3926 6126
266 279 338 334 20
1380 268 1746 331 ADVERSUS
1785 265 2187 321 NESTORIL‘M
2229 267 2356 322 LIB.
2400 268 2436 322 Ι,
3461 276 3534 326 δη

269 390 628 462 ὑποδέχεσθαι
657 390 761 459 φὴς
787 388 974 458 αὐτὴν,
1001 387 1050 440 εί
1083 389 1156 457 μὴ
1189 389 1579 451 πεπίστευκας,
1608 388 1689 440 ὅτι
1715 387 1843 438 Θεὸν

1954 384 2118 437 Deum
2151 387 2217 439 ab
2249 386 2360 454 ipsa
2406 394 2717 456 susceptum
2760 388 2914 453 dicis,
2954 403 2996 442 ει
3045 388 3187 445 illam
3227 388 3388 440 Deum
3446 407 3530 443 so.-

268 484 400 538 6ντα
433 482 574 536 κατὰ
603 481 784 548 φύσιν,
811 479 1064 532 ὲκτέτοκε
1089 479 1177 532 τὸν
1214 477 1597 550 Ἐμμανουήλ;
1632 477 1756 540 Πῶς
1785 477 1852 529 δι’

269 571 440 641 αὐτῆς
481 567 763 638 παρῆλθεν
805 569 834 621 6
863 568 984 622 τῶν..
1019 567 1156 620 ὅλων
1205 569 1512 635 Δεσπότης,
1560 569 1655 621 καὶ
1694 569 1722 620 6
1754 567 1849 636 τῆς

270 658 618 728 δικαιοσύνης
650 656 968 726 ἀνέλαμψεν
1006 655 1195 726 ἥλιος;
1240 659 1335 708 καὶ
1365 656 1486 708 τίνα
1529 659 1644 718 τοῖς
1671 654 1851 708 τοιού-

270 767 387 812 τοις
415 749 639 818 ὀνόμασι
671 745 1100 800 κατακαλλύνειν
1146 747 1350 813 ἀξιοῖς;
1398 742 1506 816 ἆρα
1540 746 1716 800 κοινὸν
1752 745 1851 816 μὲν

269 840 578 909 ἄνθρωπον,
605 838 680 900 ὡς
708 839 804 891 ἕνα
836 837 945 890 τῶν
984 837 1106 890 καθ’
1130 839 1299 907 ἡμᾶς,
1333 838 1470 908 πλὴν
1496 837 1849 908 ἡγιασμένον,

273 931 354 994 ὡς
394 931 599 984 ἐνοικον
628 931 824 1001 ἔχοντα
858 930 950 983 τὸν
977 930 1074 983 τοῦ
1100 930 1238 982 Θεοῦ
1280 929 1483 997 Λόγον;
1517 925 1648 983 Εἶτα
1677 929 1791 992 πῶς
1822 929 1852 980 6

271 1022 512 1084 τοιοῦτος
539 1021 648 1075 τῶν
689 1022 825 1074 ὅλων
854 1021 1006 1074 ἔσται
1034 1021 1330 1091 Δεσπότης,
1356 1022 1452 1072 καὶ
1475 1022 1502 1073 6
1526 1021 1624 1089 τῆς
1648 1021 1851 1073 δικαιο-

276 1111 444 1182 σύνης
479 1111 664 1182 ἦλιος;
707 1112 780 1164 T6
809 1114 920 1182 γάρ
947 1111 1231 1174 δεσπόζειν
1263 1128 1323 1163 τε
1359 1112 1454 1164 καὶ
1487 1114 1708 1182 κρατεῖν
1738 1111 1848 1164 τῶν

272 1204 413 1257 ὅλων
440 1203 722 1268 δύνασθαι,
745 1204 838 1256 καὶ
869 1202 1125 1272 φωτίζειν
1150 1202 1218 1255 τὰ
1252 1201 1440 1272 νοητὰ,
1470 1203 1669 1272 πρέποι
1693 1202 1756 1256 ἀν
1786 1203 1847 1255 οὐ

276 1294 501 1362 μέτροις
523 1295 635 1355 τοῖς
658 1292 776 1345 καθ’
800 1294 971 1363 ἡμᾶς,
993 1293 1337 1346 ἀνακείσεται
1355 1292 1411 1345 δὲ
1437 1291 1574 1363 μόνῃ
1599 1295 1664 1364 τῇ
1690 1293 1853 1363 ὑπερο

267 1382 438 1446 τάτω,
468 1383 564 1434 καὶ
596 1382 858 1436 ἀνωτάτω
887 1382 1068 1451 φύσει.

357 1474 572 1544 Ἐπειδὴ
607 1474 665 1527 δὲ
694 1473 774 1538 τὺ,
810 1491 828 1524 ι
858 1473 1104 1543 Διῆλθεν,
1127 1491 1144 1522 ο
1183 1473 1320 1536 ὅλως
1348 1473 1446 1526 οὐκ
1478 1467 1574 1525 οἵδ’
1600 1472 1720 1526 ὅθεν
1751 1471 1847 1524 λα-

269 1563 403 1625 σὼν,
432 1563 683 1625 τέθεικας
726 1563 817 1615 ἐπὶ
850 1561 1009 1625 θεοῦ,
1057 1562 1310 1630 διασάφει
1353 1561 1448 1632 τὴν
1489 1561 1633 1625 λέξιν
1653 1577 1666 1591 ·
1699 1561 1752 1614 τί
1784 1560 1846 1612 1:6

265 1653 460 1723 χρῆμα
487 1651 590 1720 τῆς
617 1650 801 1704 ἐνθάδε
833 1651 1132 1720 λεγομένης
1169 1651 1365 1715 διόδου,
1401 1651 1500 1720 τῆς
1531 1653 1629 1720 σῆς
1661 1651 1747 1718 είη
1777 1649 1844 1703 ἀν

503 1715 826 1813 ἠγνοηκόσιν
865 1715 1056 1796 είπεῖν.
1089 1715 1150 1795 Εἰ
1186 1745 1282 1812 μὲν
1313 1742 1421 1811 γὰρ
1456 1715 1603 1795 οὕτω
1630 1715 1846 1811 διῆλθεν
1878 1715 1922 1773 Β

268 1834 489 1905 αὐτὴνὸ
516 1835 611 1888 τοῦ
642 1834 779 1888 Θεοῦ
822 1835 1014 1902 Λόγος,
1051 1834 1128 1896 ὡς
1171 1836 1234 1887 ὲκ
1273 1834 1440 1886 τόπου
1481 1834 1617 1904 πρὸς
1661 1833 1848 1902 ἕτερον

275 1926 661 1995 μεταχωρῆσαι
688 1927 870 1990 τόπον,
892 1925 1118 1980 αὐτόθεν
1139 1924 1451 1995 καταϐαλῇς
1468 1943 1480 1955 ·
1504 1925 1712 1995 ἀκούσῃ
1737 1925 1847 1996 γὰρ

271 2018 521 2085 λέγοντος
547 2017 713 2072 αὑτοῦ
739 2019 824 2071 διὰ
855 2019 1036 2088 φωνῆς
1068 2017 1176 2070 τῶν
1204 2018 1376 2084 ἁγίων
1394 2034 1408 2048 ο
1446 2036 1463 2068 ι
1493 2017 1584 2086 Μὴ
1611 2017 1732 2086 οὐχὶ
1755 2016 1848 2070 τὸν

267 2108 503 2180 οὐρανὸν
536 2109 631 2161 καὶ
685 2107 782 2180 τὴν
819 2109 922 2178 γῆν
963 2109 1072 2176 έγὼ
1112 2107 1327 2180 πληρῶ,
1373 2108 1522 2176 λέγει
1553 2108 1790 2178 Κύριοςς
1824 2126 1842 2159 ι

267 2197 346 2248 Οὐ
386 2196 494 2266 γάρ
530 2196 589 2248 έν
619 2195 767 2265 τόπῳ
795 2196 856 2248 τὸ
875 2196 1050 2262 Θεῖον,
1079 2198 1172 2250 καλ⁸
1206 2197 1568 2267 μεταστάσεις
1605 2198 1706 2250 οὐκ
1739 2192 1846 2249 οἶδε

267 2290 612 2358 σωματικάς·
637 2289 835 2361 πληροῖ
859 2289 965 2360 γὰρ
987 2291 1054 2344 τὰ
1083 2291 1291 2344 πάντα·
1319 2291 1367 2342 εί
1389 2288 1468 2353 δὲ,
1498 2290 1727 2360 ἐπείπερ
1755 2290 1846 2342 τὸν

264 2379 346 2450 τῷ
379 2381 520 2450 τόκῳ
552 2381 832 2450 πρέποντα
877 2382 1204 2451 περιμείνας
1251 2381 1463 2452 καιρὸν,
1497 2381 1753 2451 σχετικὴν
1785 2383 1844 2433 ὲν

265 2471 540 2542 ἀνθρώπῳ
565 2476 660 2541 τὴν
697 2473 967 2543 ἐνοίκησιν
1003 2475 1316 2543 ἐποιήσατο,
1343 2472 1586 2526 διελάσαι
1620 2473 1726 2542 φὴς
1752 2473 1843 2526 τὸν

261 2563 401 2617 Θεὸν
425 2564 524 2634 τῆς
555 2547 715 2632 ἁγίας
753 2565 1052 2635 Παρθένον,
1087 2565 1274 2634 ⁴ῐιγονν,
1308 2564 1597 2633 παρελθεῖν
1634 2565 1804 2636 αὑτήν
1826 2583 1840 2597 ·

263 2656 608 2726 κεχρὴσομαι
641 2655 752 2726 γὰρ
800 2657 1046 2725 πανταχῆ
1093 2659 1211 2719 ταῖς
1247 2658 1416 2726 ἱεραῖς
1463 2674 1556 2708 σου
1597 2659 1840 2725 φωναῖς*

261 2747 422 2800 οὐδὲν
460 2747 569 2816 ἀρα
611 2747 674 2800 τδ
721 2748 974 2817 περιττδν
1009 2750 1066 2800 ὲν
1107 2749 1174 2818 τῇ
1216 2749 1344 2818 ἁγία
1382 2748 1644 2818 Παρθένῳ
1691 2749 1842 2818 παρὰ

261 2836 367 2899 τὰς
409 2838 578 2902 ἄλλας
607 2838 842 2910 ὁρῶμεν.
883 2838 1162 2892 Ἐκτέτοκε
1202 2840 1308 2914 γὰρ
1351 2842 1383 2909 ἠ
1425 2840 1704 2894 Ἐλισάὁετ
1753 2841 1844 2894 τὸν

263 2927 538 2999 μακάριον
569 2928 875 2999 Βαπτιστὴν
901 2929 1231 2999 ἡγιασμένον
1262 2930 1348 2984 διὰ
1375 2928 1469 2982 τοῦ
1501 2929 1837 3000 Πνεύματος,

1957 473 2190 526 cundum
2227 483 2476 527 naturam
2529 475 2704 543 ipsum
2751 475 3063 530 Emmanuel
3111 478 3384 545 peperisse
3424 493 3528 530 non

1956 564 2176 617 credis?
2203 565 2471 633 quomodo
2517 581 2610 633 per
2643 566 2786 620 illam
2817 569 3132 636 pertransiit
3163 568 3250 621 ille
3289 571 3527 621 omnium

1955 654 2237 721 Dominus,
2263 665 2317 709 et
2347 657 2424 710 sol
2456 657 2652 710 cll‘ulsit
2671 658 2927 725 justitim?
2953 659 3119 724 Quem
3148 675 3276 713 vero
3304 659 3387 712 his
3411 673 3529 711 ver-

1955 742 2042 796 bis
2075 751 2124 796 le
2150 743 2409 798 decorare
2442 747 2647 814 putas?
2680 764 2803 800 num
2838 763 3175 802 communem
3228 749 3527 809 hominem,

1956 841 2013 885 ut
2049 849 2212 886 unum
2245 833 2309 887 de
2335 836 2502 888 nostri
2537 836 2822 900 similibus,
2859 838 2952 891 sed
2996 847 3171 890 tamen
3218 839 3529 890 sanctiﬁca-

1955 931 2088 985 tum,
2124 933 2181 977 ut
2217 923 2267 977 in
2299 939 2405 991 quo
2435 925 2525 978 Dei
2554 925 2786 978 Verbum
2837 927 3208 981 inhabitaret?
3244 929 3346 982 Sed
3393 944 3526 996 quo-

1953 1015 2111 1067 modo
2141 1014 2403 1083 ejusmodi
2436 1017 2599 1070 homo
2625 1033 2804 1069 rerum
2843 1019 3082 1072 omnium
3114 1020 3368 1073 Dominus
3400 1022 3521 1080 erit,

1951 1113 2004 1156 et
2031 1105 2108 1157 sol
2131 1102 2388 1170 jusutize?
2414 1103 2548 1158 Nam
2585 1106 2850 1160 dominari
2883 1119 2936 1160 et
2975 1109 3242 1175 imperare
3275 1111 3526 1164 omnibus

1949 1203 2128 1258 posse,
2159 1201 2212 1246 et
2250 1207 2336 1246 res
2372 1209 2490 1262 quae
2525 1193 2895 1263 intelliguntur
2944 1196 3234 1258 illustrare,
3291 1214 3394 1250 non
3431 1214 3523 1251 no-

1951 1291 2076 1336 strae
2103 1299 2368 1337 mensurae
2397 1294 2500 1350 est,
2529 1287 2622 1340 sed
2680 1287 2754 1340 illi
2808 1288 2906 1341 soli
2964 1289 3426 1348 excellentissimze
3473 1301 3525 1342 et

1950 1389 2214 1444 supremae
2247 1390 2452 1433 natura:
2478 1380 2843 1434 tribuendum.

2017 1467 2135 1520 .lam
2192 1469 2315 1537 quia
2371 1471 2592 1524 verbum
2633 1489 2650 1522 ι
2680 1473 2993 1539 pertransiit
3037 1490 3054 1521 ›
3099 1475 3372 1526 undenam
3434 1489 3524 1527 ac—

1949 1556 2180 1624 ceperis,
2206 1565 2259 1611 et
2281 1558 2348 1612 de
2371 1557 2478 1612 Deo
2501 1561 2807 1627 promleris,
2825 1577 3044 1631 prorsus
3069 1563 3273 1631 ignoro,
3293 1565 3522 1630 explica,

1947 1661 2148 1714 quaeso,
2177 1647 2317 1702 hanc
2370 1648 2692 1715 dictionem,
2742 1653 2936 1720 quidve
2983 1653 3050 1706 sit
3104 1653 3188 1706 hic
3241 1656 3520 1718 transitus,

1950 1751 2107 1806 quem
2145 1739 2246 1792 hoc
2276 1738 2394 1793 loco
2440 1741 2642 1806 dixisti,
2673 1743 2774 1796 erit
2829 1744 3014 1811 utique
3071 1754 3176 1798 tua;
3229 1746 3524 1814 prudentiae

1951 1830 2154 1897 ignaris
2187 1845 2478 1900 exponere.
2510 1831 2641 1886 Nam
2689 1835 2733 1888 si
2772 1835 2844 1887 ita
2887 1851 2981 1905 per
3017 1837 3160 1890 illam
3209 1837 3419 1889 transiit
3460 1837 3524 1889 il-

1950 1919 2038 1974 lud
2072 1920 2162 1975 Dei
2216 1919 2480 1986 Verbum,
2533 1933 2594 1978 ut
2639 1938 2706 1978 ex
2741 1923 2863 1978 loco
2903 1942 3009 1981 uno
3057 1927 3122 1980 ad
3187 1927 3412 1981 alterum
3467 1942 3524 1980 se

1953 2018 2294 2084 transferret,
2334 2021 2571 2074 indidem
2601 2021 2870 2088 dejicieris
2901 2039 2915 2074 :
2947 2038 3068 2076 nam
3103 2022 3239 2077 dicet
3289 2023 3382 2076 tibi
3427 2037 3524 2089 per

1949 2124 2134 2162 vocem
2160 2121 2508 2163 sanctorum:
2548 2127 2566 2160 ι
2617 2109 2803 2164 Nonne
2849 2111 3040 2166 cmlnm
3084 2121 3138 2164 et
3181 2121 3378 2164 terrain
3425 2125 3524 2178 ego

1951 2198 2166 2268 impleo,
2199 2199 2330 2254 dicit
2359 2197 2620 2255 Dominus
2640 2199 2685 2231 “
2713 2201 2736 2253 ?
2763 2220 2781 2252 ι
2819 2200 3003 2270 Neque
3028 2202 3172 2255 enim
3207 2211 3289 2255 cst
3317 2203 3369 2253 in
3407 2201 3522 2254 loco

1909 2283 2246 2356 'Divinitas;
2294 2300 2348 2346 et
2386 2305 2582 2360 expers
2628 2301 2711 2346 est
2756 2293 3004 2359 corporei
3045 2293 3334 2358 transitus;
3401 2309 3520 2346 nam

1934 2381 2132 2452 implet
2182 2383 2427 2438 omnia:
2504 2385 2589 2438 sin
2665 2397 2846 2440 autem
2919 2387 3046 2454 quia
3105 2383 3345 2437 debitum
3405 2400 3523 2452 par-

1951 2474 2021 2526 tui
2080 2481 2290 2543 tempus
2357 2472 2703 2544 perferendo,
2770 2474 2871 2544 13
2952 2475 3232 2528 relativam
3305 2475 3357 2527 in
3427 2473 3523 2527 hu-

1947 2567 2090 2620 mine
2139 2567 2524 2622 habitationem
2599 2568 2858 2634 incoluit,
2909 2568 3028 2622 ideo
3091 2567 3257 2621 Deum
3321 2566 3522 2620 asseris

1947 2670 2255 2723 permeasse
2326 2671 2424 2725 per
2487 2666 2729 2710 sanctam
2796 2657 3071 2724 Virginem
3133 2657 3300 2725 (utar
3376 2656 3519 2708 enim

1949 2743 2148 2810 ubique
2206 2745 2314 2796 tuis
2365 2745 2536 2798 sacris
2583 2746 2864 2814 vocibus),
2914 2745 3046 2798 nihil
3093 2760 3224 2812 ergo
3264 2744 3519 2798 eximium

1949 2833 1998 2886 in
2031 2845 2219 2888 sancta
2250 2833 2470 2902 Virgine
2514 2845 2710 2903 preter
2761 2847 2990 2889 caeteras
3029 2837 3292 2889 videmus.
3351 2835 3518 2901 Pepec

1947 2925 2014 2978 rit
2048 2926 2190 2980 enim
2213 2926 2488 2979 Elisabeth
2522 2927 2736 2982 beatum
2768 2925 3061 2995 Baptistam
3094 2926 3327 2994 Spiritus
3357 2939 3520 2992 opera

257 3021 334 3076 δι’
358 3013 416 3073 οὗ
454 3021 768 3092 Πνεύματος
809 3022 904 3074 καὶ
945 3021 1107 3084 αὐτὸς
1140 3023 1167 3074 6
1200 3021 1324 3084 Υἱὸς
1371 3021 1428 3073 ὲν
1461 3024 1593 3091 ἡμῖν
1624 3022 1839 3085 αὐλίζε-

1950 3015 2361 3081 sanctificatum,
2411 3031 2507 3084 per
2555 3031 2712 3086 quem
2749 3015 3010 3085 Spiritum
3060 3015 3224 3070 etiam
3261 3015 3376 3082 ipse
3433 3011 3522 3066 Fi-

258 3130 378 3167 ται.
407 3114 514 3166 Καὶ
551 3115 892 3186 μαρτυρήσει
924 3113 1097 3182 λέγων
1124 3115 1151 3167 6
1177 3114 1338 3182 σοφὸς
1371 3115 1624 3185 Ἰωάννης
1645 3133 1657 3146 ·
1693 3134 1712 3164 ι
1755 3117 1842 3167 Ἐν

257 3205 438 3276 τούτῳ
487 3204 847 3275 γινώσκομεν,
889 3207 970 3259 ὅτι
1021 3210 1078 3259 ὲν
1125 3208 1256 3276 ἡμῖν
1297 3209 1465 3271 ἐστιν,
1509 3209 1591 3260 ἔτι
1643 3209 1706 3260 ἐκ
1749 3208 1842 3260 τοῦ

261 3295 582 3364 Πνεύματος
630 3295 794 3347 αὑτοῦ
847 3294 1044 3347 ἔδωκεν
1087 3297 1240 3364 ἡμῖν.
1269 3313 1286 3344 ι
1323 3293 1548 3363 Διῆλθεν
1597 3289 1689 3346 οὖν
1738 3294 1842 3362 ἄρα

259 3387 358 3438 καὶ
387 3383 686 3456 αὐτὴντὴν
728 3385 1007 3438 Ἐλισάϐετ
1047 3387 1076 3437 6
1115 3387 1179 3438 ὲκ
1221 3383 1354 3437 Θεοῦ
1389 3384 1581 3452 Λόγος,
1612 3387 1706 3437 καὶ
1739 3384 1845 3453 πρὸ

255 3477 362 3545 τῆς
397 3477 702 3546 γεννήσεως
747 3475 1037 3546 ένῳκηκὼς
1071 3475 1148 3546 τῷ
1197 3474 1384 3546 βρέφει
1417 3476 1504 3528 διὰ
1544 3475 1635 3529 τοῦ
1675 3476 1844 3529 Πνεύ-

263 3585 458 3638 ματος.

349 3657 486 3710 Ἀλλ’
515 3656 837 3719 ὑποπτεύεις
876 3657 966 3708 τὸν
1007 3655 1218 3726 κρότον,
1251 3657 1327 3718 ὡς
1366 3655 1501 3726 ὀρθά
1546 3673 1628 3708 σοι
1661 3655 1842 3708 λαλεῖν

255 3747 525 3819 ᾑρημένῳ
570 3747 754 3800 λοιπὸν
800 3746 1062 3813 γεγονότα
1110 3745 1256 3816 παρὰ
1297 3745 1463 3797 λαῶν.
1497 3745 1685 3798 ’Ἥλιον
1731 3745 1842 3816 γὰρ

253 3839 610 3908 δικαιοσύνης
637 3838 956 3907 ὠνόμασας,
1009 3838 1101 3889 καὶ
1126 3836 1214 3889 τὸν
1245 3837 1381 3889 ὅλων
1410 3837 1707 3906 Δεσπότην,
1752 3836 1842 3888 τὸν

256 3933 330 3984 ὲκ
371 3933 467 4002 τῆς
519 3930 677 3998 ἁγίας
725 3930 1000 4001 Παρθένου
1047 3929 1466 3996 γεγεννημένον.
1514 3922 1643 3978 Εἶτα
1683 3926 1841 3978 πάλιν

255 4023 736 4093 ἀκριϐολογεῖσθαι
769 4023 1060 4090 προσποιῇ,
1087 4021 1180 4072 καὶ
1209 4021 1298 4072 τὸν
1327 4011 1520 4089 κρότον
1547 4021 1716 4090 αἰτιᾷ.
1749 4020 1840 4073 καὶ

253 4113 553 4182 χαίροντας
585 4110 678 4162 ἐπὶ
709 4109 792 4162 σοὶ
825 4110 1055 4176 γράφεις
1091 4109 1270 4172 πάλιν,
1295 4107 1370 4172 ὡς
1403 4109 1460 4161 ού
1495 4110 1834 4179 νενοηκότας.

257 4206 328 4256 Ὢ
370 4201 573 4271 πολλῆς
609 4199 813 4270 ἰσχύος,
841 4200 875 4270 ἢ
909 4203 1023 4262 τοῖς
1061 4201 1173 4263 σοῖς
1207 4198 1379 4252 ἔνεστι
1407 4199 1614 4268 λόγοιςί
1647 4202 1706 4254 οὐ
1747 4202 1839 4270 γέο

253 4311 426 4364 γονας
469 4292 776 4362 μελληστὴς
817 4291 897 4353 εἷς
929 4307 992 4358 γε
1032 4290 1091 4342 τὸ
1129 4290 1324 4361 χρῆναι
1369 4292 1700 4345 καταλυπεῖν
1742 4294 1838 4344 αύ-

1947 3108 2050 3162 lius
2078 3109 2130 3161 in
2167 3109 2322 3163 nobis
2363 3109 2590 3174 habitat,
2624 3110 2786 3178 idque
2845 3109 3033 3164 beatus
3082 3107 3318 3161 Joannes
3354 3115 3519 3160 testa-

1947 3209 2053 3266 tur,
2080 3201 2311 3256 dicens:
2357 3220 2375 3252 ι
2412 3201 2465 3255 In
2515 3203 2614 3256 hoc
2654 3205 3032 3270 cognoscimus
3075 3202 3218 3272 quod
3270 3203 3319 3256 in
3370 3201 3523 3257 nobis

1946 3304 2047 3356 est,
2081 3292 2207 3361 quia
2241 3293 2308 3347 de
2333 3292 2536 3361 Spiritu
2574 3309 2673 3346 suo
2713 3295 2858 3348 dedit
2890 3295 3042 3349 nobis
3067 3294 3133 3349 ⁸³.
3170 3313 3186 3343 ι
3225 3294 3514 3347 Pertrans-

1947 3383 2008 3436 iit
2037 3383 2195 3453 igitur
2252 3384 2415 3438 etiam
2453 3400 2549 3454 per
2581 3385 2854 3440 Elisabeth
2903 3387 3073 3454 ipsum
3119 3387 3208 3440 Dei
3259 3385 3518 3449 Verbum,

1946 3488 2068 3528 cum
2109 3476 2270 3528 etiam
2319 3487 2445 3530 ante
2492 3477 2636 3530 illius
2671 3478 3008 3532 nativitatem
3066 3478 3116 3530 in
3177 3479 3382 3531 infante
3427 3493 3523 3546 per

1946 3566 2208 3634 Spiritum
2241 3566 2578 3622 inhabitarit.

2016 3656 2121 3710 Sed
2145 3666 2451 3724 suspectum
2492 3658 2657 3711 habes
2697 3657 2940 3728 plausnrn
2998 3657 3114 3722 tibi,
3170 3668 3225 3712 ut
3266 3659 3354 3728 qui
3407 3657 3520 3728 jam

1947 3757 2092 3802 recte
2119 3748 2264 3817 loqui
2302 3763 2565 3816 cmperas,
2615 3763 2643 3802 a
2675 3749 2871 3818 populo
2907 3748 3130 3804 factum.
3174 3749 3306 3804 Nam
3351 3749 3520 3803 solem

1938 3847 2178 3915 jnstitim,
2220 3856 2273 3900 et
2304 3847 2544 3900 omnium
2581 3845 2868 3901 Dominum
2912 3848 3214 3916 appellaras
3263 3847 3407 3899 illum
3453 3860 3518 3898 ex

1944 3948 2128 3992 sancta
2167 3935 2388 4006 Virgine
2426 3947 2633 3991 natum.
2679 3937 2807 3992 Inde
2849 3954 3038 3992 rursus
3069 3939 3317 3991 subtiiius
3361 3949 3521 4004 agere

1943 4030 2193 4094 simulas,
2243 4037 2298 4080 et
2353 4030 2595 4096 plausum
2645 4029 3016 4095 reprehendis.
3070 4038 3123 4080 et
3161 4027 3408 4079 homines
3446 4024 3519 4077 tui

1942 4133 2110 4171 causa
2145 4117 2296 4170 laetos
2329 4118 2504 4170 denuo
2537 4127 2594 4169 ut
2625 4132 2813 4184 parum
2860 4117 3220 4185 intelligentes
3272 4129 3518 4170 accusas.

1943 4211 1987 4265 Ο
2023 4225 2272 4275 magnam
2301 4210 2374 4261 tui
2405 4210 2674 4262 sermonis
2706 4209 3037 4277 potentiam!
3085 4205 3199 4260 Non
3239 4206 3344 4259 illis
3373 4216 3520 4258 certe

1945 4316 2230 4357 mmrorem
2291 4300 2512 4367 injicere
2561 4301 2842 4365 distulisti,
2883 4301 2934 4354 in
2980 4300 3179 4355 luctum
3219 4299 3363 4353 illico
3403 4314 3522 4352 ver-

255 4387 410 4446 τοὺς,
435 4385 698 4454 έστρεψας
731 4382 891 4445 εὐθὺς
919 4384 998 4444 εἰς
1039 4381 1230 4444 πένθος
1263 4381 1360 4451 τὴν
1393 4383 1589 4453 χαρὰν,
1619 4383 1839 4455 διέρῤη-

1950 4395 2056 4448 tisti
2088 4394 2363 4463 gaudium,
2407 4393 2718 4446 conscidisti
2758 4394 2996 4448 lmtitiam
3019 4433 3035 4458 ,
3066 4404 3120 4447 et
3153 4394 3433 4447 accinxisti
3469 4401 3520 4446 te

259 4475 364 4539 ξας
407 4474 504 4543 τὴν
533 4471 885 4541 εὐφροσύνην,
933 4471 1028 4525 καὶ
1057 4471 1314 4536 διέζωσας
1359 4469 1579 4538 σάκκον,
1627 4476 1838 4542 ὲπαγα-

255 4565 379 4634 γὼν
421 4562 579 4624 εὐθὺς
604 4559 751 4616 εἶτα·
782 4562 975 4633 [Πάλιν
1011 4561 1302 4614 ὑποπτεύω
1338 4562 1431 4614 τὸν
1468 4563 1681 4633 κρότον,
1720 4564 1839 4626 πῶς

253 4653 340 4715 τὸ,
379 4651 675 4720 Παρῆλθεν,
718 4651 1008 4721 ὲνοήσατε;
1041 4652 1154 4703 Οὐκ
1191 4650 1404 4721 εἴρηταί
1440 4669 1529 4720 μοι
1562 4653 1639 4717 τὸ,
1687 4649 1836 4722 Παρ-

251 4745 443 4816 ἦλθεν,
466 4743 583 4795 ἀντὶ
608 4743 720 4805 τοῦ,
747 4743 1038 4812 Ἐγεννήθη
1062 4761 1073 4774 υ
1100 4744 1158 4796 οὑ
1185 4743 1292 4812 γὰρ
1319 4743 1462 4796 οὕτω
1493 4746 1700 4813 ταχέως
1729 4747 1840 4797 ἐπι-

253 4835 595 4905 λανθάνομαι
621 4837 726 4889 τῶν
761 4837 925 4889 ἰδίων.
950 4836 1022 4886 Τὸ
1052 4835 1338 4905 παρελθεῖν
1367 4836 1458 4888 τὸν
1487 4837 1618 4888 Θεὸν
1648 4839 1710 4888 ὲκ
1740 4839 1838 4906 τῆς

254 4929 623 5000 Χριστοτόκου
682 4928 980 4997 Παρθένου,
1015 4931 1166 4998 παρὰ
1215 4929 1314 4998 τῆς
1353 4927 1504 4989 θείας
1554 4929 1835 4997 ἐδιδάχθην

256 5017 521 5089 Γραφῆςο
565 5017 625 5069 τὸ
649 5017 705 5068 δὲ
749 5017 1078 5086 γεννηθῆναι
1109 5017 1241 5070 θεὸν
1277 5017 1336 5082 ἐξ
1377 5017 1566 5087 αὐτῆς,
1599 5019 1835 5088 οὐδαμοῦ

256 5106 592 5177 έδιδάχθην.]
620 5105 828 5158 Οὐκοῦν
854 5106 922 5158 σὰ
959 5108 1055 5176 μὲν
1078 5104 1217 5160 εἶναι
1247 5110 1428 5161 ἐκεῖνα
1454 5108 1522 5161 τὰ
1555 5108 1838 5180 διεστραμ-

263 5199 400 5267 μένα
435 5213 447 5224 ·
510 5197 591 5264 τῷ
652 5213 713 5263 γε
784 5195 888 5265 μὴν
930 5198 984 5249 ὲν
1056 5198 1315 5266 ὑποψίαις
1376 5197 1666 5268 ὀρθότητος
1746 5200 1835 5251 τὸν

258 5289 349 5339 σὺν
383 5285 714 5356 γεγενῆσθαι
744 5285 889 5348 νοῦν,
915 5288 944 5338 6
984 5284 1041 5348 ἐξ
1084 5287 1304 5357 ἀγάπης
1341 5291 1549 5360 κρότος.

339 5379 703 5447 Ἐνστήσομαι
722 5377 778 5429 δὲ
801 5378 894 5430 καὶ
921 5376 1014 5429 νῦν
1040 5377 1190 5430 οὐδὲν
1213 5374 1396 5450 ἦττον,
1419 5384 1594 5435 ὲκεῖνο
1631 5382 1832 5450 λέγων·
1868 5400 1878 5407 ‘

257 5470 319 5522 ΤΞ
345 5470 427 5533 τὸ,
451 5467 753 5536 Παρῆλθεν,
773 5469 940 5533 ἐστὶν,
961 5471 1007 5522 εἰ
1030 5469 1104 5540 μὴ
1123 5471 1272 5540 δηλοί
1285 5472 1381 5543 τὴν
1397 5473 1670 5545 γέννησιν;
1689 5471 1836 5545 τΑρα

331 5648 372 5676 δ’
409 5645 615 5698 .lnrcm.
655 5665 801 5718 mn,
837 5655 926 5707 24.
1008 5656 1050 5687 ⁸³
1081 5656 1095 5708 Ι
1129 5656 1280 5713 10311-
1320 5673 1391 5725 ιν»
1432 5659 1512 5711 ίδο

1940 4500 2097 4538 sacco
2132 4484 2198 4548 “,
2244 4499 2362 4537 cum
2407 4497 2530 4536 mox
2574 4484 2825 4537 addidisti
2866 4503 2877 4536 :
2916 4483 3171 4552 [Rursum
3210 4492 3515 4548 suspectqu

1941 4576 2113 4629 habeo
2145 4577 2408 4642 plausum.
2446 4574 2725 4637 Quomodo
2777 4575 3000 4626 verbum
3049 4573 3198 4633 illud,
3245 4582 3518 4641 pertrans-

1942 4666 2034 4728 iit,
2093 4663 2481 4718 intellexistis?
2532 4662 2648 4715 Nun
2703 4663 2836 4728 dixi,
2903 4663 3244 4731 pertransiit,
3313 4678 3408 4732 pro
3453 4678 3518 4716 eo

1942 4758 2084 4826 quod
2125 4763 2226 4819 est,
2275 4755 2487 4823 genitus
2522 4763 2648 4806 est:
2693 4769 2796 4805 non
2854 4755 2998 4810 enim
3054 4755 3124 4808 ita
3173 4755 3328 4808 facile
3387 4771 3517 4808 mea)

1945 4845 2224 4900 sententia:
2253 4844 2566 4898 obliviscor.
2609 4842 2971 4900 Pertransisse
3013 4847 3175 4899 Deum
3213 4861 3276 4899 ex
3316 4846 3517 4900 Christi

1946 4936 2207 5004 genitrice
2252 4932 2417 4986 Maria
2463 4933 2624 4987 didici
2677 4948 2741 4987 ex
2799 4935 2968 4988 sacris
3004 4935 3259 5000 Litteris;
3307 4952 3365 4987 ex
3405 4936 3515 5001 ipsa

1945 5026 2180 5093 genitum
2217 5040 2478 5093 nusquam
2521 5024 2740 5096 didici.]
2787 5027 2926 5094 Ergo
2973 5038 3059 5079 tua
3098 5043 3217 5080 esse
3258 5028 3342 5078 illa
3393 5041 3517 5093 per-

1945 5130 2098 5168 verse
2124 5115 2265 5167 dicta
2303 5124 2508 5167 certum
2545 5123 2628 5169 est
2667 5130 2680 5165 ι
2717 5129 2781 5168 ex
2809 5132 2872 5169 eo
2908 5125 3084 5168 autem
3121 5116 3261 5183 quod
3297 5124 3348 5164 te
3375 5124 3520 5165 recte

1946 5207 2147 5259 sentire
2176 5204 2406 5272 cmpisse
2439 5205 2898 5274 StISpicabantur,
2929 5206 3016 5258 ille
3045 5205 3255 5258 exstitit
3287 5217 3352 5256 ex
3385 5202 3518 5255 cha-

1947 5297 2112 5350 rilate
2146 5298 2386 5366 plausus.

2018 5387 2123 5442 Sed
2176 5388 2390 5442 instabo
2448 5403 2591 5442 nunc
2637 5403 2853 5458 quoque
2906 5386 3280 5452 nihilominus,
3316 5401 3379 5440 ac
3434 5401 3520 5441 ro-

1937 5464 2121 5545 gabo:
2180 5475 2444 5540 Quidnam
2479 5485 2598 5539 esl,
2642 5478 2968 5543 perlrausiit,
3015 5477 3060 5530 si
3109 5477 3514 5546 generationem

1569 5657 1635 5696 ολδ
1675 5654 1816 5712 Psal.
1852 5672 1998 5724 xxix,
2030 5656 2118 5722 12,
2163 5658 2243 5710 15.
