3926 6126
234 277 304 331 '53
1362 266 1732 323 ΑυιἘιιευε
1767 264 2169 322 NESTORIUM
2202 263 2330 319 LIB.
2375 263 2415 320 l.
3432 271 3500 326 δι

238 387 314 440 υύ
340 385 450 459 γάρ
476 402 579 439 που
601 385 683 448 τὸ,
705 386 762 438 ἐν
780 378 824 452 ᾧ
842 384 923 448 τίς
951 383 1120 446 ἐστιν,
1143 381 1316 453 ὁρῷτο
1339 382 1424 448 ἂν,
1447 378 1621 454 οἶμαι,
1651 400 1820 453 προσ-

1940 396 2062 448 ιιιιιι,
2095 391 2154 436 ιιι
2184 380 2477 451 Scriptura:
2521 380 2753 436 tradunt.
2797 380 2980 451 Neque
3017 385 3161 440 enim
3200 387 3253 443 id
3299 389 3350 443 in
3392 405 3500 460 quo

237 470 452 529 lamin“
480 477 529 529 εί
560 475 618 528 δὲ
649 475 714 545 δὴ
750 473 960 542 γένοιτό
997 490 1112 535 πως
1145 475 1203 525 ἐν
1243 469 1325 536 οἷς
1364 473 1462 526 οὐκ
1506 475 1562 525 ἐν
1601 474 1817 544 ἀρχαῖς,

240 566 756 639 κεκαινουργεῖσθαί
785 584 837 619 τι
869 565 996 636 περὶ
1019 565 1180 618 αὑτὸν
1206 563 1492 630 ἐκδείξειεν
1518 563 1583 616 ἂν
1606 565 1635 617 6
1666 564 1822 632 λόγος

242 659 428 722 εὐθύς.
462 658 669 713 Οὐκοῦν
701 649 909 728 ἀμαθὲς
940 657 999 710 τὸ
1035 655 1448 725 ἐνανθρωπῆσαι
1497 654 1694 722 λέγειν,
1730 655 1822 707 καὶ⁵

247 752 430 822 σάρκα
473 750 726 820 γενέσθαι
762 747 886 802 τινὰ
933 747 1041 800 τῶν
1093 746 1388 799 τελούντων
1422 746 1479 797 ἐν
1524 748 1678 815 ἡμῖν,
1730 745 1824 798 καὶ

246 845 374 907 τοὺς
407 842 501 912 τῆς
534 839 954 911 ἀνθρωπότητος
994 839 1154 907 ὅρους
1203 836 1574 907 ἐκϐεὸηκότα·
1624 836 1825 907 πρέποι

247 934 295 988 δ’
330 934 416 997 ἂν,
449 934 543 987 καὶ
591 932 737 1003 μάλα
784 931 1026 994 εἰκότως,
1068 931 1101 999 ἡ
1134 928 1562 999 ἐνανθρώπησις,
1594 929 1760 1000 ἧγουν
1791 931 1825 1000 ἠ

250 1027 551 1096 σάρκωσις,
582 1027 648 1094 τῇ
682 1022 782 1092 τῆς
814 1020 1230 1092 ἀνθρωπότητος
1262 1020 1516 1072 ἐπέκεινα
1551 1019 1726 1087 φύσει.
1764 1020 1826 1071 Εἰ

249 1116 311 1169 δὲ
351 1113 770 1187 ἐνηνθρώπησεν
801 1111 1035 1182 άληθῶς,
1069 1110 1386 1197 καὶ-γέγονε
1424 1109 1577 1179 σὰρξ,
1622 1109 1843 1179 ἀνορωε

251 1223 356 1270 πος
383 1206 445 1277 δή
477 1223 580 1258 που
604 1203 842 1259 νοεῖσθαι
877 1194 1258 1265 πεπίστευται,
1289 1201 1384 1254 καὶ
1413 1194 1511 1253 οὗκ
1556 1198 1827 1271 ἀνθρώπῳ

250 1296 362 1348 τινὶ
390 1294 757 1366 συνημμένος,
797 1292 938 1346 κατὰ
966 1293 1137 1361 μόνην
1183 1292 1279 1361 τὴν
1315 1290 1605 1360 ἐνοίκησιν,
1635 1291 1824 1360 ἡγουν,

252 1386 398 1440 κατά
446 1403 565 1439 τινα
618 1384 728 1438 τῶν
781 1382 977 1447 ἔξωθεν
1026 1382 1163 1452 ἔχων
1209 1380 1320 1452 [ῖσ.
1371 1378 1653 1450 σχέσεων],
1708 1380 1827 1450 ἦτοι

254 1478 574 1545 συνάφειαν,
608 1475 683 1538 ὡς
712 1477 775 1527 σὺ
811 1475 936 1543 φής.
972 1472 1116 1543 Πλὴν
1159 1474 1207 1524 εἰ
1234 1472 1325 1523 καὶ
1355 1471 1573 1538 γέγονεν
1617 1471 1829 1540 ἀνθρω-

252 1586 378 1633 πος,
416 1566 786 1636 ἀναπόϐλητον
816 1565 927 1634 ἔχει
973 1564 1034 1616 τὸ
1074 1558 1212 1615 εἶναι
1247 1562 1397 1625 Θεὸς.
1448 1561 1583 1614 Οὔτε
1625 1560 1682 1613 δὲ
1729 1561 1829 1630 τῆς

255 1658 462 1728 σαρκὸς
495 1660 574 1721 είς
617 1657 715 1727 τὴν
752 1656 848 1726 τῆς
884 1654 1133 1724 θεότητος
1167 1652 1326 1721 φύσιν
1362 1651 1613 1720 γενέσθαι
1650 1651 1829 1720 φαμὲν

1926 482 2029 539 εει,
2058 488 2334 528 assumere
2354 472 2637 542 quisquam
2670 474 2947 528 cernitur:
2981 478 3076 531 sed
3108 479 3156 533 si
3192 494 3253 534 ea
3296 494 3496 549 sumat,

1927 567 1978 620 in
2006 565 2201 635 quibus
2239 574 2397 618 antea
2432 578 2537 618 non
2568 575 2705 632 erat,
2749 566 2950 636 aliquid
2981 568 3123 622 circa
3159 570 3334 638 ipsum
3379 587 3500 627 esse

1926 655 2237 710 innovatum
2261 656 2443 710 statim
2485 656 2664 711 verbis
2703 659 2896 728 exponi
2934 658 3036 728 15
3078 663 3296 729 poterit.
3328 661 3501 732 Igitur

1926 746 2147 801 stultum
2176 746 2247 800 sit
2283 746 2554 801 hominem
2578 746 2780 801 factum
2815 748 2997 802 dicere
3033 760 3126 802 aut
3156 751 3497 807 incarnatum

1928 836 2160 901 aliquem
2207 850 2274 890 ex
2314 845 2500 891 nostro
2555 853 2802 902 numero,
2853 849 2909 894 et
2967 842 3101 895 lines
3146 842 3500 899 humanitatis

1928 930 2268 982 excessisse:
2304 929 2397 982 sed
2433 928 2547 982 ﬁeri
2593 929 2892 997 hominem,
2924 932 3009 986 vel
3040 933 3335 1001 incarnari,
3370 951 3502 989 con-

1926 1019 2332 1074 venientissime
2364 1019 2417 1073 in
2446 1030 2691 1073 naturam
2721 1022 2884 1086 cadit,
2911 1038 3029 1091 quae
3065 1025 3205 1080 ultra
3242 1027 3375 1082 lines
3402 1030 3505 1082 hu-

1928 1108 2203 1162 manitatis
2237 1108 2507 1185 consistit.
2539 1109 2691 1176 Quod
2737 1111 2783 1163 si
2827 1126 2950 1167 vere
2996 1113 3159 1168 homo
3199 1117 3377 1173 factus
3421 1130 3504 1174 est

1924 1209 1980 1254 ει
2004 1213 2153 1263 caro,
2185 1200 2370 1269 procul
2400 1198 2565 1255 dubio
2610 1202 2879 1257 hominem
2931 1218 3050 1259 esse
3095 1205 3503 1278 intelligendum

1931 1290 2036 1344 tide
2065 1300 2343 1359 receptum
2380 1298 2483 1354 est,
2512 1305 2619 1344 non
2652 1292 2855 1346 homini
2905 1294 3121 1348 cuidam
3154 1298 3504 1366 conjunctum

1930 1396 2023 1448 per
2051 1380 2221 1435 solam
2261 1381 2740 1447 inhabitationem,
2786 1386 2866 1439 vel
2906 1400 3001 1455 per
3040 1387 3279 1458 aliquam
3322 1400 3507 1445 exter-

1932 1487 2053 1524 nam
2085 1472 2475 1537 habitudinem,
2502 1488 2619 1539 seu,
2650 1486 2708 1527 ut
2750 1485 2805 1528 tu
2836 1476 2995 1541 dicis,
3037 1480 3500 1549 conjunctionem.

1930 1563 2315 1619 Verumtamen
2340 1565 2552 1619 etiamsi
2590 1565 2763 1621 factus
2811 1576 2894 1622 est
2933 1569 3115 1635 homo,
3149 1589 3253 1627 non
3309 1577 3507 1634 desinit

1932 1672 2051 1711 esse
2074 1655 2237 1711 Deus.
2273 1656 2461 1726 Neque
2488 1673 2614 1713 vero
2643 1674 2861 1714 carnem
2899 1661 2950 1716 in
2978 1661 3072 1717 Dei
3101 1677 3353 1721 naturam
3382 1686 3505 1726 esse

257 1748 584 1818 μεταϐολὴν,
633 1746 913 1817 ἡγούμεθα
960 1745 1014 1797 δὲ
1063 1744 1158 1797 καὶ
1200 1744 1260 1796 τὸ
1304 1742 1537 1812 ἔμπαλιν
1581 1742 1678 1811 οὐχ
1725 1735 1828 1795 ὦδε

1940 1759 2195 1804 mutatam
2224 1749 2473 1817 dicimus,
2515 1765 2690 1820 neque
2734 1755 3158 1817 econtrariosic
3203 1773 3263 1813 se
3302 1759 3508 1819 habere

256 1837 431 1908 ἔχειν’
482 1837 759 1908 μεμένηκε
808 1836 915 1905 γάρ
949 1836 982 1905 ἡ
1020 1833 1113 1885 τοῦ
1153 1833 1325 1900 Λόγου
1352 1832 1492 1885 τοῦθ’
1521 1832 1657 1903 ὅπερ
1690 1833 1824 1897 ἐστὶ,

260 1931 351 1983 καὶ
382 1929 645 1983 ἐνωθείσα
696 1927 877 1997 σαρκί.
910 1924 1118 1979 Οὐκοῦν
1153 1925 1189 1979 ἃ
1242 1924 1428 1995 μηδεὶς
1474 1924 1577 1978 κᾶν
1609 1922 1738 1992 γοῦν
1771 1926 1829 1977 ἐν

257 2021 438 2091 ψιλαῖς
484 2020 714 2081 ἐννοίαις
759 2020 973 2089 φρονεῖν
1018 2015 1178 2081 ἀξιοῖ,
1211 2016 1299 2069 διὰ
1329 2015 1485 2068 ποίαν
1533 2015 1710 2067 αἰτίαν
1756 2014 1830 2077 ὡς

254 2111 477 2183 άληθῶς
509 2111 771 2183 εἰρημένα
806 2109 974 2173 τιθεὶς
1008 2111 1066 2162 ἐν
1092 2111 1205 2173 τοῖς
1253 2108 1444 2162 ἑαυτοῦ
1498 2109 1694 2176 λόγοις,
1722 2109 1832 2169 τοῖς

257 2206 361 2276 τῆς
393 2205 671 2267 εύσεὸείας
702 2205 932 2274 δόγμασι
965 2202 1243 2257 συναθλεῖν
1275 2204 1575 2273 ὑποκρίνῃ
1616 2203 1689 2253 Τὸ
1733 2201 1832 2270 μὲν

261 2296 371 2366 γὰρ
420 2295 519 2365 τῆς
569 2295 815 2365 κράσεως
849 2294 1039 2364 ὄνομα,
1073 2285 1350 2345 τεθείκασί
1397 2310 1540 2356 τινες
1587 2291 1683 2344 καὶ
1725 2290 1832 2343 τῶν

260 2386 433 2455 ἁγίων
475 2366 766 2457 Πατέρων·
818 2383 1006 2455 ἐπειδὴ
1045 2383 1276 2437 δεδιέναι
1307 2384 1437 2455 φὴς,
1482 2385 1556 2454 μὴ
1603 2382 1709 2453 ἄρα
1749 2398 1834 2444 τις

258 2479 523 2548 ἀνάχυσις
551 2477 821 2548 συμϐῆναι
854 2475 1108 2547 νομισθῇ,
1155 2474 1405 2545 καθάπερ
1445 2477 1504 2528 ἐν
1531 2474 1680 2539 τάξει
1724 2472 1834 2526 τῶν

263 2570 518 2640 ἀλληλοις
597 2568 1057 2639 συγκεκραμένων
1112 2566 1330 2637 ὑγρῶν,
1393 2565 1719 2620 ἀπαλλάττω
1774 2581 1833 2617 σε

260 2662 571 2732 δειμάτωνο
607 2664 977 2734 πεφρονήκασι
1008 2660 1116 2731 γὰρ
1158 2661 1255 2730 οὐχ
1305 2653 1441 2714 ὧδε’
1492 2659 1689 2723 πόθεν;
1738 2675 1837 2711 κα-

261 2753 631 2822 τακέχρηνται
659 2753 716 2804 δὲ
758 2755 823 2823 τῇ
868 2751 1033 2817 λέξει,
1058 2752 1156 2819 τὴν
1183 2754 1261 2813 είς
1302 2751 1470 2821 ἀκρον
1507 2749 1699 2803 ’ἐνωσιν
1730 2748 1836 2801 τῶν

264 2844 524 2914 ἀλληλοις
576 2842 995 2912 συμϐεϐηκότων
1044 2841 1373 2913 καταδηλοῦν
1426 2840 1833 2904 σπουδάζοντες.

260 2934 551 3005 Συμόἦναι
600 2934 655 2987 δέ
700 2950 878 3003 φαμεν
929 2933 1050 2987 καθ’
1091 2934 1282 2987 ἕνωσιν
1323 2934 1708 2995 ἀδιάσπαστον,
1745 2933 1837 2985 καὶ

262 3026 638 3091 ἀναλλοιώτως
676 3027 921 3098 ἔχουσαν,
976 3029 1040 3097 τῇ
1084 3026 1189 3097 ἰδίᾳ
1238 3028 1403 3098 σαρκὶ
1450 3027 1541 3080 τὸν
1584 3029 1648 3080 ἐκ
1698 3026 1833 3080 Θεοῦ
1862 3067 1904 3123 C

256 3120 459 3189 Λόγον.
509 3119 824 3190 Εὑρὴσομεν
870 3118 928 3171 δὲ
982 3118 1076 3171 καὶ
1124 3117 1291 3189 αὐτὴν
1331 3119 1429 3188 τὴν
1480 3117 1835 3172 θεόπνευστον

264 3211 507 3282 Γραφὴν,
556 3211 616 3264 οὐ
653 3210 852 3281 σφόδρα
885 3209 983 3280 τὴν
1026 3207 1171 3273 λέξιν
1215 3208 1711 3272 ἐκδασανίζουσαν·
1756 3225 1839 3261 τις

264 3303 453 3356 θεῖσαν
501 3301 556 3354 δὲ
606 3300 803 3370 μᾶλλον
852 3299 927 3361 ὡς
970 3301 1029 3352 ἐν
1083 3299 1436 3371 καταχρήσει,
1485 3300 1578 3351 καὶ
1628 3297 1834 3361 ἁπλῶς.

263 3393 516 3464 Γέγραφε
544 3391 673 3460 γοῦν
702 3396 729 3445 6
755 3391 1038 3454 θεσπέσιος
1057 3388 1265 3452 Παῦλος
1296 3390 1421 3461 περί
1453 3406 1630 3442 τινωνσ
1658 3409 1675 3439 ι
1700 3388 1836 3440 Ἀλλ’

258 3485 367 3537 οὐκ
414 3483 693 3554 ὠφέλησεν
722 3485 749 3536 6
781 3482 936 3554 λόγος
968 3482 1065 3551 τῆς
1094 3482 1262 3553 ἀκοῆς
1293 3482 1555 3544 ἐκείνους,
1590 3479 1666 3550 μὴ
1710 3495 1839 3546 συγ-

263 3576 643 3646 κεκραμένους
692 3578 759 3646 τῇ
830 3575 1011 3627 πίστει
1061 3576 1171 3636 τοῖς
1237 3572 1553 3627 ἀκούσασιν.
1619 3591 1637 3622 ι
1694 3568 1839 3640 τΑροι

260 3667 378 3738 γὰρ
408 3666 629 3736 ἔμελλον
664 3667 804 3719 κατά
847 3665 940 3719 τὸν
968 3663 1058 3717 σὺν
1106 3665 1306 3735 τρόπον
1344 3662 1840 3733 συνανακιρνᾶσθαί

261 3776 330 3813 τε
363 3758 628 3827 ἀλλήλοις,
678 3757 930 3828 καθάπερ
976 3756 1165 3825 ἀμέλει
1207 3756 1300 3808 καὶ
1345 3749 1484 3816 οϊνος
1525 3752 1695 3815 ὕδατι,
1748 3754 1842 3805 καὶ

265 3851 528 3922 ἀνάχυσίν
558 3867 678 3902 τινα
715 3849 822 3901 τῶν
853 3848 1199 3901 ὑποστάσεων
1226 3844 1322 3916 τὴν
1356 3847 1437 3908 είς
1478 3843 1712 3913 ἀλλήλας
1742 3860 1843 3895 πα-

266 3944 405 4006 θεῖν,
440 3942 488 3994 οί
524 3941 651 4010 περὶ
696 3933 770 3991 ὧν
811 3941 839 3991 6
880 3937 1058 4004 λόγος,
1095 3935 1127 4006 ἢ
1163 3935 1360 4005 μᾶλλον
1412 3930 1663 3985 ἐνοῦοθαι
1704 3931 1843 3985 κατά

219 4055 227 4061 ·
262 4032 470 4103 ψυχὴν,
496 4030 638 4082 κοιτὰ
671 4044 736 4097 γε
764 4027 824 4080 τὸ
850 4028 907 4079 ἐν
931 4029 1051 4089 ταῖς
1082 4025 1352 4089 Πράξεσιν
1378 4021 1484 4073 τῶν
1510 4019 1675 4089 ἁγίων
1710 4021 1843 4074 ἀποο

264 4124 477 4178 στόλων
512 4118 929 4188 γεγραμμένον,
958 4118 1038 4169 ὅτι
1082 4115 1175 4167 τοῦ
1212 4113 1445 4184 πλήθους
1474 4111 1581 4164 τῶν
1620 4129 1841 4166 πιστευ-

266 4215 487 4269 σάντων
517 4206 585 4280 ἦν
612 4210 644 4278 ἡ
676 4206 896 4277 καρδία,
937 4208 1029 4257 καὶ
1065 4206 1096 4274 ή
1122 4203 1265 4274 ψυχὴ
1295 4204 1426 4273 μία;
1471 4203 1631 4268 Ἀλλ’,
1666 4202 1840 4275 οἶμαι,

264 4305 429 4361 τοῦτό
458 4307 606 4356 ἐστιν
648 4299 867 4369 ἀληθὲς,
902 4299 934 4368 ἤ
968 4299 1160 4349 ἐκεῖνο.
1203 4297 1345 4362 Ἐξω
1375 4295 1439 4366 δὴ
1469 4293 1561 4351 οῦν
1591 4298 1697 4349 τῶν
1747 4296 1841 4349 ἐπὶ

260 4396 481 4458 τούτοις
513 4393 604 4446 ἔσο
634 4390 936 4462 δειμάτων’
974 4387 1218 4458 ἀσφαλὴς
1243 4388 1348 4457 γὰρ
1379 4387 1496 4441 λίαν
1529 4388 1637 4440 τῶν
1670 4389 1839 4457 ἁγίων
1872 4399 1918 4456 D

266 4491 300 4542 ὁ
336 4480 480 4547 νοῦς.

361 4574 575 4642 Ἐπειδὴ
606 4573 662 4626 δὲ
693 4573 750 4626 τὸ
775 4571 1192 4642 ἐνανθρωπῆσαι
1224 4570 1401 4637 λέγειν
1422 4570 1519 4639 τὴν
1546 4568 1640 4621 τοῦ
1672 4569 1843 4637 Λόγου

265 4668 462 4740 φύσιν,
498 4665 646 4718 ούδέν
682 4665 889 4736 ἕτερον,
923 4661 1098 4732 οἶμαι,
1126 4663 1295 4723 ἐστὶν,
1332 4661 1364 4731 ἣ
1397 4663 1569 4713 ἐκεῖνο
1605 4663 1842 4730 φρονεῖν,

263 4765 360 4814 ὅτι
402 4757 617 4826 γέγονεν
648 4758 951 4826 ἄνθρωπος,
986 4755 1079 4808 καὶ
1127 4755 1189 4805 οὐ
1228 4754 1349 4822 δίχα
1397 4755 1703 4824 γεννήσεως
1747 4753 1847 4821 τῆς

267 4857 340 4906 ἐκ
366 4849 636 4919 γυναικὸς,
689 4847 890 4918 ταύτην
928 4846 1035 4915 γὰρ
1091 4841 1197 4897 οἶδε
1250 4845 1341 4896 καὶ
1381 4844 1547 4915 μόνην
1591 4845 1688 4909 τὴν
1727 4845 1843 4897 ὁδὸν

265 4942 383 4996 τῶν
427 4940 777 5011 ἀνθρωπίνων
810 4938 1077 5006 σωμάτων
1109 4938 1142 5006 ἡ
1176 4936 1358 5004 φύσις,
1399 4937 1514 4998 πῶς
1540 4935 1637 4988 οὐκ
1671 4935 1845 4988 ἐδιδά-

264 5036 409 5108 χθης
432 5034 529 5104 τὴν
560 5031 702 5086 κατὰ
727 5031 902 5100 σάρκα
931 5029 1179 5098 γέννησιν
1206 5027 1300 5079 τοῦ
1334 5026 1668 5094 Μονογενοῦς
1694 5044 1766 5078 πα
1777 5027 1843 5095 pit

264 5130 371 5198 τῆς
416 5123 777 5177 θεοπνεύστου
822 5120 1077 5190 Γραφῆς;
1124 5118 1319 5172 Καίτοι
1356 5117 1448 5169 καὶ
1497 5116 1679 5179 αὐτὸς,
1712 5133 1843 5186 προ-

266 5216 539 5287 κειμένων
580 5213 663 5266 σοί
706 5229 835 5266 ποτε
873 5210 1226 5282 προφητικῶν
1273 5209 1732 5277 ἀναγνωσμάτων,
1761 5209 1841 5260 ὅτι

275 5329 294 5360 ι
327 5307 548 5362 Παιδίον
599 5303 861 5374 ἐγεννήθη
914 5304 1064 5371 ἡμῖν,
1108 5301 1220 5363 υἱὸς
1281 5300 1379 5353 καὶ
1406 5297 1561 5368 ἐδόθη
1617 5300 1775 5367 ἡμῖν,
1821 5316 1838 5346 ›

269 5399 404 5468 περὶ
433 5396 527 5450 τοῦ
556 5394 834 5466 τεχθέντος
864 5393 1073 5445 παιδίου
1100 5390 1277 5444 τοιάδε
1316 5389 1437 5441 τινὰ
1464 5389 1569 5457 φής
1594 5404 1605 5414 ·
1630 5406 1648 5438 ι
1687 5388 1846 5453 Μέγα

265 5486 368 5542 τοῦ
399 5484 577 5555 δώρου
619 5483 681 5536 τὸ
717 5483 1009 5554 μυστήριον
1031 5496 1043 5509 ο
1078 5478 1231 5532 τοῦτο
1264 5477 1372 5547 γὰρ
1419 5476 1478 5528 τὸ
1518 5475 1845 5544 βλεπόμε.ον

343 5668 393 5700 ⁵³
432 5663 599 5719 llebr.
631 5677 702 5729 tv,
732 5663 785 5716 :2.

868 5662 908 5694 ⁸³
935 5662 1053 5716 Act.
1092 5675 1165 5727 tv,
1192 5660 1280 5715 5'2.
1360 5660 1405 5692 ⁸ο
1441 5658 1544 5714 lsa.
1573 5674 1647 5727 Ix,
1676 5660 1728 5713 li.

1930 1856 2235 1898 censemus.
2265 1841 2461 1897 Mansit
2494 1844 2638 1897 enim
2668 1842 2828 1898 Verbi
2860 1857 3053 1903 natura
3097 1850 3327 1918 idipsum
3358 1858 3505 1924 quod

1932 1943 2034 2000 est,
2067 1934 2228 1988 etiam
2254 1935 2402 1989 unita
2424 1936 2597 1990 carni.
2634 1935 2798 2007 Igitur
2830 1954 2947 2006 qua:
2973 1956 3133 1997 nemo
3156 1958 3233 2001 ne
3253 1943 3356 2000 levi
3383 1948 3505 2016 qni-

1933 2025 2053 2079 dem
2080 2024 2409 2092 cogitatione
2455 2026 2734 2081 sentienda
2764 2040 2967 2095 censet,
2999 2046 3060 2085 ea
3101 2047 3206 2101 qua
3234 2034 3299 2089 de
3339 2051 3503 2094 causa

1936 2127 2187 2184 tanquam
2215 2130 2275 2170 re
2303 2131 2430 2171 vera
2463 2119 2606 2172 dicta
2636 2134 2758 2172 cum
2798 2121 2852 2174 in
2892 2125 3380 2191 tuissermonibus
3408 2144 3506 2199 po-

1934 2206 2128 2271 sueris,
2144 2220 2242 2274 pro
2262 2205 2477 2274 pietatis
2496 2206 2833 2276 dogmatibus
2852 2220 2904 2263 te
2931 2212 3211 2268 decertare
3239 2216 3505 2273 simulas!

1933 2299 2066 2353 Nam
2124 2299 2394 2353 mistionis
2449 2314 2645 2354 nomen
2696 2312 2994 2369 posuerunt
3044 2307 3285 2361 nonnulli
3337 2310 3504 2366 etiam

1933 2394 2102 2450 sancti
2132 2393 2317 2448 Patres
2353 2410 2367 2445 :
2411 2393 2505 2449 sed
2546 2394 2672 2463 quia
2726 2405 2966 2457 metuere
2996 2406 3048 2454 te
3080 2400 3239 2465 dicis,
3280 2418 3350 2458 ne
3397 2420 3504 2475 qua

1934 2485 2177 2539 conlusio
2218 2484 2514 2555 contigisse
2553 2485 2911 2554 existimetur,
2951 2488 3018 2542 ad
3060 2490 3232 2545 instar
3272 2492 3507 2563 liquido-

1935 2588 2056 2625 rum
2092 2586 2211 2640 quae
2248 2572 2392 2626 inter
2429 2587 2489 2626 se
2526 2583 2711 2628 mutuo
2741 2576 3196 2647 commiscentur;
3246 2581 3419 2637 libero
3453 2594 3508 2640 te

1937 2663 2038 2716 hoc
2070 2674 2211 2716 metu
2240 2680 2252 2716 :
2283 2680 2388 2717 non
2423 2664 2503 2719 sic
2537 2666 2613 2719 illi
2657 2679 2982 2737 senserunt;
3017 2672 3279 2729 minime:
3317 2676 3409 2729 sed
3440 2692 3506 2731 ea

1940 2766 2066 2806 voce
2087 2760 2212 2806 sunt
2241 2755 2417 2816 abusi,
2448 2769 2574 2808 cum
2608 2770 2872 2810 summam
2898 2761 3150 2816 unionem
3195 2780 3376 2819 rerum
3419 2768 3507 2820 in-

1941 2855 2020 2899 ter
2052 2860 2108 2898 se
2139 2844 2574 2899 convenientium
2620 2851 2908 2901 ostendere
2951 2852 3252 2907 studerent.
3289 2855 3506 2911 Conve-

1941 2936 2084 3009 nis_se
2121 2945 2300 2988 autem
2336 2934 2568 2989 dicimus
2605 2950 2725 2989 cum
2772 2938 2986 3006 propria
3035 2955 3201 2995 carne
3240 2943 3332 2998 Dei
3380 2945 3510 3000 Ver-

1941 3026 2064 3078 bum
2114 3026 2315 3079 unione
2368 3025 2717 3094 inseparabili
2754 3037 2920 3095 atque
2964 3029 3306 3087 immutabili.
3362 3035 3507 3102 lpsas

1940 3130 2154 3183 quoque
2185 3128 2372 3169 sacras
2411 3113 2643 3170 Litteras
2685 3116 3021 3174 inveniemus
3072 3136 3177 3177 non
3220 3124 3509 3181 admodum

1941 3207 2100 3261 anxie
2132 3206 2231 3260 hac
2262 3221 2394 3261 voce
2433 3223 2579 3274 usas,
2608 3209 2702 3263 sed
2735 3210 2958 3267 abusive
2989 3214 3169 3282 potius
3213 3230 3277 3270 ac
3305 3218 3511 3288 simpli-

1940 3296 2077 3351 cius.
2112 3297 2301 3365 Itaque
2327 3299 2390 3351 de
2430 3299 2750 3366 quibusdam
2780 3303 2997 3370 scripsit
3044 3306 3232 3362 beatus
3259 3307 3458 3364 Paulus
3492 3329 3508 3366 :

1947 3406 1965 3437 ι
2005 3386 2111 3441 Sed
2142 3402 2246 3441 non
2274 3388 2476 3456 profuit
2507 3389 2608 3442 illis
2647 3405 2827 3444 sermo
2862 3395 3095 3460 auditus,
3130 3414 3234 3451 non
3266 3403 3512 3459 admistis

1943 3481 2065 3534 lidei
2107 3480 2173 3534 iis
2207 3480 2297 3549 qui
2325 3481 2608 3535 audierunt
2644 3481 2710 3536 ”.
2748 3501 2766 3533 ι
2808 3484 2945 3538 Num
2994 3487 3154 3556 igitur
3200 3490 3256 3556 ii,
3286 3496 3351 3547 de
3391 3496 3513 3564 qui-

1943 3573 2043 3627 bus
2087 3574 2345 3642 loquitur,
2376 3589 2484 3641 quo
2516 3585 2568 3626 tu
2594 3574 2730 3629 dicis
2763 3579 2921 3631 tnodo
2949 3581 3333 3638 commiscendi
3357 3597 3514 3642 erant

1943 3664 2086 3719 inter
2116 3680 2175 3718 se
2218 3675 2277 3718 ut
2330 3680 2451 3719 cum
2483 3680 2622 3733 aqua
2667 3667 2845 3720 vinum
2894 3679 2947 3722 et
2979 3686 3327 3737 personarum
3371 3680 3514 3732 inter

1942 3769 2001 3809 se
2039 3754 2410 3809 confusionem
2466 3756 2744 3811 subituri?
2787 3774 2854 3811 an
2900 3762 3076 3828 potius
3126 3780 3220 3832 per
3270 3769 3509 3823 animum

1943 3846 2163 3900 uuiendi
2196 3857 2371 3910 erant,
2399 3857 2453 3900 ut
2476 3849 2734 3916 scriptum
2759 3860 2840 3903 est
2869 3853 2921 3903 in
2949 3865 3255 3908 sanctorum
3295 3869 3515 3926 aposto-

1945 3935 2115 3989 lorum
2157 3937 2308 3990 Actis
2345 3935 2411 4000 ",
2447 3937 2612 3990 fuisse
2638 3937 3001 3993 multitudinis
3044 3945 3381 3999 credentium
3421 3964 3516 4002 cor

1947 4041 2110 4079 unum
2139 4034 2193 4079 et
2228 4026 2461 4077 animant
2499 4026 2699 4077 unam?
2746 4026 2850 4079 Sed
2889 4028 2938 4079 id
2976 4030 3153 4082 verius
3199 4046 3319 4084 esse
3352 4048 3512 4101 quam

1947 4114 2080 4168 illud
2109 4115 2321 4183 Opinor.
2357 4114 2551 4166 Desine
2581 4113 2745 4181 igitur
2771 4115 2871 4167 hac
2905 4115 2971 4168 de
3007 4130 3062 4169 re
3106 4127 3343 4173 tttetuere
3372 4142 3384 4177 :
3419 4124 3513 4177 lir-

1948 4220 2065 4259 mus
2109 4215 2190 4259 est
2235 4205 2377 4259 etaim
2429 4204 2714 4258 admodum
2767 4217 3078 4261 sanctorum
3108 4212 3346 4268 virorum
3391 4231 3516 4272 sen-

1946 4313 2059 4352 SUS.

2018 4565 2122 4619 Sed
2150 4567 2273 4634 quia
2315 4566 2447 4619 nihil
2476 4564 2617 4618 aliud
2676 4576 2776 4628 est,
2836 4575 2892 4617 ut
2939 4576 3089 4633 puto,
3141 4568 3321 4624 dicere
3350 4570 3515 4629 Verbi

1947 4665 2192 4709 naturam
2221 4656 2588 4716 humanatam,
2632 4654 2732 4707 nisi
2777 4655 3045 4708 hominem
3076 4655 3299 4726 factam,
3358 4664 3519 4731 idque

1950 4746 2161 4799 nonnisi
2194 4760 2287 4812 per
2316 4747 2717 4813 generationem
2748 4759 2811 4798 ex
2839 4744 3035 4800 femina
3070 4761 3084 4801 :
3118 4750 3255 4805 hanc
3286 4769 3520 4824 namque

1952 4838 2089 4890 viam
2115 4836 2280 4891 solam
2326 4836 2430 4906 16
2462 4836 2815 4891 humanorum
2856 4853 3143 4908 corporum
3196 4855 3386 4900 natura
3418 4865 3518 4902 no—

1953 4929 2068 4982 vit:
2118 4943 2215 4983 cur
2268 4927 2411 4981 illam
2444 4928 2716 4997 Unigeniti
2769 4932 3169 4999 generationem
3222 4940 3515 4992 secundum

1950 5033 2167 5074 carnem
2219 5034 2249 5073 a
2288 5019 2509 5073 Litteris
2535 5020 2795 5076 divinitus
2829 5021 3106 5090 inspiratis
3129 5025 3348 5080 minime
3376 5029 3516 5082 didi-

1950 5113 2092 5175 cisti,
2125 5112 2249 5166 licet
2281 5114 2396 5182 ipse
2429 5126 2643 5181 quoque
2694 5115 2969 5181 proposita
3011 5115 3106 5168 tibi
3150 5117 3355 5185 pridem
3389 5136 3515 5186 pro-

1952 5204 2164 5271 phetica
2200 5203 2452 5269 lectione,
2485 5223 2503 5254 ι
2525 5204 2664 5260 Puer
2686 5214 2845 5259 natus
2867 5213 2950 5259 est
2971 5207 3148 5268 nobis,
3170 5208 3311 5261 (ilius
3347 5212 3514 5265 etiam

1951 5296 2104 5350 datus
2137 5306 2218 5349 est
2266 5296 2418 5350 nobis
2445 5296 2490 5327 ³ο
2521 5335 2534 5359 ,
2571 5316 2590 5347 ι
2638 5298 2701 5351 de
2734 5306 2861 5350 nato
2912 5311 3078 5364 puero
3114 5298 3233 5351 talia
3270 5300 3513 5358 dixeris:

1956 5402 1973 5432 ‹
2002 5384 2247 5454 Magnum
2300 5401 2431 5440 sane
2475 5388 2606 5441 tanti
2639 5387 2762 5441 doni
2791 5395 3209 5440 sacramentum.
3247 5388 3345 5445 llic
3372 5392 3515 5444 enim

1949 5479 2039 5545 qui
2068 5477 2275 5532 videtur
2307 5476 2504 5541 infans,
2534 5479 2619 5533 hic
2655 5479 2744 5546 qui
2799 5492 2988 5533 recens
3022 5488 3261 5549 apparet,
3315 5482 3401 5536 hic
3427 5481 3516 5549 qui
