3926 6126
418 291 486 344 τι
1478 287 1534 341 S.
1581 283 1850 342 CYlilLlJ
1884 281 2347 339 ALEXANDRINI
2382 281 2705 338 ARCHIEP.

3602 285 3684 342 36

418 403 604 458 fasciis
637 399 1009 469 corporalibus
1037 407 1177 468 eget,
1220 396 1309 453 hic
1339 397 1428 467 qui
1467 400 1758 452 secundum
1803 397 1990 451 visibi-

2097 397 2314 466 βρέφος,
2353 396 2511 449 τοῦτο
2545 397 2606 449 τὸ
2637 397 3107 466 καταφαινόμενον
3135 397 3469 467 πρόσφατον,
3512 397 3686 452 τοῦτο

415 497 519 548 lem
559 492 850 546 essentiam
905 499 1148 544 recenter
1193 504 1276 543 εει
1315 489 1516 555 editus,
1568 488 1738 543 Filius
1776 500 1880 554 cst,
1929 501 1988 544 ut

416 585 699 652 Scriptura
736 583 913 645 docet,
958 590 1210 643 aeternus,
1261 580 1430 634 Filius
1473 583 1844 634 universorum
1874 583 1990 652 opi-

418 678 525 739 fex,
561 675 732 734 Filius
762 674 850 743 qui
883 689 992 728 sua:
1022 674 1136 742 epis
1162 671 1347 727 fasciis
1414 672 1784 728 dissolubilcm
1833 690 1988 729 erea-

417 777 811 820 tnrzenaturam
838 765 1105 833 astringit.
1134 783 1151 814 ι
1177 763 1383 817 Etalibi
1415 780 1601 818 rursus
1632 787 1642 819 :
1677 785 1694 815 ι
1725 766 1788 820 Ει
1811 766 1990 820 infans

417 862 560 914 cnim
588 857 726 912 Dens
754 867 834 910 est
875 855 1040 907 libera
1083 865 1378 922 potestate:
1407 865 1610 908 tantum
1641 858 1809 919 abest,
1841 855 1985 922 Arie,

417 963 474 1003 ut
517 951 654 1003 Dens
686 947 921 1002 Verbum
965 946 1034 998 sit
1061 946 1160 998 sub
1194 945 1285 998 Dei
1315 953 1601 1012 potestate.
1640 966 1657 996 ι
1698 947 1750 998 In
1797 947 1990 1014 quibus

416 1042 593 1093 verbis
619 1039 964 1107 conjunctum
997 1051 1211 1104 quoquc
1240 1050 1435 1103 corpus
1465 1037 1626 1088 Deum
1674 1037 1985 1104 appellavit.

416 1132 481 1185 Et
523 1146 710 1185 rursus
746 1147 760 1182 :
799 1147 816 1179 ι
851 1127 1108 1183 Νονίιίιιιδ
1142 1143 1270 1196 ergo
1325 1128 1716 1182 humanitatem
1772 1129 1989 1183 infantis

415 1237 479 1277 ac
533 1223 896 1283 divinitatem,
961 1218 1238 1273 filiatiouis
1285 1221 1547 1274 unitatem
1599 1235 1874 1274 servamus
1935 1222 1988 1274 in

418 1309 1125 1378 Deitatishumanitatisque
1148 1293 1361 1364 natura.
1405 1328 1422 1360 ι
1457 1311 1591 1364 Ecce
1625 1310 1734 1377 jam
1771 1311 1989 1364 disertis

417 1404 612 1466 verbis,
650 1401 909 1455 infantem
931 1411 1198 1454 recentem
1236 1401 1326 1470 qui
1355 1403 1582 1465 videtur,
1613 1417 1732 1455 mox
1762 1403 1986 1466 editum,

417 1494 598 1548 fasciis
647 1493 969 1556 involutum,
1024 1491 1216 1544 Filium
1271 1508 1388 1548 esse
1451 1493 1660 1556 fateris,
1695 1495 1991 1547 ettmiver-

417 1600 598 1638 sormn
631 1585 902 1653 Opificem.
931 1583 1087 1636 llunc
1133 1598 1260 1636 vero
1292 1584 1554 1638 infantem
1598 1585 1750 1639 nobis
1803 1596 1987 1638 sancta

420 1675 584 1744 Virgo
614 1674 840 1742 peperit.
875 1673 1024 1728 Nosti
1087 1674 1250 1742 igitur
1280 1684 1427 1728 certe
1479 1676 1642 1728 Demn
1695 1676 1986 1728 secundum

2069 489 2152 554 ﬁo
2179 491 2507 558 σπαργάνων
2536 488 2860 560 σωματικῶν
2886 488 3096 558 δεηθὲν,
3127 491 3284 543 τοῦτο
3315 491 3377 542 τὸ
3409 493 3549 544 κατὰ
3577 495 3686 561 τὴν

2091 581 2375 652 ὁρωμένην
2408 581 2595 634 οὐσίαν
2625 580 2927 651 ἀρτίτοκον,
2967 581 3112 645 Υἱὸς,
3151 582 3292 635 κατὰ
3319 582 3382 634 τὸ
3419 599 3677 652 γεγραμο

2090 673 2280 743 μένον,
2329 671 2575 735 αἰώνιος·
2631 673 2757 735 Υἱὸς
2807 673 2916 726 τῶν
2956 673 3092 725 ὅλων
3130 672 3492 744 δημιουργόςο
3543 673 3683 737 Υίὸς

2089 768 2204 827 τοῖς
2243 764 2344 833 τῆς
2387 765 2524 827 ίδίας
2571 763 2821 835 βοηθείας
2857 765 3193 834 σπαργάνοις
3218 765 3277 817 τὸ
3307 764 3408 833 τῆς
3439 764 3676 828 κτίσεως

2092 857 2401 909 εὐδιάλυτον
2435 856 2733 924 σφίγγων.»
2765 856 2874 910 Kal.
2903 859 2960 909 ὲν
2997 858 3204 926 ἑτέροις
3233 855 3289 908 δὲ
3325 855 3508 909 πάλιν
3535 857 3685 908 «Kal.

2089 948 2150 1000 τὸ
2191 947 2389 1017 βρέφος
2434 946 2542 1016 γὰρ
2585 947 2717 1008 Θεὸς
2752 945 3130 1010 αὑτεξούσιοςο
3162 946 3416 1000 τοσοῦτον
3461 948 3489 998 ό
3539 945 3682 1010 Θεὸς

2091 1038 2260 1105 Λόγος
2285 1037 2378 1089 τοῦ
2403 1035 2540 1088 Θεοῦ
2575 1036 2891 1100 ὑπεξούσιος
2918 1033 3054 1089 εἷναι
3088 1036 3393 1106 διέστηκεν,
3424 1037 3670 1104 "Apama

2091 1128 2168 1181 At‘
2197 1123 2272 1180 ὧν
2309 1129 2402 1180 καὶ
2425 1129 2485 1180 τὸ
2516 1129 2858 1198 συνημμένον
2885 1127 3043 1197 σῶμα
3070 1128 3202 1180 Θεὸν
3229 1127 3672 1198 προσηγόρευσε.

2092 1219 2203 1272 Kal.
2241 1220 2438 1273 πάλιν·
2486 1238 2504 1270 ι
2536 1220 2880 1290 Γνωρίζομεν
2912 1219 3092 1272 τοίνυν
3140 1218 3237 1290 τὴν
3273 1219 3678 1289 ἀνθρωπότητα

2090 1311 2181 1365 τοῦ
2225 1312 2458 1383 βρέφους
2511 1312 2604 1365 καὶ
2631 1311 2730 1382 τὴν
2777 1311 3008 1380 θεότητα
3031 1327 3042 1341 ·
3078 1310 3138 1362 τὸ
3164 1313 3263 1382 τῆς
3293 1311 3537 1379 υίότητος
3569 1327 3672 1379 τη-

2094 1401 2294 1472 ροῦμεν
2345 1401 2629 1472 μοναδικὸν
2687 1403 2744 1454 ὲν
2792 1401 3210 1472 ὰνθρωπότητος
3265 1401 3362 1454 καὶ
3416 1400 3675 1470 θεότητος

2093 1495 2304 1563 φύσει.»
2328 1495 2456 1546 Ἰδοὺ
2485 1493 2548 1564 δὴ
2582 1493 2674 1546 καὶ
2705 1492 2848 1562 μάλα
2874 1493 3059 1560 σαφῶς
3087 1493 3146 1544 τὸ
3181 1489 3379 1561 βρέφος
3412 1488 3472 1542 τὸ
3503 1489 3675 1559 πρόσ-

2093 1603 2282 1654 φατον,
2327 1586 2387 1637 τὸ
2435 1584 2728 1656 ὁρώμενον,
2776 1586 2838 1638 τὸ
2869 1585 3174 1656 ἀρτίτοκον,
3211 1583 3272 1636 τὸ
3311 1587 3672 1653 ἐσπαργανω-

2100 1677 2278 1744 μένον,
2315 1675 2442 1728 Υἱὸν
2492 1673 2630 1729 εἶναι
2669 1676 2796 1746 φὴς,
2830 1678 2925 1728 καὶ
2971 1675 3080 1728 τῶν
3131 1673 3269 1726 ὅλων
3315 1671 3670 1743 δημιουργόν.

419 1779 637 1819 carnem
689 1764 953 1832 genitum,
979 1764 1139 1832 idque
1163 1779 1224 1817 ex
1255 1765 1513 1819 divinitus
1543 1765 1802 1833 inspirata
1839 1764 1987 1819 Seri-

2095 1767 2135 1818 Τ
2140 1767 2293 1819 έτοκε
2340 1767 2394 1819 δὲ
2442 1767 2501 1819 τὸ
2541 1766 2736 1837 βρέφος
2783 1769 2967 1837 ἡμῖνή
3010 1764 3139 1834 ἁγία
3171 1764 3463 1834 Παρθένος.
3497 1759 3675 1815 Οἶσθα

418 1864 574 1923 plura
605 1853 866 1908 didicisti.
894 1853 1030 1918 Quis
1066 1855 1207 1907 enim
1260 1857 1592 1924 excogitetnr
1618 1856 1986 1910 universorum

415 1946 616 2014 opifex,
669 1947 769 1999 nisi
827 1945 916 2000 ille
967 1947 1134 2008 solus,
1179 1962 1274 2016 per
1330 1962 1489 2015 quem
1536 1949 1715 2001 omnia
1750 1949 1992 2002 condidit

416 2033 617 2088 Pater?
645 2032 750 2088 Sed
778 2031 919 2088 forte
947 2034 1316 2102 respondebis,
1352 2043 1402 2086 te
1437 2033 1732 2087 secundum
1767 2034 1815 2086 id
1847 2034 1990 2101 quod

345 2115 360 2134 ”
417 2129 638 2192 latebat,
681 2125 872 2180 Filium
917 2127 1136 2190 dixisse,
1188 2133 1240 2178 et
1291 2124 1664 2178 universorum
1715 2122 1985 2191 Opificem.

418 2217 588 2273 Recte
611 2219 766 2284 dicis,
789 2219 1074 2272 assentior.
1107 2216 1232 2279 Sed,
1265 2231 1446 2285 quaeso
1473 2225 1544 2282 te,
1562 2230 1682 2269 eum
1714 2215 1806 2283 qui
1838 2214 1987 2275 latet,

417 2325 536 2366 esse
580 2312 781 2365 asseris
838 2309 965 2363 illud
1014 2324 1081 2362 ex
1129 2309 1236 2362 Deo
1293 2307 1555 2372 Verbum,
1598 2319 1830 2374 emnque
1873 2320 1991 2358 esse

421 2405 794 2457 universorum
875 2401 1127 2468 opiﬁcem
1176 2416 1192 2452 :
1248 2401 1518 2467 quomodo
1606 2398 1770 2466 igitur
1838 2397 1994 2450 nobis

423 2492 579 2561 paulo
619 2499 740 2544 ante
769 2490 1153 2558 propemodum
1209 2488 1376 2556 digito
1413 2487 1558 2541 illum
1607 2495 1902 2550 recentem,
1939 2495 1995 2539 et

420 2585 531 2652 iam
567 2583 792 2647 editum,
817 2591 870 2635 et
899 2580 1081 2634 fasciis
1111 2579 1406 2633 involutum
1448 2579 1707 2633 infantem
1764 2576 1994 2631 deumn-

423 2674 628 2738 strasti,
667 2685 823 2740 quem
857 2670 1018 2723 etiam
1065 2668 1155 2722 Dei
1192 2666 1385 2720 Filium
1428 2665 1754 2734 appellabas,
1799 2673 1854 2718 et
1877 2678 1990 2717 om-

425 2765 573 2818 nimn
601 2763 850 2832 opificem
880 2761 904 2814 ?
936 2761 1018 2812 An
1065 2760 1190 2829 quia
1234 2761 1462 2814 fortasse
1497 2769 1674 2828 putas,
1729 2757 1820 2811 Dei
1854 2755 1992 2810 Ver-

427 2856 552 2907 bum
589 2852 640 2905 in
675 2851 856 2904 carnis
895 2859 1142 2903 naturam
1191 2863 1315 2904 esse
1367 2858 1631 2902 mutatum
1661 2849 1801 2901 ?sed
1830 2857 1884 2901 et
1921 2848 1991 2900 ita

429 2954 479 2997 te
531 2943 703 3013 ipsum
750 2942 930 3012 potius
991 2940 1298 3003 accus:ibis,
1351 2955 1508 3008 quam
1541 2941 1676 2994 alios
1731 2929 1883 3008 quasi
1942 2937 1994 2990 id

429 3035 695 3090 afﬁrmare
726 3050 906 3089 ausos.
937 3034 1016 3085 An
1036 3046 1164 3086 vero
1181 3031 1306 3099 quia
1338 3031 1383 3084 is
1417 3029 1596 3085 infans
1619 3029 1708 3083 ille
1724 3039 1806 3083 est
1823 3031 1996 3081 latens

2091 1857 2155 1928 δὴ
2210 1854 2303 1910 οὖν
2363 1857 2468 1928 ἄρα
2519 1857 2650 1916 Θεὸν
2701 1855 2840 1909 κατὰ
2891 1857 3070 1926 σάρκα
3101 1855 3530 1924 γεγεννημένον’
3573 1853 3676 1906 ttal.

2090 1949 2248 2000 τοῦτο
2281 1949 2344 1999 ὲκ
2379 1948 2478 2017 τῆς
2509 1947 2863 2000 θεοπνεύστου
2917 1947 3242 2016 μεμάθηκας
3285 1945 3529 2014 Γραφῆς.
3569 1942 3677 2005 Τίς

2089 2037 2198 2106 γὰρ
2231 2035 2296 2088 ἂν
2329 2038 2500 2088 νοοῖτο
2529 2034 2635 2087 τῶν
2665 2035 2802 2088 ὅλων
2839 2035 3190 2105 δημιουργὸς,
3223 2033 3360 2102 πλὴν
3392 2033 3473 2085 ὅτι
3508 2031 3677 2102 μόνος

2090 2130 2315 2190 ἐκεῖνος,
2348 2130 2375 2180 ό
2401 2127 2466 2180 δι’
2496 2120 2556 2180 οῦ
2579 2127 2647 2180 τὰ
2671 2128 2847 2182 πάντα
2875 2126 3176 2196 πεποίηκεν
3202 2127 3231 2178 ό
3262 2125 3449 2194 Πατήρ
3472 2140 3486 2186 ;
3528 2120 3676 2174 Ἀλλ’

2091 2222 2248 2293 ἔφην,
2294 2223 2423 2284 ἴσως
2467 2224 2631 2292 ἐρεῖς,
2671 2220 2814 2275 κατὰ
2851 2220 2910 2273 τὸ
2953 2221 3357 2293 κεκρυμμένον,
3397 2216 3547 2280 Υἱὸς,
3573 2215 3676 2270 καὶ

2092 2313 2197 2366 τῶν
2227 2313 2363 2365 ὅλων
2408 2312 2757 2383 δημιουργός.
2808 2312 3035 2375 Καλῶς,
3095 2310 3451 2380 συνθήσομαι.
3513 2307 3677 2378 Ἐρή-

2095 2421 2258 2474 σομαι
2289 2403 2366 2456 δέ.
2407 2404 2512 2455 Τὸν
2553 2403 2938 2474 κεκρυμμένον
2984 2398 3124 2455 εἶναι
3172 2402 3278 2472 φὴς
3326 2401 3416 2453 τὸν
3443 2401 3505 2452 ἐκ
3535 2398 3675 2451 Θεοῦ

2093 2496 2286 2563 Λόγον,
2319 2495 2412 2548 καὶ
2453 2495 2642 2548 τοῦτον
2675 2491 2814 2561 εἶναι
2856 2495 2946 2547 τὸν
2976 2494 3112 2547 ὅλων
3151 2491 3482 2562 δημιουργόν
3503 2507 3517 2521 ·
3554 2488 3678 2554 πῶς

2093 2584 2185 2642 οὖν
2214 2590 2346 2657 ἡμῖν
2375 2588 2579 2660 ἀρτίως
2612 2588 2894 2658 μονονουχὶ
2929 2589 3022 2642 καὶ
3053 2575 3301 2657 δακτύλῳ
3334 2586 3396 2638 τὸ
3425 2585 3677 2657 πρόσφα-

2091 2696 2201 2742 τον,
2243 2678 2427 2732 καὶτὸ
2459 2679 2763 2748 ἀρτίτοκον,
2795 2678 2890 2731 καὶ
2933 2680 2993 2732 τὸ
3037 2680 3094 2731 ὲν
3134 2679 3492 2750 σπαργάνοις,
3542 2692 3679 2728 κατ⁹

2095 2767 2298 2833 έδειξας
2344 2769 2570 2840 βρέφος·
2602 2771 2694 2822 καλ⁵
2737 2769 2896 2824 τοῦτο
2928 2770 3060 2823 αὐτὸ
3105 2769 3196 2822 καὶ⁵
3227 2769 3358 2822 Υίὸν
3395 2766 3679 2838 ὠνόμαζες

2094 2860 2251 2922 Θεοῦ,
2293 2861 2387 2912 καὶ
2420 2860 2510 2911 τὸν
2539 2861 2674 2913 ὅλων
2709 2860 3071 2932 δημιουργόνς
3102 2855 3178 2912 Ἦ
3207 2861 3346 2929 τάχα
3375 2875 3478 2910 που
3511 2872 3681 2926 μετα-

2096 2950 2424 3020 πεποιῆσθαι
2453 2951 2745 3021 νενόμικας
2776 2953 2854 3013 εἰς
2880 2953 2980 3022 τὴν
3018 2951 3114 3019 τῆς
3157 2951 3356 3025 σαρκὸς
3387 2949 3547 3017 φύσιν
3584 2946 3678 2999 τὸν

2098 3047 2162 3099 ἐκ
2191 3044 2325 3098 Θεοῦ
2357 3044 2562 3112 Λόγον;
2591 3044 2700 3097 Kal.
2735 3043 2920 3114 γράψῃ
2952 3042 3149 3113 μᾶλλον
3181 3041 3398 3104 σαυτὸν,
3429 3039 3530 3108 οὐχ
3558 3036 3678 3090 ἑτέ-

428 3126 594 3181 Filius
649 3136 705 3180 et
745 3125 1128 3178 universorum
1181 3120 1390 3189 opifex,
1439 3130 1494 3172 et
1543 3120 1682 3174 idem
1726 3129 1883 3173 natus
1927 3136 1992 3172 ex

2103 3155 2247 3208 ρους,
2296 3136 2370 3198 ὡς
2403 3137 2561 3188 τοῦτο
2611 3136 2776 3204 φάναι
2817 3136 3214 3204 τολμήσαντας.
3247 3128 3325 3184 *Η
3370 3131 3528 3200 εῐπερ
3560 3127 3680 3182 ἐστὶ

427 3227 614 3272 sancta
655 3216 896 3284 Virgine,
930 3215 1000 3266 ita
1038 3213 1236 3266 invitus
1267 3227 1331 3266 ex
1381 3212 1658 3280 inOpinato
1711 3211 1854 3265 illam
1879 3225 2000 3265 esse

430 3311 522 3364 Dei
553 3308 867 3380 genitricem
903 3305 1183 3360 nobiscum
1222 3303 1507 3359 confessus
1535 3303 1690 3358 eris?
1721 3303 2000 3370 Quomodo

430 3402 572 3456 enim
631 3398 811 3452 infans
862 3398 1003 3451 Deus
1035 3398 1106 3451 sit
1157 3411 1266 3450 suae
1318 3396 1640 3464 potestatis?
1673 3395 1804 3449 Nam
1835 3396 1878 3450 si
1929 3396 1998 3448 ita

430 3495 567 3548 dicis
627 3491 770 3544 illum
829 3505 940 3544 suae
1002 3489 1284 3558 potestatis
1346 3498 1403 3542 ut
1463 3503 1587 3543 esse
1631 3488 1999 3556 unusquisque

430 3585 601 3640 nostri
629 3583 820 3637 similis
851 3581 1188 3650 intelligitur,
1222 3590 1470 3648 tanquam
1527 3580 1610 3634 cui
1644 3595 1756 3634 sua:
1806 3580 1999 3633 volun-

431 3677 558 3730 tatis
591 3689 619 3727 a
650 3673 758 3727 Deo
793 3673 1071 3741 permissae
1099 3672 1207 3724 sint
1247 3671 1502 3736 habente;
1537 3671 1664 3738 quid
1709 3670 1814 3724 erit
1845 3670 1896 3722 in
1935 3683 2000 3720 eo

431 3777 624 3837 praeter
647 3774 872 3820 cmteros
904 3764 1006 3833 l7
1037 3765 1296 3817 eximium
1321 3766 1344 3816 Υ
1395 3771 1488 3816 aut
1514 3777 1674 3832 quam
1691 3761 1760 3815 ob
1778 3775 1999 3814 causam

442 3859 746 3912 libertatem
807 3855 1017 3934 arbitrii
1079 3869 1140 3909 ac
1209 3854 1517 3923 potestatis
1568 3862 1823 3922 tanquam
1893 3853 1999 3908 Deo

428 3951 645 4019 dignum
675 3956 731 4002 et
760 3946 1085 4016 praecipuum
1136 3959 1326 3998 revera
1379 3943 1591 3998 titulum
1645 3944 1719 3997 illi
1786 3943 1995 4008 tribuis,

428 4040 675 4111 quamvis
733 4037 980 4091 omnibus
1035 4037 1125 4106 qui
1173 4037 1372 4104 degunt
1410 4036 1462 4088 in
1515 4037 1672 4090 terris
1713 4048 1766 4090 et
1799 4036 1999 4090 habere

427 4134 567 4185 illam
597 4131 774 4194 liceat,
807 4139 857 4184 et
880 4127 994 4194 jam
1027 4128 1259 4182 habeant
1287 4127 1310 4182 3
1350 4127 1442 4180 Sin
1469 4129 1687 4182 libertas
1717 4128 1998 4196 potestatis

428 4224 556 4278 illud
613 4223 663 4275 in
713 4223 812 4276 hac
840 4230 993 4290 parte
1032 4220 1320 4289 significat,
1361 4219 1581 4273 alterius
1635 4220 1840 4287 legibus
1892 4236 1997 4272 non

428 4329 546 4368 esse
580 4315 905 4379 subjectum,
944 4319 1002 4362 ut
1031 4309 1195 4362 etiam
1238 4310 1352 4376 ipsa
1395 4310 1646 4362 nimirum
1683 4309 1773 4363 Dei
1804 4319 1996 4363 natura

431 4403 766 4469 intelligitur,
798 4413 1034 4468 quonam
1068 4397 1232 4464 igitur
1259 4398 1417 4450 modo
1453 4399 1537 4451 his
1595 4399 1994 4454 conditionibus

430 4495 566 4547 adeo
605 4491 868 4560 angustis,
904 4498 958 4541 et
984 4487 1153 4540 solam
1202 4501 1516 4554 supremam
1568 4488 1711 4540 illam
1741 4499 1990 4541 naturam

429 4597 483 4639 et
510 4583 735 4654 gloriam
779 4576 1115 4639 docentibus,
1173 4592 1344 4645 nuper
1377 4578 1576 4631 editmn
1630 4579 1778 4633 illum
1828 4581 1998 4635 infau-

428 4688 534 4728 tem
564 4685 686 4725 esse
730 4670 886 4731 dicis,
946 4666 1190 4734 quamvis
1243 4667 1508 4736 quidquid
1543 4670 1610 4722 ad
1669 4669 1773 4724 hoc
1817 4681 1875 4723 ut
1925 4673 1997 4725 sit

427 4774 678 4818 vocatum
708 4769 813 4823 est,
845 4758 954 4812 Deo
986 4759 1050 4810 sit
1083 4757 1403 4825 subjectum,
1450 4768 1503 4812 et
1547 4761 1824 4816 servitutis
1867 4763 1998 4834 jngo

427 4851 746 4910 subditum?
778 4849 884 4903 Sed
913 4848 1140 4903 fortasse
1172 4850 1391 4918 putabis
1419 4853 1483 4904 ad
1511 4854 1626 4907 haec
1679 4855 1859 4908 omnia
1901 4857 1997 4910 tibi

427 4946 560 5000 satis
609 4942 756 4996 illam
809 4941 1030 4994 stultam
1085 4941 1350 4994 rationem
1405 4939 1539 5006 fore,
1605 4945 1748 5011 quod
1789 4945 2001 5000 scilicet

431 5037 573 5090 inter
596 5048 656 5087 se
697 5039 903 5084 natura:
941 5039 1129 5083 mutuo
1180 5031 1499 5098 copulentur
1548 5047 1652 5086 non
1701 5037 1996 5090 secundum

432 5121 788 5194 hypostasim,
809 5121 900 5172 sed
929 5118 1118 5172 eodem
1140 5119 1320 5187 potius
1368 5120 1573 5175 honore
1603 5133 1658 5176 et
1687 5124 1999 5192 :equalitate

429 5215 702 5284 dignitatis
737 5229 751 5264 :
785 5225 906 5264 nam
954 5211 1053 5264 ista
1105 5226 1247 5280 saepe
1303 5213 1455 5267 nobis
1497 5213 1866 5283 imprudenter
1919 5217 2000 5272 in-

427 5309 626 5363 culcas.
657 5305 762 5360 Sed
800 5313 851 5358 te
882 5305 996 5358 haec
1024 5303 1291 5358 dicentem
1327 5303 1380 5356 in
1429 5305 1711 5362 imbecillis
1753 5317 1806 5362 et
1835 5308 1999 5381 fragi-

430 5400 569 5451 lihus
589 5397 907 5451 commentis
942 5395 1217 5458 insistere,
1258 5395 1543 5450 manifeste
1587 5401 1774 5464 paucis
1811 5412 1998 5456 osten-

432 5490 590 5541 detur
641 5503 765 5542 cum
817 5487 882 5541 de
941 5487 1044 5539 hoc
1093 5485 1360 5539 tractandi
1416 5487 1630 5542 occasio
1681 5506 1738 5545 se
1783 5491 1995 5547 offeret.

434 5580 524 5631 llis
550 5578 652 5630 alia
684 5576 925 5645 quaedam
960 5575 1154 5640 assuit,
1202 5589 1297 5643 per
1346 5590 1465 5644 qua:
1498 5593 1558 5632 se
1587 5590 1737 5648 putat
1770 5597 1996 5651 genera—

437 5670 596 5723 tionis
624 5667 838 5722 modum
873 5675 1071 5720 nostra:
1114 5664 1366 5733 similem,
1430 5668 1592 5723 veluti
1654 5672 1993 5730 indecentem

2099 3231 2159 3284 τὸ
2195 3231 2390 3299 βρέφος
2441 3232 2470 3282 ό
2500 3229 2882 3299 κεκρυμμένος
2929 3227 3076 3290 Υἱὸς,
3122 3226 3216 3278 καὶ
3259 3223 3368 3278 τῶν
3399 3224 3538 3276 ὅλων
3576 3223 3675 3292 δη-

2103 3321 2380 3391 μιουργὸς,
2413 3319 2736 3388 γεγέννηται
2764 3319 2821 3370 δὲ
2862 3317 3020 3370 τοῦτο
3048 3318 3112 3370 ὲκ
3147 3311 3249 3385 τῆς
3277 3315 3438 3382 ἁγίας
3467 3311 3680 3383 Παρθέ-

2102 3431 2211 3478 νου,
2244 3413 2600 3482 ὡμολόγησας
2630 3413 2728 3481 ούχ
2756 3411 2897 3464 ἑκὼν
2939 3409 3199 3463 Θεοτόκον
3249 3410 3346 3461 σὺν
3379 3409 3512 3477 ἡμῖν
3556 3405 3679 3458 ἀδοο

2100 3507 2276 3574 κήτως
2313 3506 2516 3573 αὐτήν;
2561 3502 2713 3554 ‘Errsl.
2751 3502 2867 3564 πῶς
2900 3501 3096 3571 βρέφος
3134 3501 3264 3563 Θεὸς
3293 3497 3677 3564 αύτεξούσιος;

2102 3596 2162 3646 Εἰ
2202 3595 2298 3664 μὲν
2340 3595 2447 3664 γὰρ
2477 3593 2618 3646 οὕτω
2648 3593 2752 3661 φὴς
2783 3593 3148 3658 αὐτεξούσιον,
3178 3592 3264 3654 ὡς.
3283 3592 3348 3644 ἂν
3376 3592 3551 3642 νοοῖτο
3578 3605 3679 3640 τυ-

2100 3687 2194 3754 χὸν
2244 3686 2336 3738 καὶ
2386 3685 2492 3737 τῶν
2541 3685 2660 3738 καθ’
2711 3686 2856 3755 ἡμᾶς
2906 3685 3153 3748 ἕκαστος,
3209 3685 3284 3746 ὡς
3331 3683 3430 3753 τῆς
3482 3680 3679 3736 ἑαυτοῦ

2103 3777 2472 3848 προαιρέσεως
2514 3777 2944 3845 πεπιστευμένος
2990 3775 3140 3846 παρὰ
3183 3774 3299 3844 Θεῷ
3343 3775 3450 3846 [ἴον.
3514 3769 3714 3844 Θεοῦ]-

2099 3869 2197 3930 τὰς
2244 3867 2422 3936 ἡνίας,
2466 3866 2520 3918 τί
2570 3867 2630 3918 τὸ
2681 3867 2957 3938 ἐξαίρετον
3001 3866 3149 3937 παρὰ
3198 3867 3323 3929 τοὺς
3371 3865 3564 3926 ἄλλους
3615 3867 3679 3916 ὲν

2101 3957 2280 4026 αύτῷ;
2328 3958 2360 4028 ἢ
2406 3958 2493 4011 διὰ
2528 3958 2686 4009 ποίαν
2718 3959 2915 4021 αἰτίαν,
2967 3957 3217 4029 καθάπερ
3264 3974 3316 4009 τι
3350 3955 3678 4026 θεοπρεπὲς,

2102 4054 2195 4100 καὶ
2243 4047 2518 4119 ἐξαίρετον
2556 4048 2770 4118 άληθῶς
2817 4048 3051 4118 ἀξίωμα,
3095 4049 3153 4100 τὸ
3200 4047 3546 4110 αὐτεξούσιον
3578 4047 3681 4098 άν-

2102 4138 2292 4199 άπτεις
2323 4139 2508 4208 asto;
2544 4140 2720 4191 καίτοι
2756 4139 2915 4208 μετὸν
2947 4141 3115 4192 ἅπασι
3150 4139 3258 4192 τῶν
3293 4138 3384 4190 ἐπὶ
3419 4141 3517 4206 τῆς
3546 4137 3678 4204 γῆς,

2102 4228 2243 4298 ἔχειν
2281 4245 2339 4280 τε
2379 4227 2526 4297 αύτῷ
2566 4228 2673 4298 [ἴον.
2725 4229 2898 4300 auro],
2939 4229 3031 4281 καὶ
3070 4230 3166 4298 ἤδη
3208 4227 3479 4297 λαχοῦσιν.
3522 4228 3584 4278 El
3615 4227 3684 4280 δὲ

2101 4321 2164 4388 δὴ
2211 4319 2461 4388 σημαίνει
2510 4319 2570 4370 τὸ
2617 4319 2963 4385 αὐτεξούσιον
3018 4320 3074 4370 ἐν
3106 4319 3314 4382 τούτοις
3357 4317 3415 4370 τὸ
3445 4317 3521 4386 μὴ
3562 4317 3681 4370 δεῖν

2102 4409 2420 4462 ὑποκεῖσθαι
2450 4411 2558 4471 τοῖς
2587 4410 2772 4480 ἐτέρου
2805 4411 3011 4480 νόμοις,
3044 4407 3179 4461 εἶναι
3217 4410 3273 4461 δὲ
3317 4409 3489 4468 οὕτως
3523 4405 3684 4461 ἐλεύ-

2100 4502 2276 4572 θερον,
2313 4502 2388 4564 ὡς
2429 4501 2494 4553 ἂν
2535 4501 2627 4552 καὶ
2676 4502 2813 4572 αύτὴ
2857 4501 3016 4569 τυχὸν
3061 4501 3242 4570 ἡθεὶα
3285 4504 3457 4552 νοοῖτο
3487 4500 3675 4569 φύσις,

2098 4593 2214 4644 τίνα
2245 4593 2308 4662 δὴ
2335 4593 2534 4662 τρόπον
2575 4595 2632 4645 ὲν
2660 4596 2772 4654 τοῖς
2803 4591 2944 4644 οὕτω
2990 4596 3205 4655 σεπτοίς
3254 4593 3348 4644 καὶ
3391 4592 3672 4661 κπρέπουσι

2103 4683 2238 4754 μόνῃ
2266 4686 2329 4753 τῇ
2377 4684 2636 4737 ἀνωτάτω
2683 4683 2839 4750 φύσει
2881 4699 2940 4733 τε
2974 4683 3068 4734 καὶ
3099 4682 3246 4754 δόξῃ,
3296 4683 3356 4734 τὸ
3388 4682 3673 4752 ἀρτίτοκον

2101 4774 2297 4842 βρέφος
2346 4771 2480 4826 εἶναι
2531 4775 2671 4844 (me;
2720 4774 2898 4825 καίτοι
2948 4774 3146 4835 παντὸς
3189 4773 3282 4826 τοῦ
3333 4773 3670 4844 κεκλημένου

2101 4861 2237 4929 πρὸς
2289 4861 2543 4931 ὓπαρξιν,
2591 4862 3033 4932 κατεζευγμένουγ
3082 4861 3234 4932 Θεῷ,
3289 4865 3383 4916 καὶ
3436 4864 3527 4915 τὸν
3573 4862 3672 4929 τῆς

2099 4951 2338 5014 δουλείας
2367 4951 2755 5021 ὑποτρέχοντος
2792 4953 2973 5018 ζυγόν.
3019 4931 3352 5024 (Αλλίοίήσῃ
3395 4953 3536 5022 τάχα
3569 4970 3672 5003 που

2100 5043 2232 5110 πρὸς
2267 5043 2479 5096 ἅπαντά
2506 5059 2585 5094 σοι
2630 5043 2787 5094 ταυτῖ¹
2827 5043 2916 5097 τὸν
2944 5045 3149 5096 εἰκαῖον
3198 5047 3404 5097 ἐκεῖνον
3441 5045 3674 5115 ἀρκέσαι

2098 5134 2272 5202 λόγον,
2300 5136 2390 5187 τὸν
2419 5135 2536 5186 ἐπεί
2563 5151 2626 5201 γε
2659 5135 2766 5204 [lca
2803 5137 2892 5186 ἐπί
2923 5137 3008 5206 γε]
3040 5137 3115 5206 τῷ
3149 5137 3260 5189 δεῖν
3286 5136 3544 5207 ἀλλήλαις
3573 5137 3673 5200 τὰς

2100 5226 2290 5294 φύσεις
2321 5227 2703 5288 συνάπτεσθαι,
2737 5229 2828 5279 καὶ
2879 5228 2996 5280 οὔτι
3045 5248 3146 5282 που
3191 5230 3313 5283 καθ’
3349 5230 3672 5294 ὑπόστασιν,

2100 5317 2213 5370 ἀλλ’
2241 5317 2316 5379 ὡς
2337 5319 2394 5368 ἐν
2417 5319 2548 5387 τιμῇ
2577 5316 2775 5387 μᾶλλον
2809 5320 3230 5390 ἀπαραλλάκτῳ,
3259 5319 3352 5372 καὶ
3376 5321 3434 5372 ὲν
3464 5320 3672 5388 ἰσότητι

2099 5409 2196 5477 τῆς
2231 5407 2419 5471 ἀξίαςο
2447 5409 2606 5460 ταυτὶ
2635 5408 2742 5478 γὰρ
2777 5412 2907 5480 ἡμῖν
2943 5412 3028 5464 ἀεὶ
3063 5411 3209 5476 λέγει
3253 5410 3503 5480 ἀμαθῶς.
3547 5411 3672 5463 Ὅτι

2097 5500 2152 5552 δὲ
2189 5500 2430 5570 σαθραῖς,
2459 5501 2552 5554 καὶ
2579 5502 2980 5567 εύδιακλάστοις
3009 5504 3238 5566 ἐννοίαις
3266 5505 3670 5574 ἐπερηρεισμέ-

2099 5608 2207 5653 νος,
2237 5591 2305 5644 τά
2335 5591 2508 5644 τοιάδε
2557 5591 2748 5660 λέγων,
2796 5596 2999 5666 άλὼσῃ,
3045 5594 3388 5664 δειχθήσεται.
3440 5595 3533 5647 καὶ
3569 5596 3672 5648 οὐκ

2100 5685 2176 5746 εἰς
2209 5682 2440 5752 μακρὰν,
2470 5689 2894 5754 παρενεγκόντος
2923 5690 3051 5758 ἡμῖν
3075 5686 3170 5739 τοῦ
3200 5687 3390 5757 καιροῦ
3415 5689 3509 5742 καὶ
3536 5689 3669 5759 7:96;
