3926 6126
247 286 322 345 3'1
1380 267 1751 328 ADVERSUS
1788 264 1852 322 Nl

1961 263 2194 323 'ORIUM
2232 264 2361 323 LIB.
2402 261 2445 320 1.
3434 261 3505 319 '58

252 425 320 478 γε
354 403 511 460 ταυτὶ
539 400 632 455 τὸν
666 396 1116 469 λόγον.ἲυνείρει
1144 395 1198 448 δὲ
1236 395 1445 458 τούτοις
1489 392 1632 463 ἕτερ’
1674 389 1831 454 ἄττα,

1961 397 1991 441 ιι
2020 386 2431 458 impossibilem,
2477 383 2771 439 admodum
2802 390 2957 437 acute
2982 381 3359 435 demonstrare
3390 397 3405 447 ;
3441 395 3506 435 ac

253 472 326 553 δι’
377 490 452 549 ὧν
509 492 664 564 ᾠήθη
721 489 1013 551 δύνασθαι,
1046 487 1153 541 ικαὶ
1211 485 1354 556 μάλα
1403 483 1710 555 ἐμφρόνως,
1760 481 1836 544 ῶς

1961 480 2040 536 .ibi
2102 481 2339 534 rationes
2385 486 2599 532 nostras
2627 474 2835 544 objicit,
2876 482 3044 538 ratus,
3082 472 3331 541 quamvis
3362 472 3507 525 νει-ῖς

254 585 488 656 ἀὶιιλλῆ,
519 560 613 636 itali
638 560 926 649 ἀνέφικτον
953 579 1044 631 τὸν
1068 580 1165 648 τῆς
1192 575 1317 629 καθ’
1346 576 1495 647 ἡμᾶς
1533 574 1837 643 γεννήσεως

1961 578 2102 624 atem
2131 569 2391 631 colamus,
2424 566 2579 621 facile
2605 580 2700 619 sua
2750 562 2892 619 mole
2936 577 3036 617 nos
3061 563 3406 622 obruturum,
3448 560 3504 611 et

255 647 541 742 ἀποφῆναι
570 647 793 740 τρόπον.
839 667 949 721 Καὶ
991 647 1340 735 ἀντανίστησι
1373 664 1471 735 μὲν
1501 661 1683 732 ἑαυτῷ
1711 661 1837 723 τοὺς

1961 662 2136 717 mitius
2180 661 2340 733 pretii
2376 674 2497 715 esse
2546 656 2794 712 homines
2844 663 3214 710 ostensurum.
3258 647 3351 711 Sic
3375 663 3506 717 ergo

258 766 399 837 πρὸς
426 763 581 834 ἡμῶν
611 761 805 828 λόγους
826 776 840 790 ·
873 759 1045 811 οἴεται
1082 758 1140 812 δὲ
1188 754 1683 825 κατευμεγεθήσειν
1737 755 1837 822 ρᾳ-
1937 754 2110 810 dixit:

254 858 414 920 διως,
458 854 553 909 καὶ
610 853 765 907 οὐδὲν
820 851 979 914 ὄντας
1023 851 1277 917 ἐπιφανεῖ
1330 847 1440 919 [Im
1489 843 1836 915 ἀποφανεῖνῖν

257 948 434 1002 καίτοι
466 943 872 1014 πρεσϐεύοντας
905 940 1154 1011 τάληθές.
1191 940 1333 1009 Ἔφη
1363 938 1419 991 δὲ
1445 937 1651 999 οὓτως·

331 1036 421 1108 [El
437 1036 594 1097 Θεὸς,
614 1033 800 1104 φησὶν,
830 1032 860 1084 6
881 1029 1135 1101 Χριστὸς,
1158 1028 1349 1099 ἐτέχθη
1380 1028 1437 1080 δὲ
1463 1027 1492 1079 6
1515 1023 1746 1095 Χριστὸς
1775 1024 1839 1076 ὲκ

257 1130 363 1199 τῆς
405 1127 683 1199 μακαρίας
713 1124 950 1195 Μαρίας,
1001 1121 1118 1184 πῶς
1161 1121 1262 1173 οὐκ
1294 1118 1441 1172 ἐστιν
1487 1119 1520 1188 ἡ
1565 1115 1839 1187 Παρθένος

258 1217 564 1282 Θεοτόκοςς
616 1215 783 1267 Οὐδὲν
834 1212 1064 1284 κρύπτω
1092 1210 1203 1263 τῶν
1236 1209 1366 1281 παρ’
1400 1209 1580 1261 αὐτῶν
1623 1205 1834 1260 ἀντιθέ-

258 1325 434 1363 σεων’
476 1311 506 1361 ό
537 1306 647 1376 γὰρ
686 1306 787 1375 τῆς
815 1303 1072 1375 ἀληθείας
1104 1301 1338 1372 ἐραστὴς
1373 1301 1551 1354 πάντα
1576 1298 1646 1351 τὰ
1688 1296 1840 1369 παρὰ

256 1398 356 1453 τοῦ
379 1398 610 1467 ψεύδους
637 1395 816 1465 ἑαυτῷ
849 1392 1172 1466 πρωλαὸὼν
1210 1391 1560 1464 ἀντιτίθησι.]
1582 1386 1715 1443 Εἶτα
1738 1390 1839 1461 τὴν

260 1487 415 1541 λύσιν
461 1486 748 1557 ἐπιφέρειν
794 1485 1067 1554 πειρᾶται,
1119 1481 1393 1544 τοιαύταις
1436 1483 1579 1535 τισὶν
1608 1480 1840 1543 ἐννοίαις

261 1551 581 1650 χρώμενοςοῂ
601 1551 925 1648 [ὴλάττεται
959 1575 1057 1645 μὲν
1086 1574 1217 1645 γὰρ,
1258 1575 1443 1642 φησιν,
1469 1575 1527 1625 ἐν
1563 1572 1745 1641 μήτρᾳ
1777 1569 1838 1621 τὸ

1961 1573 1996 1611 n
2024 1566 2176 1611 utero
2202 1555 2405 1620 infans,
2452 1556 2548 1611 sed
2580 1555 2756 1624 quoad
2786 1554 3013 1623 llgttram
3047 1551 3339 1619 acceperit,
3371 1564 3512 1603 non-

266 1640 499 1739 E'ptcéogo
532 1640 650 1721 ἀλλ’
676 1667 781 1730 ἓως
811 1666 912 1737 μὲν
939 1640 1498 1735 οὓπωνμεμόριρωται,
1525 1640 1705 1730 mm
1723 1640 1836 1712 δικ

1961 1650 2066 1703 lum
2117 1649 2281 1704 habet
2328 1648 2603 1702 animam:
2642 1654 2697 1701 at
2726 1646 2817 1699 ubi
2869 1645 3132 1714 ﬁguratus
3186 1641 3368 1705 fuerit,
3397 1640 3511 1709 jam

263 1719 825 1830 ἑᾶειϊέἰδοποιηθένι
857 1756 914 1809 δὲ
977 1756 1076 1826 ήδη
1123 1719 1394 1824 ὶρυὶχοὶὲται
1461 1719 1834 1821 Θεοῦ.

1961 1738 2122 1792 mima
2174 1736 2551 1791 informatura
2584 1736 2710 1790 Deo.
2763 1734 2834 1790 Ut
2865 1733 3031 1805 igitur
3074 1731 3266 1787 mulier
3317 1742 3513 1800 corpus

267 1822 476 1919 ’ἧσπερ
524 1844 618 1902 οὖν
663 1822 707 1918 ἡ-
735 1846 871 1917 γυνὴ
917 1822 1090 1899 τίδιτεί
1266 1844 1328 1897 τὸ
1369 1842 1548 1913 σῶμα,
1586 1841 1747 1911 ψυχοῖ
1781 1840 1839 1894 δὲ

1961 1829 2105 1893 iarit,
2144 1828 2237 1882 sed
2265 1827 2408 1882 Deus
2455 1826 2691 1879 animam
2716 1825 2926 1889 tribuit,
2958 1838 3130 1891 neque
3160 1822 3278 1876 ideo
3302 1822 3515 1875 dicetur

260 1941 416 2007 Θεὸς,
445 1912 557 1993 ’καὶ
590 1912 696 1993 οὐδέ
738 1912 802 1992 ἂν
835 1912 1047 2005 λέγοιτο
1092 1912 1228 2007 γυνὴ
1264 1912 1582 2005 ψυχοτόκος,
1618 1936 1700 1989 ὅτι
1742 1934 1843 2005 ἐμ-

1961 1919 2136 1973 ιηὶηιιε
2166 1918 2419 1989 genitrix,
2447 1918 2572 1987 quia
2600 1916 2810 1986 peperit
2838 1916 3156 1980 animatum,
3209 1914 3304 1967 sed
3337 1912 3514 1981 potius

262 2003 435 2102 ψυχον
480 2031 788 2100 ἐγέννησεν,
835 2003 1246 2099 ἀνθρωποτόκος
1404 2026 1634 2097 μᾶλλον,
1677 2003 1840 2091 οὕτω,

1962 2010 2176 2065 nominis
2203 2011 2437 2080 genitrix
2472 2027 2489 2077 ;
2523 2009 2602 2063 sic
2632 2021 2846 2078 quoque
2886 2007 3040 2061 beata
3088 2005 3269 2074 Virgo.
3315 2003 3513 2072 inquit,

267 2098 427 2191 ῲηξι,
476 2121 572 2174 καὶ
619 2098 1260 2191 ήήμακαρίαίῐιαρθένος,
1294 2118 1389 2172 καὶ
1426 2120 1476 2172 εί
1501 2118 1719 2171 τέτοκεν
1750 2118 1844 2171 ἆν-

1961 2101 2046 2157 ιιεί
2079 2101 2293 2170 peperit
2316 2100 2585 2155 hominem
2621 2100 2781 2154 simul
2811 2113 2934 2154 cum
2984 2098 3076 2153 illo
3102 2103 3517 2167 pertransennte

260 2187 508 2283 θρωπον,
529 2187 1001 2282 συμπαρελθόντος
1022 2187 1170 2281 αὐτῷ
1189 2208 1281 2262 τοῦ
1301 2208 1438 2262 Θεοῦ
1454 2209 1627 2278 Λόγου
1650 2208 1842 2280 (ταύτῃ

1961 2193 2038 2247 Dei
2079 2192 2257 2248 Verbo
2289 2192 2435 2262 (nam
2473 2191 2573 2245 hac
2624 2198 2706 2245 est
2745 2204 2879 2246 voce
2921 2188 3095 2261 usus),
3131 2204 3236 2244 non
3291 2187 3410 2243 ideo
3433 2193 3519 2241 est

2026 1016 2263 1071 Nssron.
2282 1012 2370 1084 [Si
2411 1012 2552 1067 Deus
2572 1011 2941 1075 estChristus,
2967 1008 3162 1079 inquit,
3189 1015 3242 1061 et
3261 1006 3509 1062 Christus

1936 1124 2005 1163 ex
2034 1108 2192 1162 beata
2226 1104 2393 1158 Maria
2451 1114 2535 1157 est
2579 1113 2754 1165 ortus,
2808 1117 2908 1155 cur
2947 1099 3112 1169 Virgo
3154 1114 3257 1153 non
3305 1099 3375 1153 sit
3412 1096 3510 1151 Dei

1937 1196 2213 1269 genitrix?
2236 1196 2379 1250 Nihil
2412 1194 2627 1249 occulto
2651 1193 2794 1264 quod
2818 1192 2886 1248 ab
2907 1191 3014 1246 illis
3052 1190 3346 1260 objicitur:
3382 1202 3509 1243 nam

1937 1289 2183 1343 veritatis
2208 1285 2623 1356 amatoriomnia
2655 1299 2773 1352 qua!
2806 1298 2835 1336 a
2868 1282 3098 1336 falsitate
3123 1280 3227 1335 dici
3258 1287 3507 1348 possunt,

1940 1390 2164 1450 accepta
2204 1378 2303 1433 sibi
2329 1376 2536 1445 objicit.
2580 1375 2708 1429 lnde
2754 1373 3076 1429 solutionem
3113 1369 3306 1425 aﬂerre
3344 1383 3511 1423 cona-

1942 1479 2029 1523 tur
2048 1468 2245 1523 talibus
2274 1466 2561 1523 sententiis
2592 1479 2754 1519 usus:
2796 1463 3084 1519 Formatur
3118 1462 3283 1527 enim,
3313 1459 3511 1529 inquit,

264 2305 377 2376 γὰρ
408 2304 686 2376 ἐχρήσατο
731 2305 795 2375 τῇ
825 2302 1022 2373 φωνῇ),
1067 2303 1127 2355 ού
1174 2302 1263 2356 διὰ
1297 2302 1455 2357 τοῦτο
1485 2299 1791 2374 Θεοτόκος.]

878 2437 1128 2491 ΚΕΦΛΑ.
1163 2439 1237 2490 Δ’.

339 2591 468 2668 *Δρ*
488 2590 606 2660 οὖν,
634 2593 756 2647 εἰπέ
788 2610 897 2662 μοι,
930 2590 1277 2661 διαϐέϐληται
1309 2590 1463 2660 παρὰ
1512 2590 1594 2644 σοὶ
1620 2590 1681 2644 τὸ
1710 2590 1846 2661 πρὸς

1945 2284 2042 2342 Dei
2066 2283 2358 2355 genitrix.]

2600 2416 2749 2474 CAP.
2782 2414 2874 2471 Ν.

2021 2575 2153 2629 Num
2194 2575 2375 2645 igitur,
2405 2586 2609 2643 quaeso,
2633 2573 2999 2629 accusandum
3062 2580 3219 2639 putas
3250 2571 3392 2643 quod
3427 2573 3515 2628 di-

475 2687 803 2759 εἰρημένονς
858 2680 968 2752 ἆρά
1018 2700 1098 2736 σοι
1129 2682 1275 2736 δοκεῖ
1320 2685 1432 2745 τοῖς
1468 2681 1641 2745 οὕτως
1671 2681 1846 2753 ὀρθῶς

1961 2669 2089 2721 ritur
2117 2682 2145 2720 a
2189 2666 2343 2720 nobis
2371 2666 2396 2718 ?
2429 2680 2554 2718 num
2615 2663 2732 2729 tibi,
2776 2678 2895 2733 quae
2933 2671 3041 2715 tam
3094 2672 3242 2717 recta
3292 2675 3420 2719 sunt
3455 2676 3520 2717 ac

269 2752 375 2837 διαὶ
403 2752 713 2847 ἅκιϐόηλως
742 2775 955 2846 ἔχουσιν
996 2774 1262 2838 ἀσυνέτως
1291 2776 1569 2845 ἐπιτιμᾷν,
1601 2752 1847 2842 καὶίοὺχὶ

1961 2759 2138 2826 proba,
2161 2756 2323 2811 stulte
2355 2754 2793 2822 reprehendenda
2819 2752 3098 2807 videntur?
3123 2768 3186 2807 ac
3210 2769 3313 2808 non
3343 2755 3521 2822 potius

272 2872 373 2927 τοῦ
411 2870 487 2941 μὴ
534 2843 802 2921 δύνασθαι
836 2864 1077 2932 δοξάζειν
1106 2864 1143 2918 ἃ
1178 2865 1305 2936 χρὴ,
1350 2843 1453 2935 τῆξ
1483 2843 1682 2918 σαυτοῦ
1727 2864 1844 2917 δια-

1961 2856 2183 2902 ιιιειιιειη
2228 2854 2373 2898 tuam
2420 2843 2705 2899 accusabis
2757 2844 2898 2908 quod
2959 2853 3104 2897 recte
3157 2846 3361 2898 sentire
3415 2858 3520 2898 non

266 2930 429 3024 νοίας
469 2930 747 3028 ίιαθοριεῐς
787 2954 858 3008 τὰ
902 2930 1385 3025 ἐγκλήματαίΟἷς
1406 2930 1521 3025 ἰγὰρ
1556 2955 1621 3006 ἂν
1650 2952 1846 3023 ἁπᾴδοι

1961 2935 2308 3006 raleat?18
2334 2934 2471 2987 Nam
2513 2931 2709 3002 quibus
2751 2930 2999 3001 displicet
3048 2933 3278 2995 veritas,
3320 2933 3383 2986 iis
3418 2947 3520 2988 usu

268 3053 337 3107 τὸ
376 3024 839 3122 ἁληθὲςξτούτοις
866 3047 932 3100 ἂν
960 3024 1187 3115 γένοιτο,
1226 3046 1321 3099 καὶ
1360 3024 1756 3114 λίαννὲτοίμως,
1789 3047 1847 3098 ὲν

1961 3032 2120 3095 venit,
2145 3029 2432 3098 etquidem
2466 3025 2742 3091 facillime,
2782 3032 2841 3077 ut
2870 3024 2921 3078 id
2970 3024 3112 3092 quod
3151 3036 3308 3079 secus
3360 3025 3525 3080 habet

274 3115 561 3214 παραδοχῇ
586 3140 648 3193 τὸ
678 3139 751 3210 μὴ
777 3138 951 3201 οὕτως
988 3137 1131 3208 ἔχον,
1158 3137 1251 3191 καὶ
1278 3136 1339 3189 τὺ
1366 3139 1478 3200 τοῖς
1507 3138 1849 3207 ἁριστοεπεῑν

1961 3121 2402 3192 amplectantur:
2460 3129 2517 3173 et
2584 3127 2731 3171 recte
2787 3116 3070 3185 loquentes
3131 3115 3525 3186 reprehendere

275 3234 528 3290 εἰωθόσιν
548 3233 827 3302 ἐπιτιμᾷν,
850 3229 933 3302 εἴη
956 3229 1021 3282 ἂν
1043 3228 1144 3282 οὐκ
1170 3228 1425 3298 ἀζήμιον⁹
1451 3226 1649 3297 μᾶλλον
1669 3226 1727 3279 δὲ
1748 3226 1851 3297 ἤδη

273 3327 377 3382 καὶ
402 3324 674 3389 ἀπόδειξις
705 3320 941 3394 ἐναργὴς
965 3319 1058 3375 τοῦ
1091 3319 1514 3392 προσκεκλίσθαι
1545 3318 1622 3389 τῷ
1646 3317 1850 3387 ψεύδει,

275 3420 377 3474 καὶ
412 3417 506 3472 τοῦ
534 3417 751 3471 ἑλέσθαι
777 3417 963 3486 τιμᾷν,
997 3414 1032 3468 ἃ
1059 3415 1152 3468 καὶ
1187 3416 1363 3484 μισεῖν
1395 3412 1640 3484 ἄμεινον,
1669 3412 1746 3474 ὡς
1773 3410 1855 3462 λο-

276 3509 483 3581 γισμοῦ
526 3508 622 3563 τοῦ
656 3508 865 3570 εἰκότος
907 3504 1290 3576 ἡμαρτηκότα.
1337 3503 1498 3557 Ἀλλὰ
1524 3502 1634 3556 τῶν
1682 3500 1855 3564 οὕτως

279 3601 525 3672 αἰσχρῶν
551 3598 811 3669 ἐννοήσας
848 3595 1023 3659 οὐδεὶς
1044 3593 1267 3667 [οὐδὲν],
1284 3594 1475 3648 ἑαυτὸν
1507 3594 1605 3664 μὲν
1626 3593 1729 3665 ἔφη
1756 3594 1855 3663 τῆς

278 3691 541 3761 ἀληθείας
566 3688 819 3759 γενέσθαι
842 3687 934 3740 τὸν
954 3684 1207 3756 ἐραστὴν,
1225 3687 1372 3757 ἡμᾶς
1400 3685 1456 3737 δὲ
1477 3684 1855 3739 τεκταίνεσθαι

278 3785 345 3839 τὸ
372 3784 566 3854 ψεῦδος
602 3782 785 3852 αὐτῷ’
808 3780 987 3834 καίτοι
1019 3779 1079 3832 τὸ
1108 3781 1296 3850 χρῆμα
1323 3777 1470 3830 εστιν
1498 3777 1558 3842 ἐξ
1586 3776 1857 3846 ἀντιστρόο

279 3891 388 3944 φοι)
427 3874 627 3946 μᾶλλον
663 3874 810 3938 ἰδεῖν,
849 3874 933 3927 ὅτι
971 3887 1031 3924 τε
1062 3870 1239 3939 ὀρθῶς
1269 3869 1403 3939 ἔχει,
1433 3869 1525 3923 καὶ
1553 3868 1698 3920 ἔστιν
1730 3867 1859 3937 ἀλη-

282 3965 378 4029 θές
402 3983 415 3995 ·
461 3966 521 4019 '0
549 3964 658 4034 γάρ
688 3981 769 4017 τοι
802 3961 896 4015 τοῦ
928 3961 1156 4028 ψεύδους
1210 3960 1303 4011 καὶ
1337 3956 1436 4026 τῆς
1467 3956 1684 4025 ἀπάτης
1733 3971 1859 4008 συν-

232 4126 239 4131 λ
282 4057 487 4125 ήγορος
533 4055 646 4115 τοῖς
699 4053 800 4121 τῆς
856 4049 1112 4121 ἀληθείας
1166 4049 1556 4109 συνασπισταῖς
1598 4047 1858 4101 ἀνάπτειν

282 4145 548 4213 πειρᾶται
598 4145 695 4211 τῆς
748 4138 1116 4209 ψευδομυθὶας
1162 4138 1255 4191 τὸν
1306 4138 1509 4208 μῶμον,
1566 4139 1705 4209 τάχα
1755 4156 1857 4193 που

282 4236 381 4289 καὶ
432 4235 514 4298 εἰς
564 4232 734 4303 λήθην
781 4229 1060 4301 ἐληλακὼς
1110 4229 1201 4283 τοῦ
1252 4232 1526 4302 προφήτου
1579 4230 1856 4299 λέγοντος·

292 4345 314 4378 ι
361 4326 494 4379 Οὐαὶ
526 4326 576 4378 ol
611 4324 863 4392 λέγοντες
906 4322 968 4375 τὸ
1011 4322 1244 4392 πονηρὸν
1290 4322 1473 4382 καλὸν,
1505 4323 1596 4376 καὶ
1617 4323 1677 4375 τὸ
1699 4324 1860 4376 καλὸν

1949 3215 2090 3269 haud
2141 3214 2337 3268 damno
2362 3219 2537 3275 vacat,
2572 3210 2683 3263 imo
2726 3221 2856 3261 vero
2889 3217 3267 3276 argumentum
3298 3217 3382 3263 est
3405 3208 3522 3264 evi-

1950 3307 2082 3361 dens
2110 3306 2273 3359 animi
2311 3304 2376 3358 ad
2411 3303 2700 3358 falsitatem
2731 3303 3004 3371 propensi,
3027 3310 3081 3355 et
3107 3316 3168 3355 ea
3192 3302 3525 3370 amplecten-

1954 3400 2024 3454 tis
2057 3412 2177 3468 quas
2199 3396 2474 3451 exsecrari
2534 3403 2757 3463 praestat
2790 3401 2846 3447 ut
2876 3408 2905 3446 a
2935 3401 3079 3447 recta
3118 3393 3327 3447 ratione
3366 3392 3525 3448 dissi-

1953 3490 2155 3545 dentia.
2185 3485 2293 3542 Sed
2326 3502 2484 3555 quam
2517 3485 2623 3541 sint
2661 3487 2771 3538 haec
2801 3484 2974 3553 turpia
3012 3483 3144 3537 nihil
3172 3484 3435 3554 cogitans,
3464 3497 3526 3537 se

1953 3594 2072 3635 esse
2106 3580 2240 3634 dixit
2274 3576 2517 3631 veritatis
2550 3584 2872 3639 amatorem,
2922 3589 3020 3630 nos
3076 3583 3264 3630 contra
3314 3586 3526 3628 struere

1954 3670 2290 3726 mendacium
2333 3686 2347 3723 :
2388 3683 2508 3723 cum
2561 3668 2612 3722 id
2668 3665 2978 3721 econtrario
3036 3676 3092 3720 et
3155 3664 3525 3721 rationahiiius

1955 3777 2073 3818 esse
2100 3771 2155 3816 et
2201 3761 2382 3816 verius
2429 3760 2773 3829 perspicuum
2815 3758 2886 3813 sit
2918 3772 3083 3813 :nam
3139 3756 3388 3812 falsitatis
3437 3769 3526 3809 er-

1957 3851 2204 3918 rorisque
2231 3859 2507 3919 patronus,
2534 3848 2776 3904 veritatis
2816 3854 3240 3916 pr0pugnatores
3277 3839 3527 3899 falsitatis

1958 3944 2166 3998 macula
2194 3950 2420 3996 conatur
2450 3954 2757 4010 aspergere.
2780 3939 2980 3993 oblitus
3010 3938 3236 3992 fortasse
3254 3939 3529 4005 propheta:

1959 4037 2188 4090 dicentis
2227 4052 2239 4086 :
2283 4054 2300 4085 ι
2336 4032 2428 4086 Va:
2459 4033 2548 4100 qui
2575 4031 2978 4086 dicunthonum
3006 4028 3203 4080 malum
3243 4034 3300 4081 et
3333 4027 3529 4079 malum

1958 4131 2183 4190 bonum,
2218 4125 2307 4194 qui
2341 4131 2546 4193 ponunt
2584 4122 2834 4176 tenebras
2873 4119 3047 4173 lucem
3095 4128 3149 4172 et
3175 4118 3347 4172 lucem
3380 4128 3531 4171 tene-

1960 4222 2090 4275 bras
2123 4216 2252 4271 ⁸⁸1»
2292 4213 2487 4268 Verum
2511 4225 2578 4266 ex
2623 4209 2787 4263 allato
2841 4223 2871 4263 a
2925 4223 2985 4263 se
3023 4209 3266 4278 exemplo
3320 4205 3532 4263 nescire

1964 4313 2111 4368 illum
2155 4319 2340 4379 aperte
2386 4304 2512 4373 quid
2543 4304 2706 4365 dicat,
2738 4314 3032 4370 coarguere
3061 4302 3318 4355 conabor.

288 4415 556 4487 πονηρόν·
590 4415 638 4467 οί
673 4390 915 4475 τιθέντες
958 4411 1020 4463 τὸ
1057 4390 1242 4473 σκότος
1280 4412 1359 4474 εἰς
1409 4411 1546 4479 φῶς,
1579 4412 1671 4465 καὶ
1710 4412 1769 4465 τὸ
1814 4413 1929 4482 φῶς
1957 4396 2061 4470 ἐίς
2108 4400 2316 4471 σκότος,
2353 4415 2371 4448 ³
2414 4392 2559 4462 Πλὴν
2585 4393 2649 4446 ἐκ
2682 4390 2774 4444 τοῦ
2814 4390 3199 4462 παροισθέντος
3236 4390 3385 4459 αὒτῷ
3424 4406 3533 4442 πα·

290 4509 648 4581 ραδείγματος
699 4507 832 4578 μηδὲ
885 4506 1062 4559 εἰδότα
1117 4505 1324 4575 σαφῶς,
1373 4506 1401 4559 ὃ
1452 4506 1621 4575 λέγει,
1671 4508 1936 4576 διελέγξαι
1967 4501 2317 4574 πειράσομαι.

360 4576 617 4649 Τίκτεται
652 4576 884 4666 μὲνγὰρ
926 4596 1035 4649 ἀπὸ
1078 4596 1278 4666 σαρκὸς
1321 4597 1355 4665 ἡ
1401 4594 1537 4667 σὰρξ
1581 4596 1852 4667 ὁμολογουι

2039 4590 2291 4659 Gignitur
2315 4583 2458 4640 enim
2498 4596 2526 4635 a
2557 4594 2721 4636 carne
2777 4593 2904 4633 caro
2932 4576 3115 4647 procul
3147 4577 3328 4645 dubio,
3362 4586 3416 4632 et
3448 4580 3535 4637 ille

292 4687 509 4759 μένως·
548 4689 577 4749 6
613 4686 668 4740 δέ
711 4704 774 4754 γε
804 4687 912 4740 τῶν
945 4688 1081 4741 ὅλων
1114 4687 1455 4758 Δημιουργὸς
1500 4687 1624 4740 καθ’
1650 4687 1708 4741 όν
1746 4683 1854 4741 οἶδε

288 4778 494 4851 τρόπον
539 4793 597 4828 τε
651 4777 742 4829 καὶ
785 4777 960 4845 λόγον,
1009 4779 1243 4830 ποιεῖται
1273 4776 1370 4846 τὴν
1415 4776 1694 4846 ψύχωσιν·
1748 4776 1863 4830 ἀλλ’

290 4873 324 4940 ἡ
354 4867 592 4921 τεκοῦσα
622 4866 776 4936 γυνὴ,
824 4868 1001 4920 καίτοι
1037 4867 1205 4936 μόνης
1237 4863 1371 4920 οὖσα
1400 4867 1554 4936 πηγὴ
1596 4869 1695 4938 τῆς
1742 4884 1866 4936 σαρ·

292 4961 406 5021 κὸς,
461 4957 748 5027 ἄνθρωπον
796 4956 916 5010 ὅλον
958 4959 1246 5011 ἀποτεκεῖν
1283 4959 1618 5023 πιστεύεται,
1668 4957 1757 5010 τὸν
1801 4958 1866 5009 ὲκ

290 5048 470 5118 ψυχῆς
502 5047 568 5116 δὴ
614 5045 757 5113 λέγω
803 5046 894 5099 καὶ
942 5045 1211 5116 σώματος,
1266 5046 1442 5100 καίτοι
1471 5044 1604 5116 πρὸς
1632 5045 1731 5115 τὴν
1766 5046 1866 5115 τῆς

294 5140 473 5210 ψυχῆς
528 5136 764 5209 ’ὕπαρξιν
808 5137 916 5190 τῶν
962 5140 1091 5209 παρ’
1140 5139 1337 5209 ἑαυτῆς
1385 5135 1866 5205 συνεισενεγκοῦσα

299 5231 467 5301 μηδέν
494 5247 507 5260 ·
540 5230 568 5281 6
607 5228 664 5280 δέ
702 5244 765 5295 γε
814 5226 1094 5299 ἄνθρωπον
1142 5228 1331 5292 εἰπὼν,
1383 5227 1717 5296 συνεσήμηνέ
1765 5243 1866 5278 που

295 5322 514 5381 πάντως
545 5319 621 5387 τῷ
654 5317 867 5389 σώματι
895 5318 995 5386 τὴν
1020 5319 1306 5372 ὲνωθεῖσαν
1337 5316 1487 5388 αύτῷ
1515 5317 1711 5386 ψυχήν.
1747 5316 1869 5367 Ὠσ-

297 5425 402 5480 περ
429 5402 522 5459 οὖν
549 5409 582 5476 ἡ
626 5407 782 5478 γυνὴ,
823 5405 998 5460 καίτοι
1033 5405 1267 5460 τεκοῦσα
1293 5407 1354 5459 τὸ
1385 5406 1544 5476 σῶμα
1571 5404 1751 5475 μόνον,
1780 5404 1869 5457 τὸν

294 5500 359 5550 ἔκ
390 5495 570 5565 ψυχῆς
604 5497 695 5547 καὶ
741 5495 996 5567 σώματος
1030 5494 1342 5552 ἀποτίκτειν
1385 5496 1638 5563 λέγεται·
1690 5491 1868 5545 διαλυ-

366 5677 407 5707 ⁸¹
453 5672 562 5727 lsa.
598 5686 649 5739 ν,
678 5673 762 5726 Q0.

1968 4696 2149 4738 rerum
2180 4676 2419 4732 omnium
2451 4670 2643 4740 Opifex
2691 4669 2849 4723 modo
2877 4677 2931 4723 et
2974 4667 3181 4723 ratione
3215 4684 3372 4737 quam
3419 4671 3534 4741 ipse

1966 4772 2136 4835 novit,
2171 4776 2229 4822 ut
2265 4765 2500 4819 animata
2565 4762 2637 4815 sit
2692 4756 2851 4813 ellicit
2896 4751 2923 4811 ι’
2954 4758 3047 4813 sed
3107 4768 3283 4813 tamen
3343 4761 3536 4817 mulier

1967 4877 2085 4931 quae
2139 4857 2369 4930 peperit,
2421 4852 2528 4906 etsi
2580 4850 2759 4905 carnis
2813 4850 3186 4904 tantummodo
3232 4851 3303 4904 sit
3362 4852 3534 4920 origo,

1969 4962 2138 5007 totum
2172 4948 2444 5003 hominem
2475 4955 2649 4998 tamen
2693 4942 2853 4997 enixa
2909 4941 3176 5007 creditur,
3234 4957 3300 4995 ex
3355 4941 3536 4994 anima

1966 5043 2184 5111 inquam
2209 5052 2262 5092 et
2286 5051 2529 5106 corpore,
2556 5034 2802 5104 quamvis
2829 5034 2894 5087 ad
2941 5033 3310 5090 exsistentiam
3345 5032 3537 5085 animae

1967 5133 2104 5189 nihil
2131 5148 2160 5186 a
2196 5146 2255 5186 se
2286 5131 2398 5198 ipsa
2426 5126 2752 5182 contulerit:
2791 5126 2884 5179 sed
2936 5134 3116 5179 tamen
3142 5123 3231 5193 qui
3266 5123 3534 5176 hominem

1967 5225 2126 5289 dixit,
2159 5223 2392 5277 animam
2426 5234 2639 5290 quoque
2670 5217 2883 5285 corpori
2935 5218 3142 5270 unitam
3181 5213 3341 5267 simul
3371 5214 3537 5283 signi-

1969 5313 2167 5367 ﬁcavit.
2206 5312 2275 5366 Ut
2305 5325 2434 5380 ergo
2459 5308 2652 5362 mulier
2674 5304 2918 5375 quamvis
2938 5304 3113 5357 solum
3141 5317 3336 5371 corpus
3354 5302 3534 5365 enixa,

1969 5418 2030 5458 ea
2065 5416 2290 5471 corpore
2314 5409 2369 5455 et
2396 5401 2574 5452 anima
2624 5401 2963 5452 constantem
2998 5393 3272 5463 peperisse
3311 5390 3536 5451 dicitur,

1972 5505 2147 5562 neque
2172 5500 2346 5544 tamen
2380 5489 2431 5544 id
2460 5490 2652 5542 anima:
2685 5483 2986 5540 rationibus
3030 5485 3322 5553 quidquam
3350 5477 3535 5541 oﬂicit,
