3926 6126
356 254 421 308 πε,
1327 251 1387 308 s.
1410 250 1686 310 crtum
1723 254 2192 337 ALEXANDRINI
2228 262 2547 321 ARCHIEP.
3541 280 3619 338 to

353 365 507 432 quasi
551 378 768 419 carnem
808 379 918 420 sua:
951 363 1284 420 exsistentiae
1313 364 1566 421 habuerit
1592 367 1829 430 initium,
1857 367 1931 422 ita

2040 378 2288 444 μανεῖται
2331 379 2388 432 δὲ
2430 380 2588 434 τοῦτο
2617 383 2726 445 τοῖς
2771 382 2868 452 τῆς
2895 382 3073 455 ψυχῆς
3115 384 3295 455 λόγοις
3327 388 3498 455 οὐδὲν,
3533 393 3618 459 ὡς

353 457 519 509 etiam
547 470 605 510 se
626 470 713 510 res
742 455 905 510 habet
932 455 989 509 in
1042 455 1195 509 beata
1244 452 1657 524 Virginemam
1715 458 1931 512 etiamsi

354 551 559 595 sancta:
610 542 752 595 illius
814 543 999 597 carnis
1058 552 1141 597 est
1192 552 1385 607 mater,
1422 546 1672 598 ’attamen
1722 547 1933 600 unitum

356 632 458 685 sibi
512 647 696 687 revera
730 632 858 687 illml
893 648 959 687 ex
1023 635 1129 687 Deo
1173 633 1341 687 Deum
1398 633 1630 689 Verbum
1682 639 1931 707 peperit:

360 735 533 790 neque
568 722 612 776 si
666 723 786 790 quis
820 723 962 775 illam
1000 722 1091 774 Dei
1130 723 1447 790 genitricem
1500 726 1721 790 dixerit,
1762 730 1936 783 conti-

361 826 467 863 nuo
515 826 737 880 prorsus
785 811 875 864 Dei
927 809 1104 865 Verbo
1163 813 1455 867 novitatem
1520 814 1797 885 impinget,
1842 825 1937 871 aut

360 916 470 954 sure
527 901 854 954 exsistentim
902 900 1117 954 initium
1155 916 1374 955 acerne
1425 904 1640 958 duxisse
1693 906 1932 971 deﬁniet,

361 992 455 1047 sed
504 991 686 1056 potius
721 991 1153 1061 dispensationis
1206 992 1426 1045 modum
1454 993 1743 1065 intelliget,
1775 1004 1936 1065 atque

358 1081 517 1137 etiam
538 1081 613 1134 rei
643 1088 807 1134 tanta:
830 1081 1191 1136 admiratione
1217 1082 1424 1138 deﬁxus
1446 1084 1622 1139 dicet:
1650 1103 1667 1136 ι
1690 1084 1934 1150 Domine,

360 1173 532 1227 audivi
574 1171 815 1226 auditum
851 1183 1023 1237 tuum,
1078 1182 1132 1226 et
1170 1173 1359 1239 timui;
1415 1173 1654 1241 Domine,
1685 1176 1934 1231 conside-

358 1264 470 1318 ravi
501 1277 664 1332 opera
709 1273 816 1328 tua,
847 1273 900 1317 et
931 1264 1128 1332 expavi
1155 1264 1221 1317 ⁸¹.
1263 1282 1282 1315 ι
1324 1263 1427 1317 Sed
1473 1264 1577 1320 iste
1607 1266 1825 1333 sapiens
1882 1268 1932 1320 in

360 1354 547 1423 primis
575 1362 629 1406 et
654 1361 845 1406 acutus
882 1355 1185 1418 expositor,
1229 1355 1320 1421 qui
1354 1354 1460 1407 vim
1520 1355 1750 1423 exempli
1804 1371 1928 1425 per.

359 1441 612 1510 cepisset,
672 1437 809 1511 [Sic,
881 1441 1077 1507 inquit,
1142 1441 1305 1496 etiam
1368 1445 1521 1497 beata
1577 1442 1769 1514 Virgo,
1832 1445 1931 1499 etsi

360 1533 566 1601 peperit
597 1531 868 1585 hominem
916 1532 1075 1585 simul
1116 1542 1532 1601 pertranseunte
1566 1550 1689 1589 cum
1716 1535 1804 1591 illo
1835 1535 1928 1589 Dei

362 1621 557 1685 Verbo,
599 1636 704 1675 non
751 1622 873 1675 ideo
916 1631 1000 1675 est
1034 1622 1126 1675 Dei
1172 1624 1403 1692 genitrix
1439 1642 1453 1678 :
1493 1625 1598 1694 19
1639 1640 1743 1680 non
1785 1627 1928 1681 enim

361 1711 796 1782 Verbi‘dignitas
827 1728 853 1766 a
898 1714 1052 1767 beata
1091 1714 1306 1784 Virgine
1334 1718 1519 1784 cmpit,
1553 1720 1646 1771 sed
1692 1727 1813 1771 erat
1839 1733 1930 1771 na-
1964 1712 2008 1769 Β

364 1810 484 1858 tura
539 1801 728 1874 Deus.]
750 1803 894 1870 Quid
953 1813 1132 1858 autem
1187 1806 1259 1860 sit
1315 1807 1549 1862 Verbum
1605 1809 1764 1862 simul
1807 1824 1932 1865 cum

362 1906 527 1947 carne
575 1893 928 1962 pertransire,
962 1893 1075 1961 ipse
1099 1892 1328 1949 fortasse
1351 1897 1519 1960 norit,
1546 1910 1610 1950 ac
1632 1896 1798 1952 solus.
1829 1898 1935 1953 Sed

361 1983 498 2038 satis
522 1984 708 2038 mirari
741 1999 949 2054 nequeo
981 1994 1087 2038 tam
1116 1986 1370 2041 subtilem
1406 1988 1548 2043 illius
1579 1989 1932 2060 diligentiam.

360 2074 493 2129 Nam
520 2075 754 2130 Verbum
801 2077 976 2146 ipsum
1018 2077 1109 2131 Dei
1141 2079 1352 2133 unitum
1385 2094 1504 2134 esse
1550 2083 1699 2135 carni
1730 2097 1931 2138 secun-

358 2167 482 2222 dum
539 2168 893 2238 hypostasim,
947 2182 1128 2223 sermo
1186 2169 1433 2224 veritatis
1484 2173 1740 2240 praedicat
1783 2191 1798 2228 :
1847 2174 1936 2229 hic

358 2273 486 2314 vero
532 2259 694 2313 simul
755 2261 1114 2329 pertransisse
1169 2261 1461 2331 (quidnam
1517 2278 1582 2319 eo
1614 2264 1778 2318 verbo
1808 2264 1938 2320 velit

357 2349 572 2419 nescio)
607 2365 749 2420 saepe
789 2352 1065 2406 ineulcans
1111 2351 1365 2408 atlirmat.
1424 2355 1631 2409 Deinde
1678 2371 1801 2411 cum
1869 2356 1937 2412 de

358 2452 548 2496 natura
581 2445 736 2498 nobis
761 2452 817 2499 et
845 2445 1053 2500 unitate
1075 2447 1369 2500 secundum
1399 2448 1734 2517 liypostasim
1760 2452 1937 2506 omnis

357 2533 431 2589 sit
488 2536 626 2589 ratio
681 2523 979 2607 proposita,
1029 2546 1084 2592 et
1133 2539 1502 2608 pervestigare
1557 2542 1773 2596 studeat
1828 2559 1936 2598 non

357 2624 612 2697 quidnam
675 2627 746 2681 sit
786 2628 1085 2682 secundum
1152 2629 1471 2699 dignitatem
1532 2633 1658 2687 illud
1716 2648 1783 2689 cx
1830 2635 1938 2690 Deo

358 2714 618 2781 Verbum,
654 2719 748 2772 sed
785 2728 967 2772 utrum
1029 2734 1093 2774 ex
1149 2720 1553 2789 dispensatione
1606 2723 1807 2778 factum
1867 2725 1940 2780 sit

361 2806 567 2869 homo,
625 2818 677 2861 et
734 2823 953 2863 carnem
1003 2824 1066 2865 ex
1123 2810 1346 2865 muliere
1401 2815 1671 2883 propriam
1725 2814 1937 2881 fecerit,

356 2896 705 2964 qumstionem
757 2898 811 2951 in
866 2897 969 2952 alia
1011 2899 1246 2954 absurde
1289 2900 1572 2963 transfert,
1605 2903 1786 2972 aitque
1830 2920 1937 2958 non

356 3000 425 3041 ex
455 2987 608 3040 beata
655 2988 876 3058 Virgine
935 2989 1252 3056 dignitatem
1304 3005 1430 3044 csse
1476 2990 1652 3046 Verbo
1701 3001 1933 3062 partam,

359 3077 455 3131 sed
505 3076 674 3132 fuisse
722 3088 915 3132 natura
946 3078 1143 3132 Deum.
1165 3080 1235 3132 At
1268 3082 1539 3147 quomodo
1575 3097 1678 3136 non
1728 3084 1934 3154 perspi:

358 3181 516 3221 cuum
565 3168 639 3220 sit
686 3168 897 3221 diversa
945 3181 1169 3235 prorsus
1201 3183 1321 3223 esse
1368 3170 1686 3240 dignitatem
1730 3183 1784 3227 et
1833 3190 1932 3228 na-

362 3266 542 3310 turam
571 3257 595 3309 i
622 3255 728 3310 Sed
787 3258 840 3310 in
875 3256 959 3310 bis
1006 3258 1169 3312 rebus
1201 3259 1550 3315 subtilitatem
1586 3263 1792 3318 dicendi
1827 3279 1930 3319 non

361 3344 545 3414 magni
573 3347 878 3414 pendimus.
906 3346 1059 3412 Quod
1090 3358 1269 3404 autem
1321 3352 1584 3421 sequitur,
1627 3354 1934 3422 perspicere

360 3436 732 3490 necessarium
782 3450 905 3490 esse
958 3452 1339 3492 censemnam
1392 3440 1458 3494 iis
1514 3455 1633 3509 quae
1688 3455 1718 3494 a
1777 3443 1933 3496 nobis

359 3526 636 3591 dicuntur,
683 3525 829 3580 aliud
879 3528 1148 3596 quoddam
1192 3529 1379 3599 objicit
1426 3540 1827 3601 argumentum,
1877 3542 1935 3586 ut

359 3616 476 3686 ipse
502 3628 651 3672 certe
674 3626 845 3686 putat,
906 3618 1218 3675 inevitabile
1254 3636 1387 3676 sane
1416 3631 1469 3676 et
1500 3623 1631 3676 satis
1676 3624 1930 3689 validum,

359 3717 422 3763 ut
452 3710 630 3777 possit
673 3718 724 3762 et
763 3710 977 3780 quidem
1038 3713 1299 3766 audacter
1352 3714 1519 3782 ipsam
1568 3715 1934 3772 Emmanuelis

368 3813 435 3854 ex
477 3800 703 3853 muliere
756 3801 1158 3868 generationem
1195 3801 1376 3858 ludum
1431 3806 1588 3861 nobis
1625 3815 1680 3861 et
1716 3808 1930 3864 inanem

359 3885 599 3944 fabulam
628 3888 877 3945 reddere.
903 3890 1089 3960 Itaque
1118 3892 1201 3947 sic
1240 3908 1426 3948 rursus
1454 3895 1529 3948 ait
1561 3911 1575 3949 :

425 4126 659 4181 Nss'ron.
705 4126 725 4199 [
751 4126 824 4182 De
853 4128 1009 4184 beato
1038 4129 1245 4186 Joanne
1282 4130 1520 4204 Baptista
1555 4136 1878 4204 praedicatur
1901 4153 1930 4192 a

356 4219 559 4273 sanctis
601 4220 804 4288 angelis
828 4259 843 4283 ,
880 4220 1206 4290 implendum
1254 4218 1373 4277 esse
1435 4225 1693 4279 infantem
1728 4227 1929 4295 Spiritu

2038 470 2214 541 σάρκα
2261 471 2358 539 τήν
2412 472 2520 526 ἀπὸ
2563 476 2664 545 τῆς
2710 473 2849 538 ίδίας
2884 475 3181 548 ὑπάρξεως
3226 478 3617 555 λαμϐανούσης

2036 562 2231 632 ἀρχὴν,
2277 563 2418 616 οὕτω
2453 564 2545 617 καὶ
2586 565 2679 618 ἐπὶ
2730 568 2828 637 τῆς
2874 568 3150 639 μακαρίας
3200 571 3516 644 Παρθένου·
3559 578 3614 631 ει

2035 656 2144 726 γὰρ
2171 657 2265 711 καὶ
2311 659 2492 729 μήτηρ
2521 659 2637 712 ἐστὶ
2670 660 2769 730 τῆς
2811 661 2973 731 ἁγίας
3005 664 3227 734 σαρκὸς.
3262 667 3377 720 ἀλλ’
3404 664 3497 723 οὖν
3526 671 3618 724 ὲκ-

2034 747 2257 802 τέτοκεν
2304 750 2570 804 ἑνωθέντα
2602 752 2737 823 αὐτῇ
2770 753 2911 805 κατὰ
2953 753 3212 824 ἀλήθειαν
3244 756 3336 810 τὸν
3379 759 3443 812 ὲκ
3472 760 3611 814 Θεοῦ

2035 840 2167 893 Θεὸν
2201 841 2371 909 Λόγον
2393 858 2404 869 ·
2451 842 2556 896 κᾶν
2597 843 2650 896 εἰ
2691 861 2774 907 τις
2802 844 2937 918 λέγῃ
2974 845 3235 902 Θεοτόκον
3263 850 3455 921 αὐτὴν,
3488 852 3613 921 οὐχὶ

2034 931 2097 1002 δή
2144 949 2247 985 που
2279 933 2499 998 πάντως
2536 933 2781 1006 καθοριεῖ
2821 935 2914 989 τοῦ
2942 937 3076 990 Θεοῦ
3106 938 3284 1007 Λόγου
3321 941 3382 994 τὸ
3418 940 3614 997 νεώτε-

2039 1041 2151 1096 ρον,
2176 1024 2300 1078 οὔτε
2333 1026 2439 1096 μὴν
2459 1027 2558 1098 τῆς
2582 1027 2715 1091 ίδίας
2741 1028 3027 1100 ὑπάρξεως
3053 1031 3153 1102 τὴν
3178 1033 3355 1106 ἀρχὴν
3380 1036 3614 1107 πεποιῆ-

2038 1114 2161 1168 σθαι
2188 1115 2286 1186 τὴν
2321 1117 2500 1189 σάρκα
2520 1134 2534 1148 ·
2567 1119 2785 1189 συνήσει
2827 1118 2883 1172 δὲ
2924 1107 3122 1189 μᾶλλον
3167 1122 3270 1193 τῆς
3298 1125 3611 1196 οἰκονομίας

2033 1205 2124 1256 τὸν
2153 1205 2386 1275 τρόπον’
2428 1206 2520 1260 καὶ
2550 1207 2612 1275 δὴ
2660 1208 2753 1261 καὶ
2795 1208 3079 1277 Θαυμάσας
3109 1210 3170 1263 τὸ
3211 1211 3420 1282 χρῆμα,
3460 1213 3608 1285 ἐρεῖ·

2040 1309 2060 1343 ι
2106 1292 2301 1365 Κύριε,
2333 1295 2633 1366 είσακήκοα
2672 1296 2769 1367 τὴν
2804 1297 2975 1367 ἀκοήν
3011 1315 3125 1361 σου,
3156 1300 3251 1353 καὶ
3297 1301 3607 1373 ἐφοϐήθην·

2035 1381 2226 1451 Κύριε,
2257 1384 2558 1455 κατενόησα
2581 1385 2649 1436 τὰ
2673 1385 2810 1455 ἔργα
2836 1403 2952 1448 σου,
2985 1387 3078 1441 καὶ
3118 1387 3361 1461 ἐξέστην.
3402 1410 3421 1443 ι
3469 1392 3609 1447 Ἀλλ’

2033 1473 2061 1525 ό
2101 1473 2373 1543 πάνσοφος
2417 1477 2547 1545 ἡμῖν
2592 1477 2688 1530 καὶ
2738 1477 2990 1548 ἀγχίνους
3041 1478 3313 1553 ἐξηγητὴς
3362 1483 3462 1555 τὴν
3511 1483 3610 1538 τοῦ

2034 1565 2476 1636 παραδείγματος
2502 1567 2731 1637 δύναμιν
2755 1571 3025 1641 νενοηκὼς
3046 1587 3060 1601 ’
3089 1569 3286 1643 [Οὔ-τω,
3320 1575 3474 1644 φησι,
3514 1576 3614 1629 καὶ

2038 1658 2069 1725 ἡ
2096 1657 2227 1725 ἁγία
2256 1657 2552 1729 Παρθένος,
2584 1659 2678 1713 καὶ
2703 1662 2750 1713 εί
2776 1661 2994 1714 τέτοκεν
3020 1661 3324 1732 ἄνθρωπον,
3352 1682 3613 1739 συμπαρ-

2038 1748 2284 1813 ελθόντος
2327 1749 2476 1821 αὐτῷ
2519 1751 2612 1804 τοῦ
2648 1750 2783 1806 Θεοῦ
2828 1753 3024 1822 Λόγου,
3072 1750 3187 1808 ἀλλ’
3231 1758 3293 1810 οὗ
3332 1757 3421 1811 διὰ
3451 1759 3617 1815 τοῦτο

2035 1842 2326 1906 Θεοτόκοςο
2356 1845 2418 1897 οὐ
2463 1843 2572 1915 γὰρ
2601 1844 2751 1914 παρὰ
2787 1845 2886 1914 τὴς
2923 1846 3199 1917 μακαρίας
3229 1848 3505 1921 Παρθένου
3548 1851 3616 1906 τὺ

2037 1931 2254 2002 ἀξίωμα
2302 1933 2498 2003 Λόγου,
2539 1935 2654 1988 ἁλλ’
2704 1931 2773 2008 ἦν
2828 1936 2985 2006 φύσει
3034 1937 3209 2010 Θεός.]
3254 1939 3327 1993 Τὸ
3373 1942 3470 2011 μὲν
3512 1937 3617 1997 οὖν

2035 2024 2441 2096 συμπαρελθεῖν
2472 2029 2538 2098 τῇ
2571 2026 2733 2098 σαρκὶ
2780 2026 2870 2081 τον
2900 2029 3095 2097 Λόγον,
3121 2030 3149 2083 ὅ
3191 2030 3245 2083 τί
3278 2032 3407 2084 ποτέ
3434 2032 3614 2099 ἐστιν,

2037 2118 2196 2180 αὐτὸς
2234 2117 2298 2172 ἂν
2338 2118 2526 2188 εἰδείη,
2561 2118 2849 2189 καὶ-μόνος
2871 2137 2882 2151 ·
2917 2121 3129 2192 ἄγαμαι
3174 2121 3234 2174 δὲ
3279 2124 3482 2193 σφόδρα
3512 2128 3617 2198 τῆς

1996 2231 2000 2234 ~
2036 2207 2178 2261 οὕτω
2209 2208 2412 2277 λεπτῆς
2455 2208 2738 2280 ἀκριϐείας
2768 2210 2917 2281 αὐτῷ
2949 2210 3058 2283 [ἵσ.
3092 2212 3296 2285 adadv].
3344 2215 3618 2271 Ἦνῶσθαι

2040 2298 2138 2370 μὲν
2167 2301 2275 2370 γὰρ
2302 2303 2368 2371 τῇ
2406 2303 2571 2369 σαρκὶ
2603 2301 2725 2356 καθ’
2760 2304 3058 2357 ὑπόστασιν
3086 2305 3180 2359 τὸν
3205 2305 3301 2359 τοῦ
3336 2306 3469 2360 Θεοῦ
3507 2310 3619 2363 Λό-

2037 2406 2153 2457 γον,
2187 2392 2215 2443 ό
2255 2390 2355 2461 τῆς
2400 2392 2659 2462 ἀληθείας
2700 2395 2990 2466 πρεσϐεύει
3043 2396 3233 2464 λόγος·
3266 2397 3325 2451 τὺ
3352 2399 3407 2451 δὲ
3439 2398 3550 2472 [ἷσ.
3584 2402 3620 2454 ὁ

2037 2481 2118 2554 δὲ]
2144 2482 2570 2553 συμπαρελθεῖν,
2603 2485 2702 2537 οὐκ
2724 2480 2819 2538 οἷδ’
2851 2487 2878 2538 ὃ
2898 2503 2949 2539 τι
2983 2486 3177 2555 λέγων,
3209 2486 3620 2544 διαϐεϐαιοῦται

2039 2574 2264 2646 συχνοῖς.
2301 2570 2435 2628 Εἶτα
2466 2575 2593 2646 περὶ
2625 2574 2836 2643 φύσεως
2876 2578 3027 2647 ἡμῖν,
3067 2580 3159 2632 καὶ
3191 2578 3289 2649 τῆς
3331 2580 3450 2633 καθ’
3483 2581 3619 2635 ὑπό-

2040 2683 2227 2729 στασιν
2273 2666 2518 2731 ἑνώσεως
2545 2666 2639 2721 τοῦ
2676 2670 2876 2733 παντὸς
2910 2671 3271 2742 προκειμένου
3305 2670 3487 2741 λόγου,
3520 2676 3618 2729 καὶ

2037 2757 2314 2828 διερευνᾷν
2349 2760 2757 2828 σπουδάζοντος,
2791 2762 2889 2832 οὐχ
2918 2763 2946 2815 ὃ
2980 2762 3030 2814 τί
3071 2764 3202 2817 ποτέ
3243 2766 3361 2820 ἐστι
3394 2766 3486 2819 καὶ
3514 2766 3617 2838 τὴν

2040 2848 2196 2913 ἀξίαν
2240 2851 2267 2901 ό
2293 2850 2355 2902 ἐκ
2381 2849 2515 2902 Θεοῦ
2544 2851 2735 2919 Λόγος,
2764 2852 2878 2905 ἀλλ’
2916 2854 2964 2904 εἰ
3005 2853 3228 2921 γέγονεν
3256 2857 3618 2927 οἰκονομικῶς
3676 2912 3679 2913 ,

2040 2939 2135 2993 ἄνθ
2144 2957 2342 3010 ρωπος,
2377 2942 2511 2996 ἰδίαν
2540 2943 2905 3014 ποιησάμενος
2929 2944 3106 3015 σάρκα
3126 2946 3224 3017 τὴν
3246 2948 3310 3000 ὲκ
3336 2947 3613 3017 γυναικὸς,

1961 3045 2006 3102 C
2039 3033 2118 3096 εἰς
2172 3032 2336 3104 ἕτερα
2387 3035 2645 3104 μεθιστὰς
2693 3036 2997 3101 ἁλλοκότως
3031 3040 3091 3092 τδ
3148 3039 3502 3110 ζητούμενον,
3536 3042 3614 3096 Οὐ

2042 3124 2197 3197 παρὰ
2241 3126 2340 3195 τῆς
2381 3125 2542 3196 ἁγίας
2592 3129 2899 3200 Παρθένου,
2952 3130 3103 3201 φησὶ,
3162 3131 3223 3184 τὸ
3269 3133 3482 3203 ἀξίωμα
3533 3133 3617 3206 τῷ

2040 3214 2217 3283 Λόγῳ,
2254 3216 2389 3279 ἁλλ’¹
2416 3214 2485 3289 ἦν
2514 3219 2673 3287 φύσει
2721 3221 2852 3285 Θεός
2871 3238 2887 3254 ο
2934 3223 3112 3277 καίτοι
3156 3223 3273 3287 πῶς
3301 3225 3399 3295 οὐχ
3428 3225 3617 3298 ἕτερον

2038 3320 2093 3357 τι
2140 3306 2233 3357 καὶ
2257 3306 2442 3378 ἕτερον
2488 3309 2729 3380 ἐναργῶς
2759 3305 2976 3382 ἀξίωμά
3014 3330 3075 3367 τε
3103 3316 3198 3368 καὶ
3226 3315 3413 3385 φύσιςς
3474 3316 3618 3371 Ἀλλ’

2039 3394 2100 3446 οὐ
2128 3396 2294 3460 πολὺς
2326 3400 2465 3466 ἄγαν
2484 3403 2597 3464 τοῖς
2628 3400 2684 3454 έν
2724 3419 2783 3455 τε
2809 3404 3018 3467 τούτοις
3045 3403 3152 3476 [ἵσ.
3181 3408 3280 3475 τῆς
3307 3406 3364 3458 έν
3393 3423 3456 3475 γε
3492 3407 3619 3461 τού-

2038 3486 2176 3559 τοις]
2222 3490 2355 3559 ἡμῖν
2405 3492 2756 3562 ίσχνομυθίας
2800 3496 2828 3546 ὁ
2866 3495 3040 3563 λόγος.
3071 3497 3144 3549 Τὸ
3185 3497 3231 3549 δ’
3271 3493 3363 3551 οὖν
3413 3498 3615 3570 ἐφεξῆς

2040 3580 2333 3645 ἀναγκαῖον
2359 3583 2503 3636 ίδεῖν.
2542 3586 2889 3656 Ἐπιτειχίζει
2933 3588 3043 3659 γάρ
3066 3606 3119 3642 τι
3150 3590 3242 3643 καὶ
3274 3589 3458 3662 ἕτερον
3498 3594 3614 3655 τοῖς

2040 3670 2146 3741 πρὸ
2192 3671 2301 3744 [Ian
2357 3675 2515 3747 πρὺςΙ
2565 3676 2722 3746 ἡμῶν
2765 3678 3099 3749 λεγομένοις,
3145 3681 3222 3744 ὠς
3263 3682 3395 3750 γοῦν
3440 3681 3615 3737 οἴεταί

2039 3780 2165 3829 που,
2188 3765 2281 3818 καὶ
2308 3767 2701 3834 δυσδιάφυκτον
2733 3772 2950 3842 κομιδῇ,
2983 3773 3077 3826 καὶ
3105 3774 3467 3844 ἀποχρώντως
3488 3777 3614 3847 ἔχον

2038 3858 2118 3921 εἷς
2142 3874 2202 3926 γε
2224 3858 2284 3911 τὸ
2309 3858 2592 3924 δύνασθαι,
2613 3862 2708 3914 καί¹
2737 3862 2881 3932 μάλα
2913 3865 3196 3929 νεανικῶς,
3221 3862 3382 3920 ἆθλον
3404 3869 3615 3924 εἰκαῖον

2037 3950 2168 4018 ἡμῖν
2211 3948 2306 4020 τὴν
2349 3952 2414 4004 ἐκ
2454 3953 2709 4020 γυναικὸς
2742 3955 3016 4024 ἀποφῆναι
3060 3956 3311 4024 γέννησιν
3343 3958 3435 4012 τοῦ
3477 3960 3615 4033 Ἐμα-

2041 4040 2301 4110 μανουήλ.
2332 4042 2467 4112 Φησὶ
2496 4042 2551 4096 δὲ
2581 4043 2722 4097 οὕτω
2764 4044 2954 4097 πάλιν·
3010 4102 3023 4111 υ

2110 4130 2202 4204 [Ὀ
2224 4135 2492 4204 μακάριος
2509 4136 2759 4207 Ἰωάννης
2784 4138 2811 4189 ὁ
2830 4138 3138 4211 Βαπτιστὴς
3168 4158 3346 4211 προκη
3356 4141 3613 4210 ρύττεται

2038 4222 2190 4290 παρὰ
2222 4222 2330 4274 τῶν
2378 4224 2548 4292 ἁγίων
2582 4228 2848 4294 ἀγγέλων,
2880 4229 2963 4282 ὅτι
2994 4229 3363 4303 πλησθήσεται
3387 4232 3447 4283 τὸ
3479 4231 3617 4303 βρέ-

360 4318 546 4362 saneto
577 4309 753 4362 adlmc
797 4323 862 4363 ex
894 4320 1049 4364 utero
1084 4312 1273 4365 matris
1316 4328 1425 4367 sure
1466 4330 1481 4380 ;
1521 4324 1575 4367 et
1599 4316 1687 4371 hic
1742 4316 1931 4373 beatus

2041 4329 2138 4379 φος
2164 4313 2483 4384 Πνεύματος
2507 4317 2663 4384 ἁγίου
2705 4318 2784 4371 ἔτι
2814 4322 2878 4373 ὲκ
2917 4321 3124 4384 κοιλίας
3167 4323 3369 4394 μητρὸς
3397 4323 3572 4377 αὑτοῦ
3593 4342 3612 4358 ο

356 4396 592 4454 Joannes
653 4397 889 4471 Baptista
931 4398 1193 4470 Spiritum
1239 4412 1484 4457 sanctum
1518 4406 1722 4462 habens
1759 4398 1932 4466 editus

2039 4404 2132 4455 καὶ
2154 4403 2379 4475 Πνεῦμα
2400 4405 2553 4474 ἅγιον
2581 4407 2738 4478 ἔχων,
2767 4409 2937 4475 οὕτως
2958 4414 2985 4465 ὁ
3011 4413 3278 4485 μακάριος
3298 4415 3617 4487 Βαπτιστὴς

356 4501 441 4546 est
482 4491 549 4545 ⁸³.
608 4489 745 4557 Quid
802 4492 1012 4562 igitur?
1041 4492 1407 4561 appellabisne
1458 4496 1627 4565 ipsam
1662 4498 1934 4557 Elisabeth

355 4584 588 4654 Spiritus
616 4581 977 4652 genitricem?
1018 4581 1132 4635 lluc
1158 4583 1400 4639 animum
1439 4586 1586 4640 refer
1620 4605 1634 4641 :
1669 4603 1731 4643 ac
1756 4591 1801 4645 si
1840 4594 1932 4661 qui

354 4674 409 4729 in
444 4674 595 4728 vobis
626 4673 823 4726 luerint
873 4672 967 4749 qui
992 4672 1057 4726 ad
1101 4688 1162 4729 ea
1196 4689 1317 4743 quze
1364 4676 1650 4743 dicuntur,
1680 4689 1931 4750 tanquam

355 4767 422 4819 ad
448 4762 683 4817 inaudita
724 4770 777 4816 et
811 4762 1027 4816 insolita
1053 4774 1391 4830 moveantur,
1424 4767 1637 4823 veniam
1667 4771 1793 4827 date
1810 4772 1931 4828 illo-

359 4870 474 4908 rum
507 4851 806 4921 imperitiae.
833 4848 854 4922 ]

1024 4964 1175 5019 CAP.
1202 4965 1265 5019 V.

426 5080 683 5146 Quisnam
736 5079 820 5132 bis
867 5078 1046 5133 verbis
1093 5077 1295 5133 auditis
1344 5095 1447 5134 non
1491 5081 1749 5137 continuo
1782 5085 1832 5139 in
1864 5086 1930 5140 il—

300 5236 301 5239 ,
350 5168 465 5225 lam
528 5169 802 5240 propheta:
859 5184 1045 5225 vocem
1101 5180 1351 5238 erumpat
1396 5187 1411 5225 :
1455 5190 1474 5223 ι
1529 5173 1733 5229 Stultus
1786 5177 1929 5231 enim

358 5263 521 5316 stulta
554 5262 819 5332 loquetur,
848 5271 903 5317 et
936 5276 1031 5316 cor
1056 5261 1179 5332 ejus
1208 5276 1348 5316 vana
1376 5264 1654 5330 cogitabit,
1679 5275 1737 5319 ut
1770 5267 1930 5336 perﬁ-

356 5353 465 5406 ciat
509 5353 719 5423 iniqua,
763 5364 816 5408 et
854 5353 1104 5423 loquatur
1148 5353 1406 5408 adversus
1437 5353 1720 5409 Dominum
1772 5359 1931 5414 sedu-

355 5446 587 5500 ctionem
617 5444 661 5477 “
689 5446 767 5498 τ’»
805 5445 1060 5500 Seductio
1100 5444 1245 5500 enim
1267 5444 1556 5515 perspicue
1589 5456 1672 5502 est
1701 5458 1752 5502 et
1785 5449 1927 5503 aliud

428 5618 472 5647 ³¹
513 5617 709 5674 llutiac.
748 5632 832 5684 tn,
865 5619 912 5672 l.
984 5621 1029 5652 ⁸⁸
1061 5621 1187 5678 Luc.
1223 5637 1261 5688 ι,
1301 5621 1387 5677 15.
1446 5625 1506 5656 ⁴⁸⁸
1528 5624 1635 5680 lsa.
1671 5640 1841 5694 xuii,
1882 5627 1934 5684 6.

2038 4494 2383 4552 ἁπετίκτετο.
2422 4500 2488 4552 Τί
2529 4496 2655 4568 οὖν;
2689 4502 2872 4566 καλεῖς
2905 4502 3002 4574 τὴν
3039 4505 3316 4558 Ἐλισάϐετ
3353 4508 3614 4580 Πνευμα-

2039 4586 2293 4655 τοτόκον;
2334 4591 2596 4646 Ἐνταῦθα
2643 4594 2734 4647 τὸν
2782 4595 2905 4649 νοῦν
2957 4597 3258 4667 συνάγαγε·
3309 4601 3411 4654 κάν
3462 4617 3616 4666 τινες

2040 4671 2175 4733 ὦσιν
2207 4682 2265 4733 ὲν
2312 4683 2440 4752 ὑμῖν
2487 4685 2622 4755 πρὸς
2663 4686 2731 4739 τὰ
2764 4687 3031 4758 λεγόμενα
3078 4688 3427 4761 ξενιζόμενοι,
3472 4690 3615 4762 σύγ-

2041 4785 2213 4839 γνωτε
2241 4772 2341 4842 τῆς
2373 4776 2629 4845 ἀπειρίας
2668 4777 2899 4849 αὐτοῖς.]

2679 4972 2835 5027 ΚΕΦ.
2882 4976 2952 5027 E'.

2108 5080 2216 5134 Καὶ
2240 5082 2322 5146 τίς
2349 5082 2458 5136 τῶν
2486 5084 2738 5137 τοιούτων
2760 5086 3070 5151 ἐπακούσας
3094 5088 3289 5157 λόγων,
3321 5088 3421 5143 οὐκ
3448 5089 3617 5153 εὐθὺς

2038 5174 2154 5243 ἐρεῖ
2177 5173 2237 5226 τὸ
2265 5174 2353 5227 διὰ
2385 5178 2484 5247 τῆς
2516 5176 2610 5228 τοῦ
2638 5179 2914 5247 προφήτου
2957 5181 3139 5251 φωνῆς
3159 5200 3171 5212 ·
3204 5200 3222 5232 ι
3265 5181 3323 5234 Ὀ
3349 5182 3457 5251 γὰρ
3492 5200 3619 5252 μω-

2040 5264 2131 5335 ρὸς
2159 5265 2318 5336 μωρὰ
2349 5266 2588 5338 λαλήσει,
2626 5269 2776 5340 καὶὴ
2814 5271 3008 5341 καρδία
3045 5273 3209 5326 αὑτοῦ
3247 5273 3455 5342 μάταια
3484 5275 3617 5347 vol)-

2040 5368 2143 5419 σει,
2177 5352 2272 5405 τοῦ
2314 5356 2584 5409 συντελεῖν
2624 5358 2834 5428 ἄνομα,
2868 5362 2960 5415 καὶ
2989 5361 3170 5416 λαλεῖν
3218 5363 3354 5433 πρὸς
3398 5364 3610 5436 Κύριον

2038 5443 2333 5515 πλάνησιν;
2381 5465 2400 5500 ι
2465 5448 2734 5521 Πλάνησις
2787 5452 2895 5523 γάρ
2957 5451 3440 5525 ὁμολογουμένως,
3511 5458 3613 5513 καὶ
