3926 6126
235 276 298 329 ﬂ
1362 273 1732 330 ADVERSUS
1770 270 2170 328 NESTORIUM
2212 269 2341 325 LIB.
2381 270 2423 324 Ι.
3422 280 3494 334 η

230 394 425 466 ἱτερον
467 394 642 459 οὐδὲν,
681 393 740 447 τὸ
782 392 1020 464 ψυχραῖς
1056 393 1220 459 οὕτω,
1254 395 1347 447 καὶ
1398 397 1808 467 μειρακιώδεσιν

1917 394 2091 460 nihil,
2132 393 2418 449 sententiis
2474 392 2609 448 adeo
2661 391 2871 460 frigidis
2915 393 3322 462 puerilibusque
3372 404 3494 450 tan-

236 487 510 549 ἐννοίαις,
559 486 634 548 ὡς
680 486 973 555 ἀληθέσιν,
1022 486 1359 557 ἑπιθαρσεῖν.
1409 488 1521 556 Τῆς
1576 489 1673 557 μὲν
1720 484 1815 542 οὖν

236 577 579 647 ἡμερότητος
624 576 993 646 κατατεθήποι
1036 594 1119 641 τις
1170 578 1236 631 ἂν
1285 578 1448 633 αὐτόν
1472 595 1485 609 ·
1537 581 1631 632 καὶ
1680 597 1812 648 συγ-

235 661 464 732 γνώμης
506 663 631 734 γὰρ,
678 664 773 717 καὶ
813 648 1545 735 φιλανθρωπίαςάξιούσθαι
1572 668 1680 721 δεῖν
1708 668 1812 738 ἔφη

236 755 367 816 τοὺς
394 752 499 804 τῶν
528 755 658 823 παρ’
683 753 848 807 αὐτοῦ
880 754 1053 822 λόγων
1083 755 1179 826 τὴν
1209 758 1504 828 ἐμπειρίαν
1526 760 1625 812 ούκ
1663 759 1813 829 ἔχον-

172 862 193 868 *
241 861 360 907 τας.
404 843 539 897 Ἀλλ’
582 840 650 915 ἦν
677 844 837 898 τοῦτο
864 846 958 898 καὶ
987 848 1118 916 ἡμῖν
1149 848 1334 910 αὐτοῖς
1380 848 1722 919 τριπόθητον,
1765 851 1813 902 εί

244 936 461 1006 συνέϐη,
493 937 692 1007 μᾶλλον
721 937 799 1002 δὲ,
830 937 926 990 καὶ
949 938 1120 992 ἅπασι
1158 941 1269 1001 τοῖς
1308 938 1557 991 τελοῦσιν
1590 940 1648 991 ὲν
1677 941 1812 1010 Χρι-

241 1031 509 1090 στιανοῖς·
558 1027 849 1099 μοχθηρῶν
894 1027 1003 1099 γάρ
1031 1028 1195 1091 οὕτω,
1233 1030 1327 1083 καὶ
1366 1028 1813 1101 διεστραμμένων

237 1117 675 1171 ἀπαλλάττεσθαι
722 1119 916 1186 λόγων,
974 1118 1091 1181 πῶς
1138 1120 1236 1189 οὐχ
1284 1119 1457 1174 ἅπασι
1498 1120 1563 1173 δι’
1610 1121 1805 1191 εὐχῆς

237 1208 386 1277 Πλὴν
411 1208 589 1261 ἐκεῖνό
618 1226 827 1278 φαμεν·
855 1209 1058 1261 Τέτοκε
1098 1208 1196 1276 μὲν
1222 1209 1329 1279 γάρ
1365 1209 1811 1280 ὁμολογουμένως

236 1298 273 1368 ἡ
309 1298 585 1351 Ἐλισάδετ
630 1298 709 1369 τῷ
741 1298 881 1369 ἁγίῳ
915 1298 1191 1368 Πνεύματι
1222 1300 1581 1370 κεχρισμένον
1614 1300 1672 1352 ὲν
1703 1302 1811 1371 μή·

236 1403 343 1457 τρᾳ
377 1388 469 1440 τὸν
513 1388 784 1457 μακάριον
832 1388 1176 1458 Βαπτιστήν·
1222 1389 1335 1442 ἀλλ’
1376 1390 1425 1442 εί
1459 1390 1559 1459 μὲν
1596 1390 1809 1460 εἴρηταί

236 1495 344 1530 που
397 1479 549 1548 παρὰ
602 1482 701 1549 τῆς
765 1478 1119 1532 θεοπνεύστου
1166 1480 1409 1550 Γραφῆς,
1464 1482 1547 1533 ὅτι
1600 1482 1694 1534 καὶ
1745 1481 1808 1534 τὸ

237 1567 461 1637 Πνεῦμα
498 1571 689 1637 γέγονε
737 1562 906 1642 σὰρξ,
945 1570 1119 1642 ὀρθῶς
1164 1572 1232 1625 ἂν
1275 1572 1409 1642 ἔφης
1447 1573 1810 1643 ὀνομάζεσθαι

234 1662 352 1715 δεῖν
383 1664 520 1733 πρὸς
555 1664 709 1733 ἡμῶν
749 1664 1197 1735 Πνευματοτόκον
1234 1666 1433 1736 αὐτήν·
1467 1668 1515 1719 εί
1548 1666 1603 1719 δὲ
1640 1666 1768 1736 ψιλῇ
1789 1706 1804 1728 ,

1916 499 2076 553 quam
2144 485 2322 549 veris,
2374 484 2667 538 conlidere.
2735 485 2812 537 Ac
2871 484 3257 553 benignitatem
3327 483 3495 553 ipsius

1916 576 2213 628 admiretur
2272 574 2505 629 fortasse
2566 590 2671 629 non
2729 589 2925 641 nemo,
2975 578 3116 644 quod
3173 573 3383 629 veniam
3434 590 3496 629 ae

1921 664 2349 719 benevolentiam
2396 665 2502 720 illis
2550 665 2890 720 tribuendam
2943 665 3182 729 censuit,
3245 666 3393 735 quia
3438 682 3496 722 se

1915 757 2184 810 dictorum
2226 755 2471 825 peritiam
2505 772 2609 810 non
2659 757 2940 811 haberem.
2997 755 3193 810 Verum
3240 756 3292 809 id
3338 757 3496 812 nobis

1914 860 2128 914 quoque
2169 846 2407 913 optabile
2456 848 2510 901 in
2551 847 2739 915 primis
2768 857 2884 901 erat
2912 847 2958 901 si
3007 847 3359 917 contigisset,
3387 840 3495 903 imo

1913 952 2043 993 vero
2065 938 2316 992 omnibus
2338 939 2427 1007 qui
2451 937 2591 991 inter
2613 938 2951 995 Christianos
2970 950 3298 1005 censentur;
3320 957 3441 995 nam
3463 957 3491 994 a

1914 1039 2023 1083 tam
2044 1028 2303 1099 improbis
2323 1029 2697 1098 perversisque
2720 1030 2878 1085 dictis
2894 1031 3211 1095 abscedere,
3227 1033 3337 1102 20
3354 1048 3490 1102 quo-

1913 1121 2071 1173 modo
2092 1135 2195 1174 non
2216 1120 2287 1174 sit
2302 1119 2551 1174 omnibus
2574 1119 2908 1186 optandum?
2928 1119 3033 1174 Sed
3066 1130 3240 1175 tamen
3266 1123 3393 1175 illud
3411 1122 3493 1176 di-

1912 1210 2084 1263 cimus
2107 1227 2120 1262 :
2142 1208 2351 1279 Peperit
2372 1209 2488 1284 sine
2507 1209 2670 1263 dubio
2690 1208 2967 1264 Elisabetb
2993 1211 3207 1264 beatum
3226 1210 3492 1266 Joannem

1915 1299 2206 1368 Bnptistam
2244 1311 2433 1356 saneto
2470 1299 2671 1367 Spiritu
2706 1301 2760 1354 in
2809 1310 2962 1355 utero
3002 1311 3345 1371 perunctum.
3384 1301 3490 1358 Ve-

1916 1406 2035 1444 rum
2084 1391 2127 1445 si
2172 1392 2225 1445 in
2271 1390 2443 1446 sacris
2478 1390 2698 1446 Litteris
2731 1391 2990 1460 scriptum
3042 1390 3265 1461 fuisset,
3324 1394 3491 1448 etiam

1916 1479 2175 1549 Spiritum
2209 1481 2407 1536 factum
2437 1497 2554 1536 esse
2593 1497 2842 1544 carnem,
2875 1491 3018 1537 recte
3044 1484 3272 1539 dixisses
3317 1485 3490 1553 ipsam

1915 1587 1943 1624 a
1980 1572 2135 1628 nobis
2167 1574 2538 1641 appellandam
2586 1590 2705 1628 esse
2762 1575 2994 1643 Spiritus
3024 1577 3361 1643 genitricem.
3392 1577 3487 1631 Sin

1913 1674 2092 1718 autem
2123 1665 2235 1718 sola
2267 1681 2330 1719 ac
2356 1664 2586 1734 simplici
2616 1666 2873 1719 unctione
2898 1665 3195 1721 honoratus
3217 1676 3301 1721 est
3333 1677 3492 1722 natus

235 1754 337 1807 καὶ
362 1754 496 1824 μόνῃ
524 1753 743 1822 λέγεται
769 1755 831 1808 τὸ
859 1755 1046 1826 τεχθὲν
1092 1756 1415 1826 τετιμῆσθαι
1437 1757 1637 1828 χρίσει,
1672 1757 1723 1811 τί
1752 1758 1808 1810 τὸ

1914 1769 2066 1823 puer,
2089 1769 2186 1809 cur
2215 1756 2601 1809 incarnationis
2630 1756 2958 1810 soliditatem
2983 1757 3169 1827 gratiae
3188 1760 3487 1814 secundum

233 1844 338 1911 τῆς
363 1842 687 1913 σαρκῶσεως
709 1845 897 1915 χρῆμα
916 1845 1182 1916 παρισοῦν
1213 1844 1383 1909 ἀξιοῖς
1406 1850 1471 1917 τῇ
1512 1847 1653 1900 κατὰ
1683 1847 1813 1916 μέθο

234 1933 352 1997 εξιν
383 1934 605 2005 χάριτι;
656 1937 729 1987 Ού
786 1937 896 2007 γάρ
946 1940 1060 1989 ἐστι
1089 1938 1306 2002 ταυτὸν,
1340 1940 1518 2008 σάρκα
1550 1955 1609 1991 τε
1641 1940 1813 1991 εἰπεῖν

234 2024 496 2089 γενέσθαι
521 2025 613 2078 τὸν
641 2026 833 2095 Λόγον,
878 2029 974 2080 καὶ
1027 2028 1109 2080 ὃτι
1140 2030 1424 2099 κέχρισταί
1463 2048 1546 2093 τις
1590 2031 1678 2085 διὰ
1715 2031 1812 2084 τοῦ

236 2113 559 2183 Πνεύματος
586 2116 857 2187 πνεύματι
901 2119 1242 2189 προφητικῷ.
1274 2121 1410 2192 Περὶ
1442 2122 1540 2190 μὲν
1574 2122 1680 2193 γὰρ
1714 2124 1812 2193 τῆς

237 2203 406 2269 ἁγίας
437 2206 712 2275 Παρθένου
752 2208 1095 2279 γέγραπταιο
1130 2228 1150 2260 ‹
1192 2210 1324 2263 Ἰδοὺ
1370 2213 1402 2281 ἡ
1448 2212 1719 2282 Παρθένος
1755 2215 1813 2268 ὲν

236 2296 439 2365 γαστρὶ
486 2295 618 2361 ἕξει,
668 2300 763 2350 καὶ
802 2299 1013 2363 τέξεται
1047 2301 1160 2353 υἱόν
1182 2317 1193 2329 ·
1230 2320 1250 2352 ι
1282 2303 1375 2355 καὶ
1406 2304 1564 2367 τόκος
1595 2304 1812 2375 ὠνόμα-

239 2399 383 2443 σται,
435 2385 532 2437 καὶ
587 2389 693 2457 μὴν
737 2390 833 2441 καὶ
874 2389 1223 2460 Ἑμμανουὴλ
1269 2392 1298 2443 ὁ
1342 2393 1578 2463 τεχθεὶς,
1622 2394 1651 2445 ὃ
1695 2396 1813 2447 ἐστι

242 2474 805 2550 μεθερμηνευόμενον,
833 2481 968 2534 Μεθ’
1005 2480 1165 2551 ἡμῶν
1202 2484 1231 2534 ὁ
1284 2482 1414 2547 Θεός
1436 2501 1450 2514 ’
1481 2485 1610 2555 περὶ
1654 2486 1710 2538 δέ
1748 2502 1812 2554 γε

237 2562 341 2634 τῆς
377 2564 692 2633 Ἐλισάόετ,
719 2570 801 2622 ὅτι
847 2573 1099 2640 γεννήσει
1147 2571 1282 2635 υἱὸν,
1324 2572 1382 2635 ὃς
1427 2574 1814 2645 προελεύσεται

241 2651 340 2721 μὲν
363 2654 420 2705 ὲν
447 2655 745 2726 πνεύματι,
776 2660 870 2712 καὶ
895 2660 1122 2730 δυνάμει
1150 2660 1331 2713 Ἦλιοῦ
1348 2680 1361 2693 ·
1382 2664 1814 2734 προπορεύσεται

234 2748 294 2799 δὲ
342 2749 446 2817 np?)
478 2749 771 2816 προσώπου
808 2749 1048 2820 Κυρίου,
1094 2753 1380 2823 ἑτοιμάσαι
1429 2754 1580 2818 ὁδοὺς
1626 2755 1812 2813 αὐτοῦ.

242 2838 460 2891 Οὐκοῦν
484 2840 683 2908 ἥκιστα
712 2840 813 2910 μὲν
839 2842 923 2911 είη
963 2841 1028 2894 ἂν
1058 2843 1499 2914 Πνευματοτόκος
1529 2847 1561 2915 ἡ
1604 2847 1813 2901 Ἐλισά-

234 2928 353 2993 ϐετ,
386 2929 639 2984 έκτέτοκε
678 2932 785 3002 γάρ
813 2935 1096 3006 προφήτην
1133 2936 1416 3005 Ὑψίστου·
1446 2937 1708 3003 Θεοτόκος
1745 2957 1810 3009 γε

233 3018 349 3088 μὴν
390 3020 608 3091 ’άληθῶς
647 3023 680 3094 ὴ
715 3024 844 3091 ἁγία
884 3025 1191 3095 Παρθένος,
1237 3028 1318 3080 ὅτι
1361 3028 1495 3082 Θεὸν
1541 3030 1809 3084 ἐνωθέντα

235 3109 404 3179 σαρκὶ
463 3111 649 3164 τέτοκε
717 3115 1017 3183 σαρκικῶς,
1079 3116 1346 3182 τουτέστι,
1393 3121 1535 3173 κατὰ
1605 3122 1804 3191 σάρκα.

249 3198 467 3269 Ἐπειδὴ
505 3202 613 3272 γάρ
659 3202 940 3275 ἄνθρωπος
971 3207 1004 3276 ἡ
1043 3206 1276 3261 τεκοῦσά
1317 3212 1465 3275 ἐστι,
1503 3210 1673 3282 ταύτῃ
1702 3229 1806 3277 τοι,

233 3289 333 3340 καὶ
365 3291 509 3359 μάλα
557 3293 867 3361 ἐμφρόνως,
899 3296 989 3348 τὸν
1020 3298 1120 3367 τῆς
1148 3300 1457 3370 γεννήσεως
1487 3302 1686 3372 τρόπον
1715 3305 1810 3356 άν-

232 3377 524 3449 θρωπίνως
549 3385 862 3454 πεπρᾶχθαι
888 3387 1089 3456 φαμέν.
1116 3384 1224 3442 τΗν
1249 3392 1359 3462 γὰρ
1387 3392 1548 3459 οὓτω,
1586 3394 1682 3447 καὶ
1711 3396 1809 3465 οὐχ

232 3470 459 3541 ἑτέρως,
489 3472 745 3528 δύνασθαι
776 3476 898 3529 καθ’
938 3480 1084 3549 ἡμᾶς
1116 3481 1369 3549 γενέσθαι
1406 3484 1496 3536 τὸν
1528 3485 1666 3555 ὑπὲρ
1701 3488 1808 3538 πᾶ-

235 3578 339 3614 σαν
377 3563 557 3631 φύσιν,
587 3565 647 3618 οὐ
690 3566 782 3620 τοῦ
814 3564 952 3623 εἶναι
1003 3571 1149 3624 τοῦθ’
1192 3574 1328 3644 ὅπερ
1357 3576 1506 3627 ἐστὶν
1542 3575 1810 3647 ὁλιγωρή·

233 3668 442 3707 σαντα⁹
489 3655 684 3720 πόθεν;
714 3661 1066 3730 μεμενηκότα
1099 3663 1157 3715 δὲ
1198 3665 1403 3733 μᾶλλον
1447 3667 1583 3736 ὅπερ
1626 3661 1695 3736 ἦν
1749 3683 1808 3719 τε

231 3744 333 3797 καὶ
362 3744 476 3798 ἔστι
524 3748 616 3800 καὶ
646 3747 797 3804 ἔσται
818 3767 832 3781 ’
863 3757 1073 3825 τροπῆς
1101 3755 1211 3827 γὰρ
1249 3756 1487 3827 ἀμείνων
1521 3759 1554 3827 ἡ
1595 3755 1713 3809 θεία
1749 3774 1807 3809 τε

228 3833 378 3899 ἐστὶ,
400 3836 495 3888 καὶ
517 3838 795 3911 ὑπερτάτη
822 3841 1000 3911 φύσις.
1044 3846 1209 3916 Ὀρθὰ
1244 3847 1343 3916 μὲν
1371 3842 1463 3900 οὖν
1483 3847 1568 3899 ὃτι
1593 3850 1808 3917 φρονεῖν

230 3921 545 3993 εἰθίσμεθα,
576 3927 709 3982 Θεὸν
736 3932 1092 4002 γεγεννῆσθαι
1124 3935 1266 3989 κατὰ
1300 3936 1479 4006 σάρκα
1513 3936 1604 3988 ἐπὶ
1638 3953 1810 4007 σωτη-

230 4012 339 4087 ρίᾳ
388 4013 493 4069 τῶν
538 4017 704 4085 ὅλων,
743 4020 1208 4095 διαϐεϐαιούμενοι
1236 4064 1251 4088 ,
1302 4026 1728 4099 μεμαρτύρηκεν
1772 4033 1805 4100 ἡ

233 4105 600 4170 θεόπνευστος
633 4110 844 4179 Γραφή.
862 4114 1080 4184 Ἐπειδὴ
1105 4116 1162 4168 δὲ
1194 4119 1306 4179 τοῖς
1334 4119 1621 4183 νεωτάτοις
1642 4122 1807 4175 αὑτοῦ

231 4193 472 4265 δόγμασι
497 4197 599 4266 τὴν
628 4198 903 4269 ἀλήθειαν,
935 4204 1028 4255 καὶ⁵
1068 4204 1200 4257 αὐτὸ
1226 4206 1324 4274 τῆς
1353 4208 1809 4283 ἐκκλησιαπικῆς

233 4285 476 4350 πίστεως
508 4289 800 4358 ἀντεξάγει
834 4291 894 4344 τὸ
918 4292 1206 4360 σύμϐολον,
1236 4295 1264 4348 ὃ
1287 4296 1373 4350 διά
1397 4299 1492 4369 τῆς
1516 4299 1609 4353 τοῦ
1634 4302 1806 4357 Πνεύ-

1917 1842 2391 1911 participationem
2428 1844 2705 1913 acquisita:
2748 1846 3065 1913 aequandam
3119 1849 3345 1902 censes?
3372 1848 3488 1902 Non

1910 1933 2052 1986 enim
2074 1942 2156 1987 est
2186 1934 2348 1997 idem,
2383 1934 2561 1988 dicere
2596 1934 2825 1989 Verbum
2859 1949 3074 1989 carnem
3121 1937 3319 1991 factum
3344 1955 3486 2004 esse,

1911 2030 1965 2077 et
1994 2023 2179 2091 spiritu
2212 2024 2529 2093 prepbetico
2557 2036 2777 2080 unctum
2806 2041 2927 2083 esse
2957 2026 3191 2096 aliquem
3227 2044 3324 2099 per
3361 2029 3488 2099 Spi-

1911 2111 2096 2165 ritum.
2131 2112 2223 2167 Est
2241 2112 2384 2166 enim
2409 2113 2475 2166 de
2497 2122 2681 2167 sancta
2712 2111 2929 2185 Virgine
2956 2116 3215 2185 scriptum
3250 2134 3266 2172 :
3301 2135 3319 2168 ι
3351 2117 3490 2173 Ecce

1914 2203 2071 2271 virgo
2125 2204 2180 2259 in
2240 2212 2393 2257 utero
2442 2203 2697 2271 habebit,
2729 2215 2782 2259 et
2826 2206 2998 2274 pariet
3052 2208 3222 2261 filium
3251 2209 3296 2240 "
3334 2226 3349 2262 :
3390 2229 3408 2259 ι
3436 2221 3492 2264 et

1913 2304 2100 2363 partus
2152 2304 2236 2351 est
2282 2292 2619 2365 appellatus,
2652 2304 2705 2350 et
2749 2297 2966 2365 insuper
3015 2298 3369 2365 Emmanuel,
3400 2301 3491 2355 ille

1912 2401 2046 2453 puer
2094 2388 2304 2455 editus,
2359 2389 2499 2457 quod
2551 2397 2636 2441 est
2703 2388 3133 2457 interpretatum,
3198 2389 3487 2446 Nobiscum

1914 2475 2094 2545 Deus;
2128 2479 2221 2533 sed
2257 2480 2323 2534 de
2348 2478 2644 2547 Elisabctb,
2677 2477 2791 2533 fore
2821 2486 2885 2531 tit
2932 2480 3104 2545 pariat
3155 2480 3320 2533 filium
3342 2521 3358 2546 ,
3395 2484 3485 2551 qui

1912 2569 2310 2637 antegrediatur
2341 2571 2391 2623 in
2420 2571 2608 2640 spiritu
2630 2578 2684 2623 et
2713 2569 2908 2622 virtute
2939 2568 3065 2623 Elite
3091 2569 3172 2633 ",
3201 2579 3255 2623 et
3290 2582 3488 2638 praeeat

1914 2667 2037 2711 ante
2066 2659 2256 2712 faciem
2296 2661 2507 2715 Domini
2543 2674 2733 2729 parare
2766 2659 2880 2713 vias
2909 2657 3027 2725 eius
3059 2659 3122 2709 ".
3176 2659 3312 2729 Ergo
3344 2661 3489 2715 nullo

1912 2749 2072 2803 modo
2098 2760 2181 2803 est
2210 2750 2446 2820 Spiritus
2488 2753 2716 2822 genitrix
2747 2752 2861 2820 ipsa
2903 2750 3208 2813 Elisabeth,
3237 2752 3363 2820 quia
3390 2766 3485 2820 pe-

1911 2841 2052 2908 perit
2092 2842 2409 2909 prOpbetam
2461 2842 2758 2906 Altissinti;
2793 2842 2886 2895 sed
2930 2855 3053 2895 vere
3103 2843 3195 2896 Dei
3254 2845 3485 2911 genitrix

1911 2940 1995 2985 est
2022 2941 2207 2986 sancta
2236 2929 2428 3000 Virgo,
2461 2932 2589 3001 quia
2626 2931 2792 2985 Deum
2829 2935 3035 2985 unitum
3074 2933 3221 2985 carni
3284 2936 3490 3002 peperit

1913 3022 2237 3089 carnaliter,
2272 3024 2373 3079 hoc
2420 3024 2856 3089 est,secundum
2906 3037 3146 3078 carnem.
3198 3023 3328 3077 Nam
3365 3029 3489 3092 quia

1914 3116 2074 3168 homo
2100 3124 2182 3169 est
2225 3115 2337 3184 ipsa
2369 3130 2486 3185 qua:
2507 3116 2734 3185 peperit,
2771 3129 2834 3167 ea
2880 3114 2945 3168 de
2980 3129 3140 3168 causa
3189 3116 3492 3170 rectissime

1912 3206 2203 3259 asserimus
2256 3207 2469 3260 modum
2524 3205 2885 3275 generatiotnis
2933 3221 2997 3260 ex
3052 3207 3287 3261 humano
3343 3223 3493 3263 more
3568 3249 3574 3255 .

1910 3304 2202 3349 servatum.
2280 3294 2395 3351 Non
2438 3295 2580 3350 enim
2629 3294 2788 3348 aliter
2832 3297 3004 3363 potuit
3061 3296 3212 3349 nasci
3288 3310 3484 3349 secun-

1912 3385 2035 3438 dum
2078 3400 2173 3439 nos
2226 3384 2312 3439 ille
2368 3387 2458 3455 qui
2520 3401 2682 3455 supra
2714 3400 2928 3440 omnem
2966 3398 3216 3441 naturam
3251 3387 3486 3450 excellit,

1912 3489 2017 3527 non
2050 3473 2124 3527 ita
2155 3484 2212 3528 ut
2244 3476 2385 3544 quod
2442 3486 2560 3531 erat
2605 3476 3060 3546 parvipenderet;
3095 3478 3239 3531 nullo
3268 3480 3427 3533 modo
3464 3498 3480 3542 ;

1910 3567 2004 3620 sed
2051 3575 2108 3620 ut
2148 3576 2387 3623 maneret
2437 3571 2614 3639 potius
2648 3572 2788 3640 quod
2839 3578 2958 3625 erat
3006 3578 3059 3622 et
3099 3579 3180 3623 est
3226 3580 3281 3624 et
3328 3573 3480 3626 erit:

1912 3660 2211 3714 mutatione
2236 3676 2467 3730 namque
2498 3662 2672 3731 potior
2695 3672 2778 3717 est
2808 3662 2985 3716 divina
3011 3660 3097 3715 illa
3126 3677 3487 3731 supremaque

1910 3757 2125 3803 natura.
2158 3749 2298 3820 Ergo
2328 3766 2428 3805 nos
2464 3760 2609 3805 recte
2644 3752 2880 3815 sentire,
2912 3751 3002 3820 qui
3046 3749 3211 3805 Deum
3247 3754 3485 3821 genitum

1909 3855 2030 3896 esse
2057 3843 2351 3896 secundum
2382 3857 2599 3897 carnem
2632 3843 2697 3895 ad
2728 3842 2955 3896 salutem
2992 3842 3364 3897 universorum
3397 3860 3488 3896 as-

1909 3933 2161 3999 serimus,
2188 3932 2446 3986 divinitus
2474 3933 2749 3999 inspirata:
2791 3930 3008 3985 Littera:
3041 3939 3330 3986 testantur.
3380 3932 3487 3986 Sed

1910 4024 2038 4093 quia
2066 4024 2219 4076 novis
2250 4023 2361 4076 suis
2388 4021 2657 4089 dogmatis
2689 4022 2971 4075 veritatem
3006 4031 3059 4074 et
3089 4022 3261 4089 ipsum
3309 4023 3488 4077 eccle-

1908 4113 2143 4167 siastica:
2172 4111 2292 4165 fidei
2320 4112 2622 4180 symbolum
2647 4111 2889 4179 opponit,
2917 4110 3058 4179 quod
3086 4111 3213 4163 olim
3245 4111 3482 4180 Spiritus

1911 4204 2087 4257 sancti
2116 4202 2317 4257 lumine
2344 4202 2593 4255 illustrati
2620 4202 2807 4256 Patres
2836 4203 2974 4271 apud
3014 4201 3242 4255 Nicaeam
3276 4202 3487 4257 collecti

1912 4294 2271 4359 definierunt,
2299 4302 2545 4348 metuens
2582 4294 2698 4362 ipse
2728 4309 2793 4348 ne
2816 4294 2983 4363 aliqui
3025 4293 3255 4349 fortasse
3298 4310 3483 4348 sanam

237 4394 407 4447 ματος
435 4384 798 4451 φωταγωγίας
841 4385 890 4438 oi
938 4386 1080 4440 κατὰ
1121 4390 1342 4459 καιροὺς
1373 4391 1431 4444 έν
1459 4393 1807 4471 τῇοΝικαέων

1913 4385 2073 4440 fidem
2125 4396 2443 4450 servarent,
2486 4386 2697 4440 illorum
2735 4386 2954 4440 vocibus
2992 4386 3059 4439 ad
3095 4387 3372 4440 veritatem
3411 4387 3487 4440 in-

234 4473 707 4543 συναγηγερμένοι
752 4476 992 4547 Πατέρες
1030 4478 1319 4551 ὡρίσαντο,
1364 4481 1549 4545 δεδιὼς
1591 4484 1664 4554 μὴ
1701 4485 1809 4556 ἄρα

232 4577 357 4623 πως
382 4561 511 4628 ὑγιᾶ
540 4564 636 4632 τὴν
660 4565 840 4618 πίστιν
862 4566 1224 4622 διασώσαιντό
1246 4586 1412 4635 τινες,
1443 4575 1561 4635 ταῖς
1584 4573 1809 4628 ἐκείνων

232 4655 443 4719 φωναῖς
491 4654 994 4729 παιδαγωγούμενοι
1035 4662 1171 4733 πρὸς
1221 4663 1502 4733 ἀλήθειαν,
1551 4668 1808 4736 πειρᾶται

237 4749 621 4813 συκοφαντεῖν,
660 4751 753 4802 καὶ
777 4751 884 4803 τῶν
931 4751 1131 4817 λέξεων
1181 4755 1494 4809 ὲναλλάττει
1530 4759 1631 4827 τὴν
1670 4758 1806 4811 ἀπό-

229 4836 402 4902 δοσιν,
431 4841 528 4892 καὶ
559 4840 727 4911 αὐτὴν
751 4842 807 4895 δὲ
838 4842 945 4897 τῶν
987 4845 1205 4898 ἐννοιῶν
1234 4846 1334 4918 τὴν
1361 4846 1588 4917 δύναμιν
1627 4865 1807 4919 παρα-

230 4926 523 4995 σημαίνειν
566 4930 865 5004 ἀποτολμᾷ.
907 4934 1126 5005 Ἐπειδὴ
1158 4935 1269 5007 γὰρ
1302 4937 1464 5000 αύτὺς
1493 4938 1587 4990 ἐπὶ
1631 4938 1802 5009 μέσης

227 5015 526 5088 ἐκκλησίας
570 5018 820 5090 βεϐήλοις
852 5024 1051 5094 ἐχρῆτο
1089 5026 1498 5093 καινοφωνίαις,
1542 5026 1683 5097 ἁνήρ
1716 5043 1801 5089 τις

225 5106 343 5159 τῶν
370 5108 509 5176 ἄγαν
535 5111 816 5177 ἐπιεικῶν,
854 5116 954 5168 καὶ
990 5115 1160 5170 τελῶν
1210 5117 1308 5185 μὲν
1354 5118 1412 5168 ἐν
1442 5117 1648 5181 λαῖκοῖς
1687 5117 1799 5180 ἔτι,

191 5224 203 5233 -
226 5196 374 5267 πλὴν
421 5200 523 5253 οὐκ
557 5202 913 5271 ἀθαύμαστον
943 5207 1369 5279 συναγηγερκὼς
1403 5208 1459 5261 ὲν
1490 5207 1670 5277 ἑαυτῷ
1708 5207 1805 5278 τὴν

227 5289 533 5355 παίδευσιν,
578 5293 769 5365 θερμῷ
811 5313 870 5347 τε
912 5299 1006 5349 καὶ
1040 5298 1273 5368 φιλοθέῳ
1313 5299 1597 5369 κεκίνηται
1634 5300 1802 5369 ζήλῳ,

225 5382 328 5434 καὶ
356 5382 513 5451 τορόν
556 5400 607 5435 τι
651 5383 974 5455 κεκραγὼς,
1017 5388 1177 5440 αὑτὸν
1208 5388 1309 5459 ἔφη
1352 5391 1443 5442 τὸν
1477 5389 1802 5459 προαιώνιον

224 5470 402 5538 Λόγον
444 5471 539 5524 καὶ
567 5472 828 5543 δευτέραν
869 5475 1157 5544 ὑπομεῖναι
1204 5479 1475 5548 γέννησιν,
1520 5480 1675 5549 δῆλον
1721 5480 1801 5541 δὲ,

230 5727 237 5733 _
319 5643 368 5675 ”
388 5641 494 5700 isa.
531 5660 626 5707 vn,
662 5646 749 5700 Η.
828 5648 872 5680 ⁸⁸
900 5648 1028 5705 Luc.
1062 5651 1217 5712 1,17.
1295 5655 1337 5684 ⁸⁷
1366 5654 1497 5708 ibid.
1532 5654 1616 5707 76.

544 5736 814 5801 ΡΑτιιοι..
860 5743 974 5803 Gn.
1021 5745 1277 5806 LXXVI.

1910 4478 2083 4531 stituti
2103 4518 2118 4543 ,
2148 4477 2467 4532 calumniari
2499 4489 2745 4540 conatur,
2778 4487 2830 4531 et
2852 4478 3142 4531 dictionum
3174 4478 3486 4544 explicatio-

1910 4584 2033 4623 nem
2061 4571 2310 4631 invertit,
2333 4578 2389 4621 et
2418 4569 2588 4637 ipsam
2616 4570 2720 4621 vim
2752 4567 3142 4621 sententiarum
3176 4567 3485 4621 adulterare

1909 4662 2089 4715 audet.
2130 4662 2262 4715 Cum
2304 4660 2447 4715 enim
2490 4661 2603 4728 ipse
2652 4660 2705 4712 in
2748 4658 2921 4711 media
2970 4658 3195 4711 ecclesia
3244 4652 3485 4728 profanis

1912 4760 2149 4802 uteretur
2204 4749 2551 4818 neologismis
2583 4788 2598 4812 ,
2651 4748 2734 4801 vir
2792 4748 3003 4816 quidam
3059 4762 3189 4803 sane
3259 4750 3482 4818 probus,

1911 4842 2000 4909 qui
2036 4840 2211 4893 adhuc
2241 4841 2382 4894 inter
2417 4840 2586 4893 laicos
2607 4848 2745 4903 erat,
2770 4840 2862 4893 sed
2900 4848 3075 4893 tamen
3111 4840 3481 4893 admirabilem

1913 4931 2014 4984 sibi
2046 4930 2333 5001 collegerat
2360 4929 2738 4994 eruditionem,
2761 4928 2985 4982 ferventi
3007 4938 3061 4980 et
3086 4928 3334 4998 religioso
3365 4930 3483 4983 zelo

1909 5021 2012 5090 21
2042 5034 2334 5087 permotus,
2361 5032 2415 5075 et
2434 5021 2751 5075 contentiori
2779 5035 2908 5074 voce
2926 5020 3286 5081 im-lamitans,
3312 5021 3484 5086 ipsum

1912 5113 2087 5181 inquit
2113 5126 2237 5167 ante
2266 5115 2459 5167 srecuia
2495 5113 2722 5167 Ve:bum
2750 5123 2909 5167 etiam
2933 5112 3224 5167 secundam
3254 5113 3485 5164 subiisse

1916 5210 2346 5273 generationem,
2370 5210 2418 5262 id
2442 5216 2543 5271 est,
2586 5209 2727 5261 illam
2756 5208 3050 5260 secundum
3081 5219 3298 5257 carnem
3335 5213 3388 5255 et
3416 5217 3483 5256 ex

1915 5298 2142 5349 muliere
2170 5314 2183 5349 :
2211 5299 2660 5350 tumultuantibus
2707 5299 2770 5347 ad
2806 5297 2903 5347 ieta
2940 5294 3178 5361 populis,
3207 5301 3262 5343 et
3293 5291 3481 5359 majori

1913 5401 1977 5439 ac
2019 5389 2215 5440 saniori
2270 5400 2420 5456 parte
2448 5388 2694 5440 maximis
2725 5386 2871 5437 illum
2927 5385 3174 5437 laudibus
3204 5384 3483 5435 attollente

1913 5487 1969 5531 ιιι
2006 5479 2148 5548 pium
2195 5489 2248 5533 et
2275 5480 2565 5544 sapientem
2602 5478 2651 5530 in
2693 5474 2915 5545 primis,
2972 5488 3025 5530 et
3050 5486 3318 5531 rectorum
3353 5476 3480 5542 dog-

3031 5716 3066 5769 Ξ
