3926 6126
477 203 546 258 45
1469 197 1529 254 S.
1569 195 1837 253 Cl'RlLLl
1875 196 2027 251 ΑΙ.Εέ

2192 195 2344 250 tRlNl
2381 195 2699 253 ARCHIEP.
3670 200 3742 254 ﬂ

479 323 679 370 rnatum
708 313 862 368 ‘haud
919 321 1217 383 expertem,
1251 313 1370 368 aliis
1406 313 1754 368 nihilominus
1794 313 2029 367 adversu;

2191 333 2236 367 τι
2267 311 2362 380 τὴν
2409 317 2546 369 κατά
2576 317 2772 388 σάρκα,
2812 318 2904 369 καὶ
2935 317 2998 369 ἐκ
3031 316 3290 384 γυναικός
3309 333 3322 346 ·
3353 316 3741 387 θορυϐουντων

479 405 626 460 illum
669 404 933 471 efferatis,
976 407 1089 474 ipse
1152 421 1210 461 se
1266 404 1590 474 interpOnit,
1649 419 1883 471 moxque
1930 404 2029 457 illo:

2185 408 2207 460 ὲ
2241 408 2374 477 πρὸς
2401 408 2569 462 ταῦτα
2603 409 2710 461 τῶν
2751 409 2959 480 δήμων,
3003 409 3098 461 καὶ
3143 408 3253 461 τῶν
3289 408 3389 478 μὲν
3435 407 3735 472 πλείστων,

480 499 775 567 approbat,
819 511 954 564 quos
1001 512 1097 550 sua
1131 497 1372 550 docendo
1430 495 1763 564 perdiderat,
1792 504 2030 548 cmterutr

2186 499 2248 550 ai.
2279 498 2534 564 συνετῶν,
2577 499 2638 552 οὐ
2669 499 2909 572 μετρίοις
2952 500 3115 554 αὑτὸν
3154 502 3397 562 ἐπαίνοις
3438 497 3736 568 τετιμηκό-

483 591 533 643 iu
579 605 702 644 eum
740 589 975 658 linguam
1011 587 1222 640 exacuit
1270 587 1358 655 qui
1386 586 1552 653 ipsius
1613 586 1866 654 dogmata
1931 601 2033 638 non

2188 606 2280 654 ων,
2323 588 2399 652 ὡς
2438 590 2636 660 εὐσεϐῆ
2667 609 2750 654 τε,
2794 592 2889 646 καὶ
2929 592 3320 653 συνετώτατον,
3364 590 3460 644 καὶ
3488 589 3591 658 τῆς
3622 589 3738 641 τῶν

480 683 828 746 sustinuerat,
889 687 944 732 et
1001 678 1052 731 in
1096 686 1310 731 sanctos
1363 676 1549 729 Patres
1595 676 1684 744 qui
1732 674 1872 743 piam
1924 675 2025 726 fide

2185 668 2436 746 ογμὰτων
2465 678 2756 750 ὀρθότητος
2794 681 2896 734 οὐκ
2921 676 3285 752 ἤμοιρηκότα,
3326 679 3735 747 λελυττηκότων

481 774 843 828 definitionem
901 770 1053 824 nobis
1104 769 1514 830 constituerant,
1549 781 1710 836 quam
1745 773 1804 818 nt
1874 764 2031 817 animi

2180 783 2218 818 ἐ
2284 767 2389 838 μὴν
2437 772 2557 822 κατ’
2607 771 2769 824 αὑτοῦ
2813 773 2931 827 ,τῶν
2985 773 3182 838 ἄλλων,
3225 769 3494 825 διαλαϐὼν
3542 768 3730 830 αὐτὸς,

481 867 770 920 anchoratn
826 863 1086 917 habemus
1119 869 1285 914 tutam
1321 873 1383 912 ac
1413 858 1646 923 ﬁrmam,
1678 867 1739 910 ut
1783 854 2031 926 scriptum

2189 856 2471 926 ποδέχεται
2503 860 2604 928 μὲν
2641 860 2803 923 εὐθὺς
2830 861 3097 924 ἐκείνους,
3129 860 3222 924 οὓς
3251 860 3319 912 τὰ
3345 857 3539 913 ἑαυτοῦ
3579 855 3733 909 διδά-

478 968 560 1011 est
582 957 647 1009 ⁸⁸.
2149 963 2295 1000 σκων
2324 948 2701 1003 ἀπολώλεκενο
2737 952 2991 1022 ἐπιθήγει
3042 953 3097 1004 δέ
3140 951 3239 1021 τὴν
3275 951 3522 1019 γλῶτταν
3578 947 3733 1015 αὑτῷ

475 1064 533 1101 τε
567 1045 642 1116 τῷ
671 1043 745 1115 μὴ
809 1038 1162 1110 ἀνασχομένῳ
1208 1037 1276 1090 τὰ
1321 1033 1509 1101 αὐτοῦ,
1544 1035 1638 1088 καὶ
1710 1034 1816 1106 μὴν
1862 1032 1958 1086 καὶ
2009 1036 2120 1098 τοῖς
2159 1036 2334 1110 ἁγίοις
2379 1038 2683 1110 Πατράσιν,
2720 1041 2770 1092 οἲ
2819 1041 2910 1094 τὸν
2939 1043 3136 1112 εὐσεϐῆ
3181 1042 3282 1110 τῆς
3327 1042 3572 1102 πίστεως·
3602 1040 3732 1110 ὅρον

474 1146 606 1214 ἡμῖν
637 1137 1191 1209 τεθεσμοθετήκασιν,
1234 1135 1300 1204 ἢν
1332 1133 1408 1196 ὡς
1440 1131 1689 1202 ἄγκυραν
1760 1131 1958 1202 ἔχομεν
1991 1131 2090 1202 τῆς
2160 1132 2339 1203 ψυχῆς
2386 1135 2603 1208 ἀσφαλῆ
2650 1154 2708 1190 τε
2760 1139 2854 1192 καὶ
2889 1138 3142 1208 βεϐαίαν,
3191 1138 3332 1192 κατὰ
3375 1139 3439 1190 τὸ
3478 1154 3730 1208 γεγραμ-

480 1241 660 1310 μένον.
2311 1262 2318 1265 -
2734 1257 2747 1263 -

549 1327 826 1400 [Νεετοιι.
868 1322 1087 1377 Gaudeo
1138 1319 1314 1384 enim,
1358 1318 1566 1388 inquit,
1613 1326 1854 1372 vestrum
1908 1315 2050 1385 aspi-

2223 1312 2436 1384 [Χαίρω
2466 1314 2596 1386 γὰρ,
2624 1315 2749 1387 ἔφη,
2769 1316 2860 1370 τὸν
2890 1316 3151 1386 ὑμέτερον
3179 1316 3517 1387 Θεασάμενός
3539 1317 3724 1386 ζῆλον.

475 1423 626 1476 ciens
674 1418 872 1470 zelum.
921 1413 1162 1468 Indidem
1213 1411 1496 1479 perspicue
1547 1407 1770 1477 coargui
1822 1423 2024 1478 possun

2177 1404 2386 1456 ιὺτόθεν
2405 1406 2522 1458 ἐστὶ
2546 1407 2718 1476 σαφὴς
2735 1409 2832 1476 τῆς
2848 1407 2954 1458 τῶν
2971 1407 3264 1476 λεχθέντων
3293 1408 3400 1479 [ἵσ.
3425 1409 3597 1478 σαφὴς
3619 1407 3727 1460 τῶν

477 1528 595 1582 quae
634 1513 701 1562 ab
727 1507 929 1562 infelici
981 1504 1198 1558 homine
1241 1513 1368 1557 Sttttl.
1411 1502 1674 1571 ﬂagitiose
1703 1500 1845 1555 dicta
1878 1517 1891 1553 :
1925 1514 2027 1552 nan

2169 1495 2471 1582 texeévzwv]
2500 1498 2602 1550 ὑπὸ
2630 1497 2727 1566 τῆς
2751 1498 2844 1550 τοῦ
2886 1498 3118 1550 δειλαίου
3159 1501 3380 1569 μιαρίας
3414 1502 3441 1552 6
3470 1501 3686 1568 ἐλεγχος
3704 1512 3719 1528 ·

480 1616 708 1669 quorum
768 1599 886 1652 duae
936 1607 1064 1650 sunt
1109 1594 1507 1664 generationes,
1544 1608 1730 1646 eorum
1788 1593 1892 1646 duo
1942 1590 2024 1643 sin

2174 1577 2230 1638 ὒν
2258 1587 2365 1656 γὰρ
2387 1585 2480 1639 δύο
2506 1589 2804 1658 γεννήσεις,
2835 1588 3038 1642 τούτων
3060 1589 3151 1641 δύο
3181 1591 3316 1642 υἱοίο
3350 1593 3380 1661 ἡ
3409 1591 3465 1643 δὲ
3494 1590 3724 1658 Ἐκκλη-

483 1695 574 1747 filii
623 1704 845 1745 necesse
888 1697 970 1741 est
1000 1705 1013 1739 :
1044 1687 1138 1740 sed
1180 1684 1418 1739 Ecclesia
1474 1698 1638 1737 unum
1682 1680 1923 1752 agnoscit
1957 1677 2033 1732 Fit

2155 1678 2244 1738 σία
2275 1676 2368 1729 ἕνα
2403 1672 2541 1732 οἶδεν
2573 1677 2724 1746 Υἱὸν,
2755 1679 3148 1752 τὸν-Δεσπότης)
3173 1679 3462 1756 Χριστόν.]
3598 1673 3601 1677 ’

483 1782 635 1844 lium,
669 1780 841 1848 ipsum
873 1774 1150 1829 Dominum
1182 1769 1506 1842 Cht‘istum.]
2070 1765 2121 1820 Β
2545 1835 2548 1838 γ

1123 1906 1273 1963 CAP.
1317 1905 1416 1962 VU

2725 1904 2984 1958 ΚΕΦᾹΛ.
3029 1906 3117 1972 c7.

552 2047 882 2106 Stultissime
927 2045 1059 2115 quid
1112 2042 1198 2097 his
1258 2045 1323 2097 de
1376 2043 1537 2098 rebus
1591 2043 1931 2098 sentiendum
1978 2043 2050 2098 sit

2239 2034 2595 2106 Ἀνοητότατα
2632 2038 2731 2107 μὲν
2762 2031 2853 2090 οὖν
2883 2037 2974 2091 τὸν
3004 2038 3112 2092 τῶν
3145 2039 3236 2091 ἐπὶ
3264 2037 3473 2104 τούτοις
3503 2039 3725 2095 ἐννοιῶν

481 2141 844 2196 tlellttitiottetn
900 2134 1123 2204 protulit
1176 2133 1400 2185 dicens:
1435 2130 1697 2203 [Quorum
1748 2133 1866 2186 dum
1923 2146 2023 2186 sun

2172 2127 2279 2196 ἄρον
2330 2125 2684 2194 ἐξηνέγκατο,
2713 2129 2921 2196 λέγων·
2964 2125 3086 2199 [Ὧν
3127 2131 3236 2202 γὰρ
3285 2131 3377 2184 δύο
3409 2134 3722 2202 γεννήσεις,

480 2232 880 2302 generationes,
923 2239 1110 2280 eorum
1156 2224 1260 2276 duo
1286 2238 1503 2291 quoque
1552 2224 1662 2276 sint
1695 2224 1785 2276 lilii
1829 2238 2030 2276 necesst

2174 2217 2359 2270 τούτων
2393 2218 2486 2270 καὶ
2511 2217 2604 2270 δύο
2634 2219 2782 2289 υἱοῖ.]
2825 2220 3197 2290 Ἰσχνομυθίας
3217 2239 3280 2290 γε
3315 2223 3421 2293 μὴν
3447 2225 3544 2291 τῆς
3574 2223 3630 2275 ἓν
3661 2240 3724 2291 γε

479 2321 608 2393 est.]
638 2322 903 2375 Caeterum
942 2316 1142 2368 omissa
1190 2314 1272 2366 his
1305 2315 1370 2366 de
1406 2315 1566 2366 rebus
1611 2313 1824 2368 exiliori
1866 2315 2029 2380 dispul

2175 2307 2368 2371 τούτοις
2398 2310 2657 2377 ἀφέμενοι
2685 2352 2698 2374 ,
2729 2312 2864 2374 τέως
2899 2312 3034 2382 πρὸς
3065 2313 3154 2365 τὸν
3187 2313 3280 2365 τοῦ
3331 2313 3490 2380 λόγου
3521 2315 3725 2366 σκοπὸν

485 2414 712 2472 latione,
746 2407 964 2462 interim
1001 2420 1121 2472 quae
1171 2407 1236 2454 ad
1273 2405 1533 2456 orationis
1576 2413 1774 2456 nostrze
1805 2403 2035 2472 praposi-

2171 2397 2222 2450 τά
2250 2395 2309 2461 ἐξ
2338 2398 2598 2467 ἀκριϐοῦς
2624 2400 2868 2470 ἐρεύνης,
2902 2403 3033 2472 φέρε
3055 2402 3137 2472 δὴ.
3164 2403 3320 2472 φέρε,
3355 2402 3721 2472 συλλέγωμεν.

485 2514 599 2556 tum
634 2515 698 2553 ex
732 2495 974 2566 diligenti
1009 2493 1361 2561 inquisitione
1393 2493 1618 2560 inveniri
1653 2503 1901 2562 poterunt
1938 2491 2035 2546 col.

2171 2487 2365 2540 )ὺκοῦν
2409 2488 2782 2556 ἀπαράδεκτον
2834 2491 2958 2561 [ἴον.
2997 2493 3044 2543 ει
3080 2491 3174 2544 δύο
3222 2487 3362 2545 εἶναι
3409 2495 3721 2563 γεννήσεις,

481 2593 732 2660 ligamus.
793 2587 956 2654 Igitur
1007 2585 1138 2637 duas
1189 2598 1325 2637 esse
1366 2584 1765 2651 generationes,
1831 2583 2031 2635 ntinimt

2175 2577 2556 2649 ιπαρὰδεκτον]
2589 2581 2908 2650 ἐποιήσατο,
2950 2583 3145 2652 χρῆναι
3169 2583 3224 2635 δέ
3259 2601 3390 2654 φησι
3434 2585 3567 2654 μίαν
3593 2587 3725 2650 6:40-

483 2678 876 2735 atlntittendntn
931 2673 1161 2752 censuit.
1201 2670 1380 2725 Unam
1423 2687 1582 2740 porro
1641 2672 1972 2724 nativitatem
2018 2687 2033 2723 ε

2175 2670 2427 2736 ιογεῖσθαι
2453 2670 2586 2739 πρὸς
2617 2670 2772 2740 ἡμῶν
2793 2709 2807 2732 ,
2841 2672 2926 2726 ἵνα
2958 2675 3031 2744 μὴ
3065 2674 3157 2725 δύο
3191 2675 3398 2743 νοῶμεν
3439 2675 3619 2737 υἱούς·
3650 2676 3725 2738 ὡς

484 2771 640 2825 nobis
679 2781 795 2821 esse
823 2764 1180 2819 confitendam
1209 2763 1421 2826 asserit,
1457 2777 1522 2816 ne
1556 2763 1689 2815 duos
1713 2763 1857 2814 lilios
1889 2761 2034 2816 intel-

2179 2780 2214 2813 ιν
2245 2763 2553 2828 ἐπάναγκες
2575 2803 2588 2825 ,
2618 2765 2664 2815 εἰ
2695 2763 2787 2815 δύο
2812 2765 3027 2827 πάντως
3058 2767 3112 2818 αἱ
3143 2767 3428 2832 ἀποτέξεις
3467 2763 3596 2826 εἷεν,
3631 2766 3729 2819 δύο

484 2865 730 2932 rigamus,
763 2873 824 2910 ac
868 2857 912 2910 si
959 2870 1179 2908 necesse
1216 2855 1306 2918 sit,
1341 2855 1382 2907 si
1421 2855 1538 2905 dua:
1567 2867 1796 2920 prorsus
1824 2868 2034 2922 generat

2175 2851 2250 2904 (αἱ
2277 2852 2426 2913 υἱοὺς
2467 2853 2846 2924 εἰσφέρεσθαι·
2883 2856 3179 2910 διδασκέτω
3223 2857 3530 2928 παρελθὼν,
3566 2858 3725 2910 ποίαν

485 2953 658 3006 tiones
683 2949 810 3013 sint,
838 2948 968 2998 duos
995 2945 1124 3022 item
1159 2944 1298 2996 filios
1328 2941 1536 2994 inferri.
1569 2939 1802 2993 Prodeat
1824 2957 1950 3009 ergo
1983 2956 2035 2994 at

2176 2942 2266 3013 ἱρα
2293 2941 2398 2994 τῶν
2431 2945 2736 3014 γεννήσεων
2761 2946 3148 3018 παραδέξεται,
3179 2947 3276 3018 τὴν
3305 2947 3629 3017 προαιὼνιόν
3665 2963 3726 3000 τε

482 3046 672 3099 doceat
729 3049 904 3094 utram
960 3036 1366 3103 generationem
1419 3031 1569 3083 malit
1617 3032 1924 3096 admittere,
1982 3031 2032 3084 ili

2178 3033 2252 3085 ιαί
2301 3034 2364 3085 ἐκ
2414 3035 2649 3104 Πατρός,
2693 3036 2816 3088 καθ’
2845 3037 2910 3106 ἢν
2959 3036 3113 3089 οὔπω
3141 3039 3559 3107 σεσαρκωμένος
3595 3037 3728 3102 Θεὸς

484 3136 661 3189 lamne
705 3147 771 3184 ex
821 3129 979 3181 Patre
1031 3134 1156 3177 ante
1196 3122 1414 3186 stecula,
1466 3136 1561 3189 per
1605 3136 1765 3189 quam
1805 3121 2032 3174 .no'nduu

2177 3119 2221 3194 iv
2249 3127 2276 3175 6
2309 3124 2498 3192 Λόγος,
2531 3125 2697 3194 ἤγουν
2727 3130 2954 3195 ταυτηνὶ
3001 3128 3098 3196 τὴν
3155 3128 3488 3197 πρόσφατον,
3528 3129 3622 3181 καὶ
3663 3131 3727 3181 ἐκ

485 3228 794 3280 inearuattts
851 3221 986 3272 Deus
1012 3223 1128 3269 erat
1171 3214 1422 3271 Verbum,
1451 3228 1518 3264 an
1549 3226 1673 3263 vero
1701 3213 1838 3263 hanc
1877 3226 2032 3263 recen

2178 3216 2446 3276 Γυναικός
2476 3215 2538 3266 Εἰ
2571 3214 2666 3282 μὲν
2699 3209 2792 3265 οὖν
2822 3216 3036 3283 ἐκείνην
3081 3217 3230 3285 ἐρεῖ,
3266 3217 3359 3269 καὶ
3406 3219 3595 3289 μόνην,
3627 3220 3728 3291 τὴν

484 3327 590 3372 tem
619 3322 673 3368 et
704 3327 768 3366 ex
805 3306 1063 3363 muliere?
1091 3305 1224 3358 Nam
1264 3305 1308 3356 si
1342 3303 1486 3356 illam
1517 3303 1657 3354 dicet
1687 3302 1876 3366 solam,
1905 3301 2034 3352 illaut

2174 3304 2485 3375 τροαιώνιον
2517 3305 2660 3372 λέγω
2681 3345 2694 3368 ,
2728 3307 2822 3358 καὶ
2868 3308 2932 3358 ἐκ
2973 3308 3186 3378 Πατρός
3213 3345 3227 3370 ,
3261 3309 3466 3371 ἐκεῖνος
3506 3310 3573 3361 ἂν
3617 3311 3724 3381 εἴη,

486 3409 610 3463 dico
655 3415 779 3458 ante
826 3401 1019 3454 macula
1064 3407 1119 3450 et
1155 3412 1219 3450 ex
1268 3393 1449 3456 Patre,
1503 3394 1592 3446 ille
1631 3391 1734 3445 erit
1784 3391 1965 3458 utique
2002 3405 2030 3443 e

2177 3396 2252 3447 ul.
2287 3396 2443 3465 μόνος
2487 3396 2636 3460 Υἱὸς,
2669 3397 2697 3448 ό
2730 3396 2787 3461 ἐξ
2816 3396 2979 3448 αὑτοῦ
3027 3397 3168 3450 κατὰ
3207 3398 3388 3467 φύσιν,
3417 3397 3571 3450 οὔπω
3600 3417 3727 3470 σαρο

489 3497 705 3567 quidetu
742 3491 886 3546 solus
920 3489 1109 3551 Filius,
1148 3487 1238 3554 qui
1269 3501 1336 3538 ex
1373 3499 1438 3537 eo
1468 3487 1764 3537 secundum
1809 3491 2039 3533 naturan'

2176 3486 2271 3550 ιὸς,
2335 3488 2429 3539 καὶ
2463 3487 2691 3556 αἵματος
2734 3488 3181 3558 κεκοινωνηκὼς·
3217 3491 3340 3558 εξκῆ
3382 3489 3461 3554 δὲ,
3507 3491 3601 3542 καὶ
3649 3492 3726 3554 ὠς

488 3596 570 3640 est
604 3593 776 3643 ortus,
809 3590 1098 3645 antequam
1140 3571 1286 3626 carni
1319 3580 1372 3624 et
1414 3569 1654 3638 sanguini
1686 3567 2038 3621 communica-

2175 3576 2298 3628 ἷοικε
2334 3576 2353 3648 ί
2379 3578 2464 3631 ῑσ.
2494 3578 2648 3648 ἔτυχε
2673 3577 2691 3649 ]
2715 3619 2728 3642 ,
2776 3579 2837 3631 τὸ
2864 3580 2963 3647 τῆς
2996 3579 3461 3650 ἐνανθρωπήσεως
3488 3580 3725 3634 λαλεῖται

491 3683 575 3729 ret
597 3673 642 3703 "
673 3688 686 3724 :
721 3681 922 3723 tetttete
953 3676 1130 3717 autem
1153 3678 1214 3715 ac
1241 3666 1437 3713 frustra
1462 3658 1776 3728 mysterium
1808 3657 2041 3708 incarna-

2175 3672 2489 3736 ιυστήριονο
2526 3668 2620 3718 καὶ
2661 3666 2933 3719 κεκένωκε
2988 3667 3087 3736 μὲν
3135 3667 3329 3718 ἐαυτὸν
3372 3669 3490 3718 κατ’
3540 3667 3725 3718 οὐδένα

492 3764 652 3819 tionis
673 3760 962 3822 asseritur;
986 3756 1128 3808 nullo
1146 3754 1285 3806 enim
1306 3754 1463 3804 modo
1485 3751 1720 3817 seipsum
1741 3748 2042 3810 exinanivit,

2171 3759 2386 3828 τρόπον’
2430 3757 2554 3810 οὗτε
2603 3761 2707 3828 μὴν
2737 3761 2793 3810 ἐν
2830 3762 2897 3828 τῇ
2924 3759 3017 3811 τοῦ
3052 3758 3236 3811 δούλου
3283 3759 3472 3826 γέγονε
3505 3761 3721 3830 μορφῇ·

489 3869 666 3924 neque
699 3852 862 3905 subiit
891 3849 1030 3902 servi
1067 3846 1294 3897 formant
1322 3842 1388 3906 ε’,
1422 3842 1514 3896 sed
1545 3841 1622 3893 sie
1650 3838 1967 3908 permansit,
2002 3850 2039 3890 et

2171 3849 2436 3919 μεμένηκε
2468 3849 2523 3902 δὲ
2551 3848 2711 3912 οὕτω,
2744 3850 2842 3919 τὴν
2885 3849 3019 3919 πρὸς
3063 3850 3240 3920 σάρκα
3281 3849 3496 3900 σύνοδον
3549 3848 3721 3917 ἀληθῆ

487 3959 671 4000 veram
720 3940 900 3996 carnis
957 3934 1347 4006 injunctionem
1382 3933 1658 3998 hucusque
1699 3927 1914 3996 refugit.
1953 3927 2037 3980 Sir

2170 3942 2250 3992 καὶ
2284 3943 2363 4002 εἰς
2388 3939 2548 4010 δεῦρο
2576 3940 3030 4010 παραιτούμενος.
3076 3939 3216 3992 ’Λλλ’
3244 3939 3272 3990 6
3304 3938 3415 4010 [ἴσ.
3447 3939 3563 3991 ἀλλ’
3593 3941 3640 3990 εἰ
3669 3937 3720 4010 6]

490 4053 622 4092 vero
668 4033 760 4103 qui
811 4030 1072 4084 eattremis
1117 4025 1447 4093 temporibus
1491 4036 1557 4075 ex
1612 4020 1850 4086 muliere
1899 4027 2040 4072 natu:

2170 4033 2216 4083 ἐν
2249 4032 2495 4100 ἐσχάτοις
2526 4035 2737 4102 καιροῖς
2771 4033 2835 4083 ἐκ
2868 4031 3143 4098 γυναικὸς,
3178 4031 3340 4093 αὐτὸς
3381 4031 3450 4083 ἀν
3495 4031 3720 4098 λέγοιτο.

485 4136 587 4193 est,
630 4128 675 4180 is
701 4125 885 4191 utique
921 4122 1130 4173 dieetur
1167 4127 1220 4170 et
1257 4116 1470 4183 quidem
1501 4112 1649 4167 solus
1679 4109 1869 4174 Filius,
1895 4117 2035 4176 atqui

2173 4123 2253 4174 to).
2302 4122 2462 4191 μόνος
2505 4123 2664 4185 Υἱόςο
2697 4123 2790 4175 καὶ
2840 4123 2904 4193 δὴ
2943 4123 3037 4174 καὶ
3089 4123 3218 4191 μίαν
3264 4122 3490 4191 ταυτηνὶ
3525 4122 3622 4190 τὴν
3663 4123 3723 4174 ἐκ

487 4221 648 4274 etiam
686 4216 854 4269 solam
894 4219 1033 4264 banc
1063 4225 1131 4262 ex
1168 4209 1391 4261 muliere
1426 4204 1828 4271 generationem
1863 4200 2037 4253 admit

2175 4214 2418 4282 γυναικὸς
2447 4213 2866 4283 παραδεξόμεθα
2901 4214 3185 4284 γέννησιν,
3219 4211 3523 4266 ἀπώλισθεν
3558 4212 3725 4278 ἀναγ-

491 4321 664 4380 tentus
691 4323 703 4357 :
736 4319 865 4372 ergo
903 4299 1208 4354 necessario
1239 4297 1471 4366 perdidit
1506 4295 1633 4347 illud
1657 4307 1723 4347 ex
1760 4293 1870 4346 Deo
1895 4291 2041 4344 Patre

2177 4303 2328 4364 ιαεως
2357 4301 2451 4354 τοῦ
2488 4298 2625 4354 εἶναι
2657 4303 2798 4366 κατά
2843 4303 3002 4372 φύσιν
3049 4302 3173 4363 Υἱὸς
3200 4304 3227 4354 6
3255 4303 3317 4353 ἐκ
3349 4299 3482 4352 Θεοῦ
3512 4300 3727 4371 Πατρός

487 4399 723 4455 Verbum
756 4409 822 4448 ne
854 4394 925 4449 sit
957 4392 1252 4445 secundum
1282 4398 1526 4440 naturam
1563 4383 1750 4438 Filius.
1784 4384 1890 4437 Sed
1915 4382 2031 4435 vide

2177 4393 2353 4458 λόγος.
2397 4391 2537 4443 Ἀλλ’
2562 4392 2661 4463 δρα
2693 4391 2816 4464 [ῖσ.
2865 4392 3004 4464 ὁρᾷ]
3047 4409 3148 4445 που
3181 4393 3396 4454 πάντως
3420 4393 3448 4444 6
3476 4389 3727 4458 θεοφιλὴς

488 4503 712 4562 prorsus
755 4487 836 4539 vir
879 4483 970 4537 Dei
1025 4492 1236 4534 amator
1278 4493 1439 4547 quam
1495 4476 1604 4530 sint
1650 4475 1732 4528 bas
1772 4474 2038 4528 sententia

2179 4481 2257 4552 τὴν
2287 4481 2393 4534 τῶν
2422 4483 2637 4536 ἐννοιῶν
2665 4484 2912 4549 ἀτοπίαν,
2959 4485 3053 4536 καὶ
3105 4485 3164 4536 τι
3215 4483 3332 4535 λίαν
3367 4481 3729 4542 ἀπονενευκὸς

487 4583 755 4642 ιιὺειινάιε,
781 4587 831 4631 et
863 4586 1192 4646 quauwpere
1219 4569 1325 4638 22
1352 4568 1418 4621 ad
1447 4567 1779 4636 impietatem
1808 4570 2030 4630 vergant

2180 4574 2240 4636 ;ῑς
2283 4572 2558 4626 ἀσέϐειαν.
2589 4573 2706 4626 Ἵνα
2735 4575 2912 4626 τοίνυν
2937 4574 3052 4626 ὁδὸν
3079 4573 3371 4644 ἐρχὼμεθα
3399 4573 3497 4642 τὴν
3529 4574 3730 4641 βασιλι-

491 4671 574 4729 Ut,
595 4684 721 4740 ergo
765 4667 849 4719 via
892 4663 1036 4732 regia
1076 4661 1406 4732 gradiantur,
1456 4659 1589 4712 duas
1621 4657 1853 4709 dicimus
1887 4653 2041 4706 fuissr

2179 4662 2284 4734 ιὴν,
2314 4663 2406 4715 δύο
2435 4663 2615 4732 φαμὲν
2649 4663 2899 4731 γενέσθαι
2933 4663 3031 4727 τὰς
3079 4664 3380 4728 ἀποτέξεις,
3425 4663 3522 4714 ἕνα
3553 4661 3607 4713 δὲ
3639 4659 3729 4713 τὸν

492 4759 823 4820 nativitates,
876 4757 970 4808 sed
1005 4768 1168 4807 unum
1206 4751 1262 4804 in
1293 4759 1521 4818 utraque
1570 4745 1784 4809 Filium,
1831 4759 1952 4798 cum
1998 4744 2042 4795 in

2181 4755 2224 4804 it.‘
2253 4754 2452 4824 ἀμφοῖν
2478 4754 2604 4808 Υἱόν
2627 4771 2641 4786 ο
2678 4754 2830 4808 οὔπω
2859 4755 2959 4826 μὲν
2992 4757 3049 4809 ἐν
3080 4757 3243 4826 σαρκὶ
3274 4755 3533 4823 γεγονότα
3553 4753 3645 4806 τὸν
3668 4754 3731 4806 ἐκ

493 4865 654 4908 carne
679 4846 912 4901 nondum
943 4852 1108 4906 esset,
1141 4841 1371 4896 Verbum
1398 4857 1463 4896 ex
1493 4840 1626 4901 Deo,
1657 4839 1903 4892 eumdem
1929 4847 2043 4886 verc

2176 4844 2296 4897 θεοῦ
2329 4845 2530 4914 Λόγονο
2563 4846 2654 4900 τὸν
2681 4847 2842 4899 αὑτὸν
2872 4847 2925 4899 δέ
2969 4846 3108 4916 μετὰ
3141 4846 3300 4898 τοῦτο
3318 4845 3423 4899 kal.
3461 4861 3726 4914 σεσαρκω

494 4951 681 5010 postea
721 4939 883 4991 etiam
923 4936 1284 4998 incarttatum,
1319 4943 1374 4988 et
1396 4934 1484 5000 qui
1519 4939 1737 5000 propter
1763 4943 1859 4981 nos
1894 4940 2044 4995 gene-

2182 4935 2348 5000 ιένον,
2381 4936 2474 4989 καὶ
2505 4937 2571 4989 δι’
2605 4938 2762 5008 ἡμῶν
2795 4937 2903 5009 [τσ.
2937 4937 3004 4989 δι’
3035 4935 3210 5008 ἡμᾶς]
3245 4936 3342 5006 τὴν
3385 4938 3450 4988 ἐκ
3478 4934 3732 5004 γυναικὸς

497 5032 758 5086 rationem
799 5028 1092 5082 secundum
1150 5038 1370 5078 carnem
1421 5038 1503 5077 ex-
1540 5020 1760 5074 muliere
1809 5015 2047 5072 subierit.

2180 5024 2469 5078 ἱνατλάντα
2514 5027 2766 5098 γέννησιν
2814 5026 2954 5080 κατά
2999 5027 3197 5098 σάρκα.
3243 5027 3304 5079 El
3341 5026 3441 5095 μὲν
3490 5026 3602 5095 γὰρ
3649 5023 3730 5075 ἐπ’

495 5123 626 5178 Nam
666 5121 712 5176 si
744 5118 970 5172 dixisset
1001 5118 1052 5169 in
1098 5115 1403 5169 hominibus
1438 5123 1693 5181 Oportere
1721 5124 1966 5180 prorsus,
2011 5108 2045 5160 si

2182 5114 2466 5184 ἱινθρώπων
2496 5115 2700 5184 ἔφασκε
2725 5117 2786 5169 τὸ
2814 5119 3008 5188 χρῆναι
3036 5116 3100 5186 δὴ
3132 5116 3346 5177 πάντως
3372 5112 3465 5166 δύο
3500 5112 3732 5166 νοεῖσθαι

497 5215 627 5266 duas
659 5208 1034 5280 generationes
1072 5203 1338 5270 dicamus,
1391 5205 1524 5256 riuos
1555 5216 1675 5256 esse
1720 5201 1875 5263 lilios,
1913 5209 2047 5250 recte

2187 5205 2290 5268 τοὺς
2333 5207 2501 5273 υἱοὺς,
2537 5208 2585 5259 εἰ
2627 5207 2682 5258 δέ
2715 5207 2808 5260 δύο
2835 5206 2944 5278 [ἵσ.
2981 5209 3029 5261 εἰ
3059 5206 3174 5279 δύο]
3215 5207 3498 5275 γεννήσεις
3539 5202 3737 5274 όνομά·

493 5318 557 5356 ac
607 5316 728 5355 vere
777 5300 1002 5353 dixisset
1031 5316 1044 5352 :
1073 5297 1164 5352 sed
1213 5296 1338 5365 quia
1385 5292 1586 5349 Christi
1633 5293 1948 5362 mysterium
2005 5301 2043 5340 et

2185 5296 2351 5362 ξομενν
2393 5295 2569 5364 ὀρθῶς
2604 5297 2669 5348 ἂν
2712 5294 2840 5366 ἔφη,
2879 5297 2972 5350 καὶ
3001 5293 3068 5368 ἦν
3103 5294 3330 5366 ἀληθές⁹
3364 5291 3555 5362 ἐπειδὴ
3583 5291 3641 5343 δὲ
3675 5288 3735 5341 τὸ

495 5390 880 5446 incarnationis
931 5389 1066 5444 ratio
1095 5387 1257 5442 aliam
1295 5387 1435 5440 viam
1488 5394 1653 5450 tenet,
1689 5394 1742 5438 et
1795 5385 1845 5436 in
1896 5383 2045 5435 rebus

2183 5381 2399 5452 Κριστοῦ
2422 5383 2716 5453 μυστήριον
2760 5385 2853 5437 καὶ
2879 5383 2908 5435 6
2937 5386 3033 5455 τῆς
3060 5381 3528 5455 ἐνανθρωπήσεως
3557 5379 3733 5447 λόγος.

581 5570 627 5602 ³⁸
649 5567 809 5625 Hebr.
845 5584 918 5635 γι,
949 5568 1032 5622 l9.
1112 5570 1156 5602 "
1181 5567 1340 5624 Hebr.
1375 5580 1436 5631 tt,
1476 5564 1558 5620 14.
1636 5563 1679 5595 ⁸⁸
1701 5560 1932 5630 Philipp.
1961 5573 2022 5623 tt,
2047 5557 2100 5612 6.
