3926 6126
201 312 274 364 ιε
1340 271 1766 378 ᾼυνεπδυει

1871 306 2159 367 sromuu
2201 307 2332 367 un.
2373 300 2428 366 t.‘
3010 278 3016 285 ’
3378 322 3447 377 t6

202 426 402 499 ἑτέραν
439 424 552 497 εχει
580 403 838 495 enim»,
868 428 962 482 καὶ
991 428 1091 484 οῦκ
1130 427 1187 483 ἔν
1226 446 1290 497 γε
1327 430 1439 492 τοῖς
1472 429 1592 485 καθ’
1631 428 1766 498 ἡμᾶς

1882 427 2082 482 nostris
2105 442 2209 482 non
2240 428 2426 483 eodem
2467 431 2627 486 modo
2654 432 3003 499 conspicitur,
3040 447 3137 489 cur
3157 448 3448 493 consuetu-

207 518 509 590 ισοτρόπως
530 519 741 589 ὁρᾶται,
761 518 815 571 τί
843 522 960 583 ταῖς
989 521 1112 574 καθ’
1137 521 1282 589 ἡμᾶς
1314 518 1620 589 συνηθείαις
1647 535 1773 571 συν⁸

201 608 368 679 ορῶν,
405 604 522 665 εἶτα
540 611 650 672 τοῖς
682 609 1029 679 παραδόξοις,
1054 610 1148 663 καὶ
1178 610 1316 680 ὑπὲρ
1342 608 1518 677 λόγον,
1538 608 1628 661 τδν
1651 606 1775 661 νοῦν

197 699 403 769 ἐνιεὶς,
453 699 533 760 είς
579 698 1002 769 ἁδρανεστάτην,
1048 698 1142 751 καὶ
1174 696 1363 767 ἀμαθῆ
1398 696 1495 765 τὴν
1541 696 1778 764 ὀλιγοπι-

206 761 361 842 στίαν
403 761 794 859 καταφωρᾶται
834 761 1052 854 πεσῶνς
1111 788 1177 839 ’0
1216 761 1290 839 *δέ
1338 761 1429 856 μοι
1455 761 1776 854 ’θαυμᾶζειν

206 877 444 945 ιπεισιν,
475 878 652 933 ἐκεῖνό
689 880 836 932 ἐστιν
857 894 872 908 ο
924 878 1021 931 ἕνα
1045 878 1154 950 γὰρ
1183 880 1241 931 ὲν
1267 876 1474 940 τούτοις
1501 875 1776 946 ὁμολογῶν

208 969 334 1023 Υίὸν
382 970 581 1024 εἰδέναι
614 970 714 1041 τὴν
756 969 1116 1039 Ἐκκλησίαν,
1144 968 1547 1040 προστεθεικὼς
1574 968 1653 1032 δὲ,
1692 969 1776 1021 ὃτι

204 1061 296 1115 τὸν
311 1062 589 1132 Δεσπότην
614 1062 867 1133 Χριστὸν,
882 1062 1068 1117 οὐκέτι
1085 1062 1385 1131 τετήρηκεν
1403 1062 1519 1119 ἕνα·
1541 1060 1775 1129 διίστησι

200 1154 311 1225 γὰρ
341 1154 587 1225 ἀλλήλων
615 1154 683 1208 τὰ
716 1154 991 1227 ἡνωμένα,
1036 1154 1131 1207 καὶ
1163 1154 1265 1207 ἀνὰ
1306 1153 1471 1225 μέρος
1514 1153 1775 1222 ἑκάτερον

202 1246 438 1315 τίθησιν,
468 1246 525 1298 οὐ
553 1245 605 1298 τί
641 1245 738 1315 μὲν
774 1244 891 1297 ἔστι
924 1244 1062 1298 κατὰ
1094 1242 1253 1312 φύσιν
1285 1244 1313 1296 ό
1342 1243 1535 1310 Λόγος,
1568 1242 1775 1314 διερευ-

196 1334 466 1405 νώμενος,
499 1335 552 1387 τί
582 1335 638 1387 δὲ
663 1336 811 1404 καὶὴ
844 1332 1008 1401 σάρξ·
1043 1332 1326 1403 ἄνθρωπον
1354 1331 1409 1385 δὲ
1434 1330 1657 1401 μᾶλλον,
1678 1332 1773 1385 καὶ

196 1425 357 1487 Θεὸν,
396 1425 473 1488 ὡς
505 1426 562 1478 ὲν
593 1424 797 1494 ἰσότητι
846 1425 983 1493 μόνῃ
1026 1423 1124 1493 τῆς
1152 1421 1327 1491 δόξης,
1359 1421 1605 1491 καθάπερ
1643 1419 1772 1488 γοῦν

194 1514 394 1576 οἴεται,
427 1513 699 1580 συλλέγων
733 1515 812 1575 είς
839 1510 917 1575 ἓν,
945 1512 1082 1581 ὅπερ
1114 1513 1230 1565 ἐστὶ
1254 1510 1531 1575 παντελῶς
1555 1512 1773 1582 ἀμήχα-

200 1622 295 1659 νον
346 1601 692 1676 [ἀπίθανον]
717 1644 733 1668 ,
764 1602 962 1671 μᾶλλον
993 1603 1050 1658 δὲ
1080 1602 1174 1656 καὶ
1206 1601 1515 1670 ἀνέφικτον,
1559 1602 1652 1653 καὶ
1680 1602 1772 1653 τὸν

195 1692 298 1748 τοῦ
346 1692 644 1764 μυστηρίου
685 1693 839 1762 λόγον
889 1692 1171 1755 κατασείει
1231 1693 1365 1763 πρὸς
1414 1692 1475 1745 τὸ
1517 1691 1768 1756 ἀκαλλὲς.

205 1788 353 1855 Ἔφη
387 1786 443 1838 δὲ
477 1784 683 1847 οὕτως·

273 1878 390 1950 [Δεῖ
419 1877 473 1931 δὲ
519 1877 688 1947 ἡμᾶς,
737 1875 833 1931 νῦν
866 1875 973 1948 γὰρ
1000 1871 1162 1947 ἦλθον
1191 1877 1271 1941 είς
1300 1875 1527 1943 ἔννοιαν,
1560 1876 1650 1930 καὶ
1675 1876 1775 1946 τὴν

198 1968 344 2020 κατὰ
397 1964 635 2022 Νίκαιαν
688 1965 904 2019 σύνοδον
955 1966 1170 2035 μαθεῖν,
1204 1965 1438 2035 οὐδαμοῦ
1490 1964 1775 2035 τολμῶσαν

197 2060 398 2123 εἰπεῖν,
430 2059 514 2110 ὃτι
555 2060 584 2110 ὁ
633 2055 766 2119 Θεὸς
803 2056 1067 2135 ἐγεννήθη
1114 2058 1180 2109 ὲκ
1216 2056 1463 2128 Μαρίας·
1507 2055 1610 2125 ἔφη
1643 2056 1773 2125 γὰρ,

197 2149 289 2201 ὅτι
343 2144 680 2216 Πιστεύομεν
702 2147 783 2210 είς
804 2146 901 2198 Eva.
922 2146 1053 2198 Θεὸν
1080 2146 1299 2217 Πατέρα
1327 2146 1739 2217 παντοκράτορα
1756 2160 1772 2175 ·

192 2239 299 2292 καὶ
324 2239 405 2301 είς
433 2236 529 2291 ἕνα
557 2236 764 2307 Κύριον
806 2236 1013 2306 Ἰησοῦν
1038 2237 1292 2307 Χριστόν.
1334 2237 1656 2308 Προσέχετε,
1693 2236 1775 2289 ὅτι

200 2332 469 2404 πρότερον
496 2331 802 2393 τεθεικότες
822 2331 905 2395 τὸ,
930 2332 1186 2401 Χριστὸς,
1208 2331 1234 2384 ὃ
1265 2332 1383 2384 ἐστι
1417 2332 1641 2402 μήνυμα
1664 2330 1774 2383 τῶν

198 2423 301 2477 δύο
334 2424 570 2491 φύσεων,
615 2422 714 2475 οὐκ
747 2418 931 2482 εἶπαν,
969 2422 1063 2485 Ei;
1094 2423 1192 2475 ἕνα
1239 2422 1369 2476 Θεὸν
1410 2422 1610 2489 Λόγονο
1659 2420 1772 2474 ἀλλ’

198 2514 397 2568 ἔλαϐον
421 2514 483 2567 τὸ
510 2513 683 2584 ὄνομα
724 2512 784 2565 τὸ
822 2516 1085 2583 σημαῖνον
1132 2514 1452 2585 ἀμφότερα,
1507 2513 1595 2567 ἶνα
1646 2512 1774 2567 ὅταν

201 2603 653 2659 ὑποκαταϐαίνων
686 2602 925 2675 ἀκούσῃς
971 2603 1222 2667 θάνατον,
1274 2603 1349 2674 μὴ
1398 2602 1611 2672 ξενίζῃ·
1664 2602 1771 2688 ἵνα,

195 2693 296 2748 τὸν
350 2693 756 2764 σταυρωθέντα,
811 2696 906 2748 καὶ
950 2694 1224 2763 ταφέντα,
1285 2693 1360 2764 μὴ
1414 2693 1623 2765 πλήττῃ
1676 2692 1774 2762 τὴν

198 2783 399 2854 ἀκοὴν,
430 2784 505 2846 ὡς
531 2784 784 2853 θεότητος
811 2784 984 2838 ταῦτα
1014 2781 1355 2855 παθούσης.]
1399 2779 1531 2837 Εἶτα
1568 2784 1776 2845 τούτοις

194 2874 488 2942 ἐπιφέρει·
526 2872 888 2945 [Πιστεύομεν
924 2877 1005 2938 είς
1041 2875 1137 2927 ἕνα
1163 2875 1367 2945 Κύριον
1405 2872 1610 2944 Ἰησοῦν
1636 2874 1772 2943 Χρι-

199 2963 363 3029 στὸν,
415 2963 508 3016 τὸν
553 2961 681 3017 Υἱὺν
726 2964 816 3018 τὸν
858 2966 1140 3037 μονογενῆ,
1185 2967 1275 3019 τὸν
1325 2966 1389 3018 ἐκ
1427 2965 1521 3018 τοῦ
1561 2964 1774 3035 Πατρὸς

196 3052 568 3121 γεννηθένταο
616 3052 709 3105 τὸν
759 3054 1041 3123 ὁμοούσιον
1090 3054 1170 3126 τῷ
1218 3055 1428 3126 Πατρί·
1492 3055 1584 3109 τὸν
1637 3071 1769 3113 κατ-

196 3143 425 3197 ελθόντα
449 3146 514 3199 ἐκ
543 3142 654 3197 τῶν
684 3144 929 3216 οὐρανῶν
970 3146 1036 3199 δι’
1067 3148 1233 3217 ἡμᾶς,
1285 3146 1379 3205 καὶ
1420 3145 1771 3217 σαρκωθέντα

195 3236 269 3289 ὲκ
298 3235 612 3305 Πνεύματος
644 3236 818 3303 ἁγίου.
844 3237 960 3289 Οὐκ
992 3232 1163 3302 εἶπον,
1190 3238 1271 3291 ὅτι
1304 3238 1396 3291 καὶ
1434 3236 1769 3308 Γεννηθέντα

194 3328 265 3380 ὲκ
288 3326 604 3397 Πνεύματος
635 3326 811 3393 ἁγίου.
840 3327 1302 3397 Διερμηνεύοντας
1329 3329 1386 3382 δὲ
1413 3328 1537 3391 τοὺς
1580 3328 1770 3396 ἁγίους

178 3419 472 3488 ’Πατέρας,
501 3418 554 3473 τί
584 3418 649 3487 δὴ
678 3417 786 3488 ἄρα
815 3417 876 3470 τὸ
900 3418 1264 3487 Σαρκωθὲντα
1292 3418 1411 3471 ἐστὶ
1429 3457 1444 3483 ,
1469 3418 1652 3488 φησὶν,
1694 3417 1769 3469 εί-

196 3511 324 3562 πεῐν
350 3509 409 3560 τὸ
424 3508 1004 3581 Ἐνανθρωπήσαντα’]
1023 3510 1075 3562 τί
1103 3509 1158 3565 δὲ
1174 3509 1233 3563 τὸ
1248 3509 1769 3579 Ἐνανθρωπήσαντα

195 3599 640 3668 κατασημήνειεν
694 3598 796 3665 ἂν,
845 3598 1144 3667 διατρανῶν
1199 3598 1363 3661 αὐτὸς
1412 3597 1517 3667 ἔφη
1570 3596 1764 3657 πάλινο

196 3687 302 3760 [οὑ
328 3689 535 3760 τροπὴν
564 3689 664 3759 τῆς
705 3689 841 3753 ἰδίας
898 3690 1113 3758 φύσεως
1158 3688 1526 3760 ὑπομεινάσης
1552 3688 1633 3749 είς
1668 3684 1768 3757 τὴν

194 3778 400 3850 σάρκα,
433 3778 568 3837 ἀλλὰ
599 3779 699 3849 τὴν
732 3781 1010 3852 ἐνοίκησιν
1035 3781 1135 3851 τὴν
1161 3782 1241 3855 είς
1268 3775 1605 3851 ἄνθρωπον]

795 3916 1070 4004 ΚΕΦΔΛη
1092 3915 1169 3971 Ζ’.

263 4043 417 4120 *Αρα
442 4049 508 4108 ἂν
534 4048 816 4118 ἀνάσχοιτό
842 4066 927 4112 τις
955 4049 1066 4103 τῶν
1099 4047 1401 4111 τελούντων
1432 4044 1489 4109 ἐν
1508 4046 1764 4116 Χριστια-

171 4124 306 4205 ’νοτς
335 4140 367 4210 ἢ
396 4140 497 4211 τῆς
518 4139 745 4209 ἐνούσης
770 4142 882 4202 τοϊς
907 4139 1087 4206 λόγοις
1112 4137 1456 4207 ἀδελτηρίας,
1488 4136 1519 4207 ἢ
1542 4136 1639 4205 τῆς
1654 4136 1763 4190 τῶν

186 4230 415 4285 ἐννοιῶν
469 4229 816 4295 δυσσεϐείαςς
861 4224 1077 4300 ἄρ”ούκ
1132 4226 1365 4299 ἐναργὴς
1411 4229 1493 4299 εἴη
1536 4228 1603 4281 ἂν
1648 4230 1761 4291 τοῖς

189 4321 406 4393 ἀληθῶς
434 4321 725 4393 ἀρτίφροσι
755 4319 1063 4390 βωμολογία
1106 4320 1281 4385 ταυτὶ,
1320 4318 1411 4373 καὶ
1438 4319 1636 4390 τρόπος
1659 4318 1761 4371 οὐκ

191 4415 426 4483 ἀγεννὴς
454 4415 549 4483 τῆς
570 4412 713 4469 κατὰ
732 4411 970 4484 Χριστοῦ
998 4411 1402 4480 γλωσσαλγίας;
1432 4412 1759 4479 συκοφαντεί

187 4504 303 4574 γὰρ
328 4504 427 4571 τὴν
457 4502 736 4571 ἀλήθειαν·
769 4502 870 4554 οὐκ
894 4495 1040 4553 εἶναί
1071 4518 1235 4570 φησιν
1266 4500 1391 4552 Υἱὸν
1424 4498 1640 4568 ἀληθῶς
1660 4499 1760 4551 αὐ·

186 4590 300 4652 τὸν,
331 4586 505 4659 ἑτέρῳ
526 4586 679 4640 τοῦτο
709 4587 1046 4658 προσνέμων.
1074 4587 1402 4660 [Προσέχετε
1427 4586 1757 4658 γὰρ,φησὶν,

184 4679 273 4734 ὅτι
307 4676 574 4748 πρότερον
610 4674 909 4739 τεθεικότες
936 4675 997 4729 τὸ
1026 4675 1283 4746 Χριστὸς,
1315 4676 1343 4730 ὃ
1375 4677 1490 4729 ἐστι
1534 4675 1759 4745 μήνυμα.

185 4767 299 4827 τῶν
318 4765 413 4819 δύο
442 4764 675 4833 φύσεων,
694 4765 792 4818 οὐκ
821 4761 1012 4818 εἶπαν*
1040 4764 1376 4837 Πιστεύομεν
1405 4767 1484 4828 είς
1508 4765 1603 4817 ἕνα
1625 4763 1757 4816 Θεὸν

184 4852 411 4926 Λόγον.]
446 4854 555 4907 Καὶ
584 4855 711 4925 περὶ
739 4854 836 4926 μὲν
866 4855 959 4907 τοῦ
985 4855 1268 4926 ὀνόματος.
1304 4855 1446 4924 φημὶ
1481 4853 1537 4906 δὲ
1571 4853 1634 4922 δὴ
1662 4852 1754 4905 τοῦ

183 4940 444 5017 Χριστὸς,
473 4944 610 5016 μετὰ
656 4943 826 5018 βραχὺ
875 4945 1314 5017 διερευνήσομαι,
1348 4945 1577 5016 πότερόν
1628 4960 1755 4996 ποτε

181 5037 294 5089 τῶν
326 5036 419 5089 δύο
463 5036 677 5103 φύσεων
714 5038 1043 5107 σημαντικόν
1090 5038 1262 5099 ἐστιν,
1303 5036 1336 5107 ἢ
1380 5037 1485 5106 μή·
1518 5035 1579 5088 τὸ
1610 5035 1666 5087 δὲ
1696 5036 1753 5087 ὲν

182 5128 396 5198 χερσὶν,
426 5127 501 5190 ὡς
529 5127 631 5192 ενι,
656 5127 1133 5197 διαγυμνάζωμεν.
1166 5126 1338 5182 Οίστὰ
1382 5127 1479 5197 μὲν
1521 5122 1612 5180 οὖν
1644 5121 1753 5178 εἶεν

181 5219 251 5271 ἂν
280 5219 400 5271 κατ’
428 5217 616 5272 οὐδένα
644 5218 868 5287 τρόπον,
896 5218 965 5270 τὰ
993 5216 1164 5281 οὕτως
1187 5216 1453 5281 ἐκτόπως,
1480 5218 1575 5270 καὶ
1615 5217 1749 5286 ἀτη-

185 5304 369 5374 μελῶς
402 5304 548 5373 αὐτῷ
575 5305 1038 5375 πεφλυαρημένα’
1074 5307 1207 5377 φαίη
1234 5306 1281 5360 δ’
1316 5306 1402 5370 ἄν,
1437 5302 1611 5376 οἶμαι,
1644 5304 1748 5367 τὶς,

181 5396 312 5457 τοὺς
342 5394 483 5464 ὑπέρ
502 5410 564 5462 γε
591 5395 698 5448 τῶν
725 5396 896 5464 ἁγίων
918 5398 1172 5467 Πατέρων
1197 5395 1515 5466 ποιούμενος
1539 5395 1746 5461 λόγους

180 5486 248 5539 Τί
280 5484 418 5555 δρᾷς
444 5482 602 5555 οὕτω,
634 5480 679 5540 ὧ
704 5490 940 5555 γενναῖε,
982 5487 1231 5556 γλῶσσαν
1259 5488 1357 5556 τὴν
1385 5487 1644 5556 ἄγροικον
1662 5487 1744 5537 ὲν·

183 5574 286 5638 ιεὶς
315 5574 576 5644 ἀνδράσιν
596 5577 797 5643 ἁγίοις.
820 5571 902 5641 07.;
930 5576 996 5630 ἂν
1024 5578 1223 5647 πρέποι
1243 5579 1305 5631 τὸ
1324 5578 1583 5645 -λέγεσθαι
1610 5576 1752 5644 παρ’

178 5662 350 5716 αὐτοῦ
396 5662 491 5716 τοῦ
542 5665 753 5720 πάντων
801 5666 955 5737 ἡμῶν
985 5668 1234 5739 Σωτῆρος
1262 5668 1535 5739 Χριστοῦτ
1588 5686 1605 5717 ι
1636 5668 1750 5736 Οὺχ

1883 518 2008 573 dine
2039 533 2158 588 qua:
2196 520 2335 588 apud
2374 534 2473 577 nos
2521 521 2665 593 viget
2698 524 2958 593 inspecta,
2991 525 3183 581 deinde
3209 527 3446 582 animum

1883 611 1950 662 ad
1989 623 2078 663 res
2121 609 2472 666 admirabiles
2509 622 2564 667 et
2597 629 2717 682 qua:
2754 615 3019 671 rationem
3053 624 3310 686 superant
3359 620 3450 673 atl-

1876 696 2096 765 jiciens,
2126 698 2193 752 ad
2235 697 2559 754 imbecillam
2594 710 2650 756 et
2682 702 2897 758 stultam
2930 703 3302 760 inﬁdelitatem
3332 723 3448 761 ma-

1881 785 2080 842 nileste
2111 786 2344 842 labitur?
2366 789 2518 856 Quod
2553 802 2730 848 autem
2776 795 2904 848 mihi
2944 797 2996 849 in
3030 806 3268 851 mentem
3303 798 3448 851 venit
3484 796 3493 805 '

1882 877 2163 943 admirari,
2197 878 2327 933 illud
2359 890 2464 934 est.
2492 881 2626 936 Cum
2660 884 2800 938 enim
2833 885 2887 939 in
2923 884 3009 940 his
3039 887 3218 942 verbis
3243 888 3449 944 confes-

1880 981 1977 1022 sus
2015 977 2180 1033 esset,
2219 969 2512 1025 Ecclesiam
2557 987 2723 1026 unum
2774 973 2971 1030 Filium
3025 992 3339 1047 agnoscere,
3384 993 3449 1034 ac

1880 1058 2267 1126 subjunxisset,
2307 1061 2561 1116 nimirum
2589 1063 2764 1133 ipsum
2797 1066 2946 1121 illum
2976 1068 3261 1141 Dominum
3289 1071 3449 1128 Chri-

1880 1157 2043 1215 stum,
2076 1166 2340 1220 nusquam
2373 1162 2556 1222 postea
2594 1156 2820 1211 retinuit
2846 1173 3037 1224 unum,
3068 1162 3162 1216 sed
3191 1163 3336 1231 ipsas
3359 1180 3448 1220 res

1881 1241 2058 1295 unitas
2109 1242 2388 1313 distinguit
2434 1244 2573 1299 inter
2628 1260 2717 1311 se,
2769 1262 2832 1302 ac
2880 1250 3105 1304 seorsim
3165 1261 3447 1323 utramque

1878 1333 2068 1400 ponit;
2107 1347 2213 1386 non
2256 1333 2385 1402 quid
2432 1332 2667 1388 Verbum
2705 1335 2777 1389 sit
2833 1344 3124 1395 secundum
3172 1353 3444 1407 naturam,

1879 1422 2006 1492 quid
2043 1421 2170 1476 item
2210 1437 2339 1478 caro
2370 1424 2694 1493 disquirens,
2729 1429 2821 1483 sed
2870 1429 3143 1486 hominem
3178 1444 3232 1488 et
3273 1433 3444 1489 Deum

1881 1519 2135 1580 tanquam
2172 1512 2314 1590 sola,
2358 1523 2417 1569 ut
2455 1515 2567 1585 ipse
2609 1514 2782 1584 putat,
2826 1521 3135 1588 equalitate
3174 1523 3356 1590 gloriae
3389 1524 3442 1578 in

1878 1619 2042 1661 unum
2073 1587 2329 1675 colligens
2355 1623 2369 1660 :
2402 1608 2543 1675 quod
2570 1623 2743 1677 neque
2767 1611 3029 1664 credibile
3058 1621 3138 1665 est
3166 1614 3442 1681 cuiquam,

1879 1708 2052 1763 neque
2094 1694 2207 1748 ﬁeri
2238 1705 2413 1765 potest
2447 1717 2459 1751 :
2490 1702 2731 1767 tantique
2770 1700 3013 1770 mysterii
3060 1703 3326 1761 rationem
3370 1706 3436 1759 ad

1806 1791 1848 1845 Β
1877 1779 2261 1835 absurditatem
2289 1782 2559 1839 deturbat.
2592 1784 2682 1839 Sic
2711 1802 2946 1856 namque
2979 1789 3115 1842 dixit
3141 1804 3160 1848 :

1948 1870 2207 1941 [Νεετοιι.
2252 1872 2362 1928 Nos
2413 1883 2594 1928 autem
2641 1888 2887 1946 oportet,
2928 1881 3070 1949 quod
3117 1897 3260 1939 nunc
3307 1884 3439 1939 mihi

1875 1960 2023 2014 venit
2056 1961 2108 2016 in
2146 1975 2380 2018 mentem
2405 2003 2420 2029 ,
2465 1965 2749 2024 advertere
2790 1971 2952 2025 etiam
2996 1972 3267 2029 Nicaenam
3314 1992 3442 2049 syn-

1874 2051 2034 2106 odum
2063 2068 2323 2123 nusquam
2349 2055 2531 2111 dicere
2554 2073 2762 2126 ausam,
2786 2059 2954 2118 Deum
2981 2080 3047 2120 ex
3081 2065 3250 2122 Maria
3290 2073 3442 2139 gcni-

1876 2151 1986 2195 tum
2022 2158 2036 2195 :
2069 2143 2145 2196 ait
2182 2144 2326 2197 enim
2358 2146 2679 2203 :Credimus
2711 2151 2764 2205 in
2812 2167 2976 2207 unum
3015 2155 3177 2210 Deum
3222 2159 3436 2215 Patrem

1874 2230 2319 2301 omnipotentem,
2351 2243 2402 2288 et
2449 2235 2504 2289 in
2550 2252 2714 2292 unum
2743 2239 3025 2297 Dominum
3058 2244 3241 2301 Jesum
3273 2247 3435 2304 Chri-

1878 2331 2044 2376 stum.
2068 2322 2365 2389 Altendite,
2388 2326 2532 2396 quod
2556 2344 2677 2382 cum
2708 2332 2858 2399 prius
2887 2335 3190 2402 posuissent
3217 2353 3434 2405 nomen,

1874 2413 2137 2478 Christus,
2168 2418 2308 2483 quod
2336 2418 2469 2469 duas
2510 2428 2729 2473 naturas
2767 2423 2988 2489 indicat,
3024 2442 3127 2481 non
3154 2429 3387 2484 dixerint
3417 2449 3433 2486 :

1874 2506 1929 2559 lu
1959 2520 2121 2558 unum
2155 2507 2318 2561 Deum
2348 2505 2606 2573 Verbum,
2630 2512 2721 2565 sed
2744 2516 3051 2583 acceperint
3071 2533 3264 2573 nomen
3293 2524 3434 2588 quod

1874 2597 2163 2662 utrumque
2212 2594 2577 2664 signiﬁcaret;
2644 2608 2704 2653 ut
2762 2615 2884 2656 cum
2938 2604 3160 2662 inferius
3223 2610 3437 2665 audires

1879 2692 2128 2747 mortem,
2179 2683 2314 2738 nihil
2361 2689 2650 2754 movearis,
2680 2705 2746 2745 ne
2780 2692 2868 2746 illa
2903 2698 3085 2759 verba,
3119 2700 3434 2756 cruciﬁxum

1872 2784 1924 2825 et
1953 2774 2244 2843 sepultum,
2274 2790 2432 2832 aures
2457 2778 2748 2846 oﬁ’cndant,
2767 2786 3155 2853 tanquanrbaac
3185 2790 3253 2843 sit
3274 2806 3434 2859 passa

1871 2863 2175 2936 divinitas]
2222 2866 2422 2925 Deinde
2461 2868 2525 2920 ad
2574 2870 2687 2925 lucc
2736 2872 2824 2926 illa
2871 2875 3188 2944 subiungit:
3226 2879 3434 2953 [Credi-

1873 2968 1993 3006 mus
2041 2954 2093 3006 in
2148 2970 2310 3015 unum
2352 2955 2638 3014 Dominum
2684 2960 2865 3017 Jesum
2913 2966 3187 3021 Christum
3238 2971 3431 3026 Filium

1871 3043 2246 3112 unigenitum,
2305 3060 2371 3102 ex
2422 3047 2583 3105 Patre
2634 3061 2857 3117 natum,
2922 3059 3431 3118 consubstantialem

1796 3124 1838 3180 C
1871 3132 2013 3191 Patri
2050 3137 2181 3205 :qui
2225 3138 2500 3195 descendit
2537 3142 2603 3196 de
2638 3145 2791 3201 cwlis
2824 3158 3045 3219 propter
3091 3167 3209 3218 nos,
3247 3164 3302 3210 et
3348 3157 3434 3210 in-

1871 3238 2128 3282 carnatus
2152 3238 2235 3283 est
2256 3232 2320 3285 de
2350 3232 2553 3301 Spiritu
2580 3248 2790 3293 sancto.
2825 3239 2937 3296 Non
2968 3243 3219 3301 dixerunt
3278 3246 3434 3313 item,

1870 3313 2067 3369 Natum
2103 3317 2169 3371 de
2218 3320 2424 3388 Spiritu
2470 3335 2677 3381 sancto.
2713 3326 2880 3383 Porro
2925 3344 3145 3390 sanctos
3178 3336 3296 3392 illos
3326 3338 3433 3393 Pa«

1873 3415 2004 3473 tres,
2039 3408 2238 3477 inquit,
2284 3420 2341 3465 ut
2371 3411 2856 3483 interpretarentur
2882 3424 3135 3489 quidnam
3179 3426 3305 3483 illud
3341 3434 3431 3493 sit,

1868 3494 2206 3565 lncarnatus,
2257 3499 2459 3556 dixisse
2505 3503 2653 3568 illud,
2701 3506 2872 3563 Homo
2904 3510 3083 3571 factus
3124 3514 3255 3589 est.]
3296 3519 3430 3584 Quid

1867 3602 1997 3643 vero
2035 3589 2127 3650 sit,
2152 3588 2324 3646 Homo
2361 3594 2558 3661 factus,
2608 3611 2797 3654 rursus
2845 3601 2959 3670 ipse
2993 3588 3271 3661 declarans
3312 3611 3428 3666 ait:

1870 3676 2002 3750 [Sua
2035 3680 2141 3757 a3
2195 3682 2362 3750 ipsius
2405 3695 2595 3742 natura
2640 3704 2743 3744 non
2793 3689 2846 3744 in
2895 3706 3058 3747 carne
3096 3710 3430 3767 remanente,

1867 3768 1963 3823 sed
1994 3768 2437 3829 inhabitationem
2473 3774 2705 3832 hominis
2733 3778 3043 3853 subeunte.]

2489 3907 2641 3967 CAP.
2682 3909 2796 3965 VH.

1934 4037 2018 4091 An
2048 4051 2179 4092 vero
2204 4037 2487 4108 quisquam
2527 4040 2617 4108 qui
2671 4041 2813 4094 inter
2859 4042 3199 4100 Christianos
3240 4060 3429 4103 cense-

1866 4132 1972 4193 tur,
2006 4139 2161 4193 εει]υο
2188 4126 2367 4179 animo
2397 4125 2537 4180 ferat
2575 4127 2660 4180 vel
2702 4127 2956 4197 ineptiam
2997 4132 3307 4200 verborum,
3345 4137 3429 4190 vel

1864 4219 2252 4273 sententiarum
2288 4217 2654 4285 impietatem?
2683 4218 2873 4275 Nonne
2925 4222 3039 4277 haec
3077 4226 3235 4281 verba
3285 4231 3427 4298 apud

1863 4309 2113 4363 cordatus
2161 4322 2292 4363 sane
2350 4309 2599 4365 homines
2652 4322 2904 4383 tanquam
2965 4318 3267 4373 scurrilitas
3331 4322 3427 4375 ha-

1788 4442 1833 4496 Β
1865 4401 2034 4454 benda
2052 4410 2198 4467 sunt,
2217 4416 2280 4454 ac
2313 4401 2700 4457 maledicentia:
2719 4404 2770 4457 in
2789 4405 3061 4460 Christum
3087 4424 3253 4477 genus
3284 4410 3424 4467 haud

1862 4490 2144 4546 inﬁmum?
2195 4490 2572 4547 Calumniatur
2618 4496 2763 4547 enim
2804 4497 3085 4549 veritatem
3116 4516 3129 4551 :
3163 4515 3267 4552 non
3302 4515 3424 4555 esse

1861 4582 2033 4652 ipsum
2075 4582 2249 4650 inquit
2292 4598 2419 4637 vere
2460 4581 2675 4646 Filium,
2725 4599 2846 4636 cum
2893 4585 2997 4637 hoc
3028 4601 3219 4639 nomen
3269 4587 3424 4643 alteri

1861 4672 2081 4726 tribuat.
2098 4670 2414 4743 [Attendite,
2441 4671 2786 4740 inquit,quod
2803 4688 2925 4726 cum
2950 4676 3099 4743 prius
3120 4679 3425 4744 posuissent

1857 4763 1959 4816 hoc
2000 4777 2214 4825 nomen,
2264 4762 2529 4826 Christus,
2578 4764 2718 4831 quod
2758 4766 2890 4818 duas
2932 4776 3155 4821 naturas
3199 4769 3421 4837 indicat,

1858 4865 1962 4905 non
1990 4850 2244 4914 dixerint,
2276 4850 2627 4906 Credimusin
2658 4868 2819 4907 unum
2849 4854 3010 4909 Deum
3042 4856 3422 4930 Verbum.]Ac

1858 4942 1923 4995 de
1957 4941 2172 4996 nomine
2217 4943 2337 5007 hoc,
2395 4958 2586 5012 nempe
2639 4945 2860 5011 Christi,
2893 4947 3051 5017 paulo
3083 4959 3203 5019 post
3245 4952 3418 5005 disse-

1855 5048 1997 5098 ram,
2054 5042 2229 5087 utrum
2287 5036 2500 5089 tandem
2560 5038 2695 5091 duas
2740 5047 2965 5093 naturas
3004 5039 3304 5108 signiﬁcet,
3352 5055 3419 5093 an

1854 5136 2008 5177 secus
2051 5125 2235 5193 :quod
2299 5126 2410 5194 jam
2461 5135 2543 5181 est
2595 5143 2703 5195 pra:
2754 5130 3043 5193 manibus,
3094 5138 3153 5183 ut
3206 5129 3419 5183 licuerit

1854 5214 2228 5271 discutiamus.
2298 5217 2462 5285 Igitur
2511 5218 2658 5273 nullo
2710 5220 2869 5273 modo
2920 5219 3135 5288 quidem
3183 5216 3419 5273 ferenda

1853 5316 1981 5362 sunt
2009 5323 2185 5378 nugm,
2221 5324 2354 5375 quas
2385 5312 2485 5365 iste
2528 5312 2660 5366 adeo
2697 5311 2930 5365 absurde
2968 5321 3024 5365 et
3061 5311 3305 5379 imperite
3338 5312 3418 5365 ef-

1853 5395 2017 5449 futit:
2062 5398 2156 5449 sed
2208 5398 2349 5450 dicet
2387 5398 2582 5466 aliquis
2626 5409 2824 5462 tamen,
2864 5409 2921 5453 ut
2967 5386 3183 5454 sanctos
3225 5398 3414 5455 Patres

1804 5487 1816 5498 '
1853 5485 2103 5539 defendat
2145 5484 2326 5551 :Quid
2372 5488 2520 5555 agis,
2571 5502 2604 5542 o
2654 5489 2791 5542 boue
2833 5490 2934 5555 vir,
2982 5505 3102 5543 cum
3152 5494 3413 5545 adversus

1854 5588 2071 5631 sancws
2112 5577 2256 5629 viros
2304 5573 2585 5630 cﬂ'eratam
2646 5576 2879 5647 linguam
2932 5580 3174 5645 emittis,
3219 5579 3416 5648 quibus

1848 5665 1992 5734 juste
2025 5667 2092 5721 ab
2130 5667 2247 5734 ipso
2288 5667 2526 5723 omnium
2586 5678 2830 5725 nostrum
2877 5670 3155 5727 Salvatorc
3199 5667 3415 5723 Christo
