3926 6126
457 243 538 298 ,ιτ

472 360 581 415 diei
607 362 787 429 potest
815 367 880 409 :4
900 350 1026 406 ‘Noo
1051 345 1300 403 estis'vos
1327 340 1416 411 qui
1436 331 1757 408 loquimini,
1788 331 1881 386 sed
1912 329 2036 397 Spi-
2064 331 2110 388 Α

477 419 623 506 ritus
644 447 823 502 Patris
850 441 1016 497 vestri
1048 438 1140 509 qui
1176 434 1411 505 loquitur
1448 433 1500 484 in
1543 423 1751 482 vobis“
1779 424 1801 475 ?
1834 441 1851 473 ι
1894 419 2035 486 Quid

473 541 616 596 enim
646 545 728 593 est
769 536 835 589 ab
860 533 966 588 illis
989 536 1320 600 perceptum,
1349 519 1488 590 quod
1534 531 1638 570 non
1674 513 1757 565 vel
1803 510 2038 565 maxime

475 627 777 686 admirabili
832 622 1131 679 subtilitate
1160 613 1319 669 fuerit
1376 604 1702 677 expolitum?
1760 602 2035 672 quodnam

475 727 668 789 degma
687 714 1047 769 necessarium
1069 698 1528 777 prmtermissum?
1559 696 1749 765 quisve
1768 689 2038 746 cantionis

479 780 668 858 modus
713 797 1022 869 neglectus?
1073 792 1213 865 [Non
1263 788 1377 842 ausi
1426 794 1592 848 sunt,
1626 781 1841 849 inquit,
1899 780 2039 832 inter

480 895 597 950 fidei
636 890 932 946 sententias
964 897 1186 955 ponere,
1229 881 1394 934 Deum
1420 875 1654 929 Verbum
1688 885 1805 926 esse
1830 885 1894 924 ex
1930 867 2041 921 Ma-

479 988 558 1038 ria
592 978 884 1055 genitum]
926 978 1097 1046 Igitur
1138 974 1184 1028 si
1237 972 1337 1025 hac
1381 970 1448 1023 de
1480 980 1642 1021 causa
1688 962 1918 1032 majores
1947 975 2042 1014 no-

477 1054 620 1132 stros
675 1086 919 1137 accusas,
971 1080 1029 1124 et
1073 1077 1128 1123 te
1182 1078 1324 1133 :egre
1376 1060 1517 1115 ferre
1571 1056 1708 1110 dicis
1752 1054 1895 1123 quod
1933 1066 2042 1106 non

482 1168 669 1222 iisdem
692 1178 940 1234 prorsus,
977 1157 1175 1229 quibus
1205 1164 1283 1216 tu,
1309 1150 1531 1205 vocibus
1564 1147 1647 1200 usi
1677 1154 1821 1207 sunt,
1855 1150 2042 1206 restat,

483 1270 539 1313 ut
572 1255 731 1311 simul
760 1256 906 1325 ipsos
950 1262 1166 1321 quoque
1194 1251 1412 1300 sanctos
1438 1236 1707 1309 apostolos
1738 1245 1791 1289 et
1816 1245 2046 1298 evange-

482 1349 632 1401 listas
680 1323 988 1398 criminaris
1040 1355 1054 1391 :
1098 1336 1187 1405 qui
1238 1348 1359 1388 cum
1402 1329 1468 1383 de
1522 1326 1725 1383 Christi
1787 1323 2046 1394 mysterio

483 1438 646 1489 libros
678 1427 1121 1499 conscripserint,
1171 1435 1265 1477 eos
1313 1421 1416 1475 tuis
1451 1418 1672 1471 vocibus
1715 1415 1781 1468 ad
1822 1411 2045 1466 verbum

485 1539 611 1579 usos
642 1522 828 1590 utique
860 1532 1020 1573 nemo
1046 1514 1214 1585 possit
1237 1509 1544 1566 ostendere.
1566 1506 1753 1590 Igitur,
1775 1503 1819 1555 si
1850 1502 2045 1571 placet,

489 1616 641 1669 mitte
668 1582 802 1675 haec,
833 1618 891 1662 ut
934 1646 949 1662 .
994 1646 1009 1660 .
1108 1643 1125 1659 .
1169 1641 1185 1658 .
1228 1641 1243 1656 .
1281 1610 1334 1656 et
1361 1598 1645 1654 considera
1675 1582 1853 1664 potius
1882 1590 2049 1660 ipsius

1441 218 1516 272 '5.
1554 210 1829 269 Cl’RlLLl
1868 201 2343 264 ALEXANDRINI
2380 197 2703 256 ARCHIEP.

3656 187 3730 241 ιε

2138 326 2295 396 ὑμεῖς
2327 324 2450 377 ἐστε
2484 320 2531 376 οί
2555 318 2867 383 λαλοῦντες,
2894 315 3026 370 ἀλλὰ
3055 313 3116 368 τὺ
3139 310 3363 382 Πνεῦμα
3387 308 3482 363 τοῦ
3505 305 3729 378 Πατρδς

2143 416 2297 487 ὑμῶν
2339 417 2398 469 ei)
2426 412 2619 467 λαλοῦν
2651 414 2707 465 ὲν
2743 411 2908 481 ύμῖν;
2939 427 2956 458 ›
2998 407 3065 460 Τί
3089 405 3199 476 γὰρ
3232 404 3293 457 ού
3328 402 3579 471 νενόηται
3612 398 3728 452 τῶν

2143 507 2263 560 λίαν
2286 503 2667 574 ἑπεξεσμένων
2690 502 2773 574 είς
2804 498 3093 569 ἰσχνότητα
3108 496 3208 566 τὴν
3228 490 3728 563 τεθαυμασμένηνς

2144 598 2196 651 τί
2223 596 2331 650 τῶν
2369 593 2679 663 ἀναγκαίων
2713 591 3005 662 παρῶπται
3030 588 3336 658 δογμάτων,
3361 585 3397 657 ἢ
3431 586 3581 647 ποῖος
3628 584 3733 636 a6-

2144 691 2258 751 τοῖς
2284 685 2584 755 ἀσφαλείας
2612 683 2886 753 ἠμέληται
2920 681 3148 752 τρόπος;
3203 677 3302 750 [ού
3335 674 3732 745 τετολμήκασι,

2147 781 2300 851 φησὶ,
2323 783 2434 843 τοῖς
2463 779 2592 850 περὶ
2620 778 2717 848 τῆς
2748 776 2984 837 πίστεως
3009 772 3243 825 ἐνθεῖναι
3266 768 3467 837 λόγοις,
3490 766 3575 818 ὅτι
3597 763 3736 823 95*»;

2145 873 2318 940 Λόγος
2342 873 2408 923 ὲκ
2436 868 2657 940 Μαρίας
2680 862 2992 936 ὲγεννήθη.]
3025 860 3233 915 Οὐκοῦν
3260 859 3309 911 εἰ
3334 856 3539 923 ταύτης
3567 852 3736 904 ἕνεκα

2145 961 2243 1030 τῆς
2279 959 2458 1022 αἰτίας
2501 959 2628 1020 τοὺς
2667 955 2773 1026 πρὸ
2812 952 2968 1024 ἡμῶν
2996 949 3285 1019 γεγονότας
3323 946 3488 1014 αἰτιᾷ.
3523 941 3617 995 καὶ
3649 940 3739 992 λε-

2146 1024 2421 1120 λυπῆσθαι
2468 1047 2597 1117 φὴς,
2632 1024 2720 1097 ὅτι
2764 1043 2837 1113 μὴ
2877 1037 3311 1111 ἀπαραλλάκτως
3336 1034 3456 1095 ταῖς
3491 1030 3613 1091 σαῖς
3645 1024 3738 1078 εῦο

2152 1116 2343 1213 ρηντναι
2373 1116 2702 1208 κεχρημένοι
2739 1133 2964 1203 φωναῖς,
2994 1129 3113 1200 ὥρα
3140 1127 3280 1197 τάχα
3319 1141 3422 1176 που
3453 1116 3737 1174 συναιτιᾶ-

2153 1210 2276 1283 σθαι
2318 1229 2413 1282 καὶ
2454 1226 2652 1290 αὐτοὺς
2676 1224 2804 1286 τοὺς
2833 1221 3023 1290 ἁγίους
3054 1215 3385 1277 ἀποστόλους
3431 1211 3528 1265 καὶ
3566 1210 3738 1275 εύαγο

2150 1320 2434 1388 γελιστάςο
2485 1314 2900 1387 συγγεγράφασι
2951 1312 3049 1381 μὲν
3097 1309 3204 1380 γὰρ
3237 1308 3338 1377 τῆς
3370 1304 3462 1359 ἐπὶ
3508 1298 3736 1373 Χριστῷ

2156 1409 2544 1481 μυσταγωγίας
2590 1409 2690 1471 τὰς
2740 1404 2991 1476 βίϐλουςο
3037 1398 3313 1464 αύτολεξεὶ
3353 1396 3410 1451 δὲ
3442 1396 3560 1457 ταῖς
3609 1393 3735 1454 σαῖς

2152 1504 2253 1556 οὐκ
2284 1501 2349 1555 ἂν
2378 1498 2663 1563 ἐπιδείξειε
2710 1516 2794 1562 τις
2838 1494 3218 1567 χρησαμένους
3264 1491 3493 1558 φωναῖς.
3512 1485 3651 1539 Ἀλλ’
3682 1483 3742 1539 εί

2158 1611 2240 1647 σοι
2267 1594 2434 1658 δοκεῖ,
2465 1591 2617 1644 τουτί⁵
2657 1590 2756 1660 μὲν
2787 1590 2984 1660 πάρες,
3010 1587 3086 1649 ὡς
3115 1584 3335 1656 [λείπει
3367 1579 3470 1652 τι]
3501 1579 3653 1648 ἄθρει
3676 1576 3735 1629 δὲ

490 1705 566 1757 rei
611 1704 872 1756 rationem
918 1697 986 1751 ab
1019 1695 1126 1749 illis
1156 1692 1498 1761 explicatam.
1554 1685 1803 1754 Exigitur
1835 1683 1981 1736 enim
2018 1694 2046 1732 a

2162 1685 2357 1771 μᾷλλον
2389 1684 2487 1754 τὴν
2515 1682 2607 1735 τοῦ
2642 1680 2968 1753 πράγματος
2996 1677 3227 1747 δήλωσιν
3258 1672 3402 1743 μάλα
3431 1665 3737 1737 πεποιημέ-

492 1795 650 1851 nobis
679 1794 811 1846 ﬁdes
842 1791 897 1844 in
941 1795 1184 1844 sanctam
1217 1792 1270 1837 et
1314 1775 1835 1836 consubstantialem
1875 1771 2053 1826 Triui-

493 1886 871 1955 Iatem.-Ergo
918 1897 1039 1938 cum
1094 1857 1363 1932 fateantur
1407 1870 1630 1927 credere
1674 1881 1733 1919 se
1783 1867 1833 1918 in
1889 1878 2051 1916 unum

476 1980 659 2032 ~Deum
688 1953 900 2030 Patrem
936 1969 1379 2038 omnipotentem,
1406 1960 1646 2016 omnium
1679 1953 1971 2008 visibilium
2002 1960 2055 2005 et

492 2057 1147 2120 invisibiliqufaetorem,
1178 2062 1233 2108 et
1269 2053 1321 2105 in
1356 2064 1518 2104 unum
1552 2046 1837 2099 Dominum
1870 2040 2053 2095 Iesum

488 2155 760 2210 Christum
783 2149 986 2203 ‘Filium
1010 2145 1158 2214 ejus;
1206 2153 1381 2209 neque
1414 2137 1553 2190 alter
1579 2135 1674 2197 sit,
1707 2142 1766 2187 ut
1806 2147 1905 2185 nos
1931 2145 2054 2183 cre-

490 2249 685 2310 «limus,
717 2241 873 2296 Jcsus
899 2238 1149 2295 Christus
1182 2232 1440 2287 Dominus
1467 2234 1663 2295 praeter
1696 2222 1845 2276 illum
1889 2234 2054 2273 unum

489 2350 543 2393 et
574 2334 863 2393 secundum
896 2340 1143 2385 naturam
1182 2339 1246 2378 ac
1273 2336 1402 2377 vere
1432 2318 1632 2372 Filium
1660 2329 1725 2370 ex
1770 2313 1878 2366 Deo
1904 2310 2056 2381 geni-

494 2443 625 2492 tum,
678 2437 905 2492 cumque
950 2418 1081 2473 illud
1137 2415 1279 2480 quod
1327 2419 1445 2464 erat
1492 2408 1634 2461 Deus
1684 2405 1942 2466 Verbum,
1989 2403 2061 2455 sit

494 2489 652 2573 homo
694 2489 889 2572 factum
939 2524 1035 2580 per
1082 2505 1226 2559 illam
1277 2497 1463 2570 procul
1505 2496 1672 2551 dubio
1720 2507 1788 2548 ex
1838 2489 2062 2546 muliere

492 2607 892 2678 generationem
915 2618 926 2653 :
954 2597 1064 2670 24.
1090 2595 1181 2667 qui
1213 2592 1326 2646 ﬁeri
1359 2597 1553 2660 poteSI,
1576 2597 1634 2640 ut
1658 2585 1746 2654 qui
1775 2584 2060 2652 diSpeusa-

495 2706 693 2756 tionem
734 2697 1051 2767 praedicaut,
1098 2688 1267 2757 ipsius
1300 2684 1464 2737 etiam
1494 2695 1561 2735 ex
1614 2678 1840 2732 muliere
1868 2674 2064 2728 nativi-

497 2802 658 2844 tatem
688 2766 979 2842 secundum
1017 2792 1232 2834 carnem
1253 2767 1443 2843 'eloqui
1477 2786 1585 2825 non
1617 2766 1903 2822 manifeste
1933 2779 2064 2819 con-

496 2873 821 2933 vincautur?
868 2871 1019 2925 Tunc
1066 2870 1210 2922 enim
1269 2865 1398 2918 illud
1448 2861 1680 2918 Verbum
1730 2857 1873 2928 quod
1924 2855 2063 2911 Deus

492 2980 634 3032 erat,
654 2980 711 3022 et
740 2966 830 3020 ille
859 2963 1026 3018 Filius
1051 2960 1143 3029 qui
1166 2965 1283 3012 erat
1306 2953 1596 3024 sapientia,
1626 2960 1680 3005 et
1706 2950 1839 3015 vita,
1869 2957 1923 3002 et
1948 2947 2061 3011 lux,

2155 1760 2297 1840 νόυς.
2327 1775 2635 1846 Πράττεται
2669 1772 2767 1844 μὲν
2791 1772 2901 1843 γὰρ
2924 1769 3059 1839 πρὸς
3085 1765 3242 1838 ἡμῶν
3267 1767 3299 1836 ἠ
3325 1764 3507 1824 πίστις
3532 1760 3612 1822 είς
3635 1757 3736 1827 τὴν

2157 1868 2316 1936 ἁγίαν
2343 1867 2434 1920 καὶ
2450 1863 2731 1935 όμοούσιον
2753 1863 2974 1933 Τριάδα.
2993 1858 3210 1928 Ἐπειδὴ
3227 1856 3281 1908 δέ
3300 1870 3431 1922 φασι
3451 1848 3737 1904 πιστεύειν

2156 1960 2234 2021 εἰς
2261 1958 2355 2010 ἕνα
2381 1956 2534 2018 Θεὸν,
2561 1954 2778 2025 Πατέρα
2811 1952 3240 2023 παντοκράτορα,
3271 1945 3488 1998 πάντων
3514 1938 3736 2011 ὁρατῶν

2156 2065 2215 2101 τε
2251 2049 2342 2100 καὶ
2375 2046 2622 2117 ἀοράτων
2652 2045 2881 2114 ποιητήν
2902 2059 2914 2070 ·
2949 2042 3042 2095 καὶ
3072 2042 3150 2102 είς
3169 2038 3264 2091 ἕνα
3284 2034 3490 2106 Κύριον
3524 2029 3737 2099 Ἰησοῦν

2156 2137 2393 2209 Χριστὸν
2428 2137 2518 2189 τὸν
2551 2135 2680 2187 Υίὸν
2714 2133 2876 2187 αὑτοῦ
2898 2150 2909 2163 ο
2960 2132 3059 2201 οὐχ
3107 2131 3293 2199 ἔτερος
3335 2126 3391 2178 δὲ
3442 2123 3565 2177 καθ’
3591 2123 3739 2194 ἡμᾶς

2171 2227 2375 2298 Ἰησοῦς
2411 2225 2645 2295 Χριστὸς
2676 2224 2879 2296 Κύριος
2912 2221 3063 2293 παρὰ
3087 2221 3178 2273 τὸν
3205 2221 3299 2271 ἕνα
3320 2216 3415 2270 καὶ
3439 2213 3622 2283 φύσει,
3643 2212 3736 2265 καὶ

2160 2317 2372 2387 ἀληθῶς
2405 2317 2532 2370 Υίόν
2554 2333 2566 2346 ·
2617 2316 2675 2378 ὃς
2723 2318 2788 2369 ὲκ
2820 2315 2953 2368 Θεοῦ
2991 2310 3269 2382 πεφηνὼς,
3300 2309 3395 2363 καὶ
3433 2308 3568 2370 Θεδς
3600 2305 3676 2360 ὣν
3708 2305 3738 2357 ό

2161 2409 2350 2478 Λόγος,
2377 2408 2600 2477 γέγονεν
2634 2406 2938 2480 ἄνθρωπος,
2962 2404 3050 2459 διὰ
3080 2405 3383 2474 γεννήσεως
3409 2401 3467 2454 δὲ
3496 2399 3737 2468 δηλονότι

2159 2499 2259 2569 τῆς
2304 2499 2368 2550 ὲκ
2400 2495 2675 2565 γυναικὸς,
2712 2496 2834 2549 τίνα
2863 2495 3060 2566 τρόπον
3100 2495 3149 2546 οἱ
3181 2492 3271 2545 τὸν
3298 2491 3397 2561 τῆς
3426 2490 3738 2558 οἰκονομίας

2162 2590 2520 2661 κηρύττοντες
2548 2590 2724 2659 λόγον,
2752 2591 2851 2643 οὐκ
2899 2590 2965 2643 ἂν
2999 2588 3175 2641 ἁλοῖεν
3215 2580 3381 2639 αὐτοῦ
3424 2585 3524 2654 τὴν
3551 2585 3616 2637 ὲκ
3641 2600 3742 2652 γυ-

2162 2680 2347 2742 ναικὸς
2372 2678 2514 2732 κατά
2544 2679 2725 2750 σάρκα
2754 2676 3042 2740 λαλοῦντες
3068 2676 3352 2746 γέννησιν;
3376 2673 3509 2725 Τότε
3538 2672 3650 2744 γὰρ
3680 2672 3743 2738 δὴ

2163 2770 2397 2840 Χριστὸς
2431 2768 2632 2840 Ἰησοῦς
2669 2768 3005 2838 ὠνόμασται,
3047 2767 3178 2830 Θεδς
3219 2764 3294 2818 ὢν
3336 2766 3365 2816 ό
3413 2763 3606 2832 Λόγος,
3650 2764 3743 2816 καὶ

2168 2861 2348 2929 σοφία,
2376 2860 2472 2913 καὶ
2499 2858 2634 2928 ζωὴ,
2677 2858 2773 2911 καὶ
2802 2856 2935 2926 φῶς,
2967 2856 2996 2907 ὁ
3022 2855 3170 2919 Υίός.
3204 2853 3476 2924 Πρόδηλον
3509 2848 3627 2916 οὖν,
3663 2851 3744 2903 ὅτι

2165 2951 2266 3020 τῆς
2311 2949 2526 3003 τοιᾶσδε
2560 2948 2804 3019 κλήσεως
2831 2950 2860 3001 ό
2889 2946 3081 3019 καιρὸς
3112 2945 3599 3017 συνειστρέχουσαν
3635 2941 3748 3011 ἔχει

495 3030 796 3131 appellatus
825 3063 908 3110 est
943 3051 1102 3106 Jesus
1139 3049 1410 3104 Christus.
1447 3044 1798 3111 Perspicuum
1847 3049 1929 3094 est
1962 3039 2057 3109 igi-

2165 3040 2264 3110 τὴν
2296 3039 2574 3131 γέννησιν,
2607 3036 2706 3108 τὴν
2736 3036 2825 3091 διά
2852 3036 2916 3105 γέ
2948 3052 3088 3106 φημι
3112 3038 3212 3107 τῆς
3241 3034 3401 3103 ἀγίας
3439 3031 3741 3104 Παρθένου.

499 3166 607 3217 tur,
633 3150 780 3204 illam
811 3160 878 3200 ex
899 3151 1084 3198 sancta
1110 3138 1326 3206 Virgine
1358 3134 1694 3189 nativitatem
1718 3132 1904 3186 eodem
1937 3139 2065 3184 tem-

499 3255 632 3313 pore
676 3253 796 3292 cum
841 3231 1103 3305 ejusmodi
1140 3228 1501 3299 appellatione
1530 3223 1898 3280 concurrisse.
1936 3221 2068 3277 Cre-

502 3312 679 3387 itendo
710 3336 890 3381 autem
922 3325 976 3378 in
1003 3322 1281 3377 Christum
1309 3319 1513 3380 Jesum,
1551 3315 1604 3368 in
1636 3312 1786 3367 illum
1818 3328 1983 3365 unum
2014 3318 2068 3366 et

501 3433 694 3478 natura
731 3426 785 3472 et
813 3431 940 3471 vere
976 3413 1166 3468 Filium
1210 3425 1306 3464 nos
1338 3408 1579 3470 credere,
1613 3407 1737 3460 dum
1782 3406 1895 3459 haec
1938 3402 2069 3457 ﬁdes

502 3530 601 3584 per
627 3515 799 3583 ipsum
830 3507 1062 3563 recurrit
1089 3504 1142 3557 in
1165 3501 1401 3567 Patrem,
1431 3500 1633 3564 clarum
1658 3498 1716 3551 lit
1745 3512 1810 3552 ex
1838 3510 1903 3550 eo
1926 3494 2071 3565 quod

392 3652 401 3661 .
506 3611 619 3671 ipse
650 3603 900 3658 universo
936 3608 1201 3653 terrarum
1232 3594 1348 3648 orbi
1385 3591 1686 3662 proclamat
1716 3608 1729 3643 :
1761 3607 1779 3641 ι
1812 3590 1913 3654 Qui
1952 3602 2072 3641 ere-

502 3699 583 3752 dit
609 3696 663 3750 in
709 3709 815 3758 me,
845 3706 948 3746 non
977 3691 1030 3743 in
1062 3703 1147 3742 me
1176 3685 1372 3750 credit,
1409 3684 1501 3739 sed
1546 3684 1597 3736 in
1645 3696 1769 3735 eum
1802 3679 1895 3749 qui
1929 3678 2074 3732 misit

506 3801 593 3841 me
612 3786 693 3852 ";
725 3803 745 3837 ι
781 3791 836 3838 et
869 3800 884 3836 :
917 3800 936 3834 ι
969 3780 1068 3847 Qui
1106 3779 1255 3833 videt
1288 3791 1395 3840 me,
1438 3775 1581 3829 videt
1614 3788 1736 3826 eum
1780 3771 1874 3840 qui
1925 3768 2074 3823 misit

505 3863 690 3945 me“;
722 3895 743 3931 ι
778 3886 831 3931 et
878 3889 1068 3930 rursus
1098 3888 1113 3925 :
1141 3890 1169 3926 4
1197 3869 1433 3927 Creditis
1468 3867 1520 3920 in
1558 3864 1750 3928 Deum,
1789 3872 1843 3917 et
1890 3862 1941 3916 in
1988 3873 2074 3915 me

504 3972 711 4025 credite
734 3968 810 4041 (4)
836 3966 901 4022 “.
930 3984 950 4019 ι
982 3964 1167 4036 Neque
1199 3963 1343 4020 enim
1394 3960 1579 4029 utique
1624 3955 1939 4017 asserimus,
1971 3951 2074 4005 du-

506 4062 695 4130 plicem
744 4060 890 4114 illum
924 4072 982 4112 κα
1041 4055 1194 4111 nobis
1250 4052 1407 4108 ﬁdem
1456 4050 1710 4119 exigere;
1765 4045 1858 4100 sed
1893 4042 2076 4113 potius

505 4160 718 4214 docere,
755 4148 1002 4222 quisquis
1036 4148 1191 4201 Iidem
1234 4145 1286 4198 in
1315 4158 1437 4198 eum
1478 4138 1801 4208 susceperit,
1837 4133 1985 4187 illum
2022 4132 2075 4185 iu

506 4246 679 4314 ipsum
709 4241 926 4296 Patrem
979 4238 1224 4291 credere.
1270 4234 1376 4287 Sed
1414 4232 1563 4300 quia,
1610 4237 1670 4283 ut
1712 4228 1863 4281 illum
1901 4223 2077 4277 facere

509 4351 603 4403 par
622 4330 1057 4399 erat,nominum
1080 4322 1505 4394 mquivocatione
1534 4319 1692 4388 paulo
1722 4327 1843 4388 post
1874 4325 2074 4382 utetur,

2166 3133 2287 3186 Ὅτι
2321 3130 2669 3194 πιστεύοντες
2701 3129 2810 3201 [ίσ.
2839 3129 2921 3182 ὅτι
2940 3128 2994 3181 δὲ
3015 3124 3385 3197 πιστεύοντες]
3406 3127 3485 3189 είς
3516 3123 3747 3196 Χριστὸν

2177 3222 2409 3293 Ἰησοῦν,
2444 3222 2526 3283 είς
2564 3221 2654 3274 τὸν
2697 3220 2794 3274 ἕνα
2848 3220 2943 3272 καὶ
2987 3218 3147 3285 φύσει
3208 3217 3304 3271 καὶ
3354 3215 3574 3288 ἀληθῶς
3621 3214 3747 3269 Υίδν

2166 3312 2518 3382 πιστεύομεν,
2550 3309 2928 3381 ἀναφοιτώσης
2952 3308 3054 3379 τῆς
3074 3308 3310 3372 πίστεως
3328 3309 3408 3371 είς
3421 3306 3514 3361 τὸν
3529 3305 3749 3377 Πατέρα

2167 3406 2236 3459 δι’
2271 3405 2459 3467 αὐτοῦ,
2489 3404 2677 3475 σαφῶς
2708 3403 2836 3476 [τσ.
2873 3401 3062 3474 σαφὲς]
3097 3401 3163 3456 ἂν
3196 3402 3427 3471 γένοιτο,
3458 3400 3747 3472 διακεκρα-

2168 3495 2322 3564 γότος
2357 3493 2522 3548 αὑτοῦ
2549 3493 2627 3563 τῷ
2648 3494 2840 3564 κόσμῳ
2864 3491 3030 3545 παντί
3050 3505 3063 3520 °
3100 3510 3118 3544 ι
3140 3490 3198 3544 '0
3223 3489 3494 3543 πιστεύων
3520 3491 3599 3551 είς
3622 3487 3745 3558 ἐμὲ,

2170 3587 2232 3640 ού
2267 3587 2515 3640 πιστεύει
2564 3586 2644 3648 εἰς
2693 3584 2816 3655 ἐμὲ,
2844 3583 2955 3636 ἀλλ’
2987 3585 3067 3646 είς
3116 3581 3206 3634 τὸν
3255 3580 3550 3653 πέμψαντά
3597 3595 3688 3649 με·
3726 3596 3745 3630 ι

2176 3677 2293 3743 καὶ,
2335 3694 2354 3728 ι
2379 3677 2436 3729 '0
2483 3673 2702 3746 θεωρῶν
2750 3673 2873 3746 ἐμὲ,
2902 3673 3101 3743 θεωρεῖ
3142 3671 3238 3725 τὸν
3275 3671 3573 3743 πέμψαντὰ
3607 3686 3698 3741 με’
3728 3688 3746 3721 ι

2175 3768 2269 3823 καὶ⁵
2315 3766 2498 3833 πάλιν,
2544 3785 2564 3818 ι
2592 3765 2885 3820 Πιστεύετε
2931 3766 3012 3828 είς
3053 3764 3144 3819 τὸν
3186 3763 3341 3827 Θεὸν,
3378 3762 3475 3817 καὶ
3522 3763 3604 3827 είς
3651 3762 3752 3833 δμὲ

2173 3860 2474 3914 πιστεύετε.
2508 3877 2527 3911 ι
2566 3859 2676 3911 Καὶ
2717 3858 2776 3913 ού
2821 3858 2883 3928 δή
2926 3856 3028 3911 πού
3073 3873 3277 3927 φαμεν,
3309 3856 3388 3919 ὡς
3415 3854 3511 3908 δύο
3542 3854 3753 3915 πίστεις

2148 3950 2312 4023 ’πρὸς
2342 3950 2502 4022 ήμῶν
2532 3950 2704 4002 αἰτεῖ·
2739 3948 2980 4002 διδάσκει
3006 3948 3063 4003 δὲ
3090 3947 3312 4018 μᾶλλον,
3339 3946 3418 4010 ὡς
3451 3946 3507 4000 el
3529 3963 3614 4009 τις
3643 3946 3752 3999 elo-

2175 4040 2388 4106 δέξαιτο
2424 4041 2524 4112 τὴν
2569 4043 2649 4104 είς
2678 4040 2838 4094 αὐτὸν
2868 4040 3072 4104 πίστιν,
3102 4038 3254 4110 αύτῷ
3300 4039 3633 4092 πεπίστευκε
3678 4036 3753 4108 τῷ

2180 4132 2377 4202 Πατρί.
2397 4131 2614 4203 Ἐπειδὴ
2662 4130 2720 4183 δὲ
2766 4131 2908 4185 κατά
2953 4131 3015 4184 τὸ
3056 4131 3204 4193 είκδς
3240 4132 3306 4202 τῇ
3339 4129 3447 4182 τῶν
3473 4129 3754 4200 ὀνομάτων

2177 4221 2467 4293 ὁμωνυμίᾳ
2493 4221 2840 4292 κεχρήσεται,
2879 4220 3035 4277 κοινά
3057 4222 3230 4293 λέγων
3256 4216 3393 4274 εἶναι
3422 4220 3483 4273 τό
3516 4237 3579 4273 τε
3620 4221 3754 4292 Χρι-

2181 4315 2326 4378 στὸς,
2350 4313 2446 4365 καὶ
2484 4312 2543 4365 τὸ
2589 4313 2815 4384 Κύριος,
2852 4312 2944 4365 καὶ
2976 4313 3082 4383 μὴν
3122 4315 3216 4366 καί
3251 4312 3398 4377 Υίὸς,
3434 4312 3671 4383 πρέπειν
3699 4328 3754 4364 τε

512 4381 595 4403 r‘"
1145 4381 1161 4394 .
1534 4381 1550 4388 -
1722 4381 1738 4388 -

512 4425 811 4483 rommunia
839 4436 961 4477 esse
994 4420 1178 4473 dicens
1204 4423 1261 4469 et
1290 4412 1487 4469 Christi
1517 4426 1731 4479 nomen,
1756 4421 1810 4464 et
1842 4407 2057 4472 Domini

2181 4404 2320 4458 αὖτά
2352 4381 2806 4458 διαϐεϐαιώσεται
2831 4404 2908 4473 τῷ
2933 4381 2996 4456 ἐκ
3024 4381 3238 4473 Πατρὸς
3266 4402 3426 4471 φύντι
3454 4381 3638 4472 Λόγῳ,
3656 4401 3756 4454 κᾶν

506 4530 669 4590 atque
733 4516 895 4571 etiam
946 4510 1107 4577 Filii,
1163 4519 1337 4577 eaque
1392 4504 1684 4558 convenire
1740 4499 2051 4556 coullrmabi

2179 4497 2228 4549 εί
2277 4498 2450 4549 νοοῖτο
2503 4495 2684 4562 μόνος,
2720 4494 2815 4547 καὶ
2864 4493 3063 4565 σαρκὸς
3114 4492 3256 4547 οὕτω
3294 4494 3372 4565 (5)
3420 4488 3754 4565 μεταλαίὼν,

507 4581 686 4666 Verbo
720 4607 794 4661 illi
826 4620 893 4659 ex
928 4600 1091 4656 Patre
1131 4598 1334 4670 genito,
1363 4596 1529 4652 etiam
1562 4593 1609 4649 si
1640 4593 1789 4647 solus
1829 4591 2057 4646 conside-

2179 4590 2274 4644 καὶ
2306 4591 2412 4662 μὴν
2440 4593 2516 4660 τῷ
2541 4591 2605 4642 ὲκ
2626 4587 2904 4659 Παρθένου
2932 4586 3088 4656 φύντι
3117 4584 3259 4655 ναῷ·
3283 4586 3455 4639 δεῖται
3484 4586 3562 4653 δὲ,
3584 4581 3755 4655 οἶμαι,

506 4712 660 4755 retur
694 4699 932 4753 nondum
982 4699 1260 4761 assumpta
1299 4701 1489 4752 carne,
1529 4699 1742 4741 necnon
1786 4682 1951 4736 etiam
2002 4679 2057 4734 ill

2180 4679 2415 4752 βασάνου
2444 4679 2647 4751 πολλῆς
2672 4682 2700 4734 ὁ
2728 4680 2821 4735 ἐπὶ
2855 4678 3068 4741 τούτοις
3101 4675 3258 4744 λόγος
3279 4691 3292 4705 ·
3331 4676 3414 4739 εἰς
3443 4674 3656 4746 καιρὸν,
3685 4675 3758 4738 ὡς

508 4789 711 4856 templo
752 4800 820 4840 ex
855 4782 1073 4852 Virgine
1115 4790 1275 4845 nato;
1308 4786 1365 4833 et
1400 4776 1558 4847 quia,
1604 4783 1662 4828 ut
1699 4782 1861 4844 puto,
1899 4770 1984 4826 bis
2012 4771 2057 4826 dt

2179 4770 2336 4843 ἔφην,
2367 4771 2515 4843 αὑτῷ
2543 4772 2826 4841 πρέποντα
2856 4769 3140 4842 χρησίμως
3184 4766 3349 4822 αὐτὸν
3388 4769 3471 4832 είς
3500 4769 3562 4821 τὸ
3590 4767 3760 4839 παρὸν

512 4882 674 4935 iebus
701 4874 990 4946 disputatio
1028 4870 1381 4942 inquisitione
1414 4881 1608 4938 magna
1642 4866 1868 4935 indiget,
1896 4878 1962 4920 ea
2006 4880 2057 4918 at

2181 4861 2525 4935 ἀναθέμενοι,
2557 4863 2641 4932 ἐφ’
2664 4863 2860 4935 ἑτέραν
2889 4860 3055 4932 ἴωμεν
3084 4859 3182 4930 τῆς
3210 4859 3374 4928 ἁγίας
3403 4858 3629 4913 συνόδου
3653 4877 3759 4928 φω-

510 4982 748 5042 ρισωεεοε
792 4974 1091 5037 opportune
1129 4964 1185 5019 in
1233 4970 1443 5032 tempus
1476 4958 1815 5015 commodius
1849 4956 2050 5027 reiecta

2184 4953 2301 5025 νην,
2332 4954 2397 5025 ἣν
2421 4955 2604 5009 οὑτοσὶ
2630 4952 3002 5025 παρατρέπων
3027 4949 3122 5005 ἐπὶ
3150 4950 3212 5004 τὸ
3237 4950 3388 5020 αὐτῷ
3418 4948 3638 5014 δοκοῦν,
3670 4949 3762 5018 τὴν

582 5153 625 5184 ⁶¹
654 5149 840 5208 Matth.
877 5167 932 5218 ι,
965 5150 1055 5207 20.
1131 5146 1352 5205 "Joan.
1385 5159 1486 5213 xu,
1518 5144 1606 5201 ιι.
1687 5143 1910 5224 “Joan.
1936 5160 2053 5214 ιιν,

2219 5145 2265 5178 ⁸⁸
2291 5144 2425 5203 Ibid.
2468 5149 2520 5201 ι.

1788 5303 1946 5358 ΑΝΤ.
1987 5301 2259 5360 AGELLII
2296 5302 2525 5359 NOTAE.

591 5471 804 5547 ξιμιοο
835 5470 1196 5547 testimonium
1231 5467 1445 5547 videtur
1468 5463 1703 5547 Cynrillus
1746 5463 1853 5547 alio
1878 5463 2068 5547 ordine

512 5532 802 5617 protulisse
828 5558 841 5593 :
871 5540 1075 5617 Credite
1114 5539 1177 5617 iit
1201 5554 1303 5617 me,
1339 5546 1397 5615 et
1426 5537 1479 5588 in
1514 5532 1684 5617 ρεαηι
1711 5535 1924 5596 credite,
1962 5532 2065 5594 vel,

515 5603 758 5681 Creditis,
791 5625 899 5684 quo
930 5610 1086 5666 modo
1113 5608 1295 5664 citavit
1328 5606 1489 5661 etiam
1515 5603 1608 5659 lib.
1631 5619 1690 5657 ιι.

2246 5460 2324 5530 (5)
2358 5458 2535 5513 Malim
2560 5459 2763 5527 legere,
2794 5459 2947 5515 οὔπω
2998 5459 3342 5569 μεταλαχών,
3389 5469 3450 5513 ut
3499 5460 3641 5514 dixit
3679 5475 3764 5525 stl-

2246 5548 2270 5569 ει
2306 5545 2407 5569 n-ra
2457 5531 2519 5569 9|
2587 5530 2740 5569 afﬁrm
2768 5532 2970 5569 ηηηνὶιρ
3014 5532 3104 5569 νηὶ
3157 5548 3187 5569 η
3221 5546 3389 5569 tamen!
3433 5546 3764 5569 vavmmmns.

2178 5545 2271 5612 pra
2306 5531 2551 5612 page},
2587 5530 2740 5612 obitu)
2768 5532 2970 5612 σαρκὸς
3001 5530 3109 5584 καὶ
3157 5530 3389 5612 αἵματος
3433 5546 3765 5600 κεκοινωνη-

2178 5599 2309 5665 κώς,
2342 5610 2396 5655 et
2427 5600 2564 5659 infra
2591 5600 2681 5671 46,
2724 5602 2820 5656 καὶ
2842 5599 3011 5655 ὀὔπω
3039 5599 3479 5673 σεσαρκωμένος.
