3926 6126
165 340 233 396 49
1306 351 1678 411 Αυνειιευε
1713 354 1729 410 l

1839 354 2117 418 ιτοιιιυιι
2156 363 2283 420 LIB.
2330 366 2371 423 ι,
3361 366 3433 446 so

165 458 265 521 τῆς
316 457 576 529 ἀληθείας
630 462 1019 531 καταϐιάζεται
1066 468 1314 542 δύναμιν.
1350 474 1489 545 Φησὶ
1520 477 1649 548 γὰρ,
1677 478 1729 531 ὄτ

1862 482 1927 535 ad
1958 483 2179 540 alteram
2208 495 2411 544 sancta
2440 488 2582 547 illius
2615 495 2809 564 synodi
2838 510 3020 554 vocem
3056 507 3428 575 transeamus,

164 550 512 621 γεγράφασιν
537 555 585 608 οἱ
614 556 873 628 Πατέρες·
913 558 1278 635 [Πιστεύομεν
1309 568 1392 632 είς
1417 568 1513 624 ἕνα
1546 570 1753 641 Κύριον

178 642 392 714 Ἰησοῦν
418 646 671 717 Χριστὸν,
706 653 800 705 τὸν
829 651 959 707 Υίδν
983 654 1076 709 τὸν
1112 661 1398 731 μονογενῆ,
1438 661 1531 715 τδν
1561 665 1625 716 ἐκ
1653 665 1750 741 τοῦ

168 734 385 806 Πατρδς
431 740 784 811 γεννηθέντα,
818 743 913 799 τὸν
957 746 1242 817 ὁμοούσιον
1288 750 1369 821 τῷ
1416 753 1611 825 Ila-r91,
1658 734 1752 812 τὸν

166 827 494 883 κατελθόντα
521 831 589 884 δι’
616 833 784 904 ἡμᾶς,
824 836 918 890 καὶ
951 840 1303 906 σαρκωθέντα
1333 846 1397 898 ἐκ
1433 846 1749 917 Πνεύματος

168 917 665 994 ἀγίου.]⁹Επιφέρει
682 925 737 978 δὲ
752 926 983 994 τούτοις,
1010 931 1103 983 καί
1127 948 1259 1003 φησι
1286 937 1417 1004 περὶ
1442 938 1552 991 τῶν
1576 940 1749 1009 ἁγίων

169 1009 459 1080 Πατέρωψ
493 1012 942 1087 [Ὗποκατιόντες
956 1022 1034 1086 δὲ,
1068 1026 1431 1095 έρμηνεύουσι
1474 1031 1564 1085 τὸν
1593 1033 1748 1086 ἐναν-

167 1100 554 1177 θρωπήσαντα,
587 1111 779 1165 τοῦτον
814 1112 1106 1185 λεγόμενον
1135 1120 1507 1188 σαρκωθέντα,
1539 1124 1600 1176 ού
1625 1140 1749 1195 190-

166 1196 274 1265 πὴν
302 1199 401 1269 τῆς
440 1200 592 1266 θείας
626 1205 845 1273 φύσεως
875 1207 1251 1280 ὑπομεινάσης
1281 1215 1363 1276 είς
1393 1215 1494 1286 τὴν
1540 1217 1743 1286 σάρκα,

165 1288 298 1344 ἀλλὰ
342 1291 438 1363 τὴν
482 1295 757 1366 ἐνοίκησιν
783 1299 882 1369 τὴν
911 1300 993 1364 είς
1024 1301 1355 1377 ἀνθρωπον.]
1374 1307 1462 1360 Ἐν
1485 1308 1745 1380 ἐξηγήσει

164 1380 223 1434 δέ
256 1383 415 1439 πάλιν
441 1387 540 1459 τῆς
573 1389 745 1460 αὐτῆς
775 1389 958 1461 ἔχεται
988 1393 1242 1460 διανοίας,
1267 1398 1358 1451 καὶ
1392 1398 1457 1472 δὴ
1484 1402 1578 1455 καὶ
1601 1402 1747 1458 οὕτω

165 1473 353 1544 φησιν.
752 1516 781 1540 ι

234 1655 673 1732 [Ἦκολούθησαν
710 1662 788 1734 τῷ
819 1635 1173 1741 εὐαγγελιστῇ
1207 1686 1221 1702 ⁸
1255 1673 1347 1726 καὶ
1375 1674 1483 1746 γὰρ
1513 1677 1542 1730 ό
1579 1679 1744 1747 εὐαγ-

164 1748 444 1822 γελιστὴς,
475 1752 643 1807 ἐλθὼν
669 1756 750 1820 είς
779 1756 876 1828 τὴν
903 1759 1333 1832 ἐνανθρώπησιν,
1351 1765 1521 1836 ἔφυγε
1549 1770 1743 1842 γέννη-

166 1856 253 1896 σιν
285 1843 459 1897 είπεῒν
480 1847 593 1931 ,ἐπὶ
623 1846 715 1901 τοῦ
742 1825 878 1904 Θεοῦ
910 1825 1107 1921 Λόγου,
1138 1825 1232 1909 και
1268 1825 1483 1913 τέθεικε
1522 1825 1741 1933 σάρκω-
1773 1825 1816 1880 Β

163 1948 279 1986 σινο
326 1933 458 2001 ποῦς
480 1920 740 1993 ’ἄκουσον
758 1955 778 1974 ο
827 1959 847 1993 ι
875 1920 1039 1998 Καὶίό
1058 1945 1230 2013 Λόγος
1260 1948 1397 2020 σὰρξ
1427 1920 1645 2019 ἐγένετο
1665 1973 1679 1988 ⁸
1714 1975 1733 2008 ι

158 2022 262 2077 οὐκ
301 2021 459 2079 εἵπει
494 2028 595 2082 Διά
642 2031 841 2101 σαρκὸς
874 2034 1338 2108 ἐγεννήθη.”οπου
1382 2042 1491 2113 γὰρ
1527 2062 1739 2115 μνημο-

157 2114 412 2170 νεύουσιν
452 2119 504 2171 0i
544 2120 849 2188 ἀπόστολοι,
880 2125 913 2194 ἢ
963 2126 1012 2178 0i
1046 2129 1429 2198 ειῢαγγελιστιι)⁸
1456 2135 1550 2187 τοῦ
1583 2114 1737 2203 Υίοῦ,

154 2203 421 2272 τιθέασιν,
457 2208 541 2261 ὅτι
576 2210 840 2282 ἐγεννήθη
873 2214 938 2268 ἐκ
967 2220 1243 2283 γυναικός.
1272 2220 1514 2293 Πρόσεχε
1540 2225 1616 2297 τῷ
1652 2228 1743 2281 λε-

156 2293 394 2365 γομένῳ,
426 2299 732 2368 παρακαλῶ
751 2317 763 2331 ’
807 2302 941 2356 ὅπου
969 2304 1079 2376 γὰρ
1107 2305 1323 2377 λέγουσι
1354 2311 1412 2364 τὸ
1443 2293 1612 2384 ὄνομα
1642 2316 1739 2371 τοῦ

157 2381 316 2449 Υίοῦ,
347 2386 439 2439 καὶ
470 2387 554 2440 ὅτι
589 2390 781 2463 ἐτέχθη
815 2393 881 2448 ἐκ
919 2397 1200 2463 γυναικὸς.
1221 2399 1434 2457 τιθέασι
1461 2381 1546 2469 τὺ,
1560 2405 1739 2474 Ἐγεν-

155 2472 300 2543 νήθη
324 2488 340 2503 ·
376 2476 510 2530 ὅπου
544 2478 602 2532 δὲ
648 2485 1045 2553 μνημονεύουσι
1077 2487 1172 2542 τοῦ
1199 2489 1395 2560 Λόγου,
1430 2494 1604 2561 οὐδεὶς
1633 2472 1736 2551 αύ-

157 2561 269 2615 τῶν
302 2564 603 2637 ἐτόλμησεν
630 2572 823 2634 εἰπεῖν,
850 2576 1104 2648 γέννησιν
1135 2580 1225 2635 διὰ
1248 2585 1350 2653 τῆς
1380 2584 1739 2659 ἀνθρωπότη-

156 2665 265 2714 τος.
286 2651 346 2706 '0
365 2654 475 2725 γὰρ
507 2659 778 2729 μακάριος
801 2662 1053 2736 Ἰωάννης
1077 2670 1105 2721 ὁ
1124 2651 1536 2745 εὐαγγελιστὴς,
1565 2651 1738 2732 etesia

156 2742 239 2805 είς
289 2743 385 2797 τὸν
432 2746 630 2835 Λόγον,
682 2752 776 2805 καὶ
821 2755 901 2817 είς
952 2756 1051 2826 τὴν
1100 2742 1511 2835 ἐνανθρώπησιν
1546 2769 1734 2835 αὐτοῦ,

155 2832 398 2888 ἄκουσον
435 2832 525 2892 οἷά
562 2856 746 2911 φησιν.
792 2861 811 2895 ι
849 2844 908 2898 '0
929 2846 1100 2917 Λόγος
1143 2850 1277 2922 σὰρξ
1314 2832 1549 2923 ἐγένετο.
1580 2860 1628 2932 ι]

755 3000 1004 3059 ΚΕΦΑΛ.
1046 3008 1128 3060 H'.

1854 591 2014 646 quam
2054 579 2154 633 iste
2199 588 2258 633 ut
2306 582 2374 636 ad
2423 598 2578 638 suam
2624 589 2948 644 sententiam
2994 605 3286 661 pervertat,
3326 598 3427 666 ipsi

1853 666 2245 735 potentissimae
2274 672 2496 728 veritati
2538 677 2834 733 succurrit.
2858 679 2951 733 Ait
2972 683 3115 736 enim
3142 686 3429 753 scripsisse

1850 756 2042 814 Patres
2068 778 2081 814 :
2108 760 2416 834 [Credimus
2446 766 2497 820 in
2533 783 2698 823 unum
2727 768 3010 826 Dominum
3055 772 3237 830 Jesnm
3263 778 3434 833 Ωιιτί-

1850 859 2016 916 stum,
2066 851 2263 910 Filium
2311 857 2672 927 unigenitum,
2719 877 2788 916 ex
2833 864 2997 921 Patre
3039 878 3249 936 natum,
3290 886 3428 925 con.

1849 945 2259 1001 substantiaiem
2303 947 2490 1005 Patri:
2519 954 2609 1021 qui
2646 955 2923 1011 descendit
2955 968 3175 1027 propter
3212 978 3332 1027 nos,
3373 976 3427 1019 et

1849 1037 2165 1095 incarnatus
2189 1041 2365 1097 estde
2395 1041 2598 1112 Spiritu
2638 1048 2874 1121 sancto.]
2911 1050 2991 1105 Ad
3029 1053 3141 1107 haec
3168 1055 3331 1109 infert
3363 1073 3425 1109 ac

1848 1126 1980 1183 dicit
2022 1130 2091 1184 de
2121 1132 2331 1187 sanctis
2362 1133 2470 1189 illis
2498 1134 2755 1194 Patribus
2781 1156 2795 1193 :
2831 1130 3087 1212 [Inferius
3113 1159 3242 1199 vero
3280 1146 3424 1201 hunc

1848 1215 2025 1286 ipsum
2072 1220 2166 1290 qui
2217 1221 2417 1277 dicitur
2450 1223 2791 1291 incarnatus,
2834 1228 3264 1299 interpretantur
3302 1248 3423 1288 essu

1847 1308 2122 1365 hominem
2157 1309 2359 1367 factum
2388 1333 2402 1370 :
2430 1329 2536 1371 non
2569 1317 2711 1385 quod
2751 1327 2945 1373 natura
2987 1319 3169 1374 divina
3198 1322 3250 1376 in
3296 1338 3421 1378 car—

1846 1413 1971 1453 nem
2005 1401 2076 1455 sit
2115 1412 2344 1471 mutata,
2380 1405 2477 1461 sed
2510 1407 2653 1476 quod
2687 1409 2739 1462 in
2772 1408 2993 1466 homine
3021 1411 3326 1487 babitarit.]
3362 1414 3419 1470 In

1844 1491 2184 1560 expositione
2215 1509 2404 1552 rursus
2436 1496 2611 1554 eidem
2643 1498 2882 1557 inhaeret
2910 1505 3216 1569 sententia,
3253 1520 3318 1561 ac
3345 1506 3422 1562 ita

1844 1579 1974 1636 dicit
2007 1599 2024 1637 :

1918 1669 2198 1744 [Nu-ron.
2242 1674 2427 1732 Secuti
2467 1688 2594 1735 sunt
2620 1682 3005 1752 evangelistam
3041 1709 3051 1741 :
3086 1702 3211 1743 nam
3250 1702 3417 1745 evan-

1845 1752 2034 1833 gelista
2081 1768 2171 1822 ubi
2202 1768 2270 1823 ad
2307 1758 2635 1828 narrandam
2678 1775 3121 1834 humanationem
3147 1786 3416 1851 pervenit.

1844 1856 2025 1912 dicere
2050 1862 2448 1927 generationem
2482 1863 2536 1918 in
2566 1862 2674 1920 Deo
2698 1864 2878 1923 Verbo
2904 1870 3113 1936 vitavit,
3146 1889 3210 1928 ac
3242 1876 3421 1943 posuit

1842 1946 2298 2008 incarnationem.
2347 1952 2614 2011 Ubinam?
2649 1959 2771 2013 audi
2806 1978 2818 2013 :
2860 1978 2879 2011 ι
2913 1961 2977 2016 Ει
3006 1961 3242 2020 Verbum
3287 1982 3417 2021 caro

1841 2038 2041 2095 factum
2070 2052 2154 2097 est
2178 2044 2259 2112 ⁶⁸;
2293 2064 2313 2097 ι
2353 2062 2460 2101 non
2497 2049 2669 2104 dixit:
2695 2048 2799 2105 Per
2834 2068 3052 2108 carnem
3100 2068 3259 2112 natus
3286 2069 3369 2113 est
3399 2077 3417 2112 τ

1843 2150 1966 2188 nam
2011 2136 2099 2190 ubi
2150 2138 2379 2207 apostoli
2413 2140 2499 2193 vel
2539 2144 2881 2214 evangelista:
2922 2150 3245 2204 mentionem
3291 2152 3423 2205 Filii

1841 2224 2088 2294 faciunt,
2131 2238 2339 2297 ponunt
2385 2239 2568 2285 natum
2615 2249 2736 2289 esse
2779 2251 2841 2290 ex
2882 2239 3126 2294 muliere.
3157 2243 3410 2306 Attende,

1841 2332 2045 2387 quaeso,
2077 2321 2220 2389 quod
2251 2320 2450 2375 dicitur
2476 2337 2490 2376 :
2512 2324 2619 2395 25
2647 2325 2735 2379 ubi
2760 2339 3189 2384 commemorant
3218 2347 3411 2386 nomen

1843 2408 1986 2474 Filii,
2026 2419 2080 2464 et
2127 2412 2331 2467 editum
2367 2429 2488 2468 esse
2530 2432 2596 2470 ex
2647 2418 2891 2482 muliere,
2929 2431 3134 2487 ponunt
3167 2422 3412 2489 verbum,

1839 2500 2012 2559 Natus
2042 2514 2160 2572 est;
2196 2505 2293 2560 sed
2325 2506 2413 2559 ubi
2449 2506 2609 2562 Verbi
2640 2508 2804 2562 divini
2830 2512 3153 2567 mentionem
3183 2511 3411 2580 faciunt,

1839 2609 2000 2650 nemo
2048 2596 2261 2651 illorum
2310 2614 2476 2655 ausus
2514 2610 2598 2655 est
2647 2602 2847 2668 dicere,
2882 2604 3121 2671 genitum
3164 2620 3285 2661 esse
3318 2610 3451 2675 ρει-θ

1836 2683 2249 2741 humanitatem.
2283 2687 2418 2743 Nam
2464 2689 2654 2745 beatus
2680 2690 2915 2748 Joannes
2955 2695 3285 2765 evangelista
3319 2694 3408 2751 ubi

1835 2774 2083 2841 pervenit
2123 2776 2191 2829 ad
2236 2777 2491 2839 Verbum,
2525 2786 2579 2833 et
2629 2776 2746 2847 ejus
2777 2779 3242 2848 bumanatiouem,
3284 2782 3407 2837 audi

1836 2864 1964 2933 quid
1996 2867 2139 2922 dicat
2170 2887 2185 2922 :
2223 2885 2242 2920 ι
2276 2870 2512 2925 Verbum
2547 2885 2677 2924 caro
2712 2870 2914 2925 factum
2944 2880 3047 2927 est.
3077 2871 3124 2943 ι]

2465 3023 2614 3082 CAP.
2653 3024 2781 3081 Vill.

224 3122 362 3233 ship:
396 3124 459 3197 δὴ
491 3121 585 3233 οὖν
615 3132 950 3200 παραθέντες
969 3131 1050 3202 οἷς
1073 3139 1176 3211 ἔφη
1206 3145 1414 3202 καὶτοῦ
1437 3152 1559 3206 καθ’
1581 3156 1729 3227 ἡμᾶς

1906 3161 2018 3229 Age
2042 3159 2174 3229 jam,
2206 3175 2329 3217 cum
2377 3161 2460 3218 his
2492 3178 2610 3233 qua:
2646 3163 2783 3218 dixit
2819 3165 3189 3233 componendo
3239 3167 3411 3221 nostri

150 3211 433 3281 ΣυμῦόῘιου
460 3216 561 3287 τὴν
585 3219 858 3287 ἀπόδοσιν,
890 3225 1086 3295 ἴδωμεν
1125 3232 1173 3283 εί
1214 3234 1287 3304 μή
1319 3253 1372 3290 τι
1411 3211 1726 3299 κεκαινοτόί

155 3320 326 3374 μηται
385 3308 529 3379 παρά
562 3311 748 3367 τούτου
800 3317 893 3369 καὶ
942 3321 1071 3391 περὶ
1115 3325 1307 3396 αὐτήν
1346 3348 1364 3381 ι
1394 3332 1735 3409 Πιστεύομεν

152 3397 236 3459 είς
264 3395 362 3452 ἕνα
389 3399 522 3455 Θεὸν
557 3404 775 3475 Πατέρα
810 3395 1249 3487 παντοκράτορα,
1275 3421 1492 3478 πάντων
1518 3395 1734 3498 ὁρατιῖλν

151 3486 249 3538 καὶ
295 3487 543 3558 ἀοράτων
599 3499 863 3567 ποιητήν*
902 3503 995 3555 καὶ
1029 3505 1109 3568 είς
1157 3486 1255 3561 ἕνα
1287 3512 1490 3583 Κύριον
1524 3486 1733 3589 ’ίησοῦν

149 3576 406 3647 Χριστὸν,
444 3581 533 3634 τὸν
567 3583 691 3638 Υίὸν
717 3587 810 3641 τοῦ
838 3590 992 3658 Θεοῦ,
1018 3598 1344 3670 γεννηθέντα
1374 3576 1448 3659 ’ἐκ
1486 3576 1598 3662 τοῦ.
1620 3613 1734 3666 Πα-

147 3667 281 3739 τρὺς
316 3674 577 3745 μονογενῆ
609 3675 705 3748 (6),
739 3682 1035 3751 τουτέστιν,
1076 3690 1140 3742 ἐκ
1293 3695 1483 3762 οὐσίας
1510 3702 1604 3755 τοῦ
1632 3707 1733 3758 ad-

144 3764 285 3865 :06:
479 3771 558 3865 ea
576 3771 733 3837 Θεοῦ,
767 3778 882 3845 φῶς
911 3780 976 3834 ἐκ
1002 3787 1199 3853 φωτὸς,
1231 3788 1364 3845 Θεὸν
1388 3794 1643 3865 ἀληθινὸν
1666 3802 1733 3856 ἐκ

144 3856 287 3910 Θεοῦ
315 3857 592 3931 ἀληθινοῦ,
623 3869 973 3939 γεννηθέντα,
997 3876 1060 3928 ού
1092 3881 1408 3950 ποιηθέντα.
1445 3856 1732 3957 ὁμοούσιον

141 3948 226 4019 τῷ
262 3949 457 4021 Πατρὶ,
487 3954 553 4008 δι’
584 3953 645 4012 οὗ
679 3960 747 4014 τὰ
782 3964 958 4018 πάντα
987 3968 1222 4036 ἐγένετο,
1253 3975 1322 4028 τά
1351 3992 1411 4028 τε
1448 3978 1505 4033 ἐν
1530 3981 1609 4052 τῷ
1636 3984 1728 4036 οὐ-

146 4040 325 4111 ρανῷ,
360 4044 454 4146 καὶ
485 4046 552 4146 ξι
579 4050 669 4146 ιτξι
698 4053 797 4121 τῆς
830 4059 956 4127 γῆς·
997 4060 1087 4113 τὸν
1114 4060 1344 4134 artua;
1365 4070 1491 4134 τοὺς
1518 4040 1728 4146 etiope.

144 4146 307 4236 ποῦς,
346 4137 441 4188 καὶ⁹
476 4137 563 4192 διὰ
595 4140 694 4211 τὴν
728 4145 1001 4217 ἡμετέραν
1046 4157 1338 4226 σωτηρίαν,
1373 4137 1723 4236 κατελθόντα,

144 4223 241 4277 καὶ
275 4229 647 4297 σαρκωθέντα,
686 4234 782 4287 καὶ
805 4223 1597 4324 ἐνανθρωπήσαντα,τπαθόντα,
1627 4223 1725 4315 καί

142 4314 455 4414 ἀναστάντα
480 4323 545 4392 τῇ
575 4324 735 4398 τρίτῃ
768 4327 952 4401 ἡμέρᾳ
976 4347 989 4360 ·
1019 4334 1306 4394 ἀνελθόντα
1351 4345 1432 4409 εις
1470 4314 1599 4414 τοὺς
1630 4314 1727 4406 γοῦν

146 4406 391 4510 ρανούςὲ
419 4411 711 4510 ἐρχόμενον
739 4423 921 4491 κρῖναι
949 4424 1158 4493 ζῶντας
1207 4435 1301 4487 κα)⁸
1326 4406 1594 4510 νειιρούς.-
1612 4445 1724 4499 Καὶ

140 4497 225 4560 είς
253 4498 317 4598 τὸ
346 4501 567 4573 Πνεῦμα
598 4508 657 4561 τὸ
685 4508 861 4579 ἆγιον.
888 4516 1023 4571 »Ἴθι
1047 4519 1110 4591 δὴ
1133 4517 1246 4589 οὖν,
1273 4519 1319 4580 ὧ
1350 4497 1589 4598 γενναῖε,

136 4589 477 4660 τεθείκασιν,
534 4599 673 4665 είπέ,
724 4606 850 4675 περὶ
892 4608 986 4662 τοῦ
1033 4589 1194 4681 Υἰοῦ,
1246 4589 1599 4689 σαριιωθέντα

138 4683 465 4783 [Iv-stipato;
512 4690 666 4783 ἀγίου
717 4698 807 4751 καὶ
852 4700 1071 4773 Μαρίας
1113 4707 1212 4778 τῆς
1250 4683 1556 4783 Παρθένου;
1587 4719 1724 4776 ἀλλά

135 4775 303 4830 τοῦτο
338 4778 442 4882 μὲν
460 4781 747 4851 ὲκδείξειεν
768 4788 835 4845 ἂν
854 4792 1054 4862 ἥκιστά
1072 4775 1319 4871 γεξπλὴν
1338 4775 1517 4861 ἐκεῖνο
1541 4775 1718 4882 ἀθρει.

136 4868 274 4921 Φασὶ
307 4870 436 4941 γὰρ,
469 4874 633 4928 αὐτὸν
660 4878 751 4933 τὸν
792 4883 857 4936 ὲκ
900 4884 1035 4940 Θεοῦ
1064 4868 1383 4960 Λόγονξτὸν
1414 4868 1716 4976 Μονογενῆ,

136 4960 227 5012 τὸν
259 4960 329 5013 ὲκ
364 4963 465 5028 τῆς
509 4967 693 5034 οὐσίας
718 4973 815 5026 τοῦ
848 4976 1080 5047 Πατρὸς,
1109 4982 1201 5036 τὸν
1229 4985 1298 5038 δι’
1327 4983 1387 5043 οὗ
1414 4991 1484 5046 τὰ
1517 4996 1715 5064 πάντα,

136 5048 195 5101 τὸ
225 5050 347 5121 φῶς
381 5053 442 5106 τὺ
474 5055 748 5127 ἀληθινὸν,
776 5069 1128 5141 σαρκωθῆναί
1150 5090 1211 5126 τε
1242 5078 1336 5130 καὶ
1363 5048 1718 5158 ἐνανθρωπῆί

138 5157 265 5205 σαι,
300 5145 492 5201 παθεῖν
534 5167 596 5204 τε
649 5153 744 5207 καὶ
773 5156 1103 5232 ἀναστῆναιι
1147 5169 1240 5221 καὶ
1287 5170 1414 5241 μὴν,
1449 5174 1532 5228 ὅτι
1577 5182 1716 5235 κατά

137 5236 362 5303 καιροὺς
414 5240 673 5313 ἐπανήξει
724 5250 1092 5319 κριτής.’Λλλ’
1126 5256 1212 5310 ἵνα
1402 5236 1525 5328 ταῖς
1574 5273 1717 5340 παρ’

208 5418 252 5451 ⁸³
274 5414 432 5473 Joau.
463 5435 503 5487 ι,
536 5423 622 5480 li.

1843 3235 2083 3322 Symboli
2128 3254 2447 3322 editionem,
2501 3257 2858 3326 inquiramus,
2919 3273 2984 3312 an
3034 3261 3197 3314 etiam
3244 3261 3296 3315 in
3345 3276 3410 3317 ea

1837 3345 2113 3415 quidpiam
2141 3345 2209 3401 ab
2251 3348 2355 3402 hoe
2391 3350 2609 3403 homine
2644 3352 2903 3405 audacter
2924 3353 2994 3405 sit
3044 3352 3356 3410 innovatum
3391 3374 3405 3409 :

1843 3455 1861 3487 ι
1902 3436 2188 3493 Credimus
2223 3439 2274 3492 in
2305 3456 2467 3494 unum
2514 3440 2681 3495 Deum
2716 3441 2928 3496 Patrem
2962 3444 3409 3513 omnipotentem,

1835 3528 2074 3582 omnium
2110 3529 2396 3584 visibilium
2430 3540 2484 3585 et
2525 3533 2870 3588 invisibilium
2918 3534 3174 3591 factorem
3206 3557 3220 3594 :
3253 3548 3308 3594 et
3352 3539 3408 3594 in

1835 3631 1997 3670 unum
2021 3618 2305 3673 Dominum
2334 3620 2516 3676 Jesum
2545 3622 2818 3676 Christum
2848 3622 3040 3677 Filium
3088 3627 3200 3694 Dei,
3224 3638 3409 3682 natum

1834 3724 1899 3763 ex
1919 3710 2082 3766 Patre
2106 3712 2466 3782 unigenitum,
2489 3714 2592 3770 hoc
2612 3722 2793 3780 est,ex
2811 3715 3050 3784 ejusdem
3072 3720 3405 3783 substantia;

1833 3799 2000 3854 Deum
2034 3801 2099 3856 de
2133 3801 2264 3869 Deo,
2302 3803 2483 3859 lumen
2520 3806 2586 3860 de
2629 3806 2852 3873 lumine,
2904 3806 3067 3860 Deum
3104 3824 3289 3863 verum
3339 3810 3408 3865 de

1832 3888 1946 3945 Deo
1990 3908 2136 3959 vero,
2177 3895 2442 3963 genitum,
2475 3913 2580 3951 non
2630 3898 2850 3962 factum,
2887 3898 3404 3956 consubstantialem

1829 3983 1999 4050 Patri,
2032 4001 2126 4053 per
2148 4001 2308 4054 quem
2336 3988 2517 4040 omnia
2567 3987 2703 4040 facta
2747 3996 2892 4052 sunt,
2926 4003 3042 4055 quae
3083 3990 3134 4042 in
3180 3992 3321 4044 coelo
3352 4002 3408 4043 et

1829 4092 1950 4147 qua:
1989 4077 2043 4130 in
2075 4086 2214 4131 terra
2250 4095 2262 4130 :
2296 4078 2386 4146 qui
2422 4086 2642 4145 propter
2683 4094 2784 4131 nos
2824 4077 3069 4133 homines
3098 4087 3149 4131 et
3187 4089 3405 4149 propter

1828 4179 2070 4225 nostram
2125 4168 2353 4223 salutem
2391 4168 2687 4233 descendit,
2740 4180 2795 4222 et
2843 4169 3158 4224 incarnatus
3199 4178 3302 4234 est,
3348 4181 3404 4225 et

1827 4261 1988 4316 homo
2013 4260 2188 4316 factus
2209 4270 2328 4323 est;
2358 4276 2546 4331 passus
2569 4271 2675 4326 est,
2699 4271 2752 4317 et
2783 4263 3077 4316 resurrexit
3100 4265 3257 4317 tertia
3290 4265 3398 4327 die,

1827 4352 2069 4406 ascendit
2115 4352 2165 4405 in
2214 4353 2400 4417 caelos,
2454 4361 2708 4407 venturus
2754 4362 2839 4408 est
2877 4352 3121 4421 judicare
3157 4356 3305 4410 vivos
3348 4368 3402 4410 et

1753 4480 1800 4535 Β
1831 4455 2091 4500 mortuos.
2134 4444 2202 4500 Et
2236 4445 2289 4499 in
2327 4445 2587 4514 Spiritum
2620 4458 2882 4501 sanctum.
2921 4466 2938 4497 ι
2966 4446 3077 4515 Age
3106 4447 3287 4515 igitur,
3319 4448 3401 4501 vir

1827 4537 2062 4604 egregie,
2094 4537 2179 4592 dic
2206 4538 2422 4591 ubinam
2455 4539 2729 4604 posuerint
2757 4539 2821 4591 de
2870 4536 3027 4600 Filio,
3062 4537 3399 4590 incarnatqu

1827 4642 1947 4683 esse
1984 4631 2049 4683 de
2098 4629 2303 4698 Spiritu
2344 4637 2533 4683 sancto
2555 4636 2610 4681 et
2654 4626 2819 4680 Maria
2855 4627 3119 4695 Virgine?
3154 4628 3314 4694 Atqui
3350 4629 3405 4682 id

1825 4721 2111 4775 ostendere
2138 4721 2360 4773 minime
2382 4720 2579 4787 poterit
2598 4735 2612 4772 :
2632 4718 2724 4773 sed
2743 4728 2917 4771 tamen
2945 4718 3071 4771 illud
3092 4720 3399 4774 considera.
3434 4790 3443 4796 Α

1825 4809 2087 4865 Fatentur
2115 4811 2260 4864 enim
2305 4809 2477 4877 ipsum
2527 4806 2619 4862 Dei
2654 4809 2908 4869 Verbum,
2957 4807 3105 4860 illum
3139 4807 3400 4877 vitigeni-

1828 4911 1962 4968 tum,
2007 4902 2155 4956 illum
2187 4917 2254 4956 ex
2301 4901 2600 4955 substantia
2653 4899 2853 4966 Patris,
2897 4899 3055 4954 illum
3102 4915 3197 4967 per
3237 4916 3395 4968 quem

1825 4994 2028 5060 omnia,
2062 4994 2189 5048 illud
2220 4993 2396 5048 lumen
2426 5008 2635 5059 verum,
2668 4991 3010 5047 incarnatqu
3047 5005 3204 5056 esse,.
3231 5000 3287 5045 et
3321 4991 3392 5042 fa-

1825 5095 1972 5141 ctum
2024 5088 2326 5153 hominem,
2361 5095 2414 5141 et
2458 5101 2699 5155 passum,
2734 5094 2790 5138 et
2818 5082 3201 5145 resurrexisse,
3239 5081 3396 5149 quin-

1823 5181 1986 5234 etiam
2016 5196 2115 5235 suo
2145 5188 2389 5249 tempore
2417 5178 2712 5233 rediturum
2738 5176 2997 5247 judicem.
3028 5171 3146 5225 Jam
3188 5186 3314 5225 vero
3340 5183 3397 5222 ιιι

1824 5271 1941 5341 ejus
1972 5271 2152 5326 verbis
2191 5269 2551 5325 certissimam
2584 5282 2826 5323 normam
2867 5261 3187 5333 apponendo
3218 5260 3397 5314 vidca-

1410 5586 1571 5644 ΑΝΤ.
1615 5592 1887 5650 AGELLll
1927 5596 2157 5652 NOTAE.

205 5717 583 5791 (6)_For_tasse
625 5725 758 5782 ordo
808 5730 1057 5789 inversus
1110 5743 1193 5789 est
1250 5747 1303 5791 et

139 5786 365 5861 Πατρός,
414 5789 613 5847 ("ilium
641 5793 735 5851 Dei
765 5786 1104 5873 unigenitum,
1138 5822 1202 5861 ex
1230 5805 1392 5867 Putre
1429 5826 1634 5869 natam.

1359 5744 1700 5803 scribendum

1839 5764 1938 5819 rat,
1997 5756 2118 5809 Υἰὸν
2162 5752 2422 5808 τοῦθεοῦ
2476 5752 2785 5824 μονογενῆ,
2847 5747 3175 5819 γεννηθέντα
3208 5746 3268 5798 ἐκ
3299 5755 3390 5792 του
