3926 6126
481 342 542 398 5|
954 395 958 398 .
1509 341 1570 397 S.
1607 339 1881 397 CYRILLI
1917 338 2385 395 ALEXAND‘RINI
2418 339 2737 397 ARCHIEP.
3663 346 3742 400 52

480 471 603 512 mus
644 464 840 526 quanta
888 457 958 510 sit
1006 455 1060 510 in
1109 455 1214 510 illis
1262 455 1552 526 imperitia,
1607 456 1805 511 asserit
1841 464 2040 524 aperte,

2152 456 2317 510 αὐτοῦ
2362 459 2564 526 φωναῖς
2593 455 2799 526 ἀκριϐῆ
2831 453 2930 526 τὴν
2966 455 3198 526 βάσανον
3237 455 3491 521 ἐνιέντες,
3527 457 3740 529 ἴδωμεν

483 549 658 617 ipsum
708 546 800 600 Dei
836 545 1070 601 Verbum
1119 547 1458 601 incarnatum
1503 561 1624 601 esse
1667 555 1722 602 et
1771 547 2042 601 hominem

487 640 686 694 factum
738 640 856 693 illos
905 640 1102 704 dicere,
1153 647 1209 692 et
1251 653 1436 691 eorum
1471 637 1682 692 veritati
1732 638 2045 706 suffragium

487 733 683 797 ferens,
719 741 968 799 tanquam
1011 731 1379 785 convenientia
1423 731 1662 802 dicentes
1693 739 1870 784 ornat.
1907 731 2046 784 Num

488 825 670 890 igitur,
722 823 1065 890 dic,quaeso,
1105 837 1225 875 cum
1277 823 1614 876 incarnatum
1666 832 1722 876 et
1773 824 2044 876 hominem

488 912 682 965 factum
713 912 880 975 aiunt,
907 912 1049 964 aliud
1081 913 1352 980 quidpiam
1379 914 1699 982 significant.
1737 930 1895 982 quam
1927 930 2047 969 esse

482 1002 772 1054 secundum
811 1017 1026 1054 carnem
1054 1002 1284 1054 natum?
1326 1003 1715 1058 IuCarnatiouis
1764 1006 1906 1058 enim
1959 1007 2047 1060 hic

483 1090 695 1153 modus,
729 1101 781 1144 et
814 1092 1030 1160 quidem
1065 1092 1212 1145 solus
1237 1093 1284 1145 ei
1315 1095 1624 1163 contingere
1650 1105 1841 1161 putest,
1873 1097 1962 1163 qui
1993 1105 2046 1151 et

478 1189 630 1233 extra
660 1196 876 1252 carnem
908 1191 960 1234 et
985 1182 1275 1235 secundum
1325 1199 1474 1236 suam
1508 1195 1750 1238 naturam
1781 1187 2041 1242 subsistit.

482 1269 667 1340 Neque
699 1273 843 1326 enim
890 1288 1106 1326 carnem
1156 1275 1418 1342 quispiam
1457 1275 1652 1328 dixerit
1687 1277 2042 1342 incarnatatn,

483 1375 581 1415 nec
613 1362 897 1430 quisquam
933 1362 984 1416 id
1019 1364 1131 1416 ﬁeri
1170 1372 1346 1434 potest
1375 1366 1514 1433 quod
1558 1376 1670 1419 erat
1707 1383 1721 1419 :
1749 1366 1842 1419 sed
1869 1366 1913 1418 si
1939 1380 2043 1432 qua

481 1453 626 1506 circa
660 1452 830 1520 ipsum
865 1453 1191 1522 intelligatur
1218 1454 1358 1508 facta
1394 1455 1784 1523 dispensatoria
1819 1457 2045 1511 mutatio

482 1545 536 1597 in
572 1543 713 1597 aliud
745 1546 1016 1613 quidpiam
1045 1555 1238 1613 praeter
1264 1547 1314 1600 id
1345 1548 1487 1615 quod
1520 1555 1657 1612 erat,
1691 1555 1800 1600 tum
1830 1548 2043 1601 demum

485 1636 558 1686 ita
585 1635 688 1689 dici
732 1637 1236 1692 convenientissime
1271 1648 1473 1708 posset.
1503 1640 1610 1709 26
1633 1638 1688 1692 Si
1726 1640 1887 1709 igitur
1912 1639 2044 1694 Uni-

483 1726 721 1793 genitum
756 1741 876 1781 esse
920 1730 1254 1782 incarnatum
1309 1730 1492 1784 dicunt
1534 1733 1668 1801 (hoc
1717 1739 1896 1784 autem
1950 1744 2044 1798 per

2149 550 2203 604 τί
2249 549 2311 601 τὺ
2348 549 2537 619 χρῆμα
2587 548 2682 617 τῆς
2732 546 2959 616 ἐνούσης
3007 548 3197 611 αὑταῖς
3247 548 3510 619 ἀμαθίας,
3541 549 3733 604 διαϐε-

2152 637 2398 690 ϐαιοῦται
2443 636 2647 705 σαφῶς,
2685 635 3035 706 σαρκωθῆναί
3079 654 3139 689 τε
3178 636 3274 690 καὶ
3303 637 3736 708 ἐνανθρωπῆσαι

2150 727 2240 780 τδν
2283 729 2346 779 ἐκ
2392 725 2526 778 Θεοῦ
2561 725 2732 792 Λόγον
2761 726 2950 786 αὑταῖς
2996 725 3104 797 [ἵσ.
3141 726 3360 798 αὐτοὺς]
3402 728 3600 792 εἰπεῖν,
3632 728 3732 782 καὶ

2149 820 2270 879 ταῖς
2316 818 2396 880 είς
2448 815 2705 884 ἀλήθειαν
2757 815 2979 884 ψήφοις,
3015 817 3090 879 ὼς
3131 817 3199 870 τὰ
3237 819 3420 870 εἰκότα
3465 818 3729 886 λέγοντας

2153 903 2555 976 στεφανοῖ.τΑρ’
2587 903 2701 967 οὖν,
2733 907 2852 958 είπέ
2887 924 2997 976 μοι,
3035 907 3384 978 σαρκωθῆναί
3425 926 3485 962 τε
3515 910 3611 962 καὶ
3637 910 3729 961 ἐν-

2151 998 2510 1068 ανθρωπῆσαι
2541 998 2811 1066 λέγοντες,
2851 999 3034 1067 ἕτερόν
3061 1016 3114 1050 τι
3143 999 3467 1069 σημαίνουσι
3493 999 3646 1070 παρὰ
3664 999 3730 1052 τὸ

2151 1090 2507 1160 γεγεννῆσθαι
2535 1088 2676 1143 κατὰ
2707 1088 2921 1158 σάρκα;
2955 1089 3290 1158 Σαρκώσεως
3319 1089 3428 1158 γὰρ
3457 1082 3612 1152 οὗτος
3655 1089 3729 1142 ἂν

2151 1181 2376 1248 γένοιτο,
2409 1180 2502 1234 καὶ
2537 1180 2696 1249 μόνος
2743 1181 2771 1232 ὁ
2796 1181 2994 1250 τρόπος
3027 1180 3105 1249 τῷ
3125 1181 3218 1233 καί
3242 1181 3345 1247 ἔξω
3377 1182 3600 1252 σαρκὸς,
3625 1184 3730 1236 καὶ

2151 1272 2292 1325 κατὰ
2316 1272 2474 1340 φύσιν
2499 1271 2633 1323 ἰδίαν
2664 1272 3012 1341 ὑφεστηκότι.
3043 1272 3117 1324 Οὐ
3142 1272 3247 1342 γάρ
3269 1289 3392 1337 που,
3415 1274 3515 1342 τὴν
3541 1273 3726 1342 σάρκα

2151 1361 2548 1431 σεσαρκῶσθαι,
2575 1362 2707 1433 φαίη
2735 1379 2818 1424 τις
2852 1362 2939 1423 ἂν,
2981 1363 3090 1414 οὐδ’
3115 1362 3182 1416 ἂν
3215 1363 3424 1430 γένοιτό
3452 1381 3536 1426 τις
3558 1363 3587 1415 ὃ
3613 1359 3679 1434 ἦν
3703 1379 3724 1393 '

2148 1451 2261 1503 ἀλλ’
2284 1453 2439 1521 εἴπερ
2466 1469 2548 1514 τις
2576 1455 2745 1504 νοοῖτο
2765 1452 2892 1522 περὶ
2916 1452 3076 1506 αὐτὸν
3094 1453 3359 1523 γενομένη
3388 1453 3723 1522 μετάστασις

2148 1543 2460 1612 οἰκονομικὴ
2493 1543 2576 1611 ἐφ’
2611 1542 2794 1612 ἐτερόν
2823 1559 2896 1604 τι,
2931 1545 3061 1612 παρ’
3085 1544 3222 1614 ὅπερ
3255 1544 3355 1596 οὐκ
3381 1539 3448 1614 ἧν
3484 1545 3580 1614 (7),
3603 1543 3719 1612 ἔχοι

2149 1633 2214 1689 ἂν
2243 1636 2271 1686 ὁ
2298 1635 2454 1701 λόγος
2500 1635 2582 1701 ἐφ’
2605 1634 2783 1705 ἐαυτῷ
2815 1633 2878 1702 δὴ
2905 1635 3026 1686 τότε
3057 1634 3189 1688 πολὺ
3219 1635 3281 1687 τὸ
3308 1635 3476 1697 είκός.
3508 1634 3720 1687 Οὐκοῦν

2149 1728 2199 1778 εί
2235 1724 2614 1795 σεσαρκῶσθαί
2653 1743 2784 1794 φασι
2830 1725 2920 1778 τὸν
2962 1726 3262 1796 Μονογενῆ,
3296 1725 3383 1779 διὰ
3411 1727 3720 1797 γεννήσεως

483 1817 752 1870 carnalem
791 1821 1220 1886 generationem,
1252 1821 1354 1875 nisi
1397 1821 1573 1886 fallor,
1609 1837 1705 1876 nec
1741 1822 1848 1876 alio
1887 1823 2040 1874 modo

2148 1817 2418 1887 σαρκικῆς
2447 1816 2620 1886 δρῷτο
2652 1816 2716 1870 ἂν
2747 1816 2855 1888 [ἵσ.
2889 1816 2935 1870 δ’
2960 1815 3070 1888 ἂν],
3104 1816 3278 1887 οἶμαι,
3315 1818 3484 1880 τουτὶ,
3519 1819 3614 1870 καὶ
3652 1817 3722 1870 οὐ

484 1916 657 1974 potest
699 1908 881 1980 ﬁeri),
923 1911 1191 1977 quomodo
1232 1912 1516 1981 quisquam
1565 1912 1778 1965 inﬁtiari
1825 1919 1996 1981 potest
2023 1951 2040 1976 ,

485 1997 605 2052 illos
635 2009 818 2068 aperte
847 1999 1124 2053 confessos
1152 2015 1293 2064 esse,
1327 1999 1493 2053 Deum
1530 2001 1657 2054 illud
1695 1999 1922 2054 Verbum
1957 2016 2042 2054 se-

481 2089 712 2141 cundum
745 2105 961 2142 carnem
993 2105 1110 2144 esse
1152 2092 1380 2143 natum?
1422 2090 1491 2142 At
1533 2091 1675 2144 enim
1722 2106 1826 2143 non
1858 2098 2043 2158 aperte

479 2180 756 2247 generatio
785 2187 866 2234 est
892 2190 1190 2248 nuncupata
1231 2198 1244 2233 :
1275 2181 1365 2235 sed
1409 2190 1586 2234 tamen
1635 2181 1801 2249 ipsius
1835 2183 1909 2235 rei
1943 2198 2042 2235 na-

481 2279 598 2323 tura
636 2285 740 2322 non
782 2271 964 2334 aliam,
1007 2280 1064 2324 ut
1099 2271 1258 2325 modo
1302 2272 1432 2337 dixi,
1473 2272 1614 2324 viam
1660 2273 2043 2327 incarnationis

481 2361 758 2429 agnoscit;
802 2361 1150 2429 quamobrem
1205 2362 1417 2415 etiamsi
1477 2363 1598 2432 quid
1643 2364 1819 2416 minus
1859 2376 2044 2432 aperte

481 2453 690 2505 dicatur
721 2453 773 2506 in
808 2455 894 2506 bis
937 2462 1086 2506 certe
1128 2453 1309 2514 rebus,
1345 2469 1452 2506 non
1495 2466 1774 2523 propterea
1819 2455 1906 2508 illa
1959 2456 2042 2508 via

485 2540 668 2594 relicta
701 2555 820 2607 quae
850 2540 960 2593 sola
1011 2549 1219 2595 naturae
1269 2543 1478 2609 cognita
1524 2553 1625 2608 est,
1665 2545 1730 2596 ad
1767 2544 1924 2598 aliam
1961 2555 2042 2599 est

484 2632 637 2684 nobis
659 2635 1073 2686 transeundum.
1109 2633 1380 2702 Scriptum
1403 2643 1484 2689 est
1510 2636 1650 2688 enim
1685 2637 1735 2688 in
1767 2636 1903 2690 libro
1934 2637 2041 2691 Ge-

487 2738 680 2778 neseos
733 2741 748 2777 :
805 2742 822 2774 ι
855 2723 916 2776 Et
965 2723 1128 2777 Setlio
1156 2734 1309 2778 natus
1347 2732 1429 2779 est
1479 2724 1638 2792 ﬁlius,
1675 2736 1727 2779 et
1759 2728 2044 2796 appellavit

483 2825 674 2865 nomen
711 2811 825 2879 ejus
870 2811 1012 2866 Enos
1055 2813 1118 2866 ⁸⁸.
1153 2831 1172 2864 ι
1209 2812 1342 2866 Num
1391 2814 1550 2882 igitur
1593 2817 1714 2884 quia
1743 2817 2040 2886 Scriptura

482 2903 659 2968 posuit
703 2902 802 2956 hoc
861 2903 1107 2966 verbum,
1152 2903 1320 2958 Natus
1362 2912 1466 2967 cst,
1515 2904 1634 2958 ideo
1683 2907 2043 2972 generationis

482 2994 695 3046 modum
731 3009 833 3046 non
877 2985 1256 3068 adinittemus?
1291 3003 1345 3047 at
1383 2996 1472 3062 qui
1510 2996 1624 3049 ﬁeri
1671 3006 1842 3064 potest
1889 3007 1944 3051 ut
1992 2999 2042 3051 id

481 3099 584 3138 non
616 3084 685 3137 sit
721 3083 1139 3137 stultissimum?
1169 3084 1286 3151 Ipsa
1314 3101 1542 3155 namque
1573 3087 1648 3140 rei
1696 3096 1881 3141 natura
1913 3103 2037 3155 pro-

481 3175 762 3240 pemodum
796 3176 957 3228 etiam
990 3175 1183 3229 invitos
1207 3176 1348 3244 cogit
1387 3185 1442 3229 ut
1469 3177 1615 3230 illum
1661 3187 1812 3246 partu
1839 3179 2038 3232 editum

481 3266 780 3333 intelligere
815 3266 1093 3320 fateamur.
1134 3267 1243 3321 Cur
1284 3269 1445 3339 igitur
1483 3269 1906 3323 incarnationem
1942 3285 2039 3322 au-

481 3357 654 3420 diens,
688 3371 792 3410 non
822 3358 999 3409 statim
1025 3358 1348 3412 intellectum
1377 3363 1739 3429 generationis
1764 3361 2042 3415 admittit?

481 3447 714 3501 Omnino
757 3457 934 3501 autem
969 3449 1368 3505 littmanationis
1401 3455 1616 3505 nomine
1653 3467 2042 3506 commemora-

483 3549 556 3603 ιθ,
588 3553 685 3591 cur
713 3553 818 3592 non
844 3539 1262 3595 illicointellexit
1297 3558 1408 3596 rem
1440 3543 1608 3610 ipsam
1640 3543 2040 3597 humanationis

482 3643 588 3682 non
619 3628 820 3681 homini
858 3631 1009 3697 plane
1043 3632 1352 3694 convenire,
1383 3645 1448 3683 ne
1473 3618 1730 3699 idiipsumf
1761 3632 1900 3699 quod
1925 3640 2042 3684 erat

479 3719 594 3772 fieri
644 3732 708 3771 ac
750 3721 895 3773 nasci
941 3721 1202 3784 videatur,
1243 3722 1334 3776 sed
1373 3713 1641 3775 Verboex
1680 3713 1786 3774 Deo
1820 3721 2042 3788 genito?

481 3808 582 3863 Ubi
617 3819 792 3864 autem
826 3811 1136 3865 humauatio
1159 3828 1283 3868 vere
1317 3811 1481 3865 fuisse
1503 3812 1760 3878 creditur,
1787 3814 1856 3866 ibi
1889 3827 2043 3882 pror-

478 3915 570 3956 sus
602 3911 687 3958 est
717 3905 1012 3972 generatio,
1047 3921 1143 3974 per
1167 3920 1328 3973 quam
1364 3905 1527 3958 homo
1566 3904 1739 3960 factus
1774 3907 2040 3976 intelliga-

479 4006 582 4048 tur.
629 3993 733 4048 Scd
781 4011 883 4049 non
922 3997 1023 4049 isto
1061 3995 1217 4049 modo
1255 3996 1347 4050 tibi
1379 3997 1588 4052 videtur
1622 3999 2037 4070 intelligendum,

475 4101 594 4138 cum
619 4085 788 4155 ipsum
815 4087 904 4140 Dei
931 4085 1164 4141 Verbum
1195 4088 1526 4142 incarnatum
1549 4106 1666 4145 esse
1690 4102 1742 4146 et
1769 4093 2038 4146 hominem

477 4172 673 4231 factum
703 4178 896 4230 dicitur
923 4196 935 4231 :
968 4192 1091 4229 nam
1121 4187 1305 4231 contra
1332 4179 1533 4245 dixisti,
1567 4190 1625 4235 ut
1655 4185 1772 4236 cum
1801 4183 2041 4237 omnium

461 4266 756 4320 'Itomiuum
798 4267 1148 4336 intelligentia
1201 4284 1436 4338 pugnare
1470 4272 1742 4337 nitereris,
1777 4275 2039 4328 humana-

481 4355 677 4410 tionern
714 4371 816 4410 non
848 4356 948 4409 hoc
981 4356 1306 4424 signiﬁcare,
1341 4360 1480 4425 quod
1523 4361 1701 4415 divina
1741 4374 1930 4417 natura
1985 4365 2041 4418 in

473 4461 689 4501 carnem
730 4447 800 4500 sit
832 4455 1057 4510 mutata,
1083 4447 1174 4500 sed
1209 4451 1349 4515 quod
1385 4450 1694 4505 inliabitarit
1721 4454 1770 4506 in
1801 4454 2036 4512 homine.

471 4537 548 4590 Ac
575 4533 716 4603 quod
748 4535 820 4585 ait
851 4533 1041 4586 divina:
1063 4543 1264 4590 naturae
1297 4536 1349 4589 in
1373 4552 1592 4591 carnem
1621 4539 2037 4594 aemulationem

473 4635 526 4678 et
553 4623 933 4692 impoSsibtlem
967 4638 1105 4688 esse,
1141 4633 1195 4679 et
1241 4627 1386 4680 nullo
1422 4628 1578 4682 modo
1621 4628 1695 4682 illi
1730 4631 2038 4696 convenire,

475 4717 526 4769 id
562 4714 863 4768 rectissime
903 4715 1103 4770 dictum
1149 4715 1398 4773 fatemur.
1429 4717 1748 4774 Laudandus
1781 4732 1863 4777 est
1892 4721 2036 4776 enim

472 4821 504 4860 ι
535 4805 687 4858 nobis
714 4804 852 4872 quod
887 4806 938 4859 iu
970 4807 1071 4861 hac
1095 4818 1247 4876 parte
1275 4821 1418 4864 recte
1462 4812 1605 4881 loqui
1647 4813 1898 4867 voluerit.
1936 4811 2039 4866 Fa-

475 4903 592 4946 teor
632 4893 775 4947 enim
821 4911 1037 4953 manere
1080 4899 1222 4954 illam
1268 4902 1666 4968 inconcussam,
1711 4920 1883 4974 neque
1932 4905 2040 4960 ullo

475 4983 634 5038 modo
668 4985 721 5038 iu
763 4986 904 5042 aliud
938 4990 1210 5060 quidpiam
1243 4994 1507 5048 demutari
1547 4995 1816 5050 diversum
1858 4996 1927 5051 ab
1969 5011 2034 5050 eo

471 5076 616 5144 quod
641 5091 760 5132 esse
787 5079 1044 5136 creditur.
1075 5080 1178 5138 Sed
1205 5081 1322 5153 ejus
1344 5086 1506 5142 verba
1535 5087 1688 5158 longe
1719 5087 1786 5141 ab
1813 5102 1879 5144 eo
1901 5087 2042 5157 quod

542 5254 588 5287 "
605 5255 737 5313 Gen.
775 5273 848 5325 tv,
877 5257 970 5315 26.

2146 1906 2266 1960 καθ’
2302 1908 2484 1978 ἕτερον
2517 1907 2738 1978 τρόπον,
2780 1908 2897 1973 πῶς
2937 1911 3036 1962 οὐκ
3085 1908 3288 1977 ἔφασαν
3331 1909 3600 1979 ἐναργῶς,
3631 1909 3723 1962 ὅτι

2143 1999 2463 2068 γεγέννηται
2494 2001 2636 2053 κατὰ
2667 2001 2842 2072 σάρκα
2869 1998 2998 2065 Θεὸς
3029 2000 3103 2054 ὢν
3141 2003 3168 2054 ὁ
3194 2001 3391 2069 Λόγος;
3441 2001 3581 2054 Ἀλλ’
3615 2002 3721 2055 οὐκ

2143 2095 2478 2164 ὠνόμασται,
2510 2095 2693 2165 φησὶν,
2729 2096 2974 2165 ἐναργῶς
3021 2098 3053 2166 ἡ
3095 2095 3379 2163 γέννησις*
3425 2093 3540 2146 ἀλλ’
3572 2095 3609 2162 ἦ
3653 2112 3722 2162 γε

2141 2187 2235 2239 τοῦ
2267 2186 2588 2257 πράγματος
2622 2185 2781 2254 φύσις
2813 2188 2910 2256 οὐχ
2939 2188 3130 2256 ἑτέραν
3157 2181 3289 2246 οἶδε,
3317 2185 3569 2253 καθάπερ
3612 2184 3716 2254 ἥδη

2146 2280 2422 2346 προεῖπον,
2450 2277 2542 2329 τοῦ
2576 2277 2953 2345 σεσαρκῶσθαι
2995 2277 3098 2347 τὴν
3143 2277 3475 2340 ὁδόν.’⁷Ωστε,
3513 2274 3616 2328 κᾶν
3668 2276 3719 2326 εἰ

2148 2368 2221 2437 μή
2255 2383 2308 2418 τι
2330 2366 2539 2434 λέγοιτο
2571 2367 2755 2434 σαφῶς
2777 2367 2833 2418 ἐν
2855 2382 2917 2434 γε
2939 2369 3051 2429 τοῖς
3080 2357 3339 2427 τοιούτοις
3374 2363 3718 2434 πράγμασιν.

2144 2461 2203 2510 ού
2230 2456 2382 2528 παρὰ
2409 2459 2566 2510 τοῦτο
2586 2459 2682 2529 τὴν
2713 2458 2878 2528 μόνην
2903 2461 2969 2528 τῇ
2992 2457 3150 2526 φύσει
3170 2456 3574 2526 διεγνωσμένην
3599 2454 3720 2506 ὁδὸν

2145 2545 2580 2607 ἀπολελοιπότες,
2609 2546 2690 2613 ἐφτ
2717 2546 2907 2613 ἑτέραν
2933 2545 3152 2614 ἥξομεν.
3177 2544 3492 2613 Γέγραπται
3521 2543 3630 2612 γὰρ
3659 2542 3724 2593 ἐν

2143 2636 2220 2707 τῷ
2249 2637 2346 2707 τῆς
2378 2637 2649 2699 Γενέσεως
2685 2635 2872 2705 βιϐλίῳ
2893 2652 2905 2666 ο
2943 2655 2959 2686 ι
2989 2635 3096 2688 Καὶ
3116 2634 3194 2704 τῷ
3217 2635 3320 2703 Σὴθ
3344 2633 3560 2700 ἐγένετο
3580 2632 3720 2697 υίὸς,

2144 2728 2236 2780 καὶ
2287 2726 2608 2795 ἐπωνόμασε
2658 2725 2718 2778 τὸ
2765 2725 2934 2794 ὄνομα
2986 2725 3150 2778 αὑτοῦ
3194 2723 3381 2787 Ἐνώς,
3411 2720 3563 2790 »Ἆρ’
3595 2719 3720 2787 οὖν,

2144 2817 2439 2887 ἐπειδήπερ
2482 2819 2513 2887 ἠ
2556 2817 2743 2887 Γραφὴ
2791 2809 3001 2869 τέθεικε
3045 2815 3124 2879 τὸ,
3167 2809 3434 2883 Ἐγένετο,
3477 2814 3567 2866 τὸν
3616 2812 3720 2881 τῆς

2144 2908 2448 2975 γεννήσεως
2477 2906 2671 2976 τρόπον
2702 2906 2762 2958 οὐ
2795 2905 3241 2975 παραδεξόμεθα;
3275 2899 3394 2957 εἶτα
3418 2903 3535 2965 πῶς
3557 2901 3723 2954 τοῦτο

2143 2996 2241 3048 οὐκ
2271 2995 2513 3064 ἀμαθές;
2541 2995 2686 3064 Αὐτὴ
2712 2995 2818 3066 γὰρ
2841 2997 2989 3065 ἡμᾶς
3024 2997 3056 3065 ή
3084 2995 3174 3048 τοῦ
3210 2996 3528 3064 πράγματος
3554 2991 3722 3060 φύσις

2148 3083 2430 3154 μονονουχὶ⁸
2473 3084 2566 3136 καὶ
2611 3085 2707 3153 ούχ
2743 3085 2966 3147 ἑκόντας
2995 3084 3307 3136 ἐκϐιάσεται
3344 3083 3480 3152 πρὸς
3519 3080 3720 3150 ὁμολο-

2147 3177 2270 3242 γίαν
2299 3175 2397 3245 τὴν
2431 3175 2524 3227 τοῦ
2554 3174 2805 3244 τετέχθαι
2843 3178 2981 3228 νοεῖν
3008 3175 3189 3229 αὐτόν.
3220 3174 3346 3236 Πῶς
3375 3169 3467 3226 οὖν
3503 3171 3720 3225 ἁκούων

2145 3267 2242 3334 τὴν
2277 3266 2569 3335 σάρκωσιν,
2596 3266 2655 3318 οὐ
2701 3266 2800 3328 τὰς
2840 3265 2990 3336 παρὰ
3035 3267 3135 3336 τῆς
3171 3266 3477 3335 γεννήσεως
3510 3263 3717 3324 ἐννοίας

2147 3358 2441 3427 εἰσδέχεται
2471 3357 2848 3427 παραχρῆμα;
2895 3357 3296 3427 Ὠνομασμένης
3325 3356 3381 3410 δέ
3401 3356 3537 3417 ὅλως
3565 3356 3716 3407 ἐναν-

2147 3447 2502 3518 θρωπήσεως,
2537 3447 2655 3510 πῶς
2685 3449 2746 3500 ού
2779 3445 3011 3516 συνῆκεν
3037 3447 3212 3510 εὐθὺς,
3243 3446 3318 3509 ὡς
3349 3446 3411 3498 τὸ
3439 3444 3539 3514 τῆς
3566 3445 3717 3495 ἐναν-

2093 3551 2097 3559 ’
2147 3539 2478 3609 θρωπήσεως
2513 3542 2698 3610 χρῆμα
2734 3539 2929 3609 πρέποι
2960 3539 3026 3593 ἂν
3055 3539 3154 3592 οὐκ
3190 3537 3461 3608 ἀνθρώπῳ
3493 3536 3713 3606 μᾶλλον,

2149 3630 2233 3682 ἵνα
2259 3629 2331 3699 μὴ
2359 3630 2489 3682 αὐτό
2503 3647 2555 3681 τι
2575 3629 2816 3696 φαίνοιτο
2839 3631 3058 3699 γεγονὸς
3082 3630 3110 3682 δ
3133 3625 3221 3699 ἦν,
3240 3628 3374 3681 ἀλλὰ
3396 3628 3474 3696 τῷ
3495 3628 3560 3679 ἐκ
3581 3626 3722 3678 Θεοῦ

2147 3720 2304 3787 φύντι
2334 3721 2527 3790 Λόγῳ;
2562 3713 2636 3773 Οὗ
2664 3720 2707 3773 δ’
2729 3721 2850 3791 ἂνή
2880 3719 3287 3792 ἐνανθρώπησις
3321 3716 3534 3789 ἀληθῶς
3563 3715 3717 3786 γενέ·
3805 3712 3811 3718 ⁷

2149 3812 2274 3866 σθαι
2305 3812 2647 3881 πιστεύηται,
2674 3814 2790 3865 ἐκεῖ
2820 3830 2921 3864 που
2945 3812 3161 3874 πάντως
3191 3811 3223 3880 ἡ
3253 3809 3527 3882 γέννησις,
3559 3809 3627 3862 δι’
3647 3804 3721 3880 ἧς

2149 3900 2212 3954 ἂν
2267 3900 2439 3970 ὁρῷτο
2483 3901 2773 3969 γενόμενος
2809 3900 3113 3970 ἄνθρωπος.
3132 3898 3269 3951 Ἀλλ’
3299 3899 3399 3951 ούκ
3448 3897 3580 3950 αὑτό
3632 3914 3722 3950 σοι

2146 3992 2290 4045 δοκεῖ
2334 3993 2475 4045 κατὰ
2519 3991 2704 4046 τοῦτον
2751 3992 2943 4062 χρῆναι
2986 3991 3220 4058 νοεῖσθαι
3265 3991 3356 4043 τδν
3404 3989 3606 4061 τρόπον
3654 3989 3718 4041 τὸ

2149 4083 2495 4154 σαρκωθῆναί
2525 4102 2584 4136 τε
2613 4084 2706 4137 καὶ
2731 4083 3150 4153 ἐνανθρωπῆσαι
3197 4081 3456 4150 λέγεσθαι
3497 4083 3590 4134 τὸν
3622 4078 3716 4132 τοῦ

2147 4175 2283 4227 Θεοῦ
2314 4175 2484 4242 Λόγον
2505 4191 2519 4207 ο
2550 4174 2685 4244 ἔφης
2715 4178 2821 4245 γὰρ
2851 4174 3030 4238 πάλιν,
3055 4176 3173 4237 ταῖς
3201 4173 3454 4226 ἁπάντων
3483 4172 3717 4234 ἐννοίαις

2147 4265 2420 4334 ἀνταίρειν
2467 4264 2777 4335 ἐπιχειρῶν,
2822 4265 3108 4334 σημαίνειν
3141 4264 3239 4333 τὴν
3281 4261 3716 4332 ἐνανθρὼπησιν,

2147 4358 2208 4410 οὐ
2238 4356 2335 4426 τὴν
2370 4358 2449 4418 είς
2483 4357 2660 4425 σάρκα
2695 4351 2994 4425 μεταϐολὴν
3019 4359 3115 4426 τῆς
3142 4355 3291 4418 θείας
3318 4353 3552 4423 φύσεως,
3580 4352 3716 4405 ἀλλὰ

2147 4449 2245 4518 τὴν
2296 4448 2567 4516 ἐνοίκησιν
2605 4446 2705 4515 τὴν
2747 4447 2826 4508 είς
2871 4445 3174 4516 ἄνθρωπον.
3205 4445 3314 4513 Τὴν
3362 4443 3460 4512 μέν
3493 4439 3588 4494 οὖν
3619 4441 3717 4509 τῆς

2143 4539 2292 4600 θείας
2323 4537 2537 4606 φύσεως
2585 4537 2663 4598 εἰς
2709 4536 2886 4606 σάρκα
2920 4536 3278 4606 παρατροπὴν
3320 4532 3614 4600 ἀνέφικτόν
3654 4547 3715 4584 τε

2141 4625 2279 4682 εἷναι
2331 4627 2482 4698 φησι,
2513 4627 2606 4679 καὶ
2635 4628 2751 4680 κατ’
2780 4626 2965 4680 οὐδένα
2994 4627 3191 4698 τρόπον
3216 4625 3353 4694 αὐτῇ
3385 4623 3720 4693 συμϐαίνου-

2143 4738 2241 4775 σαν
2266 4736 2280 4750 ⁸
2308 4720 2400 4772 καὶ
2437 4718 2580 4788 μάλα
2627 4717 2800 4787 ὀρθῶς
2823 4735 2837 4748 ο
2873 4718 3230 4786 ἐπαινέσομεν
3260 4717 3368 4785 γάρ
3416 4717 3474 4767 ἐν
3504 4714 3716 4776 τούτοις

2141 4815 2484 4883 ἀριστοεπείν
2525 4811 2822 4882 ᾑρημένον.
2857 4810 3003 4880 Φημὶ
3029 4808 3137 4877 γὰρ
3163 4807 3498 4878 ἁκράδαντον
3537 4806 3717 4874 ὑπάρ-

2143 4923 2258 4975 χειν
2285 4906 2475 4975 αύτὴν,
2506 4905 2599 4958 καὶ
2631 4904 2706 4967 ὡς
2738 4905 2837 4956 οὐκ
2868 4903 2933 4956 ἂν
2976 4901 3256 4973 μεταθεῖτο
3283 4899 3420 4970 πρὸς
3445 4899 3633 4968 ἕτερόν
3663 4911 3720 4949 τι

2142 4999 2270 5068 παρ’
2304 4999 2438 5068 ὅπερ
2468 4993 2606 5049 εἶναι
2639 4995 2992 5048 πεπίστευται
3011 5009 3023 5022 ⁸
3053 4990 3393 5062 διημάρτηκε
3423 4988 3478 5040 δὲ
3505 4988 3588 5039 ὅτι
3621 4983 3716 5038 τοῦ

2149 5088 2450 5158 πρέποντος
2476 5104 2535 5140 τε
2569 5086 2661 5140 καὶ
2701 5083 2930 5154 ἀληθοῦς
2958 5084 2986 5135 ὁ
3021 5083 3175 5151 λόγος
3203 5078 3372 5150 αὐτῷ,
3406 5077 3506 5148 τὴν
3555 5079 3716 5130 ἐνανσ-

1753 5419 1911 5474 ΑΝΤ.
1954 5420 2225 5476 AGELLll
2262 5420 2491 5479 ΝΟΤίΕ.

542 5550 618 5641 (ἡ
675 5570 986 5648 Legendurn
1021 5572 1233 5626 videtur
1281 5582 1374 5648 aut
1419 5574 1537 5630 sine
1589 5576 1743 5648 παρ’,
1776 5583 1869 5648 aut
1918 5576 2035 5648 sine

469 5641 588 5701 οὐκ,
628 5651 686 5695 ut
719 5644 986 5696 sententia
1031 5652 1259 5696 constet.
1313 5642 1402 5697 Sic
1455 5655 1635 5698 autem
1675 5641 1837 5711 Ἰοαυί
1897 5646 2034 5698 δοιμι

473 5719 680 5779 auctor,
715 5719 772 5766 ut
795 5712 953 5780 paulo
984 5721 1124 5781 post,
1149 5711 1250 5764 οὒκ
1274 5711 1337 5768 ἂν
1370 5713 1650 5782 μεταθεῖτο
1685 5715 1818 5784 πρὸς
1844 5714 2032 5782 ἕτερόν

2139 5594 2190 5628 τι
2226 5577 2355 5646 παρ’
2382 5577 2515 5645 ὅπερ
2565 5571 2702 5629 εἶναι
2747 5576 3123 5646 πεπίστευται.
3177 5575 3241 5633 Et
3287 5573 3454 5645 infra,
3504 5572 3720 5646 τροπὴν

2141 5643 2437 5718 ὑπομείνας
2460 5643 2558 5718 τὴν
2581 5649 2656 5712 εἰς
2687 5648 2825 5716 ὅπερ
2851 5647 2946 5700 οὐκ
2973 5643 3057 5718 ἦν.
