3926 6126
203 359 275 415 ss
428 317 436 324 ’
1343 363 1715 423 Αογειιευε
1751 364 1772 419 ι

1873 365 2153 424 ΒΤΟΒΙυΜ
2186 367 2316 427 LlB'.
2350 368 2398 430 Ι.
3380 383 3451 440 84

204 471 498 547 θρὼπησιν
542 474 680 531 εἶναι
714 476 1179 554 διαϐεϐαιουμένῳ
1222 480 1323 555 τὴν
1374 485 1454 548 είς
1500 484 1772 557 ἄνθρωποι

1888 487 2096 555 deceat,
2143 498 2198 545 et
2236 489 2305 545 ab
2337 489 2453 560 ipsa
2494 490 2723 550 veritate
2762 494 3063 563 aberrasse,
3110 498 3163 553 In
3204 512 3268 556 eo
3309 505 3451 570 quod

203 564 501 636 ἐνοίκησιν,
518 568 826 634 καταδεῖξαι
848 572 1202 643 πειράσομαι.
1223 574 1285 629 Ei
1309 576 1409 647 μὲν
1428 578 1537 649 γὰρ
1558 578 1644 648 ἐφ’
1665 578 1785 641 ἐνός

1885 578 2325 635 humanationem
2360 580 2501 637 idem
2533 597 2654 639 esse
2685 594 2846 657 atque
2893 586 2945 642 in
2992 586 3211 643 homine
3241 591 3451 647 inhabi-

202 671 265 707 τε
293 657 388 709 καὶ
424 658 585 728 μόνου
609 659 702 713 τοῦ
739 661 1086 735 Ἐμμανουὴλ
1118 666 1315 738 ἀληθὲς
1342 664 1565 723 εἶναιτὸ
1597 669 1772 741 χρῆμά

1886 670 2145 725 tationem
2169 670 2422 742 afﬁrmat,
2444 676 2683 731 conabor
2708 680 3015 734 ostendere.
3038 678 3171 734 Nam
3196 683 3238 736 si
3262 682 3312 735 in
3343 698 3450 737 uno

206 764 361 816 φησι,
402 749 697 805 διδασκέτω
738 755 837 826 τὴν
886 757 1099 811 αἰτίαν·
1136 759 1328 830 μαθεῖν
1369 761 1478 832 γὰρ
1512 763 1612 817 οὐκ
1638 763 1778 842 Exta;

1882 771 1936 817 et
1961 764 2077 818 solo
2108 764 2458 820 Emmanuele
2484 768 2538 821 id
2579 782 2764 822 verum
2801 785 2920 825 esse
2962 773 3182 834 asserit,
3210 772 3325 839 ejus
3371 774 3447 827 rei

206 839 372 933 ξιγουν
403 843 624 913 ὁριστὴν
654 845 838 908 αὑτὸν,
871 848 965 900 καὶ
999 849 1316 922 νομοθέτην,
1339 846 1415 905 ὧν
1444 853 1509 906 ἂν
1542 839 1772 923 βούλοιτ(

1878 868 2102 909 causam
2127 861 2351 923 doceat;
2384 871 2556 926 neque
2584 860 2729 914 enim
2758 861 2901 914 illam
2936 862 3233 933 intelligere
3263 879 3401 933 queo
3432 882 3445 919 :

206 922 385 992 λέγειν
412 929 862 996 ἀκατασκέπτως,
885 936 1173 1006 ἀνάσχοιτο
1197 939 1263 993 ἂν
1294 941 1489 1005 οὐδείς.
1508 922 1650 996 Ἀλλ’
1684 943 1783 997 οὐκ

208 1013 298 1104 ἐφ’
319 1016 437 1080 ἐνὸς
474 1019 575 1088 μὲν
611 1021 924 1094 ἴσωςήτῶν
957 1026 1281 1097 όρισθέντων
1316 1032 1494 1103 διήκει
1516 1033 1778 1104 δύναμιςο

209 1103 271 1156 οὒ
289 1104 701 1179 διαϐεϐλήσεται
728 1113 847 1182 μὲν,
881 1115 984 1170 κᾶν
1006 1119 1055 1170 εἰ
1078 1120 1219 1173 κατά
1241 1121 1461 1175 πάντων
1483 1122 1570 1193 εἴη
1596 1103 1778 1193 τυχόν.

209 1193 418 1248 Οὐκοῦν
443 1199 541 1269 οὐχ
573 1200 741 1265 ἅπαξ,
776 1203 911 1258 ἀλλά
945 1207 1284 1272 πλειστάκις,
1317 1211 1781 1283 ἐνηνθρωπηκότα

207 1283 341 1338 Θεὸν
381 1288 717 1361 εὐρήσομεν’
760 1296 856 1348 καὶ
888 1294 950 1349 οῦ
980 1297 1034 1350 τί
1075 1315 1178 1352 που
1215 1300 1373 1371 μόνον
1413 1301 1506 1355 τὸν
1549 1305 1614 1357 ἐκ
1642 1303 1777 1357 Θεοῦ

208 1374 419 1447 Πατρὸς
440 1380 634 1448 Λόγον,
667 1383 967 1456 προσθείην
990 1388 1034 1440 δ’
1070 1387 1136 1443 ἂν
1166 1388 1337 1460 ἔγωγε
1374 1393 1469 1446 καὶ
1502 1393 1666 1446 αὐτὸν
1685 1394 1778 1447 τὸν

207 1466 449 1539 Πατέρα,
475 1473 571 1525 καὶ
604 1476 828 1544 προσέτι
856 1477 917 1531 τὸ
947 1479 1169 1550 Πνεῦμα
1191 1480 1253 1535 τδ
1289 1483 1463 1551 ἅγιον.
1497 1485 1640 1553 Ἔφη
1677 1485 1777 1555 μὲν

204 1558 339 1628 γὰρ,
356 1559 425 1612 δι’
444 1562 562 1625 ἐνὸς
583 1563 693 1617 τῶν
711 1565 884 1633 ἁγίων
910 1570 1219 1641 προφητῶν,
1245 1575 1497 1644 περὶτῶν
1517 1577 1574 1628 ἐν
1595 1577 1776 1631 πίστει

201 1647 661 1722 δεδικαιωμένων,
688 1656 769 1709 ὅτι
802 1676 820 1709 ι
852 1657 1150 1733 Ἐνοικήσω
1203 1665 1261 1716 ἐν
1293 1665 1496 1733 αὐτοῖς,
1537 1668 1633 1722 καὶ
1676 1672 1776 1740 ἐμ-

202 1748 584 1833 περιπατήσω,
616 1752 708 1804 καὶ
732 1751 924 1824 ἔσομαι
947 1757 1125 1810 αὐτῶν
1149 1757 1301 1824 Θεὸς,
1332 1762 1424 1814 καὶ
1451 1763 1604 1816 αὐτοὶ
1626 1763 1774 1819 ἔσον-

199 1835 296 1888 ταί
324 1854 428 1906 μου
462 1838 605 1902 λαός.
647 1860 665 1893 ι
691 1843 837 1911 Ἔφη
868 1843 926 1897 δὲ
949 1847 1043 1899 καὶ
1072 1847 1235 1912 αὐτὸς
1262 1852 1288 1904 6
1325 1852 1588 1922 Χριστόςο
1615 1874 1634 1905 ι
1659 1855 1770 1907 Καὶ
1798 1837 1845 1898 Β

200 1926 296 1980 ἐάν
329 1927 413 1991 τίς
457 1947 560 1999 μου
600 1931 832 2003 ἀκούσῃ,
866 1935 1199 2007 ἐλευσόμεθα
1238 1938 1349 2008 ἐγὼ
1393 1943 1487 1995 καὶ
1513 1945 1541 1996 6
1582 1944 1773 2015 Πατήρ

200 2033 331 2088 μου,
361 2021 456 2072 καλ⁵
488 2021 653 2092 μονὴν
684 2025 814 2096 παρ’
838 2025 987 2096 αὐτῷ
1019 2030 1376 2100 ποιησόμεθα,
1408 2035 1503 2086 καλ⁵
1528 2035 1586 2089 ἐν
1625 2035 1773 2107 αὐτῷ

198 2108 637 2181 καταλύσομεν.)
654 2114 910 2186 Γέγραφε
934 2118 991 2170 δέ
1011 2137 1111 2172 που
1137 2123 1231 2175 καὶ
1252 2125 1281 2176 ό
1310 2124 1616 2193 σοφώτατος
1636 2129 1774 2182 Παῦ-

196 2196 313 2288 λος
340 2222 354 2247 ι
383 2201 491 2253 Καὶ
520 2203 724 2274 Μωσῆς
754 2206 855 2276 μὲν
891 2210 1079 2274 πιστὸς
1110 2212 1169 2264 ἐν
1196 2214 1303 2284 ὅλῳ
1331 2215 1409 2286 τῷ
1429 2218 1563 2288 οἴκῳ
1586 2218 1770 2285 αὐτοῦ,

198 2286 277 2380 tia;
322 2289 597 2360 θεράπων,
649 2298 731 2359 είς
770 2300 1073 2370 μαρτύριον
1119 2304 1226 2357 τῶν
1276 2286 1770 2380 λαληθησομένων·

198 2379 430 2450 Χριστὸς
456 2383 511 2436 δὲ
548 2385 624 2449 ὡς
657 2386 805 2452 Υἱὸς,
845 2392 939 2445 ἐπὶ
985 2394 1076 2446 τὸν
1115 2390 1265 2450 οἷκον
1305 2399 1506 2465 αὐτοῦ,
1534 2379 1596 2453 οὗ
1624 2397 1773 2466 οἶκός

199 2467 370 2538 ἐσμεν
402 2473 579 2541 ἡμεῖς.
608 2495 628 2527 ι
658 2477 766 2530 Καὶ
803 2479 910 2549 μὴν
935 2484 1032 2535 καὶ
1065 2486 1193 2556 περὶ
1214 2486 1307 2540 τοῦ
1336 2489 1490 2558 ἁγίου
1515 2492 1772 2562 Πνεῦμα-

197 2575 321 2622 τος’
352 2580 370 2612 ι
394 2563 506 2616 Οὐκ
539 2566 716 2622 οἴδατε
756 2570 839 2625 ὅτι
883 2574 1010 2637 ναὸς
1032 2575 1170 2629 Θεοῦ
1204 2579 1351 2645 ἐστε,
1381 2581 1477 2633 καὶ
1514 2582 1574 2634 τὸ
1597 2583 1774 2636 Πνεῦο

200 2666 281 2718 μα
310 2651 411 2744 τοῦ
436 2653 574 2709 Θεοῦ
600 2659 741 2712 οἰκεῖ
774 2664 833 2715 ἐν
867 2664 1024 2733 ὑμῖν;
1056 2686 1073 2716 ι
1098 2668 1309 2723 Οὐκοῦν
1342 2673 1392 2724 ει
1413 2672 1472 2725 τὸ
1494 2674 1773 2744 ἐνοικῆσαί

196 2754 314 2829 τισι
358 2739 619 2810 λέγεσθαι
659 2750 876 2803 καὶτὸν
905 2753 1014 2806 τῶν
1041 2756 1179 2809 ὅλων
1219 2759 1370 2824 Θεὸν,
1410 2762 1566 2816 τοῦτό
1598 2739 1768 2829 ἐστιν,

197 2827 232 2920 ᾖ
274 2829 716 2920 ἐνανθρώπησις,
767 2840 938 2911 ἤγουν
980 2844 1012 2915 ἠ
1049 2845 1357 2917 σάρκωσις,
1400 2849 1642 2920 λεγέσθω
1677 2827 1779 2908 καλι

196 2918 285 2988 ἐφ’
313 2920 546 3010 ἐκάστου
576 2927 686 2981 τῶν
726 2930 826 3000 τῆς
858 2932 1005 2998 θείας
1038 2936 1252 3004 φύσεως
1294 2918 1594 3010 γεγονότων
1650 2929 1768 2999 xar-

196 3009 407 3077 νωνῶν,
439 3016 533 3068 καὶ
564 3016 670 3088 μὴν
696 3020 791 3073 καὶ
817 3021 1025 3077 ἐνοικον
1046 3020 1359 3098 ἐσχηκότων
1376 3009 1571 3099 αὑτὸν,
1603 3036 1688 3088 ὅτι
1709 3052 1769 3089 τε

198 3103 291 3218 ζει
306 3105 728 3218 1ἐνηνθρὼϊῗησε,
760 3115 858 3218 καί
878 3117 1014 3187 πρός
1036 3136 1095 3218 τε
1136 3121 1311 3218 τοῦτο)
1334 3126 1416 3190 τὸ,
1447 3128 1760 3202 ἐσαρκώθη.
1791 3159 1834 3218 c

197 3188 272 3293 Oi)
301 3196 364 3266 δὴ
409 3202 723 3293 γεγονότος,
774 3208 870 3261 καὶ
918 3188 1352 3284 παραδεχθέντος
1397 3188 1473 3280 ὧς
1506 3188 1764 3293 ἀληθοῦς,

199 3285 517 3383 ἓλειστάκις
547 3293 652 3348 κᾶν
685 3296 897 3367 λέγοιτο
924 3307 1249 3377 γεγενῆσθαι
1298 3311 1434 3383 σὰρξ
1467 3316 1496 3368 6
1530 3285 1607 3369 ἐκ.
1627 3285 1765 3373 Θεοῦ

198 3376 411 3471 [ἰατρὸς
444 3383 615 3452 Λόγος
633 3401 648 3416 ⁸
680 3388 879 3443 ἐνοικεῖ
899 3392 954 3447 δὲ
983 3395 1079 3449 καὶ
1105 3376 1185 3461 είς
1213 3376 1382 3471 δεῦρο’
1412 3376 1629 3467 σιτολλΟἶς
1653 3408 1765 3462 τῶν

198 3466 722 3571 σεόομένωνιαύτόν.
768 3481 928 3536 Ἀλλά
958 3486 1067 3549 ναὶ,
1097 3489 1252 3559 φησι,
1284 3466 1595 3563 γέγραπται
1615 3466 1768 3571 γπερὶ

195 3555 292 3663 τρῦ
330 3557 675 3663 ΘεοιῦΑΛόγου
694 3609 710 3634 ,
742 3569 825 3623 ὅτι
863 3589 882 3624 ι
918 3555 1259 3646 Ἐσκήνωνσεν
1292 3555 1534 3655 ἐνἠμτν.
1565 3605 1585 3638 ι
1616 3555 1763 3663 Ἐςέη

193 3645 254 3750 δὲ
299 3650 392 3750 καὶ
417 3653 445 3704 ὁ
472 3651 757 3724 θεσπέσιος
804 3662 1013 3729 Παῦλος
1052 3645 1179 3740 ἰτερὶ
1202 3670 1296 3724 τοῦ
1345 3645 1563 3731 πάντων
1603 3645 1765 3750 miti»;

195 3738 448 3837 Σωτῆρος
475 3744 713 3837 Χριστοῦ
737 3789 751 3814 ,
782 3752 864 3806 ὅτι
897 3772 916 3806 ι
946 3757 1035 3811 Ἐν
1058 3738 1207 3831 αὐτῷ
1237 3762 1525 3837 κατῴκησε
1702 3771 1767 3825 τὸ

195 3826 590 3930 ττλήρωμαλτῆς
617 3836 871 3910 θεότητος
902 3826 1251 3915 σωματικῶς.
1278 3871 1296 3904 ι
1326 3826 1637 3929 ’ἐσκήνωσε
1667 3863 1767 3930 μὲν

192 3923 257 4019 ἐν
295 3923 429 4019 ἡμῖν
461 3927 946 4019 λόμολογουμένως·
996 3940 1310 4012 γέγραπται
1359 3923 1631 4019 γὰρ’ὡδί·
1667 3923 1766 4009 καὶ

194 4011 308 4083 μὴν
334 4014 429 4067 καὶ
454 4017 534 4071 ὅτι
554 4021 891 4095 κατῴκηκεν,
915 4030 1016 4084 οὐκ
1036 4033 1393 4106 ἀντιτάξομαι
1413 4039 1622 4108 λέγοντί
1648 4062 1730 4099 σοι
1747 4063 1763 4079 ο

191 4103 463 4202 βούλομαι
488 4110 546 4163 δὲ
577 4114 776 4181 μᾶλλον
796 4119 894 4183 τὰς
916 4120 1023 4175 τῶν
1051 4103 1330 4197 θεηγόρων
1353 4130 1429 4198 (9)
1453 4103 1765 4202 βασανίζειν

1881 946 2082 1015 alioqui
2140 957 2288 1001 certe
2336 949 2479 1002 hunc
2530 949 2867 1007 deiiuitorem
2926 968 2989 1008 ac
3042 953 3446 1023 legumlatorem

1881 1051 2066 1093 eorum
2096 1053 2216 1108 quae
2250 1047 2454 1094 temere
2477 1040 2657 1094 direre
2687 1042 2928 1107 libuerit,
2959 1059 3118 1098 nemo
3148 1044 3304 1097 ferat.
3342 1044 3447 1098 Sed

1881 1145 1987 1185 non
2020 1130 2086 1184 ad
2120 1146 2284 1184 unum
2337 1129 2664 1187 deﬁnitionis
2704 1132 2863 1201 hujus
2901 1135 2983 1187 vis
3028 1133 3302 1202 pertingit,
3342 1133 3448 1203 27

1880 1235 2057 1291 neque
2091 1221 2196 1274 ulla
2229 1223 2332 1276 erit
2353 1221 2574 1288 invidia,
2611 1222 2823 1277 etiamsi
2855 1224 3104 1277 omnibus
3126 1224 3291 1289 insit;
3322 1238 3448 1292 ergo

1879 1327 1987 1366 non
2023 1312 2325 1376 semel,sed
2347 1314 2546 1380 saepius
2569 1313 2734 1367 Deum
2764 1313 2964 1368 factum
2998 1314 3267 1368 hominem
3300 1315 3449 1368 inve-

1879 1401 2110 1468 niemus,
2163 1419 2337 1473 neque
2368 1406 2541 1458 solum
2593 1404 2722 1458 illud
2757 1420 2823 1459 ex
2858 1404 2965 1459 Deo
2996 1405 3153 1459 Patre
3194 1403 3444 1470 Verbum,

1877 1494 1972 1548 sed
2015 1492 2264 1561 adjiciam
2312 1510 2412 1564 ego
2463 1504 2609 1550 certe
2656 1496 2816 1550 etiam
2873 1497 3044 1565 ipsum
3100 1495 3335 1563 Patrem,
3384 1512 3449 1551 ac

1877 1595 2137 1655 praeterea
2173 1583 2434 1653 Spiritum
2478 1596 2745 1640 sanctum.
2783 1586 2928 1641 Dixit
2959 1588 3101 1642 enim
3144 1603 3241 1657 per
3261 1602 3448 1658 quem—

1877 1676 1999 1730 dam
2026 1690 2057 1730 e
2085 1676 2285 1732 sanctis
2315 1677 2612 1746 prophetis,
2642 1677 2706 1732 de
2733 1678 3039 1732 hominibus
3065 1693 3159 1747 per
3182 1676 3447 1745 lldomju-

1877 1765 2123 1822 stiiicatis
2162 1785 2174 1821 :
2212 1785 2230 1819 ι
2261 1767 2576 1823 lnbabitabo
2620 1769 2674 1822 in
2714 1769 2867 1838 ipsis,
2896 1779 2951 1825 et
2993 1768 3356 1831 inambulabo,
3393 1778 3449 1823 et

1872 1872 1969 1912 ero
1997 1857 2235 1927 ipsorum
2286 1860 2448 1922 Deus,
2481 1868 2535 1914 et
2562 1859 2660 1929 ipsi
2711 1868 2870 1914 erunt
2902 1860 3031 1915 mihi
3066 1862 3292 1929 populus
3322 1861 3388 1915 ".
3421 1881 3440 1913 ι

1872 1947 2019 2002 Dixit
2049 1949 2210 2003 etiam
2246 1948 2359 2018 ipse
2384 1949 2670 2006 Christus:
2702 1970 2719 2003 ι
2746 1952 2812 2005 Ει
2848 1953 2891 2007 si
2923 1954 3044 2023 quis
3078 1970 3161 2008 me
3191 1954 3442 2017 audierit,

1872 2036 2152 2093 vétiietnus
2185 2054 2286 2109 ego
2320 2050 2373 2095 et
2419 2039 2581 2094 Pater
2624 2057 2797 2105 meus,
2839 2053 2893 2097 et
2931 2046 3261 2098 mansionem
3303 2039 3442 2113 apud

1873 2142 1995 2183 eum
2043 2129 2323 2193 faciemus,
2369 2140 2424 2185 et
2471 2132 2523 2186 in
2572 2132 2690 2200 ipso
2742 2133 3140 2189 diversabiumr
3191 2135 3266 2207 (8)
3307 2135 3374 2191 ".
3419 2154 3438 2186 ι

1874 2217 2106 2283 Scripsit
2142 2220 2304 2274 etiam
2349 2221 2540 2277 beatus
2577 2221 2771 2278 Paulus
2806 2241 2819 2279 :
2860 2244 2879 2277 ι
2917 2225 2980 2279 Et
3017 2225 3192 2279 Moses
3230 2226 3459 2292 quidem

1875 2306 2045 2361 ﬁdelis
2076 2307 2130 2362 in
2158 2316 2268 2363 tota
2299 2309 2459 2365 domo
2482 2312 2597 2380 ejus
2627 2323 2686 2365 ttt
2713 2314 2967 2377 famulus,
2996 2316 3049 2369 in
3078 2314 3462 2370 testimonium-

1872 2408 2058 2450 eorum
2091 2412 2211 2466 quae
2239 2399 2465 2453 dicenda
2505 2411 2660 2454 erant
2691 2420 2706 2456 :
2748 2402 2992 2457 Christus
3025 2420 3152 2458 vero
3182 2415 3239 2457 ut
3274 2404 3443 2459 Filius

1873 2500 2034 2556 super
2076 2488 2291 2542 domum
2341 2489 2477 2556 eius,
2524 2490 2679 2559 cujus
2722 2493 2912 2547 domus
2942 2509 3127 2548 sunms
3173 2508 3270 2548 nos
3316 2493 3381 2547 ⁸⁸.
3416 2509 3436 2545 ι

1873 2574 2179 2641 Quinetiam
2211 2577 2277 2631 de
2321 2588 2512 2634 sancto
2544 2580 2748 2649 Spiritu
2782 2601 2795 2636 :
2834 2600 2853 2634 ι
2882 2582 3113 2639 Nescitis
3144 2585 3268 2653 quia
3301 2593 3438 2637 tem-

1872 2665 2015 2732 plum
2051 2667 2143 2723 Dei
2175 2669 2324 2734 estis,
2351 2679 2403 2724 el
2434 2671 2665 2740 Spiritus
2698 2672 2791 2727 Dei
2824 2675 3026 2729 habitat
3056 2677 3105 2730 itt
3135 2678 3286 2729 vobis
3308 2675 3393 2730 ὀἳ
3415 2693 3436 2726 ι

1871 2754 2011 2825 Ergo
2057 2758 2102 2812 si
2152 2758 2379 2826 itlipsum
2427 2761 2567 2830 quod
2616 2763 2916 2818 inhabitare
2955 2766 3006 2818 in
3045 2767 3309 2835 aliquibus
3350 2766 3443 2820 ille

1871 2845 2111 2899 omnium
2144 2848 2401 2903 Dominus
2428 2850 2644 2917 dicitur,
2671 2851 2774 2906 hoc
2803 2854 2892 2907 illa
2914 2862 2994 2908 est
3023 2856 3331 2909 humanatio
3353 2856 3440 2911 vel

1872 2937 2193 3005 incarnatio,
2224 2941 2329 2995 dici
2380 2941 2540 2996 liceat
2585 2944 2747 2996 etiam
2781 2945 2832 2998 in
2878 2960 3200 3013 unoquoque
3244 2948 3439 3002 divina:

1871 3039 2078 3085 natura:
2124 3033 2407 3103 participe,
2458 3045 2620 3103 atque
2659 3035 2822 3089 etiam
2870 3035 3258 3091 inhabitantem
3294 3038 3346 3092 in
3380 3054 3444 3092 se

1870 3121 2019 3176 illum
2051 3124 2301 3189 habente,
2345 3135 2398 3179 et
2425 3125 2697 3181 hominem
2736 3118 2936 3185 factum
2968 3142 3106 3193 esse,
3139 3138 3192 3183 et
3222 3131 3439 3200 insuper

1869 3213 2229 3270 inearnatum.
2279 3216 2432 3283 Quod
2481 3218 2525 3271 si
2571 3217 2766 3273 factum
2814 3229 2914 3285 est,
2950 3228 3004 3274 et
3052 3220 3097 3274 si
3146 3229 3204 3274 ut
3248 3236 3437 3275 verum

1868 3305 2194 3371 admittitur,
2223 3306 2334 3375 jam
2364 3307 2490 3361 illud
2522 3324 2587 3362 ex
2627 3309 2734 3364 Deo
2768 3310 2998 3364 Verbum
3044 3326 3185 3381 smpe
3215 3329 3434 3367 carnem

1867 3392 2067 3449 factum
2101 3396 2206 3450 dici
2238 3396 2368 3451 nihil
2407 3399 2656 3467 prohibet
2689 3421 2702 3455 :
2749 3403 3014 3458 inhabitat
3051 3415 3228 3459 autem
3274 3406 3435 3460 etiam

1868 3487 2043 3541 adhuc
2073 3486 2127 3541 in
2174 3488 2359 3543 multis
2404 3504 2524 3543 eum
2574 3492 2891 3547 colentibus.
2941 3496 3010 3547 At
3040 3497 3213 3561 enim,
3241 3498 3435 3564 inquit,

1867 3578 2125 3647 scriptum
2154 3570 2234 3633 est
2257 3579 2325 3633 de
2351 3580 2457 3634 Deo
2479 3578 2658 3635 Verbo
2682 3599 2697 3637 :
2730 3602 2747 3634 ι
2773 3582 3043 3638 Habitavit
3072 3586 3122 3638 in
3154 3587 3305 3641 nobis
3327 3588 3429 3642 τι.»

1869 3668 2013 3724 Dixit
2058 3671 2219 3725 etiam
2263 3670 2454 3726 beatus
2501 3671 2697 3729 Paulus
2742 3674 2808 3730 de
2854 3662 3093 3731 omnium
3153 3676 3435 3732 Salvatore

1867 3759 2081 3816 Christo
2129 3778 2144 3815 :
2197 3780 2217 3814 ι
2256 3761 2310 3816 in
2347 3777 2412 3817 eo
2459 3762 2718 3818 habitavit
2768 3769 2943 3821 omnis
2986 3768 3258 3836 plenitudo
3301 3771 3435 3822 divi-

1866 3854 2053 3909 uitatis
2088 3856 2441 3925 corporaliter
2477 3859 2545 3913 ".
2576 3876 2594 3909 ι
2631 3859 2828 3913 Fateor
2874 3860 3019 3913 illum
3056 3861 3330 3917 habitasse
3377 3861 3433 3916 in

1867 3945 2022 4000 nobis
2055 3947 2155 4017 (sic
2189 3963 2418 4017 namque
2442 3949 2701 4015 scriptum
2735 3948 2860 4019 est),
2927 3965 3028 4004 nec
3092 3952 3142 4004 in
3208 3952 3299 4004 illo
3353 3952 3433 4004 in-

1865 4036 2187 4100 habitasse,
2262 4038 2355 4090 tibi
2412 4038 2609 4091 dicenti
2672 4039 3043 4106 repugnabo:
3112 4040 3201 4093 sed
3267 4041 3428 4093 velim

1862 4130 2044 4197 potius
2102 4129 2197 4182 has
2251 4127 2615 4195 theologorum
2685 4143 2842 4184 voces
2908 4130 3242 4185 examinare.
3297 4130 3433 4187 Nam

191 4198 401 4297 φωνάς.
438 4200 499 4297 :0
532 4205 634 4297 μὲν
682 4207 790 4278 γὰρ
835 4214 1103 4284 μακάριος
1141 4198 1528 4295 εὐαγγελιστὴς
1576 4198 1763 4297 προει-

1873 4220 2054 4274 beatus
2097 4218 2421 4290 evangelista
2474 4234 2594 4273 cum
2651 4222 2797 4288 prius
2847 4222 3103 4287 dixisset,
3140 4243 3157 4276 ι
3196 4223 3428 4280 Verbum

194 4290 399 4386 ρηκὼς,
431 4293 513 4347 ὅτι
545 4296 642 4349 καὶ
679 4316 699 4350 ι
724 4300 784 4354 Ὀ
808 4302 982 4370 Λόγος
1023 4306 1157 4377 σάρξ
1185 4310 1421 4378 ἐγένετο,
1465 4290 1495 4368 »-
1518 4290 1765 4386 προ-σεπ-

1873 4325 1991 4366 earo
2030 4310 2229 4364 factum
2273 4319 2389 4375 est,
2421 4330 2439 4363 ι
2472 4312 2748 4381 subjunxit
2776 4326 3096 4384 Opportune,
3130 4334 3148 4368 ι
3184 4314 3245 4368 Ει
3280 4317 3431 4370 habi-

190 4382 393 4476 ηνεγκε
424 4388 706 4476 νχρειωδῶς
753 4392 848 4445 καὶ
889 4395 981 4460 τὸ,
1018 4412 1037 4447 σ
1074 4398 1411 4468 Ἐσκήνωσεν
1453 4404 1510 4456 ἐν
1544 4382 1697 4476 ἡμῖν,
1734 4425 1754 4458 ι

1873 4403 2000 4457 lavit
2029 4403 2081 4455 iu
2111 4401 2299 4468 nobis;
2332 4421 2353 4454 ι
2388 4412 2444 4456 ιιι
2473 4417 2569 4472 per
2610 4414 2901 4475 utrumque
2937 4407 3195 4475 integram
3230 4407 3430 4462 Christi

188 4472 282 4526 ἵνα
308 4472 607 4566 διῖρἀφοῖν
634 4479 1005 4554 ἀδιαλώσητον
1030 4486 1088 4539 ἐν
1118 4489 1252 4559 ἡμῖν
1278 4472 1642 4566 ἐνεργάσηται
1663 4495 1758 4548 τοῦ

1873 4493 2109 4562 mysterii
2142 4495 2504 4564 cognitionem
2553 4496 2710 4550 nobis
2756 4472 3011 4552 traderet.
3050 4472 3179 4551 ham
3223 4499 3430 4551 unitum

186 4560 333 4657 κατά
363 4561 595 4633 Χριστὸν
631 4571 929 4642 μυστηρίου
963 4573 1062 4644 τὴν
1105 4577 1326 4645 γνῶσιν.
1360 4560 1484 4635 ’Ὅτι
1520 4560 1619 4653 μὲν
1649 4585 1759 4657 γάρ

1873 4598 1985 4639 esse
2011 4585 2158 4639 carni
2191 4587 2485 4639 secundum
2513 4586 2840 4657 hypostasim
2876 4588 3002 4642 illud
3037 4603 3100 4641 ex
3139 4587 3246 4641 Deo
3273 4586 3432 4642 Patre

184 4651 374 4748 ἠνώθη
412 4656 574 4748 σαρκι
607 4659 728 4713 καθ’
758 4662 1054 4720 ὑπόστασιν
1085 4670 1114 4722 6
1146 4671 1209 4722 ἐκ
1234 4671 1372 4725 Θεοῦ
1413 4651 1760 4746 Πατρὺςᾏόξ-

1873 4673 2101 4729 Verbum
2129 4674 2385 4729 iudicavit
2414 4651 2601 4742 aperis
2626 4690 2746 4729 cum
2779 4678 2930 4740 dixit,
2967 4679 3136 4748 ipsum
3173 4694 3291 4733 esse
3315 4695 3432 4736 car-

181 4760 306 4811 γος,
331 4744 735 4837 διαμεμένηκεν
760 4749 783 4824 [
807 4754 890 4808 τσ.
918 4755 1364 4835 διαμεμήνυκεν]
1387 4744 1636 4837 ἐναργῶς
1668 4767 1759 4821 διά

1873 4782 1983 4820 rtem
2008 4766 2206 4820 factum
2234 4783 2247 4820 :
2269 4768 2378 4834 jam
2406 4779 2535 4819 vero
2557 4781 2773 4821 carnem
2806 4767 3000 4822 factum
3032 4785 3136 4823 non
3168 4770 3217 4823 in
3252 4772 3430 4824 carnis

180 4851 249 4902 γε
298 4833 395 4930 τοῦ
456 4839 632 4930 σάρκα
665 4840 846 4911 λέγειν
884 4848 1139 4916 γενέσθαι
1169 4833 1363 4908 αὑτόνλ
1393 4833 1577 4910 ὅτινδέ
1619 4857 1759 4929 σὰρξ

1873 4860 2121 4913 transisse
2142 4867 2412 4922 naturam,
2436 4873 2608 4928 neque
2634 4861 2979 4914 mutationem
3014 4862 3066 4915 in
3086 4862 3136 4915 id
3159 4862 3297 4930 quod
3326 4877 3429 4916 non

179 4925 444 4994 γεγονὼς,
469 4929 570 4982 οὐκ
597 4931 676 4995 είς
700 4934 796 5003 τὴν
825 4936 925 5007 τῆς
955 4939 1157 5010 σαρκὸς
1189 4943 1619 5018 μετακεχώρηκε
1653 4925 1756 5018 φῦ-

1873 4959 1978 5005 3rat
2003 4950 2254 5017 subiisse,
2281 4951 2378 5007 sed
2399 4965 2522 5006 cum
2543 4965 2608 5007 eo
2630 4952 2772 5021 quod
2792 4953 3086 5007 secundum
3111 4969 3207 5009 nos
3232 4953 3427 5008 factum

252 5106 295 5198 τ’
321 5108 889 5198 LSFE.I¥§YI,712£“
916 5116 1044 5173 Cor.
1070 5133 1146 5188 vt,
1186 5121 1277 5178 16.
1355 5123 1403 5156 ⁸⁸
1427 5122 1586 5181 Joan.
1624 5142 1739 5194 xlv,

1941 5130 1985 5161 θ’
2011 5129 2175 5186 Hebr.
2211 5147 2297 5197 ιιι,
2336 5132 2390 5198 5,
2420 5128 2474 5185 6.

2588 5128 2676 5185 "i
2703 5128 2829 5187 Cor.
2863 5145 2948 5200 ιιι,
2983 5131 3069 5187 16.
3144 5130 3364 5186 “Joan.
3390 5146 3429 5197 ι,

208 5176 297 5233 Η.
374 5180 418 5211 ⁷⁸
437 5176 753 5247 (101056.11,
787 5176 849 5238 9t

1469 5347 1625 5404 sur.
1668 5348 1937 5406 AGELLII
1974 5306 2204 5409 Nora}.

252 5517 658 5601 ($)_Post_eriora
681 5521 845 5601 verba
870 5525 1756 5601 etinipsodiversnbiqmrmeque
1863 5547 1930 5587 eo
1992 5535 2323 5589 mansionem
2389 5534 2590 5592 facere.
2648 5535 2930 5592 liabebant
2999 5546 3176 5593 tamen
3241 5553 3433 5594 omnes

181 5591 360 5672 initini
394 5590 737 5672 codd.HNovi
783 5590 1141 5672 :l‘estatne'ttti,
1198 5613 1370 5667 neque
1426 5590 1597 5672 ϐηὸί
1656 5590 1751 5654 lia-
1864 5606 2022 5659 codd.
2063 5604 2270 5672 Cyrilli.

181 5661 362 5751 benti
404 5659 715 5751 ἐξᾹΑἱ-ιιθιιι.
753 5664 1057 5751 εἰλεξιὶιίιξειιιι
1124 5659 1259 5749 cum.
1284 5659 1299 5667 ’
1323 5669 1753 5751 praecedentibus
1900 5673 2005 5751 ,(9)
2039 5659 2129 5727 8ιέ
2164 5677 2432 5751 appellare
2471 5677 2608 5732 solet
2645 5692 2919 5751 sacrorum
2960 5680 3282 5751 scriptorum
3330 5690 3427 5729 auo

181 5729 364 5784 verbis
404 5744 417 5779 :
460 5727 606 5783 idem
637 5738 716 5785 est
759 5727 899 5789 enim
935 5735 1201 5791 diversari
1244 5736 1298 5793 in
1325 5727 1542 5807 'aliquo,
1590 5748 1644 5794 et
1698 5741 1749 5793 in
1860 5727 2055 5811 ctn‘rés,
2086 5754 2141 5799 υι
2173 5727 2438 5813 ςέρόέίξιδξ
2470 5727 2932 5818 δί’δςνέπζέέῇέίέέ.
2960 5727 3257 5759 “”⁸’“”“η-
