3926 6126
342 325 412 379 57
1476 319 1853 380 ADVERSUS
1887 321 2290 382 NESTORIUM
2330 324 2458 382 LIB.
2503 324 2566 380 ll.
3537 321 3606 377 58

346 444 414 499 δι’
461 440 629 498 αὐτοῦ
676 441 979 511 γεγονότων
1023 428 1436 513 ὀψιγενέστερός
1480 444 1569 515 είη
1614 447 1680 498 ἂν
1734 446 1771 497 ό
1808 444 1917 513 πρὸ

2034 444 2135 500 ieri
2172 454 2348 516 potest
2379 456 2436 500 ut
2483 446 2647 501 rebus
2676 458 2775 514 per
2802 444 2980 515 ipsum
3028 440 3186 496 factis
3219 439 3291 495 sit
3338 448 3464 493 natu
3512 454 3602 508 po-

349 533 550 597 παντὸς
576 533 791 597 αἰῶνος,
816 534 908 587 καὶ
930 534 1139 604 χρόνων
1162 551 1178 600 ;
1209 532 1274 586 Τί
1295 534 1475 588 τοίνυν
1497 535 1558 587 τὸ
1587 537 1752 589 πᾶσιν
1782 536 1917 588 ἀπό-

347 623 564 694 ϐλητον,
599 623 674 687 ὡς
703 623 1014 695 εἰρημένον,
1044 623 1349 695 εἰσφέρεις;
1388 623 1601 678 Παῦσαι
1645 642 1916 695 συκοφαν-

346 715 453 768 τῶν
474 715 600 778 τοὺς
631 713 701 767 τὰ
727 714 839 786 [ἴσ.
872 715 938 767 τὰ
967 712 1058 795 σὰ]
1087 715 1311 778 δικαίως
1340 716 1792 786 ὲπαιτιωμένους,
1823 718 1920 770 καὶ

344 806 441 876 τῆς
464 807 521 858 ὲν
544 805 729 869 αὐτοῖς
747 806 988 877 ἀμαθίας
1011 807 1378 875 διαγελῶντας
1413 808 1474 861 τὸ
1509 808 1755 878 μέγεθος.
1790 809 1919 861 Ὅτε

345 896 523 949 τοίνυν
564 896 740 960 οὐδεὶς
776 900 805 951 ό
836 897 1012 967 λέγων
1057 898 1227 963 ἐστὶν,
1259 899 1335 962 ὡς
1372 899 1688 953 ὲπιτέτοκεν
1712 902 1746 968 ἡ
1767 901 1919 970 Παρ-

346 987 496 1051 θένος
522 991 586 1041 ὲκ
632 989 734 1058 τῆς
772 989 908 1052 ιδίας
942 972 1145 1060 σαρκός
1174 989 1273 1060 τὴν
1314 989 1412 1057 τῆς
1451 990 1706 1061 θεότητος
1740 988 1919 1060 φύσιν,

349 1078 424 1148 μὴ
449 1077 719 1131 διατείνου
750 1079 950 1149 μάτην.
978 1078 1274 1148 λογισμοὺς
1294 1080 1426 1149 ἡμῖν
1449 1080 1793 1143 ἀναπλέκων,
1824 1081 1923 1133 οὐκ

347 1166 406 1231 ἐξ
437 1168 673 1237 ἀληθῶν,
726 1170 819 1221 καὶ
870 1158 1075 1223 ἅπασιν
1125 1170 1578 1241 ὁμολογουμένων
1631 1170 1923 1240 γεγονότας

346 1258 674 1329 λημμάτων.
699 1259 767 1312 Τί
793 1258 851 1313 δέ
884 1277 945 1312 σε
974 1260 1038 1313 τὸ
1066 1262 1352 1325 πεπεικὸς,
1382 1262 1615 1332 ἀκρατῆ,
1648 1263 1742 1316 καὶ
1778 1262 1922 1314 ἀπύ-

346 1348 706 1404 λωτονόὖτω
757 1350 987 1421 χαλάσαι
1030 1350 1128 1421 τὴν
1182 1350 1430 1419 γλῶτταν
1459 1352 1603 1406 κατά
1648 1352 1758 1405 τῶν
1788 1351 1924 1422 ὀρθά

350 1445 572 1514 φρονεῖν
607 1442 1089 1509 διεσπουδακότων,
1127 1444 1222 1496 καὶ
1253 1444 1455 1508 παντὸς
1488 1444 1584 1498 τοῦ
1628 1445 1923 1515 σεϐομένου

350 1533 488 1587 Θεοῦ
529 1533 641 1606 [Ion
669 1533 824 1606 Θεὸν]
860 1534 1107 1605 ἔγκλημα
1139 1535 1402 1605 καταχέαι
1452 1534 1622 1588 δεινὸν
1655 1535 1752 1589 καὶ
1780 1552 1925 1603 παγ-

352 1624 632 1694 χάλεπον;
675 1626 850 1697 Ἔφης
880 1627 988 1696 γάρ
1020 1627 1185 1680 πάλιν
1215 1629 1302 1680 ἐπ’
1329 1627 1663 1697 Ἐκκλησίας
1691 1644 1705 1657 ·

360 1757 367 1762 .
425 1711 630 1787 [Εἶπον
656 1715 712 1769 δὲ
760 1717 857 1787 ήδη
892 1717 1235 1785 πλειστάκις,
1280 1721 1363 1774 ὅτι
1403 1720 1457 1773 εί
1486 1737 1571 1784 τις
1615 1720 1649 1791 ἢ
1696 1721 1757 1773 ὲν
1798 1716 1926 1790 ὑμῖν

352 1783 732 1878 ἀφελέστερος,
752 1783 806 1862 εί
828 1783 889 1861 τε
917 1810 977 1862 ὲν
1012 1810 1195 1875 ἄλλοις
1222 1783 1355 1875 τισὶ,
1385 1812 1565 1882 χαίρει
1580 1783 1649 1883 τῇ
1674 1810 1768 1864 τοῦ
1798 1783 1930 1865 8co-
1960 1783 2001 1838 Β

346 1896 508 1962 τόκος
535 1901 712 1970 φωνῇ,
742 1901 868 1970 ἐμοὶ
906 1901 1044 1971 πρὸς
1085 1901 1184 1972 τὴν
1213 1903 1397 1974 φωνὴν
1427 1903 1621 1972 φθόνος
1642 1902 1742 1956 οὐκ
1777 1903 1924 1957 ἔστι·

350 1990 512 2059 μόνον
546 1989 622 2061 μὴ
653 1992 878 2045 ποιείτω
910 1993 1008 2062 τὴν
1041 1995 1319 2065 Παρθένον
1351 1994 1526 2065 θεάν.]

958 2106 1214 2159 ΚΕΦΑΛ.
1255 2109 1311 2159 l'.

421 2214 593 2269 Πάλιν
620 2217 753 2285 ἡμῖν
776 2215 1099 2289 διαλοιδορῇ,
1134 2221 1226 2271 καὶ
1259 2219 1454 2290 πικρὸν
1488 2221 1659 2284 οὕτως
1691 2220 1927 2292 ὲπιθήσῃ

350 2305 459 2379 [tot
498 2305 801 2379 ἐπιθήγεις]
841 2309 1032 2379 στόμα,
1066 2310 1347 2374 ὀνειδίζεις
1382 2310 1438 2364 δὲ
1476 2312 1575 2382 τὴν
1601 2312 1929 2384 Συναγωγὴν

346 2398 578 2469 Κυρίου,
628 2399 771 2453 κατά
812 2396 1347 2473 τὸ“γεγραμμένον;
1393 2404 1535 2456 Ἀλλ’
1565 2406 1724 2475 ἡμεῖς
1768 2422 1856 2472 γε,
1883 2401 1929 2461 ὦ

351 2487 488 2554 ’τᾶν,
514 2491 566 2542 οἱ
590 2489 850 2543 Θεοτόκον
883 2492 1135 2560 λέγοντες
1157 2495 1330 2564 αὑτήν
1349 2511 1362 2524 ·
1385 2493 1852 2566 τεθεοποιήκαμεν
1872 2495 1928 2549 δὲ

350 2580 538 2635 οὐδένα
576 2580 797 2634 πώποτε
836 2582 943 2635 τῶν
975 2583 1274 2638 τελούντων
1310 2587 1379 2654 ,ὲν
1425 2586 1717 2655 κτίσμασισ
1751 2604 1930 2640 κατει-

350 2672 588 2741 θίσμεθα
628 2673 685 2725 δὲ
719 2674 850 2727 Θεὸν
903 2676 1104 2728 εἰδέναι
1160 2676 1252 2728 τὸν
1289 2676 1434 2740 ἕνα,
1481 2678 1576 2730 καὶ
1618 2678 1799 2745 φύσει,
1834 2681 1929 2733 καὶ

352 2762 604 2833 ἀληθῶς·
662 2762 823 2832 ἴσμεν
869 2765 925 2817 δὲ
954 2765 1239 2835 ἄνθρωπον
1287 2762 1452 2821 οὖσαν
1501 2768 1623 2821 καθ’
1658 2771 1801 2839 ἡμᾶς
1830 2769 1928 2837 τὴν

355 2852 636 2923 μακαρίαν
667 2854 963 2925 Παρθένον.
1008 2855 1219 2930 Ἀλώσῃ
1245 2858 1302 2910 δὲ
1325 2858 1418 2912 καὶ
1448 2860 1548 2912 οὐκ
1574 2860 1653 2922 εἰς
1687 2863 1927 2931 μακρὰν,

348 2943 635 3015 ἄνθρωπον
665 2946 795 3016 ἡμῖν
827 2948 1096 3019 Θεοφόρον
1129 2950 1447 3019 ἀποφαίνων
1486 2950 1648 3014 αὐτὸς
1669 2951 1759 3004 τὸν
1798 2953 1929 3021 Ἐμ-

353 3035 618 3105 μανουὴλ,
648 3035 744 3088 καὶ
768 3036 877 3090 τῶν
913 3037 1022 3091 σῶν
1043 3040 1490 3111 ἐπιχειρημάτων
1520 3040 1620 3111 τὴν
1655 3042 1929 3113 κατάρρη-

352 3140 437 3179 σιν
462 3124 726 3191 ἐπιτιθεὶς
755 3127 951 3199 ἑτέρῳ.

605 3346 988 3446 ΤΟΜΟΣ
1069 3350 1660 3448 ΔΕΥΤΕΡΟΣ.

436 3521 502 3577 Ἦ
534 3522 757 3592 γλῶσσα
794 3525 891 3595 μὲν
918 3524 1052 3596 πῦρ,
1071 3527 1165 3580 καὶ
1190 3527 1565 3597 ἁκατάσχετόν
1594 3528 1710 3579 ἐστι
1739 3528 1932 3593 κακὸν,

356 3614 500 3669 καθὰ
548 3614 861 3687 γέγραπται
881 3634 894 3647 ·
927 3619 1055 3671 τάδε
1086 3618 1337 3671 ἐντεῦθεν
1364 3619 1545 3692 βλάϐη
1573 3620 1932 3690 διωθούμενος

355 3706 387 3758 ὁ
414 3703 697 3769 θεσπέσιος
720 3706 911 3776 ψάλλει
941 3707 1105 3762 Δαϐίδ
1125 3724 1137 3737 ·
1165 3728 1183 3760 ι
1208 3708 1336 3775 Θοῦ,
1359 3708 1552 3779 Κύριε,
1582 3710 1828 3781 φυλακὴν
1854 3709 1933 3781 τῷ

358 3796 589 3866 στόματί
618 3813 742 3865 μου,
762 3798 857 3851 καὶ
890 3798 1060 3870 θύραν
1085 3801 1346 3871 περιοχῆς
1368 3802 1497 3870 περὶ
1520 3801 1588 3852 τὰ
1612 3801 1763 3871 χείλη
1797 3818 1899 3871 μου
1919 3818 1930 3832 ·

364 3883 441 3954 μὴ
469 3885 721 3957 ἐκκλίνῃς
754 3889 853 3954 τὴν
884 3888 1115 3958 καρδίαν
1148 3906 1249 3958 μου
1286 3891 1367 3952 είς
1408 3890 1602 3956 λόγους
1647 3890 1930 3959 πονηρίας,

359 3971 456 4026 τοῦ
481 3976 910 4044 προφασίζεσθαι
936 3978 1242 4047 προφάσεις
1266 3981 1326 4030 ὲν
1355 3979 1671 4048 ἁμαρτίαις.
1690 3998 1710 4031 ι
1735 3979 1806 4032 Τὸ
1837 3980 1934 4050 μὲν

359 4064 473 4136 γὰρ
495 4066 782 4135 εὐστομεῖν
809 4066 1089 4132 δύνασθαι,
1123 4068 1217 4121 καὶ
1246 4068 1448 4138 ἀκριϐῆ
1482 4067 1579 4138 τὴν
1611 4070 1933 4141 ὲπιτήρησιν

356 4157 454 4209 ἐπὶ
484 4156 735 4226 γλώττης
763 4158 927 4227 ἔχειν,
965 4152 1040 4211 ὧν
1087 4158 1155 4211 ἂν
1188 4158 1356 4231 δεήσῃ
1385 4158 1582 4227 λέγειν,
1615 4160 1647 4231 ἢ
1682 4162 1778 4231 μὴ,
1811 4161 1933 4214 056-

352 4246 507 4300 δοτον
535 4244 755 4315 ἀληθῶς
774 4246 858 4318 εἴη
891 4247 985 4301 ἀν’
1022 4247 1115 4300 καὶ
1139 4246 1200 4299 τὸ
1222 4247 1410 4318 χρῆμά
1439 4250 1585 4302 ἐστιν
1616 4250 1717 4302 οὐκ
1748 4251 1806 4302 ἐν
1843 4267 1933 4320 μι-

354 4337 475 4408 κρῷ
506 4339 673 4409 λόγῳ.
725 4340 878 4410 παρά
910 4356 974 4407 γε
1026 4342 1142 4402 τοῖς
1194 4340 1293 4392 οὐκ
1336 4338 1691 4409 ἀθαύμαστον
1740 4342 1932 4411 ἐπιτη-

2021 536 2237 599 sterior,
2268 537 2361 606 qui
2398 545 2524 591 ante
2551 536 2735 591 omnia
2770 534 2965 591 stccula
3013 544 3068 589 et
3102 541 3344 601 tempora
3375 544 3606 599 praeces-

2021 625 2128 681 sit?
2156 626 2293 693 Quid
2320 627 2486 697 igitur
2506 627 2649 696 quod
2678 627 2747 680 ab
2768 624 3021 681 omnibus
3045 621 3311 689 rejicitur,
3344 631 3602 686 tanquam

2020 716 2092 769 sit
2124 718 2323 771 dictum
2354 718 2577 774 defers?
2610 715 2809 772 Desine
2858 729 2954 769 eos
2983 711 3304 767 calumniari
3349 708 3439 778 qui
3480 708 3604 778 jure

2024 814 2112 858 tua
2136 816 2410 872 accusant,
2435 818 2490 862 et
2517 822 2767 877 magnam
2800 806 2853 858 in
2893 804 2998 858 illis
3026 801 3311 857 stultitiam
3345 800 3592 853 irrident.

2022 897 2155 954 Cum
2203 900 2382 968 itaque
2424 914 2583 954 nemo
2617 901 2687 953 sit
2726 898 2815 967 qui
2849 897 3014 960 dicat,
3061 896 3269 950 beatam
3318 889 3592 960 Virginem

2023 1006 2087 1043 ex
2138 1006 2236 1045 sua
2282 1006 2446 1046 carne
2491 990 2790 1045 divinitatis
2835 999 3082 1042 naturam
3135 984 3445 1055 peperisse,
3494 980 3601 1035 noli

2023 1080 2222 1137 frustra
2257 1082 2505 1136 laborare
2532 1092 2590 1135 ut
2622 1080 3069 1135 ratiocinationes
3106 1078 3264 1131 nobis
3295 1076 3509 1129 intexas
3534 1088 3602 1126 ex

2025 1175 2481 1242 suppositionibus
2497 1189 2668 1242 neque
2689 1172 3032 1240 veris,neque
3055 1168 3395 1237 apudomnes
3413 1165 3596 1220 certis.

2025 1267 2156 1333 Quae
2187 1280 2316 1320 vero
2343 1281 2504 1321 causa
2536 1275 2588 1320 te
2624 1264 2861 1333 impulit,
2889 1272 2950 1317 ut
2977 1262 3213 1332 linguam
3249 1261 3388 1313 adeo
3426 1259 3596 1327 impo-

2028 1368 2226 1413 tentem
2250 1366 2306 1413 et
2328 1357 2646 1413 eﬂrenatam
2675 1358 2893 1412 laxares
2922 1356 3183 1410 adversus
3206 1366 3299 1407 eos
3326 1351 3416 1420 qui
3449 1359 3596 1404 recta

2027 1465 2220 1519 sapere
2264 1450 2618 1515 studuissent,
2647 1460 2702 1505 et
2731 1449 2987 1504 omnibus
3024 1445 3118 1501 Dei
3156 1444 3454 1501 cultoribus
3490 1442 3601 1496 cri-
3674 1486 3677 1489 .
3728 1477 3741 1485 .

2028 1558 2150 1597 men
2172 1541 2408 1597 inferres
2428 1556 2615 1613 grave,
2642 1551 2695 1596 et
2722 1541 2965 1594 omnium
2991 1534 3439 1593 atrocissimum?
3468 1532 3601 1587 Nam

2029 1650 2216 1690 rursus
2247 1634 2300 1688 in
2334 1635 2575 1689 Ecclesia
2610 1634 2791 1688 dixisti
2824 1650 2843 1688 :

2100 1724 2376 1800 [Νεετοιι.
2410 1726 2526 1781 Dixi
2557 1726 2670 1795 jam
2691 1724 2911 1793 saepius,
2953 1724 2999 1779 si
3031 1723 3154 1793 quis
3180 1719 3322 1776 inter
3347 1733 3443 1773 vos
3473 1718 3609 1772 situ-

2031 1817 2246 1886 plicior,
2315 1818 2433 1873 sive
2491 1817 2635 1872 inter
2672 1828 3024 1886 quoscunque
3083 1814 3221 1869 alios
3298 1825 3431 1866 voce
3479 1810 3611 1873 hac,

2032 1909 2122 1964 Dei
2155 1910 2411 1978 genitrix,
2462 1910 2678 1978 gaudet,
2736 1907 2877 1976 apud
2926 1922 3014 1962 me
3046 1905 3191 1960 nulla
3239 1912 3321 1960 est
3354 1903 3423 1957 de
3472 1914 3608 1956 voce

2031 2000 2336 2057 dissensio:
2366 2010 2583 2055 tantum
2620 2016 2687 2056 ne
2712 1998 2987 2069 Virginem
3022 1997 3181 2053 deam
3244 1992 3465 2051 τελείει]

2703 2110 2857 2167 CAP.
2882 2110 2955 2165 X.

2103 2223 2312 2279 Rursus
2371 2224 2530 2278 nobis
2585 2223 2931 2288 conviciaris,
2976 2234 3033 2279 et
3092 2222 3485 2277 amarulentum
3542 2234 3606 2276 os

2028 2315 2231 2383 inﬁgis,
2275 2315 2573 2381 exprobras
2604 2317 2766 2370 etiam
2810 2315 3067 2370 Ecclesia:
3098 2314 3333 2379 Domini,
3380 2323 3435 2368 ut
3467 2315 3607 2368 scri-

2030 2416 2177 2477 ptum
2208 2415 2291 2460 est
2324 2406 2411 2459 "2
2441 2406 2639 2465 Verum
2701 2421 2821 2471 nos,
2859 2423 2891 2462 ο
2922 2408 3005 2461 vir
3030 2407 3265 2477 egregie,
3317 2407 3406 2475 qui
3459 2405 3606 2458 illam

2032 2499 2124 2553 Dei
2160 2499 2478 2568 genitricem
2504 2500 2754 2561 dicimus,
2787 2501 3054 2553 neminem
3083 2513 3319 2565 unquam
3351 2498 3440 2566 qui
3467 2498 3609 2550 inter

2028 2600 2309 2645 creaturas
2342 2601 2677 2655 censeretur,
2724 2590 2888 2644 Deum
2927 2588 3195 2651 fecimus;
3248 2596 3409 2657 atque
3465 2586 3610 2641 hunc

2029 2696 2235 2736 morem
2288 2683 2551 2747 tenemus,
2602 2692 2661 2735 ut
2717 2682 2893 2735 Deum‘
2943 2681 3180 2735 sciamus
3253 2680 3402 2733 illum
3439 2694 3609 2732 unum

2030 2784 2083 2829 et
2145 2783 2340 2827 natura
2386 2783 2443 2827 et
2493 2788 2621 2828 vere
2658 2772 2825 2828 Deum
2862 2774 3111 2827 :scimus
3172 2772 3338 2827 etiam
3394 2771 3607 2826 beatam

2030 2865 2174 2919 illam
2229 2865 2505 2936 Virginem
2563 2866 2834 2918 hominem
2883 2863 3049 2919 fuisse
3115 2864 3282 2917 nostri
3345 2864 3600 2916 similem.

2033 2954 2138 3011 Sed
2177 2957 2287 3025 ipse
2316 2971 2413 3011 nec
2442 2957 2610 3009 multo
2642 2966 2763 3026 post
2806 2954 3227 3024 deprehenderis
3275 2953 3449 3022 ipsum
3485 2952 3610 3005 Em-

2032 3044 2332 3098 manuclem
2388 3045 2663 3099 hominem
2734 3044 2887 3098 nobis
2943 3043 3215 3097 Deiferum
3293 3042 3610 3111 prmdicare,

1959 3128 2002 3183 C
2039 3145 2359 3205 tuorumque
2411 3147 2853 3206 argumentorum
2901 3133 3403 3191 condemnationem
3452 3131 3617 3191 alteri

2035 3225 2293 3281 tribuere.

2245 3376 2649 3468 TOMUS
2721 3377 3385 3467 SECUNDUS.

2103 3528 2201 3583 Est
2219 3528 2419 3597 lingua,
2453 3528 2595 3580 sicut
2630 3527 2888 3594 scriptum
2925 3537 3007 3580 est
3034 3527 3100 3591 ⁷⁸,
3138 3526 3294 3595 ignis,
3347 3534 3401 3579 et
3449 3524 3616 3580 επιει-

2035 3627 2219 3672 natum
2267 3616 2487 3682 malum,
2536 3615 2690 3680 cujus
2721 3628 2780 3669 ut
2828 3616 3166 3671 incommoda
3201 3618 3394 3671 vitaret
3428 3618 3611 3684 psallit

2002 3744 2007 3749 ο
2035 3710 2223 3764 beatus
2252 3707 2416 3761 David
2449 3725 2463 3761 :
2501 3726 2520 3759 ι
2550 3707 2716 3773 Pone,
2746 3708 2991 3773 Domine,
3010 3710 3307 3763 custodiam
3345 3709 3424 3763 ori
3470 3724 3611 3771 meo,

2033 3811 2088 3855 ct
2117 3800 2313 3855 ostium
2346 3800 2773 3854 circumstantia:
2818 3800 2973 3855 labiis
3007 3801 3142 3855 meis
3183 3819 3195 3854 :
3229 3815 3334 3854 non
3375 3801 3610 3855 declines

2035 3908 2130 3946 cor
2174 3906 2348 3944 meum
2384 3891 2436 3944 in
2480 3893 2643 3946 verba
2680 3893 2921 3958 malitiae,
2974 3894 3040 3945 ad
3076 3893 3417 3946 excusandas
3447 3908 3607 3946 excu‘

2035 3983 2275 4037 sationes
2306 3981 2356 4034 in
2383 3984 2620 4050 peccatis
2651 3983 2719 4035 ".
2756 4001 2774 4033 ι
2813 3982 2947 4035 Nam
2982 3995 3134 4036 recte
3158 3984 3269 4037 oris
3301 3983 3475 4036 oﬂicio
3510 3986 3610 4049 uti,

2033 4082 2087 4127 et
2115 4071 2356 4140 diligenti
2398 4076 2650 4125 cautione
2688 4073 2959 4125 moderari
2986 4073 3225 4143 linguam
3273 4074 3612 4129 observando

2034 4163 2161 4232 quid
2194 4160 2478 4214 dicendum
2526 4160 2618 4224 sit,
2667 4160 2776 4231 30
2812 4161 2940 4231 quid
2975 4162 3331 4225 reticendum,
3368 4162 3611 4217 divinum

2035 4252 2190 4322 plane
2244 4267 2439 4304 munus
2462 4262 2568 4313 est,
2620 4261 2673 4305 et
2726 4268 2813 4306 res
2874 4253 3014 4307 haud
3058 4253 3492 4321 parvipendenda
3546 4254 3612 4308 iis

2034 4354 2182 4398 certe
2226 4343 2317 4411 qui
2369 4359 2491 4396 cum
2543 4344 2700 4398 laude
2769 4345 2935 4398 vitam
2986 4345 3185 4401 ducere
3252 4348 3470 4400 student
3511 4368 3522 4400 :
3557 4355 3612 4399 ut

354 4428 570 4483 δεύουσι
602 4430 899 4484 πολιτείαν.
917 4430 991 4483 Τό
1019 4447 1081 4499 γε
1105 4429 1212 4501 μὴν
1238 4430 1473 4501 προαλὲς
1491 4432 1570 4495 είς
1590 4430 1812 4499 λόγους,
1836 4433 1926 4486 καὶ

2034 4444 2241 4498 contra,
2269 4434 2355 4487 illa
2390 4450 2629 4504 prazceps
2659 4437 2709 4489 in
2742 4435 3011 4504 loquendo
3037 4439 3338 4499 temeritas,
3378 4447 3431 4490 et
3453 4436 3611 4490 effre-

354 4520 420 4574 τὸ
448 4522 695 4592 ἀχάλινον
718 4523 797 4586 εἰς
821 4521 1131 4593 τερθρείας,
1166 4521 1410 4574 κινδύνου
1450 4520 1671 4593 μεστὸν,
1706 4521 1800 4574 καὶ
1847 4522 1928 4584 εἰς

356 4611 634 4683 πέταυρον
668 4612 792 4683 ᾅδου
824 4613 935 4683 (l0)
969 4613 1331 4683 κατακομίζει
1361 4613 1492 4676 τοὺς
1526 4612 1924 4682 κεχρημένους.

356 4703 672 4774 Γέγραπται
695 4705 772 4765 δὲ,
799 4704 880 4757 ὅτι
907 4703 1157 4768 θάνατος,
1191 4705 1287 4757 καὶ⁵
1330 4704 1443 4774 ζωὴ
1474 4705 1532 4757 ὲν
1567 4706 1712 4776 χειρὶ
1751 4705 1927 4773 γλὼσσ

356 4808 495 4864 σης·
521 4792 569 4844 οί
600 4792 654 4845 δὲ
690 4792 1015 4865 κρατοῦντες
1044 4794 1233 4862 αὐτῆς,
1271 4793 1476 4847 ἔδονται
1515 4795 1643 4858 τοὺς
1684 4797 1928 4868 καρποὺς

353 4883 549 4954 αὐτῆς.
577 4884 1019 4955 Προσπεφὼνηκε
1067 4884 1124 4938 δὲ
1156 4885 1252 4937 καὶ
1284 4885 1470 4957 ἕτερός
1515 4903 1599 4947 τις
1641 4889 1772 4959 ἡμῖν
1815 4888 1926 4941 τῶν

353 4973 570 5044 σοφῶν·
615 4993 633 5026 t
668 4976 733 5028 Ei
767 4974 864 5044 μὲν
898 4975 1013 5028 ἔστι
1062 4992 1145 5028 σοι
1186 4976 1345 5045 λόγος
1375 4977 1663 5042 συνέσεως,
1699 4982 1928 5052 ἀποκρί-

349 5065 504 5136 θητι·
541 5067 590 5118 εί
636 5065 693 5117 δὲ
730 5066 827 5136 μὴ,
873 5066 996 5136 χεὶρ
1044 5065 1185 5120 ἔστω
1213 5069 1307 5121 ἐπὶ
1348 5066 1427 5138 τῷ
1474 5070 1701 5139 στόματί
1750 5087 1864 5126 σου,
1903 5093 1920 5124 ι

363 5152 636 5224 Ἀμαθοῦς
682 5153 792 5227 γὰρ
845 5154 1002 5223 λόγου
1038 5155 1155 5220 πῶς
1192 5157 1292 5210 οὐκ
1335 5157 1578 5228 ἀμείνων
1624 5160 1657 5229 ή
1708 5164 1924 5233 atomi};

2035 4537 2191 4581 natus
2216 4529 2281 4580 ad
2324 4542 2495 4595 nugas
2553 4526 2904 4581 eifundendas
2959 4528 3192 4619 itttpettts
3237 4528 3476 4594 periculo
3507 4542 3611 4580 non

2034 4627 2207 4679 caret,
2232 4626 2288 4670 et
2327 4618 2379 4669 in
2438 4618 2798 4686 prarcipitinm
2852 4617 3048 4671 inferni
3094 4617 3337 4671 homines
3372 4632 3435 4671 eo
3461 4634 3611 4672 more

2034 4708 2287 4777 prmditos
2334 4708 2530 4763 defert.
2588 4708 2860 4776 Scriptum
2903 4720 2984 4764 est
3033 4710 3218 4774 etiam,
3272 4721 3501 4764 mortem
3548 4726 3612 4763 ac

2033 4800 2200 4852 vitam
2231 4814 2351 4853 esse
2386 4800 2438 4852 in
2473 4816 2633 4853 manu
2680 4800 2895 4869 linguae,
2934 4812 2989 4857 et
3032 4804 3123 4871 qui
3154 4804 3295 4857 illam
3332 4805 3609 4867 cohibent,

2035 4891 2196 4945 edere
2226 4889 2435 4945 fructus
2463 4895 2582 4962 ejus
2609 4893 2677 4947 ⁷⁸.
2708 4893 2857 4947 Alius
2882 4895 3047 4948 etiam
3080 4897 3304 4964 sapiens
3332 4910 3431 4947 nos
3480 4895 3611 4947 allo;

2034 4990 2188 5034 cutus
2226 4989 2347 5035 est:
2404 5000 2421 5032 ι
2465 4981 2519 5036 Si
2557 4999 2742 5037 revera
2781 4993 2864 5040 est
2907 4985 3000 5039 tibi
3049 5001 3230 5041 sermo
3289 4986 3607 5055 prudentiae,

2035 5078 2341 5142 responde:
2374 5075 2457 5129 sin
2509 5078 2706 5140 minus,
2752 5093 2945 5130 manus
2979 5077 3049 5129 sit
3079 5079 3141 5130 ad
3195 5093 3256 5132 os
3307 5087 3455 5131 tuum
3476 5078 3543 5130 ⁷³.
3585 5096 3605 5127 ›

1974 5242 1976 5244 ν
2034 5164 2166 5219 Nam
2219 5168 2383 5221 stulto
2425 5167 2663 5221 sermoni
2719 5168 3111 5237 praeferendum
3168 5182 3291 5222 esse
3336 5168 3609 5221 silentium

420 5330 467 5363 "
491 5329 513 5384 Ι
540 5330 675 5400 Reg.
705 5345 842 5395 xvu,
871 5331 961 5386 45.
1039 5331 1220 5387 "Jac.
1252 5349 1333 5399 ιιι,
1368 5334 1489 5390 5-8.
1572 5338 1615 5368 ⁷⁷
1641 5337 1781 5392 Psal.
1811 5357 1926 5406 ext,

2048 5343 2100 5396 1t.
2178 5345 2225 5376 ⁷⁸
2252 5344 2410 5399 Prov.
2453 5362 2607 5411 xvttt,
2642 5346 2733 5400 2i.
2813 5347 2860 5378 ⁷⁹
2885 5343 3054 5398 Eccli.
3089 5360 3138 5409 ν,
3170 5345 3255 5399 Η.

1616 5495 1776 5552 ΑΝΤ.
1819 5497 2091 5554 AGELLII
2129 5500 2363 5557 NOTAS.

426 5646 540 5731 (ιο)
565 5645 948 5731 in‘i’rnverhiis
978 5646 1184 5727 esthoc
1207 5662 1397 5706 nomen
1426 5651 1660 5723 positum
1686 5667 1804 5723 cap.
1867 5669 1941 5724 tx,
1981 5671 2120 5714 vers.
2170 5657 2251 5726 l8,
2282 5656 2368 5713 ubi
2394 5655 2586 5716 Latina
2615 5658 2992 5731 interpretatio
3026 5661 3187 5720 habet
3220 5679 3233 5718 :
3275 5659 3336 5716 Et
3382 5659 3435 5713 in
3470 5671 3597 5728 pro-

359 5717 536 5773 fundis
561 5717 749 5783 inferni
778 5718 1008 5773 conviva:
1040 5717 1171 5786 ejus.
