3926 6126
367 295 434 351 5'9
1345 301 1405 357 S.
1442 301 1714 358 CYRILLI
1756 305 2229 367 ALEXANDRINI
2268 313 2585 371 ARCHIEP.

3539 318 3606 373 60

367 409 450 462 cui
493 406 564 463 sit
613 408 889 464 dubium?
937 409 1043 467 Res
1095 419 1424 472 exsecranda
1484 421 1751 490 pracipu-e
1785 438 1920 479 acer

2050 429 2356 503 Ἐπάρατον
2384 434 2442 486 δὲ
2468 435 2563 487 καὶ
2587 434 2788 506 ἑτέρως
2815 435 2876 489 τὸ
2909 437 3138 506 πικροὺς
3166 434 3486 506 ὲρεύγεσθαι
3523 438 3604 492 λό-

366 500 585 552 hitatetn
613 500 899 555 verborum
960 512 1226 570 ernctare,
1271 515 1326 560 et
1364 507 1586 576 impium
1632 525 1936 570 sermonem

365 589 625 640 adversus
655 589 976 644 ineffabilem
1014 592 1154 645 illam
1201 594 1423 664 gloriam
1454 597 1748 666 effundere,
1773 619 1935 673 quam

366 677 638 744 perpetuis
668 694 695 730 a
758 679 910 733 nobis
947 681 1204 736 celebrari
1253 685 1504 742 laudibus
1552 707 1761 760 aequum
1795 706 1932 751 erat.

365 765 662 822 Peccantes
723 781 898 823 autem
927 771 978 823 in
1035 771 1250 840 fratres,
1295 786 1348 830 rt
1377 783 1739 845 perrutientes
1786 785 1934 838 inlir—

369 873 506 910 mam
540 874 722 912 eorum
775 863 1179 930 conscientiam,
1224 867 1275 920 itt
1308 869 1576 923 Christum
1625 889 1929 942 peccamus.

366 948 457 1002 Sic
488 965 718 1017 namque
748 949 936 1004 beatus
962 953 1160 1009 Paulus
1202 959 1418 1028 scripsit
1447 963 1513 1014 ⁸⁸.
1547 964 1696 1028 Quod
1729 967 1930 1023 idcirco

305 1081 328 1117 α.
365 1041 505 1102 dico,
535 1041 658 1106 quia
677 1042 726 1092 in
753 1044 1012 1108 quosdam
1049 1045 1210 1100 incidi
1238 1049 1468 1105 Nestorii
1491 1068 1769 1110 sermones
1789 1096 1804 1120 ,
1834 1074 1932 1113 nec

364 1133 732 1184 tantummodo
763 1132 908 1186 illuni
941 1149 1138 1203 negare
1191 1139 1346 1194 video
1405 1142 1682 1198 dicendam
1712 1161 1740 1198 a
1777 1149 1931 1203 nobis

362 1233 604 1274 sanctam
625 1221 771 1276 illam
804 1225 1077 1292 Virginem
1109 1243 1228 1284 esse
1250 1229 1346 1284 Dei
1378 1242 1694 1300 matrem,et
1721 1237 1932 1292 Emma-

361 1309 572 1364 nuelem
634 1315 906 1382 peperisse
961 1316 1050 1385 qui
1087 1317 1227 1373 Deus
1259 1332 1400 1387 erat,
1429 1324 1521 1377 sed
1555 1325 1676 1381 aliis
1714 1343 1930 1399 quoque

362 1402 535 1454 modis
585 1403 784 1458 Christi
850 1406 1034 1474 gloriae
1104 1410 1380 1467 adversari
1451 1418 1756 1473 statuisse:
1804 1436 1926 1476 nam

360 1493 630 1548 Deirorum
663 1496 810 1550 illum
837 1499 989 1553 nobis
1022 1509 1253 1556 conatur
1298 1507 1608 1573 ostendere,
1659 1524 1764 1563 non
1799 1526 1927 1567 vere

361 1580 552 1646 Deum,
611 1586 703 1637 sed
762 1587 1032 1642 hominem
1091 1592 1268 1659 potius
1328 1609 1448 1648 cum
1505 1597 1615 1652 Deo
1672 1609 1923 1667 tanquam

359 1673 669 1742 aequaiitate
700 1676 976 1744 dignitatis
1031 1680 1395 1748 coniunctum.
1442 1687 1533 1741 Sic
1587 1704 1819 1760 namque
1849 1692 1920 1746 illi

359 1773 415 1818 et
442 1766 656 1834 quidem
686 1769 784 1821 soli
811 1769 971 1824 aliter
997 1782 1158 1840 atque
1187 1777 1438 1832 omnibus
1467 1779 1588 1833 aliis
1614 1781 1922 1838 hominibus
1955 1770 2008 1824 Β

359 1856 561 1910 sentire
585 1872 646 1911 ac
669 1859 845 1914 dicere
863 1862 1055 1930 placet,
1085 1868 1332 1932 quamvis
1365 1870 1629 1925 catholica
1660 1873 1923 1941 Ecclesia,

359 1961 520 2013 quam
568 1949 668 2002 sibi
718 1951 830 2016 ipse
859 1951 1108 2008 Christus
1147 1959 1479 2026 exhibuit“,
1515 1978 1672 2032 rugas
1692 1965 1924 2021 hominis

359 2039 447 2104 qui
485 2039 610 2094 talia
647 2045 991 2112 conscripsit,
1033 2063 1137 2100 non
1182 2049 1397 2114 habeat,
1431 2067 1552 2106 cum
1603 2056 1674 2108 sit
1731 2057 1924 2109 imma-

358 2128 554 2192 culata,
573 2140 625 2184 et
650 2133 789 2187 illius
804 2138 1354 2205 cognitionemomnis
1383 2158 1603 2210 prorsus
1634 2149 1922 2214 reprehen-

356 2215 523 2268 sionis
546 2230 818 2284 expertem
845 2233 1040 2286 teneat,
1071 2242 1133 2278 ac
1165 2227 1287 2282 ﬁdei
1333 2232 1677 2287 traditionem
1731 2237 1920 2289 rectis-

356 2305 487 2358 sime
503 2313 889 2377 composuerit.
909 2314 1191 2372 Credimus
1215 2335 1443 2389 natnque
1471 2322 1522 2374 in
1545 2339 1705 2376 unum
1729 2325 1918 2390 Deum,

355 2395 566 2450 Patrem
602 2403 1044 2468 omnipotentem,
1086 2411 1324 2462 omnium
1370 2412 1655 2465 visibilium
1697 2427 1746 2468 et
1784 2417 1921 2470 invi-

355 2485 588 2538 sibilium
633 2489 891 2543 factorem
923 2509 938 2546 :
973 2502 1026 2547 et
1078 2495 1129 2548 in
1184 2512 1345 2550 unum
1404 2497 1689 2555 Dominum
1739 2505 1919 2561 Jesum

354 2573 651 2639 Christum,
680 2589 732 2630 et
780 2579 834 2632 in
881 2581 1137 2648 Spiritum
1181 2596 1424 2641 sanctum
1465 2607 1480 2653 ;
1521 2606 1583 2644 ac
1632 2607 1920 2662 sequentes

354 2675 658 2720 sanctorum
696 2668 916 2726 Patrum
963 2675 1355 2733 confessionem
1420 2682 1501 2733 his
1555 2684 1917 2751 subjunctam,

352 2759 524 2822 ipsum
552 2757 781 2814 Verbum
815 2779 880 2817 ex
912 2764 1020 2820 Deo
1045 2766 1204 2822 Patre
1233 2771 1664 2830 substantialiter
1710 2791 1916 2844 natmn,

355 2848 521 2901 nostri
545 2851 773 2906 similem
812 2853 1008 2910 factum
1035 2873 1154 2913 esse
1181 2861 1434 2926 dicimus,
1470 2872 1525 2916 et
1557 2865 1916 2932 incarnatmn,

350 2949 405 2992 et
440 2940 708 2997 hominem
738 2945 964 3011 iactum,
1001 2951 1100 3002 hoc
1130 2962 1232 3015 est,
1269 2954 1370 3006 sibi
1399 2970 1595 3022 corpus
1621 2961 1916 3025 sumpsisse

349 3045 413 3083 ex
442 3045 626 3087 sancta
658 3034 898 3104 Virgine,
932 3048 984 3114 et
1013 3054 1169 3093 suum
1227 3041 1352 3094 illm]
1389 3043 1583 3098 fecisse
1617 3060 1630 3096 :
1658 3062 1778 3099 nam
1815 3049 1913 3102 hoc

2037 536 2189 588 γους,
2226 523 2318 575 καὶ
2344 525 2444 594 τῆς
2477 527 2787 598 ἀπορρήτου
2823 527 2980 599 δόξης
3007 527 3268 597 καταχέαι
3291 528 3474 595 φωνὰς
3503 530 3600 592 τὰς

2037 611 2378 682 ἀλιτηρίουςο
2429 615 2605 669 καίτοι
2645 616 2763 670 δέον
2805 618 3204 688 ἀκαταλήκτοις
3233 618 3398 688 αὐτὴν
3435 621 3602 688 εὐφη-

2038 703 2191 771 μίαις
2235 707 2732 777 καταγεραίρεσθαι
2782 709 2917 780 πρὸς
2956 709 3133 778 ἡμῶν.
3172 709 3600 780 Ἀμαρτάνοντες

2032 794 2089 847 δὲ
2117 797 2196 858 εἰς
2233 798 2360 861 τοὺς
2391 799 2673 866 ἀδελφοὺς,
2710 800 2803 853 καὶ
2827 800 3120 864 τύπτοντες
3149 801 3477 853 ἀσθενοῦσαν
3501 800 3598 870 τὴν

2035 884 2355 953 συνείδησιν,
2397 889 2476 950 εἰς
2518 889 2751 957 Χριστὸν
2782 890 3185 960 ἁμαρτάνομεν.
3213 891 3459 960 Γέγραφε
3488 891 3595 962 γὰρ

2031 975 2202 1039 οὕτως
2229 977 2258 1028 ὁ
2284 978 2572 1041 θεσπέσιος
2596 979 2826 1043 Παῦλος.
2851 983 2957 1034 Καὶ
2980 983 3146 1036 ταῦτά
3169 999 3330 1052 φημι,
3356 985 3466 1043 τοῖς
3495 981 3594 1033 Νε-

2034 1067 2246 1137 στορίου
2291 1068 2470 1136 λόγοις
2526 1071 2932 1141 ὲντετυχηκὼςσ
2970 1073 3065 1125 καὶ
3115 1073 3174 1124 οὐ
3225 1074 3382 1142 μόνον
3435 1073 3593 1125 αὑτὸν

2029 1158 2417 1225 ἀποφάσκοντα
2442 1160 2652 1229 βλέπων
2679 1163 2738 1214 τὸ
2767 1163 2961 1231 χρῆναι
2988 1163 3166 1230 λέγειν
3195 1165 3361 1232 ἡμᾶς,
3384 1164 3458 1225 ὡς
3479 1163 3591 1216 ἔστι

2033 1247 2132 1315 μὲν
2172 1250 2434 1312 Θεοτόκος
2461 1253 2493 1318 ὴ
2543 1253 2673 1320 ἀγία
2721 1252 3015 1322 Παρθένος,
3066 1253 3321 1305 ὲκτέτοκε
3360 1255 3416 1306 δὲ
3460 1253 3591 1306 Θεὸν

2027 1335 2155 1389 ὄντα
2198 1340 2288 1391 τὸν
2343 1341 2689 1412 Ἐμμανουήλ
2713 1379 2729 1405 ,
2782 1343 2917 1395 ἀλλά
2969 1343 3076 1413 γὰρ
3116 1341 3195 1395 ἔτι
3248 1343 3384 1413 πρὸς
3419 1344 3591 1412 τούτῳ

2027 1427 2121 1478 καὶ
2149 1426 2270 1478 καθ’
2301 1429 2524 1500 ἐτέρους
2551 1430 2789 1502 τρόπους
2811 1435 2877 1502 τῇ
2915 1431 3151 1501 Χριστοῦ
3185 1431 3310 1502 δόξῃ
3334 1435 3589 1501 πολεμεῖν

2026 1518 2334 1584 ἐγνωκόταο
2372 1519 2640 1590 Θεοφόρον
2666 1521 2776 1591 γὰρ
2811 1524 2942 1592 ἡμῖν
2990 1523 3153 1576 αὐτὸν
3192 1526 3448 1592 πειρᾶται
3477 1525 3586 1578 δει-

2026 1608 2225 1673 κνύειν,
2251 1610 2345 1663 καὶ
2371 1611 2492 1680 ούχὶ
2520 1611 2651 1664 Θεὸν
2679 1611 2915 1681 ἀληθῶς,
2937 1611 3220 1682 ἄνθρωπον
3249 1614 3303 1666 δὲ
3326 1614 3443 1685 Θεῷ
3468 1631 3590 1668 συν-

2024 1701 2292 1770 ημμένον,
2315 1701 2390 1764 ὡς
2417 1704 2474 1755 ὲν
2513 1702 2716 1771 ἰσότητι
2741 1705 2840 1773 τῆς
2884 1702 3060 1768 ἀξίας.
3089 1703 3245 1756 Οὕτω
3271 1708 3378 1774 γὰρ
3417 1706 3586 1776 αὐτῷ,

2026 1790 2119 1843 καὶ
2147 1790 2310 1860 μόνῳ,
2339 1792 2491 1862 παρά
2524 1792 2731 1855 πάντας
2751 1795 2877 1854 τοὺς
2904 1791 3094 1855 ἄλλους
3121 1792 3268 1865 δοκεῖ
3292 1796 3504 1862 φρονεῖν
3527 1811 3588 1846 τε

2025 1879 2119 1933 καὶ
2145 1879 2352 1947 λέγειν’
2383 1883 2560 1935 καίτοι
2579 1882 2677 1951 τῆς
2706 1881 3000 1952 καθολικῆς
3027 1881 3369 1951 Ἐκκλησίας,
3394 1885 3458 1952 ἢν
3487 1883 3586 1935 αύ-

2023 1969 2111 2032 τὺς
2140 1970 2316 2040 ἐαυτῷ
2351 1972 2697 2042 παρέστησεν
2721 1974 2749 2025 ό
2781 1973 3034 2042 Χριστὸς,
3071 1972 3168 2035 τὰς
3196 1973 3289 2025 τοῦ
3318 1972 3384 2025 τὰ
3412 1973 3588 2025 τοιάδε

2025 2061 2465 2130 συγγεγραφότος
2490 2062 2589 2113 οὐκ
2610 2061 2840 2133 ἐχούσης
2865 2063 3098 2130 ῥυτίδας.
3115 2063 3174 2116 οὗ
3185 2081 3278 2133 σης
3304 2063 3358 2116 δὲ
3392 2065 3588 2133 μᾶλλον

2022 2151 2277 2220 ἀμώμου,
2308 2151 2404 2204 καὶ
2441 2152 2845 2221 ἀνεπίπληκτον
2874 2155 3152 2216 παντελῶς
3185 2154 3283 2223 τὴν
3316 2156 3400 2206 ἐπ’
3440 2154 3587 2224 αύτῷ

2021 2240 2224 2308 γνῶσιν
2254 2238 2504 2310 ἐχούσης,
2542 2241 2636 2292 καὶ
2679 2243 2778 2305 τῆς
2814 2241 3044 2302 πίστεως
3075 2241 3173 2308 τὴν
3201 2240 3493 2309 παράδοσιν
3526 2236 3582 2294 εὖ

2025 2329 2168 2398 μάλα
2213 2330 2605 2398 πεποιημένης.
2650 2330 2984 2398 Πιστεύομεν
3027 2329 3134 2398 γὰρ
3179 2331 3257 2391 εἰς
3299 2329 3393 2381 ἕνα
3429 2329 3581 2396 Θεὸν,

2021 2420 2238 2492 Πατέρα
2266 2421 2698 2490 παντοκράτορα,
2734 2421 2947 2473 πάντων
2974 2418 3181 2489 ὁρατῶν
3213 2436 3270 2469 τε
3295 2419 3386 2471 καὶ
3417 2419 3584 2489 ἀορά-

2019 2525 2128 2560 των
2154 2511 2418 2578 ποιητήν·
2456 2511 2548 2561 καὶ
2581 2511 2660 2571 είς
2701 2507 2798 2561 ἕνα
2833 2507 3035 2577 Κύριον
3080 2505 3285 2577 Ἰησοῦν
3323 2507 3412 2558 τὸν
3446 2508 3584 2576 Χριο

2021 2599 2176 2651 στόνο
2227 2599 2320 2651 καὶ
2372 2601 2453 2662 εἰς
2499 2598 2560 2651 τὸ
2603 2599 2825 2668 Πνεῦμα
2868 2599 2930 2651 τὸ
2977 2599 3148 2666 ἅγιον.
3209 2599 3492 2668 Ἐπόμενοι
3525 2598 3582 2651 δὲ

2018 2699 2137 2758 ταῖς
2175 2696 2384 2758 τούτοις
2435 2695 2896 2764 ὲπενηνεγμέναις
2957 2695 3065 2746 τῶν
3105 2694 3272 2762 ἁγίων
3325 2693 3583 2762 Πατέρων

2017 2783 2343 2853 ὁμολογίαις,
2391 2783 2553 2836 αὐτὸν
2583 2784 2673 2836 τὸν
2703 2785 2768 2836 ἐκ
2798 2784 2891 2836 τοῦ
2933 2781 3066 2834 Θεοῦ
3096 2783 3189 2834 καὶ
3229 2781 3438 2850 Πατρός
3466 2784 3562 2832 οὑ-

2019 2872 2223 2934 σιωδῶς
2257 2871 2429 2939 φύντα
2482 2872 2681 2938 Λόγον,
2714 2873 2834 2923 καθ’
2880 2873 3027 2939 ἡμᾶς
3078 2870 3330 2937 γενέσθαι
3381 2871 3579 2940 φαμὲν,

2019 2961 2366 3030 σαρκωθῆναί
2435 2977 2494 3011 τε
2565 2960 2661 3011 καὶ
2732 2958 3189 3028 ὲνανθρωπῆσαι,
3264 2960 3580 3023 τουτέστιν,

2017 3051 2193 3120 ἑαυτῷ
2254 3051 2410 3119 σῶμα
2455 3050 2640 3103 λαϐεῖν
2693 3052 2757 3103 ἐκ
2808 3053 2904 3120 τῆς
2955 3049 3116 3117 ἁγίας
3167 3049 3445 3118 Παρθένου
3491 3051 3585 3104 καὶ

349 3123 507 3177 modo
550 3125 608 3178 fit
654 3136 712 3178 nt
753 3143 877 3180 vere
911 3110 1048 3183 unus
1081 3131 1150 3183 sit
1185 3129 1442 3185 Dominus
1464 3132 1622 3188 Jesns
1645 3135 1911 3205 Christus,

2021 3110 2348 3192 f5tOV-at'i‘tb'
2375 3140 2736 3208 ποιήσασθαιο
2785 3110 2927 3192 οὕτω
2965 3110 3074 3210 γάρ
3099 3110 3270 3192 ήὲσται
3323 3141 3414 3192 καὶ
3452 3139 3578 3210 ἀλη-

351 3211 451 3265 hnc
475 3214 803 3286 modoillum
829 3225 884 3268 ut
918 3233 1076 3270 unum
1121 3219 1485 3284 adorabiunts,
1523 3225 1567 3276 si
1605 3240 1710 3278 non
1746 3227 1917 3280 homi-

349 3317 472 3354 nem
508 3317 570 3356 ac
602 3303 766 3357 Deum
801 3308 1025 3360 seorsim
1058 3326 1339 3378 ponamus,
1376 3316 1467 3366 Sed
1498 3331 1659 3368 unum
1681 3326 1735 3368 et
1774 3333 1921 3370 eunt-

348 3394 469 3447 dem
503 3408 626 3448 esse
687 3398 971 3451 credamus
1017 3398 1068 3451 iu
1133 3401 1413 3457 divinitate
1453 3413 1506 3457 et
1563 3406 1914 3471 humanitate,

351 3485 450 3538 hoc
482 3494 584 3547 est,
629 3485 730 3555 31
783 3487 946 3540 Deum
1002 3489 1160 3542 simul
1211 3500 1264 3544 et
1323 3493 1618 3548 hominem.
1671 3498 1743 3550 At
1791 3513 1933 3557 vero.

349 3584 532 3628 noster
562 3575 648 3630 hic
675 3577 1058 3631 recentissimae
1098 3580 1392 3648 impietatis
1424 3584 1691 3651 inventor,
1724 3603 1916 3657 quam-

347 3665 430 3717 vis
461 3663 733 3719 Christum
770 3684 934 3722 nuntn
965 3685 1024 3724 se
1045 3671 1222 3726 dicere
1241 3673 1478 3742 simulet,
1512 3686 1689 3732 tatnen
1717 3679 1916 3748 ubique

347 3762 572 3809 naturas
605 3757 814 3821 dividit,
841 3768 894 3812 et
929 3762 1153 3815 seorsim
1184 3774 1467 3834 utramque
1494 3769 1666 3835 ponit,
1701 3772 1917 3826 asserit-

349 3861 454 3912 que
509 3863 612 3901 non
654 3849 771 3905 illas
811 3851 951 3906 inter
983 3869 1040 3908 se
1085 3869 1208 3909 vere
1246 3859 1599 3924 convenisse,
1644 3862 1737 3916 sed
1785 3877 1916 3930 pra:-

351 3936 874 3996 texitexcusationes
910 3958 970 3997 ac
993 3954 1284 4013 praetextus
1321 3948 1375 4001 in
1414 3951 1670 4017 peccatis,
1709 3963 1766 4006 ut
1789 3955 1916 4007 scri-

349 4035 496 4096 ptum
541 4041 621 4085 est
663 4033 730 4096 δ’,
783 4046 836 4089 et
894 4037 1107 4090 modum
1165 4041 1451 4106 quemdam
1519 4042 1916 4110 conjunctionis

349 4124 796 4190 comminiscitur,
850 4128 996 4181 illum
1041 4146 1232 4199 nempe
1269 4133 1564 4186 secundum
1623 4135 1813 4201 solam,
1860 4145 1918 4190 ut

353 4213 482 4271 dixi.
519 4215 794 4281 dignitatis
848 4220 1230 4285 mqualitatem,
1294 4230 1352 4275 ut
1389 4237 1453 4276 ex
1506 4224 1672 4291 ipsius
1731 4227 1916 4280 verbis

350 4301 507 4370 plane
536 4305 869 4368 docebimus,
897 4317 949 4360 et
989 4303 1242 4377 tanquam
1283 4312 1334 4366 in
1386 4313 1604 4366 homine
1651 4316 1740 4381 qui
1785 4316 1915 4370 nihil

2018 3227 2127 3292 θῶς
2178 3223 2258 3290 εἷς
2289 3227 2489 3297 Κύριος
2536 3227 2742 3296 Ἰησοῦς
2785 3228 3054 3300 Χριστός·
3094 3227 3269 3290 οὕτως
3308 3229 3468 3285 αὐτὸν
3506 3228 3583 3290 ὡς

2016 3321 2112 3372 ἕνα
2154 3321 2643 3388 προσκυνήσομεν,
2693 3320 2794 3372 οὐκ
2846 3320 2950 3372 ἀνά
3002 3319 3166 3390 μέρος
3208 3319 3446 3383 τιθέντες
3491 3320 3591 3374 ἄνα

2018 3408 2254 3479 θρωπον,
2286 3408 2381 3461 καὶ
2410 3407 2563 3471 Θεὸν,
2602 3407 2716 3460 ἀλλ’
2746 3408 2864 3472 ἕνα,
2897 3409 2989 3461 καὶ
3014 3409 3104 3460 τὸν
3135 3409 3296 3461 αὑτὸν
3323 3405 3462 3462 εἶναι
3492 3427 3582 3464 πι-

2019 3496 2322 3559 στεύοντες,
2343 3497 2418 3560 ὼς
2441 3498 2496 3549 ὲν
2522 3497 2735 3567 θεότητι
2764 3499 2858 3550 καὶ
2884 3497 3259 3567 ἀνθρωπότητι
3277 3515 3292 3529 ·
3314 3497 3591 3564 τουτέστι,

2015 3586 2146 3639 Θεόν
2175 3603 2231 3638 τε
2262 3587 2394 3655 ὁμοῦ
2427 3588 2520 3640 καὶ
2556 3586 2858 3657 ἄνθρωπον.
2908 3587 2964 3639 '0
2999 3588 3054 3640 δέ
3086 3604 3148 3655 γε
3180 3588 3280 3654 τῆς
3307 3587 3578 3660 νεωτάτης

2016 3679 2148 3749 ἡμῖν
2179 3677 2431 3740 ἀσεϐείας
2477 3677 2723 3748 εὑρετὴς,
2775 3677 2950 3730 καίτοι
2998 3678 3226 3748 Χριστὸν
3257 3678 3353 3731 Eva
3401 3679 3578 3748 λέγειν

2017 3769 2499 3838 προσποιούμενος,
2537 3768 2735 3838 διαιρεί
2774 3768 2874 3836 μὲν
2924 3768 3194 3836 πανταχοῦ
3232 3769 3332 3831 τὰς
3365 3770 3574 3837 φύσεις,

2015 3856 2108 3910 καὶ
2153 3857 2258 3909 ἀνά
2313 3857 2478 3927 μέρος
2531 3857 2740 3925 ἵστησιν
2773 3855 3056 3926 ἑκατέραν,
3089 3858 3188 3910 ούκ
3235 3858 3427 3928 ἀληθὲς
3464 3857 3574 3930 [lca

2014 3946 2249 4016 ἀληθῶς]
2284 3948 2541 4018 ἀλλήλαις
2576 3948 2846 4017 συμϐῆναι
2869 3946 3038 4013 λέγων
3072 3948 3238 4012 αύτάς
3261 3963 3274 3979 ⁸
3309 3967 3576 4018 προφασι-

2015 4037 2239 4109 ζόμενος
2281 4037 2336 4090 δὲ
2387 4040 2684 4109 προφάσεις
2738 4041 2795 4091 ἐν
2839 4039 3155 4111 ἁμαρτίαις,
3212 4040 3348 4092 κατά
3388 4041 3447 4092 τὸ
3485 4058 3576 4109 γε-

2013 4129 2348 4200 γραμμένον,
2373 4131 2578 4183 ἐπινοεῖ
2605 4148 2724 4183 τινα
2756 4130 3046 4198 συναφείας
3077 4129 3294 4199 τρόπον,
3317 4130 3405 4182 τὸν
3437 4131 3578 4183 κατά

2019 4217 2197 4287 μόνον,
2243 4215 2318 4277 ὡς
2367 4216 2524 4287 ἔφην,
2557 4217 2656 4286 τὴν
2693 4218 2912 4286 ἰσότητα
2957 4218 3056 4286 τῆς
3095 4215 3279 4280 ἀξίας’
3329 4217 3577 4288 καθάπερ

2015 4307 2205 4377 ἀμέλει
2238 4307 2332 4360 καὶ
2360 4308 2424 4359 ὲκ
2471 4307 2580 4360 τῶν
2631 4309 2794 4361 αὐτοῦ
2851 4307 3191 4378 δειχθήσεται
3244 4305 3447 4372 λόγων·
3485 4309 3578 4361 καὶ⁵

349 4409 509 4463 supra
553 4406 776 4451 caeteros
812 4397 1025 4458 haheat,
1086 4401 1258 4467 ipsum
1296 4419 1363 4456 ex
1410 4403 1519 4456 Deo
1564 4403 1794 4458 Verbum
1847 4421 1911 4460 ex

2021 4398 2268 4462 ἐνοικίζει
2305 4398 2404 4468 μὲν
2442 4398 2736 4469 μεθεκτῶς,
2771 4399 2846 4462 ὡς
2879 4396 3148 4468 ἀνθρώπῳ
3177 4396 3361 4466 κοινῷ,
3395 4399 3484 4451 τὸν
3513 4402 3577 4454 ὲκ

350 4486 762 4556 ιοειτιίοἰρειιίοηο
791 4489 1101 4544 inhabitans
1129 4491 1277 4555 facit,
1330 4508 1395 4547 ac
1441 4509 1598 4548 voces
1634 4509 1752 4563 quae
1787 4508 1912 4550 sunt

348 4576 405 4631 in
451 4577 753 4648 Evnngeliis
800 4579 872 4633 ita
903 4581 1115 4645 dividit,
1146 4593 1202 4636 ut
1229 4584 1517 4652 aliquando
1543 4597 1720 4640 certas
1746 4602 1910 4655 quas-

348 4667 469 4720 dam
497 4669 595 4721 soli
652 4685 714 4723 ac
741 4673 955 4739 proprie
986 4665 1160 4727 Verbo
1188 4675 1411 4738 tribuat,
1441 4677 1735 4745 aliquando
1759 4693 1910 4732 seor-

348 4756 446 4809 sim
475 4757 547 4810 illi
572 4760 774 4825 quiest
823 4776 888 4814 ex
927 4762 1151 4817 muliere
1193 4765 1390 4818 editus.
1439 4763 1598 4831 Atqui
1645 4766 1912 4834 quomodo

348 4863 454 4902 non
478 4851 549 4903 sit
590 4850 838 4906 omnibus
891 4853 1282 4919 certissimum,
1332 4855 1480 4909 illum
1533 4856 1908 4923 Unigenitum,

347 4955 468 4994 cum
501 4940 640 4996 Deus
663 4953 804 4996 esset
842 4952 1060 5008 natura,
1109 4960 1228 4998 esse
1259 4945 1527 5000 hominem
1558 4946 1780 5009 factum,
1807 4963 1910 5001 non

347 5031 575 5100 simplici
636 5033 1034 5102 conjunctione,
1062 5043 1120 5088 ut
1171 5035 1258 5088 ille
1315 5036 1530 5101 asserit,
1582 5036 1918 5091 extrinsecus

349 5124 670 5194 excogitata.
703 5133 795 5178 ant
823 5124 1092 5192 all'ectiva,
1120 5126 1214 5180 sed
1241 5141 1366 5180 vera
1392 5128 1606 5193 unione,
1663 5127 1916 5182 iueﬂ‘abili

350 5215 510 5266 modo
534 5216 691 5268 simul
725 5224 778 5269 et
807 5216 1202 5284 inexcogitabili
1237 5215 1260 5268 ’ί
1298 5217 1368 5270 Ita
1413 5226 1465 5272 et
1515 5233 1651 5273 unus
1679 5219 1834 5272 simul
1865 5227 1919 5272 et.

351 5302 499 5357 SOIIIS
529 5303 879 5375 intelligetur,
914 5314 970 5359 ct
1018 5307 1195 5359 omnia
1226 5306 1276 5360 ei
1310 5307 1451 5361 dicta
1489 5308 1834 5372 convenient,
1863 5315 1916 5361 et

350 5396 532 5452 omnia
561 5405 810 5466 tanquam
844 5399 912 5453 ab
945 5413 1049 5452 una
1096 5413 1322 5468 persona
1365 5400 1505 5454 dicta
1533 5402 1913 5455 censebuntur.

355 5488 487 5544 Nam
519 5499 637 5558 post
662 5490 913 5545 unionem
967 5505 1070 5544 una
1113 5489 1224 5558 jam
1269 5491 1584 5560 intelligitur
1610 5501 1796 5546 natura
1826 5489 1912 5543 illa

428 5660 516 5716 "l
549 5661 671 5717 Cor.
701 5679 812 5723 vttt.
854 5664 938 5719 12.
1013 5662 1054 5695 ⁸³
1091 5665 1281 5732 I'inaes.
1315 5680 1363 5719 ι’.
1399 5665 1485 5718 ~27.

2015 4489 2151 4543 Θεοῦ
2178 4489 2347 4557 Λόγον
2367 4506 2380 4521 ο
2419 4491 2628 4560 μερίζει
2655 4491 2710 4543 δὲ
2738 4490 2834 4553 τὰς
2866 4491 2922 4542 ἐν
2952 4493 3062 4552 τοῖς
3094 4489 3440 4556 Εὑαγγελίοις
3471 4509 3579 4559 φω-

2016 4581 2134 4643 νὰς,
2183 4579 2257 4641 ὡς
2289 4580 2416 4632 ποτὲ
2456 4582 2553 4650 μὲν
2585 4581 2746 4634 τάσδε
2783 4580 2932 4644 τινὰς
2982 4581 3126 4649 μόνῳ
3173 4596 3229 4631 τε
3265 4581 3357 4632 καὶ
3401 4581 3580 4644 ἰδικῶς

2016 4671 2324 4724 ἀνατιθέναι
2359 4651 2623 4741 τῷλόγῳ
2644 4687 2660 4703 ο
2696 4671 2823 4722 ποτὲ
2867 4671 2923 4722 δὲ
2957 4671 3060 4740 ἰδίᾳ
3094 4670 3171 4739 τῷ
3204 4672 3267 4722 ὲκ
3300 4671 3576 4738 γυναικός.

2017 4760 2211 4814 Καίτοι
2259 4760 2376 4823 πῶς
2421 4761 2517 4830 οὐχ
2564 4761 2765 4813 ἀπασιν
2803 4761 2888 4828 εἴη
2940 4759 3004 4812 ἂν
3044 4761 3142 4811 οὐκ
3195 4761 3576 4830 ἀναμφιλόγως

2017 4848 2158 4918 ἔχον,
2185 4849 2267 4901 ὅτι
2295 4847 2424 4909 Θεὸς
2452 4847 2527 4900 ὢν
2556 4847 2732 4916 φύσει,
2773 4847 2992 4915 γέγονεν
3025 4848 3306 4916 ἄνθρωπος
3344 4851 3372 4901 ὁ
3408 4850 3577 4901 Μονο-

2017 4940 2202 5010 γενὴς,
2237 4939 2297 4992 οὐ
2341 4938 2483 4991 κατά
2529 4939 2819 5006 συνάφειαν
2865 4937 3068 5002 ἁπλῶς,
3108 4940 3182 5001 ὡς
3213 4940 3341 5006 γοῦν
3376 4939 3576 5001 ἐκεῖνός

2017 5030 2279 5100 φησι,τὴν
2309 5029 2540 5100 θύραθεν
2561 5029 2967 5098 ὲπινοουμένην,
2992 5029 3108 5099 ἦτοι
3135 5030 3388 5099 σχετικὴν
3408 5045 3422 5059 ο
3444 5028 3578 5080 ἀλλὰ

2017 5123 2137 5175 καθ’
2172 5122 2364 5192 ἕνωσιν
2404 5121 2600 5193 ἀληθῆ,
2635 5123 2956 5191 ἀποῤῥήτως
3005 5139 3062 5174 τε
3101 5123 3195 5173 καὶ
3229 5121 3369 5189 ὑπὲρ
3416 5119 3576 5184 νοῦν;

2017 5213 2172 5266 Οὕτω
2216 5231 2307 5276 τε,
2366 5209 2446 5276 εἷς
2491 5215 2687 5266 νοεῖται
2735 5213 2829 5266 καὶ
2885 5213 3071 5282 μόνος·
3129 5212 3274 5271 ἅπας
3321 5226 3379 5262 τε
3432 5209 3578 5278 αύτῷ

2018 5304 2212 5375 πρέπει
2250 5304 2426 5371 λόγος,
2461 5304 2554 5357 καὶ
2587 5303 2661 5366 ὡς
2702 5302 2763 5368 ἐξ
2802 5303 2918 5366 ἐνὸς
2948 5301 3236 5372 προσώπου
3286 5298 3355 5351 τά
3401 5300 3577 5352 πάντα

2015 5397 2306 5463 λελέξεται·
2335 5396 2430 5467 μία
2449 5397 2557 5466 γὰρ
2581 5396 2679 5467 ἤδη
2704 5397 2900 5448 νοεῖται
2927 5393 3085 5461 φύσις
3116 5388 3253 5459 μετά
3273 5389 3368 5458 τὴν
3387 5388 3577 5441 ἕνωσιν

2017 5489 2049 5556 ἡ
2085 5487 2245 5541 αὑτοῦ
2293 5487 2386 5542 τοῦ
2442 5489 2612 5556 Λόγου
2655 5485 3061 5558 σεσαρκωμένη,
3107 5480 3356 5550 καθάπερ
3389 5479 3578 5547 ἀμέλει

1567 5667 1609 5695 ⁸³
1633 5661 1771 5719 Bal.
1803 5677 1920 5717 cu.
1961 5663 2011 5713 «i.
