3926 6126
383 327 450 380 61

1495 328 1870 386 ADVERSUS
1907 330 2311 390 NESTORIUM
2354 332 2485 388 LIB.
2528 332 2592 388 ll.

3593 328 3698 387 σε·

390 443 488 497 καὶ
540 443 626 509 ἐφ’
655 439 809 511 ἡμῶν
846 436 1030 493 αὐτῶν
1079 438 1236 492 νοοῖτ’
1273 438 1341 493 ἀν
1392 439 1616 503 εἰκότως
1637 457 1650 469 ·
1687 439 1958 511 ἄνθρωπος

2081 444 2250 514 ipsius
2277 444 2437 499 Verbi
2479 445 2784 510 incantata,
2841 453 2900 498 ut
2951 445 3144 513 procul
3198 445 3364 503 dubio
3393 449 3446 504 in
3503 453 3658 508 nobis

391 535 503 604 γὰρ
525 528 603 596 εἷς
626 529 838 602 ἀληθῶς
864 530 1222 600 συγκείμενος
1241 529 1300 594 ἐξ
1317 531 1583 600 ἀνομοίων
1604 534 1968 602 πραγμάτων,

390 623 571 694 ψυχῆς
597 623 659 692 δὴ
691 622 836 689 λέγω
856 621 950 673 καὶ
980 618 1253 690 σώματος.
1285 620 1766 690 Ἐπισημήνασθαι
1785 621 1841 674 δὲ
1877 623 1972 676 καὶ

391 712 488 766 νῦν
504 714 817 780 ἀναγκαῖον,
852 711 933 762 ὅτι
963 708 1022 761 τὸ
1051 708 1249 760 ἐνωθὲν
1267 707 1343 778 τῷ
1359 708 1476 778 Θεῷ
1492 709 1646 778 Λόγῳ
1665 709 1845 779 σῶμα,
1864 728 1970 778 φα-

394 804 493 873 μὲν
508 801 823 872 ἐψυχῶσθαι
845 801 989 870 ψυχῇ
1018 799 1230 870 λογικῇ.
1255 799 1641 870 Προσθήσομαι
1665 801 1723 854 δὲ
1751 803 1970 855 κάκεῖνο

391 895 696 965 χρησίμως
729 895 893 964 ἑτέρα
931 893 1029 961 μὲν
1071 896 1178 962 γὰρ
1207 891 1357 962 παρά
1402 891 1494 944 τὸν
1537 894 1601 945 ὲκ
1630 892 1764 945 Θεοῦ
1797 894 1971 961 Λόγον

389 988 424 1056 ἠ
456 985 614 1054 σὰρξ,
645 985 789 1038 κατά
826 1001 890 1050 γε
920 984 1010 1036 τὸν
1035 985 1134 1053 τῆς
1169 983 1302 1045 ἰδίας
1338 982 1554 1050 φύσεως
1599 982 1776 1050 λόγον,
1811 985 1971 1050 ἑτέρα

387 1078 444 1131 δὲ
472 1078 634 1131 πάλιν
668 1076 944 1138 ούσιωδῶς
983 1077 1016 1146 ἡ
1050 1074 1216 1128 αὑτοῦ
1245 1074 1341 1127 τοῦ
1389 1074 1562 1142 Λόγου
1594 1075 1776 1144 φύσις.
1825 1074 1970 1143 Πλὴν

387 1169 439 1222 εί
481 1170 574 1223 καὶ
619 1171 819 1222 νοεῖται
869 1167 1120 1238 διάφορα,
1165 1171 1258 1220 καὶ
1288 1169 1370 1230 είς
1408 1168 1702 1238 ἑτερότητα
1735 1168 1971 1239 φυσικὴν

386 1259 822 1330 διεσχοινισμένα
867 1258 934 1312 τά
955 1257 1351 1328 ὠνομασμένα,
1382 1255 1500 1308 ἀλλ’
1543 1252 1624 1320 εἷς
1650 1257 1708 1324 ἐξ
1763 1259 1968 1327 ἀμφοῖν

386 1355 588 1406 νοεῖται
624 1351 894 1422 Χριστός·
931 1350 1051 1403 καθ’
1085 1350 1276 1402 ἕνωσιν
1325 1349 1502 1419 ἀληθῆ
1546 1348 1794 1419 ἀλλήλοις
1830 1366 1968 1418 συμ-

387 1443 724 1512 ϐεϐηκότων,
759 1443 1010 1512 θεότητός
1038 1459 1096 1494 τε
1135 1441 1226 1494 καὶ
1269 1440 1708 1513 ἀνθρωπότητος.
1762 1439 1969 1510 Ἐμπε-

383 1536 469 1589 δοῖ
499 1535 556 1588 δὲ
606 1536 743 1606 πρὸς
787 1534 939 1587 τοῦτο
977 1536 1124 1604 ἡμᾶς
1159 1535 1191 1603 ή
1244 1533 1598 1595 θεόπνευστος
1630 1532 1670 1583 Γ
1677 1532 1843 1601 ραφὴ,
1881 1531 1970 1586 διὰ

391 1627 606 1698 μυρίων
637 1627 733 1696 μὲν
759 1627 896 1680 ὅσων
925 1625 1268 1696 πραγμάτων
1301 1642 1360 1678 τε
1413 1624 1505 1678 καὶ
1547 1623 1720 1692 λόγων
1742 1641 1756 1654 ’
1789 1640 1968 1694 παρα-

386 1719 643 1790 δείγμασι
683 1719 738 1772 δὲ
772 1719 1048 1790 χρωμένη,
1096 1717 1164 1770 δι’
1203 1710 1280 1773 ὧν
1309 1717 1373 1770 ἄν
1417 1734 1504 1780 τις
1536 1717 1630 1770 καὶ
1663 1715 1785 1768 λίαν
1835 1717 1967 1771 ἀκοι-

2076 535 2205 604 ipsis
2225 536 2388 589 etiam
2408 536 2792 590 convenienter
2825 535 3164 606 intelligitur.
3223 536 3378 593 Unus
3413 555 3653 611 namque

2074 620 2235 673 homo
2259 621 2416 691 plane
2437 633 2601 676 estex
2623 623 2980 679 dissimilibus
3012 628 3194 691 rebus,
3237 641 3304 680 ex
3327 630 3530 697 anima,
3559 631 3644 684 in-

2073 728 2267 782 quam,
2298 724 2354 768 et
2381 731 2608 784 corpore
2643 717 2993 784 compositus.
3025 716 3193 771 Porro
3242 719 3370 771 illud
3401 730 3484 774 est
3517 738 3659 778 nunc

2072 806 2235 859 etiam
2277 807 2596 871 notandmn,
2652 807 2810 861 fateri
2862 823 2961 862 nos
3025 822 3222 876 corpus
3263 810 3394 863 illud
3447 815 3655 880 unitum

2072 895 2186 951 Deo
2216 898 2414 960 Verbo,
2457 899 2625 953 fuisse
2673 901 2855 953 anima
2886 901 3135 953 rationali
3164 903 3482 958 animatum.
3523 904 3655 958 lllud

2071 1004 2286 1059 quoque
2320 991 2460 1044 haud
2493 993 2833 1046 incommode
2853 992 3177 1056 addiderim,
3203 994 3362 1047 aliam
3380 1011 3502 1048 esse
3529 1011 3651 1048 car-

2072 1095 2194 1134 nem
2242 1096 2270 1134 a
2305 1081 2416 1134 Deo
2475 1081 2654 1136 Verbo
2710 1083 2872 1153 (quod
2905 1085 2971 1136 ad
3013 1099 3122 1137 suae
3158 1095 3363 1138 natttrze
3391 1087 3654 1140 rationem

2071 1167 2308 1236 attinet),
2341 1169 2616 1237 aliamque
2653 1185 2840 1224 rursus
2877 1171 3242 1225 essentialiter
3292 1175 3458 1237 ipsam
3492 1173 3656 1229 Verbi

2071 1270 2343 1314 naturam.
2383 1259 2489 1314 Sed
2520 1263 2772 1330 quamvis
2821 1261 2933 1316 haec
2983 1261 3203 1316 differre
3259 1263 3653 1333 intelligantur,

2069 1361 2126 1407 et
2156 1351 2383 1405 naturali
2415 1352 2730 1406 diversitate
2776 1367 2896 1407 esse
2955 1353 3258 1423 disjuncta,
3297 1371 3436 1410 unus
3468 1365 3651 1410 tamen

2069 1459 2134 1500 ex
2173 1454 2403 1514 utroque
2441 1443 2691 1500 Christus
2745 1443 3086 1514 intelligitur,
3138 1446 3262 1499 dum
3321 1462 3417 1514 per
3467 1461 3653 1501 veram

2069 1538 2338 1591 unitatem
2393 1537 2572 1592 deitas
2615 1536 2778 1590 simul
2809 1545 2864 1590 et
2895 1537 3204 1590 humanitas
3235 1537 3469 1594 invicem
3521 1554 3654 1594 con-

2069 1630 2312 1684 veniunt.
2337 1628 2394 1683 In
2427 1629 2531 1682 hac
2562 1641 2692 1682 vero
2725 1629 2990 1682 sententia
3042 1643 3144 1682 nos
3178 1628 3480 1683 innumeris
3533 1640 3646 1684 tum

2071 1719 2256 1785 factis,
2323 1730 2433 1774 tum
2497 1719 2656 1774 dictis
2721 1717 3004 1789 Scriptura
3071 1719 3332 1775 divinitus
3393 1721 3651 1791 inspirata

385 1812 494 1864 νιτὶ
528 1814 665 1883 πρός
710 1828 774 1878 γε
820 1811 883 1864 τὸ
927 1809 1189 1864 δύνασθαι
1233 1809 1470 1862 κατιδεῖν
1495 1809 1556 1860 τὸ
1587 1807 1823 1878 Χριστοῦ
1859 1825 1958 1878 μυ-

2065 1813 2374 1878 conllrmat,
2426 1811 2520 1866 sed
2549 1813 2818 1881 praecipue
2845 1812 2968 1865 dum
3019 1813 3284 1880 exemplis
3334 1816 3526 1876 utitur,
3555 1830 3653 1883 per

381 1906 606 1975 στήριον
663 1905 897 1958 διελάσει
948 1904 1157 1973 σαφῶς.
1210 1905 1354 1974 Ἔφη
1411 1903 1590 1956 τοίνυν
1625 1905 1654 1956 ὁ
1695 1903 1966 1973 μακάριος

382 1999 676 2066 προφήτης
713 1997 936 2059 Ἡσαΐας
957 2013 970 2026 ·
1005 2015 1025 2046 ι
1055 1996 1168 2048 Καὶ
1196 1995 1472 2064 ἀπεστάλη
1502 1996 1634 2064 πρός
1667 2011 1732 2064 με
1765 1994 1822 2046 ἓν
1856 1995 1964 2049 τῶν

385 2089 671 2158 Σεραφίμ·
707 2089 799 2141 καὶ
829 2091 894 2156 τῇ
942 2089 1087 2157 χειρὶ
1121 2085 1264 2156 εἶχεν
1297 2085 1565 2155 ἄνθρακα,
1599 2086 1656 2138 δν
1688 2090 1751 2156 τῇ
1787 2086 1963 2140 λαῦίδι

383 2173 580 2226 ἔλασεν
601 2173 708 2226 ἀπὸ
732 2173 824 2226 τοῦ
851 2173 1106 2242 Θυσιαστη
1117 2173 1252 2243 ρίου,
1277 2173 1369 2226 καὶ
1389 2173 1564 2242 ἥψατο
1584 2173 1676 2226 τοῦ
1700 2175 1964 2244 στόματός

384 2283 514 2336 μου,
547 2266 640 2319 καὶ
669 2261 823 2318 εἶπεν
843 2283 857 2296 ·
902 2265 1019 2318 ’1δοί

843 2283 857 2296 .
902 2266 915 2285 9

917 2265 1035 2318 Ῑδοὺ
1059 2266 1238 2334 ἥψατο
1265 2265 1424 2318 τοῦτο
1455 2266 1562 2318 τῶν
1591 2266 1812 2335 χειλέων
1844 2284 1960 2332 σου,

379 2355 476 2409 καὶ
507 2356 697 2424 ἀφελεῖ
732 2356 830 2418 τάς
861 2355 1088 2421 ἀνομίας
1123 2372 1238 2420 σου,
1279 2356 1370 2407 καὶ
1411 2355 1509 2416 τάς
1544 2356 1818 2426 ἁμαρτίας
1867 2372 1960 2408 σου

382 2448 786 2517 περικαθαριεί.
835 2465 852 2496 ι
898 2445 1488 2517 Πολυπραγμονοῦντες
1529 2445 1608 2508 δὲ,
1644 2447 1718 2508 ὡς
1752 2445 1852 2508 ἔνι,
1901 2446 1963 2498 τὸ

378 2539 482 2608 τῆς
525 2540 770 2606 ὁράσεως
801 2531 1002 2608 βάθος,¹
1034 2539 1132 2606 οὐχ
1183 2539 1368 2605 ἓτερον
1403 2533 1541 2589 εἶναί
1589 2555 1786 2606 φαμεν,
1822 2537 1961 2607 πλὴν

378 2630 464 2683 ὅτι
499 2631 590 2683 τὸν
641 2629 845 2699 Κύριον
892 2629 1050 2698 ἡμῶν
1099 2629 1305 2697 Ἰησοῦν
1353 2628 1609 2698 Χριστὸν,
1653 2628 1744 2680 τὸν
1794 2630 1850 2680 ὲν
1885 2629 1962 2698 τῷ

381 2719 755 2787 θυσιαστηρίῳ
792 2718 1038 2787 κείμενον
1087 2717 1334 2787 ἄνθρακα
1365 2717 1554 2785 νοητόν
1579 2737 1591 2749 ο
1629 2719 1712 2786 ἐφ’
1755 2711 1798 2785 ᾧ
1831 2721 1960 2790 παρ’

381 2810 544 2880 ἡμῶν
578 2809 857 2872 εύωδιάζει
902 2809 1153 2879 θυμίαμα
1213 2808 1289 2878 τῷ
1335 2806 1452 2877 Θεῷ
1501 2807 1592 2861 καὶ
1635 2810 1843 2880 Πατρί·
1892 2812 1960 2864 δι’

375 2899 547 2954 αὑτοῦ
600 2899 708 2969 γάρ
755 2899 854 2968 τὴν
905 2897 1270 2969 προσαγωγὴν
1303 2899 1635 2968 ἐσχήκαμεν,
1683 2898 1862 2952 δεκτοί
1901 2901 1960 2952 τέ

373 2994 568 3062 ἐσμεν,
603 2991 702 3053 τὰς
734 2989 1108 3059 πνευματικὰς
1153 2989 1435 3050 τελοῦντες
1467 2987 1742 3060 λατρείας.
1793 2985 1962 3053 Οὗτος

373 3079 557 3134 τοίνυν
586 3081 614 3133 ὁ
653 3077 858 3147 ἄνθραξ
903 3079 931 3129 ὁ
975 3077 1135 3139 θεῖος,
1183 3077 1310 3128 ὅταν
1342 3075 1545 3145 ἅψηται
1580 3076 1689 3128 τῶν
1733 3076 1960 3146 χειλέων

2071 1919 2190 1973 quae
2220 1903 2478 1958 facillime
2503 1904 2734 1973 quisque
2769 1905 2833 1955 ad
2865 1903 3064 1957 Christi
3094 1904 3411 1973 mysterium
3438 1905 3649 1973 perspi-

2072 2010 2171 2050 Cue
2218 1996 2623 2063 intelligendum
2680 1995 2900 2049 tendere
2963 1996 3154 2062 possit.
3231 1993 3428 2048 Beatus
3490 1997 3652 2061 igitur

2069 2085 2328 2152 propheta
2374 2084 2541 2138 lsaias
2595 2084 2711 2139 ait:
2763 2103 2782 2136 ι
2825 2084 2890 2138 Ει
2927 2087 3121 2137 missus
3151 2092 3234 2138 est
3286 2085 3350 2137 ad
3387 2101 3474 2139 me
3507 2101 3649 2139 unus

2071 2175 2137 2230 de
2163 2178 2470 2243 Seraphim,
2505 2190 2556 2231 et
2587 2179 2636 2231 in
2672 2193 2831 2231 manu
2876 2177 3111 2231 habebat
3147 2177 3458 2240 carbonem,
3488 2193 3650 2247 quem

2047 2266 2276 2335 forcipe
2301 2279 2586 2336 acetsperat
2643 2284 2706 2323 ex
2741 2269 2922 2332 altari,
2953 2277 3008 2321 et
3053 2267 3228 2334 tetigit
3258 2282 3320 2322 os
3366 2285 3563 2333 meum,
3596 2279 3650 2322 et

2070 2357 2208 2409 divit
2245 2375 2258 2409 :
2289 2358 2425 2411 Ecce
2462 2359 2636 2428 tetigit
2677 2360 2778 2412 hoc
2821 2358 2958 2411 labia
2984 2368 3094 2419 tua,
3121 2368 3174 2411 et
3205 2359 3413 2412 auferet
3449 2359 3648 2426 iniqui-

2072 2451 2210 2497 tates
2269 2453 2406 2503 tuas.
2470 2455 2522 2496 et
2555 2447 2790 2514 expiabit
2847 2457 3065 2514 peccata
3123 2456 3211 2498 tua
3239 2446 3305 2498 ⁸³.
3344 2465 3363 2498 ι
3415 2448 3651 2503 Visionis

2071 2533 2230 2602 hujus
2282 2535 2703 2603 profunditatem
2749 2547 2806 2588 ut
2857 2537 3000 2589 vires
3059 2535 3237 2588 ferunt
3276 2539 3647 2610 exquirentes,

2071 2623 2176 2692 32
2207 2641 2310 2677 non
2348 2625 2491 2679 aliud
2530 2628 2628 2679 ttisi
2668 2627 2950 2680 Dominum
2993 2636 3235 2680 nostrum
3267 2627 3449 2680 Jesum
3487 2627 3650 2682 Chri-

2070 2727 2213 2767 smm
2265 2731 2387 2768 esse
2440 2717 2670 2770 dicimus
2725 2717 3028 2785 spiritalem
3086 2717 3234 2769 illum
3271 2719 3558 2771 carbonem
3595 2720 3647 2772 in

2069 2805 2224 2858 altari
2251 2809 2507 2872 positum,
2557 2822 2719 2875 Super
2775 2823 2881 2876 quo
2932 2810 3227 2878 thymiama
3257 2808 3366 2861 Deo
3408 2825 3469 2860 ae
3501 2808 3647 2863 Patri

2068 2909 2096 2947 a
2132 2895 2284 2948 nobis
2315 2897 2565 2949 adoletnr
2591 2914 2604 2951 :
2631 2912 2724 2964 per
2759 2898 2930 2964 ipsum
2962 2899 3104 2950 enim
3140 2913 3418 2950 accessum
3449 2898 3644 2950 habui-

2069 3003 2208 3050 mus,
2266 2997 2320 3042 et
2381 2989 2680 3056 spiritalem
2747 2990 2948 3042 cultmn
3014 3000 3379 3059 exsequentes
3434 2993 3646 3059 accepti

2069 3092 2274 3131 sumus.
2304 3079 2398 3131 llic
2432 3079 2611 3146 itaque
2638 3081 2804 3132 carbo
2834 3079 3048 3132 divinus
3099 3081 3186 3134 ubi
3243 3081 3552 3134 accedentis
3577 3081 3646 3133 ad

375 3187 474 3224 σου
515 3170 626 3242 [ῑσ.
659 3170 777 3241 τοῦ]
814 3170 1125 3238 προσιόντος
1164 3167 1331 3236 αύτῷ,
1359 3168 1761 3238 διεσμηγμένον
1793 3169 1956 3232 εὐθὺς

2066 3184 2123 3223 se
2147 3169 2286 3222 labia
2314 3170 2570 3240 tetigerit,
2591 3171 2730 3226 illico
2751 3172 3005 3224 mundum
3031 3172 3235 3231 reddet,
3259 3181 3419 3240 atque
3439 3173 3646 3240 peccati

371 3265 650 3334 ἀποφανεῖ
702 3265 794 3315 καὶ
838 3263 1054 3329 ἀπάσης
1088 3261 1358 3330 ἁμαρτίας
1389 3261 1732 3331 ὴμοιρηκότα
1765 3278 1959 3314 παντε-

371 3354 504 3418 λῶς.
539 3356 806 3408 ’Ἂπτεται
833 3354 886 3407 δὲ
931 3355 1053 3405 τίνα
1094 3353 1292 3422 τρόπον
1317 3352 1424 3404 τῶν
1459 3355 1516 3405 ὲν
1548 3355 1676 3422 ἡμῖν
1705 3353 1953 3422 χειλέων,

369 3446 577 3512 διδάξει
607 3443 779 3514 λέγων
818 3447 846 3498 ὁ
881 3445 1148 3515 μακάριος
1181 3443 1420 3507 Παῦλος·
1459 3462 1478 3496 ι
1535 3443 1730 3512 Ἐγγύς
1765 3462 1858 3497 σου
1898 3445 1958 3498 τὸ

373 3535 534 3606 ῥῆμά
579 3537 726 3587 ἐστιν
775 3535 830 3585 ὲν
877 3531 954 3602 τῷ
1003 3530 1230 3600 στόματί
1272 3547 1364 3583 σου
1405 3531 1498 3583 καὶ
1549 3533 1606 3584 ὲν
1649 3534 1714 3602 τῇ
1761 3533 1957 3603 καρδίᾳ.

371 3643 508 3681 σου·
538 3627 622 3680 δτι
653 3627 747 3679 ὲάν
793 3626 952 3696 εἴπῃς
1000 3626 1057 3677 ὲν
1090 3623 1167 3693 τῷ
1213 3624 1441 3694 στόματί
1490 3641 1602 3689 σου,
1639 3625 1720 3677 ὅτι
1755 3624 1957 3695 Κύριος

381 3718 642 3788 Ἰησοῦς·
677 3719 772 3770 καὶ
822 3716 1118 3789 πιστεύσῃς
1166 3717 1224 3768 ὲν
1267 3719 1334 3786 τῇ
1387 3714 1582 3787 καρδίᾳ
1639 3733 1753 3779 σου,
1802 3719 1882 3770 δτι
1928 3718 1956 3769 ὁ

365 3809 508 3874 Θεὸς
543 3811 701 3865 αὐτὴν
726 3811 946 3881 ἤγειρεν
973 3810 1036 3861 ἐκ
1069 3808 1300 3878 νεκρῶν,
1331 3807 1555 3877 σωθήσῃ
1574 3823 1588 3837 ⁶
1625 3807 1821 3878 καρδία
1849 3809 1955 3879 γὰρ

371 3902 695 3956 πιστεύεται
741 3904 818 3965 είς
848 3900 1214 3970 δικαιοσύνην·
1262 3901 1495 3966 στόματι
1529 3899 1585 3951 δὲ
1617 3899 1954 3968 ὁμολογεῖται

367 3992 460 4054 εἰς
498 3993 787 4062 σωτηρίαν.
829 4010 848 4041 ι
893 3990 1158 4060 Ἀνθρακι
1196 3990 1253 4043 δὲ
1293 3988 1704 4058 παρεικάζεται,
1753 3990 1839 4044 διά
1870 4008 1952 4043 τοι

366 4083 439 4136 τὸ
496 4083 561 4134 ὲκ
611 4081 752 4134 δυοῖν
812 4081 1049 4134 νοεῖσθαι
1107 4081 1202 4132 καὶ
1262 4077 1528 4147 ἀνομοίων
1578 4079 1951 4148 πραγμάτων·

369 4173 585 4243 συνόδῳ
615 4189 678 4241 γε
717 4171 823 4242 μὴν
852 4173 916 4242 τῇ
965 4170 1106 4224 κατά
1149 4167 1402 4238 ἀλήθειαν
1435 4170 1715 4238 μονονουχὶ
1750 4169 1954 4222 συνδεῖ-

364 4264 504 4319 σθαι
538 4263 672 4334 πρὸς
701 4257 894 4314 ἕνωσιν
918 4277 932 4292 ·
974 4260 1275 4322 εἰσδεδυκὸς
1304 4259 1410 4329 γὰρ
1437 4256 1515 4328 τῷ
1551 4257 1692 4329 ξύλῳ
1724 4260 1784 4311 τὸ
1821 4259 1950 4329 πῦρ,

353 4358 452 4420 εἰς
488 4355 692 4408 οἰκείαν
725 4353 856 4406 αὐτὸ
892 4354 1291 4422 μεταστοιχειοῖ
1322 4351 1522 4423 τρόπον
1559 4351 1678 4403 τινὰ
1707 4352 1862 4417 δόξαν
1892 4370 1951 4406 τε

365 4450 472 4502 καὶ
500 4447 742 4516 δύναμιν,
779 4444 954 4496 καίτοι
986 4443 1286 4515 τετηρηκὸς
1327 4443 1463 4512 ὅπερ
1491 4437 1581 4511 ἦν.
1620 4442 1952 4515 Μαργαρίτῃ

361 4537 427 4590 δὲ
457 4533 619 4588 πάλιν
640 4535 837 4589 ’ἑαυτὸν
867 4537 1120 4603 ἀφομοιοῖ
1147 4533 1320 4602 λέγων
1352 4535 1380 4586 ὁ
1406 4533 1608 4603 Κύριος
1650 4533 1805 4603 ἡμῶν
1845 4535 1949 4602 ’1η-

362 4627 506 4690 σοῦς
536 4628 797 4698 Χριστός·
836 4645 854 4679 ι
907 4627 1100 4696 Ὁμοία
1138 4626 1286 4678 ἐστὶν
1319 4627 1352 4696 ἡ
1385 4625 1631 4696 βασιλεία
1653 4625 1761 4677 τῶν
1788 4626 1952 4694 ούρα-

356 4720 479 4774 νῶν
510 4719 775 4790 ἀνθρώπῳ
801 4718 1027 4788 ἐμπόρῳ
1051 4716 1300 4788 ζητοῦντι
1336 4716 1532 4780 καλοὺς
1577 4717 1948 4787 μαργαρίτας⁸

352 4810 552 4880 εὑρὼν
583 4811 638 4863 δὲ
675 4811 770 4864 ἕνα
799 4809 1096 4879 πολύτιμον
1149 4807 1515 4879 μαργαρίτην,
1551 4807 1803 4861 ἀπελθὼν
1850 4810 1947 4862 πέ-

349 4919 582 4978 πρακεν
609 4902 708 4955 ὅσα
743 4895 877 4971 εἶχε,
927 4901 1020 4954 καὶ
1050 4901 1317 4970 ἠγόρασεν
1350 4899 1528 4952 αὑτὸν.
1575 4917 1593 4950 ι
1644 4899 1852 4952 Ἀκούω
1893 4900 1950 4952 δὲ

349 4997 455 5050 καὶ
489 4993 695 5063 ἑτέρως
730 4992 920 5044 ἑαυτὸν
959 4992 1090 5061 ἡμῖν
1136 4990 1584 5050 καταδεικνύντος
1635 4989 1728 5041 καὶ
1757 4989 1946 5056 λέγον-

344 5104 446 5150 τος
471 5103 486 5116 θ
527 5102 548 5136 ι
589 5084 730 5152 Ἐγὼ
750 5081 907 5144 ἄνθος
927 5080 1018 5133 τοῦ
1046 5080 1251 5143 πεδίου,
1276 5080 1458 5150 κρίνον
1480 5078 1587 5132 τῶν
1613 5079 1890 5133 κοιλάδων.
1923 5098 1940 5129 ›

348 5181 521 5248 Ἔχει
580 5175 684 5246 μὲν
725 5173 834 5243 γὰρ
866 5174 924 5225 ὲν
982 5171 1088 5242 ἰδίᾳ
1121 5168 1280 5238 φύσει
1329 5171 1427 5241 τὴν
1481 5169 1756 5241 θεοπρεπῆ
1811 5170 1949 5240 λαμ-

343 5271 610 5342 πρότητα
649 5265 745 5319 τοῦ
777 5263 912 5317 Θεοῦ
957 5264 1051 5317 καλ⁸
1081 5261 1294 5334 Πατρός
1314 5278 1330 5294 ο
1379 5262 1667 5326 εύωδιάξει
1699 5263 1756 5315 δὲ
1787 5263 1951 5316 πάλιν

341 5365 415 5417 αύ
433 5363 521 5415 τὸν
567 5359 680 5433 [Ion
715 5355 928 5429 eam],
957 5355 1100 5412 κατά
1126 5371 1212 5426 γε,
1264 5356 1429 5429 φημὶ,
1475 5355 1575 5425 τὴν
1617 5357 1813 5428 νοητὴν
1839 5356 1898 5408 εὑ
1928 5385 1950 5394 -

344 5453 580 5518 οσμίαν.
642 5449 852 5519 Ὠσπερ
908 5448 1108 5510 τοίνυν,
1166 5447 1255 5500 ἐπί
1301 5464 1360 5500 τε
1429 5445 1522 5500 τοῦ
1587 5447 1946 5518 μαργαρίτου,

342 5545 444 5599 καὶ
486 5541 604 5614 μὴν
655 5537 750 5594 καὶ
795 5537 890 5594 τοῦ
941 5543 1153 5611 γρξνου,
1209 5539 1403 5590 νοεῖται
1455 5538 1636 5609 μέντοι
1689 5541 1848 5612 σῶμα
1889 5538 1952 5593 τὸ

1988 4510 2030 4563 D

2064 3262 2241 3315 omnis
2295 3277 2516 3328 prorsus
2557 3272 2855 3331 expertem.
2912 3262 3016 3317 Sed
3080 3263 3220 3317 labia
3278 3272 3462 3316 nostra
3505 3278 3645 3332 quo-

2065 3369 2187 3406 nam
2244 3355 2402 3406 modo
2449 3355 2752 3421 contingat,
2803 3355 2954 3408 docet
3018 3355 3208 3409 beatus
3273 3354 3472 3409 Paulus
3521 3370 3645 3408 cum

2063 3442 2238 3496 dicit:
2277 3459 2296 3492 ι
2350 3441 2522 3509 Prope
2600 3452 2647 3495 te.
2678 3452 2762 3496 est
2803 3444 3025 3497 verbum
3084 3443 3136 3496 in
3187 3459 3282 3496 ore
3333 3453 3444 3501 tuo.
3496 3452 3550 3495 et
3591 3443 3643 3494 in

2062 3534 2224 3587 corde
2263 3543 2353 3585 tuo
2388 3534 2551 3600 :quia
2575 3533 2617 3584 si
2645 3533 2847 3588 dixeris
2881 3534 2934 3585 in
2970 3548 3065 3586 ore
3098 3543 3186 3587 tuo
3210 3533 3333 3602 quia
3382 3532 3644 3586 Dominus

2059 3625 2242 3688 Jesus,
2270 3633 2323 3678 et
2356 3625 2653 3680 credideris
2691 3625 2742 3678 in
2781 3627 2946 3679 corde
2980 3635 3071 3679 tuo
3121 3625 3246 3693 qnia
3303 3625 3448 3679 Deus
3495 3625 3643 3678 illum

2062 3719 2344 3772 suscitavit
2371 3735 2400 3772 a
2439 3717 2688 3780 mortuis,
2733 3718 2917 3772 salvus
2950 3721 3082 3773 eris.
3139 3719 3314 3772 Corde
3348 3718 3492 3771 enim
3525 3733 3646 3772 cre-

2063 3812 2205 3864 ditur
2240 3812 2302 3862 ad
2326 3811 2617 3878 justitiam,
2649 3827 2742 3864 ore
2773 3820 2950 3863 autent
3001 3795 3270 3865 confessio
3307 3810 3366 3862 fit
3406 3809 3471 3862 ad
3496 3811 3644 3863 salu-

2063 3904 2252 3958 tem“.
2285 3923 2303 3954 ι
2329 3904 2533 3956 Dicitur
2561 3912 2736 3956 autem
2766 3902 2987 3956 carboni
3016 3902 3328 3970 persimilis,
3352 3912 3640 3970 propterea

2061 3995 2202 4065 quod
2239 4011 2303 4048 ex
2326 3995 2533 4048 duabus
2569 4009 2632 4047 ac
2669 3993 3024 4047 dissimilibus
3078 3994 3240 4046 rebus
3295 3993 3636 4060 intelligitur,

2060 4087 2154 4142 sed
2188 4087 2261 4138 ita
2290 4087 2583 4140 secundum
2633 4088 2913 4138 veritatem
2959 4085 3432 4147 convenientibus,
3492 4093 3545 4136 ut
3589 4085 3638 4137 in

2062 4178 2322 4230 unitatem
2389 4177 2773 4242 propemodum
2829 4173 3243 4244 eonjungantur.
3299 4172 3442 4242 Ignis
3495 4176 3640 4228 enim

2061 4271 2148 4322 ubi
2190 4270 2390 4338 lignum
2438 4269 2757 4338 penetrarit,
2801 4267 2926 4322 illud
2958 4267 3008 4320 in
3043 4282 3195 4321 suam
3251 4266 3423 4335 ipsius
3476 4265 3642 4320 clari-

2062 4370 2222 4416 tatem
2271 4376 2335 4416 ac
2386 4361 2528 4413 vires
2582 4360 2865 4423 transfert,
2906 4374 2970 4413 eo
3032 4368 3210 4412 tamen
3246 4368 3463 4410 servato
3497 4357 3639 4425 quod

2060 4461 2194 4505 erat.
2221 4451 2525 4522 Margaritae
2549 4467 2608 4506 se
2633 4467 2820 4506 rursus
2849 4458 3127 4518 comparat
3158 4449 3414 4503 Dominus
3455 4459 3645 4503 noster

2058 4540 2212 4596 Jesus
2255 4544 2502 4596 Christus
2547 4558 2668 4595 eum
2727 4543 2901 4595 dicit:
2943 4558 2961 4591 ι
3024 4539 3212 4592 Simile
3270 4546 3354 4592 est
3405 4554 3632 4607 regnum

2057 4632 2314 4686 caelorum
2339 4631 2540 4686 homini
2571 4629 2892 4696 negotiatori
2934 4627 3196 4695 qumrenti
3230 4625 3398 4680 bonas
3429 4642 3644 4693 marga-

2058 4723 2192 4774 ritas
2226 4740 2240 4775 :
2280 4724 2492 4774 inventa
2526 4731 2702 4774 autem
2735 4735 2836 4772 una
2881 4719 3114 4787 pretiosa
3145 4718 3458 4787 margarita,
3493 4717 3640 4770 vadit

2057 4821 2111 4865 et
2144 4812 2328 4864 vendit
2376 4813 2623 4865 universa
2666 4828 2784 4880 qua:
2835 4809 3016 4872 habet,
3059 4817 3112 4862 et
3155 4811 3285 4864 emit
3317 4810 3460 4862 illam
3497 4809 3564 4862 ⁸⁸.
3611 4825 3633 4858 ι

2055 4901 2175 4954 Alio
2225 4917 2438 4972 quoque
2477 4903 2636 4955 modo
2663 4903 2808 4956 illum
2839 4915 2959 4954 sese
3003 4901 3156 4955 nobis
3199 4902 3438 4954 indicare
3477 4899 3644 4952 audio

2055 4991 2365 5047 dicentem:
2403 5011 2420 5044 ι
2458 4994 2566 5063 Ego
2593 4992 2690 5046 llos
2712 4994 2909 5062 campi,
2937 4992 3108 5044 lilium
3148 4993 3472 5046 convallium
3496 4992 3562 5044 ⁸⁸.
3611 5010 3630 5042 ι

2055 5083 2185 5138 Cum
2211 5085 2352 5138 enim
2374 5086 2424 5138 in
2466 5101 2559 5138 sua
2587 5094 2776 5137 natura
2825 5084 3062 5136 divinam
3113 5083 3416 5137 claritatem
3446 5082 3537 5136 Dei
3570 5098 3638 5137 ac

2055 5173 2232 5229 Patris
2282 5176 2500 5241 habeat,
2553 5177 2692 5229 idem
2751 5185 3008 5242 prtelerea
3043 5176 3212 5244 Spirat
3255 5175 3473 5226 odorem
3507 5190 3631 5228 sua-

2057 5268 2338 5322 veolentim
2397 5268 2675 5338 spiritalis.
2729 5266 2795 5321 Ut
2847 5281 2976 5333 ergo
3024 5266 3074 5318 in
3125 5265 3439 5332 margarita,
3472 5275 3636 5332 atque

2058 5357 2222 5410 etiam
2269 5356 2402 5420 lilio,
2453 5356 2704 5424 quamvis
2731 5355 3032 5422 subjectum
3068 5353 3173 5407 illis
3230 5369 3425 5422 corpus
3459 5353 3634 5418 perci-

2059 5447 2258 5515 piatur,
2297 5447 2516 5501 claritas
2546 5458 2724 5499 tamen
2777 5461 2868 5498 seu
2906 5445 3038 5497 odor
3065 5459 3128 5498 ex
3161 5446 3376 5514 propria
3427 5445 3636 5498 ratione

2058 5537 2126 5592 ab
2151 5539 2256 5594 illis
2309 5539 2502 5607 quibus
2535 5539 2740 5601 insunt,
2771 5547 3024 5604 tanquam
3061 5536 3274 5592 diversa
3311 5544 3629 5598 noscuntur,

418 5724 466 5756 ⁸³
496 5721 609 5777 lsa.
643 5735 715 5788 τι,
751 5717 805 5790 6,
833 5718 886 5775 7.
968 5720 1010 5747 "‘
1039 5717 1196 5772 lium.
1235 5733 1288 5784 κ,
1325 5719 1478 5776 8.-10.
1572 5721 1614 5746 ⁸⁸
1645 5719 1830 5776 Matth.
1863 5735 1958 5775 aut

2064 5720 2106 5787 ’5,
2145 5720 2230 5776 xiii.
2327 5720 2372 5752 ⁸⁶
2401 5720 2553 5778 Cant.
2593 5732 2648 5786 ll,
2685 5717 2733 5772 l.
