3926 6126
136 5312 201 5353 \

296 280 301 291 '
367 298 431 351 es
1391 315 1450 371 ε.
1492 292 1764 377 crutLu
1803 304 2272 387 AILEXANDMNI
2309 332 2631 396 suculae.
3554 357 3625 411 δι

363 416 458 471 sed
509 415 751 474 vicissim
809 435 1025 493 propria
1078 438 1203 484 sunt
1234 430 1570 504 habentium,
1601 454 1707 495 non
1741 442 1811 497 ab
1856 444 1916 499 ei:

2040 447 2414 520 ὑποκείμενον,
2451 453 2486 523 ἡ
2542 453 2601 505 δέ
2648 470 2713 522 γε
2762 454 2821 509 ἓν
2872 454 3024 527 αὐτῷ
3068 455 3414 531 λαμπρότης,
3462 461 3629 532 ἦγουν

363 506 560 573 aliena,
580 523 702 564 cum
728 511 780 566 in
811 513 916 569 illis
932 516 1368 588 inseparabiliter
1392 527 1634 584 haereant
1661 550 1672 584 :
1698 534 1765 587 ad
1787 549 1940 590 eum-

363 600 485 653 dem
510 614 726 672 quoque
775 606 992 661 modum
1026 609 1092 663 de
1137 610 1488 671 Emmanuele
1522 620 1640 689 ipso
1674 626 1831 679 nobis
1857 638 1941 682 est

361 691 781 749 existimandum
816 712 878 752 ac
919 702 1281 759 sentiendum.
1314 705 1535 764 Naturae
1579 728 1814 786 namque
1848 734 1936 773 ra-

365 783 512 836 tione
561 784 789 840 diversa
826 800 951 844 sunt
1002 792 1255 850 divinitas
1295 807 1350 852 et
1387 816 1516 856 caro
1552 819 1568 857 :
1607 806 1699 859 sed
1742 823 1939 878 corpus

364 871 529 931 Verbi
577 885 849 948 proprium
905 898 1043 948 erat,
1086 903 1259 958 neque
1300 892 1600 962 seiunctum
1639 917 1670 955 a
1712 917 1937 971 corpore

362 960 490 1016 illud
515 966 717 1020 unitum
750 972 962 1039 corpori
997 972 1230 1031 Verbum
1263 997 1277 1033 :
1312 960 1453 1037 haud
1471 989 1615 1041 enim
1658 991 1821 1047 aliter
1846 996 1931 1050 iu-

281 1078 285 1085 ~
364 1052 605 1122 telligere
649 1056 729 1112 fas
769 1069 854 1115 est
898 1060 1331 1134 Emmanuelem,
1385 1074 1439 1128 id
1485 1088 1589 1142 est,
1643 1079 1933 1140 Nobiscum

363 1140 525 1198 Deus.
580 1143 770 1214 Itaque
828 1165 1215 1225 nonnunquam
1242 1170 1299 1214 ut
1349 1163 1531 1231 homo,
1575 1180 1631 1224 et
1675 1187 1740 1226 ex
1781 1190 1933 1230 men-

361 1247 490 1288 sura
545 1251 657 1292 sua:
711 1242 1099 1302 exinanitionis
1166 1252 1403 1318 seipsum
1446 1259 1602 1315 nobis
1665 1263 1931 1337 indicans,

361 1323 620 1382 diccbat:
670 1348 689 1382 ι
726 1329 896 1387 Nemo
931 1337 1069 1390 tollit
1115 1342 1351 1398 animam
1409 1362 1582 1404 meam
1615 1367 1643 1406 a
1682 1360 1864 1423 me";
1907 1380 1926 1412 ι

361 1415 651 1483 aliquando
691 1437 878 1477 rursus
915 1434 1166 1497 tauquam
1197 1431 1340 1490 Deus
1377 1438 1632 1508 Verbum,
1676 1456 1729 1500 et
1760 1451 1931 1519 utqui

359 1503 427 1557 de
454 1506 614 1572 caelo,
640 1509 745 1579 33
777 1522 832 1567 et
857 1530 994 1571 unus
1027 1534 1148 1573 cum
1174 1538 1268 1578 sua
1305 1541 1467 1583 carne
1491 1532 1885 1607 intelligeretur
1913 1559 1926 1596 :

366 1614 385 1646 ι
414 1595 582 1653 Nemo
604 1605 866 1667 ascendit,
900 1607 1094 1677 inquit,
1123 1614 1173 1667 in
1207 1616 1422 1685 caelum,
1449 1624 1553 1678 nisi
1587 1628 1675 1695 qui
1701 1630 1929 1688 descen-

358 1686 439 1739 dit
471 1688 538 1743 de
561 1690 721 1759 caelo,
752 1694 922 1751 Filius
951 1699 1183 1758 hominis
1214 1707 1281 1762 ⁸⁸.
1321 1729 1341 1760 ι
1390 1710 1521 1768 Cum
1562 1686 1726 1787 igitur
1755 1686 1926 1792 ipsum

360 1776 556 1834 Filium
587 1797 756 1840 sacrae
782 1787 996 1844 Littera:
1014 1794 1246 1866 undique
1271 1801 1323 1853 in
1356 1776 1617 1862 unitatem
1654 1776 1929 1883 insepara-
1958 1787 2000 1843 Β

320 1908 337 1929 .
358 1869 520 1925 bilem
551 1888 842 1947 veramque
873 1884 1218 1956 coniungant,
1266 1893 1399 1948 etin
1430 1913 1590 1954 unam
1638 1917 1927 1971 personam

359 1961 604 2033 redigant
630 1963 683 2018 in
707 1967 846 2035 lide;
873 1971 960 2027 hic
979 1985 1154 2032 tamen
1185 1996 1350 2038 vanus
1368 1986 1526 2043 homo
1550 1993 1729 2048 multis
1755 1998 1929 2054 modis

357 2051 636 2123 disiungit,
695 2067 749 2112 et
808 2062 1067 2121 adversus
1133 2071 1306 2139 ipsum
1357 2090 1571 2147 quoque
1643 2084 1922 2143 Christum

359 2153 560 2202 temere
578 2161 829 2221 nugatur,
857 2155 1020 2211 Deum
1055 2164 1331 2233 appellans
1373 2170 1499 2227 illud
1529 2190 1594 2229 cx
1624 2176 1786 2235 Patre
1819 2183 1927 2238 Deo

353 2231 612 2305 Verbum,
646 2249 703 2294 ut
746 2246 961 2312 quidem
1005 2266 1105 2304 suo
1139 2254 1257 2311 loco
1299 2275 1362 2313 ac
1415 2273 1655 2334 tempore
1706 2286 1927 2340 progre-

355 2328 508 2384 diens
529 2335 703 2388 oratio
746 2336 907 2405 plane
954 2343 1186 2402 docebit.
1230 2349 1462 2407 Simulat
1508 2359 1654 2413 enim
1699 2377 1758 2417 se
1814 2382 1927 2420 me-

355 2427 525 2484 tuere,
560 2439 625 2476 ne
644 2428 910 2495 quispiam
942 2434 1066 2486 dum
1099 2450 1300 2495 sanctas
1333 2442 1576 2513 Virginis
1620 2459 1922 2512 reverentia

354 2513 529 2568 victus
554 2514 697 2580 illam
727 2518 818 2573 Dei
844 2524 1159 2590 genitricem
1184 2539 1745 2598 vocat,conl‘usionem
1764 2556 1932 2619 atque,

354 2604 664 2661 mislionem
717 2612 1143 2672 substantiarum
1186 2622 1326 2678 inter
1371 2642 1430 2682 se
1466 2629 1663 2687 factam
1702 2651 1918 2706 putans,

350 2693 606 2751 Ecclesiae
635 2700 881 2770 dogmata
921 2706 1190 2780 deturpet,
1237 2722 1482 2784 quamvis
1512 2724 1585 2779 ita
1619 2693 1776 2784 nemo
1796 2746 1922 2786 sen-

352 2785 452 2838 tiat
477 2803 490 2838 :
519 2788 613 2841 sed
668 2800 725 2844 ut
761 2795 999 2864 corrigat
1031 2802 1257 2870 scilicet,
1304 2816 1361 2862 ut
1398 2810 1515 2880 ipse
1556 2826 1726 2885 putat,
1755 2835 1920 2889 grave

350 2876 450 2930 hoc
480 2879 702 2948 malum,
740 2899 952 2941 sursum
987 2891 1236 2949 deorsum
1272 2902 1452 2955 omnia
1497 2906 1708 2972 miscet,
1770 2924 1914 2967 recta

346 2979 581 3036 veraque
610 2976 875 3029 sententia
913 2981 1156 3048 neglecta
1195 3003 1208 3038 :
1251 2988 1332 3041 sic
1361 3004 1594 3060 namque
1632 2998 1806 3053 dixit:

2040 537 2236 592 εὐωδία
2274 540 2390 594 κατ’
2422 541 2552 595 ῐδιον
2600 542 2781 612 λόγον,
2827 545 2903 609 ὡς
2934 546 3098 617 ἕτερα
3133 549 3232 618 μὲν
3281 550 3434 621 παρὰ
3467 553 3536 605 τὰ
3569 556 3623 607 ὲν

2039 623 2120 692 οἷς
2148 631 2315 685 εἰσιν·
2351 631 2457 686 ἴδια
2491 633 2549 687 δὲ
2580 635 2742 690 πάλιν
2769 636 2949 691 αὐτῶν
2977 640 3070 693 καὶ
3098 641 3198 694 οὐκ
3222 641 3477 714 ἀλλότρια
3518 645 3628 699 τῶν

2039 721 2269 791 ἐχόντων
2317 725 2434 778 ἐστὶ
2462 727 2530 780 τὰ
2564 728 2884 799 ἀχωρίστως
2928 733 3303 801 ὲμπεφυκότα,
3352 735 3492 788 κατά
3536 737 3625 791 τὸν

2039 813 2220 878 αὑτὸν,
2252 810 2432 885 οἶμαι,
2461 816 2662 887 τρόπον
2694 819 3026 892 λογιούμεθά
3046 839 3102 876 τε
3134 823 3228 877 καὶ
3258 826 3622 896 φρονήσομεν,

2037 903 2131 955 καὶ
2165 904 2257 957 ἐπί
2287 920 2351 972 γε
2378 905 2474 959 τοῦ
2525 908 2873 982 Ἐμμανουήλ
2896 929 2910 942 ·
2942 913 3157 984 ἑτεροῖα
3204 916 3303 985 μὲν
3343 916 3452 987 γὰρ
3483 917 3623 969 κατὰ

2035 994 2135 1063 τὴν
2178 995 2361 1064 φύσιν,
2408 997 2599 1070 θεότης
2631 1019 2691 1054 τε
2732 1002 2829 1057 καὶ
2862 1004 3032 1077 σάρξ·
3072 1006 3188 1060 ἀλλ’
3240 1007 3368 1060 ἴδιον
3413 1004 3482 1080 ἦν
3526 1008 3620 1062 τοῦ

2038 1086 2215 1155 Λόγου
2242 1089 2303 1141 τὸ
2339 1090 2530 1171 σῶμα·
2560 1091 2657 1145 τοῦ
2688 1093 2744 1147 δὲ
2793 1093 3046 1166 σώματος
3070 1098 3132 1151 οῦ
3164 1100 3565 1171 κεχωρισμένος
3593 1103 3621 1152 6

2038 1177 2257 1242 ένωθεὶς
2310 1154 2461 1251 αὐτῷ
2478 1154 2703 1251 κΛόγοςι
2752 1154 2926 1240 νοοῖτο
2973 1154 3082 1260 γάρ
3130 1154 3262 1243 ὧδέη
3277 1154 3338 1244 τὲ
3381 1154 3475 1245 καὶ
3519 1193 3618 1262 οὐχ

2036 1271 2238 1342 ἑτέρως
2269 1275 2298 1327 ὁ
2342 1274 2714 1349 Ἐμμανουὴλ,
2747 1281 3016 1345 τουτέστι,
3049 1283 3186 1338 Μεθ’
3218 1286 3377 1356 ἡμῶν
3405 1289 3434 1340 ό
3461 1286 3613 1351 Θεός.

2034 1363 2341 1435 Τοιγάρτοι,
2387 1367 2519 1421 ποτὲ
2553 1368 2653 1439 μὲν
2693 1373 2771 1435 ὡς
2812 1373 3116 1443 ἄνθρωπος,
3155 1378 3247 1431 καί⁵
3276 1379 3341 1431 ὲκ
3373 1379 3480 1433 τῶν
3516 1381 3610 1452 τῆς

2032 1457 2314 1520 κενώσεως
2362 1458 2576 1530 μέτρων
2623 1463 2814 1518 ἑαυτὸν
2867 1468 3000 1537 ἡμῖν
3056 1469 3276 1541 ἐμφανῆ
3326 1470 3610 1537 καθιστάς,

2032 1547 2301 1615 ἔφασκενο
2342 1569 2361 1602 ι
2399 1551 2588 1617 Οὐδεὶς
2612 1556 2760 1625 αἴρει
2789 1558 2888 1628 τὴν
2918 1557 3098 1630 ψυχήν
3129 1579 3231 1631 μου
3270 1563 3365 1615 ἀπ’
3391 1564 3525 1633 ἐμοῦ
3547 1581 3561 1596 ο
3585 1582 3604 1617 ι

2032 1639 2161 1693 ποτὲ
2187 1638 2251 1710 δὴ
2287 1639 2395 1713 [ισ.
2427 1643 2508 1715 δὲ]
2549 1645 2731 1713 πάλιν,
2762 1647 2838 1712 ὡς
2861 1649 2993 1713 Θεὸς
3023 1649 3100 1704 ὢν
3126 1653 3155 1704 δ
3185 1653 3376 1721 Λόγος,
3417 1655 3513 1709 καὶ
3552 1656 3611 1721 ἐξ

2032 1729 2258 1801 οὐρανοῦ
2296 1732 2611 1805 νοούμενος,
2645 1734 2849 1818 misi;
2880 1741 3016 1810 μετὰ
3060 1743 3162 1813 τῆς
3210 1743 3348 1808 ἰδίας
3383 1747 3606 1818 σαρκὸς,

2039 1838 2058 1872 ‹
2088 1821 2277 1885 Οὐδεὶς
2305 1823 2633 1898 ἀναϐέϐηκε,
2665 1812 2848 1900 φησὶν,
2882 1833 2962 1894 εις
2993 1832 3084 1886 τδν
3112 1812 3360 1904 οὐρανὸν,
3394 1812 3551 1910 ειμι,
3578 1842 3608 1894 ὁ

2030 1914 2096 1967 ἐκ
2129 1913 2224 1968 τοῦ
2254 1915 2484 1988 οὐρανοῦ
2533 1920 2796 1987 καταϐὰς,
2826 1923 2855 1976 ὁ
2905 1923 3032 1989 Υἱὸς
3079 1924 3174 1979 τοῦ
3223 1927 3532 1998 ἀνθρώπου.
3581 1948 3601 1982 ι

2030 2003 2370 2075 Πανταχόθεν
2423 2008 2601 2063 τοίνυν
2651 2014 2732 2075 είς
2784 2011 2977 2069 ἕνωσιν
3028 2016 3357 2088 άδιάτμητόν
3409 2036 3466 2072 τε
3515 2021 3606 2073 καὶ

2027 2095 2200 2166 ἀληθῆ
2248 2098 2558 2164 συνδέοντος
2608 2105 2741 2172 ἡμῖν
2788 2103 2881 2157 τοῦ
2936 2106 3082 2177 ἱεροῦ
3132 2108 3466 2180 Γράμματος
3515 2110 3607 2164 τὸν

2028 2185 2177 2252 Υίὸν,
2212 2189 2304 2241 καὶ
2349 2193 2429 2255 είς
2476 2194 2764 2263 πρόσωπον
2796 2195 2855 2250 ἒν
2897 2199 3263 2270 άποφέροντος
3311 2203 3369 2255 ἐν
3402 2202 3602 2267 πίστει,

2028 2276 2262 2350 διίστησι
2292 2281 2571 2352 πολλαχῶς
2615 2287 2643 2337 6
2676 2288 2928 2357 περιττὸς
2969 2291 3170 2354 οὐτοσὶ,
3223 2293 3318 2345 καὶ
3362 2294 3605 2361 πεφλυά-

2029 2386 2196 2439 ρηκεν
2233 2373 2353 2441 είκῆ
2390 2374 2481 2426 καὶ
2513 2375 2677 2428 αὑτοῦ
2707 2375 2800 2429 τοῦ
2848 2378 3109 2448 Χριστοῦ,
3142 2382 3274 2435 Θεὸν
3319 2383 3605 2453 ὀνομάζων

2025 2461 2117 2513 τὸν
2146 2463 2210 2515 ἐκ
2247 2463 2382 2516 Θεοῦ
2416 2464 2629 2536 Πατρδς
2656 2468 2826 2536 Λόγον
2845 2485 2859 2499 ⁸
2889 2469 3137 2542 καθάπερ
3164 2473 3356 2540 ἀμέλει
3395 2475 3604 2546 προῖὼν

2027 2552 2057 2604 ό
2100 2553 2257 2623 λόγος
2301 2556 2563 2621 ὲκδιδάξει
2612 2560 2820 2630 σαφῶς,
2851 2563 2927 2626 ὠς
2975 2566 3031 2616 ὲν
3063 2565 3249 2637 οἰκείῳ
3291 2566 3463 2637 καιρῷ
3501 2568 3598 2621 καὶ

2025 2643 2195 2714 τόπῳ.
2220 2647 2665 2704 -Ὑποπλόιττεται
2699 2652 2794 2721 μὲν
2838 2653 2946 2725 γὰρ
2987 2655 3216 2709 δεδιέναι
3246 2657 3320 2728 μὴ
3365 2658 3471 2728 ἄρα
3515 2676 3600 2723 τις

2023 2734 2162 2787 αἰδοῖ
2200 2738 2266 2806 τῇ
2314 2739 2444 2809 περὶ
2475 2739 2574 2810 τὴν
2611 2742 2770 2809 ἁγίαν
2818 2743 3091 2814 Παρθένον
3120 2745 3449 2815 ἡττώμενος,
3484 2743 3602 2802 εἶτα

2021 2823 2282 2878 Θεοτόκον
2305 2828 2476 2899 αὐτὴν
2495 2832 2787 2902 ὀνομάσας,
2813 2835 3025 2906 φυρμὸν
3045 2837 3140 2891 καὶ
3159 2839 3478 2909 ἀνάκρασιν,
3503 2841 3600 2912 τὴν

2018 2916 2099 2977 εἰς
2123 2915 2359 2986 ἀλλήλας
2382 2936 2455 2988 φη
2464 2920 2547 2989 μἰ,
2571 2921 2681 2974 τῶν
2708 2923 3064 2980 ὑποστάσεων
3084 2927 3336 2996 γενέσθαι
3352 2930 3595 3000 νομίσας,

2018 3005 2126 3058 τῶν
2149 3007 2250 3077 τῆς
2287 3008 2612 3078 Ἐκκλησίας
2641 3012 2926 3084 δογμάτων
2964 3019 3207 3091 καταχέῃ
3241 3020 3303 3073 τὸ
3330 3021 3594 3083 ἀκαλλὲς·

1508 3057 1520 3060 _
2034 3057 2040 3058 κ
2111 3057 2115 3058 ν
2164 3057 2247 3077 νγισ
2304 3057 2610 3078 -η-μ-Ὶν-νυν
2644 3057 2923 3084 v'.r-wuwv
2967 3057 3207 3091 nuru-Lar“
3252 3057 3303 3073 IV
3330 3057 3560 3083 μῆωηιδῠῃ

344 3057 520 3112 καίτοι
558 3061 720 3117 τοῦτο
764 3069 1083 3136 φρονοῦντος
1117 3074 1327 3139 οὐδενός
1351 3094 1363 3109 '
1401 3080 1718 3154 ἐπανορθῶν
1753 3089 1832 3156 δὲ,
1866 3093 1941 3157 ὡς
1977 3095 2170 3161 οἴεται,
2209 3096 2270 3150 τὸ
2305 3098 2497 3167 δεινὸν,
2530 3101 2642 3157 ἄνω
2669 3096 2730 3157 τε
2764 3107 2859 3161 καὶ
2882 3108 3033 3162 κάτω
3067 3110 3136 3164 τὰ
3172 3111 3351 3166 πάντα
3383 3114 3594 3183 συγχεῖ,

344 3146 450 3183 mf“.
488 3152 568 3183 ει..
610 3152 872 3183 Αλιιλ----
906 3160 996 3183 -.-ἱ
1037 3163 1191 3183 L\1n,
1331 3168 1343 3183 ο
1453 3171 1503 3183 κ.
1656 3179 1667 3183 -
1805 3181 1828 3183 ,Α

341 3146 450 3202 τῶν
487 3152 568 3214 είς
609 3152 876 3224 ὀρθότητα
906 3160 1001 3211 καὶ
1032 3163 1289 3233 ἀλήθειαν
1320 3146 1618 3244 ἀφειδήσας
1652 3146 1869 3234 ὲννοιιῦν
2216 3146 2389 3254 ᾅῖιτζυς
2409 3205 2429 3221 '

420 3239 700 3311 [Νεετοιι.
757 3246 814 3301 Si
862 3248 966 3303 [ide
1010 3253 1238 3323 simplici
1290 3239 1569 3331 Deiparam
1615 3271 1910 3343 proferres,

420 3331 486 3367 ιι.»
520 3345 656 3367 nam.
692 3339 830 3367 ...ηηι
860 3356 942 3367 ...Α
967 3343 1210 3367 ,ιιηεηηκ
1249 3350 1260 3367 ρ
1608 3361 1656 3367 --

2033 3239 2047 3258 ⁸
2087 3239 2176 3352 ἰΕί
2366 3239 2615 3350 ῗπίστεως
2646 3287 2842 3359 ἁπλῆς,
2872 3290 2952 3355 τὸ,
2982 3291 3240 3358 Θεοτόκος
3268 3297 3597 3367 προέφερες,

342 3331 488 3385 nulla
520 3345 661 3388 esset
690 3339 830 3405 apud
860 3356 943 3394 me
963 3343 1214 3403 dictionis
1246 3350 1472 3422 invidia,
1511 3361 1659 3414 verbi
1687 3378 1908 3421 sensum

339 3425 718 3495 exquirentem
745 3448 759 3485 :
787 3434 880 3487 sed
903 3435 1027 3504 quia
1058 3439 1213 3496 video
1249 3452 1299 3497 te
1333 3458 1596 3515 praetextu
1617 3469 1745 3524 erga
1780 3457 1911 3512 bea-

345 3526 449 3568 tam
472 3515 694 3574 Mariam
721 3521 965 3592 honoris,
995 3528 1374 3591 haereticorum
1408 3543 1733 3601 conlirmare
1762 3547 1908 3604 blas-

341 3605 637 3673 phemiam,
700 3611 820 3666 idco
859 3615 1109 3673 dictionis
1145 3624 1498 3690 prolationem
1550 3643 1707 3691 caute
1771 3653 1911 3708 pra:-

342 3698 547 3762 munio,
585 3715 707 3756 cum
758 3706 1056 3773 periculum
1108 3712 1160 3766 in
1196 3728 1259 3769 ea
1307 3716 1544 3776 dictione
1596 3725 1771 3782 latens
1818 3745 1909 3784 su-

338 3797 581 3856 spectum
619 3791 869 3849 habeam.
905 3797 958 3852 Id
1003 3811 1061 3853 ut
1089 3802 1291 3861 clarius
1322 3808 1517 3875 dicam,
1547 3821 1601 3868 et
1630 3815 1697 3869 ab
1726 3819 1907 3874 eumi-

338 3879 439 3934 bus
481 3883 681 3954 percipi
725 3885 933 3944 facilius
963 3894 1153 3960 possit,
1193 3899 1285 3966 qui
1317 3898 1506 3956 Arium
1541 3907 1729 3962 sectati
1758 3919 1903 3975 sunt,

335 3978 387 4023 et
423 3970 745 4031 Euuomium
777 3991 830 4033 ct
857 3981 1278 4054 Apollinarium,
1300 4002 1352 4046 et
1376 3996 1617 4051 omnium
1639 4000 1905 4068 ejusmodi

335 4061 550 4119 familia:
586 4068 862 4125 hominum
894 4076 1073 4142 chori,
1134 4082 1456 4139 studuerunt
1498 4085 1592 4142 Dei
1625 4090 1904 4160 genitricis

334 4157 745 4224 appellationem
772 4168 1049 4233 invehere,
1087 4181 1144 4224 ut
1182 4172 1326 4227 facta
1358 4177 1633 4247 mistione,
1667 4183 1903 4241 duabus-

333 4260 438 4314 que
463 4251 674 4305 naturis
711 4255 933 4310 minime
962 4259 1253 4328 distinctis,
1282 4268 1415 4322 nihil
1443 4287 1509 4325 ex
1542 4273 1626 4328 his
1659 4289 1778 4343 qua:
1806 4277 1907 4340 uti-

331 4335 467 4391 liora
502 4349 647 4406 sunt,
691 4343 756 4396 de
805 4347 1146 4405 humanitate
1190 4354 1393 4410 dictum
1434 4363 1795 4433 acciperetur,
1839 4383 1903 4424 ac

330 4426 482 4485 locus
515 4431 619 4486 illis
658 4433 772 4503 jam
809 4438 1071 4494 adversus
1099 4443 1268 4512 ipsam
1305 4426 1643 4508 divinitatem
1669 4466 1898 4524 pateret,

332 4527 586 4587 tanquam
636 4527 815 4581 omnia
870 4529 938 4584 ab
995 4546 1103 4587 uno
1156 4536 1488 4606 dicerentur,
1529 4558 1635 4597 non
1691 4547 1900 4605 ratione

330 4610 607 4681 dignitatis
657 4632 720 4673 ex
770 4621 884 4690 ipsa
926 4624 1311 4691 conjunctione
1362 4638 1769 4704 consequentis,
1807 4641 1902 4696 sed
1936 4636 1980 4691 D

330 4700 500 4769 ipsius
530 4707 736 4760 ratione
771 4722 996 4768 natura).
1039 4716 1188 4774 Unus
1232 4731 1315 4777 est
1358 4700 1591 4797 namque
1626 4727 1897 4800 Christus,

327 4801 383 4845 et
417 4808 556 4848 unus
589 4795 867 4865 Dominus,
916 4806 1009 4860 sed
1049 4808 1102 4860 in
1127 4809 1365 4877 Christo,
1398 4815 1449 4868 in
1489 4795 1786 4887 unigenito,
1815 4822 1899 4877 in-

326 4901 509 4955 quam,
541 4886 698 4957 Filio,
725 4902 778 4945 et
802 4893 1001 4949 Christi
1028 4914 1218 4953 nomen
1246 4913 1300 4956 et
1329 4903 1448 4959 Filii
1484 4924 1627 4964 nunc
1659 4912 1725 4965 de
1755 4915 1895 4970 divi-

324 4980 513 5048 nitate,
543 5000 685 5039 nunc
733 4988 799 5041 de
848 4989 1201 5061 humanitate,
1234 5012 1375 5052 nunc
1427 5001 1494 5055 de
1557 5003 1896 5065 humanitate

323 5071 707 5149 divinitateque
738 5079 979 5153 dicitur.]

978 5221 1130 5278 CAP.
1187 5225 1225 5281 Ι.

206 5358 358 5432 χχ
400 5344 577 5410 Vides,
607 5358 664 5404 ut
706 5354 1092 5426 multiplicibus
1134 5367 1530 5423 sententiarum
1572 5377 1894 5432 commentis

862 5412 875 5426 ,
954 5412 957 5413 ν
995 5412 1088 5417 π,
1134 5412 1530 5423 __-----.-._......
1573 5412 1894 5432 W............

319 5412 485 5510 me
515 5441 778 5510 variatur,
828 5456 883 5502 et
918 5449 1062 5504 illam
1111 5456 1410 5512 secundum
1456 5475 1677 5516 carnem
1730 5478 1894 5533 gene-

319 5532 582 5589 rationem
621 5533 891 5606 Unigeuiti
925 5557 1029 5595 nou
1062 5545 1221 5601 aliter
1252 5548 1485 5607 futuram
1528 5552 1694 5611 fuisse
1728 5532 1890 5613 cona-

389 5709 435 5743 ⁸⁷
458 5708 617 5770 Joan.
646 5729 700 5786 ι,
729 5715 814 5773 l8.
891 5716 1111 5776 “Joau.
1147 5719 1199 5790 5,
1238 5722 1321 5777 l3.

2016 3370 2117 3425 οὐκ
2146 3373 2210 3427 ἄν
2246 3391 2329 3427 σοι
2363 3375 2462 3447 τῆς
2493 3376 2692 3444 λέξεως
2719 3380 3017 3452 ἐφθόνησα,
3046 3385 3139 3438 τὸν
3174 3386 3298 3440 νοῦν
3327 3387 3596 3454 ἐξετάζων

2016 3460 2108 3513 τοῦ
2139 3463 2400 3533 ῥήματος.
2448 3466 2587 3519 Ἀλλ’
2621 3469 2916 3543 ἐπειδήπερ
2950 3472 3059 3544 ὁρῶ
3092 3490 3152 3528 σε
3188 3477 3459 3546 προφάσει
3493 3478 3592 3549 τῆς

2017 3555 2144 3623 περὶ
2171 3556 2271 3625 τὴν
2319 3558 2595 3628 μακαρίαν
2646 3561 2866 3632 Μαρίαν
2909 3564 3096 3634 τιμῆς,
3145 3566 3253 3618 τῶν
3298 3568 3590 3638 αἱρετικῶν

2017 3642 2336 3713 βεϐαιοῦντα
2382 3646 2480 3718 τὴν
2509 3647 2878 3721 βλασφημίαν,
2910 3653 2998 3708 διὰ
3028 3653 3185 3708 τοῦτο
3228 3657 3326 3728 τὴν
3367 3658 3466 3729 τῆς
3508 3659 3592 3712 λέ-

2016 3729 2150 3797 ξεως
2197 3736 2478 3807 προφορὰν
2511 3738 2877 3811 ἀσφαλιζομαι
2899 3760 2912 3774 ·
2943 3744 3034 3797 τὸν
3064 3745 3122 3799 ὲν
3158 3748 3222 3817 τῇ
3271 3748 3412 3815 λέξει
3454 3765 3587 3820 κρυ-

2014 3824 2280 3896 πτόμενον
2312 3827 2554 3881 κίνδυνον
2585 3830 2953 3903 ὑφορώμενος.
2999 3836 3116 3889 Ἵνα
3152 3837 3210 3891 δὲ
3253 3840 3382 3893 αὐτὸ
3425 3841 3588 3909 σαφέ-

2014 3934 2221 3989 στερον,
2257 3920 2354 3974 καὶ
2385 3922 2550 3974 πᾶσιν
2588 3922 2982 3997 εὑληπτότερον
3030 3930 3189 3997 εἴπω,
3219 3934 3332 3994 τοῖς
3377 3932 3586 4005 Ἀρείου

2013 4007 2105 4069 καὶ
2151 4008 2437 4081 Εὐνομίου,
2489 4014 2584 4067 καὶ
2626 4014 3057 4090 Ἀπολλιναρίου,
3094 4022 3187 4074 καὶ
3217 4023 3433 4077 πάντων
3477 4027 3588 4088 τοῖς

2011 4101 2191 4169 χοροῖς
2219 4100 2327 4155 τῶν
2350 4107 2450 4175 τῆς
2469 4106 2722 4179 τοιαύτης
2747 4111 2980 4183 φατρίας
3002 4115 3202 4185 σπουδῇ
3226 4115 3332 4186 [ῑσ.
3359 4117 3585 4190 σπουδὴ]

2010 4190 2272 4246 Θεοτόκον
2304 4195 2561 4265 εἰσάγειν,
2591 4200 2663 4265 ὡς
2713 4204 2963 4275 κράσεως
2992 4206 3299 4277 γινομένης,
3335 4210 3429 4260 καὶ
3477 4209 3586 4260 τῶν

2007 4280 2101 4335 δύο
2130 4284 2345 4352 φύσεων
2376 4287 2452 4359 μὴ
2477 4288 2890 4362 διαιρουμένων,
2920 4296 3084 4365 μηδὲν
3103 4295 3210 4348 τῶν
3244 4295 3475 4348 εὐτελῶν
3505 4299 3585 4361 είς

2007 4373 2107 4446 τὴν
2144 4377 2537 4450 ἀνθρωπότητα
2570 4380 2977 4452 λαμϐάνεσθαιο
3018 4384 3111 4436 καὶ
3155 4384 3337 4456 χώραν
3387 4387 3585 4453 αὐτοὺς

2007 4468 2191 4523 λοιπὸν
2239 4470 2380 4525 κατὰ
2414 4472 2516 4543 τῆς
2554 4473 2807 4546 θεότητος
2853 4474 3016 4545 ἔχειν,
3068 4474 3144 4539 ὡς
3177 4477 3394 4531 πάντων
3424 4478 3582 4548 λεγο-

2011 4562 2186 4633 μένων
2218 4565 2349 4635 παρ’
2379 4566 2520 4630 ἐνὸς,
2553 4567 2613 4619 οὐ
2646 4567 2789 4620 κατὰ
2837 4567 2936 4639 τὴν
2983 4567 3091 4621 ἀπὸ
3133 4568 3232 4642 τῆς
3289 4572 3583 4639 συναφείας

2005 4651 2184 4719 ἀξίαν,
2219 4654 2357 4709 ἀλλὰ
2379 4656 2519 4710 κατὰ
2544 4656 2644 4727 τὴν
2678 4656 2857 4724 φύσιν.
2883 4651 2977 4722 Εἷς
3009 4658 3107 4726 μὲν
3136 4657 3242 4731 γάρ
3267 4660 3295 4713 6
3323 4660 3579 4728 Χριστὸς,

2008 4745 2101 4814 καὶ
2130 4740 2210 4810 εἷς
2247 4747 2477 4819 Κύριος·
2511 4748 2626 4803 ἀλλ’
2654 4747 2746 4801 ἐπὶ
2781 4748 2875 4801 τοῦ
2914 4749 3176 4819 Χριστοῦ,
3219 4751 3314 4804 ἐπὶ
3351 4750 3445 4805 τοῦ
3483 4768 3577 4822 p.0-

2006 4836 2256 4906 νογενοῦς
2293 4837 2436 4907 λέγω
2467 4839 2619 4906 Υίοῦ,
2653 4840 2746 4894 καὶ
2790 4841 2871 4908 τὸ,
2905 4843 3157 4915 Χριστὸς,
3194 4845 3286 4899 καὶ
3315 4846 3395 4912 τὸ,
3431 4846 3577 4911 Υἱὸς,

2004 4928 2136 4982 ποτὲ
2195 4928 2295 4999 μὲν
2339 4930 2433 4981 ἐπὶ
2483 4929 2582 4999 τῆς
2634 4930 2908 5001 θεότητος,
2940 4935 3070 4987 ποτὲ
3107 4934 3162 4988 δὲ
3206 4934 3300 4989 ἐπὶ
3339 4936 3437 5006 τῆς
3482 4938 3577 4991 άν-

2002 5019 2366 5090 θρωπότητος,
2399 5022 2493 5074 καὶ
2531 5020 2781 5092 θεότητος
2812 5022 2924 5095 [τον.
2961 5027 3091 5079 ποτὲ
3123 5025 3178 5081 δὲ
3213 5028 3306 5081 ἐπὶ
3335 5027 3435 5098 τῆς
3483 5028 3578 5082 ἀν-

2007 5110 2403 5183 θρωπότητος.]

2599 5247 2848 5303 ΚΕΦΑΛ.
2891 5253 2970 5304 Α’.

2081 5378 2243 5449 Ὁρᾷς
2275 5379 2424 5444 ὅπως
2474 5381 2833 5453 πολυτρόποις
2883 5386 3107 5441 ἐννοιῶν
3137 5386 3443 5457 εὑρήμασιν
3475 5389 3571 5442 ἀνί

1998 5468 2160 5533 οσίως
2181 5472 2683 5540 καταποικίλλεται,
2708 5477 2803 5529 καὶ
2821 5477 2919 5548 τὴν
2946 5479 3089 5532 κατὰ
3118 5477 3298 5548 σάρκα
3321 5479 3573 5551 γέννησιν

1996 5561 2092 5616 τοῦ
2122 5563 2477 5635 Μονογενοῦς,
2514 5565 2590 5632 ὡς
2620 5568 2718 5622 οὐκ
2748 5570 2811 5625 ἂν
2851 5570 3052 5640 ἑτέρως
3082 5569 3344 5641 ἐσομένην
3383 5573 3566 5646 πειρᾶ-
