3926 6126
324 265 394 321 65

1463 259 1831 315 ADVERSUS
1875 258 2282 316 NESTORIUM
2325 259 2455 317 LIB.
2495 261 2560 316 ll.

3518 263 3587 321 05

326 401 415 438 ται
441 379 733 447 δεικνύειν,
768 379 816 432 ci
847 378 922 450 μή
951 396 1036 442 τις
1068 380 1276 448 γένοιτο
1305 377 1411 433 τῶν
1440 379 1791 433 ὑποστάσεων
1828 379 1904 442 εἰς

2015 387 2101 432 tur
2151 382 2455 445 ostendere,
2494 380 2600 433 nisi
2645 378 2824 449 aliqua
2866 380 3294 435 substantiarum
3343 380 3486 436 inter
3526 396 3587 435 se

330 474 568 546 ἀλλήλας
618 472 897 542 ἀνάχυσις,
952 471 1122 542 ηγουν
1171 469 1492 542 σύγκρασις.
1554 472 1750 524 Καίτοι
1800 470 1904 523 τῶν

2016 469 2337 524 confusione
2390 479 2482 524 aut
2537 471 2917 525 commistione
2962 470 3122 536 facta,
3160 485 3283 524 cum
3338 471 3587 525 doctores

327 568 430 639 τῆς
473 563 798 635 Ἐκκλησίας
828 562 1168 645 διδασκάλων
1208 565 1270 617 οὑ
1313 564 1498 617 τοῦτον
1555 565 1702 635 ἡμᾶς
1742 579 1910 633 μυστ-

329 656 694 727 αγωγούντων
714 653 807 707 τὸν
834 654 1055 722 τρόπον’
1087 653 1305 707 σύνοδον
1321 653 1431 726 γὰρ
1450 653 1624 725 ἀληθῆ
1653 652 1907 723 γενέσθαι

326 749 528 819 φαμὲν,
563 746 869 810 ἑνώσαντος
916 748 1016 816 μὲν
1066 746 1244 817 ἐαυτῷ
1286 746 1379 799 τοῦ
1411 746 1582 815 Λόγου
1614 745 1675 799 τὸ
1723 746 1906 817 σῶμα,

327 840 702 911 μεμενηκότος
739 838 797 891 δὲ
843 839 981 909 ὅπερ
1015 833 1103 908 ἦν.
1153 838 1212 891 Ὀ
1263 838 1320 891 δὲ
1370 839 1479 892 τῶν
1523 838 1781 892 τοιούτων
1829 839 1908 902 είς

325 931 451 988 νοῦν
488 933 629 1004 ἔχων
656 932 831 995 οὐδὲν,
860 930 1255 1001 δεδυσσέεηκεν
1300 931 1362 984 οὑ
1414 931 1671 1003 μετρίως,
1703 931 1909 996 διῖστάς

325 1027 404 1089 είς
433 1025 529 1078 δύο
559 1023 829 1095 πρόσωπά
859 1039 940 1089 τε,
973 1023 1066 1075 καὶ
1100 1023 1448 1087 ὑποστάσεις,
1472 1024 1781 1097 όλοτρόπως
1814 1023 1910 1077 ἀλ-

324 1116 504 1183 λῄλων
555 1112 914 1185 διῃρημένας,
968 1112 1207 1183 ἑκατέρᾳ
1253 1129 1314 1165 τε
1363 1110 1552 1178 λόγους
1593 1113 1720 1175 τοὺς
1770 1112 1907 1183 αὐτῇ

327 1205 640 1276 πρέποντας
686 1203 961 1267 ἀνατιθεὶς
1012 1195 1220 1265 tam.
1275 1202 1386 1255 Kal.
1443 1203 1604 1257 πάλιν
1636 1203 1731 1256 ἕνα
1775 1203 1910 1273 φησὶ

324 1293 563 1366 Χριστὸν
611 1293 817 1364 Ἰησοῦν
846 1293 1070 1362 Κύριον,
1103 1292 1178 1355 ὼς
1212 1290 1501 1361 ἀνθρώπου
1549 1290 1669 1361 Θεῷ
1708 1306 1911 1360 συνημ-

329 1388 494 1459 μένου
524 1385 669 1440 κατὰ
703 1385 870 1457 μόνην
902 1384 999 1455 τὴν
1032 1384 1208 1450 ἀξίαν,
1237 1383 1299 1436 οὐ
1334 1383 1456 1436 καθ’
1486 1382 1679 1435 ’ἐνωσιν
1710 1381 1906 1452 ἀληθῆ,

326 1479 597 1543 τουτέστι,
648 1477 747 1549 τὴν
798 1477 939 1530 κατά
988 1475 1169 1545 φύσιν.
1217 1476 1340 1539 Πῶς
1373 1470 1466 1529 οὖν
1496 1477 1612 1528 ἐστι
1648 1473 1756 1546 [ioc
1790 1473 1910 1537 πῶς

331 1567 426 1624 οὖν
459 1564 541 1632 εἷς
581 1566 720 1640 ἐστι]
772 1565 1005 1637 Χριστὸς
1051 1565 1144 1618 καὶ
1193 1565 1321 1628 Υἱὸς
1366 1564 1429 1617 τὸ
1475 1563 1698 1634 Κύριος,
1752 1562 1910 1633 εῐπερ

332 1664 539 1732 ἀμφοῖν
580 1660 683 1715 ἀνά
732 1660 893 1733 μέρος
922 1657 1215 1729 ἀρμόσειεν
1245 1657 1332 1722 ἂν,
1363 1655 1441 1720 ὡς
1479 1655 1635 1726 ἔφης,
1687 1654 1767 1717 τὸ,
1802 1649 1907 1708 ὧδέ

332 1771 393 1807 τε
425 1752 905 1823 κατονομάζεσθαι,
939 1751 1035 1805 καὶ
1067 1746 1206 1805 εἶναι
1234 1748 1376 1803 κατά
1403 1747 1680 1818 ἀλήθειαν,
1707 1745 1797 1800 διά
1823 1762 1906 1798 τοι

330 1847 392 1899 τὸ
443 1845 715 1916 συμϐῆναι
763 1844 885 1898 καθ’
918 1843 1112 1897 ἕνωσιν
1154 1842 1353 1912 ἥκιστα
1383 1840 1481 1910 μὲν
1516 1838 1761 1907 ἀλλήλων
1806 1834 1907 1901 τάς

331 1938 675 2002 ὑποστάσεις,
708 1934 962 1989 ἐνοῦσθαι
990 1934 1050 1987 δὲ
1079 1934 1223 1987 κατά
1254 1933 1422 2004 μόνην
1446 1933 1545 2002 τὴν
1576 1931 1757 1997 ἀξίαν,
1786 1931 1906 2001 ἦτοι

330 2029 428 2100 τὴν
472 2027 782 2091 αὑθεντὶαν,
834 2028 1005 2095 ἡγουν
1041 2025 1319 2090 ἐξουσίαν·
1373 2025 1473 2078 κάν
1516 2040 1599 2077 τοι
1646 2022 1747 2085 τὰς
1795 2022 1906 2075 τῶν

335 2121 679 2192 πραγμάτων
716 2116 1299 2189 πολυπραγμονοῦντες
1344 2116 1557 2186 φύσεις,
1585 2117 1654 2169 τὰ
1698 2116 1756 2167 ἐν
1792 2114 1905 2167 ἰσό-

331 2229 458 2281 τητι
492 2211 595 2280 τῆς
626 2208 805 2276 ἀξίας,
844 2209 904 2262 οὑ
937 2207 1138 2280 ταύτης
1169 2208 1330 2263 ἕνεκα
1366 2208 1463 2279 τῆς
1497 2207 1674 2271 αἰτίας
1702 2206 1906 2261 ἀποσε-

330 2302 572 2372 6ληκότα
604 2300 1054 2371 καταθρήσαιμεν
1100 2298 1167 2378 ἀν
1201 2301 1262 2354 τὸ
1300 2300 1566 2372 ὑπάρχειν
1607 2299 1906 2353 ίδιοσυστά-

328 2412 454 2457 τως.
514 2392 653 2447 Οὔτε
704 2392 808 2463 μὴν
863 2393 923 2446 τὸ
976 2394 1272 2463 ἰσομοιρεῖν
1320 2394 1401 2456 είς
1449 2391 1628 2456 δόξαν,
1680 2391 1906 2462 ἀρκέσει

332 2488 465 2559 πρὸς
498 2486 691 2540 ἕνωσιν
711 2501 726 2517 ’
760 2482 869 2539 οἷόν
900 2485 953 2538 τί
986 2502 1158 2555 φημι·
1183 2485 1388 2557 Πέτρος
1414 2502 1471 2538 τε
1501 2486 1594 2537 καὶ
1632 2484 1905 2553 Ἰωάννης,

331 2580 497 2650 ἄμφω
530 2578 629 2650 μὲν
657 2579 829 2650 ἤστην
875 2576 1161 2634 ἀπόστολοι
1202 2594 1261 2629 τε
1312 2579 1405 2630 καὶ
1448 2577 1616 2645 ἆγιοι,
1652 2577 1746 2629 καὶ
1788 2579 1909 2639 ταῖς

333 2671 642 2742 ἰσομέτροις
676 2673 884 2740 τιμαῖς,
918 2671 1013 2723 καὶ
1048 2670 1311 2739 δυνάμεσι
1341 2672 1461 2732 ταῖς
1496 2669 1584 2722 διὰ
1611 2668 1704 2723 τοῦ
1740 2669 1909 2723 Πνεύ-

337 2780 505 2833 ματος
541 2760 1004 2835 κατηγλαῖσμένοι
1038 2762 1190 2831 παρά
1221 2760 1316 2814 τοῦ
1351 2762 1568 2815 πάντων
1608 2760 1764 2832 ἡμῶν
1794 2762 1906 2815 Σω-

234 2866 245 2875 ⁸
331 2853 499 2924 τῆρος
516 2851 754 2924 Χριστοῦ
770 2869 783 2881 ·
801 2853 997 2922 ἥκουον
1019 2850 1127 2922 γὰρ
1143 2850 1279 2921 ὁμοῦ
1305 2854 1417 2915 τοῖς
1440 2852 1620 2915 ἄλλοις
1638 2869 1651 2881 ·
1672 2870 1691 2904 ι
1720 2852 1909 2923 Ὑμεῖς

330 2947 454 2996 ἐστε
520 2942 581 2994 τὸ
632 2943 748 3011 φῶς
783 2942 876 2995 τοῦ
933 2942 1140 3012 κόσμου
1208 2961 1229 2995 ι
1292 2942 1500 2996 τούτου.
1557 2942 1665 2996 Καὶ
1705 2943 1903 2998 πάλιν

334 3054 353 3086 ι
414 3033 797 3098 ’Δσθενοῦντας
827 3034 1153 3105 θεραπεύετε
1174 3052 1188 3066 ο
1239 3036 1466 3107 νεκροὺς
1509 3036 1750 3106 ἐγείρετε
1770 3051 1784 3066 ο
1818 3034 1907 3087 λε-

332 3130 504 3199 προὺς
546 3125 907 3199 καθαρίζετε’
954 3126 1206 3196 δαιμόνια
1238 3125 1544 3180 ἐκϐάλλετε.
1584 3144 1603 3177 ι
1642 3122 1788 3198 ’Λρα
1814 3122 1907 3179 οὖν

330 3219 390 3284 ἐξ
413 3217 793 3289 ίσομοιρούσης
824 3215 1001 3280 ἀξίας,
1027 3217 1192 3287 ῆγουν
1221 3216 1505 3277 αὑθεντίας
1530 3215 1711 3276 αὐτοῖς
1732 3213 1908 3283 ὑπάρ-

332 3309 419 3375 ξαι
471 3310 672 3377 φαμὲν,
728 3306 790 3359 τὸ
842 3308 921 3368 εἰς
982 3304 1267 3376 ἄνθρωπον
1321 3303 1415 3358 ἕνα
1455 3300 1906 3369 καταλογίζεσθαι

330 3401 453 3466 τοὺς
485 3399 599 3464 δύο,
630 3399 723 3454 καὶ⁸
751 3400 910 3470 ἀρκεῖ
935 3398 1093 3451 τοῦτο
1121 3398 1256 3468 πρὸς
1285 3396 1498 3458 ἕνωσιν,
1526 3395 1624 3466 τὴν
1648 3394 1724 3457 ὡς
1754 3394 1810 3446 ἐν
1840 3410 1906 3461 γε

256 3554 266 3559 ί
329 3496 445 3556 ταῖς
474 3492 807 3545 ὑποστάσεσι
835 3488 1011 3557 λέγω;
1037 3483 1174 3541 Εἶτα
1202 3486 1317 3549 πῶς
1339 3488 1441 3539 οὐκ
1472 3486 1677 3557 ἠλίθιον
1705 3484 1902 3556 κομιδῇ

330 3584 390 3637 τὸ
442 3578 543 3637 ὧδε
597 3585 835 3655 φρονεῖν,
884 3581 1042 3634 νοοῖτ“
1081 3578 1148 3633 ἂν
1193 3580 1452 3646 εἰκότως;
1503 3580 1568 3633 Τί
1614 3578 1905 3649 τοιγαροῦν

330 3674 647 3745 ὑποπλάττῃ
697 3673 795 3743 μὲν
828 3668 967 3726 εἶναι
1006 3671 1104 3742 τὴν
1149 3671 1329 3725 πίστιν
1360 3670 1540 3742 ὀρθὸς,
1588 3669 1685 3724 ἕνα
1730 3669 1907 3739 λέγων

329 3767 564 3839 Χριστὸν
625 3765 831 3836 Ἰησοῦν
879 3764 1114 3835 Κύριον
1174 3759 1290 3817 εἶτα
1340 3763 1642 3833 διατέμνων
1694 3765 1773 3826 είς
1812 3761 1906 3815 δύο

330 3856 600 3930 πρόσωπά
632 3873 692 3910 τε
739 3856 835 3909 καὶ
880 3854 1203 3918 ὑποστάσεις
1248 3854 1338 3908 τὸν
1382 3853 1499 3917 ἕνα,
1538 3853 1633 3906 καὶ
1675 3853 1765 3906 τὸν
1805 3853 1905 3924 μὲν

330 3951 431 4021 τῆς
459 3946 692 4019 ἀληθοῦς
724 3947 965 4010 ὲνώσεως
997 3946 1282 4016 ἀτιμάζεις
1315 3946 1539 4011 τρόπον,
1567 3944 1635 3997 δι’
1673 3939 1741 4015 ἦς
1772 3944 1905 4016 άλη-

333 4041 445 4104 θῶς
490 4035 573 4101 εἷς
605 4055 668 4090 τε
700 4038 793 4090 καὶ
837 4038 992 4107 μόνος
1026 4038 1092 4092 ἂν
1119 4039 1206 4107 εἴη
1243 4039 1272 4090 ό
1303 4035 1541 4105 Χριστός
1566 4053 1579 4067 ·
1617 4036 1905 4105 συνάφειαν

329 4133 388 4188 δὲ
423 4130 642 4201 άληθῶς
678 4130 960 4198 ὀνομάζεις
1001 4132 1102 4200 τὴν
1137 4129 1444 4200 ἰσοτιμίανς
1492 4131 1648 4192 Ποῖος
1677 4130 1785 4200 γὰρ
1817 4124 1900 4183 οῦ-

328 4227 420 4289 τός
446 4227 564 4279 ἐστι
596 4223 893 4293 συναφείας
924 4222 1156 4293 τρόπος;
1197 4223 1265 4275 Ἦ
1309 4222 1409 4275 οὐκ
1451 4216 1604 4275 οἶσθα
1643 4221 1723 4274 ὅτι
1751 4220 1904 4289 φίλον

329 4336 447 4380 πως
491 4316 581 4370 ἀεὶ
631 4318 747 4377 τοῖς
781 4314 921 4367 κατὰ
965 4313 1112 4367 τόνδε
1146 4313 1233 4367 τὸν
1262 4313 1394 4384 βίον,
1438 4312 1499 4367 τὸ
1539 4315 1597 4366 ὲν
1635 4312 1905 4375 εὑκλείαις

1936 1732 1980 1787 Β

2008 558 2265 616 Ecclesiae
2292 576 2398 616 non
2427 562 2573 616 hunc
2597 563 2813 616 modum
2844 562 3003 616 nobis
3026 562 3367 617 tradiderint.
3392 562 3587 617 Veram

2009 665 2249 720 namque
2272 652 2723 720 coniunctionem
2742 651 2938 707 factam
2976 652 3230 717 dicimus,
3259 653 3330 706 ita
3362 660 3422 705 ut
3455 651 3585 705 Ver-

2008 744 2136 797 bum
2174 740 2280 797 sibi
2320 742 2541 811 quidem
2578 757 2775 811 corpus
2807 742 3011 806 uniret,
3055 743 3149 797 sed
3199 742 3249 795 id
3282 742 3423 810 quod
3469 751 3585 797 erat

2012 843 2401 904 permaneret:
2453 835 2541 889 hic
2589 849 2718 889 vero
2764 833 2875 905 35
2917 835 3052 888 nihil
3098 834 3365 904 ejusmodi
3405 835 3589 889 conci-

2007 924 2164 993 piens
2196 924 2398 989 animo,
2427 940 2534 979 non
2573 926 2832 979 mediocri
2859 926 3150 995 impietatis
3182 913 3408 980 crimine
3440 924 3575 977 labo-

2008 1025 2116 1079 rat,
2159 1030 2282 1069 cum
2344 1015 2399 1069 in
2456 1015 2592 1070 duas
2654 1030 2917 1085 personas
2972 1025 3029 1072 et
3072 1016 3208 1072 duas
3267 1016 3586 1085 hypostases

2007 1107 2228 1161 omnino
2254 1106 2395 1161 inter
2414 1120 2474 1161 se
2500 1107 2744 1162 diversas
2773 1108 3102 1176 abiunxerit,
3124 1109 3194 1161 ita
3222 1116 3281 1162 ut
3303 1122 3584 1163 sermones

2007 1199 2205 1268 cuique
2250 1199 2644 1254 convenientes
2693 1201 2913 1269 utrique
2944 1216 3187 1269 persona:
3230 1202 3445 1271 proprie
3487 1200 3585 1256 tri-

2006 1291 2242 1345 bueret:
2278 1301 2336 1345 et
2377 1306 2569 1346 rursus
2595 1307 2761 1346 unum
2786 1292 2918 1348 dicit
2954 1294 3231 1347 Christum
3257 1292 3441 1347 Jesum
3481 1291 3585 1347 Do-

2010 1383 2243 1447 minum,
2273 1392 2530 1454 tanquam
2563 1384 2677 1438 sola
2711 1385 2991 1455 dignitatis
3024 1387 3257 1452 ratione,
3297 1401 3403 1440 non
3453 1400 3581 1439 vera

2008 1474 2229 1537 unione,
2262 1475 2365 1528 hoc
2386 1482 2489 1538 est,
2516 1488 2622 1528 non
2656 1476 2952 1529 secundum
2979 1486 3249 1541 naturam,
3276 1476 3438 1531 homo
3460 1491 3582 1529 cum

2009 1562 2122 1618 Deo
2166 1565 2489 1632 coniunctus
2524 1568 2616 1622 sit.
2649 1569 2893 1634 Quonam
2932 1569 3098 1640 igitur
3147 1570 3307 1625 modo
3334 1584 3473 1624 unus
3500 1579 3582 1624 est

2011 1654 2290 1722 Christus,
2338 1667 2393 1712 et
2426 1658 2595 1715 Filius
2631 1659 2914 1727 Dominus,
2949 1660 3218 1731 siquidem
3262 1671 3321 1714 ut
3358 1661 3581 1723 asseris.

2008 1747 2228 1817 utrique
2246 1749 2474 1804 seorsim
2508 1754 2765 1807 convenit
2786 1768 2893 1807 non
2914 1755 3075 1808 modo
3092 1762 3149 1806 ut
3168 1754 3247 1807 sic
3263 1751 3581 1823 appelletur,

2009 1855 2197 1895 verum
2226 1842 2389 1899 etiam
2420 1854 2477 1897 ut
2502 1846 2572 1899 sit
2602 1859 2749 1911 vere,
2775 1860 2899 1901 cum
2933 1846 3036 1900 isto
3070 1846 3229 1899 modo
3254 1845 3345 1897 ﬁat
3375 1851 3433 1896 ut
3456 1844 3586 1896 sub-

2012 1936 2226 1990 stantia:
2267 1937 2490 1992 minime
2537 1938 2681 1992 inter
2731 1953 2789 1994 se
2831 1940 3125 1994 secundum
3163 1922 3421 1992 unionem
3454 1951 3587 1991 con.

2009 2020 2287 2085 venerint,
2319 2024 2412 2077 sed
2464 2025 2638 2078 solum
2684 2027 2980 2081 secundum
3021 2028 3333 2096 dignitatem
3366 2026 3448 2080 vel
3494 2041 3586 2078 au-

2010 2111 2341 2181 ctoritatem,
2378 2116 2460 2169 vel
2496 2125 2819 2185 potestatem
2859 2119 3022 2173 unita:
3046 2119 3375 2187 sint?Atqui
3408 2118 3452 2173 si
3490 2134 3585 2171 ηιμ

2011 2211 2163 2259 turas
2181 2219 2361 2259 rerum
2391 2209 2836 2279 pervestigemus,
2859 2211 3160 2265 videbimus
3174 2227 3293 2281 qua:
3318 2211 3431 2279 pari
3460 2219 3585 2265 sunt

2011 2296 2293 2366 dignitate,
2327 2313 2430 2352 non
2468 2313 2532 2353 ea
2575 2301 2644 2353 de
2694 2315 2856 2356 causa
2906 2302 2957 2356 id
2993 2304 3243 2356 amittere
3290 2318 3355 2356 ne
3401 2304 3583 2356 minus

2018 2387 2133 2456 ipsa
2173 2390 2396 2459 proprie
2448 2392 2812 2462 privatimque
2859 2396 3177 2463 consistant,
3226 2410 3397 2465 neque
3440 2395 3584 2463 quod

2011 2479 2134 2547 pari
2165 2480 2276 2533 sint
2303 2481 2474 2550 gloria
2506 2483 2557 2535 id
2588 2485 2655 2538 ad
2678 2485 2927 2540 unionem
2953 2485 3286 2541 elﬁciendam
3317 2485 3581 2541 sufﬁcere.

2013 2568 2172 2624 Verbi
2219 2573 2412 2639 gratia,
2464 2571 2665 2629 Petrus
2697 2586 2749 2629 et
2794 2574 3034 2631 Joannes
3067 2578 3225 2631 ambo
3258 2586 3312 2631 et
3351 2577 3581 2645 apostoli

1960 2688 1965 2693 ·
2009 2670 2062 2715 et
2105 2665 2277 2717 sancti
2313 2665 2414 2718 viri
2466 2674 2647 2733 erant,
2682 2676 2736 2722 et
2766 2668 2880 2736 pari
2913 2670 3117 2724 honore
3158 2684 3220 2723 ac
3259 2672 3458 2723 virtute
3491 2686 3587 2739 per

1936 3074 1980 3131 (ἶ

2011 2752 2274 2821 Spiritum
2319 2766 2564 2810 sanctum
2630 2759 2698 2812 ab
2743 2761 2985 2814 omnium
3033 2761 3314 2815 Salvatore
3363 2761 3584 2815 Christo

2010 2844 2249 2901 decorati
2289 2865 2303 2900 :
2341 2849 2501 2903 simul
2532 2852 2676 2903 enim
2714 2866 2835 2904 cum
2882 2855 3096 2907 caeteris
3129 2854 3232 2906 sibi
3263 2855 3463 2907 dictum
3489 2869 3586 2906 au-

2011 2937 2224 2991 dierant
2252 2956 2266 2992 :
2306 2957 2323 2989 ι
2357 2939 2463 2994 Vos
2494 2942 2627 2994 estis
2659 2941 2746 2995 lux
2781 2944 2966 2996 mundi
3000 2963 3019 2996 ι
3056 2944 3219 3014 huius
3244 2944 3331 2999 ⁸⁹ι
3369 2954 3424 2997 et
3470 2961 3585 2997 rur-

2011 3042 2164 3085 sum:
2194 3047 2214 3081 ι
2250 3029 2497 3085 lnilrmos
2520 3043 2731 3100 curate,
2758 3045 3002 3090 mortuos
3030 3038 3310 3103 suscitate,
3342 3038 3585 3106 leprosos

2017 3119 2291 3185 mundate,
2344 3121 2608 3177 darmonia
2655 3124 2837 3193 eiicite
2879 3127 2947 3185 ".
2995 3145 3015 3180 ι
3068 3128 3201 3184 Num
3237 3146 3366 3202 ergo
3408 3148 3473 3186 ex
3520 3148 3586 3186 eo

2014 3209 2158 3277 quod
2218 3211 2331 3279 pari
2380 3223 2536 3267 erant
2590 3214 2855 3284 dignitate
2911 3220 2997 3274 \‘el
3050 3224 3401 3289 auctoritate,
3450 3224 3585 3277 illud

2011 3299 2172 3351 etiam
2202 3316 2297 3356 eos
2331 3304 2582 3359 habuisse
2617 3322 2949 3375 asseremus,
2973 3322 3031 3365 ut
3063 3329 3184 3367 cum
3241 3316 3344 3369 duo
3375 3324 3583 3376 essent,

2013 3404 2152 3443 unus
2201 3392 2361 3448 homo
2407 3399 2765 3453 censeretur?
2809 3402 2972 3470 idque
3022 3404 3087 3458 ad
3134 3406 3389 3460 unionem
3435 3417 3584 3461 certe

2009 3481 2369 3552 hypostaseon
2407 3501 2528 3541 esse
2571 3490 2749 3544 satis?
2786 3490 2949 3561 Atqui
2991 3509 3166 3549 nonne
3202 3497 3581 3550 stultissimum

2011 3578 2341 3632 censendum
2383 3581 2453 3635 sit
2494 3583 2564 3635 ila
2591 3584 2840 3640 sentire?
2862 3586 2972 3640 Cur
3000 3603 3129 3657 ergo
3166 3596 3217 3642 te
3248 3588 3472 3642 simulas
3498 3604 3582 3642 re-

2012 3676 2156 3721 etam
2188 3667 2346 3722 [idem
2388 3678 2595 3737 tenere,
2622 3688 2742 3727 cum
2770 3675 3043 3730 Christum
3073 3676 3254 3731 Jesum
3296 3678 3581 3732 Dominum

2010 3760 2146 3815 dicis
2170 3762 2388 3830 quidem
2421 3779 2608 3830 unum,
2638 3767 2733 3820 sed
2764 3766 2907 3821 hunc
2938 3784 3105 3823 unum
3147 3769 3199 3823 in
3229 3770 3362 3824 duas
3404 3785 3585 3840 persu-

2010 3867 2108 3907 nas
2156 3865 2211 3907 et
2265 3855 2583 3924 hypostases
2626 3856 2860 3912 dividis?
2898 3868 2952 3913 et
2994 3874 3136 3914 vera:
3183 3860 3328 3916 illius
3368 3861 3583 3915 unionis

2011 3946 2253 4009 modum,
2300 3961 2397 4013 per
2443 3961 2600 4014 quem
2630 3963 2757 4002 vere
2787 3964 2926 4002 unus
2970 3965 3034 4003 ac
3064 3952 3209 4005 solus
3250 3960 3370 4005 esSe
3400 3963 3581 4020 potest

2012 4035 2282 4099 Christus,
2310 4037 2602 4105 improbas,
2624 4038 2768 4092 illam
2804 4054 2932 4093 vero
2968 4040 3190 4095 honoris
3217 4044 3577 4111 {equalitatem

2010 4141 2138 4181 vere
2188 4128 2622 4195 coniunctionem
2674 4131 2950 4199 appellas?
2989 4133 3175 4199 Qualis
3209 4136 3352 4188 enim
3394 4137 3441 4191 is
3498 4146 3581 4192 est

2013 4218 2419 4287 coniunctionis
2467 4220 2702 4275 modus?
2726 4222 2807 4276 An
2845 4222 3061 4292 ignoras
3094 4240 3291 4295 cupere
3333 4227 3581 4282 homines

2010 4309 2100 4377 qui
2127 4309 2181 4363 in
2212 4309 2317 4364 hoc
2345 4311 2544 4365 szeculo
2574 4323 2881 4378 versantur,
2909 4317 3179 4371 mundana
3203 4318 3359 4384 potiri
3385 4320 3579 4388 gloria,

330 4405 472 4462 εἷναι
501 4408 815 4477 κοσμικαῖς,
853 4403 903 4458 οἳ
931 4405 1028 4467 τὰς
1059 4403 1208 4474 παρὰ
1239 4403 1348 4457 τῶν
1376 4402 1718 4475 κρατούντων
1751 4402 1904 4455 πλου-

2013 4415 2217 4470 eosque
2251 4417 2278 4455 a
2306 4402 2640 4483 principibus
2666 4406 2900 4462 honores
2935 4409 3191 4477 consequi
3213 4409 3238 4463 ?
3257 4410 3361 4464 Sed
3390 4427 3580 4479 quam-

334 4498 485 4553 τοῦσι
524 4499 720 4568 τιμάς;
766 4496 907 4549 Ἀλλ’
956 4498 1013 4550 ὲν
1053 4496 1187 4559 ῐσοις
1218 4496 1370 4560 ὄντες
1412 4496 1740 4567 ἀξιώμασιν,
1791 4493 1906 4547 ἔσθ’

335 4594 446 4658 ὅτε,
486 4592 827 4661 διεστήκασιν
860 4590 1107 4661 ἀλλήλων
1147 4589 1378 4659 ὑπάρξει
1420 4606 1482 4643 τε
1519 4592 1585 4660 τῇ
1616 4588 1737 4643 καθ’
1781 4587 1903 4653 ἕνα,

331 4682 511 4751 φημὶ,
558 4680 651 4733 καὶ
695 4679 877 4748 μέντοι
918 4680 977 4732 τὺ
1026 4678 1135 4751 [ἷσ.
1186 4679 1287 4751 τῷ]
1320 4679 1605 4749 βούλεσθαι
1649 4680 1717 4733 τά
1765 4678 1902 4732 αὑτά

329 4774 545 4842 φρονεῖν
574 4786 632 4823 τε
659 4770 751 4822 καὶ
778 4770 911 4841 δρᾷν
930 4787 944 4800 ·
979 4770 1092 4822 ἀλλ’
1113 4770 1271 4842 εἴπερ
1298 4766 1366 4842 ἦν
1395 4787 1479 4833 τις
1509 4770 1705 4841 δεσμὸς
1736 4773 1905 4838 ἀναγ-

330 4867 482 4925 καῖος
528 4862 608 4923 εἰς
657 4861 886 4931 ἑνότητα
943 4861 1216 4930 συλλέγων
1255 4863 1455 4925 αὐτοὺς
1505 4863 1605 4933 τῆς
1659 4860 1817 4928 ἀξίας
1866 4864 1896 4916 ὁ

323 4955 542 5024 τρόπος,
575 4950 829 5024 καθάπερ
872 4949 1060 5021 ἀμέλει
1098 4954 1193 5006 καὶ
1224 4952 1498 5023 σύμϐασις
1545 4953 1771 5025 φυσικὴ,
1801 4954 1900 5007 οὑκ

324 5048 388 5099 ἂν
432 5046 491 5097 ἐν
542 5044 745 5116 ἰσότητι
777 5040 985 5114 γερῶν,
1030 5045 1150 5116 ἦτοι
1194 5048 1295 5116 τῆς
1340 5045 1498 5113 ἀξίας
1540 5046 1897 5117 ὑπάρχοντες,

324 5135 651 5189 ὑποστάσεσι
669 5151 729 5187 τε
751 5134 847 5186 καὶ
864 5134 1081 5206 γνώμῃ,
1105 5138 1185 5200 εἰς
1210 5136 1274 5190 τὸ
1294 5137 1480 5208 ἔτερος
1503 5132 1641 5191 εἶναι
1666 5137 1761 5191 καὶ
1785 5137 1902 5191 ἕτε-

326 5243 415 5296 ρος
459 5225 644 5289 ἰδικῶς
684 5223 930 5294 ἀλλήλων
975 5226 1419 5297 ἀπενοσφίζοντο.
1465 5225 1577 5282 Ποῦ
1605 5227 1896 5297 τοιγαροῦν

321 5319 416 5389 τὴν
461 5318 557 5391 σὴν
598 5317 899 5387 συνάφειαν
940 5316 1208 5388 θήσομεν;
1239 5317 1305 5370 Τί
1350 5317 1409 5370 δὲ
1438 5318 1536 5371 καὶ
1565 5317 1761 5388 δρᾶσαι
1805 5316 1896 5370 λο-

322 5410 619 5480 γισόμεθας
666 5402 1104 5479 Ὀμογνωμονεῐο
1151 5409 1260 5481 ἄρα
1299 5410 1560 5464 πέπεικεν
1602 5410 1828 5474 αὑτοὺς,
1862 5409 1894 5480 ἢ

325 5500 593 5572 συμϐῆναι
627 5500 1046 5573 παρεσκεύασεν
1079 5500 1159 5563 είς
1191 5500 1418 5572 ἑνότητα
1470 5500 1739 5571 μυστικήν
1776 5497 1888 5570 [ἵσ.

391 5685 645 5745 "Matth.
677 5700 731 5753 v,
764 5686 850 5740 14.
927 5686 972 5718 ⁹⁰
1000 5682 1192 5740 Matth.
1228 5698 1282 5752 ι,
1311 5684 1364 5739 8.

2011 4493 2091 4561 vis
2127 4508 2515 4562 nonnunquam
2555 4498 2817 4565 aqualem
2868 4498 3102 4553 habeant
3148 4500 3428 4569 dignitatis
3454 4516 3581 4570 gra-

2006 4586 2157 4649 dum,
2203 4597 2383 4642 tamen
2433 4590 2666 4644 invicem
2706 4593 2911 4646 distant
2955 4602 3065 4645 tum
3106 4593 3365 4661 singulari
3405 4595 3583 4650 subsi-

2006 4680 2224 4741 stentia,
2267 4689 2378 4734 tum
2414 4696 2543 4735 vero
2570 4683 2620 4735 in
2658 4697 2723 4736 eo
2750 4684 2893 4752 quod
2923 4699 3027 4738 non
3058 4687 3244 4739 eadem
3280 4701 3468 4755 sapere
3492 4697 3579 4743 at-

2005 4782 2114 4836 que
2155 4769 2415 4837 perﬁcere
2444 4770 2593 4824 libet.
2628 4773 2789 4841 Atqui
2825 4773 2869 4827 si
2912 4773 3192 4845 dignitatis
3223 4778 3361 4831 ratio
3389 4778 3577 4831 vincu-

2006 4861 2115 4916 lum
2156 4872 2299 4917 esset
2333 4863 2696 4918 necessarium
2730 4881 2837 4935 quo
2862 4867 2915 4921 in
2959 4868 3219 4923 unitatem
3251 4869 3579 4939 colligeren-

2008 4968 2117 5020 tur,
2157 4965 2218 5009 ut
2251 4966 2335 5011 est
2371 4955 2558 5025 procul
2589 4957 2752 5012 dubio
2794 4959 2880 5012 illa
2927 4959 3240 5029 coniunctio
3288 4960 3573 5023 naturalis,

2008 5063 2284 5118 nunquam
2320 5047 2375 5101 in
2408 5047 2672 5102 honorum
2704 5049 2789 5104 vel
2818 5050 3099 5121 dignitatis
3135 5050 3447 5120 aequalitate
3485 5066 3578 5118 po-

2005 5139 2115 5204 siti,
2164 5139 2442 5209 hypostasi
2474 5147 2635 5207 atque
2667 5141 2830 5194 etiam
2856 5141 3123 5195 sententia
3150 5140 3403 5207 privatim
3439 5139 3581 5193 inter

2006 5246 2065 5285 se
2088 5232 2516 5301 seiungerentur,
2543 5229 2651 5300 35
2683 5241 2743 5284 ut
2788 5232 2926 5286 alter
2965 5232 3055 5286 hic
3098 5239 3265 5291 esset,
3295 5230 3386 5283 ille
3420 5229 3575 5284 alter.

2006 5320 2123 5387 Quo
2177 5321 2342 5389 igitur
2384 5320 2512 5373 loco
2569 5327 2715 5372 tuam
2772 5320 3214 5389 coniunctionem
3275 5319 3581 5388 ponemus?

2005 5408 2204 5478 quidve
2251 5406 2469 5463 eilicere
2510 5406 2849 5477 putabimur?
2890 5407 3276 5463 Consentirene
3318 5409 3480 5479 igitur
3523 5406 3579 5459 il-

2006 5498 2071 5555 lis
2122 5498 2416 5567 persuasit.
2452 5504 2546 5551 aut
2601 5494 2729 5551 fecit
2779 5505 2838 5553 ut
2867 5498 2938 5567 .in
2990 5497 3269 5569 mysticam
3318 5498 3578 5553 unitatem
