3926 6126
330 268 398 321 67
1349 269 1410 323 S.
1451 267 1730 326 CYRILLI
1767 269 2234 326 ALEXANDRINI
2268 270 2594 328 ‘ARCHIEP.
3521 280 3590 337 68

329 380 732 438 convenirent?
787 382 894 438 Sed
924 382 1106 438 dicere
1130 383 1186 437 id
1221 398 1325 438 non
1369 386 1590 454 poteris.
1625 383 1756 439 Nam
1792 386 1893 440 hac

2011 385 2296 458 ρυσικήν];
2333 386 2474 438 Ἀλλ’
2499 387 2600 440 οὐκ
2632 385 2698 439 ἂν
2733 385 2875 457 ἔχοις
2915 386 3106 439 εἰπεῖν·
3143 385 3441 456 Ἐκδέδειχε
3479 389 3589 460 γὰρ

333 470 547 526 ratione
599 473 1026 527 demonstratum
1058 481 1163 538 est,
1197 472 1339 526 illam
1360 488 1484 528 esse
1517 475 1569 528 in
1619 485 1905 545 utramque

329 571 541 627 partem
575 565 868 619 admodum
903 565 1199 619 inﬁrmam.
1243 564 1372 618 Illud
1403 580 1620 637 quoque
1654 567 1785 620 mihi
1817 582 1906 621 ex-

334 651 506 719 plices
552 655 739 718 velim,
787 672 910 709 nam
956 669 1146 723 rogare
1186 658 1494 710 necessario
1537 671 1723 726 cogor,
1776 657 1903 724 quid

334 742 450 810 ipsa
483 743 722 813 dignitas
745 745 944 812 juverit
974 745 1268 812 hominem,
1293 755 1353 799 ut
1385 737 1517 816 ipse.
1543 747 1748 811 dixisti,
1781 762 1903 801 cum

328 832 438 888 De'o
480 834 658 891 Verbo
683 837 1049 901 conjunctum,
1077 845 1130 889 et
1161 850 1226 889 ex
1258 836 1484 891 muliere
1518 837 1740 891 natum?
1765 837 1902 892 Num

331 939 460 980 vero
490 942 672 994 parem
705 927 874 996 gloria
902 936 957 980 et
986 926 1308 981 excellentia
1340 927 1598 992 reddidit,
1633 937 1688 982 et
1724 937 1905 984 tantus

329 1027 388 1070 ut
423 1028 566 1071 esset
610 1016 820 1082 eﬂ'ecit,
863 1029 1126 1087 quantum
1174 1029 1231 1072 et
1289 1019 1461 1088 ipsum
1497 1034 1618 1074 esse
1669 1020 1903 1074 Verbum

328 1107 585 1162 credibile
608 1108 738 1162 est?
769 1109 872 1162 Sed
894 1110 1164 1178 quomodo
1195 1125 1301 1164 non
1327 1110 1417 1164 ille
1443 1114 1754 1175 mentietur,
1779 1126 1902 1164 cum

329 1199 458 1254 dicit
487 1217 502 1255 :
557 1217 577 1250 ι
615 1199 857 1257 Gloriam
894 1217 1068 1257 meam
1123 1203 1280 1254 alteri
1312 1217 1416 1256 non
1458 1203 1598 1256 dabo
1625 1204 1712 1256 "‘2
1745 1221 1762 1254 ι
1796 1203 1905 1256 l'ru-

327 1301 442 1344 stra
482 1291 646 1346 etiam
697 1302 931 1362 uugatus
956 1293 1062 1346 erit
1099 1293 1187 1346 ille
1223 1293 1437 1347 divinus
1467 1293 1770 1346 carminum
1805 1309 1903 1346 au-

328 1392 466 1448 ctor,
525 1383 602 1438 sic
656 1381 826 1438 ferme
855 1385 1073 1438 dicens:
1113 1401 1129 1434 ι
1163 1382 1298 1448 Quis
1333 1385 1546 1438 tandem
1582 1385 1633 1437 in
1671 1385 1904 1438 nubibus

326 1473 634 1542 aequabitur
663 1473 932 1527 Domino?
959 1484 1050 1527 aut
1093 1474 1215 1542 quis
1247 1473 1441 1528 similis
1477 1474 1580 1527 erit
1620 1474 1729 1528 Deo
1764 1476 1816 1528 in
1851 1474 1907 1527 lio

329 1564 416 1618 liis
443 1565 532 1618 Dei
562 1563 648 1619 "‘2
685 1583 704 1615 ι
741 1566 822 1618 Αιι
855 1580 982 1618 vero
1030 1566 1072 1618 is
1113 1580 1218 1619 non
1262 1566 1367 1620 erit
1391 1565 1532 1619 alius
1563 1566 1630 1619 ab
1666 1565 1756 1620 illo
1793 1581 1902 1619 uno

2003 475 2032 526 6
2060 473 2217 542 λόγος
2267 474 2401 546 πρὸς
2436 475 2602 545 ἄμφω
2635 475 2816 541 ταυτὶ,
2848 474 2983 527 πολὺ
3015 473 3275 528 νοσοῦσαν
3313 475 3375 527 τὸ
3420 475 3588 544 ἀδραο

2004 566 2110 629 νές.
2138 567 2314 637 Φράζε
2343 566 2399 618 δέ
2433 583 2524 635 μοι
2555 567 2796 619 κάκεῖνοο
2827 566 3240 635 προσερήσομαι
3274 564 3384 636 γὰρ
3413 567 3586 635 ἀναγ-

2004 655 2204 721 καίως,
2258 656 2312 708 τί
2341 656 2402 710 τὸ
2433 656 2532 725 τῆς
2572 656 2730 722 ἀξίας
2775 655 2951 726 ὢνησε
2995 656 3182 727 χρῆμα
3235 657 3346 720 τὸν,
3399 655 3588 727 ὥσπερ

2005 746 2140 817 ἔφης
2164 748 2346 812 αὐτὸς,
2377 746 2454 818 τῷ
2482 747 2600 817 Θεῷ
2624 748 2782 818 Λόγῳ
2809 748 3150 818 συνημμένον
3179 747 3465 818 ἄνθρωπον
3493 749 3587 801 καὶ

2005 841 2070 892 ὲκ
2118 839 2410 907 γυναικός;
2445 835 2594 910 Ἀρα
2630 839 2738 908 γὰρ
2773 841 2885 893 ἴσον
2918 839 3200 910 ἀπέφηνεν
3234 840 3292 891 ἐν
3323 838 3448 909 δόξῃ
3493 839 3588 891 καὶ

2005 929 2269 999 ὑπεροχῇ,
2312 929 2407 982 καὶ
2436 928 2689 982 τοσοῦτον
2719 925 2858 983 εἶναι
2889 928 3322 998 παρεσκεύασεν,
3359 931 3482 991 ὅσος
3520 930 3586 982 ἂν

2003 1016 2145 1074 εἶναι
2174 1020 2480 1074 πιστεύοιτο
2506 1022 2599 1074 καὶ
2628 1021 2823 1086 αὖτός;
2852 1016 2985 1073 Εἶτα
3012 1020 3129 1082 πῶς
3153 1021 3213 1072 οὑ
3239 1019 3584 1090 διαψεύσιται

2003 1112 2196 1179 λέγων,
2232 1131 2252 1163 ι
2280 1111 2388 1180 Τὴν
2414 1112 2573 1178 δόξαν
2609 1129 2710 1182 μου
2756 1113 2926 1182 ἑτέρῳ
2964 1113 3025 1164 ού
3061 1110 3252 1175 δώσω;
3283 1129 3302 1161 ι
3341 1110 3584 1177 πεφλυά-

1983 1219 2139 1272 ,ρηκε
2173 1202 2228 1255 δὲ
2264 1203 2438 1270 μάτην
2465 1203 2560 1255 καὶ
2591 1203 2754 1264 αὐτὸς
2784 1205 2913 1272 ἡμῖν
2937 1204 2965 1254 6
3001 1202 3286 1264 θεσπέσιος
3324 1200 3579 1270 μελῳδὸς,

2003 1292 2100 1348 ὡδί
2135 1309 2236 1345 που
2274 1292 2470 1360 λέγων,
2509 1295 2591 1346 ὃτι
2636 1311 2654 1343 ι
2685 1293 2782 1355 Τίς
2827 1296 2882 1346 ἐν
2930 1293 3184 1362 νεφέλαις
3257 1293 3582 1362 ίσωθήσεται

2004 1382 2080 1453 τῷ
2121 1385 2346 1454 Κυρίῳ;
2390 1384 2421 1454 ἢ
2459 1384 2543 1447 τίς
2583 1383 2984 1454 ὁμοιωθήσεται
3025 1383 3103 1454 τῷ
3139 1383 3328 1454 Κυρίῳ
3360 1384 3418 1435 ὲν
3450 1385 3584 1444 υίοῖς

2001 1474 2168 1539 Θεοῦ;
2195 1496 2214 1527 ι
2256 1475 2328 1528 Ἦ
2361 1476 2459 1544 οὐχ
2493 1475 2680 1546 ἕτερος
2720 1476 2871 1546 παρὰ
2903 1477 2994 1528 τὸν
3023 1476 3120 1528 ἕνα
3149 1477 3243 1528 καὶ
3277 1474 3454 1542 φύσει,
3490 1475 3584 1527 καὶ

2005 1567 2070 1620 ὲκ
2099 1566 2236 1619 Θεοῦ
2280 1567 2493 1637 [ἰατρὸς
2529 1550 2722 1634 Λόγον,
2750 1568 2777 1619 6
2807 1569 2929 1619 κατ’
2969 1566 3103 1620 ἰδίαν
3156 1567 3453 1618 ὑπόστασιν
3486 1565 3582 1635 τῆς

328 1665 385 1709 et
425 1656 722 1709 secundum
760 1664 1007 1708 naturam
1042 1655 1137 1710 Dei
1187 1655 1365 1709 Patris
1400 1655 1600 1718 Verbo,
1646 1656 1736 1724 qui
1788 1671 1908 1725 pro-

2011 1658 2140 1728 πρὸς
2185 1657 2347 1710 αὑτὸν
2387 1658 2637 1728 ἑνότητος
2682 1657 2900 1727 ἀληθῶς
2932 1659 3425 1726 διεσχοινισμένος;
3463 1653 3582 1709 εἷτα

331 1748 462 1814 priaa
513 1747 822 1814 hypostasis
867 1747 1078 1800 ratione
1131 1762 1259 1801 vere
1308 1747 1380 1800 sit
1420 1746 1486 1800 ab
1522 1745 1643 1814 ejus
1697 1747 1907 1801 unitate

2011 1750 2124 1812 πῶς
2148 1749 2246 1818 οὐχ
2274 1748 2478 1802 ἅπασιν
2508 1749 2766 1820 ὲναργές;
2802 1748 2914 1800 ἀλλ’
2939 1749 3040 1799 οὐκ
3071 1748 3184 1800 ἴσον
3219 1747 3316 1816 μὲν
3355 1747 3432 1813 τῷ
3463 1747 3584 1818 Θεῷ

329 1837 673 1906 disiunctus?
695 1840 910 1891 cuinam
934 1853 1060 1893 vero
1089 1838 1142 1892 id
1173 1853 1281 1892 non
1307 1837 1380 1893 sit
1402 1837 1904 1892 evidentissimum?

2011 1841 2164 1908 Δόγῳ
2195 1838 2491 1908 πεποίηκεν
2532 1838 2565 1907 ἡ
2613 1837 2738 1900 ἀξία
2769 1836 2830 1888 τὸ
2875 1834 3250 1904 συνημμένον·
3278 1834 3475 1902 ὁρᾶται
3516 1849 3582 1901 γε

332 1930 437 1984 Sed
459 1929 808 1995 conjunctum
843 1944 976 1986 sane
1008 1931 1178 1998 ipsum
1218 1929 1359 1982 haud
1389 1929 1596 1999 aequale
1629 1929 1737 1983 Deo
1775 1927 1905 1982 Ver-

334 2021 402 2072 IlO
432 2019 670 2088 dignitas
703 2018 850 2083 fecit,
875 2020 1016 2088 quod
1045 2018 1268 2076 inferius
1299 2019 1389 2072 illo
1414 2033 1534 2073 esse
1565 2020 1902 2089 perspicuum

328 2119 448 2175 est;
474 2109 738 2177 quomodo
759 2108 923 2178 igitur
954 2125 1117 2162 unum
1155 2109 1355 2164 asseris
1386 2108 1686 2174 Christum,
1709 2102 1774 2162 "et
1813 2109 1904 2163 Fi-

334 2200 484 2266 lium,
521 2209 577 2254 et
617 2199 926 2265 Dominum,
961 2201 1212 2269 quamvis
1245 2216 1404 2265 unus,
1436 2203 1577 2270 quod
1615 2201 1906 2254 sententia-

332 2307 448 2344 rum
485 2291 589 2344 vim
627 2292 842 2358 attinet,
875 2292 946 2346 sit
978 2294 1349 2360 prazstantior,
1387 2292 1527 2345 alter
1564 2292 1810 2352 inferior,
1852 2299 1906 2343 et

330 2382 449 2450 ejus
478 2382 758 2452 majestate
789 2394 843 2436 et
885 2383 1056 2451 gloria
1092 2382 1315 2435 minor?
1354 2381 1642 2445 Praeterea,
1679 2391 1733 2434 ut
1777 2380 1905 2434 illud

331 2486 548 2541 quoque
595 2472 680 2526 his
732 2487 852 2539 qua:
887 2472 1126 2524 diximus
1179 2470 1493 2539 adjungam,
1549 2472 1792 2536 donavit,
1850 2481 1908 2526 ut

335 2562 449 2628 ipse
476 2561 774 2623 existimat,
811 2560 939 2613 illud
970 2574 1035 2612 ex
1078 2559 1186 2613 Deo
1217 2559 1378 2613 Patre
1420 2560 1654 2613 Verbum
1687 2561 1760 2614 illi
1795 2575 1908 2615 mu-

333 2650 484 2704 lieris
518 2649 628 2703 tilio
668 2665 824 2704 suam
865 2650 1035 2719 ipsius
1067 2651 1409 2720 dignitatem.
1444 2651 1549 2704 Sed
1594 2652 1695 2706 hoc
1730 2637 1904 2722 ipsum

331 2756 565 2810 quonam
603 2741 847 2796 sitmodo
877 2752 1110 2812 gestum,
1143 2742 1441 2812 exquirere
1467 2753 1550 2797 est
1573 2759 1752 2812 operae
1782 2763 1906 2815 pre-

336 2832 468 2884 tium
500 2847 514 2884 :
549 2829 686 2884 Num
719 2833 832 2901 ipse
863 2847 1076 2904 quoque
1129 2832 1304 2888 factus
1336 2844 1418 2888 est
1460 2833 1550 2888 lux
1583 2837 1747 2891 vera?
1777 2855 1905 2890 num

332 2937 402 2977 ex
432 2933 624 2978 natura
654 2923 816 2992 Deus,
847 2933 900 2980 et
929 2926 1056 2986 vita,
1083 2934 1135 2978 et
1173 2940 1351 2980 rerum
1390 2926 1592 2994 epifex,
1616 2938 1671 2981 et
1696 2930 1910 2996 sapien-

336 3016 430 3079 tia,
468 3025 523 3071 et
550 3017 740 3084 virtus,
771 3018 950 3088 imago
980 3017 1145 3069 etiam
1180 3027 1235 3069 et
1283 3015 1542 3083 splendor
1591 3018 1907 3070 substantia:

2010 1933 2118 2001 μὴν
2145 1931 2237 1982 καὶ
2273 1930 2418 1982 ἐστιν
2443 1930 2500 1980 ἐν
2533 1927 2708 1998 μείοσι
2729 1944 2742 1956 ·
2779 1926 2896 1987 πῶς
2926 1921 3018 1978 οὖν
3060 1925 3155 1976 ἕνα
3185 1925 3290 1994 φὴς
3321 1925 3577 1991 Χριστὸν,

2010 2023 2103 2076 καὶ
2143 2022 2292 2087 Υἱὸν,
2323 2022 2415 2074 καὶ
2443 2020 2669 2090 Κύριον,
2701 2018 2876 2072 καίτοι
2906 2015 3234 2087 προύχοντος
3254 2025 3260 2030 ’
3279 2009 3394 2078 ἐνὸς
3439 2014 3584 2070 κατά

2009 2131 2073 2184 γε
2104 2114 2214 2168 τῶν
2255 2113 2472 2167 ἐννοιῶν
2501 2112 2597 2182 τὴν
2633 2111 2880 2180 δύναμιν,
2909 2110 3004 2160 καὶ
3037 2106 3360 2177 ύφιζηκότος
3396 2105 3580 2176 ἐτέρου

2009 2208 2108 2276 τῆς
2137 2205 2275 2276 πρὸς
2317 2204 2479 2256 αὑτὸν
2530 2201 2772 2271 ίσότητός
2802 2216 2861 2252 τε
2897 2199 2991 2252 καὶ
3019 2197 3208 2268 δόξης;
3248 2197 3452 2258 ΙἌλλως
3501 2212 3580 2262 τε,

2011 2296 2359 2366 προσεποίσω
2396 2293 2504 2364 γὰρ
2535 2288 2614 2355 οἷς
2659 2293 2793 2362 ἔφην
2829 2292 2925 2344 καὶ
2963 2289 3102 2349 τόδε,
3131 2287 3424 2357 δεδώρηται
3459 2287 3580 2340 κατ’

2009 2385 2170 2440 αὑτὸν
2195 2387 2222 2438 6
2247 2387 2310 2438 ὲκ
2344 2384 2480 2438 Θεοῦ
2515 2381 2727 2453 Πατρὸς
2755 2382 2924 2449 Λόγος
2947 2381 3045 2450 τὴν
3075 2379 3208 2435 ἰδίαν
3237 2378 3391 2442 ἀξίαν
3417 2375 3494 2446 τῷ
3517 2377 3580 2428 ὲκ

2011 2477 2301 2548 γυναικός·
2339 2475 2480 2529 κατὰ
2511 2475 2633 2527 τίνα
2679 2473 2736 2526 δὲ
2782 2473 2981 2544 τρόπον
3025 2470 3155 2523 αὐτὸ
3201 2470 3264 2540 δὴ
3293 2469 3440 2521 τουτὶ
3482 2486 3581 2521 πε·-

2012 2570 2254 2642 πράχθαι
2301 2567 2468 2638 φησι,
2518 2565 2823 2638 βασανίζειν
2871 2564 3044 2628 ἀξιον.
3069 2559 3217 2632 τΔροι
3262 2563 3452 2629 γέγονε
3491 2561 3585 2615 καὶ⁵

1965 2682 1970 2684 ·
2013 2658 2176 2736 αὐτὸς
2203 2656 2320 2726 φῶς
2358 2655 2645 2725 ἀληθινόν;
2671 2650 2818 2723 Ἀρα
2856 2652 3015 2721 φύσει
3050 2651 3201 2714 Θεὸς,
3228 2651 3319 2704 καὶ
3349 2650 3461 2721 ζωὴ
3489 2652 3584 2702 καὶ

2004 2751 2360 2823 δημιουργὸς,
2390 2752 2484 2804 καὶ
2514 2749 2674 2817 σοφία
2707 2750 2801 2801 καὶ
2829 2747 3078 2816 δύναμις,
3099 2745 3262 2799 είκὼν
3292 2747 3386 2814 καὶ
3410 2743 3587 2798 ἀπαύ-

2011 2859 2202 2911 γασμα
2227 2843 2329 2910 τῆς
2365 2841 2712 2901 ὑποστάσεως
2741 2837 2834 2891 τοῦ
2862 2838 3104 2906 Πατρός;
3135 2837 3227 2889 καὶ
3257 2838 3324 2890 τὰ
3351 2837 3448 2906 τῆς
3476 2836 3588 2892 ἀνω

2011 2933 2167 3001 δόξης
2225 2933 2676 2999 πλεονεκτήματα
2731 2925 3016 2995 κεχώρηκε
3078 2927 3321 2992 φυσικῶς
3371 2928 3451 2989 είς
3491 2927 3586 2979 ἕνα

2012 3023 2136 3075 τινὰ
2171 3021 2280 3074 τῶν
2310 3020 2694 3089 πεποιημένων
2715 3035 2729 3082 ;
2754 3016 2819 3067 Τί
2849 3012 2942 3068 οὖν
2981 3016 3097 3067 ἐστι
3135 3015 3195 3070 τὸ
3229 3016 3502 3084 ἐξαίρετον
3531 3019 3589 3070 ἐν

337 3107 533 3176 Patris,
561 3119 616 3163 et
642 3109 731 3162 illa
762 3107 980 3162 eximiae
1005 3120 1068 3158 ac
1100 3119 1370 3172 suprema:
1416 3105 1564 3158 illius
1597 3106 1783 3172 gloria:
1815 3122 1909 3160 or-

2011 3111 2088 3182 τῷ
2121 3112 2259 3166 κατά
2290 3111 2450 3180 φύσιν
2479 3107 2637 3178 Θεῷ;
2665 3109 2715 3160 τί
2746 3107 2807 3158 τὸ
2846 3106 2988 3176 μέγα
3044 3107 3139 3159 καὶ⁸
3171 3107 3312 3178 ὑπὲρ
3343 3110 3509 3178 ἡμᾶς,
3539 3111 3588 3161 εἰ

338 3209 585 3253 namenta
618 3200 670 3251 in
704 3213 868 3250 unum
897 3196 1131 3259 aliquem
1163 3209 1194 3248 e
1223 3194 1427 3246 creatis
1465 3194 1778 3248 hominibus
1813 3211 1910 3249 na-

343 3289 592 3342 turaliter
617 3285 1150 3351 inlluxerunt?Quid
1175 3285 1340 3353 igitur
1363 3283 1623 3337 eximium
1660 3297 1743 3338 est
1768 3286 1820 3338 iu
1846 3300 1910 3340 eo

336 3379 628 3434 secundum
657 3387 902 3428 naturam
953 3375 1102 3428 Deo?
1157 3376 1292 3444 quid
1342 3389 1593 3444 magnum
1641 3384 1696 3428 et
1746 3389 1910 3444 supra

337 3483 459 3534 nos,
490 3467 534 3522 si
569 3465 654 3521 fas
673 3477 756 3521 est
783 3474 1091 3521 creaturam
1120 3467 1204 3520 his
1241 3466 1401 3520 bonis
1427 3482 1549 3535 qua:
1579 3466 1696 3533 ipse
1725 3467 1908 3534 habet,

335 3572 394 3616 et
448 3560 666 3630 quidem
715 3558 1166 3624 substantialiter,
1221 3572 1384 3626 posse
1438 3557 1788 3625 locupletari?
1839 3558 1916 3611 At

338 3653 484 3706 enim
522 3651 837 3720 dignitatem
885 3660 1144 3718 tanquam
1195 3650 1519 3718 participata
1569 3653 1804 3708 fortasse
1841 3649 1915 3704 di-

341 3746 464 3798 vina
508 3742 824 3795 excellentia
879 3744 1048 3809 gessit
1096 3757 1111 3794 :
1161 3741 1326 3809 igitur
1363 3741 1467 3794 duo
1511 3755 1706 3796 rursus
1755 3749 1917 3795 erunt

343 3835 530 3906 procul
577 3833 740 3888 dubio
811 3836 958 3900 ﬁlii,
1001 3833 1275 3902 siquidem
1342 3847 1532 3886 verum
1604 3840 1687 3888 est
1729 3836 1796 3890 ab
1849 3845 1916 3886 eo

344 3925 486 3996 quod
530 3924 996 3995 participationem
1034 3925 1364 3994 impertitur,
1409 3925 1681 3979 diversum
1716 3938 1836 3979 esse
1863 3932 1919 3978 et

346 4019 570 4074 inferius
605 4019 899 4074 secundqu
934 4025 1208 4080 naturam,
1255 4015 1308 4070 iil
1333 4015 1485 4084 quod
1520 4015 1639 4070 ideo
1681 4016 1918 4070 honora-

347 4120 454 4178 tur,
489 4110 614 4180 quia
667 4111 733 4165 ad
774 4110 948 4178 ipsum
999 4107 1312 4162 relationem
1347 4107 1529 4162 habet.
1571 4105 1920 4163 Convinceris

345 4219 476 4273 ergo
503 4219 568 4259 ne
601 4218 663 4257 ea
694 4202 911 4270 quidem
943 4199 1084 4254 scire
1112 4213 1233 4266 qna.-
1265 4197 1422 4251 dicis.
1455 4197 1567 4252 Cur
1608 4205 1786 4249 autem
1827 4209 1921 4248 eos

349 4307 576 4347 accusas
599 4291 689 4359 qui
714 4305 872 4344 voces
901 4289 956 4344 in
989 4287 1299 4357 Evangeliis
1328 4286 1532 4355 positas
1555 4286 1645 4339 uni
1683 4298 1922 4354 personae

352 4380 636 4437 tribuunt?
656 4383 849 4434 Annon
876 4379 1016 4444 ideo,
1067 4377 1192 4446 quia
1218 4391 1354 4430 novo
1376 4390 1526 4430 more
1554 4375 1688 4430 duos
1713 4374 1922 4428 inducis

2013 3204 2286 3274 ἐνδέχεται
2343 3203 2442 3272 τὴν
2493 3200 2670 3254 κτίσιν
2721 3199 3115 3252 καταπλουτείν
3163 3198 3445 3264 δύνασθαι,
3494 3201 3590 3254 καὶ

2011 3295 2168 3348 τοῦτο
2199 3293 2494 3357 ούσιωδῶς,
2537 3293 2604 3346 τὰ
2639 3295 2694 3346 ὲν
2735 3287 2816 3355 οἷς
2858 3294 3006 3344 ἐστιν
3036 3292 3247 3360 ἀγαθά;
3292 3295 3406 3352 ἀλλ’
3427 3295 3502 3358 ὡς
3531 3296 3590 3346 ὲν

2017 3385 2230 3456 μεθέξει
2277 3385 2376 3454 τῆς
2423 3383 2574 3446 θείας
2623 3383 2782 3452 τυχὸν
2832 3383 3109 3452 ὑπεροχῆς
3160 3383 3439 3453 πεφόρηκε
3493 3384 3590 3455 τὴν

2014 3474 2205 3537 ἀξίανς
2239 3473 2342 3525 Δύο
2376 3472 2439 3542 δὴ
2472 3471 2634 3525 πάλιν
2673 3470 3058 3540 ἀναμφιλόγως
3087 3472 3215 3534 υἱοὶ,
3246 3472 3405 3543 εἴπερ
3442 3475 3591 3528 ἐστὶν

2015 3566 2232 3636 ἀληθὲς,
2271 3566 2346 3625 ὡς
2372 3564 2556 3634 ἕτερόν
2597 3581 2668 3628 τι,
2698 3565 2790 3617 καὶ
2819 3563 3040 3618 ἔλαττον
3076 3565 3217 3617 κατά
3261 3565 3422 3632 φύσιν
3451 3568 3589 3631 ἐστὶ,

2014 3658 2109 3711 τοῦ
2156 3659 2253 3728 τὴν
2303 3657 2518 3728 μέθεξιν
2570 3658 2928 3728 ἐμποιοῦντος
2978 3657 3160 3727 αύτῷ,
3202 3658 3263 3712 τὺ
3301 3661 3482 3730 σχέσει
3524 3665 3590 3732 τῇ

2017 3745 2151 3816 πρὸς
2185 3745 2346 3798 αὑτὸν
2388 3745 2699 3816 τιμώμενον
2723 3763 2736 3776 ·
2768 3747 2951 3816 ἀλώσῃ
2985 3747 3049 3816 δὴ
3081 3743 3172 3800 οῦν
3201 3749 3321 3802 οὐδὲ
3364 3751 3520 3815 εἰδὼς
3555 3751 3593 3805 ἃ

2016 3835 2217 3904 λέγεις.
2256 3836 2421 3905 Αίτιᾷ
2457 3836 2514 3888 δὲ
2545 3835 2661 3889 ἀνθ’
2685 3837 2807 3889 ὅτου
2844 3839 2972 3900 τοὺς
3001 3839 3083 3890 ἐνὶ
3121 3840 3395 3910 προσώπῳ
3427 3858 3592 3913 προσ.

2017 3926 2281 3996 νέμοντας
2315 3925 2414 3990 τὰς
2453 3927 2512 3981 ὲν
2551 3928 2664 3989 τοῖς
2689 3927 3040 3995 Εὑαγγελίοις
3074 3930 3288 3996 φωνάς;
3317 3927 3443 4002 *Δρ*
3473 3933 3594 4004 οὐχὶ

2017 4015 2110 4069 δύο
2149 4016 2486 4086 καινοτομῶν
2516 4014 2694 4081 υίούς;
2723 4016 2845 4079 Πῶς
2874 4018 2982 4088 γὰρ
3013 4017 3095 4071 ἔτι
3124 4021 3328 4091 Κύριος
3364 4018 3464 4088 εἷς,
3499 4025 3593 4080 καὶ

2019 4104 2270 4175 Χριστὸς,
2299 4107 2392 4157 καὶ
2426 4105 2574 4169 Υἱὸς,
2601 4107 2649 4158 εί
2691 4107 2982 4176 πρόσωπον
3013 4109 3176 4165 ίδικὸν
3205 4112 3470 4184 ἐκατέρῳ,
3501 4116 3594 4168 καὶ

2021 4193 2197 4262 λόγος,
2245 4195 2336 4248 καὶ
2373 4195 2478 4265 μὴν
2522 4195 2618 4248 καὶ
2668 4195 3000 4266 ὑπόστασις,
3048 4200 3403 4270 ἀναχωροῦσα
3454 4205 3594 4272 πρὸς

2023 4286 2336 4356 ἑτερότητα,
2365 4288 2457 4339 καὶ
2487 4286 2546 4339 τὸ
2573 4287 2672 4357 τῆς
2699 4287 2933 4357 ἀληθοῦς
2960 4288 3206 4351 ἑνώσεως
3237 4291 3425 4358 χρῆμα
3455 4309 3594 4364 παρ-

2024 4376 2352 4446 αιτουμένη,
2407 4376 2498 4430 καὶ
2550 4377 2611 4430 τὸ
2665 4377 2982 4448 ἀσύμϐατον
3033 4378 3337 4447 ὁλοτρόπως
3398 4379 3594 4449 ἔχουσα

354 4470 531 4528 ﬁlios?
573 4468 707 4524 Nam
741 4439 1012 4538 quomodo
1040 4439 1180 4520 unus
1207 4466 1319 4536 jam
1363 4465 1639 4530 Dominus,
1680 4473 1734 4518 et
1762 4463 1911 4522 Chri-

2030 4467 2166 4536 πρὸς
2182 4439 2288 4537 *τὴν
2309 4439 2542 4538 ’ἐτέρανς
2567 4468 2677 4530 Καὶ
2704 4467 2764 4520 τό
2778 4439 2855 4534 ’γε
2895 4439 3193 4536 παράδοξον
3232 4469 3324 4524 καὶ
3350 4439 3459 4524 τῶν
3497 4475 3595 4528 αὐ-

349 4575 468 4619 suis
495 4571 550 4616 et
577 4560 743 4615 Filius
763 4560 888 4623 erit,
908 4560 954 4614 si
975 4559 1189 4626 utrique
1212 4572 1306 4612 sua
1336 4571 1562 4625 persona
1581 4564 1663 4610 est
1690 4565 1743 4609 et
1766 4547 1924 4622 ratio,

351 4654 462 4726 36
475 4664 635 4722 atque
655 4652 813 4705 etiam
833 4650 1157 4722 hypostasis,
1177 4651 1243 4703 ad
1266 4649 1629 4704 diversitatem
1647 4649 1924 4714 secedens,

352 4757 408 4802 et
438 4761 549 4800 rem
578 4758 717 4796 vera:
749 4743 964 4797 unionis
1008 4758 1286 4806 recusans,
1315 4750 1370 4796 et
1399 4757 1517 4810 qua:
1555 4741 1773 4798 omnino
1799 4755 1921 4798 cum

353 4838 522 4893 altera
558 4836 850 4890 convenire
885 4850 990 4888 non
1024 4833 1236 4904 possit?
1267 4833 1528 4902 Quodque
1555 4833 1644 4888 vix
1667 4832 1924 4892 credibile

353 4938 460 4995 est,
508 4937 563 4982 et
613 4927 731 4998 ejus
783 4926 1234 4995 blasphemiarum
1286 4925 1672 4994 turpitudinem
1718 4924 1919 4992 prodit,

354 5018 660 5075 communia
690 5017 823 5070 dicit
864 5029 986 5070 esse
1034 5016 1146 5069 haec
1189 5014 1426 5078 nomina,
1472 5013 1640 5068 Filius
1680 5014 1920 5082 inquam,

353 5122 408 5166 et
430 5110 704 5173 Christus,
735 5119 790 5164 et
821 5106 1079 5166 Dominus
1107 5124 1120 5160 :
1155 5121 1275 5174 qua:
1315 5105 1360 5160 si
1399 5105 1472 5158 ita
1503 5105 1806 5160 communia
1835 5105 1922 5159 di-

354 5202 450 5264 cit,
479 5208 538 5255 ut
573 5202 661 5254 uni
693 5198 938 5264 Christo,
962 5207 1015 5253 et
1040 5195 1360 5266 quibusdam
1385 5203 1580 5264 praeter
1603 5197 1776 5264 ipsum
1805 5196 1923 5252 aliis

353 5289 700 5356 conveniant,
728 5303 838 5342 non
864 5286 1097 5348 absurda
1127 5285 1243 5356 ejus
1269 5286 1373 5340 erit
1394 5284 1588 5340 oratio,
1622 5284 1714 5338 Sin
1751 5285 1924 5354 impe-

2029 4558 2123 4610 τοῦ
2153 4556 2472 4628 δυσφημιῶν
2509 4560 2807 4628 ἀποφαῖνον
2834 4558 2930 4628 τὴν
2955 4557 3236 4628 βδελυρίαν
3255 4576 3268 4588 ·
3302 4563 3454 4620 κοινά
3494 4582 3592 4636 φη..

1987 4687 1993 4692 .
2031 4664 2115 4702 σιν
2153 4643 2292 4704 εἶναι
2326 4648 2393 4701 τά
2437 4650 2696 4719 ὀνόματα,
2743 4650 2803 4700 τό
2839 4665 2898 4700 τε
2941 4648 3095 4713 Υἱὸς,
3121 4649 3283 4719 φημὶ,
3326 4653 3419 4708 καὶ
3465 4656 3597 4724 Χρι.

2031 4739 2152 4809 στὸς
2191 4739 2286 4792 καὶ
2325 4741 2563 4811 Κύριος·
2596 4741 2688 4801 καὶ
2717 4741 2766 4792 εί
2806 4740 2904 4809 μὲν
2931 4734 3068 4792 εἶναι
3113 4741 3268 4796 κοινά
3317 4759 3480 4812 φησιν
3522 4746 3596 4808 ὡς

2029 4829 2111 4882 ἑνὶ
2139 4829 2217 4900 τῷ
2248 4830 2486 4900 Χριστῷ,
2515 4830 2608 4886 καί
2636 4841 2746 4881 τισι
2777 4830 2905 4899 παρ’
2934 4829 3096 4886 αὑτὸν
3115 4830 3347 4901 ἑτέροις,
3389 4832 3502 4902 ἔχοι
3533 4833 3596 4886 ἂν

2026 4919 2171 4982 εἰκὸς
2206 4921 2235 4972 6
2266 4920 2420 4988 λόγος
2451 4918 2617 4989 αὐτῷ.
2659 4919 2722 4972 Εἰ
2751 4919 2810 4974 δὲ
2842 4919 3107 4991 διῖστησιν
3151 4922 3397 4992 ἀμαθῶς,
3429 4923 3596 4976 οἴεταί

2028 5024 2086 5063 τε
2119 5009 2349 5081 πρέπειν
2387 5011 2526 5064 αὐτὰ
2558 5010 2654 5072 καί
2692 5009 2873 5073 ίδικῶς
2909 5009 2988 5079 τῷ
3013 5010 3191 5081 Λόγῳ,
3235 5013 3326 5068 καὶ
3369 5014 3476 5082 μὴν
3526 5015 3597 5082 τῷ

2029 5100 2095 5152 ὲκ
2133 5098 2410 5168 γυναικὸς,
2435 5098 2530 5154 δύο
2573 5116 2675 5162 που
2704 5100 2922 5164 πάντως
2967 5099 3127 5166 πάλιν
3167 5103 3262 5156 καὶ
3299 5103 3597 5172 ἀναμφιλὸ-

2025 5209 2136 5259 γως
2166 5191 2414 5262 Χριστοὶ,
2446 5192 2539 5244 καί
2572 5191 2714 5256 Υἱοὶ,
2745 5193 2840 5257 καὶ
2873 5190 3089 5263 Κύριον
3114 5191 3217 5268 ἔφη
3257 5194 3385 5264 γὰρ,
3420 5194 3502 5248 ὅτι
3539 5195 3598 5247 τὸ

2028 5284 2258 5354 Χριστὸς
2287 5283 2478 5354 ὄνομα,
2513 5283 2643 5336 ποτὲ
2683 5283 2782 5352 μὲν
2835 5283 3018 5348 θετέον
3061 5285 3158 5347 ἐπὶ
3202 5285 3300 5354 τῆς
3348 5284 3593 5354 θεότητος

356 5379 458 5430 rite
495 5377 773 5449 disjungit,
807 5385 1063 5446 putatque
1092 5390 1155 5433 ea
1195 5373 1487 5429 convenire
1519 5381 1573 5428 et
1614 5373 1716 5442 ipsi
1750 5371 1911 5429 Verbc

2029 5376 2219 5445 αὐτῆς,
2252 5376 2381 5430 ποτὲ
2410 5376 2468 5429 δὲ
2499 5377 2593 5430 καὶ
2617 5376 2710 5429 ἐπὶ
2739 5376 2834 5447 τῇς
2858 5376 3293 5448 ἀνθρωπότητος,
3396 5375 3488 5428 καὶ
3513 5375 3591 5426 ἐπ’

356 5466 632 5534 privatim,
653 5474 708 5519 et
733 5465 804 5520 illi
835 5481 897 5522 ex
931 5466 1158 5526 muliere
1198 5465 1346 5531 tilio;
1381 5464 1488 5520 duo
1518 5463 1674 5536 plane
1710 5480 1923 5522 rursum

426 5641 468 5673 ⁵⁸
494 5637 598 5695 lsa.
622 5653 750 5706 xui,
783 5638 836 5694 8.
928 5639 971 5671 "
996 5637 1140 5695 Psal.
1172 5652 1436 5706 Lxxxvm,
1473 5637 1526 5694 7.

2028 5465 2230 5536 ἀμφοῖν
2249 5484 2262 5498 ·
2300 5467 2544 5538 ὀνήσειεν
2574 5469 2618 5523 δ’
2645 5468 2710 5524 ἂν
2739 5470 2772 5538 ἡ
2802 5467 3091 5540 ὁμωνυμία
3125 5467 3186 5520 τὸ
3227 5464 3470 5536 σύμπαν,
3511 5463 3593 5517 οὑ-
