3926 6126
189 830 198 834 η
283 807 534 878 δύναμιν,
572 806 917 878 προσεπάγει
948 805 1042 858 καί
1073 819 1259 875 φησιν’

280 235 346 293 69
1407 227 1785 284 ADVERSUS
1826 227 1867 280 Ν

1978 226 2226 283 rontun
2269 225 2396 282 LIB.
2441 220 2507 278 ιι.
2672 181 2678 187 ’
3379 250 3392 263 -
3477 225 3542 278 τι

281 357 391 422 δὸν,
416 354 499 418 εἰς
538 370 601 422 γε
640 350 700 406 τὸ
737 350 847 404 δεῖν
887 349 982 403 ἕνα
1017 349 1252 403 νοεῖσθαι
1299 350 1554 419 Χριστὸν.
1595 349 1691 402 καὶ
1721 349 1870 413 Υίὸν,

1978 359 2027 402 et
2061 349 2198 403 citra
2228 346 2620 402 dubitationem
2647 350 2806 398 erunt
2838 339 3064 404 Christi,
3108 349 3156 395 et
3193 339 3339 404 Filii,
3373 349 3424 394 et
3450 339 3554 396 Do-

284 448 380 500 καὶ
412 443 638 515 Κύριον,
670 441 939 511 τέμνοντα
968 439 1093 510 δίχα
1134 439 1228 492 τοῦ
1271 441 1367 492 καὶ
1403 441 1572 502 αὐτᾶς
1616 439 1860 509 ἀλλήλων

1978 440 2126 492 mini.
2179 438 2323 491 Dixit
2368 437 2510 491 enim
2561 433 2764 488 Christi
2814 447 3008 487 nomen
3053 446 3437 498 nonnunquam
3491 433 3554 483 de

281 537 383 598 τὰς
421 534 746 593 ὑποστάσεις
772 531 1075 599 ἁποεροιτᾷν
1101 545 1111 557 ·
1142 530 1236 603 καὶ
1264 531 1344 592 εἰς
1374 529 1545 600 ἰδικὴν
1575 531 1868 599 ὲτερότητα

1978 529 2084 598 ipsa
2131 528 2430 590 divinitate,
2482 539 2868 590 nonnunquam
2925 523 2992 576 de
3045 521 3408 584 humanitate,
3466 531 3554 572 aut

283 626 396 678 τῶν
438 624 739 695 προσώπων
787 620 1211 690 διεσταλμένων.
1255 621 1505 690 Ἐμφανῆ
1542 621 1650 689 γὰρ
1678 622 1867 692 ὥσπερ

1978 621 2136 673 etiam
2171 618 2237 671 de
2271 627 2500 684 utroque
2548 614 2977 686 intelligendum.
3023 610 3080 665 ιιι
3118 612 3429 666 universum
3460 626 3554 664 au-

283 721 422 788 ἡμῖν
473 715 737 778 καθιστὰς
781 717 880 782 τῆς
930 715 1160 784 ἐνούσης
1209 713 1358 782 αὐτῷ
1407 713 1712 784 δυσμαθίας
1769 714 1868 785 τὴν

1978 720 2078 764 tem
2110 708 2242 786 nihil
2269 708 2598 761 dividentem
2630 707 2831 776 jnverit
2853 706 3090 773 ejusdem
3123 705 3358 758 nominis
3385 705 3556 772 aequi—

1968 802 2182 856 vocatio
2207 801 2260 854 in
2285 801 2411 864 hoc,
2442 808 2500 853 ut
2531 815 2669 852 unus
2704 798 2954 852 Christus
2987 797 3342 864 intelligatur.
3366 802 3432 850 et"
3467 795 3556 849 Fi-

286 905 409 962 lius.
447 916 501 957 et
528 903 809 965 Dominus,
840 901 1053 954 etiamsi
1101 901 1231 968 ipsae
1291 901 1614 970 liypostases
1669 899 1902 954 invicem
1936 897 2200 967 sejunctie
2263 913 2371 950 non
2409 896 2539 958 sint,
2581 908 2645 949 ac
2693 908 2935 963 personae
2982 895 3198 962 propria
3244 891 3557 946 diversitate

287 996 580 1054 distinctze.
617 989 686 1046 Ut
714 993 858 1046 enim
890 1008 1000 1045 sum
1032 992 1186 1046 nobis
1225 992 1510 1060 imperitiae
1540 993 1648 1044 vim
1680 995 1954 1058 ostendat,
1982 989 2227 1059 adjungit
2254 998 2309 1044 et
2334 990 2410 1042 ait
2447 1007 2461 1044 :
3364 1038 3374 1048 ,

360 1086 554 1159 [Ὅταν
589 1081 682 1138 οὖν
708 1087 740 1156 ἡ
772 1084 892 1140 θεία
915 1085 954 1137 Γ
961 1085 1105 1156 ραφὴ
1141 1083 1310 1155 μέλλῃ
1331 1084 1530 1152 λέγειν,
1556 1084 1588 1155 ἦ
1625 1085 1872 1155 γέννησιν

2049 1084 2312 1157 [Νεετοιι.
2358 1083 2458 1138 Ubi
2483 1084 2646 1154 igitur
2679 1097 2846 1137 sacra
2870 1079 3086 1135 Littera:
3113 1081 3193 1135 vel
3221 1083 3555 1135 nativitatem

273 1177 380 1232 ,τοῦ
416 1175 650 1250 Χριστοῦ
694 1176 790 1247 τὴν
821 1177 885 1228 ὲκ
919 1176 1016 1246 τῆς
1049 1175 1321 1246 μακαρίας
1357 1175 1658 1247 Παρθένου,
1706 1175 1738 1245 ἤ
1772 1176 1872 1228 θά-

1978 1176 2179 1233 Christi
2216 1178 2280 1232 de
2310 1177 2464 1231 beata
2491 1174 2717 1245 Virgine
2745 1183 2839 1228 aut
2869 1174 2984 1243 ejus
3009 1182 3235 1227 mortem
3259 1180 3554 1242 ertpounnt,

286 1287 466 1334 νατον,
498 1267 733 1338 οὐδαμοῦ
776 1267 1025 1334 φαίνεται
1053 1267 1266 1320 τιθεῖσα
1288 1305 1304 1330 ,
1345 1265 1499 1332 Θεὸς,
1531 1267 1702 1338 ἀλλ’ἢ
1739 1269 1872 1340 Χρι-

1978 1286 2236 1340 nusquam
2256 1269 2667 1340 ponuntDenm,
2693 1268 2785 1322 sed
2809 1267 2889 1321 vel
2911 1268 3205 1330 Christum,
3234 1268 3313 1320 vel
3338 1266 3554 1332 Filium,

290 1362 434 1424 στὸς,
472 1360 505 1430 ἢ
538 1360 684 1424 Υἱὸς,
711 1359 744 1428 ἢ
783 1358 1005 1427 Κύριος.
1044 1358 1264 1422 Ἐπειδὴ
1293 1357 1470 1412 ταῦτα
1502 1359 1571 1412 τὰ
1600 1361 1729 1432 τρία
1757 1361 1868 1414 τῶν

1978 1362 2058 1416 vel
2080 1363 2395 1428 Dominum;
2425 1377 2546 1414 nam
2571 1361 2682 1414 hare
2705 1360 2805 1412 tria
2829 1361 2964 1412 duas
2986 1367 3207 1411 naturas
3228 1357 3553 1427 signiticant,

287 1453 382 1506 δύο
420 1452 638 1523 φύσεών
673 1454 781 1504 εισι
813 1451 1126 1520 σημαντικά
1151 1466 1164 1479 ⁸
1190 1452 1320 1504 ποτὲ
1353 1453 1452 1522 μὲν
1480 1451 1706 1523 ταύτης,
1733 1453 1863 1506 ποτὲ

1978 1469 2114 1508 nunc
2156 1454 2317 1518 hanc,
2370 1467 2514 1506 nunc
2569 1451 2744 1515 illam;
2796 1465 2937 1503 nunc
2976 1458 3030 1502 et
3077 1451 3214 1502 hanc
3257 1459 3311 1500 et
3362 1448 3550 1512 illam;

287 1548 331 1600 δ’
375 1547 618 1616 ἐκείνης,
667 1546 798 1598 ποτὲ
827 1545 883 1597 δὲ
915 1547 1116 1616 ταύτης
1156 1548 1446 1618 κάκείνης*
1478 1545 1589 1603 οἷόν
1625 1566 1677 1602 τι
1711 1549 1872 1618 λέγω,

290 1641 422 1692 ὅταν
454 1639 553 1708 τὴν
583 1638 642 1702 ἐξ
680 1637 906 1716 ούρανοῦ
937 1638 1191 1709 γέννησιν
1227 1641 1358 1708 ἡμῖν
1387 1642 1420 1708 ἡ
1452 1640 1642 1710 Γραφὴ
1685 1640 1876 1711 διηγῆ-

1978 1545 2126 1598 verbi
2152 1545 2345 1612 gratia,
2372 1559 2492 1596 cum
2517 1543 2665 1596 illam
2691 1557 2721 1595 e
2745 1541 2881 1595 caelo
2906 1540 3242 1593 nativitatem
3277 1539 3553 1608 Scriptura

1979 1636 2133 1690 nobis
2148 1635 2388 1703 etpoiiit,
2407 1633 2538 1702 quid
2557 1633 2672 1687 ait?
2691 1633 2833 1685 Misit
2867 1633 3004 1685 Deus
3019 1628 3213 1683 Filium
3232 1645 3385 1683 suum
3411 1648 3426 1695 ;
3449 1645 3552 1683 non
3578 1639 3586 1645 ‘

291 1748 407 1794 ται,
446 1730 496 1782 τί
529 1730 706 1798 λέγεις
748 1729 1158 1796 Ἐξαπέστειλεν
1185 1731 1214 1782 ὁ
1245 1729 1376 1793 Θεὸς
1405 1731 1496 1782 τὸν
1530 1731 1658 1784 Υίὸν
1685 1731 1870 1784 αὑτοῦ.

1978 1737 2154 1780 autem
2187 1743 2199 1780 :
2240 1725 2388 1780 Misit
2415 1725 2553 1778 Dens
2570 1725 2732 1777 Deum
2771 1721 3028 1786 Verbum,
3060 1722 3152 1774 sed
3181 1737 3375 1774 nomen
3391 1721 3556 1774 sumit

293 1820 411 1877 Ούκ
432 1817 602 1887 εἶπεν,
624 1820 1034 1886 Ἐξαπέστειλεν
1055 1822 1082 1873 ὁ
1099 1820 1230 1884 Θεὸς
1255 1821 1346 1873 τὸν
1372 1821 1502 1874 Θεὸν
1525 1823 1716 1890 Λόγονο
1742 1821 1878 1876 ἀλλὰ

291 1911 556 1980 λαμϐάνει
595 1912 656 1964 τὸ
701 1911 870 1980 ὄνομα
901 1911 962 1962 τὸ
1001 1911 1206 1980 μηνύον
1244 1911 1344 1974 τὰς
1397 1911 1588 1980 φύσεις
1622 1911 1723 1975 τὰς
1760 1913 1872 1967 δύο.

304 2003 523 2072 Ἐπειδὴ
553 2003 662 2072 γὰρ
691 2005 719 2054 ὁ
747 2002 879 2065 Υίὸς
912 2001 1198 2070 ἄνθρωπός
1227 2003 1343 2054 ἐστι
1375 2004 1468 2055 καὶ
1502 2003 1654 2066 Θεὸς,
1688 2003 1836 2072 λέγει
1861 2020 1875 2033 ·

296 2109 315 2139 a
356 2090 770 2156 Ἐξαπέστειλεν
794 2091 884 2143 τὸν
934 2090 1062 2142 Υἱὸν
1107 2089 1270 2142 αὑτοῦ
1317 2091 1657 2161 γεννώμενον
1683 2093 1746 2145 ὲκ
1775 2110 1876 2160 γυ-

291 2181 518 2242 ναικόςο
550 2201 569 2233 ι
607 2181 696 2234 ἵνα
743 2180 869 2232 ὅταν
915 2177 1155 2250 ἀκούσῃς
1194 2180 1255 2232 τὸ
1303 2179 1640 2248 γεννώμενον
1670 2181 1734 2233 ὲκ
1773 2198 1876 2248 γυ-ο

291 2269 505 2331 ναικὸς,
529 2263 648 2321 εἶτα
674 2269 784 2339 ἴδῃς
813 2268 872 2320 τὸ
896 2268 1063 2337 ὄνομα
1090 2268 1444 2339 προκείμενον
1465 2269 1524 2320 τὸ
1551 2270 1753 2338 μηνύον
1778 2269 1877 2333 τὰς

291 2359 483 2429 φύσεις
518 2360 617 2423 τὰς
643 2360 754 2425 δύο,
791 2359 875 2412 ἵνα
909 2360 1006 2431 τὴν
1039 2359 1292 2430 γέννησιν
1330 2363 1430 2428 τὴν
1464 2361 1528 2412 ἐκ
1557 2362 1654 2430 τῆς
1699 2377 1878 2432 μακα-

297 2450 418 2520 ρίας
450 2451 750 2520 Παρθένου,
781 2449 911 2502 Υἱοῦ
946 2449 1257 2520 μὲν,κᾱλῇς
1278 2465 1290 2479 ο
1325 2449 1451 2502 Υίὸν
1480 2449 1589 2518 γὰρ
1615 2450 1887 2529 ἐγέννησε.

289 2539 432 2594 Θεοῦ
491 2543 585 2594 καὶ
613 2544 646 2610 ἡ
682 2541 1039 2611 Χριστοτόκος
1069 2540 1361 2610 Παρθένος.
1402 2539 1541 2591 Ἀλλ’
1572 2540 1866 2609 ἐπειδήπερ

1981 1817 2120 1888 quod
2149 1819 2283 1871 duas
2310 1825 2532 1870 naturas
2560 1816 2755 1869 indicat
2773 1832 2787 1868 ε
2805 1831 2925 1868 nam
2948 1815 3070 1882 quia
3101 1813 3266 1866 Filius
3294 1813 3452 1865 hosne
3471 1821 3554 1864 est

1980 1925 2042 1962 ac
2077 1909 2240 1973 Deus,
2273 1909 2486 1977 inquit:
2511 1925 2531 1958 ι
2569 1907 2923 1961 MisitFilittm
2954 1921 3109 1959 suum
3146 1915 3328 1959 natum
3355 1920 3421 1958 cx
3440 1918 3549 1956 mu-

1979 1999 2111 2054 liere
2137 2000 2219 2064 1’³;
2243 2018 2262 2051 ι
2289 2009 2483 2053 utcum
2512 1999 2774 2064 audieris,
2807 2009 2990 2051 nutum
3015 2011 3082 2052 ex
3111 1995 3353 2057 muliere,
3377 1995 3552 2048 conti-

1979 2103 2088 2145 nuo
2107 2087 2291 2142 videas
2308 2088 2650 2156 praepositum
2676 2101 2870 2141 nomen
2891 2086 3034 2155 quod
3067 2087 3201 2139 duas
3232 2094 3456 2138 naturas
3475 2084 3557 2136 in-

1981 2178 2147 2241 dicat,
2182 2187 2239 2232 ut
2273 2177 2610 2230 nativitatem
2645 2190 2710 2231 ex
2740 2176 2894 2231 beata
2932 2165 3149 2245 Virgine
3173 2176 3292 2230 Filii
3327 2189 3447 2228 esse
3477 2175 3556 2229 di-

1979 2283 2095 2332 cas;
2118 2283 2239 2320 nam
2270 2267 2362 2320 Dei
2389 2266 2580 2320 Filium
2606 2267 2968 2334 genuitetiam
2993 2267 3080 2320 illa
3105 2265 3304 2332 Christi
3323 2265 3555 2332 genitrix

1980 2359 2161 2430 Virgo.
2197 2359 2302 2413 Sed
2329 2360 2452 2428 quia
2482 2357 2575 2412 Dei
2600 2359 2770 2413 Filius
2787 2359 2979 2428 duplex
3015 2368 3099 2413 est
3143 2359 3434 2413 secundum
3464 2373 3558 2412 na—

1980 2456 2154 2511 turas,
2182 2450 2368 2516 genuit
2410 2448 2824 2513 humanitatem,
2855 2463 2975 2518 quae
3025 2459 3112 2503 est
3154 2449 3296 2504 ﬁlius
3337 2459 3557 2518 propter

1976 2540 2317 2610 conjunctum
2352 2540 2453 2594 sibi
2491 2538 2735 2612 Filium.)

289 2632 319 2683 ὁ
354 2632 484 2697 Υἱὸς
511 2633 604 2685 τοῦ
634 2632 769 2685 Θεοῦ
793 2632 1011 2694 διπλοῦς
1040 2633 1155 2683 ἐστι
1189 2632 1288 2693 τὰς
1312 2630 1525 2697 φύσεις,
1553 2630 1808 2699 ἐγέννησε
1836 2629 1954 2699 [οὐκ
1989 2629 2270 2701 ἐγέννησε]
2306 2630 2404 2701 μὲν
2434 2631 2526 2686 τὸν
2555 2631 2682 2686 Υἱὸν
2723 2630 2818 2684 τοῦ
2849 2629 3006 2697 Θεοῦ,
3029 2631 3144 2684 ἀλλ’
3173 2632 3428 2702 ἐγέννησε
3457 2631 3555 2704 τὴν

281 2723 715 2795 ἀνθρωπὸτητα,
732 2725 854 2795 ἥτις
882 2726 1032 2777 ἐστὶν
1054 2725 1189 2790 υίὸς,
1215 2725 1304 2779 διὰ
1330 2725 1420 2778 τὸν
1448 2725 1790 2797 συνημμένον
1811 2724 1983 2796 Υίόν.]

908 2864 1158 2919 ΚΕΦΑΛ.
1194 2865 1267 2920 B'.

371 2996 516 3050 Ἀλλ’
552 2996 711 3066 ἡμεῖς
739 3011 822 3063 γε,
863 2988 908 3048 ὧ
938 2995 1072 3056 ’τᾶν,
1097 2997 1146 3049 oi
1178 2996 1286 3050 τῶν
1321 2996 1428 3050 σῶν
1466 3000 1873 3070 τερετισμάτων

282 3087 354 3140 τὰ
396 3085 607 3156 ἀμείνω
641 3087 857 3153 φρονεῖν
889 3085 1215 3152 ἐγνωκότες·
1249 3087 1345 3138 καὶ
1377 3086 1477 3155 τῆς
1509 3086 1872 3142 θεοπνεύστου

285 3177 519 3247 Γραφῆς
567 3174 977 3245 ἰχνηλατοῦντες
1016 3177 1106 3229 τὸν
1139 3177 1340 3246 κόσμον
1372 3175 1481 3247 [ἴσ.
1510 3178 1753 3249 σκοπὸν],
1780 3180 1876 3231 ’ένα

282 3266 562 3335 λεγούσης
603 3266 694 3317 τὸν
729 3264 948 3334 Πατέρα
984 3265 1076 3317 καὶ
1101 3265 1231 3319 Θεὸν
1272 3266 1331 3329 ἐξ
1361 3259 1421 3318 οὗ
1449 3267 1516 3319 τὰ
1551 3269 1749 3332 πάντα,
1783 3269 1877 3321 καὶ

282 3359 382 3411 ἕνα
431 3358 633 3428 Κύριον
666 3355 874 3427 Ἰησοῦν
920 3355 1174 3426 Χριστὸν,
1208 3355 1273 3408 δι’
1303 3352 1364 3410 οὗ
1396 3357 1464 3411 τὰ
1504 3359 1681 3412 πάντα
1729 3375 1874 3429 παρ-

283 3449 434 3521 ήχθη
487 3448 621 3519 πρὸς
669 3448 903 3516 γένεσιν,
951 3447 1078 3499 ὅταν
1121 3447 1442 3516 ἀκούσωμεν
1472 3450 1536 3501 ἐκ
1581 3451 1677 3520 τῆς
1711 3450 1876 3517 ἁγίας

282 3539 569 3610 Παρθένου
622 3535 980 3607 γεγεννῆσθαι
1032 3537 1294 3606 Χριστὸν,
1337 3539 1458 3590 τότε
1491 3538 1576 3609 δὴ,
1611 3540 1731 3591 τότε
1781 3542 1876 3592 καὶ

285 3631 442 3700 μάλα
491 3632 807 3700 ἐμφρόνως,
840 3627 935 3680 καὶ
971 3629 1092 3679 κατ’
1120 3626 1248 3678 εὐθὺ
1288 3628 1385 3698 τῆς
1433 3629 1690 3698 ἀληθείας
1735 3631 1873 3684 ίέναι

285 3722 711 3785 σπουδάζοντες,
750 3719 840 3771 τὸν
869 3720 932 3770 ὲκ
964 3717 1097 3770 Θεοῦ
1132 3718 1342 3787 Πατρὸς
1380 3718 1550 3786 φύντα
1579 3721 1750 3788 Λόγον
1788 3723 1875 3773 ὲν-

281 3812 651 3884 ανθρωπῆσαί
698 3811 762 3880 γέ
810 3826 1010 3880 φαμεν,
1069 3810 1163 3861 καὶ
1211 3809 1478 3878 ένωθῆναι
1541 3813 1704 3880 σαρκὶ
1751 3811 1872 3865 καθ’

280 3906 614 3964 ὑπόστασιν,
645 3901 968 3972 γεννηθῆναι
997 3919 1056 3954 τε
1086 3901 1226 3954 κατὰ
1268 3903 1446 3971 σάρκα
1465 3917 1479 3932 ο
1510 3904 1606 3955 καὶ
1644 3903 1740 3973 τῆς
1775 3905 1874 3975 σῆς

277 3997 368 4057 εἰς
406 3991 569 4045 τοῦτο
593 3992 876 4063 τερθρείκς
905 3989 1002 4044 οὐκ
1036 3989 1337 4060 ἀνεξόμεθα
1360 4007 1373 4022 ο
1407 3992 1488 4044 ἑνὶ
1517 3990 1572 4044 δὲ
1605 3993 1696 4044 καὶ
1727 3994 1873 4064 μόνῳ

272 4084 364 4155 τῷ
423 4083 568 4135 κατὰ
614 4081 771 4150 φύσιν
805 4081 917 4151 Υἱῷ
961 4081 1023 4133 τὸ
1063 4080 1298 4151 Χριστὸς
1331 4079 1501 4150 ὄνομα
1546 4085 1873 4154 προσνεμοῦ-

2647 2813 2798 2917 cap.
2840 2860 2903 2916 ll.

2048 3000 2118 3054 At
2149 3014 2247 3055 nos
2290 3005 2457 3062 certe,
2489 3011 2522 3050 ο
2564 2995 2644 3049 vir
2690 2996 2916 3064 optime,
2965 2995 3054 3064 qui
3089 2994 3194 3048 tuis
3241 2995 3398 3062 nugis
3441 3011 3556 3052 me-

1977 3089 2110 3143 liora
2147 3089 2349 3142 sentire
2381 3088 2741 3151 decrevimus,
2785 3093 2839 3140 et
2883 3085 3184 3138 divinarum
3227 3082 3556 3139 Litterarum

1979 3179 2312 3249 propositum
2355 3179 2803 3247 pervestigamus,
2855 3191 2976 3245 qua:
3026 3175 3212 3228 dicunt
3249 3192 3412 3229 unum
3458 3176 3556 3229 Pa-

1979 3278 2114 3322 trem
2148 3276 2202 3322 et
2251 3269 2415 3322 Deum
2459 3285 2523 3322 ex
2577 3283 2684 3336 quo
2727 3268 2931 3330 omnia,
2963 3276 3224 3322 et'unurn
3272 3265 3556 3324 Dominum

1977 3357 2158 3412 Jesum
2209 3357 2502 3421 Chrismm,
2549 3371 2646 3426 per
2693 3372 2851 3424 quem
2889 3357 3068 3408 omnia
3113 3366 3170 3409 ut
3213 3368 3394 3411 essent
3433 3375 3555 3426 pro-

1977 3451 2134 3504 ducta
2175 3449 2387 3515 sunt“,
2418 3463 2541 3503 cum
2584 3450 2836 3503 audimus
2881 3464 2944 3502 ex
2974 3449 3080 3519 37
3110 3461 3296 3503 sancta
3339 3451 3555 3520 Virgine

1978 3553 2160 3595 natum
2196 3555 2317 3594 esse
2342 3539 2641 3602 Christum,
2671 3539 2812 3592 illico
2838 3539 3132 3608 prudenter
3165 3541 3451 3593 admodum
3499 3551 3554 3595 i-t

1978 3644 2127 3688 recto
2179 3634 2244 3687 ad
2290 3634 2573 3686 veritatem
2621 3633 2815 3686 itinere
2861 3641 3235 3700 properantes,
3302 3633 3430 3685 illud
3485 3646 3550 3685 cx

1977 3724 2086 3780 Deo
2108 3723 2274 3779 Patere
2303 3734 2485 3777 natum
2515 3722 2743 3778 Verbum
2770 3724 3038 3777 huminem
3066 3725 3266 3778 factum
3295 3725 3549 3790 dicimus,

1974 3823 2027 3867 et
2075 3817 2283 3868 unitum
2334 3813 2483 3867 carni
2535 3813 2830 3868 secundum
2879 3814 3233 3883 hypostasim,
3265 3823 3320 3869 et
3366 3824 3549 3868 natum

1976 3905 2270 3957 secundum
2311 3917 2554 3967 carnem,
2609 3911 2664 3956 et
2713 3911 2830 3956 tuas
2882 3903 2934 3955 in
2989 3903 3089 3956 hac
3147 3918 3205 3956 re
3253 3905 3553 3973 praestigias

1983 3993 2130 4047 nullo
2185 3994 2347 4046 modo
2395 3993 2662 4060 patiemur
2693 4009 2706 4045 :
2737 3993 2830 4046 sed
2875 3991 2968 4044 uni
3015 4000 3069 4044 et
3117 3993 3215 4044 soli
3255 3995 3551 4048 secundum

1976 4095 2223 4138 naturam
2259 4082 2398 4137 Filio
2427 4083 2627 4137 Christi
2665 4098 2859 4137 nomen
2890 4083 3185 4136 trihuenms
3215 4092 3308 4143 :et
3337 4083 3549 4150 quidem

277 4193 418 4246 μεν,
452 4173 678 4235 εἰκότως
700 4189 713 4202 ·
745 4172 1052 4241 γεννήσεως
1081 4172 1501 4242 ὀνομαζομένης,
1529 4173 1627 4243 τῆς
1657 4175 1743 4229 διὰ
1772 4177 1872 4248 τῆς

1978 4177 2117 4246 jure,
2147 4191 2268 4229 cum
2296 4175 2382 4229 illa
2411 4190 2508 4243 per
2538 4185 2780 4228 sanctam
2813 4172 3088 4243 Virginem
3117 4174 3301 4238 editio,
3330 4189 3552 4242 genera-

272 4266 457 4334 ἁγίας
491 4262 791 4334 Παρθένου.
826 4261 994 4314 Κοινὰ
1025 4262 1125 4331 μὲν
1156 4262 1284 4334 γὰρ,
1315 4262 1570 4353 ώὶἐφην,
1604 4265 1750 4336 αύτῷ
1780 4268 1872 4320 καὶ

1978 4270 2049 4322 tio
2085 4277 2445 4336 nuncupetur.
2493 4266 2814 4321 Comrnuuia
2867 4281 3100 4335 namque
3144 4278 3269 4321 sunt
3318 4267 3391 4320 illi
3423 4283 3548 4360 cum

273 4356 504 4426 ἑτέροις
546 4347 656 4405 εἷεν
686 4353 753 4405 ἂν
788 4351 858 4404 τὰ
903 4351 1078 4404 τοιάδε
1119 4352 1226 4405 τῶν
1261 4342 1539 4422 ὄνομ’ἁτων
1576 4355 1872 4424 ὁμολογου-

1980 4361 2100 4413 aliis
2129 4375 2366 4428 quoque,
2395 4369 2452 4413 ut
2475 4358 2610 4424 dixi,
2641 4357 2904 4428 ejusmodi
2946 4359 3185 4414 nomina.
3219 4358 3368 4412 Multi
3406 4342 3551 4412 tiam-

276 4447 501 4518 μένως.
537 4444 727 4496 Πολλοὶ
767 4443 878 4514 γὰρ
917 4444 1024 4495 υἱοὶ
1057 4444 1198 4496 κατὰ
1243 4444 1422 4514 χάριν,
1461 4446 1552 4498 καὶ
1596 4445 1727 4510 θεοὶ,
1776 4448 1870 4500 καὶ

1980 4465 2085 4519 que
2127 4451 2222 4504 ﬁlii
2271 4451 2570 4505 secundum
2629 4452 2879 4518 gratiam,
2919 4459 2972 4502 et
3015 4451 3106 4512 dii,
3139 4459 3193 4502 et
3243 4450 3446 4502 domini
3494 4450 3546 4502 in

271 4538 500 4607 κύριοι,
532 4536 584 4587 ἒν
613 4553 671 4586 τε
714 4523 926 4606 οὐρανῷ
976 4540 1070 4588 καὶ
1103 4535 1194 4588 ἐπὶ
1228 4537 1327 4605 τῆς
1365 4538 1486 4607 γῆς,
1523 4538 1666 4590 καθὰ
1710 4539 1802 4592 καὶ
1844 4541 1872 4592 ὁ

1979 4542 2120 4596 cmlo
2155 4551 2209 4596 et
2251 4543 2304 4596 in
2355 4555 2523 4605 terra,
2560 4551 2617 4595 ut
2648 4543 2837 4594 beatus
2884 4540 3082 4595 Paulus
3121 4540 3398 4604 scribit",
3452 4541 3546 4595 sed

270 4628 582 4688 θεσπέσιος
608 4629 738 4696 ἡμῖν
765 4626 962 4695 γράφει
1002 4626 1236 4690 Παῦλος,
1281 4628 1417 4698 πλὴν
1447 4628 1522 4690 ὡς
1564 4631 1621 4682 ὲν
1655 4629 1870 4699 μεθέξει

1978 4631 2094 4699 ejus
2125 4634 2542 4703 participatione
2573 4643 2734 4700 atque
2772 4633 3092 4696 imitatione,
3129 4632 3220 4700 qui
3249 4634 3544 4687 secundum

268 4721 372 4774 τοῦ
405 4719 558 4772 κατὰ
585 4717 761 4785 φύσιν,
791 4718 882 4769 καὶ
911 4718 1051 4770 κατὰ
1083 4720 1332 4788 μίμησιν.
1362 4718 1434 4770 Τὸ
1464 4718 1520 4770 δέ
1550 4735 1613 4786 γε
1637 4721 1868 4791 Χριστὸς

265 4811 457 4882 ὅ·νομὰ
492 4825 552 4859 τε
587 4809 676 4860 καὶ
703 4808 911 4878 χρῆμα,
947 4807 1145 4877 πρέποι
1191 4807 1257 4858 ἂν
1302 4807 1420 4860 κατ’
1448 4807 1636 4860 οὐδένα
1669 4809 1867 4878 τρόπον

266 4901 348 4970 τῷ
395 4903 469 4953 ὲκ
516 4899 727 4968 Πατρὸς
766 4899 879 4950 ὄντι
910 4897 1069 4968 Λόγῳ
1118 4896 1329 4967 γυμνῷ,
1374 4899 1466 4951 καὶ
1507 4899 1626 4951 καθ’
1655 4901 1863 4966 ἑαυτὸν,

267 4995 367 5047 καὶ
392 4991 511 5057 ἔξω
540 4990 737 5060 σαρκὸς
757 4989 892 5059 πρὸς
915 4987 1069 5058 ἡμῶν
1090 4988 1385 5058 νοουμένῳ.
1412 4991 1472 5042 Εἰ
1494 4989 1550 5042 δὲ
1569 4990 1633 5059 δὴ
1656 4989 1864 5058 λέγοιτο

267 5080 528 5137 κενῶσαί
561 5097 621 5133 τε
654 5080 868 5144 ἑαυτὸν,
896 5080 990 5132 καὶ⁵
1026 5081 1083 5132 ὲν
1111 5082 1178 5150 τῇ
1206 5079 1300 5132 τοῦ
1333 5079 1516 5132 δούλου
1545 5081 1862 5156 καθικέσθαι

271 5176 496 5248 μορφῇ,
531 5171 626 5224 καὶ
665 5169 786 5222 καθ’
824 5171 972 5238 ἡμᾶς
1012 5168 1262 5236 γενέσθαι
1289 5169 1378 5222 διὰ
1408 5169 1507 5235 τὴν
1548 5169 1747 5239 σάρκα,
1776 5187 1865 5222 κε-

268 5271 552 5340 κλήσεται
583 5264 676 5318 καὶ
706 5261 1000 5324 αύτὸς,διά
1040 5277 1119 5313 τοι
1159 5259 1224 5313 τὸ
1255 5261 1559 5333 κεχρίσθαι,
1599 5263 1862 5333 Χριστός·

267 5364 329 5415 ού
366 5360 490 5431 γὰρ
522 5356 813 5426 κέχρισται
846 5351 967 5404 κατ’
997 5350 1132 5404 ἰδίαν
1166 5351 1322 5419 φύσιν
1354 5352 1483 5416 Θεὸς
1509 5351 1584 5405 ὢν
1611 5355 1639 5406 ὁ
1663 5353 1830 5420 Λόγος
1851 5369 1864 5382 ·

267 5450 472 5518 γέγονε
502 5443 568 5497 δὲ
595 5443 794 5513 μᾶλλον
822 5443 856 5511 ὴ
886 5441 1063 5512 χρίσις
1087 5432 1236 5506 αὐτῷ
1266 5443 1393 5510 περὶ
1413 5442 1475 5494 τὸ
1505 5441 1864 5512 ἀνθρώπινον.

1977 4732 2236 4787 ιιιιιιιιτιιιι⁵
2275 4724 2533 4792 ejusmodi
2581 4732 2683 4776 est.
2720 4723 2790 4775 At
2835 4736 2962 4775 vero
3001 4722 3200 4777 Christi
3244 4738 3438 4778 nomen
3481 4741 3547 4780 ac

1976 4828 2081 4877 res,
2119 4811 2296 4867 Verbo
2326 4813 2400 4867 illi
2435 4829 2499 4868 ex
2529 4812 2688 4867 Patre
2719 4813 3021 4874 exsistenti,
3055 4829 3118 4868 ac
3154 4813 3297 4869 nudo
3320 4824 3373 4868 et
3396 4829 3545 4868 seor-

1973 4902 2074 4955 sim
2103 4909 2158 4956 et
2205 4908 2356 4955 extra
2387 4915 2605 4956 carnem
2653 4903 3016 4969 considerato,
3050 4904 3196 4956 nullo
3227 4904 3386 4957 modo
3415 4917 3545 4956 con-

1975 4995 2146 5048 venit.
2199 4993 2350 5059 Quod
2393 4993 2437 5047 si
2490 4993 2687 5048 dicitur
2725 4992 2956 5061 seipsum
3006 4995 3334 5059 exinanisse,
3387 5002 3442 5046 et
3488 4993 3542 5046 in

1970 5084 2111 5138 servi
2155 5082 2332 5139 forma
2387 5084 2751 5150 descendisse,
2795 5093 2850 5138 et
2892 5083 3096 5142 factum
3148 5083 3318 5138 fuisse
3362 5083 3538 5136 nostri

1970 5175 2201 5228 similem
2247 5184 2470 5244 propter
2518 5190 2738 5229 carnem
2763 5177 2830 5239 ",
2862 5176 2976 5242 ipse
3021 5188 3236 5242 quoque
3274 5181 3541 5241 quatenus

1971 5277 2168 5320 unctus
2220 5275 2327 5332 est,
2353 5267 2602 5321 Christus
2624 5267 2908 5322 vocabitur
2937 5284 2950 5320 :
2981 5280 3087 5320 non
3135 5265 3278 5318 enim
3305 5263 3540 5318 Verbum

1972 5355 2115 5423 quod
2165 5354 2307 5409 Deus
2350 5364 2469 5409 erat
2494 5355 2788 5409 secundum
2833 5368 2983 5407 suam
3028 5362 3278 5407 naturam
3322 5362 3406 5408 est
3442 5368 3543 5406 un-

1975 5453 2142 5508 ctum,
2174 5445 2271 5499 sed
2301 5443 2472 5512 ipsius
2517 5442 2702 5518 unctio
2735 5442 2914 5512 potius
2966 5442 3018 5498 iu
3062 5443 3296 5500 hominis
3351 5451 3544 5498 natura

343 5617 802 5686 “Galal.tv,£.
880 5616 1121 5674 “lCor.
1170 5632 1276 5687 ml,
1305 5615 1359 5673 6.
1433 5618 1726 5674 "lbid.5.
1804 5615 2104 5689 "Philipp.
2135 5632 2196 5685 ιι,
2227 5619 2277 5685 7,
2314 5587 2366 5685 ἐ,
