3926 6126
365 242 419 295 ’71
1357 238 1419 295 S.
1456 239 1736 294 CYlilLLl
1782 239 2254 296 ALEXANDRINI
2299 240 2618 297 ARClllEP.
3562 246 3636 302 72

360 364 485 417 fuit.
523 361 616 418 Sic
662 360 828 432 igitur
865 359 957 416 illo
987 368 1306 431 antegresso
1331 359 1389 414 in
1430 375 1536 430 quo
1578 361 1763 415 unctio
1804 360 1944 417 facta

2052 361 2209 416 Οῦτω
2239 362 2532 436 τοιγαροῦν
2562 362 3001 433 προσϐεϐηκὸτος
3029 362 3261 429 ἐκείνου,
3295 361 3426 435 περὶ
3454 357 3515 417 οὗ
3546 364 3639 433 γέ-

358 461 443 507 est
484 454 632 521 (nam
679 450 797 519 eius
845 451 1061 520 propria
1104 450 1419 505 humanitas
1472 460 1555 504 est
1586 452 1636 505 in
1687 466 1792 520 qua
1839 449 1942 505 l'nit

362 544 591 612 unctio),
627 558 749 597 eum
777 542 1052 597 Christum
1080 541 1232 595 illum
1259 542 1612 610 appellamus,
1645 556 1750 596 non
1793 550 1852 595 ut
1885 550 1938 595 tu

358 635 621 691 effrenate
660 635 938 704 loqueris,
995 648 1343 689 communem
1389 633 1660 688 hominem
1707 634 1942 689 aVerbo

362 725 621 789 divisum,
650 736 710 778 et
741 724 972 778 seorsim
1005 724 1239 792 positum
1264 738 1330 775 ex
1364 733 1549 777 sancta
1582 722 1803 793 Virgine
1836 724 1944 778 edi-

364 810 804 885 tum'putamus,
847 815 939 869 sed
990 816 1187 883 ipsum,
1240 824 1299 867 ut
1327 815 1457 881 dixi,
1518 830 1584 870 ex
1631 815 1740 869 Deo
1779 814 1943 871 Patre

360 904 622 968 Verbum,
650 905 859 957 unitum
902 903 1075 969 carni,
1111 912 1170 958 et
1201 903 1323 957 oleo
1352 903 1731 958 exsultationis
1772 918 1801 956 a
1834 905 1943 958 Deo

361 1004 418 1048 et
454 993 618 1049 Patre
664 1003 887 1047 unctum
924 993 1264 1048 humanitus.
1301 992 1473 1048 Porro
1517 993 1612 1047 Dei
1648 993 1808 1048 Verbi
1843 1010 1943 1059 un-

361 1085 593 1139 ctionem
634 1084 687 1137 in
725 1083 1064 1138 humanitate
1099 1082 1297 1138 factam
1330 1084 1522 1147 fuisse,
1564 1098 1672 1153 quo
1701 1093 1945 1152 tempore

361 1174 556 1230 similis
588 1174 749 1229 nobis
790 1174 1067 1244 apparuit,
1118 1174 1288 1229 sa'craa
1326 1173 1547 1228 Littera:
1577 1175 1732 1228 nobis
1757 1182 1944 1229 osten-

361 1267 509 1319 dent.
543 1262 676 1319 Cum
712 1264 855 1318 enim
886 1264 1080 1318 beatus
1106 1263 1277 1319 Jacob
1308 1273 1530 1332 paterna
1560 1263 1720 1317 domo
1740 1264 1944 1318 cedens

362 1358 417 1411 in
453 1356 894 1424 McsOpotamiam
929 1365 1200 1425 pergeret,
1241 1365 1295 1409 et
1331 1356 1398 1409 ad
1429 1355 1613 1408 Laban
1657 1355 1945 1409 contende-

362 1459 447 1504 ret
479 1449 758 1502 Batbnelis
787 1448 979 1512 lilium,
1004 1449 1057 1502 in
1086 1449 1260 1502 locum
1287 1448 1575 1517 quemdam
1602 1447 1941 1517 interiectum

363 1540 633 1608 pervenit,
668 1539 854 1606 ibique
882 1539 1210 1604 diversatus,
1246 1540 1300 1592 in
1339 1540 1677 1608 suppositum
1710 1538 1941 1607 lapidem

365 1631 649 1685 inclinavit
672 1638 854 1699 caput,
888 1637 943 1683 et
981 1643 1230 1682 somnum
1268 1631 1441 1696 cepit;
1477 1645 1541 1684 ac
1585 1644 1679 1698 per
1705 1629 1941 1696 quietem

2051 470 2208 521 γονεν
2238 456 2272 523 ἡ
2303 455 2485 525 χρίσις
2528 454 2714 525 (αὑτοῦ
2748 455 2854 525 γὰρ
2879 455 2913 525 ἡ
2951 453 3388 525 ὲνανθρώπησις,
3421 455 3550 526 1:591
3575 446 3636 509 οῦ

2052 546 2276 613 γέγονεν
2301 548 2333 616 ὴ
2364 536 2589 617 χρίσις),
2617 547 2745 600 ὅταν
2764 547 2897 616 ἡμῖν
2926 534 3262 616 ὀνομάζηται
3292 543 3549 614 Χριστὸς,
3576 547 3637 600 ού

2051 636 2194 691 κατά
2229 653 2293 705 γε
2344 636 2443 708 τὴν
2484 637 2583 707 σὴν
2623 636 3043 707 ἀθυροστομίαν,
3098 637 3383 708 ἄνθρωπον
3445 637 3636 701 ἁπλῶς

2051 727 2492 797 ὑποτοπήσομεν,
2513 727 2843 799 διῃρημένον
2871 726 2966 781 τοῦ
2989 728 3183 796 Λόγου,
3216 729 3311 782 καὶ
3336 727 3442 781 ἀνὰ
3472 727 3639 798 μέρος

2051 816 2323 885 κείμενον,
2362 818 2426 870 ὲκ
2458 820 2558 889 τῆς
2595 819 2757 886 ἁγίας
2789 819 3037 888 τετέχθαι
3069 819 3368 889 Παρθένου,
3399 820 3514 874 ἀλλ’
3544 820 3640 873 αὐ-

2050 907 2161 972 τὸν,
2191 907 2268 972 ὡς
2301 907 2426 979 ἔφη,
2461 909 2548 962 τὸν
2600 910 2666 964 ὲκ
2703 909 2839 964 Θεοῦ
2889 910 3104 980 Πατρδς
3148 911 3321 980 Λόγον
3362 909 3636 965 ένωθέντα

2053 1001 2221 1069 σαρκὶ
2248 1037 2262 1061 ,
2305 999 2397 1051 acati.
2428 999 2506 1070 τῷ
2538 999 2703 1072 ὲλαίῳ
2732 1001 2832 1071 τῆς
2869 1000 3243 1070 ἀγαλλιάσεως
3281 1001 3635 1071 κεχρισμένον

2050 1088 2405 1159 ἀνθρωπίνως
2444 1091 2597 1162 παρὰ
2629 1090 2723 1145 τοῦ
2753 1091 2888 1145 Θεοῦ
2916 1092 3013 1145 καὶ
3040 1093 3274 1163 Πατρός.
3300 1093 3422 1146 Ὅτι
3453 1091 3511 1145 δὲ
3541 1090 3636 1160 γέ-

2050 1196 2173 1248 γονε
2200 1179 2278 1251 τῷ
2300 1180 2421 1251 Θεῷ
2444 1182 2604 1253 Λόγῳ
2635 1183 2764 1253 περὶ
2799 1183 2860 1236 τὸ
2892 1182 3230 1254 ἀνθρώπινον
3259 1185 3289 1254 ή
3317 1183 3516 1254 χρίσις,
3544 1184 3659 1237 δτε“

2052 1271 2260 1342 πέφηνε
2295 1272 2417 1326 καθ’
2444 1275 2613 1345 ἡμᾶς,
2648 1275 2791 1346 ἱερὸν
2823 1276 2973 1345 ἡμᾶς
3007 1276 3337 1329 πιστώσεται
3374 1277 3632 1349 Γράμμα.

2062 1360 2121 1414 '0
2152 1361 2251 1432 μὲν
2278 1364 2386 1434 γὰρ
2413 1364 2696 1427 Θεσπέσιος
2732 1364 2945 1431 Ἰακὼϐ,
2971 1368 3071 1437 τῆς
3101 1366 3196 1420 τοῦ
3228 1368 3442 1438 Πατρὸς
3471 1366 3636 1421 ἀπαί-

2056 1467 2162 1521 ρων
2200 1453 2417 1516 ἑστίας,
2461 1454 2542 1516 εἰς
2573 1454 2675 1524 τὴν
2702 1452 2813 1507 τῶν
2858 1454 3129 1525 ποταμῶν
3163 1457 3404 1526 ὑπήγετο
3439 1457 3632 1529 μέσην,

2051 1544 2147 1595 καὶ
2182 1544 2319 1613 πρὸς
2348 1543 2534 1598 Λάϐαν
2564 1545 2648 1615 ᾔει
2676 1545 2767 1599 τὸν
2799 1546 2893 1597 τοῦ
2931 1546 3199 1618 Βαθουὴλ,
3226 1548 3307 1600 ἐνὶ
3328 1547 3385 1600 δὲ
3413 1549 3521 1601 τῶν
3548 1550 3636 1602 διὰ

2055 1633 2220 1703 μέσου
2258 1635 2473 1704 χωρίων
2502 1635 2857 1705 ἐμϐεϐληκὼς
2895 1637 3267 1707 κατηυλίζετο.
3298 1640 3408 1693 Καὶ
3450 1641 3513 1710 δὴ
3544 1640 3637 1693 καὶ

364 1739 486 1777 cum
516 1722 616 1776 sibi
646 1721 851 1776 scalam
886 1720 1069 1775 videre
1090 1722 1236 1775 visus
1266 1732 1412 1775 esset
1442 1723 1509 1776 de
1536 1722 1695 1776 terris
1726 1721 1793 1775 ad
1827 1734 1940 1774 cte-

2052 1725 2175 1795 λίθῳ
2211 1724 2312 1795 τὴν
2345 1726 2585 1796 κεφαλὴν
2619 1726 2912 1790 ύποκλίνας
2932 1768 2946 1791 ,
2971 1728 3062 1781 τὸν
3086 1727 3253 1781 ὕπνον
3288 1731 3593 1800 εἰσδέχεται
3618 1745 3631 1759 ⁸

365 1816 474 1867 Ιιιιη
503 1813 922 1882 pertingentem,
953 1813 1176 1882 angelos
1205 1823 1464 1881 praetcrea
1496 1828 1592 1883 per
1614 1827 1733 1867 eam
1761 1828 1945 1867 ascen-

365 1909 554 1959 dentes
583 1921 647 1960 ac
694 1905 1105 1969 descendentes,
1161 1905 1517 1975 innixnmque
1549 1920 1712 1974 super
1735 1920 1796 1959 ca
1838 1904 1943 1959 Do-

367 1999 614 2064 minum,
680 2000 965 2053 admodum
1020 1997 1284 2052 visionem
1338 2008 1425 2053 est
1492 1998 1837 2062 admiratus,
1888 2004 1946 2053 ct

365 2101 648 2158 acceptum
695 2090 928 2158 lapidem
981 2105 1077 2156 pro
1130 2090 1288 2143 titulo
1337 2090 1551 2154 statuit,
1610 2101 1665 2144 et
1719 2090 1773 2144 in
1826 2091 1945 2161 eius

364 2190 666 2235 extremum
713 2181 908 2234 inludit
949 2180 1125 2234 oleum
1150 2180 1217 2235 9’.
1251 2178 1366 2234 Jam
1419 2181 1472 2234 in
1521 2181 1605 2235 bis
1655 2182 1942 2236 considera

364 2272 650 2326 Dominum
691 2283 929 2326 nostrum
963 2270 1146 2326 Jcsum
1177 2272 1453 2327 Christum
1500 2272 1648 2326 illum
1697 2289 1861 2326 unum
1891 2280 1945 2326 et

365 2364 537 2418 solum
582 2373 638 2419 et
679 2379 808 2418 vere
844 2363 1060 2428 Filium,
1106 2363 1260 2431 quasi
1285 2363 1397 2433 38
1425 2363 1654 2430 lapidem
1702 2373 1943 2418 erectum

366 2457 421 2510 in
470 2455 728 2509 titulum:
769 2455 817 2509 is
863 2455 1006 2508 enim
1057 2463 1140 2507 est
1190 2454 1325 2524 lapis
1361 2455 1592 2521 electus,
1647 2454 1943 2523 angularis,

365 2548 653 2617 pretiosus,
708 2546 761 2600 in
813 2554 974 2615 caput
1012 2544 1216 2613 anguli,
1263 2554 1320 2599 et
1367 2560 1396 2597 a
1432 2545 1541 2599 Deo
1584 2555 1639 2599 et
1682 2544 1843 2599 Patre
1890 2545 1987 2599 in.

365 2639 719 2693 fundamenta
750 2636 878 2690 Sion
915 2637 1121 2705 positus
1143 2635 1212 2688 ’⁸.
1245 2635 1326 2690 Ad
1359 2635 1495 2701 bmc,
1534 2637 1750 2693 modum
1777 2636 1945 2691 etiam

364 2731 527 2784 velim
558 2729 841 2798 inspicias,
872 2743 977 2797 quo
1006 2727 1077 2780 sit
1116 2736 1314 2781 unctus
1342 2744 1356 2780 :
1391 2743 1496 2781 non
1536 2727 1681 2781 enim
1711 2727 1828 2782 oleo
1866 2736 1947 2781 to-

370 2828 481 2871 tum
509 2810 743 2884 undique
779 2815 1009 2886 lapidem
1042 2817 1237 2870 beatus
1271 2815 1438 2871 Jacob
1467 2815 1734 2886 irrigavit,
1758 2817 1851 2873 sed
1893 2817 1946 2870 in

366 2909 513 2964 illius
540 2917 845 2963 extremum
877 2906 1094 2962 infudit.
1123 2904 1315 2976 Igitur,
1349 2918 1407 2960 ut
1436 2907 1509 2960 ita
1543 2908 1809 2969 dicamus,
1839 2922 1945 2960 non

368 3011 514 3055 totus
540 3001 628 3055 ille
657 2998 1000 3067 Unigenitus,
1031 3011 1207 3063 neque
1235 2997 1287 3049 in
1323 3011 1419 3050 sua
1454 2997 1567 3065 ipse
1596 3007 1809 3063 natura,
1842 3011 1945 3063 qua

2043 1817 2294 1888 κλίμακὰ
2320 1834 2379 1870 τε
2421 1818 2780 1888 τεθεαμένος,
2818 1819 2916 1888 τὴν
2945 1820 3008 1872 ἐκ
3040 1819 3146 1889 γῆς
3185 1821 3297 1874 ἄνω
3339 1822 3638 1893 διήκουσαν

2043 1910 2122 1971 εἰς
2149 1908 2240 1961 τὸν
2274 1909 2525 1979 οὐρανὸν,
2575 1909 2965 1973 ἀναϐαίνοντας
2992 1928 3051 1964 τε
3084 1912 3179 1964 καὶ
3209 1913 3639 1978 καταϐαίνοντας

2043 1997 2110 2050 δι’
2141 1998 2313 2067 αὐτῆς
2381 1999 2509 2061 τοὺς
2567 1999 2853 2067 ἀγγέλους,
2920 2002 3391 2072 ὲπεστηριγμένον
3438 2005 3497 2058 δὲ
3545 2004 3639 2059 τὸν

2045 2089 2251 2160 Κύριον
2285 2088 2372 2141 ἐπ’
2398 2091 2589 2161 αὐτῆς,
2620 2090 2807 2161 θαῦμα
2842 2092 2938 2162 μὲν
2972 2092 3081 2146 τῶν
3124 2095 3367 2164 ὁράσεων
3404 2097 3641 2150 ἐποιεῖτο

2047 2179 2180 2234 πολύ
2208 2194 2221 2207 ⁸
2265 2178 2446 2232 λαϐὼν
2484 2181 2541 2234 δὲ
2586 2181 2679 2236 τὸν
2712 2182 2882 2248 λίθον,
2932 2184 3162 2255 ἔστησεν
3206 2186 3370 2239 αὑτὸν
3414 2188 3635 2259 στήλην,

2045 2273 2140 2325 καὶ
2189 2275 2413 2344 ἐπέχεεν
2450 2273 2625 2327 ἔλαιον
2663 2275 2754 2326 ἐπὶ
2798 2274 2859 2327 τὸ
2912 2276 3081 2345 ἄκρον
3115 2277 3303 2348 αὐτῆς.
3341 2279 3530 2351 ΙἈθρει
3571 2282 3636 2353 δὴ

2051 2365 2112 2417 ὲν
2156 2365 2365 2429 τούτοις
2415 2365 2505 2418 τὸν
2560 2365 2764 2435 Κύριον
2811 2366 2967 2436 ἡμῶν
3004 2368 3211 2439 Ἰησοῦν
3255 2371 3507 2439 Χριστὸν,
3547 2372 3638 2426 τὸν

2046 2455 2143 2510 ἕνα
2175 2457 2269 2511 καὶ
2321 2457 2482 2527 μόνον
2531 2459 2626 2511 καὶ
2673 2457 2895 2528 ἀληθῶς
2925 2459 3076 2524 Υίὸν,
3104 2460 3178 2524 ὡς
3217 2461 3363 2515 λίθον
3400 2465 3639 2535 ἀναστη-

2046 2548 2306 2618 λούμενον
2332 2565 2346 2579 ⁸
2390 2549 2485 2602 καί
2538 2550 2646 2619 γάρ
2692 2551 2808 2603 ἐστι
2851 2550 2998 2615 λίθος
3044 2551 3335 2621 ἐκλεκτὸς,
3381 2556 3636 2627 ἀκρογω-

2047 2643 2238 2708 νιαῖος,
2266 2640 2501 2712 ἔντιμος,
2548 2643 2628 2704 εἰς
2661 2640 2903 2713 κεφαλὴν
2940 2643 3164 2710 γωνίας,
3210 2645 3305 2698 καὶ
3338 2647 3417 2709 είς
3447 2645 3519 2700 τὰ
3551 2645 3638 2700 θε-

2052 2732 2212 2804 μέλια
2245 2733 2382 2786 Σιὼν
2429 2733 2738 2804 τεθειμένος
2787 2737 2938 2807 παρὰ
2978 2736 3074 2790 τοῦ
3103 2737 3239 2791 Θεοῦ
3272 2740 3366 2793 καὶ
3401 2741 3635 2810 Πατρός.

2053 2822 2246 2893 Ἀθρει
2287 2823 2342 2876 δέ
2376 2841 2469 2893 μοι
2502 2825 2637 2893 πρὸς
2676 2825 2850 2896 τούτῳ
2886 2829 2981 2880 καὶ
3017 2829 3139 2881 τίνα
3179 2831 3464 2901 κέχρισται
3510 2832 3637 2904 τρόο

2050 2916 2149 2963 ξιον
2170 2927 2181 2938 ·
2213 2912 2273 2965 ού
2300 2911 2408 2981 γὰρ
2444 2911 2564 2999 ὅλον
2609 2912 2674 2964 δι’
2710 2912 2833 2964 ὅλου
2874 2913 2952 2983 τῷ
2983 2914 3147 2985 ἐλαίῳ
3200 2918 3492 2971 κατέδευσε
3522 2918 3635 2989 lla.

2050 3001 2371 3073 κατέχευσε]
2414 3002 2505 3055 τὸν
2533 3002 2680 3055 λίθον
2705 3004 2733 3055 6
2762 3003 3049 3069 θεσπέσιος
3087 3007 3283 3060 Ἰακώϐ
3307 3027 3320 3042 ο
3355 3010 3547 3081 ὲπέχεε
3580 3011 3638 3064 δὲ

368 3093 604 3149 Verbum
648 3101 753 3158 est,
805 3099 1001 3144 unctus
1045 3098 1165 3153 est;
1207 3103 1330 3142 nam
1382 3089 1653 3155 quomodo
1700 3104 1829 3142 suns
1873 3089 1945 3142 illi

2055 3094 2255 3164 μᾶλλον
2294 3094 2386 3147 ἐπὶ
2423 3095 2484 3146 τὸ
2514 3094 2681 3165 ἄκρον
2708 3096 2894 3150 αὐτοῦ.
2928 3097 3160 3164 Οὐκοῦν,
3185 3100 3252 3153 ἵν’
3273 3099 3445 3165 οὕτως
3474 3102 3640 3156 εἴπω-

368 3189 593 3257 spiritns
636 3183 942 3253 impertitus
999 3180 1223 3248 intelligi
1276 3180 1480 3249 possit?
1518 3180 1610 3233 sed
1658 3180 1858 3248 potius,
1891 3188 1950 3233 ut

368 3278 502 3341 dixi,
533 3278 585 3327 in
621 3283 868 3328 extremo
895 3272 1134 3342 ungitur,
1168 3271 1271 3324 hoc
1302 3282 1406 3335 est,
1444 3270 1705 3334 exterius,
1742 3279 1797 3322 et
1834 3278 1950 3322 tan-

369 3382 530 3437 quam
567 3366 621 3419 in
659 3375 813 3431 parte
842 3376 1006 3432 atque
1042 3374 1310 3426 extremo,
1349 3359 1603 3414 nimirum
1637 3360 1687 3413 in
1725 3375 1824 3413 suo
1854 3375 1951 3430 per

369 3472 555 3511 verum
581 3457 833 3510 unionem
854 3469 1083 3523 corpore
1117 3472 1133 3509 :
1163 3463 1219 3509 et
1247 3454 1391 3509 sicut
1426 3467 1616 3522 passus
1642 3467 1764 3507 esse
1786 3468 1950 3507 Carne

371 3551 571 3606 dicitur
594 3547 906 3602 humanitus
927 3549 999 3613 ⁸⁸,
1029 3545 1278 3616 quamvis
1311 3559 1408 3614 per
1436 3556 1685 3598 naturam
1719 3553 1776 3596 ut
1810 3541 1950 3597 Dens

370 3649 517 3696 esset
542 3639 930 3708 impassibilis,
971 3638 1044 3692 ita
1089 3635 1409 3706 intelligitur
1437 3643 1631 3689 unctus
1657 3632 1947 3687 secundum

371 3732 796 3796 humanitatem,
848 3730 977 3785 licet
1030 3737 1201 3798 ungat
1255 3729 1374 3797 ipse
1429 3741 1525 3780 suo
1569 3725 1761 3795 spiritu
1815 3739 1950 3794 quos

373 3824 547 3895 ipsius
575 3821 918 3877 sanctitatem
950 3821 1276 3892 participare
1303 3819 1482 3874 decet.
1509 3817 1586 3873 Ita
1622 3831 1718 3872 nos
1742 3825 1795 3871 et
1823 3831 1950 3871 sen-

373 3918 478 3971 tire
521 3916 832 3977 statuimus,
888 3922 945 3966 et
993 3922 1143 3966 recte
1183 3910 1396 3981 ingredi
1439 3910 1838 3972 consuevimus,
1892 3914 1951 3961 ut

372 4008 521 4078 regia
567 4019 821 4075 rectaque
847 4005 932 4079 via
979 4002 1284 4057 tendamus.
1329 4001 1448 4071 lpse
1491 4014 1618 4055 vero
1651 4014 1773 4053 cum
1808 3997 1950 4065 ejus-

372 4101 518 4155 modi
559 4101 778 4157 nomina
809 4102 945 4154 duas
994 4107 1219 4152 naturas
1245 4093 1553 4162 signiﬁcare
1586 4092 1753 4156 dicat,
1786 4091 1952 4146 alter-

375 4192 481 4246 utri
512 4193 655 4263 quod
688 4192 788 4245 sibi
818 4190 1021 4259 placuit
1056 4202 1154 4257 pro
1182 4200 1283 4241 suo
1305 4184 1533 4241 arbitrio
1571 4184 1780 4249 tribuit,
1809 4183 1953 4237 etde

374 4283 673 4338 humilibus
708 4282 890 4335 verbis
935 4283 1003 4334 ad
1048 4278 1235 4334 carnis
1279 4276 1738 4347 diSpensationem
1782 4273 1951 4343 perti-

2055 3202 2174 3255 μεν,
2204 3186 2302 3255 οὐχ
2332 3185 2497 3249 ἄπας,
2525 3185 2648 3238 οὔτε
2675 3187 2780 3256 μὴν
2875 3189 3047 3257 Λόγος
3077 3190 3224 3243 ἐστὶν
3252 3193 3280 3244 6
3305 3194 3636 3265 Μονογενὴς,

2053 3278 2131 3338 εἰς
2168 3276 2303 3329 ἰδίαν
2325 3275 2487 3339 αὐτὸς
2521 3277 2815 3348 κέχρισται
2844 3278 3025 3346 φύσιν·
3054 3281 3202 3350 (min;
3232 3283 3340 3354 γὰρ
3373 3283 3437 3337 ἂν
3468 3289 3640 3340 νοοῖτο

2054 3366 2404 3438 μετεσχηκὼς
2433 3368 2528 3421 τοῦ
2565 3368 2694 3421 ἰδίου
2724 3371 3039 3441 πνεύματος
3061 3373 3101 3443 ;)
3151 3376 3364 3446 χρίεται
3393 3377 3450 3430 δὲ
3499 3379 3639 3448 μᾶλ-

2050 3458 2160 3522 λον,
2191 3459 2268 3522 ὡς
2309 3458 2465 3529 ἔφην,
2494 3460 2587 3512 ἐπὶ
2631 3463 2695 3513 τὸ
2728 3462 2916 3532 ἄκρον,
2967 3465 3269 3528 τουτέστιν,
3317 3467 3633 3537 ὲξωφανῶς,

2052 3549 2147 3602 καὶ
2173 3543 2283 3602 οἷον
2323 3550 2382 3600 ὲν
2418 3549 2574 3620 μέρει
2603 3551 2699 3603 καὶ⁸
2723 3550 2878 3622 ἄκρῳ
2904 3552 2980 3623 τῷ
3026 3553 3147 3607 καθ’
3174 3554 3366 3609 ἕνωσιν
3389 3558 3489 3628 τὴν
3512 3548 3637 3629 ἀλή-

2053 3638 2204 3709 θινὴν
2235 3639 2349 3709 ἰδίῳ
2382 3639 2625 3710 σώματι·
2659 3642 2754 3694 καὶ
2782 3641 2971 3714 ὥσπερ
2998 3643 3217 3713 λέγεται
3249 3646 3442 3699 παθεῖν
3472 3653 3636 3719 σαρκὶ

2050 3730 2427 3800 ἀνθρωπίνως,
2457 3731 2637 3784 καίτοι
2675 3730 2772 3802 τὴν
2814 3733 2975 3801 φύσιν
3006 3733 3266 3804 ὑπάρχων
3304 3736 3518 3807 ἀπαθὴς
3559 3737 3635 3799 ὡς

2051 3820 2215 3883 Θεός·
2252 3818 2396 3874 οὕτω
2428 3823 2633 3874 νοεῖται
2661 3820 3017 3892 κεχρισμένος
3052 3823 3194 3877 κατά
3226 3839 3289 3891 γε
3328 3823 3388 3876 τὸ
3423 3824 3633 3894 ἀνθρώ-

2052 3927 2230 3976 πινον,
2276 3910 2453 3965 καίτοι
2485 3910 2654 3983 χρίων
2697 3911 2860 3973 αὐτὸς
2906 3910 2985 3982 τῷ
3031 3911 3148 3981 ἰδίῳ
3192 3914 3464 3984 πνεύματι
3508 3917 3633 3980 τοὺς

2050 3997 2133 4065 οἷς
2180 4001 2248 4055 ἂν
2284 4004 2485 4073 πρέποι
2542 4002 2868 4073 μεταλαχεῖν
2931 4002 3034 4073 τῆς
3094 4005 3385 4077 ἁγιότητος
3441 4008 3630 4061 αὐτοῦ.

2066 4093 2203 4147 Ἀλλ’
2249 4094 2410 4164 ἡμεῖς
2458 4095 2557 4164 μὲν
2601 4088 2704 4148 ὧδέ
2753 4112 2811 4148 τε
2870 4099 3086 4168 φρονεῖν
3141 4097 3495 4168 ἐγνώκαμεν,
3540 4099 3632 4155 καὶ

2051 4186 2361 4259 ὀρθοποδεῖν
2415 4186 2735 4257 εἰθίσμεθα,
2784 4188 2885 4259 τὴν
2928 4190 3213 4259 βασιλικήν
3248 4208 3309 4243 τε
3342 4191 3434 4243 καὶ
3478 4191 3633 4246 ἀδιά-

2055 4294 2289 4349 στροφον
2319 4277 2608 4348 ἐρχόμενοι
2636 4280 2843 4351 τρίϐον.
2886 4282 3201 4353 Σημαντικά
3231 4281 3288 4334 δὲ
3320 4272 3492 4346 λέγὼν
3536 4284 3635 4337 αὑ-

375 4374 631 4428 nentibus
678 4372 953 4426 erubescit
1001 4378 1107 4425 :et
1163 4370 1412 4438 quamvis
1464 4367 1678 4421 beatum
1725 4364 1946 4418 Paulum

2056 4370 2147 4432 τὸς
2181 4369 2292 4422 τῶν
2337 4368 2430 4422 δύο
2459 4369 2674 4438 φύσεων
2710 4372 2778 4425 τὰ
2808 4372 2985 4425 τοιάδε
3015 4371 3121 4424 τῶν
3162 4369 3461 4440 ὀνομάτων,
3504 4373 3632 4428 ἑκα-

374 4466 558 4519 audiat
587 4465 855 4519 dicentem
892 4481 906 4517 :
939 4482 957 4514 ι
988 4461 1133 4515 Misit
1165 4458 1308 4513 Deus
1335 4457 1531 4512 Filium
1567 4472 1722 4511 suum
1751 4454 1950 4511 factum

372 4573 436 4614 ex
485 4557 733 4622 muliere,
775 4555 977 4610 factum
1008 4555 1111 4608 sub
1138 4553 1254 4623 lege
1277 4552 1334 4617 ις
1366 4570 1385 4602 ι
1416 4553 1621 4617 Apage,
1657 4548 1852 4617 inquit,
1883 4560 1952 4600 ne

372 4648 611 4703 Verbum
658 4661 724 4700 ex
782 4645 891 4700 Deo
938 4655 1126 4699 natum
1176 4655 1298 4697 esse
1337 4640 1558 4694 missum
1607 4649 1804 4707 putes:
1842 4650 1947 4691 non

371 4741 516 4795 enim
546 4753 612 4792 ex
660 4736 887 4791 muliere
920 4737 1124 4791 laetum
1162 4742 1266 4799 est,
1309 4747 1415 4786 non
1448 4730 1649 4783 factum
1680 4729 1779 4782 sub
1809 4728 1944 4796 lege.

368 4830 547 4900 Atque
594 4836 652 4881 ut
692 4826 1049 4881 ostendamus
1105 4824 1251 4893 quod
1310 4822 1540 4877 dicimus
1591 4834 1697 4873 non
1750 4833 1944 4871 vanum

2056 4463 2192 4534 τέρα
2226 4462 2287 4515 τὸ
2323 4462 2513 4517 δοκοῦν
2557 4464 2822 4534 ἀπονέμει
2853 4462 2971 4533 μετ’
2995 4460 3274 4526 ἐξουσίας·
3308 4463 3402 4516 καὶ
3431 4463 3493 4517 τὸ
3537 4465 3632 4535 μέ-

2057 4569 2206 4624 τριον
2233 4553 2310 4617 εἰς
2347 4552 2540 4621 λόγους
2566 4553 2667 4622 τῆς
2700 4551 2838 4622 μετὰ
2864 4551 3066 4623 σαρκὸς
3094 4553 3405 4623 οἰκονομίας
3441 4552 3630 4624 αἰσχύ-

2057 4659 2233 4696 νεται·
2267 4643 2372 4696 κᾶν
2411 4642 2620 4716 ἀκούσῃ
2664 4641 2915 4708 λέγοντος
2946 4640 3043 4693 τοῦ
3076 4641 3347 4711 μακαρίου
3382 4642 3624 4697 Παύλου⁶

2060 4752 2078 4786 ι
2115 4733 2526 4799 Ἐξαπέστειλεν
2553 4735 2582 4785 6
2604 4732 2735 4795 Θεὸς
2759 4733 2851 4785 τὸν
2876 4732 3004 4785 Υίὸν
3034 4731 3224 4798 αὑτοῦ,
3253 4733 3543 4804 γενόμενον
3564 4734 3629 4787 ὲκ

2053 4827 2331 4893 γυναικὸς,
2369 4826 2661 4896 γενόμενον
2688 4824 2794 4876 ὑπὸ
2828 4824 3024 4893 νόμον*
3054 4843 3073 4878 ι
3101 4826 3335 4896 Ἄπαγε,
3371 4828 3524 4896 φησί,
3553 4826 3625 4898 μὴ

369 4937 493 4977 esse
520 4920 857 4990 ﬁgmentum,
886 4917 983 4971 sed
1006 4916 1174 4984 ipsius
1201 4928 1299 4969 nos
1323 4913 1400 4966 uti
1423 4911 1665 4975 vocibus,
1691 4910 1805 4979 ipsa
1829 4909 1943 4980 jam

2052 4917 2141 4972 τὸν
2178 4920 2243 4972 ὲκ
2279 4918 2414 4972 Θεοῦ
2455 4918 2627 4988 φύντα
2668 4915 2839 4984 Λόγον
2883 4917 3222 4970 ἀπεστάλθαι
3266 4917 3522 4988 νομίσῃς·
3564 4917 3625 4969 οὐ

369 5026 562 5067 rursus
585 5010 702 5077 ejus
733 5009 894 5064 verba
926 5007 978 5061 in
1007 5007 1241 5060 medium
1278 5002 1524 5057 afferam.

2051 5010 2159 5084 γὰρ
2183 5012 2405 5081 γέγονεν
2428 5013 2494 5064 ὲκ
2523 5008 2783 5079 γυναικός
2800 5024 2816 5040 ο
2841 5009 2903 5062 οὐ
2938 5009 3161 5078 γέγονεν
3181 5009 3286 5063 ὑπὸ
3320 5013 3482 5079 νόμον
3504 5025 3519 5040 σ
3546 5006 3629 5061 ὅτι

366 5108 503 5162 δὲσύ
541 5102 879 5177 φενακισμὺς
902 5102 1109 5164 εἰκαῖος
1144 5099 1218 5153 τὰ
1248 5098 1379 5168 παρ’
1402 5095 1595 5169 ἡμῶν·
1628 5095 1950 5167 κεχρήμεθα
1986 5100 2044 5154 δὲ
2099 5106 2299 5176 μᾶλλον
2356 5108 2476 5169 ταῖς
2533 5103 2699 5159 αὐτοῦ
2749 5106 2987 5174 φωναῖς,
3039 5104 3181 5158 αύτά
3227 5104 3292 5175 δὴ
3336 5103 3498 5157 πάλιν
3552 5105 3629 5166 εἰς

368 5197 534 5265 μέσον
562 5196 695 5249 οῐσω
723 5193 792 5247 τά
819 5192 1103 5266 εἰρημένα.

436 5291 699 5363 ιΝεει-οιι.
742 5291 890 5345 Misit
910 5290 1078 5350 enim,
1108 5287 1300 5355 inquit,
1346 5285 1485 5341 Deus
1526 5284 1722 5339 Filium
1765 5298 1944 5347 suum,

370 5394 552 5435 natum
587 5396 654 5436 ex
692 5382 939 5447 muliere,
1009 5380 1209 5435 factum
1258 5378 1358 5432 sub
1397 5379 1529 5448 lege.
1564 5377 1676 5431 Hoc
1708 5378 1826 5432 loco
1873 5379 1947 5431 in-

369 5476 509 5529 dicat
545 5473 764 5543 quidem
809 5473 944 5527 duas
976 5481 1219 5538 naturas,
1252 5472 1347 5527 sed
1399 5470 1453 5524 id
1501 5470 1636 5525 dicit
1659 5471 1802 5538 quod
1840 5470 1944 5523 hu-

2115 5280 2529 5357 [Ἐξαπέστειλε
2560 5285 2689 5357 γὰρ,
2718 5286 2902 5358 φησιν,
2933 5287 2962 5339 6
2989 5288 3119 5352 θεὸς
3145 5286 3237 5340 τὸν
3277 5286 3405 5341 Υίὸν
3432 5287 3622 5351 αὑτοῦ,

2042 5376 2334 5445 γενόμενον
2384 5378 2449 5430 ἐκ
2488 5378 2780 5445 γυναικὸς,
2822 5377 3113 5447 γενόμενον
3150 5377 3256 5430 ὑπὸ
3287 5377 3470 5448 νόμον.
3508 5379 3626 5431 Ἐν-

2043 5467 2217 5521 ταῦθα
2274 5468 2468 5538 μηνύει
2525 5469 2625 5540 μὲν
2661 5470 2760 5532 τὰς
2800 5469 2894 5524 δύο
2944 5469 3172 5539 φύσεις*
3211 5469 3273 5523 τδ
3328 5469 3624 5540 συμϐαῖνον

442 5650 647 5709 "Gen.
679 5663 866 5714 xxvnt,
906 5647 1093 5704 l2-l8.
1170 5647 1215 5679 "
1240 5645 1342 5702 lsa.
1367 5661 1557 5712 xxvnt,
1601 5644 1685 5701 16.
1759 5641 1848 5717 ἐἰ
1875 5642 2018 5698 Petr.
2048 5612 2205 5737 ubi
2287 5640 2504 5697 'Galnt.
2539 5661 2612 5714 iv,
2646 5648 2696 5702 εἰ.
