3926 6126
311 276 379 332 73

1408 273 1778 333 ADVERSUS
1814 271 2217 329 NESTORIUM
2261 276 2386 331 LIB.
2430 276 2496 332 li.

3501 269 3573 332 τι

313 394 592 468 [συμϐάν]
636 395 693 449 δὲ
736 396 864 468 περὶ
911 397 1012 468 τὴν
1063 395 1487 470 ἀνθρωπότητα,
1534 396 1719 466 λέγει·
1772 396 1895 449 ἐπεὶ

2010 396 2249 453 manitati
2288 398 2540 455 convenit
2567 421 2580 454 ι
2608 397 2807 467 alioqui
2866 408 2992 465 roga
3037 395 3436 452 contentiosum
3472 397 3570 451 bo-

311 486 613 559 ἁπαίτησον
650 486 737 541 τὸν
768 486 1090 558 φιλόνεικον,
1135 487 1219 552 τίς
1262 487 1475 556 ἐγένετο
1509 487 1614 541 ὑπὸ
1642 488 1837 556 νόμον;
1866 488 1894 540 6

311 576 445 642 Θεὸς
465 578 634 648 Λόγος
650 576 693 650 ς]

911 715 1162 769 ΚΕΦΑΛ.
1206 715 1280 768 Γ’.

383 847 515 902 Εἶτα
560 847 677 911 πῶς
726 848 825 901 οὐκ
871 849 1241 921 ὲμὸρόντητος
1294 844 1507 921 άληθῶς
1553 845 1638 919 εἴη
1691 847 1778 915 ἂν,
1829 845 1896 900 τὰ

308 934 453 990 οὓτω
504 938 651 1008 σαφῆ
706 940 799 992 καὶ
845 936 1046 993 ἅπασιν
1099 939 1457 1012 ἐγνωσμένα,
1508 940 1605 993 καὶ
1651 940 1893 1009 ἀναμφι-

308 1025 484 1095 λόγως
517 1027 740 1099 ἔχοντα,
791 1029 850 1083 τό
905 1046 968 1099 γε
1024 1027 1160 1105 ἧκον
1209 1032 1289 1094 είς
1349 1031 1514 1086 αὑτὸν
1570 1029 1894 1102 ἀνατρέπειν

310 1117 686 1190 πειρώμενοςς
741 1122 876 1174 Τίνα
928 1122 1223 1193 πέπομφεν
1276 1123 1411 1193 ¹ἡμῖν
1464 1120 1523 1188 ἐξ
1574 1121 1819 1188 οὐρανῶν
1866 1120 1895 1175 6

309 1209 522 1281 Πατὴρ,
557 1211 786 1284 Σωτῆρα
819 1210 912 1266 καὶ
952 1213 1289 1285 Λυτρωτήν;
1318 1213 1378 1267 οὐ
1426 1212 1518 1266 τὸν
1556 1215 1621 1266 ἐκ
1660 1212 1762 1282 τῆς
1800 1213 1893 1267 οὺ-

312 1302 435 1366 σίας
479 1303 646 1358 αὐτοῦ
682 1305 859 1374 φύντα
888 1306 1099 1376 Λόγον;
1138 1306 1235 1370 Τίς
1263 1308 1414 1360 ἐστιν
1447 1306 1476 1359 6
1520 1304 1764 1369 καταϐὰς
1801 1306 1897 1360 καὶ

311 1394 521 1459 ἀναϐὰς
572 1396 829 1467 ὑπεράνω
892 1397 1000 1450 τῶν
1046 1395 1313 1469 οὐρανῶν,
1361 1395 1451 1452 ἵνα
1509 1396 1775 1469 πληρώσῃ
1826 1397 1896 1451 τὰ

313 1486 529 1551 πάντας
563 1481 674 1558 ἆρα
717 1488 779 1541 τὸ
809 1487 989 1543 πάντα
1034 1487 1296 1542 δύνασθαι
1341 1486 1604 1558 πληροῦν,
1633 1488 1730 1557 τῆς
1773 1486 1895 1540 καθ’

312 1579 464 1647 ἡμᾶς
517 1579 733 1648 φύσεως
777 1579 935 1650 ἔργον
984 1575 1123 1634 εἶναι
1170 1581 1309 1652 φὴς,
1358 1581 1455 1633 καὶ
1496 1581 1610 1643 τοῖς
1661 1579 1762 1649 τῆς
1795 1579 1894 1632 ἂν·

315 1668 669 1743 θρωπότητος
717 1671 939 1741 ἀνάψεις
995 1671 1251 1743 pst-pom;
1306 1671 1436 1742 περὶ
1482 1670 1629 1734 τίνος
1684 1669 1894 1741 γέγρα-

315 1779 418 1831 φεν
446 1765 474 1816 6
507 1764 778 1835 μακάριος
816 1762 1109 1835 Ἰωάννης,
1153 1782 1172 1815 ι
1217 1761 1272 1818 Ὀ
1314 1761 1519 1831 ἄνωθεν
1564 1763 1894 1833 ἐρχόμενος,

314 1854 502 1909 ἐπάνω
552 1855 770 1908 πάντων
825 1856 1002 1921 ἐστίνς
1051 1874 1070 1907 ι
1124 1856 1195 1908 Ἦ
1246 1854 1387 1925 τάχα
1435 1872 1536 1907 που
1590 1855 1685 1907 καὶ
1736 1851 1898 1917 αὐτὸς

312 1946 778 2017 ψευδομυθήσειεν
824 1947 889 1999 ἂν
924 1949 1039 2010 τοῖς
1079 1945 1347 2001 Ἰουδαίων
1385 1945 1577 2017 δήμοις
1626 1943 1898 2016 ἐπιτιμῶν

312 2055 375 2091 τε
420 2038 517 2092 καὶ
546 2037 723 2105 λέγων
745 2055 759 2069 ι
800 2057 818 2089 ι
860 2038 1046 2108 Ὑμεῖς
1076 2039 1141 2091 ὲκ
1172 2037 1281 2091 τῶν
1324 2036 1474 2091 κάτω
1512 2037 1655 2101 ἐστὲ,
1690 2035 1800 2105 ἐγὼ
1833 2037 1899 2090 ὲκ

314 2124 429 2178 τῶν
458 2127 573 2180 ἄνω
610 2125 759 2195 εῐμί;
790 2145 808 2177 ι
835 2127 928 2180 καὶ
963 2125 1156 2179 πάλιν·
1197 2145 1215 2178 ι
1254 2124 1397 2194 Ἐγὼ
1424 2126 1524 2180 οὐκ
1562 2127 1677 2195 εἰμὶ
1706 2128 1770 2179 ὲκ
1801 2125 1897 2179 τοῦ

314 2216 530 2287 κόσμου
561 2216 769 2271 τούτου.
809 2236 828 2268 ι
868 2218 930 2271 ΕΞ
979 2218 1090 2288 γὰρ
1126 2212 1194 2289 ἦν
1221 2217 1505 2289 ἄνθρωπος
1530 2219 1595 2272 ὲκ
1639 2217 1900 2287 γυναικὸς

314 2311 443 2365 καθ’
472 2310 570 2365 ἕνα
600 2310 707 2363 τῶν
735 2310 929 2376 ἄλλων,
957 2311 1050 2365 καὶ
1079 2310 1197 2381 οὐχὶ
1225 2310 1289 2380 δὴ
1315 2309 1519 2381 μᾶλλον
1547 2308 1901 2382 σεσαρκωμέ⁸

316 2416 429 2465 νος,
454 2401 550 2454 καὶ
577 2402 636 2454 ἐν
661 2399 976 2471 ἀνθρωπεία
1005 2403 1188 2472 μορφῇ
1230 2399 1509 2472 πεφηνὼς,
1541 2402 1570 2454 6
1600 2399 1807 2455 ἄνωθέν
1840 2417 1901 2454 τε

317 2491 416 2545 καὶ
451 2493 515 2544 ἐκ
546 2489 682 2544 Θεοῦ
718 2490 932 2562 Πατρὸς
965 2490 1160 2559 Λόγος,
1186 2489 1304 2554 πῶς
1331 2490 1396 2545 ἂν
1421 2493 1597 2544 νοοῖτο
1638 2490 1731 2544 καὶ
1756 2487 1902 2544 ἄνω-

1999 485 2219 554 minem,
2257 490 2505 558 quisnam
2553 486 2729 543 factus
2769 495 2854 543 est
2892 485 2993 542 sub
3032 484 3186 556 lege?
3223 486 3386 544 illene
3429 482 3574 544 Deus

1999 576 2233 633 Verbum
2254 584 2275 629 ἲ

2640 716 2791 774 CAP.
2835 717 2921 773 Ill.

2066 844 2184 901 Jam
2218 862 2345 904 vero
2384 849 2651 918 quomodo
2695 866 2800 903 nun
2846 849 2918 905 sit
2967 848 3124 918 plane
3170 848 3439 920 stupidus,
3478 848 3573 918 qui

1997 951 2085 993 res
2117 938 2252 992 adeo
2288 939 2488 1003 claras,
2525 950 2581 993 et
2614 939 2867 994 omnibus
2914 949 3092 1004 notas,
3117 950 3172 994 et
3197 938 3265 993 ab
3295 937 3444 993 omni
3473 938 3575 991 du-

1996 1028 2257 1083 bitatione
2300 1027 2528 1093 alienas,
2568 1027 2713 1097 quod
2760 1029 2826 1083 ad
2875 1029 3054 1097 ipsum
3087 1030 3306 1095 attinet,
3342 1036 3577 1082 conatur

1996 1119 2279 1174 evertere?
2309 1117 2479 1184 Quem
2504 1120 2658 1175 nobis
2684 1117 2849 1176 Pater
2884 1120 2952 1175 de
2981 1120 3123 1175 caelo
3156 1120 3303 1174 misit
3327 1116 3577 1173 Salvato-

1997 1223 2110 1265 rem
2158 1224 2223 1264 ac
2269 1207 2729 1280 Redemptorem?
2779 1224 2959 1266 nonne
3009 1209 3185 1279 ipsum
3230 1208 3464 1263 Verbum
3507 1207 3577 1262 de

1997 1316 2093 1358 sua
2127 1301 2367 1357 essentia
2421 1302 2648 1357 natum?
2675 1301 2934 1369 Quisnam
2980 1300 3069 1357 ille
3103 1308 3187 1356 est
3215 1300 3305 1370 qui
3346 1299 3578 1355 descen—

1998 1391 2077 1447 dit
2107 1399 2163 1445 et
2203 1391 2452 1447 ascendit
2498 1406 2661 1463 super
2703 1392 2894 1461 caelos,
2940 1402 2999 1447 ut
3027 1391 3280 1461 impleret
3314 1387 3578 1446 omnia'?

1996 1497 2125 1539 num
2162 1482 2269 1538 boe
2302 1483 2474 1554 ipsum
2509 1498 2669 1554 posse
2696 1485 2879 1540 omnia
2926 1483 3170 1556 implere,
3217 1492 3417 1539 nostrae
3453 1497 3578 1539 esse

1996 1588 2130 1644 opus
2171 1583 2380 1631 natura:
2436 1585 2615 1645 putas,
2666 1586 2723 1631 et
2769 1576 3124 1631 humanitatis
3166 1588 3433 1630 mensum
3479 1573 3578 1628 tri-

1999 1665 2152 1720 buis?
2188 1665 2255 1721 de
2304 1680 2539 1735 quonam
2592 1668 2814 1737 scripsit
2867 1666 2980 1739 39
3025 1668 3214 1722 beatus
3269 1664 3505 1721 Joannes
3557 1682 3573 1720 :

1927 1739 1969 1794 Β
2008 1772 2026 1804 σ
2062 1753 2164 1821 Qui
2221 1756 2507 1811 desursum
2558 1756 2744 1821 venit,
2790 1771 2954 1826 supra
2993 1756 3176 1812 omnia
3226 1754 3441 1811 est'?»
3491 1753 3579 1808 An

1999 1845 2171 1913 ipsum
2198 1860 2414 1917 quoque
2449 1847 2670 1903 mentiri
2715 1847 2951 1904 fortasse
2979 1847 3276 1917 putandum
3306 1855 3410 1912 est,
3447 1860 3577 1900 cum

1998 1932 2304 1990 Judasorum
2336 1936 2562 2006 populos
2583 1936 2878 2007 obiurgans
2913 1937 3044 1993 dicit
3072 1956 3085 1992 :
3122 1955 3141 1991 ‹
3178 1937 3282 1993 Vos
3306 1937 3374 1993 de
3412 1926 3582 1992 deor;

1999 2039 2119 2080 sum
2159 2025 2313 2091 estis,
2356 2040 2459 2098 ego
2502 2028 2570 2083 de
2617 2029 2868 2097 supernis
2915 2029 3112 2084 sum‘?
3138 2048 3157 2083 ι
3209 2037 3263 2085 et
3315 2044 3529 2084 rursum
3558 2044 3577 2082 :

2007 2138 2026 2172 ι
2057 2120 2169 2189 Ego
2216 2135 2324 2175 nou
2366 2134 2491 2175 sum
2518 2122 2596 2177 de
2645 2123 2749 2177 hoc
2789 2122 2992 2178 mundo
3014 2122 3056 2176 '.
3095 2142 3115 2175 ι
3148 2122 3283 2178 Nam
3327 2124 3375 2179 si
3415 2124 3578 2181 homo

2001 2221 2145 2267 esset
2167 2226 2234 2267 ex
2258 2210 2486 2267 muliere
2516 2211 2607 2267 uni
2639 2212 2860 2268 cuilibet
2887 2214 3115 2270 aliorum
3137 2215 3337 2281 simile,
3369 2231 3434 2272 ac
3465 2232 3573 2271 non

1980 2301 2180 2372 ,ροιίιιε
2202 2303 2542 2358 incarnatum
2584 2313 2639 2358 et
2671 2305 2725 2359 in
2762 2305 3001 2360 humana
3024 2304 3197 2361 forma
3226 2314 3576 2376 conspectum

2004 2394 2133 2448 illud
2163 2395 2448 2451 desursum
2477 2406 2531 2450 et
2568 2409 2633 2451 ex
2669 2396 2779 2451 Deo
2817 2395 2982 2452 Patre
3016 2396 3273 2461 Verbum,
3308 2398 3581 2468 quomodo

2004 2485 2289 2541 desursum
2326 2486 2467 2542 idem
2498 2496 2553 2542 et
2583 2487 2650 2543 de
2679 2486 2819 2543 coelo
2850 2487 3283 2558 intelligeretur?
3312 2489 3582 2559 quomodo

320 2580 414 2635 θεν
461 2581 556 2636 κα)⁵
603 2580 665 2646 ἐξ
706 2581 974 2652 οὐρανοῦ;
1013 2580 1132 2645 πῶς
1179 2580 1363 2634 ἐπάνω
1408 2580 1629 2634 πάντων
1675 2578 1771 2635 καὶ
1806 2580 1904 2635 οὐκ

2010 2592 2169 2646 supra
2205 2578 2387 2631 omnia
2438 2586 2494 2632 et
2540 2592 2646 2633 non
2699 2579 2766 2633 de
2815 2579 3037 2642 mundo,
3076 2579 3325 2648 quamvis
3362 2588 3583 2648 propter

320 2676 430 2729 ἀπό
460 2691 523 2743 γε
553 2673 647 2727 τοῦ
686 2674 892 2744 κόσμου
917 2713 932 2737 ,
968 2673 1061 2727 καί
1089 2690 1171 2727 τοι
1201 2672 1406 2744 κόσμου
1453 2672 1622 2743 μέρος
1645 2672 1904 2744 ὑπάρχων

2010 2685 2223 2725 carnem
2270 2684 2396 2739 pars
2426 2679 2576 2724 esset
2620 2671 2828 2736 mundi,
2865 2679 2921 2725 et
2965 2681 3226 2741 quantum
3275 2671 3458 2726 dicere
3497 2670 3583 2725 fas

320 2765 412 2821 διὰ
441 2766 543 2836 τὴν
594 2765 775 2834 σάρκα
800 2805 816 2831 ,
851 2763 946 2818 καὶ
991 2764 1113 2818 ὅσον
1155 2762 1290 2835 ἧκεν
1334 2764 1510 2818 εἰπεῖν
1541 2765 1682 2819 κατά
1729 2782 1795 2835 γε
1843 2765 1904 2818 τὸ

2010 2771 2106 2827 est,
2138 2777 2203 2818 ex
2247 2776 2498 2816 mensura
2527 2777 2647 2831 qua:
2678 2763 3000 2818 humanitati
3025 2764 3297 2829 convenit,
3341 2764 3444 2820 sub
3474 2762 3580 2817 Dee

323 2856 540 2926 πρέπον
569 2858 635 2927 τῇ
665 2855 1042 2927 ἀνθρωπότητι
1075 2855 1296 2927 μέτρον,
1325 2854 1565 2925 γεγονὼς
1594 2856 1732 2927 μετὰ
1768 2856 1905 2911 πάν-

319 2959 431 3002 των
462 2947 566 3000 ὑπὸ
598 2946 733 3001 Θεοῦ
761 2947 983 3021 ;Ταύτῃ
1007 2964 1111 3012 τοι,
1141 2948 1236 3001 καὶ
1274 2947 1403 3001 Θεὸν
1434 2947 1626 3001 ἑαυτοῦ
1660 2949 1903 3002 κατωνό-

325 3035 468 3107 μαζε
498 3036 590 3090 τὸν
618 3036 869 3109 Πατέρα’
904 3037 1081 3091 καίτοι
1117 3037 1278 3106 φύσει
1313 3038 1410 3091 καὶ
1444 3038 1605 3102 αὐτὸς
1638 3039 1902 3110 ὑπάρχων

322 3128 453 3191 Θεὸς
473 3167 491 3194 ,
517 3127 609 3181 καὶ
639 3127 704 3182 ὲκ
732 3128 829 3199 τῆς
858 3128 1045 3192 οὐσίας
1082 3128 1250 3182 αὑτοῦ
1287 3130 1542 3200 πεφηνὼς
1582 3130 1708 3194 Υἱὸς
1743 3148 1904 3201 μονο-

323 3220 505 3290 γενής.
556 3218 691 3289 Περὶ
742 3219 887 3284 τινος
933 3219 1043 3290 ἄρα
1092 3221 1255 3292 φησιν
1318 3223 1346 3274 6
1395 3222 1664 3293 μακάριος
1721 3222 1903 3288 Δασὶδ,

328 3330 345 3361 ι
368 3310 748 3378 Ἐξαπὲστειλε
780 3311 872 3366 τὸν
893 3313 1067 3381 Λόγον
1097 3312 1290 3380 αὐτοῦ,
1309 3314 1405 3367 καὶ
1434 3313 1621 3368 ἰάσατο
1641 3313 1834 3378 αὐτούς
1856 3330 1902 3378 ;»

324 3401 541 3455 Σέσωκε
580 3402 688 3473 γὰρ
720 3403 899 3473 ἡμᾶς,
946 3404 1006 3455 οῦ
1055 3402 1333 3475 πρέσϐυς,
1365 3404 1465 3458 οὐκ
1493 3404 1753 3473 ἄγγελος,
1790 3404 1907 3458 ἀλλ’

325 3495 484 3558 αὐτὸς
516 3497 544 3548 6
569 3494 795 3565 Κύριος,
825 3495 969 3548 κατὰ
993 3495 1093 3560 τὰς
1121 3496 1367 3567 Γραφάς.
1406 3496 1566 3550 ’Λλλὰ
1602 3497 1689 3551 ναί
1720 3515 1885 3568 φησιν

325 3586 353 3637 ὁ
380 3581 559 3638 ⁸πάντα
591 3583 828 3655 πληροῦν
871 3584 1169 3657 δυνάμενος
1195 3586 1330 3650 Θεὸς
1356 3586 1526 3656 Λόγος
1553 3587 1905 3641 ἀπέσταλται.

327 3675 370 3726 Τ
376 3675 460 3728 ἱνα
493 3675 727 3745 τρόπον;
756 3673 857 3728 ποῦ
884 3675 993 3748 γὰρ
1029 3676 1129 3729 οῦκ
1158 3672 1300 3730 εἴναί
1325 3694 1505 3748 φαμεν
1530 3677 1726 3745 αὺτόν;
1756 3678 1788 3749 ἢ
1816 3677 1909 3732 καὶ

326 3765 446 3820 ὅποι
499 3766 917 3838 πεμφθήσεται;
950 3766 1377 3839 καταγορεύσεις
1407 3764 1499 3822 οῦν
1535 3769 1644 3838 ἄρα
1685 3770 1778 3822 καὶ
1813 3768 1909 3822 τοῦ

330 3861 609 3925 πανσόφου
629 3858 981 3924 Μωσέως,ῶς
1011 3858 1110 3929 τὴν
1139 3858 1452 3930 ἀπόρρητον
1477 3859 1573 3912 τοῦ
1591 3858 1723 3911 Θεοῦ
1754 3859 1911 3924 δόξαν

320 3939 393 4000 ὀῦ
433 3947 665 4017 μετρίως
693 3947 1025 4019 ⁴ιν,δικηδιό·ια;
1055 3948 1159 4020 ἔφη
1189 3950 1319 4020 γὰρ,
1339 3950 1422 4002 ὃτι
1456 3966 1477 3999 ι
1513 3947 1905 4020 Κατασέϐηκεν

331 4038 360 4089 6
394 4036 526 4100 Θεὸς
557 4038 685 4090 εῖδει
717 4037 886 4108 πυρὸς
926 4039 1020 4090 ὲπὶ
1048 4038 1109 4090 τὸ
1132 4038 1256 4109 ὅρος
1291 4038 1440 4089 Σινᾶ.
1484 4056 1503 4089 ο
1537 4034 1653 4089 Κᾶν
1677 4036 1914 4109 ἀκούσῃς

333 4128 588 4196 λέγοντος
623 4124 717 4179 τοῦ
754 4128 1024 4197 μακαρίου
1074 4128 1240 4181 Δαϐὶδ
1295 4128 1430 4198 πρὸς
1459 4126 1568 4181 τῶν
1606 4128 1741 4182 ὅλων
1777 4146 1914 4200 κρα-

331 4220 530 4273 τοῦντα
579 4218 745 4270 Θεόνσ
781 4236 801 4269 ι
844 4218 1250 4284 Ἐξαποστελεῖς
1298 4219 1357 4272 τὸ
1384 4219 1607 4291 Πνεῦμά
1653 4237 1770 4287 σου,
1819 4223 1914 4274 καὶ

338 4309 785 4379 κτισοήσονταιῇ
819 4308 917 4362 καὶ
969 4309 1301 4373 ἀνακαινιεῖς
1356 4310 1418 4363 τὸ
1471 4311 1764 4382 πρόσωπον
1816 4312 1917 4381 τῆς

2007 2853 2206 2909 factum
2269 2871 2392 2911 eum
2449 2855 2738 2912 omnibus?
2784 2855 2897 2911 llac
2951 2855 3155 2909 ratione
3204 2856 3367 2910 etiam
3412 2853 3584 2911 Deum

2006 2961 2162 3002 suum
2192 2949 2499 3017 appellabat
2541 2949 2717 3018 ipsum
2758 2946 2996 3015 Patrem,
3030 2948 3278 3019 quamvis
3307 2948 3422 3016 ipse
3453 2961 3587 3017 quo-

1932 3067 1979 3130 c
2010 3054 2115 3108 que
2159 3056 2224 3095 ex
2272 3052 2466 3095 natura
2514 3041 2658 3097 Deus
2702 3051 2868 3107 esset,
2899 3049 2957 3096 et
3011 3056 3079 3095 ex
3128 3040 3244 3110 ejus
3281 3039 3585 3094 substantia

2008 3130 2177 3188 Filius
2210 3134 2518 3203 unigenitus
2557 3135 2881 3190 extitisset.
2914 3132 2991 3188 De
3019 3146 3252 3203 quonam
3282 3147 3413 3202 ergo
3456 3131 3588 3187 dicit

2008 3220 2201 3277 beatus
2253 3222 2463 3280 David:
2502 3226 2693 3281 «Misit
2749 3224 2985 3285 Verbum
3038 3241 3217 3290 suum,
3263 3233 3318 3279 et
3375 3225 3589 3279 sanavit

2008 3328 2103 3368 eos
2127 3314 2207 3366 5‘?
2237 3333 2255 3366 ι
2296 3314 2534 3370 Salvavit
2558 3317 2703 3372 enim
2742 3332 2842 3372 nos
2875 3332 2980 3371 non
3016 3316 3246 3385 legatus,
3286 3331 3390 3371 non
3422 3330 3590 3386 ange-

2009 3405 2127 3473 lus,
2188 3410 2282 3463 sed
2324 3408 2439 3477 ipse
2499 3409 2794 3477 Dominus,
2846 3410 3143 3465 secundum
3204 3409 3518 3479 Scripturas
3540 3407 3589 3462 ⁸.

2014 3500 2165 3564 Esto,
2211 3501 2407 3570 inquit,
2444 3500 2683 3556 Verbum
2726 3501 2867 3570 quod
2903 3501 3085 3557 omnia
3120 3508 3297 3571 potest
3337 3500 3585 3572 implere,

2013 3592 2236 3646 missum
2261 3600 2348 3647 est
2378 3610 2392 3646 :
2420 3593 2514 3648 sed
2545 3592 2850 3663 quomodo?
2872 3593 2961 3648 ubi
2993 3592 3138 3648 enim
3178 3608 3284 3648 non
3314 3593 3444 3649 illud
3467 3608 3590 3648 esse

2013 3682 2294 3738 dicemus?
2331 3692 2423 3738 aut
2447 3700 2556 3754 quo
2587 3684 2871 3740 mittetur?
2897 3684 3240 3742 lnsimulabis
3281 3687 3443 3759 igitur
3472 3686 3593 3742 llo-

2012 3791 2108 3831 sen
2149 3777 2300 3833 illum
2333 3779 2822 3847 sapientissimum,
2871 3779 3027 3848 quasi
3063 3794 3169 3834 non
3199 3779 3459 3834 mediocri
3505 3779 3590 3832 in-

2006 3868 2153 3936 juria
2192 3867 2286 3921 Dei
2337 3867 2563 3936 gloriam
2602 3866 2881 3937 aﬂ'ecerit;
2912 3867 3049 3922 dixit
3074 3867 3264 3923 enim:
3300 3886 3317 3919 ι
3354 3865 3592 3923 Descen-

2014 3958 2095 4013 dit
2152 3956 2297 4013 Deus
2355 3958 2493 4027 ignis
2561 3958 2742 4026 spccie
2800 3959 2854 4012 iu
2917 3966 3154 4011 montem
3212 3956 3413 4025 Sina';
3447 3974 3467 4009 ι
3536 3966 3593 4011 et

2014 4049 2262 4119 quamvis
2296 4048 2513 4103 beatum
2542 4047 2713 4103 David
2753 4048 2942 4102 audias
2967 4047 3149 4104 dicere
3180 4048 3421 4102 omnium
3453 4063 3593 4119 pra:-

2015 4138 2221 4210 potenti
2256 4135 2365 4192 Deo
2398 4153 2413 4190 :
2448 4156 2466 4188 ι
2496 4137 2723 4190 Emittes
2751 4134 3015 4206 Spiritum
3053 4146 3227 4201 tuum,
3250 4145 3304 4191 et
3329 4136 3595 4191 creabun-

2020 4238 2125 4296 tur,
2173 4236 2228 4282 et
2266 4226 2553 4282 renovabis
2600 4225 2796 4282 faciem
2841 4226 3073 4282 terra”:
3121 4244 3140 4278 ο
3195 4225 3427 4281 fortasse
3485 4239 3592 4278 non

2018 4320 2230 4382 credes,
2281 4328 2336 4372 et
2385 4319 2660 4373 hominem
2721 4318 2815 4373 Dei
2868 4319 3060 4388 spiritu
3108 4317 3325 4389 plenum
3376 4318 3595 4372 mentiri

342 4404 438 4472 γῆς
459 4419 471 4431 ·
512 4422 529 4453 ι
561 4402 891 4472 άποστήσεις
920 4399 1048 4474 [ιον.
1079 4402 1438 4475 ἀπιστήσεις]
1466 4403 1606 4474 τάχα
1640 4420 1743 4456 που
1763 4441 1779 4466 ,
1820 4403 1904 4455 καὶ

2020 4410 2278 4478 putabis:
2309 4426 2485 4481 neque
2522 4411 2666 4465 enim
2701 4409 2844 4466 Deus
2879 4410 3159 4479 migrando
3191 4417 3456 4473 movetur,
3499 4421 3596 4460 ue-

335 4495 689 4565 ιςνευόηγορεῐν
728 4495 889 4567 οἰήσῃ
931 4494 1021 4547 τὸν
1066 4496 1546 4567 πνευματοφόρον;
1593 4497 1655 4549 οὐ
1692 4496 1801 4566 γάρ
1835 4511 1917 4548 τοι

336 4588 551 4657 κίνησιν
607 4587 974 4658 μεταϐατικὴν
1003 4590 1238 4641 ποιεῖται
1279 4588 1339 4641 τὸ
1366 4587 1522 4641 Θεῖον
1551 4604 1562 4616 ·
1594 4588 1705 4641 οὐδ’
1742 4588 1809 4641 ἂν
1848 4587 1910 4640 ὲκ

336 4680 501 4733 τόπου
538 4682 673 4751 πρὸς
716 4679 875 4733 τόπον
924 4680 1363 4751 μεταχωρήσειεν
1407 4678 1495 4743 ἂν,
1546 4679 1620 4741 ὡς
1647 4679 1747 4731 οὐκ
1799 4677 1916 4730 ἐνὸν

337 4771 485 4841 αὖτῷ
535 4771 596 4823 τὸ
625 4772 680 4824 ἐν
740 4773 906 4825 πᾶσιν
959 4766 1099 4825 εἶναι
1155 4771 1252 4824 καὶ
1300 4772 1369 4824 τὰ
1419 4771 1599 4825 πάντα
1649 4768 1912 4842 πληροῦν.

338 4863 527 4917 Ταῦτά
560 4878 663 4914 που
693 4863 788 4915 καὶ
817 4862 835 4935 [
860 4862 946 4918 lo:
974 4861 1157 4934 κατὰ]
1192 4862 1384 4915 σαυτόν
1402 4878 1417 4891 ε
1457 4861 1614 4934 λογιῇ
1641 4862 1697 4914 δὲ
1730 4861 1914 4926 πάλιν,

339 4957 430 5009 καὶ
468 4955 581 5008 τῶν
624 4954 840 5027 ἀληθῶν
874 4956 1238 5027 ἁπαναστήσῃ
1268 4954 1576 5025 δογμάτων,
1626 4953 1807 5025 σαυτῷ
1856 4969 1915 5005 τε

341 5050 430 5102 καὶ
473 5047 621 5119 μόνῳ
668 5045 1087 5102 κατακολουθεῖν
1119 5047 1396 5118 ᾑρημένος
1415 5063 1427 5075 ·
1477 5046 1591 5099 ἀλλ’
1624 5041 1771 5116 ἦσθά
1809 5060 1912 5099 που

341 5141 554 5202 πάντως
583 5141 639 5192 ἐν
665 5139 948 5209 ἀμείνοσιν
968 5138 1194 5202 ἐννοίαις
1216 5140 1395 5191 ἐκεῖνο
1420 5135 1598 5190 διενθυ
1607 5136 1707 5208 μού
1715 5151 1879 5207 μενος
1897 5150 1912 5167 ⁶

340 5229 411 5292 ὡς
439 5229 583 5292 ἅπας
609 5232 741 5299 ἡμῖν
768 5229 798 5279 6
828 5228 959 5297 napi.
983 5227 1118 5281 Θεοῦ
1149 5227 1322 5296 Λόγος
1358 5228 1651 5297 πεποίηται
1683 5227 1781 5296 μὲν
1822 5228 1919 5280 ἀν·-

340 5317 654 5387 θρωπίνως·
685 5320 888 5369 νοεῖται
917 5333 981 5385 γε
1015 5318 1119 5387 μὴν
1141 5358 1153 5379 ,
1200 5316 1275 5380 ὡς
1325 5316 1391 5370 ἂν
1438 5315 1587 5386 αὐτῷ
1625 5317 1718 5369 καὶ
1768 5314 1916 5386 μόνῳ

340 5410 573 5477 πρέποι·
620 5409 955 5481 τεθορύϐηκε
999 5408 1057 5461 δὲ
1098 5410 1159 5462 οὐ
1216 5409 1450 5479 μετρίως
1502 5408 1632 5461 αὐτὸ
1678 5407 1756 5474 τὸ,
1811 5409 1917 5462 ὑπὸ

424 5607 649 5675 slitibus.
685 5625 756 5670 ιν,
788 5608 870 5663 10.
949 5607 1148 5664 ³ὅυειιι.
1185 5625 1265 5670 ttl,
1290 5610 1381 5680 51.
1458 5610 1476 5639 ⁵
1501 5608 1655 5662 Joan.
1698 5626 1806 5680 tm,
1842 5613 1931 5668 '35.

344 5693 460 5745 ιιι,
500 5681 585 5757 ίὸι
680 5679 702 5709 ⁸
728 5680 869 5733 Psal.
911 5694 1029 5743 cm,
1065 5683 1153 5733 δυ.
1255 5682 1275 5711 ⁹
1300 5676 1479 5738 Galat.
1509 5694 1579 5746 tv,
1612 5681 1662 5733 i.

630 5774 896 5839 Ρηιιοι.
940 5776 1055 5839 Gn.
1086 5774 1352 5840 LXXVI.

2020 4517 2126 4572 que
2162 4502 2228 4557 de
2269 4502 2384 4557 loco
2419 4502 2692 4575 ad‘locum
2724 4502 2938 4565 transit,
2967 4499 3191 4571 perinde
3223 4512 3287 4552 ac
3323 4499 3369 4553 si
3405 4512 3513 4552 non
3543 4496 3595 4552 ei

2021 4591 2297 4660 proprium
2328 4593 2398 4645 sit
2444 4592 2497 4645 in
2533 4592 2788 4646 omnibus
2832 4606 2956 4646 esse
2992 4598 3047 4644 ct
3079 4589 3258 4644 omnia
3302 4588 3593 4660 complere.

2021 4680 2146 4737 Haec
2178 4690 2353 4736 tecum
2385 4683 2499 4751 ipse
2532 4682 2772 4735 vicissim
2823 4680 3109 4751 cogitabis,
3136 4688 3194 4735 et
3238 4695 3267 4734 a
3301 4694 3432 4735 vera
3478 4694 3600 4734 sen-

2023 4772 2188 4826 tentia
2239 4771 2523 4837 discedes,
2573 4771 2666 4826 tibi
2714 4772 2816 4841 ipsi
2867 4782 2923 4826 et
2959 4774 3176 4842 quidem
3222 4772 3325 4828 soli
3372 4772 3599 4841 obsequi

2029 4872 2236 4917 certus.
2285 4861 2390 4917 Sed
2440 4862 2492 4915 in
2545 4862 2758 4916 meliori
2810 4880 2960 4918 esses
2999 4864 3185 4933 utique
3233 4865 3502 4919 sententia
3551 4866 3598 4917 si

2026 4954 2154 5008 illud
2196 4955 2485 5025 cogitares,
2533 4970 2748 5009 omnem
2792 4972 2820 5009 a
2850 4957 3002 5011 nobis
3042 4957 3109 5010 de
3150 4957 3260 5010 Deo
3292 4969 3597 5009 sermonem

2026 5046 2210 5100 haberi
2246 5046 2464 5115 quidem
2516 5047 2752 5100 humano
2798 5063 2969 5111 more,
3018 5050 3097 5102 sie
3132 5057 3308 5101 tamen
3347 5044 3597 5116 intelligi,

2025 5144 2083 5191 ut
2118 5137 2191 5191 illi
2228 5136 2330 5192 soli
2369 5138 2643 5192 convenit.
2686 5136 2789 5193 Sed
2818 5138 2966 5191 illum
3006 5152 3112 5191 non
3162 5137 3350 5192 leviter
3379 5144 3600 5189 contur-

2026 5231 2194 5294 bavit,
2240 5231 2382 5299 quod
2431 5226 2753 5284 Dei‘Patris
2808 5227 3037 5284 Verbum
3087 5227 3187 5281 sub
3232 5226 3350 5296 lege
3396 5225 3599 5280 factum

2025 5335 2151 5376 esse
2191 5321 2482 5376 dicitur’:
2522 5321 2701 5374 nullus
2754 5327 2934 5373 tamen
2993 5326 3079 5371 est
3123 5316 3174 5370 in
3229 5317 3330 5371 hac
3378 5331 3438 5370 re
3485 5330 3601 5369 me-

2030 5412 2209 5467 tuendi
2251 5412 2404 5467 locus
2433 5429 2448 5478 ;
2481 5427 2604 5466 nam
2647 5408 2944 5479 permansit
2980 5407 3122 5476 quod
3157 5417 3295 5474 erat,
3327 5404 3604 5476 legislator
3652 5414 3653 5417 ‘

2015 5613 2033 5644 '
2060 5612 2192 5669 ibid.
2303 5610 2346 5639 ⁵⁸
2372 5605 2511 5664 Psal.
2539 5624 2644 5669 ενι,
2676 5607 2766 5663 20.
2849 5610 2865 5635 ’⁵
2893 5607 2991 5662 lsa.
3028 5622 3183 5669 Lxm,
3219 5606 3273 5660 9.
3387 5604 3400 5631 '
3430 5596 3602 5657 Εχυᾶν

2303 5610 2346 5639 ⁵·
2372 5605 2511 5664 Psal.
2539 5624 2644 5675 CVI,
2676 5607 2766 5663 20.
2849 5610 2865 5635 ⁸
2893 5607 2991 5662 lsa.
3028 5622 3183 5671 LXIII,
3219 5606 3273 5660 9.

3203 5762 3244 5823 3t
