  <div class='ocr_page' id='page_1' title='image "/cluster/home/n/w/nwhite01/storage/ocr_20150623/76/mdp.39015013094878/045.png"; bbox 0 0 3926 6126; ppageno 0'>
   <div class='ocr_carea' id='block_1_1' title="bbox 345 310 3605 389">
    <p class='ocr_par' dir='ltr' id='par_1_1' title="bbox 345 310 3605 389">
     <span class='ocr_line' id='line_1_1' title="bbox 345 310 3605 389; baseline -0.005 -5"><span class='ocrx_word' id='word_1_1' title='bbox 345 330 420 389; x_wconf 73' lang='grc' dir='ltr'><strong>Ἱῖἰ</strong></span> <span class='ocrx_word' id='word_1_2' title='bbox 1329 323 1396 377; x_wconf 69' lang='lat' dir='ltr'><strong>S.</strong></span> <span class='ocrx_word' id='word_1_3' title='bbox 1435 316 1708 375; x_wconf 74' lang='lat' dir='ltr'><strong>CYNLLI</strong></span> <span class='ocrx_word' id='word_1_4' title='bbox 1750 310 2220 368; x_wconf 58' lang='lat' dir='ltr'><strong>A&#39;LEXANDRINI</strong></span> <span class='ocrx_word' id='word_1_5' title='bbox 2261 312 2575 370; x_wconf 73' lang='lat' dir='ltr'><strong>ARCHIEI‘.</strong></span> <span class='ocrx_word' id='word_1_6' title='bbox 3538 313 3605 367; x_wconf 72' lang='lat' dir='ltr'><strong>&#39;HS</strong></span> 
     </span>
    </p>
   </div>
   <div class='ocr_carea' id='block_1_2' title="bbox 348 430 1940 517">
    <p class='ocr_par' dir='ltr' id='par_1_2' title="bbox 348 437 1923 517">
     <span class='ocr_line' id='line_1_2' title="bbox 348 437 1923 517; baseline -0.011 -15"><span class='ocrx_word' id='word_1_7' title='bbox 348 451 568 517; x_wconf 78' lang='lat' dir='ltr'><strong>inquam</strong></span> <span class='ocrx_word' id='word_1_8' title='bbox 603 455 658 500; x_wconf 90' lang='lat' dir='ltr'><strong>et</strong></span> <span class='ocrx_word' id='word_1_9' title='bbox 698 443 861 499; x_wconf 83' lang='lat' dir='ltr'><strong>Deus.</strong></span> <span class='ocrx_word' id='word_1_10' title='bbox 901 441 981 497; x_wconf 74' lang='lat' dir='ltr'><strong>Ac</strong></span> <span class='ocrx_word' id='word_1_11' title='bbox 1019 441 1061 495; x_wconf 90' lang='lat' dir='ltr'><strong>si</strong></span> <span class='ocrx_word' id='word_1_12' title='bbox 1108 453 1212 494; x_wconf 88' lang='lat' dir='ltr'><strong>non</strong></span> <span class='ocrx_word' id='word_1_13' title='bbox 1238 438 1412 494; x_wconf 77' lang='lat' dir='ltr'><strong>factus</strong></span> <span class='ocrx_word' id='word_1_14' title='bbox 1437 445 1582 494; x_wconf 87' lang='lat' dir='ltr'><strong>esset</strong></span> <span class='ocrx_word' id='word_1_15' title='bbox 1611 437 1797 498; x_wconf 89' lang='lat' dir='ltr'><strong>homo.</strong></span> <span class='ocrx_word' id='word_1_16' title='bbox 1828 448 1923 488; x_wconf 69' lang='lat' dir='ltr'><strong>ne-</strong></span> 
     </span>
    </p>
   </div>
   <div class='ocr_carea' id='block_1_3' title="bbox 2044 430 3608 517">
    <p class='ocr_par' dir='ltr' id='par_1_3' title="bbox 2044 430 3608 503">
     <span class='ocr_line' id='line_1_3' title="bbox 2044 430 3608 503; baseline -0.001 -18"><span class='ocrx_word' id='word_1_17' title='bbox 2044 431 2192 503; x_wconf 61' lang='grc' dir='ltr'>νόμον</span> <span class='ocrx_word' id='word_1_18' title='bbox 2219 433 2474 502; x_wconf 83' lang='grc' dir='ltr'>λέγεσθαι</span> <span class='ocrx_word' id='word_1_19' title='bbox 2502 434 2594 488; x_wconf 80' lang='grc' dir='ltr'><strong>τὸν</strong></span> <span class='ocrx_word' id='word_1_20' title='bbox 2621 436 2684 488; x_wconf 80' lang='grc' dir='ltr'>ἐκ</span> <span class='ocrx_word' id='word_1_21' title='bbox 2719 431 2856 487; x_wconf 86' lang='grc' dir='ltr'>Θεοῦ</span> <span class='ocrx_word' id='word_1_22' title='bbox 2891 432 3104 502; x_wconf 69' lang='grc' dir='ltr'>Πατρὸς</span> <span class='ocrx_word' id='word_1_23' title='bbox 3131 430 3464 501; x_wconf 79' lang='grc' dir='ltr'>γεγενῆσθαι</span> <span class='ocrx_word' id='word_1_24' title='bbox 3507 431 3608 483; x_wconf 75' lang='lat' dir='ltr'><strong>A6-</strong></span> 
     </span>
    </p>
   </div>
   <div class='ocr_carea' id='block_1_4' title="bbox 346 528 1923 611">
    <p class='ocr_par' dir='ltr' id='par_1_4' title="bbox 346 528 1923 611">
     <span class='ocr_line' id='line_1_4' title="bbox 346 528 1923 611; baseline -0.013 -15"><span class='ocrx_word' id='word_1_25' title='bbox 346 556 452 611; x_wconf 87' lang='lat' dir='ltr'><strong>que</strong></span> <span class='ocrx_word' id='word_1_26' title='bbox 479 539 646 594; x_wconf 90' lang='lat' dir='ltr'><strong>etiam</strong></span> <span class='ocrx_word' id='word_1_27' title='bbox 693 537 795 592; x_wconf 85' lang='lat' dir='ltr'><strong>sub</strong></span> <span class='ocrx_word' id='word_1_28' title='bbox 828 534 944 604; x_wconf 86' lang='lat' dir='ltr'><strong>lege</strong></span> <span class='ocrx_word' id='word_1_29' title='bbox 983 533 1158 588; x_wconf 82' lang='lat' dir='ltr'><strong>factus</strong></span> <span class='ocrx_word' id='word_1_30' title='bbox 1194 531 1401 586; x_wconf 79' lang='lat' dir='ltr'><strong>fuisset.</strong></span> <span class='ocrx_word' id='word_1_31' title='bbox 1431 529 1534 584; x_wconf 88' lang='lat' dir='ltr'><strong>Sed</strong></span> <span class='ocrx_word' id='word_1_32' title='bbox 1569 528 1694 599; x_wconf 84' lang='lat' dir='ltr'><strong>quia</strong></span> <span class='ocrx_word' id='word_1_33' title='bbox 1739 540 1923 580; x_wconf 85' lang='lat' dir='ltr'><strong>verum</strong></span> 
     </span>
    </p>
   </div>
   <div class='ocr_carea' id='block_1_5' title="bbox 347 624 1925 700">
    <p class='ocr_par' dir='ltr' id='par_1_5' title="bbox 347 624 1925 700">
     <span class='ocr_line' id='line_1_5' title="bbox 347 624 1925 700; baseline -0.011 -14"><span class='ocrx_word' id='word_1_34' title='bbox 347 641 433 686; x_wconf 85' lang='lat' dir='ltr'><strong>est</strong></span> <span class='ocrx_word' id='word_1_35' title='bbox 467 630 705 700; x_wconf 88' lang='lat' dir='ltr'><strong>seipsum</strong></span> <span class='ocrx_word' id='word_1_36' title='bbox 737 625 1072 688; x_wconf 75' lang='lat' dir='ltr'><strong>humiliassc,</strong></span> <span class='ocrx_word' id='word_1_37' title='bbox 1118 624 1207 690; x_wconf 87' lang='lat' dir='ltr'><strong>qui</strong></span> <span class='ocrx_word' id='word_1_38' title='bbox 1240 637 1304 676; x_wconf 82' lang='lat' dir='ltr'><strong>ex</strong></span> <span class='ocrx_word' id='word_1_39' title='bbox 1349 630 1540 676; x_wconf 87' lang='lat' dir='ltr'><strong>natura</strong></span> <span class='ocrx_word' id='word_1_40' title='bbox 1573 634 1668 674; x_wconf 89' lang='lat' dir='ltr'><strong>sua</strong></span> <span class='ocrx_word' id='word_1_41' title='bbox 1712 631 1925 672; x_wconf 83' lang='lat' dir='ltr'><strong>sursum</strong></span> 
     </span>
    </p>
   </div>
   <div class='ocr_carea' id='block_1_6' title="bbox 286 709 1926 784">
    <p class='ocr_par' dir='ltr' id='par_1_6' title="bbox 286 709 1926 784">
     <span class='ocr_line' id='line_1_6' title="bbox 286 709 1926 784; baseline -0.011 -6"><span class='ocrx_word' id='word_1_42' title='bbox 286 727 296 779; x_wconf 75' lang='grc' dir='ltr'><em>ῗ</em></span> <span class='ocrx_word' id='word_1_43' title='bbox 349 731 465 777; x_wconf 87' lang='lat' dir='ltr'><strong>erat</strong></span> <span class='ocrx_word' id='word_1_44' title='bbox 492 737 555 775; x_wconf 90' lang='lat' dir='ltr'><strong>ac</strong></span> <span class='ocrx_word' id='word_1_45' title='bbox 596 719 868 780; x_wconf 86' lang='lat' dir='ltr'><strong>sublimis,</strong></span> <span class='ocrx_word' id='word_1_46' title='bbox 919 724 975 771; x_wconf 88' lang='lat' dir='ltr'><strong>et</strong></span> <span class='ocrx_word' id='word_1_47' title='bbox 1005 724 1267 784; x_wconf 72' lang='lat' dir='ltr'><strong>praetcrea</strong></span> <span class='ocrx_word' id='word_1_48' title='bbox 1306 714 1502 768; x_wconf 88' lang='lat' dir='ltr'><strong>l&#39;actum</strong></span> <span class='ocrx_word' id='word_1_49' title='bbox 1549 709 1926 780; x_wconf 54' lang='lat' dir='ltr'><strong>esseﬁOuo-</strong></span> 
     </span>
    </p>
   </div>
   <div class='ocr_carea' id='block_1_7' title="bbox 352 806 1927 880">
    <p class='ocr_par' dir='ltr' id='par_1_7' title="bbox 352 806 1927 880">
     <span class='ocr_line' id='line_1_7' title="bbox 352 806 1927 880; baseline -0.014 -8"><span class='ocrx_word' id='word_1_50' title='bbox 352 819 450 872; x_wconf 87' lang='lat' dir='ltr'><strong>stri</strong></span> <span class='ocrx_word' id='word_1_51' title='bbox 483 816 741 878; x_wconf 84' lang='lat' dir='ltr'><strong>similem,</strong></span> <span class='ocrx_word' id='word_1_52' title='bbox 769 811 862 880; x_wconf 87' lang='lat' dir='ltr'><strong>qui</strong></span> <span class='ocrx_word' id='word_1_53' title='bbox 889 825 1055 877; x_wconf 85' lang='lat' dir='ltr'><strong>supra</strong></span> <span class='ocrx_word' id='word_1_54' title='bbox 1096 819 1312 861; x_wconf 87' lang='lat' dir='ltr'><strong>omnem</strong></span> <span class='ocrx_word' id='word_1_55' title='bbox 1346 812 1652 857; x_wconf 83' lang='lat' dir='ltr'><strong>creaturam</strong></span> <span class='ocrx_word' id='word_1_56' title='bbox 1687 807 1824 861; x_wconf 83' lang='lat' dir='ltr'><strong>erat,</strong></span> <span class='ocrx_word' id='word_1_57' title='bbox 1873 806 1927 850; x_wconf 87' lang='lat' dir='ltr'><strong>et</strong></span> 
     </span>
    </p>
   </div>
   <div class='ocr_carea' id='block_1_8' title="bbox 351 889 1928 970">
    <p class='ocr_par' dir='ltr' id='par_1_8' title="bbox 351 889 1928 970">
     <span class='ocr_line' id='line_1_8' title="bbox 351 889 1928 970; baseline -0.012 -9"><span class='ocrx_word' id='word_1_58' title='bbox 351 923 473 961; x_wconf 85' lang='lat' dir='ltr'><strong>cum</strong></span> <span class='ocrx_word' id='word_1_59' title='bbox 513 907 663 960; x_wconf 91' lang='lat' dir='ltr'><strong>dives</strong></span> <span class='ocrx_word' id='word_1_60' title='bbox 691 911 858 967; x_wconf 90' lang='lat' dir='ltr'><strong>esset,</strong></span> <span class='ocrx_word' id='word_1_61' title='bbox 890 912 1185 970; x_wconf 76' lang='lat' dir='ltr'><strong>pauperem</strong></span> <span class='ocrx_word' id='word_1_62' title='bbox 1232 897 1432 949; x_wconf 80' lang='lat' dir='ltr'><strong>factum</strong></span> <span class='ocrx_word' id='word_1_63' title='bbox 1457 907 1577 947; x_wconf 88' lang='lat' dir='ltr'><strong>esse</strong></span> <span class='ocrx_word' id='word_1_64' title='bbox 1612 892 1663 944; x_wconf 92' lang='lat' dir='ltr'><strong>in</strong></span> <span class='ocrx_word' id='word_1_65' title='bbox 1694 889 1928 959; x_wconf 84' lang='lat' dir='ltr'><strong>co-quod</strong></span> 
     </span>
    </p>
   </div>
   <div class='ocr_carea' id='block_1_9' title="bbox 351 982 1927 1056">
    <p class='ocr_par' dir='ltr' id='par_1_9' title="bbox 351 982 1927 1056">
     <span class='ocr_line' id='line_1_9' title="bbox 351 982 1927 1056; baseline -0.014 -2"><span class='ocrx_word' id='word_1_66' title='bbox 351 1011 434 1053; x_wconf 88' lang='lat' dir='ltr'><strong>est</strong></span> <span class='ocrx_word' id='word_1_67' title='bbox 473 1000 647 1052; x_wconf 83' lang='lat' dir='ltr'><strong>factus</strong></span> <span class='ocrx_word' id='word_1_68' title='bbox 679 993 874 1049; x_wconf 83' lang='lat' dir='ltr'><strong>similis</strong></span> <span class='ocrx_word' id='word_1_69' title='bbox 906 990 1087 1045; x_wconf 76' lang='lat' dir='ltr'><strong>nostri</strong></span> <span class='ocrx_word' id='word_1_70' title='bbox 1115 989 1182 1052; x_wconf 80' lang='grc'><strong>¹⁰,</strong></span> <span class='ocrx_word' id='word_1_71' title='bbox 1215 985 1487 1056; x_wconf 85' lang='lat' dir='ltr'><strong>quomodo</strong></span> <span class='ocrx_word' id='word_1_72' title='bbox 1514 985 1664 1037; x_wconf 79' lang='lat' dir='ltr'><strong>nefas</strong></span> <span class='ocrx_word' id='word_1_73' title='bbox 1704 982 1776 1036; x_wconf 89' lang='lat' dir='ltr'><strong>sit</strong></span> <span class='ocrx_word' id='word_1_74' title='bbox 1805 995 1927 1035; x_wconf 88' lang='lat' dir='ltr'><strong>eum</strong></span> 
     </span>
    </p>
   </div>
   <div class='ocr_carea' id='block_1_10' title="bbox 351 1071 1930 1145">
    <p class='ocr_par' dir='ltr' id='par_1_10' title="bbox 351 1071 1930 1145">
     <span class='ocr_line' id='line_1_10' title="bbox 351 1071 1930 1145; baseline -0.012 -1"><span class='ocrx_word' id='word_1_75' title='bbox 351 1092 531 1145; x_wconf 84' lang='lat' dir='ltr'><strong>dicere</strong></span> <span class='ocrx_word' id='word_1_76' title='bbox 579 1087 780 1141; x_wconf 81' lang='lat' dir='ltr'><strong>factum</strong></span> <span class='ocrx_word' id='word_1_77' title='bbox 832 1097 954 1139; x_wconf 80' lang='lat' dir='ltr'><strong>esse</strong></span> <span class='ocrx_word' id='word_1_78' title='bbox 1013 1081 1294 1136; x_wconf 90' lang='lat' dir='ltr'><strong>nobiscum</strong></span> <span class='ocrx_word' id='word_1_79' title='bbox 1344 1093 1408 1132; x_wconf 90' lang='lat' dir='ltr'><strong>ac</strong></span> <span class='ocrx_word' id='word_1_80' title='bbox 1447 1075 1550 1131; x_wconf 89' lang='lat' dir='ltr'><strong>sub</strong></span> <span class='ocrx_word' id='word_1_81' title='bbox 1603 1075 1758 1144; x_wconf 81' lang='lat' dir='ltr'><strong>lege?</strong></span> <span class='ocrx_word' id='word_1_82' title='bbox 1789 1071 1930 1138; x_wconf 83' lang='lat' dir='ltr'><strong>Quid</strong></span> 
     </span>
    </p>
   </div>
   <div class='ocr_carea' id='block_1_11' title="bbox 352 1171 1932 1238">
    <p class='ocr_par' dir='ltr' id='par_1_11' title="bbox 352 1171 1932 1238">
     <span class='ocr_line' id='line_1_11' title="bbox 352 1171 1932 1238; baseline -0.013 -1"><span class='ocrx_word' id='word_1_83' title='bbox 352 1183 537 1238; x_wconf 84' lang='lat' dir='ltr'><strong>enim?</strong></span> <span class='ocrx_word' id='word_1_84' title='bbox 573 1196 640 1235; x_wconf 86' lang='lat' dir='ltr'><strong>an</strong></span> <span class='ocrx_word' id='word_1_85' title='bbox 668 1194 776 1234; x_wconf 90' lang='lat' dir='ltr'><strong>non</strong></span> <span class='ocrx_word' id='word_1_86' title='bbox 815 1188 963 1233; x_wconf 77' lang='lat' dir='ltr'><strong>recte</strong></span> <span class='ocrx_word' id='word_1_87' title='bbox 994 1175 1261 1230; x_wconf 76' lang='lat' dir='ltr'><strong>sentimus</strong></span> <span class='ocrx_word' id='word_1_88' title='bbox 1291 1183 1414 1226; x_wconf 93' lang='lat' dir='ltr'><strong>cum</strong></span> <span class='ocrx_word' id='word_1_89' title='bbox 1445 1171 1694 1223; x_wconf 82' lang='lat' dir='ltr'><strong>humanae</strong></span> <span class='ocrx_word' id='word_1_90' title='bbox 1721 1175 1932 1219; x_wconf 87' lang='lat' dir='ltr'><strong>naturae</strong></span> 
     </span>
    </p>
   </div>
   <div class='ocr_carea' id='block_1_12' title="bbox 355 1256 1931 1342">
    <p class='ocr_par' dir='ltr' id='par_1_12' title="bbox 355 1256 1931 1342">
     <span class='ocr_line' id='line_1_12' title="bbox 355 1256 1931 1342; baseline -0.014 -11"><span class='ocrx_word' id='word_1_91' title='bbox 355 1289 663 1331; x_wconf 81' lang='lat' dir='ltr'><strong>mensuram</strong></span> <span class='ocrx_word' id='word_1_92' title='bbox 694 1283 947 1342; x_wconf 91' lang='lat' dir='ltr'><strong>putamus</strong></span> <span class='ocrx_word' id='word_1_93' title='bbox 977 1284 1043 1325; x_wconf 91' lang='lat' dir='ltr'><strong>eo</strong></span> <span class='ocrx_word' id='word_1_94' title='bbox 1069 1264 1303 1330; x_wconf 87' lang='lat' dir='ltr'><strong>deliniri,</strong></span> <span class='ocrx_word' id='word_1_95' title='bbox 1334 1263 1475 1334; x_wconf 90' lang='lat' dir='ltr'><strong>quod</strong></span> <span class='ocrx_word' id='word_1_96' title='bbox 1499 1261 1579 1317; x_wconf 83' lang='lat' dir='ltr'><strong>sit</strong></span> <span class='ocrx_word' id='word_1_97' title='bbox 1605 1259 1706 1329; x_wconf 91' lang='lat' dir='ltr'><strong>legi</strong></span> <span class='ocrx_word' id='word_1_98' title='bbox 1749 1256 1931 1326; x_wconf 82' lang='lat' dir='ltr'><strong>subje-</strong></span> 
     </span>
    </p>
   </div>
   <div class='ocr_carea' id='block_1_13' title="bbox 354 1350 1930 1425">
    <p class='ocr_par' dir='ltr' id='par_1_13' title="bbox 354 1350 1930 1425">
     <span class='ocr_line' id='line_1_13' title="bbox 354 1350 1930 1425; baseline -0.013 -5"><span class='ocrx_word' id='word_1_99' title='bbox 354 1366 482 1420; x_wconf 83' lang='lat' dir='ltr'><strong>cta?</strong></span> <span class='ocrx_word' id='word_1_100' title='bbox 517 1379 641 1418; x_wconf 91' lang='lat' dir='ltr'><strong>nam</strong></span> <span class='ocrx_word' id='word_1_101' title='bbox 670 1363 763 1417; x_wconf 88' lang='lat' dir='ltr'><strong>illa</strong></span> <span class='ocrx_word' id='word_1_102' title='bbox 793 1361 972 1416; x_wconf 85' lang='lat' dir='ltr'><strong>soluta</strong></span> <span class='ocrx_word' id='word_1_103' title='bbox 999 1367 1054 1413; x_wconf 93' lang='lat' dir='ltr'><strong>et</strong></span> <span class='ocrx_word' id='word_1_104' title='bbox 1086 1370 1250 1425; x_wconf 84' lang='lat' dir='ltr'><strong>supra</strong></span> <span class='ocrx_word' id='word_1_105' title='bbox 1282 1353 1450 1425; x_wconf 83' lang='lat' dir='ltr'><strong>legem</strong></span> <span class='ocrx_word' id='word_1_106' title='bbox 1483 1350 1750 1413; x_wconf 84' lang='lat' dir='ltr'><strong>essentia,</strong></span> <span class='ocrx_word' id='word_1_107' title='bbox 1780 1355 1835 1401; x_wconf 89' lang='lat' dir='ltr'><strong>et</strong></span> <span class='ocrx_word' id='word_1_108' title='bbox 1864 1360 1930 1400; x_wconf 85' lang='lat' dir='ltr'><strong>ex</strong></span> 
     </span>
    </p>
   </div>
   <div class='ocr_carea' id='block_1_14' title="bbox 353 1439 1932 1516">
    <p class='ocr_par' dir='ltr' id='par_1_14' title="bbox 353 1439 1932 1516">
     <span class='ocr_line' id='line_1_14' title="bbox 353 1439 1932 1516; baseline -0.011 -4"><span class='ocrx_word' id='word_1_109' title='bbox 353 1467 549 1512; x_wconf 84' lang='lat' dir='ltr'><strong>natura</strong></span> <span class='ocrx_word' id='word_1_110' title='bbox 586 1468 647 1510; x_wconf 90' lang='lat' dir='ltr'><strong>ac</strong></span> <span class='ocrx_word' id='word_1_111' title='bbox 683 1468 812 1509; x_wconf 84' lang='lat' dir='ltr'><strong>vere</strong></span> <span class='ocrx_word' id='word_1_112' title='bbox 861 1452 1056 1516; x_wconf 89' lang='lat' dir='ltr'><strong>libera,</strong></span> <span class='ocrx_word' id='word_1_113' title='bbox 1095 1447 1237 1504; x_wconf 83' lang='lat' dir='ltr'><strong>nihil</strong></span> <span class='ocrx_word' id='word_1_114' title='bbox 1270 1446 1416 1501; x_wconf 85' lang='lat' dir='ltr'><strong>aliud</strong></span> <span class='ocrx_word' id='word_1_115' title='bbox 1444 1448 1787 1512; x_wconf 74' lang='lat' dir='ltr'><strong>essepetest</strong></span> <span class='ocrx_word' id='word_1_116' title='bbox 1818 1439 1932 1494; x_wconf 73' lang='lat' dir='ltr'><strong>.nisi</strong></span> 
     </span>
    </p>
   </div>
   <div class='ocr_carea' id='block_1_15' title="bbox 358 1539 1936 1616">
    <p class='ocr_par' dir='ltr' id='par_1_15' title="bbox 358 1539 1936 1616">
     <span class='ocr_line' id='line_1_15' title="bbox 358 1539 1936 1616; baseline -0.013 -13"><span class='ocrx_word' id='word_1_117' title='bbox 358 1549 499 1604; x_wconf 85' lang='lat' dir='ltr'><strong>Deus</strong></span> <span class='ocrx_word' id='word_1_118' title='bbox 524 1565 537 1600; x_wconf 91' lang='lat'><strong>:</strong></span> <span class='ocrx_word' id='word_1_119' title='bbox 564 1561 693 1616; x_wconf 89' lang='lat' dir='ltr'><strong>ergo</strong></span> <span class='ocrx_word' id='word_1_120' title='bbox 724 1560 846 1600; x_wconf 91' lang='lat' dir='ltr'><strong>cum</strong></span> <span class='ocrx_word' id='word_1_121' title='bbox 880 1541 1118 1598; x_wconf 77' lang='lat' dir='ltr'><strong>Verbum</strong></span> <span class='ocrx_word' id='word_1_122' title='bbox 1150 1539 1349 1594; x_wconf 72' lang='lat' dir='ltr'><strong>factum</strong></span> <span class='ocrx_word' id='word_1_123' title='bbox 1377 1545 1458 1593; x_wconf 88' lang='lat' dir='ltr'><strong>est</strong></span> <span class='ocrx_word' id='word_1_124' title='bbox 1480 1549 1630 1598; x_wconf 71' lang='lat' dir='ltr'><strong>eam,</strong></span> <span class='ocrx_word' id='word_1_125' title='bbox 1664 1543 1773 1588; x_wconf 89' lang='lat' dir='ltr'><strong>tum</strong></span> <span class='ocrx_word' id='word_1_126' title='bbox 1798 1546 1936 1602; x_wconf 92' lang='lat' dir='ltr'><strong>quo-</strong></span> 
     </span>
    </p>
   </div>
   <div class='ocr_carea' id='block_1_16' title="bbox 354 1623 1933 1709">
    <p class='ocr_par' dir='ltr' id='par_1_16' title="bbox 354 1623 1933 1709">
     <span class='ocr_line' id='line_1_16' title="bbox 354 1623 1933 1709; baseline -0.009 -19"><span class='ocrx_word' id='word_1_127' title='bbox 354 1655 459 1709; x_wconf 90' lang='lat' dir='ltr'><strong>que</strong></span> <span class='ocrx_word' id='word_1_128' title='bbox 501 1638 602 1693; x_wconf 87' lang='lat' dir='ltr'><strong>sub</strong></span> <span class='ocrx_word' id='word_1_129' title='bbox 641 1637 758 1707; x_wconf 81' lang='lat' dir='ltr'><strong>lege</strong></span> <span class='ocrx_word' id='word_1_130' title='bbox 811 1636 1014 1691; x_wconf 78' lang='lat' dir='ltr'><strong>factum</strong></span> <span class='ocrx_word' id='word_1_131' title='bbox 1057 1641 1141 1687; x_wconf 82' lang='lat' dir='ltr'><strong>est</strong></span> <span class='ocrx_word' id='word_1_132' title='bbox 1175 1651 1187 1685; x_wconf 95' lang='lat'><strong>:</strong></span> <span class='ocrx_word' id='word_1_133' title='bbox 1222 1645 1346 1684; x_wconf 86' lang='lat' dir='ltr'><strong>nam</strong></span> <span class='ocrx_word' id='word_1_134' title='bbox 1391 1642 1497 1683; x_wconf 87' lang='lat' dir='ltr'><strong>una</strong></span> <span class='ocrx_word' id='word_1_135' title='bbox 1537 1640 1658 1680; x_wconf 86' lang='lat' dir='ltr'><strong>curn</strong></span> <span class='ocrx_word' id='word_1_136' title='bbox 1718 1624 1803 1680; x_wconf 87' lang='lat' dir='ltr'><strong>bis</strong></span> <span class='ocrx_word' id='word_1_137' title='bbox 1843 1623 1933 1692; x_wconf 86' lang='lat' dir='ltr'><strong>qui</strong></span> 
     </span>
    </p>
   </div>
   <div class='ocr_carea' id='block_1_17' title="bbox 359 1714 1936 1798">
    <p class='ocr_par' dir='ltr' id='par_1_17' title="bbox 359 1714 1936 1798">
     <span class='ocr_line' id='line_1_17' title="bbox 359 1714 1936 1798; baseline -0.009 -16"><span class='ocrx_word' id='word_1_138' title='bbox 359 1731 618 1785; x_wconf 87' lang='lat' dir='ltr'><strong>tributum</strong></span> <span class='ocrx_word' id='word_1_139' title='bbox 664 1725 994 1798; x_wconf 82' lang='lat' dir='ltr'><strong>pendebant,</strong></span> <span class='ocrx_word' id='word_1_140' title='bbox 1043 1722 1356 1778; x_wconf 85' lang='lat' dir='ltr'><strong>didrachma</strong></span> <span class='ocrx_word' id='word_1_141' title='bbox 1389 1718 1569 1790; x_wconf 87' lang='lat' dir='ltr'><strong>posuit</strong></span> <span class='ocrx_word' id='word_1_142' title='bbox 1593 1717 1659 1782; x_wconf 85' lang='lat'><strong>&quot;,</strong></span> <span class='ocrx_word' id='word_1_143' title='bbox 1691 1714 1936 1786; x_wconf 86' lang='lat' dir='ltr'><strong>quamvis</strong></span> 
     </span>
    </p>
   </div>
   <div class='ocr_carea' id='block_1_18' title="bbox 356 1806 1931 1881">
    <p class='ocr_par' dir='ltr' id='par_1_18' title="bbox 356 1806 1931 1881">
     <span class='ocr_line' id='line_1_18' title="bbox 356 1806 1931 1881; baseline -0.011 -5"><span class='ocrx_word' id='word_1_144' title='bbox 356 1837 419 1876; x_wconf 84' lang='lat' dir='ltr'><strong>ex</strong></span> <span class='ocrx_word' id='word_1_145' title='bbox 470 1833 569 1875; x_wconf 84' lang='lat' dir='ltr'><strong>sua</strong></span> <span class='ocrx_word' id='word_1_146' title='bbox 618 1827 813 1873; x_wconf 91' lang='lat' dir='ltr'><strong>natura</strong></span> <span class='ocrx_word' id='word_1_147' title='bbox 863 1816 1004 1871; x_wconf 88' lang='lat' dir='ltr'><strong>liber</strong></span> <span class='ocrx_word' id='word_1_148' title='bbox 1045 1824 1209 1880; x_wconf 87' lang='lat' dir='ltr'><strong>esset,</strong></span> <span class='ocrx_word' id='word_1_149' title='bbox 1244 1823 1430 1881; x_wconf 86' lang='lat' dir='ltr'><strong>utpote</strong></span> <span class='ocrx_word' id='word_1_150' title='bbox 1459 1810 1603 1865; x_wconf 87' lang='lat' dir='ltr'><strong>Deus</strong></span> <span class='ocrx_word' id='word_1_151' title='bbox 1629 1823 1692 1863; x_wconf 91' lang='lat' dir='ltr'><strong>ac</strong></span> <span class='ocrx_word' id='word_1_152' title='bbox 1742 1806 1931 1868; x_wconf 87' lang='lat' dir='ltr'><strong>Filius,</strong></span> 
     </span>
    </p>
   </div>
   <div class='ocr_carea' id='block_1_19' title="bbox 357 1899 1934 1978">
    <p class='ocr_par' dir='ltr' id='par_1_19' title="bbox 357 1899 1934 1978">
     <span class='ocr_line' id='line_1_19' title="bbox 357 1899 1934 1978; baseline -0.01 -11"><span class='ocrx_word' id='word_1_153' title='bbox 357 1929 421 1967; x_wconf 85' lang='lat' dir='ltr'><strong>ac</strong></span> <span class='ocrx_word' id='word_1_154' title='bbox 449 1911 613 1967; x_wconf 86' lang='lat' dir='ltr'><strong>etiam</strong></span> <span class='ocrx_word' id='word_1_155' title='bbox 648 1924 714 1965; x_wconf 90' lang='lat' dir='ltr'><strong>eo</strong></span> <span class='ocrx_word' id='word_1_156' title='bbox 757 1919 1000 1978; x_wconf 88' lang='lat' dir='ltr'><strong>tempore</strong></span> <span class='ocrx_word' id='word_1_157' title='bbox 1036 1921 1142 1976; x_wconf 91' lang='lat' dir='ltr'><strong>quo</strong></span> <span class='ocrx_word' id='word_1_158' title='bbox 1178 1906 1379 1959; x_wconf 83' lang='lat' dir='ltr'><strong>factum</strong></span> <span class='ocrx_word' id='word_1_159' title='bbox 1411 1909 1493 1958; x_wconf 86' lang='lat' dir='ltr'><strong>est</strong></span> <span class='ocrx_word' id='word_1_160' title='bbox 1527 1916 1676 1956; x_wconf 89' lang='lat' dir='ltr'><strong>caro.</strong></span> <span class='ocrx_word' id='word_1_161' title='bbox 1713 1899 1806 1953; x_wconf 87' lang='lat' dir='ltr'><strong>Sin</strong></span> <span class='ocrx_word' id='word_1_162' title='bbox 1839 1899 1934 1952; x_wconf 85' lang='lat' dir='ltr'><strong>tibi</strong></span> 
     </span>
    </p>
   </div>
   <div class='ocr_carea' id='block_1_20' title="bbox 360 1992 1933 2074">
    <p class='ocr_par' dir='ltr' id='par_1_20' title="bbox 360 1992 1933 2074">
     <span class='ocr_line' id='line_1_20' title="bbox 360 1992 1933 2074; baseline -0.01 -16"><span class='ocrx_word' id='word_1_163' title='bbox 360 2005 539 2074; x_wconf 87' lang='lat' dir='ltr'><strong>placet</strong></span> <span class='ocrx_word' id='word_1_164' title='bbox 579 2018 746 2057; x_wconf 90' lang='lat' dir='ltr'><strong>unum</strong></span> <span class='ocrx_word' id='word_1_165' title='bbox 789 2002 843 2056; x_wconf 93' lang='lat' dir='ltr'><strong>in</strong></span> <span class='ocrx_word' id='word_1_166' title='bbox 899 2000 1005 2054; x_wconf 89' lang='lat' dir='ltr'><strong>duo</strong></span> <span class='ocrx_word' id='word_1_167' title='bbox 1041 1997 1305 2062; x_wconf 84' lang='lat' dir='ltr'><strong>dividere,</strong></span> <span class='ocrx_word' id='word_1_168' title='bbox 1351 2004 1406 2051; x_wconf 93' lang='lat' dir='ltr'><strong>et</strong></span> <span class='ocrx_word' id='word_1_169' title='bbox 1448 2009 1573 2050; x_wconf 81' lang='lat' dir='ltr'><strong>eum</strong></span> <span class='ocrx_word' id='word_1_170' title='bbox 1619 1992 1710 2063; x_wconf 85' lang='lat' dir='ltr'><strong>qui</strong></span> <span class='ocrx_word' id='word_1_171' title='bbox 1743 2000 1827 2046; x_wconf 89' lang='lat' dir='ltr'><strong>est</strong></span> <span class='ocrx_word' id='word_1_172' title='bbox 1868 2003 1933 2044; x_wconf 85' lang='lat' dir='ltr'><strong>ex</strong></span> 
     </span>
    </p>
   </div>
   <div class='ocr_carea' id='block_1_21' title="bbox 360 2084 1938 2160">
    <p class='ocr_par' dir='ltr' id='par_1_21' title="bbox 360 2084 1938 2160">
     <span class='ocr_line' id='line_1_21' title="bbox 360 2084 1938 2160; baseline -0.008 -11"><span class='ocrx_word' id='word_1_173' title='bbox 360 2095 608 2160; x_wconf 87' lang='lat' dir='ltr'><strong>muliere,</strong></span> <span class='ocrx_word' id='word_1_174' title='bbox 637 2092 864 2148; x_wconf 87' lang='lat' dir='ltr'><strong>seorsim</strong></span> <span class='ocrx_word' id='word_1_175' title='bbox 893 2091 1170 2146; x_wconf 89' lang='lat' dir='ltr'><strong>hominem</strong></span> <span class='ocrx_word' id='word_1_176' title='bbox 1213 2087 1586 2159; x_wconf 88' lang='lat' dir='ltr'><strong>pronuntiare,</strong></span> <span class='ocrx_word' id='word_1_177' title='bbox 1626 2099 1859 2156; x_wconf 90' lang='lat' dir='ltr'><strong>quonam</strong></span> <span class='ocrx_word' id='word_1_178' title='bbox 1893 2084 1938 2138; x_wconf 90' lang='lat' dir='ltr'><strong>is</strong></span> 
     </span>
    </p>
   </div>
   <div class='ocr_carea' id='block_1_22' title="bbox 363 2176 1937 2255">
    <p class='ocr_par' dir='ltr' id='par_1_22' title="bbox 363 2176 1937 2255">
     <span class='ocr_line' id='line_1_22' title="bbox 363 2176 1937 2255; baseline -0.008 -14"><span class='ocrx_word' id='word_1_179' title='bbox 363 2188 523 2243; x_wconf 86' lang='lat' dir='ltr'><strong>modo</strong></span> <span class='ocrx_word' id='word_1_180' title='bbox 568 2176 671 2240; x_wconf 86' lang='lat' dir='ltr'><strong>sub</strong></span> <span class='ocrx_word' id='word_1_181' title='bbox 712 2185 830 2255; x_wconf 86' lang='lat' dir='ltr'><strong>lege</strong></span> <span class='ocrx_word' id='word_1_182' title='bbox 877 2182 1051 2236; x_wconf 82' lang='lat' dir='ltr'><strong>factus</strong></span> <span class='ocrx_word' id='word_1_183' title='bbox 1081 2181 1294 2236; x_wconf 89' lang='lat' dir='ltr'><strong>dicetur</strong></span> <span class='ocrx_word' id='word_1_184' title='bbox 1340 2181 1432 2249; x_wconf 87' lang='lat' dir='ltr'><strong>qui</strong></span> <span class='ocrx_word' id='word_1_185' title='bbox 1483 2186 1688 2232; x_wconf 62' lang='lat' dir='ltr'><strong>natura:</strong></span> <span class='ocrx_word' id='word_1_186' title='bbox 1731 2178 1804 2234; x_wconf 88' lang='lat' dir='ltr'><strong>sit</strong></span> <span class='ocrx_word' id='word_1_187' title='bbox 1831 2176 1937 2232; x_wconf 85' lang='lat' dir='ltr'><strong>sub</strong></span> 
     </span>
    </p>
   </div>
   <div class='ocr_carea' id='block_1_23' title="bbox 362 2268 1938 2350">
    <p class='ocr_par' dir='ltr' id='par_1_23' title="bbox 362 2268 1938 2350">
     <span class='ocr_line' id='line_1_23' title="bbox 362 2268 1938 2350; baseline -0.01 -15"><span class='ocrx_word' id='word_1_188' title='bbox 362 2281 479 2350; x_wconf 88' lang='lat' dir='ltr'><strong>lege</strong></span> <span class='ocrx_word' id='word_1_189' title='bbox 503 2275 730 2347; x_wconf 71' lang='lat' dir='ltr'><strong>positm?</strong></span> <span class='ocrx_word' id='word_1_190' title='bbox 765 2274 878 2330; x_wconf 80' lang='lat' dir='ltr'><strong>Non</strong></span> <span class='ocrx_word' id='word_1_191' title='bbox 906 2273 1050 2329; x_wconf 91' lang='lat' dir='ltr'><strong>enim</strong></span> <span class='ocrx_word' id='word_1_192' title='bbox 1086 2272 1231 2342; x_wconf 91' lang='lat' dir='ltr'><strong>quod</strong></span> <span class='ocrx_word' id='word_1_193' title='bbox 1258 2270 1370 2341; x_wconf 86' lang='lat' dir='ltr'><strong>jam</strong></span> <span class='ocrx_word' id='word_1_194' title='bbox 1400 2278 1482 2326; x_wconf 91' lang='lat' dir='ltr'><strong>est</strong></span> <span class='ocrx_word' id='word_1_195' title='bbox 1509 2269 1612 2340; x_wconf 84' lang='lat' dir='ltr'><strong>legi</strong></span> <span class='ocrx_word' id='word_1_196' title='bbox 1640 2268 1938 2331; x_wconf 87' lang='lat' dir='ltr'><strong>subditum,</strong></span> 
     </span>
    </p>
   </div>
   <div class='ocr_carea' id='block_1_24' title="bbox 361 2357 1967 2436">
    <p class='ocr_par' dir='ltr' id='par_1_24' title="bbox 361 2357 1967 2436">
     <span class='ocr_line' id='line_1_24' title="bbox 361 2357 1967 2436; baseline -0.009 -12"><span class='ocrx_word' id='word_1_197' title='bbox 361 2371 416 2424; x_wconf 88' lang='lat' dir='ltr'><strong>id</strong></span> <span class='ocrx_word' id='word_1_198' title='bbox 458 2367 572 2422; x_wconf 81' lang='lat' dir='ltr'><strong>ﬁeri</strong></span> <span class='ocrx_word' id='word_1_199' title='bbox 606 2367 707 2423; x_wconf 86' lang='lat' dir='ltr'><strong>sub</strong></span> <span class='ocrx_word' id='word_1_200' title='bbox 732 2366 848 2436; x_wconf 87' lang='lat' dir='ltr'><strong>lege</strong></span> <span class='ocrx_word' id='word_1_201' title='bbox 878 2372 1081 2434; x_wconf 88' lang='lat' dir='ltr'><strong>potest,</strong></span> <span class='ocrx_word' id='word_1_202' title='bbox 1111 2363 1204 2417; x_wconf 88' lang='lat' dir='ltr'><strong>sed</strong></span> <span class='ocrx_word' id='word_1_203' title='bbox 1243 2361 1292 2415; x_wconf 91' lang='lat' dir='ltr'><strong>id</strong></span> <span class='ocrx_word' id='word_1_204' title='bbox 1318 2360 1458 2430; x_wconf 84' lang='lat' dir='ltr'><strong>quod</strong></span> <span class='ocrx_word' id='word_1_205' title='bbox 1500 2371 1750 2414; x_wconf 87' lang='lat' dir='ltr'><strong>naturam</strong></span> <span class='ocrx_word' id='word_1_206' title='bbox 1778 2357 1967 2412; x_wconf 74' lang='lat' dir='ltr'><strong>habeto</strong></span> 
     </span>
    </p>
   </div>
   <div class='ocr_carea' id='block_1_25' title="bbox 363 2449 1940 2528">
    <p class='ocr_par' dir='ltr' id='par_1_25' title="bbox 363 2449 1940 2528">
     <span class='ocr_line' id='line_1_25' title="bbox 363 2449 1940 2528; baseline -0.007 -13"><span class='ocrx_word' id='word_1_207' title='bbox 363 2460 481 2528; x_wconf 86' lang='lat' dir='ltr'><strong>lege</strong></span> <span class='ocrx_word' id='word_1_208' title='bbox 517 2458 874 2528; x_wconf 87' lang='lat' dir='ltr'><strong>superiorem,</strong></span> <span class='ocrx_word' id='word_1_209' title='bbox 919 2467 974 2509; x_wconf 88' lang='lat' dir='ltr'><strong>et</strong></span> <span class='ocrx_word' id='word_1_210' title='bbox 1007 2463 1158 2508; x_wconf 71' lang='lat' dir='ltr'><strong>extra</strong></span> <span class='ocrx_word' id='word_1_211' title='bbox 1195 2452 1389 2522; x_wconf 85' lang='lat' dir='ltr'><strong>legem.</strong></span> <span class='ocrx_word' id='word_1_212' title='bbox 1422 2449 1549 2506; x_wconf 90' lang='lat' dir='ltr'><strong>Sola</strong></span> <span class='ocrx_word' id='word_1_213' title='bbox 1584 2459 1666 2504; x_wconf 87' lang='lat' dir='ltr'><strong>est</strong></span> <span class='ocrx_word' id='word_1_214' title='bbox 1685 2450 1850 2515; x_wconf 90' lang='lat' dir='ltr'><strong>enim,</strong></span> <span class='ocrx_word' id='word_1_215' title='bbox 1884 2457 1940 2504; x_wconf 81' lang='lat' dir='ltr'><strong>ut</strong></span> 
     </span>
    </p>
   </div>
   <div class='ocr_carea' id='block_1_26' title="bbox 364 2541 1937 2616">
    <p class='ocr_par' dir='ltr' id='par_1_26' title="bbox 364 2541 1937 2616">
     <span class='ocr_line' id='line_1_26' title="bbox 364 2541 1937 2616; baseline -0.008 -10"><span class='ocrx_word' id='word_1_216' title='bbox 364 2551 498 2616; x_wconf 75' lang='lat' dir='ltr'><strong>dixi,</strong></span> <span class='ocrx_word' id='word_1_217' title='bbox 542 2549 629 2602; x_wconf 92' lang='lat' dir='ltr'><strong>illa</strong></span> <span class='ocrx_word' id='word_1_218' title='bbox 655 2547 839 2602; x_wconf 87' lang='lat' dir='ltr'><strong>divina</strong></span> <span class='ocrx_word' id='word_1_219' title='bbox 875 2559 1238 2615; x_wconf 87' lang='lat' dir='ltr'><strong>supremaque</strong></span> <span class='ocrx_word' id='word_1_220' title='bbox 1267 2551 1459 2597; x_wconf 89' lang='lat' dir='ltr'><strong>natura</strong></span> <span class='ocrx_word' id='word_1_221' title='bbox 1486 2549 1541 2597; x_wconf 89' lang='lat' dir='ltr'><strong>et</strong></span> <span class='ocrx_word' id='word_1_222' title='bbox 1576 2541 1716 2596; x_wconf 82' lang='lat' dir='ltr'><strong>ultra</strong></span> <span class='ocrx_word' id='word_1_223' title='bbox 1745 2541 1937 2609; x_wconf 84' lang='lat' dir='ltr'><strong>legem,</strong></span> 
     </span>
    </p>
   </div>
   <div class='ocr_carea' id='block_1_27' title="bbox 365 2631 1943 2710">
    <p class='ocr_par' dir='ltr' id='par_1_27' title="bbox 365 2631 1943 2710">
     <span class='ocr_line' id='line_1_27' title="bbox 365 2631 1943 2710; baseline -0.008 -14"><span class='ocrx_word' id='word_1_224' title='bbox 365 2649 420 2698; x_wconf 80' lang='lat' dir='ltr'><strong>et</strong></span> <span class='ocrx_word' id='word_1_225' title='bbox 455 2647 714 2710; x_wconf 61' lang='lat' dir='ltr'><strong>praterea</strong></span> <span class='ocrx_word' id='word_1_226' title='bbox 757 2635 947 2701; x_wconf 87' lang='lat' dir='ltr'><strong>libera,</strong></span> <span class='ocrx_word' id='word_1_227' title='bbox 981 2644 1037 2690; x_wconf 88' lang='lat' dir='ltr'><strong>et</strong></span> <span class='ocrx_word' id='word_1_228' title='bbox 1077 2647 1199 2704; x_wconf 75' lang='lat' dir='ltr'><strong>qua:</strong></span> <span class='ocrx_word' id='word_1_229' title='bbox 1245 2633 1352 2688; x_wconf 87' lang='lat' dir='ltr'><strong>sibi</strong></span> <span class='ocrx_word' id='word_1_230' title='bbox 1390 2631 1704 2703; x_wconf 68' lang='lat' dir='ltr'><strong>praefectum</strong></span> <span class='ocrx_word' id='word_1_231' title='bbox 1748 2631 1943 2686; x_wconf 87' lang='lat' dir='ltr'><strong>habeat</strong></span> 
     </span>
    </p>
   </div>
   <div class='ocr_carea' id='block_1_28' title="bbox 366 2723 1940 2803">
    <p class='ocr_par' dir='ltr' id='par_1_28' title="bbox 366 2723 1940 2803">
     <span class='ocr_line' id='line_1_28' title="bbox 366 2723 1940 2803; baseline -0.008 -18"><span class='ocrx_word' id='word_1_232' title='bbox 366 2744 590 2803; x_wconf 79' lang='lat' dir='ltr'><strong>prorsus</strong></span> <span class='ocrx_word' id='word_1_233' title='bbox 625 2728 921 2793; x_wconf 81' lang='lat' dir='ltr'><strong>neminem,</strong></span> <span class='ocrx_word' id='word_1_234' title='bbox 955 2725 1050 2780; x_wconf 87' lang='lat' dir='ltr'><strong>sed</strong></span> <span class='ocrx_word' id='word_1_235' title='bbox 1097 2725 1214 2795; x_wconf 88' lang='lat' dir='ltr'><strong>ipsa</strong></span> <span class='ocrx_word' id='word_1_236' title='bbox 1247 2723 1319 2779; x_wconf 87' lang='lat' dir='ltr'><strong>sit</strong></span> <span class='ocrx_word' id='word_1_237' title='bbox 1357 2723 1539 2794; x_wconf 89' lang='lat' dir='ltr'><strong>potius</strong></span> <span class='ocrx_word' id='word_1_238' title='bbox 1569 2723 1940 2778; x_wconf 87' lang='lat' dir='ltr'><strong>universorum</strong></span> 
     </span>
    </p>
   </div>
   <div class='ocr_carea' id='block_1_29' title="bbox 365 2811 1943 2883">
    <p class='ocr_par' dir='ltr' id='par_1_29' title="bbox 365 2811 1943 2883">
     <span class='ocr_line' id='line_1_29' title="bbox 365 2811 1943 2883; baseline -0.008 -8"><span class='ocrx_word' id='word_1_239' title='bbox 365 2821 605 2883; x_wconf 80' lang='lat' dir='ltr'><strong>domina,</strong></span> <span class='ocrx_word' id='word_1_240' title='bbox 656 2829 710 2875; x_wconf 89' lang='lat' dir='ltr'><strong>et</strong></span> <span class='ocrx_word' id='word_1_241' title='bbox 753 2817 1006 2872; x_wconf 89' lang='lat' dir='ltr'><strong>omnibus</strong></span> <span class='ocrx_word' id='word_1_242' title='bbox 1063 2817 1226 2871; x_wconf 88' lang='lat' dir='ltr'><strong>rebus</strong></span> <span class='ocrx_word' id='word_1_243' title='bbox 1273 2830 1384 2871; x_wconf 76' lang='lat' dir='ltr'><strong>sua:</strong></span> <span class='ocrx_word' id='word_1_244' title='bbox 1434 2812 1821 2871; x_wconf 84' lang='lat' dir='ltr'><strong>dominationis</strong></span> <span class='ocrx_word' id='word_1_245' title='bbox 1856 2811 1943 2880; x_wconf 89' lang='lat' dir='ltr'><strong>ju-</strong></span> 
     </span>
    </p>
   </div>
   <div class='ocr_carea' id='block_1_30' title="bbox 368 2901 1940 2986">
    <p class='ocr_par' dir='ltr' id='par_1_30' title="bbox 368 2901 1940 2986">
     <span class='ocr_line' id='line_1_30' title="bbox 368 2901 1940 2986; baseline -0.01 -17"><span class='ocrx_word' id='word_1_246' title='bbox 368 2936 490 2986; x_wconf 77' lang='grc' dir='ltr'>ιςιιηι</span> <span class='ocrx_word' id='word_1_247' title='bbox 527 2921 786 2986; x_wconf 83' lang='lat' dir='ltr'><strong>imponat.</strong></span> <span class='ocrx_word' id='word_1_248' title='bbox 820 2915 923 2969; x_wconf 88' lang='lat' dir='ltr'><strong>Sed</strong></span> <span class='ocrx_word' id='word_1_249' title='bbox 958 2915 1061 2969; x_wconf 87' lang='lat' dir='ltr'><strong>iste</strong></span> <span class='ocrx_word' id='word_1_250' title='bbox 1091 2913 1172 2971; x_wconf 84' lang='lat' dir='ltr'><strong>vir</strong></span> <span class='ocrx_word' id='word_1_251' title='bbox 1201 2928 1228 2966; x_wconf 90' lang='lat' dir='ltr'><strong>a</strong></span> <span class='ocrx_word' id='word_1_252' title='bbox 1269 2919 1416 2965; x_wconf 89' lang='lat' dir='ltr'><strong>recta</strong></span> <span class='ocrx_word' id='word_1_253' title='bbox 1468 2903 1824 2961; x_wconf 80' lang='lat' dir='ltr'><strong>ratiocinandi</strong></span> <span class='ocrx_word' id='word_1_254' title='bbox 1853 2901 1940 2955; x_wconf 83' lang='lat' dir='ltr'><strong>via</strong></span> 
     </span>
    </p>
   </div>
   <div class='ocr_carea' id='block_1_31' title="bbox 367 2995 1941 3073">
    <p class='ocr_par' dir='ltr' id='par_1_31' title="bbox 367 2995 1941 3073">
     <span class='ocr_line' id='line_1_31' title="bbox 367 2995 1941 3073; baseline -0.015 -6"><span class='ocrx_word' id='word_1_255' title='bbox 367 3028 489 3067; x_wconf 91' lang='lat' dir='ltr'><strong>cum</strong></span> <span class='ocrx_word' id='word_1_256' title='bbox 537 3010 827 3073; x_wconf 82' lang='lat' dir='ltr'><strong>aherrarit,</strong></span> <span class='ocrx_word' id='word_1_257' title='bbox 861 3009 914 3063; x_wconf 88' lang='lat' dir='ltr'><strong>iu</strong></span> <span class='ocrx_word' id='word_1_258' title='bbox 960 3023 1081 3064; x_wconf 87' lang='lat' dir='ltr'><strong>eam</strong></span> <span class='ocrx_word' id='word_1_259' title='bbox 1129 3016 1211 3061; x_wconf 83' lang='lat' dir='ltr'><strong>est</strong></span> <span class='ocrx_word' id='word_1_260' title='bbox 1261 3004 1510 3070; x_wconf 87' lang='lat' dir='ltr'><strong>delapsus</strong></span> <span class='ocrx_word' id='word_1_261' title='bbox 1555 2995 1941 3068; x_wconf 84' lang='lat' dir='ltr'><strong>cogitationum</strong></span> 
     </span>
    </p>
   </div>
   <div class='ocr_carea' id='block_1_32' title="bbox 2027 519 3608 596">
    <p class='ocr_par' dir='ltr' id='par_1_32' title="bbox 2027 519 3608 596">
     <span class='ocr_line' id='line_1_32' title="bbox 2027 519 3608 596; baseline -0.003 -18"><span class='ocrx_word' id='word_1_262' title='bbox 2027 544 2143 594; x_wconf 90' lang='grc' dir='ltr'>γον.</span> <span class='ocrx_word' id='word_1_263' title='bbox 2188 526 2328 580; x_wconf 80' lang='grc' dir='ltr'>Ἀλλ’</span> <span class='ocrx_word' id='word_1_264' title='bbox 2366 527 2522 580; x_wconf 75' lang='grc' dir='ltr'>οὐδὲν</span> <span class='ocrx_word' id='word_1_265' title='bbox 2567 528 2623 580; x_wconf 85' lang='grc' dir='ltr'>ὲν</span> <span class='ocrx_word' id='word_1_266' title='bbox 2655 526 2828 596; x_wconf 80' lang='grc' dir='ltr'>τούτῳ</span> <span class='ocrx_word' id='word_1_267' title='bbox 2859 525 2920 577; x_wconf 85' lang='grc' dir='ltr'><strong>τὸ</strong></span> <span class='ocrx_word' id='word_1_268' title='bbox 2966 523 3158 593; x_wconf 74' lang='grc' dir='ltr'>δεῖμαο</span> <span class='ocrx_word' id='word_1_269' title='bbox 3195 521 3470 592; x_wconf 84' lang='grc' dir='ltr'>μεμένηκε</span> <span class='ocrx_word' id='word_1_270' title='bbox 3499 519 3608 592; x_wconf 70' lang='grc' dir='ltr'><strong>γὰρ</strong></span> 
     </span>
    </p>
   </div>
   <div class='ocr_carea' id='block_1_33' title="bbox 2027 612 3608 690">
    <p class='ocr_par' dir='ltr' id='par_1_33' title="bbox 2027 612 3608 690">
     <span class='ocr_line' id='line_1_33' title="bbox 2027 612 3608 690; baseline -0.004 -20"><span class='ocrx_word' id='word_1_271' title='bbox 2027 619 2056 670; x_wconf 85' lang='grc' dir='ltr'><strong>ὃ</strong></span> <span class='ocrx_word' id='word_1_272' title='bbox 2101 614 2169 690; x_wconf 77' lang='grc' dir='ltr'>ἦν</span> <span class='ocrx_word' id='word_1_273' title='bbox 2191 636 2203 648; x_wconf 76' lang='grc' dir='ltr'><strong>ο</strong></span> <span class='ocrx_word' id='word_1_274' title='bbox 2253 618 2549 688; x_wconf 79' lang='grc' dir='ltr'><strong>νομοθέτης</strong></span> <span class='ocrx_word' id='word_1_275' title='bbox 2576 618 2815 690; x_wconf 80' lang='grc' dir='ltr'>δηλονότι</span> <span class='ocrx_word' id='word_1_276' title='bbox 2850 615 2946 670; x_wconf 68' lang='grc' dir='ltr'><strong>καὶ</strong></span> <span class='ocrx_word' id='word_1_277' title='bbox 2991 614 3142 678; x_wconf 85' lang='grc' dir='ltr'>Θεός.</span> <span class='ocrx_word' id='word_1_278' title='bbox 3177 614 3288 666; x_wconf 67' lang='grc' dir='ltr'><strong>Καὶ</strong></span> <span class='ocrx_word' id='word_1_279' title='bbox 3321 615 3368 666; x_wconf 87' lang='grc' dir='ltr'><strong>εί</strong></span> <span class='ocrx_word' id='word_1_280' title='bbox 3411 614 3510 682; x_wconf 80' lang='grc' dir='ltr'><strong>μὲν</strong></span> <span class='ocrx_word' id='word_1_281' title='bbox 3546 612 3608 664; x_wconf 80' lang='grc' dir='ltr'><strong>ού</strong></span> 
     </span>
    </p>
   </div>
   <div class='ocr_carea' id='block_1_34' title="bbox 2029 703 3610 781">
    <p class='ocr_par' dir='ltr' id='par_1_34' title="bbox 2029 703 3610 781">
     <span class='ocr_line' id='line_1_34' title="bbox 2029 703 3610 781; baseline -0.004 -19"><span class='ocrx_word' id='word_1_282' title='bbox 2029 710 2255 778; x_wconf 81' lang='grc' dir='ltr'>γέγονεν</span> <span class='ocrx_word' id='word_1_283' title='bbox 2283 710 2589 781; x_wconf 81' lang='grc' dir='ltr'>ἄνθρωπος.</span> <span class='ocrx_word' id='word_1_284' title='bbox 2623 709 2682 762; x_wconf 83' lang='grc' dir='ltr'>οὺ</span> <span class='ocrx_word' id='word_1_285' title='bbox 2712 708 2935 777; x_wconf 83' lang='grc' dir='ltr'>γέγονεν</span> <span class='ocrx_word' id='word_1_286' title='bbox 2963 707 3068 760; x_wconf 83' lang='grc' dir='ltr'><strong>ὑπὸ</strong></span> <span class='ocrx_word' id='word_1_287' title='bbox 3099 706 3284 776; x_wconf 84' lang='grc' dir='ltr'>νόμον.</span> <span class='ocrx_word' id='word_1_288' title='bbox 3303 704 3527 774; x_wconf 77' lang='grc' dir='ltr'>Ἐπειδὴ</span> <span class='ocrx_word' id='word_1_289' title='bbox 3553 703 3610 756; x_wconf 75' lang='grc' dir='ltr'><strong>δέ</strong></span> 
     </span>
    </p>
   </div>
   <div class='ocr_carea' id='block_1_35' title="bbox 2030 795 3611 872">
    <p class='ocr_par' dir='ltr' id='par_1_35' title="bbox 2030 795 3611 872">
     <span class='ocr_line' id='line_1_35' title="bbox 2030 795 3611 872; baseline -0.006 -16"><span class='ocrx_word' id='word_1_290' title='bbox 2030 805 2178 856; x_wconf 79' lang='grc' dir='ltr'>ἐστιν</span> <span class='ocrx_word' id='word_1_291' title='bbox 2213 801 2431 872; x_wconf 79' lang='grc' dir='ltr'>ἀληθὲς,</span> <span class='ocrx_word' id='word_1_292' title='bbox 2455 802 2537 854; x_wconf 79' lang='grc' dir='ltr'>ὅτι</span> <span class='ocrx_word' id='word_1_293' title='bbox 2567 800 2962 853; x_wconf 71' lang='grc' dir='ltr'>τετιπείνωκεν</span> <span class='ocrx_word' id='word_1_294' title='bbox 2994 797 3184 852; x_wconf 76' lang='grc' dir='ltr'>ἑαυτὸν</span> <span class='ocrx_word' id='word_1_295' title='bbox 3210 799 3238 851; x_wconf 84' lang='grc' dir='ltr'>ὁ</span> <span class='ocrx_word' id='word_1_296' title='bbox 3283 797 3426 850; x_wconf 78' lang='grc' dir='ltr'>κατὰ</span> <span class='ocrx_word' id='word_1_297' title='bbox 3450 795 3611 864; x_wconf 77' lang='grc' dir='ltr'>φύσιν</span> 
     </span>
    </p>
   </div>
   <div class='ocr_carea' id='block_1_36' title="bbox 2035 887 3608 964">
    <p class='ocr_par' dir='ltr' id='par_1_36' title="bbox 2035 887 3608 964">
     <span class='ocr_line' id='line_1_36' title="bbox 2035 887 3608 964; baseline -0.004 -16"><span class='ocrx_word' id='word_1_298' title='bbox 2035 894 2174 948; x_wconf 77' lang='grc' dir='ltr'>ἰδίαν</span> <span class='ocrx_word' id='word_1_299' title='bbox 2209 894 2322 948; x_wconf 81' lang='grc' dir='ltr'><strong>ἅνω</strong></span> <span class='ocrx_word' id='word_1_300' title='bbox 2359 911 2462 946; x_wconf 87' lang='grc' dir='ltr'><strong>που</strong></span> <span class='ocrx_word' id='word_1_301' title='bbox 2493 893 2588 946; x_wconf 72' lang='grc' dir='ltr'><strong>καὶ</strong></span> <span class='ocrx_word' id='word_1_302' title='bbox 2615 892 2816 964; x_wconf 75' lang='grc' dir='ltr'>ὑψηλός</span> <span class='ocrx_word' id='word_1_303' title='bbox 2836 909 2849 923; x_wconf 91' lang='grc'><strong>·</strong></span> <span class='ocrx_word' id='word_1_304' title='bbox 2899 887 3019 944; x_wconf 70' lang='grc' dir='ltr'>εἶτα</span> <span class='ocrx_word' id='word_1_305' title='bbox 3047 890 3238 961; x_wconf 82' lang='grc' dir='ltr'>γέγονε</span> <span class='ocrx_word' id='word_1_306' title='bbox 3271 889 3392 944; x_wconf 83' lang='grc' dir='ltr'>καθ’</span> <span class='ocrx_word' id='word_1_307' title='bbox 3427 889 3573 960; x_wconf 79' lang='grc' dir='ltr'>ἡμᾶς</span> <span class='ocrx_word' id='word_1_308' title='bbox 3594 926 3608 950; x_wconf 86' lang='grc'><em>,</em></span> 
     </span>
    </p>
   </div>
   <div class='ocr_carea' id='block_1_37' title="bbox 2030 981 3614 1061">
    <p class='ocr_par' dir='ltr' id='par_1_37' title="bbox 2030 981 3614 1061">
     <span class='ocr_line' id='line_1_37' title="bbox 2030 981 3614 1061; baseline -0.004 -20"><span class='ocrx_word' id='word_1_309' title='bbox 2030 990 2058 1041; x_wconf 87' lang='grc' dir='ltr'>ὁ</span> <span class='ocrx_word' id='word_1_310' title='bbox 2090 987 2231 1061; x_wconf 85' lang='grc' dir='ltr'>ὑπὲρ</span> <span class='ocrx_word' id='word_1_311' title='bbox 2266 989 2448 1042; x_wconf 75' lang='grc' dir='ltr'>πᾶσαν</span> <span class='ocrx_word' id='word_1_312' title='bbox 2492 987 2591 1059; x_wconf 74' lang='grc' dir='ltr'>τὴν</span> <span class='ocrx_word' id='word_1_313' title='bbox 2633 986 2806 1041; x_wconf 82' lang='grc' dir='ltr'><strong>κτίσιν</strong></span> <span class='ocrx_word' id='word_1_314' title='bbox 2827 1003 2841 1016; x_wconf 90' lang='grc'><strong>·</strong></span> <span class='ocrx_word' id='word_1_315' title='bbox 2877 987 2972 1039; x_wconf 76' lang='lat' dir='ltr'><strong>xa‘t</strong></span> <span class='ocrx_word' id='word_1_316' title='bbox 3004 984 3259 1048; x_wconf 78' lang='grc' dir='ltr'>πλούσιος</span> <span class='ocrx_word' id='word_1_317' title='bbox 3289 983 3387 1052; x_wconf 83' lang='grc' dir='ltr'><strong>ὢν,</strong></span> <span class='ocrx_word' id='word_1_318' title='bbox 3436 981 3614 1037; x_wconf 72' lang='grc' dir='ltr'>ἐπτώ-</span> 
     </span>
    </p>
   </div>
   <div class='ocr_carea' id='block_1_38' title="bbox 2031 1073 3612 1152">
    <p class='ocr_par' dir='ltr' id='par_1_38' title="bbox 2031 1073 3612 1152">
     <span class='ocr_line' id='line_1_38' title="bbox 2031 1073 3612 1152; baseline -0.004 -18"><span class='ocrx_word' id='word_1_319' title='bbox 2031 1097 2194 1152; x_wconf 81' lang='grc' dir='ltr'>χευσε</span> <span class='ocrx_word' id='word_1_320' title='bbox 2239 1080 2329 1134; x_wconf 80' lang='grc' dir='ltr'>διὰ</span> <span class='ocrx_word' id='word_1_321' title='bbox 2371 1079 2466 1133; x_wconf 89' lang='grc' dir='ltr'><strong>τοῦ</strong></span> <span class='ocrx_word' id='word_1_322' title='bbox 2495 1079 2748 1149; x_wconf 87' lang='grc' dir='ltr'>γενέσθαι</span> <span class='ocrx_word' id='word_1_323' title='bbox 2774 1078 2895 1133; x_wconf 86' lang='grc' dir='ltr'>καθ’</span> <span class='ocrx_word' id='word_1_324' title='bbox 2926 1080 3092 1150; x_wconf 76' lang='grc' dir='ltr'>ἡμᾶς,</span> <span class='ocrx_word' id='word_1_325' title='bbox 3134 1076 3252 1140; x_wconf 84' lang='grc' dir='ltr'><strong>πῶς</strong></span> <span class='ocrx_word' id='word_1_326' title='bbox 3283 1076 3383 1130; x_wconf 76' lang='grc' dir='ltr'><strong>οὐκ</strong></span> <span class='ocrx_word' id='word_1_327' title='bbox 3423 1075 3489 1129; x_wconf 83' lang='grc' dir='ltr'>ἂν</span> <span class='ocrx_word' id='word_1_328' title='bbox 3525 1073 3612 1128; x_wconf 87' lang='grc' dir='ltr'>λέ-</span> 
     </span>
    </p>
   </div>
   <div class='ocr_carea' id='block_1_39' title="bbox 2031 1163 3612 1244">
    <p class='ocr_par' dir='ltr' id='par_1_39' title="bbox 2031 1163 3612 1244">
     <span class='ocr_line' id='line_1_39' title="bbox 2031 1163 3612 1244; baseline 0.009 -19"><span class='ocrx_word' id='word_1_329' title='bbox 2031 1189 2184 1243; x_wconf 84' lang='grc' dir='ltr'>γοιτο</span> <span class='ocrx_word' id='word_1_330' title='bbox 2213 1171 2333 1244; x_wconf 80' lang='grc' dir='ltr'>μεθ’</span> <span class='ocrx_word' id='word_1_331' title='bbox 2358 1173 2514 1244; x_wconf 80' lang='grc' dir='ltr'>ἡμῶν</span> <span class='ocrx_word' id='word_1_332' title='bbox 2545 1171 2799 1241; x_wconf 84' lang='grc' dir='ltr'>γενέσθαι</span> <span class='ocrx_word' id='word_1_333' title='bbox 2828 1171 2922 1224; x_wconf 74' lang='grc' dir='ltr'><strong>καὶ</strong></span> <span class='ocrx_word' id='word_1_334' title='bbox 2948 1170 3054 1224; x_wconf 85' lang='grc' dir='ltr'><strong>ὑπὸ</strong></span> <span class='ocrx_word' id='word_1_335' title='bbox 3091 1169 3288 1240; x_wconf 62' lang='lat' dir='ltr'><strong>udum;</strong></span> <span class='ocrx_word' id='word_1_336' title='bbox 3320 1167 3354 1239; x_wconf 76' lang='grc' dir='ltr'>ἢ</span> <span class='ocrx_word' id='word_1_337' title='bbox 3390 1166 3512 1239; x_wconf 83' lang='grc' dir='ltr'><strong>Ῐῖσ·</strong></span> <span class='ocrx_word' id='word_1_338' title='bbox 3539 1163 3612 1238; x_wconf 72' lang='grc' dir='ltr'><strong>ἦ]</strong></span> 
     </span>
    </p>
   </div>
   <div class='ocr_carea' id='block_1_40' title="bbox 2032 1258 3616 1337">
    <p class='ocr_par' dir='ltr' id='par_1_40' title="bbox 2032 1258 3616 1337">
     <span class='ocr_line' id='line_1_40' title="bbox 2032 1258 3616 1337; baseline -0.004 -18"><span class='ocrx_word' id='word_1_339' title='bbox 2032 1265 2142 1337; x_wconf 79' lang='grc' dir='ltr'>γὰρ</span> <span class='ocrx_word' id='word_1_340' title='bbox 2181 1266 2244 1318; x_wconf 86' lang='grc' dir='ltr'><strong>ού</strong></span> <span class='ocrx_word' id='word_1_341' title='bbox 2293 1263 2622 1336; x_wconf 84' lang='grc' dir='ltr'>λογιούμεθα</span> <span class='ocrx_word' id='word_1_342' title='bbox 2670 1261 2994 1335; x_wconf 80' lang='grc' dir='ltr'><strong>φρονοῦντες</strong></span> <span class='ocrx_word' id='word_1_343' title='bbox 3027 1261 3241 1333; x_wconf 82' lang='grc' dir='ltr'>ὀρθῶς,</span> <span class='ocrx_word' id='word_1_344' title='bbox 3287 1259 3349 1314; x_wconf 85' lang='grc' dir='ltr'><strong>τὸ</strong></span> <span class='ocrx_word' id='word_1_345' title='bbox 3377 1258 3476 1331; x_wconf 83' lang='grc' dir='ltr'>τῆς</span> <span class='ocrx_word' id='word_1_346' title='bbox 3522 1259 3616 1313; x_wconf 84' lang='grc' dir='ltr'><strong>ἀν·</strong></span> 
     </span>
    </p>
   </div>
   <div class='ocr_carea' id='block_1_41' title="bbox 2025 1348 3614 1429">
    <p class='ocr_par' dir='ltr' id='par_1_41' title="bbox 2025 1348 3614 1429">
     <span class='ocr_line' id='line_1_41' title="bbox 2025 1348 3614 1429; baseline -0.006 -19"><span class='ocrx_word' id='word_1_347' title='bbox 2025 1354 2254 1429; x_wconf 78' lang='grc' dir='ltr'>θρώπου</span> <span class='ocrx_word' id='word_1_348' title='bbox 2285 1356 2500 1425; x_wconf 84' lang='grc' dir='ltr'>φύσεως</span> <span class='ocrx_word' id='word_1_349' title='bbox 2526 1354 2806 1426; x_wconf 83' lang='grc' dir='ltr'>ὁρίζεσθαι</span> <span class='ocrx_word' id='word_1_350' title='bbox 2854 1353 3071 1425; x_wconf 82' lang='grc' dir='ltr'><strong>μέτρον,</strong></span> <span class='ocrx_word' id='word_1_351' title='bbox 3115 1352 3190 1416; x_wconf 83' lang='grc' dir='ltr'>ὡς</span> <span class='ocrx_word' id='word_1_352' title='bbox 3215 1351 3272 1405; x_wconf 77' lang='grc' dir='ltr'>ἓν</span> <span class='ocrx_word' id='word_1_353' title='bbox 3301 1367 3365 1420; x_wconf 88' lang='grc' dir='ltr'><strong>γε</strong></span> <span class='ocrx_word' id='word_1_354' title='bbox 3392 1348 3470 1420; x_wconf 82' lang='grc' dir='ltr'>τῷ</span> <span class='ocrx_word' id='word_1_355' title='bbox 3505 1348 3614 1402; x_wconf 83' lang='grc' dir='ltr'>δεῖν</span> 
     </span>
    </p>
   </div>
   <div class='ocr_carea' id='block_1_42' title="bbox 2033 1442 3613 1518">
    <p class='ocr_par' dir='ltr' id='par_1_42' title="bbox 2033 1442 3613 1518">
     <span class='ocr_line' id='line_1_42' title="bbox 2033 1442 3613 1518; baseline -0.005 -15"><span class='ocrx_word' id='word_1_356' title='bbox 2033 1449 2130 1503; x_wconf 75' lang='grc' dir='ltr'>καὶ</span> <span class='ocrx_word' id='word_1_357' title='bbox 2173 1448 2496 1502; x_wconf 77' lang='grc' dir='ltr'>ὑποκεῖσθαι</span> <span class='ocrx_word' id='word_1_358' title='bbox 2545 1448 2729 1518; x_wconf 86' lang='grc' dir='ltr'>νόμῳ;</span> <span class='ocrx_word' id='word_1_359' title='bbox 2773 1446 2837 1500; x_wconf 90' lang='grc' dir='ltr'><strong>τὸ</strong></span> <span class='ocrx_word' id='word_1_360' title='bbox 2879 1447 2988 1517; x_wconf 83' lang='grc' dir='ltr'>γὰρ</span> <span class='ocrx_word' id='word_1_361' title='bbox 3031 1445 3229 1514; x_wconf 79' lang='grc' dir='ltr'>ἄφετόν</span> <span class='ocrx_word' id='word_1_362' title='bbox 3256 1461 3314 1497; x_wconf 81' lang='grc' dir='ltr'><strong>τε</strong></span> <span class='ocrx_word' id='word_1_363' title='bbox 3355 1444 3449 1498; x_wconf 67' lang='grc' dir='ltr'>καὶ</span> <span class='ocrx_word' id='word_1_364' title='bbox 3475 1442 3613 1515; x_wconf 76' lang='grc' dir='ltr'>ὑπὲρ</span> 
     </span>
    </p>
   </div>
   <div class='ocr_carea' id='block_1_43' title="bbox 2035 1528 3610 1608">
    <p class='ocr_par' dir='ltr' id='par_1_43' title="bbox 2035 1528 3610 1608">
     <span class='ocr_line' id='line_1_43' title="bbox 2035 1528 3610 1608; baseline -0.008 -17"><span class='ocrx_word' id='word_1_365' title='bbox 2035 1537 2217 1608; x_wconf 86' lang='grc' dir='ltr'>νόμον,</span> <span class='ocrx_word' id='word_1_366' title='bbox 2249 1535 2407 1607; x_wconf 86' lang='grc' dir='ltr'>φύσει</span> <span class='ocrx_word' id='word_1_367' title='bbox 2433 1554 2492 1589; x_wconf 87' lang='grc' dir='ltr'><strong>τε</strong></span> <span class='ocrx_word' id='word_1_368' title='bbox 2525 1537 2620 1590; x_wconf 78' lang='grc' dir='ltr'><strong>καὶ</strong></span> <span class='ocrx_word' id='word_1_369' title='bbox 2652 1535 2866 1606; x_wconf 86' lang='grc' dir='ltr'>ἀληθῶς</span> <span class='ocrx_word' id='word_1_370' title='bbox 2895 1531 3180 1604; x_wconf 72' lang='grc' dir='ltr'>ἐλεύθερον</span> <span class='ocrx_word' id='word_1_371' title='bbox 3215 1531 3301 1600; x_wconf 75' lang='grc' dir='ltr'>εἴη</span> <span class='ocrx_word' id='word_1_372' title='bbox 3331 1528 3396 1584; x_wconf 81' lang='grc' dir='ltr'>ἂν</span> <span class='ocrx_word' id='word_1_373' title='bbox 3420 1528 3610 1600; x_wconf 79' lang='grc' dir='ltr'>ἕτερον</span> 
     </span>
    </p>
   </div>
   <div class='ocr_carea' id='block_1_44' title="bbox 2035 1618 3615 1702">
    <p class='ocr_par' dir='ltr' id='par_1_44' title="bbox 2035 1618 3615 1702">
     <span class='ocr_line' id='line_1_44' title="bbox 2035 1618 3615 1702; baseline -0.008 -18"><span class='ocrx_word' id='word_1_374' title='bbox 2035 1630 2206 1696; x_wconf 79' lang='grc' dir='ltr'>οὐδὲν,</span> <span class='ocrx_word' id='word_1_375' title='bbox 2243 1628 2383 1702; x_wconf 75' lang='grc' dir='ltr'>πλὴν</span> <span class='ocrx_word' id='word_1_376' title='bbox 2429 1628 2513 1682; x_wconf 82' lang='grc' dir='ltr'><strong>ὅτι</strong></span> <span class='ocrx_word' id='word_1_377' title='bbox 2545 1628 2606 1681; x_wconf 85' lang='grc' dir='ltr'><strong>τὸ</strong></span> <span class='ocrx_word' id='word_1_378' title='bbox 2635 1629 2805 1682; x_wconf 83' lang='grc' dir='ltr'>Θεῖον·</span> <span class='ocrx_word' id='word_1_379' title='bbox 2852 1623 3050 1679; x_wconf 80' lang='grc' dir='ltr'>οὐκοῦν</span> <span class='ocrx_word' id='word_1_380' title='bbox 3077 1624 3166 1676; x_wconf 82' lang='grc' dir='ltr'><strong>ὅτε</strong></span> <span class='ocrx_word' id='word_1_381' title='bbox 3197 1622 3391 1692; x_wconf 82' lang='grc' dir='ltr'>γέγονε</span> <span class='ocrx_word' id='word_1_382' title='bbox 3440 1618 3615 1690; x_wconf 83' lang='grc' dir='ltr'>σὰρξ,</span> 
     </span>
    </p>
   </div>
   <div class='ocr_carea' id='block_1_45' title="bbox 2037 1713 3616 1792">
    <p class='ocr_par' dir='ltr' id='par_1_45' title="bbox 2037 1713 3616 1792">
     <span class='ocr_line' id='line_1_45' title="bbox 2037 1713 3616 1792; baseline -0.009 -14"><span class='ocrx_word' id='word_1_383' title='bbox 2037 1724 2158 1778; x_wconf 83' lang='grc' dir='ltr'>τότε</span> <span class='ocrx_word' id='word_1_384' title='bbox 2203 1722 2396 1792; x_wconf 86' lang='grc' dir='ltr'>γέγονε</span> <span class='ocrx_word' id='word_1_385' title='bbox 2442 1724 2535 1777; x_wconf 68' lang='grc' dir='ltr'>καὶ</span> <span class='ocrx_word' id='word_1_386' title='bbox 2609 1720 2714 1774; x_wconf 82' lang='grc' dir='ltr'><strong>ὑπὸ</strong></span> <span class='ocrx_word' id='word_1_387' title='bbox 2759 1720 2956 1791; x_wconf 82' lang='grc' dir='ltr'>νόμον·</span> <span class='ocrx_word' id='word_1_388' title='bbox 3001 1714 3317 1769; x_wconf 70' lang='grc' dir='ltr'><strong>συνετέλεσε</strong></span> <span class='ocrx_word' id='word_1_389' title='bbox 3356 1714 3466 1784; x_wconf 85' lang='grc' dir='ltr'>γὰρ</span> <span class='ocrx_word' id='word_1_390' title='bbox 3503 1713 3616 1774; x_wconf 86' lang='grc' dir='ltr'>τοῖς</span> 
     </span>
    </p>
   </div>
   <div class='ocr_carea' id='block_1_46' title="bbox 2035 1803 3616 1886">
    <p class='ocr_par' dir='ltr' id='par_1_46' title="bbox 2035 1803 3616 1886">
     <span class='ocr_line' id='line_1_46' title="bbox 2035 1803 3616 1886; baseline -0.008 -18"><span class='ocrx_word' id='word_1_391' title='bbox 2035 1813 2427 1886; x_wconf 81' lang='grc' dir='ltr'>δασμολογοῦσι</span> <span class='ocrx_word' id='word_1_392' title='bbox 2454 1812 2832 1884; x_wconf 57' lang='grc' dir='ltr'>τὰδίδραχμον</span> <span class='ocrx_word' id='word_1_393' title='bbox 2852 1827 2864 1840; x_wconf 77' lang='grc'><strong><em>⁸</em></strong></span> <span class='ocrx_word' id='word_1_394' title='bbox 2896 1807 3071 1862; x_wconf 89' lang='grc' dir='ltr'>καίτοι</span> <span class='ocrx_word' id='word_1_395' title='bbox 3110 1806 3253 1859; x_wconf 84' lang='grc' dir='ltr'>κατὰ</span> <span class='ocrx_word' id='word_1_396' title='bbox 3283 1804 3448 1874; x_wconf 83' lang='grc' dir='ltr'>φύσιν</span> <span class='ocrx_word' id='word_1_397' title='bbox 3479 1803 3616 1857; x_wconf 74' lang='grc' dir='ltr'>ἰδίαν</span> 
     </span>
    </p>
   </div>
   <div class='ocr_carea' id='block_1_47' title="bbox 2037 1894 3613 1978">
    <p class='ocr_par' dir='ltr' id='par_1_47' title="bbox 2037 1894 3613 1978">
     <span class='ocr_line' id='line_1_47' title="bbox 2037 1894 3613 1978; baseline -0.006 -18"><span class='ocrx_word' id='word_1_398' title='bbox 2037 1906 2319 1978; x_wconf 78' lang='grc' dir='ltr'>ἐλεύθερος</span> <span class='ocrx_word' id='word_1_399' title='bbox 2343 1906 2439 1970; x_wconf 85' lang='grc' dir='ltr'>ὢν,</span> <span class='ocrx_word' id='word_1_400' title='bbox 2466 1905 2540 1968; x_wconf 84' lang='grc' dir='ltr'>ὡς</span> <span class='ocrx_word' id='word_1_401' title='bbox 2565 1904 2693 1966; x_wconf 83' lang='grc' dir='ltr'>Θεὸς</span> <span class='ocrx_word' id='word_1_402' title='bbox 2717 1902 2808 1955; x_wconf 72' lang='grc' dir='ltr'><strong>καὶ</strong></span> <span class='ocrx_word' id='word_1_403' title='bbox 2833 1901 2978 1966; x_wconf 85' lang='grc' dir='ltr'>Υἱὸς,</span> <span class='ocrx_word' id='word_1_404' title='bbox 3007 1899 3100 1953; x_wconf 81' lang='grc' dir='ltr'>καὶ</span> <span class='ocrx_word' id='word_1_405' title='bbox 3124 1899 3212 1952; x_wconf 82' lang='grc' dir='ltr'><strong>ὅτε</strong></span> <span class='ocrx_word' id='word_1_406' title='bbox 3238 1898 3430 1967; x_wconf 85' lang='grc' dir='ltr'>γέγονε</span> <span class='ocrx_word' id='word_1_407' title='bbox 3452 1894 3613 1965; x_wconf 82' lang='grc' dir='ltr'>σάρξ.</span> 
     </span>
    </p>
   </div>
   <div class='ocr_carea' id='block_1_48' title="bbox 2037 1986 3617 2064">
    <p class='ocr_par' dir='ltr' id='par_1_48' title="bbox 2037 1986 3617 2064">
     <span class='ocr_line' id='line_1_48' title="bbox 2037 1986 3617 2064; baseline -0.009 -10"><span class='ocrx_word' id='word_1_408' title='bbox 2037 2000 2100 2054; x_wconf 77' lang='lat' dir='ltr'><strong>Ei</strong></span> <span class='ocrx_word' id='word_1_409' title='bbox 2130 1997 2187 2052; x_wconf 81' lang='grc' dir='ltr'><strong>δέ</strong></span> <span class='ocrx_word' id='word_1_410' title='bbox 2216 2015 2296 2052; x_wconf 90' lang='grc' dir='ltr'><strong>σοι</strong></span> <span class='ocrx_word' id='word_1_411' title='bbox 2325 1997 2473 2052; x_wconf 85' lang='grc' dir='ltr'>δοκεῖ</span> <span class='ocrx_word' id='word_1_412' title='bbox 2501 1996 2589 2049; x_wconf 88' lang='grc' dir='ltr'><strong>τὸν</strong></span> <span class='ocrx_word' id='word_1_413' title='bbox 2634 1995 2731 2048; x_wconf 75' lang='grc' dir='ltr'>ἕνα</span> <span class='ocrx_word' id='word_1_414' title='bbox 2760 1995 2979 2064; x_wconf 86' lang='grc' dir='ltr'>τέμνειν</span> <span class='ocrx_word' id='word_1_415' title='bbox 3007 1994 3087 2056; x_wconf 83' lang='grc' dir='ltr'><strong>είς</strong></span> <span class='ocrx_word' id='word_1_416' title='bbox 3117 1989 3211 2044; x_wconf 84' lang='grc' dir='ltr'><strong>δύο</strong></span> <span class='ocrx_word' id='word_1_417' title='bbox 3229 2030 3244 2056; x_wconf 88' lang='grc'><em>,</em></span> <span class='ocrx_word' id='word_1_418' title='bbox 3290 1987 3385 2042; x_wconf 79' lang='grc' dir='ltr'><strong>καὶ</strong></span> <span class='ocrx_word' id='word_1_419' title='bbox 3431 1986 3617 2050; x_wconf 76' lang='grc' dir='ltr'>ίδικῶς</span> 
     </span>
    </p>
   </div>
   <div class='ocr_carea' id='block_1_49' title="bbox 2038 2078 3619 2162">
    <p class='ocr_par' dir='ltr' id='par_1_49' title="bbox 2038 2078 3619 2162">
     <span class='ocr_line' id='line_1_49' title="bbox 2038 2078 3619 2162; baseline -0.007 -19"><span class='ocrx_word' id='word_1_420' title='bbox 2038 2092 2168 2162; x_wconf 78' lang='grc' dir='ltr'>ἡμῖν</span> <span class='ocrx_word' id='word_1_421' title='bbox 2201 2089 2487 2160; x_wconf 83' lang='grc' dir='ltr'>ἄνθρωπον</span> <span class='ocrx_word' id='word_1_422' title='bbox 2519 2086 2840 2157; x_wconf 71' lang='grc' dir='ltr'>ἀποφαίνειν</span> <span class='ocrx_word' id='word_1_423' title='bbox 2869 2084 2960 2137; x_wconf 91' lang='grc' dir='ltr'><strong>τὸν</strong></span> <span class='ocrx_word' id='word_1_424' title='bbox 2988 2085 3051 2136; x_wconf 81' lang='grc' dir='ltr'>ὲκ</span> <span class='ocrx_word' id='word_1_425' title='bbox 3080 2080 3337 2150; x_wconf 82' lang='grc' dir='ltr'>γυναικὸς</span> <span class='ocrx_word' id='word_1_426' title='bbox 3358 2121 3372 2145; x_wconf 88' lang='grc'>,</span> <span class='ocrx_word' id='word_1_427' title='bbox 3400 2079 3517 2142; x_wconf 88' lang='grc' dir='ltr'><strong>πῶς</strong></span> <span class='ocrx_word' id='word_1_428' title='bbox 3550 2078 3619 2132; x_wconf 78' lang='grc' dir='ltr'>ἂν</span> 
     </span>
    </p>
   </div>
   <div class='ocr_carea' id='block_1_50' title="bbox 2037 2169 3610 2250">
    <p class='ocr_par' dir='ltr' id='par_1_50' title="bbox 2037 2169 3610 2250">
     <span class='ocr_line' id='line_1_50' title="bbox 2037 2169 3610 2250; baseline -0.01 -15"><span class='ocrx_word' id='word_1_429' title='bbox 2037 2182 2248 2250; x_wconf 81' lang='grc' dir='ltr'>λέγοιτο</span> <span class='ocrx_word' id='word_1_430' title='bbox 2291 2179 2542 2248; x_wconf 84' lang='grc' dir='ltr'>γενέσθαι</span> <span class='ocrx_word' id='word_1_431' title='bbox 2572 2179 2667 2231; x_wconf 67' lang='grc' dir='ltr'>καὶ</span> <span class='ocrx_word' id='word_1_432' title='bbox 2696 2175 2799 2229; x_wconf 79' lang='grc' dir='ltr'><strong>ὑπὸ</strong></span> <span class='ocrx_word' id='word_1_433' title='bbox 2827 2174 3009 2245; x_wconf 83' lang='grc' dir='ltr'>νόμον,</span> <span class='ocrx_word' id='word_1_434' title='bbox 3059 2174 3088 2225; x_wconf 83' lang='grc' dir='ltr'>ὁ</span> <span class='ocrx_word' id='word_1_435' title='bbox 3138 2171 3239 2241; x_wconf 84' lang='grc' dir='ltr'>τῆς</span> <span class='ocrx_word' id='word_1_436' title='bbox 3285 2169 3393 2222; x_wconf 82' lang='grc' dir='ltr'><strong>ὑπὸ</strong></span> <span class='ocrx_word' id='word_1_437' title='bbox 3445 2169 3610 2239; x_wconf 80' lang='grc' dir='ltr'>νόμον</span> 
     </span>
    </p>
   </div>
   <div class='ocr_carea' id='block_1_51' title="bbox 2040 2258 3615 2342">
    <p class='ocr_par' dir='ltr' id='par_1_51' title="bbox 2040 2258 3615 2342">
     <span class='ocr_line' id='line_1_51' title="bbox 2040 2258 3615 2342; baseline -0.01 -15"><span class='ocrx_word' id='word_1_438' title='bbox 2040 2273 2254 2342; x_wconf 78' lang='grc' dir='ltr'>φύσεως</span> <span class='ocrx_word' id='word_1_439' title='bbox 2284 2271 2389 2337; x_wconf 81' lang='grc' dir='ltr'>ὧν;</span> <span class='ocrx_word' id='word_1_440' title='bbox 2429 2271 2502 2323; x_wconf 77' lang='grc' dir='ltr'><strong>Οὐ</strong></span> <span class='ocrx_word' id='word_1_441' title='bbox 2535 2270 2643 2339; x_wconf 84' lang='grc' dir='ltr'>γάρ</span> <span class='ocrx_word' id='word_1_442' title='bbox 2673 2284 2753 2321; x_wconf 89' lang='grc' dir='ltr'><strong>τοι</strong></span> <span class='ocrx_word' id='word_1_443' title='bbox 2781 2267 2841 2321; x_wconf 88' lang='grc' dir='ltr'><strong>τὸ</strong></span> <span class='ocrx_word' id='word_1_444' title='bbox 2869 2265 3008 2336; x_wconf 79' lang='grc' dir='ltr'>ἕχον,</span> <span class='ocrx_word' id='word_1_445' title='bbox 3041 2263 3102 2316; x_wconf 89' lang='grc' dir='ltr'><strong>τὸ</strong></span> <span class='ocrx_word' id='word_1_446' title='bbox 3143 2263 3250 2316; x_wconf 87' lang='grc' dir='ltr'>δεῖν</span> <span class='ocrx_word' id='word_1_447' title='bbox 3293 2258 3615 2314; x_wconf 82' lang='grc' dir='ltr'>ὑποκεῖσθαι</span> 
     </span>
    </p>
   </div>
   <div class='ocr_carea' id='block_1_52' title="bbox 2039 2351 3616 2436">
    <p class='ocr_par' dir='ltr' id='par_1_52' title="bbox 2039 2351 3616 2436">
     <span class='ocr_line' id='line_1_52' title="bbox 2039 2351 3616 2436; baseline -0.01 -18"><span class='ocrx_word' id='word_1_448' title='bbox 2039 2368 2214 2436; x_wconf 85' lang='grc' dir='ltr'>νόμῳ,</span> <span class='ocrx_word' id='word_1_449' title='bbox 2247 2363 2440 2432; x_wconf 85' lang='grc' dir='ltr'>γένοιτ’</span> <span class='ocrx_word' id='word_1_450' title='bbox 2465 2363 2530 2416; x_wconf 78' lang='grc' dir='ltr'>ἂν</span> <span class='ocrx_word' id='word_1_451' title='bbox 2559 2360 2665 2414; x_wconf 82' lang='grc' dir='ltr'><strong>ὑπὸ</strong></span> <span class='ocrx_word' id='word_1_452' title='bbox 2704 2359 2898 2430; x_wconf 86' lang='grc' dir='ltr'>νόμου,</span> <span class='ocrx_word' id='word_1_453' title='bbox 2927 2356 3065 2411; x_wconf 81' lang='grc' dir='ltr'>ἀλλὰ</span> <span class='ocrx_word' id='word_1_454' title='bbox 3089 2355 3147 2409; x_wconf 87' lang='grc' dir='ltr'><strong>τὸ</strong></span> <span class='ocrx_word' id='word_1_455' title='bbox 3178 2353 3338 2424; x_wconf 86' lang='grc' dir='ltr'>φύσιν</span> <span class='ocrx_word' id='word_1_456' title='bbox 3371 2351 3490 2423; x_wconf 82' lang='grc' dir='ltr'>ἔχον</span> <span class='ocrx_word' id='word_1_457' title='bbox 3516 2351 3616 2424; x_wconf 83' lang='grc' dir='ltr'>τὴν</span> 
     </span>
    </p>
   </div>
   <div class='ocr_carea' id='block_1_53' title="bbox 2041 2442 3617 2527">
    <p class='ocr_par' dir='ltr' id='par_1_53' title="bbox 2041 2442 3617 2527">
     <span class='ocr_line' id='line_1_53' title="bbox 2041 2442 3617 2527; baseline -0.01 -17"><span class='ocrx_word' id='word_1_458' title='bbox 2041 2457 2181 2527; x_wconf 79' lang='grc' dir='ltr'>ὑπὲρ</span> <span class='ocrx_word' id='word_1_459' title='bbox 2219 2455 2399 2525; x_wconf 76' lang='grc' dir='ltr'>νόμον,</span> <span class='ocrx_word' id='word_1_460' title='bbox 2449 2455 2543 2506; x_wconf 70' lang='grc' dir='ltr'>καὶ</span> <span class='ocrx_word' id='word_1_461' title='bbox 2587 2451 2691 2518; x_wconf 76' lang='grc' dir='ltr'>ἔξω</span> <span class='ocrx_word' id='word_1_462' title='bbox 2740 2449 2927 2520; x_wconf 84' lang='grc' dir='ltr'>νόμου.</span> <span class='ocrx_word' id='word_1_463' title='bbox 2965 2449 3116 2518; x_wconf 83' lang='grc' dir='ltr'><strong>Μόνη</strong></span> <span class='ocrx_word' id='word_1_464' title='bbox 3163 2446 3294 2518; x_wconf 83' lang='grc' dir='ltr'>γὰρ,</span> <span class='ocrx_word' id='word_1_465' title='bbox 3342 2445 3416 2507; x_wconf 83' lang='grc' dir='ltr'>ὼς</span> <span class='ocrx_word' id='word_1_466' title='bbox 3452 2442 3617 2515; x_wconf 68' lang='grc' dir='ltr'>ἔφην,</span> 
     </span>
    </p>
   </div>
   <div class='ocr_carea' id='block_1_54' title="bbox 2042 2535 3620 2616">
    <p class='ocr_par' dir='ltr' id='par_1_54' title="bbox 2042 2535 3620 2616">
     <span class='ocr_line' id='line_1_54' title="bbox 2042 2535 3620 2616; baseline -0.005 -16"><span class='ocrx_word' id='word_1_467' title='bbox 2042 2549 2208 2610; x_wconf 70' lang='grc' dir='ltr'>ἐστὶν,</span> <span class='ocrx_word' id='word_1_468' title='bbox 2260 2547 2293 2616; x_wconf 77' lang='grc' dir='ltr'><strong>ἡ</strong></span> <span class='ocrx_word' id='word_1_469' title='bbox 2342 2543 2462 2598; x_wconf 78' lang='grc' dir='ltr'>θεία</span> <span class='ocrx_word' id='word_1_470' title='bbox 2521 2560 2578 2596; x_wconf 88' lang='grc' dir='ltr'><strong>τε</strong></span> <span class='ocrx_word' id='word_1_471' title='bbox 2614 2542 2709 2596; x_wconf 77' lang='grc' dir='ltr'><strong>καὶ</strong></span> <span class='ocrx_word' id='word_1_472' title='bbox 2747 2539 3025 2612; x_wconf 80' lang='grc' dir='ltr'>ὑπερτάτη</span> <span class='ocrx_word' id='word_1_473' title='bbox 3058 2537 3249 2606; x_wconf 85' lang='grc' dir='ltr'>φύσις,</span> <span class='ocrx_word' id='word_1_474' title='bbox 3297 2535 3393 2590; x_wconf 74' lang='grc' dir='ltr'><strong>καὶ</strong></span> <span class='ocrx_word' id='word_1_475' title='bbox 3439 2535 3620 2606; x_wconf 81' lang='grc' dir='ltr'>νόμων</span> 
     </span>
    </p>
   </div>
   <div class='ocr_carea' id='block_1_55' title="bbox 2043 2623 3617 2704">
    <p class='ocr_par' dir='ltr' id='par_1_55' title="bbox 2043 2623 3617 2704">
     <span class='ocr_line' id='line_1_55' title="bbox 2043 2623 3617 2704; baseline -0.011 -13"><span class='ocrx_word' id='word_1_476' title='bbox 2043 2638 2317 2699; x_wconf 77' lang='grc' dir='ltr'>ἐπέκεινα,</span> <span class='ocrx_word' id='word_1_477' title='bbox 2353 2633 2447 2687; x_wconf 70' lang='grc' dir='ltr'>καὶ</span> <span class='ocrx_word' id='word_1_478' title='bbox 2491 2632 2589 2704; x_wconf 86' lang='grc' dir='ltr'><strong>μέν</strong></span> <span class='ocrx_word' id='word_1_479' title='bbox 2625 2649 2707 2684; x_wconf 84' lang='grc' dir='ltr'><strong>τοι</strong></span> <span class='ocrx_word' id='word_1_480' title='bbox 2754 2631 2849 2684; x_wconf 72' lang='grc' dir='ltr'><strong>καὶ</strong></span> <span class='ocrx_word' id='word_1_481' title='bbox 2891 2628 3189 2699; x_wconf 67' lang='grc' dir='ltr'>ἐλευθέραν</span> <span class='ocrx_word' id='word_1_482' title='bbox 3237 2625 3331 2679; x_wconf 73' lang='grc' dir='ltr'>καὶ</span> <span class='ocrx_word' id='word_1_483' title='bbox 3367 2623 3457 2677; x_wconf 89' lang='grc' dir='ltr'><strong>τὸν</strong></span> <span class='ocrx_word' id='word_1_484' title='bbox 3496 2624 3617 2675; x_wconf 79' lang='grc' dir='ltr'>ἐπι-</span> 
     </span>
    </p>
   </div>
   <div class='ocr_carea' id='block_1_56' title="bbox 2046 2712 3620 2796">
    <p class='ocr_par' dir='ltr' id='par_1_56' title="bbox 2046 2712 3620 2796">
     <span class='ocr_line' id='line_1_56' title="bbox 2046 2712 3620 2796; baseline -0.01 -15"><span class='ocrx_word' id='word_1_485' title='bbox 2046 2729 2246 2796; x_wconf 73' lang='grc' dir='ltr'>στάτην</span> <span class='ocrx_word' id='word_1_486' title='bbox 2304 2727 2506 2795; x_wconf 79' lang='grc' dir='ltr'>ἔχουσα</span> <span class='ocrx_word' id='word_1_487' title='bbox 2554 2721 2830 2785; x_wconf 86' lang='grc' dir='ltr'>παντελῶς</span> <span class='ocrx_word' id='word_1_488' title='bbox 2881 2719 3096 2786; x_wconf 77' lang='grc' dir='ltr'>οὐδένα,</span> <span class='ocrx_word' id='word_1_489' title='bbox 3148 2717 3494 2787; x_wconf 83' lang='grc' dir='ltr'>κατάρχουσα</span> <span class='ocrx_word' id='word_1_490' title='bbox 3560 2712 3620 2766; x_wconf 68' lang='grc' dir='ltr'>δὲ</span> 
     </span>
    </p>
   </div>
   <div class='ocr_carea' id='block_1_57' title="bbox 2050 2806 3620 2890">
    <p class='ocr_par' dir='ltr' id='par_1_57' title="bbox 2050 2806 3620 2890">
     <span class='ocr_line' id='line_1_57' title="bbox 2050 2806 3620 2890; baseline -0.01 -17"><span class='ocrx_word' id='word_1_491' title='bbox 2050 2820 2249 2890; x_wconf 82' lang='grc' dir='ltr'>μᾶλλον</span> <span class='ocrx_word' id='word_1_492' title='bbox 2295 2818 2433 2884; x_wconf 80' lang='grc' dir='ltr'>αὐτὴ</span> <span class='ocrx_word' id='word_1_493' title='bbox 2483 2817 2590 2869; x_wconf 89' lang='grc' dir='ltr'><strong>τῶν</strong></span> <span class='ocrx_word' id='word_1_494' title='bbox 2618 2816 2776 2880; x_wconf 83' lang='grc' dir='ltr'>ὅλων,</span> <span class='ocrx_word' id='word_1_495' title='bbox 2827 2812 2922 2866; x_wconf 75' lang='grc' dir='ltr'>καὶ</span> <span class='ocrx_word' id='word_1_496' title='bbox 2955 2813 3088 2866; x_wconf 83' lang='grc' dir='ltr'>πᾶσι</span> <span class='ocrx_word' id='word_1_497' title='bbox 3131 2809 3223 2863; x_wconf 89' lang='grc' dir='ltr'><strong>τὸν</strong></span> <span class='ocrx_word' id='word_1_498' title='bbox 3253 2808 3452 2878; x_wconf 79' lang='grc' dir='ltr'>ἑαυτῆς</span> <span class='ocrx_word' id='word_1_499' title='bbox 3490 2806 3620 2859; x_wconf 82' lang='grc' dir='ltr'>ὐποο</span> 
     </span>
    </p>
   </div>
   <div class='ocr_carea' id='block_1_58' title="bbox 2045 2897 3620 2976">
    <p class='ocr_par' dir='ltr' id='par_1_58' title="bbox 2045 2897 3620 2976">
     <span class='ocr_line' id='line_1_58' title="bbox 2045 2897 3620 2976; baseline -0.01 -11"><span class='ocrx_word' id='word_1_500' title='bbox 2045 2911 2254 2965; x_wconf 86' lang='grc' dir='ltr'>τιθεῖσα</span> <span class='ocrx_word' id='word_1_501' title='bbox 2298 2909 2480 2976; x_wconf 77' lang='grc' dir='ltr'>ζυγόν.</span> <span class='ocrx_word' id='word_1_502' title='bbox 2531 2907 2590 2960; x_wconf 81' lang='grc'><strong>’0</strong></span> <span class='ocrx_word' id='word_1_503' title='bbox 2639 2907 2696 2958; x_wconf 83' lang='grc' dir='ltr'>δὲ</span> <span class='ocrx_word' id='word_1_504' title='bbox 2741 2903 3003 2974; x_wconf 76' lang='grc' dir='ltr'>λογισμοῦ</span> <span class='ocrx_word' id='word_1_505' title='bbox 3057 2901 3152 2955; x_wconf 84' lang='grc' dir='ltr'><strong>τοῦ</strong></span> <span class='ocrx_word' id='word_1_506' title='bbox 3197 2899 3498 2972; x_wconf 79' lang='grc' dir='ltr'>πρέποντος</span> <span class='ocrx_word' id='word_1_507' title='bbox 3538 2897 3620 2972; x_wconf 76' lang='grc' dir='ltr'>δι-</span> 
     </span>
    </p>
   </div>
   <div class='ocr_carea' id='block_1_59' title="bbox 2047 2989 3616 3075">
    <p class='ocr_par' dir='ltr' id='par_1_59' title="bbox 2047 2989 3616 3075">
     <span class='ocr_line' id='line_1_59' title="bbox 2047 2989 3616 3075; baseline -0.01 -18"><span class='ocrx_word' id='word_1_508' title='bbox 2047 3001 2402 3075; x_wconf 75' lang='grc' dir='ltr'>ημαρτηκὼς,</span> <span class='ocrx_word' id='word_1_509' title='bbox 2424 2997 2739 3060; x_wconf 90' lang='grc' dir='ltr'>δυσσεϐείας</span> <span class='ocrx_word' id='word_1_510' title='bbox 2759 2998 2836 3060; x_wconf 80' lang='grc' dir='ltr'><strong>είς</strong></span> <span class='ocrx_word' id='word_1_511' title='bbox 2852 2996 3007 3049; x_wconf 87' lang='grc' dir='ltr'>τοῦτο</span> <span class='ocrx_word' id='word_1_512' title='bbox 3030 2993 3360 3049; x_wconf 83' lang='grc' dir='ltr'>κατώλισθεν</span> <span class='ocrx_word' id='word_1_513' title='bbox 3381 2989 3616 3054; x_wconf 77' lang='grc' dir='ltr'><strong>ἐννοιῶν⁸</strong></span> 
     </span>
    </p>
   </div>
   <div class='ocr_carea' id='block_1_60' title="bbox 367 3081 1940 3173">
    <p class='ocr_par' dir='ltr' id='par_1_60' title="bbox 367 3081 1940 3173">
     <span class='ocr_line' id='line_1_60' title="bbox 367 3081 1940 3173; baseline -0.015 -15"><span class='ocrx_word' id='word_1_514' title='bbox 367 3106 724 3173; x_wconf 83' lang='lat' dir='ltr'><strong>impietatem,</strong></span> <span class='ocrx_word' id='word_1_515' title='bbox 775 3109 830 3154; x_wconf 88' lang='lat' dir='ltr'><strong>et</strong></span> <span class='ocrx_word' id='word_1_516' title='bbox 878 3110 1048 3166; x_wconf 91' lang='lat' dir='ltr'><strong>usque</strong></span> <span class='ocrx_word' id='word_1_517' title='bbox 1102 3095 1238 3150; x_wconf 83' lang='lat' dir='ltr'><strong>adeo</strong></span> <span class='ocrx_word' id='word_1_518' title='bbox 1289 3091 1354 3145; x_wconf 90' lang='lat' dir='ltr'><strong>ad</strong></span> <span class='ocrx_word' id='word_1_519' title='bbox 1408 3102 1648 3143; x_wconf 85' lang='lat' dir='ltr'><strong>summas</strong></span> <span class='ocrx_word' id='word_1_520' title='bbox 1697 3081 1940 3154; x_wconf 84' lang='lat' dir='ltr'><strong>pervenit</strong></span> 
     </span>
    </p>
   </div>
   <div class='ocr_carea' id='block_1_61' title="bbox 2044 3081 3616 3173">
    <p class='ocr_par' dir='ltr' id='par_1_61' title="bbox 2047 3085 3616 3162">
     <span class='ocr_line' id='line_1_61' title="bbox 2047 3085 3616 3162; baseline -0.008 -14"><span class='ocrx_word' id='word_1_521' title='bbox 2047 3097 2140 3149; x_wconf 74' lang='grc' dir='ltr'><strong>καὶ</strong></span> <span class='ocrx_word' id='word_1_522' title='bbox 2173 3097 2252 3156; x_wconf 80' lang='grc' dir='ltr'><strong>είς</strong></span> <span class='ocrx_word' id='word_1_523' title='bbox 2281 3094 2449 3162; x_wconf 81' lang='grc' dir='ltr'>ἄκρον</span> <span class='ocrx_word' id='word_1_524' title='bbox 2483 3091 2609 3162; x_wconf 74' lang='grc' dir='ltr'>ἥκει</span> <span class='ocrx_word' id='word_1_525' title='bbox 2640 3089 2959 3158; x_wconf 80' lang='grc' dir='ltr'>σκαιότητος</span> <span class='ocrx_word' id='word_1_526' title='bbox 2984 3129 2998 3153; x_wconf 87' lang='grc'>,</span> <span class='ocrx_word' id='word_1_527' title='bbox 3032 3087 3137 3142; x_wconf 81' lang='grc' dir='ltr'><strong>ἀπό</strong></span> <span class='ocrx_word' id='word_1_528' title='bbox 3166 3104 3229 3157; x_wconf 85' lang='grc' dir='ltr'><strong>γε</strong></span> <span class='ocrx_word' id='word_1_529' title='bbox 3262 3086 3357 3140; x_wconf 89' lang='grc' dir='ltr'><strong>τοῦ</strong></span> <span class='ocrx_word' id='word_1_530' title='bbox 3394 3085 3616 3156; x_wconf 64' lang='grc' dir='ltr'>διαιρεῖν</span> 
     </span>
    </p>
   </div>
   <div class='ocr_carea' id='block_1_62' title="bbox 369 3175 1945 3266">
    <p class='ocr_par' dir='ltr' id='par_1_62' title="bbox 369 3175 1945 3266">
     <span class='ocr_line' id='line_1_62' title="bbox 369 3175 1945 3266; baseline -0.014 -16"><span class='ocrx_word' id='word_1_531' title='bbox 369 3196 600 3266; x_wconf 84' lang='lat' dir='ltr'><strong>ineptias</strong></span> <span class='ocrx_word' id='word_1_532' title='bbox 642 3209 707 3249; x_wconf 85' lang='lat' dir='ltr'><strong>ex</strong></span> <span class='ocrx_word' id='word_1_533' title='bbox 743 3207 808 3245; x_wconf 90' lang='lat' dir='ltr'><strong>eo</strong></span> <span class='ocrx_word' id='word_1_534' title='bbox 836 3189 978 3258; x_wconf 86' lang='lat' dir='ltr'><strong>quod</strong></span> <span class='ocrx_word' id='word_1_535' title='bbox 1023 3202 1187 3240; x_wconf 87' lang='lat' dir='ltr'><strong>unum</strong></span> <span class='ocrx_word' id='word_1_536' title='bbox 1231 3182 1520 3237; x_wconf 86' lang='lat' dir='ltr'><strong>Dominum</strong></span> <span class='ocrx_word' id='word_1_537' title='bbox 1570 3179 1753 3234; x_wconf 66' lang='lat' dir='ltr'><strong>Iesum</strong></span> <span class='ocrx_word' id='word_1_538' title='bbox 1784 3175 1945 3230; x_wconf 84' lang='lat' dir='ltr'><strong>Chri-</strong></span> 
     </span>
    </p>
   </div>
   <div class='ocr_carea' id='block_1_63' title="bbox 368 3265 1944 3342">
    <p class='ocr_par' dir='ltr' id='par_1_63' title="bbox 368 3265 1944 3342">
     <span class='ocr_line' id='line_1_63' title="bbox 368 3265 1944 3342; baseline -0.015 0"><span class='ocrx_word' id='word_1_539' title='bbox 368 3265 509 3342; x_wconf 84' lang='lat' dir='ltr'><strong>stum</strong></span> <span class='ocrx_word' id='word_1_540' title='bbox 544 3286 598 3338; x_wconf 92' lang='lat' dir='ltr'><strong>in</strong></span> <span class='ocrx_word' id='word_1_541' title='bbox 634 3287 740 3338; x_wconf 89' lang='lat' dir='ltr'><strong>duo</strong></span> <span class='ocrx_word' id='word_1_542' title='bbox 769 3280 981 3342; x_wconf 89' lang='lat' dir='ltr'><strong>dividit,</strong></span> <span class='ocrx_word' id='word_1_543' title='bbox 1013 3287 1073 3332; x_wconf 91' lang='lat' dir='ltr'><strong>ut</strong></span> <span class='ocrx_word' id='word_1_544' title='bbox 1103 3277 1363 3330; x_wconf 90' lang='lat' dir='ltr'><strong>audacter</strong></span> <span class='ocrx_word' id='word_1_545' title='bbox 1383 3271 1583 3327; x_wconf 77' lang='lat' dir='ltr'><strong>dixerit</strong></span> <span class='ocrx_word' id='word_1_546' title='bbox 1607 3271 1781 3339; x_wconf 86' lang='lat' dir='ltr'><strong>ipsum</strong></span> <span class='ocrx_word' id='word_1_547' title='bbox 1815 3265 1944 3320; x_wconf 86' lang='lat' dir='ltr'><strong>Em-</strong></span> 
     </span>
    </p>
   </div>
   <div class='ocr_carea' id='block_1_64' title="bbox 370 3370 1944 3442">
    <p class='ocr_par' dir='ltr' id='par_1_64' title="bbox 370 3370 1944 3442">
     <span class='ocr_line' id='line_1_64' title="bbox 370 3370 1944 3442; baseline -0.014 -8"><span class='ocrx_word' id='word_1_548' title='bbox 370 3377 672 3434; x_wconf 86' lang='lat' dir='ltr'><strong>manuelem</strong></span> <span class='ocrx_word' id='word_1_549' title='bbox 713 3389 890 3442; x_wconf 90' lang='lat' dir='ltr'><strong>neque</strong></span> <span class='ocrx_word' id='word_1_550' title='bbox 919 3387 1047 3426; x_wconf 88' lang='lat' dir='ltr'><strong>vere</strong></span> <span class='ocrx_word' id='word_1_551' title='bbox 1085 3370 1254 3424; x_wconf 90' lang='lat' dir='ltr'><strong>Deum</strong></span> <span class='ocrx_word' id='word_1_552' title='bbox 1287 3381 1430 3430; x_wconf 88' lang='lat' dir='ltr'><strong>esse,</strong></span> <span class='ocrx_word' id='word_1_553' title='bbox 1479 3376 1654 3434; x_wconf 88' lang='lat' dir='ltr'><strong>neque</strong></span> <span class='ocrx_word' id='word_1_554' title='bbox 1680 3370 1944 3431; x_wconf 58' lang='lat' dir='ltr'><strong>praeterea</strong></span> 
     </span>
    </p>
   </div>
   <div class='ocr_carea' id='block_1_65' title="bbox 371 3451 1945 3526">
    <p class='ocr_par' dir='ltr' id='par_1_65' title="bbox 371 3451 1945 3526">
     <span class='ocr_line' id='line_1_65' title="bbox 371 3451 1945 3526; baseline -0.013 -3"><span class='ocrx_word' id='word_1_555' title='bbox 371 3470 668 3526; x_wconf 71' lang='lat' dir='ltr'><strong>secundum</strong></span> <span class='ocrx_word' id='word_1_556' title='bbox 719 3477 966 3518; x_wconf 89' lang='lat' dir='ltr'><strong>naturam</strong></span> <span class='ocrx_word' id='word_1_557' title='bbox 1017 3459 1211 3515; x_wconf 82' lang='lat' dir='ltr'><strong>Filium</strong></span> <span class='ocrx_word' id='word_1_558' title='bbox 1253 3477 1266 3512; x_wconf 87' lang='lat'><strong>:</strong></span> <span class='ocrx_word' id='word_1_559' title='bbox 1309 3459 1388 3512; x_wconf 93' lang='lat' dir='ltr'><strong>sic</strong></span> <span class='ocrx_word' id='word_1_560' title='bbox 1433 3471 1563 3510; x_wconf 87' lang='lat' dir='ltr'><strong>vero</strong></span> <span class='ocrx_word' id='word_1_561' title='bbox 1619 3451 1945 3524; x_wconf 88' lang='lat' dir='ltr'><strong>appellatum</strong></span> 
     </span>
    </p>
   </div>
   <div class='ocr_carea' id='block_1_66' title="bbox 367 3542 1944 3618">
    <p class='ocr_par' dir='ltr' id='par_1_66' title="bbox 367 3542 1944 3618">
     <span class='ocr_line' id='line_1_66' title="bbox 367 3542 1944 3618; baseline -0.013 -2"><span class='ocrx_word' id='word_1_562' title='bbox 367 3561 646 3616; x_wconf 73' lang='lat' dir='ltr'><strong>Christum</strong></span> <span class='ocrx_word' id='word_1_563' title='bbox 667 3567 721 3612; x_wconf 88' lang='lat' dir='ltr'><strong>et</strong></span> <span class='ocrx_word' id='word_1_564' title='bbox 742 3564 1014 3618; x_wconf 85' lang='lat' dir='ltr'><strong>sanctum,</strong></span> <span class='ocrx_word' id='word_1_565' title='bbox 1046 3561 1104 3606; x_wconf 92' lang='lat' dir='ltr'><strong>ut</strong></span> <span class='ocrx_word' id='word_1_566' title='bbox 1131 3550 1220 3604; x_wconf 86' lang='lat' dir='ltr'><strong>alii</strong></span> <span class='ocrx_word' id='word_1_567' title='bbox 1247 3561 1464 3617; x_wconf 89' lang='lat' dir='ltr'><strong>quoque</strong></span> <span class='ocrx_word' id='word_1_568' title='bbox 1503 3543 1747 3600; x_wconf 88' lang='lat' dir='ltr'><strong>nonnulli</strong></span> <span class='ocrx_word' id='word_1_569' title='bbox 1773 3542 1944 3597; x_wconf 88' lang='lat' dir='ltr'><strong>nostri</strong></span> 
     </span>
    </p>
   </div>
   <div class='ocr_carea' id='block_1_67' title="bbox 371 3633 1944 3714">
    <p class='ocr_par' dir='ltr' id='par_1_67' title="bbox 371 3633 1944 3714">
     <span class='ocr_line' id='line_1_67' title="bbox 371 3633 1944 3714; baseline -0.014 -5"><span class='ocrx_word' id='word_1_570' title='bbox 371 3652 599 3714; x_wconf 85' lang='lat' dir='ltr'><strong>similes,</strong></span> <span class='ocrx_word' id='word_1_571' title='bbox 647 3659 741 3702; x_wconf 90' lang='lat' dir='ltr'><strong>aut</strong></span> <span class='ocrx_word' id='word_1_572' title='bbox 791 3647 1133 3714; x_wconf 90' lang='lat' dir='ltr'><strong>impurorum</strong></span> <span class='ocrx_word' id='word_1_573' title='bbox 1176 3641 1487 3694; x_wconf 68' lang='lat' dir='ltr'><strong>daemonum</strong></span> <span class='ocrx_word' id='word_1_574' title='bbox 1533 3636 1795 3692; x_wconf 85' lang='lat' dir='ltr'><strong>cultores.</strong></span> <span class='ocrx_word' id='word_1_575' title='bbox 1851 3633 1944 3688; x_wconf 88' lang='lat' dir='ltr'><strong>Sic</strong></span> 
     </span>
    </p>
   </div>
   <div class='ocr_carea' id='block_1_68' title="bbox 373 3738 1035 3812">
    <p class='ocr_par' dir='ltr' id='par_1_68' title="bbox 373 3738 1035 3812">
     <span class='ocr_line' id='line_1_68' title="bbox 373 3738 1035 3812; baseline -0.018 -12"><span class='ocrx_word' id='word_1_576' title='bbox 373 3757 606 3812; x_wconf 85' lang='lat' dir='ltr'><strong>namque</strong></span> <span class='ocrx_word' id='word_1_577' title='bbox 640 3754 830 3794; x_wconf 85' lang='lat' dir='ltr'><strong>rursus</strong></span> <span class='ocrx_word' id='word_1_578' title='bbox 856 3738 992 3791; x_wconf 81' lang='lat' dir='ltr'><strong>dixit</strong></span> <span class='ocrx_word' id='word_1_579' title='bbox 1022 3753 1035 3788; x_wconf 92' lang='lat'>:</span> 
     </span>
    </p>
   </div>
   <div class='ocr_carea' id='block_1_69' title="bbox 446 3816 1946 3908">
    <p class='ocr_par' dir='ltr' id='par_1_69' title="bbox 446 3816 1946 3908">
     <span class='ocr_line' id='line_1_69' title="bbox 446 3816 1946 3908; baseline -0.015 -18"><span class='ocrx_word' id='word_1_580' title='bbox 446 3835 710 3908; x_wconf 65' lang='grc' dir='ltr'>[Νεετοιι.</span> <span class='ocrx_word' id='word_1_581' title='bbox 755 3832 862 3886; x_wconf 87' lang='lat' dir='ltr'><strong>Sed</strong></span> <span class='ocrx_word' id='word_1_582' title='bbox 889 3831 1029 3884; x_wconf 87' lang='lat' dir='ltr'><strong>sicut</strong></span> <span class='ocrx_word' id='word_1_583' title='bbox 1061 3826 1293 3881; x_wconf 88' lang='lat' dir='ltr'><strong>dicimus</strong></span> <span class='ocrx_word' id='word_1_584' title='bbox 1324 3824 1489 3876; x_wconf 85' lang='lat' dir='ltr'><strong>Deum</strong></span> <span class='ocrx_word' id='word_1_585' title='bbox 1527 3819 1672 3874; x_wconf 90' lang='lat' dir='ltr'><strong>illum</strong></span> <span class='ocrx_word' id='word_1_586' title='bbox 1703 3816 1946 3871; x_wconf 89' lang='lat' dir='ltr'><strong>omnium</strong></span> 
     </span>
    </p>
   </div>
   <div class='ocr_carea' id='block_1_70' title="bbox 371 3906 1948 3990">
    <p class='ocr_par' dir='ltr' id='par_1_70' title="bbox 371 3906 1948 3990">
     <span class='ocr_line' id='line_1_70' title="bbox 371 3906 1948 3990; baseline -0.018 -4"><span class='ocrx_word' id='word_1_587' title='bbox 371 3906 749 3990; x_wconf 76' lang='lat' dir='ltr'><strong>Conditorem,</strong></span> <span class='ocrx_word' id='word_1_588' title='bbox 789 3933 843 3978; x_wconf 87' lang='lat' dir='ltr'><strong>et</strong></span> <span class='ocrx_word' id='word_1_589' title='bbox 877 3921 1039 3976; x_wconf 84' lang='lat' dir='ltr'><strong>deum</strong></span> <span class='ocrx_word' id='word_1_590' title='bbox 1068 3919 1242 3988; x_wconf 86' lang='lat' dir='ltr'><strong>ipsum</strong></span> <span class='ocrx_word' id='word_1_591' title='bbox 1267 3914 1449 3969; x_wconf 80' lang='lat' dir='ltr'><strong>Mosen</strong></span> <span class='ocrx_word' id='word_1_592' title='bbox 1477 3928 1492 3966; x_wconf 89' lang='lat'><strong>:</strong></span> <span class='ocrx_word' id='word_1_593' title='bbox 1520 3928 1540 3964; x_wconf 70' lang='grc' dir='ltr'><strong>ι</strong></span> <span class='ocrx_word' id='word_1_594' title='bbox 1567 3909 1740 3964; x_wconf 81' lang='lat' dir='ltr'><strong>Deum</strong></span> <span class='ocrx_word' id='word_1_595' title='bbox 1779 3906 1948 3969; x_wconf 90' lang='lat' dir='ltr'><strong>enim,</strong></span> 
     </span>
    </p>
   </div>
   <div class='ocr_carea' id='block_1_71' title="bbox 373 3997 1948 4092">
    <p class='ocr_par' dir='ltr' id='par_1_71' title="bbox 373 3997 1948 4092">
     <span class='ocr_line' id='line_1_71' title="bbox 373 3997 1948 4092; baseline -0.017 -16"><span class='ocrx_word' id='word_1_596' title='bbox 373 4023 570 4092; x_wconf 86' lang='lat' dir='ltr'><strong>inquit,</strong></span> <span class='ocrx_word' id='word_1_597' title='bbox 605 4016 755 4088; x_wconf 85' lang='lat' dir='ltr'><strong>posui</strong></span> <span class='ocrx_word' id='word_1_598' title='bbox 795 4026 847 4070; x_wconf 91' lang='lat' dir='ltr'><strong>te</strong></span> <span class='ocrx_word' id='word_1_599' title='bbox 878 4009 1149 4068; x_wconf 86' lang='lat' dir='ltr'><strong>Pharaoni</strong></span> <span class='ocrx_word' id='word_1_600' title='bbox 1174 4010 1260 4074; x_wconf 70' lang='grc' dir='ltr'><strong>ἐς</strong></span> <span class='ocrx_word' id='word_1_601' title='bbox 1295 4025 1313 4059; x_wconf 74' lang='grc' dir='ltr'><strong>ι</strong></span> <span class='ocrx_word' id='word_1_602' title='bbox 1363 4013 1420 4060; x_wconf 90' lang='lat' dir='ltr'><strong>et</strong></span> <span class='ocrx_word' id='word_1_603' title='bbox 1453 4004 1628 4073; x_wconf 87' lang='lat' dir='ltr'><strong>ipsum</strong></span> <span class='ocrx_word' id='word_1_604' title='bbox 1672 3997 1838 4055; x_wconf 89' lang='lat' dir='ltr'><strong>Israel</strong></span> <span class='ocrx_word' id='word_1_605' title='bbox 1885 3997 1948 4050; x_wconf 85' lang='lat' dir='ltr'><strong>[l-</strong></span> 
     </span>
    </p>
   </div>
   <div class='ocr_carea' id='block_1_72' title="bbox 374 4092 1949 4171">
    <p class='ocr_par' dir='ltr' id='par_1_72' title="bbox 374 4092 1949 4171">
     <span class='ocr_line' id='line_1_72' title="bbox 374 4092 1949 4171; baseline -0.015 -3"><span class='ocrx_word' id='word_1_606' title='bbox 374 4119 502 4168; x_wconf 87' lang='lat' dir='ltr'><strong>lium</strong></span> <span class='ocrx_word' id='word_1_607' title='bbox 566 4113 660 4166; x_wconf 88' lang='lat' dir='ltr'><strong>Dei</strong></span> <span class='ocrx_word' id='word_1_608' title='bbox 702 4129 716 4164; x_wconf 89' lang='lat'><strong>:</strong></span> <span class='ocrx_word' id='word_1_609' title='bbox 751 4126 771 4160; x_wconf 73' lang='grc'><strong>(</strong></span> <span class='ocrx_word' id='word_1_610' title='bbox 802 4106 1015 4170; x_wconf 75' lang='lat' dir='ltr'><strong>Filius,</strong></span> <span class='ocrx_word' id='word_1_611' title='bbox 1077 4101 1291 4171; x_wconf 89' lang='lat' dir='ltr'><strong>inquit,</strong></span> <span class='ocrx_word' id='word_1_612' title='bbox 1345 4092 1735 4168; x_wconf 85' lang='lat' dir='ltr'><strong>primogenitus</strong></span> <span class='ocrx_word' id='word_1_613' title='bbox 1797 4105 1949 4146; x_wconf 82' lang='lat' dir='ltr'><strong>meus</strong></span> 
     </span>
    </p>
   </div>
   <div class='ocr_carea' id='block_1_73' title="bbox 372 4182 1945 4268">
    <p class='ocr_par' dir='ltr' id='par_1_73' title="bbox 372 4182 1945 4268">
     <span class='ocr_line' id='line_1_73' title="bbox 372 4182 1945 4268; baseline -0.017 -6"><span class='ocrx_word' id='word_1_614' title='bbox 372 4206 535 4262; x_wconf 71' lang='lat' dir='ltr'><strong>Israel</strong></span> <span class='ocrx_word' id='word_1_615' title='bbox 555 4204 638 4268; x_wconf 82' lang='grc'><strong>¹³;</strong></span> <span class='ocrx_word' id='word_1_616' title='bbox 667 4220 686 4253; x_wconf 74' lang='grc' dir='ltr'><strong>ι</strong></span> <span class='ocrx_word' id='word_1_617' title='bbox 720 4213 778 4255; x_wconf 85' lang='grc' dir='ltr'><strong>ιιι</strong></span> <span class='ocrx_word' id='word_1_618' title='bbox 801 4201 966 4254; x_wconf 88' lang='lat' dir='ltr'><strong>etiam</strong></span> <span class='ocrx_word' id='word_1_619' title='bbox 994 4193 1127 4248; x_wconf 91' lang='lat' dir='ltr'><strong>Saul</strong></span> <span class='ocrx_word' id='word_1_620' title='bbox 1156 4193 1331 4262; x_wconf 85' lang='lat' dir='ltr'><strong>ipsum</strong></span> <span class='ocrx_word' id='word_1_621' title='bbox 1360 4188 1592 4244; x_wconf 84' lang='lat' dir='ltr'><strong>dicimus</strong></span> <span class='ocrx_word' id='word_1_622' title='bbox 1632 4182 1897 4239; x_wconf 83' lang='lat' dir='ltr'><strong>christum</strong></span> <span class='ocrx_word' id='word_1_623' title='bbox 1929 4197 1945 4236; x_wconf 88' lang='lat'><strong>:</strong></span> 
     </span>
    </p>
   </div>
   <div class='ocr_carea' id='block_1_74' title="bbox 378 4274 1948 4359">
    <p class='ocr_par' dir='ltr' id='par_1_74' title="bbox 378 4274 1948 4359">
     <span class='ocr_line' id='line_1_74' title="bbox 378 4274 1948 4359; baseline -0.014 -10"><span class='ocrx_word' id='word_1_624' title='bbox 378 4316 396 4349; x_wconf 75' lang='grc' dir='ltr'><strong>ι</strong></span> <span class='ocrx_word' id='word_1_625' title='bbox 432 4295 673 4356; x_wconf 75' lang='lat' dir='ltr'><strong>Minime,</strong></span> <span class='ocrx_word' id='word_1_626' title='bbox 700 4290 896 4359; x_wconf 88' lang='lat' dir='ltr'><strong>inquit,</strong></span> <span class='ocrx_word' id='word_1_627' title='bbox 923 4287 1212 4342; x_wconf 75' lang='lat' dir='ltr'><strong>extendam</strong></span> <span class='ocrx_word' id='word_1_628' title='bbox 1247 4293 1467 4336; x_wconf 79' lang='lat' dir='ltr'><strong>manum</strong></span> <span class='ocrx_word' id='word_1_629' title='bbox 1499 4291 1672 4332; x_wconf 84' lang='lat' dir='ltr'><strong>meam</strong></span> <span class='ocrx_word' id='word_1_630' title='bbox 1702 4274 1758 4330; x_wconf 90' lang='lat' dir='ltr'><strong>in</strong></span> <span class='ocrx_word' id='word_1_631' title='bbox 1800 4288 1948 4340; x_wconf 89' lang='lat' dir='ltr'><strong>eum,</strong></span> 
     </span>
    </p>
   </div>
   <div class='ocr_carea' id='block_1_75' title="bbox 373 4367 1944 4458">
    <p class='ocr_par' dir='ltr' id='par_1_75' title="bbox 373 4367 1944 4458">
     <span class='ocr_line' id='line_1_75' title="bbox 373 4367 1944 4458; baseline -0.012 -18"><span class='ocrx_word' id='word_1_632' title='bbox 373 4390 500 4458; x_wconf 86' lang='lat' dir='ltr'><strong>quia</strong></span> <span class='ocrx_word' id='word_1_633' title='bbox 545 4385 786 4439; x_wconf 89' lang='lat' dir='ltr'><strong>christus</strong></span> <span class='ocrx_word' id='word_1_634' title='bbox 814 4377 1026 4434; x_wconf 88' lang='lat' dir='ltr'><strong>Domini</strong></span> <span class='ocrx_word' id='word_1_635' title='bbox 1057 4385 1142 4431; x_wconf 89' lang='lat' dir='ltr'><strong>est</strong></span> <span class='ocrx_word' id='word_1_636' title='bbox 1163 4374 1244 4439; x_wconf 71' lang='lat' dir='ltr'><strong>u*;</strong></span> <span class='ocrx_word' id='word_1_637' title='bbox 1281 4391 1300 4424; x_wconf 75' lang='grc' dir='ltr'><strong>ι</strong></span> <span class='ocrx_word' id='word_1_638' title='bbox 1336 4381 1391 4427; x_wconf 89' lang='lat' dir='ltr'><strong>et</strong></span> <span class='ocrx_word' id='word_1_639' title='bbox 1419 4370 1618 4440; x_wconf 80' lang='lat' dir='ltr'><strong>Cyrum</strong></span> <span class='ocrx_word' id='word_1_640' title='bbox 1651 4367 1944 4423; x_wconf 89' lang='lat' dir='ltr'><strong>similiter:</strong></span> 
     </span>
    </p>
   </div>
   <div class='ocr_carea' id='block_1_76' title="bbox 2045 3177 3618 3254">
    <p class='ocr_par' dir='ltr' id='par_1_76' title="bbox 2045 3177 3618 3254">
     <span class='ocr_line' id='line_1_76' title="bbox 2045 3177 3618 3254; baseline -0.008 -14"><span class='ocrx_word' id='word_1_641' title='bbox 2045 3188 2128 3250; x_wconf 85' lang='grc' dir='ltr'>εἰς</span> <span class='ocrx_word' id='word_1_642' title='bbox 2160 3185 2254 3239; x_wconf 87' lang='grc' dir='ltr'><strong>δύο</strong></span> <span class='ocrx_word' id='word_1_643' title='bbox 2282 3184 2372 3238; x_wconf 92' lang='grc' dir='ltr'><strong>τὸν</strong></span> <span class='ocrx_word' id='word_1_644' title='bbox 2399 3184 2498 3238; x_wconf 70' lang='grc' dir='ltr'><strong>ἕνα</strong></span> <span class='ocrx_word' id='word_1_645' title='bbox 2543 3181 2748 3254; x_wconf 84' lang='grc' dir='ltr'>Κύριον</span> <span class='ocrx_word' id='word_1_646' title='bbox 2786 3179 2995 3250; x_wconf 82' lang='grc' dir='ltr'>Ἰησοῦν</span> <span class='ocrx_word' id='word_1_647' title='bbox 3030 3178 3285 3250; x_wconf 86' lang='grc' dir='ltr'>Χριστὸν,</span> <span class='ocrx_word' id='word_1_648' title='bbox 3315 3178 3391 3240; x_wconf 82' lang='grc' dir='ltr'>ὼς</span> <span class='ocrx_word' id='word_1_649' title='bbox 3417 3177 3618 3230; x_wconf 84' lang='grc' dir='ltr'>ἀνυπο-</span> 
     </span>
    </p>
   </div>
   <div class='ocr_carea' id='block_1_77' title="bbox 2048 3267 3614 3347">
    <p class='ocr_par' dir='ltr' id='par_1_77' title="bbox 2048 3267 3614 3347">
     <span class='ocr_line' id='line_1_77' title="bbox 2048 3267 3614 3347; baseline -0.009 -14"><span class='ocrx_word' id='word_1_650' title='bbox 2048 3279 2249 3342; x_wconf 85' lang='grc' dir='ltr'>στόλως</span> <span class='ocrx_word' id='word_1_651' title='bbox 2278 3279 2482 3339; x_wconf 82' lang='grc' dir='ltr'>εἰπεῖν,</span> <span class='ocrx_word' id='word_1_652' title='bbox 2527 3277 2665 3347; x_wconf 81' lang='grc' dir='ltr'>μήτε</span> <span class='ocrx_word' id='word_1_653' title='bbox 2705 3273 2838 3328; x_wconf 90' lang='grc' dir='ltr'>Θεὸν</span> <span class='ocrx_word' id='word_1_654' title='bbox 2869 3271 3108 3344; x_wconf 84' lang='grc' dir='ltr'>ἀληθῶς,</span> <span class='ocrx_word' id='word_1_655' title='bbox 3168 3272 3306 3342; x_wconf 89' lang='grc' dir='ltr'>μήτε</span> <span class='ocrx_word' id='word_1_656' title='bbox 3347 3269 3453 3340; x_wconf 78' lang='grc' dir='ltr'>μὴν</span> <span class='ocrx_word' id='word_1_657' title='bbox 3487 3267 3614 3320; x_wconf 83' lang='grc' dir='ltr'>Υἱὸν</span> 
     </span>
    </p>
   </div>
   <div class='ocr_carea' id='block_1_78' title="bbox 2045 3360 3622 3438">
    <p class='ocr_par' dir='ltr' id='par_1_78' title="bbox 2045 3360 3622 3438">
     <span class='ocr_line' id='line_1_78' title="bbox 2045 3360 3622 3438; baseline -0.007 -14"><span class='ocrx_word' id='word_1_658' title='bbox 2045 3368 2184 3426; x_wconf 72' lang='grc' dir='ltr'>εἶναι</span> <span class='ocrx_word' id='word_1_659' title='bbox 2235 3371 2378 3423; x_wconf 81' lang='grc' dir='ltr'>κατὰ</span> <span class='ocrx_word' id='word_1_660' title='bbox 2420 3369 2580 3438; x_wconf 83' lang='grc' dir='ltr'>φύσιν</span> <span class='ocrx_word' id='word_1_661' title='bbox 2629 3368 2720 3421; x_wconf 84' lang='grc' dir='ltr'><strong>τὸν</strong></span> <span class='ocrx_word' id='word_1_662' title='bbox 2773 3365 3157 3437; x_wconf 73' lang='grc' dir='ltr'>Ἐμμανουήλο</span> <span class='ocrx_word' id='word_1_663' title='bbox 3198 3360 3511 3433; x_wconf 77' lang='grc' dir='ltr'>ὠνομάσθαι</span> <span class='ocrx_word' id='word_1_664' title='bbox 3564 3360 3622 3414; x_wconf 77' lang='grc' dir='ltr'>δὲ</span> 
     </span>
    </p>
   </div>
   <div class='ocr_carea' id='block_1_79' title="bbox 2044 3449 3622 3533">
    <p class='ocr_par' dir='ltr' id='par_1_79' title="bbox 2044 3449 3622 3533">
     <span class='ocr_line' id='line_1_79' title="bbox 2044 3449 3622 3533; baseline -0.008 -15"><span class='ocrx_word' id='word_1_665' title='bbox 2044 3464 2187 3518; x_wconf 81' lang='grc' dir='ltr'>οὕτω</span> <span class='ocrx_word' id='word_1_666' title='bbox 2221 3461 2454 3533; x_wconf 85' lang='grc' dir='ltr'>Χριστὸν</span> <span class='ocrx_word' id='word_1_667' title='bbox 2488 3459 2582 3514; x_wconf 80' lang='grc' dir='ltr'>καὶ</span> <span class='ocrx_word' id='word_1_668' title='bbox 2613 3459 2787 3529; x_wconf 71' lang='grc' dir='ltr'>ἅγιον,</span> <span class='ocrx_word' id='word_1_669' title='bbox 2814 3458 3066 3530; x_wconf 85' lang='grc' dir='ltr'>καθάπερ</span> <span class='ocrx_word' id='word_1_670' title='bbox 3100 3455 3289 3527; x_wconf 83' lang='grc' dir='ltr'>ἀμέλει</span> <span class='ocrx_word' id='word_1_671' title='bbox 3321 3455 3412 3508; x_wconf 80' lang='grc' dir='ltr'><strong>καὶ</strong></span> <span class='ocrx_word' id='word_1_672' title='bbox 3444 3449 3622 3523; x_wconf 78' lang='grc' dir='ltr'>ἕτεροί</span> 
     </span>
    </p>
   </div>
   <div class='ocr_carea' id='block_1_80' title="bbox 2044 3547 3622 3625">
    <p class='ocr_par' dir='ltr' id='par_1_80' title="bbox 2044 3547 3622 3625">
     <span class='ocr_line' id='line_1_80' title="bbox 2044 3547 3622 3625; baseline -0.008 -14"><span class='ocrx_word' id='word_1_673' title='bbox 2044 3574 2188 3620; x_wconf 85' lang='grc' dir='ltr'>τινες</span> <span class='ocrx_word' id='word_1_674' title='bbox 2231 3555 2340 3608; x_wconf 87' lang='grc' dir='ltr'><strong>τῶν</strong></span> <span class='ocrx_word' id='word_1_675' title='bbox 2387 3553 2508 3608; x_wconf 87' lang='grc' dir='ltr'>καθ’</span> <span class='ocrx_word' id='word_1_676' title='bbox 2560 3553 2742 3625; x_wconf 80' lang='grc' dir='ltr'>ἡμᾶς,</span> <span class='ocrx_word' id='word_1_677' title='bbox 2803 3552 2972 3624; x_wconf 69' lang='grc' dir='ltr'>ἤγουν</span> <span class='ocrx_word' id='word_1_678' title='bbox 3028 3549 3136 3603; x_wconf 86' lang='grc' dir='ltr'><strong>τῶν</strong></span> <span class='ocrx_word' id='word_1_679' title='bbox 3183 3547 3622 3619; x_wconf 82' lang='grc' dir='ltr'>λελατρευκὸτων</span> 
     </span>
    </p>
   </div>
   <div class='ocr_carea' id='block_1_81' title="bbox 2047 3637 3489 3716">
    <p class='ocr_par' dir='ltr' id='par_1_81' title="bbox 2047 3637 3489 3716">
     <span class='ocr_line' id='line_1_81' title="bbox 2047 3637 3489 3716; baseline -0.008 -14"><span class='ocrx_word' id='word_1_680' title='bbox 2047 3650 2159 3710; x_wconf 83' lang='grc' dir='ltr'>τοῖς</span> <span class='ocrx_word' id='word_1_681' title='bbox 2183 3645 2516 3716; x_wconf 77' lang='grc' dir='ltr'>ἀκαθάρτοις</span> <span class='ocrx_word' id='word_1_682' title='bbox 2540 3645 2791 3715; x_wconf 87' lang='grc' dir='ltr'>δαίμοσιν</span> <span class='ocrx_word' id='word_1_683' title='bbox 2811 3659 2824 3672; x_wconf 81' lang='lat'><strong><em>°</em></strong></span> <span class='ocrx_word' id='word_1_684' title='bbox 2861 3641 2965 3712; x_wconf 76' lang='grc' dir='ltr'><strong>ἔφη</strong></span> <span class='ocrx_word' id='word_1_685' title='bbox 2993 3640 3100 3712; x_wconf 84' lang='grc' dir='ltr'>γὰρ</span> <span class='ocrx_word' id='word_1_686' title='bbox 3129 3639 3272 3693; x_wconf 76' lang='grc' dir='ltr'>οὕτω</span> <span class='ocrx_word' id='word_1_687' title='bbox 3309 3637 3489 3692; x_wconf 75' lang='grc' dir='ltr'>πάλινο</span> 
     </span>
    </p>
   </div>
   <div class='ocr_carea' id='block_1_82' title="bbox 2119 3817 3616 3895">
    <p class='ocr_par' dir='ltr' id='par_1_82' title="bbox 2119 3817 3616 3895">
     <span class='ocr_line' id='line_1_82' title="bbox 2119 3817 3616 3895; baseline -0.008 -19"><span class='ocrx_word' id='word_1_688' title='bbox 2119 3822 2294 3895; x_wconf 76' lang='grc' dir='ltr'>[Ἀλλ’</span> <span class='ocrx_word' id='word_1_689' title='bbox 2337 3821 2525 3892; x_wconf 84' lang='grc' dir='ltr'>ὥσπερ</span> <span class='ocrx_word' id='word_1_690' title='bbox 2551 3820 2778 3890; x_wconf 80' lang='grc' dir='ltr'>λέγομεν</span> <span class='ocrx_word' id='word_1_691' title='bbox 2807 3818 2941 3870; x_wconf 84' lang='grc' dir='ltr'>Θεὸν</span> <span class='ocrx_word' id='word_1_692' title='bbox 2972 3817 3063 3870; x_wconf 89' lang='grc' dir='ltr'><strong>τὸν</strong></span> <span class='ocrx_word' id='word_1_693' title='bbox 3109 3817 3328 3871; x_wconf 82' lang='grc' dir='ltr'>πάντων</span> <span class='ocrx_word' id='word_1_694' title='bbox 3357 3818 3616 3884; x_wconf 78' lang='grc' dir='ltr'>Δημιουρο</span> 
     </span>
    </p>
   </div>
   <div class='ocr_carea' id='block_1_83' title="bbox 2048 3903 3651 3980">
    <p class='ocr_par' dir='ltr' id='par_1_83' title="bbox 2048 3903 3651 3980">
     <span class='ocr_line' id='line_1_83' title="bbox 2048 3903 3651 3980; baseline -0.005 -16"><span class='ocrx_word' id='word_1_695' title='bbox 2048 3910 2165 3980; x_wconf 85' lang='grc' dir='ltr'>γὸν,</span> <span class='ocrx_word' id='word_1_696' title='bbox 2197 3911 2292 3963; x_wconf 75' lang='grc' dir='ltr'>καὶ</span> <span class='ocrx_word' id='word_1_697' title='bbox 2307 3909 2428 3963; x_wconf 89' lang='grc' dir='ltr'>θεὸν</span> <span class='ocrx_word' id='word_1_698' title='bbox 2445 3910 2535 3962; x_wconf 89' lang='grc' dir='ltr'><strong>τὸν</strong></span> <span class='ocrx_word' id='word_1_699' title='bbox 2556 3909 2762 3963; x_wconf 83' lang='grc' dir='ltr'>Μωσέα</span> <span class='ocrx_word' id='word_1_700' title='bbox 2784 3923 2798 3939; x_wconf 90' lang='grc'><strong>·</strong></span> <span class='ocrx_word' id='word_1_701' title='bbox 2837 3926 2856 3959; x_wconf 76' lang='grc' dir='ltr'><strong>ι</strong></span> <span class='ocrx_word' id='word_1_702' title='bbox 2888 3907 3020 3960; x_wconf 87' lang='grc' dir='ltr'>Θεὸν</span> <span class='ocrx_word' id='word_1_703' title='bbox 3038 3905 3167 3978; x_wconf 80' lang='grc' dir='ltr'>γὰρ,</span> <span class='ocrx_word' id='word_1_704' title='bbox 3199 3907 3333 3977; x_wconf 71' lang='grc' dir='ltr'>φησι</span> <span class='ocrx_word' id='word_1_705' title='bbox 3353 3945 3366 3970; x_wconf 88' lang='grc'><em>,</em></span> <span class='ocrx_word' id='word_1_706' title='bbox 3402 3903 3651 3957; x_wconf 76' lang='grc' dir='ltr'>τέθεικά-</span> 
     </span>
    </p>
   </div>
   <div class='ocr_carea' id='block_1_84' title="bbox 2051 3993 3620 4072">
    <p class='ocr_par' dir='ltr' id='par_1_84' title="bbox 2051 3993 3620 4072">
     <span class='ocr_line' id='line_1_84' title="bbox 2051 3993 3620 4072; baseline -0.006 -16"><span class='ocrx_word' id='word_1_707' title='bbox 2051 4020 2110 4057; x_wconf 89' lang='grc' dir='ltr'><strong>σε</strong></span> <span class='ocrx_word' id='word_1_708' title='bbox 2149 4001 2243 4054; x_wconf 87' lang='grc' dir='ltr'><strong>τοῦ</strong></span> <span class='ocrx_word' id='word_1_709' title='bbox 2277 4000 2496 4072; x_wconf 79' lang='grc' dir='ltr'>Φαραώ·</span> <span class='ocrx_word' id='word_1_710' title='bbox 2551 4019 2570 4050; x_wconf 72' lang='grc' dir='ltr'><strong>ι</strong></span> <span class='ocrx_word' id='word_1_711' title='bbox 2619 3998 2713 4053; x_wconf 75' lang='grc' dir='ltr'>καὶ</span> <span class='ocrx_word' id='word_1_712' title='bbox 2761 3998 2876 4050; x_wconf 85' lang='grc' dir='ltr'>υἱὸν</span> <span class='ocrx_word' id='word_1_713' title='bbox 2917 3997 3011 4050; x_wconf 89' lang='grc' dir='ltr'><strong>τὸν</strong></span> <span class='ocrx_word' id='word_1_714' title='bbox 3055 3996 3272 4068; x_wconf 76' lang='grc' dir='ltr'>Ἰσραὴλ</span> <span class='ocrx_word' id='word_1_715' title='bbox 3321 3995 3416 4049; x_wconf 89' lang='grc' dir='ltr'><strong>τοῦ</strong></span> <span class='ocrx_word' id='word_1_716' title='bbox 3465 3993 3620 4048; x_wconf 85' lang='grc' dir='ltr'>Θεοῦ·</span> 
     </span>
    </p>
   </div>
   <div class='ocr_carea' id='block_1_85' title="bbox 2054 4083 3622 4164">
    <p class='ocr_par' dir='ltr' id='par_1_85' title="bbox 2054 4083 3622 4164">
     <span class='ocr_line' id='line_1_85' title="bbox 2054 4083 3622 4164; baseline -0.008 -17"><span class='ocrx_word' id='word_1_717' title='bbox 2054 4112 2074 4147; x_wconf 72' lang='grc' dir='ltr'><strong>ι</strong></span> <span class='ocrx_word' id='word_1_718' title='bbox 2111 4094 2237 4156; x_wconf 81' lang='grc' dir='ltr'>Υἱὸς</span> <span class='ocrx_word' id='word_1_719' title='bbox 2282 4092 2411 4164; x_wconf 82' lang='grc' dir='ltr'>γὰρ,</span> <span class='ocrx_word' id='word_1_720' title='bbox 2449 4091 2612 4162; x_wconf 72' lang='grc' dir='ltr'>φησὶ,</span> <span class='ocrx_word' id='word_1_721' title='bbox 2653 4088 2999 4160; x_wconf 86' lang='grc' dir='ltr'>πρωτότοκὸς</span> <span class='ocrx_word' id='word_1_722' title='bbox 3034 4104 3134 4157; x_wconf 87' lang='grc' dir='ltr'><strong>μου</strong></span> <span class='ocrx_word' id='word_1_723' title='bbox 3187 4085 3432 4158; x_wconf 82' lang='grc' dir='ltr'>Ἰσραήλ·</span> <span class='ocrx_word' id='word_1_724' title='bbox 3481 4104 3498 4136; x_wconf 76' lang='grc' dir='ltr'><strong>ι</strong></span> <span class='ocrx_word' id='word_1_725' title='bbox 3530 4083 3622 4136; x_wconf 75' lang='grc' dir='ltr'>καὶ</span> 
     </span>
    </p>
   </div>
   <div class='ocr_carea' id='block_1_86' title="bbox 2049 4175 3622 4256">
    <p class='ocr_par' dir='ltr' id='par_1_86' title="bbox 2049 4175 3622 4256">
     <span class='ocr_line' id='line_1_86' title="bbox 2049 4175 3622 4256; baseline -0.01 -15"><span class='ocrx_word' id='word_1_726' title='bbox 2049 4187 2238 4256; x_wconf 79' lang='grc' dir='ltr'>ὥσπερ</span> <span class='ocrx_word' id='word_1_727' title='bbox 2288 4185 2520 4254; x_wconf 84' lang='grc' dir='ltr'>λέγομεν</span> <span class='ocrx_word' id='word_1_728' title='bbox 2579 4181 2798 4253; x_wconf 86' lang='grc' dir='ltr'>χριστὸν</span> <span class='ocrx_word' id='word_1_729' title='bbox 2843 4181 2934 4233; x_wconf 87' lang='grc' dir='ltr'><strong>τὸν</strong></span> <span class='ocrx_word' id='word_1_730' title='bbox 2979 4177 3186 4233; x_wconf 88' lang='grc' dir='ltr'>Σαούλ·</span> <span class='ocrx_word' id='word_1_731' title='bbox 3225 4195 3243 4229; x_wconf 75' lang='grc' dir='ltr'><strong>ι</strong></span> <span class='ocrx_word' id='word_1_732' title='bbox 3273 4177 3344 4230; x_wconf 76' lang='grc' dir='ltr'><strong>Οὐ</strong></span> <span class='ocrx_word' id='word_1_733' title='bbox 3384 4175 3458 4245; x_wconf 79' lang='grc' dir='ltr'>μὴ</span> <span class='ocrx_word' id='word_1_734' title='bbox 3492 4175 3622 4244; x_wconf 84' lang='grc' dir='ltr'>γὰρ,</span> 
     </span>
    </p>
   </div>
   <div class='ocr_carea' id='block_1_87' title="bbox 2051 4268 3625 4352">
    <p class='ocr_par' dir='ltr' id='par_1_87' title="bbox 2051 4268 3625 4352">
     <span class='ocr_line' id='line_1_87' title="bbox 2051 4268 3625 4352; baseline -0.009 -20"><span class='ocrx_word' id='word_1_735' title='bbox 2051 4280 2234 4352; x_wconf 68' lang='grc' dir='ltr'>φησιν,</span> <span class='ocrx_word' id='word_1_736' title='bbox 2264 4276 2508 4330; x_wconf 83' lang='grc' dir='ltr'>ἐπιϐαλῶ</span> <span class='ocrx_word' id='word_1_737' title='bbox 2533 4276 2631 4344; x_wconf 87' lang='grc' dir='ltr'><strong>τὴν</strong></span> <span class='ocrx_word' id='word_1_738' title='bbox 2661 4274 2820 4346; x_wconf 79' lang='grc' dir='ltr'>χεῖρά</span> <span class='ocrx_word' id='word_1_739' title='bbox 2849 4291 2949 4344; x_wconf 88' lang='grc' dir='ltr'><strong>μου</strong></span> <span class='ocrx_word' id='word_1_740' title='bbox 2975 4272 3062 4326; x_wconf 73' lang='grc' dir='ltr'><strong>ἐπ’</strong></span> <span class='ocrx_word' id='word_1_741' title='bbox 3091 4268 3370 4332; x_wconf 80' lang='grc' dir='ltr'>αὐτὸν,ὄτι</span> <span class='ocrx_word' id='word_1_742' title='bbox 3402 4268 3625 4336; x_wconf 84' lang='grc' dir='ltr'>χριστὸς</span> 
     </span>
    </p>
   </div>
   <div class='ocr_carea' id='block_1_88' title="bbox 2051 4355 3624 4440">
    <p class='ocr_par' dir='ltr' id='par_1_88' title="bbox 2051 4355 3624 4440">
     <span class='ocr_line' id='line_1_88' title="bbox 2051 4355 3624 4440; baseline -0.01 -15"><span class='ocrx_word' id='word_1_743' title='bbox 2051 4371 2257 4440; x_wconf 81' lang='grc' dir='ltr'>Κυρίου</span> <span class='ocrx_word' id='word_1_744' title='bbox 2304 4369 2450 4424; x_wconf 71' lang='grc' dir='ltr'>ἐστί’</span> <span class='ocrx_word' id='word_1_745' title='bbox 2491 4387 2510 4420; x_wconf 74' lang='grc' dir='ltr'><strong>ι</strong></span> <span class='ocrx_word' id='word_1_746' title='bbox 2547 4368 2643 4421; x_wconf 74' lang='grc' dir='ltr'>καὶ</span> <span class='ocrx_word' id='word_1_747' title='bbox 2695 4365 2876 4437; x_wconf 82' lang='grc' dir='ltr'>Κῦρον</span> <span class='ocrx_word' id='word_1_748' title='bbox 2918 4361 3201 4422; x_wconf 83' lang='grc' dir='ltr'>ὡσαύτως·</span> <span class='ocrx_word' id='word_1_749' title='bbox 3241 4376 3258 4409; x_wconf 80' lang='grc' dir='ltr'><strong>ι</strong></span> <span class='ocrx_word' id='word_1_750' title='bbox 3292 4357 3429 4410; x_wconf 85' lang='grc' dir='ltr'>Τάδε</span> <span class='ocrx_word' id='word_1_751' title='bbox 3473 4355 3624 4425; x_wconf 84' lang='grc' dir='ltr'>λέγει</span> 
     </span>
    </p>
   </div>
   <div class='ocr_carea' id='block_1_89' title="bbox 381 4438 1940 4537">
    <p class='ocr_par' dir='ltr' id='par_1_89' title="bbox 381 4438 1940 4535">
     <span class='ocr_line' id='line_1_89' title="bbox 381 4438 1940 4535; baseline -0.01 -3"><span class='ocrx_word' id='word_1_752' title='bbox 381 4438 558 4535; x_wconf 68' lang='grc' dir='ltr'>ἶιιωε</span> <span class='ocrx_word' id='word_1_753' title='bbox 606 4475 737 4528; x_wconf 91' lang='lat' dir='ltr'><strong>dicit</strong></span> <span class='ocrx_word' id='word_1_754' title='bbox 791 4470 1052 4528; x_wconf 85' lang='lat' dir='ltr'><strong>Dominus</strong></span> <span class='ocrx_word' id='word_1_755' title='bbox 1105 4467 1310 4523; x_wconf 91' lang='lat' dir='ltr'><strong>christo</strong></span> <span class='ocrx_word' id='word_1_756' title='bbox 1363 4438 1486 4518; x_wconf 81' lang='lat' dir='ltr'><strong>meo</strong></span> <span class='ocrx_word' id='word_1_757' title='bbox 1535 4460 1678 4533; x_wconf 81' lang='lat' dir='ltr'><strong>Cyro</strong></span> <span class='ocrx_word' id='word_1_758' title='bbox 1715 4461 1797 4529; x_wconf 78' lang='lat'><strong>&quot;;</strong></span> <span class='ocrx_word' id='word_1_759' title='bbox 1828 4479 1847 4514; x_wconf 77' lang='grc' dir='ltr'><strong>ι</strong></span> <span class='ocrx_word' id='word_1_760' title='bbox 1895 4470 1940 4516; x_wconf 84' lang='lat' dir='ltr'><strong>el</strong></span> 
     </span>
    </p>
   </div>
   <div class='ocr_carea' id='block_1_90' title="bbox 2044 4438 3626 4537">
    <p class='ocr_par' dir='ltr' id='par_1_90' title="bbox 2053 4438 3626 4537">
     <span class='ocr_line' id='line_1_90' title="bbox 2053 4438 3626 4537; baseline -0.013 -17"><span class='ocrx_word' id='word_1_761' title='bbox 2053 4438 2259 4537; x_wconf 81' lang='grc' dir='ltr'>Κύριος</span> <span class='ocrx_word' id='word_1_762' title='bbox 2279 4463 2357 4534; x_wconf 84' lang='grc' dir='ltr'>τῷ</span> <span class='ocrx_word' id='word_1_763' title='bbox 2386 4459 2591 4534; x_wconf 80' lang='grc' dir='ltr'>χριστῷ</span> <span class='ocrx_word' id='word_1_764' title='bbox 2623 4477 2723 4530; x_wconf 89' lang='grc' dir='ltr'><strong>μου</strong></span> <span class='ocrx_word' id='word_1_765' title='bbox 2752 4458 2917 4528; x_wconf 78' lang='grc' dir='ltr'>Κύρῳ</span> <span class='ocrx_word' id='word_1_766' title='bbox 2935 4470 2949 4486; x_wconf 84' lang='grc'>⁶</span> <span class='ocrx_word' id='word_1_767' title='bbox 2975 4473 2993 4506; x_wconf 75' lang='grc' dir='ltr'><strong>ι</strong></span> <span class='ocrx_word' id='word_1_768' title='bbox 3036 4453 3129 4505; x_wconf 71' lang='grc' dir='ltr'>καὶ</span> <span class='ocrx_word' id='word_1_769' title='bbox 3161 4451 3252 4504; x_wconf 86' lang='grc' dir='ltr'><strong>τὸν</strong></span> <span class='ocrx_word' id='word_1_770' title='bbox 3285 4448 3626 4502; x_wconf 85' lang='grc' dir='ltr'>Βαϐυλώνιον</span> 
     </span>
    </p>
   </div>
   <div class='ocr_carea' id='block_1_91' title="bbox 375 4552 1948 4642">
    <p class='ocr_par' dir='ltr' id='par_1_91' title="bbox 375 4552 1948 4642">
     <span class='ocr_line' id='line_1_91' title="bbox 375 4552 1948 4642; baseline -0.014 -14"><span class='ocrx_word' id='word_1_771' title='bbox 375 4575 550 4642; x_wconf 86' lang='lat' dir='ltr'><strong>ipsum</strong></span> <span class='ocrx_word' id='word_1_772' title='bbox 587 4565 938 4636; x_wconf 83' lang='lat' dir='ltr'><strong>Babylonium</strong></span> <span class='ocrx_word' id='word_1_773' title='bbox 969 4569 1216 4618; x_wconf 87' lang='lat' dir='ltr'><strong>sanctum</strong></span> <span class='ocrx_word' id='word_1_774' title='bbox 1251 4576 1265 4612; x_wconf 87' lang='lat'><strong>:</strong></span> <span class='ocrx_word' id='word_1_775' title='bbox 1297 4576 1317 4609; x_wconf 75' lang='grc' dir='ltr'><strong>ι</strong></span> <span class='ocrx_word' id='word_1_776' title='bbox 1352 4555 1488 4625; x_wconf 83' lang='lat' dir='ltr'><strong>Ego,</strong></span> <span class='ocrx_word' id='word_1_777' title='bbox 1526 4554 1719 4625; x_wconf 91' lang='lat' dir='ltr'><strong>inquit,</strong></span> <span class='ocrx_word' id='word_1_778' title='bbox 1754 4552 1948 4623; x_wconf 73' lang='lat' dir='ltr'><strong>praeci-</strong></span> 
     </span>
    </p>
   </div>
   <div class='ocr_carea' id='block_1_92' title="bbox 377 4646 1950 4732">
    <p class='ocr_par' dir='ltr' id='par_1_92' title="bbox 377 4646 1950 4732">
     <span class='ocr_line' id='line_1_92' title="bbox 377 4646 1950 4732; baseline -0.011 -16"><span class='ocrx_word' id='word_1_779' title='bbox 377 4663 464 4732; x_wconf 81' lang='lat' dir='ltr'><strong>pio</strong></span> <span class='ocrx_word' id='word_1_780' title='bbox 513 4658 701 4714; x_wconf 80' lang='lat' dir='ltr'><strong>eis“:</strong></span> <span class='ocrx_word' id='word_1_781' title='bbox 737 4677 756 4709; x_wconf 86' lang='grc'><strong>›</strong></span> <span class='ocrx_word' id='word_1_782' title='bbox 796 4658 874 4712; x_wconf 84' lang='lat' dir='ltr'><strong>sic</strong></span> <span class='ocrx_word' id='word_1_783' title='bbox 913 4655 1148 4711; x_wconf 88' lang='lat' dir='ltr'><strong>dicimus</strong></span> <span class='ocrx_word' id='word_1_784' title='bbox 1190 4653 1365 4722; x_wconf 91' lang='lat' dir='ltr'><strong>ipsum</strong></span> <span class='ocrx_word' id='word_1_785' title='bbox 1409 4662 1626 4719; x_wconf 89' lang='lat' dir='ltr'><strong>quoque</strong></span> <span class='ocrx_word' id='word_1_786' title='bbox 1662 4646 1950 4702; x_wconf 91' lang='lat' dir='ltr'><strong>Dominum</strong></span> 
     </span>
    </p>
   </div>
   <div class='ocr_carea' id='block_1_93' title="bbox 375 4735 1950 4815">
    <p class='ocr_par' dir='ltr' id='par_1_93' title="bbox 375 4735 1950 4815">
     <span class='ocr_line' id='line_1_93' title="bbox 375 4735 1950 4815; baseline -0.012 -5"><span class='ocrx_word' id='word_1_787' title='bbox 375 4755 674 4815; x_wconf 70' lang='lat' dir='ltr'><strong>Christum,</strong></span> <span class='ocrx_word' id='word_1_788' title='bbox 710 4759 766 4805; x_wconf 86' lang='lat' dir='ltr'><strong>et</strong></span> <span class='ocrx_word' id='word_1_789' title='bbox 811 4746 1000 4812; x_wconf 84' lang='lat' dir='ltr'><strong>Deum,</strong></span> <span class='ocrx_word' id='word_1_790' title='bbox 1059 4741 1118 4800; x_wconf 85' lang='lat' dir='ltr'><strong>et</strong></span> <span class='ocrx_word' id='word_1_791' title='bbox 1161 4743 1383 4808; x_wconf 88' lang='lat' dir='ltr'><strong>Filium,</strong></span> <span class='ocrx_word' id='word_1_792' title='bbox 1437 4750 1492 4796; x_wconf 94' lang='lat' dir='ltr'><strong>et</strong></span> <span class='ocrx_word' id='word_1_793' title='bbox 1523 4748 1794 4793; x_wconf 85' lang='lat' dir='ltr'><strong>sanctum.</strong></span> <span class='ocrx_word' id='word_1_794' title='bbox 1840 4735 1950 4792; x_wconf 88' lang='lat' dir='ltr'><strong>Sed</strong></span> 
     </span>
    </p>
   </div>
   <div class='ocr_carea' id='block_1_94' title="bbox 374 4830 1950 4914">
    <p class='ocr_par' dir='ltr' id='par_1_94' title="bbox 374 4830 1950 4914">
     <span class='ocr_line' id='line_1_94' title="bbox 374 4830 1950 4914; baseline -0.011 -16"><span class='ocrx_word' id='word_1_795' title='bbox 374 4843 623 4914; x_wconf 87' lang='lat' dir='ltr'><strong>quamvis</strong></span> <span class='ocrx_word' id='word_1_796' title='bbox 666 4840 856 4895; x_wconf 83' lang='lat' dir='ltr'><strong>eadem</strong></span> <span class='ocrx_word' id='word_1_797' title='bbox 907 4838 979 4891; x_wconf 88' lang='lat' dir='ltr'><strong>sit</strong></span> <span class='ocrx_word' id='word_1_798' title='bbox 1015 4835 1326 4892; x_wconf 89' lang='lat' dir='ltr'><strong>communio</strong></span> <span class='ocrx_word' id='word_1_799' title='bbox 1372 4830 1674 4896; x_wconf 88' lang='lat' dir='ltr'><strong>nominum,</strong></span> <span class='ocrx_word' id='word_1_800' title='bbox 1725 4843 1832 4884; x_wconf 90' lang='lat' dir='ltr'><strong>non</strong></span> <span class='ocrx_word' id='word_1_801' title='bbox 1871 4837 1950 4882; x_wconf 84' lang='lat' dir='ltr'><strong>ta-</strong></span> 
     </span>
    </p>
   </div>
   <div class='ocr_carea' id='block_1_95' title="bbox 375 4927 1146 5002">
    <p class='ocr_par' dir='ltr' id='par_1_95' title="bbox 375 4927 1146 5002">
     <span class='ocr_line' id='line_1_95' title="bbox 375 4927 1146 5002; baseline -0.016 -10"><span class='ocrx_word' id='word_1_802' title='bbox 375 4953 498 4994; x_wconf 89' lang='lat' dir='ltr'><strong>men</strong></span> <span class='ocrx_word' id='word_1_803' title='bbox 533 4943 616 4990; x_wconf 70' lang='grc' dir='ltr'><strong>εει</strong></span> <span class='ocrx_word' id='word_1_804' title='bbox 643 4933 832 4990; x_wconf 87' lang='lat' dir='ltr'><strong>eadem</strong></span> <span class='ocrx_word' id='word_1_805' title='bbox 861 4927 1146 5002; x_wconf 60' lang='lat' dir='ltr'><strong>dignitas]</strong></span> 
     </span>
    </p>
   </div>
   <div class='ocr_carea' id='block_1_96' title="bbox 1023 5041 1306 5098">
    <p class='ocr_par' dir='ltr' id='par_1_96' title="bbox 1023 5041 1306 5098">
     <span class='ocr_line' id='line_1_96' title="bbox 1023 5041 1306 5098; baseline -0.007 0"><span class='ocrx_word' id='word_1_806' title='bbox 1023 5041 1176 5098; x_wconf 75' lang='lat' dir='ltr'><strong>CAP.</strong></span> <span class='ocrx_word' id='word_1_807' title='bbox 1218 5041 1306 5096; x_wconf 74' lang='grc' dir='ltr'>ιν.</span> 
     </span>
    </p>
   </div>
   <div class='ocr_carea' id='block_1_97' title="bbox 443 5159 1958 5234">
    <p class='ocr_par' dir='ltr' id='par_1_97' title="bbox 443 5159 1958 5234">
     <span class='ocr_line' id='line_1_97' title="bbox 443 5159 1958 5234; baseline -0.004 -14"><span class='ocrx_word' id='word_1_808' title='bbox 443 5166 581 5234; x_wconf 82' lang='lat' dir='ltr'><strong>Quid</strong></span> <span class='ocrx_word' id='word_1_809' title='bbox 610 5163 783 5221; x_wconf 84' lang='lat' dir='ltr'><strong>dicis?</strong></span> <span class='ocrx_word' id='word_1_810' title='bbox 809 5161 1028 5233; x_wconf 87' lang='lat' dir='ltr'><strong>qualem</strong></span> <span class='ocrx_word' id='word_1_811' title='bbox 1073 5172 1379 5214; x_wconf 88' lang='lat' dir='ltr'><strong>sermonem</strong></span> <span class='ocrx_word' id='word_1_812' title='bbox 1419 5167 1636 5213; x_wconf 83' lang='lat' dir='ltr'><strong>eructas</strong></span> <span class='ocrx_word' id='word_1_813' title='bbox 1675 5160 1744 5214; x_wconf 90' lang='lat' dir='ltr'><strong>de</strong></span> <span class='ocrx_word' id='word_1_814' title='bbox 1792 5159 1958 5216; x_wconf 76' lang='lat' dir='ltr'><strong>corde</strong></span> 
     </span>
    </p>
   </div>
   <div class='ocr_carea' id='block_1_98' title="bbox 2053 4541 3620 4630">
    <p class='ocr_par' dir='ltr' id='par_1_98' title="bbox 2053 4541 3620 4630">
     <span class='ocr_line' id='line_1_98' title="bbox 2053 4541 3620 4630; baseline -0.015 -16"><span class='ocrx_word' id='word_1_815' title='bbox 2053 4561 2242 4630; x_wconf 83' lang='grc' dir='ltr'>ἆγιον·</span> <span class='ocrx_word' id='word_1_816' title='bbox 2281 4577 2300 4609; x_wconf 76' lang='grc' dir='ltr'><strong>ι</strong></span> <span class='ocrx_word' id='word_1_817' title='bbox 2337 4554 2481 4624; x_wconf 85' lang='grc' dir='ltr'>Ἐγὼ</span> <span class='ocrx_word' id='word_1_818' title='bbox 2517 4553 2647 4625; x_wconf 82' lang='grc' dir='ltr'>γὰρ,</span> <span class='ocrx_word' id='word_1_819' title='bbox 2681 4551 2836 4620; x_wconf 67' lang='grc' dir='ltr'>φησι,</span> <span class='ocrx_word' id='word_1_820' title='bbox 2873 4547 3154 4601; x_wconf 85' lang='grc' dir='ltr'>συντάσσω</span> <span class='ocrx_word' id='word_1_821' title='bbox 3196 4545 3379 4606; x_wconf 87' lang='grc' dir='ltr'>αὐτοῖς</span> <span class='ocrx_word' id='word_1_822' title='bbox 3407 4541 3519 4612; x_wconf 82' lang='grc' dir='ltr'><strong>(Η)</strong></span> <span class='ocrx_word' id='word_1_823' title='bbox 3545 4557 3558 4570; x_wconf 92' lang='grc'><strong>·</strong></span> <span class='ocrx_word' id='word_1_824' title='bbox 3603 4558 3620 4590; x_wconf 82' lang='grc' dir='ltr'><strong>ι</strong></span> 
     </span>
    </p>
   </div>
   <div class='ocr_carea' id='block_1_99' title="bbox 2052 4627 3627 4716">
    <p class='ocr_par' dir='ltr' id='par_1_99' title="bbox 2052 4627 3627 4716">
     <span class='ocr_line' id='line_1_99' title="bbox 2052 4627 3627 4716; baseline -0.015 -12"><span class='ocrx_word' id='word_1_825' title='bbox 2052 4627 2195 4704; x_wconf 81' lang='grc' dir='ltr'>οῦτω</span> <span class='ocrx_word' id='word_1_826' title='bbox 2226 4647 2458 4716; x_wconf 86' lang='grc' dir='ltr'>λέγομεν</span> <span class='ocrx_word' id='word_1_827' title='bbox 2503 4644 2592 4697; x_wconf 77' lang='grc' dir='ltr'><strong>καὶ</strong></span> <span class='ocrx_word' id='word_1_828' title='bbox 2623 4641 2713 4694; x_wconf 85' lang='grc' dir='ltr'><strong>τὸν</strong></span> <span class='ocrx_word' id='word_1_829' title='bbox 2737 4636 3013 4704; x_wconf 84' lang='grc' dir='ltr'>Δεσπότην</span> <span class='ocrx_word' id='word_1_830' title='bbox 3044 4633 3304 4705; x_wconf 84' lang='grc' dir='ltr'>Χριστὸν,</span> <span class='ocrx_word' id='word_1_831' title='bbox 3353 4632 3448 4684; x_wconf 76' lang='grc' dir='ltr'><strong>καὶ</strong></span> <span class='ocrx_word' id='word_1_832' title='bbox 3496 4627 3627 4684; x_wconf 85' lang='grc' dir='ltr'>Θεὸν</span> 
     </span>
    </p>
   </div>
   <div class='ocr_carea' id='block_1_100' title="bbox 2061 4718 3623 4803">
    <p class='ocr_par' dir='ltr' id='par_1_100' title="bbox 2061 4718 3623 4803">
     <span class='ocr_line' id='line_1_100' title="bbox 2061 4718 3623 4803; baseline -0.015 -7"><span class='ocrx_word' id='word_1_833' title='bbox 2061 4742 2153 4797; x_wconf 76' lang='grc' dir='ltr'>καὶ</span> <span class='ocrx_word' id='word_1_834' title='bbox 2185 4740 2310 4795; x_wconf 84' lang='grc' dir='ltr'>Υίὸν</span> <span class='ocrx_word' id='word_1_835' title='bbox 2345 4738 2438 4792; x_wconf 71' lang='grc' dir='ltr'>καὶ</span> <span class='ocrx_word' id='word_1_836' title='bbox 2480 4736 2658 4803; x_wconf 68' lang='grc' dir='ltr'>ἅγιον.</span> <span class='ocrx_word' id='word_1_837' title='bbox 2694 4730 2832 4785; x_wconf 79' lang='grc' dir='ltr'>Ἀλλ’</span> <span class='ocrx_word' id='word_1_838' title='bbox 2865 4729 2899 4798; x_wconf 77' lang='grc' dir='ltr'>ὴ</span> <span class='ocrx_word' id='word_1_839' title='bbox 2947 4727 3045 4797; x_wconf 76' lang='grc' dir='ltr'><strong>μὲν</strong></span> <span class='ocrx_word' id='word_1_840' title='bbox 3091 4723 3347 4779; x_wconf 83' lang='grc' dir='ltr'>κοινωνία</span> <span class='ocrx_word' id='word_1_841' title='bbox 3376 4718 3485 4776; x_wconf 88' lang='grc' dir='ltr'><strong>τῶν</strong></span> <span class='ocrx_word' id='word_1_842' title='bbox 3510 4722 3623 4774; x_wconf 81' lang='grc' dir='ltr'>ὀνο-</span> 
     </span>
    </p>
   </div>
   <div class='ocr_carea' id='block_1_101' title="bbox 2057 4816 3080 4908">
    <p class='ocr_par' dir='ltr' id='par_1_101' title="bbox 2057 4816 3080 4908">
     <span class='ocr_line' id='line_1_101' title="bbox 2057 4816 3080 4908; baseline -0.021 -17"><span class='ocrx_word' id='word_1_843' title='bbox 2057 4837 2244 4908; x_wconf 79' lang='grc' dir='ltr'>μάτων</span> <span class='ocrx_word' id='word_1_844' title='bbox 2273 4831 2454 4902; x_wconf 84' lang='grc' dir='ltr'>ὁμοία,</span> <span class='ocrx_word' id='word_1_845' title='bbox 2486 4827 2584 4896; x_wconf 80' lang='grc' dir='ltr'><strong>οὐχ</strong></span> <span class='ocrx_word' id='word_1_846' title='bbox 2615 4829 2647 4896; x_wconf 78' lang='grc' dir='ltr'><strong>ἡ</strong></span> <span class='ocrx_word' id='word_1_847' title='bbox 2675 4824 2811 4892; x_wconf 83' lang='grc' dir='ltr'>αὑτὴ</span> <span class='ocrx_word' id='word_1_848' title='bbox 2840 4822 2883 4874; x_wconf 84' lang='grc' dir='ltr'>δ’</span> <span class='ocrx_word' id='word_1_849' title='bbox 2917 4816 3080 4888; x_wconf 82' lang='grc' dir='ltr'>ἀξία.]</span> 
     </span>
    </p>
   </div>
   <div class='ocr_carea' id='block_1_102' title="bbox 2656 5035 3033 5090">
    <p class='ocr_par' dir='ltr' id='par_1_102' title="bbox 2656 5035 3033 5090">
     <span class='ocr_line' id='line_1_102' title="bbox 2656 5035 3033 5090; baseline -0.019 1"><span class='ocrx_word' id='word_1_850' title='bbox 2656 5036 2905 5090; x_wconf 78' lang='grc' dir='ltr'><strong>ΚΕΦΑΛ.</strong></span> <span class='ocrx_word' id='word_1_851' title='bbox 2960 5035 3033 5085; x_wconf 87' lang='grc' dir='ltr'><strong>Δ’.</strong></span> 
     </span>
    </p>
   </div>
   <div class='ocr_carea' id='block_1_103' title="bbox 2129 5137 3630 5228">
    <p class='ocr_par' dir='ltr' id='par_1_103' title="bbox 2129 5137 3630 5228">
     <span class='ocr_line' id='line_1_103' title="bbox 2129 5137 3630 5228; baseline -0.014 -17"><span class='ocrx_word' id='word_1_852' title='bbox 2129 5159 2192 5214; x_wconf 86' lang='grc' dir='ltr'><strong>Τί</strong></span> <span class='ocrx_word' id='word_1_853' title='bbox 2229 5159 2364 5228; x_wconf 76' lang='grc' dir='ltr'>φήςς</span> <span class='ocrx_word' id='word_1_854' title='bbox 2400 5154 2550 5206; x_wconf 86' lang='grc' dir='ltr'>ποῖον</span> <span class='ocrx_word' id='word_1_855' title='bbox 2573 5147 2774 5219; x_wconf 63' lang='lat' dir='ltr'><strong>ipsum</strong></span> <span class='ocrx_word' id='word_1_856' title='bbox 2803 5144 2961 5212; x_wconf 85' lang='grc' dir='ltr'>λόγον</span> <span class='ocrx_word' id='word_1_857' title='bbox 2985 5139 3095 5195; x_wconf 86' lang='grc' dir='ltr'><strong>ἀπὸ</strong></span> <span class='ocrx_word' id='word_1_858' title='bbox 3126 5137 3351 5210; x_wconf 85' lang='grc' dir='ltr'>καρδίας</span> <span class='ocrx_word' id='word_1_859' title='bbox 3377 5137 3474 5210; x_wconf 82' lang='grc' dir='ltr'><strong>τῆς</strong></span> <span class='ocrx_word' id='word_1_860' title='bbox 3509 5138 3630 5209; x_wconf 81' lang='grc' dir='ltr'>σῆς,</span> 
     </span>
    </p>
   </div>
   <div class='ocr_carea' id='block_1_104' title="bbox 447 5245 3627 5388">
    <p class='ocr_par' dir='ltr' id='par_1_104' title="bbox 447 5245 3627 5388">
     <span class='ocr_line' id='line_1_104' title="bbox 447 5245 3627 5388; baseline -0.01 -11"><span class='ocrx_word' id='word_1_861' title='bbox 447 5323 490 5355; x_wconf 84' lang='grc'><strong>¹⁶</strong></span> <span class='ocrx_word' id='word_1_862' title='bbox 516 5322 557 5377; x_wconf 93' lang='lat' dir='ltr'><strong>Il</strong></span> <span class='ocrx_word' id='word_1_863' title='bbox 582 5323 708 5379; x_wconf 87' lang='lat' dir='ltr'><strong>Cor.</strong></span> <span class='ocrx_word' id='word_1_864' title='bbox 739 5335 862 5383; x_wconf 87' lang='lat' dir='ltr'><strong>vm,</strong></span> <span class='ocrx_word' id='word_1_865' title='bbox 892 5319 943 5370; x_wconf 86' lang='lat'><strong>9.</strong></span> <span class='ocrx_word' id='word_1_866' title='bbox 1054 5316 1093 5346; x_wconf 84' lang='lat'>“</span> <span class='ocrx_word' id='word_1_867' title='bbox 1123 5314 1310 5368; x_wconf 81' lang='lat' dir='ltr'><strong>Matth.</strong></span> <span class='ocrx_word' id='word_1_868' title='bbox 1350 5330 1480 5380; x_wconf 79' lang='lat' dir='ltr'><strong>xvn,</strong></span> <span class='ocrx_word' id='word_1_869' title='bbox 1512 5317 1584 5372; x_wconf 74' lang='lat'><strong>25</strong></span> <span class='ocrx_word' id='word_1_870' title='bbox 1616 5332 1770 5388; x_wconf 80' lang='lat' dir='ltr'><strong>seqq.</strong></span> <span class='ocrx_word' id='word_1_871' title='bbox 1875 5318 1919 5349; x_wconf 82' lang='lat'>“</span> <span class='ocrx_word' id='word_1_872' title='bbox 1958 5315 2129 5370; x_wconf 74' lang='lat' dir='ltr'><strong>Exod.</strong></span> <span class='ocrx_word' id='word_1_873' title='bbox 2171 5330 2269 5379; x_wconf 76' lang='lat' dir='ltr'><strong>vn,</strong></span> <span class='ocrx_word' id='word_1_874' title='bbox 2318 5312 2366 5365; x_wconf 83' lang='lat' dir='ltr'><strong>l.</strong></span> <span class='ocrx_word' id='word_1_875' title='bbox 2477 5309 2518 5340; x_wconf 78' lang='grc'><strong>⁸³</strong></span> <span class='ocrx_word' id='word_1_876' title='bbox 2543 5305 2712 5362; x_wconf 76' lang='lat' dir='ltr'><strong>Exod.</strong></span> <span class='ocrx_word' id='word_1_877' title='bbox 2751 5321 2823 5370; x_wconf 81' lang='lat' dir='ltr'><strong>Iv,</strong></span> <span class='ocrx_word' id='word_1_878' title='bbox 2853 5303 2946 5357; x_wconf 68' lang='grc'><strong>22.</strong></span> <span class='ocrx_word' id='word_1_879' title='bbox 3068 5301 3112 5332; x_wconf 67' lang='grc' dir='ltr'>¹δ</span> <span class='ocrx_word' id='word_1_880' title='bbox 3149 5299 3168 5354; x_wconf 91' lang='lat' dir='ltr'><strong>l</strong></span> <span class='ocrx_word' id='word_1_881' title='bbox 3211 5245 3531 5367; x_wconf 31' lang='lat' dir='ltr'><strong>Reges“,</strong></span> <span class='ocrx_word' id='word_1_882' title='bbox 3575 5292 3627 5346; x_wconf 81' lang='lat' dir='ltr'><strong>&#39;i.</strong></span> 
     </span>
    </p>
   </div>
   <div class='ocr_carea' id='block_1_105' title="bbox 378 5387 1283 5458">
    <p class='ocr_par' dir='ltr' id='par_1_105' title="bbox 378 5387 1283 5458">
     <span class='ocr_line' id='line_1_105' title="bbox 378 5387 1283 5458; baseline -0.011 -10"><span class='ocrx_word' id='word_1_883' title='bbox 378 5390 547 5448; x_wconf 81' lang='lat' dir='ltr'><strong>&quot;lsa.</strong></span> <span class='ocrx_word' id='word_1_884' title='bbox 577 5407 703 5458; x_wconf 67' lang='grc' dir='ltr'><strong>ιμ’,</strong></span> <span class='ocrx_word' id='word_1_885' title='bbox 745 5391 795 5444; x_wconf 78' lang='grc'><strong>1.</strong></span> <span class='ocrx_word' id='word_1_886' title='bbox 875 5388 1045 5443; x_wconf 77' lang='lat' dir='ltr'><strong>“lsa.</strong></span> <span class='ocrx_word' id='word_1_887' title='bbox 1085 5402 1204 5450; x_wconf 83' lang='lat' dir='ltr'><strong>xm,</strong></span> <span class='ocrx_word' id='word_1_888' title='bbox 1231 5387 1283 5440; x_wconf 76' lang='grc'><strong>5.</strong></span> 
     </span>
    </p>
   </div>
   <div class='ocr_carea' id='block_1_106' title="bbox 1641 5511 2393 5573">
    <p class='ocr_par' dir='ltr' id='par_1_106' title="bbox 1641 5511 2393 5573">
     <span class='ocr_line' id='line_1_106' title="bbox 1641 5511 2393 5573; baseline -0.009 -1"><span class='ocrx_word' id='word_1_889' title='bbox 1641 5515 1800 5573; x_wconf 75' lang='grc' dir='ltr'><strong>ΔΝΤ.</strong></span> <span class='ocrx_word' id='word_1_890' title='bbox 1842 5513 2118 5571; x_wconf 78' lang='lat' dir='ltr'><strong>AGELLll</strong></span> <span class='ocrx_word' id='word_1_891' title='bbox 2161 5511 2393 5567; x_wconf 68' lang='grc' dir='ltr'><strong>ΝυΤίΕ.</strong></span> 
     </span>
    </p>
   </div>
   <div class='ocr_carea' id='block_1_107' title="bbox 456 5671 1944 5760">
    <p class='ocr_par' dir='ltr' id='par_1_107' title="bbox 456 5671 1944 5760">
     <span class='ocr_line' id='line_1_107' title="bbox 456 5671 1944 5760; baseline -0.015 -16"><span class='ocrx_word' id='word_1_892' title='bbox 456 5686 562 5760; x_wconf 86' lang='lat' dir='ltr'><strong>(ll)</strong></span> <span class='ocrx_word' id='word_1_893' title='bbox 587 5684 817 5760; x_wconf 82' lang='lat' dir='ltr'><strong>Omnino</strong></span> <span class='ocrx_word' id='word_1_894' title='bbox 848 5679 1126 5752; x_wconf 85' lang='lat' dir='ltr'><strong>legendum</strong></span> <span class='ocrx_word' id='word_1_895' title='bbox 1157 5686 1262 5742; x_wconf 77' lang='lat' dir='ltr'><strong>est,</strong></span> <span class='ocrx_word' id='word_1_896' title='bbox 1293 5676 1488 5760; x_wconf 57' lang='grc' dir='ltr'>ᾲγίοις,</span> <span class='ocrx_word' id='word_1_897' title='bbox 1517 5671 1763 5760; x_wconf 77' lang='lat' dir='ltr'><strong>quamvis</strong></span> <span class='ocrx_word' id='word_1_898' title='bbox 1786 5671 1944 5749; x_wconf 80' lang='lat' dir='ltr'><strong>codd.</strong></span> 
     </span>
    </p>
   </div>
   <div class='ocr_carea' id='block_1_108' title="bbox 379 5741 1947 5832">
    <p class='ocr_par' dir='ltr' id='par_1_108' title="bbox 379 5741 1947 5832">
     <span class='ocr_line' id='line_1_108' title="bbox 379 5741 1947 5832; baseline -0.02 -16"><span class='ocrx_word' id='word_1_899' title='bbox 379 5741 696 5832; x_wconf 59' lang='grc' dir='ltr'>ηριιίςὶιᾶιιι,</span> <span class='ocrx_word' id='word_1_900' title='bbox 749 5756 830 5816; x_wconf 70' lang='grc' dir='ltr'>δίο</span> <span class='ocrx_word' id='word_1_901' title='bbox 877 5741 1106 5820; x_wconf 50' lang='lat' dir='ltr'><strong>avemque</strong></span> <span class='ocrx_word' id='word_1_902' title='bbox 1155 5741 1440 5819; x_wconf 78' lang='lat' dir='ltr'><strong>requirunt</strong></span> <span class='ocrx_word' id='word_1_903' title='bbox 1485 5741 1814 5814; x_wconf 64' lang='lat' dir='ltr'><strong>Sétlucnlia;</strong></span> <span class='ocrx_word' id='word_1_904' title='bbox 1868 5741 1947 5798; x_wconf 75' lang='lat' dir='ltr'><strong>sic</strong></span> 
     </span>
    </p>
   </div>
   <div class='ocr_carea' id='block_1_109' title="bbox 2058 5653 3630 5725">
    <p class='ocr_par' dir='ltr' id='par_1_109' title="bbox 2058 5653 3630 5725">
     <span class='ocr_line' id='line_1_109' title="bbox 2058 5653 3630 5725; baseline -0.008 -4"><span class='ocrx_word' id='word_1_905' title='bbox 2058 5669 2220 5722; x_wconf 88' lang='lat' dir='ltr'><strong>etiam</strong></span> <span class='ocrx_word' id='word_1_906' title='bbox 2261 5663 2460 5718; x_wconf 87' lang='lat' dir='ltr'><strong>habent</strong></span> <span class='ocrx_word' id='word_1_907' title='bbox 2493 5661 2702 5718; x_wconf 72' lang='lat' dir='ltr'><strong>Hebraei</strong></span> <span class='ocrx_word' id='word_1_908' title='bbox 2739 5663 2894 5719; x_wconf 91' lang='lat' dir='ltr'><strong>codd.</strong></span> <span class='ocrx_word' id='word_1_909' title='bbox 2933 5661 3082 5718; x_wconf 77' lang='lat' dir='ltr'><strong>Isaia:</strong></span> <span class='ocrx_word' id='word_1_910' title='bbox 3133 5673 3252 5725; x_wconf 86' lang='lat' dir='ltr'><strong>xm,</strong></span> <span class='ocrx_word' id='word_1_911' title='bbox 3292 5668 3345 5714; x_wconf 87' lang='lat' dir='ltr'><strong>et</strong></span> <span class='ocrx_word' id='word_1_912' title='bbox 3389 5653 3630 5712; x_wconf 80' lang='lat' dir='ltr'><strong>nonnulli</strong></span> 
     </span>
    </p>
   </div>
   <div class='ocr_carea' id='block_1_110' title="bbox 2058 5733 2760 5806">
    <p class='ocr_par' dir='ltr' id='par_1_110' title="bbox 2058 5733 2760 5806">
     <span class='ocr_line' id='line_1_110' title="bbox 2058 5733 2760 5806; baseline -0.007 -14"><span class='ocrx_word' id='word_1_913' title='bbox 2058 5737 2255 5805; x_wconf 66' lang='lat' dir='ltr'><strong>Graeci,</strong></span> <span class='ocrx_word' id='word_1_914' title='bbox 2287 5733 2610 5806; x_wconf 73' lang='grc' dir='ltr'>ἡγιασμένοι</span> <span class='ocrx_word' id='word_1_915' title='bbox 2635 5734 2760 5787; x_wconf 68' lang='lat' dir='ltr'><strong>eisi.</strong></span> 
     </span>
    </p>
   </div>
  </div>
