3926 6126
309 272 384 328 ἰτ
1441 255 1811 318 Αυνιειιειιε
1847 255 2248 318 NESTORIUM
2289 255 2415 316 LIB.
2441 256 2508 316 ιι.
3496 265 3567 322 73

314 381 410 436 καὶ
437 380 538 433 οῦκ
565 377 674 433 ἀπὸ
695 378 954 449 στόματος
973 377 1200 449 Κυρίου,
1220 376 1361 430 κατὰ
1390 376 1448 430 τὸ
1480 376 1886 449 γεγραμμένονς

2001 384 2110 444 tuo,
2140 390 2246 434 non
2273 377 2341 432 ab
2369 391 2464 431 ore
2490 373 2724 440 Domini,
2754 383 2811 429 ut
2849 375 3109 445 scriptum
3132 386 3215 432 est
3244 378 3282 408 ”
3310 378 3372 431 ?r
3401 379 3572 436 Nemo

320 493 340 523 ‹
367 472 555 535 Οὐδεὶς
577 472 722 540 λέγει
751 471 911 526 ἀνάθε
921 487 999 542 μα
1013 470 1240 541 Ἰησοῦν,
1262 472 1308 524 εί
1334 469 1410 542 μὴ
1431 473 1488 524 ἐν
1507 469 1888 535 Βεελζεὸούλ.»

332 563 420 627 Ὡς
463 563 529 616 ἂν
573 565 741 616 νοοῖτο
772 562 957 633 τυχὸν,
991 563 1026 633 ἢ
1061 562 1270 632 λέγοιτο
1319 563 1454 632 πρὸς
1497 562 1654 634 ἡμῶν
1699 561 1834 625 Θεὸς
1866 564 1894 615 6

320 659 546 728 Μωσῆς,
580 658 722 712 οὕτω
751 659 846 712 καὶ
874 660 903 712 ὁ
928 659 1196 726 Χριστός;
1226 657 1348 711 καθ’
1381 658 1676 728 ὁμοιότητα
1708 657 1765 711 δὲ
1797 656 1895 730 τὴν

321 751 456 820 πρός
478 765 539 816 γε
566 749 656 803 τὸν
686 748 905 820 Ἰσραὴλ
926 749 1011 819 εἴη
1045 748 1111 801 ἂν
1138 749 1234 803 καὶ
1253 749 1402 814 uide;
1429 749 1548 802 είπέ
1572 764 1685 818 μοι·
1705 749 1770 801 Ὢ
1797 747 1898 817 τῆς

319 841 664 906 δυσσεϐείας·
707 841 752 895 ὣ
776 842 952 912 λόγων
983 841 1360 912 ὴφειδηκότων
1393 843 1492 912 τῆς
1525 841 1618 894 τοῦ
1643 841 1896 912 Σωτῆρος

320 930 472 1001 ἡμῶν
508 931 937 1003 κατεπαίρεσθαι
979 930 1166 999 δόξης·
1201 930 1246 984 ὢ
1273 931 1576 1000 δυσμαθίας
1613 932 1852 1002 ἀκράτου
1875 969 1894 996 ,

320 1023 413 1074 καὶ
455 1023 631 1075 πάντα
664 1022 902 1092 νικώσης
936 1022 1124 1087 ὄκνον,
1157 1021 1252 1075 τὸν
1279 1023 1373 1074 ἐπὶ
1415 1022 1477 1076 τὸ
1517 1022 1715 1093 χρῆναί
1754 1039 1896 1092 φημι

317 1113 428 1166 τῶν
473 1112 575 1179 τῆς
635 1112 963 1184 Ἐκκλησίας
1010 1113 1296 1182 δογμάτων
1343 1112 1574 1175 ἀνοσίως
1621 1113 1895 1182 καταθρα-

321 1200 610 1255 σύνεσθαιί
637 1201 898 1255 Ψαλλέτω
925 1202 1020 1254 καὶ
1053 1201 1150 1254 νῦν
1177 1203 1205 1255 6
1237 1201 1507 1273 μακάριος
1539 1201 1702 1254 Δαϐίδ
1722 1218 1736 1232 ·
1776 1220 1794 1253 ι
1834 1203 1896 1254 Οί

320 1293 504 1364 ἐχθροὶ
538 1293 746 1364 Κυρίου
773 1292 1070 1362 ἐψεύσαντο
1117 1293 1286 1364 αὐτῷ.
1323 1312 1341 1344 ι
1375 1293 1574 1366 Μωσῆς
1607 1294 1706 1364 μὲν
1734 1295 1842 1364 γὰρ
1868 1297 1896 1348 6

321 1383 629 1447 θεσπέσιος,
658 1382 945 1454 ἄνθρωπος
988 1380 1058 1455 ἦν
1088 1385 1211 1438 καθ’
1250 1387 1397 1456 ἡμᾶς
1432 1385 1530 1456 τὴν
1575 1385 1766 1454 φύσιν,
1800 1385 1896 1439 καὶ

320 1474 507 1544 ἓτερον
571 1473 746 1529 οὐδέν.
813 1473 1027 1544 Ἐπειδὴ
1065 1474 1121 1528 δὲ
1157 1474 1292 1528 Θεοῦ
1324 1475 1607 1543 λέγοντος·
1646 1493 1665 1526 ι
1701 1473 1892 1546 Δεῦρο,

320 1565 628 1618 ἀποστείλω
671 1581 729 1618 σε
774 1566 907 1637 πρὸς
944 1566 1144 1638 Φαραὼ
1176 1567 1403 1636 βασιλέα
1449 1567 1759 1636 Αἰγύπτου,
1799 1570 1896 1622 καὶ

323 1657 538 1722 ἐξάξεις
595 1661 720 1722 τοὺς
773 1661 923 1722 υίοῦς
989 1659 1204 1730 Ἰσραὴλ
1256 1661 1321 1712 ὲκ
1374 1660 1477 1730 γῆς
1530 1658 1829 1729 Αἰγύπτου·
1868 1677 1887 1710 ι

1995 471 2124 526 dicit
2167 467 2452 525 anathema
2493 466 2697 532 Iesum,
2745 467 2848 523 nisi
2895 468 2947 522 in
2989 468 3289 525 Beelzebub
3327 471 3391 525 η.
3436 492 3456 525 ι
3498 470 3573 529 Ut

1997 561 2332 630 intelligitur,
2382 559 2526 614 verbi
2561 560 2730 629 gratia
2755 602 2768 626 ,
2802 569 2896 614 aut
2932 559 3133 614 dicitur
3167 576 3196 614 a
3242 561 3400 618 nobis
3439 564 3586 624 deus

1997 652 2110 721 ipse
2140 651 2339 716 Moses,
2363 651 2442 706 sic
2468 651 2630 706 etiam
2652 651 2942 708 Christus?
2966 649 3069 724 ἀι
3093 652 3260 716 itane,
3305 654 3391 709 dic
3414 655 3570 722 mihi,

1997 741 2064 796 ad
2087 741 2496 797 similitudinem
2513 740 2729 796 lsraelis
2749 749 2832 796 est
2856 741 3019 796 etiam
3045 742 3221 796 Illius?
3239 738 3284 797 0
3300 758 3570 798 summam

1999 833 2350 904 impietatem,
2381 849 2417 889 ο
2448 833 2614 889 verba
2642 847 2761 902 qum
2794 849 2896 888 nec
2930 833 3102 903 ipsius
3137 833 3435 890 Salvatorls
3469 851 3572 892 no~

1995 923 2095 978 atri
2130 924 2354 994 gloriam
2381 925 2688 994 deprimere
2717 935 3007 992 verentur;
3051 941 3082 980 ο
3111 926 3430 982 ell‘renatam
3469 927 3573 982 im-

1995 1015 2246 1084 peritiam
2279 1025 2334 1071 et
2365 1023 2588 1082 tantam,
2623 1026 2682 1071 nt
2712 1017 2932 1072 minime
2963 1017 3277 1074 reformidet
3313 1019 3574 1076 adversus

1997 1104 2254 1160 Ecclesiae
2302 1106 2554 1177 dogmata
2610 1105 2776 1176 impie
2835 1116 2888 1163 et
2953 1109 3214 1163 audacter
3266 1109 3570 1181 insurgere.

1996 1196 2198 1252 Psallat
2231 1213 2376 1254 nunc
2410 1215 2627 1270 quoque
2660 1202 2855 1257 beatus
2907 1199 3074 1255 David
3113 1219 3125 1254 :
3165 1219 3182 1252 ι
3214 1198 3424 1257 Inimici
3465 1203 3574 1257 Do-

1997 1289 2130 1342 mini
2161 1290 2370 1345 mentiti
2412 1300 2538 1347 sunt
2568 1291 2616 1345 ei
2643 1292 2706 1346 ι’.
2739 1309 2760 1344 ι
2805 1290 2940 1346 Νιιιιι
2975 1290 3164 1348 beatus
3206 1291 3380 1347 Moses
3413 1294 3576 1348 homo

1996 1391 2134 1445 erat,
2172 1397 2236 1438 ex
2285 1393 2471 1438 natura
2503 1384 2695 1439 similis
2744 1385 2922 1448 nobis,
2958 1385 3092 1439 nihil
3119 1396 3409 1454 przcterea.
3437 1386 3577 1453 Quia

1998 1485 2126 1527 vero
2151 1474 2362 1529 dicente
2395 1474 2501 1530 Deo
2532 1494 2543 1528 :
2581 1495 2599 1527 ι
2630 1473 2788 1540 Veni,
2817 1476 3027 1530 mittam
3061 1488 3112 1531 te
3137 1478 3204 1531 ad
3237 1476 3576 1532 Pharaonem

2000 1577 2179 1634 τεεεηι
2205 1564 2446 1636 Εεγριὶ,
2476 1577 2530 1622 et
2553 1566 2751 1622 educes
2782 1567 2921 1622 lilios
2946 1566 3108 1622 Israel
3144 1569 3210 1621 de
3241 1577 3382 1623 terra
3408 1566 3576 1639 Egy-

1997 1657 2072 1725 pti
2103 1656 2148 1688 ³ο
2175 1671 2188 1707 :
2222 1673 2241 1708 ι
2277 1672 2374 1726 pro
2403 1659 2686 1714 recusandi
2717 1660 3005 1714 occasione
3034 1659 3391 1728 exiguitatem
3427 1661 3579 1714 vocis

324 1753 704 1821 παραιτήσεως
759 1751 1014 1821 ἀερορμὰς
1065 1726 1307 1805 -ὲποιείτο
1531 1726 1845 1822 ίχνομυθίαν
1873 1789 1889 1814 ,

2001 1747 2258 1814 obtendit,
2295 1759 2549 1804 causatus
2579 1751 2719 1820 quod
2760 1751 2984 1806 minime
3026 1726 3173 1806 esset
3216 1751 3476 1820 eloquens
3507 1750 3578 1805 ab

323 1841 418 1894 καὶ
449 1840 506 1892 τὸ
542 1840 618 1910 μὴ
646 1839 869 1904 εὖλαλος
897 1835 1039 1894 εἶναι
1060 1881 1075 1903 ,
1106 1840 1210 1911 πρὸ
1239 1841 1336 1910 τῆς
1362 1839 1509 1910 χθὲς,
1543 1842 1637 1892 καὶ
1660 1840 1767 1910 πρὸ
1792 1843 1894 1910 τῆς

319 1931 546 1999 τρίτης,
592 1932 792 2000 ἢκουσε
843 1931 979 1984 Θεοῦ
1025 1931 1302 2000 λέγοντος·
1339 1951 1358 1982 ι
1405 1932 1533 1984 Ἰδοὺ
1583 1931 1790 1986 δέδωκά
1833 1949 1892 1985 σε

319 2021 441 2074 θεὸν
477 2021 705 2091 Φαραώ·
743 2023 838 2074 καὶ
877 2021 1089 2094 Ἀαρὼν
1125 2024 1153 2075 ὁ
1195 2022 1421 2090 ἀδελφός
1473 2039 1567 2075 σου
1615 2021 1767 2075 ἔσται
1810 2040 1893 2075 σοι

322 2111 630 2181 ὑποφήτης.
663 2130 680 2162 ι
729 2112 990 2181 Ἀδρανὴς
1031 2111 1132 2182 μὲν
1173 2113 1280 2183 γὰρ
1324 2113 1352 2164 6
1384 2113 1544 2183 νόμος
1572 2115 1652 2176 εἰς
1679 2114 1738 2166 τὸ
1784 2115 1893 2167 ἀπ-

321 2204 608 2258 αλλάττειν
637 2203 894 2258 δύνασθαί
935 2221 1060 2258 τινα
1103 2205 1206 2275 τῆς
1246 2205 1350 2259 ὑπὸ
1388 2205 1466 2277 τῷ
1505 2205 1732 2276 διαϐόλῳ
1773 2206 1896 2259 δουο

321 2295 489 2358 λείας.
546 2293 941 2359 Μεσιτεύοντος
1000 2296 1057 2348 δὲ
1105 2295 1198 2349 τοῦ
1264 2295 1524 2369 Χριστοῦ,
1585 2298 1680 2350 καὶ
1732 2296 1896 2350 τοῦτο

319 2385 701 2458 κατώρθωται.
736 2387 1003 2458 Καθάπερ
1044 2388 1236 2458 ἀμέλει
1271 2389 1518 2450 συνόντος
1543 2388 1604 2442 τὸ
1637 2388 1892 2450 τηνικάδε

319 2477 417 2531 τοῦ
454 2477 666 2547 Ἀαρὼν
698 2477 1085 2554 τῷ-θεσπεσίῳ
1113 2481 1284 2550 Μωσῇ
1309 2521 1324 2544 ,
1386 2481 1486 2550 τῆς
1531 2481 1590 2534 ὲν
1636 2479 1898 2549 Αἰγύπτῳ

321 2570 568 2632 δουλείας
609 2571 636 2622 6
699 2571 916 2640 Ἰσραὴλ
958 2571 1362 2641 ἀπηλλάττετο·
1410 2570 1600 2641 ἐπειδὴ
1651 2571 1707 2625 δὲ
1757 2570 1896 2624 κατὰ

321 2661 551 2730 καιροὺς
597 2661 821 2730 ἔμελλεν
849 2663 876 2712 6
905 2661 1138 2730 Χριστὸς
1176 2659 1428 2728 γενέσθαι
1462 2660 1556 2712 καὶ
1587 2659 1692 2712 ὑπὸ
1715 2661 1895 2730 νόμον,

322 2750 398 2814 ὡς
440 2751 564 2804 καθ’
607 2753 753 2820 ἡμᾶς
802 2768 861 2804 τε
909 2751 1002 2804 καὶ
1047 2752 1372 2821 ἄνθρωπος,
1404 2751 1642 2805 τέθειταί
1692 2769 1808 2815 πως
1840 2754 1897 2804 ἐν

321 2842 603 2914 δευτέροις
649 2842 746 2896 τοῦ
785 2842 1030 2906 Μωσέως
1086 2847 1114 2898 6
1168 2843 1409 2915 ’Aaptbv'
1448 2843 1544 2898 καὶ
1585 2846 1614 2898 6
1665 2843 1765 2911 μὲν
1802 2842 1897 2897 τοῦ

322 2933 630 3005 μυστηρίου
663 2933 838 3001 λόγος,
862 2933 1064 2987 οὑτοσί.
1106 2934 1253 3005 Πλὴν
1282 2936 1329 2986 ει
1368 2933 1540 2987 ἕλοιτο
1568 2951 1653 2996 τις
1676 2935 1904 2987 κάκεῖνο

321 3027 518 3092 ειπεῖν,
543 3026 620 3089 ὡς
648 3029 716 3096 τῇ
747 3025 840 3078 τοῦ
871 3025 1006 3079 Θεοῦ
1045 3026 1234 3095 κλήσει
1276 3027 1372 3080 καὶ
1404 3029 1433 3079 ὁ
1485 3027 1659 3098 μέγας
1689 3028 1898 3088 ἐκεῖνος

321 3119 612 3189 τετίμηται
637 3119 840 3189 Μωσῆς
862 3161 876 3185 ,
918 3118 1060 3172 κατὰ
1095 3121 1155 3172 τὸ
1188 3120 1364 3172 κοινὸν
1393 3119 1458 3189 δὴ
1483 3119 1662 3181 τοῦτο,
1695 3119 1792 3171 καὶ
1819 3118 1897 3181 ὼς

321 3210 380 3262 ὲν
410 3211 594 3281 χάριτι
621 3212 712 3263 καὶ
747 3211 1028 3282 φιλοτιμίᾳ
1057 3213 1123 3282 τῇ
1147 3212 1300 3282 παρὰ
1323 3210 1462 3264 Θεοῦ
1489 3211 1548 3264 τὸ
1576 3211 1712 3282 πρὸς
1747 3212 1898 3280 ἡμᾶς

321 3303 632 3372 εἰρημένον·
663 3321 685 3354 s
707 3302 849 3371 Ἐγὼ
877 3297 1032 3355 εἶπα·
1062 3303 1184 3355 Θεοί
1214 3304 1358 3367 ἔστε,
1379 3303 1475 3356 καὶ
1503 3302 1609 3356 υἱοὶ
1641 3301 1898 3371 Ὑψίστου

324 3396 544 3458 πάντες·
584 3413 603 3447 ι
635 3391 742 3466 ἆρα
769 3396 862 3449 καὶ
887 3394 1030 3448 οὕτω
1053 3395 1184 3458 Θεὸς
1211 3397 1239 3448 ὀ
1258 3396 1529 3466 Χριστός;
1564 3395 1759 3449 Καίτοι
1783 3395 1899 3460 πῶς

323 3485 384 3535 οὐ
423 3484 590 3555 μανία
625 3485 782 3538 τοῦτό
806 3502 891 3554 γε,
928 3489 1022 3539 καὶ
1044 3486 1239 3556 φρενὸς
1273 3485 1521 3555 ἀμαθοῦς
1562 3485 1902 3556 ἁπόὸρασμα

325 3575 512 3641 κενόνς
558 3575 617 3628 '0
649 3576 749 3646 μὲν
778 3576 907 3647 γὰρ,
941 3575 1016 3638 ὡς
1055 3576 1212 3645 ἔφην,
1260 3574 1390 3646 ψιλῇ
1445 3577 1538 3630 καὶ
1585 3575 1725 3646 μόνῃ
1755 3574 1902 3628 τετί-

326 3684 493 3737 μηται
545 3667 760 3737 κλήσει,
786 3668 885 3738 τὴν
919 3668 1080 3736 φύσιν
1125 3668 1408 3739 ἄνθρωπος
1437 3666 1546 3721 ὢν·
1597 3670 1626 3721 6
1673 3668 1732 3720 δὲ
1781 3669 1903 3721 ἐστὶ

322 3756 456 3820 Θεὸς
497 3757 750 3826 ἀληθῶς·
786 3757 918 3820 Θεὸς
948 3753 1152 3828 γὰρῆν
1199 3759 1228 3811 6
1272 3759 1440 3826 Λόγος
1491 3760 1550 3812 ὲν
1581 3758 1902 3829 ἀνθρωπεία

326 3852 511 3920 μορφῇ
537 3888 552 3912 ,
599 3850 697 3918 τῆς
746 3849 883 3913 ἰδίας
917 3849 1130 3918 φύσεως
1173 3851 1271 3920 τὴν
1303 3851 1446 3922 κατᾲ
1477 3851 1700 3904 πάντων
1728 3852 1902 3924 ὑπερ-

324 3941 458 4009 οχὴν
497 3941 860 4012 ἀδιαλώὸητον
891 3942 1030 4013 ἔχων
1049 3959 1063 3973 ·
1093 3944 1152 3996 οὐ
1183 3943 1294 4013 γὰρ
1325 3943 1390 3997 ἂν
1423 3946 1481 3996 ὲν
1514 3947 1899 4014 παρατροπαῖς

326 4034 451 4092 ταῖς
485 4031 578 4082 ἐπὶ
605 4031 666 4084 τὸ
697 4037 874 4102 χεῖρον
899 4036 934 4103 ἡ
960 4034 1078 4086 θεία
1123 4035 1334 4103 γένοιτο
1363 4034 1524 4102 φύσις
1548 4073 1562 4098 ,
1596 4034 1683 4087 διά
1709 4051 1773 4103 γε
1802 4035 1896 4088 τοῦ

326 4122 653 4177 καθικέσθαι
685 4123 820 4192 πρὸς
850 4125 1129 4179 κοινωνίαν
1160 4127 1388 4194 αἵματος
1420 4126 1513 4178 καὶ
1545 4127 1740 4196 σαρκός
1761 4143 1774 4157 ·
1807 4127 1902 4179 καὶ

325 4216 458 4282 γοῦν
482 4215 559 4276 ὠς
590 4215 721 4278 Θεὸς
746 4215 1161 4282 ἐπιγινώσκεται
1190 4217 1282 4270 καὶ
1309 4217 1588 4288 ἄνθρωπος
1608 4218 1861 4290 πεφηνώς
1885 4235 1897 4248 ·

325 4306 419 4357 καὶ
449 4304 641 4358 τούτου
679 4305 854 4376 σαφὴς
890 4305 1158 4370 ἀπόδειξις
1195 4306 1262 4360 τὰ
1302 4310 1358 4360 ὲν
1396 4312 1504 4372 τοῖς
1549 4309 1902 4377 Εὐαγγελίοις

1997 1837 2112 1892 heri
2144 1849 2198 1893 et
2225 1841 2420 1896 nudius
2446 1843 2658 1907 tertius,
2685 1842 2803 1898 ideo
2827 1841 2994 1896 Deum
3024 1844 3290 1898 dicentem
3316 1843 3525 1898 audivit
3557 1861 3574 1898 :

2001 1946 2019 1979 ι
2048 1927 2185 1985 Ecce
2227 1931 2346 1987 dedi
2396 1942 2447 1987 te
2492 1933 2650 1988 deum
2698 1933 3016 2000 Pharaonis,
3065 1943 3119 1988 et
3175 1935 3354 1990 Aaron
3407 1935 3580 1990 frater

1998 2029 2121 2075 tuus
2145 2022 2251 2076 erit
2286 2023 2381 2076 tihi
2411 2024 2682 2092 interpres
2709 2025 2775 2078 ".
2809 2043 2828 2076 ι
2869 2025 3088 2080 Inﬁt-ma
3122 2041 3357 2096 namque
3387 2035 3471 2082 est
3492 2026 3578 2082 lex

1998 2112 2064 2165 ad
2107 2113 2414 2182 quempiam
2451 2129 2479 2167 a
2526 2114 2726 2170 diaboli
2764 2119 3028 2172 servitute
3059 2117 3420 2173 liberandum.
3467 2119 3576 2175 Sed

1997 2202 2051 2256 id
2085 2218 2302 2273 quoque
2336 2205 2634 2262 mediatore
2659 2207 2881 2263 Christo
2922 2207 3218 2278 perlectum
3249 2217 3355 2275 est,
3381 2223 3577 2280 quem-

1998 2292 2288 2346 admodum
2316 2293 2524 2348 scilicet
2545 2309 2611 2350 eo
2636 2305 2876 2364 tempore
2899 2296 2952 2350 in
2979 2294 3216 2367 Egypto
3246 2312 3370 2352 cum
3422 2299 3579 2352 beato

2001 2380 2132 2437 Mosi
2165 2383 2279 2452 ipse
2305 2384 2486 2440 Aaron
2522 2385 2714 2440 fuisset
2749 2387 3055 2457 adjunctus,
3093 2388 3253 2444 Israel
3283 2400 3368 2443 est
3399 2404 3426 2442 a
3460 2404 3577 2444 ser-

2000 2474 2169 2529 vitute
2203 2475 2482 2533 liberatus.
2513 2477 2616 2532 Sed
2649 2478 2772 2547 quia
2801 2493 3058 2533 successu
3086 2488 3392 2549 temporum
3427 2479 3576 2536 l'utu-

2000 2581 2117 2620 rum
2148 2578 2265 2623 erat
2299 2579 2356 2622 ut
2387 2570 2636 2626 Christus
2676 2574 2842 2626 etiam
2878 2571 2980 2626 sub
3022 2571 3140 2643 lege
3180 2572 3356 2636 ﬁeret,
3389 2582 3578 2642 utpote

2001 2660 2171 2714 nostri
2207 2661 2404 2715 similis
2449 2672 2502 2716 et
2537 2667 2718 2728 heluo,
2776 2665 2897 2718 ideo
2942 2675 3066 2735 post
3115 2665 3295 2720 Mosen
3337 2667 3578 2720 secundo

2000 2748 2116 2805 l0c0
2148 2753 2355 2820 positus
2382 2765 2464 2807 est
2487 2756 2688 2809 Aaron.
2719 2755 2894 2825 Atque
2925 2757 3040 2811 hinc
3072 2766 3156 2812 est
3191 2758 3404 2826 quidem
3441 2759 3578 2813 ratio

2001 2845 2266 2913 mysterii.
2309 2845 2413 2899 Sed
2457 2857 2634 2900 tamen
2667 2848 2711 2902 si
2752 2849 2874 2917 quis
2903 2849 3036 2903 velit
3078 2849 3207 2903 illud
3250 2866 3466 2921 quoque
3495 2854 3578 2922 dl-

2000 2945 2143 2997 cere,
2183 2931 2366 2988 Mosen
2400 2934 2546 2989 illum
2577 2951 2826 3006 magnum
2857 2939 3030 2993 virum
3076 2940 3175 2994 bac
3220 2943 3302 2994 dei
3341 2942 3576 3012 appello-

1927 3057 1972 3118 Ο
2004 3022 2151 3079 tione
2182 3024 2344 3080 fuisse
2379 3026 2725 3094 honoratum,
2747 3028 2901 3098 juxta
2932 3044 3220 3086 commune
3252 3033 3403 3098 illud,
3436 3045 3487 3088 et
3509 3050 3576 3089 ex

2001 3115 2174 3182 gratia
2211 3124 2373 3185 atque
2400 3119 2800 3188 magnillcentia
2825 3120 2918 3176 Dei
2939 3122 2990 3176 iu
3022 3137 3122 3176 nos
3151 3123 3350 3177 dictum
3383 3143 3396 3180 :
3423 3142 3442 3178 ι
3468 3127 3579 3196 Ego

2002 3205 2142 3260 dixi:
2168 3208 2246 3262 Dii
2273 3208 2430 3275 estis,
2457 3221 2511 3264 et
2541 3211 2633 3264 {illi
2656 3210 2866 3268 Excelsi
2892 3229 3081 3269 omnes
3103 3216 3182 3266 "z
3211 3233 3229 3266 ι
3259 3231 3385 3268 num
3415 3218 3577 3277 etiam

2004 3297 2105 3353 hoc
2129 3301 2286 3353 modo
2310 3301 2560 3356 Christus
2587 3313 2669 3357 est
2704 3303 2884 3359 Deus?
2910 3304 3029 3359 Jam
3061 3321 3188 3361 vero
3217 3308 3486 3376 quomodo
3524 3309 3578 3362 id

2005 3405 2108 3443 non
2139 3391 2208 3444 sit
2250 3391 2481 3456 insania,
2517 3403 2570 3448 et
2605 3394 2767 3449 inane
2810 3395 2987 3451 stultae
3027 3399 3225 3453 mentis
3251 3414 3578 3454 excremen-

2005 3483 2157 3538 tum?
2195 3482 2285 3538 llIe
2327 3486 2494 3546 enim,
2529 3496 2583 3538 ut
2622 3487 2734 3556 jam
2767 3487 2898 3551 dixi,
2937 3491 3075 3542 unda
3111 3497 3164 3543 et
3211 3490 3444 3560 simplici
3495 3503 3582 3547 est

2003 3571 2318 3628 honestatus
2343 3575 2724 3644 appellatione,
2743 3592 2864 3631 cum
2891 3579 3052 3633 homo
3075 3593 3140 3632 ex
3171 3588 3364 3633 natura
3394 3573 3575 3648 esset;

2003 3664 2098 3718 sed
2130 3665 2219 3720 hic
2253 3676 2337 3721 est
2365 3682 2492 3722 vere
2520 3667 2662 3724 Deus
2693 3668 2854 3740 (nam
2892 3669 3034 3726 Deus
3068 3681 3184 3726 erat
3215 3673 3488 3746 Verbum)
3525 3677 3576 3730 in

2005 3757 2235 3810 humana
2264 3757 2437 3813 forma
2466 3762 2832 3830 prastantiam
2863 3778 2975 3818 suae
3010 3775 3215 3819 natura:
3236 3780 3338 3835 qua
3367 3765 3580 3822 eunetis

2003 3849 2238 3914 excellit,
2274 3850 2534 3920 integram
2565 3867 2792 3907 servans
2822 3873 2835 3909 :
2873 3870 3046 3924 neque
3082 3857 3226 3910 enim
3264 3867 3458 3911 natura
3491 3858 3571 3911 di-

2004 3937 2128 3991 vina
2163 3954 2228 3992 ex
2261 3953 2331 3993 eo
2353 3941 2496 4008 quod
2523 3941 2806 3997 descendit
2829 3943 2896 3996 ad
2925 3946 3360 3999 communionem
3391 3947 3576 4002 carnis

2004 4036 2058 4083 et
2103 4031 2398 4097 sanguinis,
2458 4031 2508 4084 in
2563 4033 2716 4101 pejus
2771 4047 3008 4100 unquam
3055 4036 3286 4100 perverti
3340 4047 3515 4106 potest
3561 4057 3575 4092 :

2005 4120 2188 4189 itaque
2235 4121 2395 4175 etiam
2441 4137 2563 4175 cum
2616 4125 2775 4177 homo
2807 4123 3073 4192 apparuit,
3114 4135 3171 4178 ut
3213 4124 3352 4180 Deus
3397 4136 3575 4183 tamen

2005 4213 2338 4279 agnoscitur,
2360 4211 2584 4282 ejusque
2615 4214 2690 4269 rei
2719 4214 2997 4285 perspicua
3029 4227 3154 4271 sunt
3184 4231 3498 4288 argumenta
3525 4221 3577 4275 in

2006 4303 2310 4375 Evangellis
2330 4308 2394 4360 de
2416 4320 2480 4360 eo
2506 4306 2728 4376 scripta.
2763 4305 2911 4361 Dixit
2930 4309 3070 4361 enim
3097 4308 3284 4365 beatus
3303 4308 3536 4366 Joannes
3562 4327 3578 4365 :

328 4402 455 4469 περὶ
504 4399 669 4454 αὑτοῦ
725 4401 1107 4470 γεγραμμένα.
1172 4402 1316 4471 Ἔφη
1373 4402 1479 4473 γὰρ
1534 4403 1563 4454 6
1613 4402 1896 4466 θεσπέσιος

2013 4413 2030 4447 ι
2056 4395 2189 4451 Cum
2226 4413 2356 4452 vero
2389 4407 2536 4481 esset
2582 4398 2970 4470 Hierosolymis
3007 4401 3060 4454 in
3097 4401 3182 4456 die
3221 4401 3382 4466 festo,
3425 4403 3578 4458 multi

340 4491 621 4560 Ἰωάννης·
665 4509 683 4542 ι
732 4492 818 4554 Ὠς
860 4492 918 4545 δὲ
958 4489 1026 4564 ἦν
1057 4495 1113 4546 ἐν
1141 4496 1253 4557 τοῖς
1313 4494 1701 4565 Ἰεροσολύμοις
1731 4495 1788 4546 ἐν
1830 4495 1898 4563 τῇ

327 4585 510 4654 ἑορτῇ,
547 4583 731 4637 πολλοὶ
766 4583 1088 4638 ἐπίστευσαν
1132 4587 1214 4649 είς
1241 4587 1300 4639 τὸ
1333 4585 1502 4656 ὄνομα
1536 4585 1723 4648 αὑτοῦ,
1767 4584 1902 4636 θεω-

330 4674 551 4743 ροῦντες
583 4674 745 4728 αὑτοῦ
776 4674 842 4727 τὰ
877 4677 1075 4744 σημεῖα
1104 4673 1140 4728 ἃ
1183 4675 1375 4727 ἐποίει.
1407 4675 1578 4737 Αὐτὸς
1616 4674 1672 4727 δὲ
1717 4675 1745 4726 6
1799 4675 1903 4743 ἰη-

328 4766 476 4832 σοῦς,
527 4770 625 4820 οὐκ
673 4768 952 4832 ἐπίστευεν
990 4768 1180 4821 ἑαυτὸν
1231 4769 1452 4833 αὐτοῖς,
1503 4767 1594 4820 διὰ
1631 4767 1691 4820 τὸ
1741 4768 1902 4821 αὑτὸν

325 4861 618 4930 γινώσκειν
657 4862 862 4919 πάντα·
918 4861 1010 4916 illi.
1042 4863 1121 4916 ὅτι
1159 4863 1219 4915 οὐ
1270 4861 1458 4933 χρείαν
1487 4857 1651 4930 εἶχεν,
1703 4861 1789 4914 ἵνα
1819 4879 1901 4924 τις

329 4954 654 5027 μαρτυρήσῃ
687 4956 814 5026 περὶ
837 4955 932 5009 τοῦ
959 4956 1244 5026 ἀνθρώπου
1268 4971 1282 4984 ·
1311 4955 1473 5018 αὐτὸς
1499 4956 1608 5026 γὰρ
1638 4956 1902 5023 ἐγίνωσκε

324 5041 466 5115 τίῆν
497 5047 556 5098 έν
584 5044 662 5114 τῷ
698 5044 989 5116 ἀνθρώπῳ.
1023 5065 1042 5097 ι
1065 5044 1256 5098 Καίτοι
1282 5044 1344 5096 τὸ
1379 5043 1616 5114 καθορᾷν
1643 5042 1900 5096 δύνασθαι

326 5136 547 5207 καρδίαν
594 5136 809 5209 ἀνδρὸς,
842 5136 1036 5190 εἰδέναι
1069 5155 1127 5190 τε
1176 5136 1247 5189 τὰ
1289 5136 1665 5213 κεκρυμμένα,
1705 5135 1903 5206 πρέποι

327 5226 390 5280 ἂν
417 5229 521 5281 οὐκ
547 5228 819 5298 ἀνθρώπῳ
855 5227 1015 5281 ποθὲν
1048 5228 1154 5281 τῶν
1175 5227 1294 5281 καθ’
1328 5229 1472 5296 ἡμᾶς
1495 5225 1574 5280 ἐνί
1595 5243 1610 5256 ·
1644 5227 1759 5279 ἀλλ’
1791 5227 1901 5280 οὐδ’

328 5320 391 5371 ἂν
450 5319 620 5389 ἑτέρῳ
658 5336 739 5388 τῳ
774 5318 884 5372 τῶν
945 5318 1357 5388 πεποιημένων·
1416 5317 1561 5387 μόνῳ
1608 5316 1663 5369 δὲ
1701 5317 1902 5386 μᾶλλον

328 5411 537 5480 ἐκείνῳ,
571 5410 628 5473 ὃς
671 5409 766 5464 καὶ
808 5409 1009 5463 πλάσαι
1030 5409 1244 5478 λέγεται
1274 5408 1582 5470 καταμόνας
1622 5408 1718 5470 τὰς
1763 5425 1898 5476 καρ-

394 5608 434 5638 ⁸⁷
464 5607 660 5660 Jerem.
693 5621 845 5669 χχιιι,
884 5605 965 5659 16.
1043 5603 1123 5656 “‘l
1155 5602 1281 5658 Cor.
1319 5618 1413 5660 xu.
1468 5603 1520 5655 5.

343 5691 518 5742 Luat,
553 5675 606 5731 6.
683 5677 902 5731 "Joan.
943 5693 1002 5742 ιι,
1037 5674 1226 5730 τιὸ-εδ.
1304 5673 1347 5704 ’⁸
1380 5672 1520 5726 Psal.
1566 5689 1733 5739 xxxii,
1774 5673 1859 5725 15.

1600 5603 1641 5632 ¹⁹
1678 5601 1815 5656 l’sal.
1853 5618 2013 5667 Lux,
2045 5602 2124 5657 l6.
2206 5598 2249 5632 ²⁰
2282 5600 2447 5654 Exod.
2487 5616 2567 5664 ιιι,
2611 5601 2689 5652 10.

2005 4489 2352 4544 crediderunt
2399 4491 2452 4544 in
2502 4491 2719 4547 nomine
2765 4492 2904 4562 ejus,
2960 4484 3208 4547 videntes
3252 4495 3405 4562 signa
3455 4510 3578 4564 qua:

2005 4581 2238 4636 faciebat
2263 4600 2277 4648 ;
2308 4583 2422 4652 ipse
2444 4598 2571 4638 vero
2600 4581 2756 4638 Jesus
2781 4599 2886 4636 non
2909 4584 3164 4637 credebat
3184 4585 3421 4652 seipsum
3445 4587 3581 4654 illis,

2006 4673 2129 4742 quia
2166 4673 2279 4742 ipse
2309 4673 2514 4727 sciebat
2543 4673 2746 4735 omnia,
2781 4681 2835 4726 et
2874 4673 2998 4740 quia
3035 4687 3139 4728 non
3184 4688 3316 4743 opus
3347 4675 3582 4733 habebat

2009 4775 2065 4818 ut
2095 4765 2217 4833 quis
2263 4765 2631 4818 testimonium
2678 4765 2990 4835 perhiberet
3029 4767 3096 4822 de
3141 4767 3360 4824 homine
3405 4789 3418 4824 :
3465 4772 3580 4839 ipse

2008 4857 2153 4910 enim
2182 4855 2384 4909 sciebat
2432 4855 2557 4924 quid
2590 4867 2734 4910 esset
2761 4858 2814 4912 in
2847 4856 3063 4913 homine
3102 4861 3165 4914 ³³.
3207 4878 3225 4910 ι
3261 4861 3371 4930 42
3414 4862 3579 4931 Atqui

2009 4949 2282 5017 inspicere
2321 4964 2478 5018 posse
2513 4964 2608 5003 cor
2647 4950 2905 5018 hominis,
2941 4963 2995 5006 et
3021 4953 3233 5008 occulta
3264 4955 3428 5020 scire,
3473 4971 3580 5009 non

2011 5044 2104 5095 ulli
2143 5043 2346 5096 homini
2380 5042 2469 5111 qui
2510 5043 2578 5097 sit
2625 5047 2797 5099 nosm
2850 5043 3042 5099 similis
3086 5047 3358 5108 convenit,
3408 5061 3582 5115 neque

2010 5147 2140 5187 vero
2173 5133 2262 5186 ulli
2289 5134 2442 5186 alteri
2473 5145 2760 5198 creaturae,
2789 5136 2883 5188 sed
2917 5135 2989 5187 illi
3023 5135 3120 5189 soli
3157 5135 3250 5202 qui
3277 5135 3438 5188 etiam
3472 5137 3576 5191 lin-

2010 5239 2134 5294 gere
2165 5224 2362 5278 dicitur
2395 5224 2704 5294 singillatim
2755 5225 2916 5279 corda
2949 5235 3133 5279 nostra
3157 5225 3222 5278 ”.
3263 5224 3373 5279 lloc
3421 5228 3465 5282 si
3507 5229 3578 5283 ita

2009 5322 2112 5378 est,
2145 5328 2378 5382 quonam
2411 5315 2569 5368 modo
2597 5313 2709 5368 sola
2742 5328 2806 5367 ac
2835 5312 3065 5380 simplici
3095 5314 3452 5384 appellatione
3478 5320 3578 5372 ho-

2011 5412 2231 5456 noratus
2254 5412 2334 5458 est
2364 5403 2700 5466 Emmanuel,
2739 5413 2796 5456 ut
2830 5402 3052 5472 perinde
3089 5419 3151 5458 ac
3183 5404 3356 5459 Moses
3397 5408 3580 5478 appel-

2785 5602 2824 5631 ει
2863 5601 3024 5657 Exod.
3076 5622 3174 5671 vn,
3215 5606 3264 5657 ι.
3355 5607 3397 5637 υ
3429 5606 3569 5662 esu.
