3926 6126
342 268 402 321 79
883 279 888 284 ‘
1340 264 1397 318 S.
1442 263 1712 320 CYRILLI
1751 257 2222 317 ALEXANDRINI
2262 260 2582 319 ARCHIEP.

3529 256 3620 330 ‘80

343 384 480 438 letnr
516 383 678 446 Deus,
707 393 758 437 et
794 397 898 438 non
934 384 1112 453 potius
1160 385 1212 440 id
1241 399 1368 438 vere
1412 385 1482 439 sit
1521 386 1662 455 quod
1693 399 1814 438 esse
1842 385 1918 438 tli-

2023 384 2140 447 δίας
2171 384 2346 454 ἡμῶν.
2389 379 2518 438 Εἶτα
2548 383 2663 447 πῶς
2681 385 2818 456 ’ψιλῇ
2853 386 2948 439 καὶ
2979 387 3116 461 μόνῃ
3155 390 3445 462 τετίμηται
3489 389 3620 463 κλή-

342 475 517 531 uitur?
551 476 779 529 Rursum
811 477 875 530 de
898 489 962 530 eo
992 475 1184 530 scribit
1214 475 1263 528 in
1305 477 1446 528 hunc
1483 477 1698 528 modum
1746 474 1912 528 Joan-

343 583 438 622 nes
467 585 482 621 :
513 587 530 618 ι
563 566 731 632 Quem
762 567 908 621 enim
955 567 1104 621 misit
1140 567 1299 632 Deus,
1331 567 1492 620 verba
1524 566 1614 620 Dei
1662 568 1921 636 loquitur,

341 668 396 713 et
419 675 524 713 non
550 661 614 711 ad
649 673 951 713 mensuram
980 659 1071 711 dat
1100 657 1359 727 Spiritum
1390 658 1455 710 ".
1489 677 1506 708 ι
1536 657 1794 728 lntelligis
1825 659 1927 728 igi-

343 761 432 806 tur
478 751 927 820 quemadmodum
981 749 1143 804 verba
1200 751 1291 803 Dei
1343 749 1620 818 loquatur,
1675 752 1925 820 quamvis

342 845 504 899 homo
533 843 757 912 perinde
792 858 855 897 ac
897 856 994 895 nos
1032 841 1314 895 videatur?
1352 856 1473 895 nam
1507 843 1606 896 soli
1637 853 1691 898 et
1730 859 1925 898 secun-

343 938 469 1006 dum
497 945 745 990 naturam
780 949 844 990 ac
879 948 1004 988 vere
1038 935 1146 987 Deo
1177 941 1434 1003 umquam
1473 933 1729 988 eximium
1763 949 1921 1004 supra

339 1025 522 1079 omnia
559 1033 738 1079 creata
771 1023 1028 1078 convenit
1060 1023 1221 1077 etiam
1257 1021 1416 1076 verba
1463 1036 1619 1092 posse
1661 1024 1924 1093 perﬁcere

341 1118 481 1188 quod
504 1118 552 1172 ei
582 1116 866 1186 placuerit,
899 1126 955 1171 et
987 1116 1158 1170 sancti
1195 1113 1428 1185 Spiritus
1471 1116 1766 1186 participes
1805 1113 1922 1170 elli-

341 1224 466 1263 cere
515 1209 765 1263 homines
819 1208 922 1261 lide
967 1206 1315 1276 justilicatos.
1352 1203 1522 1260 Porro
1577 1205 1692 1260 haec
1741 1205 1920 1260 omnia

341 1307 522 1361 inesse
541 1304 770 1360 Christo
798 1303 1026 1372 quisque
1054 1301 1238 1356 videre
1277 1308 1455 1371 potest
1484 1319 1496 1354 :
1533 1299 1748 1370 leproso
1772 1314 1922 1352 nam-

341 1411 445 1466 que
478 1396 629 1458 dixit,
660 1415 678 1446 ι
709 1393 866 1457 Volo,
897 1391 1159 1446 tnundare
1179 1391 1258 1455 ¹⁶;
1291 1408 1310 1442 ι
1339 1390 1512 1445 viduae
1543 1405 1757 1461 quoque
1789 1389 1920 1454 lilio,

347 1507 363 1538 ι
397 1486 748 1549 Adolescens,
781 1483 874 1538 tibi
907 1483 1050 1547 dico,
1080 1497 1239 1552 surge
1260 1483 1328 1536 ³⁷.
1360 1500 1378 1532 ι
1428 1481 1727 1552 Participes
1756 1481 1921 1534 etiam

341 1579 516 1633 sancti
565 1577 797 1645 Spiritus
852 1574 1144 1644 discipulos
1201 1589 1329 1628 suos
1373 1573 1586 1641 ell'ecit;
1637 1572 1925 1628 insulﬂavit

340 1671 485 1725 enim
511 1669 562 1723 in
587 1683 679 1722 cos
703 1667 892 1722 dicens
919 1684 931 1719 :
961 1684 980 1718 ι
1008 1666 1249 1736 Accipite
1270 1665 1530 1734 Spiritum
1549 1675 1793 1720 sanctum
1817 1665 1916 1718 ".t

2033 493 2114 528 σει
2159 476 2298 528 κατά
2344 477 2545 529 Μωσέα
2591 477 2944 548 χρηματίζων
2979 477 3110 542 Θεὸς
3148 481 3176 532 6
3233 481 3617 553 Ἐμμανουήλ·

2028 568 2121 619 καὶ
2149 567 2270 636 οὐχὶ
2304 567 2368 636 δὴ
2422 567 2617 637 μᾶλλον
2654 568 2915 640 ὑπάρχων
2947 571 3105 625 τοῦτο
3147 573 3289 626 κατὰ
3336 573 3614 644 ἀλήὺειαν,

2025 658 2162 726 ὅπερ
2192 654 2327 710 εἶναι
2362 657 2456 710 καὶ
2487 657 2730 725 λέγεται;
2762 660 2968 730 Γράφει
2999 661 3146 714 οὕτω
3181 663 3343 715 πάλιν
3370 666 3398 717 ὁ
3433 663 3616 718 Ἰωάν-

2026 767 2123 818 νης
2169 749 2296 818 περὶ
2331 747 2526 802 αὐτοῦ’
2564 767 2581 800 ι
2629 751 2724 802 Ὃν
2770 751 2879 820 γὰρ
2922 752 3242 806 ἀπέστειλεν
3272 756 3300 807 6
3362 755 3513 817 Θεὸς,
3547 756 3616 808 τά

2029 841 2250 910 ῥήματα
2279 838 2373 892 τοῦ
2404 839 2538 893 Θεοῦ
2585 840 2768 894 λαλεῖ·
2809 842 2904 895 καὶ
2947 843 3047 896 οὐκ
3091 846 3155 897 ἐκ
3191 846 3388 916 μέτρου
3434 847 3614 899 δίδωσι

2026 931 2086 984 τὸ
2129 931 2372 1001 Πνεῦμα.
2413 951 2432 984 ι
2472 934 2681 997 Συνιεὶς
2729 932 2837 1004 [ἴσ.
2888 936 3109 1002 συνίεις,
3156 938 3214 1007 ἢ,
3269 939 3476 1013 συνίης]
3522 935 3615 993 οὖν

2026 1024 2194 1090 ὅπως,
2227 1021 2402 1078 καίτοι
2441 1024 2562 1076 καθ’
2591 1026 2738 1096 ἡμᾶς
2771 1025 3048 1099 ὁρώμενος
3075 1028 3378 1100 ἄνθρωπος,
3425 1031 3492 1085 τὰ
3519 1033 3616 1101 ρη-

2031 1131 2177 1183 ματα
2203 1113 2296 1166 τοῦ
2319 1113 2454 1168 Θεοῦ
2483 1114 2667 1182 λαλεῖ;
2698 1115 2819 1188 Θεῷ
2848 1118 2956 1188 γὰρ
2992 1119 3141 1190 μόνῳ
3181 1120 3258 1190 τῷ
3286 1121 3422 1174 κατά
3454 1121 3615 1186 φύσιν

2031 1205 2124 1256 καὶ
2162 1203 2398 1274 άληθῶς,
2430 1205 2630 1275 πρέποι
2673 1205 2741 1258 ἂν
2783 1207 2856 1270 ὼς
2908 1207 3182 1280 ἐξαίρετον
3219 1211 3310 1264 καὶ
3345 1211 3482 1283 ὑπὲρ
3514 1212 3614 1284 τὴν

2030 1293 2228 1356 κτίσιν,
2268 1295 2328 1347 τὸ
2361 1295 2468 1348 οιαὶ
2515 1297 2716 1366 ῥήματι
2747 1297 3006 1352 δύνασθαι
3040 1301 3335 1372 κατορθοῦν
3365 1302 3426 1354 τὸ
3472 1305 3612 1358 κατά

2029 1386 2253 1456 γνώμην
2304 1384 2470 1455 αὐτῷ,
2524 1387 2617 1439 καὶ
2669 1389 2928 1458 μετόχους
2978 1392 3259 1446 ἀποτελεῖν
3307 1393 3401 1446 τοῦ
3455 1395 3612 1462 ἁγίου

2028 1474 2366 1544 Πνεῦματος,
2421 1475 2548 1537 τοὺς
2583 1477 2640 1528 ἐν
2677 1477 2861 1530 πίστει
2906 1478 3361 1551 δεδικαιομένους.
3409 1485 3536 1536 Ἴδοι
3567 1483 3612 1536 δ’

2028 1567 2093 1622 ἄν
2119 1585 2202 1630 τις
2245 1569 2302 1620 ὲν
2329 1567 2712 1630 τούτοιςνδντα
2759 1571 3015 1641 Χριστόν.
3063 1574 3204 1644 Ἔφη
3257 1575 3355 1640 μὲν
3383 1573 3492 1645 γὰρ
3536 1575 3614 1645 τῷ

2027 1657 2212 1728 λεπρῷ
2229 1674 2242 1688 ·
2264 1677 2282 1709 ι
2309 1658 2855 1731 Θέ).ω,καοαρίσθητι
2876 1678 2890 1690 °
2927 1681 2944 1713 ι
2966 1661 3044 1736 τῷ
3068 1663 3124 1716 δὲ
3151 1665 3248 1735 τῆς
3275 1668 3451 1738 χήρας
3477 1669 3577 1739 υἱῷ
3597 1684 3610 1700 ·

297 1772 299 1774 ’
343 1762 467 1816 llaec
495 1776 615 1816 cum
657 1761 726 1813 ita
757 1759 889 1825 sint,
925 1758 1195 1829 quomodo
1239 1759 1329 1812 ille
1368 1758 1460 1827 qui
1509 1764 1617 1810 tam
1673 1757 1918 1813 sublimis

2032 1769 2049 1802 ι
2097 1751 2388 1817 Νεανίσκε,
2422 1751 2504 1804 σοι
2536 1751 2696 1820 λέγω,
2733 1753 3010 1824 ἐγέρθητι.
3061 1773 3079 1805 ι
3109 1757 3386 1827 Μετόχους
3424 1760 3480 1812 δὲ
3515 1760 3611 1814 τοῦ

341 1865 445 1918 est,
474 1852 563 1922 qui
592 1851 789 1905 divinis
817 1851 1110 1905 honoribus
1131 1861 1374 1914 ornatus,
1400 1849 1625 1918 perinde
1655 1864 1717 1904 ac
1743 1848 1920 1904 Moses

342 1947 483 2001 Deus
515 1944 656 2000 erit?
685 1942 846 2011 Cujus
877 1941 1018 1996 enim
1049 1941 1150 1993 iste
1191 1956 1284 1992 cor
1321 1941 1512 1992 novit?
1541 1940 1662 2009 quis
1693 1940 1920 1994 credidit

341 2041 394 2092 in
427 2037 644 2092 nomine
673 2035 831 2104 ejus?
859 2048 1016 2104 quem
1060 2047 1154 2102 per
1190 2033 1346 2087 [idem
1376 2033 1426 2086 in
1475 2048 1533 2087 se
1556 2032 1919 2102 justilicavit?

340 2125 558 2178 ubinam
596 2124 809 2176 locutus
847 2131 950 2187 est,
982 2131 1039 2175 ut
1072 2119 1263 2186 Filius,
1301 2122 1461 2175 verba
1497 2120 1634 2176 Dei?
1669 2121 1916 2191 quamvis

340 2215 679 2284 perSpicuum
712 2213 780 2268 sit
811 2213 984 2283 ipsum
1018 2213 1084 2266 ad
1115 2211 1444 2268 ﬁliosvlsrael
1475 2214 1764 2278 clamasse,
1794 2213 1917 2268 llaec

339 2307 470 2360 dicit
509 2305 803 2370 Dominus;
832 2313 888 2358 et
926 2305 1206 2360 domestici
1250 2305 1482 2359 hominis
1521 2319 1828 2359 mensuram
1864 2315 1918 2358 et

339 2397 562 2465 gradum
603 2395 890 2458 habuisse;
925 2394 1025 2447 fuit
1060 2393 1204 2447 enim
1246 2395 1360 2462 ipse
1392 2403 1648 2463 tanquam
1684 2394 1917 2448 famulus

341 2492 392 2541 in
415 2491 571 2541 domo
595 2489 684 2538 Dei
709 2484 907 2538 “Jam
939 2485 982 2539 si
1014 2499 1078 2539 eo
1103 2488 1258 2539 modo
1284 2485 1448 2540 Filius
1465 2498 1548 2541 est
1579 2485 1914 2553 Emmanuel,

339 2597 445 2649 quo
483 2590 538 2633 ct
581 2579 667 2632 ille
697 2577 991 2632 secundum
1023 2592 1242 2632 carnem
1295 2578 1482 2643 Israel,
1532 2577 1585 2632 in
1635 2592 1914 2632 servorum

339 2671 584 2724 ordinem
620 2670 872 2739 redegisti
906 2667 1053 2723 illunt
1080 2685 1142 2722 ex
1173 2679 1364 2723 natura
1393 2669 1642 2738 liberum,
1669 2673 1917 2741 quamvis

339 2772 557 2829 propter
587 2774 806 2813 carnem
852 2767 907 2812 et
949 2760 1308 2828 proprietates
1351 2762 1532 2816 carnis
1560 2763 1703 2816 servi
1743 2761 1914 2817 forma

337 2853 409 2907 sit
465 2853 639 2906 factus
680 2867 694 2904 :
732 2851 784 2903 in
831 2851 1017 2904 eadem
1070 2866 1322 2906 mensura
1379 2853 1682 2923 eodemque
1730 2857 1917 2911 ordine

337 2945 609 2999 collocasti
650 2959 771 2997 eum
819 2943 903 2998 his
943 2944 1041 3013 qui
1077 2955 1203 2998 sunt
1237 2959 1330 3014 per
1371 2946 1600 3014 gratiam
1637 2947 1750 3010 ﬁlii,
1793 2963 1913 3000 eum

337 3054 432 3106 per
475 3052 633 3105 quem
677 3035 754 3089 illi
795 3036 1101 3103 adoptionis
1130 3037 1301 3103 gratia
1333 3045 1460 3089 sunt
1509 3038 1686 3090 ditati.
1719 3036 1916 3090 Factus

2028 1839 2182 1907 ἁγίου
2222 1841 2537 1911 Πνεῦματος
2575 1842 2698 1905 τοὺς
2746 1842 2907 1906 ἰδίους
2953 1844 3318 1918 ἐνέφηνε-[εἴθ’.
3348 1849 3610 1922 ἀνέφηνε]

2030 1934 2314 2006 μαθητάς·
2364 1933 2662 2006 ἐνεφύσησε
2704 1934 2812 2006 γὰρ
2837 1937 3051 2000 αὐτοῖς,
3098 1936 3299 2005 λέγων·
3339 1957 3358 1990 ι
3400 1941 3608 1994 Λάϐετε

2025 2028 2248 2097 Πνεῦμα
2293 2028 2466 2096 ἅγιον.
2505 2045 2523 2078 ι
2561 2023 2691 2080 Εἶτα
2729 2028 2850 2081 τίνα
2880 2029 3081 2100 τρόπον
3125 2031 3153 2082 6
3196 2032 3276 2095 είς
3304 2028 3462 2086 τοῦτο
3498 2034 3608 2088 διε-

2023 2118 2294 2188 ληλακὼς,
2335 2121 2428 2173 καὶ
2459 2118 2824 2190 θεοπρεπέσιν
2854 2120 3125 2185 εὐκλείαις
3149 2125 3607 2196 κατεστεμμένος,

2023 2212 2165 2266 οὕτω
2192 2212 2324 2276 Θεὸς
2349 2211 2415 2265 ἂν
2441 2211 2548 2283 εἴη,
2573 2213 2827 2284 καθάπερ
2853 2213 3043 2284 ἀμέλει
3073 2216 3168 2268 καὶ
3187 2216 3216 2268 6
3246 2218 3482 2288 Μωσῆς;
3511 2219 3611 2289 τὴν

2027 2301 2134 2374 [ἴσ.
2155 2302 2214 2366 ὃς
2230 2301 2350 2373 τὴν]
2370 2302 2513 2364 τίνος
2528 2301 2670 2370 ἔγνω
2693 2303 2919 2373 καρδίαν
2939 2323 2953 2371 ;
2970 2305 3054 2369 τίς
3071 2306 3431 2360 πεπίστευκεν
3450 2311 3530 2371 εἰς
3547 2307 3608 2361 τὸ

2022 2395 2192 2464 ὄνομα
2220 2394 2413 2459 αὐτοῦς
2434 2393 2554 2448 τίνα
2575 2393 2889 2448 δεδικαίωκε
2922 2395 3007 2450 διὰ
3030 2399 3128 2467 τῆς
3150 2399 3380 2463 πίστεως
3400 2401 3498 2471 τῆς
3525 2401 3606 2465 είς

2024 2487 2248 2551 ὲαυτὸν;
2300 2483 2402 2538 ποῦ
2454 2483 2773 2555 λελάληκεν,
2804 2486 2876 2550 ὡς
2920 2487 3069 2551 Υἱὸς,
3099 2486 3194 2540 τοῦ
3235 2489 3370 2542 Θεοῦ
3399 2489 3468 2543 τὰ
3505 2493 3606 2562 ῥή-

2026 2597 2202 2650 ματα;
2239 2578 2415 2632 καίτοι
2459 2595 2521 2644 γε
2564 2577 2851 2648 κεκραγὼς
2879 2580 3069 2650 ὁρᾶται
3127 2583 3234 2644 τοῖς
3267 2582 3325 2649 ἐξ
3367 2583 3603 2652 Ἰσραὴλ,

2024 2673 2161 2727 Τάδε
2190 2672 2339 2741 λέγει
2386 2671 2608 2741 Κύριος·
2641 2671 2734 2724 καὶ
2789 2672 2986 2742 μέτρον
3020 2672 3156 2743 ἔχων
3183 2675 3478 2727 οἰκετικόνο
3519 2676 3604 2743 γέ-

2023 2781 2145 2832 γονε
2185 2763 2294 2833 γὰρ
2324 2762 2512 2825 πιστὸς
2539 2763 2616 2825 ὡς
2655 2761 2908 2833 θεράπων
2941 2763 2998 2814 ἐν
3035 2763 3112 2833 τῷ
3147 2765 3281 2835 οἴκῳ
3317 2765 3410 2818 τοῦ
3442 2765 3598 2823 Θεοῦ.

2022 2853 2084 2932 Ei
2112 2852 2166 2904 δὲ
2197 2852 2260 2921 δὴ
2295 2853 2389 2905 καὶ
2421 2851 2591 2915 οὕτως
2623 2851 2750 2914 Υἱὸς
2790 2854 2818 2905 6
2858 2852 3223 2924 Ἐμμανουὴλ,
3264 2855 3407 2908 καθὰ
3451 2856 3546 2910 καὶ
3575 2857 3603 2908 6

2023 2943 2162 2996 κατὰ
2208 2943 2388 3013 σάρκα
2428 2941 2666 3011 γεγονὼς
2713 2941 2949 3014 Ἰσραὴλ,
2983 2945 3351 3015 κατεκόμισας
3391 2947 3450 2999 ὲν
3481 2945 3602 2999 δού-

2021 3033 2132 3095 λοις
2184 3032 2272 3085 τὸν
2317 3032 2460 3085 κατά
2492 3031 2652 3100 φύσιν
2686 3032 2819 3085 ἰδίαν
2854 3033 3152 3105 ἐλεύθερον,
3192 3035 3294 3089 κᾶν
3323 3037 3370 3089 εί
3413 3036 3602 3106 γέγονε

339 3138 424 3182 est
473 3127 617 3181 enim
652 3125 1050 3194 Primogenitus
1077 3134 1317 3178 nostrum
1348 3136 1567 3195 propter
1613 3127 1918 3180 humanita-

2023 3124 2206 3177 δούλου
2237 3123 2437 3194 μορφὴ,
2480 3123 2568 3178 διά
2605 3141 2688 3176 τοι
2713 3123 2810 3197 τὴν
2857 3124 3032 3196 σάρκα
3080 3127 3175 3178 καὶ
3209 3125 3278 3179 τὰ
3309 3128 3512 3198 αὐτῆςο
3545 3129 3602 3180 ὲν

338 3229 448 3271 tem
468 3235 482 3282 ;
501 3217 593 3271 sed
614 3216 774 3270 etiam
800 3216 878 3269 sic
904 3230 1009 3283 qua
1044 3215 1253 3268 ratione
1293 3214 1432 3269 Dcus
1457 3226 1592 3280 erat,
1621 3218 1919 3287 permansit

339 3313 666 3379 unigenitus.
705 3309 816 3363 llac
857 3310 1088 3373 ratione,
1136 3319 1191 3361 ιιι
1227 3309 1303 3361 ait
1349 3309 1536 3361 beatus
1568 3306 1785 3373 Paulus,
1837 3307 1917 3360 in-

341 3404 646 3458 traductum
683 3416 710 3452 a
755 3399 916 3453 Patre
963 3399 1474 3468 l’rimogenitum'in
1510 3399 1694 3454 orbem
1747 3409 1918 3453 terra-

340 3510 482 3559 rum,
517 3508 763 3562 supernat
793 3492 896 3546 illa:
930 3495 1156 3546 virtutes
1197 3493 1425 3546 adorare
1452 3491 1711 3559 jubentur
1746 3492 1791 3523 ³ο
1820 3508 1834 3544 :
1864 3499 1916 3544 et

339 3588 514 3640 latens
557 3585 610 3637 in
655 3584 770 3653 ipso
803 3583 1123 3655 mysterium
1168 3583 1392 3647 edat-tre,
1423 3582 1919 3652 glorilicationihus

341 3690 614 3745 nunquam
648 3675 986 3729 cessantibus
1021 3673 1299 3728 celebrant
1339 3675 1484 3727 illum
1521 3689 1684 3727 unum
1727 3681 1782 3726 et
1824 3687 1917 3725 na-

343 3779 459 3820 tura
488 3774 542 3820 et
568 3779 694 3818 vere
732 3763 945 3818 Filium.
985 3763 1116 3817 Nam
1152 3765 1196 3818 si
1233 3765 1297 3818 iis
1331 3765 1420 3832 qui
1476 3779 1533 3818 se
1576 3773 1914 3832 receperunt,

340 3859 432 3911 dat
463 3865 782 3926 potestatem
809 3865 866 3910 ut
897 3855 989 3909 ﬁlii
1024 3855 1112 3909 Dei
1147 3854 1297 3920 ﬁant,
1327 3864 1383 3908 ut
1408 3854 1641 3909 Joannes
1669 3857 1743 3907 ait
1767 3856 1832 3918 ³¹,
1865 3866 1917 3910 et

338 3949 384 4003 si
435 3963 618 4004 verum
675 3955 758 4001 est
800 3947 918 4015 ejus
985 3947 1179 4016 spiritu
1229 3945 1474 4016 nosipsos
1522 3961 1735 4016 quoque
1781 3945 1917 4001 ﬁlios

342 4038 494 4092 ﬁeri:
527 4036 634 4110 5.3
671 4055 690 4089 ι
727 4039 877 4092 Misit
914 4038 1058 4092 enim
1098 4037 1240 4090 Deus
1279 4037 1525 4105 Spiritum
1569 4035 1688 4090 Filii
1732 4038 1812 4091 sui
1862 4037 1914 4090 in

341 4131 502 4187 corda
525 4137 708 4186 nostra
726 4130 1072 4193 clamantem,
1095 4130 1244 4183 Abba
1265 4128 1423 4183 Pater
1439 4129 1486 4160 ³¹
1509 4144 1556 4179 τι
1598 4143 1754 4182 nemo
1775 4141 1919 4183 recte

340 4223 579 4281 sentiens
607 4223 750 4276 hunc
802 4222 942 4275 ferat
977 4221 1270 4288 dicentem,
1304 4221 1454 4274 illum
1485 4221 1670 4275 eodem
1705 4233 1919 4289 quoque

339 4317 500 4368 modo
550 4328 671 4366 esse
700 4312 916 4375 Filiam,
953 4328 1059 4380 quo
1090 4311 1362 4366 Israeletn.
1416 4311 1515 4377 Qui
1568 4321 1748 4364 autem
1802 4310 1916 4364 ﬁeri

341 4413 517 4471 potest
543 4415 600 4458 ut
625 4404 813 4458 eodem
852 4403 1061 4458 dicatur
1092 4403 1252 4458 modo
1283 4402 1554 4467 Christus,
1583 4419 1688 4472 quo
1719 4402 1919 4457 dicitur

2023 3216 2122 3287 ῖσῳ
2148 3217 2397 3280 τέθεικας
2425 3217 2606 3288 μέτρῳ
2631 3219 2744 3281 τοῖς
2767 3218 2907 3272 κατά
2945 3218 3105 3290 χάριν
3134 3221 3273 3284 υἱοῖς
3322 3220 3412 3282 τὸν
3449 3221 3518 3274 δι’
3543 3221 3603 3276 ὃν

2020 3310 2216 3362 ἐκείνοι
2254 3309 2352 3380 τὴν
2391 3311 2490 3380 τῆς
2519 3309 2786 3373 υἱοθεσίας
2829 3310 3231 3382 πεπλουτήκασι
3271 3313 3462 3383 χάριν·
3512 3331 3602 3368 κε-

2018 3400 2325 3472 χρημάτικε
2357 3401 2455 3470 μὲν
2481 3399 2590 3471 γὰρ
2615 3401 2964 3471 Πρωτότοκος
2991 3402 3148 3472 ἡμῶν
3180 3402 3268 3457 διὰ
3298 3403 3358 3456 τὸ
3386 3402 3600 3474 ἀνθρώ-

2019 3508 2203 3545 πινονο
2246 3491 2383 3562 πλὴν
2424 3492 2519 3545 καὶ
2545 3492 2686 3545 οὕτω
2726 3493 3002 3563 μεμένηκε
3040 3494 3335 3565 μονογενὴς
3359 3494 3442 3558 ὼς
3468 3494 3603 3558 Θεὸς

2018 3583 2292 3656 ταύτῃτοι,
2343 3584 2487 3638 καθὰ
2547 3583 2713 3653 φησιν
2760 3587 2788 3639 6
2839 3583 3148 3654 σοφώτατος
3192 3585 3424 3650 Παῦλος,
3468 3589 3602 3640 sla-£-

1974 3681 1979 3687 '
2019 3674 2273 3744 νεχθέντα
2302 3674 2451 3744 παρά
2488 3671 2581 3725 τοῦ
2618 3673 2831 3743 Πατρὸς
2877 3673 2967 3725 τὸν
3015 3673 3358 3744 πρωτότοκον
3381 3674 3460 3736 είς
3500 3673 3602 3744 τὴν

2019 3768 2341 3838 οἰκουμένην
2386 3769 2809 3839 προστάττονταί
2845 3770 3174 3840 προσκυνεῖν
3208 3768 3262 3820 αἱ
3296 3767 3407 3821 ἄνω
3435 3765 3599 3819 δυνά-

2023 3878 2175 3930 μεις·
2212 3861 2305 3914 καὶ
2332 3861 2402 3912 τὸ
2432 3860 2517 3912 ἐπ’
2551 3860 2696 3929 αὐτῷ
2733 3859 3000 3931 μαθοῦσαι
3036 3861 3350 3930 μυστήριον,
3395 3859 3599 3911 ἀκατα-

2019 3951 2237 4020 λήκτοις
2287 3949 2615 4017 δοξολογίαις
2663 3949 2980 4021 γεραίρουσι
3024 3949 3115 4002 τὸν
3158 3949 3252 4002 ἕνα
3297 3947 3390 4002 καὶ
3439 3946 3599 4016 φύσει

2021 4040 2111 4092 καὶ
2150 4040 2361 4108 ἀληθῶς
2392 4040 2536 4093 Υἱόν.
2576 4041 2634 4092 Εἰ
2664 4040 2774 4111 γὰρ
2822 4039 3037 4092 δίδωσιν
3081 4038 3330 4104 ἐξουσίαν
3364 4041 3477 4102 τοῖς
3508 4039 3602 4092 λα·

2020 4130 2204 4184 δοῦσιν
2260 4133 2420 4184 αὑτὸν
2473 4132 2636 4185 τέκνα
2681 4130 2814 4184 Θεοῦ
2868 4130 3152 4198 γενέσθαι,
3198 4128 3339 4183 κατά
3387 4145 3452 4197 γε
3503 4128 3600 4200 τὴν

2033 4223 2278 4276 Ἰωάννου
2312 4224 2514 4294 φωνὴν,
2549 4225 2639 4278 καὶ
2669 4223 2830 4295 εἴπερ
2862 4224 3008 4275 ἐστὶν
3036 4221 3229 4292 ἀληθὲς
3258 4221 3334 4282 ὡς
3369 4223 3603 4274 υίοποιεῖ

2020 4313 2081 4364 τὸ
2115 4311 2338 4380 Πνεῦμα
2367 4311 2533 4364 αὑτοῦ
2562 4315 2654 4366 καὶ¹
2702 4316 2848 4384 ἡμᾶς
2877 4312 3108 4373 αὐτούς’
3148 4330 3166 4361 ι
3220 4309 3601 4372 Ἐξαπέστειλε

2022 4402 2130 4473 γὰρ
2160 4405 2188 4455 ὁ
2219 4402 2348 4466 Θεὸς
2379 4404 2439 4455 τὸ
2473 4403 2695 4474 Πνεῦμα
2725 4403 2818 4456 τοῦ
2853 4402 2983 4456 Υίοῦ
3028 4400 3190 4454 αὐτοῦ
3219 4401 3298 4463 εἰς
3327 4399 3426 4463 τὰς
3462 4417 3600 4471 καρ-

338 4511 460 4552 esse
511 4497 673 4550 etiam
725 4494 899 4565 Cyrus
955 4495 1046 4550 ille
1101 4509 1193 4550 rex
1239 4495 1548 4557 Persarum,
1592 4503 1648 4549 et
1695 4504 1916 4550 sanctus

2023 4493 2135 4555 δίας
2166 4492 2323 4562 ἡμῶν
2371 4495 2593 4562 κράξον,
2630 4494 2797 4546 Ἀὃόᾶ
2839 4494 2868 4544 6
2905 4491 3091 4564 Πατήρ
3113 4507 3126 4520 '
3163 4509 3183 4542 ι
3211 4491 3500 4560 ἀνάσχοιτο
3534 4491 3600 4545 ἂν

339 4590 610 4656 quomodo
657 4586 792 4642 Medi
838 4602 1056 4656 quoque
1111 4586 1210 4656 ipsi
1247 4602 1311 4642 ac
1358 4585 1576 4642 Persae?
1625 4584 1744 4640 Jam
1787 4601 1914 4640 vero

339 4681 521 4731 dicere
563 4678 764 4742 licebit,
811 4695 877 4732 ue
913 4681 1306 4734 sanctiﬁcatum
1348 4679 1565 4748 quidem
1604 4693 1724 4733 esse
1753 4677 1912 4732 Chri-

337 4778 481 4823 stum
519 4769 852 4834 humanitus,
885 4772 1132 4838 quamvis
1175 4771 1226 4823 in
1271 4785 1396 4824 eum
1440 4772 1701 4826 columba:
1736 4770 1915 4840 specie

337 4866 560 4912 sanctus
605 4855 840 4925 Spiritus
885 4857 1140 4912 insederit
1183 4857 1247 4910 ³³.
1300 4857 1433 4911 Nam
1478 4858 1652 4928 Cyrus
1699 4858 1912 4926 quidem

336 4948 626 5018 Cambysae
656 4947 798 5003 ﬁlius
819 4946 946 5002 olim
977 4949 1276 5002 exercitum
1305 4949 1458 5002 duxit
1483 4949 1536 5001 in
1567 4947 1910 5018 Babylonios.

337 5038 431 5093 sed
461 5049 638 5093 tamen
664 5037 719 5092 in
751 5051 939 5093 errore
976 5037 1308 5104 versabatur,
1349 5049 1404 5092 et
1449 5038 1676 5108 impuris
1715 5041 1913 5094 daemo-

411 5220 455 5251 “
479 5218 631 5274 Joan.
663 5236 743 5281 ιιι.
770 5217 859 5277 δέ,
936 5219 981 5251 ³⁸
1013 5216 1200 5280 Matth.
1227 5233 1342 5282 vm,
1368 5219 1421 5272 5.
1498 5219 1544 5250 ⁸⁷
1584 5217 1714 5273 Luc.
1749 5235 1846 5286 vn,
1890 5221 1974 5275 H.

889 5289 931 5322 ³³
962 5287 1136 5343 Galat.
1180 5302 1250 5353 tv,
1283 5290 1336 5344 6.
1415 5289 1459 5319 ³³
1494 5287 1683 5343 Matth.
1721 5306 1802 5352 ιιι,
1837 5293 2018 5356 lli,t'l.

340 5288 378 5319 ³¹
414 5287 606 5343 Ηυειιι.
646 5308 726 5353 ιιι,
763 5290 811 5345 1.

2016 4585 2188 4648 οὐδεὶς
2230 4585 2336 4638 τῶν
2385 4583 2444 4640 εῦ
2499 4589 2713 4660 φρονεῖν
2757 4585 3047 4648 εἰωθότων,
3084 4583 3273 4637 τούτου
3318 4583 3597 4653 λέγοντος,

2016 4677 2185 4743 οὕτως
2212 4675 2349 4732 εἶναι
2380 4680 2472 4732 καὶ
2497 4681 2656 4733 αὑτὸν
2686 4678 2832 4743 Υίδν,
2865 4679 2942 4741 ὡς
2966 4678 3054 4731 τὸν
3098 4677 3337 4749 Ἰσραήλ.
3379 4677 3504 4741 Πῶς
3542 4676 3600 4729 δὲ

2018 4771 2111 4822 καὶ
2151 4768 2292 4823 οὕτω
2339 4771 2570 4841 Χριστὸς
2615 4770 2709 4823 καὶ
2757 4769 2932 4838 ἅγιος,
2980 4770 3054 4832 ὡς
3091 4770 3157 4823 ἂν
3207 4763 3346 4822 εἶναι
3391 4767 3600 4837 λέγοιτο

2017 4861 2237 4931 χριστὸς
2277 4862 2460 4932 Κῦρός
2498 4878 2558 4913 τε
2595 4863 2624 4915 ό
2649 4862 2758 4914 τῶν
2787 4860 3012 4933 Περσῶν
3055 4857 3474 4929 βεϐασιλευκὼς,
3505 4859 3598 4912 καὶ

2021 4951 2126 5022 μὴν
2167 4953 2263 5005 καὶ⁷
2286 4952 2439 5006 αὐτοὶ
2473 4952 2583 5022 (12)
2611 4953 2817 5023 Πέρσαι
2847 4969 2906 5007 τε
2956 4955 3050 5007 καὶ
3084 4952 3295 5022 Μῆδοι;
3325 4951 3467 5022 Ὥρα
3492 4948 3600 5018 γὰρ

2019 5042 2191 5094 εἰπεῖν
2239 5040 2370 5110 μηδὲ
2409 5040 2665 5109 ἡγιάσοαι
2716 5041 2946 5111 Χριστὸν
2996 5041 3369 5111 ἀνθρωπίνως,
3424 5037 3598 5091 καίτοι

2076 5221 2122 5254 ³⁸
2150 5221 2306 5277 Joan.
2333 5239 2419 5286 xx,
2445 5223 2533 5275 ‘23.
2633 5223 2677 5252 ”
2712 5222 2880 5276 Hebr.
2918 5239 3000 5289 ιιι,
3026 5224 3079 5277 4.
3157 5223 3202 5254 ³ο
3237 5221 3402 5277 Hebr.
3433 5237 3474 5286 ι,
3507 5219 3560 5276 6.

1580 5464 1739 5521 ΑΝΓ.
1779 5464 2047 5522 AGELLII
2091 5464 2324 5520 NO'I'JE.

417 5614 530 5737 (τῦ)
560 5615 864 5687 Legcmlnm
903 5618 1131 5688 videtur,
1199 5621 1286 5674 καὶ
1325 5622 1430 5692 μὴν
1471 5623 1563 5675 καὶ

417 5704 438 5737 u
471 5726 485 5737 .

339 5699 485 5742 l’ttttt.

1644 5622 1788 5689 ἅγιοι
1834 5621 1918 5689 na,

2026 5639 2059 5674 ι.
2112 5623 2201 5678 Sic
2273 5640 2504 5695 namque
2553 5627 2909 5696 prwccdcntia
2981 5641 3042 5680 ac
3090 5621 3369 5692 sequentia
3412 5617 3584 5688 τειιυί·
