3926 6126
328 386 398 445 85
1150 352 1155 367 ‘
1318 371 1377 428 ε.
1419 364 1692 426 cvmua
1735 359 1901 418 sua}

2007 358 2198 415 JDRlNI
2236 360 2558 417 ARCHIEP.
3515 365 3585 423 ει

329 510 518 559 mutua
561 498 964 563 communione,
1015 504 1177 564 atque
1229 490 1394 544 etiam
1436 483 1748 555 aequalitate
1793 487 1900 533 tam

2007 478 2144 544 νίας,
2176 480 2270 533 καὶ
2304 479 2413 552 μὴν
2455 479 2550 534 καὶ
2599 477 2844 549 ἰσότητος
2872 476 3148 544 οὖσιωδῶς
3179 480 3431 535 τοσοῦτον
3478 484 3587 555 ἀφ-

330 608 529 664 magno
554 590 804 649 essentia:
824 586 1138 643 discrimine
1161 581 1429 650 disiuncta
1456 587 1604 642 sunt,
1629 575 1682 629 in
1717 586 1900 635 unam,

329 696 392 741 ut
421 687 538 755 ipse
574 684 732 749 dicis,
777 679 1155 736 auctoritatem
1188 671 1510 742 colligenda,
1561 678 1615 723 et
1654 664 1767 736 pari
1807 664 1905 717 ho-

330 793 466 834 nore
491 789 682 833 censa
722 770 1006 829 ornamla?
1038 767 1149 843 ‘Ubi
1195 777 1428 834 namque
1467 774 1690 832 prorsus
1726 755 1905 809 minor

328 868 660 931 est‘natura,
690 864 776 920 cui
802 861 972 917 altera
1013 855 1417 928 superponitur,
1448 853 1537 921 qui
1582 847 1696 903 ﬁeri
1729 853 1904 931 potest

331 968 391 1012 ut
414 956 489 1012 illi
529 928 807 1021 contingat
830 957 887 1006 et
914 947 1119 1020 paritas
1148 940 1394 1006 honoris,
1425 946 1481 994 et
1511 933 1792 1006 aequalitas
1822 928 1902 1021 di:

330 1046 571 1117 guitatis,
597 1054 651 1099 et
675 1018 814 1098 idem
841 1018 1168 1108 minimeque
1191 1035 1436 1089 diversus
1457 1026 1643 1097 gloriae
1673 1018 1902 1117 modus?

332 1112 486 1202 Quod
522 1144 704 1190 autem
744 1129 1178 1201 coniunctionem
1213 1120 1511 1193 appellans.
1544 1131 1661 1173 eam
1696 1112 1904 1170 scilicet

331 1241 449 1295 qum
474 1241 541 1282 ex
568 1225 763 1282 vicinia
795 1224 911 1279 sola
946 1220 1030 1277 vel
1060 1217 1352 1276 secundum
1381 1210 1792 1283 appositionem,
1819 1202 1903 1295 vel

331 1294 627 1374 secundum
656 1314 1030 1372 habitudinem
1065 1308 1404 1379 intelligitur,
1444 1304 1558 1372 ipse
1586 1298 1701 1354 suis
1739 1294 1905 1349 ratio-

332 1409 489 1465 nibus
516 1408 855 1473 adversatur,
882 1414 940 1460 et
970 1419 1089 1474 quae
1119 1397 1389 1457 destruxit
1415 1392 1667 1456 aediﬁcat,
1699 1397 1753 1444 et
1782 1400 1904 1457 quae

331 1492 618 1549 demolitus
645 1503 729 1549 est
751 1493 934 1562 erigit,
964 1492 1180 1564 planum
1217 1486 1306 1542 ﬁet
1333 1499 1398 1542 ex
1423 1485 1524 1538 hoc
1556 1492 1745 1535 rursus
1774 1494 1791 1531 ι
1825 1475 1904 1530 sic

331 1598 565 1655 namque
593 1584 729 1639 dixit
752 1602 771 1639 ι

282 1716 303 1734 .
403 1672 685 1748 [Νεετοιι.
713 1674 839 1730 ideo
871 1672 994 1728 volo
1022 1686 1116 1726 vos
1144 1676 1302 1726 caute
1334 1667 1667 1734 ﬁrmiterque
1696 1671 1895 1716 tenere.

336 1762 536 1818 Divisio
562 1762 706 1816 nulla
740 1759 1235 1831 estconiunctiouis
1251 1756 1556 1829 dignitatis,
1588 1751 1861 1807 tiliationis
1888 1769 1899 1804 :

333 1856 436 1909 hoc
476 1854 649 1925 ipsum
683 1854 826 1923 quod
869 1852 1116 1909 Christus
1153 1858 1256 1916 est,
1291 1848 1489 1904 nullam
1531 1844 1737 1915 patitur
1769 1842 1904 1898 divi-

331 1947 538 2003 sionem
562 1964 577 2000 ι
600 1947 694 2002 sed
720 1945 935 2002 deitatis
959 1955 1010 2001 et
1030 1941 1383 2001 humanitatis
1404 1946 1487 1995 est
1510 1936 1722 1994 divisio.
1742 1932 1905 1989 Chri-

332 2046 473 2105 stus,
497 2054 599 2108 qua
624 2038 893 2105 Christus,
919 2036 1225 2093 individuus
1250 2039 1333 2101 est
1359 2050 1372 2087 :
1400 2044 1572 2100 neque
1598 2027 1742 2084 enim
1765 2025 1904 2080 duos

330 2132 569 2188 christos
619 2131 902 2197 habemus,
933 2144 1107 2200 neque
1132 2129 1266 2184 duos
1306 2125 1483 2180 ﬁlios:
1511 2138 1613 2177 non
1655 2120 1797 2176 enim
1820 2125 1905 2174 est

332 2220 470 2292 apud
498 2238 597 2279 nos
617 2223 819 2294 primus
841 2232 896 2279 et
917 2221 1210 2283 secundus,
1240 2232 1411 2288 neque
1436 2216 1575 2271 alius
1625 2225 1680 2270 et
1718 2214 1857 2270 alius
1882 2226 1899 2265 :

331 2328 505 2382 neque
529 2329 717 2371 rursus
751 2314 891 2370 alius
932 2311 1191 2377 Filius,et
1217 2311 1355 2366 alius
1376 2323 1633 2373 rursum;
1660 2307 1753 2363 sed
1788 2307 1902 2374 ipse

332 2404 421 2461 ille
452 2420 590 2462 unus
628 2416 712 2462 est
742 2406 936 2475 duplex
967 2422 981 2460 :
1028 2420 1134 2463 non
1179 2402 1463 2467 dignitate,
1503 2401 1596 2456 sed
1642 2397 1900 2470 natura]

962 2540 1114 2598 CAP.
1162 2540 1268 2596 VL.

401 2685 624 2756 Explica
659 2683 793 2739 mihi
842 2695 1034 2737 rursus
1080 2679 1338 2750 quidnam
1391 2691 1514 2733 esse
1571 2675 1900 2730 individuam

329 2772 773 2845 coniunctionem
812 2772 947 2828 dicis
972 2773 997 2825 ?
1037 2769 1400 2832 Uuitatemne,
1456 2769 1752 2824 secundum
1805 2767 1902 2836 hy-

326 2864 589 2935 postasim
619 2864 893 2929 nimirum,
931 2877 1093 2934 quam
1125 2861 1227 2932 ipsi
1262 2860 1618 2930 praedicamus
1653 2873 1775 2915 cum
1805 2874 1902 2930 pro

329 2957 642 3028 dogmatum
693 2956 924 3012 veritate
975 2964 1274 3018 certamus,
1309 2969 1376 3008 an
1423 2968 1551 3008 vero
1606 2952 1746 3007 hanc
1779 2966 1900 3018 quae

329 3050 624 3105 secundum
653 3051 1068 3119 appositionem,
1093 3056 1146 3102 et
1173 3047 1397 3116 alicujus
1426 3046 1491 3100 ad
1518 3045 1722 3115 aliquid
1761 3045 1892 3100 vici-

2004 574 2273 646 εστηκότα
2316 574 2598 644 συλλέγειν
2644 576 2724 638 είς
2774 574 2925 646 μίαν,
2957 574 3100 630 καθά
3145 576 3252 648 φὴς
3279 575 3461 640 αὐτὸς.
3492 579 3587 631 αὖ-

2005 670 2255 735 θεντίαν,
2299 670 2395 725 καί¹
2435 670 2622 740 τιμαῖς
2671 670 2792 733 ταῖς
2841 670 2985 733 ῐσαις
3028 669 3326 738 στεφανοῦν
3374 669 3583 736 ἁξιοίςς

2005 762 2180 816 Ὅπου
2211 761 2320 833 7&9
2351 760 2488 824 ὅλως
2516 763 2906 831 μειονεκτείται
2959 759 3141 830 φύσις,
3177 761 3369 832 ἐτέρας
3417 763 3586 834 ὑπερ-

2003 853 2283 924 κειμένης,
2323 851 2441 916 πῶς
2472 851 2539 906 ἀν
2566 852 2703 923 αὐτῇ
2745 853 3102 923 προσγένοιτο
3127 854 3222 907 καὶ
3249 853 3430 925 γερῶν
3471 855 3581 907 ἰσό-

2001 964 2122 1020 της,
2154 947 2249 1001 καὶ
2279 944 2589 1018 ίσομοιροῦν
2629 943 2870 1015 ἀξίωμα,
2907 946 3001 1001 καὶ
3025 949 3053 1001 ὁ
3077 946 3179 1017 τῆς
3202 945 3453 1011 εὐκλείας
3485 948 3582 1019 οὐχ

2002 1039 2189 1110 ἕτερος
2226 1038 2462 1113 τρόπος;
2494 1038 2614 1091 Ὅτι
2659 1037 2717 1090 δὲ
2766 1037 3063 1106 συνάφειαν
3107 1037 3409 1110 ὀνομάζων,
3438 1039 3581 1110 τάχα

2006 1150 2104 1187 που
2160 1131 2260 1205 τὴν
2315 1132 2433 1213 κατ’
2462 1130 2737 1201 ἐγγύτητα
2784 1131 2954 1202 μόνην
2999 1130 3094 1184 καὶ
3153 1130 3283 1203 [ίσ.
3437 1130 3580 1185 κατά

2004 1222 2327 1295 παράθεσιν,
2357 1223 2523 1293 ηγουν
2568 1220 2826 1292 σχετικὴν
2877 1221 3196 1293 νοουμένην,
3244 1222 3410 1285 αὐτὸς
3466 1224 3579 1287 τοῖς

2007 1318 2155 1382 ἰδίοις
2181 1315 2563 1370 ἀντανίσταται
2611 1313 2810 1382 λόγοις.
2846 1313 2883 1368 ἃ
2919 1312 3215 1367 κατέλυσεν
3256 1313 3574 1386 οἰκοδομῶν,

2005 1409 2099 1463 καὶ
2140 1407 2361 1472 ἀνιστὰς
2404 1406 2463 1460 τὸ
2495 1405 2898 1478 καθῃρημένον,
2936 1405 3109 1476 σαφὲς
3138 1405 3205 1460 ἂν
3243 1405 3454 1478 γένοιτο
3483 1407 3578 1461 καὶ⁵

1969 1511 1978 1518 ’
2004 1500 2091 1555 διά
2127 1499 2280 1553 τοῦδε
2309 1499 2373 1569 δὴ
2401 1497 2592 1553 πάλινο
2630 1496 2732 1569 ἔφη
2757 1497 2868 1568 γὰρ
2893 1496 3086 1561 οῇτως.

2076 1675 2195 1745 ῙΔιά
2227 1673 2384 1728 τοῦτο
2434 1672 2700 1744 βούλομαι
2733 1674 2879 1743 ὑμᾶς
2915 1673 3053 1744 μετά
3102 1673 3404 1743 ἀσφαλείας
3447 1692 3580 1746 κρα-

2004 1772 2145 1822 τεῖν·
2177 1768 2437 1838 διαίρεσις
2466 1766 2565 1819 οὐκ
2594 1764 2710 1819 ἔστι
2742 1768 2841 1836 τῆς
2874 1764 3164 1835 συναφείας
3210 1764 3304 1819 τοῦ
3336 1765 3581 1836 ἀξιώμα-

2005 1878 2115 1924 τος,
2146 1860 2245 1930 τῆς
2276 1859 2549 1930 υίότητοςτ
2583 1856 2747 1911 αὑτοῦ
2779 1856 2887 1923 τοῦ
2901 1852 3039 1910 εἶναι
3068 1856 3305 1928 Χριστὸς
3331 1858 3434 1909 οῦκ
3462 1856 3580 1909 ἔστι

2003 1952 2303 2023 διαίρεσις·
2354 1951 2454 2022 τῆς
2496 1950 2553 2004 δὲ
2600 1949 2850 2018 θεότητος
2880 1949 2973 2003 καὶ
3006 1947 3419 2020 ἀνθρωπότητός
3462 1949 3580 2001 ἔστι

2003 2046 2265 2117 διαίρεσις
2283 2060 2298 2075 ⁸
2324 2046 2353 2098 ό
2378 2044 2630 2116 Χριστὸς,
2654 2042 2795 2096 κατὰ
2839 2042 2901 2095 τὸ
2945 2040 3201 2112 Χριστὸς,
3232 2040 3536 2112 ἀδιαίρετος
3563 2055 3577 2070 '

2001 2140 2063 2194 οὐ
2107 2138 2216 2211 7&9
2244 2139 2439 2209 ἔχομεν
2473 2137 2566 2192 δύο
2592 2136 2869 2209 χριστοῦς,
2901 2135 3022 2188 οὐδὲ
3053 2133 3148 2188 δύο
3173 2132 3350 2196 υἱούς·
3381 2132 3441 2185 οὐ
3471 2131 3580 2203 γάρ

2002 2234 2119 2286 ἐστι
2153 2219 2283 2301 παρ⁶
2307 2231 2438 2300 ἡμῖν
2464 2228 2679 2300 πρῶτος
2706 2228 2801 2281 καὶ
2830 2225 3099 2297 δεύτερος,
3138 2224 3260 2278 οὐδὲ
3287 2223 3444 2288 ἄλλος
3487 2223 3580 2275 καὶ

2002 2321 2161 2384 ἄλλος
2180 2337 2193 2351 ⁸
2219 2318 2340 2378 οὐδὲ
2369 2318 2532 2373 πάλιν
2556 2317 2715 2381 ἄλλος
2738 2318 2886 2382 Υίδς,
2924 2317 3019 2370 καὶ
3048 2315 3205 2377 ἄλλος
3232 2314 3393 2367 πάλιν
3415 2329 3427 2340 ’
3454 2311 3582 2365 ἀλλ’

2004 2411 2166 2477 αὐτὸς
2202 2413 2231 2465 ό
2266 2405 2348 2475 εἷς
2387 2412 2502 2465 ἐστι
2520 2407 2740 2472 διπλοῦς
2761 2425 2774 2437 ·
2795 2408 2856 2462 οῦ
2875 2410 2938 2479 τῇ
2962 2405 3109 2478 ἀξίᾳ,
3136 2405 3268 2460 ἀλλά
3282 2407 3347 2477 τῇ
3372 2399 3578 2475 φύσει.]

2602 2547 2850 2601 nassa.
2894 2549 2984 2614 ς’.

2071 2684 2250 2755 Φράξε
2275 2682 2338 2752 δή
2372 2698 2462 2753 μοι
2490 2658 2674 2741 πάλιν,
2698 2679 2750 2733 τί
2775 2678 2840 2747 δὴ
2867 2678 2974 2750 ἄρα
3005 2677 3104 2750 τὴν
3131 2678 3433 2748 ἀδιαίρετον
3457 2692 3584 2728 συν-

2002 2779 2197 2846 άφειαν
2226 2771 2365 2828 εἶναι
2404 2775 2510 2845 φής
2534 2791 2547 2839 ;
2570 2770 2716 2842 Ἀρα
2741 2772 2841 2842 τὴν
2863 2771 3078 2834 ἕνωσιν,
3110 2769 3268 2841 δῆλον
3288 2769 3345 2823 δὲ
3372 2769 3451 2822 δτι
3485 2767 3583 2829 τὴν

2004 2869 2128 2927 καθ’
2159 2869 2486 2945 ὑπόστασιν,
2536 2866 2605 2935 ἣν
2652 2865 2813 2934 ἡμεῖς
2863 2861 3276 2934 πρεσϐεύομεν,
3324 2862 3436 2922 τοῖς
3485 2860 3586 2928 τῆς

2005 2961 2263 3034 ἀληθείας
2288 2957 2676 3019 συναθλοῦντες
2698 2956 2960 3026 δόγμασιν
2981 2972 2993 2984 ·
3018 2951 3306 3025 ἧπαυτηνὶ
3326 2951 3425 3020 τὴν
3446 2948 3582 3003 κατᾶ

2006 3053 2326 3127 παράθεσιν,
2355 3052 2450 3105 καὶ
2480 3050 2579 3121 τὴν
2610 3048 2746 3120 πρὸς
2770 3047 2892 3100 τόδε
2916 3063 2970 3099 τι
2996 3045 3091 3099 τοῦ
3118 3044 3287 3107 δεῖνος
3310 3041 3584 3111 ἐγγύτητα

328 3141 553 3196 nitatem
623 3139 993 3209 intelligitur?
1027 3138 1162 3192 Nam
1217 3139 1296 3193 sic
1341 3138 1504 3192 etiam
1569 3136 1678 3210 5,5
1732 3152 1901 3192 sacrae

2007 3147 2337 3218 νοουμένην;
2369 3144 2592 3213 Δέχεται
2620 3141 2732 3211 7&9
2763 3138 2908 3193 οὓτω
2933 3137 3032 3208 τὴν
3068 3136 3213 3203 λέξιν
3246 3135 3280 3205 ή
3325 3133 3583 3187 θεόπνευ-

327 3231 546 3291 Litterce
608 3234 747 3287 hanc
807 3232 1102 3287 dictionem
1159 3230 1435 3299 accipiunt
1469 3247 1481 3283 :
1514 3230 1693 3296 itaque
1759 3228 1898 3282 dixit

327 3327 472 3382 Deus
500 3325 567 3378 ad
600 3325 815 3379 bcaluu‘.
851 3322 1059 3388 Mosen,
1116 3321 1182 3378 de
1209 3321 1374 3374 veteri
1413 3319 1503 3374 illo
1550 3318 1899 3374 tabernaculo

333 3418 558 3485 loquens
588 3432 602 3469 :
638 3433 659 3465 ι
692 3412 756 3467 Ει
790 3412 957 3468 facies
984 3411 1173 3467 ﬁbulas
1196 3411 1585 3481 quinquaginta
1614 3424 1826 3473 aureas,
1848 3419 1900 3462 et

331 3506 627 3576 conjunch
671 3506 909 3560 cortinas
953 3502 1179 3558 alteram
1235 3501 1391 3557 alteri
1420 3502 1490 3553 ".
1533 3520 1553 3553 ι
1579 3501 1710 3556 Cum
1757 3501 1899 3555 enim

328 3597 566 3668 quinque
593 3602 796 3659 essent,
829 3602 885 3650 et
908 3607 1246 3662 unaquaeque
1268 3591 1491 3646 seorsim
1513 3590 1725 3644 diversa
1757 3597 1901 3644 esset

328 3690 397 3746 ab
428 3687 572 3753 aliis,
594 3684 1017 3756 coniungebatur
1046 3683 1244 3738 ﬁbulis.
1265 3684 1333 3736 At
1355 3698 1480 3736 vero
1505 3698 1605 3736 nos
1635 3682 1773 3735 haud
1799 3681 1901 3734 isto

328 3778 490 3834 modo
514 3776 711 3832 factam
733 3777 786 3831 in
805 3775 1023 3831 Christo
1048 3774 1303 3829 unionem
1328 3774 1560 3828 dieinnts
1586 3791 1600 3828 :
1628 3788 1732 3827 non
1755 3772 1900 3826 enim

325 3879 389 3925 ut
434 3867 730 3939 quispiam,
780 3864 931 3921 verbi
973 3864 1172 3935 gratia,
1230 3863 1580 3931 coniungitur
1628 3860 1783 3916 alteri
1819 3862 1902 3916 vel

330 3973 423 4029 per
460 3956 834 4013 unanimitatis
873 3956 1114 4021 modum,
1142 3954 1224 4009 vel
1242 3968 1338 4023 per
1364 3954 1607 4023 corporis
1624 3952 1900 4018 viciniam,

326 4050 409 4107 sic
442 4048 529 4103 ille
567 4062 784 4119 quoque
810 4045 1134 4117 coniunctus
1167 4054 1280 4112 est;
1314 4043 1431 4108 sed,
1468 4051 1527 4097 ut
1562 4042 1761 4112 saepius
1789 4041 1901 4112 iam

318 4140 460 4206 dixi,
511 4155 666 4195 suum
702 4136 884 4193 eﬁ'ecit
931 4150 1127 4207 corpus
1162 4149 1229 4190 ex
1264 4142 1450 4189 sancta
1492 4131 1715 4205 Virgine
1755 4148 1904 4188 sum-

327 4241 501 4305 ptum,
526 4242 581 4286 et
613 4230 741 4285 illud
801 4243 869 4284 ex
923 4227 1033 4283 Deo
1067 4226 1302 4282 Verbum
1357 4225 1509 4279 carni
1566 4240 1671 4279 non
1730 4223 1905 4277 inani.

330 4331 489 4379 mutae
519 4336 646 4377 vere
686 4320 898 4376 unitum
925 4319 1175 4375 dicimus.
1205 4315 1372 4386 Igitur
1402 4318 1446 4371 si
1476 4316 1898 4386 coniunctionis,

331 4424 388 4469 ut
432 4414 549 4485 ipse
587 4420 768 4477 vocat,
805 4411 888 4465 vis
937 4424 1060 4463 eam
1108 4410 1373 4463 unitatem
1421 4408 1697 4478 signiﬁcat
1740 4423 1903 4477 quam

2005 3257 2129 3302 στος
2156 3238 2346 3310 Γραφή
2364 3253 2377 3266 ·
2408 3235 2506 3288 καὶ
2534 3233 2666 3303 γοῦν
2695 3231 2796 3301 ἔφη
2836 3229 2973 3301 πρὸς
3005 3220 3209 3282 Μωσέα
3233 3225 3328 3278 τὸν
3355 3222 3571 3296 ἱερώτα-

2000 3349 2110 3392 τον,
2147 3329 2276 3394 περὶ
2305 3329 2404 3397 τῆς
2434 3325 2668 3398 ἀρχαίας
2700 3323 2916 3391 ἐκείνης
2939 3319 3143 3389 σκηνῆς
3165 3315 3435 3379 συντιθεὶς
3459 3315 3585 3378 τοὺς

2001 3424 2220 3489 λόγους·
2262 3440 2281 3471 ι
2311 3419 2422 3473 Καὶ
2454 3418 2694 3486 ποιήσεις
2720 3414 2941 3484 κρίκους
2962 3411 3302 3480 πεντήκοντα
3326 3404 3581 3477 χρυσοῦς,

2001 3515 2094 3568 καὶ
2120 3512 2381 3580 ’συνάψεις
2409 3509 2506 3571 τὰς
2536 3506 2761 3569 αὐλαίας
2808 3506 3002 3573 ἑτέραν
3037 3504 3104 3573 τῇ
3133 3500 3297 3571 ἑτέρᾳ
3324 3501 3435 3561 τοῖς
3462 3498 3583 3568 κρί-

2002 3622 2137 3666 κοις.
2170 3622 2188 3654 ι
2225 3601 2392 3654 Πέντε
2420 3599 2528 3669 γὰρ
2555 3591 2732 3655 οῦσαι,
2774 3593 2870 3647 καὶ
2903 3590 3086 3654 ίδικῶς
3114 3589 3320 3658 ἑκάστη
3362 3586 3496 3656 πρὸς
3526 3585 3583 3639 τὸ

2004 3696 2164 3764 ἑτέρα
2184 3693 2267 3756 τίς
2289 3688 2428 3744 εἶναι
2461 3686 2612 3758 παρὰ
2638 3686 2734 3748 τὰς
2760 3683 2925 3746 ἄλλας
2948 3681 3164 3753 ἔχουσα,
3199 3678 3439 3747 συνῆπτο
3474 3678 3584 3737 τοῖς

2001 3784 2442 3858 κρίκοις.Ἢμεῖς
2488 3780 2543 3833 δὲ
2592 3780 2690 3849 οὐχ
2723 3775 2866 3830 οὕτω
2906 3774 3087 3844 φαμὲν
3130 3770 3445 3841 πεπρᾶχθαι
3494 3770 3584 3821 ἐπὶ.

2002 3876 2241 3947 Χριστοῦ
2273 3876 2372 3948 τὴν
2401 3874 2597 3927 ἕνωσιν
2617 3888 2630 3902 ·
2664 3869 2787 3923 οὐδὲ
2824 3867 2933 3938 7&9
2967 3866 3157 3936 ὥσπερ
3187 3866 3216 3919 ό
3247 3864 3396 3917 δεῖνα
3424 3862 3583 3931 τυχίον

2003 3965 2082 4039 τῷ
2126 3967 2257 4020 δεῖνι
2309 3964 2633 4019 συνάπτοιτο
2674 3959 2760 4024 ἂν,
2788 3959 2821 4029 ἢ
2856 3957 2998 4012 κατά
3029 3955 3121 4010 τὸν
3150 3958 3251 4026 τῆς
3280 3954 3583 4025 ὁμοψυχίας

2001 4058 2223 4130 τρόπον,
2257 4056 2425 4127 ἡγουν
2468 4051 2609 4106 κατά
2651 4049 2711 4103 τὸ
2758 4047 2925 4117 ἐγγὺς
2964 4048 3022 4100 ὲν
3052 4046 3286 4116 σώματι,
3322 4045 3465 4098 οὕτω
3492 4043 3586 4095 καὶ

2005 4150 2197 4212 αὐτός·
2250 4145 2386 4201 ἀλλά
2435 4142 2670 4216 γὰρ,ὡς
2719 4140 2818 4213 ἤδη
2867 4137 3184 4201 πλειστάκις
3236 4137 3406 4207 ἔφην,
3458 4136 3586 4190 ἴδιον

2005 4240 2299 4310 ἐποιήσατο
2334 4236 2493 4305 σῶμα
2523 4235 2585 4288 τὸ
2613 4232 2818 4304 ληφθὲν
2846 4233 2911 4285 ὲκ
2936 4231 3040 4301 τῆς
3082 4229 3241 4298 ἀγίας
3265 4228 3545 4298 Παρθένου
3571 4243 3585 4256 ·

2007 4333 2100 4386 καὶ
2134 4329 2348 4399 ἀληθῶς
2378 4324 2618 4399 ἡνῶσθαι
2655 4340 2853 4394 φαμεν,
2880 4323 2981 4376 οὐκ
3005 4320 3196 4391 ἀψύχῳ
3218 4318 3381 4388 σαρκὶ
3406 4319 3498 4371 τὸν
3525 4320 3591 4372 ὲκ

2006 4421 2143 4476 θεοῦ
2170 4420 2355 4488 Λόγον.
2395 4414 2604 4471 Οὐκοῦν
2628 4414 2729 4484 τῆς
2768 4415 2897 4483 παρ’
2925 4408 3087 4463 αὑτοῦ
3121 4406 3424 4478 λεγομένης
3458 4425 3588 4461 συν-

330 4506 431 4575 ipsi
482 4505 852 4575 intelligimus,
884 4501 1053 4565 illam,
1110 4499 1353 4568 inquam,
1403 4500 1702 4553 secundum
1735 4501 1901 4568 hypo-

2010 4513 2203 4582 αφείας
2222 4512 2255 4582 η
2277 4509 2524 4579 δύναμις,
2543 4508 2589 4560 εἰ
2615 4506 2713 4577 τὴν
2737 4504 2858 4557 καθ’
2873 4501 3021 4573 ἡμᾶς
3042 4499 3337 4570 νοουμένην
3359 4499 3589 4569 ἑνότητα

326 4598 543 4664 stasim,
584 4605 728 4652 recte
759 4584 892 4652 sane
919 4593 1077 4658 dixit,
1122 4590 1323 4646 nullam
1376 4605 1503 4646 esse
1538 4590 1765 4654 Christi,
1799 4605 1904 4656 qua

327 4689 582 4744 Christus
629 4695 736 4753 est,
784 4685 1158 4740 divisionem:
1197 4697 1373 4752 neque
1416 4682 1562 4737 enim
1610 4693 1696 4736 est
1744 4684 1902 4747 alter,

329 4791 507 4847 neque
550 4776 692 4831 ﬁlius
724 4785 779 4829 et
814 4775 980 4838 ﬁlius,
1040 4773 1179 4829 alius
1228 4783 1390 4843 atque
1442 4774 1602 4839 alius,
1654 4773 1804 4844 prior
1852 4784 1906 4828 ct

327 4867 618 4931 secundus,
648 4865 741 4921 sed
766 4879 905 4918 unus
932 4865 1207 4927 nimirum,
1230 4875 1285 4921 et
1304 4874 1430 4920 ante
1458 4880 1677 4921 carnem
1703 4876 1755 4920 et
1787 4876 1907 4935 post

326 4972 548 5017 carnem
580 4977 595 5013 :
631 4957 711 5013 sic
762 4970 997 5025 namque
1027 4955 1155 5021 erit,
1189 4963 1248 5011 ut
1301 4966 1356 5011 tu
1405 4957 1567 5024 dicis,
1604 4957 1900 5013 secundum

324 5052 643 5124 dignitatem
671 5059 835 5120 atque
860 5049 1024 5103 etiam
1052 5047 1350 5102 secundum
1376 5048 1672 5117 potentium
1705 5048 1899 5103 indivi—

327 5147 489 5209 duus,
537 5144 649 5199 imo
672 5156 804 5198 vero
845 5141 1011 5197 idem.
1038 5138 1094 5193 Id
1128 5139 1171 5193 si
1201 5139 1272 5192 ita
1297 5148 1403 5205 est,
1453 5139 1725 5208 quonrodo
1752 5141 1899 5194 illum

326 5252 491 5293 unum
515 5246 572 5293 et
603 5235 935 5292 individuum
962 5230 1229 5303 duplicem
1259 5245 1382 5287 esse
1402 5232 1504 5296 ais,
1527 5239 1579 5286 et
1602 5246 1710 5286 non
1726 5232 1905 5301 digni-

248 5396 253 5403 .
328 5338 460 5396 tale,
513 5329 608 5384 sed
652 5324 1016 5384 natura3Non
1065 5323 1211 5379 enim
1242 5323 1373 5393 quia
1419 5322 1510 5379 Dei
1556 5322 1735 5380 Patris
1766 5322 1904 5380 Ver-

327 5421 454 5476 bum
511 5429 788 5490 assumpta
850 5435 1016 5476 carne
1046 5419 1247 5491 prodiit
1297 5419 1458 5474 homo
1487 5419 1684 5476 similis
1722 5420 1900 5488 nobis,

331 5510 451 5565 ideo
472 5508 669 5578 duplex
696 5518 780 5564 est
800 5509 1154 5580 appellandus
1185 5527 1199 5564 :
1237 5524 1377 5566 unus
1422 5520 1508 5567 est
1543 5511 1686 5565 enim
1714 5519 1770 5567 et
1797 5526 1903 5567 non

324 5604 444 5668 sine
467 5616 656 5670 carne,
699 5602 792 5673 qui
822 5601 1119 5658 secundum
1148 5604 1424 5674 propriam
1463 5613 1713 5662 naturam
1747 5613 1903 5661 extra

394 5778 439 5815 ³⁸
466 5783 636 5843 Exod.
670 5798 818 5850 xxvi,
849 5783 901 5850 ἰ,
935 5783 990 5840 2.

2007 4605 2175 4676 δηλοῖ.
2211 4601 2354 4672 φημὶ
2383 4601 2447 4669 δὴ
2478 4599 2576 4670 τὴν
2606 4596 2727 4651 καθ’
2750 4594 3067 4653 ὑπόστασιν,
3101 4589 3205 4663 ἔφη
3240 4589 3307 4645 ἂν
3338 4591 3583 4655 εἰκότως,

2013 4697 2147 4768 μηδὲ
2173 4695 2301 4767 μίαν
2321 4689 2462 4747 εἶναι
2483 4688 2719 4763 Χριστοῦ
2749 4688 2847 4759 τὴν
2878 4684 3165 4756 διαίρεσιν,
3194 4682 3334 4737 κατά
3359 4683 3421 4736 τὸ
3446 4678 3586 4737 εἷναι

2008 4789 2274 4861 Χριστόνο
2306 4787 2368 4841 οὐ
2401 4786 2511 4855 γάρ
2543 4786 2692 4838 ἔστιν
2721 4783 2906 4854 ἕτερος
2949 4778 3043 4834 καὶ
3071 4778 3285 4850 ἕτεροςο
3320 4774 3444 4830 οὔτε
3482 4776 3587 4847 μὴν

2007 4887 2121 4949 ult;
2148 4883 2243 4938 καὶ
2265 4883 2397 4945 υίὸς,
2433 4879 2590 4940 ἄλλος
2613 4878 2705 4931 καὶ
2737 4875 2915 4938 ἄλλος,
2950 4870 3166 4943 πρῶτος
3194 4871 3289 4925 καὶ
3315 4869 3584 4940 δεύτερος,

2010 4976 2124 5030 ἀλλ’
2163 4969 2243 5038 εἷς
2269 4970 2512 5043 δηλονότι
2538 4968 2634 5022 καὶ
2661 4964 2770 5038 πρὸ
2801 4961 3004 5034 σαρκὸς
3033 4961 3129 5016 καὶ
3181 4959 3317 5032 μετά
3364 4960 3543 5030 σάρκα
3566 4973 3581 4987 ο

2010 5069 2162 5122 ἔσται
2194 5063 2304 5134 7&9
2350 5061 2491 5117 οὕτω
2521 5058 2663 5114 κατά
2688 5074 2751 5126 γε
2779 5055 2878 5126 τὴν
2905 5054 3083 5119 ἀξίαν,
3113 5052 3189 5116 ὡς
3234 5051 3298 5104 σὺ
3342 5050 3469 5120 φὴς,
3497 5050 3588 5103 καὶ

2014 5156 2199 5228 μέντοι
2241 5153 2335 5206 καὶ
2380 5150 2481 5221 τὴν
2519 5143 2840 5200 δυναστείαν
2884 5142 3206 5213 ἀδιαίρετος,
3250 5139 3450 5211 μᾶλλον
3481 5138 3536 5191 δὲ
3560 5137 3589 5189 ό

2007 5225 2191 5309 αὑτός.
2219 5239 2348 5297 Εἶτα
2371 5240 2488 5304 πῶς
2507 5239 2598 5292 τὸν
2629 5237 2725 5290 ἕνα
2755 5233 2850 5288 καὶ
2885 5232 3189 5300 ἀδιαίρετον
3211 5228 3433 5284 διπλοῦν
3454 5225 3589 5283 εἶναι

2011 5337 2137 5411 φὴς,
2172 5337 2267 5391 καὶ
2305 5334 2427 5405 οὐχὶ
2458 5335 2525 5403 τῇ
2554 5329 2682 5402 ἀξίᾳ
2728 5325 2950 5395 μᾶλλον,
2995 5324 3130 5378 ἀλλά
3175 5324 3241 5394 τῇ
3290 5321 3484 5391 φύσεις
3516 5320 3587 5374 Οὔ

2010 5430 2121 5501 7&9
2153 5428 2357 5483 ὲπείτοι
2393 5426 2573 5496 σάρκα
2603 5419 2783 5476 λαϐὼν
2810 5420 2839 5472 ό
2871 5420 2936 5472 ὲκ
2980 5414 3114 5469 Θεοῦ
3152 5414 3366 5485 Πατρδς
3393 5414 3584 5482 Λόγος,

2009 5519 2280 5591 προῆλθεν
2318 5517 2602 5587 ἄνθρωπος
2651 5511 2774 5567 καθ’
2808 5510 2988 5583 ἡμᾶς,
3035 5505 3239 5578 ταύτης
3283 5505 3446 5560 ’ἑνεκα
3491 5505 3589 5572 τῆς

2008 5608 2211 5679 αἰτίας,
2247 5608 2566 5680 ὀνομάζοιτο
2590 5605 2658 5667 ἂν
2684 5604 2779 5661 καὶ
2807 5601 3027 5667 διπλοῦς
3050 5620 3064 5634 ’
3094 5596 3176 5665 εἷς
3208 5592 3315 5671 γάρ
3344 5601 3461 5653 ἐστι
3497 5596 3585 5652 καὶ
