3926 6126
356 310 428 366 εδ
1491 266 1859 367 snvsnses
1888 309 1947 365 Nl

2055 310 2289 370 romcn
2334 312 2458 367 ue.
2497 310 2558 367 ιι.
3284 270 3291 277 ’
3556 314 3624 367 se

360 434 422 486 οὒ
457 432 580 503 δίχα
610 431 810 501 σαρκὸς
853 432 883 486 6
928 431 1071 486 κατὰ
1120 432 1286 502 φύσιν
1320 432 1455 487 ίδίαν
1482 433 1587 499 ἔξω
1616 434 1818 506 σαρκὸς
1853 434 1947 487 καὶ

2055 452 2113 491 ra
2146 452 2268 493 nem
2296 448 2349 491 et
2379 436 2722 507 sanguinem.
2761 434 2831 490 Ut
2871 434 3015 489 enim
3072 435 3163 504 qui
3195 436 3366 490 nostri
3394 435 3623 490 similem

363 522 829 595 αἰματος.”Ωσπερ
854 522 963 596 γὰρ
994 524 1143 588 εἴτις
1178 524 1287 580 τῶν
1319 525 1442 579 καθ’
1476 528 1618 598 ἡμᾶς
1660 527 1944 597 ἄνθρωπον

361 614 694 678 ἀποκτενῶν,
725 616 824 686 οὐχ
847 614 923 678 t'o;
951 614 1045 669 δύο
1074 632 1175 669 που
1203 616 1405 688 μᾶλλον
1433 617 1709 690 ἠδικηκὼς
1735 617 1946 690 ἀνθρώ-

363 725 513 773 τους,
548 710 895 780 κατηγοροίτ*
930 708 1007 763 ἂν
1030 709 1277 774 εἰκότως,
1320 710 1434 764 ἀλλ’
1460 710 1557 765 ἕνα
1609 712 1697 765 καὶ
1757 710 1947 781 μόνον,

354 800 463 855 κᾶν
506 803 742 855 ἑννοοῖτο
770 803 933 873 τυχὸν
985 804 1049 856 ὲκ
1073 803 1252 874 ψυχῆς
1281 804 1374 858 καὶ
1410 804 1682 876 σώματος,
1715 806 1807 861 καὶ
1833 805 1945 858 τῶν

309 890 322 902 ’
356 893 610 965 ἀλλήλοις
656 892 1085 965 συμϐεϐηκότων
1114 896 1155 967 ἠ
1179 895 1341 965 φύσις
1369 894 1436 950 ἂν
1474 896 1558 967 εἴη
1587 898 1685 968 οὐχ
1728 898 1762 967 ὴ
1805 897 1944 965 αὑτὴ

361 987 582 1056 μᾶλλον,
620 986 760 1041 ἀλλὰ
807 986 1064 1058 διάφορος
1090 1002 1103 1016 ·
1157 985 1303 1040 οὕτω
1355 987 1516 1042 πάλιν
1563 989 1658 1041 ἐπὶ
1706 988 1942 1059 Χριστοῦ

358 1079 605 1148 νοητέον·
640 1080 700 1132 οὐ
735 1079 845 1149 γάρ
888 1096 970 1131 τοι
1018 1077 1240 1141 διπλοῦς
1271 1080 1446 1133 ἐστιν·
1474 1079 1589 1133 ἀλλ’
1617 1074 1695 1143 εἷς
1742 1097 1801 1134 τε
1850 1080 1944 1133 καὶ

360 1170 521 1239 μόνος
550 1167 751 1240 Κύριος
794 1170 885 1222 καὶ
911 1169 1056 1234 Υἱὸς,
1087 1171 1114 1223 ὁ
1155 1170 1218 1223 ὲκ
1245 1169 1381 1224 Θεοῦ
1410 1170 1620 1242 Πατρός
1655 1171 1847 1239 Λόγος,
1881 1172 1942 1224 οὐ

358 1260 478 1331 δίχα
529 1261 761 1332 σαρκός·
812 1260 1232 1331 ἀνθρωπότητος
1267 1262 1365 1330 μὲν
1419 1262 1526 1333 γάρ
1562 1264 1654 1317 καὶ
1693 1263 1943 1335 Θεότητκ

360 1352 511 1422 δοθην
545 1352 612 1407 ἂν
641 1345 733 1405 καὶ
780 1352 944 1416 αὐτὸς
982 1350 1092 1420 ἐγὼ
1122 1352 1381 1424 πλείστην
1431 1350 1570 1407 εἶναι
1617 1353 1715 1425 τὴν
1758 1354 1944 1423 διαφο-

365 1445 485 1516 ρὰν,
514 1445 633 1516 ἦτοι
660 1445 965 1498 διάστασινο
995 1444 1160 1515 ἔτερα
1192 1444 1300 1516 γὰρ
1338 1445 1481 1499 κατά
1503 1462 1566 1513 γε
1590 1446 1681 1499 τὸν
1706 1446 1801 1500 τοῦ
1831 1446 1945 1511 πῶς

362 1531 502 1589 εἶναι
549 1534 727 1604 λόγον,
759 1534 854 1589 καὶ
886 1535 1036 1589 οὗδὲν
1075 1537 1329 1609 ἀλλήλοις
1359 1537 1575 1591 ἐοικότα
1601 1538 1849 1605 φαίνεται
1875 1538 1946 1592 τά

365 1625 749 1696 ὼνομασμὲνα.
780 1626 1258 1697 Παρενηνεγμένου
1285 1645 1349 1696 γε
1379 1628 1487 1699 μὴν
1508 1629 1590 1693 εἰς
1617 1630 1782 1699 μέσον
1815 1632 1945 1701 ἡμῖν

371 1715 666 1787 μυστηρίου
699 1715 793 1768 τοῦ
834 1716 974 1770 κατὰ
1004 1718 1260 1789 Χριστὸν,
1289 1722 1318 1772 6
1345 1721 1445 1791 τῆς
1496 1719 1747 1784 ὲνὼσεως
1787 1721 1945 1789 λόγος

2054 529 2331 585 hominem
2361 528 2681 592 occidisset,
2701 541 2807 581 non
2839 527 3028 596 utique
3061 537 3318 596 tanquam
3344 527 3483 582 duos
3507 530 3625 581 vio-

2052 622 2216 678 lasset
2249 621 2497 676 homines
2522 619 2650 690 jure
2692 628 3061 684 accusaretur,
3086 618 3181 673 sed
3212 633 3382 672 unum
3427 620 3624 682 solum,

2050 713 2300 785 quamvis
2321 711 2558 768 fortasse
2581 727 2646 767 ex
2678 711 2856 767 anima
2889 719 2944 766 et
2968 724 3196 780 corpore
3227 709 3624 773 consideretur,

2050 814 2106 861 et
2153 804 2219 861 iis
2247 818 2368 875 qua:
2396 802 2639 858 alterutri
2672 801 2947 867 accidunt,
2974 809 3165 855 natura
3189 801 3259 854 sit
3286 814 3391 855 non
3412 800 3623 862 eadem,

2028 898 2146 955 'sed
2177 899 2392 953 diversa
2421 912 2437 962 ;
2470 896 2545 951 ita
2577 895 2816 951 vicissim
2847 895 2900 949 in
2926 893 3151 950 Christo
3179 901 3265 947 est
3316 890 3624 973 intelligen-

2051 992 2178 1047 dum
2211 1007 2225 1043 :
2262 1005 2367 1044 non
2404 988 2548 1043 etiim
2575 996 2659 1042 est
2696 986 2916 1057 duplex,
2945 987 3038 1042 sed
3072 1001 3211 1040 unus
3235 994 3289 1039 et
3319 983 3468 1038 solus
3515 981 3624 1035 Do-

2053 1083 2232 1138 minus
2254 1096 2318 1137 ac
2354 1080 2523 1135 Filius
2575 1079 2703 1134 illud
2750 1095 2815 1132 ex
2871 1079 2980 1133 Deo
3024 1078 3184 1133 Patre
3236 1076 3493 1140 Verbum,
3520 1089 3626 1129 non

2052 1173 2169 1229 sine
2194 1186 2398 1235 carne;
2428 1184 2552 1224 nam
2584 1168 2729 1224 inter
2760 1168 3154 1224 humanitatem
3183 1175 3238 1222 et
3282 1168 3625 1223 divinitatem

2050 1266 2345 1321 maximam
2406 1278 2527 1320 esse
2581 1261 2942 1318 differentiam
2994 1260 3113 1316 sive
3165 1260 3484 1316 distantiam
3526 1271 3627 1327 ego

2051 1371 2268 1428 quoque
2325 1355 2497 1410 fati-or
2528 1372 2542 1408 :
2570 1355 2783 1409 diversa
2816 1365 2939 1410 sunt
2990 1356 3137 1410 enim
3172 1368 3291 1424 quae
3321 1351 3403 1405 bis
3447 1348 3625 1403 nomi-

2053 1451 2213 1507 nibus
2248 1450 2576 1515 indicantur,
2609 1447 2752 1518 quod
2784 1448 2849 1503 ad
2880 1450 3145 1504 rationem
3202 1445 3456 1503 essentia:
3498 1457 3626 1513 per-

2053 1544 2212 1603 tinet,
2239 1548 2295 1594 et
2318 1539 2447 1593 nihil
2481 1538 2625 1594 inter
2646 1553 2704 1594 se
2733 1538 2930 1594 similia
2950 1539 3219 1594 videntur.
3251 1538 3318 1590 At
3353 1535 3442 1591 ubi
3473 1533 3627 1589 nobis

2052 1631 2324 1703 profertur
2353 1632 2404 1686 in
2432 1632 2667 1687 medium
2693 1630 2895 1715 Christi
2926 1632 3266 1701 mysterium,
3294 1629 3439 1683 illius
3473 1626 3629 1681 unio-

2053 1723 2139 1778 nis
2181 1724 2320 1778 ratio
2390 1740 2495 1777 non
2554 1724 2764 1793 ignorat
2821 1722 3038 1792 quidem
3104 1720 3482 1786 diﬂ'ereutiam,
3535 1720 3628 1772 sed

367 1807 464 1859 οὐκ
503 1808 687 1875 ἀγνοεῖ
710 1808 809 1878 μὲν
838 1808 936 1879 τὴν
961 1808 1242 1881 διαφοράν,
1277 1811 1518 1881 ἐξίστησι
1537 1801 1598 1865 δὲ
1624 1811 1724 1883 τὴν
1746 1812 1947 1883 διαίρε-

2055 1815 2373 1872 divisionem
2445 1791 2856 1883 excludit;non
2943 1815 3086 1885 quod
3168 1813 3464 1869 confundat
3538 1819 3631 1865 aut

368 1917 452 1953 σιν
473 1913 487 1926 ·
524 1901 583 1954 οὐ
616 1901 861 1972 συγχέων
895 1899 1016 1972 [τὰς
1049 1901 1261 1973 φύσεις]
1296 1903 1329 1974 ἦ
1375 1903 1686 1975 άνακιρνῶν
1711 1904 1811 1966 τὰς
1849 1903 1951 1975 φύ-

368 2008 481 2055 σεις
503 2009 515 2021 ·
549 1991 666 2045 ἀλλ’
695 1992 778 2045 ὅτι
819 1992 1023 2061 σαρκὸς
1045 1993 1138 2045 καὶ
1163 1993 1394 2062 αἳματος
1427 1994 1779 2064 μετεσχηκὼς
1802 1995 1833 2047 ό
1854 1993 1950 2049 τοῦ

366 2082 502 2136 θεοῦ
530 2082 722 2151 Λόγος,
742 2075 821 2145 εἷς
847 2082 911 2152 δὴ
942 2082 1104 2135 πάλιν
1132 2082 1226 2135 καὶ
1259 2082 1433 2146 οὕτως
1459 2086 1489 2136 6
1513 2084 1639 2147 Υίδς
1654 2084 1766 2157 [τσ.
1794 2081 1954 2152 οὗτος

372 2172 527 2244 Υἱὸς]
566 2175 773 2226 νοεῖται
812 2172 907 2226 καὶ
950 2172 1295 2242 ὀνομάζεται.
1330 2174 1463 2229 Οὐδὲ
1494 2173 1623 2249 [ῑσ.
1652 2179 1716 2232 σὺ
1739 2178 1796 2231 δὲ
1828 2177 1839 2247 1
1876 2179 1951 2253 μὴ

366 2263 567 2333 χρῆναι
604 2261 777 2331 λέγων
816 2261 1074 2333 χριστοὺς
1099 2260 1459 2334 ὀνομάζεσθαι
1504 2265 1619 2331 δύο,
1656 2269 1796 2338 μήτε
1844 2271 1953 2340 μὴν

366 2355 518 2416 υίοὺς
543 2352 824 2425 ὁμολογεῖν
856 2348 997 2408 εἶναι
1024 2354 1137 2420 δύο,
1164 2356 1258 2408 καὶ
1286 2356 1384 2425 τῆς
1409 2359 1490 2421 είς
1513 2357 1673 2413 τοῦτο
1694 2359 1955 2431 δογματι-

365 2445 466 2515 κῆς
491 2444 780 2517 ὀρθότητος
804 2444 1153 2518 [ἁπλότητος]
1183 2447 1542 2503 ὑποκλεπτων
1573 2450 1676 2520 τὴν
1697 2449 1948 2522 δόκησιν,

365 2537 459 2590 δύο
488 2537 554 2610 δὴ
579 2538 752 2607 λέγων
784 2538 982 2609 ἁλίσκῃ
1007 2541 1284 2609 χριστοὺς,
1331 2540 1426 2594 καὶ
1456 2542 1536 2607 είς
1568 2541 1741 2613 ίδικὴν
1767 2543 1954 2616 ἑτερό-

367 2648 505 2702 τητα
539 2630 746 2694 διῖστὰς
771 2629 1061 2703 ἄνθρωπον
1088 2631 1182 2684 καὶ
1218 2631 1352 2685 Θεόν
1373 2646 1388 2661 ·
1435 2633 1531 2687 καὶ
1575 2633 1669 2686 τὸν
1720 2634 1841 2703 μὲν,
1867 2638 1955 2689 ὲν-

365 2720 531 2792 ιργού
540 2738 700 2792 μενον
718 2734 735 2751 ⁸
774 2719 866 2774 τὸν
887 2719 967 2784 δὲ,
996 2720 1090 2773 καὶ
1116 2721 1464 2792 ὲνηργηκότα
1492 2722 1810 2789 καταδεῖξαι
1833 2741 1953 2779 πει-

370 2813 724 2884 ρᾶσαι.Ἐχει
761 2811 819 2866 δὲ
857 2812 1006 2867 οὕτω.
1038 2813 1105 2867 τά
1146 2812 1301 2884 παρὰ
1337 2813 1457 2867 σοῦ·
1664 2793 1671 2799 ⁴

438 2904 680 2976 [Ἦγουν
706 2902 801 2958 τοῦ
832 2904 1174 2972 Μονογενοῦς
1199 2903 1408 2971 εὐδοξία
1454 2908 1585 2962 ποτὲ
1615 2909 1716 2979 μὲν
1738 2910 1818 2981 τῷ
1844 2915 1956 2967 Πα-

362 2997 454 3065 τρὶ
493 2996 827 3064 περιῆπταιο
865 2996 1057 3050 (Ἔστι
1093 2996 1217 3068 γάρ,
1250 2997 1439 3069 φησὶν,
1475 3000 1507 3052 6
1548 3001 1737 3075 Πατήρ
1781 3020 1884 3073 μου
1926 3008 1955 3059 6

361 3087 601 3153 δοξάζων
649 3104 752 3159 με·
789 3107 807 3140 ι
858 3088 991 3142 ποτὲ
1045 3088 1125 3153 δὲ,
1175 3089 1255 3161 τῷ
1306 3090 1619 3161 Πνεύματι·
1675 3111 1694 3144 ι
1726 3093 1801 3147 Τὸ
1844 3092 1953 3166 γὰρ

364 3180 593 3251 Πνεῦμα
615 3181 716 3252 τῆς
743 3181 1024 3253 ἀληθείας,
1056 3182 1242 3253 φησὶν,
1271 3182 1370 3252 ἐμὲ
1400 3182 1617 3249 δοξάσει
1637 3203 1651 3216 σ
1686 3205 1705 3237 ι
1741 3187 1872 3241 ποτὲ
1895 3186 1953 3240 δὲ

362 3276 431 3346 τῇ
461 3273 698 3345 Χριστοῦ
728 3273 1048 3346 δυναστείᾳο
1087 3293 1107 3327 ι
1130 3274 1469 3342 Ἐξελθόντες
1514 3278 1644 3349 γὰρ,
1679 3276 1840 3347 φησῖ,
1872 3277 1952 3331 δι-

360 3365 668 3436 εκήρυσσον
716 3365 808 3419 τὸν
855 3365 1014 3435 λόγον
1044 3367 1347 3438 πανταχοῦ,
1374 3368 1469 3421 τοῦ
1498 3369 1704 3441 Κυρίου
1756 3386 1953 3439 συνερο

361 3456 606 3526 γοῦντος,
639 3458 735 3511 καὶ
779 3459 872 3511 τὸν
917 3458 1077 3527 λόγον
1112 3458 1477 3530 βεϐαιοῦντος,
1503 3460 1590 3515 διὰ
1618 3459 1727 3515 τῶν
1750 3462 1953 3546 ἐπακο-

359 3547 523 3620 λουθη
533 3550 742 3603 σάντων
777 3548 1041 3620 σημείων.
1055 3548 1103 3622 ι]

974 3683 1226 3739 ΚΕΦΑΛ.
1273 3689 1346 3740 Ζ¹.

435 3819 503 3871 Et
541 3816 643 3888 μὲν
674 3816 751 3881 ὡς
787 3815 946 3889 δόξης
992 3817 1184 3871 ἐπιδεᾶ
1224 3818 1315 3872 τὸν
1366 3820 1633 3891 μονογενῆ
1673 3822 1767 3876 τοῦ
1813 3824 1948 3878 θεοῦ

367 3909 561 3977 Λόγον,
588 3908 724 3964 καθό
746 3911 862 3962 ἐστι
885 3909 978 3963 καὶ
1006 3913 1208 3965 νοεῖται
1229 3912 1422 3980 Λόγος,
1449 3914 1542 3965 καὶ
1571 3913 1724 3969 οὔπω
1753 3932 1949 3988 σεσαρ-

371 4000 640 4071 κωμένος,
667 4000 980 4068 δεδοξάσθαι
1016 4003 1151 4075 φησὶ
1179 4003 1333 4075 παρὰ
1366 4003 1463 4058 τοῦ
1491 4007 1702 4078 Πατρὸς
1728 4009 1821 4063 καὶ
1852 4008 1947 4064 τοῦ

368 4091 528 4159 ἁγίου
563 4090 900 4160 Πνεύματος,
931 4093 1013 4146 ὅτι
1037 4093 1131 4147 καὶ
1164 4095 1497 4164 παραπταίει
1521 4097 1611 4151 καὶ
1643 4098 1950 4172 διημάρτη-

370 4199 431 4238 κε
459 4183 511 4236 τ’
526 4181 786 4252 ἀληθοῦς,
815 4185 1046 4256 παρήσω
1074 4184 1254 4254 λέγειν
1275 4187 1356 4251 είς
1387 4188 1446 4241 τὸ
1472 4191 1668 4261 παρόν·
1695 4192 1819 4260 ἄγει
1839 4192 1948 4264 γάρ

364 4278 515 4348 ἡμᾶς
544 4277 633 4347 ἐφ’
661 4274 850 4349 ἕτερον
881 4278 909 4330 6
946 4277 1154 4349 καιρός.
1175 4278 1550 4350 Ἐπιλελῆσθαι
1586 4281 1643 4336 δέ
1671 4300 1763 4354 μοι
1803 4284 1952 4338 δοκεί

362 4367 471 4421 τῶν
500 4367 710 4438 ἀρτίως
747 4365 898 4437 αὐτῷ
927 4366 1356 4440 τεθεωρημένων
1396 4387 1455 4423 τε
1494 4372 1585 4425 καὶ
1614 4364 1943 4445 εἰρημένων.

2055 1908 2278 1964 misceat
2336 1919 2580 1974 naturas,
2644 1907 2738 1964 sed
2796 1909 2939 1978 quod
2997 1907 3176 1963 carnis
3224 1915 3280 1959 et
3349 1903 3629 1972 sanguinis

2053 2000 2325 2071 particeps
2358 2000 2555 2056 factum
2584 2000 2759 2069 ipsum
2794 1999 2887 2055 Dei
2923 1997 3179 2066 Verbum,
3210 2011 3349 2051 unus
3376 1995 3487 2068 46
3512 2009 3631 2049 rur-

2054 2108 2172 2149 sum
2187 2094 2349 2149 etiam
2373 2093 2476 2149 hoc
2507 2093 2667 2147 modo
2697 2091 2866 2149 Filius
2890 2091 3209 2160 intelligitur
3233 2102 3287 2145 et
3306 2089 3626 2159 appellatur.

2058 2186 2136 2241 Tu
2164 2200 2294 2242 vero
2341 2200 2463 2240 cum
2499 2184 2633 2240 duos
2679 2183 2919 2239 cltristos
2971 2182 3228 2254 appellari
3275 2197 3382 2236 non
3433 2180 3629 2234 debere

2056 2276 2226 2339 dicas,
2259 2290 2433 2344 neque
2469 2289 2657 2329 rursus
2677 2273 2814 2328 ﬁlios
2842 2272 3001 2329 fateri
3036 2274 3190 2338 duos,
3232 2279 3287 2327 et
3317 2270 3627 2341 Opinionem

2056 2365 2190 2420 recti
2215 2363 2482 2433 dogmatis
2508 2362 2754 2426 simules,
2810 2364 2944 2419 duos
2973 2373 3151 2417 tamen
3180 2362 3416 2418 cbristos
3446 2362 3628 2415 dicere

2053 2453 2419 2517 convinceris,
2446 2461 2499 2506 et
2526 2452 2578 2506 in
2619 2451 2895 2522 propriam
2937 2451 3310 2507 diversitatem
3352 2450 3628 2505 hominem

2057 2546 2335 2615 Deumque
2372 2543 2732 2614 distinguere,
2763 2550 2819 2598 et
2858 2541 3006 2598 illum
3033 2541 3249 2612 quidem
3281 2542 3347 2595 ad
3392 2555 3628 2611 operan-

2054 2639 2180 2693 dnm
2211 2637 2363 2701 cieri,
2383 2637 2527 2693 hunc
2563 2634 2727 2691 etiam
2755 2635 2822 2691 ad
2846 2650 2983 2707 opus
3008 2635 3173 2702 ciere,
3197 2633 3414 2691 conaris
3441 2643 3627 2688 osten-

2055 2730 2202 2785 dere.
2242 2728 2355 2783 Tua
2390 2743 2625 2798 namque
2650 2728 2739 2784 illa
2771 2728 2852 2784 sic
2873 2727 3095 2784 habent:

2127 2907 2404 2981 [Νεετοο.
2454 2904 2549 2961 Illa
2600 2913 2750 2960 certe
2794 2902 3070 2975 Unigcniti
3123 2902 3445 2976 gloriﬁcatio
3493 2916 3630 2955 non-

2058 3015 2330 3070 nunquam
2385 2997 2531 3053 Patri
2590 2995 2924 3053 ascribitur:
2965 3014 2983 3049 ι
3040 2995 3158 3064 Est,
3219 2996 3415 3066 inquit,
3474 2994 3632 3048 Pater

2061 3104 2211 3145 meus
2256 3089 2348 3159 qui
2396 3088 2665 3159 gloriﬁcat
2711 3101 2798 3142 me
2818 3086 2863 3119 ⁸⁷
2894 3103 2910 3154 ;
2947 3105 2967 3141 ι
3023 3102 3407 3155 nonnunquam
3457 3085 3665 3156 Spiri--

2059 3183 2132 3237 tui
2171 3201 2185 3238 :
2226 3200 2243 3232 ι
2271 3180 2527 3252 Spiritus,
2548 3179 2744 3251 inquit,
2768 3178 3014 3235 veritatis
3032 3193 3122 3234 me
3143 3178 3466 3250 glorillcabit
3502 3178 3546 3210 ³⁸
3568 3195 3582 3244 ;
3605 3197 3624 3229 ο

2053 3272 2346 3344 aliquando
2399 3283 2584 3328 autem
2645 3271 2847 3328 Christi
2906 3272 3206 3342 potentiae:
3262 3289 3281 3322 ι
3359 3269 3631 3325 Exeuntes

2052 3365 2224 3430 enim,
2269 3364 2464 3435 inquit,
2490 3361 3103 3433 pradieabantverbum
3147 3362 3367 3433 ubique,
3402 3360 3630 3417 Domino

2052 3467 2398 3529 cooperante,
2426 3466 2481 3513 ct
2534 3470 2840 3513 sermonem
2878 3454 3240 3511 conﬂrmante
3280 3453 3631 3521 sequentibus

2054 3550 2224 3621 signis
2255 3550 2318 3604 ".
2335 3568 2352 3599 ι
2376 3548 2397 3621 ]

2685 3684 2836 3739 CAP;
2885 3682 2993 3737 Vll.

2137 3820 2192 3876 Si
2237 3831 2492 3890 tanquam
2526 3836 2721 3889 expers
2766 3820 2953 3890 gloria:
2992 3819 3325 3889 unigenitum
3368 3819 3458 3872 Dei
3494 3816 3627 3873 Ver-

2054 3914 2202 3977 bum,
2239 3928 2357 3983 qua
2391 3922 2476 3967 est
2518 3922 2588 3966 et~
2636 3910 2952 3982 intelligitur
2995 3909 3252 3973 Verbum,
3302 3918 3358 3963 et
3392 3909 3626 3963 nondum

2053 4006 2419 4069 incarnatum,
2437 4002 2572 4057 dicit
2597 4015 2717 4055 esse
2751 3998 3107 4069 glorificatum
3139 4013 3167 4050 a
3201 3997 3380 4057 Patre,
3413 4006 3630 4050 sancto.

2052 4109 2159 4165 que
2198 4092 2445 4163 Spiritu;
2493 4092 2599 4147 labi
2652 4092 2800 4145 illum
2833 4099 2887 4145 et
2918 4106 2947 4144 a
2984 4091 3212 4144 veritate
3244 4090 3520 4151 aberrare,
3560 4088 3626 4141 ad

2051 4200 2292 4259 praesens
2325 4186 2479 4239 mitto
2523 4184 2726 4246 dicere,
2787 4183 2852 4237 ad
2882 4182 3027 4237 aliud
3076 4194 3308 4250 namque
3357 4194 3455 4235 nos
3494 4195 3629 4249 pne-

2050 4293 2177 4334 sens
2203 4276 2350 4333 ducit
2371 4273 2605 4331 occasio.
2642 4272 2747 4330 Sed
2775 4273 2905 4328 mihi
2942 4272 3160 4329 videtur
3185 4272 3388 4327 oblitus
3439 4287 3627 4328 eorum

2051 4386 2171 4442 qua:
2252 4383 2425 4438 nuper
2476 4366 2545 4421 ab
2591 4365 2705 4435 ipso
2756 4364 3096 4421 considerata
3155 4365 3407 4434 dictaque
3455 4375 3626 4419 sunt:

370 4459 515 4530 Ἔφη
546 4458 677 4530 γὰρ,
702 4458 813 4529 Οὐχ
839 4458 1026 4530 ἕτερος
1052 4460 1153 4515 καὶ
1183 4461 1369 4533 ἔτερος
1396 4463 1425 4516 6
1450 4463 1703 4536 Χριστὸς,
1733 4467 1834 4520 οὐκ
1860 4466 1947 4521 ἄλ-

2055 4464 2192 4520 dixit
2221 4463 2367 4519 enim
2407 4480 2421 4516 :
2457 4459 2573 4514 Non
2628 4468 2715 4513 est
2768 4458 2910 4513 alius
2946 4466 3001 4511 et
3049 4457 3190 4512 alius
3221 4456 3493 4522 Christus,
3523 4472 3627 4511 non

362 4547 456 4612 λος
485 4550 581 4603 καὶ
617 4548 775 4612 ἄλλος
814 4550 971 4615 Υίός·
1001 4551 1122 4605 οὐδὲ
1148 4552 1258 4624 γὰρ
1304 4552 1501 4624 ἔχομεν
1540 4559 1795 4627 χριστοὺς
1828 4557 1941 4624 δύο,

364 4637 465 4692 καὶ
496 4638 646 4700 υἱοὺς
674 4636 785 4692 δύο.
803 4638 966 4706 Ἀλλ’,
995 4633 1042 4694 ὦ
1073 4641 1431 4709 συνετώτατε,
1469 4646 1636 4715 φαίην
1683 4647 1771 4713 ἂν,
1800 4650 1848 4702 εί
1875 4653 1941 4721 τῇ

362 4729 606 4801 Χριστοῦ
669 4728 956 4802 δυναστείᾳ
1004 4733 1314 4805 περιῆφθαι
1361 4735 1664 4789 διαϐεϐαιοτ
1706 4738 1805 4810 τὴν
1849 4739 1944 4792 τοῦ

362 4820 700 4889 Μονογενοῦς
731 4821 1002 4889 εὐδοξίαν,
1020 4824 1138 4888 πῶς
1168 4827 1266 4896 οὐχ
1287 4826 1472 4900 ἕτερος
1509 4829 1601 4882 καὶ
1628 4828 1813 4900 ἕτερος
1834 4826 1945 4883 εἷεν

363 4913 453 4979 ἂν,
494 4912 526 4985 ῆ
552 4912 668 4976 πῶς
691 4914 752 4967 οὐ
774 4913 867 4968 δύο
896 4915 1076 4986 πάντη
1106 4932 1167 4968 τε
1202 4917 1296 4970 καὶ
1318 4916 1533 4981 πάντως
1557 4957 1572 4983 ,
1606 4918 1764 4992 εἴπερ
1797 4921 1957 4974 ἐστὶν-

361 5008 461 5079 οὐχ
481 5008 509 5061 6
532 5006 693 5071 αὐτὸς
717 5008 745 5059 ό
771 5006 948 5071 διδοὺς
970 5010 1066 5061 καὶ
1089 5008 1400 5078 δεχόμενος,
1431 5010 1598 5079 ἧγουν
1623 5013 1945 5083 περιάπτων

359 5099 434 5164 ὡς
461 5099 634 5173 ἑτέρῳ
659 5100 788 5170 παρ’
811 5100 1004 5155 ἑαυτὸν
1042 5100 1112 5154 τά
1146 5101 1303 5170 φύσει
1338 5104 1607 5173 προσόντα
1636 5105 1803 5174 αὐτῷ.
1824 5107 1942 5159 Ἐν-

362 5194 571 5263 ἠργηκε
613 5190 745 5260 γοῦν
795 5191 1208 5262 ὲνεργούμενος,
1236 5193 1312 5257 ὡς
1356 5194 1543 5267 ἕτερός
1567 5214 1649 5257 τις
1685 5198 1942 5266 ὑπάρχων

363 5282 595 5352 Χριστὸς
625 5281 779 5351 παρὰ
815 5280 909 5334 τὸν
954 5283 1236 5354 Μονογενῆ
1304 5285 1354 5336 εἰ
1383 5284 1490 5354 γάρ
1522 5286 1819 5355 περιῆπται
1845 5285 1944 5356 μὲν

364 5372 531 5443 αὐτῷ,
563 5371 709 5425 καθὰ
753 5369 879 5443 φὴς,
923 5371 957 5441 ἠ
986 5371 1082 5425 τοῦ
1120 5373 1459 5441 Μονογενοῦς
1491 5374 1739 5439 εὐδοξία,
1786 5378 1853 5445 τῇ
1888 5376 1944 5430 δὲ

366 5464 497 5535 παρ’
528 5462 695 5517 αὑτοῦ
748 5461 1037 5534 δυναστείᾳ
1073 5462 1369 5535 χρώμενοι,
1401 5463 1818 5536 διεκηρύττοντο
1850 5467 1944 5519 καὶ

367 5556 684 5628 είργάζοντο
740 5555 839 5620 τὰς
886 5555 1212 5626 Θεοσημείας
1254 5558 1304 5609 οί
1349 5556 1628 5610 Θεσπέσιοι
1677 5557 1938 5629 μαθηταὶ,

363 5733 413 5770 ³⁷
447 5734 601 5791 Joan.
632 5750 747 5802 rm,
789 5734 875 5789 Si.
952 5733 994 5765 ³⁸
1018 5730 1174 5790 Joau.
1209 5747 1317 5799 Xi'l,
1352 5731 1432 5790 14.
1513 5734 1558 5767 ³⁸
1588 5731 1756 5790 Marc.
1787 5747 1897 5802 xw,
1928 5734 2016 5790 20.

2052 4556 2192 4612 alius
2238 4564 2292 4610 et
2344 4554 2480 4607 alius
2519 4551 2731 4604 Filius:
2781 4563 2955 4619 neque
2986 4548 3126 4603 enim
3183 4546 3443 4603 habemus
3496 4548 3631 4602 duos

2052 4647 2288 4702 christos
2330 4645 2572 4712 duosque
2604 4640 2764 4694 tilios.
2793 4637 2922 4705 Sed,
2952 4653 2986 4693 o
3041 4638 3124 4691 vir
3183 4637 3626 4706 prudentissime,

2054 4738 2297 4806 inquam,
2339 4735 2380 4787 si
2407 4731 2609 4787 Christi
2664 4728 2918 4799 potentia:
2974 4728 3174 4784 ascribi
3222 4729 3459 4784 aﬂirmas
3495 4728 3596 4785 Uni

2055 4827 2221 4899 geniti
2280 4825 2752 4897 gloriﬂczttioncm,
2800 4822 3073 4893 quomodo
3118 4840 3222 4878 non
3268 4822 3410 4878 alter
3462 4824 3533 4876 sit
3576 4830 3631 4875 et

2052 4920 2211 4987 alter,
2237 4928 2331 4973 aut
2367 4917 2638 4987 quomodo
2668 4932 2774 4972 non
2813 4931 3038 4988 prorsus
3062 4916 3189 4980 duo,
3218 4915 3489 4986 siquidem
3522 4929 3627 4968 non

2049 5013 2194 5069 idem
2254 5021 2339 5067 est
2371 5010 2461 5081 qui
2520 5010 2615 5064 dat
2643 5020 2696 5066 et
2725 5010 2813 5081 qui
2866 5009 3085 5078 accipit,
3140 5017 3233 5062 aut
3263 5008 3353 5075 qui
3403 5005 3631 5060 ascribit

2053 5104 2205 5159 alteri
2235 5114 2488 5173 tanquam
2517 5118 2545 5155 a
2577 5116 2635 5157 se
2689 5103 2922 5167 diverso,
2971 5117 3090 5171 qua»
3116 5101 3217 5154 sibi
3248 5113 3344 5166 per
3378 5108 3624 5150 naturam

2054 5195 2573 5266 insunHOperatus
2632 5206 2716 5252 est
2756 5209 2887 5265 ergo
2933 5194 3201 5253 Christus,
3251 5190 3503 5257 idemque
3559 5190 3624 5242 ad

2051 5287 2385 5356 operandam
2414 5285 2623 5340 excitus
2657 5295 2914 5354 tanquam
2937 5283 3182 5335 diversus
3203 5280 3268 5333 ab
3299 5278 3585 5350 Unigenito
3610 5299 3624 5335 :

2054 5394 2175 5433 nam
2202 5378 2250 5434 si
2289 5376 2581 5433 ascribitur
2631 5376 2755 5443 ipsi,
2795 5383 2853 5427 ut
2884 5372 3109 5436 asseris,
3160 5370 3428 5441 Unigeniti
3466 5373 3631 5443 glori-

2054 5468 2257 5534 ficatio,
2295 5476 2348 5523 et
2403 5464 2639 5536 potentia
2688 5464 2756 5519 ab
2783 5463 2901 5533 ipso
2929 5462 3051 5516 data
3103 5472 3316 5518 utentes
3355 5462 3495 5515 beati
3552 5461 3625 5514 illi

2053 5557 2300 5629 discipuli
2322 5554 2711 5627 pradicabant,
2746 5563 2798 5610 et
2824 5553 3002 5610 divina
3031 5554 3119 5610 illa
3155 5556 3308 5625 signa
3334 5551 3625 5612 faciebant,

3514 5704 3545 5741 ⁸4
