3926 6126
298 269 371 326 37
1291 261 1347 317 S.
1388 261 1662 319 CYRILLI
1699 261 2167 322 ALEXANDRINI
2209 266 2525 326 ARCHIEP.
3487 280 3555 333 23

300 386 569 458 quomodo
619 382 762 456 quod
822 381 932 438 dixi
990 382 1175 451 negari
1219 380 1444 451 potest?
1473 378 1739 449 Operatus
1768 380 1875 435 erit

1990 385 2094 449 πῶς
2117 386 2217 440 οὐκ
2249 387 2443 458 ἀληθὲς
2477 390 2614 459 ὅπερ
2642 387 2808 459 ἐφηνς
2845 389 3147 462 Ἐνήργηκε
3168 392 3276 464 γάρ
3299 394 3559 467 ἀλλοτρίᾳ.

301 482 447 537 enim
486 479 661 535 aliena
692 479 891 532 virtute
927 486 1105 539 utens,
1144 483 1198 527 ut
1233 488 1339 526 non
1376 473 1507 540 ipse,
1541 471 1634 526 sed
1666 471 1757 541 qui
1806 470 1873 527 ad

300 588 439 642 opus
463 571 664 632 ciebat,
695 570 763 625 ab
798 568 884 624 his
910 567 1001 637 qui
1052 566 1104 624 in
1136 565 1335 621 mundo
1386 575 1567 627 erant,
1609 563 1876 633 glorifica-

258 689 266 693 -
303 674 473 718 retur.
502 660 642 729 Quid
679 661 861 731 igitur,
902 672 1106 727 quaeso,
1160 656 1213 710 in
1243 669 1308 710 eo
1346 654 1580 724 amplius
1627 654 1875 708 cernitur

303 768 466 822 quam
500 753 554 807 in
579 751 786 807 sanctis
815 746 1079 813 apostolis
1104 747 1126 800 ?
1155 760 1276 799 nam
1308 744 1363 799 hi
1410 759 1515 798 non
1547 758 1643 798 sua
1671 744 1876 799 virtute

304 843 567 899 miracula
614 840 1001 911 perfecerunt:
1052 838 1211 908 idque
1240 836 1343 906 ipsi
1396 845 1585 906 aperte
1641 835 1873 891 confessi

302 933 632 1003 suutzdigui
660 944 895 1000 namque
963 938 1088 985 sunt
1150 927 1308 983 laude
1333 935 1390 982 et
1419 927 1546 998 quia
1594 927 1645 981 id
1673 940 1876 997 cogno-

303 1033 520 1088 verunt,
558 1032 613 1078 et
647 1023 771 1092 quia
818 1022 870 1077 in
916 1021 1048 1092 ipsis
1101 1027 1416 1090 operantem
1477 1017 1872 1089 glorificabant.

303 1113 418 1170 lloc
445 1113 491 1170 si
518 1114 589 1169 ita
612 1123 719 1178 est,
756 1127 938 1168 annon
1005 1126 1215 1182 aequum
1239 1119 1357 1165 erat
1407 1119 1465 1164 ut
1512 1109 1762 1164 Christus
1784 1107 1875 1177 qui

303 1207 373 1260 ab
417 1205 545 1271 alio,
601 1213 659 1258 ut
697 1213 750 1259 tu
785 1202 1006 1266 asseris,
1034 1202 1101 1256 ad
1153 1199 1485 1271 operandum
1516 1199 1782 1261 eiebatur,
1822 1207 1879 1252 et

304 1298 649 1354 extrinsecus
708 1296 940 1351 habebat
969 1292 1242 1364 Unigeniti
1276 1292 1525 1363 gloriam,
1551 1290 1617 1344 ad
1658 1304 1716 1345 se
1742 1296 1875 1343 tan-

303 1404 465 1459 quam
490 1389 558 1444 ad
584 1388 693 1462 47
726 1387 889 1444 Deum
932 1386 1339 1449 accedentibus,
1386 1394 1440 1439 et
1473 1383 1593 1453 ejus
1649 1396 1754 1452 ope
1789 1381 1876 1434 in-

305 1479 608 1550 digentibus
672 1479 1015 1543 inclamaret,
1076 1477 1133 1531 ln
1189 1476 1424 1538 nomiue,
1450 1489 1543 1529 seu
1591 1472 1644 1527 in
1677 1473 1879 1527 virtute

304 1569 581 1640 Uuigeuiti
611 1570 736 1632 hoc,
759 1567 909 1623 verbi
929 1566 1125 1639 gratia,
1151 1566 1244 1621 tibi
1268 1564 1609 1620 commodum
1631 1562 1879 1619 eveniat?

308 1676 429 1713 nam
465 1661 517 1715 id
549 1658 817 1716 faciebant
853 1658 927 1713 illi
949 1656 1334 1727 sapientissimi
1375 1655 1646 1724 discipuli,
1681 1653 1879 1722 ubique

304 1748 493 1805 Jestun
522 1765 588 1807 ex
619 1748 890 1807 Nazareth
913 1745 1393 1820 appellantes.Sed
1419 1745 1689 1799 neminem
1724 1758 1878 1812 pror-

305 1841 497 1896 susita
526 1852 609 1895 est
639 1839 928 1906 allocutus,
969 1852 1187 1909 suaeque
1228 1838 1406 1906 potius
1447 1835 1633 1890 virtuti
1682 1849 1879 1905 perpe-

314 1943 455 1987 trata
483 1933 639 2003 signa
673 1931 963 1995 tribuebat,
993 1944 1137 1984 nunc
1183 1928 1399 1998 quidem
1428 1927 1589 1982 caecis
1641 1927 1826 1983 dicens
1861 1942 1876 1979 :

313 2047 332 2078 ι
370 2025 602 2082 Creditis
632 2023 775 2093 quod
800 2022 1004 2093 possim
1036 2019 1090 2076 id
1113 2020 1291 2074 facere
1314 2018 1397 2072 ⁸⁸2
1418 2037 1437 2070 ι
1475 2027 1528 2073 et
1557 2031 1878 2072 consensum

305 2129 604 2185 exposcens
637 2130 653 2182 ;
683 2128 829 2172 nunc
851 2126 974 2169 cum
1014 2110 1239 2179 imperio
1273 2109 1518 2178 exigens,
1549 2122 1615 2163 ac
1640 2107 1828 2163 dicens
1863 2126 1876 2161 :

313 2228 333 2263 ι
371 2207 526 2275 \(olo,
554 2206 814 2262 mundare
846 2203 888 2236 “
919 2221 934 2272 ;
967 2221 989 2257 ι
1028 2216 1125 2258 cur
1155 2216 1261 2257 non
1294 2199 1673 2271 praetermissis
1715 2200 1880 2253 anili-

307 2302 407 2355 bus
426 2296 658 2362 fabcllis,
681 2311 818 2368 quas
839 2296 933 2352 tibi
974 2303 1030 2351 et
1046 2294 1147 2351 soli
1171 2304 1512 2350 commentus
1531 2308 1610 2357 es,
1628 2291 1881 2363 mysterii

308 2390 726 2459 profunditatem
760 2386 988 2458 sapienti
1014 2384 1246 2442 consilio
1274 2384 1544 2454 perquiris
1576 2384 1599 2437 ?
1634 2383 1738 2438 Sed
1768 2398 1884 2452 pcr-

307 2483 554 2552 spicuum
580 2490 664 2537 est
681 2495 862 2537 rerum
890 2480 945 2534 in
971 2478 1164 2548 primis
1212 2477 1421 2532 utilium
1447 2477 1697 2548 exiguam
1727 2491 1884 2546 pror-

309 2588 405 2629 sus
439 2572 514 2628 illi
550 2587 737 2629 curam
788 2585 937 2637 esse,
992 2583 1058 2624 ac
1096 2566 1496 2639 quodammodo
1528 2576 1774 2621 metuere
1817 2580 1884 2619 ne

310 2666 441 2735 quid
471 2665 584 2720 veri
639 2678 832 2733 parum
870 2663 1164 2718 advertens
1219 2659 1383 2725 dicat,
1412 2667 1465 2713 et
1513 2658 1646 2714 recti
1679 2656 1883 2728 aliquid

310 2755 515 2811 sentire
574 2752 1010 2821 deprehendatur
1057 2767 1072 2805 :
1124 2758 1180 2805 et
1227 2747 1611 2804 absurdissima
1656 2760 1886 2817 quaeque

309 2846 531 2917 cogitat,
562 2855 618 2900 et
637 2845 1035 2902 inconsiderate
1055 2840 1345 2899 admodum
1379 2847 1602 2895 accusat
1632 2838 1886 2893 Ecclesiae

312 2941 587 3008 dogmata.
628 2938 790 3007 Atqui
830 2936 1144 2991 meminisse
1177 2948 1300 2988 eum
1349 2930 1587 3003 oportuit
1626 2931 1720 2987 Dei
1766 2945 1886 2984 ver-

1975 474 2201 546 δυνάμει
2247 477 2562 551 χρώμενος,
2597 478 2663 531 ἶν’
2698 481 2726 533 ό
2769 480 3094 552 ἐνεργήσας,
3143 483 3238 535 καὶ
3282 483 3384 537 οὑκ
3425 485 3558 539 αὑτό

1977 562 2087 636 [ῐσ.
2123 565 2305 638 αὐτός]
2340 584 2440 620 που
2471 567 2670 637 μᾶλλον
2700 568 2850 639 παρὰ
2875 570 2983 622 τῶν
3016 571 3074 624 ἐν
3107 571 3299 643 κόσμῳ
3330 573 3560 644 δοξάζη-

1974 679 2088 717 ται.
2116 663 2183 715 Τί
2218 659 2332 727 οὖν,
2368 662 2488 743 εἰπέ
2517 681 2627 734 μοι,
2654 663 2715 716 τὸ
2746 664 2908 719 πλέον
2938 665 2994 718 ἐν
3026 684 3084 719 τε
3106 667 3254 739 αὐτῷ
3281 668 3553 738 φαίνεται,

1976 752 2204 815 καὶτοῖς
2226 751 2400 818 ἁγίοις
2422 752 2738 816 ἀποστόλοις
2762 769 2776 818 ;
2822 753 3268 809 Ἀποτετελέκασι
3306 757 3414 829 γὰρ
3457 760 3561 813 οὐκ

1979 842 2086 915 ίδίᾳ
2135 843 2362 914 δυνάμει
2400 844 2498 908 τὰς
2538 845 3013 917 θαυματουργίας·
3063 848 3158 901 καὶ
3200 847 3360 901 τοῦτο
3402 851 3556 903 αὐτοὶ

1974 933 2332 1006 ὡμολόγησαν
2356 935 2600 1007 ἐναργῶς
2620 952 2633 966 ·
2662 934 2986 1004 ἀξιάγαστοι
3016 938 3125 1008 γὰρ
3155 937 3258 1010 [δέι
3287 940 3558 993 καὶτοῦτο

1977 1020 2199 1086 ειδότες,
2249 1021 2341 1074 καὶ
2378 1022 2469 1075 τὸν
2515 1025 2571 1077 ἐν
2614 1025 2795 1088 αὐτοῖς
2828 1025 3157 1097 ἐνεργοῦντα
3203 1027 3552 1093 δοξάζοντες·

1977 1109 2096 1165 εἶτα
2122 1112 2236 1177 πῶς
2258 1114 2358 1167 οὐκ
2386 1114 2492 1168 ἔδει
2515 1115 2604 1169 τὸν
2626 1116 3019 1188 ἐνεργούμενον
3043 1117 3171 1190 παρ’
3202 1119 3391 1190 ἐτέρου
3418 1121 3558 1174 κατὰ

1980 1202 2039 1256 σέ
2074 1204 2324 1275 Χριστὸν,
2358 1206 2452 1258 καὶ
2489 1205 2721 1278 θύραθεν
2754 1208 2946 1280 ἔχοντα
2973 1208 3069 1281 τὴν
3095 1209 3189 1264 τοῦ
3222 1212 3557 1278 Μονογενοῦς

1978 1294 2240 1361 εὐδοξίαν,
2269 1299 2381 1360 τοῖς
2411 1295 2726 1369 προσιοῦσιν
2750 1298 2826 1363 ὡς
2858 1298 2999 1370 Θεῷ,
3024 1300 3119 1353 καὶ
3163 1300 3264 1371 τῆς
3306 1300 3434 1369 παρ’
3457 1300 3555 1353 αύ-

1977 1386 2071 1441 τοῦ
2111 1387 2450 1459 δεδεημένοις
2494 1390 2815 1462 ἐπικουρίας
2870 1392 3184 1461 ἐπιφωνεῖν,
3220 1393 3277 1445 ἐν
3327 1392 3556 1461 ὀνόματι

1977 1478 2071 1532 τοῦ
2095 1478 2455 1548 Μονογενοῢς,
2481 1481 2647 1552 ἦγουν
2670 1485 2727 1536 ἐν
2747 1483 2993 1555 δυνάμει,
3008 1483 3146 1539 Τόδε
3168 1483 3221 1539 τί
3245 1501 3326 1538 σοι
3349 1484 3559 1551 γένοιτο

1978 1569 2088 1625 τῶν
2115 1570 2370 1639 ἀγαθῶν;
2395 1572 2553 1626 τοῦτο
2577 1573 2686 1645 γὰρ
2718 1574 2886 1646 ἔδρων
2911 1577 2961 1630 oi
2993 1578 3256 1645 πάνσοφοι
3291 1576 3554 1648 μαθηταὶ,

1992 1656 2198 1733 Ἰησοῦν
2222 1664 2312 1717 τὸν
2334 1658 2398 1719 ἐκ
2426 1665 2682 1738 Ναζαρὲτ
2709 1668 3063 1738 ὀνομάζοντες
3087 1672 3385 1738 πανταχοῦ.
3403 1665 3560 1720 Ἀλλ’

1981 1752 2156 1805 οὐδενὶ
2198 1752 2295 1823 μὲν
2325 1753 2480 1807 τοῦτο
2507 1755 2943 1827 προσπεφώνηκε
2976 1755 3283 1819 παντελῶς·
3318 1754 3558 1808 ἀνετίθει

1982 1840 2039 1894 δὲ
2069 1840 2271 1912 μᾶλλον
2305 1842 2412 1915 ίδίᾳ
2447 1843 2671 1914 δυνάμει
2702 1845 2773 1899 τὰ
2807 1844 3243 1918 κατορθούμενα·
3275 1845 3405 1898 ποτέ
3454 1844 3556 1913 μὲν

1981 1932 2157 2001 λέγων
2200 1937 2313 2000 τοῖς
2356 1936 2596 2006 τυφλοῖς,
2633 1957 2651 1990 t
2681 1938 2970 1992 Πιστεύετε
3011 1938 3093 1991 ὅτι
3131 1935 3366 2006 δύναμαι
3395 1934 3560 1989 τοῦτο

1983 2027 2241 2098 ποιῆσαι;
2274 2048 2292 2081 ι
2320 2029 2415 2082 καὶ
2440 2031 2541 2099 τὴν
2567 2031 2871 2086 συναίνεσιν
2897 2030 3167 2086 ἀπαιτῶν·
3193 2031 3325 2084 ποτέ
3345 2029 3401 2083 δέ
3430 2029 3559 2099 μετ’

1982 2115 2231 2181 ἐξουσίας
2280 2118 2528 2173 ἀπαιτῶν
2579 2119 2703 2191 [τσ.
2735 2119 3033 2194 παρέλκει]
3086 2120 3282 2190 λέγων,
3338 2140 3355 2171 t
3387 2119 3557 2181 Θέλω.

1983 2207 2376 2280 καθαρίσθητι·
2407 2228 2426 2259 ι
2455 2209 2508 2262 τί
2550 2211 2623 2280 μὴ
2647 2211 2842 2280 παρεὶς
2867 2210 2935 2264 τὰ
2960 2209 3143 2280 σαυτῷ
3176 2227 3235 2262 τε
3273 2209 3367 2262 καὶ
3411 2209 3558 2278 μόνῳ

1983 2297 2322 2370 ἐξευρημένα
2346 2300 2675 2372 γραοπρεπῆ
2713 2300 2950 2372 μυθάρια
2980 2303 3115 2371 σοφῇ
3139 2298 3341 2371 διανοίᾳ
3368 2299 3430 2352 τὸ
3462 2297 3555 2352 τοῦ

1987 2388 2290 2459 μυστηρίου
2319 2390 2659 2463 περιεργάζῃ
2698 2391 2894 2461 βάθος;
2936 2391 3052 2445 ἀλλ’
3090 2391 3237 2444 ἐστιν
3281 2391 3430 2454 ἰδεῖν,
3476 2391 3558 2444 ὅτι

1982 2479 2091 2532 τῶν
2120 2479 2220 2550 μὲν
2248 2479 2560 2549 ἀναγκαίων
2583 2482 2661 2541 είς
2680 2479 2886 2551 ὄνησιν,
2911 2481 3088 2550 ὀλίγος
3110 2480 3257 2552 αὐτῷ
3282 2478 3559 2544 παντελῶς

1983 2574 2010 2626 ό
2042 2571 2197 2640 λόγος
2216 2588 2230 2601 ·
2261 2571 2397 2626 δέδιε
2440 2571 2709 2642 δὲῶσπερ
2751 2572 2824 2644 μὴ
2855 2572 2962 2644 ἀρα
2992 2590 3046 2627 τι
3077 2573 3173 2627 καὶ
3200 2572 3309 2627 τῶν
3339 2572 3558 2639 ἀληθῶν

1985 2662 2454 2735 παραφθέγξαιτο·
2496 2665 2672 2718 καίτοι
2711 2663 2818 2737 [Ion
2857 2666 2953 2720 καί
2973 2665 3057 2738 τε]
3093 2666 3204 2719 τῶν
3234 2664 3561 2735 ἐπαινουμέ-

1984 2770 2091 2807 νων
2141 2753 2293 2824 ἁλοίη
2340 2754 2726 2827 πεφρονηκὼς·
2776 2754 2946 2811 οἴεται
2986 2756 3043 2810 δὲ
3091 2757 3200 2810 πᾶν
3241 2754 3417 2809 ὁτιοῦν
3454 2755 3563 2808 τῶν

1985 2839 2399 2915 ἀπηχεστᾶτων,
2432 2846 2527 2899 καὶ
2551 2845 2941 2900 ἁκατάσκοπον
2964 2847 3160 2919 κομιδῆ
3186 2845 3296 2900 τῶν
3318 2847 3418 2917 τῆς
3446 2846 3562 2899 Ἐκ·

1987 2936 2216 3007 κλησίας
2243 2937 2525 3008 δογμάτων
2556 2941 2788 2993 ποιεῖται
2838 2938 2937 3009 τὴν
2979 2940 3351 3011 κατάρρησιν·
3387 2939 3560 2993 καίτοι

314 3032 529 3097 borum,
558 3026 862 3099 prmpositis
898 3023 1244 3081 rationalium
1294 3036 1520 3093 gregum
1571 3035 1667 3089 per
1693 3034 1882 3076 vocem

1990 3027 2297 3100 μεμνῆσθαι
2335 3027 2450 3082 δέον
2471 3028 2634 3083 αὑτὸν
2654 3027 2788 3083 Θεοῦ
2809 3028 3055 3098 λέγοντος
3076 3028 3163 3083 διὰ
3192 3028 3377 3099 φωνῆς
3408 3029 3563 3092 Ἱεζε-

311 3122 564 3178 Ezechiel
598 3120 866 3176 dicentis:
903 3135 924 3169 ι
994 3114 1257 3171 Przeclara
1308 3128 1506 3184 pascua
1553 3114 1884 3184 depasceba-

316 3216 469 3279 mini,
520 3223 575 3267 et
622 3226 818 3280 aquam
878 3209 1265 3265 consistentem
1321 3205 1720 3272 hibebatis;et
1760 3206 1888 3262 reli-

312 3323 476 3375 quam
504 3303 806 3360 turbabatis
830 3302 1054 3371 pedibus
1080 3300 1299 3367 vestris,
1337 3309 1393 3355 et
1437 3313 1567 3356 oves
1596 3313 1730 3354 mete
1757 3312 1888 3353 con-

315 3398 536 3454 culcata:
558 3394 785 3467 pedibus
823 3393 1022 3449 vestris
1050 3392 1499 3463 depascebantur,
1528 3400 1583 3446 et
1616 3390 1887 3444 turbatam

313 3504 511 3559 aquam
574 3486 798 3557 pedibus
848 3485 1047 3541 vestris
1091 3484 1349 3539 bibebant
1377 3483 1443 3538 δ’.
1486 3501 1504 3534 ι
1545 3480 1654 3538 Nos
1715 3482 1885 3545 enim,

315 3581 573 3635 divinitus
627 3578 907 3649 inspiratis
963 3576 1183 3632 Litteris
1252 3575 1491 3630 animum
1539 3573 1885 3645 adjicieutes,

316 3673 572 3743 praeclara
591 3687 791 3743 pascua
815 3667 1178 3740 depascimur,
1197 3677 1255 3722 ut
1275 3667 1535 3737 scriptum
1560 3675 1663 3731 est,
1694 3679 1888 3735 aquam

314 3768 481 3825 etiam
535 3766 922 3822 consistentem
958 3763 1219 3826 bibimus,
1272 3763 1374 3816 hoc
1424 3770 1534 3825 est,
1583 3774 1891 3815 sermonem

316 3864 553 3933 Spiritus
587 3862 809 3917 minime
856 3859 1139 3916 mendacio
1174 3858 1413 3925 mistum,
1468 3868 1519 3914 et
1547 3858 1891 3929 perspicuum

315 3972 382 4011 ac
406 3955 755 4024 purissimum
788 3971 802 4009 :
834 3952 925 4009 ubi
955 3966 1084 4008 vero
1115 3951 1281 4007 veluti
1343 3954 1582 4022 ingratas
1633 3948 1893 4021 quasdam

316 4057 625 4102 nostrarum
664 4045 1056 4118 cogitationum
1086 4044 1234 4100 faces
1267 4045 1318 4099 in
1337 4060 1406 4099 eo
1426 4058 1680 4100 sermone
1705 4042 1897 4098 misee-

318 4158 460 4205 tuus,
490 4155 724 4211 eumque
750 4140 1155 4206 confunditnus,
1185 4138 1486 4194 Salvatoris
1518 4137 1687 4193 nostri
1715 4135 1896 4207 gregi-

314 4236 419 4289 bus
452 4233 802 4288 insidiamur.
832 4229 945 4286 Hoc
979 4231 1157 4302 ipsum
1187 4245 1374 4284 verum
1404 4244 1549 4292 esse,
1581 4228 1737 4283 nobis
1768 4242 1892 4295 per-

317 4326 565 4395 spicuum
617 4323 820 4378 facient
867 4337 929 4377 ea
984 4336 1106 4391 quae
1157 4320 1224 4374 de
1259 4320 1480 4375 Christo
1515 4335 1705 4374 rursus
1737 4319 1805 4371 ab
1830 4333 1896 4373 eo

317 4426 374 4471 et
414 4414 745 4486 excogitata,
798 4421 851 4468 et
905 4421 1109 4466 temere
1156 4409 1300 4465 dicta
1331 4418 1480 4476 sunt,
1529 4424 1649 4479 quae
1682 4409 1763 4464 sic
1792 4409 1893 4463 ha-
1927 4395 1971 4450 θ

318 4510 485 4563 bent:

390 4599 676 4672 [Νεςτοιι.
709 4595 840 4650 Erat
872 4591 1204 4662 quidemille
1247 4591 1394 4647 Deus
1432 4590 1689 4655 Verbum,
1732 4590 1893 4645 etiam

318 4701 613 4760 autequam
639 4688 806 4741 homo
841 4683 1013 4750 fieret,
1052 4683 1224 4739 Filius
1252 4694 1308 4740 et
1349 4685 1508 4751 Deus,
1564 4691 1621 4739 et
1669 4697 1899 4739 consen-

318 4783 463 4835 tiens
484 4778 630 4834 Patri
661 4794 676 4830 :
702 4776 948 4844 suscepit
970 4789 1098 4830 vero
1136 4775 1528 4846 posterioribus
1565 4774 1900 4846 temporibus

321 4870 467 4928 servi
495 4870 760 4924 formam:
789 4866 882 4922 sed
921 4879 1045 4921 cum
1085 4874 1227 4921 esset
1261 4877 1421 4921 antea
1456 4864 1627 4921 Filius
1652 4875 1708 4921 et
1734 4880 1896 4921 voca-

321 4970 494 5028 retur,
524 4969 643 5029 post
665 4956 1091 5027 assumptiouem
1120 4970 1225 5010 nou
1255 4965 1431 5024 potest
1457 4958 1636 5012 vocari
1668 4957 1893 5011 seorsim

322 5052 517 5117 Filius,
550 5065 621 5106 re
654 5049 789 5105 duos
820 5046 964 5102 ﬁlios
1020 5046 1481 5119 dogmatizemusq
1518 5045 1624 5100 Sed
1671 5047 1795 5116 quia
1822 5046 1895 5100 illi

322 5143 647 5212 coniunctus
675 5149 759 5196 est
810 5137 952 5194 Filio
979 5135 1071 5207 qui
1111 5144 1230 5190 erat
1264 5137 1314 5189 iu
1355 5135 1639 5204 principio,
1698 5137 1899 5206 quique

324 5233 425 5288 sibi
460 5231 739 5300 copulatus
771 5238 875 5293 est,
913 5243 1019 5283 nou
1075 5236 1253 5296 potest
1302 5226 1443 5294 quod
1475 5227 1543 5281 ad
1582 5225 1897 5295 dignitatem

327 5323 606 5380 lliiutiouis
660 5323 874 5388 attinet,
923 5320 1244 5376 divisionem
1298 5317 1576 5387 suscipere
1618 5318 1804 5387 :quod
1831 5318 1901 5374 ad

326 5414 645 5483 dignitatem
666 5411 962 5474 ﬂliationis,
983 5412 1224 5481 inquam,
1246 5423 1350 5465 non
1373 5408 1519 5479 quod
1543 5408 1610 5462 ad
1640 5417 1896 5464 naturas:

326 5507 449 5564 ideo
479 5502 642 5557 etiam
667 5502 919 5559 Christus
952 5502 1249 5574 appellatur
1286 5502 1371 5557 ille
1414 5499 1527 5573 48
1581 5499 1720 5556 Deus
1763 5499 1896 5558 Ver-

1988 3118 2112 3189 χιὴλ
2143 3121 2257 3182 τοῖς
2286 3120 2395 3173 τῶν
2431 3119 2663 3187 λογικῶν
2723 3119 2987 3190 ποιμνίων
3026 3118 3441 3191 προεστηκόσιν,
3481 3117 3561 3171 ὅτι

1986 3214 2086 3283 τὴν
2147 3230 2166 3264 ι
2201 3211 2387 3283 Καλὴν
2440 3212 2608 3283 νομὴν
2649 3211 2935 3283 ἐνέμεσθε,
2984 3211 3078 3265 καλ⁸
3118 3210 3180 3264 τὸ
3227 3209 3564 3280 καθεστηκὸς

1990 3303 2133 3375 ὕδωρ
2178 3305 2411 3369 ἐπίνετε,
2444 3306 2538 3358 καὶ
2587 3304 2648 3357 τὸ
2699 3303 3027 3359 κατάλοιπον
3074 3304 3400 3376 ἐταράττετε
3453 3304 3563 3364 τοῖς

1992 3404 2169 3484 ποσὶν.
2186 3402 2359 3473 ὑμῶν,
2393 3403 2490 3457 καὶ
2521 3403 2591 3456 τὰ
2616 3402 2864 3474 πρόϐατά
2895 3420 2994 3474 μου
3030 3400 3101 3456 τὰ
3125 3401 3420 3474 πατήματα
3456 3398 3564 3452 τῶν

1991 3496 2167 3550 ποδῶν
2206 3494 2360 3566 ὑμῶν
2403 3495 2690 3566 ἐνέμοντο·
2743 3496 2838 3548 καὶ
2884 3493 2944 3549 τὸ
2980 3492 3381 3565 τεταραγμένον
3424 3491 3563 3561 ὕδωρ

1994 3588 2097 3642 ὑπὸ
2127 3588 2235 3641 τῶν
2273 3586 2448 3640 ποδῶν
2494 3585 2646 3657 ὑμῶν
2676 3586 2939 3641 ὲνέπινον.
2973 3604 2992 3638 ι
3029 3584 3163 3649 Ταῖς
3188 3583 3287 3654 μὲν
3312 3583 3421 3654 γὰρ
3446 3582 3564 3636 θεο-

1994 3676 2278 3738 πνεύστοις
2296 3677 2542 3746 Γραφαῖς
2566 3677 2655 3731 τὸν
2675 3676 2798 3731 νοῦν
2821 3677 3052 3739 ἐνιέντες
3073 3678 3251 3748 ἡμεῖς,
3274 3674 3371 3746 τὴν
3397 3671 3565 3742 καλὴν

1993 3772 2163 3841 νομὴν
2194 3768 2489 3841 νεμόμεθα,
2525 3769 2666 3823 κατά
2692 3769 2752 3822 τὸ
2778 3767 3191 3839 γεγραμμένον·
3226 3767 3321 3820 καὶ
3342 3766 3450 3837 μὴν
3472 3763 3566 3818 καὶ

1992 3863 2053 3916 τὸ
2075 3861 2218 3934 ὕδωρ
2248 3861 2475 3932 πίνομεν
2501 3860 2561 3914 τὸ
2578 3859 2953 3930 ὃςαθεστηκὺς,
2977 3858 3243 3926 τουτέστι,
3267 3858 3358 3911 τὸν
3393 3856 3565 3927 ἀμιγῆ

1993 3953 2070 4024 τῷ
2089 3953 2295 4024 ψεύδει,
2318 3953 2483 4025 διειδῆ
2510 3970 2570 4007 τε
2599 3953 2691 4007 καὶ
2722 3951 3110 4023 καθαρώτατον
3131 3951 3224 4005 τοῦ
3254 3949 3569 4020 Πνεύματος

1994 4044 2172 4113 λόγον·
2214 4043 2548 4115 ἐμφύροντες
2572 4044 2630 4098 δέ
2658 4044 2752 4098 καὶ
2779 4042 3174 4114 ἀναμίσγοντες
3201 4030 3352 4095 θολὸν
3379 4040 3568 4109 ῶσπερ

1995 4136 2117 4190 τινά
2154 4136 2263 4189 τῶν
2299 4135 2442 4189 ἰδίων
2469 4136 2869 4207 ἐνθυμημάτων
2896 4135 2958 4188 τὸ
2982 4136 3216 4206 ἀτερπὲς
3255 4133 3420 4202 αὐτῷ,
3448 4134 3570 4189 ταῖς

1996 4227 2089 4281 τοῦ
2118 4228 2367 4298 Σωτῆρος
2405 4228 2628 4296 ἀγέλαις
2655 4227 3095 4297 ἐπιϐουλεύομεν.
3126 4225 3440 4290 Ἐκδείξειεν
3501 4223 3570 4275 ἂν

1998 4319 2093 4373 καὶ
2146 4319 2305 4372 τοῦτο
2356 4321 2491 4390 ἡμῖν
2547 4320 2622 4383 ὡς
2675 4319 2822 4374 ἔστιν
2853 4308 3146 4383 ἀληθέςτὰ
3174 4315 3298 4386 περὶ
3330 4313 3569 4384 Χριστοῦ

2000 4410 2161 4465 πάλιν
2190 4408 2340 4482 αὐτῷ
2363 4409 2747 4482 τεθεωρημένα
2770 4427 2828 4464 τε
2852 4410 2947 4464 καὶ
2973 4405 3260 4479 ἀτημελῶς
3281 4404 3567 4476 εἰρημένα·

2000 4498 2114 4569 ἔχει
2153 4500 2212 4553 δὲ
2248 4498 2441 4563 οὕτως·

2071 4586 2202 4664 [Ἦν
2236 4590 2334 4662 μὲν
2367 4591 2475 4662 γὰρ
2505 4593 2533 4644 ό
2561 4591 2693 4654 Θεὸς
2725 4590 2897 4659 Λόγος
2922 4588 3018 4643 καὶ
3048 4586 3154 4660 πρὸ
3183 4586 3283 4656 τῆς
3307 4586 3573 4657 ἐνανθρω-

2001 4686 2243 4756 πήσεως,
2278 4683 2407 4746 Υἱὸς
2437 4683 2528 4736 καὶ
2551 4682 2702 4748 Θεὸς,
2732 4682 2827 4735 καὶ
2849 4679 3112 4734 συναινῶν
3135 4678 3212 4748 τῷ
3243 4677 3415 4749 Πατρί
3438 4694 3452 4710 ·
3483 4679 3575 4731 ἀν-

2002 4776 2161 4831 έλαὸε
2199 4775 2258 4829 δέ
2286 4775 2344 4828 ἐν
2373 4774 2619 4844 ὑστέροις
2648 4774 2860 4843 καιροῖς
2889 4773 2988 4840 τὴν
3010 4770 3103 4824 τοῦ
3124 4769 3311 4823 δούλου
3340 4769 3567 4841 μορφήν.

2016 4868 2154 4921 Ἀλλ’
2186 4867 2263 4921 ὢν
2290 4865 2398 4939 πρὸ
2422 4864 2610 4919 τούτου
2634 4864 2782 4928 Υίδς,
2807 4862 2899 4916 καὶ
2933 4861 3284 4932 καλούμενος,
3320 4861 3456 4931 μετά
3478 4859 3574 4931 τὴν

2002 4958 2269 5027 ἀνάληψιν
2301 4956 2362 5010 οὐ
2395 4955 2615 5010 δύναται
2661 4952 2943 5007 καλεῖσθαι
2974 4952 3394 5022 κεχωρισμένως
3425 4949 3572 5013 Υἱὸς,

2004 5053 2089 5105 ἵνα
2115 5052 2187 5123 μὴ
2209 5049 2303 5104 δύο
2323 5049 2472 5111 υἱοὺς
2502 5046 2935 5118 δογματίσωμεν.
2956 5043 3096 5097 Ἀλλ’
3120 5042 3415 5113 ἐπειδήπερ
3436 5039 3577 5094 ἐκείο
3643 5096 3651 5105 ,

2004 5160 2079 5212 νῳ
2110 5142 2378 5212 συνῆπται
2433 5139 2511 5210 τῷ
2560 5140 2619 5191 ἐν
2661 5138 2802 5209 ἀρχῇ
2854 5137 2967 5190 ὄντι
2996 5136 3111 5207 Υίῷ
3153 5134 3230 5206 τῷ
3258 5135 3393 5205 πρὸς
3417 5131 3576 5187 αὐτὸν

2006 5234 2349 5303 συναφθέντι,
2373 5233 2435 5285 οὐ
2468 5231 2686 5285 δύναται
2713 5230 2852 5283 κατὰ
2880 5229 2940 5282 τὸ
2962 5227 3175 5298 ἀξίωμα
3204 5227 3303 5298 τῆς
3331 5227 3578 5295 υίότητος

2004 5323 2269 5395 διαίρεσιν
2297 5322 2549 5390 δέξασθαι
2574 5337 2589 5352 ·
2621 5319 2761 5374 κατὰ
2784 5320 2843 5372 τὸ
2869 5316 3084 5389 ἀξίωμά
3108 5336 3248 5388 φημι
3272 5318 3367 5387 τῆς
3398 5320 3580 5389 uide-qv

2004 5429 2117 5478 τος,
2157 5413 2217 5465 οὐ
2250 5411 2391 5466 κατὰ
2417 5410 2518 5475 τὰς
2547 5409 2754 5481 φύσεις.
2791 5409 2889 5463 Διά
2936 5408 3095 5462 τοῦτο
3144 5409 3235 5461 καὶ
3261 5409 3515 5478 Χριστὸς.
3550 5413 3577 5464 ό

2006 5505 2138 5568 Θεὸς
2168 5503 2339 5574 Λόγος
2374 5503 2720 5572 ὀνομάζεται,
2747 5502 2977 5574 ἐπείπερ
3015 5501 3125 5571 ἔχει
3153 5501 3252 5572 τὴν
3286 5502 3577 5571 συνάφεια)

390 5672 669 5733 .Matth.
703 5692 779 5746 Ix,
814 5678 904 5734 9.8.
982 5678 1021 5710 ⁸³
1062 5675 1249 5732 Matth.
1289 5692 1403 5742 vm,
1440 5678 1493 5732 5.
1574 5677 1613 5708 δ’
1647 5675 1844 5731 Ezcrlt.
1873 5693 1885 5732 ι

1990 5691 2061 5744 Iv,
2087 5678 2172 5736 18.
