3926 6126
156 372 216 428 89
1266 370 1642 429 ADVERSUS
1684 371 2090 429 ΝΕδΤοιιιυιι
2132 373 2259 428 LIB.
2302 373 2365 429 11.

3333 379 3401 436 90

153 489 239 560 τήν
265 487 398 560 πρὸς
417 487 764 562 τδνΧριστὺν
791 489 1016 560 διηνεκῆ
1038 508 1050 523 ο
1085 492 1176 545 καὶ
1208 490 1307 545 οὐκ
1337 490 1452 545 ἔστι
1477 491 1569 545 τὸν
1591 490 1698 545 Θεὸν

1830 493 1978 560 bttm,
2045 494 2171 564 quia
2206 494 2363 548 habet
2410 500 2728 562 perpetuam
2762 509 2883 549 cum
2910 494 3129 551 Christo
3170 497 3399 565 conjun-

152 580 311 648 Λόγον
335 579 465 634 ἀνευ
489 581 587 650 τῆς
614 580 1030 652 ἀνθρωπότητος
1058 581 1262 653 πρᾶξαί
1284 599 1336 637 τι
1351 599 1365 613 ·
1388 583 1713 654 ἀπηκρίϐωο

151 686 230 723 ut
272 668 378 741 γὰρ
411 671 495 733 είς
530 669 707 740 ἄκραν
755 670 1069 739 συνάφειαν,
1112 672 1213 726 οὐκ
1259 673 1340 736 είς
1386 672 1711 739 ἀποθέωσιν,

152 759 280 813 κατὰ
326 760 454 824 τοὺς
514 761 718 828 σαφοῦς
767 760 874 814 τῶν
927 762 1305 834 δογματιστῶν
1361 763 1470 819 τῶν
1519 766 1716 820 νεωτὲ-

153 851 294 925 μω]

732 988 1118 1062 ΚΕΦΑΛ.ιν,

219 1122 275 1175 '0
304 1123 475 1192 φάναι
500 1125 781 1197 τολμήσας
811 1128 910 1196 τὴν
952 1129 1048 1182 τοῦ
1097 1130 1436 1199 Μονογενοῦς
1471 1130 1712 1197 εὐδοξίαν

142 1216 200 1283 τῇ
235 1215 466 1285 Χριστοῦ
500 1218 801 1287 περιῆφθαι
824 1219 1130 1292 δυναστείᾳ,
1163 1223 1370 1277 καὶτὸν
1399 1223 1496 1293 τῆς
1522 1226 1711 1296 ἑνότη-

143 1321 222 1366 τος
253 1305 550 1378 σύνδεσμον
581 1310 908 1377 διασπάσας,
944 1312 1164 1380 συνάγει
1198 1314 1360 1370 πάλιν
1388 1316 1469 1379 είς
1496 1316 1709 1383 ἕνωσιν,

145 1396 330 1450 διαλύει
359 1415 426 1452 τε
464 1396 557 1463 αὖ,
603 1402 700 1454 καὶ⁸
734 1402 1007 1474 ἐξίστησιν
1057 1405 1301 1476 ἀλλήλων
1342 1407 1442 1471 τὰς
1494 1408 1707 1477 φύσεις,

146 1489 366 1545 πλεῖστά
402 1509 463 1545 τε
500 1495 605 1547 ὅσα
639 1496 766 1565 περὶ
807 1497 1011 1548 τούτων
1039 1499 1070 1567 ή
1081 1500 1170 1565 μίν
1201 1498 1475 1565 κενολογεῖ
1501 1500 1593 1552 καὶ
1624 1516 1713 1552 τεο

142 1583 440 1652 ρατεύεται,
460 1585 550 1640 ἵνα
579 1586 683 1640 κᾶν
705 1587 758 1640 εἴ
772 1605 820 1640 τι
850 1589 1090 1658 φαίνοιτο
1120 1590 1294 1658 λέγων
1317 1592 1425 1645 τῶν
1452 1594 1531 1656 είς
1554 1592 1711 1663 ὀρθό-

139 1691 266 1746 τητα
296 1678 652 1742 νενευκότων,
681 1680 1034 1753 ἐξελέγχηται
1070 1683 1256 1753 σαφῶς
1285 1686 1361 1756 μὴ
1388 1685 1544 1750 είδὼς
1563 1686 1597 1739 ὃ
1621 1686 1712 1739 λέ-

136 1783 231 1834 γει.
261 1763 421 1823 Εἶναι
462 1769 563 1841 μὲν
594 1770 703 1842 γὰρ
724 1771 912 1826 ἐνθάδε
948 1775 1082 1845 φησὶ
1110 1775 1199 1828 τὸν
1222 1776 1318 1829 τοῦ
1345 1775 1481 1831 Θεοῦ
1509 1778 1704 1847 Λόγον,

1819 586 2055 641 ctionem
2096 604 2110 640 :
2145 599 2319 653 neque
2373 585 2636 656 contingit
2687 595 2745 640 ιιι
2787 586 2930 641 Deus
2992 584 3230 643 Verbum
3280 590 3398 642 sine

1822 675 2160 731 humanitate
2216 674 2380 728 faciat
2433 674 2635 745 aliquid
2667 695 2680 731 :
2710 677 3003 744 perductus
3041 684 3123 732 est
3155 681 3296 730 enim
3330 677 3396 728 ad

1819 781 2087 821 summam
2145 764 2605 833 coniunctionem,
2642 782 2747 821 non
2777 767 2844 823 ad
2883 766 3308 830 deiﬁcationem,
3339 777 3397 818 ιιι

1818 858 2091 928 sapientes
2128 873 2161 913 e
2189 857 2587 913 recentioribus
2636 859 2980 928 dogmatistis
3016 856 3326 930 asserunt.]

2443 990 2595 1048 CAP.
2635 990 2772 1047 Vlll.

1888 1128 1991 1196 Qui
2046 1127 2230 1183 dicere
2282 1141 2447 1182 ausus
2491 1136 2575 1182 est
2614 1127 2889 1197 Unigeniti
2944 1114 3389 1197 gloriﬁcatiouem

1816 1219 2020 1276 Lbristi
2054 1218 2308 1289 potentiae
2348 1218 2539 1281 tribui,
2597 1227 2653 1273 et
2702 1219 2793 1288 qui
2842 1219 3116 1273 vinculum
3170 1223 3391 1276 unitatis

1813 1312 2086 1377 distraxit,
2106 1325 2295 1365 rursus
2321 1310 2387 1364 ad
2411 1311 2662 1364 unionem
2680 1309 2983 1381 coniungit,
3026 1312 3391 1382 disjungitque

1817 1419 2031 1467 rursus,
2063 1412 2119 1458 et
2151 1412 2373 1457 naturas
2403 1404 2634 1458 invicem
2658 1414 2900 1473 separat,
2933 1416 2989 1458 et
3021 1405 3106 1460 bis
3139 1405 3204 1460 de
3228 1406 3391 1462 rebus

1817 1494 2213 1565 quamplurima
2259 1495 2415 1550 nobis
2435 1508 2571 1549 vane
2595 1505 3018 1564 portentosoque
3046 1496 3304 1566 loquitur,
3332 1506 3390 1551 ιιι

1813 1586 2047 1641 etiamsi
2078 1586 2208 1655 quid
2244 1586 2376 1639 recti
2414 1586 2595 1640 dicere
2645 1585 2913 1652 videatur,
2975 1596 3150 1641 tamen
3202 1599 3388 1657 aperte

1814 1688 2140 1747 coarguatur
2165 1677 2416 1747 ignorare
2442 1680 2569 1749 quid
2592 1678 2753 1734 dicat.
2773 1678 2907 1734 Nam
2935 1680 3037 1736 hoc
3067 1680 3185 1735 loco
3214 1682 3385 1749 ipsum

1817 1768 1908 1821 Dei
1944 1766 2176 1821 Verbum
2207 1777 2262 1821 et
2310 1766 2505 1825 Filium
2533 1778 2589 1823 et
2629 1769 2795 1823 Deum
2825 1784 2945 1826 esse
2990 1769 3189 1824 asserit
3222 1770 3383 1824 etiam

136 1860 223 1911 καὶ
256 1859 387 1914 Υίὺν
409 1864 503 1916 καὶ
526 1841 681 1930 Θεὸν,
708 1866 804 1919 καὶ
834 1867 942 1938 πρὸ
968 1841 1069 1936 τῆς
1088 1869 1555 1942 ὲνανθρωπήσεως
1572 1841 1698 1927 ’.καί

1812 1869 2102 1927 antequam
2141 1857 2305 1913 homo
2332 1858 2484 1914 ﬂeret
2509 1875 2526 1925 ;
2551 1866 2809 1928 prarterea
2829 1860 3224 1927 posterioribus
3250 1870 3386 1914 tem-

138 1950 236 2019 μὴν
268 1950 350 2005 ὅτι
383 1954 477 2007 καὶ
523 1955 582 2007 ὲν
630 1956 883 2028 ὑστέροις
920 1963 1133 2030 καιροῖς
1180 1961 1408 2015 ἀνέλαϐε
1457 1965 1559 2034 τὴν
1610 1963 1707 2018 τοῦ

132 2041 314 2095 δούλου
344 2047 582 2116 μορφήν.
612 2046 796 2118 Φράζε
828 2049 892 2121 δὴ
925 2047 1038 2115 οὖν,
1070 2055 1119 2105 εί
1151 2054 1223 2124 μή
1261 2071 1343 2108 σοι
1367 2036 1510 2110 δοκῶ
1535 2057 1603 2111 τά
1633 2061 1710 2113 εί·-

131 2133 258 2186 χότα
284 2134 488 2203 λέγειν,
514 2136 596 2201 τίς
623 2139 690 2209 δὴ
729 2139 838 2211 ἀρα
868 2144 1016 2195 ἐστὶν
1047 2145 1076 2197 ὀ
1104 2146 1519 2219 ἐνανθρωπῆσαι
1546 2149 1709 2217 λεγόει

134 2242 329 2293 μενος;
359 2229 453 2281 καὶ
479 2228 532 2281 τί
559 2229 641 2297 τὸ,
671 2232 1110 2303 ὲνανθρωπῆσαι,
1144 2238 1283 2308 φής;
1319 2238 1403 2300 τίς
1429 2241 1457 2293 ὀ
1485 2240 1584 2310 τὴν
1612 2240 1707 2294 τοῦ

128 2316 310 2372 δούλου
356 2314 574 2392 μορφὴν
616 2324 935 2392 ἀναλαϐών;
981 2328 1254 2401 ἀνελήφθη
1288 2331 1342 2384 δὲ
1374 2332 1508 2404 παρ’
1538 2334 1706 2388 αὑτοῦ

128 2406 240 2497 τίνα
267 2410 502 2479 τρόπονς
535 2413 658 2469 Ὅτι
690 2417 790 2486 μὲν
833 2413 927 2471 οὖν
958 2419 1246 2489 ἄνθρωπον
1286 2425 1706 2497 ἐνανθρωπῆσαι

127 2495 317 2567 λέγων,
349 2502 585 2570 γέλωτος
628 2506 787 2572 ἀξίαν
836 2511 1108 2582 ἀποφανεῖ
1148 2513 1249 2584 τὴν
1279 2495 1472 2569 ἑαυτοῦ
1510 2495 1706 2589 φρένα,

127 2590 239 2654 πῶς
269 2593 339 2646 ἃν
369 2595 662 2652 ἐνδοιάσειέ
687 2618 772 2665 τις
795 2620 809 2668 ;
836 2605 865 2656 ὀ
895 2605 1003 2676 γάρ
1034 2604 1109 2660 ὣν
1133 2606 1418 2679 ἄνθρωπος
1443 2611 1585 2665 κατά
1608 2612 1709 2682 φύ-

129 2698 223 2747 σιν,
256 2685 380 2750 πῶς
414 2688 482 2742 ἂν
521 2689 549 2742 δ
590 2687 659 2761 ἦν
710 2693 923 2761 γένοιτο
962 2697 1144 2764 πάλιν,
1177 2701 1270 2753 καὶ
1300 2702 1375 2765 ὡς
1407 2704 1490 2771 ἐφ’
1516 2703 1708 2775 ἕτερόν

125 2790 170 2826 τι
192 2780 680 2866 μετακεχωρηκὼς
705 2782 789 2855 εἴη
816 2786 903 2850 ἂν,
931 2790 1072 2843 κατά
1100 2791 1163 2859 γέ
1193 2809 1333 2863 φημι
1363 2794 1455 2846 τὸν
1484 2797 1579 2863 τῆς
1607 2796 1707 2866 φύ-

128 2880 257 2958 σεως
282 2865 482 2944 λόγον;
520 2870 592 2924 Τὸ
636 2872 692 2926 δὲ
729 2876 869 2930 κατὰ
904 2879 1065 2947 φύσιν
1097 2881 1234 2936 ίδίαν
1264 2885 1363 2937 οὐκ
1397 2865 1699 2958 ἐλεύθερον,

125 2955 235 3011 τίνα
266 2959 474 3031 τρόπον
497 2962 565 3017 ἂν
594 2963 805 3034 λέγοιτο
845 2972 1177 3043 γεγενῆσθαι
1209 2975 1412 3043 δοῦλον,
1441 2980 1518 3043 ὡς
1546 2981 1703 3035 τοῦτο

125 3049 307 3143 οθκῄδν
340 3053 400 3143 εν
434 3054 663 3125 ἀρχαῖς;
697 3059 908 3113 Οὐκοῦν
951 3063 1052 3118 οὐκ
1095 3065 1370 3140 ἀνθρώπῳ
1402 3072 1601 3143 πρέποι
1634 3073 1702 3127 ἂν

124 3137 198 3200 τὸ,
219 3140 662 3236 ὲνᾼανθρωπῆσαι,
694 3149 890 3204 πολλοῦ
918 3169 980 3221 γε
1005 3153 1113 3206 δεῖο
1141 3157 1233 3209 καὶ
1260 3137 1359 3228 τὴν
1385 3137 1480 3214 tot?
1510 3162 1699 3216 δούλου
1727 3179 1771 3236 c

129 3231 330 3323 μορφὴν
356 3233 564 3301 λαϐεῖν,
585 3238 704 3309 οὐχὶ
732 3240 808 3310 τῷ
835 3245 930 3296 καὶ
952 3246 1010 3297 ἐν
1033 3246 1230 3318 ἀρχαῖς
1256 3250 1318 3303 τὸ
1337 3252 1435 3323 τῆς
1458 3253 1700 3320 δουλείας

124 3319 289 3390 ἔχοντι
321 3325 546 3397 μέτρον,
570 3328 687 3382 ἀλλ’
710 3332 905 3404 ἐκείνῳ
933 3336 1153 3406 μᾶλλον,
1176 3339 1234 3404 ὀς
1266 3342 1364 3394 οὐκ
1388 3319 1463 3395 ὧν
1484 3319 1697 3414 ἄνθρωέ

126 3430 215 3477 πος
240 3416 386 3470 κατά
414 3418 597 3487 φύσιν,
624 3421 784 3477 τοῦτο
811 3427 1066 3494 γενέσθαι
1096 3431 1431 3487 πιστεύεταιο
1464 3435 1558 3488 καὶ
1590 3436 1698 3490 τῶν

123 3503 248 3559 ὅλων
276 3509 543 3580 ὑπάρχων
564 3514 864 3588 Δεσπότης,
888 3518 962 3584 ὡς
993 3520 1145 3585 Θεὸς,
1164 3523 1405 3593 καθῆκεν
1424 3526 1616 3581 ἑαυτὸν
1639 3530 1698 3582 ὲν

122 3600 224 3659 τοῖς
252 3599 376 3653 καθ’
398 3603 568 3673 ἡμᾶς,
600 3605 808 3671 ἐνώσας
833 3610 1012 3680 ἑαυτῷ
1044 3612 1165 3666 καθ’
1189 3614 1492 3670 ὑπόστασιν
1516 3618 1578 3672 τὸ
1604 3621 1699 3674 ἀν-

120 3685 409 3778 θρώπινον,
444 3694 539 3747 καὶ
585 3696 684 3768 τὴν
736 3698 831 3752 τοῦ
881 3699 1068 3755 δούλου
1125 3705 1340 3778 μορφὴν
1387 3708 1694 3766 ἀναλαϐών.

298 3784 413 3873 γὰρ
444 3784 593 3840 ἔσται
622 3790 717 3843 καὶ
749 3790 948 3863 ἀληθὲς
976 3794 1114 3865 ὅπερ
1147 3777 1302 3867 ἔφης,
1329 3800 1412 3853 ὅτι
1436 3800 1575 3871 μετά
1598 3803 1698 3873 τὴν

116 3868 385 3959 ἀνάληψιν
410 3874 474 3959 οὐ
502 3874 723 3931 δύναται
747 3880 1030 3936 καλεῖσθαι
1075 3868 1501 3959 κεχωρισμένως
1543 3868 1694 3959 me,

115 3955 197 4009 ἵνα
245 3958 326 4029 μὴ
357 3958 452 4012 δύο
476 3963 624 4026 υἱοὺς
654 3965 1093 4042 δογματίσωμεν.
1125 3955 1236 4029 Καῖ
1261 3978 1295 4047 ή
1321 3955 1435 4047 ’μὲν
1469 3978 1578 4033 τῶν
1609 3955 1696 4034 δοέ

112 4050 344 4118 γμάτων
388 4050 522 4124 ὀρθή
555 4071 613 4107 τε
666 4059 760 4111 καὶ
787 4060 1164 4134 ἀδιάστροφος,
1209 4069 1306 4121 καὶ
1333 4071 1414 4134 είς
1444 4070 1571 4125 εὐθὺ
1615 4072 1695 4128 δι-

116 4142 356 4215 ᾲττουσα
393 4144 602 4217 τρίϐος,
632 4148 728 4220 ἥδε
753 4150 813 4202 τέ
840 4153 957 4205 ἐστι
987 4155 1080 4207 καὶ
1107 4157 1203 4227 οὐχ
1232 4158 1415 4230 ἑτέρα.
1433 4161 1615 4227 Αὐτὸς
1637 4164 1695 4218 δὲ

112 4230 171 4301 δὴ
203 4234 397 4302 πάλιν,
433 4235 461 4287 ὀ
485 4235 588 4304 τήν
613 4237 1029 4312 ἐνανθρὼπησιν
1058 4246 1189 4315 ήμῖν
1220 4247 1491 4319 ὀνομάσας
1510 4252 1605 4307 τοῦ
1629 4255 1694 4308 ὲκ

112 4320 326 4412 ματρὸς
353 4322 509 4388 ὄντος
543 4327 742 4396 Λόγου,
786 4334 1071 4404 μονονουχὶ
1101 4335 1194 4388 καὶ
1226 4339 1304 4401 είς
1333 4338 1502 4412 λήθην
1529 4343 1693 4411 εὐθὺς

111 4402 181 4463 ὧν
213 4412 321 4482 ἔφη
364 4417 735 4488 παρενεχθεὶς,
775 4402 1201 4492 δι’ίστησιήπάλιν
1229 4431 1309 4494 είς
1335 4402 1429 4484 δόο
1453 4402 1548 4486 τὸν
1571 4402 1689 4500 ἕνα,

1811 1951 2029 2020 poribus
2071 1947 2299 2004 fortnam
2349 1950 2490 2004 servi
2554 1951 2854 2018 accepisse.
2919 1949 3139 2020 Explica
3196 1950 3382 2019 igitur,

1809 2042 1910 2096 nisi
1949 2041 2043 2095 tibi
2092 2043 2480 2110 consequentia
2542 2043 2729 2099 videor
2764 2045 2964 2109 dicere,
3008 2044 3255 2112 quisnam
3296 2043 3385 2097 ille

1807 2142 1890 2187 est
1915 2132 2005 2202 qui
2060 2133 2221 2187 homo
2254 2133 2428 2189 iactus
2475 2148 2594 2189 esse
2638 2134 2885 2205 dicit_ur?
2917 2136 3046 2205 quid
3085 2136 3247 2190 etiam
3283 2136 3386 2190 boc

1810 2225 1982 2294 ipsum
2014 2225 2288 2279 hominem
2348 2225 2466 2278 ﬁeri
2497 2225 2633 2280 dicis
2663 2226 2686 2278 ?
2713 2227 2960 2295 quisnam
3000 2227 3087 2281 ille
3130 2227 3221 2295 qui
3268 2226 3384 2280 for-

1809 2332 1949 2371 mam
1974 2317 2118 2372 servi
2150 2318 2437 2386 suscepit?
2472 2328 2527 2372 et
2555 2334 2790 2386 quonam
2830 2320 2986 2374 modo
3022 2319 3090 2373 ab
3113 2334 3177 2374 eo
3199 2333 3386 2375 susce-

1807 2415 1896 2476 pta
1923 2416 2004 2461 est
2033 2405 2152 2460 iAc
2183 2407 2226 2459 si
2267 2405 2540 2462 hominem
2591 2407 2792 2465 dixerit
2845 2422 2966 2463 esse
3007 2409 3381 2473 bumauatunt,

1809 2499 2093 2568 quisquam
2125 2513 2191 2553 ne
2227 2497 2435 2552 dubitet
2479 2499 3001 2575 quitusenteutiam
3050 2516 3213 2557 suam
3270 2502 3380 2555 risu

1806 2590 2022 2657 dignam
2053 2589 2120 2643 sit
2154 2589 2473 2658 proditurus
2503 2589 2526 2642 ?
2551 2584 2681 2649 nam
2723 2590 2814 2658 qui
2860 2591 3020 2645 homo
3059 2592 3132 2647 sit
3183 2607 3381 2648 secun-

1808 2682 1933 2735 dum
1966 2690 2236 2744 naturam,
2280 2683 2552 2751 quomodo
2605 2683 2749 2753 quod
2788 2698 2907 2738 erat
2953 2700 3143 2739 rursus
3189 2684 3301 2751 ﬁet,
3326 2694 3382 2739 et

1808 2783 2065 2841 tanquam
2090 2772 2142 2826 in
2174 2772 2317 2827 aliud
2348 2773 2626 2843 quidpiam
2677 2776 2954 2842 transibit,
2990 2778 3133 2845 quod
3164 2777 3232 2832 ad
3288 2792 3382 2832 na-

1806 2878 1961 2935 turae,
1991 2869 2233 2938 inquam,
2259 2872 2456 2923 attinet
2487 2872 2748 2925 rationem
2778 2873 2802 2926 ‘I
2827 2873 2927 2938 Qui
2957 2875 3120 2928 etiam
3153 2890 3217 2928 ex
3263 2874 3377 2944 ipsa

1803 2974 1900 3012 sua
1954 2969 2146 3011 natura
2196 2974 2302 3013 nou
2344 2968 2428 3013 est
2459 2959 2612 3024 liber,
2665 2962 2934 3030 quomodo
2972 2978 3168 3018 servus
3207 2964 3380 3018 factus

1803 3063 1923 3105 esse
1953 3050 2182 3112 dicetur,
2235 3061 2487 3119 tanquam
2529 3050 2792 3119 ejusmodi
2850 3062 2977 3108 ante
3021 3069 3126 3109 non
3163 3055 3323 3109 fuerit
3352 3055 3378 3108 ΐ

1803 3141 1946 3211 Ergo
1978 3142 2182 3199 homini
2215 3158 2319 3196 non
2344 3145 2631 3197 conveniet
2665 3143 2937 3200 hominem
2977 3145 3117 3209 ﬁeri,
3156 3161 3379 3216 prorsus

1804 3233 1950 3286 nullo
1999 3233 2176 3299 modo,
2212 3241 2269 3286 et
2297 3233 2441 3287 servi
2477 3235 2706 3290 formam
2750 3238 3019 3307 accipere,
3074 3254 3180 3292 non
3212 3240 3259 3294 ei
3282 3242 3374 3306 qui

1801 3328 1966 3381 etiam
2010 3342 2038 3380 a
2093 3327 2359 3396 principio
2413 3344 2722 3384 mensuram
2791 3339 2951 3398 atque
3008 3331 3374 3385 conditionem

1799 3420 2073 3474 servitutis
2102 3421 2330 3487 habeat;
2387 3421 2482 3475 sed
2510 3422 2584 3476 illi
2620 3421 2899 3488 nimirum,
2927 3422 3019 3492 qui
3051 3438 3174 3477 cum
3208 3422 3371 3477 homo

1755 3534 1765 3541 -
1799 3526 1907 3566 non
1959 3521 2104 3566 esset
2143 3512 2440 3567 secundum
2475 3522 2747 3579 naturam,
2779 3513 2829 3566 id
2864 3514 3039 3569 factus
3083 3528 3206 3569 esse
3250 3528 3372 3569 crc-

1799 3603 1945 3657 ditur
1976 3614 2079 3668 ;et.
2095 3619 2218 3658 cum
2248 3603 2624 3659 universorum
2677 3614 2824 3660 esset
2863 3604 3144 3667 Dominus.
3191 3613 3375 3674 utpote

1799 3696 1964 3762 Deus,
2022 3698 2265 3768 seipsum
2325 3696 2394 3751 ad
2448 3708 2638 3751 nostra
2701 3696 2920 3764 deiecit,
3016 3698 3212 3752 unieus
3273 3699 3374 3752 sibi

1797 3792 2089 3843 secundum
2147 3789 2484 3859 hypostasim
2575 3789 2747 3859 ipsam
2819 3790 3241 3856 humanitatem,
3317 3798 3374 3844 et

1797 3879 1938 3934 servi
2004 3879 2232 3935 formam
2287 3895 2590 3938 assumens.
2640 3880 2733 3935 Sic
2770 3897 3003 3950 namque
3025 3897 3209 3936 verum
3267 3881 3372 3937 erit

1798 3972 1940 4041 quod
1964 3972 2172 4037 dixisti,
2206 3982 2326 4041 post
2360 3972 2791 4039 assumptionem
2831 3990 2937 4026 non
2973 3988 3133 4041 posse
3175 3973 3371 4028 Filium

1798 4063 1981 4119 vocari
2063 4064 2318 4127 scorsitn,
2394 4078 2460 4116 ne
2522 4063 2658 4117 duos
2735 4063 2874 4119 ﬁlios
2922 4064 3371 4130 dogmatizemus.

1794 4154 1875 4209 Ac
1907 4164 2050 4210 recta
2080 4153 2296 4222 quidem
2315 4161 2369 4206 et
2397 4151 2617 4206 minime
2652 4168 2927 4221 perversa,
2949 4162 3003 4206 et
3026 4154 3077 4207 in
3101 4153 3366 4209 directum

1797 4245 2022 4315 tendens
2081 4244 2391 4313 dogmatnm
2432 4244 2625 4298 semita
2668 4252 2863 4313 prteter
2914 4245 3053 4300 hanc
3108 4243 3248 4299 nulla
3289 4255 3376 4303 cst

1795 4335 1934 4389 alia:
1968 4335 2090 4402 ipse
2138 4342 2318 4387 autem
2358 4333 2449 4403 qui
2499 4334 2938 4389 humanatiouem
2982 4331 3143 4391 Verbi
3172 4350 3235 4390 ex
3261 4334 3373 4393 Deo

1794 4426 2107 4481 exsistentis
2183 4425 2345 4491 dixit,
2424 4425 2816 4494 propemodum
2908 4426 2960 4479 in
3044 4425 3369 4481 oblivionem

111 4502 201 4597 ita).
226 4506 355 4567 ταῖς
373 4504 480 4559 τῶν
494 4508 770 4578 ὀνομάτων
796 4511 1127 4591 [νοημάτων]
1153 4519 1451 4594 ὲξιτηλίαις
1476 4526 1687 4597 ἀσυφή·

1802 4517 1939 4573 illico
1981 4531 2168 4571 eormn
2209 4532 2329 4586 qua:
2404 4517 2563 4584 dixit,
2628 4519 2906 4585 abreptus,
2967 4532 3158 4572 rursus
3204 4533 3367 4572 unum

111 4592 210 4658 λως
234 4598 663 4668 ὲπινηχόμενος·
696 4605 788 4657 καὶ
828 4610 1032 4674 φωναῖς
1066 4592 1450 4680 ἀϐασανίστοις
1480 4618 1568 4671 ἀεὶ

108 4688 404 4779 χρημένος-
451 4691 595 4763 Ἔφη
628 4695 756 4765 γάρ’
785 4698 962 4769 [Ἀλλ’
988 4704 1287 4778 ἐπειδήπερ
1332 4708 1547 4779 ἐκείνῳ.
1568 4727 1695 4764 συν-

111 4778 274 4847 ἧπται
306 4781 387 4853 τῷ
439 4783 500 4836 ὲν
555 4786 694 4859 ἀρχῇ
728 4789 841 4845 δντι
871 4792 1011 4864 Υίῷ,
1051 4795 1129 4867 τῷ
1180 4799 1319 4871 πρὸς
1359 4778 1523 4856 αὑτὸν
1564 4819 1691 4856 συν-

114 4872 355 4964 αφθέντι,
387 4876 452 4928 οὐ
508 4876 728 4934 δύναται
762 4884 902 4938 κατά
941 4886 1002 4939 τὸ
1049 4887 1268 4960 ἀξίωμα
1296 4892 1396 4962 τῆς
1442 4893 1692 4964 υίότητος

113 4963 369 5039 διαίρεσιν
400 4969 662 5036 δέξασθαι
685 4990 700 5005 ο
736 4977 876 5031 κατά
900 4977 964 5031 τὸ
995 4979 1212 5051 ἀξίωμά
1253 5000 1417 5053 φησιν
1446 4985 1549 5054 τῆς
1573 4963 1687 5038 υίό-

113 5075 279 5131 τητος,
309 5064 373 5118 οὐ
409 5064 557 5119 κατά
597 5065 698 5131 τὰς
725 5068 986 5143 φύσεις.]
1022 5074 1228 5145 Ὀρθῶς
1269 5093 1354 5145 γε,
1388 5070 1433 5129 ὦ
1456 5078 1553 5132 τάν
1578 5095 1592 5109 ’
1628 5079 1689 5133 τὸ

114 5151 409 5223 ἀνασφαλὲς
458 5151 603 5211 εἶναι
646 5159 844 5229 δοκεῖν,
868 5201 883 5216 .
915 5202 929 5217 .
958 5203 974 5217 .
1006 5165 1223 5236 ἀχρεῖον
1266 5172 1531 5240 παραιτῇ.
1573 5170 1688 5223 Ἀεὶ

114 5244 522 5320 διεγηγερμένῳ
556 5252 864 5323 κεχρῆσθαι
888 5253 967 5325 τῷ
994 5255 1157 5326 λόγῳ,
1192 5258 1279 5312 διὰ
1322 5261 1558 5330 σπουδῆς
1594 5263 1685 5315 τέ-

117 5335 274 5390 θειταί
309 5356 413 5393 σοι.
448 5340 587 5393 Ἰδοὺ
611 5340 744 5412 γὰρ,
776 5343 900 5397 ἰδοὺ·
919 5345 1141 5416 διαιρῶν
1171 5349 1271 5412 τὰς
1316 5349 1527 5417 φύσεις,
1558 5351 1684 5404 συ)-

114 5426 276 5497 λέγεις
321 5435 404 5496 είς
464 5430 663 5488 ἕνωσιν
711 5436 853 5489 κατά
894 5436 956 5489 τὸ
991 5437 1210 5508 ἀξίωμα
1270 5442 1368 5513 τῆς
1412 5444 1679 5513 υίὸτητος.

114 5515 225 5592 'Ap‘
250 5521 342 5580 οὖν
375 5525 600 5596 ἀπόχρη
632 5527 769 5597 πρὸς
796 5528 990 5583 ἕνωσιν
1019 5531 1190 5601 ἀληθῆ
1217 5527 1328 5596 τοῖς
1352 5535 1491 5588 κατά
1519 5537 1681 5604 φύσιν

115 5609 335 5685 ἀλλήλων
374 5614 758 5684 διεστηκὸσιν,
817 5618 851 5688 ή
893 5618 1001 5672 τῶν
1056 5621 1334 5691 ὀνομάτων
1390 5626 1677 5696 ταυτότης,

115 5702 263 5770 ἡγουν
289 5706 607 5777 ὁμωνυμία,
631 5708 724 5761 καὶ
749 5710 807 5762 τὸ
832 5713 952 5764 κατ’
977 5713 1146 5785 αὐτὴν
1170 5715 1423 5787 ἀξίωμα;
1463 5718 1543 5771 σοὶ
1571 5719 1678 5789 γὰρ

123 5795 201 5847 καὶ
226 5798 360 5853 οὕτω
387 5799 558 5871 φάναι
591 5797 758 5855 δοκεῖ.
791 5802 1020 5872 Οὐκοῦν,
1048 5806 1342 5876 ἐπειδήπερ
1369 5808 1427 5863 τό
1461 5826 1516 5863 τε
1549 5810 1678 5881 Χριο

1801 4610 1853 4663 in
1944 4609 2049 4663 duo
2127 4608 2338 4672 dividit,
2435 4608 2681 4663 inanitati
2772 4609 3046 4662 nominum
3137 4608 3371 4663 absurde

1794 4700 2070 4764 innatans,
2126 4710 2180 4754 et
2226 4701 2447 4755 vocibus
2496 4716 2687 4768 parum
2761 4700 3087 4755 examinatis
3157 4715 3369 4771 semper

1792 4791 1904 4864 49
1931 4806 2089 4848 utens
2122 4815 2133 4849 :
2169 4793 2407 4846 aitenim
2435 4810 2449 4846 :
2491 4790 2622 4864 [Sed
2653 4794 2792 4861 quia.
2828 4794 2904 4849 illi
2940 4795 3257 4862 conjunctus
3282 4805 3367 4852 est

1791 4882 1929 4937 Filio
1960 4883 2049 4951 qui
2082 4892 2201 4937 erat
2230 4882 2281 4937 in
2316 4882 2599 4951 principio,
2632 4884 2732 4939 sibi
2792 4885 3042 4955 copulato
3065 4926 3079 4950 ,
3117 4903 3222 4942 non
3266 4903 3366 4955 po-

1794 4984 1919 5039 test,
1958 4976 2103 5044 quod
2135 4976 2200 5029 ad
2244 4976 2558 5047 dignitatem
2602 4976 2876 5031 ﬁliatinnis
2908 4981 3102 5032 attinet
3127 5020 3141 5043 ,
3190 4979 3367 5034 susci-

1789 5082 1916 5136 pere
1970 5067 2338 5123 divisionem:
2391 5070 2535 5136 quod
2575 5072 2643 5124 ad
2695 5071 3016 5141 dignitatem
3053 5071 3359 5138 ﬁliationis,

1787 5158 2031 5228 inquam,
2070 5174 2171 5214 non
2202 5162 2343 5228 quod
2375 5161 2442 5216 ad
2476 5161 2746 5234 naturas]
2779 5162 2970 5227 Recte,
3012 5163 3098 5216 vir
3133 5162 3362 5231 Optime,

1786 5251 1927 5314 quod
1965 5251 2181 5305 minime
2211 5261 2383 5307 tutum
2416 5268 2542 5307 esse
2600 5254 2912 5308 videtur....
2971 5262 3228 5321 tanquam
3275 5254 3360 5307 in-

1787 5341 1917 5393 utile
1974 5340 2197 5408 refugis.
2253 5342 2482 5410 Semper
2530 5342 2627 5396 tibi
2690 5342 2931 5413 vigilanti
2992 5358 3243 5396 sermone
3283 5344 3358 5398 uti

1784 5429 2022 5482 Studium
2085 5428 2203 5481 fuit.
2258 5430 2396 5484 Ecce
2437 5430 2549 5499 jam
2595 5441 2744 5484 certe
2796 5429 3084 5486 dividendo
3135 5442 3359 5490 naturas

1782 5518 1991 5587 colligis
2011 5516 2075 5571 ad
2107 5519 2366 5572 unitatem
2385 5520 2677 5573 secundum
2699 5520 2974 5575 ﬁliationis
3002 5522 3317 5595 dignitatem
3342 5545 3356 5581 :

1783 5626 1910 5664 num
1941 5611 2107 5680 igitur
2131 5613 2196 5665 ad
2214 5611 2469 5666 unionem
2486 5624 2669 5664 veram
2700 5628 2880 5668 rerum
2908 5615 3051 5669 inter
3076 5632 3133 5672 se
3160 5629 3357 5674 natura

1780 5700 2091 5756 distantium
2116 5702 2316 5758 suﬁicit
2354 5701 2793 5771 cognominatio,
2846 5719 2939 5759 seu
2985 5705 3355 5779 homonymia,

1780 5803 1833 5851 ct
1866 5793 2100 5868 dignitas
2148 5811 2271 5868 quae
2316 5794 2439 5852 inde
2471 5792 2730 5850 exsistit?
2782 5798 2859 5854 sic
2890 5810 3121 5867 namque
3173 5800 3381 5855 dicere'
