3926 6126
531 349 592 404 9|
1569 346 1625 402 S.
1655 343 1929 405 ειῖιιιιιι
1970 344 2094 399 ALE

2197 342 2439 398 .NDRINI
2479 341 2801 399 ARCHIEP.
3726 348 3795 405 εἳ

534 463 632 516 libi
662 462 852 532 placet.
886 465 1023 533 Ergo
1050 462 1303 532 qunuiiam
1324 459 1528 517 Christi
1560 476 1780 524 nomen,
1817 470 1870 515 et
1898 477 2094 516 nomen

2211 460 2333 524 στος
2355 460 2549 530 ὄνομα,
2580 460 2675 514 καὶ
2715 459 2821 531 μὴν
2856 460 2938 526 τὸ,
2977 460 3108 524 Υίὸς
3139 461 3234 514 καὶ
3263 461 3491 541 Κύριος,
3530 462 3687 516 κοινὰ
3709 464 3795 516 τέ-

531 562 821 624 propterea
857 549 976 606 Filii
1007 561 1063 606 et
1118 551 1328 606 Domini
1374 550 1540 605 etiam
1576 549 1700 606 aliis
1745 552 2094 606 communitet

2211 550 2416 605 θεινται
2455 551 2545 605 καὶ
2571 551 2799 623 ἑτέροις,
2829 551 3074 605 πλεῖστοι
3101 551 3211 624 γὰρ
3240 553 3355 607 ὅσοι
3387 553 3645 623 γεγόνασι
3683 571 3796 627 χρι-

532 646 782 714 imposita
812 652 958 707 sunt,
994 659 1117 697 nam
1151 642 1368 713 plurimi
1401 656 1537 696 sane
1576 639 1730 696 fuere
1778 640 2010 707 Christi,
2056 657 2094 697 ei

2212 643 2350 707 στοὶ,
2386 643 2681 713 κέκληνται
2709 641 2767 696 δὲ
2812 643 2909 696 καὶ
2957 642 3063 697 uici.
3093 643 3188 696 καὶ
3222 641 3426 715 κύριοι,
3460 639 3571 697 εἷεν
3601 642 3668 698 ἂν
3701 646 3796 699 καὶ

532 736 711 791 vocati
741 745 866 790 sunt
892 733 988 789 filii
1031 742 1085 788 et
1132 733 1362 799 domini,
1408 741 1572 787 erunt
1614 731 1716 802 ipsi
1762 746 1981 801 quoque
2024 746 2108 786 se.

534 826 771 881 cundum
828 824 1111 879 filiationis
1141 824 1462 894 dignitatem
1516 824 1659 879 inter
1711 839 1774 879 se
1816 824 2105 890 individui,

530 926 585 970 et
608 930 772 969 unum
828 930 1015 969 omnes
1069 931 1131 971 ea
1191 917 1399 973 unitate
1443 932 1606 987 quam
1666 916 1788 985 ipse
1841 917 2005 972 etiam
2054 917 2106 971 in

532 1003 749 1060 Christo
780 1020 901 1060 esse
923 1000 1217 1076 perfectam
1252 1018 1410 1076 putas
1440 1025 1454 1060 :
1488 1008 1716 1063 distabit
1742 1018 1923 1063 autem
1951 1023 2107 1076 pror-

532 1110 624 1149 sus
665 1096 825 1151 homo
859 1098 1030 1151 nostri
1074 1098 1270 1152 similis
1298 1115 1326 1152 a
1362 1099 1468 1153 Deo
1524 1097 1721 1154 Verbo.
1772 1097 1888 1154 Hoc
1926 1100 2107 1169 posito

531 1193 804 1258 quomodo
851 1204 957 1242 non
1015 1204 1206 1244 rursus
1243 1189 1402 1244 divisi
1451 1199 1647 1254 erunt,
1698 1200 1793 1245 aut
1835 1189 2106 1260 quomodo

531 1282 697 1336 etiam
750 1296 888 1335 unus
921 1279 1132 1347 Filius,
1181 1281 1483 1355 intelligere
1534 1296 1640 1334 non
1687 1295 1947 1350 possum,
2002 1281 2104 1336 nisi

515 1365 824 1426 secundum
861 1372 1117 1426 unionem
1153 1386 1335 1426 veram
1368 1371 1691 1445 convenisse
1714 1371 2102 1425 humanitatem

530 1476 653 1516 cum
704 1459 886 1517 Verbo
945 1461 1269 1518 dixerimus.
1340 1459 1447 1514 Sed
1505 1461 1632 1531 quia
1685 1470 1904 1530 propter
1942 1460 2104 1530 lmjus

530 1553 770 1607 hominis
798 1568 960 1608 voces
993 1568 1216 1608 necesse
1238 1562 1327 1609 est
1352 1554 1518 1607 etiam
1544 1568 1643 1623 per
1671 1553 1938 1608 ahsurdas
1970 1569 2097 1606 sen-

534 1645 728 1699 tentias
762 1646 1062 1699 orationem
1092 1644 1485 1712 circumferre,
1542 1655 1603 1715 ut
1656 1645 1897 1715 undique
1939 1661 2099 1699 coar-

530 1744 727 1806 guatur
765 1736 905 1790 haud
957 1746 1102 1792 recte
1129 1738 1408 1801 sensisse,
1472 1738 1701 1805 agedum
1751 1736 1880 1793 illud
1935 1737 2097 1791 etiam

528 1829 801 1883 dicamus:
824 1827 954 1882 Nam
986 1830 1032 1883 si
1062 1831 1197 1885 satis
1226 1839 1311 1884 est
1335 1831 1400 1885 ad
1426 1830 1678 1886 unionem
1699 1831 1933 1899 dignitas
1965 1830 2100 1885 ﬁlia-
2132 1806 2173 1860 Β

531 1920 714 1988 tionis,
773 1922 1026 1990 quoniam
1084 1922 1391 1990 appellatur
1447 1929 1633 1977 etest
1690 1919 1859 1978 Filius
1901 1921 1993 1976 Dei
2037 1937 2100 1977 ac

527 2012 708 2068 Patris
743 2014 871 2069 illud
909 2030 973 2069 es
1014 2015 1129 2084 ipso
1156 2012 1412 2077 Verbum,
1438 2024 1494 2069 ct
1524 2030 1814 2071 commune
1848 2025 1928 2070 est
1958 2014 2097 2069 mul-

526 2106 596 2160 tis
629 2104 749 2159 aliis
782 2106 882 2161 hoc
914 2120 1134 2170 nomen,
1166 2106 1323 2176 quid,
1356 2121 1489 2177 rogo
1515 2116 1589 2173 te,
1622 2108 1875 2177 prohibet
1913 2110 2098 2163 dicere

521 2207 579 2251 et
610 2198 754 2266 ipsos
779 2206 834 2252 et
865 2197 998 2253 alios
1022 2213 1209 2254 oumes
1238 2197 1311 2252 illi
1351 2198 1533 2253 unitos
1563 2213 1684 2254 esse
1704 2238 1719 2264 ,
1775 2206 1832 2252 ιιι
1873 2197 2061 2253 Enuna
2080 2231 2097 2242 ο

523 2288 647 2344 nuel
676 2289 809 2343 nihil
835 2288 1164 2359 praecipuum
1193 2304 1356 2358 supra
1392 2290 1538 2357 ipsos
1584 2289 1822 2344 habeat?
1866 2300 2092 2345 conten—

520 2379 614 2434 det
638 2380 782 2434 enim
809 2396 930 2436 cum
960 2394 1047 2445 eo,
1081 2390 1138 2436 ut
1168 2391 1598 2436 consentaneum
1630 2392 1734 2449 est,
1787 2382 1855 2437 de
1896 2384 2092 2453 aequali

520 2468 727 2525 honore
785 2470 1088 2525 decertabit
1141 2471 1192 2525 id
1225 2471 1588 2542 quodcunque
1630 2473 1943 2529 eorumdem
1997 2491 2094 2530 no-

520 2559 730 2614 minum
777 2547 1093 2633 dignitatem
1140 2572 1228 2619 est
1272 2564 1569 2634 adeptum;
1619 2572 1677 2621 et
1736 2566 1827 2622 ille
1870 2568 2096 2639 conjun-

519 2651 721 2707 ctionis
739 2654 930 2709 modus
957 2654 1008 2708 in
1033 2654 1173 2709 nuda
1196 2654 1419 2727 solaque
1437 2658 1698 2714 residebit
1713 2658 2090 2729 appellatione,

518 2743 605 2799 vel
631 2744 998 2816 homonymia.
1033 2746 1151 2801 iam
1179 2762 1306 2803 vero
1327 2748 1588 2818 quidnam
1620 2765 1742 2806 esse
1767 2753 2095 2824 intelligetur

520 2834 636 2905 ipsa
668 2836 1022 2892 humanatio?
1048 2839 1180 2907 quid
1233 2849 1496 2907 prmterea
1529 2841 1638 2896 erit
1673 2843 1818 2912 quod
1845 2844 1911 2897 ad
1945 2843 2090 2899 servi

520 2925 746 2982 formam
781 2928 1104 2984 descendit?
1139 2929 1273 2985 Nam
1309 2931 1379 2994 si,
1414 2943 1469 2986 ut
1498 2932 1613 3003 ipse
1639 2934 1859 2998 asserit,
1894 2935 2086 2989 huma-

517 3020 754 3074 natiouis
787 3024 976 3076 modus
997 3022 1312 3090 coniunctio
1342 3023 1590 3093 quaedam
1638 3034 1725 3080 est
1769 3026 1997 3096 simplex
2037 3038 2092 3082 et

515 3109 813 3163 secundum
872 3109 1041 3164 solum
1086 3110 1362 3167 liliationis
1416 3113 1757 3183 dignitatern,
1784 3118 1911 3185 quid
1961 3134 2078 3189 pro-
2115 3136 2158 3192 ο

518 3199 669 3256 hibet
722 3213 841 3253 eam
927 3200 1362 3269 conjunctionem
1395 3203 1448 3257 in
1500 3203 1622 3260 aliis
1678 3207 1843 3261 etiam
1917 3212 2093 3264 omni-

518 3291 620 3343 bus
664 3288 859 3344 lactant
887 3290 1111 3347 dicere?
1158 3293 1267 3351 Sed
1329 3296 1516 3363 procul
1559 3297 1726 3353 dubio
1782 3299 1874 3368 qui
1917 3303 2092 3358 solers

516 3389 604 3437 est
637 3392 691 3437 et
720 3392 932 3448 acutus,
952 3385 1215 3454 prospicit
1237 3385 1357 3456 ejus
1387 3388 1656 3445 orationis
1673 3390 2085 3449 absurditatem.

514 3472 760 3540 Quonam
795 3475 956 3545 igitur
988 3474 1182 3542 fertur,
1206 3480 1274 3534 ad
1300 3495 1362 3534 ea
1402 3496 1522 3550 qua:
1565 3482 1749 3538 dicere
1801 3483 1954 3540 nefas
1983 3496 2088 3551 est,

518 3564 825 3635 impulsus?
875 3565 1098 3623 Dicetur
1119 3579 1300 3625 autem
1330 3570 1405 3625 illi
1440 3587 1470 3625 a
1502 3573 1659 3628 nobis
1691 3574 1818 3630 illud
1842 3575 2091 3632 Jeremite

517 3656 722 3711 dictum
757 3672 774 3711 :
819 3676 838 3709 ι
862 3656 917 3711 ιιι
948 3658 1292 3716 multitudine
1316 3661 1419 3717 vite
1441 3672 1545 3718 tua!
1569 3665 1827 3722 laborasti
1854 3668 1963 3735 “;i
1992 3668 2090 3722 flu-

514 3757 667 3804 ctuat
701 3750 867 3815 enim,
900 3760 956 3805 et
976 3751 1125 3806 omni
1157 3762 1319 3809 vento
1341 3755 1752 3826 circumfertur,
1808 3769 1866 3815 ut
1894 3761 2089 3817 beatus

514 3837 717 3896 Paulus
745 3842 820 3896 ait
874 3842 944 3899 “.
978 3844 1181 3915 Accipe
1211 3846 1379 3916 igitur
1409 3850 1708 3906 anchoram
1762 3850 1871 3924 50
1894 3855 2090 3911 aniime

511 3939 686 3986 tutam
717 3948 782 3988 ac
822 3934 1054 3999 (inuam,
1084 3946 1265 3991 statue
1288 3953 1451 4007 supra
1494 3950 1708 4010 petram
1741 3946 1907 4012 pedes
1936 3954 2083 4002 tuos.

510 4026 570 4081 Si
607 4026 881 4082 hominem
910 4025 1114 4083 factum
1153 4029 1326 4099 ipsum
1362 4030 1453 4087 Dei
1490 4032 1723 4089 Verbum
1751 4035 1927 4105 dicis,
1983 4037 2087 4094 hoc

511 4117 686 4185 ipsum
709 4119 843 4174 satis
872 4130 955 4174 est
983 4118 1048 4173 ad
1078 4120 1456 4190 explicandum
1490 4126 1660 4180 nostri
1685 4125 1922 4183 similem
2002 4128 2087 4183 fa-

2208 732 2367 786 αὐτοὶ
2404 731 2544 785 κατὰ
2576 731 2636 784 τὺ
2677 729 2895 802 ἀξίωμα
2937 732 3036 802 τῆς
3081 732 3362 801 νεότητος,
3405 732 3703 804 ἀδιαίρετοί
3737 751 3793 786 τε

2209 821 2474 894 ἀλλήλων,
2498 821 2591 875 καὶ
2621 818 2679 875 ἓν
2705 822 2756 875 οί
2786 821 2986 885 πάντες
3015 821 3136 875 καθ’
3162 822 3377 888 ἕνωσιν,
3397 822 3464 892 ἢν
3485 822 3550 893 δὴ
3578 827 3794 895 πεπρᾶ-

2209 915 2339 986 χθαι
2361 915 2607 986 νομίζεις
2649 914 2812 979 αὐτὸς
2845 915 2940 968 καὶ
2988 915 3081 969 ἐπὶ
3121 915 3392 988 Χριστοῦ·
3422 913 3691 984 διεστήξει
3728 910 3792 988 δὴ

2208 1007 2349 1072 ὅλως
2380 1007 2516 1078 πρὸς
2548 1006 2639 1060 τὸν
2670 1007 2734 1061 ὲκ
2771 1005 2906 1060 Θεοῦ
2949 1007 3121 1075 Λόγον
3151 1006 3436 1079 ἄνθρωπος
3473 1006 3595 1059 καθ’
3616 1008 3788 1078 ἡμᾶς.

2207 1094 2344 1153 Εἶτα
2369 1098 2489 1163 πῶς
2531 1100 2594 1152 οὐ
2628 1098 2915 1170 διῄρηνται
2944 1098 3124 1162 πάλιν,
3154 1098 3271 1163 πῶς
3302 1099 3359 1155 δὲ
3401 1100 3495 1153 καὶ
3526 1099 3653 1163 Υίδς
3685 1096 3788 1164 εἷς,

2206 1190 2310 1243 οὐκ
2330 1189 2438 1261 ἔχω
2462 1193 2623 1254 νοεῖν,
2646 1192 2694 1243 εί
2725 1189 2801 1260 μὴ
2821 1189 2946 1243 καθ’
2966 1190 3161 1267 ἕνωσιν
3187 1189 3361 1260 ἀληθῆ
3391 1190 3790 1262 συμϐεϐηκέναι

2207 1281 2388 1352 φαμὲν
2420 1280 2499 1352 τῷ
2527 1281 2684 1353 Λόγῳ
2719 1280 2780 1335 τὸ
2810 1281 3173 1352 ἀνθρώπινον.
3209 1282 3423 1352 Ἐπειδὴ
3456 1284 3513 1336 δὲ
3544 1283 3671 1356 χρὴ,
3701 1284 3791 1338 διὰ

2204 1391 2268 1443 γε
2295 1373 2394 1437 τὰς
2414 1372 2601 1427 τούτου
2632 1372 2836 1442 φωνὰς,
2863 1375 2959 1428 καὶ
2987 1376 3068 1437 είς
3098 1373 3366 1438 ὲκτόπους
3393 1373 3599 1440 ἐννοίας
3629 1394 3788 1447 περι-

2203 1469 2449 1535 ενεγκεῖν
2481 1465 2572 1519 τὸν
2627 1465 2807 1534 λόγον.
2840 1465 2928 1518 ἴνα
2979 1466 3314 1536 πανταχόθεν
3356 1465 3647 1538 ἐλέγχηται
3690 1486 3792 1523 πει

2205 1556 2493 1629 φρονηκὼς
2518 1559 2619 1611 οὐκ
2643 1556 2799 1629 ὀρθὰ,
2826 1557 2958 1628 φέρε
2984 1557 3070 1629 δὴ,
3094 1558 3247 1628 φέρε,
3270 1562 3489 1613 κακεῖνο
3515 1559 3784 1631 λέγωμεν·

2204 1650 2266 1702 Εί
2299 1649 2407 1721 γὰρ
2436 1651 2597 1720 ἀρκεῖ
2617 1649 2752 1720 πρὸς
2781 1648 2994 1712 ἕνωσιν,
3036 1653 3141 1719 τῆς
3167 1650 3418 1720 υίότητος
3453 1650 3514 1703 τὸ
3545 1651 3788 1720 ἀξίωμα,

2204 1739 2390 1810 ἐπειδὴ
2429 1738 2677 1793 καλεῖταί
2702 1756 2760 1793 τε
2792 1740 2887 1792 καὶ
2919 1739 3067 1792 ἔστιν
3099 1738 3225 1803 Υἱὸς
3254 1739 3346 1792 τοῦ
3380 1740 3516 1794 Θεοῦ
3552 1742 3645 1795 καὶ
3677 1744 3790 1795 Πα-

2200 1829 2325 1898 τρδς
2355 1832 2383 1882 ὁ
2437 1830 2498 1894 ἐξ
2547 1829 2711 1883 αὐτοῦ
2758 1830 2949 1898 Λόγος,
2994 1829 3172 1883 κοιιδν
3219 1830 3275 1882 δὲ
3327 1830 3544 1896 πολλοῖς
3605 1834 3790 1898 ἄλλοις

2199 1918 2459 1992 τοῦνομα,
2484 1921 2537 1973 τί
2569 1920 2630 1974 τὸ
2657 1920 2880 1987 λυποῦν,
2902 1921 3023 1975 είπὲ
3057 1937 3168 1991 μοι,
3192 1921 3288 1975 καὶ
3315 1921 3513 1986 αὐτοὺς
3540 1924 3789 1993 ἡνῶσθαι

2199 2012 2382 2082 λέγειν
2403 2013 2572 2085 αὐτῷ,
2595 2015 2833 2079 καὶτοὺς
2855 2015 3049 2078 ἄλλους
3074 2014 3340 2080 ἅπαντας,
3356 2016 3446 2071 ἶνα
3487 2018 3659 2088 μηδὲν
3687 2019 3788 2091 ἔχῃ

2199 2104 2331 2176 παρ’
2362 2105 2562 2169 αὐτοὺς
2601 2105 2662 2159 τό
2707 2105 2889 2159 πλεῖον
2912 2106 2942 2158 6
2987 2106 3371 2177 Ἐμμανουήλς
3413 2107 3790 2181 φιλονεικήσει

2197 2188 2307 2265 γὰρ
2336 2195 2478 2249 κατὰ
2510 2195 2571 2249 τὸ
2599 2196 2750 2260 είκὺς
2777 2194 2947 2267 αὐτῷ,
2980 2195 3075 2250 καὶ
3107 2196 3238 2268 περὶ
3258 2195 3366 2250 τῶν
3399 2198 3529 2251 ῐσων
3552 2199 3801 2269 aptus;

2198 2302 2352 2340 σεται
2384 2286 2445 2339 τὸ
2487 2286 2595 2339 τῶν
2624 2287 2804 2340 αὐτῶν
2856 2288 3135 2359 ὀνομάτων
3168 2288 3502 2360 ἠξιωμένονο
3549 2290 3646 2344 καὶ
3684 2294 3788 2361 τῆς

2198 2375 2493 2446 συναφείας
2531 2378 2662 2447 ἡμῖν
2695 2379 2723 2431 6
2770 2378 3008 2450 τρόπος,
3058 2378 3201 2434 κατὰ
3244 2379 3405 2451 ψιλὴν
3452 2381 3546 2433 καὶ
3610 2381 3788 2453 μόνην

2197 2465 2350 2519 ἔσται
2382 2466 2480 2539 τὴν
2508 2469 2722 2539 κλῆσιν,
2758 2470 2929 2541 ἡγουν
2969 2471 3070 2543 τὴν
3097 2472 3439 2543 ὁμωνυμίαν.
3468 2469 3605 2527 Εἶτα
3641 2474 3693 2527 τί
3722 2475 3787 2527 τδ

2193 2556 2309 2629 τῆς,
2340 2558 2808 2630 ὲνανθρωπήσεως
2829 2562 3032 2614 νοεῖται
3070 2561 3293 2633 χρῆμα;
3327 2562 3378 2615 τί
3408 2561 3466 2615 δὲ
3495 2562 3633 2634 πρὸς
3656 2560 3787 2615 τού-

2193 2668 2292 2721 τῳ,
2323 2651 2419 2705 καὶ
2458 2652 2539 2715 τὸ,
2576 2653 2634 2705 ὲν
2665 2654 2733 2724 τῇ
2758 2651 2854 2705 τοῦ
2883 2651 3071 2707 δούλου
3111 2653 3433 2708 καθικέσθαι
3461 2658 3682 2727 μορφῇς
3717 2654 3785 2708 Ei

2194 2741 2302 2812 γάρ
2345 2742 2463 2795 ἐστι
2489 2742 2613 2795 κατ’
2654 2740 2818 2794 αὐτὸν
2854 2740 2883 2794 6
2922 2742 3024 2813 τῆς
3065 2743 3533 2816 ὲνανθρωπήσεως
3574 2745 3786 2816 τρόπος

2195 2831 2466 2901 συνάφειιῖι
2488 2849 2573 2896 τις
2607 2832 2758 2904 ψιλὴ,
2802 2833 2898 2886 καὶ
2932 2833 3075 2888 κατὰ
3106 2834 3268 2905 μόνον
3308 2834 3408 2906 τῆς
3444 2822 3685 2907 υίότητος
3720 2836 3793 2890 τὸ

2191 2922 2429 2993 ἀξίωμα,
2453 2924 2504 2978 τί
2531 2923 2591 2978 τὸ
2625 2923 2834 2979 κωλῦον
2869 2924 2950 2979 ἔτι
2986 2926 3081 2981 καὶ
3122 2927 3216 2980 ἐπὶ
3253 2929 3364 2991 τοῖς
3398 2926 3575 2991 ἄλλοις
3604 2928 3785 2983 ἅπασι

2192 3014 2506 3087 πεπρᾶχθαι
2535 3016 2717 3085 λέγειν
2749 3016 2955 3088 αῦτήν;
2991 3017 3131 3070 Ἀλλ’
3153 3018 3253 3088 ὅρα
3276 3017 3385 3088 (l3)
3412 3035 3510 3073 που
3535 3021 3781 3083 πάντως,

2191 3108 2219 3161 6
2250 3106 2578 3179 φιλομαθὴς.
2607 3108 2701 3161 τοῦ
2732 3109 2891 3178 λόγου
2921 3109 2983 3162 τὸ
3009 3108 3264 3173 ἀκαλλὲς.
3297 3110 3396 3163 Ποῖ
3417 3110 3480 3181 δὴ
3510 3106 3606 3163 οὖν
3636 3112 3782 3164 ἀπο-

2195 3198 2419 3269 φέρεται
2467 3197 2604 3270 πρὸς
2642 3199 2678 3253 ἃ
2717 3198 2792 3270 μὴ
2840 3198 3000 3269 θέμις
3028 3198 3371 3271 ὲξεστηκώςς
3404 3200 3699 3271 Εἰρήσεται
3723 3200 3785 3254 δὲ

2192 3290 2328 3361 πρὸς
2359 3290 2515 3362 ἡμῶν
2532 3291 2680 3362 αὐτῷ
2710 3290 2769 3344 τι
2799 3290 2887 3345 διὰ
2915 3292 3010 3362 τῆς
3045 3292 3309 3364 Ἰερεμίου
3346 3292 3530 3362 φωνῆς
3554 3309 3567 3323 ·
3593 3312 3610 3344 ι
3644 3292 3785 3358 Ταῖς

2192 3381 2499 3446 πολυοδίαις
2531 3400 2623 3435 σου
2657 3383 3005 3447 ἐκοπίασας.»
3036 3384 3440 3448 Κλυδωνίζεται
3470 3386 3578 3456 γὰρ
3593 3386 3787 3457 ἀνέμῳ

2192 3474 2358 3527 παντὶ
2383 3475 2837 3546 περιφερόμενος,
2875 3474 3020 3530 καθά
3050 3493 3214 3546 φησιν
3232 3477 3260 3529 6
3289 3477 3602 3546 σοφώτατος
3642 3478 3789 3531 Παῦ-

2191 3564 2308 3628 λος.
2332 3564 2543 3619 Οὐκοῦν
2570 3566 2726 3636 δέχου
2762 3565 2859 3637 τὴν
2886 3566 3134 3636 ἄγκυραν
3160 3566 3257 3636 τῆς
3284 3566 3465 3639 ψυχῆς
3484 3568 3583 3639 τὴν
3605 3569 3789 3637 ἀσφα-

2190 3656 2260 3728 λῆ
2288 3659 2383 3711 καὶ
2416 3658 2664 3729 βεϐαίαν,
2698 3662 2895 3731 στῆσον
2929 3660 3023 3714 ἐπὶ
3063 3660 3273 3732 πέτραν
3298 3662 3422 3726 τοὺς
3453 3662 3649 3716 ἑαυτοῦ
3685 3663 3787 3717 πό-

2189 3748 2307 3813 δας.
2336 3749 2399 3802 Ei
2439 3750 2856 3822 ἐνανθρωπῆσαι
2882 3751 2991 3825 φὴς
3029 3751 3122 3807 τὸν
3161 3751 3257 3806 τοῦ
3287 3752 3422 3806 Θεοῦ
3451 3754 3648 3823 Λόγον,
3676 3755 3785 3825 ἁρ-

2194 3842 2348 3897 κέσει
2375 3842 2532 3897 τοῦτο
2566 3844 2703 3911 πρὸς
2743 3844 2974 3917 δήλωσιν
3020 3847 3112 3900 τοῦ
3157 3846 3281 3901 καθ’
3329 3848 3476 3919 ἡμᾶς
3514 3848 3784 3915 γενέσθαι

2188 3936 2280 3990 τὸν
2312 3936 2455 4008 ὑπὲρ
2506 3937 2687 3990 πᾶσαν
2714 3936 2817 4008 τὴν
2846 3936 3058 3992 κτίσιν·
3105 3938 3267 3992 ἔλασε
3317 3939 3415 4009 τὴν
3454 3937 3549 3992 τοῦ
3588 3938 3782 3994 δούλου

2191 4029 2426 4098 μορφὴν,
2454 4027 2628 4082 καίτοι
2651 4029 2752 4100 τὴν
2781 4028 3096 4100 ἐλευθερίαν
3121 4029 3262 4101 ἔχων
3278 4030 3353 4095 ὡς
3375 4026 3641 4094 Θεόςῖἕίν
3666 4031 3784 4102 γὰρ

2188 4119 2249 4173 ὲν
2287 4119 2494 4191 ίσότητι
2524 4119 2618 4174 τοῦ
2647 4120 2881 4191 Πατρὸς,
2912 4119 3008 4174 τοῦ
3033 4121 3097 4174 τὸ
3129 4121 3273 4176 κατὰ
3308 4121 3527 4177 πάντων
3556 4122 3786 4194 ἔχοντος

2188 4206 2412 4278 κράτος.
2450 4209 2664 4263 Παῦσαι
2684 4208 2910 4282 διαιρῶν
2939 4210 3038 4271 τὰς
3062 4210 3253 4280 φύσεις
3281 4211 3420 4281 μετὰ
3438 4212 3537 4283 τὴν
3556 4212 3780 4268 ἕνωσιν.

2188 4298 2316 4355 Ὀτι
2336 4300 2437 4369 μὲν
2453 4300 2560 4373 γὰρ
2586 4301 2770 4369 ἔτερόν
2797 4317 2870 4365 τι,
2893 4302 2986 4356 καὶ
3021 4301 3210 4373 ἔτερόν
3227 4304 3375 4355 ἐστιν
3398 4304 3431 4372 ἦ
3453 4320 3515 4357 τε
3541 4304 3662 4357 θεία
3680 4306 3782 4359 καὶ

514 4217 666 4261 ctum
695 4224 816 4264 esse
848 4211 1018 4276 illum,
1050 4213 1140 4281 qui
1172 4222 1257 4269 est
1286 4229 1453 4284 supra
1478 4231 1694 4273 omnem
1725 4232 2037 4283 creaturam
2068 4240 2084 4278 :

509 4298 720 4367 accepit
751 4301 890 4354 servi
929 4300 1186 4368 formam,
1233 4307 1480 4369 quamvis
1509 4307 1808 4365 libertatem
1837 4322 1897 4368 ut
1944 4314 2086 4374 Deus

510 4388 768 4453 haberet;
816 4407 939 4446 nam
991 4405 1112 4449 erat
1154 4394 1209 4449 in
1250 4398 1560 4466 aqualitate
1613 4399 1792 4458 Patris
1837 4403 1956 4471 ejus
1990 4409 2081 4476 qui

2197 4392 2219 4462 ί)
2244 4391 2533 4465 ἀνθρώπου
2565 4391 2745 4462 φύσις,
2769 4393 2972 4464 πρέποι
3003 4392 3070 4447 ἂν
3102 4392 3319 4459 εἰδέναι,
3351 4393 3445 4447 καὶ
3473 4395 3782 4464 ἀναγκαῖον

508 4492 675 4547 super
725 4482 908 4537 omnia
960 4481 1170 4540 obtinet
1226 4484 1536 4555 imperium.
1593 4489 1791 4548 Desine
1836 4496 2080 4554 dividere

2197 4480 2323 4537 ιῖναί
2362 4500 2504 4555 φημι
2530 4485 2645 4547 τοίς
2673 4483 2986 4556 ἀρτίφροσι.
3020 4485 3348 4556 Διεστήκασι
3379 4484 3491 4556 γὰρ
3522 4486 3781 4557 ἀλλήλων

509 4582 732 4627 naturas
752 4586 871 4643 post
896 4578 1153 4634 unionem
1188 4599 1202 4636 :
1236 4594 1361 4635 nam
1391 4582 1534 4639 scire
1572 4583 1718 4641 aliud
1747 4596 1913 4658 atque
1937 4591 2083 4647 aliud

2197 4572 2286 4626 καὶ
2340 4572 2694 4646 ἀσυγκρίτοις
2742 4572 3053 4646 διαφοραῖς.
3126 4574 3250 4629 Ἐπὶ
3295 4575 3353 4630 δὲ
3401 4575 3498 4630 τοῦ
3553 4577 3782 4632 πάντων

507 4676 631 4717 esse
673 4665 911 4721 divinam
971 4668 1373 4742 humanamque
1422 4683 1671 4730 naturam
1702 4716 1718 4743 ,
1769 4695 1877 4735 non
1926 4684 2085 4738 modo

2197 4665 2345 4737 ἡμῶν
2373 4667 2628 4739 Σωτῆρος
2654 4668 2925 4740 Χριστοῦ,
2968 4667 3404 4737 συνεισενεγκὼν
3444 4670 3526 4732 είς
3574 4668 3780 4724 ἕνωσιν

510 4757 801 4811 convenire
839 4760 1192 4827 prudentibus
1223 4764 1352 4821 viris
1377 4806 1393 4831 ,
1448 4780 1637 4824 verum
1667 4769 1835 4826 etiam
1862 4748 2083 4831 neces-

2197 4756 2282 4827 ιὴν
2309 4756 2483 4829 ἀληθῆ
2516 4774 2577 4811 τε
2614 4759 2710 4812 καὶ
2744 4758 2866 4813 καθ’
2892 4759 3214 4824 ὑπόστασιν,
3247 4759 3519 4831 παραιτοῦ
3561 4761 3663 4832 τὴν
3693 4761 3780 4814 δι-

511 4845 714 4934 sarium
737 4862 859 4903 esse
889 4865 1129 4907 censeo:
1157 4854 1360 4911 distant
1380 4858 1526 4913 enim
1557 4859 1700 4915 inter
1723 4875 1784 4917 se
1814 4901 1829 4926 ,
1877 4872 1933 4918 et
1959 4864 2082 4934 qui-

2197 4847 2430 4920 ιίρεσιν’
2473 4850 2572 4906 ἕνα
2607 4852 2715 4924 γὰρ
2744 4849 2916 4915 οὕτως
2969 4851 3331 4923 ὁμολογήσεις
3376 4851 3640 4921 Χριστὸν,
3678 4853 3780 4905 καὶ

508 4933 633 4988 dem
657 4938 1017 4994 Inaestimabili
1042 4940 1473 5001 differentiarum
1501 4949 1677 5016 spatio
1706 4969 1719 5005 :
1754 4952 1806 5005 in
1833 4933 2077 5009 omnium

2197 4940 2339 5007 Υἱὸν,
2365 4941 2460 4996 καὶ¹
2483 4940 2706 5014 Κύριον.
2742 4942 2901 5008 Ἀλλ’,
2931 4943 3030 4996 οὐκ
3046 4938 3143 4997 οἷδ’
3172 4944 3341 5008 ὅπως,
3387 4945 3417 4996 ό
3440 4941 3555 4997 τῶν
3590 4943 3779 5012 ἐξιτή-

509 5033 689 5080 autem
727 5040 970 5084 nostrum
1026 5031 1307 5091 Salvatore
1356 5036 1575 5094 Christo
1636 5042 1726 5097 ubi
1783 5044 1903 5100 illas
1946 5061 2080 5102 cou-

2197 5032 2299 5085 λων
2326 5034 2459 5103 ἡμῖν
2483 5033 2769 5103 δογμάτων
2804 5032 3054 5107 εὑρετὴς,
3093 5035 3152 5089 ὲν
3179 5032 3398 5106 σμικρῷ
3438 5033 3541 5103 μὲν
3575 5034 3779 5104 κομιδῆ

502 5113 753 5185 imiteris
803 5122 856 5177 in
904 5139 1089 5179 veram
1124 5134 1180 5182 et
1220 5130 1522 5185 secundum
1575 5132 1909 5203 hypostasim
1956 5139 2079 5192 uni-

2197 5123 2488 5195 πεποίηται
2516 5123 2660 5195 λόγῳ
2688 5125 2749 5179 τὸ
2776 5126 2876 5198 τῆς
2908 5122 3152 5197 ὲνὼσεως
3178 5127 3368 5197 χρῆμα
3386 5142 3399 5156 ·
3430 5123 3780 5195 διωσάμενος

580 5274 625 5307 ⁸³
660 5278 794 5344 imo,
824 5278 926 5333 lsa.
961 5296 1090 5347 Lm,
1120 5280 1203 5335 l0.
1284 5281 1330 5313 ⁸³
1359 5282 1555 5353 Ephes.
1595 5300 1668 5351 tv,
1707 5286 1791 5342 ιι.

1777 5442 1937 5498 ΑΝΤ.
1980 5444 2254 5501 AGELLII
2293 5443 2521 5502 NOTA'I.
2619 5508 2630 5521 θ

581 5613 691 5690 (13)
720 5613 1045 5686 Legendum,
1070 5621 1099 5672 6
1138 5622 1191 5689 ᾷ,
1234 5631 1293 5675 ιιι
1328 5623 1419 5677 lib.
1459 5639 1519 5685 ιι,
1552 5637 1674 5690 pag.
1713 5621 1805 5683 El,
1839 5621 1952 5674 ἀλλ’
1974 5622 2077 5691 ὁρᾷ

581 5702 613 5739 υ
644 5685 864 5749 πάντως
890 5687 920 5740 6
948 5637 1221 5750 θεοφιλής⁹
1255 5699 1311 5745 et
1341 5691 1427 5750 55.
1461 5693 1562 5750 ὁρᾶ
1586 5690 1652 5750 δὴ
1676 5686 1770 5744 οὖν
1794 5692 1822 5745 6
1848 5707 2077 5750 γρηστο-

2197 5622 2310 5703 ιιιιιι
2339 5620 2741 5704 ῶ.φιλομαθὴς,
2839 5621 3111 5694 θεοφιλὴς,
3151 5623 3198 5678 ὣ
3213 5626 3617 5750 ἔρὲστομαθής
3636 5643 3652 5660 ·
3680 5628 3776 5711 cui

2197 5696 2401 5746 lectioni
2435 5694 2579 5748 favet
2607 5694 2756 5749 locus
2786 5692 2881 5749 hb.
2916 5708 2997 5750 ιιι.
3031 5709 3153 5750 νεα.
3175 5694 3209 5750 6
3251 5734 3266 5750 .
3335 5713 3402 5750 oe
3440 5696 3500 5750 δέ
3537 5715 3629 5750 μοι
3659 5715 3776 5750 των

506 5685 613 5739 που
644 5685 864 5749 πάντως
890 5687 930 5768 6_
948 5685 1221 5818 0:090th
1255 5699 1311 5745 et
1341 5691 1427 5757 55,
1461 5685 1564 5818 ὁρᾷ
1586 5685 1652 5762 δῆ
1676 5686 1770 5775 οὖν
1794 5692 1822 5745 ό
1848 5685 2077 5762 χρηστοέ

509 5754 711 5818 μαθής.
742 5758 851 5814 Aut
888 5774 931 5815 Si
962 5774 1126 5816 sccun
1169 5776 1198 5815 a
1241 5775 1465 5818 persona
1509 5773 1700 5818 erratur
1732 5778 1851 5818 ορα.
1892 5761 2078 5818 leuca.

2197 5692 2401 5746 lectioni
2426 5685 2579 5748 favet
2607 5685 2756 5749 locus
2786 5692 2881 5749 lib.
2916 5685 2997 5757 tu,
3031 5685 3153 5764 pag.
3175 5685 3269 5757 θῖξ
3298 5685 3402 5769 όρα
3432 5685 3500 5751 ’δέ
3536 5685 3629 5770 μὀι
3659 5697 3779 5754 τῶν

2197 5762 2539 5818 προφητικῶν
2565 5763 2782 5818 ἐννοιῶν
2807 5762 2904 5818 τὴν
2936 5763 3286 5818 ἐγρήγορσιν.

509 5754 711 5830 μαθῄς.
742 5758 851 5814 Aut
888 5759 931 5815 si
962 5754 1198 5818 secunda
1239 5754 1465 5831 persona
1491 5754 1700 5834 legatur
1732 5754 2078 5851 ὅραίἼοέριιτ

2197 5762 2539 5834 προφητικῶν
2565 5763 2782 5820 ἐννοιῶν
2807 5762 2904 5836 τὴν
2936 5754 3286 5837 ἐγρήγορσιν.
