3926 6126
481 357 554 417 95
1130 318 1139 324 ’
1514 344 1575 407 s.
1614 349 1891 406 cvutLLt
1926 345 2397 404 ALEXANDRINI
2432 342 2754 401 meumr.
3670 333 3751 392 se.

488 479 586 531 das
622 476 846 533 tendere
894 475 1179 532 credemus
1220 487 1318 543 par
1352 472 1478 527 illud
1514 471 1745 525 ﬁliorum
1792 486 1821 526 a
1865 481 1919 526 te
1971 471 2054 523 di-

2192 487 2248 523 αι
2278 469 2336 522 δὲ
2363 469 2565 540 μᾶλλον
2586 461 2784 537 οἷάπερ
2807 465 3026 538 ὀργάνῳ
3057 462 3135 534 τῷ
3159 460 3274 533 ίδίῳ
3302 459 3538 529 σώματι,
3566 456 3741 514 καθά-

487 570 700 624 Ctorum
727 583 740 615 τ
771 567 910 636 quod
945 567 989 621 si
1026 566 1097 619 ita
1125 573 1227 629 est,
1261 562 1528 634 quomodo
1564 578 1671 617 non
1698 564 1804 617 duo
1832 562 2049 626 cbristi,

489 669 543 712 et
578 659 693 720 lilii,
729 669 782 713 et
812 657 1060 711 domini?
1100 658 1171 711 At
1212 670 1339 710 vero
1386 668 1617 723 corpore
1671 662 1929 722 tanquam
1968 669 2059 709 or-

491 765 631 820 gano
662 750 832 819 ipsum
869 747 1101 803 Verbum
1127 760 1282 801 usum
1329 744 1591 813 allirmas,
1649 754 1832 801 ut‘est
1864 760 2060 801 conse-

492 842 700 908 quens.‘
724 840 829 894 Sed
875 838 919 893 si
955 853 1120 892 unum
1153 838 1292 893 dicis
1344 836 1567 901 Filium,
1609 847 1664 892 et
1697 852 1860 891 unam
1893 836 2065 907 hypo-

493 932 679 985 s'asim
713 928 868 984 Verbi
904 928 1263 994 incarnatam,
1291 943 1397 982 non
1428 929 1601 998 ipsum
1626 928 1733 983 erit.
1756 927 2066 984 Divinitatis

493 1035 777 1093 organum,
823 1020 916 1075 sed
942 1029 1127 1075 utetur
1179 1019 1360 1089 potius
1411 1019 1635 1090 proprio
1684 1033 1913 1087 corpore
1948 1028 2067 1073 tan-

494 1127 654 1181 quam
689 1124 924 1179 organo;
949 1118 1007 1164 ιιι
1031 1109 1286 1164 nimirum
1312 1110 1424 1179 ipsa
1448 1108 1682 1163 hominis
1706 1109 1906 1162 anima.
1929 1108 2068 1177 Ergo

496 1217 661 1255 unum
714 1201 905 1264 fatere,
941 1216 1047 1255 non
1105 1200 1353 1254 dividens
1396 1210 1640 1264 naturas,
1696 1200 1858 1254 simul
1908 1200 2067 1254 intel-

499 1295 669 1363 ligens
694 1309 756 1347 ac
788 1294 1027 1348 sentiens
1075 1294 1235 1346 aliam
1280 1307 1403 1347 esse
1435 1293 1616 1347 carnis
1645 1332 1661 1359 ,
1710 1292 1870 1346 aliam
1923 1292 2066 1346 divi-

500 1386 686 1439 nitatis
715 1378 977 1438 rationem
1009 1399 1129 1451 qua:
1157 1383 1230 1436 illi
1262 1398 1327 1438 ac
1354 1383 1455 1437 soli
1508 1382 1799 1436 conveniat
1837 1401 1853 1438 :
1887 1394 2068 1450 neque

501 1477 646 1530 enim
676 1476 823 1529 illam
853 1475 1017 1531 Verbi
1053 1490 1272 1529 carnem
1308 1475 1537 1529 dicimus
1564 1475 1762 1528 factam
1787 1488 1908 1529 esse
1931 1474 2067 1528 divi-

502 1569 749 1627 nitatem,
787 1566 879 1620 sed
934 1567 1114 1636 potius
1156 1565 1417 1630 divinam,
1470 1574 1530 1618 ut
1573 1564 1737 1619 illius'
1765 1565 2061 1634 propriam.

2163 580 2271 636 περ
2302 562 2494 634 ἀμέλει
2521 563 2670 633 καὶὴ
2714 559 2810 613 τοῦ
2842 558 3132 630 ἀνθρώπου
3166 558 3333 628 ψυχή.
3365 552 3575 610 Οὐκοῦν
3607 556 3740 623 ὁμο-

2165 656 2395 726 λόγησον
2426 655 2541 719 ἕνα,
2579 652 2652 724 μὴ
2692 651 2916 725 διαιρῶν
2945 649 3044 714 τὰς
3071 649 3281 720 φύσεις,
3312 646 3452 719 μετὰ
3480 643 3576 699 τοῦ
3606 643 3742 697 εἰδέ-

2166 765 2257 802 ναι
2296 746 2390 801 καὶ
2444 747 2681 817 φρονεῖν,
2724 744 2807 797 ὅτι
2859 742 3065 813 σαρκὸς
3112 741 3213 813 μὲν
3269 739 3455 810 ἕτερος
3483 738 3512 790 ό
3546 737 3738 802 λόγος.

2169 839 2435 909 Θεότητος
2464 837 2520 890 δὲ
2546 835 2729 899 πάλιν,
2751 835 2780 888 6
2805 836 2940 904 αὐτῇ
2975 833 3065 887 καὶ
3100 831 3238 904 μόνῃ
3264 830 3507 900 πρεπωνο
3542 827 3743 897 ἥκιστα

2175 930 2273 1000 μὲν
2317 928 2428 999 γὰρ
2477 926 2721 998 Θεότητα
2760 923 3015 993 γενέσθαι
3052 922 3230 992 φαμὲν
3267 920 3361 972 τοῦ
3414 917 3588 985 Λόγου
3642 916 3743 983 τὴν

2174 1020 2374 1091 σάρκα,
2399 1017 2552 1071 θείαν
2581 1015 2637 1069 δὲ
2670 1014 2895 1085 μᾶλλον,
2925 1013 2999 1079 ὼς
3029 1012 3166 1067 ἰδίαν
3196 1009 3362 1065 αὐτοῦ
3384 1026 3398 1040 ·
3437 1011 3485 1060 εί
3512 1008 3623 1077 γὰρ
3650 1007 3743 1058 άν-

2172 1107 2391 1181 θρώπου
2420 1107 2556 1178 σὰρξ
2600 1109 2632 1177 ἡ
2670 1100 2990 1176 ἀνθρωπίνη
3029 1103 3270 1170 λέγεται,
3316 1099 3367 1151 τί
3426 1099 3486 1151 16
3535 1095 3743 1150 κωλύον

2170 1200 2250 1254 ἔτι
2273 1199 2367 1251 καὶ
2391 1198 2538 1251 θείαν
2565 1197 2741 1250 εἰπεῖν
2783 1195 2883 1266 τὴν
2915 1194 3010 1248 τοῦ
3042 1192 3178 1246 Θεοῦ
3220 1192 3431 1259 Λόγους
3475 1188 3538 1241 Τί
3563 1187 3753 1241 τοίνυν

2169 1290 2422 1362 διαγελᾷς
2458 1290 2557 1358 τῆς
2607 1287 2867 1357 ἀληθείας
2911 1287 2971 1340 τὸ
3011 1285 3230 1346 κάλλος,
3268 1280 3576 1337 ἀποθέωσιν
3609 1280 3743 1349 ἡμῖν

2170 1381 2450 1452 ὀνομάζων
2473 1380 2571 1450 τῆς
2597 1377 2758 1447 ἁγίας
2794 1376 3013 1448 σαρκὸς,
3042 1375 3200 1447 μόνον
3231 1373 3288 1426 δὲ
3318 1372 3460 1441 οὐχὶ,
3489 1372 3583 1424 καὶ
3610 1385 3745 1422 κατ-

2170 1471 2446 1535 ονειδίζων
2497 1472 2611 1533 τοῖς
2667 1467 2807 1541 ὀρθὰ
2859 1469 3076 1538 φρονεῖν
3134 1464 3429 1536 ᾑρημένοις
3478 1462 3576 1530 τὴν
3627 1459 3747 1512 θεο-
3850 1529 3857 1535 _

2171 1564 2421 1634 ποίησιν;
2453 1561 2630 1616 καίτοι
2657 1561 2831 1628 λέγων
2856 1558 3036 1620 αὐτός·

503 1656 635 1711 Nam
662 1660 707 1712 si
738 1658 973 1713 hominis
1031 1674 1158 1713 caro
1184 1659 1419 1713 humana
1469 1657 1690 1722 dicitur,
1723 1658 1853 1726 quid
1914 1658 2169 1726 prohibet
2205 1657 2368 1711 etiam
2411 1655 2648 1709 divinam
2711 1652 2893 1706 dicere
2953 1648 3100 1703 illam
3146 1662 3265 1715 qua:
3314 1656 3397 1701 est
3448 1644 3540 1699 Dei
3578 1642 3743 1695 Verbi

505 1749 664 1803 raro?
709 1748 848 1816 Quid
885 1748 1050 1821 igitur
1083 1749 1279 1805 irrides
1310 1749 1764 1820 pulchritudinem
1793 1750 2080 1805 veritatis?
2135 1758 2337 1805 sanctae
2369 1747 2514 1803 illius
2555 1745 2739 1802 carnis
2782 1741 3244 1797 consecrationem
3306 1740 3359 1793 in
3417 1739 3545 1792 deos
3590 1736 3748 1789 nolis

506 1835 797 1903 objiciens,
828 1851 892 1891 ac
936 1839 1322 1908 prepemodum
1358 1838 1753 1893 deilicationcm
1801 1840 2108 1895 hominibus
2142 1848 2287 1895 recte
2332 1836 2688 1893 sentientibus
2723 1832 3103 1900 exprobrans:
3139 1828 3352 1883 tametsi
3394 1827 3510 1895 ipse
3550 1827 3743 1881 dicas:
3786 1856 3798 1868 ρ

583 1924 848 1999 [Νεετοιι.
903 1927 972 1982 Ut
1037 1945 1169 1999 ergo
1229 1929 1632 1985 demonstretur
1681 1930 1815 2001 ipsis
1862 1945 2073 2000 quoque

2248 1929 2389 2003 [Ἵνα
2420 1929 2599 1982 τοίνυν
2627 1924 2813 1997 δειχθῇ
2843 1925 2940 1977 καὶ
2980 1924 3094 1985 τοῖς
3133 1920 3328 1991 μάγοις
3357 1918 3439 1982 τίς
3473 1919 3630 1970 ἐστιν
3662 1909 3754 1970 οὗ·

509 2016 682 2086 magis
719 2017 841 2084 quis
875 2016 966 2071 hic
992 2016 1066 2072 sit
1100 2018 1168 2072 ab
1216 2017 1324 2072 illis
1361 2017 1618 2074 adoratus
1650 2060 1667 2087 ,
1718 2029 1775 2074 et
1812 2020 1878 2073 ad
1912 2033 2072 2088 quem

510 2108 631 2160 illos
667 2107 880 2162 duxerit
909 2105 1147 2177 Spiritus
1178 2109 1350 2163 sancti
1384 2110 1594 2178 gratia,
1628 2126 1823 2181 nempe
1854 2126 1962 2167 non
2005 2112 2074 2167 ad

505 2196 804 2265 simplicem
834 2197 993 2269 vulgo
1027 2208 1377 2268 conspectum
1406 2199 1516 2271 52
1549 2201 1833 2265 infantem,
1883 2202 1977 2258 sed
2007 2204 2076 2260 ad

504 2303 704 2360 corpus
725 2291 993 2360 quoddam
1025 2290 1374 2347 ineﬂ'abiliter
1418 2293 1527 2348 Deo
1550 2293 1963 2368 ‘conjuuctum.]

1143 2402 1297 2459 CAP.
1348 2405 1440 2459 IX.

578 2493 711 2550 Cum
739 2494 902 2562 igitur
933 2508 1132 2565 corpus
1165 2495 1517 2552 ineli‘abiliter
1563 2499 1672 2553 Deo
1724 2499 2071 2569 coniunctum

512 2583 674 2647 dicat,
707 2584 850 2653 quod
873 2593 1052 2638 autem
1083 2593 1170 2639 est
1200 2599 1328 2647 vere
1360 2582 1654 2652 ineﬂ'abile,
1709 2602 1873 2658 supra
1911 2589 2076 2644 intel-

511 2673 786 2742 ligentiam
813 2674 957 2730 silet
980 2691 1140 2745 supra
1174 2691 1504 2743 sermonem,
1549 2692 1677 2732 vera
1712 2694 1937 2748 prorsus
1972 2681 2099 2753 erit_

513 2766 639 2819 unio
660 2767 739 2820 vel
769 2767 1098 2837 conjunctio,
1145 2776 1202 2821 ut
1226 2768 1342 2837 ipse
1382 2768 1527 2838 loqui
1560 2768 1702 2824 solet
1737 2788 1752 2824 :
1783 2786 1908 2825 nam
1931 2772 2078 2841 ejus-

514 2858 655 2910 mcdi
686 2867 810 2913 sunt
839 2858 1150 2925 ineffabilia,
1188 2869 1239 2913 et
1268 2874 1450 2914 rerum
1485 2859 1556 2913 ita
1587 2859 1729 2915 inter
1777 2876 1836 2916 se
1883 2877 2079 2917 conve-

514 2938 776 3003 nientium
813 2952 953 3006 haud
985 2952 1171 3021 utique
1203 2952 1491 3022 quisquam
1542 2953 1685 3008 scire
1737 2954 1937 3022 poterit
1967 2969 2081 3009 mo-

514 3042 661 3095 dum.
705 3041 857 3108 Quod
891 3043 935 3095 si
972 3044 1156 3097 dicere
1180 3042 1345 3108 nosti,
1393 3058 1455 3097 ac
1483 3054 1643 3112 putas
1665 3059 1825 3113 posse
1868 3052 1921 3099 te
1969 3046 2078 3099 vim

516 3131 659 3184 illius
688 3132 1087 3200 ccujnnctionis
1117 3132 1419 3197 declarare,
1472 3135 1742 3202 quomodo
1771 3136 1948 3190 adhuc
1976 3136 2082 3191 erit

2176 2038 2268 2086 τος
2302 2023 2331 2074 6
2386 2021 2520 2091 παρ’
2574 2017 2752 2072 αὐτῶν
2819 2012 3322 2088 προσκυνούμενος,
3363 2009 3459 2063 καὶ
3482 2008 3579 2062 ἐπὶ
3630 2009 3755 2061 τίνα

2176 2114 2386 2187 ἢγαγεν
2416 2112 2612 2175 αὐτοὺς
2642 2109 2738 2164 τοῦ
2783 2106 3102 2178 Πνεύματος
3144 2102 3239 2156 τοῦ
3294 2101 3452 2170 ἁγίου
3489 2102 3523 2170 ἡ
3559 2100 3749 2171 χάρις’

2176 2205 2258 2258 ὅτι
2279 2204 2380 2258 οὐκ
2423 2204 2518 2256 ἐπὶ
2560 2200 2717 2271 ψιλὸν
2749 2197 2941 2262 ἁπλῶς
2971 2192 3346 2266 θεωρούμενον
3385 2191 3603 2265 βρέφος,
3635 2189 3755 2243 ἀλλ’

2176 2293 2271 2350 ἔπι
2298 2311 2353 2348 τι
2382 2293 2544 2364 σῶμα
2575 2288 2918 2361 συνημμένον
2947 2286 3200 2357 ἀρρήτως
3226 2280 3395 2356 Θεῷ.]

2776 2400 3030 2457 ΚΕΦΑΛ.
3071 2398 3149 2463 Θ¹ο

2250 2498 2380 2552 Ὀτε
2412 2496 2590 2551 τοίνυν
2611 2494 2861 2567 ἀρρήτως
2894 2490 3165 2563 συνῆφθαι
3195 2488 3315 2561 Θεῷ
3344 2488 3404 2542 16
3448 2486 3608 2558 σῶμά
3651 2501 3754 2555 φη-

2182 2606 2263 2645 σι·
2298 2590 2360 2644 τὸ
2394 2589 2452 2643 δὲ
2505 2588 2817 2659 ἀπόρρητον
2862 2582 3099 2656 άληθῶς,
3136 2581 3278 2652 ὑπὲρ
3308 2579 3435 2635 νοῦν
3488 2579 3606 2632 ἐστι
3657 2575 3755 2631 καὶ

2179 2683 2357 2753 λόγον,
2403 2682 2609 2752 ἀληθής
2653 2696 2757 2732 που
2788 2677 3004 2739 πάντως
3031 2678 3065 2746 ἡ
3108 2674 3321 2738 ἓνωσις,
3344 2673 3511 2743 ἤγουν
3547 2672 3582 2741 ἡ
3622 2686 3754 2722 συν-

2182 2776 2369 2845 άφεια,
2412 2775 2530 2827 κατ’
2573 2772 2759 2827 αὐτόν.
2803 2769 3116 2840 Ἀπόρρητα
3151 2767 3258 2838 γὰρ
3309 2766 3379 2817 τὰ
3425 2762 3622 2827 τοιάδε,
3654 2760 3753 2813 καὶ

2180 2865 2286 2919 τῶν
2300 2864 2472 2927 οὕτως
2482 2863 2728 2932 ἀλλήλοις
2754 2879 2815 2915 συ
2826 2859 3195 2933 μὸεὸηκότων,
3217 2858 3317 2911 οὐκ
3337 2855 3424 2921 ἂν,
3458 2850 3643 2924 οἶμαι,
3660 2851 3750 2915 τὶς

2183 2957 2350 3029 είδείη
2381 2959 2473 3010 τὸν
2507 2956 2731 3027 τρόπον.
2765 2955 2832 3010 Εἰ
2866 2954 2921 3007 δὲ
2947 2949 3106 3007 οἷσθα
3140 2952 3343 3020 λέγειν,
3367 2947 3467 3002 οίει
3500 2964 3558 3000 τε
3588 2945 3755 2999 δύνα-

2185 3050 2306 3103 σθαι
2348 3046 2672 3120 διατρανοῦν
2713 3046 2810 3116 τῆς
2867 3044 3164 3113 συναφείας
3208 3042 3308 3111 τὴν
3341 3041 3600 3111 δύναμιν,
3638 3037 3757 3101 πῶς

2182 3142 2492 3214 ἀπόρρητον
2529 3134 2609 3192 ἔτι
2640 3137 2701 3191 16
2728 3134 2918 3208 χρῆμά
2944 3137 3093 3201 ὲστι;
3122 3130 3397 3203 Θαυμάζω
3418 3130 3496 3192 δὲ,
3519 3130 3601 3183 ὅτι
3629 3126 3756 3181 καί-

515 3238 577 3275 ea
619 3236 708 3275 res
739 3223 1027 3278 ineliabilis
1049 3223 1079 3279 τ
1103 3224 1269 3277 Miror
1292 3225 1656 3295 autemquod,
1683 3227 1932 3294 quamvis
1955 3242 2079 3281 cor-

2188 3232 2454 3303 τοι’σῶμα
2490 3230 2663 3299 λέγων
2709 3226 2978 3297 συνῆφθαι
3009 3224 3159 3294 Θεῷ,
3200 3224 3293 3278 καὶ
3321 3220 3479 3274 τοῦτο
3513 3219 3760 3325 ἀπορρῄ-

516 3327 617 3381 pus
645 3312 751 3366 Deo
781 3313 1124 3383 coniunctum
1161 3315 1325 3380 dicat,
1354 3315 1514 3383 idque
1553 3315 1905 3371 inel‘fabiliter
1925 3360 1940 3383 ,
1973 3333 2078 3371 non

2188 3343 2315 3389 τως,
2337 3326 2437 3377 οὐκ
2466 3322 2633 3375 αὐτοῦ
2665 3321 2728 3391 δὴ
2753 3319 2910 3372 τοῦτο
2936 3319 3029 3372 καὶ
3059 3317 3189 3370 ἴδιον
3211 3311 3350 3368 εἷναί
3379 3330 3566 3383 φησιν,
3594 3309 3660 3361 ἶν’
3682 3309 3760 3372 ὡς

516 3411 697 3458 tamen
724 3404 852 3458 illud
879 3405 1040 3459 etiam
1072 3405 1238 3474 ipsius
1269 3407 1543 3474 proprium
1572 3422 1693 3461 esse
1746 3419 1978 3474 asserat,
2025 3418 2083 3462 ut

519 3510 639 3548 cum
677 3510 744 3550 eo
776 3506 1028 3567 tanquam
1060 3512 1225 3551 unum
1267 3497 1628 3567 intelligatur;
1682 3499 1777 3553 sed
1811 3515 1997 3554 rursus
2028 3502 2080 3555 in

520 3585 794 3639 hominem
851 3603 914 3640 ac
965 3587 1131 3641 Deum
1160 3587 1351 3641 dividit
1399 3588 1625 3642 seorsitn
1671 3603 1734 3643 ac
1768 3591 2081 3658 Separatint,

519 3692 685 3731 untur.
715 3677 990 3733 Christum
1022 3689 1076 3732 et
1105 3678 1384 3733 Dominum
1418 3677 1626 3744 Jesum,
1674 3686 1729 3733 et
1782 3690 1926 3735 recte
1955 3696 2083 3736 scu-
2142 3706 2145 3709 -

521 3769 626 3823 tire
644 3785 704 3825 se
733 3771 971 3837 simulat,
1004 3772 1234 3828 dicens:

592 3859 853 3935 [Νεετὸκ.
888 3861 1075 3933 Neque
1108 3879 1235 3919 vero
1266 3866 1490 3933 simplex
1510 3865 1673 3919 homo
1701 3873 1785 3917 est
1811 3861 2083 3927 Christus,

517 3968 551 4009 0
578 3955 957 4019 calumniator,
992 3958 1086 4012 sed
1135 3959 1297 4014 homo
1330 3958 1491 4013 simul
1517 3965 1572 4011 et
1621 3956 1763 4010 Deus
1798 3970 1812 4008 :
1849 3954 1993 4024 quod
2037 3953 2084 4009 si

517 4048 687 4101 solum
721 4049 861 4102 Deus
890 4059 1060 4113 esset,
1096 4065 1235 4119 opus
1261 4059 1401 4116 erat,
1432 4065 1465 4104 ο
1488 4047 1821 4117 Ἁιιοιιὶιιιπί,
1846 4048 2030 4101 dicere
2062 4061 2076 4099 :

522 4152 542 4186 ι
574 4134 712 4202 Quid
740 4151 825 4191 me
848 4139 1091 4207 quaeritis
1132 4140 1442 4195 interﬁcere
1474 4139 1639 4193 Deum
1668 4178 1683 4203 ,
1710 4138 1800 4207 qui
1844 4152 1972 4191 vera
2012 4135 2090 4190 l0-

517 4237 677 4281 cutus
706 4244 823 4282 sum
852 4229 1003 4284 vobis
1023 4231 1070 4263 "
1096 4231 1158 4285 ?n
1195 4230 1492 4287 Hicilleest
1519 4231 1606 4285 cui
1634 4230 1817 4300 spinea
1850 4227 1952 4283 fuit
1978 4228 2089 4282 cir-

519 4319 817 4385 cumposita
853 4333 1097 4385 corona;
1127 4320 1217 4374 hic
1259 4321 1350 4389 qui
1386 4320 1638 4374 dicebat:
1682 4338 1700 4370 ι
1734 4318 1877 4373 Deus
1915 4332 2089 4382 meus,

522 4408 663 4463 Deus
706 4423 876 4477 meus,
936 4412 1121 4480 utquid
1166 4425 1254 4467 me
1303 4411 1643 4480 dereliquisti
1672 4410 1767 4464 “1
1832 4427 1850 4460 ι
1887 4409 1975 4464 hic
1997 4409 2090 4478 qui

523 4500 831 4555 triduanum
867 4504 1035 4558 subiit
1068 4513 1324 4566 mortem,
1384 4502 1568 4556 Adero
1599 4510 1777 4556 autem
1828 4501 1975 4555 hunc
2009 4500 2090 4555 si-

2187 3421 2244 3474 ἓν
2272 3424 2444 3475 νοοῖτο
2480 3420 2593 3489 μετ’
2623 3413 2788 3470 αὑτοῦ
2812 3430 2825 3442 ⁸
2856 3412 3066 3482 μερίζει
3094 3408 3151 3461 δὲ
3182 3405 3342 3460 πάλιν
3373 3405 3451 3466 εἰς
3473 3400 3759 3470 ἄνθρωπον

2188 3513 2283 3565 καὶ
2310 3511 2462 3575 Θεὸν,
2484 3488 2596 3563 άνὰ
2629 3507 2812 3577 μὲρως
2842 3520 2900 3557 τε
2926 3502 3019 3556 καὶ
3051 3498 3254 3563 ἰδικῶς,
3276 3496 3367 3549 16v
3392 3493 3489 3547 ἕνα
3522 3488 3761 3562 Χριστὸν

2187 3604 2283 3656 καὶ
2308 3601 2513 3672 Κύριον
2551 3596 2782 3671 Ἰησοῦν,
2816 3595 2912 3650 καὶ
2941 3591 3076 3664 ὀρθὰ
3107 3589 3324 3661 φρονεῖν
3356 3582 3763 3640 ύποπλάττεται

2185 3694 2359 3761 λέγων
2377 3708 2389 3720 ·

2259 3869 2435 3943 [Ἀλλ’
2466 3867 2525 3922 ού
2559 3865 2713 3937 ψιλὸς
2742 3861 3029 3933 ἄνθρωπος
3069 3857 3098 3911 6
3131 3855 3387 3928 Χριστὸς,
3425 3852 3761 3921 συκοφάντα,

2189 3964 2304 4018 ἀλλ’
2342 3961 2630 4033 ἄνθρωπος
2661 3954 2798 4026 ὁμοῦ
2830 3952 2925 4007 καὶ
2962 3951 3095 4013 Θεός
3118 3964 3133 3981 ·
3165 3950 3214 4001 εἰ
3242 3947 3299 4001 δὲ
3343 3944 3503 4015 μόνον
3546 3943 3764 4033 ύπῆρχε

2190 4053 2345 4119 Θεὸς,
2401 4031 2592 4123 ἐχρῆν,
2643 4042 3012 4112 Ἀπολινάριε,
3044 4040 3247 4092 εἰπεῖν’
3283 4055 3300 4088 ι
3335 4034 3402 4088 Τί
3442 4051 3509 4104 με
3550 4031 3767 4103 ζητεῖτε

2191 4143 2515 4197 ἀποκτεῖναι
2557 4137 2712 4199 Θεὸν,
2740 4134 2801 4198 ὃς
2823 4133 2922 4205 τὴν
2949 4128 3209 4199 ἀλήθειαν
3245 4127 3372 4195 ὑμῖν
3401 4123 3709 4195 λελάληκα;
3743 4143 3761 4173 ι

2193 4230 2364 4298 Οὗτος
2404 4235 2433 4287 6
2460 4230 2552 4286 τὸν
2582 4229 2870 4285 ἀκάνθινον
2897 4221 3254 4296 περιθέμενος
3284 4218 3547 4287 στέφανον
3567 4232 3581 4246 ο
3615 4210 3769 4274 οὗτος

2191 4330 2221 4382 6
2286 4327 2484 4395 λέγων,
2533 4344 2552 4376 ι
2591 4322 2693 4376 Θεέ
2732 4338 2834 4391 μου
2858 4360 2873 4385 ,
2905 4317 3008 4370 Θεέ
3045 4331 3183 4386 μου,
3223 4312 3307 4365 ἵνα
3336 4310 3389 4362 τί
3441 4325 3509 4379 με
3541 4309 3768 4378 ἐγκατέ-

2192 4419 2377 4485 λιπες;
2426 4435 2444 4468 ι
2497 4410 2651 4478 οὗτος
2709 4415 2737 4466 6
2779 4410 3081 4482 τριήμερον
3133 4401 3388 4472 τελευτὴν
3445 4399 3765 4472 ὑπομείνας.

2192 4506 2492 4579 Προσκυνῶ
2529 4506 2586 4559 δὲ
2620 4505 2717 4558 σὺν
2749 4504 2814 4573 τῇ
2853 4498 3079 4569 Θεότητι
3103 4492 3309 4560 τοῦτον,
3349 4492 3424 4555 ὼς
3477 4490 3580 4560 τῆς
3617 4488 3769 4551 θείας

519 4594 626 4647 mul
663 4608 784 4648 cum
820 4593 1148 4663 Divinitate,
1188 4603 1447 4663 tanquam
1509 4593 1710 4648 divina:
1751 4589 2079 4646 defensorem

2194 4599 2491 4671 συνήγορον
2522 4589 2856 4663 αὑθεντίας.]

519 4686 727 4740 auctori
737 4677 907 4751 tatis.]

593 4865 724 4921 Vide
741 4864 850 4933 jam
891 4881 1076 4922 rursus
1102 4775 1554 4937 ιιιιξιῖιξίιηξοόυω
1589 4866 1785 4936 raptim
1818 4864 2080 4935 decipiat,

2802 4764 3026 4820 ΚΕΦΑΛ
3039 4804 3052 4818 .
3096 4766 3154 4817 l'.

2268 4862 2541 4935 Ἀθρειδή
2575 4877 2666 4931 μοι
2713 4857 2873 4912 πάλιν
2906 4853 3316 4925 συναρπάζοντα
3376 4849 3496 4919 μὲν.
3541 4847 3637 4901 καὶ
3669 4846 3768 4914 τῆς

518 4965 571 5011 et
603 4956 717 5010 suis
742 4956 1085 5012 sermonibus
1131 4958 1375 5011 veritatis
1422 4958 1658 5027 speciem
1709 4958 2079 5027 circumponat

2192 4954 2450 5025 ἀληθείας
2486 4951 2584 5022 τὴν
2632 4950 2913 5020 μόρφωσιν
2959 4947 3072 5007 τοῖς
3117 4941 3312 4996 ἑαυτοῦ
3364 4936 3654 5007 περιθέντα
3681 4936 3771 4987 16—

519 5046 694 5122 [Non,
728 5048 924 5116 inquit,
957 5048 1186 5118 simplex
1218 5047 1379 5102 homo
1401 5057 1483 5101 est
1511 5048 1780 5113 Christus,
1810 5049 1904 5102 sed
1929 5050 2090 5103 homo

520 5140 683 5196 simul
714 5148 768 5192 et
802 5137 987 5210 Deus],
1048 5152 1346 5207 rursusque
1375 5139 1603 5203 dividat,
1645 5148 1702 5192 et
1747 5140 1889 5193 haud
1922 5155 2085 5193 unum

520 5245 643 5285 esse
675 5229 841 5293 dicat,
891 5237 946 5283 et
993 5228 1156 5283 stulte
1187 5229 1330 5298 quod
1378 5242 1408 5280 a
1460 5228 1676 5283 nemine
1729 5230 1800 5282 sit
1854 5231 2086 5297 positum

522 5320 847 5388 accipiat,et
879 5321 1019 5389 quod
1054 5320 1153 5373 sibi
1192 5319 1368 5388 placet
1407 5325 1635 5373 astrnat.
1668 5318 1898 5372 Perinde
1941 5319 2087 5372 enim

526 5426 593 5466 ae
619 5411 666 5466 si
691 5412 959 5482 quispiam
988 5413 1215 5476 diceret,
1244 5413 1441 5466 nudum
1466 5412 1639 5478 ipsum
1669 5411 1898 5465 Verbum
1927 5419 1981 5464 et
2009 5409 2090 5463 ci-

529 5512 610 5555 tra
647 5516 866 5557 carnem
897 5502 951 5556 in
980 5504 1141 5557 terris
1180 5502 1335 5557 nobis
1385 5503 1728 5572 apparuisse,
1771 5501 2090 5556 nobiscum-

529 5607 634 5663 que
658 5594 918 5660 locutum,
950 5594 1031 5649 vel
1062 5594 1242 5648 divina
1275 5594 1429 5663 signa
1475 5591 1709 5646 edidisse
1731 5633 1746 5655 ,
1796 5598 1893 5646 aut
1943 5605 2092 5645 cont-

513 5833 523 5843 .
599 5751 642 5784 ⁸⁵
675 5754 828 5809 .luan.
858 5769 966 5820 vn,
1014 5754 1097 5809 ιι).
1176 5754 1218 5783 ⁵⁸
1259 5752 1448 5806 Matth.
1481 5766 1653 5815 χχιιι,
1688 5750 1774 5819 4.6.

2193 5061 2338 5114 γοις·
2376 5043 2472 5115 [οὐ
2503 5042 2612 5111 γὰρ
2662 5039 2815 5109 ψιλὸς
2867 5035 3152 5107 ἄνθρωπος
3174 5072 3186 5093 ,
3238 5032 3423 5101 φησὶν.
3453 5029 3481 5079 6
3514 5027 3769 5096 Χριστὸς.

2195 5137 2310 5192 ἀλλ’
2340 5134 2625 5206 ἄνθρωπος
2665 5130 2800 5202 ὁμοῦ
2840 5131 2934 5183 καὶ
2983 5125 3160 5198 Θεός·]
3193 5124 3470 5178 διῖστάντα
3508 5120 3568 5173 δὲ
3615 5118 3774 5171 πάλιν

2198 5231 2293 5282 καὶ
2307 5229 2405 5298 οὐχ
2426 5227 2523 5279 ἕνα
2544 5225 2793 5292 λέγοντα,
2816 5221 2911 5274 καὶ
2926 5216 3256 5273 ἀνυπόθετόν
3266 5233 3317 5267 τι
3337 5213 3630 5283 δεχόμενον
3644 5211 3777 5278 ἅμα·

2200 5316 2328 5380 θῶς,
2347 5318 2442 5369 καὶ
2467 5312 2940 5375 κατασκευάζοντα
2960 5308 3018 5363 16
3045 5307 3254 5360 δοκοῦν.
3283 5305 3372 5365 Ὠς
3394 5306 3501 5373 γάρ
3527 5300 3775 5368 λέγοντός

2197 5422 2361 5468 τινος.
2390 5405 2594 5475 γυμνὸν
2622 5404 2714 5456 ἐπὶ
2736 5404 2838 5474 γῆς
2861 5401 2955 5454 καὶ
2985 5399 3105 5469 δίχα
3134 5396 3332 5467 σαρκὸς
3352 5389 3533 5462 ὣφθαί
3556 5410 3617 5445 τε
3648 5393 3776 5461 ἡμῖν

2199 5496 2291 5549 16v
2320 5496 2511 5561 Λόγον.
2552 5494 2647 5548 καὶ
2683 5494 2810 5556 τοὺς
2843 5492 2978 5561 πρὸς
3016 5490 3164 5559 ἡμᾶς
3193 5484 3526 5557 ποιήσασθαι
3559 5483 3776 5551 λόγους.

2201 5588 2366 5658 ἤγουν
2405 5587 2695 5660 ἐνεργῆσαι
2730 5586 2828 5649 τὰς
2857 5580 3217 5652 θεοσημείας,
3271 5578 3439 5648 ἤγουν
3486 5576 3572 5629 ὅτι
3603 5573 3777 5636 κοινὸς
