3926 6126
157 193 225 250 ’92
1295 198 1672 257 ADVERSUS
1710 202 2118 262 NESTORIUM
2159 208 2290 266 LIB.
2335 209 2400 266 ll.
3367 229 3436 286 93

162 309 226 383 ἦν
253 313 565 384 ἄνθρωπος,
611 317 704 369 καὶ
740 316 837 370 οὐκ
883 317 1046 380 αὐτὸς
1071 320 1099 371 ὁ
1147 320 1318 388 Λόγος
1359 322 1546 392 γέγονε
1578 325 1713 396 σάρξ

1820 377 1825 389 _
1858 344 2073 385 munem
2106 334 2379 389 hominem
2402 334 2588 402 fuisse,
2623 352 2726 392 non
2757 338 2931 409 ipsum
2960 341 3192 398 Verbum
3232 346 3430 402 factrum

165 401 258 473 [ού
286 396 470 471 ψιλὸς,
503 404 708 474 φησιν,
759 405 1045 476 ἄνθρωπος
1093 409 1122 460 6
1173 409 1424 480 Χριστὸς,
1465 413 1602 466 ἀλλὰ
1652 417 1745 468 καὶ

160 487 351 560 Θεός.]
401 491 590 561 Ἡμεῖς
615 485 756 554 δὲ,ὧ
787 491 1052 562 βέλτιστε,
1093 496 1260 566 φαίην
1302 496 1365 551 ἂν
1405 499 1599 569 ἔγωγε,
1638 501 1742 554 κᾶν

157 578 406 649 λέγωμεν
432 579 594 634 αὑτὸν
623 580 908 653 ἄνθρωπόν
940 599 1001 636 τε
1032 585 1166 656 ὁμοῦ
1200 587 1293 640 καὶ
1323 587 1474 654 Θεὸν,
1510 591 1610 644 οὐκ
1637 591 1742 646 ἀνὰ

159 668 327 738 μέρος
358 669 598 733 τιθέντες
626 671 696 724 τὰ
723 674 899 727 τοιάδε
931 677 1114 746 φαμέν
1139 694 1152 706 ·
1179 677 1270 730 τὸν
1304 679 1464 733 αὑτὸν
1491 681 1549 734 δὲ
1599 683 1740 753 μᾶλ-

156 758 242 811 λον
287 760 495 825 εἰδότες
530 763 624 815 καὶ
658 764 766 836 πρὸ
821 765 919 834 τῆς
953 767 1419 838 ένανθρωπήσεως
1467 769 1597 826 Υἱὸν
1641 774 1739 827 καὶ

155 850 279 903 Θεὸν
308 851 404 904 καὶ
431 854 602 921 Λόγον
628 854 721 907 τοῦ
759 856 967 926 Πατρός
989 875 1002 887 ·
1029 859 1312 929 ἄνθρωπον
1333 861 1389 913 δὲ
1416 861 1554 931 μετὰ
1575 864 1738 918 τοῦτο

155 943 269 995 καθ’
329 946 476 1015 ἡμᾶς
505 947 766 1014 γεγονότα
791 989 805 1010 ,
843 951 934 1001 καὶ
995 951 1432 1020 σεσαρκωμένον.
1475 953 1532 1007 '0
1565 955 1621 1008 δὲ
1658 957 1738 1009 δι-

156 1035 560 1106 ῖσχυριζόμενος
595 1039 672 1108 μὴ
700 1039 810 1092 δεῖν
839 1041 998 1093 αὑτὸν
1032 1041 1319 1113 ἄνθρωπον
1364 1045 1600 1101 νοεῖσθαι
1642 1049 1733 1118 ψι-

151 1122 250 1190 λὸν,
314 1127 453 1182 ἀλλὰ
485 1129 616 1182 Θεὸν
667 1133 761 1184 καὶ
807 1132 1123 1203 ἄνθρωπον,
1174 1136 1439 1207 ἀπονέμει
1491 1141 1588 1209 μὲν
1641 1123 1731 1195 τὸν

148 1216 431 1270 ἀκάνθινον
457 1218 741 1287 στέφανον,
765 1223 858 1274 καὶ
888 1224 956 1275 τὰ
989 1223 1149 1294 ἕτερα
1174 1225 1278 1277 τῶν
1301 1227 1511 1291 παθῶν,
1547 1229 1729 1294 ίδικῶς

147 1306 416 1378 ἀνθρώπῳ
437 1311 531 1363 καὶ
556 1313 661 1366 ἀνὰ
693 1313 876 1383 μέρος·
912 1320 1237 1385 προσκυνεῖν
1261 1318 1316 1370 δὲ
1350 1319 1604 1389 ὁμολογεῖ
1632 1323 1727 1375 σὺν

142 1403 202 1468 τῇ
227 1399 460 1471 Θεότητι
491 1403 703 1456 τοῦτον·
731 1407 824 1458 καὶ
855 1406 913 1459 τὸ
948 1407 1026 1458 ἔτι
1061 1407 1502 1480 δυσσεϐέστερον,
1525 1412 1598 1475 ὼς
1627 1413 1726 1466 οὐκ

140 1491 262 1544 ὅντα
304 1492 408 1563 μὲν
443 1495 585 1548 κατὰ
609 1495 670 1549 τὸ
696 1498 840 1560 εἰκὸς
867 1499 996 1551 Θεὸν
1027 1499 1239 1570 ἀληθῶς
1271 1502 1365 1555 καὶ
1397 1503 1523 1556 Υἱόν
1543 1520 1556 1534 ο
1603 1522 1726 1558 συν-

140 1584 344 1653 ήγορον
375 1583 432 1636 δὲ
476 1588 737 1655 γεγονότα
771 1589 867 1659 τῆς
900 1589 1186 1654 αὑθεντὶας
1232 1591 1325 1644 τοῦ
1355 1594 1560 1662 Λόγου.
1599 1595 1723 1648 Ὅτι

1846 438 1965 478 esse
1991 439 2208 480 carnem
2239 445 2252 482 :
2281 426 2444 498 [Non],
2478 429 2676 500 inquit,
2719 430 2948 500 simplex
2972 441 3054 488 est
3088 436 3249 489 homo
3313 438 3432 505 ipse

1845 513 2118 580 Christus,
2173 532 2362 571 verum
2397 519 2562 573 etiam
2598 519 2786 593 Deus.]
2833 521 2938 575 Sed
2977 533 3034 576 ut
3081 524 3211 578 mihi
3247 527 3432 580 dicere

1845 605 2027 673 liceat,
2066 623 2186 673 nos,
2217 625 2249 663 ο
2285 610 2368 663 vir
2418 612 2645 680 optime,
2682 615 2930 682 quamvis
2981 614 3130 669 illum
3181 616 3432 671 dicamus

1843 697 2118 752 hominem
2142 700 2303 754 simul
2321 711 2375 754 ct
2408 703 2598 770 Deum,
2628 721 2730 757 non
2753 705 2865 759 haec
2888 706 3116 759 scorsim
3135 705 3429 762 dividendo

1841 787 2096 853 dicimus,
2126 791 2220 845 sed
2255 793 2432 860 potius
2474 796 2727 850 eumdem
2777 797 3015 852 scientes
3058 798 3224 852 etiam
3273 809 3430 853 ante-

1840 892 2001 945 quam
2039 889 2185 934 esset
2211 881 2372 936 homo
2427 883 2624 949 factus,
2653 895 2707 939 et
2762 885 2988 952 Filium,
3044 896 3100 942 et
3144 888 3336 952 Deum,
3373 896 3428 944 et

1840 970 2080 1024 Verbum
2119 970 2324 1038 Patris,
2360 975 2637 1031 hominem
2670 992 2798 1032 vero
2834 988 3018 1048 postea
3067 979 3240 1034 nostri
3273 981 3426 1035 simi-

1837 1061 1939 1115 lem
1963 1061 2166 1117 factum
2212 1076 2266 1119 et
2283 1067 2644 1122 incarnatum.
2674 1067 2764 1124 Ille
2784 1058 2908 1124 vero
2925 1086 3047 1126 cum
3065 1070 3294 1126 afﬁrmet
3319 1088 3427 1128 non

1836 1167 1957 1207 esse
1988 1154 2134 1208 illum
2159 1157 2362 1210 nudum
2391 1148 3120 1230 hominemintelligendum,
3138 1163 3231 1218 sed
3256 1145 3423 1220 Deum

1833 1251 1887 1296 et
1935 1243 2235 1311 hominem,
2269 1248 2510 1315 spineam
2557 1250 2776 1317 quidem
2827 1266 3084 1305 coronam
3116 1261 3170 1306 et
3194 1263 3422 1310 cmteras

1833 1335 2116 1402 passiones
2157 1337 2375 1406 proprie
2395 1353 2459 1393 ac
2489 1341 2717 1393 seorsim
2742 1341 2948 1396 homini
2974 1341 3183 1408 tribuit,
3230 1352 3286 1397 et
3325 1345 3423 1399 ad.

1830 1441 1988 1479 orare
2013 1442 2073 1481 se
2099 1431 2241 1483 hunc
2268 1429 2426 1483 simul
2467 1445 2589 1486 cum
2623 1431 2916 1488 Divinitate
2947 1433 3172 1500 fatetur,
3191 1443 3246 1490 et
3274 1435 3418 1505 quod

1829 1517 1934 1589 53
1970 1521 2139 1590 magis
2172 1522 2396 1592 impium
2427 1524 2514 1590 sit,
2547 1533 2806 1594 tanquam
2835 1541 2942 1580 non
2972 1528 3061 1592 sit,
3095 1537 3152 1581 ut
3179 1539 3261 1583 est
3285 1544 3418 1584 con-

1827 1623 2178 1678 sentaneum,
2229 1628 2354 1668 vere
2398 1614 2543 1671 Deus
2591 1631 2656 1671 ac
2684 1615 2886 1682 Filius,
2932 1618 3024 1672 sed
3075 1619 3418 1675 auctoritatis

136 1675 244 1743 γὰρ
285 1675 560 1748 διΐστησιν
605 1681 870 1750 ἐναργῶς,
907 1689 1160 1753 σαφηνιεί
1203 1686 1363 1739 πάλιν
1393 1688 1454 1740 τὸ
1510 1691 1607 1743 σὺν
1656 1695 1716 1763 τῇ

1826 1703 1990 1758 Verbi
2025 1713 2286 1760 assertor.
2321 1705 2456 1759 Nam
2495 1711 2640 1776 quod
2675 1708 2956 1764 evidenter
2991 1709 3311 1780 distinguat,
3347 1725 3418 1765 ex

136 1764 368 1834 Θεότητι
394 1769 814 1837 προσκυνεῖσθαι
848 1771 958 1824 δεῖν
989 1775 1154 1827 αὐτὸν
1177 1775 1477 1844 ὁμολογεῖν.
1512 1779 1586 1831 Τὸ
1612 1781 1722 1848 γὰρ

134 1857 305 1928 ἑτέρῳ
338 1863 949 1934 συμπροσκυνούμενον,
985 1866 1170 1937 ἔτερόν
1204 1885 1302 1921 που
1338 1869 1554 1934 πάντως
1604 1873 1722 1926 ἐστὶ

133 1948 260 2018 παρ’
290 1949 471 2002 έκεῖνο
506 1951 624 2020 μεθ’
659 1947 719 2006 οὗ
770 1957 1200 2026 προσκυνεῖσθαι
1245 1957 1480 2026 λέγεται.
1524 1962 1722 2032 Ἡμεῖς

129 2036 203 2098 δὲ,
250 2041 356 2110 μιᾷ
404 2043 776 2114 προσκυνήσει
821 2047 986 2115 τιμᾷν
1033 2047 1320 2118 εἰθίσμεθα
1359 2051 1450 2104 τὸν
1509 2053 1720 2124 Ἐμμα-

129 2128 312 2200 νουήλ,
337 2130 398 2197 ού
435 2130 738 2198 διῖστάντες
773 2135 867 2189 τοῦ
899 2137 1076 2206 Λόγου
1104 2139 1163 2190 τὸ
1193 2141 1389 2194 ένωθὲν
1420 2144 1568 2214 αὐτῷ
1599 2146 1719 2198 καθ’

130 2221 434 2276 ὑπόστασιν
462 2223 643 2295 σῶμα.
682 2226 746 2278 Τί
776 2227 821 2279 δ’
856 2229 922 2282 ἂν
948 2232 1138 2293 νοοῖτο,
1171 2232 1228 2284 τὸ
1258 2233 1354 2302 τῆς
1387 2233 1536 2298 θείας
1559 2239 1721 2308 συνή-

128 2329 287 2386 γορον
342 2314 652 2381 αὑθεντίας,
707 2319 1018 2388 βασανίζειν
1067 2323 1252 2388 ἄξιον·
1301 2323 1410 2396 ἄρα
1464 2329 1571 2400 γὰρ
1626 2333 1720 2384 καὶ

127 2405 290 2468 αὐτὸς
327 2407 355 2458 6
384 2406 588 2478 Κύριος
624 2411 781 2482 ἡμῶν
822 2413 1028 2484 Ἰησοῦς
1057 2417 1310 2486 Χριστὸς.
1339 2420 1460 2472 καθ’
1486 2422 1580 2474 ἕνα
1608 2422 1719 2474 τῶν

124 2497 302 2567 ἁγίων
380 2499 694 2557 ἀποστόλων
772 2507 867 2558 καὶ
932 2508 1334 2576 εὐαγγελιιετῶν
1404 2512 1588 2582 ἕτερον
1641 2513 1720 2584 τῷ

126 2591 320 2662 κόσμῳ
348 2593 639 2665 διεκήρυξε
671 2598 922 2668 Χριστὸν,
956 2601 1122 2669 ἤγουν
1172 2603 1299 2656 Υἰὸν
1347 2606 1442 2656 καὶ
1487 2607 1716 2677 Κύριον,

123 2686 193 2750 ὡς
231 2687 391 2741 θείαν
446 2688 640 2758 ἔχοντα
682 2691 780 2755 τὴν
827 2693 910 2761 ἐφ’
956 2693 1158 2746 ἅπασιν
1197 2695 1504 2765 αύθεντὶαν,
1551 2700 1718 2770 ἤγουν

125 2777 403 2845 ἐξουσίαν,
440 2779 805 2850 συνηγόρευσε
837 2782 892 2834 δὲ
923 2784 1017 2836 καὶ
1046 2785 1207 2848 αὐτὸς
1236 2790 1300 2857 τῇ
1339 2787 1524 2859 ἐτέρου
1555 2790 1714 2863 δόξῃ;

125 2871 316 2924 Καίτοι
348 2871 462 2924 τῶν
493 2871 772 2944 θεηγόρων
817 2875 844 2926 6
892 2876 1070 2946 χορὸς,
1124 2879 1326 2950 Ἰησοῦν
1358 2883 1592 2952 Χριστὸν
1626 2887 1716 2938 τὸν

124 2962 183 3013 ἐκ
212 2963 716 3036 σπέρματοςΔαὸὶδ
744 2969 884 3021 κατὰ
914 2971 1092 3040 σάρκα
1115 2971 1189 3040 τῷ
1215 2975 1404 3042 κόσμῳ
1420 2975 1714 3047 διακηρύτ-

123 3069 304 3108 τουσιο
345 3059 441 3110 xai
468 3057 565 3127 τῆς
615 3059 850 3124 πίστεως
892 3063 1048 3132 ὴμῶν
1093 3067 1120 3116 ὁ
1158 3067 1355 3134 τρόπος
1389 3067 1475 3120 διὰ
1505 3070 1604 3138 τῆς
1632 3072 1712 3136 είς

123 3147 278 3200 αὑτὸν
321 3148 618 3218 ὁμολογίας
649 3149 869 3222 ἔρχεται
890 3170 902 3182 °
934 3153 1291 3226 δικαιούμεθα
1334 3158 1390 3212 δὲ
1424 3163 1712 3216 πιστεύον-

123 3252 227 3299 τες,
263 3237 365 3307 οὐχ
414 3241 490 3300 ὼς
531 3239 625 3292 ἕνα
663 3241 770 3292 τῶν
807 3242 929 3296 καθ’
975 3246 1120 3314 ἡμᾶς
1163 3247 1449 3318 ἄνθρωπον
1499 3252 1710 3318 ἁπλῶς,

123 3326 232 3379 ἀλλ’
264 3330 347 3392 εἰς
387 3331 482 3383 τὸν
531 3331 688 3398 φύσει
730 3350 791 3385 τε
824 3335 919 3387 καὶ
965 3335 1180 3406 ἀληθῶς
1218 3339 1349 3393 ὄντα
1391 3343 1544 3398 Θεόν.
1600 3347 1713 3400 Καὶ

122 3416 244 3482 γοῦν
280 3418 421 3472 ἄθεα
452 3419 554 3489 μὲν
586 3421 655 3474 τὰ
697 3422 824 3494 ἔθνη
857 3424 1126 3479 διετέλουν
1165 3430 1310 3482 κατὰ
1351 3431 1443 3484 τὸν
1482 3434 1710 3504 κόσμον,

122 3509 355 3582 Χριστὸν
402 3513 504 3565 οὐκ
554 3515 736 3569 εἰδότα
784 3517 936 3583 ποτὲ,
992 3519 1136 3574 καθά
1167 3539 1331 3592 φησιν
1371 3527 1399 3578 ὁ
1441 3526 1712 3598 μακάριος

118 3602 332 3666 Παῦλος
357 3619 372 3636 ο
411 3605 601 3676 ἐπειδὴ
644 3607 700 3660 δὲ
735 3608 1060 3676 ἐγνώκασιν,
1117 3613 1178 3664 οὐ
1225 3616 1598 3685 μεμενήκασιν
1653 3620 1712 3670 ὲν

118 3699 312 3771 ἀγνοίᾳ
341 3700 438 3756 τοῦ
461 3703 603 3756 κατὰ
630 3703 793 3773 φύσιν
817 3705 968 3770 ὄντος
991 3707 1147 3761 Θεοῦ.
1176 3711 1386 3764 Οὐκοῦν
1412 3712 1713 3768 διδασκέτω

115 3795 179 3864 τῇ
209 3793 366 3856 τινος
400 3794 524 3865 δόξῃ
555 3797 650 3849 καὶ
675 3797 934 3868 αὑθεντίᾳ
967 3801 1367 3872 συνηγόρευσεν
1396 3806 1424 3857 6
1450 3805 1710 3875 Χριστὸς,

115 3886 300 3939 καίτοι
347 3885 458 3939 τῶν
486 3890 821 3956 προσιόντων
853 3892 1004 3962 αὐτῷ
1051 3894 1152 3964 τὴν
1182 3895 1366 3948 πίστιν
1407 3897 1494 3964 ἐφ’
1530 3898 1711 3970 ἐαυτῷ

117 3976 216 4047 μὲν
257 3975 437 4030 αἰτῶν
457 3994 473 4009 ο
502 3979 775 4044 ἀνατιθεὶς
794 3982 851 4034 δὲ
888 3984 1094 4054 ταύτην
1119 3988 1174 4037 ὲν
1203 3986 1352 4056 αὐτῷ
1377 3985 1486 4058 [ἷσ.
1513 3989 1708 4062 ἐαυτῷ]

113 4066 186 4136 τῷ
213 4065 419 4136 Πατρί.
453 4068 565 4120 Καὶ
597 4069 728 4136 γοῦν
761 4070 911 4140 ἔλεγε
940 4089 954 4102 ’
993 4091 1008 4124 ι
1034 4075 1327 4129 Πιστεύετε
1357 4079 1436 4141 είς
1476 4080 1593 4149 ἐμὲ,
1617 4083 1710 4135 καὶ

113 4160 190 4220 εἰς
218 4159 314 4211 τὸν
347 4158 481 4212 Θεὸν
509 4160 850 4214 πιστεύετε-ι
875 4165 968 4217 καὶ
997 4166 1178 4220 πάλιν·
1209 4187 1225 4219 ι
1248 4169 1306 4222 Ὀ
1336 4171 1601 4227 πιστεύων
1627 4176 1710 4239 είς

113 4250 235 4320 ἐμὲ,
267 4251 330 4303 οὐ
365 4252 613 4306 πιστεύει
643 4255 725 4318 εἰς
757 4256 879 4326 ἐμὲ,
910 4257 1027 4311 ἀλλ’
1055 4260 1135 4323 εἰς
1161 4262 1250 4314 τὸν
1279 4263 1569 4334 πέμψαντά
1599 4284 1668 4337 με
1688 4285 1702 4300 ο

1828 1809 1892 1848 ευ
1955 1812 2142 1851 rursus
2176 1798 2522 1866 perspicuum
2579 1798 2692 1863 iiet,
2745 1800 2888 1868 quod
2946 1815 3070 1854 cum
3127 1799 3418 1858 Divinitate

1827 1886 2001 1955 ipsum
2026 1903 2146 1942 esse
2169 1887 2502 1942 adorandum
2529 1891 2821 1943 conlitetur
2860 1911 2872 1946 :
2915 1890 3058 1960 quod
3103 1890 3249 1944 enim
3290 1907 3414 1946 cum

1825 1975 1997 2029 altero
2039 1977 2320 2042 adoratur,
2362 1981 2636 2034 diversum
2681 1992 2764 2037 est
2810 1999 3030 2052 prorsus
3073 1983 3140 2038 ab
3181 1997 3246 2037 eo
3289 2000 3414 2040 cum

1823 2081 1930 2134 quo
1974 2069 2192 2123 adorari
2239 2070 2576 2138 perhibetur.
2619 2069 2726 2127 Nos
2773 2089 2902 2128 vero
2947 2090 3050 2129 una
3093 2076 3414 2132 adoratione

1823 2159 2093 2214 honorare
2119 2163 2500 2218 consuevimus
2525 2163 2956 2231 Emmanuciem,
2979 2183 3082 2221 non
3110 2168 3411 2224 dividentes

1822 2268 1850 2304 ιι
1878 2252 2058 2308 Verbo
2093 2268 2290 2324 corpus
2327 2256 2426 2325 ipsi
2463 2257 2760 2311 secundum
2801 2259 3135 2327 hypostasim
3173 2263 3408 2320 unitum.

1822 2342 1958 2410 Quid
1999 2354 2180 2400 autem
2216 2347 2525 2417 significent
2569 2349 2660 2402 illa
2699 2352 2896 2416 verba,
2938 2352 3133 2408 divina;
3171 2364 3412 2408 asserto-

1821 2449 1934 2487 rem
1957 2438 2318 2500 auctoritatis,
2343 2439 2764 2492 examinandum
2789 2451 2890 2494 est.
2918 2441 3052 2496 Num
3076 2445 3218 2499 enim
3242 2445 3406 2499 etiam

1821 2524 1933 2592 ipse
1970 2525 2230 2582 Dominus
2266 2538 2450 2584 noster
2478 2527 2635 2584 Jesus
2666 2529 2917 2588 Clii‘lalllS
2953 2543 3010 2587 ut
3043 2552 3182 2590 unus
3214 2552 3242 2590 e
3277 2552 3406 2591 san-

1818 2617 1922 2670 ctis
1955 2619 2213 2685 apostolis
2242 2628 2296 2674 et
2324 2623 2696 2692 evangelistis,
2725 2625 2888 2678 alium
2919 2628 3118 2682 mundo
3149 2631 3404 2698 praedica-

1818 2710 1892 2762 vit
1923 2708 2227 2778 Christum,
2263 2713 2344 2767 vel
2383 2711 2606 2780 Filium,
2642 2717 2723 2769 vel
2765 2719 3071 2786 Dominum,
3109 2730 3164 2774 ut
3200 2721 3407 2776 haben-

1819 2812 1923 2856 tem
1949 2806 2014 2858 ad
2039 2806 2219 2859 omnia
2246 2806 2483 2861 divinam
2510 2809 2889 2864 auctoritatem
2916 2811 3029 2865 sive
3057 2822 3402 2882 potestatem,

1816 2905 1870 2950 et
1900 2895 2014 2965 ipse
2042 2895 2266 2951 alterius
2299 2897 2527 2967 gloriam
2561 2899 2835 2953 asseruit?
2866 2900 3027 2967 Atqui
3063 2901 3261 2955 chorus
3292 2903 3404 2971 ipse

1741 3026 1783 3083 Ο
1821 2987 1911 3042 Dei
1946 2988 2359 3057 praedicatorum
2389 2987 2571 3044 Jesum
2601 2989 2880 3044 Christum
2915 2989 3064 3043 illum
3097 3006 3162 3044 ex
3195 2993 3406 3046 semine

1819 3079 1986 3134 David
2015 3080 2310 3135 secundum
2341 3095 2561 3135 carnem
2594 3082 2872 3149 praedicat,
2905 3089 2958 3134 et
2994 3081 3106 3150 ipsa
3145 3079 3268 3134 lidei
3302 3097 3401 3134 no-

1817 3183 1944 3227 διε-αι
1975 3173 2115 3226 ratio
2144 3189 2241 3243 per
2269 3172 2670 3228 confessionem
2701 3173 2751 3227 in
2783 3189 2905 3228 eum
2942 3173 3140 3227 factam
3176 3175 3350 3243 pergit
3381 3189 3398 3228 :

1809 3265 2282 3336 justiticamurque
2309 3279 2374 3320 eo
2404 3265 2521 3332 ipso
2549 3265 2690 3334 qnod
2720 3266 2991 3321 credimus
3021 3282 3124 3321 non
3155 3276 3211 3320 ut
3236 3282 3400 3321 unum

1816 3375 1846 3414 e
1887 3359 2040 3413 nobis
2083 3359 2353 3414 hominem
2394 3359 2718 3428 simplicem,
2757 3360 2851 3413 scd
2894 3358 2947 3412 in
2991 3359 3165 3428 ipsum
3208 3369 3402 3416 natura

1816 3467 2049 3522 vereque
2079 3453 2269 3506 Deum.
2303 3452 2485 3520 itaque
2516 3453 2636 3508 sine
2670 3454 2775 3507 Deo
2806 3461 2995 3523 gentes
3024 3460 3182 3507 erant
3213 3452 3265 3505 in
3296 3451 3402 3508 hoc

1815 3544 2036 3607 mundo,
2069 3541 2346 3596 Christum
2381 3543 2694 3612 ignorantes
2730 3543 3045 3613 aliquando,
3078 3553 3135 3597 nt
3169 3545 3243 3598 ait
3277 3545 3400 3598 bea-

1817 3644 1902 3687 tus
1935 3633 2133 3688 Paulus
2157 3633 2201 3664 "
2234 3652 2248 3688 :
2283 3634 2371 3688 ubi
2404 3650 2529 3689 vero
2564 3633 2714 3687 illum
2747 3644 3105 3705 agnoverunt,
3136 3651 3241 3689 non
3274 3650 3400 3705 per-

1815 3734 2130 3779 manserunt
2179 3724 2350 3793 ignari
2395 3725 2509 3792 ejus
2551 3725 2639 3794 qui
2687 3729 2982 3781 secundum
3025 3738 3273 3781 naturam
3314 3736 3400 3781 est

1814 3816 1974 3870 Deus.
2009 3815 2172 3886 Igitur
2204 3817 2396 3870 doceat
2433 3816 2584 3884 cujus
2624 3815 2808 3884 gloria:
2850 3825 2905 3870 et
2947 3819 3259 3871 auctoritati
3305 3833 3400 3887 pa-

1816 3909 2114 3962 trocinalus
2143 3910 2211 3961 sit
2238 3907 2490 3962 Christus
2518 3927 2531 3962 :
2561 3910 2771 3963 tametsi
2800 3909 2868 3962 ab
2901 3909 3212 3962 hominibus
3241 3911 3306 3962 ad
3337 3925 3397 3964 se

1813 3998 2192 4051 accedentibus
2221 3999 2375 4049 {idem
2407 3997 2460 4050 in
2493 3998 2732 4065 seipsum
2760 3997 2960 4067 exigat,
2989 4008 3044 4052 et
3071 4014 3188 4051 eam
3222 4000 3394 4064 ipsam

1813 4088 1864 4143 in
1896 4104 1955 4142 se
1989 4089 2086 4157 ipsi
2121 4088 2266 4142 Patri
2299 4090 2590 4150 attribuat,
2624 4089 2803 4157 itaque
2832 4089 3044 4143 dicebat
3074 4103 3089 4141 :
3125 4107 3143 4140 ‹
3177 4089 3392 4143 Credite

1812 4179 1864 4234 in
1902 4197 2009 4247 me,
2042 4190 2096 4235 et
2129 4181 2184 4234 in
2225 4181 2403 4240 Deum
2431 4180 2638 4235 credite
2666 4179 2748 4245 ⁴⁸;
2791 4200 2810 4232 ι
2850 4191 2903 4235 et
2942 4183 3133 4235 iterum
3175 4199 3188 4234 :
3232 4199 3251 4232 ι
3291 4181 3393 4248 Qui

1811 4274 1985 4328 credit
2015 4275 2067 4327 in
2101 4290 2205 4339 me,
2240 4289 2344 4327 non
2376 4277 2548 4330 credit
2579 4277 2633 4330 in
2666 4291 2773 4342 me,
2802 4275 2896 4330 sed
2931 4274 2982 4327 in
3015 4289 3136 4327 eum
3171 4275 3259 4343 qui
3294 4275 3394 4328 mi-

114 4342 202 4394 καὶ
223 4343 253 4394 6
280 4343 503 4413 θεωρῶν
531 4346 654 4416 ἐμὲ,
691 4347 890 4420 θεωρεῖ
914 4350 1006 4403 τὸν
1039 4353 1330 4423 πέμψαντά
1359 4373 1449 4426 με.
1488 4377 1507 4408 ι
1557 4359 1696 4413 Ἀλλ’

1820 4367 1876 4420 sit
1922 4382 2007 4421 me
2027 4365 2093 4420 ⁸³.
2147 4386 2164 4418 ι
2213 4365 2317 4422 Sed
2363 4369 2595 4424 fortasse
2641 4370 2741 4423 hoc
2779 4369 3004 4423 verbum
3052 4371 3392 4438 συνηγορεῖν,

115 4433 240 4497 ἴσως
267 4434 333 4487 τὸ
367 4441 684 4509 συνηγορεῖν
719 4441 861 4494 κατά
899 4442 958 4495 τὸ
990 4443 1137 4515 αὐτῷ
1163 4446 1374 4510 δοκοῦν,
1424 4449 1564 4520 τάχα
1594 4468 1700 4503 που

115 4524 490 4597 ὑπεμφήνειεν
526 4530 592 4582 ἂν
653 4530 714 4582 τὸ
760 4535 1037 4604 ἱσηγορεῖν
1062 4553 1074 4566 ο
1112 4538 1308 4608 ἐφίημι
1355 4541 1487 4612 γὰρ,
1527 4543 1706 4596 καίτοι

115 4617 208 4686 τῆς
238 4616 445 4682 λέξεως
507 4619 699 4692 ἑτέραν
729 4624 955 4696 ἐχούσης
989 4627 1088 4698 τὴν
1119 4628 1372 4700 δήλωσιν.
1404 4630 1538 4686 Εἶτα
1585 4635 1705 4698 πῶς

121 4711 498 4781 ἰσηγορήσειεν
553 4711 618 4766 ἂν
664 4713 946 4787 ἄνθρωπος
980 4719 1099 4790 Θεῷ
1144 4722 1285 4774 κατὰ
1325 4723 1410 4787 σὲ,
1458 4725 1552 4778 καὶ
1606 4727 1705 4790 τὰς

120 4802 175 4854 ὲκ
213 4802 322 4856 τῶν
388 4802 656 4858 Ἰουδαίων
705 4811 992 4880 παροινίας
1038 4812 1368 4882 διενεγκών;
1405 4817 1543 4887 Φέρε
1591 4818 1700 4889 γὰρ

120 4893 200 4944 τὸν
222 4895 476 4966 ἑκατέρῳ
503 4897 783 4969 πρέποντα
807 4903 1247 4974 καταθρήσωμεν
1275 4905 1454 4974 λόγον.
1491 4910 1698 4979 Πρέποι

121 4983 156 5035 δ’
183 4987 244 5038 ἂν
277 4990 456 5040 εἰπεῖν
494 4989 573 5058 τῷ
619 5008 679 5058 γε
709 4991 821 5045 ὄντι
859 4994 978 5063 Θεῴ
1014 4997 1157 5049 κατὰ
1199 4997 1394 5066 φύσιν’
1431 5000 1566 5069 Εἰμὶ
1599 5003 1696 5070 μὲν

123 5078 359 5147 ἀόρατος,
399 5081 635 5152 ἀναφὴς,
659 5084 875 5136 καὶτοῦ
912 5086 1105 5139 παθεῖν
1133 5089 1427 5161 ἁνώτερος,
1467 5093 1559 5143 καὶ
1589 5093 1697 5168 μὴν

125 5173 204 5223 καὶ
231 5174 542 5245 ἀσώματος,
570 5175 684 5247 ζωὴ
714 5179 808 5230 καὶ
833 5178 1114 5244 ζωοποιὸς,
1151 5181 1243 5234 καὶ
1269 5182 1456 5234 ἐπάνω
1481 5182 1696 5235 πάντων

124 5263 188 5324 ὡς
223 5266 370 5330 Θεός.
421 5269 483 5320 Ὀ
518 5267 575 5321 δὲ
600 5271 700 5338 τὴν
745 5270 880 5323 ἰδίαν
926 5273 1078 5340 ἡμῖν,
1123 5274 1268 5336 ὅπως
1292 5274 1356 5325 ἂν
1386 5274 1496 5342 ἔχοι
1538 5275 1698 5343 φύσιν

127 5355 496 5428 ἐξηγούμενος,
533 5359 636 5431 ἔφη
688 5361 754 5414 ἂν
804 5362 1066 5424 εἰκότως⁸
1133 5363 1357 5432 Ὀρατὸς
1406 5369 1553 5434 εἰμι,
1607 5368 1699 5418 καὶ

127 5447 274 5511 ἁπτός
295 5468 306 5480 ·
351 5452 618 5522 παθητὸς,
650 5454 742 5505 καὶ
766 5454 868 5506 ὑπὸ
892 5455 1117 5524 φθορὰν,
1148 5456 1237 5507 καὶ
1276 5455 1378 5507 ὑπὸ
1405 5457 1541 5526 Θεῷ,
1573 5455 1698 5527 Ἆρ’

197 5628 441 5702 “Ephes.
479 5647 537 5699 Il,
591 5631 673 5687 12.
756 5635 796 5665 ³⁸
833 5634 988 5690 Joau.
1032 5651 1138 5701 ιιιν,
1183 5635 1224 5687 ι.

1307 5636 1346 5666 λδ
1377 5633 1530 5691 Juan.
1572 5652 1666 5698 xu,
1703 5635 1787 5690 44.

1811 4459 1952 4524 quod
1999 4460 2327 4527 patrocinari
2379 4460 2657 4525 diximus,
2705 4461 3012 4514 subindicat
3062 4459 3200 4512 idem
3252 4461 3389 4527 quoi

1815 4549 2116 4621 ἰσηγορεῖν,
2156 4552 2257 4606 hoc
2296 4563 2414 4615 est,
2451 4568 2514 4606 ex
2558 4568 2713 4618 atquo
2753 4552 3050 4620 prwdicare
3087 4566 3100 4602 :
3143 4550 3390 4618 permitti

1808 4641 1974 4705 enim,
1999 4643 2244 4710 quamvis
2277 4643 2391 4696 hazc
2423 4644 2589 4696 dictio
2617 4643 2779 4694 aliam
2813 4643 3009 4696 habeat
3038 4639 3387 4710 signiﬁcatio-

1809 4747 1950 4784 nem.
1981 4731 2144 4799 Atqui
2178 4733 2448 4797 quomodo
2480 4747 2546 4785 ex
2577 4745 2730 4798 aequo
2759 4729 2826 4784 de
2857 4745 2913 4785 se
2946 4730 3199 4800 loquatur
3227 4729 3389 4784 homo

1806 4824 2034 4892 perinde
2063 4838 2126 4877 ac
2155 4821 2321 4888 Deus,
2351 4833 2407 4877 ut
2437 4831 2492 4877 tu
2524 4832 2702 4891 putas,
2729 4832 2782 4877 et
2810 4824 2900 4893 qui
2929 4841 2956 4878 a
2984 4823 3182 4879 Judaeis
3213 4825 3386 4878 illatas

1806 4913 2164 4967 contumelias
2197 4914 2450 4982 pertulit?
2479 4915 2588 4983 Age
2622 4911 2790 4978 enim,
2826 4931 3132 4970 sermonem
3167 4916 3385 4984 utrique

1805 5005 2213 5061 conveniemem
2258 5006 2661 5061 consideremus
2704 5026 2716 5061 :
2762 5024 2885 5062 nam
2921 5024 3048 5063 vero
3087 5010 3382 5063 secundum

1805 5106 2052 5149 naturam
2087 5097 2196 5151 Deo
2227 5099 2478 5156 convenit
2507 5101 2687 5154 dicere
2723 5119 2734 5152 :
2766 5099 2881 5170 Ego
2910 5117 3026 5155 sum
3063 5099 3380 5164 invisibilis,

1806 5188 2186 5254 intractabilis,
2222 5192 2594 5260 impassihilis,
2627 5195 3000 5261 incorporeus,
3031 5194 3155 5248 item
3191 5190 3294 5242 vita
3328 5199 3381 5242 et

1805 5280 2129 5345 viviticator,
2155 5291 2209 5335 et
2237 5298 2396 5350 supra
2427 5284 2608 5338 omnia
2640 5294 2896 5350 tanquam
2928 5283 3068 5336 Deus
3098 5301 3110 5338 :
3141 5282 3226 5336 hic
3254 5298 3382 5337 vero

1808 5370 1853 5424 si
1885 5385 1980 5424 sua
2013 5373 2170 5427 nobis
2201 5383 2394 5428 natura
2425 5385 2480 5428 ut
2509 5375 2707 5430 habeat
2736 5384 2994 5441 exponat,
3024 5376 3165 5430 dicet
3195 5376 3380 5445 utique

1809 5471 1865 5514 ut
1897 5475 1993 5529 par
2022 5470 2102 5516 cst
2138 5478 2149 5517 :
2183 5461 2419 5518 Visib‘lis
2450 5479 2599 5530 sum,
2635 5475 2686 5519 ct
2715 5464 3048 5531 tractabilis,
3080 5453 3391 5537 passibilis,
