  <div class='ocr_page' id='page_1' title='image "/cluster/home/n/w/nwhite01/storage/ocr_20150623/76/mdp.39015013094878/057.png"; bbox 0 0 3926 6126; ppageno 0'>
   <div class='ocr_carea' id='block_1_1' title="bbox 479 241 2768 311">
    <p class='ocr_par' dir='ltr' id='par_1_1' title="bbox 479 241 2768 311">
     <span class='ocr_line' id='line_1_1' title="bbox 479 241 2768 311; baseline 0.008 -27"><span class='ocrx_word' id='word_1_1' title='bbox 479 255 548 311; x_wconf 71' lang='lat'><strong>99</strong></span> <span class='ocrx_word' id='word_1_2' title='bbox 1532 249 1587 303; x_wconf 85' lang='lat' dir='ltr'><strong>s.</strong></span> <span class='ocrx_word' id='word_1_3' title='bbox 1631 241 1906 303; x_wconf 76' lang='lat' dir='ltr'><strong>cvmm</strong></span> <span class='ocrx_word' id='word_1_4' title='bbox 1945 241 2412 298; x_wconf 69' lang='lat' dir='ltr'><strong>ALEXANDRINI</strong></span> <span class='ocrx_word' id='word_1_5' title='bbox 2453 242 2768 302; x_wconf 79' lang='lat' dir='ltr'><strong>ARCIIIEP.</strong></span> 
     </span>
    </p>
   </div>
   <div class='ocr_carea' id='block_1_2' title="bbox 3651 259 3748 311">
    <p class='ocr_par' dir='ltr' id='par_1_2' title="bbox 3651 259 3748 311">
     <span class='ocr_line' id='line_1_2' title="bbox 3651 259 3748 311; baseline 0.01 -1"><span class='ocrx_word' id='word_1_6' title='bbox 3651 259 3748 311; x_wconf 74' lang='grc'><strong>100</strong></span> 
     </span>
    </p>
   </div>
   <div class='ocr_carea' id='block_1_3' title="bbox 481 356 2027 444">
    <p class='ocr_par' dir='ltr' id='par_1_3' title="bbox 481 365 2022 444">
     <span class='ocr_line' id='line_1_3' title="bbox 481 365 2022 444; baseline -0.005 -21"><span class='ocrx_word' id='word_1_7' title='bbox 481 376 536 423; x_wconf 89' lang='lat' dir='ltr'><strong>et</strong></span> <span class='ocrx_word' id='word_1_8' title='bbox 570 366 904 438; x_wconf 83' lang='lat' dir='ltr'><strong>corruptioni</strong></span> <span class='ocrx_word' id='word_1_9' title='bbox 945 367 1251 438; x_wconf 79' lang='lat' dir='ltr'><strong>subjectus,</strong></span> <span class='ocrx_word' id='word_1_10' title='bbox 1289 381 1355 444; x_wconf 27' lang='lat' dir='ltr'><strong>ac.</strong></span> <span class='ocrx_word' id='word_1_11' title='bbox 1386 368 1485 421; x_wconf 81' lang='lat' dir='ltr'><strong>sub</strong></span> <span class='ocrx_word' id='word_1_12' title='bbox 1524 367 1630 420; x_wconf 89' lang='lat' dir='ltr'><strong>Deo</strong></span> <span class='ocrx_word' id='word_1_13' title='bbox 1669 384 1683 420; x_wconf 90' lang='lat'><strong>:</strong></span> <span class='ocrx_word' id='word_1_14' title='bbox 1722 381 1845 419; x_wconf 92' lang='lat' dir='ltr'><strong>num</strong></span> <span class='ocrx_word' id='word_1_15' title='bbox 1890 365 2022 435; x_wconf 81' lang='lat' dir='ltr'><strong>igitu</strong></span> 
     </span>
    </p>
   </div>
   <div class='ocr_carea' id='block_1_4' title="bbox 2137 356 3750 444">
    <p class='ocr_par' dir='ltr' id='par_1_4' title="bbox 2162 356 3750 442">
     <span class='ocr_line' id='line_1_4' title="bbox 2162 356 3750 442; baseline 0.008 -29"><span class='ocrx_word' id='word_1_16' title='bbox 2162 356 2275 427; x_wconf 77' lang='grc' dir='ltr'>οὖν,</span> <span class='ocrx_word' id='word_1_17' title='bbox 2311 363 2339 414; x_wconf 86' lang='grc' dir='ltr'>ὁ</span> <span class='ocrx_word' id='word_1_18' title='bbox 2389 361 2457 415; x_wconf 72' lang='grc' dir='ltr'><strong>τὰ</strong></span> <span class='ocrx_word' id='word_1_19' title='bbox 2503 363 2682 415; x_wconf 75' lang='grc' dir='ltr'>τοιάδε</span> <span class='ocrx_word' id='word_1_20' title='bbox 2729 361 2928 430; x_wconf 80' lang='grc' dir='ltr'>λέγων,</span> <span class='ocrx_word' id='word_1_21' title='bbox 2968 367 3342 438; x_wconf 77' lang='grc' dir='ltr'>ίσηγορήσειεν</span> <span class='ocrx_word' id='word_1_22' title='bbox 3371 368 3438 423; x_wconf 77' lang='grc' dir='ltr'><strong>ἂν</strong></span> <span class='ocrx_word' id='word_1_23' title='bbox 3469 369 3550 440; x_wconf 82' lang='grc' dir='ltr'><strong>τῷ</strong></span> <span class='ocrx_word' id='word_1_24' title='bbox 3585 371 3750 442; x_wconf 81' lang='grc' dir='ltr'>προϋ-</span> 
     </span>
    </p>
   </div>
   <div class='ocr_carea' id='block_1_5' title="bbox 479 455 2056 527">
    <p class='ocr_par' dir='ltr' id='par_1_5' title="bbox 479 455 2056 527">
     <span class='ocr_line' id='line_1_5' title="bbox 479 455 2056 527; baseline -0.001 -16"><span class='ocrx_word' id='word_1_25' title='bbox 479 457 569 527; x_wconf 91' lang='lat' dir='ltr'><strong>qui</strong></span> <span class='ocrx_word' id='word_1_26' title='bbox 609 456 734 512; x_wconf 86' lang='lat' dir='ltr'><strong>talia</strong></span> <span class='ocrx_word' id='word_1_27' title='bbox 770 457 933 522; x_wconf 90' lang='lat' dir='ltr'><strong>dicit,</strong></span> <span class='ocrx_word' id='word_1_28' title='bbox 970 458 1016 512; x_wconf 88' lang='lat' dir='ltr'><strong>is</strong></span> <span class='ocrx_word' id='word_1_29' title='bbox 1048 473 1199 526; x_wconf 67' lang='lat' dir='ltr'><strong>teque</strong></span> <span class='ocrx_word' id='word_1_30' title='bbox 1235 459 1298 512; x_wconf 90' lang='lat' dir='ltr'><strong>de</strong></span> <span class='ocrx_word' id='word_1_31' title='bbox 1333 473 1390 510; x_wconf 87' lang='lat' dir='ltr'><strong>se</strong></span> <span class='ocrx_word' id='word_1_32' title='bbox 1427 457 1737 526; x_wconf 75' lang='lat' dir='ltr'><strong>przcdicabit</strong></span> <span class='ocrx_word' id='word_1_33' title='bbox 1774 465 1931 525; x_wconf 89' lang='lat' dir='ltr'><strong>atque</strong></span> <span class='ocrx_word' id='word_1_34' title='bbox 1966 455 2056 510; x_wconf 89' lang='lat' dir='ltr'><strong>ille</strong></span> 
     </span>
    </p>
   </div>
   <div class='ocr_carea' id='block_1_6' title="bbox 479 548 2055 620">
    <p class='ocr_par' dir='ltr' id='par_1_6' title="bbox 479 548 2055 620">
     <span class='ocr_line' id='line_1_6' title="bbox 479 548 2055 620; baseline -0.001 -17"><span class='ocrx_word' id='word_1_35' title='bbox 479 548 588 620; x_wconf 62' lang='lat'><strong>55.</strong></span> <span class='ocrx_word' id='word_1_36' title='bbox 627 551 969 619; x_wconf 73' lang='lat' dir='ltr'><strong>prmstantior</strong></span> <span class='ocrx_word' id='word_1_37' title='bbox 1005 561 1059 604; x_wconf 90' lang='lat' dir='ltr'><strong>et</strong></span> <span class='ocrx_word' id='word_1_38' title='bbox 1095 549 1466 616; x_wconf 75' lang='lat' dir='ltr'><strong>excellentior,</strong></span> <span class='ocrx_word' id='word_1_39' title='bbox 1513 553 1653 618; x_wconf 87' lang='lat' dir='ltr'><strong>quod</strong></span> <span class='ocrx_word' id='word_1_40' title='bbox 1700 550 1764 603; x_wconf 90' lang='lat' dir='ltr'><strong>ad</strong></span> <span class='ocrx_word' id='word_1_41' title='bbox 1806 563 1917 603; x_wconf 68' lang='lat' dir='ltr'><strong>sua:</strong></span> <span class='ocrx_word' id='word_1_42' title='bbox 1958 563 2055 603; x_wconf 87' lang='lat' dir='ltr'><strong>na-</strong></span> 
     </span>
    </p>
   </div>
   <div class='ocr_carea' id='block_1_7' title="bbox 421 634 2055 709">
    <p class='ocr_par' dir='ltr' id='par_1_7' title="bbox 421 634 2055 709">
     <span class='ocr_line' id='line_1_7' title="bbox 421 634 2055 709; baseline 0.002 -20"><span class='ocrx_word' id='word_1_43' title='bbox 421 634 426 638; x_wconf 74' lang='grc'><em>’</em></span> <span class='ocrx_word' id='word_1_44' title='bbox 480 647 615 691; x_wconf 71' lang='lat' dir='ltr'><strong>tura:</strong></span> <span class='ocrx_word' id='word_1_45' title='bbox 655 640 844 693; x_wconf 83' lang='lat' dir='ltr'><strong>attinet</strong></span> <span class='ocrx_word' id='word_1_46' title='bbox 887 640 1153 694; x_wconf 77' lang='lat' dir='ltr'><strong>rationes?</strong></span> <span class='ocrx_word' id='word_1_47' title='bbox 1190 641 1332 709; x_wconf 90' lang='lat' dir='ltr'><strong>atqui</strong></span> <span class='ocrx_word' id='word_1_48' title='bbox 1376 641 1645 709; x_wconf 90' lang='lat' dir='ltr'><strong>quomodo</strong></span> <span class='ocrx_word' id='word_1_49' title='bbox 1688 655 1792 694; x_wconf 89' lang='lat' dir='ltr'><strong>non</strong></span> <span class='ocrx_word' id='word_1_50' title='bbox 1832 639 1884 693; x_wconf 90' lang='lat' dir='ltr'><strong>id</strong></span> <span class='ocrx_word' id='word_1_51' title='bbox 1923 639 2055 694; x_wconf 87' lang='lat' dir='ltr'><strong>stul-</strong></span> 
     </span>
    </p>
   </div>
   <div class='ocr_carea' id='block_1_8' title="bbox 481 730 2055 801">
    <p class='ocr_par' dir='ltr' id='par_1_8' title="bbox 481 730 2055 801">
     <span class='ocr_line' id='line_1_8' title="bbox 481 730 2055 801; baseline 0.003 -20"><span class='ocrx_word' id='word_1_52' title='bbox 481 738 590 783; x_wconf 91' lang='lat' dir='ltr'><strong>tum</strong></span> <span class='ocrx_word' id='word_1_53' title='bbox 625 730 690 784; x_wconf 88' lang='lat' dir='ltr'><strong>sit</strong></span> <span class='ocrx_word' id='word_1_54' title='bbox 726 730 945 784; x_wconf 80' lang='lat' dir='ltr'><strong>dicere?</strong></span> <span class='ocrx_word' id='word_1_55' title='bbox 977 746 1097 783; x_wconf 90' lang='lat' dir='ltr'><strong>nam</strong></span> <span class='ocrx_word' id='word_1_56' title='bbox 1135 740 1226 783; x_wconf 88' lang='lat' dir='ltr'><strong>aut</strong></span> <span class='ocrx_word' id='word_1_57' title='bbox 1259 730 1346 784; x_wconf 89' lang='lat' dir='ltr'><strong>ille</strong></span> <span class='ocrx_word' id='word_1_58' title='bbox 1381 747 1624 801; x_wconf 86' lang='lat' dir='ltr'><strong>prorsus,</strong></span> <span class='ocrx_word' id='word_1_59' title='bbox 1657 741 1749 786; x_wconf 85' lang='lat' dir='ltr'><strong>aut</strong></span> <span class='ocrx_word' id='word_1_60' title='bbox 1783 731 1869 786; x_wconf 92' lang='lat' dir='ltr'><strong>hic</strong></span> <span class='ocrx_word' id='word_1_61' title='bbox 1905 748 2055 785; x_wconf 88' lang='lat' dir='ltr'><strong>men-</strong></span> 
     </span>
    </p>
   </div>
   <div class='ocr_carea' id='block_1_9' title="bbox 479 821 2048 894">
    <p class='ocr_par' dir='ltr' id='par_1_9' title="bbox 479 821 2048 894">
     <span class='ocr_line' id='line_1_9' title="bbox 479 821 2048 894; baseline 0.002 -21"><span class='ocrx_word' id='word_1_62' title='bbox 479 821 662 876; x_wconf 87' lang='lat' dir='ltr'><strong>tietur.</strong></span> <span class='ocrx_word' id='word_1_63' title='bbox 684 822 1054 877; x_wconf 83' lang='lat' dir='ltr'><strong>Assertioncm</strong></span> <span class='ocrx_word' id='word_1_64' title='bbox 1074 838 1201 877; x_wconf 87' lang='lat' dir='ltr'><strong>vero</strong></span> <span class='ocrx_word' id='word_1_65' title='bbox 1221 840 1341 877; x_wconf 92' lang='lat' dir='ltr'><strong>cum</strong></span> <span class='ocrx_word' id='word_1_66' title='bbox 1363 825 1515 888; x_wconf 89' lang='lat' dir='ltr'><strong>dicis,</strong></span> <span class='ocrx_word' id='word_1_67' title='bbox 1536 824 1650 879; x_wconf 90' lang='lat' dir='ltr'><strong>sive</strong></span> <span class='ocrx_word' id='word_1_68' title='bbox 1669 824 2048 894; x_wconf 76' lang='lat' dir='ltr'><strong>patrocinium,</strong></span> 
     </span>
    </p>
   </div>
   <div class='ocr_carea' id='block_1_10' title="bbox 476 912 2052 987">
    <p class='ocr_par' dir='ltr' id='par_1_10' title="bbox 476 912 2052 987">
     <span class='ocr_line' id='line_1_10' title="bbox 476 912 2052 987; baseline 0.003 -21"><span class='ocrx_word' id='word_1_69' title='bbox 476 912 555 966; x_wconf 82' lang='lat' dir='ltr'><strong>sic</strong></span> <span class='ocrx_word' id='word_1_70' title='bbox 590 928 820 981; x_wconf 82' lang='lat' dir='ltr'><strong>namque</strong></span> <span class='ocrx_word' id='word_1_71' title='bbox 856 913 1015 967; x_wconf 88' lang='lat' dir='ltr'><strong>liceat</strong></span> <span class='ocrx_word' id='word_1_72' title='bbox 1047 913 1228 967; x_wconf 85' lang='lat' dir='ltr'><strong>dicere</strong></span> <span class='ocrx_word' id='word_1_73' title='bbox 1261 915 1674 987; x_wconf 82' lang='grc' dir='ltr'>συνηγόρευσιν,</span> <span class='ocrx_word' id='word_1_74' title='bbox 1711 931 1888 971; x_wconf 89' lang='lat' dir='ltr'><strong>nonne</strong></span> <span class='ocrx_word' id='word_1_75' title='bbox 1919 916 2052 970; x_wconf 86' lang='lat' dir='ltr'><strong>alte—</strong></span> 
     </span>
    </p>
   </div>
   <div class='ocr_carea' id='block_1_11' title="bbox 474 1005 2053 1076">
    <p class='ocr_par' dir='ltr' id='par_1_11' title="bbox 474 1005 2053 1076">
     <span class='ocr_line' id='line_1_11' title="bbox 474 1005 2053 1076; baseline 0.003 -20"><span class='ocrx_word' id='word_1_76' title='bbox 474 1018 591 1056; x_wconf 91' lang='lat' dir='ltr'><strong>rum</strong></span> <span class='ocrx_word' id='word_1_77' title='bbox 627 1018 813 1058; x_wconf 86' lang='lat' dir='ltr'><strong>rursus</strong></span> <span class='ocrx_word' id='word_1_78' title='bbox 844 1005 1130 1073; x_wconf 90' lang='lat' dir='ltr'><strong>quemdam</strong></span> <span class='ocrx_word' id='word_1_79' title='bbox 1163 1005 1320 1060; x_wconf 77' lang='lat' dir='ltr'><strong>alteri</strong></span> <span class='ocrx_word' id='word_1_80' title='bbox 1357 1007 1683 1076; x_wconf 59' lang='lat' dir='ltr'><strong>patrocinari</strong></span> <span class='ocrx_word' id='word_1_81' title='bbox 1715 1007 1878 1061; x_wconf 89' lang='lat' dir='ltr'><strong>etiam</strong></span> <span class='ocrx_word' id='word_1_82' title='bbox 1913 1005 2053 1060; x_wconf 78' lang='lat' dir='ltr'><strong>invi-</strong></span> 
     </span>
    </p>
   </div>
   <div class='ocr_carea' id='block_1_12' title="bbox 473 1095 2048 1168">
    <p class='ocr_par' dir='ltr' id='par_1_12' title="bbox 473 1095 2048 1168">
     <span class='ocr_line' id='line_1_12' title="bbox 473 1095 2048 1168; baseline 0.003 -22"><span class='ocrx_word' id='word_1_83' title='bbox 473 1103 558 1147; x_wconf 86' lang='lat' dir='ltr'><strong>tus</strong></span> <span class='ocrx_word' id='word_1_84' title='bbox 597 1095 710 1164; x_wconf 81' lang='lat' dir='ltr'><strong>ipse</strong></span> <span class='ocrx_word' id='word_1_85' title='bbox 750 1095 1058 1160; x_wconf 83' lang='lat' dir='ltr'><strong>conﬁteris,</strong></span> <span class='ocrx_word' id='word_1_86' title='bbox 1093 1099 1183 1166; x_wconf 90' lang='lat' dir='ltr'><strong>qui</strong></span> <span class='ocrx_word' id='word_1_87' title='bbox 1224 1099 1382 1153; x_wconf 88' lang='lat' dir='ltr'><strong>nobis</strong></span> <span class='ocrx_word' id='word_1_88' title='bbox 1417 1099 1818 1168; x_wconf 76' lang='lat' dir='ltr'><strong>conjuncdonis</strong></span> <span class='ocrx_word' id='word_1_89' title='bbox 1855 1113 2048 1152; x_wconf 87' lang='lat' dir='ltr'><strong>nomen</strong></span> 
     </span>
    </p>
   </div>
   <div class='ocr_carea' id='block_1_13' title="bbox 471 1188 2047 1250">
    <p class='ocr_par' dir='ltr' id='par_1_13' title="bbox 471 1188 2047 1250">
     <span class='ocr_line' id='line_1_13' title="bbox 471 1188 2047 1250; baseline 0.002 -10"><span class='ocrx_word' id='word_1_90' title='bbox 471 1200 894 1250; x_wconf 85' lang='lat' dir='ltr'><strong>commemoras,</strong></span> <span class='ocrx_word' id='word_1_91' title='bbox 935 1199 989 1242; x_wconf 89' lang='lat' dir='ltr'><strong>et</strong></span> <span class='ocrx_word' id='word_1_92' title='bbox 1035 1203 1200 1242; x_wconf 90' lang='lat' dir='ltr'><strong>unum</strong></span> <span class='ocrx_word' id='word_1_93' title='bbox 1247 1188 1518 1243; x_wconf 88' lang='lat' dir='ltr'><strong>Christum</strong></span> <span class='ocrx_word' id='word_1_94' title='bbox 1563 1200 1619 1245; x_wconf 90' lang='lat' dir='ltr'><strong>et</strong></span> <span class='ocrx_word' id='word_1_95' title='bbox 1661 1189 1948 1244; x_wconf 89' lang='lat' dir='ltr'><strong>Dominum</strong></span> <span class='ocrx_word' id='word_1_96' title='bbox 1993 1189 2047 1243; x_wconf 93' lang='lat' dir='ltr'><strong>in</strong></span> 
     </span>
    </p>
   </div>
   <div class='ocr_carea' id='block_1_14' title="bbox 470 1275 2049 1347">
    <p class='ocr_par' dir='ltr' id='par_1_14' title="bbox 470 1275 2049 1347">
     <span class='ocr_line' id='line_1_14' title="bbox 470 1275 2049 1347; baseline 0.003 -15"><span class='ocrx_word' id='word_1_97' title='bbox 470 1279 577 1332; x_wconf 84' lang='lat' dir='ltr'><strong>duo</strong></span> <span class='ocrx_word' id='word_1_98' title='bbox 609 1279 852 1333; x_wconf 75' lang='lat' dir='ltr'><strong>dividens</strong></span> <span class='ocrx_word' id='word_1_99' title='bbox 882 1278 1109 1343; x_wconf 89' lang='lat' dir='ltr'><strong>adoras,</strong></span> <span class='ocrx_word' id='word_1_100' title='bbox 1141 1281 1252 1334; x_wconf 92' lang='lat' dir='ltr'><strong>imo</strong></span> <span class='ocrx_word' id='word_1_101' title='bbox 1282 1275 1408 1336; x_wconf 81' lang='lat' dir='ltr'><strong>vero</strong></span> <span class='ocrx_word' id='word_1_102' title='bbox 1441 1283 1600 1336; x_wconf 89' lang='lat' dir='ltr'><strong>simul</strong></span> <span class='ocrx_word' id='word_1_103' title='bbox 1632 1284 1859 1347; x_wconf 87' lang='lat' dir='ltr'><strong>adoras,</strong></span> <span class='ocrx_word' id='word_1_104' title='bbox 1892 1293 1947 1337; x_wconf 90' lang='lat' dir='ltr'><strong>et</strong></span> <span class='ocrx_word' id='word_1_105' title='bbox 1982 1283 2049 1336; x_wconf 91' lang='lat' dir='ltr'><strong>li-</strong></span> 
     </span>
    </p>
   </div>
   <div class='ocr_carea' id='block_1_15' title="bbox 470 1370 2041 1441">
    <p class='ocr_par' dir='ltr' id='par_1_15' title="bbox 470 1370 2041 1441">
     <span class='ocr_line' id='line_1_15' title="bbox 470 1370 2041 1441; baseline 0.005 -19"><span class='ocrx_word' id='word_1_106' title='bbox 470 1370 658 1424; x_wconf 86' lang='lat' dir='ltr'><strong>berare</strong></span> <span class='ocrx_word' id='word_1_107' title='bbox 708 1379 758 1424; x_wconf 91' lang='lat' dir='ltr'><strong>te</strong></span> <span class='ocrx_word' id='word_1_108' title='bbox 810 1383 966 1439; x_wconf 83' lang='lat' dir='ltr'><strong>putas</strong></span> <span class='ocrx_word' id='word_1_109' title='bbox 1017 1372 1314 1427; x_wconf 77' lang='lat' dir='ltr'><strong>Ecclesium</strong></span> <span class='ocrx_word' id='word_1_110' title='bbox 1365 1374 1724 1431; x_wconf 82' lang='lat' dir='ltr'><strong>deiﬁcationis</strong></span> <span class='ocrx_word' id='word_1_111' title='bbox 1774 1376 2041 1441; x_wconf 87' lang='lat' dir='ltr'><strong>crimine,</strong></span> 
     </span>
    </p>
   </div>
   <div class='ocr_carea' id='block_1_16' title="bbox 467 1456 2046 1529">
    <p class='ocr_par' dir='ltr' id='par_1_16' title="bbox 467 1456 2046 1529">
     <span class='ocr_line' id='line_1_16' title="bbox 467 1456 2046 1529; baseline 0.004 -15"><span class='ocrx_word' id='word_1_112' title='bbox 467 1475 587 1515; x_wconf 89' lang='lat' dir='ltr'><strong>cum</strong></span> <span class='ocrx_word' id='word_1_113' title='bbox 627 1461 740 1529; x_wconf 91' lang='lat' dir='ltr'><strong>ipse</strong></span> <span class='ocrx_word' id='word_1_114' title='bbox 775 1456 991 1517; x_wconf 80' lang='lat' dir='ltr'><strong>deifices</strong></span> <span class='ocrx_word' id='word_1_115' title='bbox 1024 1464 1320 1526; x_wconf 84' lang='lat' dir='ltr'><strong>hominem,</strong></span> <span class='ocrx_word' id='word_1_116' title='bbox 1345 1475 1400 1520; x_wconf 92' lang='lat' dir='ltr'><strong>et</strong></span> <span class='ocrx_word' id='word_1_117' title='bbox 1438 1482 1540 1520; x_wconf 89' lang='lat' dir='ltr'><strong>non</strong></span> <span class='ocrx_word' id='word_1_118' title='bbox 1581 1483 1744 1521; x_wconf 89' lang='lat' dir='ltr'><strong>unum</strong></span> <span class='ocrx_word' id='word_1_119' title='bbox 1782 1467 1933 1522; x_wconf 90' lang='lat' dir='ltr'><strong>dicas</strong></span> <span class='ocrx_word' id='word_1_120' title='bbox 1956 1467 2046 1520; x_wconf 88' lang='lat' dir='ltr'><strong>Fi-</strong></span> 
     </span>
    </p>
   </div>
   <div class='ocr_carea' id='block_1_17' title="bbox 467 1551 2046 1630">
    <p class='ocr_par' dir='ltr' id='par_1_17' title="bbox 467 1551 2046 1630">
     <span class='ocr_line' id='line_1_17' title="bbox 467 1551 2046 1630; baseline 0.005 -26"><span class='ocrx_word' id='word_1_121' title='bbox 467 1551 620 1612; x_wconf 90' lang='lat' dir='ltr'><strong>lium,</strong></span> <span class='ocrx_word' id='word_1_122' title='bbox 651 1551 865 1606; x_wconf 84' lang='lat' dir='ltr'><strong>etiamsi</strong></span> <span class='ocrx_word' id='word_1_123' title='bbox 919 1569 1022 1608; x_wconf 90' lang='lat' dir='ltr'><strong>non</strong></span> <span class='ocrx_word' id='word_1_124' title='bbox 1053 1565 1203 1610; x_wconf 84' lang='lat' dir='ltr'><strong>extra</strong></span> <span class='ocrx_word' id='word_1_125' title='bbox 1234 1557 1508 1624; x_wconf 82' lang='lat' dir='ltr'><strong>propriam</strong></span> <span class='ocrx_word' id='word_1_126' title='bbox 1535 1575 1753 1613; x_wconf 90' lang='lat' dir='ltr'><strong>carnem</strong></span> <span class='ocrx_word' id='word_1_127' title='bbox 1783 1559 2046 1630; x_wconf 79' lang='lat' dir='ltr'><strong>intelliga-</strong></span> 
     </span>
    </p>
   </div>
   <div class='ocr_carea' id='block_1_18' title="bbox 469 1641 2039 1719">
    <p class='ocr_par' dir='ltr' id='par_1_18' title="bbox 469 1641 2039 1719">
     <span class='ocr_line' id='line_1_18' title="bbox 469 1641 2039 1719; baseline 0.006 -25"><span class='ocrx_word' id='word_1_128' title='bbox 469 1643 593 1697; x_wconf 81' lang='lat' dir='ltr'><strong>tur?</strong></span> <span class='ocrx_word' id='word_1_129' title='bbox 619 1644 884 1699; x_wconf 81' lang='lat' dir='ltr'><strong>Adorabis</strong></span> <span class='ocrx_word' id='word_1_130' title='bbox 915 1641 1058 1699; x_wconf 88' lang='lat' dir='ltr'><strong>enim</strong></span> <span class='ocrx_word' id='word_1_131' title='bbox 1089 1655 1215 1700; x_wconf 92' lang='lat' dir='ltr'><strong>tunc</strong></span> <span class='ocrx_word' id='word_1_132' title='bbox 1246 1663 1482 1719; x_wconf 88' lang='lat' dir='ltr'><strong>quoque,</strong></span> <span class='ocrx_word' id='word_1_133' title='bbox 1513 1651 1608 1705; x_wconf 90' lang='lat' dir='ltr'><strong>sed</strong></span> <span class='ocrx_word' id='word_1_134' title='bbox 1638 1651 1755 1706; x_wconf 89' lang='lat' dir='ltr'><strong>sine</strong></span> <span class='ocrx_word' id='word_1_135' title='bbox 1781 1651 2039 1717; x_wconf 88' lang='lat' dir='ltr'><strong>crimine;</strong></span> 
     </span>
    </p>
   </div>
   <div class='ocr_carea' id='block_1_19' title="bbox 466 1738 2043 1810">
    <p class='ocr_par' dir='ltr' id='par_1_19' title="bbox 466 1738 2043 1810">
     <span class='ocr_line' id='line_1_19' title="bbox 466 1738 2043 1810; baseline 0.005 -21"><span class='ocrx_word' id='word_1_136' title='bbox 466 1745 520 1789; x_wconf 89' lang='lat' dir='ltr'><strong>et</strong></span> <span class='ocrx_word' id='word_1_137' title='bbox 549 1751 843 1804; x_wconf 79' lang='lat' dir='ltr'><strong>cognosces</strong></span> <span class='ocrx_word' id='word_1_138' title='bbox 877 1738 964 1792; x_wconf 91' lang='lat' dir='ltr'><strong>ubi</strong></span> <span class='ocrx_word' id='word_1_139' title='bbox 999 1753 1139 1803; x_wconf 89' lang='lat' dir='ltr'><strong>eras,</strong></span> <span class='ocrx_word' id='word_1_140' title='bbox 1172 1751 1230 1793; x_wconf 91' lang='lat' dir='ltr'><strong>ut</strong></span> <span class='ocrx_word' id='word_1_141' title='bbox 1265 1742 1524 1810; x_wconf 84' lang='lat' dir='ltr'><strong>scriptum</strong></span> <span class='ocrx_word' id='word_1_142' title='bbox 1556 1751 1658 1809; x_wconf 87' lang='lat' dir='ltr'><strong>est,</strong></span> <span class='ocrx_word' id='word_1_143' title='bbox 1692 1759 1812 1797; x_wconf 92' lang='lat' dir='ltr'><strong>cum</strong></span> <span class='ocrx_word' id='word_1_144' title='bbox 1843 1759 1872 1796; x_wconf 90' lang='lat' dir='ltr'><strong>a</strong></span> <span class='ocrx_word' id='word_1_145' title='bbox 1903 1744 2043 1797; x_wconf 92' lang='lat' dir='ltr'><strong>veri-</strong></span> 
     </span>
    </p>
   </div>
   <div class='ocr_carea' id='block_1_20' title="bbox 468 1827 2042 1904">
    <p class='ocr_par' dir='ltr' id='par_1_20' title="bbox 468 1827 2042 1904">
     <span class='ocr_line' id='line_1_20' title="bbox 468 1827 2042 1904; baseline 0.006 -24"><span class='ocrx_word' id='word_1_146' title='bbox 468 1827 592 1882; x_wconf 89' lang='lat' dir='ltr'><strong>tatis</strong></span> <span class='ocrx_word' id='word_1_147' title='bbox 628 1829 895 1896; x_wconf 78' lang='lat' dir='ltr'><strong>dogmatis</strong></span> <span class='ocrx_word' id='word_1_148' title='bbox 932 1831 1240 1885; x_wconf 81' lang='lat' dir='ltr'><strong>aberrares.</strong></span> <span class='ocrx_word' id='word_1_149' title='bbox 1277 1834 1345 1886; x_wconf 88' lang='lat' dir='ltr'><strong>At</strong></span> <span class='ocrx_word' id='word_1_150' title='bbox 1377 1834 1553 1898; x_wconf 91' lang='lat' dir='ltr'><strong>enim,</strong></span> <span class='ocrx_word' id='word_1_151' title='bbox 1591 1834 1791 1904; x_wconf 84' lang='lat' dir='ltr'><strong>inquit,</strong></span> <span class='ocrx_word' id='word_1_152' title='bbox 1833 1835 2042 1904; x_wconf 86' lang='lat' dir='ltr'><strong>leproso</strong></span> 
     </span>
    </p>
   </div>
   <div class='ocr_carea' id='block_1_21' title="bbox 466 1921 2038 1999">
    <p class='ocr_par' dir='ltr' id='par_1_21' title="bbox 466 1921 2038 1999">
     <span class='ocr_line' id='line_1_21' title="bbox 466 1921 2038 1999; baseline 0.006 -25"><span class='ocrx_word' id='word_1_153' title='bbox 466 1921 600 1974; x_wconf 82' lang='lat' dir='ltr'><strong>dixit</strong></span> <span class='ocrx_word' id='word_1_154' title='bbox 630 1939 642 1974; x_wconf 91' lang='lat'><strong>:</strong></span> <span class='ocrx_word' id='word_1_155' title='bbox 677 1939 693 1972; x_wconf 78' lang='grc' dir='ltr'><strong>ι</strong></span> <span class='ocrx_word' id='word_1_156' title='bbox 729 1922 878 1986; x_wconf 81' lang='lat' dir='ltr'><strong>Volo,</strong></span> <span class='ocrx_word' id='word_1_157' title='bbox 904 1926 1168 1979; x_wconf 87' lang='lat' dir='ltr'><strong>mundare</strong></span> <span class='ocrx_word' id='word_1_158' title='bbox 1193 1925 1270 1991; x_wconf 87' lang='lat'><strong>&#39;°;</strong></span> <span class='ocrx_word' id='word_1_159' title='bbox 1307 1945 1325 1978; x_wconf 73' lang='grc' dir='ltr'><strong>ι</strong></span> <span class='ocrx_word' id='word_1_160' title='bbox 1352 1937 1406 1980; x_wconf 90' lang='lat' dir='ltr'><strong>ct</strong></span> <span class='ocrx_word' id='word_1_161' title='bbox 1437 1926 1557 1982; x_wconf 72' lang='lat' dir='ltr'><strong>lilia:</strong></span> <span class='ocrx_word' id='word_1_162' title='bbox 1586 1929 1994 1999; x_wconf 79' lang='lat' dir='ltr'><strong>archisynagogi</strong></span> <span class='ocrx_word' id='word_1_163' title='bbox 2025 1947 2038 1984; x_wconf 91' lang='lat'><strong>:</strong></span> 
     </span>
    </p>
   </div>
   <div class='ocr_carea' id='block_1_22' title="bbox 469 2008 2034 2083">
    <p class='ocr_par' dir='ltr' id='par_1_22' title="bbox 469 2008 2034 2083">
     <span class='ocr_line' id='line_1_22' title="bbox 469 2008 2034 2083; baseline 0.006 -22"><span class='ocrx_word' id='word_1_164' title='bbox 469 2029 488 2061; x_wconf 76' lang='grc' dir='ltr'><strong>ι</strong></span> <span class='ocrx_word' id='word_1_165' title='bbox 513 2008 718 2075; x_wconf 84' lang='lat' dir='ltr'><strong>Puella,</strong></span> <span class='ocrx_word' id='word_1_166' title='bbox 745 2013 997 2080; x_wconf 78' lang='lat' dir='ltr'><strong>surge&quot;;</strong></span> <span class='ocrx_word' id='word_1_167' title='bbox 1027 2033 1045 2064; x_wconf 73' lang='grc' dir='ltr'><strong>ι</strong></span> <span class='ocrx_word' id='word_1_168' title='bbox 1076 2023 1126 2067; x_wconf 91' lang='lat' dir='ltr'><strong>et</strong></span> <span class='ocrx_word' id='word_1_169' title='bbox 1152 2016 1286 2068; x_wconf 88' lang='lat' dir='ltr'><strong>mari</strong></span> <span class='ocrx_word' id='word_1_170' title='bbox 1312 2031 1327 2068; x_wconf 90' lang='lat'><strong>:</strong></span> <span class='ocrx_word' id='word_1_171' title='bbox 1354 2035 1372 2066; x_wconf 82' lang='grc' dir='ltr'><strong>ι</strong></span> <span class='ocrx_word' id='word_1_172' title='bbox 1399 2015 1560 2083; x_wconf 84' lang='lat' dir='ltr'><strong>Tace,</strong></span> <span class='ocrx_word' id='word_1_173' title='bbox 1586 2018 1896 2072; x_wconf 84' lang='lat' dir='ltr'><strong>obmutesce</strong></span> <span class='ocrx_word' id='word_1_174' title='bbox 1910 2019 1986 2083; x_wconf 82' lang='lat'><strong>&quot;;</strong></span> <span class='ocrx_word' id='word_1_175' title='bbox 2015 2038 2034 2070; x_wconf 75' lang='grc' dir='ltr'><strong>ι</strong></span> 
     </span>
    </p>
   </div>
   <div class='ocr_carea' id='block_1_23' title="bbox 460 2096 2038 2178">
    <p class='ocr_par' dir='ltr' id='par_1_23' title="bbox 460 2096 2038 2178">
     <span class='ocr_line' id='line_1_23' title="bbox 460 2096 2038 2178; baseline 0.006 -24"><span class='ocrx_word' id='word_1_176' title='bbox 460 2100 614 2155; x_wconf 91' lang='lat' dir='ltr'><strong>ineo</strong></span> <span class='ocrx_word' id='word_1_177' title='bbox 649 2103 813 2172; x_wconf 81' lang='lat' dir='ltr'><strong>igitur</strong></span> <span class='ocrx_word' id='word_1_178' title='bbox 873 2103 1101 2158; x_wconf 89' lang='lat' dir='ltr'><strong>dicendo</strong></span> <span class='ocrx_word' id='word_1_179' title='bbox 1155 2122 1339 2162; x_wconf 89' lang='lat' dir='ltr'><strong>comes</strong></span> <span class='ocrx_word' id='word_1_180' title='bbox 1390 2123 1454 2162; x_wconf 89' lang='lat' dir='ltr'><strong>ac</strong></span> <span class='ocrx_word' id='word_1_181' title='bbox 1504 2096 1855 2178; x_wconf 85' lang='lat' dir='ltr'><strong>pariloquens</strong></span> <span class='ocrx_word' id='word_1_182' title='bbox 1887 2109 1987 2164; x_wconf 84' lang='lat' dir='ltr'><strong>fuit</strong></span> <span class='ocrx_word' id='word_1_183' title='bbox 2022 2128 2038 2178; x_wconf 89' lang='lat'><strong>;</strong></span> 
     </span>
    </p>
   </div>
   <div class='ocr_carea' id='block_1_24' title="bbox 461 2191 2037 2269">
    <p class='ocr_par' dir='ltr' id='par_1_24' title="bbox 461 2191 2037 2269">
     <span class='ocr_line' id='line_1_24' title="bbox 461 2191 2037 2269; baseline 0.006 -23"><span class='ocrx_word' id='word_1_184' title='bbox 461 2209 582 2246; x_wconf 89' lang='lat' dir='ltr'><strong>nam</strong></span> <span class='ocrx_word' id='word_1_185' title='bbox 618 2193 799 2247; x_wconf 82' lang='lat' dir='ltr'><strong>divina</strong></span> <span class='ocrx_word' id='word_1_186' title='bbox 832 2191 992 2248; x_wconf 86' lang='lat' dir='ltr'><strong>verba</strong></span> <span class='ocrx_word' id='word_1_187' title='bbox 1030 2196 1406 2265; x_wconf 87' lang='lat' dir='ltr'><strong>eloquebatur,</strong></span> <span class='ocrx_word' id='word_1_188' title='bbox 1443 2215 1538 2268; x_wconf 87' lang='lat' dir='ltr'><strong>per</strong></span> <span class='ocrx_word' id='word_1_189' title='bbox 1569 2215 1689 2269; x_wconf 70' lang='lat' dir='ltr'><strong>quae</strong></span> <span class='ocrx_word' id='word_1_190' title='bbox 1723 2201 1882 2257; x_wconf 76' lang='lat' dir='ltr'><strong>facile</strong></span> <span class='ocrx_word' id='word_1_191' title='bbox 1914 2219 2037 2256; x_wconf 81' lang='lat' dir='ltr'><strong>om-</strong></span> 
     </span>
    </p>
   </div>
   <div class='ocr_carea' id='block_1_25' title="bbox 460 2283 2038 2363">
    <p class='ocr_par' dir='ltr' id='par_1_25' title="bbox 460 2283 2038 2363">
     <span class='ocr_line' id='line_1_25' title="bbox 460 2283 2038 2363; baseline 0.009 -29"><span class='ocrx_word' id='word_1_192' title='bbox 460 2284 546 2335; x_wconf 85' lang='lat' dir='ltr'><strong>nia</strong></span> <span class='ocrx_word' id='word_1_193' title='bbox 580 2283 840 2353; x_wconf 81' lang='lat' dir='ltr'><strong>perlicere</strong></span> <span class='ocrx_word' id='word_1_194' title='bbox 870 2285 1086 2342; x_wconf 86' lang='lat' dir='ltr'><strong>licebat.</strong></span> <span class='ocrx_word' id='word_1_195' title='bbox 1119 2289 1229 2341; x_wconf 87' lang='lat' dir='ltr'><strong>Duo</strong></span> <span class='ocrx_word' id='word_1_196' title='bbox 1261 2291 1424 2360; x_wconf 76' lang='lat' dir='ltr'><strong>igitur</strong></span> <span class='ocrx_word' id='word_1_197' title='bbox 1449 2300 1607 2344; x_wconf 87' lang='lat' dir='ltr'><strong>erant</strong></span> <span class='ocrx_word' id='word_1_198' title='bbox 1638 2293 1728 2362; x_wconf 82' lang='lat' dir='ltr'><strong>qui</strong></span> <span class='ocrx_word' id='word_1_199' title='bbox 1762 2293 2038 2363; x_wconf 65' lang='lat' dir='ltr'><strong>praecipie-</strong></span> 
     </span>
    </p>
   </div>
   <div class='ocr_carea' id='block_1_26' title="bbox 458 2377 2037 2446">
    <p class='ocr_par' dir='ltr' id='par_1_26' title="bbox 458 2377 2037 2446">
     <span class='ocr_line' id='line_1_26' title="bbox 458 2377 2037 2446; baseline 0.009 -21"><span class='ocrx_word' id='word_1_200' title='bbox 458 2377 609 2437; x_wconf 87' lang='lat' dir='ltr'><strong>bant,</strong></span> <span class='ocrx_word' id='word_1_201' title='bbox 642 2386 694 2428; x_wconf 89' lang='lat' dir='ltr'><strong>et</strong></span> <span class='ocrx_word' id='word_1_202' title='bbox 732 2377 1014 2446; x_wconf 91' lang='lat' dir='ltr'><strong>utriusque</strong></span> <span class='ocrx_word' id='word_1_203' title='bbox 1049 2395 1168 2433; x_wconf 83' lang='lat' dir='ltr'><strong>esse</strong></span> <span class='ocrx_word' id='word_1_204' title='bbox 1203 2385 1560 2436; x_wconf 89' lang='lat' dir='ltr'><strong>concedemus</strong></span> <span class='ocrx_word' id='word_1_205' title='bbox 1587 2384 1749 2437; x_wconf 86' lang='lat' dir='ltr'><strong>verba</strong></span> <span class='ocrx_word' id='word_1_206' title='bbox 1787 2386 2037 2440; x_wconf 89' lang='lat' dir='ltr'><strong>omnibus</strong></span> 
     </span>
    </p>
   </div>
   <div class='ocr_carea' id='block_1_27' title="bbox 458 2463 2035 2542">
    <p class='ocr_par' dir='ltr' id='par_1_27' title="bbox 458 2463 2035 2542">
     <span class='ocr_line' id='line_1_27' title="bbox 458 2463 2035 2542; baseline 0.009 -28"><span class='ocrx_word' id='word_1_207' title='bbox 458 2463 524 2515; x_wconf 89' lang='lat' dir='ltr'><strong>de</strong></span> <span class='ocrx_word' id='word_1_208' title='bbox 557 2465 714 2515; x_wconf 84' lang='lat' dir='ltr'><strong>rebus</strong></span> <span class='ocrx_word' id='word_1_209' title='bbox 746 2465 974 2531; x_wconf 81' lang='lat' dir='ltr'><strong>prolata.</strong></span> <span class='ocrx_word' id='word_1_210' title='bbox 1004 2466 1136 2520; x_wconf 89' lang='lat' dir='ltr'><strong>Cum</strong></span> <span class='ocrx_word' id='word_1_211' title='bbox 1167 2484 1298 2538; x_wconf 73' lang='lat' dir='ltr'><strong>ergo</strong></span> <span class='ocrx_word' id='word_1_212' title='bbox 1331 2470 1460 2524; x_wconf 80' lang='lat' dir='ltr'><strong>dicit</strong></span> <span class='ocrx_word' id='word_1_213' title='bbox 1491 2487 1504 2524; x_wconf 91' lang='lat'><strong>:</strong></span> <span class='ocrx_word' id='word_1_214' title='bbox 1542 2489 1560 2522; x_wconf 74' lang='grc' dir='ltr'><strong>ι</strong></span> <span class='ocrx_word' id='word_1_215' title='bbox 1600 2473 1738 2537; x_wconf 87' lang='lat' dir='ltr'><strong>Quid</strong></span> <span class='ocrx_word' id='word_1_216' title='bbox 1774 2488 1859 2526; x_wconf 93' lang='lat' dir='ltr'><strong>me</strong></span> <span class='ocrx_word' id='word_1_217' title='bbox 1891 2490 2035 2542; x_wconf 80' lang='lat' dir='ltr'><strong>qua:-</strong></span> 
     </span>
    </p>
   </div>
   <div class='ocr_carea' id='block_1_28' title="bbox 460 2551 2035 2630">
    <p class='ocr_par' dir='ltr' id='par_1_28' title="bbox 460 2551 2035 2630">
     <span class='ocr_line' id='line_1_28' title="bbox 460 2551 2035 2630; baseline 0.011 -27"><span class='ocrx_word' id='word_1_218' title='bbox 460 2551 579 2605; x_wconf 86' lang='lat' dir='ltr'><strong>ritis</strong></span> <span class='ocrx_word' id='word_1_219' title='bbox 630 2553 972 2622; x_wconf 81' lang='lat' dir='ltr'><strong>interﬁcere,</strong></span> <span class='ocrx_word' id='word_1_220' title='bbox 1027 2558 1297 2612; x_wconf 90' lang='lat' dir='ltr'><strong>hominem</strong></span> <span class='ocrx_word' id='word_1_221' title='bbox 1349 2559 1441 2630; x_wconf 82' lang='lat' dir='ltr'><strong>qni</strong></span> <span class='ocrx_word' id='word_1_222' title='bbox 1493 2563 1773 2617; x_wconf 81' lang='lat' dir='ltr'><strong>veritatem</strong></span> <span class='ocrx_word' id='word_1_223' title='bbox 1826 2565 2035 2621; x_wconf 90' lang='lat' dir='ltr'><strong>locutus</strong></span> 
     </span>
    </p>
   </div>
   <div class='ocr_carea' id='block_1_29' title="bbox 456 2646 2034 2726">
    <p class='ocr_par' dir='ltr' id='par_1_29' title="bbox 456 2646 2034 2726">
     <span class='ocr_line' id='line_1_29' title="bbox 456 2646 2034 2726; baseline 0.01 -29"><span class='ocrx_word' id='word_1_224' title='bbox 456 2658 577 2698; x_wconf 88' lang='lat' dir='ltr'><strong>sum</strong></span> <span class='ocrx_word' id='word_1_225' title='bbox 606 2646 757 2700; x_wconf 84' lang='lat' dir='ltr'><strong>vobis</strong></span> <span class='ocrx_word' id='word_1_226' title='bbox 779 2646 861 2699; x_wconf 73' lang='lat'><strong>&quot;2</strong></span> <span class='ocrx_word' id='word_1_227' title='bbox 897 2667 914 2699; x_wconf 72' lang='grc' dir='ltr'><strong>ι</strong></span> <span class='ocrx_word' id='word_1_228' title='bbox 950 2650 1135 2719; x_wconf 82' lang='lat' dir='ltr'><strong>cujus,</strong></span> <span class='ocrx_word' id='word_1_229' title='bbox 1163 2652 1389 2708; x_wconf 84' lang='lat' dir='ltr'><strong>obsecro</strong></span> <span class='ocrx_word' id='word_1_230' title='bbox 1424 2665 1504 2719; x_wconf 91' lang='lat' dir='ltr'><strong>te,</strong></span> <span class='ocrx_word' id='word_1_231' title='bbox 1536 2656 1841 2726; x_wconf 86' lang='lat' dir='ltr'><strong>lmjnsmodi</strong></span> <span class='ocrx_word' id='word_1_232' title='bbox 1871 2659 2034 2713; x_wconf 90' lang='lat' dir='ltr'><strong>verba</strong></span> 
     </span>
    </p>
   </div>
   <div class='ocr_carea' id='block_1_30' title="bbox 455 2738 2032 2818">
    <p class='ocr_par' dir='ltr' id='par_1_30' title="bbox 455 2738 2032 2818">
     <span class='ocr_line' id='line_1_30' title="bbox 455 2738 2032 2818; baseline 0.01 -27"><span class='ocrx_word' id='word_1_233' title='bbox 455 2751 576 2792; x_wconf 85' lang='lat' dir='ltr'><strong>esse</strong></span> <span class='ocrx_word' id='word_1_234' title='bbox 612 2738 786 2793; x_wconf 74' lang='lat' dir='ltr'><strong>diris?</strong></span> <span class='ocrx_word' id='word_1_235' title='bbox 819 2756 885 2793; x_wconf 92' lang='lat' dir='ltr'><strong>an</strong></span> <span class='ocrx_word' id='word_1_236' title='bbox 924 2742 1009 2795; x_wconf 87' lang='lat' dir='ltr'><strong>illa</strong></span> <span class='ocrx_word' id='word_1_237' title='bbox 1050 2745 1262 2811; x_wconf 87' lang='lat' dir='ltr'><strong>quidem</strong></span> <span class='ocrx_word' id='word_1_238' title='bbox 1302 2746 1402 2817; x_wconf 88' lang='lat' dir='ltr'><strong>ipsi</strong></span> <span class='ocrx_word' id='word_1_239' title='bbox 1435 2749 1612 2805; x_wconf 82' lang='lat' dir='ltr'><strong>Verbo</strong></span> <span class='ocrx_word' id='word_1_240' title='bbox 1653 2752 1878 2818; x_wconf 86' lang='lat' dir='ltr'><strong>tribues,</strong></span> <span class='ocrx_word' id='word_1_241' title='bbox 1917 2753 2032 2808; x_wconf 72' lang='lat' dir='ltr'><strong>haec</strong></span> 
     </span>
    </p>
   </div>
   <div class='ocr_carea' id='block_1_31' title="bbox 453 2833 2034 2912">
    <p class='ocr_par' dir='ltr' id='par_1_31' title="bbox 453 2833 2034 2912">
     <span class='ocr_line' id='line_1_31' title="bbox 453 2833 2034 2912; baseline 0.013 -34"><span class='ocrx_word' id='word_1_242' title='bbox 453 2843 582 2882; x_wconf 80' lang='lat' dir='ltr'><strong>vero</strong></span> <span class='ocrx_word' id='word_1_243' title='bbox 620 2840 869 2900; x_wconf 89' lang='lat' dir='ltr'><strong>tanquam</strong></span> <span class='ocrx_word' id='word_1_244' title='bbox 905 2833 1107 2900; x_wconf 87' lang='lat' dir='ltr'><strong>homini</strong></span> <span class='ocrx_word' id='word_1_245' title='bbox 1145 2836 1373 2893; x_wconf 77' lang='lat' dir='ltr'><strong>aVerbo</strong></span> <span class='ocrx_word' id='word_1_246' title='bbox 1405 2841 1639 2909; x_wconf 85' lang='lat' dir='ltr'><strong>diverso,</strong></span> <span class='ocrx_word' id='word_1_247' title='bbox 1672 2843 1772 2912; x_wconf 87' lang='lat' dir='ltr'><strong>ipsi</strong></span> <span class='ocrx_word' id='word_1_248' title='bbox 1809 2859 1874 2898; x_wconf 79' lang='lat' dir='ltr'><strong>ex</strong></span> <span class='ocrx_word' id='word_1_249' title='bbox 1913 2861 2034 2898; x_wconf 86' lang='lat' dir='ltr'><strong>mu-</strong></span> 
     </span>
    </p>
   </div>
   <div class='ocr_carea' id='block_1_32' title="bbox 452 2921 2028 2999">
    <p class='ocr_par' dir='ltr' id='par_1_32' title="bbox 452 2921 2028 2999">
     <span class='ocr_line' id='line_1_32' title="bbox 452 2921 2028 2999; baseline 0.009 -25"><span class='ocrx_word' id='word_1_250' title='bbox 452 2921 583 2975; x_wconf 88' lang='lat' dir='ltr'><strong>liere</strong></span> <span class='ocrx_word' id='word_1_251' title='bbox 625 2924 837 2990; x_wconf 80' lang='lat' dir='ltr'><strong>genito?</strong></span> <span class='ocrx_word' id='word_1_252' title='bbox 883 2924 987 2979; x_wconf 89' lang='lat' dir='ltr'><strong>Sed</strong></span> <span class='ocrx_word' id='word_1_253' title='bbox 1030 2941 1137 2995; x_wconf 92' lang='lat' dir='ltr'><strong>quo</strong></span> <span class='ocrx_word' id='word_1_254' title='bbox 1179 2927 1298 2984; x_wconf 91' lang='lat' dir='ltr'><strong>loco</strong></span> <span class='ocrx_word' id='word_1_255' title='bbox 1337 2945 1506 2999; x_wconf 87' lang='lat' dir='ltr'><strong>pones</strong></span> <span class='ocrx_word' id='word_1_256' title='bbox 1547 2934 1761 2988; x_wconf 89' lang='lat' dir='ltr'><strong>beatum</strong></span> <span class='ocrx_word' id='word_1_257' title='bbox 1802 2932 2028 2988; x_wconf 86' lang='lat' dir='ltr'><strong>Paulum</strong></span> 
     </span>
    </p>
   </div>
   <div class='ocr_carea' id='block_1_33' title="bbox 2160 451 3748 529">
    <p class='ocr_par' dir='ltr' id='par_1_33' title="bbox 2160 451 3748 529">
     <span class='ocr_line' id='line_1_33' title="bbox 2160 451 3748 529; baseline 0.008 -27"><span class='ocrx_word' id='word_1_258' title='bbox 2160 468 2307 521; x_wconf 85' lang='grc' dir='ltr'>χοντι</span> <span class='ocrx_word' id='word_1_259' title='bbox 2363 451 2456 504; x_wconf 80' lang='grc' dir='ltr'><strong>καὶ</strong></span> <span class='ocrx_word' id='word_1_260' title='bbox 2506 452 2912 523; x_wconf 83' lang='grc' dir='ltr'>ὑπερκειμένῳ,</span> <span class='ocrx_word' id='word_1_261' title='bbox 2961 456 3104 509; x_wconf 76' lang='grc' dir='ltr'>κατὰ</span> <span class='ocrx_word' id='word_1_262' title='bbox 3161 473 3225 524; x_wconf 90' lang='grc' dir='ltr'><strong>γε</strong></span> <span class='ocrx_word' id='word_1_263' title='bbox 3290 459 3417 522; x_wconf 81' lang='grc' dir='ltr'>τοὺς</span> <span class='ocrx_word' id='word_1_264' title='bbox 3463 460 3565 529; x_wconf 80' lang='grc' dir='ltr'>τῆς</span> <span class='ocrx_word' id='word_1_265' title='bbox 3615 461 3748 525; x_wconf 70' lang='grc' dir='ltr'>ἰδίας</span> 
     </span>
    </p>
   </div>
   <div class='ocr_carea' id='block_1_34' title="bbox 2158 539 3744 620">
    <p class='ocr_par' dir='ltr' id='par_1_34' title="bbox 2158 539 3744 620">
     <span class='ocr_line' id='line_1_34' title="bbox 2158 539 3744 620; baseline 0.009 -29"><span class='ocrx_word' id='word_1_266' title='bbox 2158 541 2372 608; x_wconf 77' lang='grc' dir='ltr'>φύσεως</span> <span class='ocrx_word' id='word_1_267' title='bbox 2403 541 2621 610; x_wconf 77' lang='grc' dir='ltr'><strong>λόγου;;</strong></span> <span class='ocrx_word' id='word_1_268' title='bbox 2657 539 2789 596; x_wconf 75' lang='grc' dir='ltr'>Εἶτα</span> <span class='ocrx_word' id='word_1_269' title='bbox 2823 544 2940 608; x_wconf 80' lang='grc' dir='ltr'><strong>πῶς</strong></span> <span class='ocrx_word' id='word_1_270' title='bbox 2970 547 3129 600; x_wconf 79' lang='grc' dir='ltr'>τοῦτο</span> <span class='ocrx_word' id='word_1_271' title='bbox 3157 548 3257 602; x_wconf 81' lang='grc' dir='ltr'><strong>οὐκ</strong></span> <span class='ocrx_word' id='word_1_272' title='bbox 3287 550 3497 620; x_wconf 76' lang='grc' dir='ltr'>ἀμαθὲς</span> <span class='ocrx_word' id='word_1_273' title='bbox 3529 554 3704 606; x_wconf 89' lang='grc' dir='ltr'>εἰπεῖν</span> <span class='ocrx_word' id='word_1_274' title='bbox 3729 572 3744 620; x_wconf 82' lang='lat'>;</span> 
     </span>
    </p>
   </div>
   <div class='ocr_carea' id='block_1_35' title="bbox 2155 633 3746 714">
    <p class='ocr_par' dir='ltr' id='par_1_35' title="bbox 2155 633 3746 714">
     <span class='ocr_line' id='line_1_35' title="bbox 2155 633 3746 714; baseline 0.007 -28"><span class='ocrx_word' id='word_1_275' title='bbox 2155 633 2506 703; x_wconf 64' lang='grc' dir='ltr'>διαψεύσεται</span> <span class='ocrx_word' id='word_1_276' title='bbox 2549 635 2658 704; x_wconf 73' lang='grc' dir='ltr'><strong>γὰρ</strong></span> <span class='ocrx_word' id='word_1_277' title='bbox 2714 637 3019 710; x_wconf 79' lang='grc' dir='ltr'>πάντως,ἢ</span> <span class='ocrx_word' id='word_1_278' title='bbox 3070 642 3298 707; x_wconf 72' lang='grc' dir='ltr'>ἐκεῖνος,</span> <span class='ocrx_word' id='word_1_279' title='bbox 3343 643 3374 714; x_wconf 81' lang='grc' dir='ltr'>ἦ</span> <span class='ocrx_word' id='word_1_280' title='bbox 3411 638 3584 708; x_wconf 75' lang='grc' dir='ltr'>οὗτος.</span> <span class='ocrx_word' id='word_1_281' title='bbox 3616 646 3746 697; x_wconf 88' lang='grc' dir='ltr'><strong>Συν-</strong></span> 
     </span>
    </p>
   </div>
   <div class='ocr_carea' id='block_1_36' title="bbox 2156 726 3742 806">
    <p class='ocr_par' dir='ltr' id='par_1_36' title="bbox 2156 726 3742 806">
     <span class='ocr_line' id='line_1_36' title="bbox 2156 726 3742 806; baseline 0.008 -30"><span class='ocrx_word' id='word_1_282' title='bbox 2156 726 2383 796; x_wconf 80' lang='grc' dir='ltr'>ηγορίαν</span> <span class='ocrx_word' id='word_1_283' title='bbox 2403 726 2458 779; x_wconf 73' lang='grc' dir='ltr'>δὲ</span> <span class='ocrx_word' id='word_1_284' title='bbox 2486 726 2681 796; x_wconf 89' lang='grc' dir='ltr'>λέγων,</span> <span class='ocrx_word' id='word_1_285' title='bbox 2711 728 2878 797; x_wconf 75' lang='grc' dir='ltr'>ἤγουν</span> <span class='ocrx_word' id='word_1_286' title='bbox 2911 731 3325 802; x_wconf 82' lang='grc' dir='ltr'>συνηγόρευσιν,</span> <span class='ocrx_word' id='word_1_287' title='bbox 3359 735 3457 803; x_wconf 79' lang='grc' dir='ltr'><strong>οὐχ</strong></span> <span class='ocrx_word' id='word_1_288' title='bbox 3483 734 3673 806; x_wconf 72' lang='grc' dir='ltr'>ἕτερόν</span> <span class='ocrx_word' id='word_1_289' title='bbox 3690 753 3742 789; x_wconf 91' lang='grc' dir='ltr'>τι</span> 
     </span>
    </p>
   </div>
   <div class='ocr_carea' id='block_1_37' title="bbox 2155 816 3741 894">
    <p class='ocr_par' dir='ltr' id='par_1_37' title="bbox 2155 816 3741 894">
     <span class='ocr_line' id='line_1_37' title="bbox 2155 816 3741 894; baseline 0.006 -26"><span class='ocrx_word' id='word_1_290' title='bbox 2155 816 2318 869; x_wconf 77' lang='grc' dir='ltr'>πάλιν</span> <span class='ocrx_word' id='word_1_291' title='bbox 2348 818 2524 889; x_wconf 80' lang='grc' dir='ltr'>ἑτέρῳ</span> <span class='ocrx_word' id='word_1_292' title='bbox 2556 822 2869 890; x_wconf 84' lang='grc' dir='ltr'>συνηγορεῖ,</span> <span class='ocrx_word' id='word_1_293' title='bbox 2903 821 2997 873; x_wconf 78' lang='grc' dir='ltr'><strong>καὶ</strong></span> <span class='ocrx_word' id='word_1_294' title='bbox 3046 824 3146 892; x_wconf 74' lang='grc' dir='ltr'>οὐκ</span> <span class='ocrx_word' id='word_1_295' title='bbox 3194 825 3336 876; x_wconf 81' lang='grc' dir='ltr'>ἑκὼν</span> <span class='ocrx_word' id='word_1_296' title='bbox 3377 824 3681 894; x_wconf 79' lang='grc' dir='ltr'>ὁμολογεῖς,</span> <span class='ocrx_word' id='word_1_297' title='bbox 3713 828 3741 878; x_wconf 83' lang='grc' dir='ltr'><strong>ὁ</strong></span> 
     </span>
    </p>
   </div>
   <div class='ocr_carea' id='block_1_38' title="bbox 2157 905 3740 981">
    <p class='ocr_par' dir='ltr' id='par_1_38' title="bbox 2157 905 3740 981">
     <span class='ocr_line' id='line_1_38' title="bbox 2157 905 3740 981; baseline 0.005 -24"><span class='ocrx_word' id='word_1_298' title='bbox 2157 905 2452 975; x_wconf 80' lang='grc' dir='ltr'>συνάφειαν</span> <span class='ocrx_word' id='word_1_299' title='bbox 2480 909 2609 977; x_wconf 77' lang='grc' dir='ltr'>ἡμῖν</span> <span class='ocrx_word' id='word_1_300' title='bbox 2636 905 2938 977; x_wconf 80' lang='grc' dir='ltr'>ὀνομάζων,</span> <span class='ocrx_word' id='word_1_301' title='bbox 2969 910 3063 961; x_wconf 79' lang='grc' dir='ltr'><strong>καὶ</strong></span> <span class='ocrx_word' id='word_1_302' title='bbox 3092 910 3188 963; x_wconf 75' lang='grc' dir='ltr'><strong>ἕνα</strong></span> <span class='ocrx_word' id='word_1_303' title='bbox 3214 911 3451 981; x_wconf 67' lang='grc' dir='ltr'>Χριστὸν</span> <span class='ocrx_word' id='word_1_304' title='bbox 3488 911 3582 964; x_wconf 76' lang='grc' dir='ltr'><strong>καὶ</strong></span> <span class='ocrx_word' id='word_1_305' title='bbox 3627 911 3740 965; x_wconf 80' lang='grc' dir='ltr'><strong>Κύ-</strong></span> 
     </span>
    </p>
   </div>
   <div class='ocr_carea' id='block_1_39' title="bbox 2155 998 3741 1073">
    <p class='ocr_par' dir='ltr' id='par_1_39' title="bbox 2155 998 3741 1073">
     <span class='ocr_line' id='line_1_39' title="bbox 2155 998 3741 1073; baseline 0.004 -23"><span class='ocrx_word' id='word_1_306' title='bbox 2155 1013 2302 1069; x_wconf 80' lang='grc' dir='ltr'><strong>ριον⁹</strong></span> <span class='ocrx_word' id='word_1_307' title='bbox 2348 998 2443 1051; x_wconf 78' lang='grc' dir='ltr'><strong>καὶ</strong></span> <span class='ocrx_word' id='word_1_308' title='bbox 2495 999 2710 1069; x_wconf 79' lang='grc' dir='ltr'><strong>τέμνων</strong></span> <span class='ocrx_word' id='word_1_309' title='bbox 2762 1001 2843 1062; x_wconf 84' lang='grc' dir='ltr'>εἰς</span> <span class='ocrx_word' id='word_1_310' title='bbox 2895 1000 2990 1053; x_wconf 77' lang='grc' dir='ltr'>δύο</span> <span class='ocrx_word' id='word_1_311' title='bbox 3038 1005 3396 1073; x_wconf 76' lang='grc' dir='ltr'>προσκυνεῖςο</span> <span class='ocrx_word' id='word_1_312' title='bbox 3439 1003 3639 1072; x_wconf 82' lang='grc' dir='ltr'>μᾶλλον</span> <span class='ocrx_word' id='word_1_313' title='bbox 3684 1003 3741 1056; x_wconf 67' lang='grc' dir='ltr'>δὲ</span> 
     </span>
    </p>
   </div>
   <div class='ocr_carea' id='block_1_40' title="bbox 2153 1088 3740 1165">
    <p class='ocr_par' dir='ltr' id='par_1_40' title="bbox 2153 1088 3740 1165">
     <span class='ocr_line' id='line_1_40' title="bbox 2153 1088 3740 1165; baseline 0.004 -24"><span class='ocrx_word' id='word_1_314' title='bbox 2153 1088 2624 1162; x_wconf 74' lang='grc' dir='ltr'>συμπροσκυνεῖςσ</span> <span class='ocrx_word' id='word_1_315' title='bbox 2672 1093 2768 1144; x_wconf 71' lang='grc' dir='ltr'><strong>καὶ</strong></span> <span class='ocrx_word' id='word_1_316' title='bbox 2812 1092 3178 1146; x_wconf 71' lang='grc' dir='ltr'><strong>ἀπαλλάττειν</strong></span> <span class='ocrx_word' id='word_1_317' title='bbox 3209 1093 3310 1146; x_wconf 79' lang='grc' dir='ltr'>οἴει</span> <span class='ocrx_word' id='word_1_318' title='bbox 3354 1093 3452 1165; x_wconf 82' lang='grc' dir='ltr'><strong>τὴν</strong></span> <span class='ocrx_word' id='word_1_319' title='bbox 3504 1095 3740 1164; x_wconf 77' lang='grc' dir='ltr'>Ἐκκλη-</span> 
     </span>
    </p>
   </div>
   <div class='ocr_carea' id='block_1_41' title="bbox 2154 1180 3741 1254">
    <p class='ocr_par' dir='ltr' id='par_1_41' title="bbox 2154 1180 3741 1254">
     <span class='ocr_line' id='line_1_41' title="bbox 2154 1180 3741 1254; baseline 0.002 -21"><span class='ocrx_word' id='word_1_320' title='bbox 2154 1181 2271 1234; x_wconf 81' lang='grc' dir='ltr'>σίαν</span> <span class='ocrx_word' id='word_1_321' title='bbox 2327 1180 2418 1234; x_wconf 77' lang='grc' dir='ltr'>τοῦ</span> <span class='ocrx_word' id='word_1_322' title='bbox 2453 1181 2552 1251; x_wconf 81' lang='grc' dir='ltr'><strong>τῆς</strong></span> <span class='ocrx_word' id='word_1_323' title='bbox 2581 1180 2858 1245; x_wconf 78' lang='grc' dir='ltr'>θεοποιῒας</span> <span class='ocrx_word' id='word_1_324' title='bbox 2895 1183 3259 1254; x_wconf 83' lang='grc' dir='ltr'>ἐγκλήματος,</span> <span class='ocrx_word' id='word_1_325' title='bbox 3290 1184 3552 1237; x_wconf 85' lang='grc' dir='ltr'>θεοποιῶν</span> <span class='ocrx_word' id='word_1_326' title='bbox 3578 1184 3741 1248; x_wconf 77' lang='grc' dir='ltr'>αὐτὸς</span> 
     </span>
    </p>
   </div>
   <div class='ocr_carea' id='block_1_42' title="bbox 2150 1272 3736 1347">
    <p class='ocr_par' dir='ltr' id='par_1_42' title="bbox 2150 1272 3736 1347">
     <span class='ocr_line' id='line_1_42' title="bbox 2150 1272 3736 1347; baseline 0.001 -19"><span class='ocrx_word' id='word_1_327' title='bbox 2150 1272 2453 1345; x_wconf 81' lang='grc' dir='ltr'>ἄνθρωπον,</span> <span class='ocrx_word' id='word_1_328' title='bbox 2487 1275 2580 1328; x_wconf 66' lang='grc' dir='ltr'><strong>καὶ</strong></span> <span class='ocrx_word' id='word_1_329' title='bbox 2607 1275 2706 1344; x_wconf 75' lang='grc' dir='ltr'>οὐχ</span> <span class='ocrx_word' id='word_1_330' title='bbox 2735 1275 2830 1327; x_wconf 70' lang='grc' dir='ltr'><strong>ἕνα</strong></span> <span class='ocrx_word' id='word_1_331' title='bbox 2874 1274 3051 1344; x_wconf 83' lang='grc' dir='ltr'>λέγων</span> <span class='ocrx_word' id='word_1_332' title='bbox 3086 1276 3233 1341; x_wconf 80' lang='grc' dir='ltr'>Υίὸν,</span> <span class='ocrx_word' id='word_1_333' title='bbox 3269 1276 3372 1330; x_wconf 75' lang='grc' dir='ltr'>κᾶν</span> <span class='ocrx_word' id='word_1_334' title='bbox 3416 1277 3464 1328; x_wconf 80' lang='grc' dir='ltr'>εἰ</span> <span class='ocrx_word' id='word_1_335' title='bbox 3500 1275 3575 1347; x_wconf 82' lang='grc' dir='ltr'><strong>μὴ</strong></span> <span class='ocrx_word' id='word_1_336' title='bbox 3613 1276 3736 1346; x_wconf 80' lang='grc' dir='ltr'>δίχα</span> 
     </span>
    </p>
   </div>
   <div class='ocr_carea' id='block_1_43' title="bbox 2149 1366 3738 1443">
    <p class='ocr_par' dir='ltr' id='par_1_43' title="bbox 2149 1366 3738 1443">
     <span class='ocr_line' id='line_1_43' title="bbox 2149 1366 3738 1443; baseline 0.004 -24"><span class='ocrx_word' id='word_1_337' title='bbox 2149 1367 2318 1419; x_wconf 84' lang='grc' dir='ltr'>νοοῖτο</span> <span class='ocrx_word' id='word_1_338' title='bbox 2343 1367 2441 1436; x_wconf 81' lang='grc' dir='ltr'>τῆς</span> <span class='ocrx_word' id='word_1_339' title='bbox 2473 1366 2608 1429; x_wconf 80' lang='grc' dir='ltr'>ἰδίας</span> <span class='ocrx_word' id='word_1_340' title='bbox 2635 1369 2873 1438; x_wconf 78' lang='grc' dir='ltr'>σαρκὸ;;</span> <span class='ocrx_word' id='word_1_341' title='bbox 2920 1370 3330 1442; x_wconf 80' lang='grc' dir='ltr'>Προσκυνήσεις</span> <span class='ocrx_word' id='word_1_342' title='bbox 3351 1370 3461 1443; x_wconf 84' lang='grc' dir='ltr'><strong>γὰρ</strong></span> <span class='ocrx_word' id='word_1_343' title='bbox 3490 1372 3609 1425; x_wconf 86' lang='grc' dir='ltr'>τότε</span> <span class='ocrx_word' id='word_1_344' title='bbox 3639 1373 3738 1425; x_wconf 74' lang='grc' dir='ltr'>καὶ</span> 
     </span>
    </p>
   </div>
   <div class='ocr_carea' id='block_1_44' title="bbox 2149 1456 3736 1533">
    <p class='ocr_par' dir='ltr' id='par_1_44' title="bbox 2149 1456 3736 1533">
     <span class='ocr_line' id='line_1_44' title="bbox 2149 1456 3736 1533; baseline 0.004 -23"><span class='ocrx_word' id='word_1_345' title='bbox 2149 1457 2536 1528; x_wconf 81' lang='grc' dir='ltr'><strong>ἀνεγκλήτως·</strong></span> <span class='ocrx_word' id='word_1_346' title='bbox 2594 1459 2690 1512; x_wconf 78' lang='grc' dir='ltr'>καὶ</span> <span class='ocrx_word' id='word_1_347' title='bbox 2731 1460 2916 1532; x_wconf 81' lang='grc' dir='ltr'>γνώσῃ</span> <span class='ocrx_word' id='word_1_348' title='bbox 2970 1461 3073 1515; x_wconf 82' lang='grc' dir='ltr'>ποῦ</span> <span class='ocrx_word' id='word_1_349' title='bbox 3127 1456 3292 1533; x_wconf 75' lang='grc' dir='ltr'>ἦσθα,</span> <span class='ocrx_word' id='word_1_350' title='bbox 3342 1463 3484 1516; x_wconf 85' lang='grc' dir='ltr'>κατὰ</span> <span class='ocrx_word' id='word_1_351' title='bbox 3525 1463 3588 1517; x_wconf 78' lang='grc' dir='ltr'><strong>τὸ</strong></span> <span class='ocrx_word' id='word_1_352' title='bbox 3639 1480 3736 1532; x_wconf 80' lang='grc' dir='ltr'>γε·</span> 
     </span>
    </p>
   </div>
   <div class='ocr_carea' id='block_1_45' title="bbox 2147 1549 3734 1624">
    <p class='ocr_par' dir='ltr' id='par_1_45' title="bbox 2147 1549 3734 1624">
     <span class='ocr_line' id='line_1_45' title="bbox 2147 1549 3734 1624; baseline 0.004 -23"><span class='ocrx_word' id='word_1_353' title='bbox 2147 1549 2487 1621; x_wconf 81' lang='grc' dir='ltr'>γραμμένον,</span> <span class='ocrx_word' id='word_1_354' title='bbox 2521 1549 2628 1601; x_wconf 80' lang='grc' dir='ltr'><strong>τῶν</strong></span> <span class='ocrx_word' id='word_1_355' title='bbox 2657 1549 2757 1618; x_wconf 76' lang='grc' dir='ltr'>τῆς</span> <span class='ocrx_word' id='word_1_356' title='bbox 2794 1550 3053 1622; x_wconf 75' lang='grc' dir='ltr'><strong>ἀληθείας</strong></span> <span class='ocrx_word' id='word_1_357' title='bbox 3082 1551 3394 1622; x_wconf 63' lang='grc' dir='ltr'>ἀποφοιτιῖω</span> <span class='ocrx_word' id='word_1_358' title='bbox 3421 1553 3734 1624; x_wconf 81' lang='grc' dir='ltr'><strong>δογμάτων.</strong></span> 
     </span>
    </p>
   </div>
   <div class='ocr_carea' id='block_1_46' title="bbox 2162 1641 3738 1715">
    <p class='ocr_par' dir='ltr' id='par_1_46' title="bbox 2162 1641 3738 1715">
     <span class='ocr_line' id='line_1_46' title="bbox 2162 1641 3738 1715; baseline 0.004 -22"><span class='ocrx_word' id='word_1_359' title='bbox 2162 1641 2320 1694; x_wconf 84' lang='grc' dir='ltr'>Ἀλλὰ</span> <span class='ocrx_word' id='word_1_360' title='bbox 2349 1641 2458 1706; x_wconf 68' lang='grc' dir='ltr'>ναὶ,</span> <span class='ocrx_word' id='word_1_361' title='bbox 2494 1641 2683 1711; x_wconf 77' lang='grc' dir='ltr'>φησὶν,</span> <span class='ocrx_word' id='word_1_362' title='bbox 2718 1643 2907 1713; x_wconf 74' lang='grc' dir='ltr'>εἴρηκε</span> <span class='ocrx_word' id='word_1_363' title='bbox 2931 1643 3008 1714; x_wconf 81' lang='grc' dir='ltr'>τῷ</span> <span class='ocrx_word' id='word_1_364' title='bbox 3036 1643 3242 1715; x_wconf 85' lang='grc' dir='ltr'>λεπρῷ,</span> <span class='ocrx_word' id='word_1_365' title='bbox 3287 1665 3304 1697; x_wconf 81' lang='grc' dir='ltr'><strong>ι</strong></span> <span class='ocrx_word' id='word_1_366' title='bbox 3342 1645 3513 1710; x_wconf 85' lang='grc' dir='ltr'><strong>Θέλω,</strong></span> <span class='ocrx_word' id='word_1_367' title='bbox 3560 1645 3738 1700; x_wconf 83' lang='grc' dir='ltr'>καθα-</span> 
     </span>
    </p>
   </div>
   <div class='ocr_carea' id='block_1_47' title="bbox 2148 1734 3736 1808">
    <p class='ocr_par' dir='ltr' id='par_1_47' title="bbox 2148 1734 3736 1808">
     <span class='ocr_line' id='line_1_47' title="bbox 2148 1734 3736 1808; baseline 0.005 -23"><span class='ocrx_word' id='word_1_368' title='bbox 2148 1734 2384 1805; x_wconf 82' lang='grc' dir='ltr'>ρίσθητι’</span> <span class='ocrx_word' id='word_1_369' title='bbox 2429 1753 2447 1786; x_wconf 84' lang='grc'><strong>›</strong></span> <span class='ocrx_word' id='word_1_370' title='bbox 2488 1734 2582 1787; x_wconf 70' lang='grc' dir='ltr'><strong>καὶ</strong></span> <span class='ocrx_word' id='word_1_371' title='bbox 2610 1737 2675 1806; x_wconf 82' lang='grc' dir='ltr'><strong>τῇ</strong></span> <span class='ocrx_word' id='word_1_372' title='bbox 2703 1735 2796 1788; x_wconf 84' lang='grc' dir='ltr'><strong>τοῦ</strong></span> <span class='ocrx_word' id='word_1_373' title='bbox 2836 1735 3287 1806; x_wconf 78' lang='grc' dir='ltr'><strong>ἀρχισυναγώγου</strong></span> <span class='ocrx_word' id='word_1_374' title='bbox 3313 1738 3564 1808; x_wconf 71' lang='grc' dir='ltr'>θυγατρὶ,</span> <span class='ocrx_word' id='word_1_375' title='bbox 3600 1757 3619 1790; x_wconf 75' lang='grc' dir='ltr'><strong>ι</strong></span> <span class='ocrx_word' id='word_1_376' title='bbox 3667 1740 3736 1793; x_wconf 81' lang='grc' dir='ltr'><em>Ἡ</em></span> 
     </span>
    </p>
   </div>
   <div class='ocr_carea' id='block_1_48' title="bbox 2143 1824 3730 1900">
    <p class='ocr_par' dir='ltr' id='par_1_48' title="bbox 2143 1824 3730 1900">
     <span class='ocr_line' id='line_1_48' title="bbox 2143 1824 3730 1900; baseline 0.004 -24"><span class='ocrx_word' id='word_1_377' title='bbox 2143 1827 2292 1887; x_wconf 82' lang='grc' dir='ltr'>παῖς,</span> <span class='ocrx_word' id='word_1_378' title='bbox 2345 1824 2589 1894; x_wconf 79' lang='grc' dir='ltr'>ἔγειραιο</span> <span class='ocrx_word' id='word_1_379' title='bbox 2626 1845 2645 1876; x_wconf 75' lang='grc' dir='ltr'><strong>ι</strong></span> <span class='ocrx_word' id='word_1_380' title='bbox 2695 1829 2786 1879; x_wconf 72' lang='grc' dir='ltr'><strong>καὶ</strong></span> <span class='ocrx_word' id='word_1_381' title='bbox 2828 1829 2894 1898; x_wconf 81' lang='grc' dir='ltr'>τῇ</span> <span class='ocrx_word' id='word_1_382' title='bbox 2940 1826 3205 1899; x_wconf 79' lang='grc' dir='ltr'><strong>θαλάσσῃ,</strong></span> <span class='ocrx_word' id='word_1_383' title='bbox 3241 1847 3259 1879; x_wconf 82' lang='grc' dir='ltr'><strong>ι</strong></span> <span class='ocrx_word' id='word_1_384' title='bbox 3291 1828 3514 1894; x_wconf 87' lang='grc' dir='ltr'>Σιώπα,</span> <span class='ocrx_word' id='word_1_385' title='bbox 3566 1831 3730 1900; x_wconf 79' lang='grc' dir='ltr'>πεφί-</span> 
     </span>
    </p>
   </div>
   <div class='ocr_carea' id='block_1_49' title="bbox 2145 1919 3739 1992">
    <p class='ocr_par' dir='ltr' id='par_1_49' title="bbox 2145 1919 3739 1992">
     <span class='ocr_line' id='line_1_49' title="bbox 2145 1919 3739 1992; baseline 0.002 -22"><span class='ocrx_word' id='word_1_386' title='bbox 2145 1934 2315 1987; x_wconf 74' lang='grc' dir='ltr'>μωσο.</span> <span class='ocrx_word' id='word_1_387' title='bbox 2387 1937 2405 1968; x_wconf 70' lang='grc' dir='ltr'><strong>ι</strong></span> <span class='ocrx_word' id='word_1_388' title='bbox 2461 1919 2767 1990; x_wconf 86' lang='grc' dir='ltr'>Συνήγορος</span> <span class='ocrx_word' id='word_1_389' title='bbox 2814 1919 2870 1972; x_wconf 83' lang='grc' dir='ltr'>δὲ</span> <span class='ocrx_word' id='word_1_390' title='bbox 2915 1919 3056 1972; x_wconf 80' lang='grc' dir='ltr'>κατὰ</span> <span class='ocrx_word' id='word_1_391' title='bbox 3086 1919 3282 1972; x_wconf 70' lang='grc' dir='ltr'>τοῦτο’</span> <span class='ocrx_word' id='word_1_392' title='bbox 3319 1919 3445 1984; x_wconf 77' lang='grc' dir='ltr'>τοὺς</span> <span class='ocrx_word' id='word_1_393' title='bbox 3487 1921 3600 1992; x_wconf 81' lang='grc' dir='ltr'><strong>γάρ</strong></span> <span class='ocrx_word' id='word_1_394' title='bbox 3652 1938 3739 1974; x_wconf 85' lang='grc' dir='ltr'>τοι</span> 
     </span>
    </p>
   </div>
   <div class='ocr_carea' id='block_1_50' title="bbox 2141 2003 3736 2082">
    <p class='ocr_par' dir='ltr' id='par_1_50' title="bbox 2141 2003 3736 2082">
     <span class='ocr_line' id='line_1_50' title="bbox 2141 2003 3736 2082; baseline 0.004 -22"><span class='ocrx_word' id='word_1_395' title='bbox 2141 2007 2318 2072; x_wconf 78' lang='grc' dir='ltr'>θείους</span> <span class='ocrx_word' id='word_1_396' title='bbox 2352 2009 2651 2078; x_wconf 67' lang='grc' dir='ltr'>ἐφθέγγετο</span> <span class='ocrx_word' id='word_1_397' title='bbox 2679 2010 2890 2078; x_wconf 83' lang='grc' dir='ltr'>λόγους,</span> <span class='ocrx_word' id='word_1_398' title='bbox 2923 2010 2989 2063; x_wconf 86' lang='grc' dir='ltr'>δι’</span> <span class='ocrx_word' id='word_1_399' title='bbox 3017 2003 3091 2063; x_wconf 83' lang='grc' dir='ltr'><strong>ὧν</strong></span> <span class='ocrx_word' id='word_1_400' title='bbox 3134 2007 3203 2082; x_wconf 79' lang='grc' dir='ltr'><strong>ἦν</strong></span> <span class='ocrx_word' id='word_1_401' title='bbox 3247 2011 3424 2065; x_wconf 82' lang='grc' dir='ltr'>πάντα</span> <span class='ocrx_word' id='word_1_402' title='bbox 3465 2011 3736 2066; x_wconf 82' lang='grc' dir='ltr'>δύνασθαι</span> 
     </span>
    </p>
   </div>
   <div class='ocr_carea' id='block_1_51' title="bbox 2140 2098 3736 2174">
    <p class='ocr_par' dir='ltr' id='par_1_51' title="bbox 2140 2098 3736 2174">
     <span class='ocr_line' id='line_1_51' title="bbox 2140 2098 3736 2174; baseline 0.004 -22"><span class='ocrx_word' id='word_1_403' title='bbox 2140 2100 2439 2170; x_wconf 79' lang='grc' dir='ltr'><strong>κατορθοῦν</strong></span> <span class='ocrx_word' id='word_1_404' title='bbox 2487 2102 2748 2167; x_wconf 81' lang='grc' dir='ltr'>εὐκόλως.</span> <span class='ocrx_word' id='word_1_405' title='bbox 2781 2102 2886 2156; x_wconf 87' lang='grc' dir='ltr'><strong>Δύο</strong></span> <span class='ocrx_word' id='word_1_406' title='bbox 2933 2102 2998 2174; x_wconf 82' lang='grc' dir='ltr'>δὴ</span> <span class='ocrx_word' id='word_1_407' title='bbox 3043 2098 3135 2156; x_wconf 80' lang='grc' dir='ltr'>οὖν</span> <span class='ocrx_word' id='word_1_408' title='bbox 3179 2105 3230 2157; x_wconf 80' lang='grc' dir='ltr'><strong>οι</strong></span> <span class='ocrx_word' id='word_1_409' title='bbox 3275 2104 3736 2174; x_wconf 77' lang='grc' dir='ltr'><strong>προστάττοντες,</strong></span> 
     </span>
    </p>
   </div>
   <div class='ocr_carea' id='block_1_52' title="bbox 2138 2191 3738 2266">
    <p class='ocr_par' dir='ltr' id='par_1_52' title="bbox 2138 2191 3738 2266">
     <span class='ocr_line' id='line_1_52' title="bbox 2138 2191 3738 2266; baseline 0.003 -20"><span class='ocrx_word' id='word_1_410' title='bbox 2138 2193 2232 2247; x_wconf 78' lang='grc' dir='ltr'><strong>καὶ</strong></span> <span class='ocrx_word' id='word_1_411' title='bbox 2278 2195 2608 2266; x_wconf 76' lang='grc' dir='ltr'><strong>ἀμφοτέρων</strong></span> <span class='ocrx_word' id='word_1_412' title='bbox 2659 2191 2799 2249; x_wconf 80' lang='grc' dir='ltr'>εῖναι</span> <span class='ocrx_word' id='word_1_413' title='bbox 2845 2195 3090 2266; x_wconf 86' lang='grc' dir='ltr'>δώσομεν</span> <span class='ocrx_word' id='word_1_414' title='bbox 3132 2197 3258 2260; x_wconf 76' lang='grc' dir='ltr'>τοὺς</span> <span class='ocrx_word' id='word_1_415' title='bbox 3308 2196 3394 2266; x_wconf 83' lang='grc' dir='ltr'><strong>ἐφ’</strong></span> <span class='ocrx_word' id='word_1_416' title='bbox 3427 2199 3598 2251; x_wconf 78' lang='grc' dir='ltr'>ἅπασι</span> <span class='ocrx_word' id='word_1_417' title='bbox 3646 2199 3738 2251; x_wconf 78' lang='grc' dir='ltr'><strong>λό-</strong></span> 
     </span>
    </p>
   </div>
   <div class='ocr_carea' id='block_1_53' title="bbox 2138 2283 3734 2359">
    <p class='ocr_par' dir='ltr' id='par_1_53' title="bbox 2138 2283 3734 2359">
     <span class='ocr_line' id='line_1_53' title="bbox 2138 2283 3734 2359; baseline 0.004 -22"><span class='ocrx_word' id='word_1_418' title='bbox 2138 2301 2288 2351; x_wconf 79' lang='grc' dir='ltr'>γους.</span> <span class='ocrx_word' id='word_1_419' title='bbox 2318 2285 2489 2338; x_wconf 83' lang='grc' dir='ltr'>Ὅταν</span> <span class='ocrx_word' id='word_1_420' title='bbox 2531 2283 2625 2340; x_wconf 82' lang='grc' dir='ltr'><strong>οὖν</strong></span> <span class='ocrx_word' id='word_1_421' title='bbox 2665 2286 2819 2359; x_wconf 84' lang='grc' dir='ltr'><strong>λέγῃ,</strong></span> <span class='ocrx_word' id='word_1_422' title='bbox 2865 2307 2882 2338; x_wconf 80' lang='grc' dir='ltr'><strong>ι</strong></span> <span class='ocrx_word' id='word_1_423' title='bbox 2921 2287 2986 2342; x_wconf 88' lang='grc' dir='ltr'><strong>Τί</strong></span> <span class='ocrx_word' id='word_1_424' title='bbox 3015 2305 3083 2358; x_wconf 86' lang='grc' dir='ltr'><strong>με</strong></span> <span class='ocrx_word' id='word_1_425' title='bbox 3123 2289 3333 2359; x_wconf 81' lang='grc' dir='ltr'>ζητεῖτε</span> <span class='ocrx_word' id='word_1_426' title='bbox 3381 2291 3734 2358; x_wconf 83' lang='grc' dir='ltr'>ἀποκτεῖναι,</span> 
     </span>
    </p>
   </div>
   <div class='ocr_carea' id='block_1_54' title="bbox 2137 2376 3805 2459">
    <p class='ocr_par' dir='ltr' id='par_1_54' title="bbox 2137 2376 3805 2459">
     <span class='ocr_line' id='line_1_54' title="bbox 2137 2376 3805 2459; baseline 0.004 -28"><span class='ocrx_word' id='word_1_427' title='bbox 2137 2376 2447 2448; x_wconf 82' lang='grc' dir='ltr'>ἄνθρωπον,</span> <span class='ocrx_word' id='word_1_428' title='bbox 2475 2377 2533 2442; x_wconf 79' lang='grc' dir='ltr'>ὃς</span> <span class='ocrx_word' id='word_1_429' title='bbox 2559 2379 2658 2451; x_wconf 81' lang='grc' dir='ltr'><strong>τὴν</strong></span> <span class='ocrx_word' id='word_1_430' title='bbox 2685 2380 2943 2451; x_wconf 81' lang='grc' dir='ltr'>ἀλήθειαν</span> <span class='ocrx_word' id='word_1_431' title='bbox 2973 2382 3103 2452; x_wconf 82' lang='grc' dir='ltr'>ὑμῖν</span> <span class='ocrx_word' id='word_1_432' title='bbox 3150 2381 3456 2452; x_wconf 82' lang='grc' dir='ltr'>λελάληκα;</span> <span class='ocrx_word' id='word_1_433' title='bbox 3497 2401 3516 2436; x_wconf 70' lang='grc' dir='ltr'><strong><em>ο</em></strong></span> <span class='ocrx_word' id='word_1_434' title='bbox 3555 2383 3730 2450; x_wconf 77' lang='grc' dir='ltr'>τίνος,</span> <span class='ocrx_word' id='word_1_435' title='bbox 3789 2445 3805 2459; x_wconf 79' lang='lat'>_</span> 
     </span>
    </p>
   </div>
   <div class='ocr_carea' id='block_1_55' title="bbox 2137 2469 3732 2548">
    <p class='ocr_par' dir='ltr' id='par_1_55' title="bbox 2137 2469 3732 2548">
     <span class='ocr_line' id='line_1_55' title="bbox 2137 2469 3732 2548; baseline 0.006 -26"><span class='ocrx_word' id='word_1_436' title='bbox 2137 2471 2258 2524; x_wconf 79' lang='grc' dir='ltr'>εἰπέ</span> <span class='ocrx_word' id='word_1_437' title='bbox 2287 2488 2395 2542; x_wconf 85' lang='grc' dir='ltr'>μοι,</span> <span class='ocrx_word' id='word_1_438' title='bbox 2422 2472 2548 2536; x_wconf 82' lang='grc' dir='ltr'>τοὺς</span> <span class='ocrx_word' id='word_1_439' title='bbox 2597 2473 2842 2527; x_wconf 80' lang='grc' dir='ltr'>τοιούσδε</span> <span class='ocrx_word' id='word_1_440' title='bbox 2865 2473 3056 2542; x_wconf 82' lang='grc' dir='ltr'><strong>λόγους</strong></span> <span class='ocrx_word' id='word_1_441' title='bbox 3083 2469 3222 2528; x_wconf 78' lang='grc' dir='ltr'>εἶναι</span> <span class='ocrx_word' id='word_1_442' title='bbox 3251 2477 3391 2547; x_wconf 83' lang='grc' dir='ltr'><strong>φής;</strong></span> <span class='ocrx_word' id='word_1_443' title='bbox 3417 2475 3450 2548; x_wconf 79' lang='grc' dir='ltr'>ἦ</span> <span class='ocrx_word' id='word_1_444' title='bbox 3481 2477 3732 2542; x_wconf 69' lang='grc' dir='ltr'>ἐκείνους</span> 
     </span>
    </p>
   </div>
   <div class='ocr_carea' id='block_1_56' title="bbox 2140 2560 3729 2634">
    <p class='ocr_par' dir='ltr' id='par_1_56' title="bbox 2140 2560 3729 2634">
     <span class='ocr_line' id='line_1_56' title="bbox 2140 2560 3729 2634; baseline 0.003 -22"><span class='ocrx_word' id='word_1_445' title='bbox 2140 2560 2240 2630; x_wconf 76' lang='grc' dir='ltr'>μὲν</span> <span class='ocrx_word' id='word_1_446' title='bbox 2275 2561 2568 2631; x_wconf 76' lang='grc' dir='ltr'><strong>ἀπονέμεις</strong></span> <span class='ocrx_word' id='word_1_447' title='bbox 2595 2562 2672 2633; x_wconf 84' lang='grc' dir='ltr'>τῷ</span> <span class='ocrx_word' id='word_1_448' title='bbox 2712 2563 2891 2634; x_wconf 86' lang='grc' dir='ltr'><strong>Λόγῳ,</strong></span> <span class='ocrx_word' id='word_1_449' title='bbox 2921 2563 3146 2627; x_wconf 77' lang='grc' dir='ltr'><strong>τούτους</strong></span> <span class='ocrx_word' id='word_1_450' title='bbox 3172 2581 3233 2633; x_wconf 89' lang='grc' dir='ltr'>γε</span> <span class='ocrx_word' id='word_1_451' title='bbox 3279 2565 3385 2634; x_wconf 84' lang='grc' dir='ltr'>μὴν</span> <span class='ocrx_word' id='word_1_452' title='bbox 3412 2564 3488 2629; x_wconf 83' lang='grc' dir='ltr'>ὼς</span> <span class='ocrx_word' id='word_1_453' title='bbox 3513 2563 3729 2634; x_wconf 78' lang='grc' dir='ltr'>ἀνθρώο</span> 
     </span>
    </p>
   </div>
   <div class='ocr_carea' id='block_1_57' title="bbox 2137 2650 3730 2725">
    <p class='ocr_par' dir='ltr' id='par_1_57' title="bbox 2137 2650 3730 2725">
     <span class='ocr_line' id='line_1_57' title="bbox 2137 2650 3730 2725; baseline 0.002 -22"><span class='ocrx_word' id='word_1_454' title='bbox 2137 2668 2225 2721; x_wconf 82' lang='grc' dir='ltr'>πῳ</span> <span class='ocrx_word' id='word_1_455' title='bbox 2269 2651 2398 2722; x_wconf 85' lang='grc' dir='ltr'>παρ’</span> <span class='ocrx_word' id='word_1_456' title='bbox 2427 2652 2589 2705; x_wconf 80' lang='grc' dir='ltr'>αὑτὸν</span> <span class='ocrx_word' id='word_1_457' title='bbox 2629 2653 2801 2725; x_wconf 79' lang='grc' dir='ltr'>ἑτέρῳ</span> <span class='ocrx_word' id='word_1_458' title='bbox 2839 2654 2917 2725; x_wconf 79' lang='grc' dir='ltr'><strong>τῷ</strong></span> <span class='ocrx_word' id='word_1_459' title='bbox 2968 2656 3033 2707; x_wconf 80' lang='grc' dir='ltr'>ἐκ</span> <span class='ocrx_word' id='word_1_460' title='bbox 3077 2655 3370 2723; x_wconf 85' lang='grc' dir='ltr'>γυναικός;</span> <span class='ocrx_word' id='word_1_461' title='bbox 3417 2650 3550 2708; x_wconf 74' lang='grc' dir='ltr'><strong>Εἶτα</strong></span> <span class='ocrx_word' id='word_1_462' title='bbox 3598 2657 3730 2709; x_wconf 79' lang='grc' dir='ltr'>ὅποι</span> 
     </span>
    </p>
   </div>
   <div class='ocr_carea' id='block_1_58' title="bbox 2138 2745 3724 2817">
    <p class='ocr_par' dir='ltr' id='par_1_58' title="bbox 2138 2745 3724 2817">
     <span class='ocr_line' id='line_1_58' title="bbox 2138 2745 3724 2817; baseline 0.001 -20"><span class='ocrx_word' id='word_1_463' title='bbox 2138 2746 2268 2798; x_wconf 80' lang='grc' dir='ltr'>ποτὲ</span> <span class='ocrx_word' id='word_1_464' title='bbox 2298 2745 2485 2816; x_wconf 83' lang='grc' dir='ltr'>θήσεις</span> <span class='ocrx_word' id='word_1_465' title='bbox 2524 2746 2614 2799; x_wconf 83' lang='grc' dir='ltr'><strong>τὸν</strong></span> <span class='ocrx_word' id='word_1_466' title='bbox 2649 2745 2942 2817; x_wconf 78' lang='grc' dir='ltr'>ἱερώτατον</span> <span class='ocrx_word' id='word_1_467' title='bbox 2975 2747 3210 2812; x_wconf 76' lang='grc' dir='ltr'>Παῦλον,</span> <span class='ocrx_word' id='word_1_468' title='bbox 3242 2747 3466 2816; x_wconf 70' lang='grc' dir='ltr'>λέγοντα</span> <span class='ocrx_word' id='word_1_469' title='bbox 3494 2745 3680 2816; x_wconf 83' lang='grc' dir='ltr'>σαφῶς</span> <span class='ocrx_word' id='word_1_470' title='bbox 3706 2758 3724 2776; x_wconf 84' lang='lat'>&#39;</span> 
     </span>
    </p>
   </div>
   <div class='ocr_carea' id='block_1_59' title="bbox 2142 2833 3726 2912">
    <p class='ocr_par' dir='ltr' id='par_1_59' title="bbox 2142 2833 3726 2912">
     <span class='ocr_line' id='line_1_59' title="bbox 2142 2833 3726 2912; baseline 0.001 -23"><span class='ocrx_word' id='word_1_471' title='bbox 2142 2856 2160 2888; x_wconf 73' lang='grc' dir='ltr'><strong>ι</strong></span> <span class='ocrx_word' id='word_1_472' title='bbox 2212 2839 2372 2908; x_wconf 83' lang='grc' dir='ltr'>Ἡμῖν</span> <span class='ocrx_word' id='word_1_473' title='bbox 2400 2838 2457 2891; x_wconf 78' lang='grc' dir='ltr'>δὲ</span> <span class='ocrx_word' id='word_1_474' title='bbox 2483 2833 2562 2902; x_wconf 68' lang='grc' dir='ltr'>εἷς</span> <span class='ocrx_word' id='word_1_475' title='bbox 2589 2839 2723 2903; x_wconf 81' lang='grc' dir='ltr'>Θεὸς</span> <span class='ocrx_word' id='word_1_476' title='bbox 2748 2843 2776 2894; x_wconf 90' lang='grc' dir='ltr'><strong>ὁ</strong></span> <span class='ocrx_word' id='word_1_477' title='bbox 2805 2840 3013 2912; x_wconf 82' lang='grc' dir='ltr'>Πατὴρ,</span> <span class='ocrx_word' id='word_1_478' title='bbox 3057 2839 3116 2905; x_wconf 78' lang='grc' dir='ltr'>ἐξ</span> <span class='ocrx_word' id='word_1_479' title='bbox 3168 2834 3232 2894; x_wconf 71' lang='grc' dir='ltr'>οὗ</span> <span class='ocrx_word' id='word_1_480' title='bbox 3273 2839 3342 2893; x_wconf 83' lang='grc' dir='ltr'>τὰ</span> <span class='ocrx_word' id='word_1_481' title='bbox 3383 2840 3581 2903; x_wconf 84' lang='grc' dir='ltr'>πάντα,</span> <span class='ocrx_word' id='word_1_482' title='bbox 3623 2838 3726 2891; x_wconf 71' lang='grc' dir='ltr'>καὶ</span> 
     </span>
    </p>
   </div>
   <div class='ocr_carea' id='block_1_60' title="bbox 2134 2925 3727 3002">
    <p class='ocr_par' dir='ltr' id='par_1_60' title="bbox 2134 2925 3727 3002">
     <span class='ocr_line' id='line_1_60' title="bbox 2134 2925 3727 3002; baseline 0.004 -24"><span class='ocrx_word' id='word_1_483' title='bbox 2134 2928 2296 2997; x_wconf 77' lang='grc' dir='ltr'>ἡμεῖς</span> <span class='ocrx_word' id='word_1_484' title='bbox 2327 2930 2406 2991; x_wconf 83' lang='grc' dir='ltr'>εἰς</span> <span class='ocrx_word' id='word_1_485' title='bbox 2432 2928 2595 2982; x_wconf 84' lang='grc' dir='ltr'>αὐτόν</span> <span class='ocrx_word' id='word_1_486' title='bbox 2619 2945 2634 2960; x_wconf 78' lang='grc' dir='ltr'><strong><em>ο</em></strong></span> <span class='ocrx_word' id='word_1_487' title='bbox 2658 2930 2751 2984; x_wconf 71' lang='grc' dir='ltr'><strong>καὶ</strong></span> <span class='ocrx_word' id='word_1_488' title='bbox 2783 2925 2864 2994; x_wconf 77' lang='grc' dir='ltr'><strong>εἷς</strong></span> <span class='ocrx_word' id='word_1_489' title='bbox 2892 2931 3096 3001; x_wconf 81' lang='grc' dir='ltr'>Κύριος</span> <span class='ocrx_word' id='word_1_490' title='bbox 3136 2931 3344 3001; x_wconf 81' lang='grc' dir='ltr'>Ἰησοῦς</span> <span class='ocrx_word' id='word_1_491' title='bbox 3367 2931 3617 3002; x_wconf 78' lang='grc' dir='ltr'>Χριστὸς,</span> <span class='ocrx_word' id='word_1_492' title='bbox 3649 2930 3727 2984; x_wconf 76' lang='grc' dir='ltr'>δι’</span> 
     </span>
    </p>
   </div>
   <div class='ocr_carea' id='block_1_61' title="bbox 453 3012 2027 3105">
    <p class='ocr_par' dir='ltr' id='par_1_61' title="bbox 453 3015 2024 3095">
     <span class='ocr_line' id='line_1_61' title="bbox 453 3015 2024 3095; baseline 0.01 -29"><span class='ocrx_word' id='word_1_493' title='bbox 453 3023 638 3082; x_wconf 85' lang='lat' dir='ltr'><strong>aperte</strong></span> <span class='ocrx_word' id='word_1_494' title='bbox 677 3015 946 3070; x_wconf 88' lang='lat' dir='ltr'><strong>dicentem</strong></span> <span class='ocrx_word' id='word_1_495' title='bbox 983 3033 998 3070; x_wconf 90' lang='lat'><strong>:</strong></span> <span class='ocrx_word' id='word_1_496' title='bbox 1037 3036 1056 3070; x_wconf 82' lang='grc' dir='ltr'><strong>ι</strong></span> <span class='ocrx_word' id='word_1_497' title='bbox 1094 3017 1258 3075; x_wconf 82' lang='lat' dir='ltr'><strong>Nobis</strong></span> <span class='ocrx_word' id='word_1_498' title='bbox 1288 3031 1466 3076; x_wconf 88' lang='lat' dir='ltr'><strong>autem</strong></span> <span class='ocrx_word' id='word_1_499' title='bbox 1499 3040 1637 3079; x_wconf 90' lang='lat' dir='ltr'><strong>unus</strong></span> <span class='ocrx_word' id='word_1_500' title='bbox 1671 3026 1808 3080; x_wconf 90' lang='lat' dir='ltr'><strong>Deus</strong></span> <span class='ocrx_word' id='word_1_501' title='bbox 1842 3024 2024 3095; x_wconf 86' lang='lat' dir='ltr'><strong>Pater,</strong></span> 
     </span>
    </p>
   </div>
   <div class='ocr_carea' id='block_1_62' title="bbox 2137 3012 3725 3105">
    <p class='ocr_par' dir='ltr' id='par_1_62' title="bbox 2137 3012 3725 3090">
     <span class='ocr_line' id='line_1_62' title="bbox 2137 3012 3725 3090; baseline 0.003 -20"><span class='ocrx_word' id='word_1_502' title='bbox 2137 3012 2195 3072; x_wconf 76' lang='grc' dir='ltr'>οὗ</span> <span class='ocrx_word' id='word_1_503' title='bbox 2229 3016 2298 3070; x_wconf 81' lang='grc' dir='ltr'><strong>τὰ</strong></span> <span class='ocrx_word' id='word_1_504' title='bbox 2328 3019 2526 3082; x_wconf 82' lang='grc' dir='ltr'>πάντα,</span> <span class='ocrx_word' id='word_1_505' title='bbox 2553 3020 2648 3072; x_wconf 74' lang='grc' dir='ltr'><strong>καὶ</strong></span> <span class='ocrx_word' id='word_1_506' title='bbox 2685 3021 2848 3090; x_wconf 83' lang='grc' dir='ltr'>ἡμεῖς</span> <span class='ocrx_word' id='word_1_507' title='bbox 2879 3021 2946 3074; x_wconf 78' lang='grc' dir='ltr'>δι’</span> <span class='ocrx_word' id='word_1_508' title='bbox 2999 3020 3207 3087; x_wconf 80' lang='grc' dir='ltr'>αὐτοῦς</span> <span class='ocrx_word' id='word_1_509' title='bbox 3244 3041 3262 3072; x_wconf 75' lang='grc' dir='ltr'><strong>ι</strong></span> <span class='ocrx_word' id='word_1_510' title='bbox 3304 3022 3361 3075; x_wconf 86' lang='lat'><strong>&#39;0</strong></span> <span class='ocrx_word' id='word_1_511' title='bbox 3402 3022 3458 3075; x_wconf 75' lang='grc' dir='ltr'>δὲ</span> <span class='ocrx_word' id='word_1_512' title='bbox 3501 3020 3616 3075; x_wconf 73' lang='grc' dir='ltr'><strong>ἄνω</strong></span> <span class='ocrx_word' id='word_1_513' title='bbox 3656 3037 3725 3074; x_wconf 72' lang='grc' dir='ltr'><strong>τε</strong></span> 
     </span>
    </p>
   </div>
   <div class='ocr_carea' id='block_1_63' title="bbox 449 3109 2028 3182">
    <p class='ocr_par' dir='ltr' id='par_1_63' title="bbox 449 3109 2028 3182">
     <span class='ocr_line' id='line_1_63' title="bbox 449 3109 2028 3182; baseline 0.007 -21"><span class='ocrx_word' id='word_1_514' title='bbox 449 3121 516 3161; x_wconf 82' lang='lat' dir='ltr'><strong>ex</strong></span> <span class='ocrx_word' id='word_1_515' title='bbox 553 3123 660 3177; x_wconf 89' lang='lat' dir='ltr'><strong>quo</strong></span> <span class='ocrx_word' id='word_1_516' title='bbox 693 3109 906 3172; x_wconf 87' lang='lat' dir='ltr'><strong>omnia,</strong></span> <span class='ocrx_word' id='word_1_517' title='bbox 943 3119 998 3162; x_wconf 91' lang='lat' dir='ltr'><strong>et</strong></span> <span class='ocrx_word' id='word_1_518' title='bbox 1035 3125 1132 3165; x_wconf 89' lang='lat' dir='ltr'><strong>nos</strong></span> <span class='ocrx_word' id='word_1_519' title='bbox 1167 3111 1222 3164; x_wconf 89' lang='lat' dir='ltr'><strong>in</strong></span> <span class='ocrx_word' id='word_1_520' title='bbox 1260 3114 1464 3182; x_wconf 91' lang='lat' dir='ltr'><strong>ipsum,</strong></span> <span class='ocrx_word' id='word_1_521' title='bbox 1501 3124 1550 3168; x_wconf 91' lang='lat' dir='ltr'><strong>et</strong></span> <span class='ocrx_word' id='word_1_522' title='bbox 1592 3131 1732 3171; x_wconf 90' lang='lat' dir='ltr'><strong>unus</strong></span> <span class='ocrx_word' id='word_1_523' title='bbox 1770 3117 2028 3173; x_wconf 88' lang='lat' dir='ltr'><strong>Dominus</strong></span> 
     </span>
    </p>
   </div>
   <div class='ocr_carea' id='block_1_64' title="bbox 445 3195 2029 3280">
    <p class='ocr_par' dir='ltr' id='par_1_64' title="bbox 445 3195 2029 3280">
     <span class='ocr_line' id='line_1_64' title="bbox 445 3195 2029 3280; baseline 0.007 -28"><span class='ocrx_word' id='word_1_524' title='bbox 445 3195 604 3253; x_wconf 80' lang='lat' dir='ltr'><strong>Jesus</strong></span> <span class='ocrx_word' id='word_1_525' title='bbox 646 3197 933 3262; x_wconf 86' lang='lat' dir='ltr'><strong>Christus,</strong></span> <span class='ocrx_word' id='word_1_526' title='bbox 978 3215 1074 3269; x_wconf 87' lang='lat' dir='ltr'><strong>per</strong></span> <span class='ocrx_word' id='word_1_527' title='bbox 1108 3215 1268 3272; x_wconf 88' lang='lat' dir='ltr'><strong>quem</strong></span> <span class='ocrx_word' id='word_1_528' title='bbox 1310 3205 1532 3273; x_wconf 89' lang='lat' dir='ltr'><strong>omnia;</strong></span> <span class='ocrx_word' id='word_1_529' title='bbox 1576 3217 1631 3261; x_wconf 90' lang='lat' dir='ltr'><strong>et</strong></span> <span class='ocrx_word' id='word_1_530' title='bbox 1678 3223 1775 3264; x_wconf 91' lang='lat' dir='ltr'><strong>nos</strong></span> <span class='ocrx_word' id='word_1_531' title='bbox 1817 3225 1912 3278; x_wconf 90' lang='lat' dir='ltr'><strong>per</strong></span> <span class='ocrx_word' id='word_1_532' title='bbox 1949 3211 2029 3280; x_wconf 86' lang='lat' dir='ltr'><strong>ip-</strong></span> 
     </span>
    </p>
   </div>
   <div class='ocr_carea' id='block_1_65' title="bbox 447 3287 2026 3362">
    <p class='ocr_par' dir='ltr' id='par_1_65' title="bbox 447 3287 2026 3362">
     <span class='ocr_line' id='line_1_65' title="bbox 447 3287 2026 3362; baseline 0.008 -20"><span class='ocrx_word' id='word_1_533' title='bbox 447 3303 565 3342; x_wconf 69' lang='lat' dir='ltr'><strong>sum]</strong></span> <span class='ocrx_word' id='word_1_534' title='bbox 586 3287 672 3341; x_wconf 70' lang='grc' dir='ltr'><strong>ιιι</strong></span> <span class='ocrx_word' id='word_1_535' title='bbox 705 3307 722 3339; x_wconf 77' lang='grc' dir='ltr'><strong>ι</strong></span> <span class='ocrx_word' id='word_1_536' title='bbox 753 3287 856 3343; x_wconf 91' lang='lat' dir='ltr'><strong>lste</strong></span> <span class='ocrx_word' id='word_1_537' title='bbox 881 3305 1010 3345; x_wconf 88' lang='lat' dir='ltr'><strong>vero</strong></span> <span class='ocrx_word' id='word_1_538' title='bbox 1036 3307 1249 3347; x_wconf 89' lang='lat' dir='ltr'><strong>sursum</strong></span> <span class='ocrx_word' id='word_1_539' title='bbox 1280 3293 1532 3350; x_wconf 88' lang='lat' dir='ltr'><strong>deorsum</strong></span> <span class='ocrx_word' id='word_1_540' title='bbox 1565 3297 1841 3362; x_wconf 88' lang='lat' dir='ltr'><strong>dictitans,</strong></span> <span class='ocrx_word' id='word_1_541' title='bbox 1876 3299 2026 3355; x_wconf 87' lang='lat' dir='ltr'><strong>Unus</strong></span> 
     </span>
    </p>
   </div>
   <div class='ocr_carea' id='block_1_66' title="bbox 447 3379 2026 3458">
    <p class='ocr_par' dir='ltr' id='par_1_66' title="bbox 447 3379 2026 3458">
     <span class='ocr_line' id='line_1_66' title="bbox 447 3379 2026 3458; baseline 0.008 -25"><span class='ocrx_word' id='word_1_542' title='bbox 447 3379 641 3442; x_wconf 85' lang='lat' dir='ltr'><strong>Filius,</strong></span> <span class='ocrx_word' id='word_1_543' title='bbox 670 3389 723 3433; x_wconf 91' lang='lat' dir='ltr'><strong>et</strong></span> <span class='ocrx_word' id='word_1_544' title='bbox 753 3397 860 3434; x_wconf 92' lang='lat' dir='ltr'><strong>non</strong></span> <span class='ocrx_word' id='word_1_545' title='bbox 894 3381 1033 3438; x_wconf 88' lang='lat' dir='ltr'><strong>alius</strong></span> <span class='ocrx_word' id='word_1_546' title='bbox 1061 3393 1114 3438; x_wconf 91' lang='lat' dir='ltr'><strong>et</strong></span> <span class='ocrx_word' id='word_1_547' title='bbox 1144 3383 1301 3451; x_wconf 88' lang='lat' dir='ltr'><strong>alius,</strong></span> <span class='ocrx_word' id='word_1_548' title='bbox 1332 3403 1507 3458; x_wconf 89' lang='lat' dir='ltr'><strong>neque</strong></span> <span class='ocrx_word' id='word_1_549' title='bbox 1538 3389 1665 3444; x_wconf 91' lang='lat' dir='ltr'><strong>item</strong></span> <span class='ocrx_word' id='word_1_550' title='bbox 1697 3389 1944 3447; x_wconf 90' lang='lat' dir='ltr'><strong>Christus</strong></span> <span class='ocrx_word' id='word_1_551' title='bbox 1973 3401 2026 3445; x_wconf 89' lang='lat' dir='ltr'><strong>et</strong></span> 
     </span>
    </p>
   </div>
   <div class='ocr_carea' id='block_1_67' title="bbox 443 3470 2022 3552">
    <p class='ocr_par' dir='ltr' id='par_1_67' title="bbox 443 3470 2022 3552">
     <span class='ocr_line' id='line_1_67' title="bbox 443 3470 2022 3552; baseline 0.011 -30"><span class='ocrx_word' id='word_1_552' title='bbox 443 3470 583 3524; x_wconf 89' lang='lat' dir='ltr'><strong>alius</strong></span> <span class='ocrx_word' id='word_1_553' title='bbox 608 3470 880 3538; x_wconf 84' lang='lat' dir='ltr'><strong>Christus,</strong></span> <span class='ocrx_word' id='word_1_554' title='bbox 910 3489 1031 3528; x_wconf 91' lang='lat' dir='ltr'><strong>cum</strong></span> <span class='ocrx_word' id='word_1_555' title='bbox 1064 3476 1178 3531; x_wconf 88' lang='lat' dir='ltr'><strong>suis</strong></span> <span class='ocrx_word' id='word_1_556' title='bbox 1209 3488 1411 3549; x_wconf 80' lang='lat' dir='ltr'><strong>pugnat</strong></span> <span class='ocrx_word' id='word_1_557' title='bbox 1436 3481 1635 3544; x_wconf 87' lang='lat' dir='ltr'><strong>verbis,</strong></span> <span class='ocrx_word' id='word_1_558' title='bbox 1663 3482 1875 3536; x_wconf 91' lang='lat' dir='ltr'><strong>duabus</strong></span> <span class='ocrx_word' id='word_1_559' title='bbox 1902 3498 2022 3552; x_wconf 81' lang='lat' dir='ltr'><strong>per-</strong></span> 
     </span>
    </p>
   </div>
   <div class='ocr_carea' id='block_1_68' title="bbox 444 3563 2024 3642">
    <p class='ocr_par' dir='ltr' id='par_1_68' title="bbox 444 3563 2024 3642">
     <span class='ocr_line' id='line_1_68' title="bbox 444 3563 2024 3642; baseline 0.01 -27"><span class='ocrx_word' id='word_1_560' title='bbox 444 3563 595 3616; x_wconf 87' lang='lat' dir='ltr'><strong>sonis</strong></span> <span class='ocrx_word' id='word_1_561' title='bbox 630 3573 684 3616; x_wconf 90' lang='lat' dir='ltr'><strong>et</strong></span> <span class='ocrx_word' id='word_1_562' title='bbox 726 3564 1106 3635; x_wconf 85' lang='lat' dir='ltr'><strong>hypostasibus</strong></span> <span class='ocrx_word' id='word_1_563' title='bbox 1146 3569 1378 3639; x_wconf 89' lang='lat' dir='ltr'><strong>propriis</strong></span> <span class='ocrx_word' id='word_1_564' title='bbox 1414 3579 1527 3626; x_wconf 88' lang='lat' dir='ltr'><strong>tum</strong></span> <span class='ocrx_word' id='word_1_565' title='bbox 1569 3572 1664 3628; x_wconf 88' lang='lat' dir='ltr'><strong>Dei</strong></span> <span class='ocrx_word' id='word_1_566' title='bbox 1703 3575 2024 3642; x_wconf 60' lang='lat' dir='ltr'><strong>praedicato-</strong></span> 
     </span>
    </p>
   </div>
   <div class='ocr_carea' id='block_1_69' title="bbox 444 3660 2024 3730">
    <p class='ocr_par' dir='ltr' id='par_1_69' title="bbox 444 3660 2024 3730">
     <span class='ocr_line' id='line_1_69' title="bbox 444 3660 2024 3730; baseline 0.009 -25"><span class='ocrx_word' id='word_1_567' title='bbox 444 3667 561 3705; x_wconf 86' lang='lat' dir='ltr'><strong>rum</strong></span> <span class='ocrx_word' id='word_1_568' title='bbox 588 3669 769 3719; x_wconf 87' lang='lat' dir='ltr'><strong>voces,</strong></span> <span class='ocrx_word' id='word_1_569' title='bbox 799 3666 908 3709; x_wconf 90' lang='lat' dir='ltr'><strong>tum</strong></span> <span class='ocrx_word' id='word_1_570' title='bbox 937 3672 1064 3713; x_wconf 88' lang='lat' dir='ltr'><strong>suas</strong></span> <span class='ocrx_word' id='word_1_571' title='bbox 1093 3660 1264 3730; x_wconf 86' lang='lat' dir='ltr'><strong>ipsius</strong></span> <span class='ocrx_word' id='word_1_572' title='bbox 1292 3663 1557 3719; x_wconf 87' lang='lat' dir='ltr'><strong>tribuens.</strong></span> <span class='ocrx_word' id='word_1_573' title='bbox 1585 3665 1691 3719; x_wconf 90' lang='lat' dir='ltr'><strong>Sed</strong></span> <span class='ocrx_word' id='word_1_574' title='bbox 1720 3665 1866 3720; x_wconf 89' lang='lat' dir='ltr'><strong>enim</strong></span> <span class='ocrx_word' id='word_1_575' title='bbox 1895 3681 2024 3720; x_wconf 80' lang='lat' dir='ltr'><strong>sua-</strong></span> 
     </span>
    </p>
   </div>
   <div class='ocr_carea' id='block_1_70' title="bbox 441 3746 1930 3818">
    <p class='ocr_par' dir='ltr' id='par_1_70' title="bbox 441 3746 1930 3818">
     <span class='ocr_line' id='line_1_70' title="bbox 441 3746 1930 3818; baseline 0.007 -19"><span class='ocrx_word' id='word_1_576' title='bbox 441 3758 560 3799; x_wconf 83' lang='lat' dir='ltr'><strong>rum</strong></span> <span class='ocrx_word' id='word_1_577' title='bbox 599 3746 737 3799; x_wconf 90' lang='lat' dir='ltr'><strong>haud</strong></span> <span class='ocrx_word' id='word_1_578' title='bbox 772 3746 1050 3818; x_wconf 79' lang='lat' dir='ltr'><strong>negligens</strong></span> <span class='ocrx_word' id='word_1_579' title='bbox 1083 3753 1473 3807; x_wconf 88' lang='lat' dir='ltr'><strong>sententiarum</strong></span> <span class='ocrx_word' id='word_1_580' title='bbox 1508 3753 1669 3808; x_wconf 76' lang='lat' dir='ltr'><strong>infert</strong></span> <span class='ocrx_word' id='word_1_581' title='bbox 1700 3769 1930 3809; x_wconf 73' lang='lat' dir='ltr'><strong>rursus:</strong></span> 
     </span>
    </p>
   </div>
   <div class='ocr_carea' id='block_1_71' title="bbox 514 3832 2092 3917">
    <p class='ocr_par' dir='ltr' id='par_1_71' title="bbox 514 3832 2092 3917">
     <span class='ocr_line' id='line_1_71' title="bbox 514 3832 2092 3917; baseline 0.009 -27"><span class='ocrx_word' id='word_1_582' title='bbox 514 3835 773 3910; x_wconf 58' lang='lat' dir='ltr'><strong>[Nauem</strong></span> <span class='ocrx_word' id='word_1_583' title='bbox 821 3839 1062 3897; x_wconf 84' lang='lat' dir='ltr'><strong>Veneror</strong></span> <span class='ocrx_word' id='word_1_584' title='bbox 1093 3842 1266 3914; x_wconf 90' lang='lat' dir='ltr'><strong>ipsum</strong></span> <span class='ocrx_word' id='word_1_585' title='bbox 1301 3854 1363 3900; x_wconf 92' lang='lat' dir='ltr'><strong>ut</strong></span> <span class='ocrx_word' id='word_1_586' title='bbox 1395 3847 1783 3917; x_wconf 90' lang='lat' dir='ltr'><strong>onmipotentis</strong></span> <span class='ocrx_word' id='word_1_587' title='bbox 1817 3848 2017 3903; x_wconf 87' lang='lat' dir='ltr'><strong>divini-</strong></span> <span class='ocrx_word' id='word_1_588' title='bbox 2090 3832 2092 3835; x_wconf 22' lang='lat' dir='ltr'><strong>l</strong></span> 
     </span>
    </p>
   </div>
   <div class='ocr_carea' id='block_1_72' title="bbox 440 3931 2017 4008">
    <p class='ocr_par' dir='ltr' id='par_1_72' title="bbox 440 3931 2017 4008">
     <span class='ocr_line' id='line_1_72' title="bbox 440 3931 2017 4008; baseline 0.008 -26"><span class='ocrx_word' id='word_1_589' title='bbox 440 3931 564 3984; x_wconf 86' lang='lat' dir='ltr'><strong>latis</strong></span> <span class='ocrx_word' id='word_1_590' title='bbox 595 3931 884 4002; x_wconf 77' lang='lat' dir='ltr'><strong>imaginem</strong></span> <span class='ocrx_word' id='word_1_591' title='bbox 918 3947 932 3986; x_wconf 88' lang='lat'><strong>:</strong></span> <span class='ocrx_word' id='word_1_592' title='bbox 969 3950 1089 3988; x_wconf 90' lang='lat' dir='ltr'><strong>nam</strong></span> <span class='ocrx_word' id='word_1_593' title='bbox 1128 3954 1146 3987; x_wconf 80' lang='grc' dir='ltr'><strong>ι</strong></span> <span class='ocrx_word' id='word_1_594' title='bbox 1185 3937 1605 4008; x_wconf 82' lang='lat' dir='ltr'><strong>superexaltavit</strong></span> <span class='ocrx_word' id='word_1_595' title='bbox 1654 3955 1800 4007; x_wconf 91' lang='lat' dir='ltr'><strong>eum,</strong></span> <span class='ocrx_word' id='word_1_596' title='bbox 1834 3949 1888 3995; x_wconf 92' lang='lat' dir='ltr'><strong>et</strong></span> <span class='ocrx_word' id='word_1_597' title='bbox 1918 3942 2017 3995; x_wconf 80' lang='lat' dir='ltr'><strong>do-</strong></span> 
     </span>
    </p>
   </div>
   <div class='ocr_carea' id='block_1_73' title="bbox 437 4021 2013 4097">
    <p class='ocr_par' dir='ltr' id='par_1_73' title="bbox 437 4021 2013 4097">
     <span class='ocr_line' id='line_1_73' title="bbox 437 4021 2013 4097; baseline 0.007 -24"><span class='ocrx_word' id='word_1_598' title='bbox 437 4021 584 4074; x_wconf 78' lang='lat' dir='ltr'><strong>navit</strong></span> <span class='ocrx_word' id='word_1_599' title='bbox 613 4021 688 4075; x_wconf 90' lang='lat' dir='ltr'><strong>illi</strong></span> <span class='ocrx_word' id='word_1_600' title='bbox 721 4039 916 4078; x_wconf 86' lang='lat' dir='ltr'><strong>nomen</strong></span> <span class='ocrx_word' id='word_1_601' title='bbox 951 4027 1092 4094; x_wconf 89' lang='lat' dir='ltr'><strong>quod</strong></span> <span class='ocrx_word' id='word_1_602' title='bbox 1121 4036 1205 4084; x_wconf 88' lang='lat' dir='ltr'><strong>est</strong></span> <span class='ocrx_word' id='word_1_603' title='bbox 1235 4043 1398 4097; x_wconf 86' lang='lat' dir='ltr'><strong>super</strong></span> <span class='ocrx_word' id='word_1_604' title='bbox 1425 4045 1585 4085; x_wconf 92' lang='lat' dir='ltr'><strong>omne</strong></span> <span class='ocrx_word' id='word_1_605' title='bbox 1617 4045 1836 4094; x_wconf 88' lang='lat' dir='ltr'><strong>nomen,</strong></span> <span class='ocrx_word' id='word_1_606' title='bbox 1869 4040 1929 4085; x_wconf 92' lang='lat' dir='ltr'><strong>ut</strong></span> <span class='ocrx_word' id='word_1_607' title='bbox 1959 4031 2013 4084; x_wconf 90' lang='lat' dir='ltr'><strong>in</strong></span> 
     </span>
    </p>
   </div>
   <div class='ocr_carea' id='block_1_74' title="bbox 433 4113 2009 4196">
    <p class='ocr_par' dir='ltr' id='par_1_74' title="bbox 433 4113 2009 4196">
     <span class='ocr_line' id='line_1_74' title="bbox 433 4113 2009 4196; baseline 0.005 -31"><span class='ocrx_word' id='word_1_608' title='bbox 433 4114 652 4168; x_wconf 88' lang='lat' dir='ltr'><strong>nomine</strong></span> <span class='ocrx_word' id='word_1_609' title='bbox 672 4113 797 4170; x_wconf 83' lang='lat' dir='ltr'><strong>Jesu</strong></span> <span class='ocrx_word' id='word_1_610' title='bbox 824 4115 1025 4170; x_wconf 85' lang='lat' dir='ltr'><strong>Christi</strong></span> <span class='ocrx_word' id='word_1_611' title='bbox 1051 4133 1212 4173; x_wconf 90' lang='lat' dir='ltr'><strong>omne</strong></span> <span class='ocrx_word' id='word_1_612' title='bbox 1235 4134 1376 4190; x_wconf 78' lang='lat' dir='ltr'><strong>genu</strong></span> <span class='ocrx_word' id='word_1_613' title='bbox 1417 4119 1668 4175; x_wconf 81' lang='lat' dir='ltr'><strong>ﬂectatur</strong></span> <span class='ocrx_word' id='word_1_614' title='bbox 1687 4120 2009 4196; x_wconf 54' lang='lat' dir='ltr'><strong>ctelestium,</strong></span> 
     </span>
    </p>
   </div>
   <div class='ocr_carea' id='block_1_75' title="bbox 437 4207 2012 4281">
    <p class='ocr_par' dir='ltr' id='par_1_75' title="bbox 437 4207 2012 4281">
     <span class='ocr_line' id='line_1_75' title="bbox 437 4207 2012 4281; baseline 0.006 -24"><span class='ocrx_word' id='word_1_615' title='bbox 437 4207 776 4261; x_wconf 81' lang='lat' dir='ltr'><strong>terrestrium</strong></span> <span class='ocrx_word' id='word_1_616' title='bbox 838 4218 890 4262; x_wconf 91' lang='lat' dir='ltr'><strong>et</strong></span> <span class='ocrx_word' id='word_1_617' title='bbox 921 4208 1255 4264; x_wconf 88' lang='lat' dir='ltr'><strong>inl&#39;ernorum</strong></span> <span class='ocrx_word' id='word_1_618' title='bbox 1287 4228 1300 4264; x_wconf 93' lang='lat'><strong>:</strong></span> <span class='ocrx_word' id='word_1_619' title='bbox 1333 4220 1387 4265; x_wconf 88' lang='lat' dir='ltr'><strong>et</strong></span> <span class='ocrx_word' id='word_1_620' title='bbox 1418 4213 1594 4267; x_wconf 92' lang='lat' dir='ltr'><strong>omnis</strong></span> <span class='ocrx_word' id='word_1_621' title='bbox 1626 4213 1806 4281; x_wconf 80' lang='lat' dir='ltr'><strong>lingua</strong></span> <span class='ocrx_word' id='word_1_622' title='bbox 1840 4211 2012 4268; x_wconf 83' lang='lat' dir='ltr'><strong>conli-</strong></span> 
     </span>
    </p>
   </div>
   <div class='ocr_carea' id='block_1_76' title="bbox 436 4296 1727 4374">
    <p class='ocr_par' dir='ltr' id='par_1_76' title="bbox 436 4296 1727 4374">
     <span class='ocr_line' id='line_1_76' title="bbox 436 4296 1727 4374; baseline 0.003 -23"><span class='ocrx_word' id='word_1_623' title='bbox 436 4306 609 4351; x_wconf 86' lang='lat' dir='ltr'><strong>teatur</strong></span> <span class='ocrx_word' id='word_1_624' title='bbox 667 4298 790 4367; x_wconf 76' lang='lat' dir='ltr'><strong>quia</strong></span> <span class='ocrx_word' id='word_1_625' title='bbox 828 4296 1085 4354; x_wconf 79' lang='lat' dir='ltr'><strong>Dominus</strong></span> <span class='ocrx_word' id='word_1_626' title='bbox 1113 4298 1271 4355; x_wconf 79' lang='lat' dir='ltr'><strong>Jesus</strong></span> <span class='ocrx_word' id='word_1_627' title='bbox 1297 4301 1547 4357; x_wconf 81' lang='lat' dir='ltr'><strong>Chrisws</strong></span> <span class='ocrx_word' id='word_1_628' title='bbox 1569 4304 1636 4355; x_wconf 82' lang='grc'><strong>⁵⁵.</strong></span> <span class='ocrx_word' id='word_1_629' title='bbox 1679 4302 1727 4374; x_wconf 71' lang='grc' dir='ltr'>ι]</span> 
     </span>
    </p>
   </div>
   <div class='ocr_carea' id='block_1_77' title="bbox 1072 4429 1361 4488">
    <p class='ocr_par' dir='ltr' id='par_1_77' title="bbox 1072 4429 1361 4488">
     <span class='ocr_line' id='line_1_77' title="bbox 1072 4429 1361 4488; baseline 0.014 -4"><span class='ocrx_word' id='word_1_630' title='bbox 1072 4429 1226 4486; x_wconf 83' lang='lat' dir='ltr'><strong>CAP.</strong></span> <span class='ocrx_word' id='word_1_631' title='bbox 1271 4430 1361 4488; x_wconf 73' lang='lat' dir='ltr'><strong>XI.</strong></span> 
     </span>
    </p>
   </div>
   <div class='ocr_carea' id='block_1_78' title="bbox 500 4566 2006 4641">
    <p class='ocr_par' dir='ltr' id='par_1_78' title="bbox 500 4566 2006 4641">
     <span class='ocr_line' id='line_1_78' title="bbox 500 4566 2006 4641; baseline 0.003 -21"><span class='ocrx_word' id='word_1_632' title='bbox 500 4567 559 4621; x_wconf 84' lang='lat' dir='ltr'><strong>Et</strong></span> <span class='ocrx_word' id='word_1_633' title='bbox 594 4566 843 4636; x_wconf 85' lang='lat' dir='ltr'><strong>quisnam</strong></span> <span class='ocrx_word' id='word_1_634' title='bbox 873 4566 1203 4638; x_wconf 78' lang='lat' dir='ltr'><strong>intelligetur</strong></span> <span class='ocrx_word' id='word_1_635' title='bbox 1228 4566 1358 4622; x_wconf 89' lang='lat' dir='ltr'><strong>item</strong></span> <span class='ocrx_word' id='word_1_636' title='bbox 1390 4567 1456 4629; x_wconf 89' lang='lat' dir='ltr'><strong>is.</strong></span> <span class='ocrx_word' id='word_1_637' title='bbox 1484 4579 1736 4637; x_wconf 77' lang='lat' dir='ltr'><strong>quctn,ut</strong></span> <span class='ocrx_word' id='word_1_638' title='bbox 1765 4570 1877 4640; x_wconf 86' lang='lat' dir='ltr'><strong>ipse</strong></span> <span class='ocrx_word' id='word_1_639' title='bbox 1909 4587 2006 4641; x_wconf 88' lang='lat' dir='ltr'><strong>pu-</strong></span> 
     </span>
    </p>
   </div>
   <div class='ocr_carea' id='block_1_79' title="bbox 429 4656 2003 4730">
    <p class='ocr_par' dir='ltr' id='par_1_79' title="bbox 429 4656 2003 4730">
     <span class='ocr_line' id='line_1_79' title="bbox 429 4656 2003 4730; baseline 0.004 -22"><span class='ocrx_word' id='word_1_640' title='bbox 429 4667 540 4718; x_wconf 84' lang='lat' dir='ltr'><strong>tat,</strong></span> <span class='ocrx_word' id='word_1_641' title='bbox 578 4670 637 4710; x_wconf 89' lang='lat' dir='ltr'><strong>se</strong></span> <span class='ocrx_word' id='word_1_642' title='bbox 673 4657 919 4710; x_wconf 86' lang='lat' dir='ltr'><strong>venerari</strong></span> <span class='ocrx_word' id='word_1_643' title='bbox 959 4656 1178 4723; x_wconf 79' lang='lat' dir='ltr'><strong>fatetur,</strong></span> <span class='ocrx_word' id='word_1_644' title='bbox 1217 4667 1271 4712; x_wconf 90' lang='lat' dir='ltr'><strong>et</strong></span> <span class='ocrx_word' id='word_1_645' title='bbox 1306 4673 1465 4727; x_wconf 89' lang='lat' dir='ltr'><strong>quem</strong></span> <span class='ocrx_word' id='word_1_646' title='bbox 1510 4669 1730 4730; x_wconf 88' lang='lat' dir='ltr'><strong>propter</strong></span> <span class='ocrx_word' id='word_1_647' title='bbox 1766 4660 2003 4715; x_wconf 83' lang='lat' dir='ltr'><strong>divinam</strong></span> 
     </span>
    </p>
   </div>
   <div class='ocr_carea' id='block_1_80' title="bbox 427 4747 1998 4822">
    <p class='ocr_par' dir='ltr' id='par_1_80' title="bbox 427 4747 1998 4822">
     <span class='ocr_line' id='line_1_80' title="bbox 427 4747 1998 4822; baseline 0.004 -20"><span class='ocrx_word' id='word_1_648' title='bbox 427 4747 836 4802; x_wconf 79' lang='lat' dir='ltr'><strong>similitudinem</strong></span> <span class='ocrx_word' id='word_1_649' title='bbox 861 4747 1082 4803; x_wconf 87' lang='lat' dir='ltr'><strong>simulat</strong></span> <span class='ocrx_word' id='word_1_650' title='bbox 1106 4763 1166 4805; x_wconf 84' lang='lat' dir='ltr'><strong>se</strong></span> <span class='ocrx_word' id='word_1_651' title='bbox 1190 4751 1482 4818; x_wconf 87' lang='lat' dir='ltr'><strong>honorare,</strong></span> <span class='ocrx_word' id='word_1_652' title='bbox 1510 4751 1612 4806; x_wconf 87' lang='lat' dir='ltr'><strong>nisi</strong></span> <span class='ocrx_word' id='word_1_653' title='bbox 1641 4751 1729 4807; x_wconf 85' lang='lat' dir='ltr'><strong>ille</strong></span> <span class='ocrx_word' id='word_1_654' title='bbox 1755 4767 1998 4822; x_wconf 84' lang='lat' dir='ltr'><strong>prorsus,</strong></span> 
     </span>
    </p>
   </div>
   <div class='ocr_carea' id='block_1_81' title="bbox 426 4837 1999 4912">
    <p class='ocr_par' dir='ltr' id='par_1_81' title="bbox 426 4837 1999 4912">
     <span class='ocr_line' id='line_1_81' title="bbox 426 4837 1999 4912; baseline 0.005 -22"><span class='ocrx_word' id='word_1_655' title='bbox 426 4855 584 4908; x_wconf 82' lang='lat' dir='ltr'><strong>quem</strong></span> <span class='ocrx_word' id='word_1_656' title='bbox 617 4837 816 4892; x_wconf 90' lang='lat' dir='ltr'><strong>dudum</strong></span> <span class='ocrx_word' id='word_1_657' title='bbox 849 4840 1004 4894; x_wconf 89' lang='lat' dir='ltr'><strong>nobis</strong></span> <span class='ocrx_word' id='word_1_658' title='bbox 1031 4841 1334 4910; x_wconf 81' lang='lat' dir='ltr'><strong>appellabat</strong></span> <span class='ocrx_word' id='word_1_659' title='bbox 1359 4840 1639 4912; x_wconf 77' lang='lat' dir='ltr'><strong>(quidnam</strong></span> <span class='ocrx_word' id='word_1_660' title='bbox 1671 4844 1874 4900; x_wconf 85' lang='lat' dir='ltr'><strong>diceret</strong></span> <span class='ocrx_word' id='word_1_661' title='bbox 1902 4858 1999 4898; x_wconf 88' lang='lat' dir='ltr'><strong>ne-</strong></span> 
     </span>
    </p>
   </div>
   <div class='ocr_carea' id='block_1_82' title="bbox 424 4931 1996 5004">
    <p class='ocr_par' dir='ltr' id='par_1_82' title="bbox 424 4931 1996 5004">
     <span class='ocr_line' id='line_1_82' title="bbox 424 4931 1996 5004; baseline 0.004 -18"><span class='ocrx_word' id='word_1_662' title='bbox 424 4933 560 5000; x_wconf 80' lang='lat' dir='ltr'><strong>scio)</strong></span> <span class='ocrx_word' id='word_1_663' title='bbox 589 4931 782 4986; x_wconf 70' lang='lat' dir='ltr'><strong>divina:</strong></span> <span class='ocrx_word' id='word_1_664' title='bbox 809 4941 1136 4988; x_wconf 85' lang='lat' dir='ltr'><strong>assertorem</strong></span> <span class='ocrx_word' id='word_1_665' title='bbox 1163 4934 1276 4989; x_wconf 85' lang='lat' dir='ltr'><strong>sive</strong></span> <span class='ocrx_word' id='word_1_666' title='bbox 1303 4935 1606 5004; x_wconf 88' lang='lat' dir='ltr'><strong>adjutorem</strong></span> <span class='ocrx_word' id='word_1_667' title='bbox 1634 4936 1996 5002; x_wconf 84' lang='lat' dir='ltr'><strong>auctoritatis,</strong></span> 
     </span>
    </p>
   </div>
   <div class='ocr_carea' id='block_1_83' title="bbox 421 5021 1995 5094">
    <p class='ocr_par' dir='ltr' id='par_1_83' title="bbox 421 5021 1995 5094">
     <span class='ocr_line' id='line_1_83' title="bbox 421 5021 1995 5094; baseline 0.006 -20"><span class='ocrx_word' id='word_1_668' title='bbox 421 5038 580 5091; x_wconf 91' lang='lat' dir='ltr'><strong>quem</strong></span> <span class='ocrx_word' id='word_1_669' title='bbox 620 5021 779 5077; x_wconf 89' lang='lat' dir='ltr'><strong>simul</strong></span> <span class='ocrx_word' id='word_1_670' title='bbox 823 5037 946 5078; x_wconf 92' lang='lat' dir='ltr'><strong>cum</strong></span> <span class='ocrx_word' id='word_1_671' title='bbox 979 5021 1085 5094; x_wconf 79' lang='lat'><strong>55</strong></span> <span class='ocrx_word' id='word_1_672' title='bbox 1119 5023 1412 5081; x_wconf 84' lang='lat' dir='ltr'><strong>Divinitate</strong></span> <span class='ocrx_word' id='word_1_673' title='bbox 1453 5027 1786 5082; x_wconf 83' lang='lat' dir='ltr'><strong>adorandum</strong></span> <span class='ocrx_word' id='word_1_674' title='bbox 1827 5027 1995 5083; x_wconf 84' lang='lat' dir='ltr'><strong>stulte</strong></span> 
     </span>
    </p>
   </div>
   <div class='ocr_carea' id='block_1_84' title="bbox 421 5115 1991 5186">
    <p class='ocr_par' dir='ltr' id='par_1_84' title="bbox 421 5115 1991 5186">
     <span class='ocr_line' id='line_1_84' title="bbox 421 5115 1991 5186; baseline 0.006 -20"><span class='ocrx_word' id='word_1_675' title='bbox 421 5115 731 5180; x_wconf 86' lang='lat' dir='ltr'><strong>asserebat,</strong></span> <span class='ocrx_word' id='word_1_676' title='bbox 772 5123 1024 5185; x_wconf 84' lang='lat' dir='ltr'><strong>tanquam</strong></span> <span class='ocrx_word' id='word_1_677' title='bbox 1064 5116 1156 5186; x_wconf 91' lang='lat' dir='ltr'><strong>qui</strong></span> <span class='ocrx_word' id='word_1_678' title='bbox 1197 5115 1443 5174; x_wconf 87' lang='lat' dir='ltr'><strong>diversus</strong></span> <span class='ocrx_word' id='word_1_679' title='bbox 1480 5129 1626 5174; x_wconf 89' lang='lat' dir='ltr'><strong>esset</strong></span> <span class='ocrx_word' id='word_1_680' title='bbox 1665 5135 1730 5174; x_wconf 93' lang='lat' dir='ltr'><strong>ac</strong></span> <span class='ocrx_word' id='word_1_681' title='bbox 1766 5121 1991 5176; x_wconf 85' lang='lat' dir='ltr'><strong>seorsim</strong></span> 
     </span>
    </p>
   </div>
   <div class='ocr_carea' id='block_1_85' title="bbox 421 5205 1994 5280">
    <p class='ocr_par' dir='ltr' id='par_1_85' title="bbox 421 5205 1994 5280">
     <span class='ocr_line' id='line_1_85' title="bbox 421 5205 1994 5280; baseline 0.004 -22"><span class='ocrx_word' id='word_1_682' title='bbox 421 5207 560 5261; x_wconf 80' lang='lat' dir='ltr'><strong>tilius</strong></span> <span class='ocrx_word' id='word_1_683' title='bbox 592 5217 786 5278; x_wconf 70' lang='lat' dir='ltr'><strong>praeter</strong></span> <span class='ocrx_word' id='word_1_684' title='bbox 814 5207 988 5276; x_wconf 90' lang='lat' dir='ltr'><strong>ipsum</strong></span> <span class='ocrx_word' id='word_1_685' title='bbox 1019 5205 1114 5262; x_wconf 87' lang='lat' dir='ltr'><strong>Dei</strong></span> <span class='ocrx_word' id='word_1_686' title='bbox 1142 5205 1414 5265; x_wconf 71' lang='lat' dir='ltr'><strong>Verbum!</strong></span> <span class='ocrx_word' id='word_1_687' title='bbox 1440 5208 1619 5280; x_wconf 90' lang='lat' dir='ltr'><strong>lpsum</strong></span> <span class='ocrx_word' id='word_1_688' title='bbox 1650 5211 1814 5265; x_wconf 87' lang='lat' dir='ltr'><strong>etiam</strong></span> <span class='ocrx_word' id='word_1_689' title='bbox 1845 5211 1994 5267; x_wconf 82' lang='lat' dir='ltr'><strong>exal-</strong></span> 
     </span>
    </p>
   </div>
   <div class='ocr_carea' id='block_1_86' title="bbox 2041 4384 2088 4439">
    <p class='ocr_par' dir='ltr' id='par_1_86' title="bbox 2041 4384 2088 4439">
     <span class='ocr_line' id='line_1_86' title="bbox 2041 4384 2088 4439; baseline 0 0"><span class='ocrx_word' id='word_1_690' title='bbox 2041 4384 2088 4439; x_wconf 83' lang='grc' dir='ltr'><strong>Ι)</strong></span> 
     </span>
    </p>
   </div>
   <div class='ocr_carea' id='block_1_87' title="bbox 2133 3107 3722 3179">
    <p class='ocr_par' dir='ltr' id='par_1_87' title="bbox 2133 3107 3722 3179">
     <span class='ocr_line' id='line_1_87' title="bbox 2133 3107 3722 3179; baseline 0.002 -17"><span class='ocrx_word' id='word_1_691' title='bbox 2133 3110 2226 3162; x_wconf 75' lang='grc' dir='ltr'><strong>καὶ</strong></span> <span class='ocrx_word' id='word_1_692' title='bbox 2250 3108 2402 3161; x_wconf 87' lang='grc' dir='ltr'>κάτω</span> <span class='ocrx_word' id='word_1_693' title='bbox 2425 3108 2621 3179; x_wconf 84' lang='grc' dir='ltr'>λέγων,</span> <span class='ocrx_word' id='word_1_694' title='bbox 2665 3107 2759 3175; x_wconf 75' lang='grc' dir='ltr'><strong>Εἷς</strong></span> <span class='ocrx_word' id='word_1_695' title='bbox 2787 3111 2912 3175; x_wconf 74' lang='grc' dir='ltr'>Υἱὸς</span> <span class='ocrx_word' id='word_1_696' title='bbox 2929 3152 2944 3177; x_wconf 94' lang='grc'><strong>,</strong></span> <span class='ocrx_word' id='word_1_697' title='bbox 2973 3111 3067 3165; x_wconf 58' lang='grc' dir='ltr'><strong>καὶ⁵</strong></span> <span class='ocrx_word' id='word_1_698' title='bbox 3099 3112 3199 3165; x_wconf 84' lang='grc' dir='ltr'><strong>οὐκ</strong></span> <span class='ocrx_word' id='word_1_699' title='bbox 3221 3111 3379 3176; x_wconf 79' lang='grc' dir='ltr'>ἄλλος</span> <span class='ocrx_word' id='word_1_700' title='bbox 3419 3113 3512 3166; x_wconf 72' lang='grc' dir='ltr'>καὶ</span> <span class='ocrx_word' id='word_1_701' title='bbox 3539 3113 3722 3178; x_wconf 78' lang='grc' dir='ltr'>ἄλλος,</span> 
     </span>
    </p>
   </div>
   <div class='ocr_carea' id='block_1_88' title="bbox 2131 3198 3721 3276">
    <p class='ocr_par' dir='ltr' id='par_1_88' title="bbox 2131 3198 3721 3276">
     <span class='ocr_line' id='line_1_88' title="bbox 2131 3198 3721 3276; baseline 0.003 -22"><span class='ocrx_word' id='word_1_702' title='bbox 2131 3198 2252 3254; x_wconf 75' lang='grc' dir='ltr'>οὔτε</span> <span class='ocrx_word' id='word_1_703' title='bbox 2286 3200 2394 3271; x_wconf 74' lang='grc' dir='ltr'>μὴν</span> <span class='ocrx_word' id='word_1_704' title='bbox 2418 3201 2673 3270; x_wconf 80' lang='grc' dir='ltr'>Χριστὸς,</span> <span class='ocrx_word' id='word_1_705' title='bbox 2707 3203 2801 3256; x_wconf 78' lang='grc' dir='ltr'><strong>καὶ</strong></span> <span class='ocrx_word' id='word_1_706' title='bbox 2826 3202 3076 3276; x_wconf 83' lang='grc' dir='ltr'>δεύτερος</span> <span class='ocrx_word' id='word_1_707' title='bbox 3102 3204 3356 3276; x_wconf 82' lang='grc' dir='ltr'>Χριστὸς,</span> <span class='ocrx_word' id='word_1_708' title='bbox 3381 3206 3494 3268; x_wconf 87' lang='grc' dir='ltr'>τοῖς</span> <span class='ocrx_word' id='word_1_709' title='bbox 3517 3205 3721 3258; x_wconf 72' lang='grc' dir='ltr'>ἑαυτοῦ</span> 
     </span>
    </p>
   </div>
   <div class='ocr_carea' id='block_1_89' title="bbox 2128 3291 3721 3368">
    <p class='ocr_par' dir='ltr' id='par_1_89' title="bbox 2128 3291 3721 3368">
     <span class='ocr_line' id='line_1_89' title="bbox 2128 3291 3721 3368; baseline 0.002 -23"><span class='ocrx_word' id='word_1_710' title='bbox 2128 3291 2472 3363; x_wconf 87' lang='grc' dir='ltr'>διαμαχεῖται</span> <span class='ocrx_word' id='word_1_711' title='bbox 2503 3292 2705 3360; x_wconf 83' lang='grc' dir='ltr'>λόγοις,</span> <span class='ocrx_word' id='word_1_712' title='bbox 2737 3295 2860 3349; x_wconf 69' lang='grc' dir='ltr'>δυσὶ</span> <span class='ocrx_word' id='word_1_713' title='bbox 2892 3295 3204 3368; x_wconf 83' lang='grc' dir='ltr'>προσώποις</span> <span class='ocrx_word' id='word_1_714' title='bbox 3226 3297 3320 3352; x_wconf 79' lang='grc' dir='ltr'>καὶ</span> <span class='ocrx_word' id='word_1_715' title='bbox 3352 3298 3721 3350; x_wconf 78' lang='grc' dir='ltr'>ὑποστάσεσιν</span> 
     </span>
    </p>
   </div>
   <div class='ocr_carea' id='block_1_90' title="bbox 2131 3383 3726 3460">
    <p class='ocr_par' dir='ltr' id='par_1_90' title="bbox 2131 3383 3726 3460">
     <span class='ocr_line' id='line_1_90' title="bbox 2131 3383 3726 3460; baseline 0.003 -23"><span class='ocrx_word' id='word_1_716' title='bbox 2131 3383 2324 3448; x_wconf 80' lang='grc' dir='ltr'>ίδικαῖς</span> <span class='ocrx_word' id='word_1_717' title='bbox 2351 3384 2451 3448; x_wconf 86' lang='grc' dir='ltr'>τάς</span> <span class='ocrx_word' id='word_1_718' title='bbox 2479 3402 2537 3438; x_wconf 87' lang='grc' dir='ltr'><strong>τε</strong></span> <span class='ocrx_word' id='word_1_719' title='bbox 2567 3385 2674 3439; x_wconf 86' lang='grc' dir='ltr'>τῶν</span> <span class='ocrx_word' id='word_1_720' title='bbox 2706 3385 2985 3460; x_wconf 85' lang='grc' dir='ltr'>θεηγόρων</span> <span class='ocrx_word' id='word_1_721' title='bbox 3042 3389 3139 3443; x_wconf 78' lang='grc' dir='ltr'>καὶ</span> <span class='ocrx_word' id='word_1_722' title='bbox 3185 3389 3284 3452; x_wconf 81' lang='grc' dir='ltr'>τὰς</span> <span class='ocrx_word' id='word_1_723' title='bbox 3323 3387 3489 3442; x_wconf 77' lang='grc' dir='ltr'>αὐτοῦ</span> <span class='ocrx_word' id='word_1_724' title='bbox 3536 3387 3726 3442; x_wconf 74' lang='grc' dir='ltr'>διανέ-</span> 
     </span>
    </p>
   </div>
   <div class='ocr_carea' id='block_1_91' title="bbox 2130 3476 3719 3554">
    <p class='ocr_par' dir='ltr' id='par_1_91' title="bbox 2130 3476 3719 3554">
     <span class='ocr_line' id='line_1_91' title="bbox 2130 3476 3719 3554; baseline 0.002 -24"><span class='ocrx_word' id='word_1_725' title='bbox 2130 3492 2247 3546; x_wconf 86' lang='grc' dir='ltr'><strong>μων</strong></span> <span class='ocrx_word' id='word_1_726' title='bbox 2282 3477 2485 3547; x_wconf 85' lang='grc' dir='ltr'>φωνάς.</span> <span class='ocrx_word' id='word_1_727' title='bbox 2530 3476 2691 3532; x_wconf 82' lang='grc' dir='ltr'><strong>Ἀ).λὰ</strong></span> <span class='ocrx_word' id='word_1_728' title='bbox 2719 3479 2828 3550; x_wconf 76' lang='grc' dir='ltr'><strong>γὰρ</strong></span> <span class='ocrx_word' id='word_1_729' title='bbox 2865 3480 2974 3538; x_wconf 85' lang='grc' dir='ltr'><strong>τῶν</strong></span> <span class='ocrx_word' id='word_1_730' title='bbox 3007 3482 3154 3536; x_wconf 72' lang='grc' dir='ltr'>ἰδίων</span> <span class='ocrx_word' id='word_1_731' title='bbox 3192 3483 3292 3536; x_wconf 81' lang='grc' dir='ltr'><strong>οὐκ</strong></span> <span class='ocrx_word' id='word_1_732' title='bbox 3321 3479 3606 3554; x_wconf 74' lang='grc' dir='ltr'>ἀμελήσας</span> <span class='ocrx_word' id='word_1_733' title='bbox 3627 3480 3719 3534; x_wconf 81' lang='grc' dir='ltr'><strong>ὲν·-</strong></span> 
     </span>
    </p>
   </div>
   <div class='ocr_carea' id='block_1_92' title="bbox 2125 3570 2802 3643">
    <p class='ocr_par' dir='ltr' id='par_1_92' title="bbox 2125 3570 2802 3643">
     <span class='ocr_line' id='line_1_92' title="bbox 2125 3570 2802 3643; baseline 0.004 -20"><span class='ocrx_word' id='word_1_734' title='bbox 2125 3570 2306 3638; x_wconf 83' lang='grc' dir='ltr'>νοιῶν,</span> <span class='ocrx_word' id='word_1_735' title='bbox 2342 3571 2594 3643; x_wconf 79' lang='grc' dir='ltr'>ἐπιφέρει</span> <span class='ocrx_word' id='word_1_736' title='bbox 2620 3572 2802 3626; x_wconf 85' lang='grc' dir='ltr'>πάλιν·</span> 
     </span>
    </p>
   </div>
   <div class='ocr_carea' id='block_1_93' title="bbox 2195 3830 3712 3909">
    <p class='ocr_par' dir='ltr' id='par_1_93' title="bbox 2195 3830 3712 3909">
     <span class='ocr_line' id='line_1_93' title="bbox 2195 3830 3712 3909; baseline -0.01 -5"><span class='ocrx_word' id='word_1_737' title='bbox 2195 3830 2372 3903; x_wconf 73' lang='grc' dir='ltr'><strong>[Σέδω</strong></span> <span class='ocrx_word' id='word_1_738' title='bbox 2399 3833 2582 3897; x_wconf 66' lang='grc' dir='ltr'>αὐτὸν,</span> <span class='ocrx_word' id='word_1_739' title='bbox 2602 3833 2677 3896; x_wconf 73' lang='grc' dir='ltr'><strong>ὡς</strong></span> <span class='ocrx_word' id='word_1_740' title='bbox 2705 3835 2802 3904; x_wconf 86' lang='grc' dir='ltr'>τῆς</span> <span class='ocrx_word' id='word_1_741' title='bbox 2824 3836 3266 3909; x_wconf 81' lang='grc' dir='ltr'>παντοκράτορος</span> <span class='ocrx_word' id='word_1_742' title='bbox 3298 3834 3482 3891; x_wconf 66' lang='grc' dir='ltr'>εἰκόνα</span> <span class='ocrx_word' id='word_1_743' title='bbox 3515 3835 3712 3906; x_wconf 79' lang='grc' dir='ltr'>θεότη-</span> 
     </span>
    </p>
   </div>
   <div class='ocr_carea' id='block_1_94' title="bbox 2120 3924 3716 4000">
    <p class='ocr_par' dir='ltr' id='par_1_94' title="bbox 2120 3924 3716 4000">
     <span class='ocr_line' id='line_1_94' title="bbox 2120 3924 3716 4000; baseline -0.006 -12"><span class='ocrx_word' id='word_1_744' title='bbox 2120 3939 2242 3987; x_wconf 77' lang='grc' dir='ltr'><strong>τος·</strong></span> <span class='ocrx_word' id='word_1_745' title='bbox 2278 3942 2295 3975; x_wconf 83' lang='grc' dir='ltr'><strong>ι</strong></span> <span class='ocrx_word' id='word_1_746' title='bbox 2328 3924 2656 3998; x_wconf 69' lang='grc' dir='ltr'>ὑπερύψωσε</span> <span class='ocrx_word' id='word_1_747' title='bbox 2709 3928 2819 4000; x_wconf 84' lang='grc' dir='ltr'><strong>γὰρ</strong></span> <span class='ocrx_word' id='word_1_748' title='bbox 2857 3929 3042 3994; x_wconf 77' lang='grc' dir='ltr'>αὑτὸν,</span> <span class='ocrx_word' id='word_1_749' title='bbox 3095 3929 3191 3982; x_wconf 78' lang='grc' dir='ltr'>καὶ</span> <span class='ocrx_word' id='word_1_750' title='bbox 3231 3928 3525 4000; x_wconf 69' lang='grc' dir='ltr'>ἐχαρίσατο</span> <span class='ocrx_word' id='word_1_751' title='bbox 3557 3928 3716 3997; x_wconf 84' lang='grc' dir='ltr'>αὑτῷ</span> 
     </span>
    </p>
   </div>
   <div class='ocr_carea' id='block_1_95' title="bbox 2118 4016 3713 4091">
    <p class='ocr_par' dir='ltr' id='par_1_95' title="bbox 2118 4016 3713 4091">
     <span class='ocr_line' id='line_1_95' title="bbox 2118 4016 3713 4091; baseline 0.004 -23"><span class='ocrx_word' id='word_1_752' title='bbox 2118 4016 2288 4086; x_wconf 73' lang='grc' dir='ltr'>ὄνομα</span> <span class='ocrx_word' id='word_1_753' title='bbox 2315 4017 2376 4071; x_wconf 81' lang='grc' dir='ltr'><strong>τὸ</strong></span> <span class='ocrx_word' id='word_1_754' title='bbox 2401 4018 2541 4089; x_wconf 83' lang='grc' dir='ltr'>ὑπὲρ</span> <span class='ocrx_word' id='word_1_755' title='bbox 2569 4021 2676 4072; x_wconf 81' lang='grc' dir='ltr'><strong>πᾶν</strong></span> <span class='ocrx_word' id='word_1_756' title='bbox 2709 4019 2883 4090; x_wconf 74' lang='grc' dir='ltr'>ὄνομα</span> <span class='ocrx_word' id='word_1_757' title='bbox 2900 4033 2914 4049; x_wconf 91' lang='grc'><strong>·</strong></span> <span class='ocrx_word' id='word_1_758' title='bbox 2945 4019 3032 4073; x_wconf 75' lang='grc' dir='ltr'>ἵνα</span> <span class='ocrx_word' id='word_1_759' title='bbox 3061 4023 3121 4074; x_wconf 84' lang='grc' dir='ltr'><strong>ὲν</strong></span> <span class='ocrx_word' id='word_1_760' title='bbox 3157 4019 3236 4090; x_wconf 81' lang='grc' dir='ltr'>τῷ</span> <span class='ocrx_word' id='word_1_761' title='bbox 3263 4020 3487 4091; x_wconf 83' lang='grc' dir='ltr'>ὀνόματι</span> <span class='ocrx_word' id='word_1_762' title='bbox 3529 4019 3713 4090; x_wconf 83' lang='grc' dir='ltr'>Ἰησοῦ</span> 
     </span>
    </p>
   </div>
   <div class='ocr_carea' id='block_1_96' title="bbox 2115 4109 3712 4184">
    <p class='ocr_par' dir='ltr' id='par_1_96' title="bbox 2115 4109 3712 4184">
     <span class='ocr_line' id='line_1_96' title="bbox 2115 4109 3712 4184; baseline 0.001 -21"><span class='ocrx_word' id='word_1_763' title='bbox 2115 4109 2353 4181; x_wconf 82' lang='grc' dir='ltr'>Χριστοῦ</span> <span class='ocrx_word' id='word_1_764' title='bbox 2385 4111 2495 4164; x_wconf 75' lang='grc' dir='ltr'><strong>πᾶν</strong></span> <span class='ocrx_word' id='word_1_765' title='bbox 2521 4111 2648 4179; x_wconf 79' lang='grc' dir='ltr'>γόνυ</span> <span class='ocrx_word' id='word_1_766' title='bbox 2670 4111 2885 4184; x_wconf 73' lang='grc' dir='ltr'>κάμψῃ,</span> <span class='ocrx_word' id='word_1_767' title='bbox 2909 4112 3271 4182; x_wconf 76' lang='grc' dir='ltr'>ἐπουρανίων,</span> <span class='ocrx_word' id='word_1_768' title='bbox 3300 4116 3396 4165; x_wconf 82' lang='grc' dir='ltr'><strong>καὶ</strong></span> <span class='ocrx_word' id='word_1_769' title='bbox 3420 4112 3712 4180; x_wconf 77' lang='grc' dir='ltr'>ἐπιγείων,</span> 
     </span>
    </p>
   </div>
   <div class='ocr_carea' id='block_1_97' title="bbox 2116 4201 3711 4274">
    <p class='ocr_par' dir='ltr' id='par_1_97' title="bbox 2116 4201 3711 4274">
     <span class='ocr_line' id='line_1_97' title="bbox 2116 4201 3711 4274; baseline 0.001 -20"><span class='ocrx_word' id='word_1_770' title='bbox 2116 4201 2209 4254; x_wconf 77' lang='grc' dir='ltr'><strong>καὶ</strong></span> <span class='ocrx_word' id='word_1_771' title='bbox 2237 4202 2630 4272; x_wconf 71' lang='grc' dir='ltr'>καταχθονίων*</span> <span class='ocrx_word' id='word_1_772' title='bbox 2654 4204 2751 4256; x_wconf 74' lang='grc' dir='ltr'>καὶ</span> <span class='ocrx_word' id='word_1_773' title='bbox 2774 4205 2925 4257; x_wconf 77' lang='grc' dir='ltr'>πᾶσα</span> <span class='ocrx_word' id='word_1_774' title='bbox 2951 4203 3176 4272; x_wconf 84' lang='grc' dir='ltr'>γλῶσσα</span> <span class='ocrx_word' id='word_1_775' title='bbox 3207 4203 3711 4274; x_wconf 68' lang='grc' dir='ltr'>ἐξομολογήσηται,</span> 
     </span>
    </p>
   </div>
   <div class='ocr_carea' id='block_1_98' title="bbox 2116 4292 3052 4366">
    <p class='ocr_par' dir='ltr' id='par_1_98' title="bbox 2116 4292 3052 4366">
     <span class='ocr_line' id='line_1_98' title="bbox 2116 4292 3052 4366; baseline 0.001 -22"><span class='ocrx_word' id='word_1_776' title='bbox 2116 4292 2199 4345; x_wconf 89' lang='grc' dir='ltr'>ὃτι</span> <span class='ocrx_word' id='word_1_777' title='bbox 2229 4292 2432 4363; x_wconf 85' lang='grc' dir='ltr'>Κύριος</span> <span class='ocrx_word' id='word_1_778' title='bbox 2473 4292 2680 4366; x_wconf 81' lang='grc' dir='ltr'>Ἰησοῦς</span> <span class='ocrx_word' id='word_1_779' title='bbox 2710 4293 2966 4361; x_wconf 82' lang='grc' dir='ltr'>Χριστός.</span> <span class='ocrx_word' id='word_1_780' title='bbox 3004 4292 3052 4366; x_wconf 72' lang='grc' dir='ltr'>ι]</span> 
     </span>
    </p>
   </div>
   <div class='ocr_carea' id='block_1_99' title="bbox 2708 4429 3107 4486">
    <p class='ocr_par' dir='ltr' id='par_1_99' title="bbox 2708 4429 3107 4486">
     <span class='ocr_line' id='line_1_99' title="bbox 2708 4429 3107 4486; baseline 0.013 -5"><span class='ocrx_word' id='word_1_781' title='bbox 2708 4429 2961 4484; x_wconf 78' lang='grc' dir='ltr'><strong>ΚΕΦΛΛ.</strong></span> <span class='ocrx_word' id='word_1_782' title='bbox 3004 4431 3107 4486; x_wconf 87' lang='grc' dir='ltr'><strong>ῙΑ’.</strong></span> 
     </span>
    </p>
   </div>
   <div class='ocr_carea' id='block_1_100' title="bbox 2186 4561 3711 4632">
    <p class='ocr_par' dir='ltr' id='par_1_100' title="bbox 2186 4561 3711 4632">
     <span class='ocr_line' id='line_1_100' title="bbox 2186 4561 3711 4632; baseline 0.003 -17"><span class='ocrx_word' id='word_1_783' title='bbox 2186 4562 2297 4615; x_wconf 74' lang='grc' dir='ltr'><strong>Καὶ</strong></span> <span class='ocrx_word' id='word_1_784' title='bbox 2328 4561 2408 4626; x_wconf 85' lang='grc' dir='ltr'><strong>τίς</strong></span> <span class='ocrx_word' id='word_1_785' title='bbox 2452 4561 2518 4617; x_wconf 81' lang='grc' dir='ltr'>ἂν</span> <span class='ocrx_word' id='word_1_786' title='bbox 2546 4565 2719 4617; x_wconf 86' lang='grc' dir='ltr'>νοοῖτο</span> <span class='ocrx_word' id='word_1_787' title='bbox 2754 4562 2936 4628; x_wconf 72' lang='grc' dir='ltr'>πάλιν,</span> <span class='ocrx_word' id='word_1_788' title='bbox 2967 4564 3049 4629; x_wconf 86' lang='grc' dir='ltr'><strong>δν,</strong></span> <span class='ocrx_word' id='word_1_789' title='bbox 3079 4563 3157 4628; x_wconf 84' lang='grc' dir='ltr'>ὥς</span> <span class='ocrx_word' id='word_1_790' title='bbox 3208 4580 3270 4632; x_wconf 89' lang='grc' dir='ltr'>γε</span> <span class='ocrx_word' id='word_1_791' title='bbox 3298 4564 3491 4625; x_wconf 72' lang='grc' dir='ltr'>οἴεται,</span> <span class='ocrx_word' id='word_1_792' title='bbox 3519 4564 3711 4619; x_wconf 71' lang='grc' dir='ltr'>σέϐειν</span> 
     </span>
    </p>
   </div>
   <div class='ocr_carea' id='block_1_101' title="bbox 2112 4654 3714 4728">
    <p class='ocr_par' dir='ltr' id='par_1_101' title="bbox 2112 4654 3714 4728">
     <span class='ocr_line' id='line_1_101' title="bbox 2112 4654 3714 4728; baseline 0.002 -22"><span class='ocrx_word' id='word_1_793' title='bbox 2112 4654 2386 4724; x_wconf 80' lang='grc' dir='ltr'>ὁμολογεῖ,</span> <span class='ocrx_word' id='word_1_794' title='bbox 2417 4655 2510 4708; x_wconf 73' lang='grc' dir='ltr'><strong>καὶ</strong></span> <span class='ocrx_word' id='word_1_795' title='bbox 2553 4657 2618 4727; x_wconf 79' lang='grc' dir='ltr'><strong>τῇ</strong></span> <span class='ocrx_word' id='word_1_796' title='bbox 2653 4655 2789 4728; x_wconf 85' lang='grc' dir='ltr'>πρὸς</span> <span class='ocrx_word' id='word_1_797' title='bbox 2813 4655 2946 4710; x_wconf 80' lang='grc' dir='ltr'>Θεὸν</span> <span class='ocrx_word' id='word_1_798' title='bbox 2974 4655 3231 4727; x_wconf 79' lang='grc' dir='ltr'>ὁμοιώσει</span> <span class='ocrx_word' id='word_1_799' title='bbox 3255 4658 3423 4727; x_wconf 79' lang='grc' dir='ltr'>τιμᾷν</span> <span class='ocrx_word' id='word_1_800' title='bbox 3467 4657 3714 4727; x_wconf 80' lang='grc' dir='ltr'>ὑποκρί-</span> 
     </span>
    </p>
   </div>
   <div class='ocr_carea' id='block_1_102' title="bbox 2112 4744 3717 4818">
    <p class='ocr_par' dir='ltr' id='par_1_102' title="bbox 2112 4744 3717 4818">
     <span class='ocr_line' id='line_1_102' title="bbox 2112 4744 3717 4818; baseline 0.004 -22"><span class='ocrx_word' id='word_1_801' title='bbox 2112 4761 2262 4798; x_wconf 87' lang='grc' dir='ltr'>νεται</span> <span class='ocrx_word' id='word_1_802' title='bbox 2283 4783 2298 4808; x_wconf 94' lang='grc'><strong>,</strong></span> <span class='ocrx_word' id='word_1_803' title='bbox 2331 4745 2364 4814; x_wconf 79' lang='grc' dir='ltr'>ἢ</span> <span class='ocrx_word' id='word_1_804' title='bbox 2395 4744 2601 4809; x_wconf 71' lang='grc' dir='ltr'>ἐκεῖνός</span> <span class='ocrx_word' id='word_1_805' title='bbox 2643 4763 2747 4800; x_wconf 86' lang='grc' dir='ltr'>που</span> <span class='ocrx_word' id='word_1_806' title='bbox 2785 4746 3026 4811; x_wconf 79' lang='grc' dir='ltr'>πάντως,</span> <span class='ocrx_word' id='word_1_807' title='bbox 3067 4746 3128 4800; x_wconf 82' lang='grc' dir='ltr'><strong>ὃν</strong></span> <span class='ocrx_word' id='word_1_808' title='bbox 3170 4747 3375 4818; x_wconf 84' lang='grc' dir='ltr'>ἀρτίως</span> <span class='ocrx_word' id='word_1_809' title='bbox 3402 4749 3536 4818; x_wconf 85' lang='grc' dir='ltr'>ἡμῖν</span> <span class='ocrx_word' id='word_1_810' title='bbox 3564 4748 3717 4801; x_wconf 74' lang='grc' dir='ltr'><strong>ὠνό-</strong></span> 
     </span>
    </p>
   </div>
   <div class='ocr_carea' id='block_1_103' title="bbox 2114 4833 3711 4910">
    <p class='ocr_par' dir='ltr' id='par_1_103' title="bbox 2114 4833 3711 4910">
     <span class='ocr_line' id='line_1_103' title="bbox 2114 4833 3711 4910; baseline 0.004 -22"><span class='ocrx_word' id='word_1_811' title='bbox 2114 4833 2306 4906; x_wconf 76' lang='grc' dir='ltr'>μαζεν,</span> <span class='ocrx_word' id='word_1_812' title='bbox 2336 4837 2436 4888; x_wconf 79' lang='grc' dir='ltr'><strong>οὐκ</strong></span> <span class='ocrx_word' id='word_1_813' title='bbox 2473 4833 2570 4889; x_wconf 79' lang='grc' dir='ltr'>οἷδ’</span> <span class='ocrx_word' id='word_1_814' title='bbox 2603 4837 2685 4889; x_wconf 86' lang='grc' dir='ltr'><strong>ὅτι</strong></span> <span class='ocrx_word' id='word_1_815' title='bbox 2713 4836 2909 4906; x_wconf 82' lang='grc' dir='ltr'>λέγων,</span> <span class='ocrx_word' id='word_1_816' title='bbox 2933 4840 3033 4908; x_wconf 82' lang='grc' dir='ltr'>τῆς</span> <span class='ocrx_word' id='word_1_817' title='bbox 3062 4836 3212 4901; x_wconf 83' lang='grc' dir='ltr'>θείας</span> <span class='ocrx_word' id='word_1_818' title='bbox 3243 4838 3546 4909; x_wconf 82' lang='grc' dir='ltr'>συνήγορον</span> <span class='ocrx_word' id='word_1_819' title='bbox 3576 4839 3711 4910; x_wconf 60' lang='lat' dir='ltr'><strong>lpos.</strong></span> 
     </span>
    </p>
   </div>
   <div class='ocr_carea' id='block_1_104' title="bbox 2108 4927 3711 5002">
    <p class='ocr_par' dir='ltr' id='par_1_104' title="bbox 2108 4927 3711 5002">
     <span class='ocr_line' id='line_1_104' title="bbox 2108 4927 3711 5002; baseline 0.002 -21"><span class='ocrx_word' id='word_1_820' title='bbox 2108 4929 2369 5000; x_wconf 84' lang='grc' dir='ltr'>συνεργὸν</span> <span class='ocrx_word' id='word_1_821' title='bbox 2425 4927 2749 4993; x_wconf 82' lang='grc' dir='ltr'>αὐθεντίας·</span> <span class='ocrx_word' id='word_1_822' title='bbox 2794 4930 2855 4983; x_wconf 82' lang='grc' dir='ltr'>δν</span> <span class='ocrx_word' id='word_1_823' title='bbox 2897 4933 2963 5002; x_wconf 79' lang='grc' dir='ltr'><strong>τῇ</strong></span> <span class='ocrx_word' id='word_1_824' title='bbox 2991 4930 3221 5000; x_wconf 81' lang='grc' dir='ltr'>Θεότητι</span> <span class='ocrx_word' id='word_1_825' title='bbox 3251 4935 3711 5001; x_wconf 78' lang='grc' dir='ltr'>συμπροσκυνεῖο</span> 
     </span>
    </p>
   </div>
   <div class='ocr_carea' id='block_1_105' title="bbox 2106 5020 3711 5095">
    <p class='ocr_par' dir='ltr' id='par_1_105' title="bbox 2106 5020 3711 5095">
     <span class='ocr_line' id='line_1_105' title="bbox 2106 5020 3711 5095; baseline 0.002 -21"><span class='ocrx_word' id='word_1_826' title='bbox 2106 5021 2228 5074; x_wconf 88' lang='grc' dir='ltr'>σθαι</span> <span class='ocrx_word' id='word_1_827' title='bbox 2255 5022 2366 5075; x_wconf 83' lang='grc' dir='ltr'>δεῖν</span> <span class='ocrx_word' id='word_1_828' title='bbox 2391 5020 2630 5092; x_wconf 80' lang='grc' dir='ltr'>ἀνοήτως</span> <span class='ocrx_word' id='word_1_829' title='bbox 2677 5023 2934 5091; x_wconf 75' lang='grc' dir='ltr'>ἔφασκεν,</span> <span class='ocrx_word' id='word_1_830' title='bbox 2969 5022 3048 5086; x_wconf 83' lang='grc' dir='ltr'>ὡς</span> <span class='ocrx_word' id='word_1_831' title='bbox 3072 5021 3259 5095; x_wconf 78' lang='grc' dir='ltr'>ἕτερον</span> <span class='ocrx_word' id='word_1_832' title='bbox 3297 5023 3428 5076; x_wconf 74' lang='grc' dir='ltr'>ὄντα</span> <span class='ocrx_word' id='word_1_833' title='bbox 3466 5023 3560 5075; x_wconf 77' lang='grc' dir='ltr'>καὶ</span> <span class='ocrx_word' id='word_1_834' title='bbox 3597 5023 3711 5077; x_wconf 74' lang='grc' dir='ltr'>ἰδι-</span> 
     </span>
    </p>
   </div>
   <div class='ocr_carea' id='block_1_106' title="bbox 2101 5111 3711 5182">
    <p class='ocr_par' dir='ltr' id='par_1_106' title="bbox 2101 5111 3711 5182">
     <span class='ocr_line' id='line_1_106' title="bbox 2101 5111 3711 5182; baseline -0.001 -16"><span class='ocrx_word' id='word_1_835' title='bbox 2101 5112 2213 5175; x_wconf 84' lang='grc' dir='ltr'>κῶς</span> <span class='ocrx_word' id='word_1_836' title='bbox 2245 5112 2358 5165; x_wconf 82' lang='grc' dir='ltr'><strong>υἱὸν</strong></span> <span class='ocrx_word' id='word_1_837' title='bbox 2388 5111 2542 5182; x_wconf 75' lang='grc' dir='ltr'>παρὰ</span> <span class='ocrx_word' id='word_1_838' title='bbox 2571 5112 2662 5165; x_wconf 81' lang='grc' dir='ltr'>τὸν</span> <span class='ocrx_word' id='word_1_839' title='bbox 2690 5112 2784 5166; x_wconf 85' lang='grc' dir='ltr'><strong>τοῦ</strong></span> <span class='ocrx_word' id='word_1_840' title='bbox 2807 5111 2942 5165; x_wconf 82' lang='grc' dir='ltr'>Θεοῦ</span> <span class='ocrx_word' id='word_1_841' title='bbox 2965 5113 3177 5182; x_wconf 85' lang='grc' dir='ltr'><strong>Λόγον;</strong></span> <span class='ocrx_word' id='word_1_842' title='bbox 3205 5112 3380 5167; x_wconf 78' lang='grc' dir='ltr'>Αὑτὸν</span> <span class='ocrx_word' id='word_1_843' title='bbox 3413 5111 3508 5166; x_wconf 67' lang='grc' dir='ltr'><strong>κα)⁵</strong></span> <span class='ocrx_word' id='word_1_844' title='bbox 3542 5112 3711 5181; x_wconf 58' lang='grc' dir='ltr'><strong>ὑψῶο</strong></span> 
     </span>
    </p>
   </div>
   <div class='ocr_carea' id='block_1_107' title="bbox 2101 5204 3711 5276">
    <p class='ocr_par' dir='ltr' id='par_1_107' title="bbox 2101 5204 3711 5276">
     <span class='ocr_line' id='line_1_107' title="bbox 2101 5204 3711 5276; baseline 0 -18"><span class='ocrx_word' id='word_1_845' title='bbox 2101 5205 2223 5258; x_wconf 87' lang='grc' dir='ltr'>σθαι</span> <span class='ocrx_word' id='word_1_846' title='bbox 2252 5204 2399 5272; x_wconf 83' lang='grc' dir='ltr'>λέγει</span> <span class='ocrx_word' id='word_1_847' title='bbox 2431 5206 2579 5275; x_wconf 85' lang='grc' dir='ltr'><strong>παρὰ</strong></span> <span class='ocrx_word' id='word_1_848' title='bbox 2604 5205 2697 5258; x_wconf 82' lang='grc' dir='ltr'><strong>τοῦ</strong></span> <span class='ocrx_word' id='word_1_849' title='bbox 2725 5205 2861 5258; x_wconf 76' lang='grc' dir='ltr'>Θεοῦ</span> <span class='ocrx_word' id='word_1_850' title='bbox 2913 5205 3005 5258; x_wconf 77' lang='grc' dir='ltr'><strong>καὶ</strong></span> <span class='ocrx_word' id='word_1_851' title='bbox 3042 5205 3252 5276; x_wconf 82' lang='grc' dir='ltr'>Πατρός</span> <span class='ocrx_word' id='word_1_852' title='bbox 3271 5221 3285 5236; x_wconf 73' lang='grc' dir='ltr'><strong><em>ο</em></strong></span> <span class='ocrx_word' id='word_1_853' title='bbox 3327 5205 3423 5258; x_wconf 80' lang='grc' dir='ltr'>καὶ</span> <span class='ocrx_word' id='word_1_854' title='bbox 3459 5205 3569 5276; x_wconf 83' lang='grc' dir='ltr'>μὴν</span> <span class='ocrx_word' id='word_1_855' title='bbox 3595 5209 3711 5258; x_wconf 68' lang='grc' dir='ltr'><strong>καὶ</strong></span> 
     </span>
    </p>
   </div>
   <div class='ocr_carea' id='block_1_108' title="bbox 423 5295 2027 5372">
    <p class='ocr_par' dir='ltr' id='par_1_108' title="bbox 423 5299 1992 5372">
     <span class='ocr_line' id='line_1_108' title="bbox 423 5299 1992 5372; baseline 0.004 -22"><span class='ocrx_word' id='word_1_856' title='bbox 423 5307 587 5351; x_wconf 82' lang='lat' dir='ltr'><strong>latum</strong></span> <span class='ocrx_word' id='word_1_857' title='bbox 620 5299 750 5352; x_wconf 83' lang='lat' dir='ltr'><strong>dicit</strong></span> <span class='ocrx_word' id='word_1_858' title='bbox 779 5315 807 5351; x_wconf 88' lang='lat' dir='ltr'><strong>a</strong></span> <span class='ocrx_word' id='word_1_859' title='bbox 845 5299 952 5354; x_wconf 82' lang='lat' dir='ltr'><strong>Deo</strong></span> <span class='ocrx_word' id='word_1_860' title='bbox 981 5311 1034 5356; x_wconf 91' lang='lat' dir='ltr'><strong>et</strong></span> <span class='ocrx_word' id='word_1_861' title='bbox 1067 5301 1256 5366; x_wconf 88' lang='lat' dir='ltr'><strong>Patre,</strong></span> <span class='ocrx_word' id='word_1_862' title='bbox 1287 5316 1350 5357; x_wconf 91' lang='lat' dir='ltr'><strong>ac</strong></span> <span class='ocrx_word' id='word_1_863' title='bbox 1379 5310 1640 5372; x_wconf 63' lang='lat' dir='ltr'><strong>praeterea</strong></span> <span class='ocrx_word' id='word_1_864' title='bbox 1673 5317 1867 5357; x_wconf 89' lang='lat' dir='ltr'><strong>nomen</strong></span> <span class='ocrx_word' id='word_1_865' title='bbox 1898 5319 1992 5358; x_wconf 86' lang='lat' dir='ltr'><strong>ac-</strong></span> 
     </span>
    </p>
   </div>
   <div class='ocr_carea' id='block_1_109' title="bbox 2137 5295 3712 5372">
    <p class='ocr_par' dir='ltr' id='par_1_109' title="bbox 2137 5295 3712 5368">
     <span class='ocr_line' id='line_1_109' title="bbox 2137 5295 3712 5368; baseline 0.001 -20"><span class='ocrx_word' id='word_1_866' title='bbox 2137 5297 2157 5348; x_wconf 68' lang='lat'><strong>5</strong></span> <span class='ocrx_word' id='word_1_867' title='bbox 2206 5296 2377 5367; x_wconf 72' lang='grc' dir='ltr'>ὄνομα</span> <span class='ocrx_word' id='word_1_868' title='bbox 2422 5295 2604 5349; x_wconf 77' lang='grc' dir='ltr'>λαϐεῖν</span> <span class='ocrx_word' id='word_1_869' title='bbox 2635 5297 2696 5350; x_wconf 83' lang='grc' dir='ltr'>τὸ</span> <span class='ocrx_word' id='word_1_870' title='bbox 2746 5298 2886 5368; x_wconf 81' lang='grc' dir='ltr'>ὑπὲρ</span> <span class='ocrx_word' id='word_1_871' title='bbox 2933 5297 3039 5352; x_wconf 79' lang='grc' dir='ltr'><strong>πᾶν</strong></span> <span class='ocrx_word' id='word_1_872' title='bbox 3079 5296 3286 5366; x_wconf 75' lang='grc' dir='ltr'>δνομα’</span> <span class='ocrx_word' id='word_1_873' title='bbox 3329 5299 3415 5350; x_wconf 79' lang='grc' dir='ltr'>ἶνα</span> <span class='ocrx_word' id='word_1_874' title='bbox 3455 5298 3549 5351; x_wconf 67' lang='grc' dir='ltr'><strong>καὶ</strong></span> <span class='ocrx_word' id='word_1_875' title='bbox 3580 5300 3712 5350; x_wconf 75' lang='grc' dir='ltr'><strong>πᾶν</strong></span> 
     </span>
    </p>
   </div>
   <div class='ocr_carea' id='block_1_110' title="bbox 419 5391 1987 5462">
    <p class='ocr_par' dir='ltr' id='par_1_110' title="bbox 419 5391 1987 5462">
     <span class='ocr_line' id='line_1_110' title="bbox 419 5391 1987 5462; baseline 0.004 -21"><span class='ocrx_word' id='word_1_876' title='bbox 419 5391 626 5456; x_wconf 71' lang='lat' dir='ltr'><strong>cepisse</strong></span> <span class='ocrx_word' id='word_1_877' title='bbox 652 5404 811 5457; x_wconf 84' lang='lat' dir='ltr'><strong>super</strong></span> <span class='ocrx_word' id='word_1_878' title='bbox 835 5406 994 5446; x_wconf 87' lang='lat' dir='ltr'><strong>omne</strong></span> <span class='ocrx_word' id='word_1_879' title='bbox 1021 5405 1214 5446; x_wconf 87' lang='lat' dir='ltr'><strong>nomen</strong></span> <span class='ocrx_word' id='word_1_880' title='bbox 1265 5403 1322 5446; x_wconf 91' lang='lat' dir='ltr'><strong>ut</strong></span> <span class='ocrx_word' id='word_1_881' title='bbox 1348 5393 1510 5447; x_wconf 87' lang='lat' dir='ltr'><strong>etiam</strong></span> <span class='ocrx_word' id='word_1_882' title='bbox 1541 5392 1640 5460; x_wconf 80' lang='lat' dir='ltr'><strong>ipsi</strong></span> <span class='ocrx_word' id='word_1_883' title='bbox 1664 5408 1825 5448; x_wconf 89' lang='lat' dir='ltr'><strong>omne</strong></span> <span class='ocrx_word' id='word_1_884' title='bbox 1849 5408 1987 5462; x_wconf 76' lang='lat' dir='ltr'><strong>genu</strong></span> 
     </span>
    </p>
   </div>
   <div class='ocr_carea' id='block_1_111' title="bbox 487 5587 1009 5648">
    <p class='ocr_par' dir='ltr' id='par_1_111' title="bbox 487 5587 1009 5648">
     <span class='ocr_line' id='line_1_111' title="bbox 487 5587 1009 5648; baseline 0.013 -8"><span class='ocrx_word' id='word_1_885' title='bbox 487 5589 533 5620; x_wconf 81' lang='lat'><strong>&#39;°</strong></span> <span class='ocrx_word' id='word_1_886' title='bbox 564 5587 754 5645; x_wconf 82' lang='lat' dir='ltr'><strong>Matth.</strong></span> <span class='ocrx_word' id='word_1_887' title='bbox 788 5606 901 5648; x_wconf 84' lang='lat' dir='ltr'><strong>vm.</strong></span> <span class='ocrx_word' id='word_1_888' title='bbox 957 5593 1009 5648; x_wconf 81' lang='grc'><strong>5.</strong></span> 
     </span>
    </p>
   </div>
   <div class='ocr_carea' id='block_1_112' title="bbox 1109 5593 1560 5666">
    <p class='ocr_par' dir='ltr' id='par_1_112' title="bbox 1109 5593 1560 5666">
     <span class='ocr_line' id='line_1_112' title="bbox 1109 5593 1560 5666; baseline 0 -16"><span class='ocrx_word' id='word_1_889' title='bbox 1109 5595 1152 5666; x_wconf 57' lang='grc' dir='ltr'><strong>ἐ</strong></span> <span class='ocrx_word' id='word_1_890' title='bbox 1185 5593 1354 5652; x_wconf 79' lang='lat' dir='ltr'><strong>Marc.</strong></span> <span class='ocrx_word' id='word_1_891' title='bbox 1384 5609 1436 5663; x_wconf 90' lang='lat' dir='ltr'><strong>v,</strong></span> <span class='ocrx_word' id='word_1_892' title='bbox 1472 5595 1560 5651; x_wconf 72' lang='grc'><strong>41.</strong></span> 
     </span>
    </p>
   </div>
   <div class='ocr_carea' id='block_1_113' title="bbox 415 5659 647 5728">
    <p class='ocr_par' dir='ltr' id='par_1_113' title="bbox 415 5659 647 5728">
     <span class='ocr_line' id='line_1_113' title="bbox 415 5659 647 5728; baseline -0.009 -13"><span class='ocrx_word' id='word_1_893' title='bbox 415 5674 474 5728; x_wconf 84' lang='grc' dir='ltr'><strong>ιι,</strong></span> <span class='ocrx_word' id='word_1_894' title='bbox 498 5659 647 5716; x_wconf 79' lang='lat' dir='ltr'><strong>9-H.</strong></span> 
     </span>
    </p>
   </div>
   <div class='ocr_carea' id='block_1_114' title="bbox 1664 5595 2134 5666">
    <p class='ocr_par' dir='ltr' id='par_1_114' title="bbox 1664 5595 2134 5666">
     <span class='ocr_line' id='line_1_114' title="bbox 1664 5595 2134 5666; baseline 0.002 -15"><span class='ocrx_word' id='word_1_895' title='bbox 1664 5598 1709 5629; x_wconf 84' lang='lat'>&quot;</span> <span class='ocrx_word' id='word_1_896' title='bbox 1741 5595 1904 5652; x_wconf 75' lang='lat' dir='ltr'><strong>Marc.</strong></span> <span class='ocrx_word' id='word_1_897' title='bbox 1946 5613 2020 5666; x_wconf 78' lang='grc' dir='ltr'><strong>ιν,</strong></span> <span class='ocrx_word' id='word_1_898' title='bbox 2046 5596 2134 5653; x_wconf 77' lang='lat'><strong>39.</strong></span> 
     </span>
    </p>
   </div>
   <div class='ocr_carea' id='block_1_115' title="bbox 2097 5388 3710 5462">
    <p class='ocr_par' dir='ltr' id='par_1_115' title="bbox 2097 5388 3710 5462">
     <span class='ocr_line' id='line_1_115' title="bbox 2097 5388 3710 5462; baseline -0.002 -18"><span class='ocrx_word' id='word_1_899' title='bbox 2097 5390 2244 5461; x_wconf 82' lang='grc' dir='ltr'><strong>αὐτῷ</strong></span> <span class='ocrx_word' id='word_1_900' title='bbox 2288 5389 2418 5457; x_wconf 78' lang='grc' dir='ltr'>γόνυ</span> <span class='ocrx_word' id='word_1_901' title='bbox 2465 5388 2680 5462; x_wconf 74' lang='grc' dir='ltr'>κάμψῃ,</span> <span class='ocrx_word' id='word_1_902' title='bbox 2715 5389 3073 5461; x_wconf 81' lang='grc' dir='ltr'>ἐπουρανίων,</span> <span class='ocrx_word' id='word_1_903' title='bbox 3113 5390 3208 5443; x_wconf 79' lang='grc' dir='ltr'><strong>καὶ</strong></span> <span class='ocrx_word' id='word_1_904' title='bbox 3259 5389 3537 5457; x_wconf 83' lang='grc' dir='ltr'>ἐπιγείων,</span> <span class='ocrx_word' id='word_1_905' title='bbox 3593 5390 3710 5443; x_wconf 72' lang='grc' dir='ltr'>καὶ</span> 
     </span>
    </p>
   </div>
   <div class='ocr_carea' id='block_1_116' title="bbox 2249 5591 3704 5667">
    <p class='ocr_par' dir='ltr' id='par_1_116' title="bbox 2249 5591 3704 5667">
     <span class='ocr_line' id='line_1_116' title="bbox 2249 5591 3704 5667; baseline 0.001 -18"><span class='ocrx_word' id='word_1_906' title='bbox 2249 5594 2294 5626; x_wconf 85' lang='grc'><strong><em>⁸³</em></strong></span> <span class='ocrx_word' id='word_1_907' title='bbox 2325 5592 2479 5649; x_wconf 81' lang='lat' dir='ltr'><strong>Joan.</strong></span> <span class='ocrx_word' id='word_1_908' title='bbox 2507 5609 2624 5661; x_wconf 88' lang='lat' dir='ltr'><strong>vm,</strong></span> <span class='ocrx_word' id='word_1_909' title='bbox 2654 5593 2740 5649; x_wconf 76' lang='lat'><strong>40.</strong></span> <span class='ocrx_word' id='word_1_910' title='bbox 2819 5594 2865 5627; x_wconf 62' lang='grc'><strong>⁸³</strong></span> <span class='ocrx_word' id='word_1_911' title='bbox 2896 5591 2915 5647; x_wconf 86' lang='grc' dir='ltr'><strong>Ι</strong></span> <span class='ocrx_word' id='word_1_912' title='bbox 2943 5593 3068 5649; x_wconf 85' lang='lat' dir='ltr'><strong>Cor.</strong></span> <span class='ocrx_word' id='word_1_913' title='bbox 3100 5610 3214 5662; x_wconf 80' lang='lat' dir='ltr'><strong>vm,</strong></span> <span class='ocrx_word' id='word_1_914' title='bbox 3245 5595 3295 5651; x_wconf 88' lang='lat'><strong>6.</strong></span> <span class='ocrx_word' id='word_1_915' title='bbox 3371 5596 3416 5628; x_wconf 80' lang='lat'><strong>&quot;</strong></span> <span class='ocrx_word' id='word_1_916' title='bbox 3445 5593 3704 5667; x_wconf 67' lang='lat' dir='ltr'><strong>Philipp.</strong></span> 
     </span>
    </p>
   </div>
  </div>
