  <div class='ocr_page' id='page_1' title='image "/cluster/home/n/w/nwhite01/storage/ocr_20150623/76/mdp.39015013094878/058.png"; bbox 0 0 3926 6126; ppageno 0'>
   <div class='ocr_carea' id='block_1_1' title="bbox 148 253 2379 321">
    <p class='ocr_par' dir='ltr' id='par_1_1' title="bbox 148 253 2379 321">
     <span class='ocr_line' id='line_1_1' title="bbox 148 253 2379 321; baseline 0.003 -6"><span class='ocrx_word' id='word_1_1' title='bbox 148 261 233 319; x_wconf 72' lang='lat' dir='ltr'><strong>lOl</strong></span> <span class='ocrx_word' id='word_1_2' title='bbox 1269 253 1640 314; x_wconf 75' lang='lat' dir='ltr'><strong>ADVERSUS</strong></span> <span class='ocrx_word' id='word_1_3' title='bbox 1677 255 2098 318; x_wconf 78' lang='lat' dir='ltr'><strong>NESTORIUM</strong></span> <span class='ocrx_word' id='word_1_4' title='bbox 2138 261 2271 318; x_wconf 86' lang='lat' dir='ltr'><strong>LIB.</strong></span> <span class='ocrx_word' id='word_1_5' title='bbox 2313 261 2379 321; x_wconf 87' lang='lat' dir='ltr'><strong>ll.</strong></span> 
     </span>
    </p>
   </div>
   <div class='ocr_carea' id='block_1_2' title="bbox 3313 269 3414 322">
    <p class='ocr_par' dir='ltr' id='par_1_2' title="bbox 3313 269 3414 322">
     <span class='ocr_line' id='line_1_2' title="bbox 3313 269 3414 322; baseline 0 0"><span class='ocrx_word' id='word_1_6' title='bbox 3313 269 3414 322; x_wconf 74' lang='grc'><strong>109.</strong></span> 
     </span>
    </p>
   </div>
   <div class='ocr_carea' id='block_1_3' title="bbox 149 369 1716 447">
    <p class='ocr_par' dir='ltr' id='par_1_3' title="bbox 149 369 1716 444">
     <span class='ocr_line' id='line_1_3' title="bbox 149 369 1716 444; baseline -0.003 -12"><span class='ocrx_word' id='word_1_7' title='bbox 149 373 545 444; x_wconf 71' lang='grc' dir='ltr'>καταχθονίωνο</span> <span class='ocrx_word' id='word_1_8' title='bbox 598 374 692 427; x_wconf 77' lang='grc' dir='ltr'><strong>καὶ</strong></span> <span class='ocrx_word' id='word_1_9' title='bbox 748 372 897 426; x_wconf 74' lang='grc' dir='ltr'>πᾶσα</span> <span class='ocrx_word' id='word_1_10' title='bbox 967 369 1183 439; x_wconf 80' lang='grc' dir='ltr'>γλῶσσα</span> <span class='ocrx_word' id='word_1_11' title='bbox 1241 371 1716 444; x_wconf 76' lang='grc' dir='ltr'>ἐξομολογήσηται,</span> 
     </span>
    </p>
   </div>
   <div class='ocr_carea' id='block_1_4' title="bbox 1821 369 3412 447">
    <p class='ocr_par' dir='ltr' id='par_1_4' title="bbox 1831 377 3412 447">
     <span class='ocr_line' id='line_1_4' title="bbox 1831 377 3412 447; baseline 0.001 -13"><span class='ocrx_word' id='word_1_12' title='bbox 1831 378 2085 434; x_wconf 79' lang='lat' dir='ltr'><strong>ﬂectatur</strong></span> <span class='ocrx_word' id='word_1_13' title='bbox 2137 379 2466 446; x_wconf 65' lang='lat' dir='ltr'><strong>caelestium,</strong></span> <span class='ocrx_word' id='word_1_14' title='bbox 2504 377 2839 434; x_wconf 86' lang='lat' dir='ltr'><strong>terrestrium</strong></span> <span class='ocrx_word' id='word_1_15' title='bbox 2873 387 2927 435; x_wconf 84' lang='lat' dir='ltr'><strong>et</strong></span> <span class='ocrx_word' id='word_1_16' title='bbox 2962 379 3319 447; x_wconf 71' lang='lat' dir='ltr'><strong>inferuerunt,</strong></span> <span class='ocrx_word' id='word_1_17' title='bbox 3357 393 3412 437; x_wconf 79' lang='lat' dir='ltr'><strong>et.</strong></span> 
     </span>
    </p>
   </div>
   <div class='ocr_carea' id='block_1_5' title="bbox 145 460 1722 537">
    <p class='ocr_par' dir='ltr' id='par_1_5' title="bbox 145 460 1722 537">
     <span class='ocr_line' id='line_1_5' title="bbox 145 460 1722 537; baseline 0.003 -23"><span class='ocrx_word' id='word_1_18' title='bbox 145 470 218 522; x_wconf 74' lang='grc' dir='ltr'>ὅτι</span> <span class='ocrx_word' id='word_1_19' title='bbox 261 467 470 536; x_wconf 74' lang='grc' dir='ltr'>Κύριος</span> <span class='ocrx_word' id='word_1_20' title='bbox 524 463 726 537; x_wconf 78' lang='grc' dir='ltr'>Ἰησοῦς</span> <span class='ocrx_word' id='word_1_21' title='bbox 770 463 1022 534; x_wconf 83' lang='grc' dir='ltr'>Χριστός.</span> <span class='ocrx_word' id='word_1_22' title='bbox 1063 464 1124 516; x_wconf 84' lang='lat' dir='ltr'><strong>El</strong></span> <span class='ocrx_word' id='word_1_23' title='bbox 1159 463 1256 534; x_wconf 77' lang='grc' dir='ltr'>μὲν</span> <span class='ocrx_word' id='word_1_24' title='bbox 1303 460 1394 517; x_wconf 81' lang='grc' dir='ltr'>οὖν</span> <span class='ocrx_word' id='word_1_25' title='bbox 1424 463 1555 517; x_wconf 99' lang='grc' dir='ltr'>Θεὸν</span> <span class='ocrx_word' id='word_1_26' title='bbox 1593 465 1722 519; x_wconf 77' lang='grc' dir='ltr'>ὅντα</span> 
     </span>
    </p>
   </div>
   <div class='ocr_carea' id='block_1_6' title="bbox 144 554 1719 627">
    <p class='ocr_par' dir='ltr' id='par_1_6' title="bbox 144 554 1719 627">
     <span class='ocr_line' id='line_1_6' title="bbox 144 554 1719 627; baseline -0.001 -15"><span class='ocrx_word' id='word_1_27' title='bbox 144 558 276 612; x_wconf 70' lang='grc' dir='ltr'>κατὰ</span> <span class='ocrx_word' id='word_1_28' title='bbox 309 557 492 627; x_wconf 81' lang='grc' dir='ltr'>φύσιν,</span> <span class='ocrx_word' id='word_1_29' title='bbox 523 559 614 609; x_wconf 70' lang='grc' dir='ltr'><strong>καὶ</strong></span> <span class='ocrx_word' id='word_1_30' title='bbox 635 556 738 627; x_wconf 89' lang='grc' dir='ltr'><strong>πρὸ</strong></span> <span class='ocrx_word' id='word_1_31' title='bbox 766 556 866 625; x_wconf 89' lang='grc' dir='ltr'><strong>τῆς</strong></span> <span class='ocrx_word' id='word_1_32' title='bbox 896 554 1082 608; x_wconf 80' lang='grc' dir='ltr'>ἐνθάδε</span> <span class='ocrx_word' id='word_1_33' title='bbox 1107 555 1406 626; x_wconf 81' lang='grc' dir='ltr'><strong>λεγομένης</strong></span> <span class='ocrx_word' id='word_1_34' title='bbox 1437 556 1719 626; x_wconf 63' lang='grc' dir='ltr'>ὑψώσεως,</span> 
     </span>
    </p>
   </div>
   <div class='ocr_carea' id='block_1_7' title="bbox 146 648 1722 720">
    <p class='ocr_par' dir='ltr' id='par_1_7' title="bbox 146 648 1722 720">
     <span class='ocr_line' id='line_1_7' title="bbox 146 648 1722 720; baseline -0.002 -15"><span class='ocrx_word' id='word_1_35' title='bbox 146 650 268 720; x_wconf 74' lang='grc' dir='ltr'>ὑψοῦ</span> <span class='ocrx_word' id='word_1_36' title='bbox 304 649 550 704; x_wconf 80' lang='grc' dir='ltr'><strong>τέθεικεν</strong></span> <span class='ocrx_word' id='word_1_37' title='bbox 594 651 623 702; x_wconf 88' lang='grc' dir='ltr'><strong>ό</strong></span> <span class='ocrx_word' id='word_1_38' title='bbox 655 649 879 720; x_wconf 78' lang='grc' dir='ltr'>Πατήρο</span> <span class='ocrx_word' id='word_1_39' title='bbox 917 648 1009 701; x_wconf 84' lang='grc' dir='ltr'><strong>τὸν</strong></span> <span class='ocrx_word' id='word_1_40' title='bbox 1057 648 1156 717; x_wconf 89' lang='grc' dir='ltr'><strong>τῆς</strong></span> <span class='ocrx_word' id='word_1_41' title='bbox 1205 649 1404 718; x_wconf 80' lang='grc' dir='ltr'>μεταξὺ</span> <span class='ocrx_word' id='word_1_42' title='bbox 1453 649 1722 702; x_wconf 85' lang='grc' dir='ltr'>ταπεινώ-</span> 
     </span>
    </p>
   </div>
   <div class='ocr_carea' id='block_1_8' title="bbox 147 739 1724 815">
    <p class='ocr_par' dir='ltr' id='par_1_8' title="bbox 147 739 1724 815">
     <span class='ocr_line' id='line_1_8' title="bbox 147 739 1724 815; baseline -0.003 -17"><span class='ocrx_word' id='word_1_43' title='bbox 147 761 272 808; x_wconf 88' lang='grc' dir='ltr'>σεως</span> <span class='ocrx_word' id='word_1_44' title='bbox 325 740 907 815; x_wconf 80' lang='grc' dir='ltr'><strong>πολυπραγμονοῦντες</strong></span> <span class='ocrx_word' id='word_1_45' title='bbox 953 740 1186 810; x_wconf 84' lang='grc' dir='ltr'><strong>τρόπον,</strong></span> <span class='ocrx_word' id='word_1_46' title='bbox 1237 739 1545 810; x_wconf 71' lang='grc' dir='ltr'>οἰκονομίαν</span> <span class='ocrx_word' id='word_1_47' title='bbox 1598 741 1724 794; x_wconf 74' lang='grc' dir='ltr'>τινὰ</span> 
     </span>
    </p>
   </div>
   <div class='ocr_carea' id='block_1_9' title="bbox 146 832 1723 907">
    <p class='ocr_par' dir='ltr' id='par_1_9' title="bbox 146 832 1723 907">
     <span class='ocr_line' id='line_1_9' title="bbox 146 832 1723 907; baseline 0 -18"><span class='ocrx_word' id='word_1_48' title='bbox 146 837 302 907; x_wconf 71' lang='grc' dir='ltr'>σοφὴν</span> <span class='ocrx_word' id='word_1_49' title='bbox 344 837 668 906; x_wconf 81' lang='grc' dir='ltr'>εὑρήσομεν,</span> <span class='ocrx_word' id='word_1_50' title='bbox 709 832 830 886; x_wconf 84' lang='grc' dir='ltr'>καθ’</span> <span class='ocrx_word' id='word_1_51' title='bbox 857 835 924 904; x_wconf 83' lang='grc' dir='ltr'><strong>ἢν</strong></span> <span class='ocrx_word' id='word_1_52' title='bbox 967 833 1236 906; x_wconf 76' lang='grc' dir='ltr'>ἀδοξήσας</span> <span class='ocrx_word' id='word_1_53' title='bbox 1277 833 1366 888; x_wconf 77' lang='grc' dir='ltr'><strong>διὰ</strong></span> <span class='ocrx_word' id='word_1_54' title='bbox 1410 835 1598 905; x_wconf 82' lang='grc' dir='ltr'><strong>μέσου,</strong></span> <span class='ocrx_word' id='word_1_55' title='bbox 1629 835 1723 904; x_wconf 84' lang='grc' dir='ltr'>γέ-</span> 
     </span>
    </p>
   </div>
   <div class='ocr_carea' id='block_1_10' title="bbox 144 921 1721 999">
    <p class='ocr_par' dir='ltr' id='par_1_10' title="bbox 144 921 1721 999">
     <span class='ocr_line' id='line_1_10' title="bbox 144 921 1721 999; baseline 0 -17"><span class='ocrx_word' id='word_1_56' title='bbox 144 945 254 996; x_wconf 90' lang='grc' dir='ltr'>γονε</span> <span class='ocrx_word' id='word_1_57' title='bbox 285 927 449 982; x_wconf 83' lang='grc' dir='ltr'>πάλιν</span> <span class='ocrx_word' id='word_1_58' title='bbox 478 929 536 981; x_wconf 69' lang='grc' dir='ltr'>ὲν</span> <span class='ocrx_word' id='word_1_59' title='bbox 573 921 655 990; x_wconf 75' lang='grc' dir='ltr'>οἷς</span> <span class='ocrx_word' id='word_1_60' title='bbox 682 923 750 998; x_wconf 80' lang='grc' dir='ltr'>ἦν</span> <span class='ocrx_word' id='word_1_61' title='bbox 790 927 876 979; x_wconf 80' lang='grc' dir='ltr'><strong>ἀεὶ</strong></span> <span class='ocrx_word' id='word_1_62' title='bbox 910 928 1005 979; x_wconf 71' lang='grc' dir='ltr'><strong>καὶ</strong></span> <span class='ocrx_word' id='word_1_63' title='bbox 1033 925 1306 990; x_wconf 79' lang='grc' dir='ltr'>οὑσιωδῶς</span> <span class='ocrx_word' id='word_1_64' title='bbox 1335 928 1721 999; x_wconf 77' lang='grc' dir='ltr'>ἐνυπάρχουσι,</span> 
     </span>
    </p>
   </div>
   <div class='ocr_carea' id='block_1_11' title="bbox 143 1016 1719 1088">
    <p class='ocr_par' dir='ltr' id='par_1_11' title="bbox 143 1016 1719 1088">
     <span class='ocr_line' id='line_1_11' title="bbox 143 1016 1719 1088; baseline -0.003 -15"><span class='ocrx_word' id='word_1_65' title='bbox 143 1021 225 1073; x_wconf 73' lang='grc' dir='ltr'>καὶ</span> <span class='ocrx_word' id='word_1_66' title='bbox 246 1021 304 1073; x_wconf 79' lang='grc' dir='ltr'>ἐν</span> <span class='ocrx_word' id='word_1_67' title='bbox 330 1019 480 1084; x_wconf 77' lang='grc' dir='ltr'>ἰδίοις</span> <span class='ocrx_word' id='word_1_68' title='bbox 508 1017 724 1088; x_wconf 78' lang='grc' dir='ltr'>άληθῶς</span> <span class='ocrx_word' id='word_1_69' title='bbox 748 1016 1062 1088; x_wconf 76' lang='grc' dir='ltr'>ὑψώμασιν.</span> <span class='ocrx_word' id='word_1_70' title='bbox 1093 1018 1153 1069; x_wconf 77' lang='lat' dir='ltr'><strong>Ei</strong></span> <span class='ocrx_word' id='word_1_71' title='bbox 1182 1018 1240 1071; x_wconf 84' lang='grc' dir='ltr'><strong>δὲ</strong></span> <span class='ocrx_word' id='word_1_72' title='bbox 1271 1016 1428 1071; x_wconf 80' lang='grc' dir='ltr'>τοῦτο</span> <span class='ocrx_word' id='word_1_73' title='bbox 1461 1019 1559 1088; x_wconf 81' lang='grc' dir='ltr'>μὲν</span> <span class='ocrx_word' id='word_1_74' title='bbox 1581 1018 1719 1088; x_wconf 71' lang='grc' dir='ltr'>οὐχὶ,</span> 
     </span>
    </p>
   </div>
   <div class='ocr_carea' id='block_1_12' title="bbox 143 1106 1722 1182">
    <p class='ocr_par' dir='ltr' id='par_1_12' title="bbox 143 1106 1722 1182">
     <span class='ocr_line' id='line_1_12' title="bbox 143 1106 1722 1182; baseline -0.003 -18"><span class='ocrx_word' id='word_1_75' title='bbox 143 1110 378 1182; x_wconf 85' lang='grc' dir='ltr'>καθάπερ</span> <span class='ocrx_word' id='word_1_76' title='bbox 405 1106 498 1164; x_wconf 80' lang='grc' dir='ltr'><strong>οὖν</strong></span> <span class='ocrx_word' id='word_1_77' title='bbox 518 1108 688 1163; x_wconf 76' lang='grc' dir='ltr'>οἴεται</span> <span class='ocrx_word' id='word_1_78' title='bbox 720 1109 812 1162; x_wconf 83' lang='grc' dir='ltr'><strong>καί</strong></span> <span class='ocrx_word' id='word_1_79' title='bbox 852 1125 1020 1179; x_wconf 82' lang='grc' dir='ltr'>φησιν</span> <span class='ocrx_word' id='word_1_80' title='bbox 1041 1125 1056 1139; x_wconf 81' lang='grc'><strong>·</strong></span> <span class='ocrx_word' id='word_1_81' title='bbox 1091 1107 1279 1179; x_wconf 77' lang='grc' dir='ltr'>ἕτερον</span> <span class='ocrx_word' id='word_1_82' title='bbox 1321 1108 1380 1161; x_wconf 87' lang='grc' dir='ltr'>δέ</span> <span class='ocrx_word' id='word_1_83' title='bbox 1417 1125 1541 1161; x_wconf 87' lang='grc' dir='ltr'>τινα</span> <span class='ocrx_word' id='word_1_84' title='bbox 1571 1108 1722 1178; x_wconf 77' lang='grc' dir='ltr'>παρὰ</span> 
     </span>
    </p>
   </div>
   <div class='ocr_carea' id='block_1_13' title="bbox 140 1199 1720 1272">
    <p class='ocr_par' dir='ltr' id='par_1_13' title="bbox 140 1199 1720 1272">
     <span class='ocr_line' id='line_1_13' title="bbox 140 1199 1720 1272; baseline -0.003 -16"><span class='ocrx_word' id='word_1_85' title='bbox 140 1205 220 1256; x_wconf 82' lang='grc' dir='ltr'><strong>τὸν</strong></span> <span class='ocrx_word' id='word_1_86' title='bbox 239 1203 333 1256; x_wconf 81' lang='grc' dir='ltr'>τοῦ</span> <span class='ocrx_word' id='word_1_87' title='bbox 363 1202 498 1256; x_wconf 78' lang='grc' dir='ltr'>Θεοῦ</span> <span class='ocrx_word' id='word_1_88' title='bbox 530 1201 706 1271; x_wconf 83' lang='grc' dir='ltr'>Λόγον</span> <span class='ocrx_word' id='word_1_89' title='bbox 736 1200 827 1253; x_wconf 88' lang='grc' dir='ltr'><strong>τὸν</strong></span> <span class='ocrx_word' id='word_1_90' title='bbox 861 1199 1010 1270; x_wconf 89' lang='grc' dir='ltr'>αὑτῷ</span> <span class='ocrx_word' id='word_1_91' title='bbox 1035 1199 1376 1270; x_wconf 80' lang='grc' dir='ltr'>συνημμένον</span> <span class='ocrx_word' id='word_1_92' title='bbox 1413 1199 1720 1272; x_wconf 76' lang='grc' dir='ltr'>ἄνθρωπον,</span> 
     </span>
    </p>
   </div>
   <div class='ocr_carea' id='block_1_14' title="bbox 141 1291 1722 1368">
    <p class='ocr_par' dir='ltr' id='par_1_14' title="bbox 141 1291 1722 1368">
     <span class='ocr_line' id='line_1_14' title="bbox 141 1291 1722 1368; baseline -0.002 -19"><span class='ocrx_word' id='word_1_93' title='bbox 141 1295 504 1368; x_wconf 83' lang='grc' dir='ltr'>προσκυνητὸν</span> <span class='ocrx_word' id='word_1_94' title='bbox 564 1293 819 1364; x_wconf 73' lang='grc' dir='ltr'>ἐποίησεν</span> <span class='ocrx_word' id='word_1_95' title='bbox 851 1291 1069 1364; x_wconf 87' lang='grc' dir='ltr'>οὑρανῷ</span> <span class='ocrx_word' id='word_1_96' title='bbox 1109 1309 1169 1344; x_wconf 90' lang='grc' dir='ltr'><strong>τε</strong></span> <span class='ocrx_word' id='word_1_97' title='bbox 1216 1293 1309 1345; x_wconf 75' lang='grc' dir='ltr'><strong>καὶ</strong></span> <span class='ocrx_word' id='word_1_98' title='bbox 1337 1295 1430 1362; x_wconf 83' lang='grc' dir='ltr'>γῇ,</span> <span class='ocrx_word' id='word_1_99' title='bbox 1479 1294 1574 1346; x_wconf 68' lang='grc' dir='ltr'><strong>καὶ</strong></span> <span class='ocrx_word' id='word_1_100' title='bbox 1612 1295 1722 1357; x_wconf 87' lang='grc' dir='ltr'>τοῖς</span> 
     </span>
    </p>
   </div>
   <div class='ocr_carea' id='block_1_15' title="bbox 137 1383 1720 1460">
    <p class='ocr_par' dir='ltr' id='par_1_15' title="bbox 137 1383 1720 1460">
     <span class='ocr_line' id='line_1_15' title="bbox 137 1383 1720 1460; baseline -0.003 -18"><span class='ocrx_word' id='word_1_101' title='bbox 137 1389 206 1442; x_wconf 75' lang='grc' dir='ltr'>ἔτι</span> <span class='ocrx_word' id='word_1_102' title='bbox 234 1388 564 1460; x_wconf 76' lang='grc' dir='ltr'>κατωτέρωο</span> <span class='ocrx_word' id='word_1_103' title='bbox 596 1386 983 1456; x_wconf 72' lang='grc' dir='ltr'>τεθεοποίηκεν</span> <span class='ocrx_word' id='word_1_104' title='bbox 1015 1384 1123 1453; x_wconf 78' lang='grc' dir='ltr'>ἄρα</span> <span class='ocrx_word' id='word_1_105' title='bbox 1167 1383 1287 1437; x_wconf 82' lang='grc' dir='ltr'>καθ’</span> <span class='ocrx_word' id='word_1_106' title='bbox 1321 1385 1469 1455; x_wconf 71' lang='grc' dir='ltr'>ἡμᾶς</span> <span class='ocrx_word' id='word_1_107' title='bbox 1509 1385 1720 1454; x_wconf 79' lang='grc' dir='ltr'>ἅνθρω-</span> 
     </span>
    </p>
   </div>
   <div class='ocr_carea' id='block_1_16' title="bbox 137 1475 1723 1550">
    <p class='ocr_par' dir='ltr' id='par_1_16' title="bbox 137 1475 1723 1550">
     <span class='ocr_line' id='line_1_16' title="bbox 137 1475 1723 1550; baseline -0.004 -15"><span class='ocrx_word' id='word_1_108' title='bbox 137 1500 245 1547; x_wconf 76' lang='grc' dir='ltr'>πον,</span> <span class='ocrx_word' id='word_1_109' title='bbox 285 1483 600 1536; x_wconf 77' lang='grc' dir='ltr'>αἰτιάσεται</span> <span class='ocrx_word' id='word_1_110' title='bbox 638 1481 695 1534; x_wconf 72' lang='grc' dir='ltr'><strong>δὲ</strong></span> <span class='ocrx_word' id='word_1_111' title='bbox 737 1481 905 1550; x_wconf 78' lang='grc' dir='ltr'>ἡμᾶς,</span> <span class='ocrx_word' id='word_1_112' title='bbox 933 1477 1032 1530; x_wconf 84' lang='grc' dir='ltr'><strong>οὑκ</strong></span> <span class='ocrx_word' id='word_1_113' title='bbox 1074 1477 1153 1529; x_wconf 80' lang='grc' dir='ltr'>ἔτι</span> <span class='ocrx_word' id='word_1_114' title='bbox 1180 1479 1239 1529; x_wconf 83' lang='grc' dir='ltr'><strong>ἐν</strong></span> <span class='ocrx_word' id='word_1_115' title='bbox 1274 1475 1352 1548; x_wconf 88' lang='grc' dir='ltr'><strong>τῷ</strong></span> <span class='ocrx_word' id='word_1_116' title='bbox 1397 1477 1588 1548; x_wconf 89' lang='grc' dir='ltr'>κόσμῳ</span> <span class='ocrx_word' id='word_1_117' title='bbox 1613 1477 1723 1530; x_wconf 84' lang='grc' dir='ltr'>λοι-</span> 
     </span>
    </p>
   </div>
   <div class='ocr_carea' id='block_1_17' title="bbox 134 1568 1720 1639">
    <p class='ocr_par' dir='ltr' id='par_1_17' title="bbox 134 1568 1720 1639">
     <span class='ocr_line' id='line_1_17' title="bbox 134 1568 1720 1639; baseline -0.002 -13"><span class='ocrx_word' id='word_1_118' title='bbox 134 1575 244 1639; x_wconf 80' lang='grc' dir='ltr'>πὸν,</span> <span class='ocrx_word' id='word_1_119' title='bbox 274 1573 353 1636; x_wconf 84' lang='grc' dir='ltr'>ὡς</span> <span class='ocrx_word' id='word_1_120' title='bbox 397 1573 665 1626; x_wconf 73' lang='grc' dir='ltr'>θεοποιεῖν</span> <span class='ocrx_word' id='word_1_121' title='bbox 690 1571 970 1633; x_wconf 76' lang='grc' dir='ltr'>ἐθέλοντας</span> <span class='ocrx_word' id='word_1_122' title='bbox 995 1568 1084 1622; x_wconf 86' lang='grc' dir='ltr'><strong>τὸν</strong></span> <span class='ocrx_word' id='word_1_123' title='bbox 1123 1569 1222 1622; x_wconf 86' lang='grc' dir='ltr'><strong>οὑκ</strong></span> <span class='ocrx_word' id='word_1_124' title='bbox 1247 1568 1375 1622; x_wconf 76' lang='grc' dir='ltr'>ὄντα</span> <span class='ocrx_word' id='word_1_125' title='bbox 1414 1568 1568 1634; x_wconf 83' lang='grc' dir='ltr'>Θεὸν,</span> <span class='ocrx_word' id='word_1_126' title='bbox 1595 1569 1720 1623; x_wconf 85' lang='grc' dir='ltr'>καί-</span> 
     </span>
    </p>
   </div>
   <div class='ocr_carea' id='block_1_18' title="bbox 133 1659 1722 1732">
    <p class='ocr_par' dir='ltr' id='par_1_18' title="bbox 133 1659 1722 1732">
     <span class='ocr_line' id='line_1_18' title="bbox 133 1659 1722 1732; baseline -0.004 -14"><span class='ocrx_word' id='word_1_127' title='bbox 133 1683 205 1719; x_wconf 79' lang='grc' dir='ltr'><strong>τοι</strong></span> <span class='ocrx_word' id='word_1_128' title='bbox 244 1664 367 1718; x_wconf 83' lang='grc' dir='ltr'>δέον</span> <span class='ocrx_word' id='word_1_129' title='bbox 409 1664 669 1718; x_wconf 77' lang='grc' dir='ltr'>ἀνάπτειν</span> <span class='ocrx_word' id='word_1_130' title='bbox 708 1662 856 1732; x_wconf 83' lang='grc' dir='ltr'>αὐτῷ</span> <span class='ocrx_word' id='word_1_131' title='bbox 881 1659 960 1730; x_wconf 86' lang='grc' dir='ltr'><strong>τῷ</strong></span> <span class='ocrx_word' id='word_1_132' title='bbox 987 1660 1106 1730; x_wconf 88' lang='grc' dir='ltr'><strong>Θεῷ</strong></span> <span class='ocrx_word' id='word_1_133' title='bbox 1138 1661 1234 1713; x_wconf 72' lang='grc' dir='ltr'><strong>καὶ</strong></span> <span class='ocrx_word' id='word_1_134' title='bbox 1288 1659 1462 1731; x_wconf 76' lang='grc' dir='ltr'>Πατρὶ</span> <span class='ocrx_word' id='word_1_135' title='bbox 1491 1661 1590 1730; x_wconf 82' lang='grc' dir='ltr'><strong>τῆς</strong></span> <span class='ocrx_word' id='word_1_136' title='bbox 1634 1661 1722 1712; x_wconf 72' lang='grc' dir='ltr'>ἐπ’</span> 
     </span>
    </p>
   </div>
   <div class='ocr_carea' id='block_1_19' title="bbox 132 1737 1794 1828">
    <p class='ocr_par' dir='ltr' id='par_1_19' title="bbox 132 1737 1794 1828">
     <span class='ocr_line' id='line_1_19' title="bbox 132 1737 1794 1828; baseline -0.001 -20"><span class='ocrx_word' id='word_1_137' title='bbox 132 1756 272 1828; x_wconf 82' lang='grc' dir='ltr'>αὑτῷ</span> <span class='ocrx_word' id='word_1_138' title='bbox 294 1757 361 1828; x_wconf 84' lang='grc' dir='ltr'>δὴ</span> <span class='ocrx_word' id='word_1_139' title='bbox 385 1755 560 1826; x_wconf 84' lang='grc' dir='ltr'>τούτῳ</span> <span class='ocrx_word' id='word_1_140' title='bbox 583 1753 958 1824; x_wconf 78' lang='grc' dir='ltr'><strong>πλημμελείας</strong></span> <span class='ocrx_word' id='word_1_141' title='bbox 983 1755 1050 1808; x_wconf 77' lang='grc' dir='ltr'>τὰ</span> <span class='ocrx_word' id='word_1_142' title='bbox 1072 1752 1240 1822; x_wconf 79' lang='grc' dir='ltr'>ὲγκλή</span> <span class='ocrx_word' id='word_1_143' title='bbox 1253 1769 1413 1822; x_wconf 82' lang='grc' dir='ltr'>ματα.</span> <span class='ocrx_word' id='word_1_144' title='bbox 1442 1752 1583 1822; x_wconf 81' lang='grc' dir='ltr'>Ὅρα</span> <span class='ocrx_word' id='word_1_145' title='bbox 1605 1750 1718 1824; x_wconf 77' lang='grc' dir='ltr'><strong>[ισ.</strong></span> <span class='ocrx_word' id='word_1_146' title='bbox 1753 1737 1794 1792; x_wconf 75' lang='grc' dir='ltr'><strong>Β</strong></span> 
     </span>
    </p>
   </div>
   <div class='ocr_carea' id='block_1_20' title="bbox 130 1843 1720 1919">
    <p class='ocr_par' dir='ltr' id='par_1_20' title="bbox 130 1843 1720 1919">
     <span class='ocr_line' id='line_1_20' title="bbox 130 1843 1720 1919; baseline -0.001 -19"><span class='ocrx_word' id='word_1_147' title='bbox 130 1847 246 1919; x_wconf 84' lang='grc' dir='ltr'><strong>ὁρᾷ]</strong></span> <span class='ocrx_word' id='word_1_148' title='bbox 287 1847 356 1918; x_wconf 81' lang='grc' dir='ltr'><strong>δὴ</strong></span> <span class='ocrx_word' id='word_1_149' title='bbox 401 1843 514 1910; x_wconf 78' lang='grc' dir='ltr'>οὗν,</span> <span class='ocrx_word' id='word_1_150' title='bbox 564 1848 592 1900; x_wconf 85' lang='grc' dir='ltr'><strong>ὁ</strong></span> <span class='ocrx_word' id='word_1_151' title='bbox 635 1846 1028 1917; x_wconf 76' lang='grc' dir='ltr'>χριστομαθὴς,</span> <span class='ocrx_word' id='word_1_152' title='bbox 1056 1847 1178 1898; x_wconf 81' lang='grc' dir='ltr'>ὅποι</span> <span class='ocrx_word' id='word_1_153' title='bbox 1217 1845 1345 1897; x_wconf 80' lang='grc' dir='ltr'>ποτὲ</span> <span class='ocrx_word' id='word_1_154' title='bbox 1390 1843 1540 1912; x_wconf 87' lang='grc' dir='ltr'>αὑτῷ</span> <span class='ocrx_word' id='word_1_155' title='bbox 1581 1845 1720 1900; x_wconf 84' lang='grc' dir='ltr'>διεκ-</span> 
     </span>
    </p>
   </div>
   <div class='ocr_carea' id='block_1_21' title="bbox 131 1935 1716 2011">
    <p class='ocr_par' dir='ltr' id='par_1_21' title="bbox 131 1935 1716 2011">
     <span class='ocr_line' id='line_1_21' title="bbox 131 1935 1716 2011; baseline -0.003 -19"><span class='ocrx_word' id='word_1_156' title='bbox 131 1939 377 1992; x_wconf 83' lang='grc' dir='ltr'>παίουσιν</span> <span class='ocrx_word' id='word_1_157' title='bbox 455 1939 568 2011; x_wconf 57' lang='lat' dir='ltr'><strong>[Ion</strong></span> <span class='ocrx_word' id='word_1_158' title='bbox 626 1938 1116 2002; x_wconf 77' lang='grc' dir='ltr'>διεκπαιδεύουσιν,</span> <span class='ocrx_word' id='word_1_159' title='bbox 1162 1937 1224 2004; x_wconf 77' lang='grc' dir='ltr'>ἢ,</span> <span class='ocrx_word' id='word_1_160' title='bbox 1290 1935 1716 2007; x_wconf 81' lang='grc' dir='ltr'>διεκπταίουσιν]</span> 
     </span>
    </p>
   </div>
   <div class='ocr_carea' id='block_1_22' title="bbox 129 2028 1718 2101">
    <p class='ocr_par' dir='ltr' id='par_1_22' title="bbox 129 2028 1718 2101">
     <span class='ocr_line' id='line_1_22' title="bbox 129 2028 1718 2101; baseline -0.001 -18"><span class='ocrx_word' id='word_1_161' title='bbox 129 2035 170 2084; x_wconf 85' lang='lat' dir='ltr'><strong>ol</strong></span> <span class='ocrx_word' id='word_1_162' title='bbox 197 2033 346 2101; x_wconf 89' lang='grc' dir='ltr'>λόγοι</span> <span class='ocrx_word' id='word_1_163' title='bbox 371 2049 384 2064; x_wconf 87' lang='grc'><strong>·</strong></span> <span class='ocrx_word' id='word_1_164' title='bbox 417 2032 512 2084; x_wconf 71' lang='grc' dir='ltr'><strong>καὶ</strong></span> <span class='ocrx_word' id='word_1_165' title='bbox 548 2030 619 2084; x_wconf 68' lang='grc' dir='ltr'>τὰ</span> <span class='ocrx_word' id='word_1_166' title='bbox 643 2031 708 2082; x_wconf 80' lang='grc' dir='ltr'>ὲκ</span> <span class='ocrx_word' id='word_1_167' title='bbox 728 2034 828 2101; x_wconf 80' lang='grc' dir='ltr'><strong>τῆς</strong></span> <span class='ocrx_word' id='word_1_168' title='bbox 860 2031 1102 2100; x_wconf 81' lang='grc' dir='ltr'>ἀκράτου</span> <span class='ocrx_word' id='word_1_169' title='bbox 1141 2031 1371 2098; x_wconf 64' lang='grc' dir='ltr'>ταυτησὶ</span> <span class='ocrx_word' id='word_1_170' title='bbox 1401 2028 1718 2091; x_wconf 79' lang='grc' dir='ltr'>δυσὸουλίας</span> 
     </span>
    </p>
   </div>
   <div class='ocr_carea' id='block_1_23' title="bbox 128 2121 1718 2195">
    <p class='ocr_par' dir='ltr' id='par_1_23' title="bbox 128 2121 1718 2195">
     <span class='ocr_line' id='line_1_23' title="bbox 128 2121 1718 2195; baseline -0.012 -1"><span class='ocrx_word' id='word_1_171' title='bbox 128 2125 440 2195; x_wconf 63' lang='grc' dir='ltr'><strong>εὑρήματα.</strong></span> <span class='ocrx_word' id='word_1_172' title='bbox 473 2122 611 2193; x_wconf 73' lang='grc' dir='ltr'>πρὸς</span> <span class='ocrx_word' id='word_1_173' title='bbox 646 2125 796 2176; x_wconf 81' lang='grc' dir='ltr'>ποῖον</span> <span class='ocrx_word' id='word_1_174' title='bbox 842 2122 992 2191; x_wconf 78' lang='grc' dir='ltr'>αὐτῷ</span> <span class='ocrx_word' id='word_1_175' title='bbox 1037 2121 1288 2191; x_wconf 88' lang='grc' dir='ltr'>καταίρει</span> <span class='ocrx_word' id='word_1_176' title='bbox 1313 2121 1487 2189; x_wconf 72' lang='grc' dir='ltr'>λόγον.</span> <span class='ocrx_word' id='word_1_177' title='bbox 1528 2123 1718 2192; x_wconf 82' lang='grc' dir='ltr'>Ἡμεῖς</span> 
     </span>
    </p>
   </div>
   <div class='ocr_carea' id='block_1_24' title="bbox 130 2215 1716 2288">
    <p class='ocr_par' dir='ltr' id='par_1_24' title="bbox 130 2215 1716 2288">
     <span class='ocr_line' id='line_1_24' title="bbox 130 2215 1716 2288; baseline -0.002 -17"><span class='ocrx_word' id='word_1_178' title='bbox 130 2219 222 2288; x_wconf 81' lang='grc' dir='ltr'>μὲν</span> <span class='ocrx_word' id='word_1_179' title='bbox 266 2218 382 2288; x_wconf 72' lang='grc' dir='ltr'><strong>γάρ</strong></span> <span class='ocrx_word' id='word_1_180' title='bbox 426 2217 558 2269; x_wconf 80' lang='grc' dir='ltr'>Θεὸν</span> <span class='ocrx_word' id='word_1_181' title='bbox 587 2216 716 2269; x_wconf 77' lang='grc' dir='ltr'>ὄντα</span> <span class='ocrx_word' id='word_1_182' title='bbox 763 2215 903 2269; x_wconf 78' lang='grc' dir='ltr'>κατὰ</span> <span class='ocrx_word' id='word_1_183' title='bbox 945 2215 1107 2285; x_wconf 80' lang='grc' dir='ltr'>φύσιν</span> <span class='ocrx_word' id='word_1_184' title='bbox 1146 2216 1236 2268; x_wconf 85' lang='grc' dir='ltr'><strong>τὸν</strong></span> <span class='ocrx_word' id='word_1_185' title='bbox 1276 2215 1422 2276; x_wconf 81' lang='grc' dir='ltr'>Υἰὸν,</span> <span class='ocrx_word' id='word_1_186' title='bbox 1453 2218 1716 2281; x_wconf 79' lang='grc' dir='ltr'>τουτέστι,</span> 
     </span>
    </p>
   </div>
   <div class='ocr_carea' id='block_1_25' title="bbox 127 2308 1717 2380">
    <p class='ocr_par' dir='ltr' id='par_1_25' title="bbox 127 2308 1717 2380">
     <span class='ocr_line' id='line_1_25' title="bbox 127 2308 1717 2380; baseline 0 -18"><span class='ocrx_word' id='word_1_187' title='bbox 127 2311 210 2363; x_wconf 79' lang='grc' dir='ltr'><strong>τὸν</strong></span> <span class='ocrx_word' id='word_1_188' title='bbox 250 2312 316 2363; x_wconf 84' lang='grc' dir='ltr'>ὲκ</span> <span class='ocrx_word' id='word_1_189' title='bbox 371 2309 466 2363; x_wconf 86' lang='grc' dir='ltr'>τοῦ</span> <span class='ocrx_word' id='word_1_190' title='bbox 519 2309 653 2363; x_wconf 83' lang='grc' dir='ltr'>Θεοῦ</span> <span class='ocrx_word' id='word_1_191' title='bbox 697 2309 912 2380; x_wconf 79' lang='grc' dir='ltr'>Πατρός</span> <span class='ocrx_word' id='word_1_192' title='bbox 940 2309 1135 2376; x_wconf 85' lang='grc' dir='ltr'>Λόγον,</span> <span class='ocrx_word' id='word_1_193' title='bbox 1172 2308 1493 2361; x_wconf 80' lang='grc' dir='ltr'>καθικέσθαι</span> <span class='ocrx_word' id='word_1_194' title='bbox 1540 2311 1717 2380; x_wconf 79' lang='grc' dir='ltr'>φαμὲν</span> 
     </span>
    </p>
   </div>
   <div class='ocr_carea' id='block_1_26' title="bbox 126 2397 1718 2470">
    <p class='ocr_par' dir='ltr' id='par_1_26' title="bbox 126 2397 1718 2470">
     <span class='ocr_line' id='line_1_26' title="bbox 126 2397 1718 2470; baseline 0.001 -18"><span class='ocrx_word' id='word_1_195' title='bbox 126 2403 197 2464; x_wconf 80' lang='grc' dir='ltr'>εἰς</span> <span class='ocrx_word' id='word_1_196' title='bbox 233 2400 481 2456; x_wconf 83' lang='grc' dir='ltr'>ἑκούσιον</span> <span class='ocrx_word' id='word_1_197' title='bbox 512 2399 775 2454; x_wconf 56' lang='grc' dir='ltr'>κένωσιν</span> <span class='ocrx_word' id='word_1_198' title='bbox 823 2401 1182 2468; x_wconf 79' lang='grc' dir='ltr'>ἀναφοιτῆσαι</span> <span class='ocrx_word' id='word_1_199' title='bbox 1218 2401 1274 2453; x_wconf 80' lang='grc' dir='ltr'><strong>δὲ</strong></span> <span class='ocrx_word' id='word_1_200' title='bbox 1323 2397 1390 2454; x_wconf 78' lang='grc' dir='ltr'><strong>αὑ</strong></span> <span class='ocrx_word' id='word_1_201' title='bbox 1436 2401 1529 2454; x_wconf 76' lang='grc' dir='ltr'>καὶ</span> <span class='ocrx_word' id='word_1_202' title='bbox 1581 2401 1718 2470; x_wconf 79' lang='grc' dir='ltr'>μετὰ</span> 
     </span>
    </p>
   </div>
   <div class='ocr_carea' id='block_1_27' title="bbox 130 2490 1718 2564">
    <p class='ocr_par' dir='ltr' id='par_1_27' title="bbox 130 2490 1718 2564">
     <span class='ocr_line' id='line_1_27' title="bbox 130 2490 1718 2564; baseline -0.001 -19"><span class='ocrx_word' id='word_1_203' title='bbox 130 2493 324 2564; x_wconf 78' lang='grc' dir='ltr'>σαρκὸς</span> <span class='ocrx_word' id='word_1_204' title='bbox 348 2495 428 2556; x_wconf 85' lang='grc' dir='ltr'>εἰς</span> <span class='ocrx_word' id='word_1_205' title='bbox 452 2493 513 2545; x_wconf 86' lang='grc' dir='ltr'><strong>τὸ</strong></span> <span class='ocrx_word' id='word_1_206' title='bbox 544 2493 642 2562; x_wconf 87' lang='grc' dir='ltr'><strong>τῆς</strong></span> <span class='ocrx_word' id='word_1_207' title='bbox 674 2491 901 2562; x_wconf 64' lang='grc' dir='ltr'>ἐνούσης</span> <span class='ocrx_word' id='word_1_208' title='bbox 933 2492 1207 2561; x_wconf 79' lang='grc' dir='ltr'>ὑπεροχῆς</span> <span class='ocrx_word' id='word_1_209' title='bbox 1237 2490 1385 2560; x_wconf 80' lang='grc' dir='ltr'>αὑτῷ</span> <span class='ocrx_word' id='word_1_210' title='bbox 1415 2492 1718 2561; x_wconf 78' lang='grc' dir='ltr'>θεοπρεπὲς</span> 
     </span>
    </p>
   </div>
   <div class='ocr_carea' id='block_1_28' title="bbox 125 2582 1719 2655">
    <p class='ocr_par' dir='ltr' id='par_1_28' title="bbox 125 2582 1719 2655">
     <span class='ocr_line' id='line_1_28' title="bbox 125 2582 1719 2655; baseline -0.002 -18"><span class='ocrx_word' id='word_1_211' title='bbox 125 2583 361 2650; x_wconf 80' lang='grc' dir='ltr'>ἀξίωμα.</span> <span class='ocrx_word' id='word_1_212' title='bbox 398 2584 792 2655; x_wconf 83' lang='grc' dir='ltr'>Προσκυνεῖται</span> <span class='ocrx_word' id='word_1_213' title='bbox 825 2583 935 2652; x_wconf 81' lang='grc' dir='ltr'>γὰρ</span> <span class='ocrx_word' id='word_1_214' title='bbox 963 2584 1058 2634; x_wconf 75' lang='grc' dir='ltr'><strong>καὶ</strong></span> <span class='ocrx_word' id='word_1_215' title='bbox 1098 2582 1235 2652; x_wconf 77' lang='grc' dir='ltr'>μετὰ</span> <span class='ocrx_word' id='word_1_216' title='bbox 1263 2582 1487 2650; x_wconf 75' lang='grc' dir='ltr'>σαρκὸς,</span> <span class='ocrx_word' id='word_1_217' title='bbox 1520 2584 1595 2644; x_wconf 63' lang='lat' dir='ltr'><strong>(cc</strong></span> <span class='ocrx_word' id='word_1_218' title='bbox 1628 2583 1719 2634; x_wconf 73' lang='grc' dir='ltr'><strong>καὶ</strong></span> 
     </span>
    </p>
   </div>
   <div class='ocr_carea' id='block_1_29' title="bbox 128 2669 1719 2747">
    <p class='ocr_par' dir='ltr' id='par_1_29' title="bbox 128 2669 1719 2747">
     <span class='ocr_line' id='line_1_29' title="bbox 128 2669 1719 2747; baseline -0.002 -18"><span class='ocrx_word' id='word_1_219' title='bbox 128 2678 227 2747; x_wconf 74' lang='grc' dir='ltr'><strong>πρὸ</strong></span> <span class='ocrx_word' id='word_1_220' title='bbox 255 2677 429 2746; x_wconf 83' lang='grc' dir='ltr'>αὐτῆς</span> <span class='ocrx_word' id='word_1_221' title='bbox 474 2676 735 2746; x_wconf 77' lang='grc' dir='ltr'>ὑπάρχων</span> <span class='ocrx_word' id='word_1_222' title='bbox 776 2674 1185 2746; x_wconf 83' lang='grc' dir='ltr'>προσκυνητός’</span> <span class='ocrx_word' id='word_1_223' title='bbox 1234 2669 1302 2744; x_wconf 88' lang='grc' dir='ltr'><strong>ῆν</strong></span> <span class='ocrx_word' id='word_1_224' title='bbox 1345 2673 1458 2744; x_wconf 80' lang='grc' dir='ltr'><strong>γὰρ</strong></span> <span class='ocrx_word' id='word_1_225' title='bbox 1505 2674 1599 2726; x_wconf 77' lang='grc' dir='ltr'><strong>καὶ</strong></span> <span class='ocrx_word' id='word_1_226' title='bbox 1641 2673 1719 2726; x_wconf 75' lang='grc' dir='ltr'>ἔτι</span> 
     </span>
    </p>
   </div>
   <div class='ocr_carea' id='block_1_30' title="bbox 126 2763 1715 2839">
    <p class='ocr_par' dir='ltr' id='par_1_30' title="bbox 126 2763 1715 2839">
     <span class='ocr_line' id='line_1_30' title="bbox 126 2763 1715 2839; baseline -0.001 -20"><span class='ocrx_word' id='word_1_227' title='bbox 126 2767 228 2839; x_wconf 76' lang='grc' dir='ltr'>[ῖσ.</span> <span class='ocrx_word' id='word_1_228' title='bbox 264 2764 410 2837; x_wconf 76' lang='grc' dir='ltr'>ἔστι]</span> <span class='ocrx_word' id='word_1_229' title='bbox 459 2766 600 2819; x_wconf 70' lang='grc' dir='ltr'>κατὰ</span> <span class='ocrx_word' id='word_1_230' title='bbox 637 2767 800 2834; x_wconf 83' lang='grc' dir='ltr'>φύσιν</span> <span class='ocrx_word' id='word_1_231' title='bbox 829 2765 983 2831; x_wconf 81' lang='grc' dir='ltr'>Θεὸς,</span> <span class='ocrx_word' id='word_1_232' title='bbox 1012 2766 1106 2818; x_wconf 65' lang='grc' dir='ltr'>καὶ</span> <span class='ocrx_word' id='word_1_233' title='bbox 1138 2763 1242 2833; x_wconf 64' lang='grc' dir='ltr'><strong>πρὸ</strong></span> <span class='ocrx_word' id='word_1_234' title='bbox 1271 2764 1374 2833; x_wconf 80' lang='grc' dir='ltr'><strong>τῆς</strong></span> <span class='ocrx_word' id='word_1_235' title='bbox 1413 2763 1715 2828; x_wconf 81' lang='grc' dir='ltr'>κενώσεως,</span> 
     </span>
    </p>
   </div>
   <div class='ocr_carea' id='block_1_31' title="bbox 128 2856 1716 2928">
    <p class='ocr_par' dir='ltr' id='par_1_31' title="bbox 128 2856 1716 2928">
     <span class='ocr_line' id='line_1_31' title="bbox 128 2856 1716 2928; baseline -0.001 -17"><span class='ocrx_word' id='word_1_236' title='bbox 128 2859 215 2913; x_wconf 72' lang='grc' dir='ltr'>καὶ</span> <span class='ocrx_word' id='word_1_237' title='bbox 265 2859 359 2912; x_wconf 79' lang='grc' dir='ltr'><strong>ὅτε</strong></span> <span class='ocrx_word' id='word_1_238' title='bbox 419 2857 517 2928; x_wconf 79' lang='grc' dir='ltr'><strong>τὴν</strong></span> <span class='ocrx_word' id='word_1_239' title='bbox 576 2858 804 2912; x_wconf 79' lang='grc' dir='ltr'>κένωσιν</span> <span class='ocrx_word' id='word_1_240' title='bbox 854 2858 1142 2928; x_wconf 83' lang='grc' dir='ltr'>ὑπομεῖναι</span> <span class='ocrx_word' id='word_1_241' title='bbox 1189 2856 1426 2925; x_wconf 86' lang='grc' dir='ltr'>λέγεται,</span> <span class='ocrx_word' id='word_1_242' title='bbox 1478 2857 1716 2926; x_wconf 85' lang='grc' dir='ltr'>γεγονὼς</span> 
     </span>
    </p>
   </div>
   <div class='ocr_carea' id='block_1_32' title="bbox 127 2947 1716 3020">
    <p class='ocr_par' dir='ltr' id='par_1_32' title="bbox 127 2947 1716 3020">
     <span class='ocr_line' id='line_1_32' title="bbox 127 2947 1716 3020; baseline -0.002 -18"><span class='ocrx_word' id='word_1_243' title='bbox 127 2952 240 3004; x_wconf 84' lang='grc' dir='ltr'>καθ’</span> <span class='ocrx_word' id='word_1_244' title='bbox 286 2951 460 3019; x_wconf 76' lang='grc' dir='ltr'>ἡμᾶς.</span> <span class='ocrx_word' id='word_1_245' title='bbox 510 2949 568 3002; x_wconf 86' lang='grc' dir='ltr'><strong>Ὀ</strong></span> <span class='ocrx_word' id='word_1_246' title='bbox 607 2948 662 3000; x_wconf 83' lang='grc' dir='ltr'><strong>δὲ</strong></span> <span class='ocrx_word' id='word_1_247' title='bbox 706 2948 814 3002; x_wconf 86' lang='grc' dir='ltr'><strong>τῶν</strong></span> <span class='ocrx_word' id='word_1_248' title='bbox 841 2947 983 3001; x_wconf 81' lang='grc' dir='ltr'>οὕτω</span> <span class='ocrx_word' id='word_1_249' title='bbox 1026 2948 1238 3002; x_wconf 82' lang='grc' dir='ltr'>σεπτῷν</span> <span class='ocrx_word' id='word_1_250' title='bbox 1278 2948 1371 3001; x_wconf 75' lang='grc' dir='ltr'><strong>καὶ</strong></span> <span class='ocrx_word' id='word_1_251' title='bbox 1409 2949 1716 3020; x_wconf 69' lang='grc' dir='ltr'>άκισδήλων</span> 
     </span>
    </p>
   </div>
   <div class='ocr_carea' id='block_1_33' title="bbox 124 3039 1715 3112">
    <p class='ocr_par' dir='ltr' id='par_1_33' title="bbox 124 3039 1715 3112">
     <span class='ocr_line' id='line_1_33' title="bbox 124 3039 1715 3112; baseline -0.001 -17"><span class='ocrx_word' id='word_1_252' title='bbox 124 3043 414 3112; x_wconf 68' lang='grc' dir='ltr'>διγμάτων</span> <span class='ocrx_word' id='word_1_253' title='bbox 445 3040 749 3112; x_wconf 79' lang='grc' dir='ltr'>ὑπερορῶν,</span> <span class='ocrx_word' id='word_1_254' title='bbox 799 3040 1082 3112; x_wconf 81' lang='grc' dir='ltr'>ἄνθρωπον</span> <span class='ocrx_word' id='word_1_255' title='bbox 1115 3041 1374 3094; x_wconf 74' lang='grc' dir='ltr'>συνάπτει</span> <span class='ocrx_word' id='word_1_256' title='bbox 1408 3039 1529 3110; x_wconf 85' lang='grc' dir='ltr'><strong>Θεῷ</strong></span> <span class='ocrx_word' id='word_1_257' title='bbox 1574 3043 1715 3094; x_wconf 88' lang='grc' dir='ltr'>κατά</span> 
     </span>
    </p>
   </div>
   <div class='ocr_carea' id='block_1_34' title="bbox 127 3131 1712 3204">
    <p class='ocr_par' dir='ltr' id='par_1_34' title="bbox 127 3131 1712 3204">
     <span class='ocr_line' id='line_1_34' title="bbox 127 3131 1712 3204; baseline 0.001 -20"><span class='ocrx_word' id='word_1_258' title='bbox 127 3150 187 3200; x_wconf 85' lang='grc' dir='ltr'><strong>γε</strong></span> <span class='ocrx_word' id='word_1_259' title='bbox 215 3135 315 3204; x_wconf 81' lang='grc' dir='ltr'>τὴν</span> <span class='ocrx_word' id='word_1_260' title='bbox 345 3131 550 3198; x_wconf 73' lang='grc' dir='ltr'>ἔξωθεν</span> <span class='ocrx_word' id='word_1_261' title='bbox 579 3132 793 3202; x_wconf 86' lang='grc' dir='ltr'>σχέσιν·</span> <span class='ocrx_word' id='word_1_262' title='bbox 844 3133 937 3185; x_wconf 84' lang='grc' dir='ltr'><strong>καὶ</strong></span> <span class='ocrx_word' id='word_1_263' title='bbox 969 3132 1043 3194; x_wconf 86' lang='grc' dir='ltr'>ὡς</span> <span class='ocrx_word' id='word_1_264' title='bbox 1079 3134 1135 3184; x_wconf 81' lang='grc' dir='ltr'>ὲν</span> <span class='ocrx_word' id='word_1_265' title='bbox 1167 3131 1370 3202; x_wconf 80' lang='grc' dir='ltr'>ἰσότητι</span> <span class='ocrx_word' id='word_1_266' title='bbox 1400 3133 1502 3203; x_wconf 87' lang='grc' dir='ltr'><strong>τῆς</strong></span> <span class='ocrx_word' id='word_1_267' title='bbox 1533 3133 1712 3200; x_wconf 75' lang='grc' dir='ltr'>ἀξίας,</span> 
     </span>
    </p>
   </div>
   <div class='ocr_carea' id='block_1_35' title="bbox 128 3224 1709 3296">
    <p class='ocr_par' dir='ltr' id='par_1_35' title="bbox 128 3224 1709 3296">
     <span class='ocr_line' id='line_1_35' title="bbox 128 3224 1709 3296; baseline 0.001 -20"><span class='ocrx_word' id='word_1_268' title='bbox 128 3224 215 3276; x_wconf 67' lang='grc' dir='ltr'><strong>καὶ</strong></span> <span class='ocrx_word' id='word_1_269' title='bbox 239 3224 315 3288; x_wconf 84' lang='grc' dir='ltr'>ὡς</span> <span class='ocrx_word' id='word_1_270' title='bbox 346 3225 534 3295; x_wconf 74' lang='grc' dir='ltr'>ἕτερον</span> <span class='ocrx_word' id='word_1_271' title='bbox 561 3224 730 3293; x_wconf 83' lang='grc' dir='ltr'>ἑτέρῳ</span> <span class='ocrx_word' id='word_1_272' title='bbox 761 3227 1200 3293; x_wconf 88' lang='grc' dir='ltr'>συμπροσκυνεῖν</span> <span class='ocrx_word' id='word_1_273' title='bbox 1233 3228 1331 3280; x_wconf 85' lang='grc' dir='ltr'><strong>οὑκ</strong></span> <span class='ocrx_word' id='word_1_274' title='bbox 1377 3225 1709 3296; x_wconf 78' lang='grc' dir='ltr'>αἰσχύνεται.</span> 
     </span>
    </p>
   </div>
   <div class='ocr_carea' id='block_1_36' title="bbox 128 3315 1716 3387">
    <p class='ocr_par' dir='ltr' id='par_1_36' title="bbox 128 3315 1716 3387">
     <span class='ocr_line' id='line_1_36' title="bbox 128 3315 1716 3387; baseline 0.001 -21"><span class='ocrx_word' id='word_1_275' title='bbox 128 3317 462 3370; x_wconf 80' lang='grc' dir='ltr'>Διατείνεται</span> <span class='ocrx_word' id='word_1_276' title='bbox 503 3315 581 3383; x_wconf 83' lang='grc' dir='ltr'><strong>δὲ,</strong></span> <span class='ocrx_word' id='word_1_277' title='bbox 617 3317 798 3387; x_wconf 66' lang='grc' dir='ltr'>φησιν,</span> <span class='ocrx_word' id='word_1_278' title='bbox 828 3317 903 3378; x_wconf 79' lang='grc' dir='ltr'>ὡς</span> <span class='ocrx_word' id='word_1_279' title='bbox 935 3316 1100 3386; x_wconf 82' lang='grc' dir='ltr'>ἁηθές</span> <span class='ocrx_word' id='word_1_280' title='bbox 1121 3335 1174 3368; x_wconf 88' lang='grc' dir='ltr'><strong>τι</strong></span> <span class='ocrx_word' id='word_1_281' title='bbox 1204 3319 1296 3370; x_wconf 72' lang='grc' dir='ltr'><strong>καὶ</strong></span> <span class='ocrx_word' id='word_1_282' title='bbox 1322 3319 1494 3384; x_wconf 83' lang='grc' dir='ltr'>ξένον,</span> <span class='ocrx_word' id='word_1_283' title='bbox 1525 3319 1619 3370; x_wconf 76' lang='grc' dir='ltr'><strong>καὶ</strong></span> <span class='ocrx_word' id='word_1_284' title='bbox 1641 3317 1716 3380; x_wconf 80' lang='grc' dir='ltr'>ὡς</span> 
     </span>
    </p>
   </div>
   <div class='ocr_carea' id='block_1_37' title="bbox 129 3407 1716 3483">
    <p class='ocr_par' dir='ltr' id='par_1_37' title="bbox 129 3407 1716 3483">
     <span class='ocr_line' id='line_1_37' title="bbox 129 3407 1716 3483; baseline 0.002 -25"><span class='ocrx_word' id='word_1_285' title='bbox 129 3410 180 3471; x_wconf 65' lang='grc' dir='ltr'>ἐν</span> <span class='ocrx_word' id='word_1_286' title='bbox 217 3410 444 3483; x_wconf 83' lang='grc' dir='ltr'>χάριτος</span> <span class='ocrx_word' id='word_1_287' title='bbox 489 3409 652 3480; x_wconf 79' lang='grc' dir='ltr'>μοίρᾳ</span> <span class='ocrx_word' id='word_1_288' title='bbox 693 3408 880 3461; x_wconf 80' lang='grc' dir='ltr'>λαϐεῖν</span> <span class='ocrx_word' id='word_1_289' title='bbox 925 3407 988 3461; x_wconf 84' lang='grc' dir='ltr'><strong>τὸ</strong></span> <span class='ocrx_word' id='word_1_290' title='bbox 1029 3408 1244 3478; x_wconf 71' lang='grc' dir='ltr'>κάμψαι</span> <span class='ocrx_word' id='word_1_291' title='bbox 1303 3427 1363 3462; x_wconf 86' lang='grc' dir='ltr'><strong>τε</strong></span> <span class='ocrx_word' id='word_1_292' title='bbox 1411 3409 1558 3479; x_wconf 85' lang='grc' dir='ltr'>αὑτῷ</span> <span class='ocrx_word' id='word_1_293' title='bbox 1607 3411 1716 3462; x_wconf 86' lang='grc' dir='ltr'>πᾶν</span> 
     </span>
    </p>
   </div>
   <div class='ocr_carea' id='block_1_38' title="bbox 129 3498 1715 3570">
    <p class='ocr_par' dir='ltr' id='par_1_38' title="bbox 129 3498 1715 3570">
     <span class='ocr_line' id='line_1_38' title="bbox 129 3498 1715 3570; baseline 0.001 -18"><span class='ocrx_word' id='word_1_294' title='bbox 129 3501 270 3566; x_wconf 81' lang='grc' dir='ltr'>γόνυ,</span> <span class='ocrx_word' id='word_1_295' title='bbox 299 3503 401 3554; x_wconf 80' lang='grc' dir='ltr'><strong>καὶ</strong></span> <span class='ocrx_word' id='word_1_296' title='bbox 427 3501 534 3570; x_wconf 81' lang='grc' dir='ltr'><strong>μὴν</strong></span> <span class='ocrx_word' id='word_1_297' title='bbox 571 3502 665 3554; x_wconf 70' lang='grc' dir='ltr'>καὶ</span> <span class='ocrx_word' id='word_1_298' title='bbox 712 3499 772 3552; x_wconf 87' lang='grc' dir='ltr'><strong>τὸ</strong></span> <span class='ocrx_word' id='word_1_299' title='bbox 800 3501 980 3554; x_wconf 79' lang='grc' dir='ltr'>πᾶσαν</span> <span class='ocrx_word' id='word_1_300' title='bbox 1007 3498 1509 3570; x_wconf 74' lang='grc' dir='ltr'>ἐξομολογήσασθαι</span> <span class='ocrx_word' id='word_1_301' title='bbox 1537 3500 1715 3569; x_wconf 84' lang='grc' dir='ltr'>γλῶσ-</span> 
     </span>
    </p>
   </div>
   <div class='ocr_carea' id='block_1_39' title="bbox 131 3591 1715 3664">
    <p class='ocr_par' dir='ltr' id='par_1_39' title="bbox 131 3591 1715 3664">
     <span class='ocr_line' id='line_1_39' title="bbox 131 3591 1715 3664; baseline 0.002 -21"><span class='ocrx_word' id='word_1_302' title='bbox 131 3609 240 3658; x_wconf 80' lang='grc' dir='ltr'>σαν,</span> <span class='ocrx_word' id='word_1_303' title='bbox 270 3595 356 3647; x_wconf 82' lang='grc' dir='ltr'>ὅτι</span> <span class='ocrx_word' id='word_1_304' title='bbox 407 3591 613 3663; x_wconf 83' lang='grc' dir='ltr'>Κύριος</span> <span class='ocrx_word' id='word_1_305' title='bbox 670 3591 874 3663; x_wconf 84' lang='grc' dir='ltr'>Ἰησοῦς</span> <span class='ocrx_word' id='word_1_306' title='bbox 920 3593 1172 3664; x_wconf 83' lang='grc' dir='ltr'>Χριστός.</span> <span class='ocrx_word' id='word_1_307' title='bbox 1203 3595 1310 3645; x_wconf 76' lang='grc' dir='ltr'>Καὶ</span> <span class='ocrx_word' id='word_1_308' title='bbox 1344 3596 1390 3646; x_wconf 85' lang='grc' dir='ltr'>εἰ</span> <span class='ocrx_word' id='word_1_309' title='bbox 1423 3595 1518 3664; x_wconf 80' lang='grc' dir='ltr'>μὲν</span> <span class='ocrx_word' id='word_1_310' title='bbox 1557 3595 1715 3662; x_wconf 80' lang='grc' dir='ltr'>φύσει</span> 
     </span>
    </p>
   </div>
   <div class='ocr_carea' id='block_1_40' title="bbox 126 3683 1716 3758">
    <p class='ocr_par' dir='ltr' id='par_1_40' title="bbox 126 3683 1716 3758">
     <span class='ocr_line' id='line_1_40' title="bbox 126 3683 1716 3758; baseline 0.001 -20"><span class='ocrx_word' id='word_1_311' title='bbox 126 3685 255 3739; x_wconf 88' lang='grc' dir='ltr'>Θεὸν</span> <span class='ocrx_word' id='word_1_312' title='bbox 297 3685 555 3755; x_wconf 84' lang='grc' dir='ltr'>γενέσθαι</span> <span class='ocrx_word' id='word_1_313' title='bbox 584 3685 688 3756; x_wconf 81' lang='grc' dir='ltr'><strong>φῆς</strong></span> <span class='ocrx_word' id='word_1_314' title='bbox 717 3683 825 3756; x_wconf 56' lang='lat' dir='ltr'><strong>[Ion</strong></span> <span class='ocrx_word' id='word_1_315' title='bbox 862 3683 1047 3757; x_wconf 70' lang='grc' dir='ltr'>φησὶν]</span> <span class='ocrx_word' id='word_1_316' title='bbox 1087 3686 1270 3750; x_wconf 78' lang='grc' dir='ltr'>αὑτὸν,</span> <span class='ocrx_word' id='word_1_317' title='bbox 1301 3687 1716 3758; x_wconf 81' lang='grc' dir='ltr'>δεδυσφήμηκεν</span> 
     </span>
    </p>
   </div>
   <div class='ocr_carea' id='block_1_41' title="bbox 123 3773 1718 3850">
    <p class='ocr_par' dir='ltr' id='par_1_41' title="bbox 123 3773 1718 3850">
     <span class='ocr_line' id='line_1_41' title="bbox 123 3773 1718 3850; baseline 0.001 -19"><span class='ocrx_word' id='word_1_318' title='bbox 123 3779 405 3850; x_wconf 72' lang='grc' dir='ltr'>ἐναργῶς,</span> <span class='ocrx_word' id='word_1_319' title='bbox 465 3777 724 3848; x_wconf 81' lang='grc' dir='ltr'>γεννητὴν</span> <span class='ocrx_word' id='word_1_320' title='bbox 767 3773 907 3831; x_wconf 74' lang='grc' dir='ltr'>εἶναι</span> <span class='ocrx_word' id='word_1_321' title='bbox 956 3777 1129 3846; x_wconf 88' lang='grc' dir='ltr'>λέγων</span> <span class='ocrx_word' id='word_1_322' title='bbox 1173 3779 1272 3849; x_wconf 81' lang='grc' dir='ltr'>τὴν</span> <span class='ocrx_word' id='word_1_323' title='bbox 1313 3782 1412 3849; x_wconf 84' lang='grc' dir='ltr'><strong>τῆς</strong></span> <span class='ocrx_word' id='word_1_324' title='bbox 1444 3779 1718 3850; x_wconf 76' lang='grc' dir='ltr'>Θεότητος</span> 
     </span>
    </p>
   </div>
   <div class='ocr_carea' id='block_1_42' title="bbox 124 3867 1717 3937">
    <p class='ocr_par' dir='ltr' id='par_1_42' title="bbox 124 3867 1717 3937">
     <span class='ocr_line' id='line_1_42' title="bbox 124 3867 1717 3937; baseline 0 -16"><span class='ocrx_word' id='word_1_325' title='bbox 124 3869 305 3935; x_wconf 79' lang='grc' dir='ltr'>φύσιν.</span> <span class='ocrx_word' id='word_1_326' title='bbox 361 3869 424 3919; x_wconf 81' lang='grc' dir='ltr'><strong>Εἰ</strong></span> <span class='ocrx_word' id='word_1_327' title='bbox 460 3868 518 3920; x_wconf 79' lang='grc' dir='ltr'><strong>δὲ</strong></span> <span class='ocrx_word' id='word_1_328' title='bbox 561 3867 760 3936; x_wconf 71' lang='grc' dir='ltr'>ἥκιστα</span> <span class='ocrx_word' id='word_1_329' title='bbox 806 3868 904 3937; x_wconf 83' lang='grc' dir='ltr'><strong>μὲν</strong></span> <span class='ocrx_word' id='word_1_330' title='bbox 937 3867 1076 3921; x_wconf 81' lang='grc' dir='ltr'>κατά</span> <span class='ocrx_word' id='word_1_331' title='bbox 1113 3867 1294 3936; x_wconf 75' lang='grc' dir='ltr'>φύσιν,</span> <span class='ocrx_word' id='word_1_332' title='bbox 1340 3869 1491 3921; x_wconf 74' lang='grc' dir='ltr'>δοτὸν</span> <span class='ocrx_word' id='word_1_333' title='bbox 1519 3869 1575 3921; x_wconf 84' lang='grc' dir='ltr'><strong>δὲ</strong></span> <span class='ocrx_word' id='word_1_334' title='bbox 1623 3870 1717 3922; x_wconf 73' lang='grc' dir='ltr'><strong>καὶ</strong></span> 
     </span>
    </p>
   </div>
   <div class='ocr_carea' id='block_1_43' title="bbox 124 3957 1714 4031">
    <p class='ocr_par' dir='ltr' id='par_1_43' title="bbox 124 3957 1714 4031">
     <span class='ocr_line' id='line_1_43' title="bbox 124 3957 1714 4031; baseline -0.001 -18"><span class='ocrx_word' id='word_1_335' title='bbox 124 3959 368 4031; x_wconf 76' lang='grc' dir='ltr'>θύραθεν</span> <span class='ocrx_word' id='word_1_336' title='bbox 419 3957 606 4010; x_wconf 80' lang='grc' dir='ltr'>ἑλόντα</span> <span class='ocrx_word' id='word_1_337' title='bbox 634 3959 694 4010; x_wconf 81' lang='grc' dir='ltr'><strong>τὸ</strong></span> <span class='ocrx_word' id='word_1_338' title='bbox 732 3958 966 4029; x_wconf 80' lang='grc' dir='ltr'>ἀξίωμα,</span> <span class='ocrx_word' id='word_1_339' title='bbox 1013 3962 1106 4013; x_wconf 70' lang='grc' dir='ltr'><strong>καὶ</strong></span> <span class='ocrx_word' id='word_1_340' title='bbox 1151 3959 1226 4022; x_wconf 81' lang='grc' dir='ltr'>ὡς</span> <span class='ocrx_word' id='word_1_341' title='bbox 1267 3961 1324 4012; x_wconf 78' lang='grc' dir='ltr'>ἐν</span> <span class='ocrx_word' id='word_1_342' title='bbox 1364 3961 1498 4030; x_wconf 80' lang='grc' dir='ltr'>μόνῃ</span> <span class='ocrx_word' id='word_1_343' title='bbox 1543 3964 1714 4031; x_wconf 79' lang='grc' dir='ltr'>φωνῇ,</span> 
     </span>
    </p>
   </div>
   <div class='ocr_carea' id='block_1_44' title="bbox 123 4051 1716 4123">
    <p class='ocr_par' dir='ltr' id='par_1_44' title="bbox 123 4051 1716 4123">
     <span class='ocr_line' id='line_1_44' title="bbox 123 4051 1716 4123; baseline -0.001 -17"><span class='ocrx_word' id='word_1_344' title='bbox 123 4053 239 4116; x_wconf 85' lang='grc' dir='ltr'><strong>πῶς</strong></span> <span class='ocrx_word' id='word_1_345' title='bbox 286 4052 394 4105; x_wconf 81' lang='grc' dir='ltr'><strong>οὐκ</strong></span> <span class='ocrx_word' id='word_1_346' title='bbox 441 4052 614 4104; x_wconf 80' lang='grc' dir='ltr'>ἐκεῖνό</span> <span class='ocrx_word' id='word_1_347' title='bbox 658 4069 820 4122; x_wconf 78' lang='grc' dir='ltr'>φησιν</span> <span class='ocrx_word' id='word_1_348' title='bbox 867 4052 1130 4121; x_wconf 75' lang='grc' dir='ltr'>ἐναργῶς,</span> <span class='ocrx_word' id='word_1_349' title='bbox 1161 4053 1241 4104; x_wconf 79' lang='grc' dir='ltr'><strong>ὅτι</strong></span> <span class='ocrx_word' id='word_1_350' title='bbox 1283 4051 1716 4123; x_wconf 82' lang='grc' dir='ltr'>λελατρεύκαμεν</span> 
     </span>
    </p>
   </div>
   <div class='ocr_carea' id='block_1_45' title="bbox 123 4142 1712 4217">
    <p class='ocr_par' dir='ltr' id='par_1_45' title="bbox 123 4142 1712 4217">
     <span class='ocr_line' id='line_1_45' title="bbox 123 4142 1712 4217; baseline -0.002 -17"><span class='ocrx_word' id='word_1_351' title='bbox 123 4147 196 4217; x_wconf 81' lang='grc' dir='ltr'><strong>τῷ</strong></span> <span class='ocrx_word' id='word_1_352' title='bbox 251 4146 332 4217; x_wconf 84' lang='grc' dir='ltr'><strong>μὴ</strong></span> <span class='ocrx_word' id='word_1_353' title='bbox 375 4145 538 4214; x_wconf 82' lang='grc' dir='ltr'>φύσει</span> <span class='ocrx_word' id='word_1_354' title='bbox 566 4142 724 4212; x_wconf 88' lang='grc' dir='ltr'>Θεῷ,</span> <span class='ocrx_word' id='word_1_355' title='bbox 771 4143 863 4194; x_wconf 58' lang='grc' dir='ltr'><strong>καὶ¹</strong></span> <span class='ocrx_word' id='word_1_356' title='bbox 898 4144 993 4194; x_wconf 69' lang='grc' dir='ltr'><strong>σὺν</strong></span> <span class='ocrx_word' id='word_1_357' title='bbox 1021 4145 1177 4212; x_wconf 82' lang='grc' dir='ltr'>ἡμῖν,</span> <span class='ocrx_word' id='word_1_358' title='bbox 1225 4143 1300 4206; x_wconf 84' lang='grc' dir='ltr'>ὡς</span> <span class='ocrx_word' id='word_1_359' title='bbox 1342 4143 1506 4204; x_wconf 77' lang='grc' dir='ltr'>ἔοικε,</span> <span class='ocrx_word' id='word_1_360' title='bbox 1551 4146 1644 4197; x_wconf 70' lang='grc' dir='ltr'>καὶ</span> <span class='ocrx_word' id='word_1_361' title='bbox 1680 4148 1712 4216; x_wconf 90' lang='grc' dir='ltr'><strong>ἡ</strong></span> 
     </span>
    </p>
   </div>
   <div class='ocr_carea' id='block_1_46' title="bbox 123 4234 1712 4306">
    <p class='ocr_par' dir='ltr' id='par_1_46' title="bbox 123 4234 1712 4306">
     <span class='ocr_line' id='line_1_46' title="bbox 123 4234 1712 4306; baseline -0.003 -13"><span class='ocrx_word' id='word_1_362' title='bbox 123 4239 229 4293; x_wconf 83' lang='grc' dir='ltr'>τῶν</span> <span class='ocrx_word' id='word_1_363' title='bbox 271 4238 390 4292; x_wconf 89' lang='grc' dir='ltr'>ἄνω</span> <span class='ocrx_word' id='word_1_364' title='bbox 418 4237 748 4306; x_wconf 83' lang='grc' dir='ltr'>πνευμάτων</span> <span class='ocrx_word' id='word_1_365' title='bbox 783 4234 1126 4305; x_wconf 73' lang='grc' dir='ltr'>πεπλάνηται</span> <span class='ocrx_word' id='word_1_366' title='bbox 1162 4236 1339 4306; x_wconf 76' lang='grc' dir='ltr'>νῆψις,</span> <span class='ocrx_word' id='word_1_367' title='bbox 1373 4237 1465 4289; x_wconf 85' lang='grc' dir='ltr'><strong>καὶ</strong></span> <span class='ocrx_word' id='word_1_368' title='bbox 1508 4237 1712 4290; x_wconf 85' lang='grc' dir='ltr'>τούτων</span> 
     </span>
    </p>
   </div>
   <div class='ocr_carea' id='block_1_47' title="bbox 122 4311 1788 4402">
    <p class='ocr_par' dir='ltr' id='par_1_47' title="bbox 122 4311 1788 4402">
     <span class='ocr_line' id='line_1_47' title="bbox 122 4311 1788 4402; baseline -0.001 -19"><span class='ocrx_word' id='word_1_369' title='bbox 122 4335 255 4402; x_wconf 77' lang='grc' dir='ltr'>ἡμῖν</span> <span class='ocrx_word' id='word_1_370' title='bbox 285 4330 451 4394; x_wconf 84' lang='grc' dir='ltr'>αὐτὸς</span> <span class='ocrx_word' id='word_1_371' title='bbox 492 4332 519 4382; x_wconf 87' lang='grc' dir='ltr'>ὁ</span> <span class='ocrx_word' id='word_1_372' title='bbox 551 4327 742 4399; x_wconf 77' lang='grc' dir='ltr'>Πατὴρ</span> <span class='ocrx_word' id='word_1_373' title='bbox 770 4329 864 4380; x_wconf 61' lang='grc' dir='ltr'>καὶ</span> <span class='ocrx_word' id='word_1_374' title='bbox 888 4329 1028 4397; x_wconf 78' lang='grc' dir='ltr'>ἀρχὴ</span> <span class='ocrx_word' id='word_1_375' title='bbox 1057 4328 1150 4380; x_wconf 78' lang='grc' dir='ltr'>καὶ</span> <span class='ocrx_word' id='word_1_376' title='bbox 1184 4327 1449 4399; x_wconf 64' lang='grc' dir='ltr'>πρόφασις</span> <span class='ocrx_word' id='word_1_377' title='bbox 1475 4345 1488 4395; x_wconf 89' lang='grc'><strong>;</strong></span> <span class='ocrx_word' id='word_1_378' title='bbox 1543 4329 1711 4382; x_wconf 84' lang='grc' dir='ltr'>Ἐπὰν</span> <span class='ocrx_word' id='word_1_379' title='bbox 1745 4311 1788 4364; x_wconf 80' lang='lat' dir='ltr'><strong>D</strong></span> 
     </span>
    </p>
   </div>
   <div class='ocr_carea' id='block_1_48' title="bbox 123 4414 1711 4491">
    <p class='ocr_par' dir='ltr' id='par_1_48' title="bbox 123 4414 1711 4491">
     <span class='ocr_line' id='line_1_48' title="bbox 123 4414 1711 4491; baseline -0.001 -17"><span class='ocrx_word' id='word_1_380' title='bbox 123 4416 212 4474; x_wconf 81' lang='grc' dir='ltr'><strong>οὖν</strong></span> <span class='ocrx_word' id='word_1_381' title='bbox 244 4418 361 4491; x_wconf 81' lang='grc' dir='ltr'>[ῖσ.</span> <span class='ocrx_word' id='word_1_382' title='bbox 394 4419 508 4480; x_wconf 81' lang='grc' dir='ltr'>πῶς</span> <span class='ocrx_word' id='word_1_383' title='bbox 533 4414 646 4489; x_wconf 73' lang='grc' dir='ltr'>οὖν]</span> <span class='ocrx_word' id='word_1_384' title='bbox 679 4417 759 4470; x_wconf 85' lang='grc' dir='ltr'>ἔτι</span> <span class='ocrx_word' id='word_1_385' title='bbox 796 4417 1210 4488; x_wconf 75' lang='grc' dir='ltr'>διαμωμήσαιτο</span> <span class='ocrx_word' id='word_1_386' title='bbox 1233 4420 1354 4482; x_wconf 74' lang='grc' dir='ltr'>τοὺς</span> <span class='ocrx_word' id='word_1_387' title='bbox 1379 4421 1507 4491; x_wconf 84' lang='grc' dir='ltr'>παρ’</span> <span class='ocrx_word' id='word_1_388' title='bbox 1548 4420 1711 4472; x_wconf 65' lang='grc' dir='ltr'>αὺτὶν</span> 
     </span>
    </p>
   </div>
   <div class='ocr_carea' id='block_1_49' title="bbox 123 4510 1711 4586">
    <p class='ocr_par' dir='ltr' id='par_1_49' title="bbox 123 4510 1711 4586">
     <span class='ocr_line' id='line_1_49' title="bbox 123 4510 1711 4586; baseline -0.004 -18"><span class='ocrx_word' id='word_1_389' title='bbox 123 4519 184 4586; x_wconf 80' lang='grc' dir='ltr'>τῇ</span> <span class='ocrx_word' id='word_1_390' title='bbox 227 4515 413 4568; x_wconf 82' lang='grc' dir='ltr'>κτίσει</span> <span class='ocrx_word' id='word_1_391' title='bbox 455 4514 775 4582; x_wconf 60' lang='grc' dir='ltr'>πρισκυνεῖν</span> <span class='ocrx_word' id='word_1_392' title='bbox 813 4511 1152 4582; x_wconf 77' lang='grc' dir='ltr'>ᾑρημένους;</span> <span class='ocrx_word' id='word_1_393' title='bbox 1197 4511 1466 4582; x_wconf 76' lang='grc' dir='ltr'>γράφεται</span> <span class='ocrx_word' id='word_1_394' title='bbox 1494 4511 1551 4563; x_wconf 86' lang='grc' dir='ltr'><strong>δὲ</strong></span> <span class='ocrx_word' id='word_1_395' title='bbox 1593 4510 1711 4563; x_wconf 84' lang='grc' dir='ltr'>ἀνθ’</span> 
     </span>
    </p>
   </div>
   <div class='ocr_carea' id='block_1_50' title="bbox 123 4601 1710 4676">
    <p class='ocr_par' dir='ltr' id='par_1_50' title="bbox 123 4601 1710 4676">
     <span class='ocr_line' id='line_1_50' title="bbox 123 4601 1710 4676; baseline -0.005 -14"><span class='ocrx_word' id='word_1_396' title='bbox 123 4611 243 4663; x_wconf 72' lang='grc' dir='ltr'>ὅτου</span> <span class='ocrx_word' id='word_1_397' title='bbox 270 4605 496 4669; x_wconf 83' lang='grc' dir='ltr'>κολάζει</span> <span class='ocrx_word' id='word_1_398' title='bbox 526 4605 633 4676; x_wconf 73' lang='lat' dir='ltr'><strong>(l4)</strong></span> <span class='ocrx_word' id='word_1_399' title='bbox 663 4604 786 4666; x_wconf 76' lang='grc' dir='ltr'>τοὺς</span> <span class='ocrx_word' id='word_1_400' title='bbox 817 4601 1289 4671; x_wconf 73' lang='grc' dir='ltr'>πεπλανημένους,</span> <span class='ocrx_word' id='word_1_401' title='bbox 1329 4605 1377 4655; x_wconf 84' lang='grc' dir='ltr'>εἰ</span> <span class='ocrx_word' id='word_1_402' title='bbox 1406 4605 1517 4665; x_wconf 88' lang='grc' dir='ltr'>τοῖς</span> <span class='ocrx_word' id='word_1_403' title='bbox 1547 4601 1710 4654; x_wconf 81' lang='grc' dir='ltr'>αὑτοῦ</span> 
     </span>
    </p>
   </div>
   <div class='ocr_carea' id='block_1_51' title="bbox 124 4692 1712 4771">
    <p class='ocr_par' dir='ltr' id='par_1_51' title="bbox 124 4692 1712 4771">
     <span class='ocr_line' id='line_1_51' title="bbox 124 4692 1712 4771; baseline -0.005 -17"><span class='ocrx_word' id='word_1_404' title='bbox 124 4701 358 4771; x_wconf 78' lang='grc' dir='ltr'>νεύμασι</span> <span class='ocrx_word' id='word_1_405' title='bbox 386 4695 722 4764; x_wconf 83' lang='grc' dir='ltr'>πεπλάνηται</span> <span class='ocrx_word' id='word_1_406' title='bbox 747 4693 855 4766; x_wconf 82' lang='grc' dir='ltr'><strong>[ἵσ.</strong></span> <span class='ocrx_word' id='word_1_407' title='bbox 886 4692 1303 4764; x_wconf 80' lang='grc' dir='ltr'>πεπλάνηνται],</span> <span class='ocrx_word' id='word_1_408' title='bbox 1342 4693 1712 4763; x_wconf 75' lang='grc' dir='ltr'>προσκυνητὸν</span> 
     </span>
    </p>
   </div>
   <div class='ocr_carea' id='block_1_52' title="bbox 125 4776 1711 4864">
    <p class='ocr_par' dir='ltr' id='par_1_52' title="bbox 125 4776 1711 4864">
     <span class='ocr_line' id='line_1_52' title="bbox 125 4776 1711 4864; baseline -0.004 -21"><span class='ocrx_word' id='word_1_409' title='bbox 125 4794 252 4864; x_wconf 77' lang='grc' dir='ltr'>ἡμῖν</span> <span class='ocrx_word' id='word_1_410' title='bbox 279 4789 666 4860; x_wconf 81' lang='grc' dir='ltr'>ἀποφήναντος</span> <span class='ocrx_word' id='word_1_411' title='bbox 698 4787 788 4839; x_wconf 87' lang='grc' dir='ltr'><strong>τὸν</strong></span> <span class='ocrx_word' id='word_1_412' title='bbox 813 4786 912 4839; x_wconf 85' lang='grc' dir='ltr'><strong>οὑκ</strong></span> <span class='ocrx_word' id='word_1_413' title='bbox 937 4776 1078 4839; x_wconf 71' lang='grc' dir='ltr'>ὅντα</span> <span class='ocrx_word' id='word_1_414' title='bbox 1096 4784 1254 4854; x_wconf 75' lang='grc' dir='ltr'>φύσει</span> <span class='ocrx_word' id='word_1_415' title='bbox 1283 4784 1450 4848; x_wconf 87' lang='grc' dir='ltr'>Θεόν;</span> <span class='ocrx_word' id='word_1_416' title='bbox 1494 4783 1711 4855; x_wconf 76' lang='grc' dir='ltr'>Ἐπειδὴ</span> 
     </span>
    </p>
   </div>
   <div class='ocr_carea' id='block_1_53' title="bbox 128 4876 1712 4956">
    <p class='ocr_par' dir='ltr' id='par_1_53' title="bbox 128 4876 1712 4956">
     <span class='ocr_line' id='line_1_53' title="bbox 128 4876 1712 4956; baseline -0.007 -17"><span class='ocrx_word' id='word_1_417' title='bbox 128 4887 178 4939; x_wconf 77' lang='grc' dir='ltr'><strong>δὲ</strong></span> <span class='ocrx_word' id='word_1_418' title='bbox 198 4880 534 4956; x_wconf 70' lang='grc' dir='ltr'>παρατιθεὶς</span> <span class='ocrx_word' id='word_1_419' title='bbox 559 4879 619 4933; x_wconf 80' lang='grc' dir='ltr'><strong>τὸ</strong></span> <span class='ocrx_word' id='word_1_420' title='bbox 646 4879 806 4950; x_wconf 77' lang='grc' dir='ltr'>ῥητὸν</span> <span class='ocrx_word' id='word_1_421' title='bbox 833 4881 888 4932; x_wconf 82' lang='grc' dir='ltr'>ὲν</span> <span class='ocrx_word' id='word_1_422' title='bbox 909 4878 1141 4942; x_wconf 86' lang='grc' dir='ltr'>τούτοις,</span> <span class='ocrx_word' id='word_1_423' title='bbox 1172 4878 1316 4947; x_wconf 76' lang='grc' dir='ltr'><strong>φημὶ</strong></span> <span class='ocrx_word' id='word_1_424' title='bbox 1337 4876 1405 4945; x_wconf 83' lang='grc' dir='ltr'><strong>δὴ</strong></span> <span class='ocrx_word' id='word_1_425' title='bbox 1421 4876 1482 4929; x_wconf 81' lang='grc' dir='ltr'><strong>τὸ</strong></span> <span class='ocrx_word' id='word_1_426' title='bbox 1505 4877 1562 4929; x_wconf 78' lang='grc' dir='ltr'>ἐν</span> <span class='ocrx_word' id='word_1_427' title='bbox 1586 4893 1712 4946; x_wconf 79' lang='grc' dir='ltr'>χερ-</span> 
     </span>
    </p>
   </div>
   <div class='ocr_carea' id='block_1_54' title="bbox 130 4969 1709 5045">
    <p class='ocr_par' dir='ltr' id='par_1_54' title="bbox 130 4969 1709 5045">
     <span class='ocr_line' id='line_1_54' title="bbox 130 4969 1709 5045; baseline -0.004 -15"><span class='ocrx_word' id='word_1_428' title='bbox 130 4979 242 5043; x_wconf 74' lang='grc' dir='ltr'>σὶν,</span> <span class='ocrx_word' id='word_1_429' title='bbox 279 4979 366 5032; x_wconf 84' lang='grc' dir='ltr'>δτι</span> <span class='ocrx_word' id='word_1_430' title='bbox 409 4973 562 5045; x_wconf 83' lang='grc' dir='ltr'>αὑτῷ</span> <span class='ocrx_word' id='word_1_431' title='bbox 587 4973 791 5044; x_wconf 79' lang='grc' dir='ltr'>κάμψει</span> <span class='ocrx_word' id='word_1_432' title='bbox 835 4973 948 5025; x_wconf 83' lang='grc' dir='ltr'>πᾶν</span> <span class='ocrx_word' id='word_1_433' title='bbox 977 4972 1141 5039; x_wconf 83' lang='grc' dir='ltr'>γόνυ,</span> <span class='ocrx_word' id='word_1_434' title='bbox 1178 4972 1271 5024; x_wconf 71' lang='grc' dir='ltr'><strong>καὶ</strong></span> <span class='ocrx_word' id='word_1_435' title='bbox 1307 4972 1456 5024; x_wconf 78' lang='grc' dir='ltr'>πᾶσα</span> <span class='ocrx_word' id='word_1_436' title='bbox 1485 4969 1709 5037; x_wconf 82' lang='grc' dir='ltr'>γλῶσσα</span> 
     </span>
    </p>
   </div>
   <div class='ocr_carea' id='block_1_55' title="bbox 129 5061 1707 5141">
    <p class='ocr_par' dir='ltr' id='par_1_55' title="bbox 129 5061 1707 5141">
     <span class='ocr_line' id='line_1_55' title="bbox 129 5061 1707 5141; baseline -0.006 -20"><span class='ocrx_word' id='word_1_437' title='bbox 129 5067 701 5141; x_wconf 73' lang='grc' dir='ltr'>ὲξομολογήσεται,ὅτι</span> <span class='ocrx_word' id='word_1_438' title='bbox 726 5063 930 5138; x_wconf 85' lang='grc' dir='ltr'>Κύριος</span> <span class='ocrx_word' id='word_1_439' title='bbox 968 5061 1172 5133; x_wconf 79' lang='grc' dir='ltr'>Ἰησοῦς</span> <span class='ocrx_word' id='word_1_440' title='bbox 1195 5061 1452 5133; x_wconf 85' lang='grc' dir='ltr'>Χριστὸς,</span> <span class='ocrx_word' id='word_1_441' title='bbox 1491 5061 1707 5130; x_wconf 81' lang='grc' dir='ltr'>παρῆκε</span> 
     </span>
    </p>
   </div>
   <div class='ocr_carea' id='block_1_56' title="bbox 129 5153 1709 5230">
    <p class='ocr_par' dir='ltr' id='par_1_56' title="bbox 129 5153 1709 5230">
     <span class='ocr_line' id='line_1_56' title="bbox 129 5153 1709 5230; baseline -0.006 -16"><span class='ocrx_word' id='word_1_442' title='bbox 129 5163 183 5214; x_wconf 79' lang='grc' dir='ltr'><strong>τὸ</strong></span> <span class='ocrx_word' id='word_1_443' title='bbox 202 5163 384 5216; x_wconf 83' lang='grc' dir='ltr'>λεῖπον</span> <span class='ocrx_word' id='word_1_444' title='bbox 411 5162 508 5214; x_wconf 68' lang='grc' dir='ltr'>καὶ</span> <span class='ocrx_word' id='word_1_445' title='bbox 531 5159 731 5230; x_wconf 78' lang='grc' dir='ltr'>ἐφεξῆς</span> <span class='ocrx_word' id='word_1_446' title='bbox 756 5156 1068 5225; x_wconf 83' lang='grc' dir='ltr'>ἀναγκαίως</span> <span class='ocrx_word' id='word_1_447' title='bbox 1097 5155 1175 5226; x_wconf 88' lang='grc' dir='ltr'><strong>τῷ</strong></span> <span class='ocrx_word' id='word_1_448' title='bbox 1221 5154 1475 5225; x_wconf 79' lang='grc' dir='ltr'>μακαρίῳ</span> <span class='ocrx_word' id='word_1_449' title='bbox 1510 5153 1709 5223; x_wconf 86' lang='grc' dir='ltr'>Παύλῳ</span> 
     </span>
    </p>
   </div>
   <div class='ocr_carea' id='block_1_57' title="bbox 130 5242 1705 5324">
    <p class='ocr_par' dir='ltr' id='par_1_57' title="bbox 130 5242 1705 5324">
     <span class='ocr_line' id='line_1_57' title="bbox 130 5242 1705 5324; baseline -0.006 -19"><span class='ocrx_word' id='word_1_450' title='bbox 130 5253 737 5324; x_wconf 80' lang='grc' dir='ltr'>προσεπενηνεγμένον,</span> <span class='ocrx_word' id='word_1_451' title='bbox 797 5249 897 5302; x_wconf 83' lang='grc' dir='ltr'><strong>οὑκ</strong></span> <span class='ocrx_word' id='word_1_452' title='bbox 955 5242 1050 5300; x_wconf 79' lang='grc' dir='ltr'>οἷδ’</span> <span class='ocrx_word' id='word_1_453' title='bbox 1099 5248 1180 5300; x_wconf 83' lang='grc' dir='ltr'><strong>ὅτι</strong></span> <span class='ocrx_word' id='word_1_454' title='bbox 1233 5244 1705 5316; x_wconf 79' lang='grc' dir='ltr'>διενθυμούμενος,</span> 
     </span>
    </p>
   </div>
   <div class='ocr_carea' id='block_1_58' title="bbox 126 5333 1709 5413">
    <p class='ocr_par' dir='ltr' id='par_1_58' title="bbox 126 5333 1709 5413">
     <span class='ocr_line' id='line_1_58' title="bbox 126 5333 1709 5413; baseline -0.006 -18"><span class='ocrx_word' id='word_1_455' title='bbox 126 5345 252 5413; x_wconf 55' lang='grc' dir='ltr'>’,δέρε</span> <span class='ocrx_word' id='word_1_456' title='bbox 298 5343 632 5413; x_wconf 81' lang='grc' dir='ltr'>προσθέντες</span> <span class='ocrx_word' id='word_1_457' title='bbox 675 5343 834 5412; x_wconf 74' lang='grc' dir='ltr'>ἡμεῖς</span> <span class='ocrx_word' id='word_1_458' title='bbox 874 5341 1048 5392; x_wconf 80' lang='grc' dir='ltr'>ἐκεῖνο</span> <span class='ocrx_word' id='word_1_459' title='bbox 1089 5336 1364 5407; x_wconf 86' lang='grc' dir='ltr'>λέγωμεν·</span> <span class='ocrx_word' id='word_1_460' title='bbox 1410 5354 1428 5384; x_wconf 76' lang='grc' dir='ltr'><strong>ι</strong></span> <span class='ocrx_word' id='word_1_461' title='bbox 1491 5333 1709 5404; x_wconf 78' lang='grc' dir='ltr'>Ἐξομο-</span> 
     </span>
    </p>
   </div>
   <div class='ocr_carea' id='block_1_59' title="bbox 1826 470 3409 542">
    <p class='ocr_par' dir='ltr' id='par_1_59' title="bbox 1826 470 3409 542">
     <span class='ocr_line' id='line_1_59' title="bbox 1826 470 3409 542; baseline -0.001 -17"><span class='ocrx_word' id='word_1_462' title='bbox 1826 471 2004 527; x_wconf 88' lang='lat' dir='ltr'><strong>onmis</strong></span> <span class='ocrx_word' id='word_1_463' title='bbox 2030 471 2210 542; x_wconf 77' lang='lat' dir='ltr'><strong>lingua</strong></span> <span class='ocrx_word' id='word_1_464' title='bbox 2240 470 2586 536; x_wconf 77' lang='lat' dir='ltr'><strong>confiteatur,</strong></span> <span class='ocrx_word' id='word_1_465' title='bbox 2617 471 2740 541; x_wconf 82' lang='lat' dir='ltr'><strong>quia</strong></span> <span class='ocrx_word' id='word_1_466' title='bbox 2773 470 3028 526; x_wconf 78' lang='lat' dir='ltr'><strong>Dominus</strong></span> <span class='ocrx_word' id='word_1_467' title='bbox 3059 471 3215 527; x_wconf 79' lang='lat' dir='ltr'><strong>Jesus</strong></span> <span class='ocrx_word' id='word_1_468' title='bbox 3244 472 3409 526; x_wconf 86' lang='lat' dir='ltr'><strong>Chri-</strong></span> 
     </span>
    </p>
   </div>
   <div class='ocr_carea' id='block_1_60' title="bbox 1826 561 3404 632">
    <p class='ocr_par' dir='ltr' id='par_1_60' title="bbox 1826 561 3404 632">
     <span class='ocr_line' id='line_1_60' title="bbox 1826 561 3404 632; baseline 0 -16"><span class='ocrx_word' id='word_1_469' title='bbox 1826 569 1956 616; x_wconf 89' lang='lat' dir='ltr'><strong>stus.</strong></span> <span class='ocrx_word' id='word_1_470' title='bbox 1991 562 2046 617; x_wconf 94' lang='lat' dir='ltr'><strong>Si</strong></span> <span class='ocrx_word' id='word_1_471' title='bbox 2077 562 2244 632; x_wconf 78' lang='lat' dir='ltr'><strong>igitur</strong></span> <span class='ocrx_word' id='word_1_472' title='bbox 2269 563 2433 616; x_wconf 88' lang='lat' dir='ltr'><strong>Deum</strong></span> <span class='ocrx_word' id='word_1_473' title='bbox 2455 561 2565 630; x_wconf 80' lang='lat' dir='ltr'><strong>jam</strong></span> <span class='ocrx_word' id='word_1_474' title='bbox 2593 577 2657 617; x_wconf 80' lang='lat' dir='ltr'><strong>ex</strong></span> <span class='ocrx_word' id='word_1_475' title='bbox 2687 575 2881 616; x_wconf 87' lang='lat' dir='ltr'><strong>natura</strong></span> <span class='ocrx_word' id='word_1_476' title='bbox 2901 603 2915 625; x_wconf 90' lang='lat'><strong>,</strong></span> <span class='ocrx_word' id='word_1_477' title='bbox 2941 561 3104 616; x_wconf 89' lang='lat' dir='ltr'><strong>etiam</strong></span> <span class='ocrx_word' id='word_1_478' title='bbox 3135 571 3259 616; x_wconf 87' lang='lat' dir='ltr'><strong>ante</strong></span> <span class='ocrx_word' id='word_1_479' title='bbox 3287 577 3404 616; x_wconf 88' lang='lat' dir='ltr'><strong>eam</strong></span> 
     </span>
    </p>
   </div>
   <div class='ocr_carea' id='block_1_61' title="bbox 1825 653 3409 723">
    <p class='ocr_par' dir='ltr' id='par_1_61' title="bbox 1825 653 3409 723">
     <span class='ocr_line' id='line_1_61' title="bbox 1825 653 3409 723; baseline 0.001 -16"><span class='ocrx_word' id='word_1_480' title='bbox 1825 667 1946 721; x_wconf 71' lang='lat' dir='ltr'><strong>qua:</strong></span> <span class='ocrx_word' id='word_1_481' title='bbox 1974 653 2063 708; x_wconf 91' lang='lat' dir='ltr'><strong>hic</strong></span> <span class='ocrx_word' id='word_1_482' title='bbox 2089 653 2290 708; x_wconf 90' lang='lat' dir='ltr'><strong>dicitur</strong></span> <span class='ocrx_word' id='word_1_483' title='bbox 2314 653 2718 717; x_wconf 77' lang='lat' dir='ltr'><strong>exaltationem,</strong></span> <span class='ocrx_word' id='word_1_484' title='bbox 2750 654 2805 708; x_wconf 92' lang='lat' dir='ltr'><strong>in</strong></span> <span class='ocrx_word' id='word_1_485' title='bbox 2836 653 3062 718; x_wconf 66' lang='lat' dir='ltr'><strong>sublimi,</strong></span> <span class='ocrx_word' id='word_1_486' title='bbox 3083 653 3261 723; x_wconf 87' lang='lat' dir='ltr'><strong>posuit</strong></span> <span class='ocrx_word' id='word_1_487' title='bbox 3295 655 3409 722; x_wconf 88' lang='lat' dir='ltr'><strong>ipse</strong></span> 
     </span>
    </p>
   </div>
   <div class='ocr_carea' id='block_1_62' title="bbox 1826 743 3406 812">
    <p class='ocr_par' dir='ltr' id='par_1_62' title="bbox 1826 743 3406 812">
     <span class='ocr_line' id='line_1_62' title="bbox 1826 743 3406 812; baseline 0 -16"><span class='ocrx_word' id='word_1_488' title='bbox 1826 743 2012 810; x_wconf 82' lang='lat' dir='ltr'><strong>Pater,</strong></span> <span class='ocrx_word' id='word_1_489' title='bbox 2036 744 2253 800; x_wconf 90' lang='lat' dir='ltr'><strong>modum</strong></span> <span class='ocrx_word' id='word_1_490' title='bbox 2281 743 2456 812; x_wconf 87' lang='lat' dir='ltr'><strong>ipsum</strong></span> <span class='ocrx_word' id='word_1_491' title='bbox 2485 743 2875 798; x_wconf 86' lang='lat' dir='ltr'><strong>humiliatiouis</strong></span> <span class='ocrx_word' id='word_1_492' title='bbox 2899 743 3234 798; x_wconf 81' lang='lat' dir='ltr'><strong>intermedia:</strong></span> <span class='ocrx_word' id='word_1_493' title='bbox 3255 759 3406 798; x_wconf 81' lang='lat' dir='ltr'><strong>scru-</strong></span> 
     </span>
    </p>
   </div>
   <div class='ocr_carea' id='block_1_63' title="bbox 1829 833 3410 906">
    <p class='ocr_par' dir='ltr' id='par_1_63' title="bbox 1829 833 3410 906">
     <span class='ocr_line' id='line_1_63' title="bbox 1829 833 3410 906; baseline 0.001 -17"><span class='ocrx_word' id='word_1_494' title='bbox 1829 845 2026 901; x_wconf 83' lang='lat' dir='ltr'><strong>tantes,</strong></span> <span class='ocrx_word' id='word_1_495' title='bbox 2069 837 2525 906; x_wconf 75' lang='lat' dir='ltr'><strong>dispensatioiiem</strong></span> <span class='ocrx_word' id='word_1_496' title='bbox 2567 837 2855 906; x_wconf 78' lang='lat' dir='ltr'><strong>quamdam</strong></span> <span class='ocrx_word' id='word_1_497' title='bbox 2898 835 3198 904; x_wconf 84' lang='lat' dir='ltr'><strong>sapientem</strong></span> <span class='ocrx_word' id='word_1_498' title='bbox 3241 833 3410 891; x_wconf 80' lang='lat' dir='ltr'><strong>fuisse</strong></span> 
     </span>
    </p>
   </div>
   <div class='ocr_carea' id='block_1_64' title="bbox 1827 927 3408 998">
    <p class='ocr_par' dir='ltr' id='par_1_64' title="bbox 1827 927 3408 998">
     <span class='ocr_line' id='line_1_64' title="bbox 1827 927 3408 998; baseline 0.001 -17"><span class='ocrx_word' id='word_1_499' title='bbox 1827 928 2206 998; x_wconf 61' lang='lat' dir='ltr'><strong>reperiemus;</strong></span> <span class='ocrx_word' id='word_1_500' title='bbox 2233 942 2330 997; x_wconf 90' lang='lat' dir='ltr'><strong>per</strong></span> <span class='ocrx_word' id='word_1_501' title='bbox 2351 943 2510 998; x_wconf 80' lang='lat' dir='ltr'><strong>quam</strong></span> <span class='ocrx_word' id='word_1_502' title='bbox 2537 944 2662 982; x_wconf 91' lang='lat' dir='ltr'><strong>cum</strong></span> <span class='ocrx_word' id='word_1_503' title='bbox 2691 928 2893 983; x_wconf 82' lang='lat' dir='ltr'><strong>interea</strong></span> <span class='ocrx_word' id='word_1_504' title='bbox 2923 928 3184 998; x_wconf 80' lang='lat' dir='ltr'><strong>inglorius</strong></span> <span class='ocrx_word' id='word_1_505' title='bbox 3233 927 3408 983; x_wconf 81' lang='lat' dir='ltr'><strong>factus</strong></span> 
     </span>
    </p>
   </div>
   <div class='ocr_carea' id='block_1_65' title="bbox 1825 1017 3404 1089">
    <p class='ocr_par' dir='ltr' id='par_1_65' title="bbox 1825 1017 3404 1089">
     <span class='ocr_line' id='line_1_65' title="bbox 1825 1017 3404 1089; baseline 0.001 -19"><span class='ocrx_word' id='word_1_506' title='bbox 1825 1027 2004 1083; x_wconf 87' lang='lat' dir='ltr'><strong>esset,</strong></span> <span class='ocrx_word' id='word_1_507' title='bbox 2038 1033 2228 1073; x_wconf 87' lang='lat' dir='ltr'><strong>rursus</strong></span> <span class='ocrx_word' id='word_1_508' title='bbox 2257 1019 2324 1072; x_wconf 87' lang='lat' dir='ltr'><strong>ad</strong></span> <span class='ocrx_word' id='word_1_509' title='bbox 2355 1034 2417 1073; x_wconf 88' lang='lat' dir='ltr'><strong>ea</strong></span> <span class='ocrx_word' id='word_1_510' title='bbox 2449 1018 2501 1072; x_wconf 87' lang='lat' dir='ltr'><strong>in</strong></span> <span class='ocrx_word' id='word_1_511' title='bbox 2533 1018 2730 1087; x_wconf 85' lang='lat' dir='ltr'><strong>quibus</strong></span> <span class='ocrx_word' id='word_1_512' title='bbox 2764 1033 2978 1089; x_wconf 89' lang='lat' dir='ltr'><strong>semper</strong></span> <span class='ocrx_word' id='word_1_513' title='bbox 3009 1019 3218 1082; x_wconf 81' lang='lat' dir='ltr'><strong>fuerat,</strong></span> <span class='ocrx_word' id='word_1_514' title='bbox 3246 1029 3301 1073; x_wconf 88' lang='lat' dir='ltr'><strong>et</strong></span> <span class='ocrx_word' id='word_1_515' title='bbox 3331 1017 3404 1072; x_wconf 89' lang='lat' dir='ltr'><strong>illi</strong></span> 
     </span>
    </p>
   </div>
   <div class='ocr_carea' id='block_1_66' title="bbox 1825 1110 3406 1173">
    <p class='ocr_par' dir='ltr' id='par_1_66' title="bbox 1825 1110 3406 1173">
     <span class='ocr_line' id='line_1_66' title="bbox 1825 1110 3406 1173; baseline -0.001 -8"><span class='ocrx_word' id='word_1_516' title='bbox 1825 1111 2184 1166; x_wconf 86' lang='lat' dir='ltr'><strong>essentialiter</strong></span> <span class='ocrx_word' id='word_1_517' title='bbox 2218 1110 2455 1173; x_wconf 87' lang='lat' dir='ltr'><strong>inerant,</strong></span> <span class='ocrx_word' id='word_1_518' title='bbox 2495 1120 2550 1165; x_wconf 93' lang='lat' dir='ltr'><strong>et</strong></span> <span class='ocrx_word' id='word_1_519' title='bbox 2591 1110 2658 1164; x_wconf 89' lang='lat' dir='ltr'><strong>ad</strong></span> <span class='ocrx_word' id='word_1_520' title='bbox 2699 1126 2851 1166; x_wconf 87' lang='lat' dir='ltr'><strong>suam</strong></span> <span class='ocrx_word' id='word_1_521' title='bbox 2889 1126 3067 1165; x_wconf 81' lang='lat' dir='ltr'><strong>veram</strong></span> <span class='ocrx_word' id='word_1_522' title='bbox 3108 1111 3406 1166; x_wconf 81' lang='lat' dir='ltr'><strong>sublimita-</strong></span> 
     </span>
    </p>
   </div>
   <div class='ocr_carea' id='block_1_67' title="bbox 1826 1202 3408 1274">
    <p class='ocr_par' dir='ltr' id='par_1_67' title="bbox 1826 1202 3408 1274">
     <span class='ocr_line' id='line_1_67' title="bbox 1826 1202 3408 1274; baseline 0 -18"><span class='ocrx_word' id='word_1_523' title='bbox 1826 1212 1933 1256; x_wconf 85' lang='lat' dir='ltr'><strong>tem</strong></span> <span class='ocrx_word' id='word_1_524' title='bbox 1966 1203 2145 1260; x_wconf 88' lang='lat' dir='ltr'><strong>rediit.</strong></span> <span class='ocrx_word' id='word_1_525' title='bbox 2165 1205 2329 1270; x_wconf 72' lang='grc' dir='ltr'>Ωιιοά</span> <span class='ocrx_word' id='word_1_526' title='bbox 2359 1203 2402 1257; x_wconf 93' lang='lat' dir='ltr'><strong>si</strong></span> <span class='ocrx_word' id='word_1_527' title='bbox 2437 1218 2542 1258; x_wconf 88' lang='lat' dir='ltr'><strong>non</strong></span> <span class='ocrx_word' id='word_1_528' title='bbox 2576 1203 2650 1258; x_wconf 92' lang='lat' dir='ltr'><strong>ita</strong></span> <span class='ocrx_word' id='word_1_529' title='bbox 2682 1211 2798 1268; x_wconf 87' lang='lat' dir='ltr'><strong>est,</strong></span> <span class='ocrx_word' id='word_1_530' title='bbox 2827 1213 2884 1257; x_wconf 92' lang='lat' dir='ltr'><strong>ut</strong></span> <span class='ocrx_word' id='word_1_531' title='bbox 2916 1203 3030 1274; x_wconf 87' lang='lat' dir='ltr'><strong>ipse</strong></span> <span class='ocrx_word' id='word_1_532' title='bbox 3061 1214 3211 1274; x_wconf 89' lang='lat' dir='ltr'><strong>putat</strong></span> <span class='ocrx_word' id='word_1_533' title='bbox 3240 1213 3293 1258; x_wconf 90' lang='lat' dir='ltr'><strong>et</strong></span> <span class='ocrx_word' id='word_1_534' title='bbox 3323 1202 3408 1256; x_wconf 85' lang='lat' dir='ltr'><strong>di-</strong></span> 
     </span>
    </p>
   </div>
   <div class='ocr_carea' id='block_1_68' title="bbox 1823 1292 3402 1366">
    <p class='ocr_par' dir='ltr' id='par_1_68' title="bbox 1823 1292 3402 1366">
     <span class='ocr_line' id='line_1_68' title="bbox 1823 1292 3402 1366; baseline 0 -18"><span class='ocrx_word' id='word_1_535' title='bbox 1823 1293 1920 1357; x_wconf 88' lang='lat' dir='ltr'><strong>cit,</strong></span> <span class='ocrx_word' id='word_1_536' title='bbox 1950 1292 2111 1348; x_wconf 79' lang='lat' dir='ltr'><strong>alium</strong></span> <span class='ocrx_word' id='word_1_537' title='bbox 2139 1309 2266 1349; x_wconf 84' lang='lat' dir='ltr'><strong>vero</strong></span> <span class='ocrx_word' id='word_1_538' title='bbox 2293 1297 2581 1363; x_wconf 89' lang='lat' dir='ltr'><strong>quemdam</strong></span> <span class='ocrx_word' id='word_1_539' title='bbox 2613 1294 2713 1363; x_wconf 87' lang='lat' dir='ltr'><strong>ipsi</strong></span> <span class='ocrx_word' id='word_1_540' title='bbox 2745 1296 3097 1366; x_wconf 74' lang='lat' dir='ltr'><strong>coniunctum</strong></span> <span class='ocrx_word' id='word_1_541' title='bbox 3128 1293 3402 1349; x_wconf 86' lang='lat' dir='ltr'><strong>hominem</strong></span> 
     </span>
    </p>
   </div>
   <div class='ocr_carea' id='block_1_69' title="bbox 1824 1383 3409 1455">
    <p class='ocr_par' dir='ltr' id='par_1_69' title="bbox 1824 1383 3409 1455">
     <span class='ocr_line' id='line_1_69' title="bbox 1824 1383 3409 1455; baseline 0 -16"><span class='ocrx_word' id='word_1_542' title='bbox 1824 1395 2022 1455; x_wconf 70' lang='lat' dir='ltr'><strong>praeter</strong></span> <span class='ocrx_word' id='word_1_543' title='bbox 2047 1385 2224 1454; x_wconf 89' lang='lat' dir='ltr'><strong>ipsum</strong></span> <span class='ocrx_word' id='word_1_544' title='bbox 2254 1385 2348 1440; x_wconf 88' lang='lat' dir='ltr'><strong>Dei</strong></span> <span class='ocrx_word' id='word_1_545' title='bbox 2373 1383 2634 1448; x_wconf 72' lang='lat' dir='ltr'><strong>Verbum.</strong></span> <span class='ocrx_word' id='word_1_546' title='bbox 2665 1387 2804 1441; x_wconf 67' lang='lat' dir='ltr'><strong>coelo</strong></span> <span class='ocrx_word' id='word_1_547' title='bbox 2833 1395 2887 1441; x_wconf 93' lang='lat' dir='ltr'><strong>et</strong></span> <span class='ocrx_word' id='word_1_548' title='bbox 2917 1396 3076 1440; x_wconf 70' lang='lat' dir='ltr'><strong>terrae</strong></span> <span class='ocrx_word' id='word_1_549' title='bbox 3106 1395 3160 1440; x_wconf 90' lang='lat' dir='ltr'><strong>et</strong></span> <span class='ocrx_word' id='word_1_550' title='bbox 3186 1385 3409 1440; x_wconf 80' lang='lat' dir='ltr'><strong>inferio-</strong></span> 
     </span>
    </p>
   </div>
   <div class='ocr_carea' id='block_1_70' title="bbox 1825 1477 3405 1550">
    <p class='ocr_par' dir='ltr' id='par_1_70' title="bbox 1825 1477 3405 1550">
     <span class='ocr_line' id='line_1_70' title="bbox 1825 1477 3405 1550; baseline -0.001 -16"><span class='ocrx_word' id='word_1_551' title='bbox 1825 1479 1975 1534; x_wconf 87' lang='lat' dir='ltr'><strong>ribus</strong></span> <span class='ocrx_word' id='word_1_552' title='bbox 2001 1478 2165 1533; x_wconf 85' lang='lat' dir='ltr'><strong>etiam</strong></span> <span class='ocrx_word' id='word_1_553' title='bbox 2195 1477 2441 1548; x_wconf 88' lang='lat' dir='ltr'><strong>partibus</strong></span> <span class='ocrx_word' id='word_1_554' title='bbox 2469 1478 2800 1534; x_wconf 88' lang='lat' dir='ltr'><strong>adorandum</strong></span> <span class='ocrx_word' id='word_1_555' title='bbox 2833 1478 2978 1543; x_wconf 81' lang='lat' dir='ltr'><strong>fecit,</strong></span> <span class='ocrx_word' id='word_1_556' title='bbox 3008 1493 3139 1550; x_wconf 77' lang='lat' dir='ltr'><strong>ergo</strong></span> <span class='ocrx_word' id='word_1_557' title='bbox 3169 1478 3405 1533; x_wconf 84' lang='lat' dir='ltr'><strong>similem</strong></span> 
     </span>
    </p>
   </div>
   <div class='ocr_carea' id='block_1_71' title="bbox 1825 1570 3408 1641">
    <p class='ocr_par' dir='ltr' id='par_1_71' title="bbox 1825 1570 3408 1641">
     <span class='ocr_line' id='line_1_71' title="bbox 1825 1570 3408 1641; baseline 0.001 -16"><span class='ocrx_word' id='word_1_558' title='bbox 1825 1572 1994 1626; x_wconf 89' lang='lat' dir='ltr'><strong>nostri</strong></span> <span class='ocrx_word' id='word_1_559' title='bbox 2031 1571 2304 1626; x_wconf 88' lang='lat' dir='ltr'><strong>hominem</strong></span> <span class='ocrx_word' id='word_1_560' title='bbox 2341 1570 2637 1639; x_wconf 80' lang='lat' dir='ltr'><strong>deiﬁcavit,</strong></span> <span class='ocrx_word' id='word_1_561' title='bbox 2676 1571 3063 1641; x_wconf 80' lang='lat' dir='ltr'><strong>neque-adhue</strong></span> <span class='ocrx_word' id='word_1_562' title='bbox 3097 1571 3253 1626; x_wconf 88' lang='lat' dir='ltr'><strong>nobis</strong></span> <span class='ocrx_word' id='word_1_563' title='bbox 3283 1571 3408 1639; x_wconf 84' lang='lat' dir='ltr'><strong>jure</strong></span> 
     </span>
    </p>
   </div>
   <div class='ocr_carea' id='block_1_72' title="bbox 1823 1661 3404 1734">
    <p class='ocr_par' dir='ltr' id='par_1_72' title="bbox 1823 1661 3404 1734">
     <span class='ocr_line' id='line_1_72' title="bbox 1823 1661 3404 1734; baseline -0.001 -16"><span class='ocrx_word' id='word_1_564' title='bbox 1823 1663 1957 1718; x_wconf 77' lang='lat' dir='ltr'><strong>vitio</strong></span> <span class='ocrx_word' id='word_1_565' title='bbox 1985 1672 2198 1719; x_wconf 81' lang='lat' dir='ltr'><strong>vertere</strong></span> <span class='ocrx_word' id='word_1_566' title='bbox 2225 1663 2444 1733; x_wconf 86' lang='lat' dir='ltr'><strong>poterit,</strong></span> <span class='ocrx_word' id='word_1_567' title='bbox 2475 1664 2629 1734; x_wconf 85' lang='lat' dir='ltr'><strong>quasi</strong></span> <span class='ocrx_word' id='word_1_568' title='bbox 2659 1677 2782 1717; x_wconf 89' lang='lat' dir='ltr'><strong>eum</strong></span> <span class='ocrx_word' id='word_1_569' title='bbox 2812 1665 2902 1732; x_wconf 88' lang='lat' dir='ltr'><strong>qut</strong></span> <span class='ocrx_word' id='word_1_570' title='bbox 2934 1677 3037 1717; x_wconf 91' lang='lat' dir='ltr'><strong>non</strong></span> <span class='ocrx_word' id='word_1_571' title='bbox 3067 1671 3210 1717; x_wconf 82' lang='lat' dir='ltr'><strong>esset</strong></span> <span class='ocrx_word' id='word_1_572' title='bbox 3237 1661 3404 1727; x_wconf 82' lang='lat' dir='ltr'><strong>Deus,</strong></span> 
     </span>
    </p>
   </div>
   <div class='ocr_carea' id='block_1_73' title="bbox 1824 1754 3404 1826">
    <p class='ocr_par' dir='ltr' id='par_1_73' title="bbox 1824 1754 3404 1826">
     <span class='ocr_line' id='line_1_73' title="bbox 1824 1754 3404 1826; baseline -0.001 -15"><span class='ocrx_word' id='word_1_573' title='bbox 1824 1757 2075 1812; x_wconf 78' lang='lat' dir='ltr'><strong>tleilicare</strong></span> <span class='ocrx_word' id='word_1_574' title='bbox 2105 1757 2455 1818; x_wconf 76' lang='lat' dir='ltr'><strong>voluerimus,</strong></span> <span class='ocrx_word' id='word_1_575' title='bbox 2489 1770 2613 1810; x_wconf 91' lang='lat' dir='ltr'><strong>cum</strong></span> <span class='ocrx_word' id='word_1_576' title='bbox 2652 1755 2811 1826; x_wconf 87' lang='lat' dir='ltr'><strong>lmjus</strong></span> <span class='ocrx_word' id='word_1_577' title='bbox 2843 1754 3070 1810; x_wconf 80' lang='lat' dir='ltr'><strong>sceleris</strong></span> <span class='ocrx_word' id='word_1_578' title='bbox 3108 1755 3313 1810; x_wconf 89' lang='lat' dir='ltr'><strong>crimen</strong></span> <span class='ocrx_word' id='word_1_579' title='bbox 3349 1754 3404 1809; x_wconf 90' lang='lat' dir='ltr'><strong>in</strong></span> 
     </span>
    </p>
   </div>
   <div class='ocr_carea' id='block_1_74' title="bbox 1823 1846 3406 1919">
    <p class='ocr_par' dir='ltr' id='par_1_74' title="bbox 1823 1846 3406 1919">
     <span class='ocr_line' id='line_1_74' title="bbox 1823 1846 3406 1919; baseline -0.001 -16"><span class='ocrx_word' id='word_1_580' title='bbox 1823 1851 1994 1919; x_wconf 85' lang='lat' dir='ltr'><strong>ipsum</strong></span> <span class='ocrx_word' id='word_1_581' title='bbox 2031 1849 2195 1905; x_wconf 89' lang='lat' dir='ltr'><strong>Deum</strong></span> <span class='ocrx_word' id='word_1_582' title='bbox 2228 1864 2292 1904; x_wconf 87' lang='lat' dir='ltr'><strong>ae</strong></span> <span class='ocrx_word' id='word_1_583' title='bbox 2323 1849 2538 1903; x_wconf 82' lang='lat' dir='ltr'><strong>Patrem</strong></span> <span class='ocrx_word' id='word_1_584' title='bbox 2573 1849 2642 1902; x_wconf 87' lang='lat' dir='ltr'><strong>sit</strong></span> <span class='ocrx_word' id='word_1_585' title='bbox 2671 1848 3088 1903; x_wconf 79' lang='lat' dir='ltr'><strong>conferendum.</strong></span> <span class='ocrx_word' id='word_1_586' title='bbox 3117 1848 3268 1903; x_wconf 82' lang='lat' dir='ltr'><strong>Videt</strong></span> <span class='ocrx_word' id='word_1_587' title='bbox 3303 1846 3406 1917; x_wconf 78' lang='lat' dir='ltr'><strong>igi-</strong></span> 
     </span>
    </p>
   </div>
   <div class='ocr_carea' id='block_1_75' title="bbox 1823 1939 3403 2008">
    <p class='ocr_par' dir='ltr' id='par_1_75' title="bbox 1823 1939 3403 2008">
     <span class='ocr_line' id='line_1_75' title="bbox 1823 1939 3403 2008; baseline -0.001 -13"><span class='ocrx_word' id='word_1_588' title='bbox 1823 1953 1912 1996; x_wconf 90' lang='lat' dir='ltr'><strong>tur</strong></span> <span class='ocrx_word' id='word_1_589' title='bbox 1935 1941 2140 1996; x_wconf 83' lang='lat' dir='ltr'><strong>Christi</strong></span> <span class='ocrx_word' id='word_1_590' title='bbox 2171 1942 2448 1996; x_wconf 86' lang='lat' dir='ltr'><strong>studiosus</strong></span> <span class='ocrx_word' id='word_1_591' title='bbox 2475 1955 2580 2008; x_wconf 87' lang='lat' dir='ltr'><strong>quo</strong></span> <span class='ocrx_word' id='word_1_592' title='bbox 2608 1940 2824 1992; x_wconf 82' lang='lat' dir='ltr'><strong>tandem</strong></span> <span class='ocrx_word' id='word_1_593' title='bbox 2850 1939 2968 2006; x_wconf 88' lang='lat' dir='ltr'><strong>ejus</strong></span> <span class='ocrx_word' id='word_1_594' title='bbox 2995 1953 3277 1994; x_wconf 87' lang='lat' dir='ltr'><strong>sermones</strong></span> <span class='ocrx_word' id='word_1_595' title='bbox 3304 1939 3403 1994; x_wconf 88' lang='lat' dir='ltr'><strong>de-</strong></span> 
     </span>
    </p>
   </div>
   <div class='ocr_carea' id='block_1_76' title="bbox 1822 2027 3402 2098">
    <p class='ocr_par' dir='ltr' id='par_1_76' title="bbox 1822 2027 3402 2098">
     <span class='ocr_line' id='line_1_76' title="bbox 1822 2027 3402 2098; baseline 0.001 -14"><span class='ocrx_word' id='word_1_596' title='bbox 1822 2030 2102 2096; x_wconf 88' lang='lat' dir='ltr'><strong>labuntur,</strong></span> <span class='ocrx_word' id='word_1_597' title='bbox 2133 2039 2187 2084; x_wconf 90' lang='lat' dir='ltr'><strong>et</strong></span> <span class='ocrx_word' id='word_1_598' title='bbox 2222 2030 2288 2084; x_wconf 84' lang='lat' dir='ltr'><strong>ad</strong></span> <span class='ocrx_word' id='word_1_599' title='bbox 2323 2029 2506 2098; x_wconf 86' lang='lat' dir='ltr'><strong>qualia</strong></span> <span class='ocrx_word' id='word_1_600' title='bbox 2537 2027 2698 2082; x_wconf 83' lang='lat' dir='ltr'><strong>verba</strong></span> <span class='ocrx_word' id='word_1_601' title='bbox 2733 2028 2987 2084; x_wconf 85' lang='lat' dir='ltr'><strong>immanis</strong></span> <span class='ocrx_word' id='word_1_602' title='bbox 3024 2027 3180 2096; x_wconf 83' lang='lat' dir='ltr'><strong>hujus</strong></span> <span class='ocrx_word' id='word_1_603' title='bbox 3215 2029 3402 2085; x_wconf 81' lang='lat' dir='ltr'><strong>stulti-</strong></span> 
     </span>
    </p>
   </div>
   <div class='ocr_carea' id='block_1_77' title="bbox 1821 2121 3401 2192">
    <p class='ocr_par' dir='ltr' id='par_1_77' title="bbox 1821 2121 3401 2192">
     <span class='ocr_line' id='line_1_77' title="bbox 1821 2121 3401 2192; baseline -0.001 -14"><span class='ocrx_word' id='word_1_604' title='bbox 1821 2126 1909 2180; x_wconf 75' lang='lat' dir='ltr'><strong>tia:</strong></span> <span class='ocrx_word' id='word_1_605' title='bbox 1946 2132 2247 2178; x_wconf 84' lang='lat' dir='ltr'><strong>commenta</strong></span> <span class='ocrx_word' id='word_1_606' title='bbox 2288 2124 2625 2191; x_wconf 82' lang='lat' dir='ltr'><strong>perveniunt.</strong></span> <span class='ocrx_word' id='word_1_607' title='bbox 2654 2121 2762 2178; x_wconf 85' lang='lat' dir='ltr'><strong>Nos</strong></span> <span class='ocrx_word' id='word_1_608' title='bbox 2798 2124 2941 2177; x_wconf 91' lang='lat' dir='ltr'><strong>enim</strong></span> <span class='ocrx_word' id='word_1_609' title='bbox 2983 2123 3160 2192; x_wconf 90' lang='lat' dir='ltr'><strong>ipsum</strong></span> <span class='ocrx_word' id='word_1_610' title='bbox 3184 2122 3401 2190; x_wconf 81' lang='lat' dir='ltr'><strong>Filium,</strong></span> 
     </span>
    </p>
   </div>
   <div class='ocr_carea' id='block_1_78' title="bbox 1820 2211 3406 2282">
    <p class='ocr_par' dir='ltr' id='par_1_78' title="bbox 1820 2211 3406 2282">
     <span class='ocr_line' id='line_1_78' title="bbox 1820 2211 3406 2282; baseline -0.001 -14"><span class='ocrx_word' id='word_1_611' title='bbox 1820 2215 1910 2282; x_wconf 91' lang='lat' dir='ltr'><strong>qui</strong></span> <span class='ocrx_word' id='word_1_612' title='bbox 1951 2215 2090 2268; x_wconf 90' lang='lat' dir='ltr'><strong>Deus</strong></span> <span class='ocrx_word' id='word_1_613' title='bbox 2123 2228 2188 2268; x_wconf 81' lang='lat' dir='ltr'><strong>ex</strong></span> <span class='ocrx_word' id='word_1_614' title='bbox 2227 2221 2414 2266; x_wconf 87' lang='lat' dir='ltr'><strong>natura</strong></span> <span class='ocrx_word' id='word_1_615' title='bbox 2456 2222 2604 2278; x_wconf 86' lang='lat' dir='ltr'><strong>erat,</strong></span> <span class='ocrx_word' id='word_1_616' title='bbox 2640 2213 2742 2267; x_wconf 92' lang='lat' dir='ltr'><strong>hoc</strong></span> <span class='ocrx_word' id='word_1_617' title='bbox 2781 2223 2895 2278; x_wconf 88' lang='lat' dir='ltr'><strong>est,</strong></span> <span class='ocrx_word' id='word_1_618' title='bbox 2924 2213 3156 2267; x_wconf 83' lang='lat' dir='ltr'><strong>Verbum</strong></span> <span class='ocrx_word' id='word_1_619' title='bbox 3191 2228 3258 2267; x_wconf 81' lang='lat' dir='ltr'><strong>ex</strong></span> <span class='ocrx_word' id='word_1_620' title='bbox 3295 2211 3406 2266; x_wconf 90' lang='lat' dir='ltr'><strong>Deo</strong></span> 
     </span>
    </p>
   </div>
   <div class='ocr_carea' id='block_1_79' title="bbox 1822 2305 3403 2375">
    <p class='ocr_par' dir='ltr' id='par_1_79' title="bbox 1822 2305 3403 2375">
     <span class='ocr_line' id='line_1_79' title="bbox 1822 2305 3403 2375; baseline 0 -15"><span class='ocrx_word' id='word_1_621' title='bbox 1822 2307 1979 2360; x_wconf 81' lang='lat' dir='ltr'><strong>Patre</strong></span> <span class='ocrx_word' id='word_1_622' title='bbox 2019 2306 2294 2375; x_wconf 76' lang='lat' dir='ltr'><strong>genitum,</strong></span> <span class='ocrx_word' id='word_1_623' title='bbox 2335 2306 2402 2358; x_wconf 91' lang='lat' dir='ltr'><strong>ad</strong></span> <span class='ocrx_word' id='word_1_624' title='bbox 2442 2305 2797 2358; x_wconf 66' lang='lat' dir='ltr'><strong>voluntariam</strong></span> <span class='ocrx_word' id='word_1_625' title='bbox 2838 2305 3263 2359; x_wconf 77' lang='lat' dir='ltr'><strong>exinanitionem</strong></span> <span class='ocrx_word' id='word_1_626' title='bbox 3307 2305 3403 2360; x_wconf 85' lang='lat' dir='ltr'><strong>de-</strong></span> 
     </span>
    </p>
   </div>
   <div class='ocr_carea' id='block_1_80' title="bbox 1821 2397 3403 2462">
    <p class='ocr_par' dir='ltr' id='par_1_80' title="bbox 1821 2397 3403 2462">
     <span class='ocr_line' id='line_1_80' title="bbox 1821 2397 3403 2462; baseline 0 -10"><span class='ocrx_word' id='word_1_627' title='bbox 1821 2400 2097 2453; x_wconf 88' lang='lat' dir='ltr'><strong>scendisse</strong></span> <span class='ocrx_word' id='word_1_628' title='bbox 2127 2399 2378 2462; x_wconf 87' lang='lat' dir='ltr'><strong>dicimus,</strong></span> <span class='ocrx_word' id='word_1_629' title='bbox 2412 2412 2477 2451; x_wconf 87' lang='lat' dir='ltr'><strong>ac</strong></span> <span class='ocrx_word' id='word_1_630' title='bbox 2511 2398 2735 2452; x_wconf 85' lang='lat' dir='ltr'><strong>rediisse</strong></span> <span class='ocrx_word' id='word_1_631' title='bbox 2767 2413 2954 2452; x_wconf 87' lang='lat' dir='ltr'><strong>rursus</strong></span> <span class='ocrx_word' id='word_1_632' title='bbox 2984 2413 3107 2452; x_wconf 88' lang='lat' dir='ltr'><strong>eum</strong></span> <span class='ocrx_word' id='word_1_633' title='bbox 3139 2412 3307 2452; x_wconf 89' lang='lat' dir='ltr'><strong>carne</strong></span> <span class='ocrx_word' id='word_1_634' title='bbox 3335 2397 3403 2452; x_wconf 89' lang='lat' dir='ltr'><strong>ad</strong></span> 
     </span>
    </p>
   </div>
   <div class='ocr_carea' id='block_1_81' title="bbox 1823 2487 3404 2558">
    <p class='ocr_par' dir='ltr' id='par_1_81' title="bbox 1823 2487 3404 2558">
     <span class='ocr_line' id='line_1_81' title="bbox 1823 2487 3404 2558; baseline 0 -14"><span class='ocrx_word' id='word_1_635' title='bbox 1823 2490 1966 2544; x_wconf 86' lang='lat' dir='ltr'><strong>illam</strong></span> <span class='ocrx_word' id='word_1_636' title='bbox 2006 2490 2242 2543; x_wconf 84' lang='lat' dir='ltr'><strong>divinam</strong></span> <span class='ocrx_word' id='word_1_637' title='bbox 2277 2487 2593 2557; x_wconf 78' lang='lat' dir='ltr'><strong>dignitatem</strong></span> <span class='ocrx_word' id='word_1_638' title='bbox 2647 2497 2808 2558; x_wconf 87' lang='lat' dir='ltr'><strong>atque</strong></span> <span class='ocrx_word' id='word_1_639' title='bbox 2843 2489 3232 2543; x_wconf 87' lang='lat' dir='ltr'><strong>sublimitatem</strong></span> <span class='ocrx_word' id='word_1_640' title='bbox 3284 2505 3404 2558; x_wconf 68' lang='lat' dir='ltr'><strong>quae</strong></span> 
     </span>
    </p>
   </div>
   <div class='ocr_carea' id='block_1_82' title="bbox 1823 2579 3402 2647">
    <p class='ocr_par' dir='ltr' id='par_1_82' title="bbox 1823 2579 3402 2647">
     <span class='ocr_line' id='line_1_82' title="bbox 1823 2579 3402 2647; baseline 0.002 -13"><span class='ocrx_word' id='word_1_641' title='bbox 1823 2582 1892 2636; x_wconf 88' lang='lat' dir='ltr'><strong>illi</strong></span> <span class='ocrx_word' id='word_1_642' title='bbox 1927 2581 2125 2635; x_wconf 84' lang='lat' dir='ltr'><strong>inerat.</strong></span> <span class='ocrx_word' id='word_1_643' title='bbox 2153 2581 2428 2634; x_wconf 84' lang='lat' dir='ltr'><strong>Adoratur</strong></span> <span class='ocrx_word' id='word_1_644' title='bbox 2453 2579 2598 2634; x_wconf 89' lang='lat' dir='ltr'><strong>enim</strong></span> <span class='ocrx_word' id='word_1_645' title='bbox 2625 2581 2788 2634; x_wconf 88' lang='lat' dir='ltr'><strong>etiam</strong></span> <span class='ocrx_word' id='word_1_646' title='bbox 2818 2596 2940 2634; x_wconf 88' lang='lat' dir='ltr'><strong>cum</strong></span> <span class='ocrx_word' id='word_1_647' title='bbox 2971 2595 3158 2647; x_wconf 81' lang='lat' dir='ltr'><strong>carne,</strong></span> <span class='ocrx_word' id='word_1_648' title='bbox 3187 2590 3247 2635; x_wconf 95' lang='lat' dir='ltr'><strong>ut</strong></span> <span class='ocrx_word' id='word_1_649' title='bbox 3275 2593 3402 2638; x_wconf 87' lang='lat' dir='ltr'><strong>ante</strong></span> 
     </span>
    </p>
   </div>
   <div class='ocr_carea' id='block_1_83' title="bbox 1821 2672 3404 2732">
    <p class='ocr_par' dir='ltr' id='par_1_83' title="bbox 1821 2672 3404 2732">
     <span class='ocr_line' id='line_1_83' title="bbox 1821 2672 3404 2732; baseline 0.003 -5"><span class='ocrx_word' id='word_1_650' title='bbox 1821 2689 2040 2728; x_wconf 82' lang='lat' dir='ltr'><strong>carnem</strong></span> <span class='ocrx_word' id='word_1_651' title='bbox 2070 2681 2190 2726; x_wconf 89' lang='lat' dir='ltr'><strong>erat</strong></span> <span class='ocrx_word' id='word_1_652' title='bbox 2218 2672 2530 2727; x_wconf 88' lang='lat' dir='ltr'><strong>adorandus</strong></span> <span class='ocrx_word' id='word_1_653' title='bbox 2560 2690 2573 2726; x_wconf 89' lang='lat'><strong>:</strong></span> <span class='ocrx_word' id='word_1_654' title='bbox 2602 2681 2720 2728; x_wconf 88' lang='lat' dir='ltr'><strong>erat</strong></span> <span class='ocrx_word' id='word_1_655' title='bbox 2747 2675 2888 2728; x_wconf 90' lang='lat' dir='ltr'><strong>enim</strong></span> <span class='ocrx_word' id='word_1_656' title='bbox 2916 2684 2971 2730; x_wconf 89' lang='lat' dir='ltr'><strong>et</strong></span> <span class='ocrx_word' id='word_1_657' title='bbox 2996 2684 3077 2729; x_wconf 91' lang='lat' dir='ltr'><strong>est</strong></span> <span class='ocrx_word' id='word_1_658' title='bbox 3104 2679 3404 2732; x_wconf 88' lang='lat' dir='ltr'><strong>secundum</strong></span> 
     </span>
    </p>
   </div>
   <div class='ocr_carea' id='block_1_84' title="bbox 1821 2765 3404 2833">
    <p class='ocr_par' dir='ltr' id='par_1_84' title="bbox 1821 2765 3404 2833">
     <span class='ocr_line' id='line_1_84' title="bbox 1821 2765 3404 2833; baseline 0.001 -11"><span class='ocrx_word' id='word_1_659' title='bbox 1821 2777 2070 2822; x_wconf 87' lang='lat' dir='ltr'><strong>naturam</strong></span> <span class='ocrx_word' id='word_1_660' title='bbox 2103 2765 2245 2821; x_wconf 88' lang='lat' dir='ltr'><strong>Deus</strong></span> <span class='ocrx_word' id='word_1_661' title='bbox 2271 2776 2324 2820; x_wconf 93' lang='lat' dir='ltr'><strong>et</strong></span> <span class='ocrx_word' id='word_1_662' title='bbox 2353 2774 2477 2819; x_wconf 89' lang='lat' dir='ltr'><strong>ante</strong></span> <span class='ocrx_word' id='word_1_663' title='bbox 2503 2766 2958 2833; x_wconf 76' lang='lat' dir='ltr'><strong>exinanitionem,</strong></span> <span class='ocrx_word' id='word_1_664' title='bbox 2987 2778 3041 2824; x_wconf 89' lang='lat' dir='ltr'><strong>et</strong></span> <span class='ocrx_word' id='word_1_665' title='bbox 3070 2785 3190 2824; x_wconf 89' lang='lat' dir='ltr'><strong>cum</strong></span> <span class='ocrx_word' id='word_1_666' title='bbox 3218 2771 3404 2826; x_wconf 76' lang='lat' dir='ltr'><strong>exina-</strong></span> 
     </span>
    </p>
   </div>
   <div class='ocr_carea' id='block_1_85' title="bbox 1821 2856 3406 2922">
    <p class='ocr_par' dir='ltr' id='par_1_85' title="bbox 1821 2856 3406 2922">
     <span class='ocr_line' id='line_1_85' title="bbox 1821 2856 3406 2922; baseline 0.003 -8"><span class='ocrx_word' id='word_1_667' title='bbox 1821 2861 2082 2914; x_wconf 85' lang='lat' dir='ltr'><strong>nitionem</strong></span> <span class='ocrx_word' id='word_1_668' title='bbox 2126 2858 2365 2914; x_wconf 90' lang='lat' dir='ltr'><strong>subiisse</strong></span> <span class='ocrx_word' id='word_1_669' title='bbox 2388 2857 2607 2922; x_wconf 88' lang='lat' dir='ltr'><strong>dicitur,</strong></span> <span class='ocrx_word' id='word_1_670' title='bbox 2635 2856 2810 2913; x_wconf 77' lang='lat' dir='ltr'><strong>factus</strong></span> <span class='ocrx_word' id='word_1_671' title='bbox 2835 2861 3006 2913; x_wconf 81' lang='lat' dir='ltr'><strong>nostri</strong></span> <span class='ocrx_word' id='word_1_672' title='bbox 3051 2862 3262 2918; x_wconf 87' lang='lat' dir='ltr'><strong>similis.</strong></span> <span class='ocrx_word' id='word_1_673' title='bbox 3303 2861 3406 2919; x_wconf 82' lang='lat' dir='ltr'><strong>Iste</strong></span> 
     </span>
    </p>
   </div>
   <div class='ocr_carea' id='block_1_86' title="bbox 1820 2952 3401 3024">
    <p class='ocr_par' dir='ltr' id='par_1_86' title="bbox 1820 2952 3401 3024">
     <span class='ocr_line' id='line_1_86' title="bbox 1820 2952 3401 3024; baseline 0.004 -20"><span class='ocrx_word' id='word_1_674' title='bbox 1820 2967 1951 3006; x_wconf 78' lang='lat' dir='ltr'><strong>vero</strong></span> <span class='ocrx_word' id='word_1_675' title='bbox 1985 2953 2100 3007; x_wconf 58' lang='lat' dir='ltr'><strong>hate</strong></span> <span class='ocrx_word' id='word_1_676' title='bbox 2133 2952 2267 3007; x_wconf 88' lang='lat' dir='ltr'><strong>adeo</strong></span> <span class='ocrx_word' id='word_1_677' title='bbox 2297 2952 2603 3005; x_wconf 83' lang='lat' dir='ltr'><strong>veneranda</strong></span> <span class='ocrx_word' id='word_1_678' title='bbox 2642 2960 2898 3021; x_wconf 88' lang='lat' dir='ltr'><strong>rectaque</strong></span> <span class='ocrx_word' id='word_1_679' title='bbox 2933 2953 3179 3023; x_wconf 82' lang='lat' dir='ltr'><strong>dogmata</strong></span> <span class='ocrx_word' id='word_1_680' title='bbox 3217 2956 3401 3024; x_wconf 86' lang='lat' dir='ltr'><strong>despi-</strong></span> 
     </span>
    </p>
   </div>
   <div class='ocr_carea' id='block_1_87' title="bbox 1819 3042 3404 3114">
    <p class='ocr_par' dir='ltr' id='par_1_87' title="bbox 1819 3042 3404 3114">
     <span class='ocr_line' id='line_1_87' title="bbox 1819 3042 3404 3114; baseline 0.002 -14"><span class='ocrx_word' id='word_1_681' title='bbox 1819 3045 1970 3100; x_wconf 87' lang='lat' dir='ltr'><strong>ciens</strong></span> <span class='ocrx_word' id='word_1_682' title='bbox 2013 3045 2282 3100; x_wconf 89' lang='lat' dir='ltr'><strong>hominem</strong></span> <span class='ocrx_word' id='word_1_683' title='bbox 2326 3042 2436 3099; x_wconf 87' lang='lat' dir='ltr'><strong>Deo</strong></span> <span class='ocrx_word' id='word_1_684' title='bbox 2475 3043 2752 3114; x_wconf 63' lang='lat' dir='ltr'><strong>conjungit</strong></span> <span class='ocrx_word' id='word_1_685' title='bbox 2789 3045 3086 3100; x_wconf 89' lang='lat' dir='ltr'><strong>secundum</strong></span> <span class='ocrx_word' id='word_1_686' title='bbox 3125 3057 3404 3103; x_wconf 77' lang='lat' dir='ltr'><strong>externam</strong></span> 
     </span>
    </p>
   </div>
   <div class='ocr_carea' id='block_1_88' title="bbox 1820 3137 3408 3210">
    <p class='ocr_par' dir='ltr' id='par_1_88' title="bbox 1820 3137 3408 3210">
     <span class='ocr_line' id='line_1_88' title="bbox 1820 3137 3408 3210; baseline 0.003 -19"><span class='ocrx_word' id='word_1_687' title='bbox 1820 3137 2214 3202; x_wconf 86' lang='lat' dir='ltr'><strong>habitudinem,</strong></span> <span class='ocrx_word' id='word_1_688' title='bbox 2247 3147 2301 3191; x_wconf 89' lang='lat' dir='ltr'><strong>et</strong></span> <span class='ocrx_word' id='word_1_689' title='bbox 2337 3145 2590 3205; x_wconf 85' lang='lat' dir='ltr'><strong>tanquam</strong></span> <span class='ocrx_word' id='word_1_690' title='bbox 2631 3138 2682 3192; x_wconf 91' lang='lat' dir='ltr'><strong>in</strong></span> <span class='ocrx_word' id='word_1_691' title='bbox 2722 3137 2840 3207; x_wconf 86' lang='lat' dir='ltr'><strong>ejus</strong></span> <span class='ocrx_word' id='word_1_692' title='bbox 2877 3139 3155 3210; x_wconf 76' lang='lat' dir='ltr'><strong>dignitatis</strong></span> <span class='ocrx_word' id='word_1_693' title='bbox 3187 3141 3408 3210; x_wconf 71' lang='lat' dir='ltr'><strong>a‘quali-</strong></span> 
     </span>
    </p>
   </div>
   <div class='ocr_carea' id='block_1_89' title="bbox 1822 3230 3406 3300">
    <p class='ocr_par' dir='ltr' id='par_1_89' title="bbox 1822 3230 3406 3300">
     <span class='ocr_line' id='line_1_89' title="bbox 1822 3230 3406 3300; baseline 0.001 -12"><span class='ocrx_word' id='word_1_694' title='bbox 1822 3243 1958 3298; x_wconf 91' lang='lat' dir='ltr'><strong>tate,</strong></span> <span class='ocrx_word' id='word_1_695' title='bbox 1990 3242 2046 3287; x_wconf 90' lang='lat' dir='ltr'><strong>et</strong></span> <span class='ocrx_word' id='word_1_696' title='bbox 2077 3242 2332 3300; x_wconf 87' lang='lat' dir='ltr'><strong>tanquam</strong></span> <span class='ocrx_word' id='word_1_697' title='bbox 2366 3230 2595 3285; x_wconf 85' lang='lat' dir='ltr'><strong>alterum</strong></span> <span class='ocrx_word' id='word_1_698' title='bbox 2627 3247 2748 3286; x_wconf 91' lang='lat' dir='ltr'><strong>cum</strong></span> <span class='ocrx_word' id='word_1_699' title='bbox 2780 3233 2952 3287; x_wconf 80' lang='lat' dir='ltr'><strong>altero</strong></span> <span class='ocrx_word' id='word_1_700' title='bbox 2981 3233 3141 3288; x_wconf 89' lang='lat' dir='ltr'><strong>simul</strong></span> <span class='ocrx_word' id='word_1_701' title='bbox 3174 3235 3406 3290; x_wconf 85' lang='lat' dir='ltr'><strong>adorare</strong></span> 
     </span>
    </p>
   </div>
   <div class='ocr_carea' id='block_1_90' title="bbox 1821 3324 3404 3396">
    <p class='ocr_par' dir='ltr' id='par_1_90' title="bbox 1821 3324 3404 3396">
     <span class='ocr_line' id='line_1_90' title="bbox 1821 3324 3404 3396; baseline 0.002 -16"><span class='ocrx_word' id='word_1_702' title='bbox 1821 3341 1928 3380; x_wconf 90' lang='lat' dir='ltr'><strong>non</strong></span> <span class='ocrx_word' id='word_1_703' title='bbox 1957 3325 2252 3380; x_wconf 89' lang='lat' dir='ltr'><strong>erubescit.</strong></span> <span class='ocrx_word' id='word_1_704' title='bbox 2279 3324 2492 3378; x_wconf 81' lang='lat' dir='ltr'><strong>Asserit</strong></span> <span class='ocrx_word' id='word_1_705' title='bbox 2514 3335 2715 3389; x_wconf 85' lang='lat' dir='ltr'><strong>autem,</strong></span> <span class='ocrx_word' id='word_1_706' title='bbox 2745 3326 2938 3396; x_wconf 87' lang='lat' dir='ltr'><strong>inquit,</strong></span> <span class='ocrx_word' id='word_1_707' title='bbox 2966 3327 3109 3382; x_wconf 84' lang='lat' dir='ltr'><strong>velut</strong></span> <span class='ocrx_word' id='word_1_708' title='bbox 3135 3327 3404 3382; x_wconf 89' lang='lat' dir='ltr'><strong>insuetum</strong></span> 
     </span>
    </p>
   </div>
   <div class='ocr_carea' id='block_1_91' title="bbox 1820 3417 3407 3491">
    <p class='ocr_par' dir='ltr' id='par_1_91' title="bbox 1820 3417 3407 3491">
     <span class='ocr_line' id='line_1_91' title="bbox 1820 3417 3407 3491; baseline 0.004 -21"><span class='ocrx_word' id='word_1_709' title='bbox 1820 3417 2076 3487; x_wconf 82' lang='lat' dir='ltr'><strong>quiddam</strong></span> <span class='ocrx_word' id='word_1_710' title='bbox 2114 3433 2179 3472; x_wconf 92' lang='lat' dir='ltr'><strong>ac</strong></span> <span class='ocrx_word' id='word_1_711' title='bbox 2215 3433 2446 3485; x_wconf 82' lang='lat' dir='ltr'><strong>novum,</strong></span> <span class='ocrx_word' id='word_1_712' title='bbox 2481 3430 2534 3474; x_wconf 89' lang='lat' dir='ltr'><strong>et</strong></span> <span class='ocrx_word' id='word_1_713' title='bbox 2569 3420 2709 3474; x_wconf 86' lang='lat' dir='ltr'><strong>velut</strong></span> <span class='ocrx_word' id='word_1_714' title='bbox 2751 3421 2936 3488; x_wconf 66' lang='lat' dir='ltr'><strong>gratiae</strong></span> <span class='ocrx_word' id='word_1_715' title='bbox 2975 3420 3091 3474; x_wconf 88' lang='lat' dir='ltr'><strong>loco</strong></span> <span class='ocrx_word' id='word_1_716' title='bbox 3128 3422 3407 3491; x_wconf 82' lang='lat' dir='ltr'><strong>accepisse</strong></span> 
     </span>
    </p>
   </div>
   <div class='ocr_carea' id='block_1_92' title="bbox 1821 3509 3406 3582">
    <p class='ocr_par' dir='ltr' id='par_1_92' title="bbox 1821 3509 3406 3582">
     <span class='ocr_line' id='line_1_92' title="bbox 1821 3509 3406 3582; baseline 0.003 -19"><span class='ocrx_word' id='word_1_717' title='bbox 1821 3520 1879 3564; x_wconf 91' lang='lat' dir='ltr'><strong>ut</strong></span> <span class='ocrx_word' id='word_1_718' title='bbox 1908 3510 1978 3564; x_wconf 91' lang='lat' dir='ltr'><strong>illi</strong></span> <span class='ocrx_word' id='word_1_719' title='bbox 2007 3509 2253 3565; x_wconf 83' lang='lat' dir='ltr'><strong>ﬂectatur</strong></span> <span class='ocrx_word' id='word_1_720' title='bbox 2275 3526 2434 3566; x_wconf 91' lang='lat' dir='ltr'><strong>omne</strong></span> <span class='ocrx_word' id='word_1_721' title='bbox 2462 3527 2622 3582; x_wconf 80' lang='lat' dir='ltr'><strong>genu,</strong></span> <span class='ocrx_word' id='word_1_722' title='bbox 2651 3522 2704 3566; x_wconf 91' lang='lat' dir='ltr'><strong>et</strong></span> <span class='ocrx_word' id='word_1_723' title='bbox 2732 3513 2909 3565; x_wconf 88' lang='lat' dir='ltr'><strong>omnis</strong></span> <span class='ocrx_word' id='word_1_724' title='bbox 2938 3513 3114 3578; x_wconf 76' lang='lat' dir='ltr'><strong>lingua</strong></span> <span class='ocrx_word' id='word_1_725' title='bbox 3143 3515 3406 3568; x_wconf 70' lang='lat' dir='ltr'><strong>continea-</strong></span> 
     </span>
    </p>
   </div>
   <div class='ocr_carea' id='block_1_93' title="bbox 1824 3603 3402 3671">
    <p class='ocr_par' dir='ltr' id='par_1_93' title="bbox 1824 3603 3402 3671">
     <span class='ocr_line' id='line_1_93' title="bbox 1824 3603 3402 3671; baseline 0.003 -17"><span class='ocrx_word' id='word_1_726' title='bbox 1824 3613 1930 3666; x_wconf 91' lang='lat' dir='ltr'><strong>tur,</strong></span> <span class='ocrx_word' id='word_1_727' title='bbox 1956 3603 2078 3671; x_wconf 87' lang='lat' dir='ltr'><strong>quia</strong></span> <span class='ocrx_word' id='word_1_728' title='bbox 2105 3603 2363 3657; x_wconf 85' lang='lat' dir='ltr'><strong>Dominus</strong></span> <span class='ocrx_word' id='word_1_729' title='bbox 2388 3603 2542 3657; x_wconf 80' lang='lat' dir='ltr'><strong>Jesus</strong></span> <span class='ocrx_word' id='word_1_730' title='bbox 2561 3604 2830 3657; x_wconf 80' lang='lat' dir='ltr'><strong>Christus.</strong></span> <span class='ocrx_word' id='word_1_731' title='bbox 2858 3604 2934 3657; x_wconf 82' lang='lat' dir='ltr'><strong>Ac</strong></span> <span class='ocrx_word' id='word_1_732' title='bbox 2961 3604 3003 3658; x_wconf 91' lang='lat' dir='ltr'><strong>si</strong></span> <span class='ocrx_word' id='word_1_733' title='bbox 3034 3605 3178 3658; x_wconf 87' lang='lat' dir='ltr'><strong>illum</strong></span> <span class='ocrx_word' id='word_1_734' title='bbox 3212 3615 3402 3658; x_wconf 87' lang='lat' dir='ltr'><strong>natura</strong></span> 
     </span>
    </p>
   </div>
   <div class='ocr_carea' id='block_1_94' title="bbox 1822 3693 3404 3763">
    <p class='ocr_par' dir='ltr' id='par_1_94' title="bbox 1822 3693 3404 3763">
     <span class='ocr_line' id='line_1_94' title="bbox 1822 3693 3404 3763; baseline 0.001 -16"><span class='ocrx_word' id='word_1_735' title='bbox 1822 3693 1987 3747; x_wconf 89' lang='lat' dir='ltr'><strong>Deum</strong></span> <span class='ocrx_word' id='word_1_736' title='bbox 2027 3694 2226 3748; x_wconf 78' lang='lat' dir='ltr'><strong>factum</strong></span> <span class='ocrx_word' id='word_1_737' title='bbox 2263 3709 2383 3749; x_wconf 91' lang='lat' dir='ltr'><strong>esse</strong></span> <span class='ocrx_word' id='word_1_738' title='bbox 2422 3695 2583 3755; x_wconf 86' lang='lat' dir='ltr'><strong>dicit.</strong></span> <span class='ocrx_word' id='word_1_739' title='bbox 2627 3706 2812 3763; x_wconf 85' lang='lat' dir='ltr'><strong>aperte</strong></span> <span class='ocrx_word' id='word_1_740' title='bbox 2853 3695 3284 3763; x_wconf 84' lang='lat' dir='ltr'><strong>blasphemavit,</strong></span> <span class='ocrx_word' id='word_1_741' title='bbox 3325 3694 3404 3748; x_wconf 80' lang='lat' dir='ltr'><strong>fa-</strong></span> 
     </span>
    </p>
   </div>
   <div class='ocr_carea' id='block_1_95' title="bbox 1819 3782 3405 3838">
    <p class='ocr_par' dir='ltr' id='par_1_95' title="bbox 1819 3782 3405 3838">
     <span class='ocr_line' id='line_1_95' title="bbox 1819 3782 3405 3838; baseline -0.001 0"><span class='ocrx_word' id='word_1_742' title='bbox 1819 3793 1959 3838; x_wconf 89' lang='lat' dir='ltr'><strong>ctam</strong></span> <span class='ocrx_word' id='word_1_743' title='bbox 2003 3797 2123 3838; x_wconf 89' lang='lat' dir='ltr'><strong>esse</strong></span> <span class='ocrx_word' id='word_1_744' title='bbox 2167 3783 2355 3838; x_wconf 87' lang='lat' dir='ltr'><strong>dicens</strong></span> <span class='ocrx_word' id='word_1_745' title='bbox 2386 3782 2693 3838; x_wconf 87' lang='lat' dir='ltr'><strong>Divinitatis</strong></span> <span class='ocrx_word' id='word_1_746' title='bbox 2735 3794 3000 3837; x_wconf 85' lang='lat' dir='ltr'><strong>naturam.</strong></span> <span class='ocrx_word' id='word_1_747' title='bbox 3043 3783 3136 3837; x_wconf 87' lang='lat' dir='ltr'><strong>Sin</strong></span> <span class='ocrx_word' id='word_1_748' title='bbox 3183 3786 3405 3838; x_wconf 86' lang='lat' dir='ltr'><strong>minime</strong></span> 
     </span>
    </p>
   </div>
   <div class='ocr_carea' id='block_1_96' title="bbox 1819 3874 3406 3944">
    <p class='ocr_par' dir='ltr' id='par_1_96' title="bbox 1819 3874 3406 3944">
     <span class='ocr_line' id='line_1_96' title="bbox 1819 3874 3406 3944; baseline -0.001 -14"><span class='ocrx_word' id='word_1_749' title='bbox 1819 3875 2112 3930; x_wconf 89' lang='lat' dir='ltr'><strong>secundum</strong></span> <span class='ocrx_word' id='word_1_750' title='bbox 2155 3883 2440 3938; x_wconf 79' lang='lat' dir='ltr'><strong>naturam,</strong></span> <span class='ocrx_word' id='word_1_751' title='bbox 2478 3875 2571 3928; x_wconf 83' lang='lat' dir='ltr'><strong>sed</strong></span> <span class='ocrx_word' id='word_1_752' title='bbox 2611 3889 2728 3928; x_wconf 87' lang='lat' dir='ltr'><strong>eam</strong></span> <span class='ocrx_word' id='word_1_753' title='bbox 2770 3874 3087 3944; x_wconf 73' lang='lat' dir='ltr'><strong>dignitatem</strong></span> <span class='ocrx_word' id='word_1_754' title='bbox 3128 3876 3306 3928; x_wconf 84' lang='lat' dir='ltr'><strong>datam</strong></span> <span class='ocrx_word' id='word_1_755' title='bbox 3349 3886 3406 3929; x_wconf 73' lang='lat' dir='ltr'><strong>et</strong></span> 
     </span>
    </p>
   </div>
   <div class='ocr_carea' id='block_1_97' title="bbox 1817 3966 3401 4035">
    <p class='ocr_par' dir='ltr' id='par_1_97' title="bbox 1817 3966 3401 4035">
     <span class='ocr_line' id='line_1_97' title="bbox 1817 3966 3401 4035; baseline 0 -15"><span class='ocrx_word' id='word_1_756' title='bbox 1817 3967 2160 4021; x_wconf 83' lang='lat' dir='ltr'><strong>extrinsecus</strong></span> <span class='ocrx_word' id='word_1_757' title='bbox 2190 3975 2489 4035; x_wconf 88' lang='lat' dir='ltr'><strong>acceptam,</strong></span> <span class='ocrx_word' id='word_1_758' title='bbox 2519 3977 2572 4019; x_wconf 86' lang='lat' dir='ltr'><strong>et</strong></span> <span class='ocrx_word' id='word_1_759' title='bbox 2603 3966 2745 4020; x_wconf 86' lang='lat' dir='ltr'><strong>velut</strong></span> <span class='ocrx_word' id='word_1_760' title='bbox 2781 3966 2832 4018; x_wconf 90' lang='lat' dir='ltr'><strong>in</strong></span> <span class='ocrx_word' id='word_1_761' title='bbox 2863 3966 2972 4019; x_wconf 73' lang='lat' dir='ltr'><strong>sola</strong></span> <span class='ocrx_word' id='word_1_762' title='bbox 3004 3981 3133 4019; x_wconf 83' lang='lat' dir='ltr'><strong>voce</strong></span> <span class='ocrx_word' id='word_1_763' title='bbox 3164 3968 3401 4034; x_wconf 81' lang='lat' dir='ltr'><strong>positam</strong></span> 
     </span>
    </p>
   </div>
   <div class='ocr_carea' id='block_1_98' title="bbox 1819 4056 3404 4125">
    <p class='ocr_par' dir='ltr' id='par_1_98' title="bbox 1819 4056 3404 4125">
     <span class='ocr_line' id='line_1_98' title="bbox 1819 4056 3404 4125; baseline -0.001 -12"><span class='ocrx_word' id='word_1_764' title='bbox 1819 4059 2110 4122; x_wconf 85' lang='lat' dir='ltr'><strong>habuisse,</strong></span> <span class='ocrx_word' id='word_1_765' title='bbox 2139 4057 2409 4125; x_wconf 90' lang='lat' dir='ltr'><strong>quomodo</strong></span> <span class='ocrx_word' id='word_1_766' title='bbox 2442 4072 2544 4108; x_wconf 89' lang='lat' dir='ltr'><strong>non</strong></span> <span class='ocrx_word' id='word_1_767' title='bbox 2580 4057 2708 4109; x_wconf 89' lang='lat' dir='ltr'><strong>illud</strong></span> <span class='ocrx_word' id='word_1_768' title='bbox 2741 4056 3022 4110; x_wconf 88' lang='lat' dir='ltr'><strong>evidenter</strong></span> <span class='ocrx_word' id='word_1_769' title='bbox 3049 4059 3271 4122; x_wconf 87' lang='lat' dir='ltr'><strong>asserit,</strong></span> <span class='ocrx_word' id='word_1_770' title='bbox 3304 4072 3404 4111; x_wconf 85' lang='lat' dir='ltr'><strong>nos</strong></span> 
     </span>
    </p>
   </div>
   <div class='ocr_carea' id='block_1_99' title="bbox 1817 4143 3404 4215">
    <p class='ocr_par' dir='ltr' id='par_1_99' title="bbox 1817 4143 3404 4215">
     <span class='ocr_line' id='line_1_99' title="bbox 1817 4143 3404 4215; baseline -0.003 -11"><span class='ocrx_word' id='word_1_771' title='bbox 1817 4149 2023 4204; x_wconf 83' lang='lat' dir='ltr'><strong>servire</strong></span> <span class='ocrx_word' id='word_1_772' title='bbox 2057 4159 2113 4202; x_wconf 88' lang='lat' dir='ltr'><strong>et</strong></span> <span class='ocrx_word' id='word_1_773' title='bbox 2153 4146 2351 4201; x_wconf 92' lang='lat' dir='ltr'><strong>cultum</strong></span> <span class='ocrx_word' id='word_1_774' title='bbox 2397 4146 2607 4200; x_wconf 79' lang='lat' dir='ltr'><strong>deferre</strong></span> <span class='ocrx_word' id='word_1_775' title='bbox 2650 4147 2698 4199; x_wconf 90' lang='lat' dir='ltr'><strong>ei</strong></span> <span class='ocrx_word' id='word_1_776' title='bbox 2741 4146 2832 4214; x_wconf 81' lang='lat' dir='ltr'><strong>qui</strong></span> <span class='ocrx_word' id='word_1_777' title='bbox 2880 4143 2992 4215; x_wconf 66' lang='lat'><strong>56&#39;</strong></span> <span class='ocrx_word' id='word_1_778' title='bbox 3028 4156 3218 4198; x_wconf 87' lang='lat' dir='ltr'><strong>natura</strong></span> <span class='ocrx_word' id='word_1_779' title='bbox 3262 4146 3404 4201; x_wconf 80' lang='lat' dir='ltr'><strong>Deus</strong></span> 
     </span>
    </p>
   </div>
   <div class='ocr_carea' id='block_1_100' title="bbox 1818 4237 3400 4307">
    <p class='ocr_par' dir='ltr' id='par_1_100' title="bbox 1818 4237 3400 4307">
     <span class='ocr_line' id='line_1_100' title="bbox 1818 4237 3400 4307; baseline -0.001 -12"><span class='ocrx_word' id='word_1_780' title='bbox 1818 4257 1923 4295; x_wconf 92' lang='lat' dir='ltr'><strong>non</strong></span> <span class='ocrx_word' id='word_1_781' title='bbox 1955 4241 2048 4307; x_wconf 84' lang='lat' dir='ltr'><strong>sit,</strong></span> <span class='ocrx_word' id='word_1_782' title='bbox 2077 4248 2132 4294; x_wconf 91' lang='lat' dir='ltr'><strong>et</strong></span> <span class='ocrx_word' id='word_1_783' title='bbox 2163 4239 2467 4303; x_wconf 88' lang='lat' dir='ltr'><strong>uobiscum,</strong></span> <span class='ocrx_word' id='word_1_784' title='bbox 2497 4247 2554 4292; x_wconf 91' lang='lat' dir='ltr'><strong>ut</strong></span> <span class='ocrx_word' id='word_1_785' title='bbox 2583 4253 2919 4307; x_wconf 87' lang='lat' dir='ltr'><strong>consequens</strong></span> <span class='ocrx_word' id='word_1_786' title='bbox 2949 4247 3054 4302; x_wconf 87' lang='lat' dir='ltr'><strong>est,</strong></span> <span class='ocrx_word' id='word_1_787' title='bbox 3086 4237 3231 4292; x_wconf 88' lang='lat' dir='ltr'><strong>illam</strong></span> <span class='ocrx_word' id='word_1_788' title='bbox 3262 4254 3400 4306; x_wconf 54' lang='lat' dir='ltr'><strong>quo.</strong></span> 
     </span>
    </p>
   </div>
   <div class='ocr_carea' id='block_1_101' title="bbox 1819 4329 3398 4401">
    <p class='ocr_par' dir='ltr' id='par_1_101' title="bbox 1819 4329 3398 4401">
     <span class='ocr_line' id='line_1_101' title="bbox 1819 4329 3398 4401; baseline 0 -17"><span class='ocrx_word' id='word_1_789' title='bbox 1819 4347 1923 4401; x_wconf 92' lang='lat' dir='ltr'><strong>que</strong></span> <span class='ocrx_word' id='word_1_790' title='bbox 1963 4345 2322 4399; x_wconf 90' lang='lat' dir='ltr'><strong>supernorum</strong></span> <span class='ocrx_word' id='word_1_791' title='bbox 2365 4331 2652 4398; x_wconf 90' lang='lat' dir='ltr'><strong>spirituum</strong></span> <span class='ocrx_word' id='word_1_792' title='bbox 2697 4329 3008 4399; x_wconf 74' lang='lat' dir='ltr'><strong>pervigilem</strong></span> <span class='ocrx_word' id='word_1_793' title='bbox 3057 4329 3398 4398; x_wconf 89' lang='lat' dir='ltr'><strong>prudentiam</strong></span> 
     </span>
    </p>
   </div>
   <div class='ocr_carea' id='block_1_102' title="bbox 1817 4422 3397 4490">
    <p class='ocr_par' dir='ltr' id='par_1_102' title="bbox 1817 4422 3397 4490">
     <span class='ocr_line' id='line_1_102' title="bbox 1817 4422 3397 4490; baseline -0.001 -13"><span class='ocrx_word' id='word_1_794' title='bbox 1817 4437 2003 4478; x_wconf 87' lang='lat' dir='ltr'><strong>errore</strong></span> <span class='ocrx_word' id='word_1_795' title='bbox 2046 4425 2347 4486; x_wconf 76' lang='lat' dir='ltr'><strong>seductum,</strong></span> <span class='ocrx_word' id='word_1_796' title='bbox 2390 4432 2443 4476; x_wconf 88' lang='lat' dir='ltr'><strong>et</strong></span> <span class='ocrx_word' id='word_1_797' title='bbox 2479 4422 2672 4477; x_wconf 88' lang='lat' dir='ltr'><strong>horum</strong></span> <span class='ocrx_word' id='word_1_798' title='bbox 2713 4422 2975 4476; x_wconf 74' lang='lat' dir='ltr'><strong>scelerum</strong></span> <span class='ocrx_word' id='word_1_799' title='bbox 3023 4422 3178 4476; x_wconf 90' lang='lat' dir='ltr'><strong>nobis</strong></span> <span class='ocrx_word' id='word_1_800' title='bbox 3224 4422 3397 4490; x_wconf 90' lang='lat' dir='ltr'><strong>ipsum</strong></span> 
     </span>
    </p>
   </div>
   <div class='ocr_carea' id='block_1_103' title="bbox 1819 4512 3400 4579">
    <p class='ocr_par' dir='ltr' id='par_1_103' title="bbox 1819 4512 3400 4579">
     <span class='ocr_line' id='line_1_103' title="bbox 1819 4512 3400 4579; baseline -0.001 -11"><span class='ocrx_word' id='word_1_801' title='bbox 1819 4514 2032 4570; x_wconf 86' lang='lat' dir='ltr'><strong>Patrem</strong></span> <span class='ocrx_word' id='word_1_802' title='bbox 2083 4514 2295 4569; x_wconf 88' lang='lat' dir='ltr'><strong>initium</strong></span> <span class='ocrx_word' id='word_1_803' title='bbox 2339 4525 2392 4570; x_wconf 86' lang='lat' dir='ltr'><strong>et</strong></span> <span class='ocrx_word' id='word_1_804' title='bbox 2436 4530 2656 4569; x_wconf 86' lang='lat' dir='ltr'><strong>causam</strong></span> <span class='ocrx_word' id='word_1_805' title='bbox 2704 4514 2863 4568; x_wconf 82' lang='lat' dir='ltr'><strong>esse?</strong></span> <span class='ocrx_word' id='word_1_806' title='bbox 2908 4512 3188 4579; x_wconf 88' lang='lat' dir='ltr'><strong>Quomodo</strong></span> <span class='ocrx_word' id='word_1_807' title='bbox 3237 4513 3400 4579; x_wconf 82' lang='lat' dir='ltr'><strong>igitur</strong></span> 
     </span>
    </p>
   </div>
   <div class='ocr_carea' id='block_1_104' title="bbox 1818 4606 3399 4677">
    <p class='ocr_par' dir='ltr' id='par_1_104' title="bbox 1818 4606 3399 4677">
     <span class='ocr_line' id='line_1_104' title="bbox 1818 4606 3399 4677; baseline -0.001 -17"><span class='ocrx_word' id='word_1_808' title='bbox 1818 4607 1994 4662; x_wconf 87' lang='lat' dir='ltr'><strong>adhuc</strong></span> <span class='ocrx_word' id='word_1_809' title='bbox 2023 4606 2203 4677; x_wconf 88' lang='lat' dir='ltr'><strong>culpat</strong></span> <span class='ocrx_word' id='word_1_810' title='bbox 2231 4622 2325 4662; x_wconf 86' lang='lat' dir='ltr'><strong>eos</strong></span> <span class='ocrx_word' id='word_1_811' title='bbox 2352 4607 2442 4676; x_wconf 87' lang='lat' dir='ltr'><strong>qui</strong></span> <span class='ocrx_word' id='word_1_812' title='bbox 2475 4607 2564 4660; x_wconf 91' lang='lat' dir='ltr'><strong>illo</strong></span> <span class='ocrx_word' id='word_1_813' title='bbox 2591 4607 2803 4673; x_wconf 89' lang='lat' dir='ltr'><strong>abjecto</strong></span> <span class='ocrx_word' id='word_1_814' title='bbox 2830 4615 3137 4659; x_wconf 88' lang='lat' dir='ltr'><strong>creaturam</strong></span> <span class='ocrx_word' id='word_1_815' title='bbox 3169 4606 3399 4659; x_wconf 82' lang='lat' dir='ltr'><strong>adorare</strong></span> 
     </span>
    </p>
   </div>
   <div class='ocr_carea' id='block_1_105' title="bbox 1819 4695 3397 4761">
    <p class='ocr_par' dir='ltr' id='par_1_105' title="bbox 1819 4695 3397 4761">
     <span class='ocr_line' id='line_1_105' title="bbox 1819 4695 3397 4761; baseline -0.001 -11"><span class='ocrx_word' id='word_1_816' title='bbox 1819 4695 2165 4751; x_wconf 83' lang='lat' dir='ltr'><strong>maluerunt?</strong></span> <span class='ocrx_word' id='word_1_817' title='bbox 2199 4711 2299 4750; x_wconf 89' lang='lat' dir='ltr'><strong>cur</strong></span> <span class='ocrx_word' id='word_1_818' title='bbox 2330 4710 2456 4749; x_wconf 85' lang='lat' dir='ltr'><strong>vero</strong></span> <span class='ocrx_word' id='word_1_819' title='bbox 2490 4705 2705 4750; x_wconf 83' lang='lat' dir='ltr'><strong>accusat</strong></span> <span class='ocrx_word' id='word_1_820' title='bbox 2744 4704 2798 4748; x_wconf 91' lang='lat' dir='ltr'><strong>et</strong></span> <span class='ocrx_word' id='word_1_821' title='bbox 2833 4696 2988 4761; x_wconf 85' lang='lat' dir='ltr'><strong>punit</strong></span> <span class='ocrx_word' id='word_1_822' title='bbox 3020 4695 3272 4749; x_wconf 89' lang='lat' dir='ltr'><strong>seductos</strong></span> <span class='ocrx_word' id='word_1_823' title='bbox 3309 4710 3397 4749; x_wconf 87' lang='lat' dir='ltr'><strong>er-</strong></span> 
     </span>
    </p>
   </div>
   <div class='ocr_carea' id='block_1_106' title="bbox 1821 4783 3395 4850">
    <p class='ocr_par' dir='ltr' id='par_1_106' title="bbox 1821 4783 3395 4850">
     <span class='ocr_line' id='line_1_106' title="bbox 1821 4783 3395 4850; baseline 0 -14"><span class='ocrx_word' id='word_1_824' title='bbox 1821 4797 1945 4837; x_wconf 85' lang='lat' dir='ltr'><strong>rore</strong></span> <span class='ocrx_word' id='word_1_825' title='bbox 1991 4783 2275 4846; x_wconf 89' lang='lat' dir='ltr'><strong>homines,</strong></span> <span class='ocrx_word' id='word_1_826' title='bbox 2319 4783 2360 4837; x_wconf 94' lang='lat' dir='ltr'><strong>si</strong></span> <span class='ocrx_word' id='word_1_827' title='bbox 2414 4783 2531 4850; x_wconf 85' lang='lat' dir='ltr'><strong>ejus</strong></span> <span class='ocrx_word' id='word_1_828' title='bbox 2581 4793 2714 4836; x_wconf 91' lang='lat' dir='ltr'><strong>nutu</strong></span> <span class='ocrx_word' id='word_1_829' title='bbox 2762 4799 2825 4838; x_wconf 86' lang='lat' dir='ltr'><strong>ac</strong></span> <span class='ocrx_word' id='word_1_830' title='bbox 2866 4783 3140 4838; x_wconf 85' lang='lat' dir='ltr'><strong>voluntate</strong></span> <span class='ocrx_word' id='word_1_831' title='bbox 3186 4785 3395 4840; x_wconf 90' lang='lat' dir='ltr'><strong>seducti</strong></span> 
     </span>
    </p>
   </div>
   <div class='ocr_carea' id='block_1_107' title="bbox 1820 4874 3389 4943">
    <p class='ocr_par' dir='ltr' id='par_1_107' title="bbox 1820 4874 3389 4943">
     <span class='ocr_line' id='line_1_107' title="bbox 1820 4874 3389 4943; baseline 0.003 -13"><span class='ocrx_word' id='word_1_832' title='bbox 1820 4885 1966 4939; x_wconf 88' lang='lat' dir='ltr'><strong>sunt,</strong></span> <span class='ocrx_word' id='word_1_833' title='bbox 1999 4891 2120 4930; x_wconf 93' lang='lat' dir='ltr'><strong>cum</strong></span> <span class='ocrx_word' id='word_1_834' title='bbox 2154 4890 2275 4928; x_wconf 88' lang='lat' dir='ltr'><strong>eum</strong></span> <span class='ocrx_word' id='word_1_835' title='bbox 2308 4874 2397 4943; x_wconf 84' lang='lat' dir='ltr'><strong>qui</strong></span> <span class='ocrx_word' id='word_1_836' title='bbox 2433 4891 2537 4930; x_wconf 92' lang='lat' dir='ltr'><strong>non</strong></span> <span class='ocrx_word' id='word_1_837' title='bbox 2569 4886 2711 4931; x_wconf 90' lang='lat' dir='ltr'><strong>esset</strong></span> <span class='ocrx_word' id='word_1_838' title='bbox 2742 4893 2808 4931; x_wconf 80' lang='lat' dir='ltr'><strong>ex</strong></span> <span class='ocrx_word' id='word_1_839' title='bbox 2845 4884 3036 4931; x_wconf 85' lang='lat' dir='ltr'><strong>natura</strong></span> <span class='ocrx_word' id='word_1_840' title='bbox 3068 4877 3231 4941; x_wconf 90' lang='lat' dir='ltr'><strong>Deus,</strong></span> <span class='ocrx_word' id='word_1_841' title='bbox 3261 4881 3389 4934; x_wconf 64' lang='lat' dir='ltr'><strong>adoo</strong></span> 
     </span>
    </p>
   </div>
   <div class='ocr_carea' id='block_1_108' title="bbox 1819 4966 3393 5040">
    <p class='ocr_par' dir='ltr' id='par_1_108' title="bbox 1819 4966 3393 5040">
     <span class='ocr_line' id='line_1_108' title="bbox 1819 4966 3393 5040; baseline 0.002 -21"><span class='ocrx_word' id='word_1_842' title='bbox 1819 4966 2044 5020; x_wconf 86' lang='lat' dir='ltr'><strong>rabilem</strong></span> <span class='ocrx_word' id='word_1_843' title='bbox 2075 4967 2232 5022; x_wconf 88' lang='lat' dir='ltr'><strong>nobis</strong></span> <span class='ocrx_word' id='word_1_844' title='bbox 2256 4967 2536 5023; x_wconf 80' lang='lat' dir='ltr'><strong>eﬂ‘ecerit?</strong></span> <span class='ocrx_word' id='word_1_845' title='bbox 2565 4968 2672 5024; x_wconf 88' lang='lat' dir='ltr'><strong>Sed</strong></span> <span class='ocrx_word' id='word_1_846' title='bbox 2699 4970 2824 5040; x_wconf 87' lang='lat' dir='ltr'><strong>quia</strong></span> <span class='ocrx_word' id='word_1_847' title='bbox 2858 4970 2912 5024; x_wconf 92' lang='lat' dir='ltr'><strong>in</strong></span> <span class='ocrx_word' id='word_1_848' title='bbox 2944 4970 3028 5026; x_wconf 91' lang='lat' dir='ltr'><strong>his</strong></span> <span class='ocrx_word' id='word_1_849' title='bbox 3057 4986 3179 5024; x_wconf 91' lang='lat' dir='ltr'><strong>cum</strong></span> <span class='ocrx_word' id='word_1_850' title='bbox 3212 4970 3393 5024; x_wconf 88' lang='lat' dir='ltr'><strong>locum</strong></span> 
     </span>
    </p>
   </div>
   <div class='ocr_carea' id='block_1_109' title="bbox 1817 5061 3395 5131">
    <p class='ocr_par' dir='ltr' id='par_1_109' title="bbox 1817 5061 3395 5131">
     <span class='ocr_line' id='line_1_109' title="bbox 1817 5061 3395 5131; baseline 0 -17"><span class='ocrx_word' id='word_1_851' title='bbox 1817 5062 2056 5124; x_wconf 88' lang='lat' dir='ltr'><strong>eitasset,</strong></span> <span class='ocrx_word' id='word_1_852' title='bbox 2091 5074 2234 5126; x_wconf 90' lang='lat' dir='ltr'><strong>eum,</strong></span> <span class='ocrx_word' id='word_1_853' title='bbox 2265 5061 2510 5130; x_wconf 89' lang='lat' dir='ltr'><strong>inquam,</strong></span> <span class='ocrx_word' id='word_1_854' title='bbox 2536 5061 2628 5131; x_wconf 83' lang='lat' dir='ltr'><strong>qui</strong></span> <span class='ocrx_word' id='word_1_855' title='bbox 2661 5071 2743 5116; x_wconf 91' lang='lat' dir='ltr'><strong>cst</strong></span> <span class='ocrx_word' id='word_1_856' title='bbox 2777 5061 2828 5114; x_wconf 91' lang='lat' dir='ltr'><strong>in</strong></span> <span class='ocrx_word' id='word_1_857' title='bbox 2860 5062 3131 5125; x_wconf 91' lang='lat' dir='ltr'><strong>manibus,</strong></span> <span class='ocrx_word' id='word_1_858' title='bbox 3163 5061 3262 5130; x_wconf 82' lang='lat' dir='ltr'><strong>ipsi</strong></span> <span class='ocrx_word' id='word_1_859' title='bbox 3299 5061 3395 5115; x_wconf 81' lang='lat' dir='ltr'><strong>ilc-</strong></span> 
     </span>
    </p>
   </div>
   <div class='ocr_carea' id='block_1_110' title="bbox 1817 5148 3392 5219">
    <p class='ocr_par' dir='ltr' id='par_1_110' title="bbox 1817 5148 3392 5219">
     <span class='ocr_line' id='line_1_110' title="bbox 1817 5148 3392 5219; baseline -0.001 -16"><span class='ocrx_word' id='word_1_860' title='bbox 1817 5159 1994 5203; x_wconf 88' lang='lat' dir='ltr'><strong>ctetur</strong></span> <span class='ocrx_word' id='word_1_861' title='bbox 2038 5163 2200 5204; x_wconf 89' lang='lat' dir='ltr'><strong>omne</strong></span> <span class='ocrx_word' id='word_1_862' title='bbox 2245 5165 2422 5219; x_wconf 82' lang='lat' dir='ltr'><strong>genu,</strong></span> <span class='ocrx_word' id='word_1_863' title='bbox 2472 5159 2527 5203; x_wconf 87' lang='lat' dir='ltr'><strong>et</strong></span> <span class='ocrx_word' id='word_1_864' title='bbox 2573 5151 2749 5204; x_wconf 77' lang='lat' dir='ltr'><strong>omnis</strong></span> <span class='ocrx_word' id='word_1_865' title='bbox 2797 5150 2974 5218; x_wconf 75' lang='lat' dir='ltr'><strong>lingua</strong></span> <span class='ocrx_word' id='word_1_866' title='bbox 3021 5148 3392 5211; x_wconf 81' lang='lat' dir='ltr'><strong>conﬁtebitur,</strong></span> 
     </span>
    </p>
   </div>
   <div class='ocr_carea' id='block_1_111' title="bbox 1816 5236 3396 5309">
    <p class='ocr_par' dir='ltr' id='par_1_111' title="bbox 1816 5236 3396 5309">
     <span class='ocr_line' id='line_1_111' title="bbox 1816 5236 3396 5309; baseline 0 -17"><span class='ocrx_word' id='word_1_867' title='bbox 1816 5243 1939 5309; x_wconf 90' lang='lat' dir='ltr'><strong>quia</strong></span> <span class='ocrx_word' id='word_1_868' title='bbox 1997 5240 2255 5294; x_wconf 85' lang='lat' dir='ltr'><strong>Dominus</strong></span> <span class='ocrx_word' id='word_1_869' title='bbox 2301 5240 2459 5296; x_wconf 83' lang='lat' dir='ltr'><strong>Jesus</strong></span> <span class='ocrx_word' id='word_1_870' title='bbox 2509 5241 2793 5304; x_wconf 76' lang='lat' dir='ltr'><strong>Christus;</strong></span> <span class='ocrx_word' id='word_1_871' title='bbox 2844 5240 3028 5293; x_wconf 87' lang='lat' dir='ltr'><strong>omisit</strong></span> <span class='ocrx_word' id='word_1_872' title='bbox 3079 5236 3283 5305; x_wconf 89' lang='lat' dir='ltr'><strong>reliqua</strong></span> <span class='ocrx_word' id='word_1_873' title='bbox 3337 5247 3396 5292; x_wconf 86' lang='lat' dir='ltr'><strong>et</strong></span> 
     </span>
    </p>
   </div>
   <div class='ocr_carea' id='block_1_112' title="bbox 1817 5327 3394 5402">
    <p class='ocr_par' dir='ltr' id='par_1_112' title="bbox 1817 5327 3394 5402">
     <span class='ocr_line' id='line_1_112' title="bbox 1817 5327 3394 5402; baseline -0.001 -16"><span class='ocrx_word' id='word_1_874' title='bbox 1817 5333 2228 5401; x_wconf 86' lang='lat' dir='ltr'><strong>consequentia,</strong></span> <span class='ocrx_word' id='word_1_875' title='bbox 2259 5347 2378 5402; x_wconf 68' lang='lat' dir='ltr'><strong>quae</strong></span> <span class='ocrx_word' id='word_1_876' title='bbox 2407 5332 2716 5387; x_wconf 89' lang='lat' dir='ltr'><strong>necessario</strong></span> <span class='ocrx_word' id='word_1_877' title='bbox 2742 5346 2771 5383; x_wconf 90' lang='lat' dir='ltr'><strong>a</strong></span> <span class='ocrx_word' id='word_1_878' title='bbox 2806 5331 2963 5384; x_wconf 88' lang='lat' dir='ltr'><strong>beato</strong></span> <span class='ocrx_word' id='word_1_879' title='bbox 2995 5327 3156 5385; x_wconf 80' lang='lat' dir='ltr'><strong>Paulo</strong></span> <span class='ocrx_word' id='word_1_880' title='bbox 3187 5327 3394 5398; x_wconf 78' lang='lat' dir='ltr'><strong>adjecta</strong></span> 
     </span>
    </p>
   </div>
   <div class='ocr_carea' id='block_1_113' title="bbox 1400 5506 2141 5566">
    <p class='ocr_par' dir='ltr' id='par_1_113' title="bbox 1400 5506 2141 5566">
     <span class='ocr_line' id='line_1_113' title="bbox 1400 5506 2141 5566; baseline -0.001 -1"><span class='ocrx_word' id='word_1_881' title='bbox 1400 5510 1558 5566; x_wconf 73' lang='lat' dir='ltr'><strong>ANT.</strong></span> <span class='ocrx_word' id='word_1_882' title='bbox 1601 5508 1870 5566; x_wconf 72' lang='lat' dir='ltr'><strong>AGELLU</strong></span> <span class='ocrx_word' id='word_1_883' title='bbox 1909 5506 2141 5564; x_wconf 67' lang='grc' dir='ltr'><strong>ΝΟΤᾹῦ.</strong></span> 
     </span>
    </p>
   </div>
   <div class='ocr_carea' id='block_1_114' title="bbox 194 5673 1308 5754">
    <p class='ocr_par' dir='ltr' id='par_1_114' title="bbox 194 5673 1308 5754">
     <span class='ocr_line' id='line_1_114' title="bbox 194 5673 1308 5754; baseline -0.012 -18"><span class='ocrx_word' id='word_1_884' title='bbox 194 5683 302 5751; x_wconf 62' lang='lat' dir='ltr'><strong>(li)</strong></span> <span class='ocrx_word' id='word_1_885' title='bbox 331 5680 643 5754; x_wconf 72' lang='lat' dir='ltr'><strong>Legendum</strong></span> <span class='ocrx_word' id='word_1_886' title='bbox 683 5677 916 5744; x_wconf 82' lang='lat' dir='ltr'><strong>videtur,</strong></span> <span class='ocrx_word' id='word_1_887' title='bbox 954 5675 1046 5729; x_wconf 78' lang='grc' dir='ltr'><strong>καὶ</strong></span> <span class='ocrx_word' id='word_1_888' title='bbox 1076 5673 1308 5737; x_wconf 75' lang='grc' dir='ltr'>κολάζει.</span> 
     </span>
    </p>
   </div>
  </div>
