3926 6126
428 246 532 302 105

1409 229 1468 283 S.
1509 224 1775 282 CYRlLLl
1815 213 2282 278 ALEXANDRINI
2322 213 2644 272 ARCHIEP.

3592 214 3695 270 ιοι

423 360 675 422 fuerant;
710 366 944 424 quonam
982 349 1034 404 id
1069 345 1292 402 consilio
1332 343 1519 398 fecerit
1543 384 1556 406 ,
1596 342 1777 395 nescio
1812 357 1827 393 :
1866 352 1998 407 ago,

2131 336 2341 402 ηογεῖται
2373 332 2481 403 γὰρ
2516 332 2666 384 πᾶσα
2695 330 2935 396 γλῶσσα,
2960 327 3039 382 ὅτι
3068 328 3273 399 Κύριος
3333 327 3539 398 Ἰησοῦς
3567 329 3703 399 Χρι-

423 449 743 518 adjiciamus
776 459 874 499 nos
907 442 1012 503 illa,
1047 455 1108 494 ac
1142 439 1382 494 dicamus
1415 453 1426 488 :
1467 453 1486 486 ι
1522 432 1827 488 Conﬁtetur
1855 430 1998 483 enim

421 543 599 597 omnis
637 540 837 606 lingua,
875 535 1000 604 quia
1040 533 1298 585 Dominus
1331 528 1487 584 JeSus
1518 527 1766 582 Christus
1801 524 1852 577 in
1889 521 2000 590 glu—

424 634 559 684 riam
605 628 696 681 Dei
737 626 934 682 Patris.
977 639 995 672 i
1039 619 1204 689 Igitur
1241 619 1285 671 si
1327 628 1519 670 natura
1562 613 1706 668 Deus
1747 627 1851 666 non
1894 618 1997 672 est,

425 725 518 778 scd
554 730 774 792 propter
806 715 1240 784 coniunctionem
1278 709 1700 764 liabitudinalem
1736 721 1840 775 qua
1870 708 2000 771 jun-

426 825 546 870 ctus
585 823 667 867 cst
711 825 830 864 cum
871 807 981 861 Deo
1015 805 1214 867 Verbo,
1255 801 1468 856 adorari
1516 801 1664 853 illum
1708 797 1840 851 dicit
1877 806 1932 850 et
1971 809 2000 848 a

427 908 608 972 nobis,
642 912 696 956 et
727 919 753 953 a
785 899 992 953 sanctis
1023 895 1262 965 angelis.
1289 909 1416 962 ergo
1445 891 1628 961 gloriae
1655 889 1848 943 modus
1878 887 2001 954 qui-

425 999 545 1050 dam
587 1007 614 1044 a
657 989 819 1042 Patre
863 987 1114 1039 inventus
1159 993 1240 1036 est
1285 983 1336 1035 iu
1385 996 1450 1034 eo
1491 980 1633 1048 quod
1666 976 1835 1032 simul
1879 988 2000 1029 cum

426 1087 543 1154 ipso
581 1081 831 1135 deiﬁcata
871 1087 955 1129 est
992 1085 1239 1128 creatura
1279 1091 1292 1126 :
1333 1073 1407 1125 ita
1451 1072 1650 1125 frustra
1695 1067 2003 1137 indignatus

424 1188 508 1229 est
538 1173 860 1242 quibusdam
896 1177 953 1218 ut
983 1165 1073 1233 qui
1109 1165 1209 1217 hoc
1244 1163 1497 1216 fecissent
1531 1179 1544 1214 :
1577 1159 1718 1228 quod
1748 1158 1791 1212 si
1822 1172 1882 1211 ea
1919 1170 2005 1209 res

428 1267 504 1320 illi
537 1265 719 1335 gloria:
751 1260 872 1321 fuit,
903 1256 1174 1325 quomodo
1203 1271 1306 1308 non
1335 1252 1679 1322 a'quum-l'uit
1707 1249 1924 1320 praemia
1951 1254 2006 1300 et

427 1357 614 1412 lamles
643 1359 696 1406 et
724 1350 950 1420 gloriam
987 1347 1093 1400 illis
1122 1345 1416 1414 rependere
1446 1342 1535 1411 qui
1568 1343 1618 1396 id
1653 1339 1828 1394 facere
1857 1338 2011 1393 iusti-

429 1445 698 1506 tuissent?
731 1442 838 1497 Sed
876 1439 1064 1492 dicent
1094 1436 1330 1490 fortasse
1361 1453 1376 1489 :
1408 1431 1686 1500 Quomodo
1716 1429 1863 1484 Patri
1895 1430 2007 1498 glo-

433 1542 527 1594 riae.
568 1539 670 1594 erit
710 1545 772 1590 ut
810 1531 1148 1588 Emmanueli
1190 1543 1349 1584 omne
1381 1542 1520 1597 genu
1553 1523 1838 1580 ﬂectatur?
1871 1521 2008 1587 Quia

433 1631 669 1687 Verbqu
703 1643 824 1683 cum
857 1627 928 1682 sit
960 1625 1099 1678 Deus
1133 1637 1227 1692 per
1252 1629 1525 1684 naturam,
1555 1629 1613 1673 et-
1641 1633 1706 1670 ex
1736 1617 1872 1684 ipso,
1910 1617 2009 1667 hoc

2105 423 2249 485 στὸς,
2281 423 2360 484 είς
2401 421 2559 484 δόξαν
2596 418 2730 471 Θεοῦ
2772 417 3005 488 Πατρός.
3045 439 3062 470 ι
3105 417 3314 470 Οὐκοῦν
3341 420 3388 470 εί
3435 417 3508 488 μὴ
3537 419 3702 485 φύσει

2103 513 2234 575 Θεός
2279 515 2413 576 ἐστι,
2467 512 2552 565 διὰ
2596 510 2892 578 συνάφειαν
2921 509 2978 561 δὲ
3023 509 3302 580 σχετικὴν,
3341 508 3443 577 τὴν
3473 507 3610 578 πρός
3635 523 3702 576 γε

2106 606 2248 675 φημὶ
2277 605 2365 657 τὸν
2393 605 2456 656 ἐκ
2495 602 2628 655 Θεοῦ
2659 601 2852 668 Λόγον,
2887 601 3308 671 προσκυνεῖσθαι
3337 617 3501 670 φησιν
3539 600 3704 652 αὑτὸν

2106 700 2240 767 πρός
2267 701 2326 749 τε
2360 695 2517 766 ἡμῶν
2558 693 2758 758 αὐτῶν,
2788 695 2882 746 καὶ
2923 693 3032 746 τῶν
3073 693 3246 762 ἁγίων
3292 692 3573 760 ἀγγέ).ων’
3607 694 3702 744 εῦ-

2109 789 2291 852 κλείας
2322 806 2408 851 τις
2439 786 2546 857 ἄρα
2588 786 2791 855 τρόπος
2826 785 3116 856 ἐξεύρηται
3147 784 3226 853 τῷ
3253 783 3447 855 Πατρὶ,
3470 783 3550 853 τῷ
3581 783 3702 834 θεο-

2109 879 2380 934 ποιεῖσθαι
2409 878 2505 931 σὺν
2527 876 2676 946 αὐτῷ
2698 877 2796 948 τὴν
2841 877 3047 930 κτίσινο
3075 878 3166 928 καὶ
3191 876 3491 944 λελύπηται
3523 875 3705 945 μάτην

2110 967 2202 1018 ἐπί
2224 983 2383 1030 τισιν,
2418 965 2493 1029 ὡς
2525 964 2683 1019 τοῦτο
2711 965 3036 1035 πεποιηκόσι
3055 982 3068 996 ·
3093 965 3188 1019 καὶ
3218 967 3268 1018 εί
3291 965 3424 1035 πρὸς
3454 965 3705 1028 εὐκλείας

2108 1055 2174 1128 ἦν
2231 1057 2293 1110 τὸ
2337 1056 2526 1126 χρῆμα
2589 1056 2774 1126 αὐτῷ,
2824 1055 2943 1118 πῶς
3003 1055 3102 1107 οὐκ
3158 1054 3264 1108 ἔδει
3324 1055 3418 1108 καὶ
3467 1054 3706 1124 ἁμοισῆς

2108 1148 2312 1214 ἀξιοῦν,
2351 1147 2571 1200 ἐπαίνου
2617 1165 2676 1200 τε
2711 1148 2816 1201 καὶ.
2841 1146 3019 1218 δόξης,
3059 1147 3186 1210 τοὺς
3213 1145 3370 1198 τοῦτο
3401 1145 3533 1216 δρᾷν
3565 1144 3704 1215 ᾑρη-

2112 1238 2339 1309 μένους;
2395 1237 2532 1288 Ἀλλ’
2585 1237 2715 1299 ἴσως
2757 1237 2936 1289 ἐκεῖνο
2987 1239 3140 1306 φαῖεν
3188 1236 3284 1298 ἂν,
3340 1234 3473 1288 Τίνα
3502 1235 3704 1302 τρόπον

2110 1330 2247 1402 πρὸς
2277 1328 2526 1392 εὐκλείας
2560 1328 2715 1382 ἔσται
2759 1328 2837 1399 τῷ
2867 1329 3043 1399 Πατρὶ
3095 1329 3155 1381 τὸ
3185 1327 3401 1398 κάμψαι
3433 1329 3542 1380 πᾶν
3573 1325 3705 1394 γόνυ

2108 1422 2200 1474 τὸν
2233 1420 2342 1490 [ἵσ.
2378 1420 2480 1491 τῷ]
2541 1419 2925 1491 Ἐμμανουήλ;
2961 1421 3081 1474 Ὅτι
3114 1419 3246 1482 Θεὸς
3273 1418 3347 1472 ὢν
3381 1417 3563 1488 φύσει,
3610 1418 3707 1470 καὶ

2109 1509 2170 1575 ἐξ
2213 1510 2399 1573 αὐτοῦ,
2439 1510 2738 1574 τουτέστιν,
2789 1511 2854 1562 ἐκ
2902 1511 3000 1580 τῆς
3049 1511 3239 1573 ούσίας
3277 1509 3465 1576 αὑτοῦ,
3513 1509 3709 1578 γέγονε

2113 1603 2250 1674 σὰρξ
2300 1606 2328 1657 6
2369 1602 2575 1672 Λόγος·
2622 1606 3004 1672 προσκυνεῖται
3053 1602 3130 1667 δὲ,
3181 1602 3454 1672 ὡςἐφην,
3501 1603 3576 1665 ὡς
3624 1597 3709 1664 εἷς

434 1733 539 1786 est,
568 1737 629 1775 ex
666 1718 782 1786 eius
813 1715 1140 1775 substantia,
1173 1727 1299 1766 caro
1331 1710 1531 1765 factum
1565 1718 1648 1764 est
1678 1726 1691 1762 :
1724 1707 2007 1760 adoratur-

2131 1713 2170 1748 ;ε
2202 1695 2293 1748 καὶ
2327 1696 2484 1765 μόνος
2515 1695 2609 1746 καὶ
2641 1693 2854 1764 ἀληθῶς
2897 1693 3043 1757 Υἱὸς,
3080 1695 3217 1764 μετὰ
3243 1695 3345 1763 τῆς
3379 1694 3514 1757 ἰδίας
3543 1694 3710 1746 αὐτοῦ

431 1828 565 1884 gue,
591 1820 648 1864 ut
675 1809 809 1872 dixi,
839 1817 898 1861 ut
927 1821 1066 1859 unus
1089 1811 1143 1858 et
1167 1803 1315 1857 solus
1342 1811 1396 1856 et
1419 1815 1542 1856 vere
1570 1798 1738 1853 Filius
1765 1813 1886 1851 cum
1915 1811 2008 1850 sua

437 1904 610 1972 ipsius
639 1916 801 1954 carne
835 1918 850 1953 :
882 1895 1221 1968 gloriﬁcatur
1251 1903 1431 1948 autem
1466 1891 1628 1944 Pater
1655 1899 1712 1944 ut
1749 1889 1889 1944 Deus
1921 1887 2012 1956 qui

439 1990 634 2044 habeat
669 2003 854 2041 verum
898 1983 1092 2039 Filium
1132 1997 1196 2036 ex
1237 1996 1332 2036 sua
1372 1979 1673 2036 substantia
1719 1978 1957 2046 genitum
1996 1991 2010 2028 :

438 2095 599 2151 quem
628 2079 794 2134 etiam
812 2091 1042 2150 carnem
1072 2074 1272 2129 factum
1305 2087 1402 2143 pro
1430 2073 1587 2127 nobis
1615 2071 1782 2136 dedit,
1812 2078 1869 2123 ut
1895 2083 2017 2138 pas-

439 2188 533 2227 sus
580 2186 744 2226 carne
791 2169 997 2224 salvum
1047 2166 1252 2222 faceret
1299 2166 1483 2221 orbem
1535 2175 1838 2229 terrarum;
1891 2181 1909 2213 ι
1959 2168 2019 2214 ιιι

439 2262 616 2318 omnis
649 2262 739 2331 qui
777 2259 948 2314 credit
983 2258 1034 2312 iu
1071 2259 1268 2327 ipsum,
1308 2273 1412 2311 non
1451 2264 1654 2324 pereat,
1691 2253 1787 2308 sed
1824 2253 2018 2306 habeat

442 2355 607 2407 vitam
635 2361 892 2406 mternam
914 2347 996 2413 ⁵⁶;
1032 2367 1048 2398 ι
1079 2358 1137 2400 ιιι
1163 2347 1338 2400 omnis
1367 2347 1457 2416 qui
1487 2345 1631 2399 videt
1657 2358 1778 2398 eum
1797 2381 1813 2406 ,
1842 2342 2021 2395 videat

444 2444 658 2501 Patrem
675 2445 717 2476 ⁵⁷
754 2461 769 2496 :
803 2456 963 2509 quam
996 2440 1159 2493 etiam
1194 2439 1367 2507 ipsam
1403 2452 1513 2490 rem
1550 2435 1704 2490 nobis
1739 2447 1860 2488 esse
1892 2446 2020 2486 vere

446 2535 663 2591 vitalem
695 2534 808 2602 ipse
838 2532 1006 2586 Filius
1033 2533 1300 2596 ostendit;
1332 2530 1468 2583 dixit
1497 2528 1639 2582 enim
1669 2543 1685 2582 :
1722 2544 1740 2577 ι
1785 2527 1911 2580 Hrec
1940 2531 2022 2579 cst

447 2631 556 2686 vita
587 2637 785 2683 aeterna
809 2664 824 2689 ,
858 2634 918 2679 ut
949 2633 1278 2692 cognoscant
1309 2631 1361 2676 te
1391 2621 1562 2676 solum
1600 2620 1764 2674 Deum
1797 2633 2020 2679 verum,

448 2729 506 2772 et
541 2731 698 2786 quem
741 2714 938 2768 misisti
981 2713 1164 2766 Jesum
1209 2712 1479 2767 Christum
1500 2712 1565 2765 ⁸⁸.
1607 2729 1623 2762 ι
1663 2711 1738 2762 Ac
1778 2710 1861 2763 via
1903 2709 2024 2777 qui-

451 2811 570 2864 dem
608 2815 774 2870 recta,
810 2814 863 2860 et
895 2806 960 2857 ad
993 2804 1326 2858 verissimam
1368 2803 1691 2857 sententiam
1728 2801 2026 2870 perducens

451 2902 566 2956 lucc
615 2909 726 2966 est,
769 2909 821 2953 et
868 2904 1066 2964 praeter
1107 2909 1226 2948 eam
1277 2895 1442 2949 nulla.
1493 2893 1592 2948 Hie
1636 2909 1764 2946 vero
1811 2905 2023 2946 sursum

2116 1787 2336 1858 σαρκόςο
2399 1785 2680 1850 δοξάζεταί
2723 1803 2783 1854 γε
2828 1785 2933 1855 μὴν
2979 1787 3006 1839 6
3043 1786 3233 1855 Πατὴρ
3275 1785 3352 1848 ὡς
3383 1785 3540 1848 Θεὸς,
3571 1785 3714 1855 ἔχων

2114 1878 2361 1949 ἀληθινὸν
2386 1878 2477 1932 τὸν
2515 1880 2579 1932 ὲκ
2619 1879 2717 1950 τῆς
2745 1877 2929 1940 οὐσίας
2959 1876 3124 1930 αὑτοῦ
3166 1877 3499 1947 γεννηθέντα
3532 1877 3664 1930 Υίόν
3693 1892 3708 1906 ·

2114 1973 2172 2025 ὃν
2213 1971 2307 2024 καὶ
2364 1971 2547 2040 σάρκα
2598 1968 2860 2039 γεγονότα
2914 1968 3144 2022 δέδωκεν
3197 1968 3337 2037 ὑπὲρ
3387 1967 3565 2036 ἡμῶν,
3625 1968 3715 2020 ἵνα

2119 2064 2282 2133 σαρκὶ
2347 2059 2574 2125 παθὼν,
2651 2055 2891 2128 διασώσῃ
2938 2057 3036 2128 τὴν
3084 2058 3175 2110 ὑπ’
3230 2057 3491 2128 οὐρανόν·
3547 2075 3568 2108 σ
3629 2057 3720 2112 ἵνα

2119 2158 2234 2218 πᾶς
2258 2155 2286 2206 6
2316 2153 2589 2206 πιστεύων
2627 2155 2708 2213 εἰς
2737 2151 2922 2214 αὐτὸν,
2954 2151 3015 2203 οὐ
3049 2150 3124 2222 μὴ
3146 2150 3435 2222 ἀπόληταιν
3469 2151 3581 2204 ἀλλ’
3615 2152 3721 2223 ἔχῃ

2120 2247 2263 2316 ζωὴν
2307 2245 2548 2309 αἰώνιον,
2608 2263 2626 2296 ι
2681 2245 2766 2296 ἵνα
2812 2244 2919 2306 πᾶς
2964 2245 2992 2295 6
3036 2241 3258 2313 θεωρῶν
3288 2241 3466 2303 αὑτὸν,
3523 2242 3711 2312 θεωρῇ

2120 2338 2209 2390 τὸν
2243 2337 2482 2407 Πατέρα.
2531 2333 2799 2388 Ζωοποιὸν
2833 2333 2888 2386 δὲ
2932 2333 2992 2386 τὸ
3037 2335 3224 2405 χρῆμα
3259 2334 3354 2387 καὶ
3395 2331 3552 2385 τοῦτο
3582 2333 3722 2402 ἡμῖν

2121 2429 2369 2498 ὑπάρχον
2397 2426 2632 2496 ἀληθῶς,
2667 2426 2830 2488 αὐτὸς
2857 2425 3160 2495 ὲκδέδειχεν
3189 2427 3216 2478 6
3242 2424 3368 2488 Υἱός
3387 2439 3400 2452 ·
3426 2423 3530 2494 ἔφη
3561 2424 3672 2494 γάρ
3701 2441 3720 2456 ο

2129 2541 2147 2572 ‹
2175 2519 2321 2592 Λῦτη
2348 2520 2405 2572 δέ
2434 2522 2581 2572 ἐστιν
2611 2521 2644 2589 ἡ
2673 2517 2888 2581 αἰώνιος
2918 2515 3051 2589 ζωὴ,
3086 2517 3171 2570 ἵνα
3208 2517 3518 2585 γινώσκωσί
3543 2533 3600 2569 σε
3627 2517 3722 2569 τὸν

2130 2615 2290 2685 μόνον
2317 2611 2572 2682 ἀληθινὸν
2594 2610 2744 2672 Θεὸν,
2773 2609 2866 2663 καὶ⁵
2897 2608 2955 2662 ὂν
2981 2609 3306 2671 ἀπέστειλας
3355 2607 3558 2678 Ἰησοῦν
3582 2608 3721 2678 Χρι-

2127 2707 2272 2760 στόν.
2325 2723 2342 2755 ι
2390 2705 2500 2756 Καὶ
2537 2706 2583 2757 εἰ
2617 2703 2718 2772 μὲν
2745 2702 2856 2774 (15)
2892 2703 2971 2766 είς
3010 2701 3140 2754 εὐθὺ
3172 2702 3266 2754 καὶ
3302 2700 3719 2769 ἀπλανεστὰτην

2127 2799 2235 2851 τῶν
2277 2795 2496 2849 ἐννοιῶν
2540 2796 2678 2862 αῦτη
2726 2812 2783 2848 τε
2827 2795 2920 2848 καὶ
2957 2795 3054 2864 οὐχ
3100 2795 3263 2864 ἑτέρα
3305 2794 3511 2864 τρίϐος.
3570 2795 3628 2847 ’0
3661 2793 3721 2845 δὲ

2129 2892 2241 2944 ἄνω
2285 2909 2343 2944 τε
2389 2890 2486 2944 xui.
2531 2888 2684 2942 κάτω
2732 2889 2800 2941 τὰ
2850 2888 3026 2939 πάντα
3075 2885 3281 2948 κυκῶν,
3315 2885 3436 2958 [Διὰ
3488 2887 3577 2938 τὸν
3625 2903 3726 2955 (ρο-

450 2991 706 3047 dcorsum
746 2991 926 3044 omnia
965 2989 1360 3048 commiscens,
1401 2983 1650 3055 [Propter
1687 2992 1985 3054 gestantem
2009 3024 2022 3044 ,

2135 2984 2349 3054 ροῦντα,
2400 2981 2681 3052 φησ“ι,τὸν
2729 2978 3062 3050 φορούμενον
3112 2977 3287 3031 σέ6ω⁶
3335 2978 3424 3032 διὰ
3484 2977 3575 3030 τὸν
3631 2994 3722 3030 κε-

454 3087 647 3152 inquit,
665 3093 927 3154 gestatum
947 3096 1196 3142 veneror,
1218 3089 1436 3147 propter
1454 3078 1706 3130 latentem
1725 3077 1892 3130 adoro
1909 3089 2028 3143 spe-

455 3173 754 3245 ctaliilein.]
782 3172 987 3239 Cerne,
1014 3186 1217 3240 quaaso,
1246 3185 1457 3223 rursum
1484 3169 1680 3237 ubique
1707 3168 1854 3221 illum
1881 3167 2035 3221 unio-

459 3283 582 3321 nem
623 3265 838 3333 l'ugcre,
874 3273 929 3317 et
963 3264 1243 3316 veritatem
1283 3260 1603 3322 formidare,
1642 3267 1696 3312 et
1732 3259 2034 3313 divinorum

460 3355 566 3427 57
591 3356 900 3421 dogmatum
937 3365 1142 3406 rectum
1193 3352 1294 3404 iter
1337 3349 1529 3402 vitare.
1576 3345 1692 3400 Non
1750 3347 1886 3399 alius
1919 3353 2039 3398 erat

461 3455 680 3516 gestans
703 3456 732 3497 a
759 3452 986 3510 gestato,
1007 3443 1098 3494 sed
1129 3441 1304 3509 potius
1332 3439 1492 3502 idem,
1526 3447 1714 3505 utpote
1734 3435 1783 3488 in
1809 3435 2039 3488 coitione

464 3537 678 3590 deitatis
723 3543 777 3586 et
818 3533 1170 3586 humanitatis
1222 3530 1591 3585 consideratus
1636 3546 1648 3582 :
1688 3543 1824 3582 unus
1877 3529 2037 3580 etiam

467 3642 529 3682 ac
555 3627 700 3681 solus
735 3641 862 3679 vere
907 3624 998 3678 Dei
1038 3633 1093 3678 et
1142 3623 1316 3676 Patris
1345 3620 1530 3675 Filius.
1590 3620 1730 3691 Ergo
1767 3628 1825 3673 ut
1877 3635 2038 3672 unum

468 3719 632 3776 adora
659 3733 782 3773 cum
817 3733 910 3772 sua
942 3731 1104 3770 carne
1139 3715 1310 3784 ipsum
1342 3729 1406 3768 ex
1442 3713 1550 3767 Deo
1597 3711 1827 3766 Verbum
1864 3728 1878 3766 :
1912 3710 2044 3763 alio-

468 3813 560 3882 qui
593 3810 801 3880 explica
831 3809 981 3873 milii,
1014 3808 1116 3862 nisi
1152 3808 1241 3860 tibi
1272 3815 1413 3860 recta
1443 3819 1632 3875 sapere
1667 3805 1869 3866 videor,
1897 3811 2041 3857 luant

472 3905 524 3958 in
560 3903 642 3958 bis
667 3901 914 3970 loquendi
940 3900 1288 3955 subtilitatem
1323 3909 1379 3952 ut
1405 3897 1726 3952 imbecillam
1758 3894 2040 3964 repellens.

471 3994 608 4049 Num
646 3993 787 4047 enim
835 3992 880 4045 si
941 3991 1064 4061 quis
1118 3994 1181 4044 de
1215 4003 1538 4060 quocunque
1594 3995 1836 4040 nostrum
1882 3985 2044 4040 simili

475 4085 720 4141 homine.
757 4082 837 4136 vel
883 4082 949 4136 de
991 4098 1096 4136 uno
1127 4082 1378 4150 quopiam
1434 4088 1648 4134 terreno
1694 4092 1817 4145 rege
1867 4077 2048 4131 dicere

473 4175 704 4230 voluerit
747 4193 761 4227 :
815 4173 1038 4241 Propter
1087 4172 1318 4226 animam
1377 4170 1516 4238 regis
1571 4183 1798 4223 veneror
1853 4180 2048 4235 corpus

475 4265 624 4335 ejus,
661 4274 878 4332 propter
906 4263 1160 4315 latentem
1210 4263 1380 4314 adoro
1414 4260 1555 4326 quod
1588 4270 1670 4312 est
1701 4257 1998 4321 spectabile
2032 4272 2046 4318 ;

2136 3075 2474 3146 κρυμμένον,
2518 3071 2809 3142 προσκυνῶ
2852 3071 2942 3123 τὸν
2992 3068 3364 3141 φαινόμενον]
3415 3069 3609 3138 ’Λθρει
3657 3060 3723 3129 δή

2141 3185 2228 3237 μοι
2279 3165 2440 3217 πάλιν
2511 3163 2782 3234 φεύγοντα
2829 3162 3106 3233 πανταχοῦ
3172 3162 3270 3231 τὴν
3334 3161 3564 3223 ἕνωσιν,
3631 3161 3726 3213 καὶ

2137 3255 2348 3312 δεδιότα
2403 3255 2464 3308 τὸ
2515 3254 2737 3324 ἀληθὲς,
2784 3255 2878 3306 καὶ
2934 3254 3042 3306 τῶν
3095 3253 3255 3306 θείων
3293 3252 3579 3321 δογμάτων
3625 3250 3726 3320 τὴν

2139 3354 2407 3425 ὀρθότητα
2462 3346 2916 3418 παραιτούμενον.
2981 3348 3092 3416 Οὐχ
3123 3346 3308 3416 ἕτερος
3335 3340 3403 3415 ἧν
3463 3346 3492 3396 6
3544 3340 3729 3412 φορῶν

2142 3447 2291 3518 παρὰ
2330 3445 2422 3498 τὸν
2465 3441 2826 3513 φορούμενον’
2887 3443 2914 3494 6
2958 3441 3119 3502 αὐτὸς
3179 3440 3234 3491 δὲ
3277 3439 3498 3510 μᾶλλον,
3561 3439 3635 3500 ὡς
3672 3439 3731 3492 ὲν

2146 3541 2346 3610 συνόδῳ
2424 3536 2716 3605 νοούμενος
2745 3576 2758 3596 ,
2815 3533 3067 3604 θεόττοτὸς
3114 3550 3174 3584 τε
3237 3533 3329 3584 καὶ
3375 3530 3733 3601 ἁνθρωπότη-

2142 3647 2252 3694 τός’
2303 3625 2384 3691 εἷς
2417 3645 2475 3682 τε
2533 3629 2625 3680 καὶ
2675 3626 2834 3696 μόνος
2883 3625 3097 3696 ἀληθῶς
3150 3625 3275 3686 Υἱὸς
3321 3622 3414 3675 τοῦ
3445 3621 3581 3675 Θεοῦ
3635 3623 3733 3675 καὶ

2145 3718 2378 3788 Πατρός.
2415 3716 2623 3770 Οὐκοῦν
2660 3715 2734 3777 ὡς
2781 3716 2877 3766 ’ένα
2929 3711 3223 3785 προσκύνει
3278 3712 3417 3782 μετὰ
3449 3712 3547 3778 τῆς
3594 3711 3732 3770 ἰδίας

2146 3809 2312 3865 αὑτοῦ
2352 3807 2552 3879 σαρκὸς
2581 3807 2671 3859 τὸν
2717 3807 2781 3858 ἐκ
2808 3804 2942 3858 Θεοῦ
2990 3804 3184 3873 Λόγον.
3230 3804 3381 3856 Ἐπεὶ
3417 3801 3645 3871 φράσον,
3683 3804 3733 3853 εί

2151 3905 2225 3974 μή
2266 3920 2347 3955 σοι
2377 3901 2517 3954 δοκῶ
2547 3899 2614 3951 τὰ
2657 3898 2841 3950 εἰκότα
2874 3900 3109 3968 φρονεῖν,
3148 3896 3246 3967 τὴν
3281 3896 3377 3966 σὴν
3425 3897 3482 3947 ὲν
3520 3895 3735 3957 τούτοις

2152 3989 2503 4062 ίσχνομυθίαν
2535 3988 2608 4050 ὠς
2645 3986 2846 4057 ἀδρανῆ
2889 3984 3334 4054 παρωθούμενος.
3371 3979 3523 4052 τΛρα
3546 3981 3654 4051 γὰρ
3689 3983 3736 4032 εἰ

2148 4078 2209 4146 δή
2231 4094 2313 4140 τις
2339 4077 2511 4128 ἕλοιτο
2535 4075 2712 4143 λέγειν
2745 4073 2874 4141 περὶ
2903 4073 3122 4125 ὁτουοῦν
3158 4070 3266 4124 τῶν
3296 4072 3417 4124 καθ’
3451 4073 3603 4140 ἡμᾶς
3639 4074 3738 4124 ἀν-

2152 4167 2406 4239 θρώπων,
2436 4168 2600 4236 ἤγουν
2633 4167 2716 4234 ἐφ’
2752 4165 2870 4228 ἐνὸς
2900 4165 3005 4216 τῶν
3037 4165 3130 4216 ἐπὶ
3155 4163 3258 4234 γῆς
3300 4161 3598 4232 βασιλέων·
3636 4161 3739 4213 Διὰ

2151 4261 2249 4330 τὴν
2279 4260 2372 4312 τοῦ
2418 4258 2683 4328 βασιλέως
2726 4257 2902 4326 ψυχὴν
2938 4255 3078 4307 σέϐω
3122 4255 3182 4306 τὸ
3236 4255 3390 4322 σῶμα
3429 4253 3621 4316 αὑτοῦ,
3650 4252 3742 4305 διὰ

475 4374 584 4412 ιιοιι
620 4358 762 4410 illico
789 4355 966 4424 quivis
1005 4353 1254 4421 obiurget
1307 4366 1370 4405 ac
1412 4352 1554 4404 dicat
1585 4366 1598 4401 :
1637 4349 1776 4416 Quid
1809 4357 1863 4402 tu
1901 4348 2027 4402 lacis

2131 4378 2133 4393 ι
2159 4351 2249 4403 τὸν
2277 4350 2680 4420 κεκρυμμένον,
2719 4347 3008 4418 προσκυνῶ
3047 4348 3137 4399 τὸν
3176 4346 3519 4415 φαινόμενον,
3549 4346 3650 4398 ούκ
3675 4347 3742 4398 ἄν

476 4463 510 4501 υ
547 4447 684 4501 bone
717 4443 842 4498 vir?
869 4457 1006 4495 unus
1039 4442 1258 4495 omnino
1284 4440 1442 4494 homo
1467 4439 1662 4506 estqui
1712 4453 1889 4490 rerum
1921 4437 2053 4505 poti—

481 4549 598 4604 tur,
650 4537 898 4607 quumvis
939 4549 970 4588 e
1019 4533 1224 4587 duobus
1278 4531 1521 4584 videatur
1574 4529 1934 4596 compositus,
1987 4543 2053 4580 ex

481 4633 682 4694 anima,
715 4629 956 4695 inquam,
991 4633 1046 4680 et
1074 4639 1321 4693 corpore.
1345 4623 1452 4677 Cur
1482 4622 1644 4691 igitur
1671 4618 1824 4674 nobis
1855 4616 2056 4671 frustra

484 4720 737 4788 nugaris,
774 4734 895 4773 cum
938 4727 1234 4787 gestantem
1287 4726 1341 4771 et
1389 4726 1654 4786 gestatum
1678 4753 1692 4778 ,
1725 4714 1975 4766 latentem
2004 4717 2059 4763 et

485 4809 830 4882 spectabilem
867 4808 1100 4877 appellas
1129 4847 1144 4870 .
1179 4817 1232 4862 et
1275 4816 1528 4876 tauquam
1586 4804 1748 4858 alium
1795 4818 1916 4857 cum
1951 4801 2057 4855 alio

487 4898 646 4954 simul
702 4897 930 4952 adorare
970 4896 1275 4966 proﬁteris,
1306 4905 1360 4950 et
1409 4896 1625 4949 modum
1679 4892 1893 4946 uniouis
1924 4906 2056 4946 con-

492 4989 726 5046 temnis?
756 5005 879 5042 cum
929 4988 1185 5043 divinitus
1240 4987 1510 5056 inspirata:
1554 4983 1772 5039 Littera:
1831 4983 1960 5037 illud
1994 4997 2060 5036 ex

491 5083 600 5137 Deo
633 5081 788 5134 Patre
841 5079 1070 5134 Verbum
1105 5093 1226 5132 cum
1279 5093 1377 5131 suo
1422 5091 1646 5145 corpore
1699 5091 1862 5128 unum
1912 5075 2066 5128 nobis

491 5176 764 5231 Christum
799 5184 855 5230 et
884 5173 1165 5229 Dominum
1207 5184 1329 5226 esse
1350 5167 1745 5238 pronuntient?
1772 5167 1854 5220 An
1902 5166 2058 5237 igno-

559 5334 604 5366 ⁸⁸
637 5330 790 5387 Joan.
820 5345 898 5395 Ill,
942 5329 1024 5384 l6.
1100 5329 1146 5361 ⁸⁷
1173 5326 1327 5382 Joau.
1360 5341 1468 5391 κεν,
1496 5326 1548 5381 9.

1626 5323 1672 5355 “
1699 5319 1855 5376 Joan.
1889 5336 2024 5389 xvu,
2053 5321 2108 5376 3.

2157 4462 2242 4508 τις
2273 4443 2432 4505 εὐθὺς
2465 4442 2785 4512 ἐπισκήψειε
2810 4460 2823 4472 '
2853 4442 2917 4494 Τί
2947 4443 3099 4511 δρᾷς,
3128 4435 3172 4494 ὦ
3208 4434 3398 4503 οῦτος;
3430 4439 3631 4507 λέγων·
3660 4434 3743 4501 εἷς

2161 4553 2263 4587 που
2295 4535 2510 4596 πάντως
2535 4533 2821 4603 ἄνθρωπός
2859 4534 3006 4585 ἐστιν
3035 4534 3062 4584 6
3096 4531 3332 4603 κρατῶν,
3369 4529 3472 4582 κᾶν
3498 4533 3560 4582 ἐκ
3595 4531 3740 4583 δυοῖν

2164 4625 2335 4696 ὁρῷτο
2366 4625 2743 4694 συγκείμενος,
2767 4624 2946 4695 ψυχῆς
2977 4623 3040 4694 δὴ
3087 4623 3228 4690 λέγω
3258 4621 3352 4674 καὶ
3380 4620 3648 4691 σώματος.
3677 4621 3745 4672 Τί

2163 4718 2342 4770 τοίνυν
2375 4718 2507 4784 ἡμῖν
2544 4716 2664 4784 είκῆ
2700 4714 3067 4784 βατταρίζεις,
3113 4712 3381 4783 φοροῦντα
3411 4712 3505 4766 καὶ
3542 4711 3744 4782 φορού-

2170 4825 2350 4877 μενον,
2382 4807 2765 4877 κεκρυμμένον
2803 4807 2896 4859 καὶ
2938 4806 3264 4876 φαινόμενον
3298 4803 3601 4874 ὀνομάζων,
3648 4802 3748 4855 καὶ

2134 4910 2138 4914 ‘
2165 4899 2240 4961 ὡς
2273 4898 2457 4968 ἕτερον
2488 4899 2658 4968 ἑτέρῳ
2703 4899 3144 4967 συμπροσκυνεῖν
3186 4894 3485 4965 ὁμολογῶν,
3530 4895 3623 4946 καὶ
3653 4894 3745 4945 τὸν

2167 4990 2268 5059 τῆς
2321 4988 2564 5052 ὲνώσεως
2615 4988 2898 5058 ἀτιμάζων
2954 4989 3189 5060 τρόπον;
3247 4986 3344 5038 ἕνα
3380 4985 3618 5056 Χριστόν
3657 4985 3754 5037 καὶ

2172 5079 2374 5150 Κύριον
2405 5079 2813 5148 ἁποφαινούσης
2838 5079 2967 5148 ἡμῖν
2995 5079 3093 5148 τῆς
3115 5075 3474 5128 Θεοπνεύστου
3501 5074 3752 5145 Γραξξῆςν

2168 5168 2258 5220 τὸν
2293 5168 2356 5221 ἐκ
2385 5167 2520 5220 Θεοῦ
2551 5165 2766 5235 Πατρὸς
2793 5165 2965 5234 Λόγον
3003 5165 3142 5236 μετὰ
3170 5161 3265 5215 τοῦ
3297 5163 3429 5215 ἰδίου
3460 5164 3754 5232 σώματο;;

1773 5478 1934 5536 ANT.
1972 5473 2242 5531 AGELLII
2283 5471 2488 5528 NOTAE
2501 5511 2514 5525 .

575 5654 691 5727 (l5)
722 5648 1024 5722 chcnduni
1056 5650 1150 5702 καὶ
1191 5649 1222 5717 ἡ
1258 5646 1378 5717 μέν.
1416 5643 1504 5701 Sic
1539 5641 1671 5699 dixit
1713 5655 1832 5710 pag.
1872 5638 1960 5707 48,
1989 5656 2027 5692 ιι.

2131 5635 2145 5703 '3
2179 5631 2276 5702 μὲν
2303 5628 2410 5683 τῶν
2444 5627 2728 5699 δογμάτων
2757 5623 2893 5697 ὀρθή
2930 5639 3011 5678 τι.
