3926 6126
230 282 322 338 105
429 304 434 309 ·

1312 274 1679 330 ADVERSUS
1718 272 2116 329 NESTORIUM
2157 273 2286 327 LlB.
2332 272 2393 325 ll.

3352 266 3453 322 106

231 396 292 448 'll
319 395 422 448 οὐκ
451 388 609 449 οἶσθα
634 397 714 449 δτι
759 394 1125 465 τεθεράπευκε
1167 393 1264 462 μὲν
1304 395 1362 445 ὲν
1395 392 1782 464 Ἱεροσολύμοις

1912 408 1978 447 'as
2010 402 2066 445 ut
2100 392 2172 445 illi
2210 408 2239 444 a
2271 391 2551 445 nativitate
2596 403 2736 443 caeco
2770 387 3151 457 Hierosolymis
3192 402 3221 439 a
3268 399 3325 438 se
3357 399 3454 436 cu-

228 486 312 540 τὸν
348 488 413 540 ὲκ
457 488 679 558 γενετῆς
722 485 940 556 τυφλὸν,
972 480 1091 538 εἶτα
1134 484 1322 538 τοῦτον
1374 483 1548 554 εὑρὼν
1608 485 1666 535 ὲν
1708 480 1787 551 τῷ

229 577 378 648 ἱερῷ,
414 577 636 647 βεσαίαν
672 576 820 647 αὐτῷ
860 576 954 630 καὶ
998 576 1287 646 ἱδρυμένην
1313 573 1531 643 ὲνετίθη
1554 574 1653 642 τὴν
1694 573 1788 625 πί-

1892 494 2045 545 rato,
2098 497 2217 535 cum
2278 491 2459 550 postea
2525 481 2696 547 ipsum
2764 479 3055 533 invenisset
3115 477 3164 530 iu
3217 475 3454 540 templo,

1891 571 2098 623 lirmam
2124 580 2177 623 et
2211 570 2456 624 stabilem
2508 570 2759 623 iudiderit
2805 570 2961 622 iidem
2990 567 3015 620 ἲ
3046 582 3167 619 nam
3194 566 3456 618 accedens

231 685 378 733 στιν;
416 669 577 739 ἤρετο
613 667 721 736 γάρ
751 665 1086 738 προσελθὼν,
1124 685 1142 716 ι
1171 666 1242 718 Σὺ
1278 665 1553 727 πιστεύεις
1580 665 1659 725 είς
1697 663 1789 716 τὸν

1912 661 2096 729 'ogavit
2130 678 2144 713 :
2177 679 2195 710 ί
2225 659 2303 712 Tu
2338 661 2512 715 credis
2537 661 2588 714 in
2622 660 2813 714 Filium
2840 659 2930 712 Dei
2953 658 3054 712 ?ad
3085 659 3195 711 lta'c
3222 656 3315 709 illo
3340 655 3456 708 cla-

238 758 353 810 Υίὸν
385 759 478 812 τοῦ
501 758 637 811 Θεοῦ
663 774 678 823 ;
719 759 815 810 καὶ
839 758 976 827 πρός
994 772 1055 825 γε
1088 756 1245 809 ταυτὶ
1284 754 1616 827 κεκραγότος
1649 756 1792 806 ὲκεί-

230 867 313 902 νου
336 867 350 881 ·
383 850 479 913 Τίς
498 851 637 913 ἐστι,
660 847 852 918 Κύριε,
883 848 972 899 ἵνα
999 844 1276 898 πιστεύσω
1308 845 1388 907 είς
1422 843 1617 909 αὐτόνς
1647 861 1664 894 ι
1686 841 1789 911 ἔφη

236 940 387 993 πάλιν
419 939 615 1003 αὐτός’
663 957 680 989 ι
721 940 831 991 Καὶ
880 936 1132 1007 ἑώρακας
1186 935 1368 998 αὑτὸν,
1402 934 1498 988 καὶ
1541 935 1572 985 6
1617 930 1792 985 λαλῶν

233 1030 362 1098 μετά
394 1027 510 1091 σοῦ,
545 1028 753 1087 ἐκεῖνός
788 1029 960 1080 ἐστιν.
989 1044 1007 1076 ι
1045 1024 1208 1095 Ὁρᾷς
1253 1024 1422 1085 ὅπως,
1462 1022 1522 1074 οὐ
1564 1020 1655 1073 τὸν
1698 1037 1794 1089 φο-

235 1118 422 1187 ροῦντα
460 1117 719 1186 δέδειχεν,
748 1117 809 1168 οὐ
845 1116 938 1169 τὸν
976 1113 1086 1183 ἔσω
1132 1111 1534 1183 κεκρυμμένον,
1573 1109 1689 1164 ἀλλ’
1716 1108 1792 1173 ὡς

228 1210 319 1263 ἒνα
349 1208 545 1278 μᾶλλον
574 1207 764 1260 ἑαυτὸν
794 1206 933 1277 μετὰ
956 1206 1054 1276 τῆς
1087 1204 1285 1276 σαρκός
1309 1219 1322 1234 ·
1357 1203 1451 1256 καὶ
1488 1201 1619 1271 γοῦν
1650 1202 1679 1255 6
1706 1217 1794 1253 σο-

231 1300 322 1366 φὸς
352 1298 627 1368 Ἰωάννης,
646 1319 663 1349 ι
681 1300 747 1350 Ὃ
768 1293 836 1369 ἦν
865 1299 958 1350 ἀπ’
976 1297 1172 1370 ἀρχῆς,
1203 1295 1386 1365 φησιν,
1404 1294 1432 1347 6
1454 1292 1791 1363 ἀκηκόαμεν,

227 1391 254 1442 ὃ
283 1392 611 1461 ἑωράκαμεν
642 1392 756 1454 τοῖς
797 1389 1092 1459 ὀφθαλμοῖς
1146 1387 1323 1459 ἡμῶν,
1364 1387 1393 1440 6
1424 1384 1791 1456 ἐθεασάμεθα,

228 1481 320 1534 καὶ
348 1482 406 1533 αἱ
432 1483 613 1550 χεῖρες
642 1479 800 1549 ἡμῶν
830 1478 1186 1548 ἐψηλάφησαν
1220 1475 1464 1548 περὶτοῦ
1488 1475 1663 1542 Λόγου
1690 1473 1793 1542 τῆς

229 1572 394 1641 ζωῆς.
425 1590 444 1623 ›
484 1573 677 1625 Καίτοι
711 1572 770 1623 τὸ
802 1570 950 1623 Θεῖόν
982 1573 1129 1623 ἐστιν
1163 1568 1388 1638 ἀναφὲς,
1414 1566 1550 1621 ἀλλὰ
1569 1566 1793 1633 γέγονεν

228 1663 398 1727 ἁπτὸς
428 1664 456 1716 6
482 1662 673 1730 Λόγος,
706 1661 782 1724 ὡς
825 1662 914 1715 διά
958 1663 1057 1732 τῆς
1104 1661 1241 1722 ἰδίας
1287 1659 1518 1730 σαρκός·
1562 1659 1792 1728 ἀόρατος

1892 762 2070 806 mante
2106 752 2275 818 :Quis
2324 759 2427 817 est,
2465 752 2722 817 Domine,
2760 761 2817 806 ttt
2859 754 3073 805 credam
3126 751 3176 802 iu
3220 763 3340 802 eum
3372 747 3395 798 ?
3431 768 3448 797 ι

1891 843 2025 897 dixit
2058 844 2169 911 ipse
2204 859 2387 897 rursus
2421 862 2432 897 ε
2473 862 2491 895 ι
2527 844 2585 897 Et
2613 843 2789 898 vidisti
2822 858 2942 897 eum
2965 883 2979 905 ,
3016 852 3069 895 et
3103 841 3192 910 qni
3224 839 3458 907 loquitur

1894 940 2067 985 tecum
2096 932 2207 1000 ipse
2244 941 2326 986 est
2354 932 2423 986 ".
2473 950 2492 984 ι
2531 930 2692 986 Vides
2710 932 2977 1001 quomodo
3007 945 3110 984 non
3143 940 3457 1000 gestantem,

1893 1036 1997 1075 non
2051 1022 2195 1077 intus
2223 1022 2509 1088 latentem,
2538 1024 2632 1077 sed
2679 1037 2799 1076 sese
2850 1037 2968 1075 cum
3013 1036 3177 1075 carne
3205 1030 3456 1087 tanquam

1895 1128 2060 1167 unum
2094 1114 2442 1169 ostenderit?
2473 1113 2632 1170 Certe
2679 1116 2864 1169 beatus
2915 1112 3191 1168 Joannes:
3243 1133 3261 1165 ι
3305 1113 3457 1179 Quod

1897 1202 1996 1257 luit
2021 1204 2089 1259 ab
2119 1205 2291 1270 initio,
2326 1204 2520 1275 inquit,
2552 1205 2691 1275 quod
2716 1205 3034 1268 audivimus,
3065 1204 3207 1273 quod
3230 1205 3459 1257 vidimus

1893 1280 2063 1349 oculis
2095 1295 2294 1350 nostris
2317 1335 2333 1360 ,
2356 1299 2495 1365 quod
2522 1296 2893 1365 perspeximus
2912 1334 2926 1358 ,
2948 1303 3003 1350 et
3040 1310 3226 1349 manus
3263 1305 3457 1348 nostra:

1894 1397 2365 1440 contrectaverunt
2387 1388 2452 1440 de
2472 1387 2644 1442 Verbo
2666 1387 2786 1440 vitae
2803 1386 2868 1439 ‘°.
2901 1408 2919 1438 ι
2939 1387 3097 1454 Atqui
3116 1386 3364 1439 divinitas
3382 1397 3462 1438 est

1890 1470 2256 1531 intractabilis
2276 1520 2291 1542 ,
2316 1479 2408 1532 sed
2434 1476 2662 1531 Verbum
2684 1492 2793 1531 suae
2819 1478 2996 1532 carnis
3033 1477 3234 1529 ratione
3262 1486 3461 1531 tracta-

1897 1566 2000 1620 bile
2021 1565 2218 1621 factum
2243 1579 2357 1622 eSt:
2388 1568 2652 1623 invisibile
2673 1569 2885 1637 quidem
2909 1578 3022 1623 erat
3048 1569 3335 1622 secundum
3366 1584 3464 1621 na-

1898 1664 2110 1722 turam,
2140 1657 2233 1711 sed
2256 1658 2548 1727 spectabile
2573 1674 2667 1728 per
2699 1673 2911 1729 corpus.
2945 1659 3012 1711 At
3042 1673 3165 1713 vero
3192 1668 3243 1711 tu
3278 1667 3460 1710 centra

228 1755 376 1808 κατὰ
405 1727 585 1824 φύσιν,
620 1751 731 1806 ἀλλ’
757 1749 826 1824 ἦν
855 1727 1104 1823 ἐμφανὴς
1130 1752 1218 1806 διὰ
1243 1727 1512 1822 σώματος.
1541 1752 1613 1804 Σὺ
1633 1727 1696 1804 δὲ
1730 1750 1795 1820 δὴ

1912 1747 2188 1818 distinguis
2238 1750 2486 1812 omnino,
2517 1727 2580 1804 et
2624 1727 2905 1804 veritatem
2956 1749 3064 1803 tuis
3124 1750 3465 1818 sophismatis

229 1850 388 1904 πάλιν
417 1847 619 1917 διῖστᾷς
643 1844 969 1915 ὁλοτρόπως,
997 1844 1092 1897 καὶ
1116 1841 1456 1915 κατασοφίζῃ
1481 1842 1546 1894 τὸ
1579 1840 1801 1911 ἀληθὲς,

225 1943 324 2006 τὰς
350 1940 451 2012 μὲν
480 1938 675 2008 φύσεις
698 1935 966 2007 χωρίζων,
990 1935 1126 1988 ἑνῶν
1153 1932 1231 1994 δὲ,
1255 1933 1329 1996 ὡς
1359 1933 1482 2003 φὴς,
1512 1929 1610 2001 τὴν
1633 1945 1804 2002 προσ-

226 2033 477 2104 κύνησιν.
521 2031 663 2084 Ἀλλ’
704 2031 753 2082 εἱ
792 2027 1047 2098 χιυρίζεις
1084 2024 1183 2087 τὰς
1211 2024 1429 2091 φύσεις,
1469 2036 1801 2088 συναποφοι-

224 2127 448 2196 τήσειεν
484 2124 550 2177 ἂν
592 2122 787 2182 αὐταῖς·
824 2117 917 2170 καλ⁵
960 2116 1029 2168 τὰ
1079 2113 1341 2184 ἑκατέρας
1376 2112 1483 2165 ἴδια
1517 2110 1792 2179 φυσικῶςσ

223 2217 415 2270 ἐλάσει
434 2214 491 2266 δὲ
528 2210 771 2282 διαμπὰξ
800 2208 899 2276 τῆς
921 2204 1183 2276 διαφορᾶς
1214 2204 1242 2255 6
1276 2202 1431 2270 λόγος
1450 2218 1465 2233 ·
1492 2200 1585 2253 δύο
1611 2200 1675 2270 δὴ
1704 2196 1798 2253 οὖν

223 2303 701 2378 ὁμολογουμένως.
722 2299 870 2369 Πλὴν
903 2295 1146 2366 ἐρομένῳ
1173 2294 1404 2364 φράσον·
1427 2292 1492 2345 Τί
1506 2292 1567 2344 τὸ
1595 2292 1806 2345 διῖστὰν

225 2397 480 2468 ἀλλήλων
510 2393 609 2457 τὰς
638 2390 847 2458 φύσεις,
890 2390 984 2441 καὶ
1012 2387 1111 2455 τῆς
1138 2384 1403 2453 διαφορᾶς
1432 2383 1516 2445 τίς
1554 2381 1621 2435 ἂν
1663 2381 1749 2449 εἴη
1778 2382 1807 2433 6

224 2490 465 2557 τρόπος;
498 2484 636 2539 Ἀλλ’
663 2484 806 2554 ὲρεῖς
840 2498 942 2533 που
966 2479 1201 2542 πάντως,
1223 2476 1307 2538 ὡς
1327 2476 1511 2544 ἕτερον
1535 2473 1635 2543 μὲν
1667 2473 1809 2527 κατά

226 2577 400 2646 φύσιν
449 2576 761 2645 ἄνθρωπος,
815 2573 982 2641 ἠγουν
1034 2564 1424 2636 ἁνθρωπότης·
1483 2562 1670 2631 ἓτερον
1726 2560 1805 2623 δὲ,

224 2668 390 2731 Θεὸς,
425 2665 548 2736 ἦτοι
576 2663 801 2732 θεότης*
830 2662 925 2713 καὶ
964 2659 999 2728 ἡ
1034 2658 1153 2728 μὲν,
1192 2653 1540 2724 άσυγκρίτως
1573 2650 1806 2721 θατέρας

224 2755 638 2828 ὑπερηρμένηο
692 2753 856 2822 μείων
888 2766 953 2819 γε
992 2748 1097 2818 μὴν
1142 2745 1322 2815 εκείνη
1375 2742 1645 2804 τοσοῦτον,
1687 2742 1809 2794 ὅσον

122 2908 129 2911 _
224 2849 529 2920 ἄνθρωπος
557 2844 712 2898 Θεοῦ.
735 2842 859 2905 Πῶς
889 2837 1001 2901 οὖν,
1029 2838 1150 2891 είπέ
1174 2853 1287 2906 μοι,
1318 2835 1417 2905 μιᾷ
1445 2833 1809 2905 προσκυνήσει

223 2941 405 3010 τιμᾷν
438 2936 609 3002 ἀξιοῖς
639 2935 709 2988 τά
733 2933 904 2995 οὕτως
933 2929 1180 3000 ἀλλήλοις
1213 2924 1499 2996 ἁνισοφυῆ,
1535 2924 1628 2978 καὶ
1665 2922 1808 2977 κατὰ

223 3029 320 3083 τὸν
356 3026 455 3080 τοῦ
490 3025 610 3089 πῶς
638 3020 775 3077 εἶναι
820 3021 998 3090 λόγον,
1037 3017 1389 3088 άσυγκρίτοις
1426 3016 1706 3085 διαφοραῖς
1731 3013 1808 3065 δι-

224 3118 619 3193 εσχοινισμένα
642 3135 657 3183 ;
681 3112 828 3186 Ἀρα
856 3113 965 3183 γὰρ
997 3111 1150 3180 ἵππῳ
1187 3106 1432 3178 περιθεὶς
1461 3105 1563 3176 τὴν
1596 3102 1807 3173 ἀνθρώα

227 3228 337 3265 που
379 3209 556 3276 δόξαν,
582 3206 791 3278 ἐργάσῃ
822 3222 873 3258 τι
926 3203 1035 3255 τῶν
1067 3198 1505 3268 ὲπαινουμένωνς
1542 3197 1576 3267 ἢ
1607 3194 1806 3264 μᾶλλον

225 3301 507 3371 ὲξυδριείς
535 3299 597 3350 τὸ
628 3293 980 3366 ὑπρτεροῦν,
1007 3289 1211 3344 κατασύ
1222 3305 1328 3359 ρων
1357 3289 1437 3351 είς
1461 3285 1524 3338 τὸ
1553 3284 1808 3345 δυσκλεὲς

224 3390 331 3460 τὴν
358 3387 571 3459 ἀμείνω
592 3387 785 3455 φύσινς
818 3384 955 3437 Ἀλλ’
986 3381 1281 3452 ἐξηύρηταξ
1306 3397 1358 3432 τι
1386 3378 1547 3446 σοφὸν
1574 3378 1654 3437 εἰς
1677 3378 1809 3428 ἁπο-

227 3479 426 3549 λογίαν
451 3477 617 3548 αὐτῷ.
650 3477 999 3548 Προσεπάγει
1032 3462 1141 3541 γάρ
1162 3491 1175 3503 ο

303 3651 433 3724 [Uti
464 3648 586 3703 καθ’
627 3648 786 3701 ἑαυτὸ
814 3648 945 3709 Θεὸς
971 3645 1034 3698 τὸ
1067 3644 1305 3698 πλασθὲν
1344 3644 1436 3695 ἐπὶ
1468 3647 1679 3713 μήτρας
1699 3656 1711 3668 ·
1747 3641 1807 3691 οὐ

227 3741 367 3796 καθ’
405 3739 566 3793 ἑαυτὸ
609 3738 744 3800 Θεὸς
774 3738 834 3790 τὸ
875 3736 1111 3789 πλασθὲν
1146 3737 1208 3786 ἐκ
1241 3734 1335 3786 τοῦ
1374 3732 1714 3802 Πνεύματος’
1749 3732 1808 3782 οὺ

225 3829 367 3883 καθ’
397 3828 557 3881 ἑαυτὸ
584 3826 716 3890 Θεὸς
754 3826 815 3878 τὸ
850 3826 1018 3892 ταφὲν
1057 3825 1148 3876 ἐπὶ
1188 3825 1494 3892 μνήματος·
1537 3820 1679 3873 οὕτω
1705 3820 1811 3888 γὰρ

224 3921 304 3975 ἂν
347 3914 495 3988 ἦμεν
544 3918 1012 3988 ἀνθρωπολάτραι,
1061 3917 1156 3969 καὶ
1188 3914 1545 3984 νεκρολάτραι
1603 3914 1810 3980 σαφεῖς.

235 4007 404 4063 Ἀλλ’
429 4006 724 4076 ἐπειδήπερ
754 4008 809 4059 ὲν
840 4006 917 4075 τῷ
945 4005 1203 4075 ληφθέντι
1240 4005 1393 4065 Θεὸς,
1417 4004 1482 4054 ἐκ
1499 4001 1590 4055 τοῦ
1623 4001 1812 4055 λαϐόν-

223 4117 329 4164 τος
366 4099 398 4151 ὁ
427 4097 677 4168 ληφθεὶς,
710 4097 784 4159 ὼς
808 4097 885 4166 τῷ
911 4096 1130 4150 λαϐόντι
1164 4095 1455 4161 συναφθεὶς
1497 4110 1814 4166 συγχρημα-

221 4192 384 4257 τίζει
413 4187 597 4260 Θεός.]

838 4321 1087 4374 ΚΕΦΑΛ.
1133 4320 1230 4373 lB'.

322 4455 464 4511 Ἰδοὺ
501 4456 566 4527 δὴ
606 4456 768 4510 πάλιν
809 4459 945 4528 ἡμῖν
975 4458 1004 4508 6
1045 4456 1142 4527 τὴν
1189 4461 1483 4525 συνάφειαν
1535 4458 1813 4525 ὀνομάζων

222 4547 552 4618 πανταχοῦ,
585 4550 678 4603 καὶ
709 4549 775 4601 τά
811 4549 910 4619 τῆς
954 4549 1463 4620 ἀνθρωπολατρεέας
1493 4551 1816 4621 ἐγκλήματα

219 4638 461 4702 δεδιὼς,
505 4636 620 4707 ἥλω
652 4636 886 4704 γεγονὼς
920 4636 1377 4707 ἁνθρωπολάτρης
1397 4654 1408 4665 ·
1454 4640 1546 4690 καὶ
1573 4641 1684 4701 τοῖς
1717 4639 1817 4706 τῆς

224 4728 449 4786 ἑαυτοῦ
478 4727 796 4790 δυσϐουλίας
838 4727 1115 4798 ὲνίσχηται
1146 4728 1390 4799 βρόχοις,
1433 4732 1525 4781 καὶ
1556 4747 1816 4797 καταφω-

227 4826 415 4897 ρᾶται
443 4820 628 4872 πεσὼν
656 4821 734 4882 εἰς
758 4819 1010 4889 ἀδόκιμον
1036 4820 1178 4873 νοῦν.
1216 4822 1288 4872 Τὸ
1317 4822 1425 4891 γάρ
1456 4838 1537 4873 σοι
1570 4822 1699 4893 [τοι]
1735 4839 1819 4875 τε-

225 4915 371 4986 χθὲν
397 4914 466 4964 ὲκ
492 4912 725 4980 μήτρας,
746 4910 807 4961 οὐ
842 4909 956 4962 καθ’
976 4910 1155 4976 ἑαυτὸ,
1173 4914 1328 4982 φησι,
1364 4912 1513 4992 Θεὸς.
1559 4913 1644 4974 Ὡς
1681 4914 1819 4980 ἄγα-

231 5006 342 5076 μαί
384 5019 453 5054 σε
482 5002 583 5071 τῆς
608 5001 915 5070 ἀγχινοίας,
943 5001 1035 5055 καὶ
1066 5004 1259 5072 φρενὸς
1283 5002 1380 5071 τῆς
1410 5001 1551 5054 οὕτω
1582 5003 1785 5071 λεπτῆς
1803 5019 1817 5032 ·

226 5097 320 5157 τίς
384 5092 501 5162 γάρ
543 5091 680 5153 ὅλως
722 5093 752 5144 6
810 5090 968 5144 τοῦτο
1021 5093 1186 5160 φάναι
1240 5092 1629 5163 τεθαρσηκώς;
1674 5096 1822 5165 ἢτίς

228 5186 547 5254 ἠγνόηκεν,
574 5182 656 5235 ὅτι
685 5183 746 5234 τὸ
784 5184 1178 5254 γεγεννημένον
1209 5187 1272 5237 ἐκ
1308 5186 1407 5253 τῆς
1436 5186 1658 5255 σαρκὸς,
1693 5185 1827 5252 σάρξ

229 5280 440 5338 suam;
478 5273 616 5325 Ἀλλ’
648 5269 717 5342 ἦν
745 5274 848 5326 ἰδία
877 5274 971 5326 τοῦ
996 5276 1198 5343 Λόγου·
1232 5277 1325 5329 καὶ
1361 5271 1442 5339 εἷς
1471 5280 1672 5330 νοεῖται
1710 5280 1825 5345 μετ’

233 5366 450 5434 αὐτῆς,
480 5363 730 5434 καθάπερ
763 5365 956 5434 ἀμέλει
992 5365 1299 5432 φθάσαντες
1359 5367 1604 5437 εἴπομεν,
1653 5370 1745 5419 καὶ
1793 5371 1825 5437 ἡ

232 5457 336 5509 τοῦ
368 5453 666 5524 ἀνθρώπου
686 5455 831 5526 ψυχὴ
860 5456 997 5523 μετά
1024 5454 1118 5507 τοῦ
1144 5456 1272 5508 ἰδίου
1301 5457 1571 5526 σώματος.
1589 5454 1715 5528 Ἆρ’
1735 5455 1828 5510 οὖν

313 5638 367 5670 ⁸³
403 5634 561 5689 Joau.
615 5651 690 5695 ιι,
733 5634 926 5689 35-59.
1006 5635 1049 5666 ‘°
1078 5634 1098 5689 Ι
1123 5632 1280 5690 Joan.
1314 5652 1350 5699 ι,
1391 5636 1440 5690 1.

620 5728 891 5787 ΡΑΤῐιοι.
928 5731 1041 5787 UH.
1083 5728 1330 5787 LXXVI.

1905 1838 2100 1900 cludis.
2137 1851 2193 1894 ut
2221 1855 2475 1896 secernas
2506 1853 2722 1896 naturas
2744 1884 2760 1907 ,
2794 1852 2847 1897 et
2876 1843 3052 1908 unias,
3081 1850 3137 1894 ut
3161 1840 3272 1908 ipse
3317 1856 3464 1894 asse--

1908 1934 2002 1999 ris,
2030 1935 2417 1990 adorationem.
2451 1935 2554 1991 Sed
2580 1939 2624 1992 si
2653 1936 2848 1991 dividis
2878 1946 3127 1998 naturas,
3153 1935 3312 1989 simul
3338 1950 3457 1987 cum

1907 2025 2013 2078 illis
2064 2026 2342 2079 discedent
2384 2024 2542 2081 etiam
2579 2042 2696 2095 qua:
2737 2027 2948 2095 utrique
2979 2036 3102 2080 sunt
3151 2025 3467 2078 naturaliter

1906 2116 2122 2184 propria
2152 2133 2166 2179 ;
2207 2118 2417 2171 recedet
2444 2119 2603 2171 etiam
2632 2118 2686 2171 in
2711 2117 3017 2171 universum
3051 2115 3187 2169 ratio
3216 2115 3466 2169 differen-

1908 2204 2037 2257 tiae:
2074 2205 2180 2258 duo
2233 2215 2390 2259 erunt
2445 2207 2608 2273 igitur
2656 2207 2841 2276 procul
2893 2208 3073 2261 dubio.
3129 2205 3235 2261 Sed
3292 2219 3465 2262 tamen

1905 2294 2113 2362 explica
2156 2297 2314 2357 mihi,
2359 2312 2560 2365 quaeso,
2612 2298 2738 2366 quid
2789 2297 2917 2352 illud
2949 2299 3021 2353 sit
3061 2299 3201 2368 quod
3250 2310 3469 2353 naturas

1907 2383 2048 2436 inter
2075 2399 2133 2437 se
2170 2385 2370 2449 divisit,
2413 2385 2533 2452 quis
2572 2386 2698 2439 item
2734 2386 3051 2440 diﬂ‘erentite
3101 2391 3308 2442 modus.
3363 2387 3467 2441 Sed

1906 2474 2052 2528 dices
2075 2476 2317 2537 omnino,
2348 2476 2493 2529 aliud
2529 2491 2649 2531 esse
2680 2494 2743 2530 ex
2788 2478 2900 2546 ipsa
2942 2489 3129 2531 natura
3173 2480 3465 2540 ilOllllllt‘lll,

1907 2577 2001 2617 seu
2042 2566 2461 2629 humanitatem,
2503 2567 2644 2621 aliud
2686 2567 2886 2632 Deum,
2930 2569 3042 2622 sive
3086 2570 3419 2624 divinitatem
3453 2589 3465 2635 ;

1907 2651 2016 2722 58
2051 2664 2104 2707 et
2145 2654 2281 2709 hanc
2343 2656 2557 2724 quidem
2605 2672 2727 2711 esse
2763 2658 2927 2713 altera
2984 2660 3471 2729 incomparabiliter

1907 2743 2272 2810 superiorem,
2301 2743 2443 2797 illam
2501 2761 2689 2800 rursus
2746 2756 2895 2801 tanto
2938 2751 3234 2811 minorem,
3275 2762 3472 2819 quanto

1905 2831 1977 2885 sit
2015 2832 2173 2885 homo
2202 2832 2308 2887 Deo
2361 2834 2600 2888 inferior.
2653 2835 2933 2900 Quomodo
2969 2838 3157 2906 igitur,
3190 2842 3276 2892 dic
3319 2842 3470 2903 mihi,

1909 2938 2011 2976 una
2038 2924 2350 2979 adoratione
2379 2936 2536 2994 putas
2563 2925 2894 2993 honoranda,
2931 2942 3048 2996 qua:
3087 2929 3226 2982 inter
3251 2945 3309 2983 se
3339 2931 3472 2984 adeo

1909 3024 2036 3069 sunt
2094 3015 2340 3085 inaequali
2382 3028 2603 3083 natura,
2656 3029 2710 3072 et
2759 3020 3007 3075 essentia:
3077 3020 3284 3075 ratione
3343 3022 3473 3077 adeo

1911 3106 2136 3161 diversis
2158 3106 2472 3164 diﬂ'erentiis
2505 3109 2753 3178 ahjuncta
2782 3110 2807 3164 ?
2839 3113 2915 3165 An
2942 3127 3064 3167 vero
3088 3114 3130 3167 si
3158 3126 3474 3168 ornamenta

1910 3197 2143 3251 hominis
2180 3213 2318 3268 equo
2351 3201 2746 3271 circumponas,
2783 3204 3073 3273 quidquam
3114 3203 3309 3259 eﬂicies
3329 3211 3469 3275 quod

1911 3287 1982 3340 illi
2016 3287 2229 3342 laudent
2269 3290 2505 3345 afferat?
2546 3309 2612 3345 an
2646 3294 2821 3362 potius
2851 3294 2976 3348 illud
3015 3296 3363 3350 excellentius
3390 3296 3471 3349 af-

1910 3378 2060 3433 ﬁcies
2090 3379 2282 3447 injuria
2303 3426 2319 3446 ,
2342 3398 2463 3435 cum
2498 3385 2917 3452 praestantiorem
2953 3397 3196 3441 naturam
3245 3389 3295 3441 in
3324 3389 3476 3459 igno-

1912 3469 2131 3523 miniam
2171 3472 2422 3526 detrahas
2452 3474 2600 3528 ?Sed
2625 3485 2839 3528 acutqu
2864 3477 3116 3545 quiddam
3145 3480 3209 3531 ad
3255 3494 3476 3547 respou-

1913 3563 2142 3617 dendum
2171 3564 2368 3618 invenit
2400 3582 2417 3631 ;
2453 3567 2598 3619 addit
2631 3568 2773 3620 enim
2800 3583 2812 3618 :

1986 3648 2247 3720 [Νεετοιι.
2289 3651 2404 3706 Non
2431 3664 2511 3707 est
2559 3670 2653 3723 per
2703 3671 2761 3711 se
2796 3656 2933 3711 Deus
2957 3658 3096 3727 quod
3131 3667 3212 3711 est
3243 3658 3293 3710 in
3329 3668 3481 3712 utero

1914 3738 2202 3794 formatum
2244 3759 2259 3805 ;
2299 3758 2401 3797 non
2426 3755 2505 3797 est
2530 3761 2623 3813 per
2661 3761 2717 3800 se
2755 3748 2889 3801 Deus
2919 3751 3057 3815 quod
3087 3758 3167 3802 est
3192 3748 3475 3801 fortnatnni

1915 3846 1943 3884 ιι
1970 3833 2172 3902 Spiritu
2207 3853 2220 3887 :
2254 3850 2357 3888 non
2388 3847 2469 3889 est
2515 3854 2607 3904 per
2645 3856 2702 3890 se
2743 3840 2881 3893 Deus
2923 3842 3064 3909 quod
3097 3840 3359 3906 sepultum
3400 3852 3482 3894 osi.

1917 3923 1967 3976 in
2019 3938 2396 3989 monumento,
2464 3928 2658 3994 alioqui
2712 3944 2952 3984 essemus
3012 3931 3375 3993 hominicolae,
3429 3948 3483 3985 et

1916 4012 2295 4065 cadavericola:
2345 4016 2638 4069 manifesti.
2690 4016 2793 4070 Sed
2830 4019 2953 4086 quia
2989 4028 3068 4071 est
3114 4019 3166 4072 in
3210 4032 3483 4086 assumpto

1917 4102 2095 4169 Deus,
2133 4119 2195 4158 ex
2225 4115 2534 4158 assumente
2584 4107 2672 4174 qui
2715 4117 2794 4159 est
2850 4118 3186 4175 assumptus.
3231 4117 3480 4175 tanquam

1917 4194 2212 4246 assumenti
2237 4192 2576 4261 conjunctus,
2610 4195 2766 4250 simul
2790 4197 3085 4265 appellatur
3126 4199 3281 4252 Deus.
3313 4197 3361 4285 ].

2550 4330 2700 4384 CAP.
2732 4327 2842 4383 Xll.

1849 4388 1893 4440 D

1996 4462 2128 4517 Ecce
2157 4462 2265 4531 jam
2293 4481 2501 4519 rursum
2531 4465 2687 4521 nobis
2713 4468 2800 4534 qui
2825 4467 3252 4535 conjunctioucm
3288 4465 3483 4534 ubiqne

1921 4552 2189 4618 nominat,
2238 4564 2292 4608 et
2350 4554 2581 4610 hominis
2634 4555 2840 4608 colendi
2891 4556 3091 4608 crimen
3150 4554 3483 4617 reformidat,

1923 4643 2239 4698 ltontinicola
2272 4660 2390 4699 esse
2414 4647 2772 4711 convincitur,
2811 4660 3025 4714 suaeque
3070 4648 3245 4715 itnpize
3277 4651 3482 4719 rogita--

1925 4733 2084 4785 tionis
2137 4734 2342 4800 laqueis
2399 4736 2700 4803 implicatus
2733 4746 2979 4800 tenetur,
3016 4748 3066 4791 et
3094 4739 3143 4790 in
3185 4739 3482 4807 improbum

1924 4838 2139 4877 sensum
2168 4824 2342 4891 lapsus
2365 4827 2776 4893 deprehenditur
2806 4844 2819 4879 :
2854 4844 2973 4881 nam
3004 4830 3054 4883 id
3075 4831 3215 4900 quod
3243 4846 3306 4883 ex
3335 4843 3485 4883 utero

1930 4924 2013 4967 est
2040 4915 2272 4979 editum,
2303 4916 2507 4984 inquit,
2552 4935 2654 4971 non
2703 4936 2796 4988 per
2826 4936 2885 4974 se
2918 4921 3053 4975 Deus
3079 4930 3179 4975 est.
3242 4924 3489 4975 Admiror

1931 5004 2176 5072 equidem
2208 5015 2350 5059 tuam
2383 5009 2520 5062 hanc
2542 5009 2837 5074 solertiam,
2870 5024 2922 5066 et
2952 5013 3147 5065 subtile
3177 5013 3309 5063 adeo
3340 5013 3488 5081 inge—

1932 5096 2099 5150 nium.
2141 5096 2270 5160 Quis
2325 5104 2466 5152 enim
2510 5117 2727 5168 prorsus
2783 5103 2883 5156 hoc
2923 5104 3103 5156 dicere
3149 5111 3230 5153 est
3283 5106 3491 5155 ausus"

1931 5196 2023 5237 aut
2079 5187 2198 5254 quis
2261 5190 2521 5256 ignoravit
2594 5207 2823 5257 unquam
2873 5194 3013 5257 quod
3069 5200 3249 5243 natum
3302 5201 3379 5242 est
3428 5206 3491 5242 ex

1930 5293 2111 5337 carne,
2145 5296 2359 5334 carnem
2390 5296 2508 5334 esse
2537 5282 2559 5332 ’ἶ
2589 5281 2689 5334 Sed
2722 5293 2895 5332 tamen
2927 5290 3042 5333 erat
3073 5296 3221 5347 prop:
3239 5280 3283 5331 ia
3310 5278 3490 5341 Verbi,

1931 5382 1983 5422 et
2017 5386 2151 5423 unus
2179 5388 2294 5424 cum
2328 5373 2414 5424 illa
2446 5372 2778 5437 intelligitur,
2802 5380 2857 5421 ιιι
2883 5373 3064 5437 procul
3095 5373 3277 5438 dubio,
3302 5387 3485 5441 quom-

1935 5461 2222 5517 admodum
2270 5468 2513 5532 supcrins
2561 5465 2814 5526 diximus,
2845 5463 3001 5515 etiam
3048 5465 3281 5519 hominis
3316 5466 3493 5519 anima

3114 5716 3150 5771 5t
