3926 6126
427 270 530 324 107

1430 263 1487 319 S.
1528 260 1799 320 CYRILLI
1833 255 2299 313 ALEXANDRINI
2341 257 2659 313 ARCHIEP.

3571 260 3674 315 108

428 398 550 437 cum
572 395 673 437 suo
696 394 921 452 corpore
946 398 967 437 :
1002 397 1130 454 ergo
1154 382 1197 437 si
1227 380 1493 451 quispiam
1510 380 1575 433 de
1603 371 1756 433 ndbis
1780 390 1992 446 quoque

2096 375 2150 428 εἴ
2189 391 2269 439 τις
2304 374 2476 429 ἒλοιτο
2511 375 2601 428 καὶ
2629 375 2713 443 ἐφ’
2741 373 2895 444 ἡμῶν
2923 375 3119 439 εἰπεῖν,
3156 374 3256 428 ούκ
3295 374 3585 447 ἄνθρωπος
3611 375 3674 430 τὸ

428 474 614 529 dicere
672 473 837 549 velit,
899 490 1007 529 non
1069 489 1190 528 esse
1250 473 1520 527 hominem
1572 470 1744 540 ipsum
1798 484 1996 537 corpus

426 579 523 634 per
562 579 660 626 se.
719 579 898 620 nonne
932 563 1275 633 superﬂuens
1325 563 1377 616 in
1418 576 1668 616 sermone
1715 571 1770 615 et
1820 574 1994 628 nugax

428 657 624 711 merito
677 655 933 711 dicetur?
966 654 1148 723 Neque
1198 653 1340 707 enim
1388 653 1669 721 quisquam
1708 659 1998 719 negaturus

427 758 511 803 est
559 748 733 816 ipsum
771 762 873 815 per
904 761 984 801 «se
1008 760 1207 812 corpus
1240 760 1345 798 non
1394 758 1513 799 esse
1563 743 1834 797 hominem
1856 782 1870 804 ,
1903 741 1995 795 sed

425 838 604 906 potius
648 837 878 891 hominis
918 848 1115 904 corpus
1153 836 1282 890 dici.
1335 835 1438 889 Sed
1470 850 1626 890 nemo
1655 844 1832 889 tamen
1862 834 1996 888 duas

427 927 480 981 in
512 932 692 996 partes
725 925 1003 987 dividens,
1040 940 1105 979 ac
1151 923 1377 978 seorsim
1421 938 1625 992 ponens
1662 924 1893 977 animam
1944 930 1998 976 et

424 1032 658 1087 corpus,
682 1016 876 1071 dixerit
924 1031 1164 1085 unquam
1200 1029 1395 1083 corpus
1440 1015 1627 1070 eodem
1663 1030 1784 1068 cum
1818 1013 1996 1067 anima

420 1108 679 1178 appellari
710 1109 929 1163 nomine
948 1107 1014 1160 ad
1044 1121 1211 1161 unum
1242 1104 1515 1159 hominem
1540 1105 1947 1176 significandum
1976 1120 1995 1168 ;

427 1214 602 1270 neque
640 1199 784 1254 enim
829 1207 985 1266 aptus
1015 1198 1118 1252 erit
1144 1195 1408 1268 ejusmodi
1452 1210 1661 1261 sermo,
1687 1195 1779 1249 sed
1822 1194 1997 1265 potius

427 1290 712 1361 imperitiae
743 1289 976 1359 plenus."
990 1287 1094 1343 Sed
1123 1303 1242 1343 cum
1270 1297 1555 1357 utrumque
1580 1287 1874 1341 secundum
1900 1292 1995 1339 na-

428 1380 655 1443 turalem
683 1379 935 1434 unionem
954 1377 1295 1446 conjunxerit
1325 1379 1391 1433 ad
1421 1378 1579 1431 unius
1608 1377 1841 1430 hominis
1868 1391 1996 1429 con-

422 1473 778 1537 stitutionem,
808 1480 918 1525 tum
951 1472 1163 1525 demum
1216 1469 1487 1524 hominem
1534 1468 1840 1538 appellabit.
1898 1482 1996 1520 nec

424 1561 698 1618 videbitur
720 1561 898 1630 inepte
913 1560 1464 1630 absurdequedicere.
1485 1559 1737 1630 Oportuit
1759 1573 1908 1627 ergo,
1947 1558 1995 1612 si

426 1653 646 1709 omnino
670 1650 885 1721 sapiens
908 1652 1068 1706 homo
1087 1654 1361 1720 solersque
1376 1660 1493 1705 erat
1510 1691 1526 1716 ,
1555 1664 1749 1718 corpus
1778 1649 1997 1718 quidem

427 1742 555 1798 illud
570 1756 636 1798 ex
657 1737 881 1797 muiiere
902 1741 1101 1806 dicere,
1129 1750 1183 1796 et
1203 1742 1422 1810 insuper
1448 1740 1624 1808 fateri,
1646 1740 1773 1793 illud
1793 1739 1996 1793 unitate

428 1832 726 1890 secundum
794 1831 1125 1903 bypostasim
1202 1847 1325 1886 cum
1390 1830 1568 1886 Verbo
1623 1826 1992 1900 conjunctum,

429 1937 597 1975 unum
662 1920 939 1974 Christum
1006 1928 1059 1972 et
1114 1917 1311 1972 Filium
1361 1928 1421 1972 et
1472 1919 1754 1973 Dominum
1812 1917 1992 1973 absol-

428 2015 604 2077 visse,
662 2012 915 2065 eumdem
991 2010 1149 2065 simul
1230 2020 1285 2065 et
1334 2011 1517 2087 Deum‘
1578 2019 1633 2065 et
1696 2010 1990 2065 hominem.

330 2120 345 2129 κ
427 2101 537 2172 59
558 2101 710 2156 Nunc
746 2116 874 2155 vero
917 2102 1019 2155 hoc
1061 2102 1284 2164 omisso,
1332 2115 1581 2170 perversa
1612 2100 1853 2171 graditur
1886 2101 1992 2165 via,

420 2194 493 2247 de
535 2202 683 2247 recta
724 2192 1010 2258 decedens,
1060 2206 1124 2246 ac
1169 2192 1303 2246 duos
1354 2191 1507 2246 nobis
1554 2195 1682 2248 deos
1716 2190 1991 2261 praedicat,

429 2298 591 2337 unum
632 2282 928 2338 secundum
965 2292 1215 2336 naturam
1247 2298 1311 2337 ac
1341 2284 1645 2347 veritatem,
1677 2282 1809 2337 illud
1844 2281 1996 2335 nimi-

338 2402 343 2407 -
429 2389 546 2428 rum
590 2388 659 2428 ex
706 2373 821 2427 Deo
874 2373 1035 2428 Patre
1082 2371 1353 2439 Verbum;
1409 2374 1571 2427 alium
1621 2388 1751 2428 vero
1800 2382 1994 2442 praeter

426 2465 592 2527 hunc,
639 2463 730 2531 qui
763 2463 924 2522 simul
954 2478 1076 2517 cum
1106 2478 1172 2519 eo
1216 2462 1361 2520 Deus
1394 2464 1711 2532 appellatur.
1744 2463 1816 2519 Ut
1847 2463 1990 2518 enim

426 2566 586 2607 nemo
623 2551 795 2606 nostri
850 2553 1069 2622 generis
1115 2552 1315 2607 dicitur
1346 2568 1468 2608 cum
1516 2568 1577 2609 se
1626 2553 1741 2623 ipso
1789 2563 1844 2609 et
1875 2554 1992 2609 solo

423 2643 758 2708 conversari,
801 2643 948 2697 verbi
976 2644 1173 2714 gratia,
1202 2643 1297 2699 sed
1341 2660 1463 2700 cum
1506 2644 1678 2700 altero
1704 2660 1990 2702 conversa-

424 2743 533 2802 tur,
567 2748 632 2789 ac
671 2734 906 2803 siquem
933 2748 964 2788 e
986 2734 1219 2790 terrenis
1250 2735 1463 2804 regibus
1482 2737 1766 2806 quisquam
1796 2736 1993 2792 dixerit

424 2826 586 2882 simul
635 2841 758 2882 cum
814 2827 995 2896 seipso
1045 2842 1290 2897 regnare,
1319 2829 1443 2897 jure
1486 2830 1558 2884 sit
1616 2829 1891 2893 ridendus,
1937 2837 1993 2883 et

425 2916 732 2985 nugabilur,
780 2917 906 2970 dum
942 2918 1083 2985 quod
1134 2920 1201 2970 de
1235 2930 1341 2970 uno
1388 2916 1616 2986 soloque
1647 2917 1866 2983 dicitur,
1910 2915 1993 2971 sic

2098 467 2258 537 σῶμα
2283 466 2405 520 καθ’
2437 466 2615 531 ἑαυτὸ,
2641 466 2703 519 ού
2733 465 2983 534 περιττὸς
3012 466 3091 529 εἰς
3122 465 3316 535 λόγους
3347 467 3441 521 καὶ
3468 467 3673 519 εἰκαιό-

2100 558 2268 627 μλυθος
2307 556 2627 627 ὀνομάζοιτο
2672 556 2739 610 ἂν
2771 555 3032 621 εἰκότωςς
3085 557 3408 627 Ἀρνήσεται
3438 557 3547 628 γὰρ
3581 557 3671 610 οὺς

2096 647 2227 712 δεὶς,
2264 647 2347 700 ὅτι
2393 648 2467 717 μὴ
2497 645 2781 718 ἄνθρωπος
2818 646 2885 698 τὸ
2923 645 3084 715 σῶμα
3131 647 3253 700 καθ’
3293 647 3478 712 ἑαυτὸ,
3510 648 3671 717 σῶμα

2095 738 2153 792 δὲ
2187 738 2388 808 μᾶλλον
2416 738 2703 809 ἀνθρώπου
2751 736 2949 804 λέγοιτ’
2981 737 3065 791 ἄν.
3102 737 3250 807 Πλὴν
3287 736 3347 790 ού
3389 736 3514 807 δίχα
3549 736 3668 790 δια·-

2094 829 2299 900 τεμὼν,
2334 832 2427 884 καὶ
2455 830 2558 884 ἀνὰ
2611 829 2775 900 μέρος
2819 828 2991 892 τιθεὶς
3018 828 3198 899 ψυχήν
3242 846 3303 882 τε
3345 829 3440 883 καὶ
3483 829 3666 900 σῶμα,

2097 920 2231 990 φαίη
2269 937 2352 982 τις
2395 921 2483 985 ἂν,
2530 920 2614 973 ὅτι
2670 921 3071 990 συγχρηματιεῖ
3099 922 3161 972 τὸ
3208 920 3367 990 σῶμα
3399 922 3466 992 τῇ
3518 921 3665 992 ψυχῇ

2103 1012 2242 1082 πρὸς
2287 1013 2405 1074 ἑνὸς
2450 1011 2736 1079 ἀνθρώπου
2785 1011 3048 1080 δήλωσιν·
3091 1012 3178 1081 εἴη
3220 1012 3330 1083 γὰρ
3366 1012 3432 1066 ἃν
3472 1013 3574 1065 οὐκ
3608 1014 3667 1065 ὲν

2096 1104 2286 1174 κόσμῳ
2331 1103 2699 1173 γεγενημένος
2735 1105 2763 1157 ό
2790 1103 2995 1157 τοιόσδε
3039 1104 3226 1172 λόγος,
3255 1103 3454 1173 μᾶλλον
3480 1104 3538 1157 δὲ
3571 1104 3666 1157 καὶ

2096 1193 2335 1264 ἀμαθίας
2351 1192 2621 1264 ἔμπλεως.
2644 1195 2844 1264 Ἀμφω
2864 1211 2927 1263 γε
2949 1193 3056 1265 μὴν
3076 1193 3196 1248 καθ’
3213 1194 3406 1248 ἕνωσιν
3426 1195 3663 1267 φυσικὴν

2097 1286 2437 1353 συνενεγκὼν
2474 1288 2554 1349 εἰς
2588 1287 2704 1350 ἐνὸς
2751 1286 3039 1358 ἀνθρώπου
3079 1288 3372 1352 σύστασιν,
3402 1289 3524 1342 τότε
3573 1292 3663 1343 καὶ

2094 1378 2378 1449 ἄνθρωπον
2406 1377 2687 1447 ὀνομάσειν
2727 1377 2820 1430 καί⁵
2854 1376 2959 1431 κᾶν
2994 1377 3104 1449 [Ion
3128 1378 3229 1431 οὐκ
3254 1377 3342 1450 ἂν]
3371 1378 3513 1433 οὕτω
3538 1379 3663 1452 δόξῃ

2094 1467 2412 1535 ἀσύμφυλόν
2434 1484 2492 1520 τε
2520 1467 2613 1519 καὶ
2636 1467 2868 1529 ἀκαλλὲς
2893 1469 3086 1520 εἰπεῖν.
3104 1468 3250 1521 Ἔδει
3272 1467 3476 1533 τοίνυν,
3506 1470 3663 1537 εἴπερ

2092 1574 2176 1619 τις
2207 1553 2275 1626 ἦν
2308 1557 2444 1616 ὅλως
2472 1557 2632 1624 σοφός
2665 1573 2724 1609 τε
2758 1558 2854 1610 καὶ
2885 1558 3161 1627 νουνεχὴς,
3193 1556 3355 1628 σῶμα
3375 1560 3571 1621 εἰπεῖν,
3602 1559 3662 1611 τὸ

2095 1651 2159 1701 ὲκ
2213 1649 2502 1717 γυναικός·
2554 1648 3027 1719 προσομολογῆσαι
3058 1649 3113 1701 δὲ
3152 1650 3233 1703 ὅτι
3272 1652 3340 1720 τῇ
3374 1648 3493 1703 καθ’
3529 1650 3660 1702 ὑπό·

2100 1756 2287 1792 στασιν
2316 1738 2506 1793 ἑνώσει
2535 1738 2849 1809 συνενεχθὲν
2875 1737 2953 1809 τῷ
2980 1738 3155 1810 Λόγῳ,
3180 1740 3415 1810 Χριστὸν
3439 1740 3539 1793 ἕνα
3566 1742 3660 1793 καὶ

2097 1829 2225 1882 Υἱὸν
2264 1829 2360 1881 καὶ
2398 1830 2604 1898 Κύριον
2641 1829 3000 1884 άποτετέλεκε
3041 1829 3130 1882 τὸν
3173 1829 3334 1882 αὑτὸν
3369 1829 3501 1884 ὄντα
3529 1830 3661 1884 Θεὸν

2098 1924 2191 1975 καὶ
2220 1921 2502 1993 ἄνθρωπον
2524 1938 2537 1952 ο
2568 1922 2685 1975 νυνὶ
2710 1922 2767 1975 δὲ
2801 1923 2960 1976 τοῦτο
2990 1920 3192 1990 μεθεὶς,
3212 1921 3383 1975 οῐεται
3410 1921 3523 1991 (16)
3561 1924 3661 1992 μὲν

2095 2014 2193 2084 τὴν
2220 2013 2677 2083 διεστραμμένηνη
2704 2013 2804 2083 τῆς
2838 2014 2918 2077 εἰς
2974 2012 3101 2066 εὐθὺ
3136 2012 3472 2066 διεκπίπτων
3498 2011 3622 2066 ὁδοῦ
3645 2028 3657 2040 ·

2082 2104 2187 2173 ίδύο
2213 2104 2269 2156 δὲ
2315 2105 2446 2174 ἡμῖν
2491 2102 2838 2175 διακηρύττει
2895 2103 3081 2167 Θεοὺς,
3113 2102 3208 2156 ’ἐνα
3265 2103 3362 2173 μὲν
3394 2103 3470 2167 ὡς
3503 2102 3662 2173 φύσει

2096 2194 2189 2249 καὶ
2212 2194 2439 2264 ἀληθείᾳ
2465 2196 2555 2247 τὸν
2602 2198 2666 2248 ὲκ
2714 2194 2848 2247 Θεοῦ
2902 2195 3113 2263 Πατρὸς
3155 2194 3355 2262 Λόγον·
3394 2195 3578 2266 ἕτερον
3606 2193 3662 2247 δὲ

2097 2288 2226 2356 παρ’
2278 2286 2438 2339 αὑτὸν
2465 2327 2479 2350 ,
2529 2287 2619 2338 τὸν
2671 2284 3184 2356 συγχρηματίζοντα
3235 2284 3412 2354 αὐτῷ·
3457 2286 3517 2338 ὃν
3555 2284 3662 2356 γὰρ

2095 2373 2291 2442 τρόπον
2317 2373 2488 2435 οὐδεὶς
2524 2373 2591 2425 ἂν
2618 2373 2829 2441 λέγοιτο
2877 2373 2984 2425 τῶν
3018 2373 3140 2426 καθ’
3167 2375 3311 2443 ἡμᾶς
3351 2372 3531 2441 ἑαυτῷ
3570 2375 3661 2426 καὶ

2097 2465 2242 2534 μόνῳ
2267 2463 2667 2517 συνδιαιτᾶσθαι
2690 2464 2870 2534 τυχὸν,
2902 2463 3072 2535 ἑτέρῳ
3100 2464 3156 2517 δὲ
3194 2464 3393 2533 μᾶλλον
3423 2463 3659 2518 συνδιαι-

2093 2553 2336 2621 τήσεται.
2387 2553 2505 2607 Κᾶν
2537 2555 2590 2607 εἴ
2635 2570 2757 2607 τινα
2790 2554 2937 2622 λέγοι
2977 2555 3084 2609 τῶν
3117 2555 3209 2606 ἐπὶ
3250 2554 3355 2623 γῆς
3399 2553 3660 2625 βασιλέων

2095 2641 2513 2711 συμϐασιλεύειν
2542 2635 2739 2712 έαυτῷ,
2763 2641 2916 2711 ὄφλοι
2947 2644 3013 2698 ἂν
3043 2643 3270 2707 εἰκότως
3300 2644 3536 2711 γέλωτα,
3565 2643 3660 2698 καὶ

2096 2733 2378 2804 βατταριεί
2408 2734 2467 2787 τὸ
2505 2735 2589 2803 ἐφ’
2622 2734 2740 2798 ὲνός
2768 2751 2828 2787 τε
2864 2735 2960 2809 καὶ
2988 2736 3148 2805 μόνου
3175 2736 3345 2799 τιθεὶς
3373 2737 3469 2790 καὶ
3492 2735 3661 2803 λέγων

2092 2825 2166 2889 ὡς
2193 2827 2286 2878 ἐπὶ
2314 2827 2481 2891 δυοῖν,
2521 2827 2695 2891 οὕτως
2728 2829 2985 2883 ἀσύνετον
3018 2830 3213 2901 κομιδῆ
3242 2830 3305 2882 τὸ
3340 2845 3659 2899 συγχρημα-

2092 2918 2264 2981 τίζειν
2297 2920 2504 2972 οἴεσθαι
2554 2921 2674 2974 καθ’
2703 2922 2821 2983 ἑνός
2854 2938 2912 2974 τε
2952 2922 3045 2975 καὶ⁸
3078 2923 3237 2992 μόνου
3267 2920 3524 2974 δύνασθαι
3556 2937 3662 2991 χω-

427 3007 577 3078 ponit
627 3016 789 3077 atque
842 3006 1160 3075 pronuntiat
1211 3016 1466 3075 tanquam
1520 3011 1587 3062 de
1628 3006 1870 3073 duobus;
1916 3006 1988 3061 ita

2098 3010 2227 3078 ρεῖν,
2258 3007 2351 3061 δύο
2381 3009 2489 3079 γάρ
2526 3026 2627 3062 που
2669 3009 2887 3072 πάντως
2934 3004 3043 3062 εἷεν
3082 3009 3180 3063 ἄν’
3209 3009 3305 3063 καὶ
3340 3010 3367 3063 ὁ
3420 3008 3517 3077 μὲν
3546 3007 3662 3061 ἐστι

427 3099 649 3152 stultum
677 3111 812 3152 sane
848 3096 917 3150 sit
938 3106 1131 3165 putare
1158 3095 1259 3150 hoc
1291 3096 1488 3165 ipsum,
1515 3095 1677 3151 simul
1707 3096 1989 3166 appellari,

424 3192 492 3241 de
533 3202 641 3241 uno
686 3187 908 3255 soloque
950 3187 1058 3241 dici
1111 3200 1270 3255 posse
1303 3203 1316 3237 :
1349 3186 1454 3240 duo
1493 3200 1726 3256 namque
1770 3202 1994 3257 prorsus

424 3286 605 3342 erunt,
641 3284 697 3332 et
727 3277 865 3331 alter
904 3276 1202 3331 secundum
1236 3286 1483 3330 naturam
1520 3277 1678 3344 Deus,
1704 3277 1842 3332 alter
1867 3292 1994 3333 vero

427 3368 612 3437 procul
640 3368 803 3423 dubio
833 3383 956 3423 cum
986 3369 1037 3422 id
1071 3368 1242 3422 solum
1278 3369 1472 3422 habeat
1500 3378 1558 3422 ut
1588 3369 1750 3423 simul
1774 3385 1896 3425 cum
1927 3385 1993 3425 eo

428 3469 653 3513 vocetur
704 3458 879 3525 Deus,
932 3458 1094 3527 idque
1140 3460 1477 3513 extrinsecus
1520 3470 1575 3513 et
1622 3461 1989 3529 acquisitum,

430 3565 621 3605 recens
648 3551 803 3605 nobis
832 3550 971 3605 Deus
1016 3550 1244 3605 exstitit.
1276 3549 1412 3603 Num
1445 3565 1573 3620 ergo
1619 3551 1875 3605 mentitur
1904 3552 1993 3606 ille

427 3652 620 3696 natura
656 3650 711 3696 et
757 3657 883 3697 vere
916 3642 1295 3697 universorum
1337 3643 1473 3696 Deus
1504 3657 1626 3697 cum
1665 3642 1797 3696 dicit
1831 3661 1844 3696 :
1880 3662 1898 3692 ι
1933 3642 1990 3697 Si

430 3734 664 3789 audieris
711 3748 819 3796 me,
866 3748 969 3788 non
1019 3734 1127 3787 erit
1178 3734 1228 3787 in
1281 3742 1331 3788 te
1380 3734 1511 3788 deus
1564 3747 1772 3799 recens,
1821 3748 1993 3802 neque

429 3824 681 3879 adorabis
726 3825 881 3879 deum
932 3825 1165 3878 alienum
1193 3826 1272 3878 "?
1306 3844 1325 3875 ι
1371 3825 1479 3879 lloc
1525 3826 1569 3877 si
1604 3827 1674 3878 ita
1711 3835 1813 3889 est,
1856 3841 1991 3894 quo-

431 3911 591 3964 modo
634 3912 922 3966 adoramus
971 3911 1274 3978 Christum,
1326 3922 1379 3967 et
1434 3914 1508 3966 illi
1549 3913 1791 3967 [lectetur
1834 3929 1993 3969 omne

427 4002 609 4069 genu?
660 4005 930 4073 quomodo
985 4004 1144 4057 etiam
1209 4006 1356 4059 illum
1405 4007 1645 4059 venerari
1698 4006 1991 4068 conﬁteris.

427 4107 550 4147 cum
584 4102 760 4147 tamen
793 4094 1074 4159 formides,
1101 4104 1159 4149 ut
1187 4095 1393 4159 dixisti,
1426 4111 1493 4150 ne
1523 4096 1844 4151 hominicola
1874 4111 1994 4152 esse

322 4223 353 4271 ..
429 4185 705 4238 videaris?
734 4186 843 4240 Sed
882 4188 1045 4241 habet
1075 4189 1141 4241 ad
1165 4189 1266 4241 hoe
1298 4187 1556 4256 aliquam,
1589 4198 1648 4242 ut
1675 4190 1788 4258 ipse
1818 4197 1990 4258 putat,

2095 3096 2236 3150 κατὰ
2266 3097 2425 3165 φύσιν
2458 3097 2589 3161 Θεός
2611 3114 2624 3128 ·
2656 3098 2684 3150 ό
2711 3097 2790 3161 δὲ,
2829 3098 2969 3168 τάχα
3012 3113 3115 3151 που
3156 3098 3251 3151 καὶ
3283 3098 3441 3168 μόνον
3492 3096 3553 3150 τό
3599 3113 3660 3166 γε

2096 3188 2537 3258 συγχρηματίσαι
2589 3187 2821 3257 θύραθέν
2871 3205 2930 3241 τε
2995 3188 3091 3242 καὶ¹
3136 3187 3430 3258 ἐπίκτητον
3503 3187 3660 3258 ἔχων,

2096 3282 2406 3351 πρόσφατος
2439 3282 2571 3349 ἡμῖν
2618 3279 2900 3350 ἀνεδείχθη
2929 3280 3082 3342 Θεός.
3123 3274 3248 3351 Ἆρ’
3275 3275 3368 3333 οὖν
3410 3279 3663 3348 ψεύδεται

2093 3371 2286 3439 λέγων,
2310 3374 2337 3425 ὁ
2369 3372 2528 3440 φύσει
2561 3389 2618 3425 τε
2649 3370 2744 3425 καὶ
2765 3371 2978 3442 άληθῶς
3007 3370 3115 3425 τῶν
3146 3372 3285 3424 ὅλων
3301 3370 3465 3434 Θεός’
3499 3390 3518 3422 ι
3539 3369 3662 3423 Ἐὰν

2093 3461 2333 3535 ἀκούσῃς
2361 3480 2485 3532 μου,
2515 3462 2615 3515 οὐκ
2644 3460 2798 3515 ἔσται
2823 3464 2879 3515 ὲν
2910 3463 2992 3515 σοὶ
3029 3461 3148 3525 θεὸς
3182 3462 3516 3533 πρόσφατος,
3544 3460 3662 3514 οὐδὲ

2094 3554 2491 3621 προσκυνήσεις
2533 3551 2641 3622 θεῷ
2688 3552 2977 3624 ἀλλοτρίῳ;
3010 3571 3027 3603 ι
3086 3546 3218 3606 Εἶτα
3263 3550 3381 3614 πῶς
3425 3567 3661 3622 προσκεο

2095 3642 2407 3711 κυνήκαμεν
2439 3640 2514 3711 τῷ
2546 3641 2787 3717 Χριστῷ,
2819 3642 2913 3695 καὶ
2937 3640 3088 3711 αὐτῷ
3121 3640 3325 3712 κάμψει
3358 3641 3467 3693 πᾶν
3499 3640 3659 3708 γόνυ;

2096 3731 2211 3794 πῶς
2237 3732 2293 3784 δὲ
2335 3731 2429 3784 καὶ
2467 3732 2646 3785 σέϐειν
2700 3733 2860 3785 αὑτὸν
2891 3732 3205 3802 ὁμολογεῖς,
3244 3731 3420 3785 καίτοι
3453 3729 3659 3795 δεδιὼς,

2092 3825 2167 3886 ὡς
2200 3823 2357 3894 ἔφης,
2390 3824 2451 3876 τὸ
2482 3823 2940 3894 άνθρωπολάτρης
2973 3820 3108 3876 εἶναι
3145 3822 3341 3876 δοκεῖν.
3381 3820 3518 3875 Ἀλλ’
3550 3820 3662 3891 ἔχει

2094 3912 2211 3966 τινὰ
2246 3912 2496 3981 καθάπερ
2537 3908 2629 3965 οὖν
2672 3913 2841 3965 οἴεται
2879 3911 3038 3979 σορὸν
3071 3912 3163 3964 ἐπὶ
3208 3910 3341 3981 τῷδε
3367 3910 3557 3979 λόγον·
3588 3910 3661 3974 ὡς

2094 4008 2204 4075 γὰρ
2236 4005 2313 4074 τῷ
2366 4004 2583 4058 λαϐόντι
2624 4004 2952 4073 συναφθεὶς,
3004 4002 3437 4073 συγχρηματξζει
3488 4002 3657 4064 Θεός·

2095 4095 2210 4158 πῶς
2247 4096 2454 4165 ἐλήφθη
2506 4095 2735 4164 φράσον,
2782 4094 2966 4163 ἢτίνα
3019 4094 3286 4164 συνῆπται
3326 4093 3559 4166 τρόπονς
3598 4091 3660 4145 El

2097 4188 2193 4256 μὲν
2219 4183 2310 4240 οὖν
2330 4187 2448 4239 καθ’
2471 4187 2662 4238 ἕνωσιν
2693 4185 2890 4255 ἀληθῆ,
2910 4186 3005 4255 τὴν
3031 4186 3152 4239 καθ’
3180 4185 3476 4238 ὑπόστασιν
3497 4184 3657 4251 λέγω,

425 4289 636 4333 acutam
678 4279 1081 4345 responsionem
1134 4296 1302 4333 :nam
1355 4291 1613 4349 tanquam
1673 4282 1992 4351 conjunctus

2098 4278 2302 4330 παῦσαι
2342 4276 2579 4348 μερίζων
2612 4277 2671 4329 τὸ
2701 4278 2978 4347 ἡνωμένον
2998 4293 3011 4306 ·
3044 4276 3135 4328 ἐπὶ
3178 4274 3363 4346 καιροῦ
3394 4274 3453 4327 δὲ
3486 4271 3658 4345 οἶμαι.

427 4369 719 4422 assumenti
752 4367 912 4421 simul
946 4368 1250 4435 appellatur
1274 4369 1449 4423 Deus:
1481 4372 1754 4439 quomodo
1784 4385 1991 4433 assum-

2097 4367 2189 4417 καὶ
2228 4366 2361 4435 πρός
2408 4382 2471 4434 γε
2527 4365 2681 4435 ήμῶν
2740 4366 3016 4435 εἰρήσεται
3070 4362 3411 4434 διατέμνοντί
3462 4380 3546 4417 σοι
3603 4362 3663 4414 τὺ

424 4466 549 4525 ptus
608 4466 691 4510 est
746 4456 1038 4524 eloquere,
1091 4467 1182 4509 ant
1238 4472 1473 4525 quonam
1541 4459 1858 4529 conjunctus
1907 4469 1992 4516 est

2096 4454 2356 4524 ἄτμητον,
2398 4474 2416 4504 ι
2457 4454 2523 4509 Ὃ
2565 4450 2657 4507 οὖν
2704 4454 2834 4517 Θεὸς
2883 4454 3217 4518 συνέζευξεν,
3251 4451 3542 4524 ἄνθρωπος
3586 4453 3660 4523 μὴ

426 4548 616 4601 modo?
650 4545 785 4600 Nam
815 4548 857 4601 si
897 4547 1113 4617 quidem
1159 4549 1452 4602 secundum
1492 4564 1675 4603 verum
1710 4552 1988 4614 unionem,

426 4635 572 4688 illam
618 4637 911 4691 secundum
961 4639 1291 4710 hypostasim
1340 4640 1493 4705 dico;
1540 4642 1729 4695 desine
1773 4643 1987 4696 tandem

428 4724 638 4777 unitum
664 4724 906 4780 dividere
932 4745 946 4780 :
978 4740 1032 4780 et
1067 4738 1368 4797 opportune
1395 4730 1557 4782 etiam
1601 4744 1631 4782 a
1660 4729 1814 4784 nobis
1838 4728 1987 4783 dice-

429 4825 515 4866 tur
566 4812 664 4867 tibi
718 4813 1049 4869 individuum
1098 4817 1377 4872 dividenti.
1430 4837 1448 4868 ι
1478 4819 1628 4885 Quod
1673 4834 1802 4889 ergo
1848 4819 1990 4874 Deus

424 4903 724 4974 conjunxit,
760 4904 920 4958 homo
953 4920 1020 4959 ne
1056 4906 1339 4962 dividat".
1376 4928 1394 4960 ι
1425 4908 1518 4963 Sin
1564 4910 1984 4977 assumptionem

428 4999 584 5050 istam
634 5011 741 5052 seu'
781 4996 1211 5065 conjunctionem
1262 5014 1382 5055 esse
1429 5002 1565 5055 dicis
1600 5012 1879 5056 externam
1923 5016 1987 5058 ac

428 5087 727 5152 relativam,
778 5087 1048 5155 quomodo
1094 5104 1200 5144 non
1244 5091 1480 5144 advertis
1522 5092 1574 5146 in
1619 5093 1774 5147 nobis
1822 5092 1983 5147 etiam

421 5192 537 5231 csse
564 5177 753 5242 Deum.
790 5184 843 5232 et
870 5191 968 5234 nos
1000 5178 1074 5233 illi
1103 5179 1351 5249 conjungi
1387 5181 1628 5245 relative,
1666 5190 1721 5236 et
1759 5182 1982 5250 partici-

492 5334 530 5363 “
569 5336 735 5389 Exod.
769 5352 854 5401 xx,
882 5337 950 5402 ‘2;
982 5337 1116 5390 [-‘sal.
1150 5352 1312 5401 ΜΗ,
1352 5339 1434 5391 10.
1514 5342 1557 5368 θ’
1583 5339 1773 5392 Matth.
1806 5357 1914 5403 XIX,
1945 5340 2000 5393 6.

2095 4547 2390 4615 χωριζέτω.
2430 4566 2447 4598 ι
2488 4546 2550 4600 Εἰ
2607 4546 2663 4599 δέ
2705 4564 2767 4614 γε
2801 4548 2898 4618 τὴν
2930 4547 3118 4618 λῆψιν,
3172 4548 3337 4616 ἤγουν
3388 4544 3488 4615 τὴν
3537 4562 3661 4597 συνο

2094 4639 2310 4706 ἅψειαν,
2365 4638 2560 4703 ἔξωθέν
2608 4656 2667 4690 τε
2715 4639 2807 4691 καὶ
2859 4638 3112 4708 σχετικὴν
3164 4633 3302 4690 εἶναι
3352 4635 3493 4707 φὴς,
3546 4635 3659 4699 πῶς

2093 4730 2387 4800 ὴγνόηκας,
2409 4732 2492 4783 ὅτι
2526 4731 2618 4783 καὶ
2646 4731 2702 4783 ἐν
2726 4732 2859 4799 ἡμῖν
2885 4732 3000 4781 ἐστι
3026 4730 3177 4792 Θεὸς,
3208 4730 3302 4782 καὶ
3325 4729 3487 4798 ἡμεῖς
3513 4725 3657 4795 αὑτῷ

2096 4820 2473 4891 συναπτόμεθα
2500 4821 2784 4890 σχετικῶς,
2813 4821 2908 4874 καὶ
2929 4822 3173 4873 κοινωνοὶ
3197 4819 3296 4888 τῆς
3321 4819 3467 4882 θείας
3496 4817 3656 4873 αὐτοῦ

2094 4913 2396 4983 γεγόναμεν
2428 4913 2640 4980 φύσεως
2664 4929 2678 4977 ;
2711 4911 2917 4965 Ψάλλει
2948 4913 3076 4979 γοῦν
3096 4913 3123 4965 ὁ
3152 4912 3440 4974 Θεσπέσιος
3462 4908 3655 4964 Δαὸιδ·

2100 5021 2117 5051 ι
2143 4993 2436 5074 Ἐκολλήθῆ
2498 5005 2531 5073 ἠ
2578 5003 2720 5074 ψυχή
2761 5020 2860 5074 μου
2891 5004 3066 5057 ὀπίσω
3103 5020 3196 5056 σου
3219 5020 3233 5034 ’
3265 5021 3315 5057 ι,
3337 5016 3657 5073 συγχρημα-

2094 5094 2312 5163 τιοῦμεν
2346 5092 2438 5148 οὖν
2466 5094 2575 5165 ἄρα
2602 5096 2695 5148 καὶ
2745 5097 2929 5164 ἡμεῖς,
2981 5094 3058 5165 τῷ
3103 5094 3243 5147 κατὰ
3300 5093 3464 5163 φύσιν
3522 5089 3657 5162 Θεῷ,

2093 5184 2203 5237 θεοὶ
2232 5188 2349 5238 κατ’
2384 5188 2568 5249 αὑτὸν,
2594 5186 2799 5256 κάμψει
2827 5188 2921 5240 καὶ
2942 5190 3075 5258 ἡμῖν
3098 5188 3206 5239 πᾶν
3226 5186 3377 5253 γόνυ.
3405 5184 3473 5239 Τι
3495 5198 3662 5255 προσ-

1711 5493 1869 5547 ΑΝΤ.
1911 5492 2180 5546 AGEIJJI
2223 5491 2454 5546 NOTIE.

492 5644 601 5709 (l6)
646 5645 944 5716 Lugendum
983 5650 1139 5715 ἵεται,
1178 5661 1233 5703 ιιι
1272 5652 1323 5703 in
1356 5661 1597 5705 extremo
1633 5652 1730 5703 hoc
1765 5666 1799 5702 ιι
1853 5650 1988 5703 libro

2095 5650 2170 5713 .‘il,
2208 5650 2361 5718 μόνος
2397 5651 2467 5703 ἴοι
2499 5653 2594 5722 τὴν
2627 5652 3076 5724 διεστραμμένην.
