3926 6126
210 311 296 408 1¹09
1278 303 1647 360 ADVERSUS
1686 303 2089 361 NESTORIUM
2128 303 2255 358 LIB.
2298 304 2360 357 ll.

3325 301 3429 355 HO

205 424 386 496 τὲταχε
418 426 533 488 τοῖς
561 424 673 478 ἄνω
700 424 1006 494 πνεύμασιν
1031 424 1060 476 6
1087 422 1219 486 Θεὸς
1250 424 1343 475 καὶ
1374 423 1582 495 Πατὴρ,
1617 424 1761 477 διδα-

1873 438 1962 494 pes
1993 441 2092 479 nos
2122 424 2295 479 factos
2339 437 2460 478 esse
2501 422 2698 478 divime
2738 420 2855 490 ejus
2888 428 3097 474 natum
3115 420 3204 472 "‘P
3236 420 3432 476 Psallit

208 516 373 570 σκέτω
395 514 679 586 παρελθὼν
707 516 736 566 6
787 514 1076 576 θεσπέσιος
1120 512 1353 575 Παῦλος.
1388 532 1406 565 ι
1431 515 1601 567 Ὅταν
1628 516 1758 587 γὰρ,

205 606 378 674 φησὶν,
411 605 679 676 εἰσαγάγῃ
706 605 795 658 τὸν
824 605 1171 676 πρωτότοκον
1198 605 1276 666 εἰς
1297 604 1396 673 τὴν
1416 605 1759 675 οἰκουμένην,

204 697 338 761 λέγει
363 710 375 725 ·
410 696 521 748 Καὶ
549 696 1083 766 προσκυνησάτωσαν
1132 694 1281 764 αὺτῷ
1311 694 1508 758 πάντες
1542 697 1764 764 ἄγγελοι

204 784 347 838 Θεοῦ.
380 805 401 837 ι
435 785 643 839 Οὐκοῦν
675 785 975 855 ἐπειδήπερ
1007 786 1064 836 ὲν
1093 784 1325 847 τούτοις,
1359 784 1421 836 τὸ
1462 784 1551 837 σὸν
1580 785 1643 855 δὴ
1671 787 1765 840 καὶ

208 878 353 946 σοφὸν
395 877 496 930 οὐκ
538 877 958 948 ὲπενήνεγκται·
1014 874 1439 945 προσκυνεῖσθαι
1468 875 1524 927 δὲ
1566 875 1764 944 μᾶλλον

207 969 578 1039 προοτέταχεν,
632 967 707 1030 ὡς
751 966 849 1021 ἕνα
884 984 988 1018 που
1021 966 1261 1031 πάντως,
1294 965 1389 1019 καὶ
1426 965 1524 1035 οὐχ
1580 965 1764 1036 ἕτερον

206 1059 290 1112 σὺν
315 1059 521 1130 ὲτέρῳο
557 1057 641 1121 τίς
670 1059 727 1110 δὲ
767 1059 794 1110 6
824 1059 975 1129 παρὰ
1005 1057 1112 1109 τῶν
1143 1057 1389 1124 ἀγγέλων
1422 1059 1762 1127 προσκυνού-

204 1169 349 1222 μενος
374 1170 388 1217 ;
437 1151 629 1205 Καίτοι
657 1151 750 1204 τὸν
781 1151 1123 1222 πρωτότοκον
1154 1152 1188 1220 ἠ
1222 1150 1342 1204 θεία
1375 1151 1523 1219 λέγει
1549 1152 1762 1222 Γραφῇ,

202 1246 531 1314 πρωτότοκον
561 1243 616 1296 δὲ
656 1241 973 1311 ὠνομάσθαι
1000 1242 1198 1311 φαμὲν,
1231 1242 1322 1294 τὸν
1373 1243 1437 1294 ἐκ
1480 1242 1616 1294 Θεοῦ
1653 1242 1764 1294 Πα-

199 1336 313 1407 τρὸς
342 1334 540 1403 Λόγον,
580 1335 762 1387 καίτοι
793 1332 925 1386 Θεὸν
961 1333 1092 1387 ὅντα
1133 1331 1275 1386 κατὰ
1318 1332 1479 1402 φύσιν
1512 1333 1603 1385 κα)⁸
1636 1331 1764 1386 Υίὺν

201 1425 473 1495 μονογενῆ,
506 1425 602 1478 καὶ
650 1423 984 1478 ἀσύντακτον
1024 1426 1088 1492 τῇ
1144 1422 1339 1483 κτίσει,
1387 1423 1525 1476 κατά
1564 1440 1625 1490 γε
1672 1424 1762 1476 τὸν

193 1515 284 1592 τῆς
312 1516 570 1584 θεότητος
622 1514 802 1583 λόγον,
851 1514 935 1566 ὅτι
960 1512 1184 1581 γέγονεν
1212 1513 1519 1584 ἅνθρωπος,
1564 1513 1658 1566 καὶ
1709 1516 1765 1567 ὲν

195 1608 408 1671 πολλοῖς
443 1607 691 1675 ἀδελφοῖς
715 1604 1075 1675 πρωτότοκος.
1096 1597 1192 1665 Εἷς
1228 1598 1319 1655 οὗν
1358 1602 1465 1671 ἄρα
1496 1602 1630 1673 πρὸς
1656 1601 1764 1654 τῶν

193 1698 302 1751 ἄνω
324 1695 651 1766 πνευμάτων
680 1695 707 1746 6
736 1691 1229 1764 προσκυνούμενος,
1254 1692 1282 1743 6
1308 1692 1370 1742 ὲκ
1394 1689 1528 1742 Θεοῦ
1555 1690 1765 1760 Πατρός

1865 527 2012 570 certe
2049 518 2237 571 beatus
2293 516 2456 569 David
2504 533 2516 567 :
2570 532 2587 565 ι
2616 513 2858 568 Adhaesit
2906 512 3083 565 anima
3141 526 3257 565 mea
3310 518 3431 579 post

1864 608 2023 675 te“;
2059 628 2079 660 ι
2119 622 2251 677 ergo
2296 622 2395 662 nos
2423 621 2636 677 qunque
2684 621 2747 661 ex
2784 604 3048 659 sententia
3099 602 3258 657 simul
3302 616 3427 656 cum

1864 699 1957 753 illo
1992 715 2056 752 ex
2110 711 2299 751 natura
2352 698 2460 752 Deo
2509 698 2584 752 dii
2633 697 2838 752 erimus
2883 706 3045 763 atque
3089 692 3426 756 vocabimur,

1866 789 2125 857 nobisque
2155 788 2401 844 ﬂectetur
2433 805 2593 843 omne
2617 804 2779 857 genu.
2811 786 2952 853 Quid
2985 785 3305 854 praeceperit
3333 799 3427 838 su-

1864 882 2009 948 peris
2056 879 2336 947 spiritibus
2389 880 2527 933 Deus
2575 895 2639 934 ac
2688 878 2885 948 [’ater,
2934 877 3125 930 doceat
3176 874 3429 945 prodiens

1867 973 2058 1027 beatus
2088 972 2310 1026 Paulus.
2354 989 2372 1019 σ
2403 971 2561 1035 Cum,
2598 971 2796 1038 inquit,
2831 969 3122 1022 introducit
3153 967 3429 1037 Primoge-

1866 1060 2033 1113 nitum
2070 1062 2120 1113 in
2156 1062 2340 1115 orbem
2369 1061 2675 1124 terrzrplicit
2706 1079 2717 1114 :
2758 1060 2822 1113 Et
2848 1060 3071 1113 adorent
3095 1073 3218 1111 eum
3242 1071 3430 1111 omnes

1865 1152 2037 1222 angeli
2074 1151 2168 1207 Dei
2196 1154 2261 1206 ".
2292 1173 2311 1205 ι
2348 1153 2517 1223 Igitur
2561 1153 2683 1221 quia
2719 1153 2772 1205 iu
2814 1153 2898 1206 his
2922 1153 3101 1205 verbis
3135 1150 3263 1204 illud
3301 1164 3432 1205 sane

1865 1243 2080 1311 sapiens
2106 1254 2255 1297 tuum
2285 1256 2651 1298 commentum
2685 1260 2788 1298 non
2824 1252 2906 1297 est
2935 1241 3305 1311 subiunctum,
3336 1240 3429 1295 sed

1866 1335 2093 1390 adorare
2121 1336 2283 1405 jussit
2316 1346 2375 1391 ut
2417 1353 2580 1390 unum
2613 1330 3019 1404 proculdubio,
3062 1345 3118 1387 et
3152 1350 3256 1387 non
3294 1334 3431 1389 alte-

1866 1442 1984 1478 rum
2028 1442 2149 1480 cum
2195 1428 2389 1492 altero,
2454 1430 2745 1495 quatrimns
2798 1427 3051 1496 quisnam
3106 1426 3178 1481 sit
3221 1424 3309 1479 ille
3338 1423 3428 1492 qui

1867 1515 1935 1568 ab
1964 1517 2171 1584 angelis
2198 1518 2307 1587 60
2333 1520 2590 1572 adorator
2621 1537 2633 1572 :
2662 1521 2810 1588 atqui
2846 1517 3263 1587 primogenitum
3308 1531 3431 1570 eum

1864 1604 2061 1659 divinae
2087 1606 2307 1662 Littera:
2338 1609 2525 1662 dicunt
2556 1625 2569 1661 :
2597 1608 3010 1677 primogenitum
3044 1617 3222 1661 autem
3252 1604 3433 1674 appel-

1868 1695 2033 1748 latum
2085 1698 2314 1754 dicimus
2349 1698 2480 1752 illud
2532 1714 2597 1752 ex
2651 1700 2757 1752 Deo
2805 1698 2963 1752 Patre
2994 1697 3253 1759 Verbum,
3306 1696 3435 1749 licet

190 1786 361 1854 Λόγος
399 1785 536 1856 μετὰ
563 1787 660 1856 τῆς
694 1784 828 1845 ἰδίας
860 1780 1062 1853 σαρκός
1082 1797 1096 1811 ·
1138 1779 1259 1831 τότε
1290 1777 1397 1848 γὰρ
1427 1777 1639 1840 τέτοκε,
1671 1779 1764 1830 καὶ

1873 1783 2015 1839 Deus
2044 1797 2190 1840 esset
2222 1802 2284 1842 ex
2317 1799 2528 1855 natura,
2558 1806 2621 1844 ac
2651 1789 2820 1844 Filius
2852 1789 3181 1857 unigenitus,
3213 1797 3263 1841 et
3290 1787 3433 1856 quod

191 1878 263 1941 ὡς
298 1877 594 1950 πρωτεύων
621 1878 678 1931 ὲν
710 1877 863 1938 πᾶσι,
893 1875 1093 1927 νοεῖται
1128 1870 1487 1943 πρωτότοκος.
1536 1867 1673 1921 Ἀλλ’
1707 1869 1763 1921 αἱ

194 1966 289 2033 μὲν
313 1966 664 2020 θεόπνευστοι
697 1965 933 2036 Γραφαὶ,
952 1961 1186 2032 Χριστὸν
1202 1962 1298 2013 ἕνα
1323 1961 1761 2031 διακηρύττουσι,

192 2057 282 2109 καὶ
312 2058 464 2121 Υἱδν,
488 2060 582 2110 καὶ
611 2055 842 2127 IUSpr
873 2055 967 2107 δύο
1000 2070 1062 2119 γε
1098 2053 1198 2123 μὴν
1231 2054 1258 2105 6
1288 2052 1539 2122 περιττὸς
1564 2053 1762 2116 οὑτοσὶ,

188 2147 283 2199 καὶ
343 2148 825 2218 προσκυνούμενον
881 2145 1163 2214 ἄνθρωπον
1213 2145 1278 2213 τῇ
1362 2143 1490 2213 ἁγία
1539 2161 1596 2197 τε
1673 2146 1767 2197 καὶ

188 2238 466 2308 όμοουσίῳ
513 2238 725 2309 Τριάδι,
754 2234 1066 2308 προστιθεὶς
1116 2233 1214 2285 οὐκ
1253 2232 1593 2301 αἰσχύνεται·
1633 2237 1767 2304 φησὶ

191 2322 299 2393 γὰρ
329 2325 523 2379 πάλιν·

1872 1873 1937 1927 ad
1985 1874 2203 1930 deitatis
2252 1878 2513 1933 rationem
2562 1882 2816 1949 pertinet,
2876 1895 2995 1932 cum
3044 1888 3291 1932 creatura
3343 1876 3436 1929 mi-

1872 1965 2015 2018 nime
2051 1969 2374 2033 censendus,
2406 1971 2530 2039 quia
2566 1969 2738 2025 factus
2774 1982 2858 2023 est
2897 1970 3082 2031 homo,
3115 1968 3251 2022 etin
3298 1965 3435 2020 mul-

1872 2056 1940 2110 tis
1971 2056 2232 2113 fratribus
2270 2062 2663 2131 primogenitus
2685 2062 2750 2117 “.
2789 2060 2935 2116 Unus
2973 2071 3051 2116 cst
3091 2060 3257 2127 igitur
3281 2059 3371 2126 qui
3401 2071 3433 2110 ι

1866 2146 2078 2214 superis
2128 2148 2408 2218 spiritibus
2464 2152 2756 2217 aduratur,
2806 2151 2934 2204 illud
3001 2166 3065 2205 ex
3119 2150 3228 2203 Deo
3280 2148 3436 2202 Patre

1869 2232 2108 2291 Verbum
2146 2254 2267 2292 cum
2300 2255 2395 2293 sua
2424 2256 2625 2305 carne;
2664 2256 2785 2293 nam
2820 2243 2991 2309 ipsum
3036 2239 3175 2309 quod
3213 2239 3431 2306 dicitur,

1869 2328 2075 2395 genuit,
2113 2338 2187 2393 et,
2227 2329 2279 2382 in
2327 2331 2577 2385 erunibus
2608 2332 2897 2397 primatum
2951 2340 3140 2384 tenens
3161 2329 3231 2396 ",
3263 2330 3315 2382 id
3348 2328 3433 2381 in-

192 2415 454 2485 telligitur
476 2413 815 2485 primogeniti
843 2415 1080 2469 nomine.
1116 2412 1221 2467 Sed
1253 2413 1508 2467 divinitus
1533 2415 1747 2485 quidem
1774 2416 2046 2488 inspirata:
2093 2418 2309 2474 Litterae
2366 2438 2529 2476 unum
2572 2421 2843 2478 Christum
2888 2424 3218 2492 praedicant,
3266 2433 3319 2477 et
3342 2424 3434 2478 Fi-

192 2504 349 2572 lium,
384 2520 441 2563 et
482 2510 801 2573 Dominum;
850 2509 985 2562 duos
1019 2523 1147 2561 vero
1192 2508 1279 2561 hic
1311 2514 1562 2577 nugator,
1606 2522 1661 2564 et
1695 2512 2025 2569 adorandum
2074 2516 2345 2571 hominem
2390 2527 2587 2572 sanctae
2615 2527 2669 2572 et
2700 2518 3144 2573 consubstantiali
3187 2518 3434 2573 Trinitati

189 2606 432 2675 adjicere
461 2620 564 2657 non
596 2605 888 2665 erubescit,
920 2604 995 2656 ait
1025 2604 1167 2656 enim
1202 2618 1412 2656 rursum
1449 2620 1461 2654 :

261 2695 449 2769 [Ἀλλ’
481 2692 634 2760 οὗτος
668 2698 696 2749 6
725 2696 864 2749 κατὰ
892 2695 1068 2766 σάρκα
1099 2694 1192 2746 τοῦ
1231 2695 1445 2764 Ἰσραὴλ
1479 2697 1766 2766 συγγενὴς,

185 2789 213 2839 6
244 2786 401 2849 κατὰ
425 2784 488 2836 τὸ
512 2783 834 2854 φαινόμενον
862 2782 957 2836 ἀνθ
968 2799 1168 2852 ρωπος,
1202 2783 1230 2834 6
1260 2784 1398 2835 κατὰ
1431 2783 1528 2854 τὴν
1556 2784 1768 2838 Παύλου

189 2875 379 2947 φωνὴν
408 2877 474 2927 ἐκ
501 2873 814 2943 σπέρματος
843 2871 1234 2943 γεγεννημένος
1256 2872 1435 2937 Δαδὶδ,
1465 2874 1769 2945 παντοκρά-

186 2983 299 3035 τωρ
320 2966 391 3037 τῇ
420 2962 685 3033 συναφείᾳ
709 2961 859 3026 Θεός.
896 2962 1035 3016 Εἶτα
1062 2962 1291 3027 τούτοις
1309 2961 1514 3031 ἐπάγει
1531 2979 1543 2991 ·
1572 2964 1769 3017 Ἀκου-

189 3073 279 3110 σον
306 3056 601 3127 ἀμφότερα
625 3053 718 3107 τοῦ
738 3053 953 3107 Παύλου
982 3052 1369 3124 κηρύττοντος·
1398 3054 1650 3123 ὁμολογεῖ
1677 3056 1767 3109 τὸν

186 3143 482 3217 ἄνθρωπον
505 3143 789 3215 πρότερον,
826 3140 921 3195 καὶ
954 3141 1074 3194 τότε
1106 3145 1171 3212 τῇ
1205 3142 1299 3194 τοῦ
1332 3143 1466 3196 Θεοῦ
1501 3145 1767 3217 συναφείᾳ

189 3236 439 3304 θεολογεῖ
461 3236 521 3287 τὸ
558 3234 912 3303 φαινόμενον·
948 3233 1034 3285 ἵνα
1076 3232 1260 3304 μηδεὶς
1308 3234 1768 3308 άνθρωπολάτρην

186 3328 274 3380 τὸν
324 3326 664 3398 Χριστιανὸν
700 3324 1002 3397 ὑποπτεύῃ.
1067 3325 1396 3394 Ἀσύγχυτον
1445 3327 1621 3381 τοίνυν
1669 3327 1768 3398 τὴν

189 3419 298 3471 τῶν
332 3419 558 3488 φύσεων
610 3416 864 3487 τηρῶμεν
914 3416 1241 3484 συνάφειαν·
1293 3416 1637 3487 ὁμολογῶμεν
1678 3420 1768 3471 τὸν

188 3506 281 3561 ἕνα
313 3508 458 3561 Θεόν
481 3522 493 3535 ·
525 3505 771 3575 σέϐωμεν
796 3505 885 3556 τὸν
917 3507 981 3574 τῇ
1019 3504 1138 3574 θείᾳ
1165 3505 1427 3575 συναφεία
1460 3505 1537 3575 τῷ
1570 3523 1768 3560 παντο-

186 3598 419 3669 κράτορι
450 3595 568 3666 Θεῷ
595 3593 1181 3665 συμπροσκυνούμενον
1208 3595 1543 3666 ἄνθρωπον.]

797 3840 1044 3892 ΚΕΦᾹΛ.
1076 3838 1173 3891 ΙΓ’.

254 3978 324 4031 Εἰ
361 3975 466 4045 μὲν
498 3970 589 4027 οὖν
619 3973 899 4044 ἄνθρωπον
922 3969 1200 4040 ὀνομάζων
1222 3964 1379 4021 οἶσθα
1414 3968 1550 4038 μετὰ
1579 3967 1766 4020 τούτου

178 4069 278 4123 καὶ
316 4066 463 4119 Θεὸν
489 4064 618 4116 ὄντα
633 4063 769 4114 κατὰ
796 4061 956 4131 φύσιν
986 4059 1168 4122 αὑτὸν,
1198 4055 1257 4111 εὖ
1289 4057 1355 4110 ἂν
1392 4058 1524 4127 ἔχοι,
1553 4060 1644 4111 καὶ
1671 4075 1766 4110 πε-

181 4161 505 4229 παύσομαι.
543 4156 607 4207 Εἰ
629 4154 684 4206 δὲ
705 4150 940 4223 μερίζων
971 4151 1068 4214 τὰς
1094 4151 1302 4219 φύσεις,
1322 4150 1441 4218 οὐχὶ
1470 4149 1546 4219 τῷ
1570 4149 1766 4202 ειδέναι

182 4254 378 4322 μόνον,
407 4250 497 4310 τίς
537 4248 636 4318 μὲν
670 4248 701 4316 ἡ
736 4244 1073 4314 ἀνθρωπεία,
1114 4242 1195 4303 τίς
1220 4240 1276 4293 δὲ
1302 4240 1365 4311 δὴ
1391 4239 1546 4294 πάλιν
1569 4240 1601 4309 ή
1628 4239 1765 4292 Οεία.

177 4341 410 4404 Διῖστὰς
436 4340 493 4391 δὲ
528 4337 729 4407 μᾶλλον
770 4337 868 4402 τῆς
899 4333 1032 4403 πρὸς
1065 4331 1287 4400 ἑνότητα
1329 4330 1649 4399 συνδρομῆς,
1675 4331 1768 4381 ἀν’

179 4431 603 4505 θρωπολατρεῖς
654 4424 1134 4497 ὀμολογουμένως’
1182 4421 1273 4474 καί
1308 4438 1388 4473 σοι
1427 4421 1564 4490 πρὸς
1611 4420 1767 4490 ἡμῶν

178 4524 479 4595 εἰρήσεται
500 4536 513 4549 ο
544 4538 560 4569 ι
581 4520 715 4580 Τοὺς
741 4517 985 4587 καρποὺς
1015 4515 1121 4567 τῶν
1145 4514 1319 4566 πόνων
1345 4529 1437 4566 σου
1472 4513 1759 4582 φάγεσαι.)

179 4613 444 4684 Σκληρὸς
483 4610 538 4661 δὲ
565 4610 656 4663 καὶ
697 4606 1052 4676 ἁνουθέτητος
1105 4604 1200 4671 ὢν,
1236 4606 1395 4675 μόνος
1437 4604 1508 4656 ἴθι
1560 4604 1656 4673 τὴν
1686 4604 1765 4656 δι-

178 4697 611 4772 εστραμμένην.
657 4697 840 4765 Ἡμεῖς
874 4695 930 4747 δὲ
975 4694 1070 4764 τὴν
1113 4694 1309 4763 εὐσεϐῆ
1340 4694 1433 4746 καὶ
1468 4692 1766 4763 ἀμώμητον

181 4792 294 4846 τῶν
335 4789 521 4858 ἁγίων
560 4787 817 4856 Πατέρων
869 4785 1272 4855 ἰχνηλατοῦντες
1312 4783 1518 4855 τρίϐον,
1554 4785 1667 4844 τοῖς
1705 4800 1765 4837 τε

179 4877 580 4937 ἁποστολικοῖς
641 4875 733 4926 καὶ
783 4875 1153 4942 εὐαγγελικοῖς
1219 4871 1645 4942 συγγράμμασιν
1697 4869 1765 4925 ἐὖ

181 4971 329 5041 μάλα
354 4962 895 5032 παιδαγωγούμενοι,
920 4964 1051 5035 ὁμοῦ
1074 4964 1153 5035 τῷ
1181 4963 1300 5034 Θεῴ
1323 4963 1417 5015 καὶ
1443 4961 1638 5030 Πατρὶ,
1671 4965 1765 5016 καὶ
1807 5015 1815 5018 ,

245 5128 293 5158 ⁸³
334 5127 374 5180 ΙΙ
415 5125 570 5179 Petr.
606 5139 643 5185 l,
677 5123 731 5177 4.
801 5122 845 5154 ⁸⁸
872 5121 1154 5184 Psal.an,
1193 5124 1244 5177 9.

180 5197 223 5228 "
250 5194 398 5251 Psal.
434 5209 646 5258 cxxvu,
683 5195 735 5246 2.

1354 5123 1398 5154 ⁸⁵
1430 5122 1593 5177 Hebr.
1635 5141 1673 5188 l,
1707 5124 1756 5176 6.

1942 2702 2205 2773 [Nauem
2261 2704 2366 2758 Sed
2430 2705 2515 2758 hic
2559 2704 2854 2759 secundum
2917 2717 3134 2758 carnem
3173 2714 3477 2775 cognatus

1871 2794 2059 2861 Israel,
2092 2800 2178 2852 hic
2226 2799 2527 2853 secundum
2568 2808 2814 2853 naturam
2857 2798 3206 2867 spectabilem
3250 2800 3433 2862 homo,

1875 2888 1963 2942 hic
1997 2889 2148 2956 juxta
2185 2889 2336 2943 Pauli
2385 2904 2573 2943 vocem
2627 2899 2786 2943 natus
2829 2903 2894 2942 ex
2941 2890 3148 2943 semine
3175 2889 3342 2943 David
3364 2888 3434 2951 ⁸⁸.

1874 2976 1988 3046 ipsa
2018 2978 2398 3045 conjunctione
2437 2979 2580 3033 Deus
2608 2991 2690 3034 est
2720 2980 3079 3048 omnipotens.
3112 2978 3313 3033 Deinde
3350 2979 3434 3032 his

1875 3067 2115 3137 adjungt't
2163 3069 2347 3122 :Audi
2397 3068 2620 3123 Paulum
2669 3080 2958 3139 utrumque
3010 3071 3431 3138 praedicantem:

1872 3157 2162 3212 conﬁtetur
2191 3160 2339 3226 prius
2374 3160 2668 3227 hominem,
2699 3171 2751 3216 et
2785 3162 2856 3215 ita
2893 3170 3111 3230 propter
3137 3162 3304 3231 ipsam
3342 3161 3433 3218 Dei

1869 3250 2340 3317 conjunctiouem,
2389 3265 2636 3307 naturam
2678 3255 3027 3322 spectabilem
3076 3254 3167 3308 Dei
3220 3256 3436 3311 nomine

1871 3346 2173 3401 consecrat,
2226 3352 2292 3392 ue
2328 3339 2450 3407 quis
2478 3338 2844 3395 Christianum
2889 3356 3009 3394 esse
3050 3343 3432 3397 hominicolam

1869 3428 2193 3494 suspicetur.
2250 3427 2573 3483 Naturarum
2617 3432 2797 3499 itaque
2841 3432 3272 3498 conjunctionem
3319 3437 3437 3490 sino
3526 3469 3539 3477 -

1873 3518 1978 3572 ulla
2004 3520 2318 3574 confusione
2335 3535 2619 3575 servemus
2639 3536 2656 3586 ε
2681 3521 3039 3576 conﬁteantur
3057 3539 3220 3577 unum
3241 3526 3433 3586 Deum,

1871 3622 2192 3665 veneremur
2249 3609 2516 3663 hominem
2570 3609 2661 3678 qui
2712 3625 2777 3664 ex
2829 3612 3004 3665 divina
3060 3613 3438 3680 conjunctione

1871 3713 1989 3751 cum
2020 3701 2397 3771 omnipotente
2418 3701 2527 3757 Deo
2556 3702 2716 3756 simul
2748 3702 3048 3775 adoratum]

2421 3852 2427 3857 '
2481 3834 2634 3888 CAP.
2675 3833 2812 3891 XIII.

1942 3966 1996 4018 Si
2044 3968 2258 4043 quidem
2311 3968 2473 4034 igitur
2516 3970 2788 4023 hominem
2835 3973 3133 4039 appellans,
3167 3989 3288 4029 cum
3336 3977 3437 4030 hoc

1869 4055 2029 4107 etiam
2081 4058 2243 4107 Deum
2270 4056 2444 4123 ipsum
2480 4071 2597 4110 esse
2624 4061 2916 4113 secundum
2958 4071 3201 4115 naturam
3234 4063 3433 4118 intelli-

1868 4146 1973 4211 gis,
2009 4146 2147 4200 bene
2190 4149 2369 4208 habet,
2413 4158 2465 4201 et
2490 4148 2599 4215 jam
2637 4151 2795 4200 linem
2835 4148 3071 4206 faciam:
3101 4155 3181 4207 sin
3234 4155 3431 4210 dividis

1872 4249 2137 4300 naturas,
2191 4254 2294 4291 non
2348 4249 2403 4291 ut
2453 4239 2597 4293 scias
2656 4242 2813 4295 modo
2861 4258 3108 4311 qumnam
3158 4244 3433 4311 humana,

1871 4343 2056 4396 (puere
2101 4347 2287 4385 rursus
2336 4333 2555 4398 (iiVilla,
2606 4334 2698 4388 sed
2750 4343 2809 4387 ut
2843 4335 3066 4390 diducas
3123 4336 3191 4391 ab
3233 4336 3326 4391 illo
3382 4339 3435 4392 in

1803 4463 1843 4514 Β
1875 4420 2131 4473 unitatem
2194 4437 2493 4488 concursu,
2554 4432 2761 4477 certum
2815 4433 2898 4479 cst
2946 4434 2999 4478 te
3052 4426 3434 4480 hominicolam

1874 4524 2012 4572 esse,
2054 4520 2109 4562 et
2153 4511 2245 4563 tibi
2289 4527 2316 4563 a
2370 4513 2522 4565 nobis
2571 4514 2825 4566 dicetur:
2864 4531 2883 4564 ι
2914 4512 3140 4567 Fructus
3188 4514 3433 4568 laborum

1878 4611 2086 4652 tuorum
2131 4603 2258 4655 cdes
2288 4603 2504 4673 (17)”:
2546 4622 2564 4653 ι
2598 4618 2719 4655 cum
2754 4619 2885 4657 vero
2920 4604 2994 4657 sis
3032 4607 3199 4659 durus
3229 4613 3284 4658 et
3324 4621 3437 4659 mo-

1877 4690 1986 4744 nita
2044 4707 2288 4759 respuns,
2334 4694 2483 4746 solus
2515 4708 2611 4760 per
2638 4694 2777 4746 viam
2827 4709 3135 4760 perversam
3170 4697 3278 4749 abi.
3329 4697 3437 4753 Nos

1874 4797 2001 4836 vero
2033 4785 2174 4850 piam
2222 4792 2277 4837 et
2309 4794 2507 4838 rectam
2550 4795 2858 4839 sanctorum
2890 4786 3106 4841 Patrum
3146 4789 3285 4842 viam
3316 4805 3441 4857 pcr-

1876 4874 2235 4941 vestigantes,
2295 4885 2348 4928 et
2392 4876 2705 4942 apostolicis
2748 4876 3179 4946 evangelicisque
3223 4881 3440 4949 scriptis

1873 4964 2075 5032 Optime
2113 4963 2384 5028 instructi,
2425 4965 2582 5018 simul
2618 4981 2739 5019 cum
2789 4964 2896 5019 Deo
2928 4977 2983 5019 et
3013 4966 3173 5022 Patre
3217 4978 3271 5020 et
3315 4984 3440 5022 san-

1865 5125 1908 5154 ⁶⁶
1934 5124 2087 5177 Rern.
2138 5140 2254 5187 nn,
2287 5124 2375 5177 29.
2497 5124 2537 5154 ⁸⁷
2587 5122 2795 5176 Coloss.
2846 5126 2998 5187 1,13.
3070 5126 3294 5177 "Rom.
3322 5125 3437 5187 I,5.

1465 5325 1625 5380 ANT.
1666 5315 1933 5381 AGELLII
1977 5328 2204 5381 Nom-1.

250 5494 358 5562 μγ)
389 5490 487 5543 Sic
536 5488 699 5540 habet
737 5487 964 5562 Δ(ὶιτιξςῇηε
1018 5485 1197 5562 Cyr_illi
1245 5485 1434 5562 code}.
1491 5481 1761 5562 Caeterum

181 5553 316 5615 LXX
343 5553 641 5612 'verterunt
671 5559 795 5619 τοὺς
840 5556 1034 5616 πόνους
1065 5553 1171 5606 τῶν
1206 5553 1433 5622 καρπῶν
1464 5568 1556 5603 σου
1591 5554 1762 5620 φάγε-

184 5650 289 5694 σαι,
320 5634 535 5683 labores
568 5642 817 5677 manuum
851 5640 943 5694 seu
974 5625 1268 5694 palmarum
1290 5626 1761 5694 tuarummandu-

184 5691 352 5765 ciebis;
393 5708 448 5751 ct
482 5694 714 5763 καρπῶν
762 5710 826 5749 eo
864 5693 979 5748 loco
1021 5709 1123 5745 non
1159 5693 1389 5759 fructus,
1427 5693 1518 5744 sed
1559 5691 1760 5751 palmas

1879 5485 2274 5560 intellexerunt,
2305 5495 2365 5534 ut
2390 5485 2627 5560 etiam_in
2658 5484 2961 5560 Proverbiis
2985 5499 3102 5551 cap.
3128 5504 3276 5551 χχχι,
3304 5509 3441 5560 καρ-

1871 5556 1970 5607 πὸν
2002 5556 2056 5607 δὲ
2100 5556 2331 5618 ἐξέτεινε
2381 5555 2591 5621 πτωχῷ,
2633 5564 2678 5606 et
2712 5556 2913 5622 palmas
2954 5571 3075 5608 suas
3104 5563 3337 5615 extendit
3375 5555 3444 5613 σά

1871 5643 2168 5692 pauperem.
