3926 6126
465 286 559 343 ιιι

1413 290 1470 346 S.
1495 289 1769 347 CYRILLI
1802 289 2269 347 ALEXANDRINI
2297 287 2619 346 ARCIIIEP.

3612 284 3716 340 ιη

461 413 550 460 oto
582 402 823 474 Spiritu,
873 403 1030 460 unica
1087 406 1404 463 adoratione
1448 408 1829 463 venerabimur
1863 424 2028 464 unum

2144 409 2211 481 τῷ
2240 408 2380 479 ἁγίῳ
2410 406 2705 476 Πνεύματι,
2748 405 2846 476 μιᾷ
2873 403 3242 474 προσκυνήσει
3277 402 3588 473 τιμήσομεν
3625 399 3714 453 τὸν

463 495 751 550 Dominum
786 495 967 550 Jesum
999 496 1295 564 Christum,
1343 512 1438 567 per
1461 515 1623 568 quem
1667 509 1724 555 et
1766 516 1886 554 cum
1923 516 2029 569 quo

466 585 575 639 Deo
614 594 665 640 et
711 584 857 640 Patri
894 588 1065 657 gloria
1102 604 1222 643 cum
1257 599 1446 645 sancto
1491 589 1697 658 Spiritu
1747 591 1799 644 in
1831 590 2026 645 saecula

463 671 799 725 saeculoruttt.
834 674 1025 727 Amen.

652 783 757 853 ει
802 800 1041 918 ΊξΟΜ
1071 804 1203 890 US
1274 806 1823 897 TERTIUS.

538 998 783 1067 Magnum
827 1006 909 1051 est
961 996 1145 1065 procul
1187 997 1352 1052 dubio
1395 997 1521 1054 illud
1572 1000 1785 1070 pietatis
1830 1012 2031 1073 myste-

467 1092 627 1151 rittm,
655 1100 709 1143 et
737 1088 871 1157 ipsis
897 1088 1062 1143 etiam
1088 1090 1295 1145 sanctis
1324 1091 1530 1161 angelis
1558 1092 1936 1146 admirandum
1960 1093 2029 1158 7°,

467 1183 516 1233 in
549 1195 724 1248 eoque
755 1181 1041 1234 conﬁrmat
1065 1195 1163 1236 nos
1194 1181 1470 1251 apostolus
1493 1182 1689 1238 Paulus
1722 1199 1843 1238 cum
1869 1186 2029 1241 dicit:

404 1300 415 1307 -
469 1292 486 1321 ι
520 1269 591 1326 Ut
625 1280 806 1324 notum
855 1270 949 1324 ﬁat
988 1286 1132 1325 nunc
1166 1273 1560 1342 principatibus
1585 1283 1640 1329 et
1682 1276 2034 1343 potestatibus

466 1364 516 1415 in
564 1361 876 1416 coelestibus
909 1376 1006 1431 per
1041 1360 1337 1417 Ecclesiam
1385 1364 1736 1421 multiformis
1768 1368 2034 1437 sapientia

464 1454 585 1516 Dei,
624 1454 917 1508 secundum
943 1455 1354 1524 praelinltionem
1390 1456 1732 1525 saeculorum,
1770 1475 1931 1529 quam
1958 1459 2036 1515 fe-

462 1545 539 1597 cit
571 1544 622 1596 in
656 1542 882 1598 Domino
913 1554 1097 1598 noetro
1124 1543 1249 1600 Jcsu
1280 1546 1520 1612 Christo,
1561 1549 1613 1602 in
1644 1564 1750 1618 quo
1778 1551 2037 1606 habemus

466 1634 720 1687 tidnciatn
751 1642 803 1686 et
832 1648 1110 1688 accessum
1148 1635 1200 1688 in
1231 1635 1556 1692 conﬁdentia
1585 1653 1681 1706 per
1716 1640 1980 1696 (idenim.
2011 1660 2029 1692 ι

2134 501 2229 554 ἕνα
2261 500 2465 571 Κύριον
2511 495 2717 567 Ἰησοῦν
2769 494 3037 566 Χριστόνο
3072 493 3140 547 δι’
3180 487 3241 547 οῦ
3273 493 3370 546 καὶ
3408 491 3528 562 μεθ’
3553 483 3615 544 οὗ
3637 491 3714 560 τῷ

2134 591 2255 662 Θεῷ
2276 591 2370 644 καὶ
2396 589 2570 659 Πατρὶ
2596 586 2720 651 δόξα
2747 587 2843 639 σὺν
2870 585 2949 656 τῷ
2983 585 3124 655 ἀγίῳ
3151 584 3452 654 Πνεύματι,
3477 582 3559 645 εἰς
3592 583 3714 643 τοὺς

2132 682 2336 745 αἰῶνας
2361 680 2468 734 τῶν
2501 677 2731 731 αἰώνων.
2767 677 2960 747 Ἀμήν.

2491 820 2872 906 ΤΟΜΟΣ
2945 818 3360 903 ΤΡΙΤΟΣ.

2205 999 2365 1067 Μέγα
2423 998 2520 1070 μὲν
2572 996 3020 1068 ὁμολογουμένως
3060 996 3180 1048 ἐστὶ
3210 994 3272 1048 τὸ
3306 995 3405 1064 τῆς
3437 991 3716 1053 εὐσεϐείας

2137 1091 2455 1162 μυστήριον,
2501 1089 2869 1159 τεθαύμασται
2921 1086 2979 1141 δὲ
3031 1086 3128 1141 καὶ
3187 1085 3316 1156 παρ’
3366 1087 3552 1148 αὐτοῖς
3603 1087 3713 1146 τοῖς

2135 1180 2311 1248 ἁγίοις
2355 1179 2629 1248 ἀγγέλοις,
2659 1179 2756 1232 καὶ
2806 1178 2943 1248 πρός
2990 1193 3055 1245 γε
3090 1175 3251 1230 τοῦτο
3294 1178 3439 1247 ἡμᾶς
3485 1174 3716 1246 ὲμπεδοῖ

2133 1270 2309 1337 λέγων
2337 1271 2365 1322 6
2397 1268 2704 1338 σοφώτατος
2731 1267 2970 1332 Παῦλος
3002 1268 3156 1322 «Ἵνα
3180 1266 3456 1340 γνωρισθῇ
3480 1264 3576 1320 νῦν
3597 1267 3714 1328 ταῖς

2134 1362 2332 1431 ἀρχαῖς
2359 1360 2453 1413 καὶ
2477 1361 2596 1422 ταῖς
2622 1358 2896 1424 ἐξουσίαις
2915 1360 2974 1411 ὲν
2994 1361 3107 1422 τοῖς
3133 1358 3476 1428 ἐπουρανίοις
3503 1358 3591 1410 διὰ
3614 1357 3711 1426 τῆς

2146 1450 2491 1520 Ἐκκλησίας,
2532 1452 2565 1520 ή
2598 1448 2978 1513 πολυποίκιλος
3029 1448 3190 1519 σοφία
3233 1447 3328 1502 τοῦ
3376 1446 3545 1513 Θεοῦ,
3577 1447 3717 1501 κατά

2135 1541 2392 1613 πρόθεσιν
2413 1541 2523 1594 τῶν
2549 1540 2782 1605 αἰώνων,
2811 1541 2876 1612 ἢν
2900 1540 3154 1613 ἐποίησεν
3177 1542 3234 1595 ὲν
3253 1541 3329 1609 τῷ
3347 1539 3539 1610 Κυρίῳ
3559 1539 3722 1610 ήμῶν

2149 1629 2321 1700 Ἰησοῦ
2346 1629 2586 1699 Χριστῷ,
2617 1631 2674 1684 ὲν
2698 1624 2743 1705 εἶ)
2764 1629 2958 1700 ἔχομεν
2978 1630 3079 1700 τὴν
3099 1630 3413 1702 παρρησίαν
3434 1630 3529 1684 καὶ⁸
3552 1646 3716 1699 προσ-

426 1764 431 1771 .
468 1724 747 1794 Sapientia
784 1735 869 1778 est
914 1740 1148 1792 namque
1189 1740 1401 1792 revera,
1437 1737 1491 1783 et
1525 1730 1747 1787 minime
1780 1731 2034 1797 humana,

2144 1718 2361 1789 αγωγὴν
2391 1721 2451 1771 ἐν
2478 1718 2801 1788 πεποιθήσει
2834 1718 2921 1772 διά
2955 1719 3054 1786 τῆς
3084 1719 3334 1782 πίστεως.
3370 1739 3388 1770 ι
3418 1721 3590 1788 Σοφία
3610 1719 3716 1790 γὰρ

466 1817 561 1872 sed
610 1830 741 1870 sane
784 1815 996 1879 divina,
1052 1827 1107 1869 et
1157 1818 1337 1873 abdita
1390 1821 1443 1873 in
1497 1822 1727 1889 quadam
1780 1821 2036 1876 ineﬂ‘abili

469 1906 837 1975 profunditate
863 1914 917 1961 et
944 1906 1531 1975 incomprehensibilita
1543 1920 1592 1965 te
1614 1910 1812 1966 Christi
1840 1922 2036 1982 myste-

472 1999 610 2049 riunt
641 2013 654 2051 :
688 1999 870 2066 itaque
914 1997 1100 2066 psallit
1145 1998 1334 2055 beatus
1362 2000 1527 2055 David
1561 2020 1575 2055 :
1609 2020 1628 2052 ι
1660 2002 1723 2055 Et
1752 2004 1930 2071 posuit
1961 2012 2037 2058 te-

469 2089 663 2141 nebras
691 2086 969 2141 latibulum
1020 2102 1199 2153 suum,
1229 2089 1281 2142 in
1317 2091 1548 2145 circuitu
1577 2090 1692 2159 ejus
1719 2095 2038 2147 tabernacu-

469 2165 577 2231 tuin
607 2178 746 2244 ejus,
787 2180 1072 2232 tenebrosa
1117 2192 1254 2248 aqua
1290 2180 1340 2233 in
1378 2181 1609 2237 nubibus
1647 2184 1880 2237 aeris".
1916 2204 1935 2235 ο
1979 2183 2037 2238 ln

468 2284 578 2337 quo
607 2269 856 2322 tenebras
900 2269 1033 2322 nihil
1061 2269 1230 2335 aliud,
1276 2279 1332 2324 ut
1363 2271 1577 2339 opinor,
1613 2274 1883 2344 intelligit,
1934 2274 2035 2329 nisi

470 2357 756 2411 obscuram
781 2357 1156 2427 intelligentia
1183 2362 1580 2429 perceptionem
1604 2362 1654 2416 in
1682 2363 1852 2416 oculis
1872 2362 2037 2416 animi

472 2447 720 2515 caliginis
772 2447 942 2501 instar
988 2449 1382 2504 incurrentem.
1429 2449 1538 2506 Hac
1581 2453 1646 2506 de
1692 2466 1852 2506 causa
1901 2452 2040 2506 dici-

475 2551 617 2601 mus,
673 2536 969 2593 subtilibus
1016 2538 1454 2606 questionibus,
1509 2548 1565 2596 et
1606 2542 1922 2597 curiositate
1974 2542 2040 2595 ad

474 2642 634 2695 quant
684 2626 990 2696 pertingere
1051 2643 1155 2681 non
1209 2630 1380 2698 possit
1441 2630 1835 2700 intelligentia,
1896 2632 2041 2687 nullo

479 2718 638 2771 modo
669 2717 962 2787 indiguisse
990 2716 1190 2773 Christi
1222 2722 1560 2790 mysterium,
1601 2723 1695 2777 sed
1727 2723 1830 2778 (ide
1866 2723 2043 2793 potius

474 2824 593 2877 qnte
634 2806 953 2877 simpliciter
979 2824 1044 2863 ac
1068 2810 1184 2865 sine
1204 2810 1320 2865 ulla
1354 2810 1567 2867 vafritie
1593 2815 1916 2869 traderetur.
1952 2813 2044 2868 Sic

474 2912 526 2956 et
571 2916 667 2956 nos
698 2900 797 2970 ipsi
833 2901 1037 2957 sentire
1076 2902 1383 2969 didicimus,
1422 2910 1477 2957 et
1500 2903 1830 2959 credidimus
1862 2919 1891 2956 a
1935 2903 2045 2958 Deo

475 3003 538 3045 ac
580 2990 738 3045 Patre
765 2990 1040 3060 proprium
1077 2989 1298 3052 Filium,
1351 2991 1518 3043 Deum
1548 2992 1797 3045 eumdem
1847 3006 2045 3046 secun-

2134 1809 2352 1881 ἀληθῶς
2394 1811 2489 1863 καὶ
2537 1811 2638 1862 οὐκ
2676 1810 2993 1882 ἀνθρωπίνη
3025 1809 3224 1863 ποθέν·
3272 1810 3389 1863 θεία
3422 1812 3477 1864 δὲ
3515 1811 3718 1882 μᾶλλον

2135 1901 2229 1955 καὶ
2259 1903 2316 1954 ὲν
2346 1902 2679 1972 ἀπορρήτοις
2708 1900 2818 1953 τισὶ
2863 1900 3052 1971 βάθεσι
3094 1918 3151 1953 τε
3194 1901 3285 1954 καὶ
3312 1902 3719 1971 ἀκαταληψίαις

2136 1990 2385 2060 κειμένη,
2421 1990 2482 2043 τὸ
2519 1989 2755 2062 Χριστοῦ
2801 1992 3130 2062 μυστήριον·
3165 1990 3355 2060 ψάλλει
3392 1993 3524 2060 γοῦν
3555 1994 3584 2045 6
3616 2008 3721 2061 μα-

2146 2082 2337 2154 κάριος
2370 2081 2533 2134 Δαὸίδ
2552 2099 2567 2112 ο
2603 2101 2621 2133 ι
2649 2083 2758 2136 Καὶ
2791 2081 2943 2134 ἔθετο
2975 2081 3162 2145 σκότος
3184 2081 3508 2152 ἀποκρυφὴν
3532 2080 3718 2143 αὐτοῦ,

2137 2173 2323 2243 κύκλῳ
2352 2171 2517 2225 αὐτοῦ
2560 2174 2593 2243 ή
2639 2172 2811 2244 σκηνὴ
2842 2171 3029 2237 αὐτοῦ,
3059 2172 3332 2225 σκοτεινὸν
3366 2172 3511 2244 ὕδωρ
3545 2173 3603 2226 ἐν
3636 2188 3725 2224 νε-

2139 2265 2332 2334 φέλαις
2373 2264 2572 2334 ἀέρωνο
2606 2282 2624 2316 ι
2665 2265 2860 2318 σκότον
2899 2259 3055 2334 οἶμαι
3094 2262 3269 2332 λέγων
3315 2263 3466 2317 οὐδὲν
3509 2262 3719 2334 ἕτερον,

2140 2354 2279 2426 πλὴν
2314 2354 2398 2405 ὅτι
2431 2371 2534 2408 που
2569 2357 2786 2417 πάντως
2818 2353 2916 2423 τὴν
2953 2353 3062 2407 τῶν
3094 2353 3312 2407 ἐννοιῶν
3352 2353 3724 2407 δυσκάτοπτον

2139 2443 2379 2515 εὕρεσιν,
2409 2445 2523 2506 τοῖς
2573 2444 2671 2512 τῆς
2719 2443 2955 2506 διανοίας
2995 2442 3295 2514 ὀφθαλμοῖς
3343 2443 3540 2514 ἀχλύος
3566 2444 3722 2515 δίκην

2140 2533 2536 2605 ἐμπίπτουσαν.
2564 2533 2750 2605 Ταύτῃ
2778 2534 2862 2587 τοί
2901 2551 3081 2605 φαμεν
3127 2533 3456 2605 ζητημάτων
3503 2533 3720 2604 ἰσχνῶν.

2140 2626 2235 2678 καὶ
2264 2624 2582 2696 περιεργίας
2609 2626 2706 2695 τῆς
2743 2626 3000 2679 ἐπέκεινα
3034 2626 3150 2690 νοῦ,
3185 2626 3470 2697 δεδεῆσθαι
3504 2627 3602 2698 μὲν
3632 2628 3723 2680 ού-

2140 2717 2325 2787 δαμῶς
2365 2716 2426 2769 τὸ
2459 2717 2694 2786 Χριστοῦ
2738 2720 3065 2789 μυστήριονρ
3129 2719 3364 2794 πίστεως
3414 2719 3470 2772 δὲ
3521 2720 3722 2783 μᾶλλον

2144 2806 2321 2877 ἁπλῆν
2348 2807 2444 2860 καὶ
2468 2806 2812 2878 ἀκακοῦργον
2843 2808 3074 2879 ἐχούσης
3098 2807 3197 2880 τὴν
3230 2809 3546 2878 παράδοσιν.
3567 2808 3722 2863 Οὕτω

2144 2898 2237 2951 καὶ
2270 2898 2433 2970 ἡμεῖς
2464 2897 2618 2950 αὐτοὶ
2649 2899 2863 2968 φρονεῖν
2890 2896 3267 2968 δεδιδάγμεθα,
3302 2896 3396 2950 καὶ
3430 2898 3725 2951 ﬁert-teut}-

2145 3004 2320 3057 καμεν
2360 2988 2441 3041 ὅτι
2483 2986 2615 3040 Θεὸν
2640 2986 2769 3039 ὅντα
2797 2987 2936 3040 κατά
2963 2986 3125 3057 φύσιν
3151 2988 3243 3041 τὸν
3273 2989 3402 3042 ῐδιον
3428 2988 3579 3053 Υίὸν,
3613 2989 3723 3043 ἀπ·-

473 3083 602 3136 dum
648 3091 926 3145 naturam,
958 3079 1124 3135 fuisse
1168 3080 1391 3134 missum
1432 3079 1710 3135 hominem
1740 3081 1963 3146 factum,
1993 3090 2040 3137 et

2148 3080 2384 3133 έστειλεν
2427 3081 2455 3133 ό
2499 3080 2629 3144 Θεὸς
2664 3080 2758 3133 καὶ
2786 3080 2975 3153 Πατὴρ
3003 3079 3288 3150 ἄνθρωπον
3317 3079 3596 3149 γεγονότα,
3630 3080 3726 3134 καὶ

474 3188 541 3226 ex
577 3171 803 3226 muliere
844 3168 1139 3225 secundum
1173 3182 1400 3223 carnem
1429 3171 1672 3240 genitum
1697 3171 1765 3235 ⁷⁸,
1801 3181 1859 3225 ιιι
1900 3173 1952 3226 in
1984 3188 2043 3228 se

475 3263 759 3317 credentes
787 3260 1070 3327 justiﬂoet,
1092 3267 1159 3313 et
1196 3273 1299 3314 suo
1327 3259 1562 3330 benigno
1594 3260 2045 3318 clementissimo-

478 3368 584 3422 que
619 3360 749 3406 nutu
784 3366 816 3406 a
852 3352 1091 3421 peccatis
1132 3350 1187 3405 in
1220 3350 1527 3421 ignorantia
1562 3352 1813 3408 admissis
1849 3352 2044 3408 libera-

481 3458 583 3509 tos,
616 3457 779 3512 puros
806 3451 861 3497 et
900 3441 1279 3498 immaculatos
1327 3457 1422 3512 per
1457 3457 1517 3497 se
1552 3440 1662 3497 Deo
1693 3453 1747 3497 et
1788 3443 1934 3498 Patri
1964 3443 2046 3496 nf-

482 3540 637 3597 lerat,
660 3544 714 3588 et
738 3548 833 3589 eos
857 3533 1052 3587 divinae
1076 3547 1190 3588 suae
1214 3540 1421 3588 naturae
1450 3533 1743 3603 participes
1770 3532 2043 3600 elﬁciat",

480 3626 571 3694 qui
599 3625 760 3679 morti
795 3633 962 3693 atque
1002 3624 1340 3694 corruptioni
1367 3625 1768 3679 erantobnoxii
1789 3625 1878 3693 1";
1910 3635 1964 3680 et
1992 3636 2048 3680 ut

482 3715 802 3781 pradicant
829 3713 989 3767 cmeis
1021 3712 1194 3766 visum
1220 3714 1287 3777 ",
1338 3723 1391 3768 et
1420 3713 1719 3767 errantium
1771 3715 2044 3768 hominum

480 3821 669 3877 greges
698 3805 763 3859 ad
794 3804 966 3858 lucem
995 3817 1135 3858 vera:
1160 3802 1255 3858 Dci
1281 3803 1604 3872 cognitionis
1633 3806 1956 3870 traduceret,
1985 3821 2047 3860 ac

482 3900 699 3972 doceret
727 3895 850 3965 quis
880 3902 1072 3948 natura
1097 3906 1333 3963 vereque
1364 3894 1503 3947 Deus
1530 3902 1691 3960 esset,
1728 3903 1778 3949 et
1806 3896 2046 3949 omnium

483 4003 661 4043 rerum
686 3986 865 4055 opitex
895 4001 909 4038 :
937 3983 1113 4038 factus
1140 3991 1224 4037 est
1253 3982 1399 4038 enim
1429 3982 1566 4037 odor
1601 3984 1924 4054 cognitionis
1954 3984 2047 4039 Dei

480 4094 545 4135 ac
573 4078 772 4142 Patris,
793 4086 849 4132 et
892 4076 943 4130 in
988 4074 1102 4145 ipso
1136 4074 1519 4143 conspeximus
1547 4074 1692 4128 illum
1724 4090 1792 4130 ex
1819 4092 1926 4144 quo
1958 4090 2049 4130 se-

479 4168 714 4223 cundum
753 4175 999 4220 naturam
1029 4172 1115 4218 cst
1156 4162 1405 4233 genitus,‘
1426 4170 1481 4215 et
1526 4159 1813 4215 manifeste
1836 4175 2048 4230 cogno-

479 4261 655 4312 vimus
682 4256 821 4309 viam
858 4268 978 4322 qua:
1005 4266 1103 4306 nos
1139 4254 1205 4304 ad
1245 4263 1505 4305 aeternam
1546 4251 1709 4303 vitam
1742 4248 1937 4303 defert.
1973 4249 2047 4302 Ita

479 4349 644 4404 etiam
678 4345 794 4401 fore
830 4353 888 4397 ut
923 4338 1162 4413 genitum
1205 4342 1457 4411 gregibus
1503 4340 1617 4408 ipse
1656 4340 1829 4395 Filius
1862 4340 2049 4395 illuce-

2145 3172 2208 3223 ἐκ
2236 3171 2490 3238 γυναικὸς
2528 3171 2669 3225 κατὰ
2698 3170 2877 3242 σάρκα
2902 3173 3316 3241 γεγεννημένον,
3346 3173 3433 3225 ἵνα
3461 3162 3726 3245 δικαιώσῃ

2143 3260 2270 3322 τοὺς
2304 3262 2383 3324 εἰς
2407 3261 2569 3314 αὑτὸν
2603 3263 2982 3326 πιστεύοντας·
3009 3264 3102 3316 καὶ
3132 3263 3238 3317 τῶν
3266 3264 3324 3318 ἐν
3354 3263 3547 3334 ἀγνοίᾳ
3568 3281 3728 3317 πται-

2147 3352 2392 3421 σμάτων,
2432 3355 2689 3423 χρηστοῖς
2715 3355 2808 3407 καὶ
2842 3355 3214 3424 ἡμερωτάτοις
3253 3355 3572 3419 ἀπαλλάξας
3602 3355 3725 3408 νεύ-

2149 3457 2301 3511 μασι,
2331 3440 2600 3512 καθαροὺς
2634 3443 2729 3495 καὶ
2758 3441 3020 3513 ἀμώμους
3047 3444 3431 3514 προσκομίσειε
3459 3442 3526 3495 δι’
3554 3442 3717 3496 αὑτοῦ

2145 3530 2224 3601 τῷ
2271 3531 2390 3601 Θεῷ
2432 3533 2527 3585 καὶ
2577 3533 2771 3603 Πατρὶ,
2805 3533 2898 3586 καὶ
2942 3532 3041 3602 τῆς
3090 3532 3239 3597 θείας
3275 3532 3470 3587 ἑαυτοῦ
3505 3533 3719 3602 φύσεως

2148 3624 2447 3695 ἐργάσηται
2481 3627 2794 3688 κοινωνοὺς,
2819 3626 2945 3689 τοὺς
2973 3625 3077 3678 ὑπὸ
3106 3624 3332 3679 θάνατον
3357 3626 3454 3679 καὶ
3481 3624 3687 3696 φθοράν
3707 3642 3719 3655 ·

2148 3712 2361 3787 κηρύξῃ
2392 3715 2447 3768 δὲ
2479 3716 2572 3768 καὶ
2610 3715 2832 3784 τυφλοῖς
2860 3715 3154 3784 ἀνάϐλεψιν
3176 3731 3190 3744 θ
3233 3718 3328 3769 καὶ
3353 3716 3452 3778 τὰς
3488 3715 3598 3768 τῶν
3629 3732 3729 3768 πε-

2151 3806 2505 3877 πλανημένων
2548 3805 2748 3872 ἀγέλας
2797 3807 2876 3868 είς
2917 3805 2975 3859 τὸ
3018 3808 3116 3874 τῆς
3140 3806 3374 3874 ἀληθοῦς
3400 3806 3729 3874 θεογνωσίας

2153 3893 2494 3966 μετακομίσῃ
2541 3892 2654 3961 φῶς
2679 3910 2692 3923 ο
2729 3894 2916 3965 διδάξῃ
2944 3909 3003 3946 τε
3033 3893 3238 3959 λοιπὸν,
3263 3895 3346 3956 τίς
3393 3897 3420 3947 6
3462 3896 3623 3963 φύσει
3669 3910 3728 3947 τε

2150 3984 2244 4037 καὶ
2276 3982 2489 4054 ἀληθῶς
2514 3986 2631 4036 ἐστι
2657 3982 2810 4048 Θεὸς,
2841 3986 2935 4037 καὶ
2962 3984 3071 4036 τῶν
3090 3984 3225 4037 ὅλων
3256 3984 3611 4055 δημιουργὸς,
3635 3987 3727 4054 γέ·
3806 3993 3816 4002 “

2149 4093 2272 4144 γονε
2304 4076 2411 4146 γὰρ
2438 4075 2583 4145 ὀσμὴ
2622 4076 2719 4146 τῆς
2762 4074 3014 4143 γνώσεως
3061 4076 3156 4129 τοῦ
3198 4075 3329 4129 Θεοῦ
3360 4078 3449 4130 καὶ
3482 4079 3696 4149 Πατρός
3716 4097 3730 4110 ·

2151 4165 2245 4217 καὶ
2279 4165 2336 4216 ὲν
2366 4163 2512 4233 αὐτῷ
2541 4164 2847 4235 τεθεάμεθα
2886 4165 2998 4230 τὸν,
3028 4165 3086 4228 ἐξ
3132 4158 3194 4217 οὗ
3242 4167 3565 4237 γεγέννηται
3595 4171 3734 4221 κατά

2152 4254 2310 4322 φύσιν
2330 4271 2344 4285 ·
2387 4254 2709 4323 ἐγνώκαμέν
2749 4273 2808 4308 τε
2841 4256 3030 4323 σαφῶς
3066 4257 3163 4329 τὴν
3191 4261 3268 4320 εἰς
3297 4259 3439 4328 ζωὴν
3464 4263 3618 4331 ἡμᾶς
3640 4264 3736 4332 τὴν

2155 4342 2321 4395 ἀΐδιον
2359 4343 2738 4414 ἀποφέρουσαν
2771 4345 2908 4400 ὁδόν.
2936 4345 3094 4399 Οὕτω
3125 4349 3217 4400 καὶ
3257 4351 3376 4409 ταῖς
3416 4349 3526 4403 τῶν
3567 4351 3736 4404 ἐθνῶν

368 5459 377 5467 -
483 5443 786 5484 extremum
825 5442 983 5484 terra:
1006 5430 1095 5481 "'.
1133 5449 1149 5480 ι
1186 5426 1392 5497 Populo
1420 5431 1563 5483 enim
1593 5444 1656 5482 ex
1689 5431 1949 5499 Sanguine
1976 5447 2036 5479 ac

484 4445 598 4498 ret,
640 4436 832 4489 beatus
883 4398 1144 4502 propheta
1202 4398 1369 4484 l'sai‘as
1418 4430 1574 4497 longe
1626 4441 1751 4485 ante
1797 4431 2040 4484 clamavit

2157 4434 2379 4500 ἀγέλαις
2422 4398 2753 4505 ὲτίιλάμψειν
2794 4398 3039 4489 τὸνήΥἱὸν

485 4528 674 4581 dicens
706 4539 721 4577 :
758 4542 776 4573 ι
812 4521 903 4576 Sic
934 4520 1064 4574 dicit
1093 4519 1352 4573 Dominus
1384 4537 1397 4573 :
1435 4519 1725 4572 Lahoravit
1757 4519 2040 4589 )Egyptus,

2167 4526 2396 4588 Ἡσαΐας
2424 4527 2914 4597 προανεκεκράγει,
2947 4528 3151 4596 λέγων’
3197 4552 3216 4581 ι
3247 4530 3403 4584 Οὕτω
3444 4531 3594 4599 λέγει
3622 4533 3736 4586 Κύ-

480 4628 533 4669 et
579 4613 974 4680 negotiationes
1023 4608 1342 4678 EthiOpum
1368 4649 1383 4674 ,
1425 4619 1483 4664 et
1516 4610 1624 4680 32
1660 4609 1907 4676 Sabaim,
1947 4611 2040 4664 viri

2159 4616 2631 4686 ριοςοῈκοπίασεν
2674 4617 2966 4683 Αἴγυπτος,
3007 4620 3100 4671 καὶ
3132 4620 3397 4691 ἐμπορίαι
3437 4622 3735 4685 Αἰθιόπων,

481 4706 739 4758 sublimes
769 4703 835 4754 ad
868 4711 918 4754 te
949 4701 1278 4765 transibunt,
1325 4712 1381 4755 ct
1413 4701 1507 4756 tibi
1556 4701 1814 4764 servient,
1852 4709 1905 4754 et
1932 4713 2040 4771 post

2157 4708 2244 4758 καὶ
2274 4707 2322 4759 οί
2351 4706 2586 4777 meum.
2609 4705 2798 4777 ἄνδρες
2821 4708 3016 4777 ὑψηλοὶ
3046 4710 3139 4762 ἐπὶ
3169 4712 3226 4763 σὲ
3247 4711 3617 4781 διαϐήσονται,
3644 4715 3739 4766 καὶ

485 4806 538 4847 te
583 4801 879 4860 sequentur
930 4790 1099 4843 vincti
1150 4790 1538 4859 rampedibns,
1583 4800 1638 4844 et
1685 4792 2040 4845 curvabuntttt

2161 4796 2242 4847 σοὶ
2271 4794 2480 4848 ἔσονται
2506 4796 2700 4858 δοῦλοι,
2737 4797 2830 4849 καὶ
2863 4797 3038 4850 ὀπίσω
3070 4816 3162 4851 σου
3193 4800 3736 4871 ἀκολουθήσουσιδε-

486 4886 603 4947 tibi,
629 4893 684 4937 et
718 4884 771 4936 in
806 4892 858 4936 te
886 4882 1211 4947 adorabunt,
1245 4883 1368 4952 quia
1403 4884 1455 4935 in
1492 4894 1543 4937 te
1569 4882 1707 4937 Deus
1739 4895 1842 4947 est,
1872 4892 1924 4936 et
1945 4898 2040 4936 non

2157 4885 2372 4955 δεμὲνοι
2412 4888 2754 4955 χειροπέδαις
2777 4903 2792 4918 ’
2826 4890 2918 4940 καὶ
2947 4891 3382 4961 προσκυῦήσουσί
3418 4910 3523 4954 σοι,
3557 4895 3652 4947 καὶ
3681 4896 3739 4945 ὲν

480 4987 565 5030 est
612 4976 751 5029 Deus
787 4985 982 5043 praeter
1030 4982 1118 5028 te:
1151 4984 1203 5027 ttt
1244 4988 1303 5027 es
1326 4973 1489 5033 ,enim
1539 4974 1676 5027 Deus
1725 4983 1779 5026 et
1818 4974 2040 5027 neScivi-

2160 4978 2241 5027 σοὶ
2288 4976 2704 5044 προσεύξονται·
2747 4978 2827 5030 ὅτι
2862 4980 2919 5030 ἐν
2952 4985 3035 5031 σοι
3079 4980 3107 5032 6
3154 4981 3285 5045 Θεός
3315 4986 3466 5036 ἐστι·
3511 4986 3608 5038 καὶ
3640 4985 3739 5036 οὐκ

485 5083 623 5131 Inus,
674 5067 811 5118 Deus
859 5063 1021 5119 Israel
1071 5063 1396 5119 salvator".
1430 5082 1447 5113 ι
1496 5062 1705 5117 Dictum
1760 5074 1843 5119 est
1886 5065 2040 5117 etiam

2156 5066 2270 5118 ἔστι
2297 5066 2427 5130 Θεὸς
2461 5066 2601 5135 πλήν
2630 5084 2743 5121 σου.
2778 5068 2849 5120 Σὸ
2877 5069 2983 5141 γὰρ
3010 5066 3061 5123 εἷ
3086 5071 3217 5135 Θεὸς
3242 5074 3334 5125 καὶ
3360 5074 3460 5126 οὐκ
3491 5074 3737 5145 ᾔδειμεν,

483 5157 671 5230 procul
698 5157 858 5211 dubio
889 5157 956 5210 ad
978 5156 1196 5222 Filium,
1228 5170 1418 5209 rursus
1445 5164 1698 5224 tanquam
1723 5170 1786 5209 ex
1815 5171 2040 5225 persona

2154 5156 2182 5209 6
2202 5156 2332 5219 Θεὸς
2353 5156 2445 5208 τοῦ
2488 5157 2705 5226 Ἰσραὴλ
2730 5160 2929 5229 σωτήρ.
2964 5179 2983 5211 ι
3010 5162 3237 5233 Είρηται
3264 5163 3322 5216 δέ
3351 5181 3453 5217 που
3482 5165 3623 5234 πρὸς
3651 5165 3741 5218 τὸν

489 5253 578 5305 Dei
608 5266 673 5304 ac
707 5250 918 5303 Patris:
956 5266 974 5299 ι
1008 5248 1146 5303 Ecce
1182 5247 1336 5316 posui
1366 5257 1417 5300 te
1454 5248 1506 5299 in
1543 5256 1922 5301 testamentum
1957 5262 2040 5315 ge-

2156 5247 2301 5307 Υἱὸν,
2328 5247 2402 5307 ὡς
2436 5247 2500 5298 ἐκ
2530 5245 2823 5315 προσώπου
2852 5249 3010 5303 πάλιν
3041 5251 3132 5303 τοῦ
3164 5250 3297 5304 Θεοῦ
3350 5255 3446 5306 καὶ
3490 5254 3736 5325 Πατρός*

486 5343 651 5403 neris,
678 5341 729 5393 in
762 5341 935 5395 lucem
965 5342 1226 5406 gentium,
1258 5349 1315 5392 ut
1338 5339 1411 5391 sis
1444 5339 1496 5391 in
1525 5339 1749 5392 salutem
1783 5354 1950 5406 usque
1982 5340 2040 5389 ad

2160 5356 2178 5387 ι
2203 5338 2330 5389 Ἰδοὺ
2353 5336 2572 5390 τεθεικά
2597 5353 2654 5388 σε
2676 5339 2754 5414 είς
2782 5339 3043 5411 διαθήκην
3072 5343 3281 5410 γένους,
3304 5347 3383 5407 είς
3406 5344 3524 5413 φῶς
3544 5345 3738 5410 ἐθνῶν,

2142 5429 2237 5481 τοῦ
2288 5423 2428 5481 εἷναί
2478 5445 2551 5495 σε,
2584 5431 2663 5494 εἰς
2715 5431 2990 5504 σωτηρίαν
3024 5433 3128 5496 ἕως
3160 5436 3390 5503 ἐσχάτου
3420 5437 3521 5506 τῆς
3550 5437 3675 5507 γῆς·
3714 5457 3734 5486 ¹

548 5581 594 5611 ⁷⁸
629 5579 932 5660 l__Tnn.._n_t,
974 5580 1057 5634 16.
1134 5581 1199 5660 ⁷-⁸·
1226 5580 1418 5660 (Epiros.
1453 5582 1774 5660 III,IO,_19_.
1849 5584 1891 5612 τι
1932 5580 2040 5633 Psa‘.

2144 5599 2235 5660 tut,
2272 5584 2393 5660 12:“
2434 5584 2480 5660 ξ’
2518 5582 2693 5638 Galat.
2726 5602 2798 5649 tv,
2829 5587 2878 5641 4.
2961 5590 3006 5618 ⁷³
3040 5589 3080 5643 ll
3109 5592 3254 5646 l‘etr.
3290 5610 3328 5660 t,
3362 5593 3413 5646 4.
3493 5594 3541 5627 ⁷⁸
3576 5594 3737 5649 Rom.
3760 5588 3773 5603 ’

483 5666 599 5714 γιιι,
628 5654 714 5703 z‘l.
793 5653 835 5679 ⁷⁵
876 5654 977 5704 lsa.
1009 5668 1115 5712 ut,
1150 5653 1205 5715 ι;
1239 5653 1369 5705 Luc.
1405 5668 1478 5715 tv,
1514 5656 1597 5707 to.
1676 5653 1720 5681 ⁷⁵
1759 5652 1857 5705 lsa.
1897 5668 2017 5716 λιν,

2164 5654 2249 5707 lii.
2329 5654 2395 5683 ⁷⁸⁸
2433 5650 2531 5707 lsa.
2564 5670 2709 5714 nux.
2739 5660 2791 5713 θ,

1464 5907 1486 5935 Ι
