3926 6126
197 316 278 370 ll3
1249 318 1618 377 ADVERSUS
1655 322 2063 380 NESTORIUM
2104 326 2229 384 LIB.
2268 327 2357 382 ΙΠ.

3309 342 3407 395 ιιι

192 431 574 503 Νενομοθέτηκε
608 432 704 501 μὲν
732 433 837 503 γὰρ
867 433 958 485 τὸν
984 432 1043 500 ἐξ
1073 434 1302 504 αἵματός
1330 454 1388 489 τε
1418 440 1512 493 καὶ
1542 442 1728 508 γένους

1840 458 2026 512 genere
2075 447 2233 501 Israel
2291 446 2410 502 tulit
2458 447 2600 517 leges
2646 446 2781 503 Novi
2833 452 3187 519 Testamenti,
3229 460 3409 524 priore

205 523 400 594 Ἰσραὴλ
433 524 531 595 τὴν
578 523 783 592 Καινὴν
828 524 1140 596 Διὰθήκην,
1183 524 1586 602 παλαιωθεισης
1634 533 1734 601 τῆς

1840 532 1944 601 jam
1987 536 2292 602 autiquato,
2334 536 2511 589 illuxit
2541 536 2702 590 etiam
2732 553 2902 605 usque
2933 542 2998 594 ad
3032 523 3293 598 terminos
3322 562 3410 599 or-

187 617 415 687 πρώτης·
452 616 684 685 ἑπέφανε
737 616 793 668 δὲ
844 618 939 670 καὶ
981 618 1145 688 μέχρι
1192 622 1479 691 τερμάτων
1506 625 1603 693 τῆς
1631 624 1735 676 ὑπ’

187 709 409 779 οὐρανὸν,
447 711 561 770 τοῖς
592 708 696 761 ἀνὰ
720 710 901 760 πᾶσαν
932 708 1116 777 χώραν
1152 727 1211 762 τε
1253 713 1344 763 καὶ
1377 713 1534 765 πόλιν
1557 714 1735 768 ἔθνεσι

187 813 236 849 τε
280 797 364 849 καὶ
414 795 581 860 λαοῖς.
609 797 1094 866 Προσκεκυνήκασι
1128 797 1237 869 γὰρ
1284 801 1455 870 αὐτῷ,
1485 802 1580 854 καὶ
1629 802 1735 872 μὴν

189 903 268 940 και
312 886 526 939 ἕπονται
577 871 816 957 νοητῶς,
867 889 1167 959 ἀρρήκτοις
1211 892 1432 963 ἀγάπης
1482 871 1735 965 δεσμοῖς,

187 975 411 1047 καθάπερ
441 976 550 1029 τισὶ
579 978 925 1046 χειροπέδαις
950 980 1304 1050 ὲνισχημένα,
1329 983 1422 1037 καὶ
1453 987 1735 1055 μονονουχὶ

186 1066 386 1134 λέγοντα
424 1066 498 1119 ’τὸ
545 1066 635 1119 διὰ
667 1067 853 1136 φωνῆς
895 1069 1193 1140 Ἱερεμίουο
1230 1090 1250 1122 ι
1271 1072 1404 1126 Ἰδοὺ
1435 1074 1543 1127 οἶδε
1575 1078 1735 1146 ἡμεῖς

184 1156 396 1226 ἐσόμεθά
424 1172 528 1221 σοι,
563 1156 646 1209 ὅτι
672 1157 738 1210 σὺ
765 1156 968 1228 Κύριος
990 1160 1020 1211 ό
1042 1159 1173 1222 Θεὸς
1200 1161 1355 1231 ἡμῶν
1380 1159 1449 1216 εἴ.
1480 1165 1654 1236 »Ὅρα
1677 1167 1736 1220 δέ

187 1264 262 1316 μοι
282 1245 381 1298 τῶν
404 1245 761 1315 προςρητικῶν
781 1247 996 1301 ὲννοιῶν
1012 1247 1109 1319 τὴν
1128 1251 1458 1322 ἐγρήγορσιν
1475 1272 1490 1288 ο
1518 1273 1538 1307 ι
1569 1257 1738 1327 Προσ-

184 1336 458 1406 κυνήσουσῑ
492 1352 599 1397 σοι,
633 1337 787 1405 φησὶ,
816 1339 910 1390 καὶ
942 1339 999 1391 ὲν
1032 1339 1109 1398 σοὶ
1139 1343 1545 1412 προσεύξονται,
1575 1348 1655 1403 ὃτι
1679 1351 1737 1403 ὲν

183 1432 255 1484 oo‘t
283 1431 410 1494 Θεός
443 1433 584 1492 ἐστι,
616 1432 711 1487 καὶ
738 1434 837 1486 οὐκ
872 1433 989 1487 ἔστι
1013 1435 1145 1499 Θεδς
1190 1436 1332 1508 πλὴν
1380 1441 1508 1495 σοῦ·
1550 1461 1569 1495 ι
1617 1444 1737 1516 ᾔδει

182 1526 272 1594 μὲν
306 1521 397 1580 οὖν
440 1527 915 1598 ὁμολογουμένως,
946 1530 1021 1594 ὡς
1059 1536 1502 1606 πνευματοφόρος
1538 1538 1632 1592 τὸν
1672 1541 1739 1595 ὲκ

177 1619 304 1672 Θεοῦ
332 1620 543 1691 [ἰατρὸς
572 1620 744 1689 Λόγον
770 1623 827 1676 ὲν
857 1624 984 1692 ἡμῖν
1014 1626 1367 1702 σκηνώσαντα
1390 1627 1498 1700 [Im
1528 1631 1737 1702 σκηνώ-

178 1710 377 1782 σοντα],
410 1711 552 1765 καθά
581 1728 744 1779 φησιν
769 1716 797 1766 ό
822 1698 1093 1785 μακάρέος
1122 1698 1510 1792 εὐαγγελιστὴς
1550 1698 1734 1778 Ἰωάν-

173 1819 294 1871 νης·
322 1801 493 1874 ταύτῃ
522 1802 603 1855 τοι
634 1805 918 1873 φησιν,ὃτι
957 1824 976 1856 ι
1000 1807 1088 1859 Ἐν
1110 1809 1192 1861 σοὶ
1214 1810 1349 1873 Θεός
1375 1813 1520 1864 ἐστι⁸
1552 1829 1571 1864 ι
1599 1812 1740 1883 πλὴν

174 1894 268 1946 οὐκ
297 1895 376 1957 εἰς
419 1893 511 1947 δύο
542 1893 833 1964 τέμνεσθαι
861 1894 1029 1960 Θεοὺς
1062 1900 1449 1971 συγκεχώρηκε
1475 1902 1568 1956 τὸν
1606 1904 1740 1974 Ἐμ-

174 1985 406 2055 μανουήλ
424 2001 440 2016 ο
471 1984 584 2037 ἀλλ’
608 1987 658 2038 εἰ
687 1987 780 2039 καὶ
806 1987 1026 2055 γέγονεν
1046 1988 1142 2043 ἄνθ
1150 2007 1331 2061 ρωπος
1357 1996 1385 2045 6
1406 1993 1737 2065 Μονογενὴς,

170 2076 260 2128 ἕνα
283 2076 378 2128 καὶ
399 2074 574 2139 οὓτως
600 2074 871 2146 ὡμολόγει
898 2078 1060 2130 πάλιν
1088 2079 1247 2132 αὐτόν
1265 2096 1279 2109 ’
1303 2083 1397 2134 καὶ
1422 2082 1550 2148 γοῦν
1576 2083 1737 2150 εὐθὺς

168 2168 653 2237 προσεπήνεγκεν,
702 2168 784 2220 δτι
837 2185 857 2218 ι
887 2168 1001 2221 Οὐκ
1037 2168 1151 2221 ἔστι
1201 2168 1332 2234 Θεὸς
1380 2171 1519 2241 πλὴν
1567 2173 1683 2227 σοῦ.
1714 2192 1733 2226 ι

178 2256 463 2325 Ἐπιτήρει
502 2253 611 2326 γὰρ
643 2255 884 2326 ἀκριϐῶς
927 2257 1027 2326 τὴν
1063 2257 1157 2310 τοῦ
1200 2260 1478 2331 προφήτου
1530 2266 1736 2334 φωνήν.

169 2346 632 2417 Προσηγορευκὼς
650 2346 781 2416 γὰρ,
795 2346 869 2410 ὠς
890 2346 1046 2418 ἔφην,
1066 2350 1147 2402 ὄτι
1165 2351 1250 2405 Ἑν
1267 2352 1350 2404 σοὶ
1373 2354 1401 2405 6
1414 2352 1546 2417 Θεός
1566 2356 1736 2422 ἔστιν,

164 2437 222 2488 οὐ
244 2437 670 2511 προστέθεικεν,
702 2439 783 2491 ὅτι
808 2439 919 2491 Kal.
954 2440 1053 2492 οὐκ
1082 2440 1195 2494 εστι
1224 2442 1357 2507 Θεὸς
1390 2443 1531 2515 πλὴν
1559 2445 1652 2498 τοῦ
1680 2446 1741 2499 ἐν

164 2528 268 2592 σοὶ,
303 2527 422 2581 ἀλλ’
456 2530 535 2591 εἰς
584 2528 812 2599 ἑνότητα
857 2530 1190 2597 συνενεγκὼν
1223 2535 1595 2607 οἰκονομικὴν,
1627 2537 1740 2590 Οὐκ

162 2618 295 2683 εστι,
325 2620 486 2689 φησι,
518 2618 650 2682 Θεὸς
698 2618 837 2689 πλὴν
883 2618 1001 2672 σοῦ.
1032 2621 1155 2698 Ὅτι
1179 2621 1236 2675 δὲ
1261 2623 1548 2693 ἄνθρωπος
1584 2641 1742 2694 γεγο-

160 2707 264 2771 »ὡς
296 2710 326 2760 6
358 2709 659 2779 μονογενὴς
686 2708 780 2762 τοῦ
812 2709 948 2762 Θεοῦ
976 2710 1166 2779 Λόγος,
1187 2712 1276 2766 διὰ
1298 2715 1479 2785 πάσης
1500 2718 1597 2787 τῆς
1621 2717 1742 2771 θεο-

162 2799 435 2851 πνεύστου
482 2798 727 2868 Γραφῆς,
765 2799 841 2863 ὡς
893 2800 1024 2865 ἔπος
1067 2803 1257 2867 εἰπεῖν,
1293 2807 1735 2874 καταγγέλλεται,

157 2886 240 2939 διὰ
260 2886 539 2939 πλείστων
562 2886 662 2956 μὲν
688 2888 826 2941 ὅσων
845 2889 1052 2943 ἀκονιτὶ
1074 2892 1382 2959 καταδεῖξαι
1406 2897 1536 2965 ῥᾷον
1556 2912 1567 2926 ·
1592 2898 1727 2951 ἀπό-

160 2989 258 3042 χρη
293 2973 374 3040 δὲ,
410 2967 589 3044 οἶμαι.
623 2974 758 3045 πρὸς
795 2975 855 3029 τὸ
872 2978 1044 3048 παρὸν
1062 2980 1238 3033 ἐκεῖνο
1257 2984 1608 3055 εἰπεῖν.Ἔφη
1628 2985 1739 3054 γάρ

1837 623 1919 676 bis
1963 632 2229 691 terrarum
2279 625 2528 693 gentibus
2576 643 2640 683 ac
2683 631 2894 699 populis
2941 633 3036 702 qui
3089 649 3183 701 per
3220 652 3409 692 omnes

1838 714 2085 780 regiones
2121 726 2176 768 et
2220 718 2381 771 urbes
2425 727 2627 775 erant:
2657 737 2779 773 nam
2821 721 2971 775 illum
3016 725 3407 790 adoraveruut,

1840 812 2005 871 alque
2040 805 2202 856 etiam
2228 804 2546 869 spiritaliter
2578 817 2899 876 sequuntur,
2929 810 3099 867 firmis
3127 813 3409 871 charitatis

1834 893 2065 946 vinculis
2126 894 2285 948 veluti
2332 895 2652 964 quibusdam
2719 892 3067 968 compedibus
3131 905 3292 969 nexi,
3343 919 3405 955 at:

1838 984 2223 1050 propemodum
2281 983 2411 1038 illud
2451 984 2701 1042 Jeremite
2759 990 3041 1046 dicentes:
3076 1011 3093 1042 ι
3129 992 3264 1047 Ecce
3311 994 3406 1062 ipsi

1837 1086 1936 1126 nos
1984 1074 2189 1127 erimus
2249 1074 2378 1141 tibi,
2434 1078 2558 1145 quia
2613 1087 2668 1131 tu
2728 1079 2987 1135 Dominus
3041 1080 3181 1137 Deus
3228 1093 3447 1139 noster.

1835 1175 1895 1215 es
1916 1163 1983 1214 ".
2013 1181 2033 1214 ι
2056 1164 2131 1218 Ac
2145 1166 2283 1227 vide,
2317 1181 2520 1234 quaeso,
2551 1169 2979 1238 propheticarmn
3003 1174 3399 1228 sententiarum

1835 1252 2191 1321 vigilantiam.
2229 1254 2660 1311 (Curvabnntnr
2710 1260 2831 1325 tibi,
2889 1260 3095 1330 inquit,
3147 1273 3201 1316 et
3254 1264 3307 1317 in
3354 1274 3405 1317 te

1838 1343 2165 1404 adorabunt,
2219 1346 2347 1413 quia
2399 1346 2453 1400 in
2489 1356 2539 1401 te
2571 1346 2714 1403 Deus
2741 1359 2845 1414 est,
2890 1359 2945 1405 et
2991 1368 3095 1407 non
3144 1364 3229 1409 est
3269 1352 3409 1409 Deus

1837 1439 2033 1498 praeter
2062 1430 2178 1486 te"
2208 1451 2221 1486 :
2256 1452 2276 1484 ι
2313 1448 2438 1487 nam
2471 1444 2528 1489 ut
2558 1437 2747 1506 spiritu
2776 1438 3063 1495 instinctus
3089 1451 3241 1496 certo
3269 1443 3409 1498 scie-

1840 1519 1947 1583 bat,
2000 1518 2092 1573 Dei
2139 1519 2316 1576 Patris
2353 1522 2591 1578 Verbum
2636 1527 2689 1579 in
2738 1528 2891 1582 nobis
2925 1530 3313 1598 habitaturum,
3351 1542 3409 1586 ut

1837 1609 2013 1678 inquit
2052 1611 2241 1665 beatus
2268 1613 2597 1682 evangelista
2627 1613 2862 1670 Joannes
2883 1618 2971 1683 ⁷⁹;
3004 1620 3103 1673 hac
3146 1622 3211 1674 de
3244 1636 3411 1675 causa

1838 1702 1957 1754 ait:
1995 1719 2012 1751 ι
2044 1702 2098 1753 ln
2148 1713 2199 1770 te
2240 1703 2380 1757 Deus
2421 1711 2527 1767 est,
2579 1723 2599 1756 ι
2655 1720 2828 1773 neque
2873 1716 3075 1761 tamen
3102 1725 3291 1777 passus
3325 1721 3408 1764 est

1844 1792 2247 1847 Eintnanuelem
2277 1793 2331 1847 in
2354 1794 2461 1848 duo
2482 1794 2680 1861 dividi;
2711 1798 2802 1850 sed
2828 1801 3077 1866 quamvis
3096 1799 3187 1855 ille
3221 1799 3409 1870 Uuige-

1842 1884 1983 1937 uitus
2017 1886 2089 1938 sit
2112 1885 2284 1940 factus
2310 1887 2493 1953 homo,
2526 1885 2605 1941 sic
2632 1903 2846 1957 quoque
2880 1904 3043 1944 unum
3071 1905 3259 1946 rursus
3284 1905 3402 1946 esse

1839 1974 2130 2040 fatebatur,
2172 1978 2400 2045 ideoque
2450 1979 2629 2032 intulit
2673 1982 2853 2032 statim
2886 1997 2901 2033 :
2937 1999 2956 2032 ι
2989 1980 3109 2035 Non
3141 1991 3226 2036 est
3266 1983 3404 2036 Deus

1839 2076 2034 2137 prteter
2073 2077 2146 2123 te.
2181 2087 2200 2119 ι
2237 2068 2485 2122 Observa
2528 2085 2761 2137 namque
2804 2072 3092 2141 diligenter
3135 2074 3405 2143 prophetae

1838 2174 2024 2213 vocem
2050 2178 2063 2213 :
2088 2175 2208 2213 cum
2236 2161 2405 2223 enim,
2433 2167 2493 2213 ut
2526 2160 2658 2225 dixi,
2686 2160 2950 2216 allocutus
2973 2172 3123 2217 esset
3150 2180 3271 2218 eum
3322 2165 3405 2218 his

1839 2250 2062 2304 verbis:
2095 2269 2119 2300 ο
2162 2250 2216 2303 lu
2247 2262 2302 2303 te
2345 2261 2428 2305 est
2478 2249 2702 2317 Βειιες»
2751 2263 2856 2304 non
2904 2251 3094 2319 adjécit
3131 2252 3288 2308 :Nou
3324 2267 3406 2308 est

1840 2342 1980 2395 Deus
2010 2352 2208 2411 praeter
2241 2341 2391 2395 illum
2443 2341 2535 2409 qui
2575 2352 2657 2394 est
2698 2343 2749 2394 iu
2798 2352 2867 2403 te.
2917 2344 3011 2397 sed
3057 2345 3110 2396 ln
3147 2345 3405 2398 unitatem

1848 2430 2305 2499 dispensatoriam
2348 2432 2761 2501 conjungemlo:
2790 2451 2808 2483 ι
2840 2431 2955 2485 Νοιι
2996 2442 3080 2485 est
3118 2432 3279 2498 Deus,
3324 2437 3403 2487 in-

1840 2521 1975 2588 quit,
2009 2529 2206 2585 praeter
2236 2529 2307 2574 te.
2338 2539 2357 2571 ι
2403 2519 2571 2574 Porro
2602 2519 2936 2589 unigenitum
2988 2519 3116 2574 illud
3146 2520 3235 2574 Dei
3278 2519 3407 2574 Vero

1839 2612 1964 2667 bim
1998 2613 2268 2667 hominem
2301 2611 2530 2676 factum,
2560 2625 2655 2680 per
2678 2625 2865 2665 omnes
2887 2611 3144 2665 divinitus
3180 2612 3412 2680 inspira-

1840 2711 1905 2755 ta:
1944 2702 2236 2770 Scriptura
2268 2702 2502 2767 litteras,
2537 2709 2594 2753 ut
2621 2699 2694 2753 ita
2736 2701 2931 2765 dicam,
2954 2702 3258 2770 praedicari,
3289 2717 3409 2771 per-

1840 2792 1996 2847 facile
2045 2800 2126 2846 est
2180 2791 2592 2861 quamplurimis
2643 2791 2788 2871 locis
2839 2793 3156 2857 osmndere,
3208 2795 3299 2847 sed
3342 2794 3409 2848 ad

1839 2867 2076 2953 prtrsens
2106 2884 2236 2951 illud
2273 2883 2477 2938 dixisse
2517 2867 2650 2935 satis
2685 2882 2808 2934 erit.
2841 2880 2981 2934 Dixit
3009 2885 3149 2937 enim
3182 2886 3318 2938 Deus
3343 2886 3409 2939 ad

1839 2981 2053 3034 beatum
2097 2978 2260 3033 David
2292 2995 2305 3031 :
2335 2997 2355 3029 ι
2386 2977 2454 3032 Ει
2496 2975 2774 3031 suscitabo
2807 2979 2873 3029 de
2924 2977 3127 3032 semine
3160 2987 3249 3032 luo
3291 2988 3413 3046 post

163 3080 258 3115 που
285 3063 424 3128 Θεὸς
450 3064 587 3133 πρὸς
611 3065 700 3118 τὸν
724 3065 993 3137 μακάριον
1017 3069 1179 3122 Δαϐἰδ
1198 3086 1210 3097 ·
1249 3091 1268 3122 ι
1298 3073 1407 3126 Καὶ
1450 3073 1737 3145 ἀναστήσω

1842 3078 1916 3136 te,
1955 3072 2045 3141 qui
2089 3073 2195 3125 erit
2237 3070 2303 3125 de
2335 3079 2523 3124 ventre
2569 3076 2681 3133 tuo,
2727 3079 2797 3159 et‘
2825 3068 3135 3137 prmparabo
3188 3085 3407 3139 regnum

159 3154 221 3205 ὲκ
238 3153 334 3206 τοῦ
356 3155 675 3225 σπέρματός
697 3173 789 3208 σου
818 3158 956 3226 μετὰ
979 3159 1060 3223 σὲ,
1075 3159 1133 3222 ὃς
1155 3159 1309 3213 ἔσται
1331 3162 1395 3215 ἐκ
1414 3163 1511 3231 τῆς
1529 3164 1738 3229 κοιλίας

162 3263 251 3298 σου
270 3263 284 3276 ·
311 3248 408 3299 καὶ
428 3247 705 3317 ἑτοιμάσω
726 3249 822 3319 τὴν
839 3250 1113 3319 βασιλείαν
1133 3252 1297 3305 αὐτοῦ
1316 3270 1334 3287 ο
1355 3254 1515 3319 αὐτὸς
1534 3257 1741 3310 οἰκοδο·

164 3337 318 3405 μήσει
344 3333 499 3391 οἷκον
513 3338 592 3407 τῷ
613 3337 841 3408 ὀνόματι
864 3356 986 3409 μου.
1008 3342 1115 3395 Καὶ
1130 3344 1421 3413 ἀνορθώσω
1439 3346 1529 3399 τὸν
1550 3346 1741 3418 θρόνον

160 3428 318 3481 αὐτοῦ
342 3430 453 3491 ἕως
474 3432 554 3492 εἰς
575 3430 666 3482 τὸν
685 3429 876 3485 αἰῶνα.
893 3432 1001 3484 Καὶ
1020 3430 1131 3500 ἐγὼ
1149 3432 1338 3503 ἔσομαι
1363 3435 1511 3507 αὐτῷ
1530 3439 1611 3502 εἰς
1628 3440 1740 3491 Πα-

158 3518 423 3588 τέρα,καὶ
448 3521 611 3582 αὐτὸς
635 3520 787 3573 ἔσται
805 3522 992 3589 μοιεις
1016 3521 1162 3575 Υιόν.
1178 3542 1197 3573 ι
1218 3524 1378 3589 Ἀλλ’,
1404 3520 1579 3595 οἶμαι,
1606 3528 1737 3597 φαίη

157 3624 235 3671 τις
263 3609 352 3670 ἂν,
373 3611 478 3663 οὐκ
504 3611 596 3663 ἐπί
626 3628 688 3678 γε
706 3611 783 3680 τῷ
808 3612 1435 3685 Ἐμμανουὴλ,εἰρῆσθαι
1458 3617 1515 3669 δὲ
1539 3618 1741 3688 μᾶλλον

94 3758 99 3761 _
153 3699 244 3752 ἐπὶ
283 3701 598 3770 Σολομῶντι
630 3702 806 3758 ταυτί.
842 3702 1051 3765 Παῧλός
1079 3720 1141 3772 γε
1173 3705 1278 3776 μὴν
1326 3708 1355 3758 6
1391 3708 1728 3777 σοςνὼτατος,

151 3791 261 3850 τοίς
309 3789 495 3851 οὕτως
543 3790 783 3843 ἐθέλουσι
842 3793 1003 3855 νοεῖν,
1056 3792 1396 3856 ἀντιτάξεται
1453 3798 1738 3862 γεννικῶς,

148 3875 375 3947 δέχεται
403 3880 516 3948 γὰρ
542 3880 632 3931 ἐπὶ
656 3880 874 3951 Χριστῷ
902 3883 999 3945 τὰς
1027 3883 1240 3950 φωνάς’
1270 3884 1365 3937 καὶ
1401 3885 1564 3937 αὑτὸν
1598 3885 1741 3941 εἶναι

150 3986 286 4036 φησι
333 3970 481 4038 πρὸς
515 3969 572 4022 ὃν
610 3971 821 4039 εἴρηται
857 3974 1010 4043 παρὰ
1042 3973 1134 4025 τοῦ
1183 3974 1319 4026 Θεοῦ
1363 3976 1458 4027 καὶ
1500 3977 1731 4047 Πατρὸς,

146 4060 227 4112 ὅτι
268 4079 285 4109 t
307 4061 557 4127 Ἕσομαι
580 4060 726 4129 αὑτῷ
751 4063 827 4122 ei;
856 4063 1095 4133 Πατέρα,
1138 4064 1233 4117 καὶ
1268 4064 1432 4128 αὐτὸς
1465 4065 1614 4121 ἔσται
1650 4086 1739 4139 μοι

143 4148 222 4210 εἰς
278 4149 442 4202 Υἱόν.
477 4169 494 4200 ι
531 4150 653 4202 Ὅτι
697 4151 753 4203 δὲ
800 4152 920 4203 καθ’
958 4154 1105 4221 ἡμᾶς
1158 4154 1415 4230 γεγονὼς,
1466 4160 1739 4214 τουτέστιν

147 4241 472 4312 ἄνθρωπος,
513 4244 891 4312 ἱερουργήσειν
925 4242 1117 4313 ἔμελλε
1156 4244 1233 4314 τῷ
1273 4245 1388 4316 Θεῷ
1418 4249 1507 4301 καὶ
1538 4251 1734 4322 Πατρὶ,

146 4330 236 4383 διὰ
288 4332 394 4400 τῆς
454 4333 533 4392 εἰς
579 4330 745 4383 αὐτὸν
801 4331 1036 4394 πίστεως
1091 4335 1437 4406 σεσωσμένην
1485 4338 1583 4406 τὴν
1644 4341 1736 4393 ὑπ’

1843 3163 1959 3230 ejus
1995 3164 2149 3227 :ipse
2183 3161 2471 3217 mdiﬁcabit
2515 3160 2733 3215 domum
2775 3146 2975 3213 nomini
3013 3176 3167 3214 meo:
3204 3171 3258 3214 et
3298 3162 3407 3214 eri-

1844 3268 1965 3322 gant
2010 3253 2203 3305 solium
2235 3251 2351 3320 ejus
2383 3264 2550 3325 usque
2579 3250 2630 3303 itt
2681 3250 2935 3304 smcttlunt
2968 3268 2981 3303 :
3012 3258 3067 3303 et
3097 3265 3196 3323 ego
3230 3265 3324 3305 ero
3358 3251 3407 3304 ei

1844 3343 1895 3396 itt
1919 3341 2153 3406 Patrem,
2174 3353 2225 3395 et
2250 3342 2364 3409 ipse
2389 3342 2494 3395 erit
2516 3340 2643 3394 mihi
2664 3342 2716 3393 in
2745 3339 2936 3394 Filium
2957 3340 3025 3394 °°.
3058 3359 3076 3391 ι
3108 3341 3213 3395 Sed
3241 3342 3404 3409 dicet,

1842 3434 2066 3501 Opinor,
2111 3433 2325 3501 aliquis,
2363 3433 2473 3485 haec
2513 3447 2614 3485 non
2643 3432 2695 3485 in
2740 3432 3164 3496 Emmanuelem,
3218 3434 3310 3486 sed
3356 3434 3407 3486 iu

1845 3522 1955 3593 63
2011 3522 2351 3577 Salomonem
2397 3524 2538 3575 dicta
2588 3521 2773 3579 fuisse.
2822 3523 2927 3577 Sed
2980 3524 3163 3577 beatus
3213 3522 3410 3577 Paulus

1845 3612 2156 3669 hominibus
2196 3614 2266 3666 ita
2304 3613 2664 3667 sentientibus
2695 3622 2915 3666 strenue
2943 3612 3190 3677 obsistet,
3221 3614 3309 3681 qui
3346 3614 3412 3667 de

1841 3705 2059 3760 Christo
2093 3704 2193 3758 has
2224 3718 2384 3757 voces
2416 3705 2631 3772 accipit,
2670 3704 2949 3773 ipsumque
2980 3719 3100 3757 esse
3130 3704 3322 3757 asserit
3356 3705 3406 3757 in

1841 3810 2001 3866 quem
2036 3796 2235 3850 dictum
2265 3795 2335 3850 sit
2363 3810 2392 3847 a
2427 3794 2533 3847 Deo
2562 3806 2616 3849 et
2646 3794 2807 3848 Patre
2836 3812 2848 3848 :
2887 3814 2905 3846 ι
2948 3794 3052 3848 Ero
3084 3794 3155 3847 iili
3202 3795 3253 3847 in
3308 3793 3408 3847 Pa-

1844 3898 1998 3952 trem,
2044 3895 2099 3941 ει
2149 3888 2263 3954 ipse
2308 3887 2411 3938 erit
2463 3886 2594 3939 mihi
2654 3885 2706 3938 in
2762 3885 2951 3937 Filium
2979 3884 3047 3939 3'.
3080 3903 3097 3935 ι
3149 3884 3405 3938 Eumdem

1841 3995 2003 4049 porro
2030 3979 2201 4032 nostri
2230 3977 2460 4031 similem
2491 3975 2711 4039 factum,
2748 3976 2799 4029 id
2828 3984 2933 4039 est,
2958 3975 3253 4038 hominem,
3288 3974 3401 4026 fore

1842 4080 1900 4122 ut
1933 4069 2040 4122 Deo
2087 4078 2138 4121 et
2189 4066 2334 4119 Patri
2389 4065 2722 4117 sacriﬁcaret
2770 4063 2953 4115 orbem
3006 4069 3269 4113 terrarum
3316 4075 3409 4128 per

1842 4161 2002 4214 Iidem
2044 4161 2096 4213 in
2131 4173 2189 4213 se
2223 4156 2559 4209 credentium
2600 4154 2884 4217 salvatum,
2918 4151 3212 4205 declaravit
3255 4150 3403 4214 alibi,

1842 4250 2030 4303 dicens
2071 4265 2084 4301 :
2124 4267 2140 4298 ι
2173 4247 2239 4300 Et
2286 4243 2558 4299 suscitabo
2609 4242 2737 4295 mihi
2787 4241 3126 4294 sacerdotem
3176 4239 3404 4300 ﬁdelem,

1841 4339 1932 4408 qui
1969 4339 2149 4392 omnia
2187 4351 2303 4405 qua:
2332 4344 2458 4388 sunt
2496 4334 2547 4386 in
2579 4331 2743 4385 corde
2775 4339 2829 4383 et
2864 4330 3040 4383 anima
3078 4345 3195 4381 mea
3227 4328 3404 4393 faciet,

145 4424 408 4494 οὐρανὸν,
449 4423 686 4491 διεσάφει
716 4423 889 4491 λέγων
914 4426 973 4475 ὲν
996 4425 1202 4495 ἑτέροις
1226 4443 1239 4456 ⁸
1280 4447 1298 4479 t
1320 4429 1427 4482 Kal
1447 4431 1737 4503 ἀναστήσω

1842 4437 1895 4481 et
1936 4427 2213 4480 mdiﬁcabo
2242 4426 2290 4480 ei
2331 4426 2545 4477 domum
2598 4421 2831 4485 ﬁdelem,
2884 4431 2939 4473 et
2993 4420 3241 4472 transibit
3284 4429 3408 4472 ante

145 4512 386 4583 ἐμαυτῷ
447 4513 598 4580 ἱερέα
634 4515 841 4578 πιστὸν,
886 4514 945 4578 ὃς
995 4516 1171 4571 πάντα
1221 4519 1290 4572 τὰ
1337 4521 1395 4573 ὲν
1435 4525 1499 4592 τῇ
1542 4524 1739 4595 καρδίᾳ

149 4620 272 4672 μου,
301 4601 409 4654 καὶ
442 4601 503 4652 ὲν
534 4604 597 4671 τῇ
643 4602 786 4673 ψυχῇ
834 4621 932 4673 μου
968 4607 1215 4677 ποιήσει’
1264 4610 1355 4661 καὶ
1397 4612 1738 4683 οἰκοδομήσω

145 4692 296 4762 αὐτῷ
350 4687 513 4745 οἷκον
561 4692 747 4745 πιστόν
775 4708 788 4721 θ
840 4695 936 4746 καὶ
981 4696 1315 4752 διελεύσεται
1358 4700 1587 4755 ἐνώπιόν
1638 4720 1739 4773 μου

146 4783 330 4845 πάσας
378 4781 489 4845 τὰς
542 4781 813 4852 ήμέρας.ι
854 4784 1041 4856 Ἀθρει
1079 4788 1143 4858 δή
1196 4806 1286 4859 μοι
1342 4791 1526 4855 πάλιν,
1559 4791 1634 4856 ὡς
1682 4794 1740 4846 ὲν

145 4874 359 4943 ἑτέροις
398 4870 602 4931 εἰπὼν,
642 4890 660 4921 ι
689 4866 854 4937 Οὗτος
888 4875 1228 4947 οἰκοδομήσει
1262 4876 1409 4932 οἷκον
1425 4882 1500 4951 τῷ
1517 4882 1742 4952 ὀνόματι

150 4979 270 5029 μου,
305 4979 326 5012 ι
366 4960 455 5028 τῷ
500 4958 615 5027 Υἱῷ
644 4958 737 5013 τὸν
765 4955 911 5014 οῐκον
943 4963 1182 5035 ἐγείρειν
1203 4968 1232 5018 6
1261 4968 1448 5039 Πατὴρ
1474 4970 1742 5038 ἐπαγγέλ-

143 5051 313 5106 λεται.
346 5051 468 5105 Kal.
501 5048 663 5101 τοῦτο
696 5051 870 5115 συνεὶς
891 5054 919 5105 6
948 5051 1232 5120 Θεσπέσιος
1258 5060 1489 5124 Παῦλος,
1531 5062 1735 5116 Ἀὶωσέα

150 5141 243 5207 μὲν
285 5141 393 5212 ἔφη
434 5138 636 5220 πιστρν
677 5140 737 5193 ὲν
766 5141 873 5212 ὅλῳ
915 5145 1168 5211 γενέσθαι
1211 5148 1291 5218 τῷ
1346 5150 1481 5220 οἴκῳ
1516 5169 1638 5221 μου,
1676 5153 1738 5204 τὸ

149 5232 417 5286 οἰκετικὸν
459 5231 656 5299 ἔχοντα
689 5232 906 5302 μέτρον,
955 5237 1189 5304 Χριστόν
1233 5257 1296 5304 γε
1341 5242 1445 5312 μὴν
1493 5244 1568 5305 ὼς
1612 5245 1737 5296 Υὶὸν

149 5322 233 5373 ἐπὶ
263 5324 357 5375 τὸν
409 5318 569 5375 οἷκον
614 5322 801 5385 αὑτοῦ,
837 5320 898 5377 οὗ
934 5321 1081 5390 οἶκος
1110 5329 1275 5399 ἐσμὲν
1313 5334 1490 5401 ἡμεῖς.
1526 5334 1738 5402 Τρόπος

149 5412 201 5466 δὲ
242 5413 346 5484 τῆς
394 5413 718 5484 ἱερουργίας
765 5414 935 5484 αὐτῷ,
978 5417 1047 5469 τὰ
1094 5421 1214 5472 καθ’
1236 5424 1409 5492 ἡμᾶς·
1462 5424 1558 5492 οὐχ
1598 5418 1736 5493 αἷμα

216 5595 261 5628 ⁷⁷
289 5594 505 5652 Jerem.
538 5613 619 5660 ιιι,
646 5598 737 5651 22.
814 5600 857 5633 ⁷⁸
885 5599 988 5652 lsa.
1022 5600 1141 5659 xcv,
1181 5599 1259 5652 l-i.
1339 5600 1383 5630 ⁷³
1413 5599 1565 5655 Joan.
1594 5617 1607 5653 ι
1633 5639 1646 5660 ,
1676 5598 1760 5650 14.

216 5712 222 5721 .
298 5668 345 5699 ⁸²
379 5667 399 5721 l
441 5666 579 5722 Ben.
611 5682 674 5722 tt.
700 5667 787 5722 35.
900 5668 946 5699 ”
980 5666 1023 5721 ll
1056 5666 1187 5722 Rea.
1216 5684 1250 5722 ι.
1286 5669 1369 5722 l3.
1444 5671 1487 5700 ⁸⁸
1520 5669 1685 5722 Hebr.
1712 5683 1790 5722 tu.
1816 5667 1849 5719 2

1444 5675 1487 5700 '“
1520 5675 1685 5723 Hebr.
1712 5683 1790 5730 Ill,
1816 5675 1873 5722 2.

171 5665 222 5721 5.
298 5668 345 5699 ⁸²
379 5667 399 5721 l
441 5666 579 5735 Reg.
611 5682 674 5735 ιι,
700 5667 787 5723 55.
900 5668 946 5699 ⁸³
980 5666 1023 5721 ll
1056 5666 1187 5734 Reg.
1216 5684 1250 5732 ι,
1286 5669 1369 5723 l3.

1843 4534 1928 4572 me
1974 4518 2224 4571 omnibus
2268 4516 2458 4569 diebus
2481 4514 2548 4565 ⁸’.
2592 4533 2609 4564 ι
2644 4510 2932 4565 lam-illud
2969 4525 3150 4578 quaeso
3192 4524 3404 4561 rursum

1841 4607 2144 4671 considera,
2179 4607 2318 4674 quod
2368 4619 2489 4656 cum
2522 4601 2647 4655 alibi
2683 4601 2908 4654 dixisset
2939 4618 2951 4653 :
2988 4619 3006 4650 ι
3039 4600 3135 4653 Hic
3175 4598 3406 4653 adiﬁca-

1842 4699 1919 4753 bit
1955 4700 2169 4752 dommn
2227 4695 2428 4750 nomini
2489 4709 2608 4747 meo
2631 4692 2746 4756 “,‘i
2796 4692 2931 4744 Filio
2975 4703 3148 4747 tamen
3186 4693 3402 4759 domum

1842 4797 2153 4842 erecturum
2186 4801 2243 4839 se
2266 4785 2423 4838 Pater
2449 4783 2732 4854 pollicetur
2762 4801 2774 4836 :
2808 4786 2950 4853 quod
2986 4800 3105 4839 cum
3140 4784 3403 4855 intellige-

1841 4886 1928 4933 ret
1970 4878 2158 4932 beatus
2192 4875 2387 4930 Paulus
2409 4873 2478 4937 “,
2513 4873 2692 4928 Mosen
2740 4874 2956 4942 quidem
2992 4874 3198 4927 fidelem
3239 4874 3406 4929 fuisse

1844 4971 1974 5025 dicit
2015 4969 2068 5023 in
2101 4977 2210 5023 tota
2244 4973 2402 5022 domo
2437 4982 2576 5029 mea,
2615 4965 2755 5033 quod
2804 4964 3121 5019 famulorum
3162 4965 3403 5018 ordinem

1842 5075 1905 5115 ae
1949 5074 2256 5114 mensuram
2309 5067 2548 5122 teneret;
2601 5056 2874 5111 Christum
2924 5070 3054 5109 vero
3105 5063 3165 5106 ut
3213 5053 3403 5105 Filium

1841 5166 2004 5220 super
2029 5151 2242 5204 domum
2268 5148 2410 5218 ejus,
2441 5150 2594 5217 cujus
2625 5149 2815 5201 domus
2842 5160 3029 5199 smnus
3057 5158 3172 5196 nos.
3211 5141 3399 5194 Forma

1841 5250 2017 5295 autem
2050 5241 2167 5308 ejus
2203 5238 2452 5293 sacriﬁcii
2502 5252 2585 5290 res
2622 5248 2817 5290 nostrte
2863 5245 3006 5294 sunt,
3040 5246 3141 5283 non
3189 5238 3404 5297 sanguis

1841 5340 2114 5384 taurorum
2152 5339 2207 5383 et
2236 5327 2547 5387 vitulorum,
2578 5325 2681 5379 sed
2697 5325 2933 5377 omnium
2974 5321 3247 5373 hominum
3283 5321 3401 5372 ﬁdei

1841 5420 2109 5475 confessio
2143 5437 2156 5471 :
2196 5419 2353 5485 idque
2390 5417 2673 5470 conﬁrmat
2701 5414 2890 5467 beatus
2931 5408 3128 5462 Paulus
3170 5410 3295 5465 item
3328 5413 3402 5466 sic

1855 5598 1899 5629 ⁸⁰
1936 5598 1975 5654 ιι
2010 5599 2136 5669 (leg.
2168 5611 2258 5661 \‘ll,
2290 5593 2487 5659 12,13.
2591 5590 2630 5620 ⁸¹
2672 5589 2715 5643 li
2748 5589 2878 5661 Reg.
2906 5606 2998 5655 vn,
3038 5590 3137 5657 li;
3174 5589 3333 5645 Uebr.
3364 5604 3402 5653 ι,
