3926 6126
222 331 308 391 “7
1284 334 1658 392 ADVERSUS
1698 334 2104 393 NESTORIUM
2146 338 2275 393 UB.
2318 337 2403 394 ΙΙΙ.

3340 341 3439 395 Ηδ

221 451 407 507 στιιλον
437 451 496 504 τὸ
538 453 653 520 φῶς
694 469 809 517 σου,
833 454 931 506 irai
962 453 1060 524 τὴν
1092 455 1350 526 ἀλήθειάν
1399 472 1512 509 σου.
1545 476 1561 506 ι
1594 457 1658 510 Τί
1688 458 1766 520 δὲ,

1878 467 1924 510 et
1959 459 2239 512 veritatem
2268 467 2410 511 tuam
2433 457 2499 508 '°.
2527 474 2545 508 ι
2572 454 2708 521 Quid
2732 454 2950 509 autem?
2974 455 3059 511 dic
3088 454 3441 521 mihi,nonnc

219 543 330 598 εῑπέ
357 560 461 613 μοι,
491 543 614 611 οὐχὶ
653 544 745 597 καὶ
786 545 947 607 αὐτὸς
978 547 1006 598 ό
1052 546 1177 609 Υἱὸς
1214 547 1573 618 ψευδοεπήσει
1627 551 1765 618 τάχα

216 651 307 687 που
336 634 499 701 λέγων
523 649 540 666 ⁸
595 652 614 684 ι
644 636 719 687 Οὐ
764 635 870 705 γὰρ
915 636 1233 690 ἀπέστειλεν
1279 641 1307 691 ό
1353 640 1486 703 Θεὸς
1519 639 1611 693 τὸν
1642 641 1767 693 Υἱὸν

216 725 285 786 εἰς
311 722 393 775 τὸν
420 723 625 792 κόσμον
658 723 743 776 ἵνα
765 724 923 795 κρίνῃ
958 726 1048 777 τὸν
1075 727 1301 797 κόσμον.
1338 728 1452 780 ἀλλ’
1501 729 1587 782 ἵνα
1616 732 1763 799 σωθῇ

212 814 238 865 ὁ
258 812 445 880 κόσμος
470 811 537 864 δι’
562 810 791 875 αὐτοῦ;ι
828 815 935 866 Kal.
962 813 1150 866 πάλιν·
1201 834 1220 865 ι
1266 816 1407 884 Ἐγὼ
1431 818 1495 869 ἐκ
1528 818 1619 871 τοῦ
1656 820 1769 870 Πα-

153 965 155 968 γ
213 903 324 973 τρὸς
349 901 588 971 ἐξῆλθον,
619 906 712 955 καὶ
738 903 858 972 ἥκω
878 921 893 966 ;
915 922 934 952 ›
966 905 1173 975 Γράφει
1200 906 1258 959 δέ
1296 923 1400 959 που
1432 907 1524 959 καὶ
1553 909 1580 961 ό
1608 909 1770 976 σοφὸς

223 991 450 1063 Ἰωάννης
478 994 606 1064 περὶ
633 994 799 1047 αὐτοῦ
822 1012 835 1023 ·
862 1016 879 1045 ι
903 994 961 1047 'O
993 995 1284 1064 λαμϐάνων
1315 997 1479 1050 αὑτοῦ
1507 997 1603 1067 τὴν
1633 1017 1705 1067 μα
1716 1017 1770 1068 ρ-

213 1082 383 1153 τυρίαν
413 1085 750 1154 ἐσφράγισεν
776 1087 859 1138 ὃτι
898 1087 927 1138 ό
952 1085 1084 1149 Θεὸς
1112 1086 1320 1158 ἀληθής
1345 1089 1495 1142 ἐστιν
1519 1103 1533 1117 ⁶
1569 1089 1629 1141 ὃν
1662 1091 1769 1160 γὰρ

210 1176 511 1229 ἀπέστειλεν
559 1179 588 1229 ὁ
637 1177 790 1242 Θεὸς,
839 1178 906 1231 τὰ
955 1178 1175 1249 ῥήματα
1223 1179 1319 1232 τοῦ
1360 1181 1496 1233 Θεοῦ
1541 1181 1713 1233 λαλεῖ.
1747 1200 1763 1231 ι

221 1265 566 1319 ’Λπεστάλθαι
613 1267 669 1319 δέ
708 1285 889 1336 φαμεν
928 1268 1019 1320 τὸν
1045 1269 1139 1321 τοῦ
1166 1270 1300 1322 Θεοῦ
1333 1272 1525 1338 Λόγον,
1574 1272 1635 1324 τὸ
1669 1272 1770 1341 τῆς

205 1355 498 1426 ἀποστολῆς
528 1356 702 1426 ὄνομά
735 1374 795 1409 τε
823 1359 915 1410 καὶ¹
944 1359 1131 1429 χρῆμα
1165 1361 1300 1429 μετὰ
1329 1360 1439 1413 τῶν
1468 1362 1565 1430 τῆς
1600 1363 1768 1414 κενώ-

209 1461 333 1508 σεως
356 1445 549 1515 ἔχοντα
581 1447 822 1516 μέτρωνσ
873 1449 937 1501 σὺ
975 1451 1039 1502 δὲ
1065 1451 1127 1521 δὴ
1159 1452 1335 1516 δέδιας
1380 1453 1628 1522 ἀμαθῶς,
1676 1455 1771 1507 καὶ

205 1535 345 1606 αὐτῷ
366 1537 697 1607 προσνέμειν
718 1537 971 1608 ἐρυθριᾷς
989 1541 1103 1593 ἀνθ’
1120 1542 1243 1594 ὅτου
1269 1544 1326 1595 τό
1347 1561 1404 1595 τε
1423 1544 1521 1611 τῆς
1542 1545 1771 1597 ἀποστο-

205 1625 318 1694 λῆς,
355 1627 451 1679 καὶ
482 1627 543 1679 τὸ
572 1627 671 1697 τῆς
692 1629 1095 1700 ἀρχιερωσύνης
1125 1632 1297 1702 ὄνομά
1324 1650 1383 1685 τε
1420 1635 1512 1687 καὶ
1548 1629 1768 1705 χρῆειας

205 1710 347 1787 ’Λρα
382 1718 490 1786 γὰρ
536 1719 821 1788 ἁρμόσειεν
853 1719 961 1791 [ῖσ.
1000 1722 1293 1793 ἁρμόσειν]
1337 1724 1660 1794 ὑπείληφας,
1694 1726 1771 1782 ὡς

1868 549 2030 603 etiam
2091 551 2205 618 ipse
2260 546 2427 602 Filius
2485 547 2777 601 mentietur
2842 545 3030 614 plane,
3088 560 3208 598 cum
3264 546 3436 601 dicit:

1874 657 1893 688 ι
1927 636 2041 691 Non
2075 640 2217 691 enim
2266 638 2410 691 misit
2442 636 2579 690 Deus
2624 634 2817 689 Filium
2869 649 3027 688 suum
3079 634 3129 688 in
3180 635 3439 690 mundum

1872 738 1929 781 ut
1972 728 2176 793 judicet
2229 728 2511 791 mundum,
2556 727 2649 780 sed
2688 736 2744 778 ut
2788 725 3031 780 salvetur
3072 725 3306 780 mundus
3342 740 3440 796 per

1872 819 2042 884 ipsum
2070 818 2113 849 ἰ
2142 836 2156 883 ;
2193 837 2209 867 ι
2245 827 2294 871 et
2328 817 2521 870 iterum
2555 834 2571 870 :
2610 836 2627 867 ι
2663 815 2774 884 Ego
2808 830 2871 868 ex
2904 813 3065 869 Patre
3107 816 3238 877 exii.
3271 826 3322 873 et
3349 833 3443 873 ve-

1873 911 1958 962 nio
1980 910 2045 959 ⁹¹.
2074 929 2091 958 ι
2152 909 2349 962 Scribit
2396 909 2559 961 etiam
2615 908 2811 963 alicubi
2865 909 3053 963 beatus
3098 907 3333 962 Joannes
3374 907 3442 962 de

1874 1000 1987 1065 ipso
2037 1016 2049 1050 :
2103 1019 2119 1049 ι
2156 998 2255 1063 Qui
2313 999 2506 1067 accipit
2556 999 2924 1054 testimonium
2991 1000 3151 1068 ejus,
3212 1000 3442 1069 signavit
3495 1027 3506 1047 κ

1872 1090 1995 1158 quia
2030 1089 2169 1144 Dens
2204 1106 2359 1143 verus
2388 1100 2504 1155 est;
2531 1104 2689 1159 quem
2734 1091 2875 1145 enim
2909 1092 3055 1145 misit
3080 1091 3238 1154 Deus,
3279 1091 3438 1143 verba

1876 1182 1964 1234 Dei
2016 1180 2256 1248 loquitur
2282 1179 2350 1231 9'.
2391 1200 2408 1231 ι
2443 1180 2664 1235 Missum
2702 1197 2860 1251 porro
2910 1182 3140 1235 dicimus
3184 1180 3273 1234 Dei
3312 1180 3443 1235 Ver-

1873 1270 2021 1333 bum,
2071 1271 2210 1337 quod
2260 1271 2591 1337 apostolatus
2642 1286 2835 1324 nomen
2877 1280 2931 1323 et
2966 1287 3075 1324 rem
3126 1272 3282 1325 simul
3317 1286 3438 1325 cum

1871 1359 2253 1414 exinanitiouis
2283 1360 2550 1415 mensuris
2583 1359 2826 1413 haberet.
2858 1360 2936 1413 Tn
2969 1376 3094 1414 vero
3124 1360 3287 1414 stulte
3326 1359 3439 1414 for-

1876 1451 2068 1513 midas,
2102 1462 2154 1504 et
2187 1450 2260 1503 illi
2297 1451 2533 1504 tribuere
2566 1460 2619 1504 ct
2651 1468 2842 1505 nomen
2875 1463 2927 1505 et
2960 1467 3068 1504 rem
3112 1450 3442 1520 apostolatus

1876 1556 1937 1595 ac
1980 1541 2269 1594 sacerdotii
2317 1542 2500 1595 nescio
2530 1556 2633 1608 qua
2676 1542 2742 1594 de
2776 1556 2933 1593 causa
2967 1541 3259 1595 erubescis.
3299 1540 3440 1594 Num

1874 1628 2014 1680 enim
2048 1629 2219 1698 ipsmn
2261 1630 2553 1682 convenire
2586 1638 2744 1698 putas
2780 1630 2976 1682 homini
3012 1630 3084 1683 illi
3119 1646 3184 1684 ex
3216 1629 3443 1683 muliere

1879 1719 2238 1785 tanqttamoab
2280 1718 2369 1770 illo
2395 1719 2630 1784 diverso,
2670 1718 2992 1786 simplicem,
3021 1729 3077 1771 ut
3115 1719 3227 1786 ipse
3260 1727 3438 1787 putas,

202 1807 369 1877 ἑτέρῳ
390 1808 519 1877 παρ’
555 1810 715 1863 αὐτὸν
745 1810 1016 1882 ἀνθρώπῳ
1055 1812 1134 1883 τῷ
1177 1815 1242 1868 ὲκ
1281 1817 1558 1883 γυναικὸς,
1606 1817 1767 1887 ψιλὴν

1878 1809 2304 1875 conjunctionem
2355 1808 2596 1871 habenti,
2647 1819 2700 1863 et
2738 1811 2905 1864 solius
2939 1809 3217 1879 dignitatis
3255 1822 3438 1877 mqua-

202 1894 371 1965 ἔχοντι
402 1899 502 1969 τὴν
530 1900 849 1968 συνάφειαν,
895 1902 1036 1956 κατὰ
1090 1903 1168 1968 σὲ,
1216 1906 1310 1958 καὶ
1347 1905 1422 1969 ὡς
1459 1908 1517 1959 ἐν
1562 1908 1766 1978 ἰσότητι

203 1988 367 2058 μόνης
392 1990 495 2060 τῆς
530 1990 720 2057 ἀξίας;
756 1992 878 2056 Πῶς
919 1990 1010 2046 οὖν
1040 1994 1119 2045 ἔτι
1152 1994 1222 2047 τὰ
1249 1996 1369 2048 καθ’
1404 1998 1547 2067 ἡμᾶς
1570 1997 1767 2067 ὀνήσας

198 2080 388 2149 ὁρᾶται
428 2080 560 2144 Θεὸς
602 2081 680 2136 ὢν
729 2085 759 2135 ό
800 2084 992 2151 Λόγος,
1036 2087 1085 2138 εί
1118 2086 1211 2138 καὶ
1251 2088 1768 2159 προσκεκομίσμεθα

196 2169 264 2222 δι’
296 2172 492 2242 ἑτέρου
513 2171 591 2244 τῷ
615 2173 738 2244 Θεῷ
772 2176 865 2227 καὶ
899 2176 1103 2247 Πατρί;
1155 2179 1350 2231 Οὐκέτι
1378 2179 1484 2249 γὰρ
1515 2180 1580 2233 δι’
1605 2181 1768 2234 αὑτοῦ

196 2261 294 2333 τὴν
339 2265 708 2334 προσαγωγὴν
752 2267 1100 2337 ἐσχήκαμεν⁸
1160 2270 1297 2323 ἀλλὰ
1344 2272 1566 2339 γέγονεν
1613 2275 1769 2343 ἡμῶν

198 2352 429 2423 μεσίτης
455 2353 739 2426 ἄνθρωπος
764 2356 886 2410 καθ’
920 2359 1085 2428 ἡμᾶς,
1116 2359 1175 2412 τὸ
1203 2363 1301 2431 τῆς
1329 2363 1577 2433 θεότητος
1599 2365 1771 2433 ὄνομα

195 2442 578 2500 καταπλαστον
626 2446 788 2517 ἔχων.
852 2449 1017 2502 una
1061 2451 1166 2515 ναὶ,
1218 2453 1374 2522 φησὶ,
1431 2455 1661 2525 σμικρὸν
1705 2454 1771 2508 ἂν

192 2539 275 2609 εἴη
305 2538 383 2608 τῷ
414 2541 480 2594 ὲκ
505 2541 641 2595 Θεοῦ
672 2542 886 2613 Πατρός
931 2544 1091 2613 φύντι
1136 2546 1295 2616 Λόγῳ
1344 2546 1406 2598 τὸ
1446 2548 1770 2617 ἱερουργεῖν.

194 2629 438 2700 Σμικρὸν
470 2633 932 2704 ὁμολογουμένως.
966 2637 1218 2707 Συνεργῶ
1246 2636 1371 2708 [ἴον.
1402 2637 1773 2709 συνεώιῖγάρ

195 2732 277 2774 σοι
312 2724 679 2793 πρεσϐεύοντι
730 2727 961 2794 τάληθές
990 2744 1003 2757 ο
1058 2728 1174 2781 ἀλλ’
1219 2730 1281 2781 ού
1315 2732 1492 2799 γυμνῇ
1548 2732 1609 2801 τῇ
1657 2730 1775 2782 θεό-

192 2825 320 2880 τητι
388 2815 731 2884 κεχρημένος
782 2815 1017 2883 ἐπέρανε
1079 2820 1189 2880 τοῖς
1237 2819 1327 2870 ἐπὶ
1358 2820 1455 2888 τῆς
1500 2819 1645 2888 γῆς·
1682 2836 1771 2887 γε·

192 2917 267 2966 γο·
288 2900 373 2965 ὼς
395 2903 455 2957 δὲ
498 2904 698 2974 μᾶλλον
748 2905 1035 2976 ἄνθρωπος
1078 2908 1198 2962 καθ’
1241 2911 1405 2980 ἡμᾶς,
1447 2903 1490 2977 ᾧ
1534 2910 1675 2980 μέγα
1720 2929 1771 2964 τι

193 2994 384 3063 χρῆμα
437 2996 534 3050 καὶ
589 2995 863 3067 ἐξαίρετον
907 3000 1221 3071 ἱερουργία·
1268 3004 1315 3055 εί
1356 3002 1415 3055 δὲ
1459 3002 1521 3073 δὴ
1571 3020 1771 3073 παραι-

190 3088 332 3139 τείτο
378 3085 513 3159 [ἴον.
555 3089 910 3161 παραιτοίτο]
943 3092 1005 3143 τὸ
1038 3093 1340 3164 ἱερουργεῖν
1384 3093 1459 3155 ὡς
1499 3094 1773 3165 ἀνθρώπῳ

196 3178 430 3246 πρέπον,
470 3180 638 3250 ἤγουν
671 3181 843 3252 ἑτέρῳ
872 3182 948 3252 τῷ
980 3182 1099 3254 [ἵσ.
1136 3184 1308 3254 ἑτέρῳ
1349 3184 1463 3256 τῳ]
1503 3188 1601 3255 τῆς
1652 3186 1775 3238 δουο

196 3265 345 3332 λείας
370 3269 555 3339 ἔχοντι
581 3272 799 3342 μέτρον,
846 3274 962 3337 πῶς
998 3276 1105 3328 οὐκ
1145 3276 1367 3347 ἄμεινον
1420 3277 1571 3348 παρὰ
1616 3278 1773 3343 πολὺ,

192 3357 282 3409 καὶ
321 3360 435 3428 πρό
470 3377 535 3429 γε
561 3361 752 3415 τούτου
792 3364 1177 3434 παραιτεῖσθαι
1200 3365 1297 3436 τὴν
1324 3367 1776 3439 ἐνανθρώπησιν;

205 3447 343 3502 Ἀλλ’
390 3452 495 3504 οὐκ
543 3452 849 3523 ἀπόϐλητον
882 3457 1177 3526 ἐποιήσατο
1223 3457 1289 3510 δι’
1322 3459 1468 3529 ἡμᾶς
1514 3460 1615 3531 τὴν
1657 3462 1779 3528 γέν-

191 3552 366 3607 νησιν,
395 3541 589 3595 οὑτοσὶ
610 3542 687 3606 δὲ,
720 3544 796 3607 ὼς
820 3544 977 3614 ἔφην,
1000 3546 1314 3616 αἰσχύνεται
1346 3548 1579 3618 τάληθές
1600 3568 1612 3581 ·
1648 3550 1776 3605 ἄσο-

190 3628 288 3695 φόν
312 3646 374 3682 τε
405 3631 508 3684 καὶ
538 3633 947 3705 ἀνεπιστήμονα
969 3630 1327 3701 καταδεικνὺς
1350 3640 1559 3694 ἑαυτόν.
1585 3641 1778 3695 Καίτοι

184 3719 281 3771 τοῦ
315 3723 599 3793 μακαρίου
621 3725 835 3778 Παύλου
861 3727 1115 3795 λέγοντος
1135 3745 1148 3757 ⁸
1187 3748 1204 3780 ι
1229 3731 1303 3782 Οὐ
1323 3732 1431 3801 γὰρ
1456 3733 1781 3803 ἐπαισχύνο-

190 3826 292 3879 μαι
348 3813 414 3865 τὸ
478 3814 828 3883 Εὑαγγέλιον,
883 3819 1118 3889 δύναμις
1170 3822 1280 3893 γὰρ
1328 3822 1462 3875 Θεοῦ
1521 3826 1667 3876 ἐστιν
1698 3828 1779 3889 είς

182 3899 481 3971 σωτηρίαν
510 3903 669 3956 πιιιντὶ¹
699 3906 775 3976 τῷ
803 3898 1128 3963 πιστεύοντι.
1162 3932 1178 3961 ι
1206 3911 1520 3980 Θαυμάσειε
1548 3913 1593 3966 δ’
1614 3914 1678 3967 ἄν
1700 3934 1780 3979 τις

182 3993 280 4045 τὸν
317 3992 422 4046 τοῦ
464 3993 596 4047 Θεοῦ
643 3997 832 4065 Λόγον,
869 4003 966 4071 τῆς
1011 4003 1267 4056 ἁπάντων
1314 4005 1477 4057 ἕνεκα
1511 4005 1778 4074 σωτηρίας

180 4084 277 4137 καὶ
315 4083 502 4152 ζωῆς,
531 4088 797 4158 τοσαύτην
830 4091 1183 4162 ἀνασχομένῳ
1228 4095 1416 4147 παθεῖν
1450 4097 1548 4164 τὴν
1589 4097 1776 4149 ταπεί-

182 4190 380 4235 νωσιν,
410 4172 485 4243 ἣν
510 4175 609 4228 οὐκ
639 4171 737 4230 οἷδ’
781 4179 930 4242 ὅπως
969 4182 998 4232 ό
1048 4181 1156 4233 τῶν
1206 4185 1425 4238 είκαίων
1464 4187 1588 4255 ἡμῖν
1633 4186 1775 4240 διδα-

182 4265 429 4334 γμόιτων
462 4266 710 4339 εὑρετὴς,
741 4270 836 4322 καὶ
888 4271 1049 4345 μόνον
1100 4274 1380 4344 ὁμολογεῖν
1423 4278 1774 4347 αἰσχύνεται-

183 4357 375 4409 καίτοι
400 4356 529 4409 δέον
556 4359 796 4425 ἄγασθαι
830 4360 931 4430 μὲν
975 4362 1069 4415 ἐπὶ
1096 4364 1304 4428 τούτοις
1347 4366 1529 4429 αὐτὸν,
1574 4368 1773 4419 ἀνακε-

1877 1900 2122 1955 litatem?
2154 1900 2437 1966 Quomodo
2481 1901 2643 1968 igitur
2666 1900 2777 1969 jam
2822 1902 2993 1972 ipsum
3026 1900 3259 1954 Verbum
3300 1897 3442 1968 quod

1878 1990 2018 2066 Dens
2047 2000 2184 2056 erat,
2214 2000 2427 2045 nostras
2456 2006 2539 2044 res
2561 1993 2763 2061 juvisse
2792 1993 3052 2055 cernitur,
3084 1993 3127 2047 si
3163 2006 3256 2062 per
3280 1992 3441 2044 alium

1876 2097 2088 2151 quoque
2133 2084 2198 2134 ad
2235 2082 2402 2136 Deum
2454 2097 2518 2136 ac
2558 2081 2774 2135 Patrem
2815 2083 3032 2137 adducti
3068 2082 3296 2137 sumus?
3324 2080 3441 2134 Non
3476 2111 3484 2117 -

1874 2177 2017 2229 enim
2057 2174 2168 2243 jam
2203 2189 2299 2242 per
2340 2174 2515 2242 ipsum
2553 2189 2827 2228 accessum
2862 2175 3175 2235 habuimus,
3217 2172 3310 2227 sed
3342 2172 3445 2225 fuit

1877 2268 2140 2320 mediator
2186 2277 2373 2318 noster
2423 2265 2583 2319 homo
2634 2265 2802 2318 nostri
2862 2264 3091 2331 similis,
3124 2263 3232 2334 65
3262 2262 3442 2316 fictum

1879 2360 2085 2415 habens
2133 2356 2436 2411 divinitatis
2475 2370 2692 2410 nomen.
2745 2357 2813 2408 At
2872 2358 3038 2421 enim,
3082 2356 3278 2425 inquit,
3326 2356 3444 2409 exi-

1870 2462 2039 2519 ‘gnunt
2084 2464 2216 2505 sane
2260 2458 2337 2502 est
2375 2446 2553 2502 Verbo
2600 2462 2665 2502 ex
2716 2447 2828 2502 Deo
2876 2449 3055 2515 genito
3104 2447 3445 2501 sacriﬁcandi

1879 2557 2093 2595 mtmns.
2128 2541 2413 2610 Exiguum,
2445 2539 2641 2605 fateor,
2683 2539 2778 2593 tibi
2819 2540 2961 2594 enim
3006 2539 3273 2594 assentior
3306 2538 3446 2592 veri-

1881 2644 2042 2687 tatem
2094 2632 2405 2702 praedicanti
2438 2650 2450 2686 :
2483 2634 2577 2686 sed
2618 2632 2762 2686 haud
2802 2632 2942 2685 nuda
2978 2646 3130 2685 usum
3167 2629 3448 2684 divinitate

1880 2726 1963 2780 bis
1989 2725 2078 2793 qui
2109 2735 2234 2777 sunt
2268 2725 2320 2776 in
2366 2722 2525 2777 terris
2550 2722 2825 2791 apparuit,
2855 2736 3036 2775 verum
3083 2722 3242 2775 homo
3268 2721 3446 2790 potius

1881 2816 2049 2869 nostri
2076 2813 2270 2868 similis
2299 2812 2521 2877 factum,
2545 2812 2630 2865 cui
2658 2826 2907 2881 magnum
2936 2810 3187 2879 quiddam
3220 2820 3302 2864 est
3331 2810 3445 2863 exi-

1882 2906 2156 2973 miamque
2200 2900 2538 2956 sacrificandi
2582 2899 2850 2965 oliicium;
2906 2898 3049 2967 quod
3104 2898 3149 2951 si
3203 2897 3448 2965 repudiet

1880 2995 2218 3051 sacriﬁcandi
2255 3008 2451 3047 munus
2504 3002 2562 3046 ut
2594 2990 2824 3052 lmmini,
2870 2991 2983 3045 sive
3022 2989 3175 3043 alteri
3211 2988 3443 3056 cuipiam

1881 3089 2158 3144 servitutis
2195 3101 2500 3142 mensuram
2541 3086 2753 3140 habenti
2786 3083 3141 3147 conveniens,
3176 3082 3446 3152 quomodo

1882 3197 1987 3235 non
2012 3181 2204 3234 melius
2226 3178 2415 3233 luisset
2453 3178 2615 3232 etiam
2649 3185 2771 3231 ante
2799 3176 2901 3229 hoc
2929 3190 3145 3240 munus,
3182 3175 3447 3229 humana-

1883 3272 2081 3325 tionem
2114 3268 2439 3336 repudiare?
2468 3266 2575 3321 Sed
2606 3276 2784 3321 nostra
2815 3279 2979 3319 causa
3023 3265 3167 3319 haud
3196 3263 3444 3332 rejicien-

1882 3362 2003 3415 dam
2041 3361 2212 3429 ipsam
2266 3359 2669 3428 generationem
2715 3357 2913 3413 duxit:
2959 3357 3058 3411 iste
3114 3367 3332 3421 tamen,
3385 3362 3445 3407 ut

1882 3452 2014 3517 dixi,
2048 3453 2327 3505 veritatem
2360 3451 2653 3513 erubescit,
2684 3449 2736 3503 in
2777 3464 2885 3517 quo
2917 3449 3255 3517 insipienter»
3302 3461 3362 3502 se
3391 3454 3446 3523 et

1883 3545 2191 3614 imperitum
2220 3544 2480 3609 ostendit,
2525 3544 2771 3612 quamvis
2796 3544 2986 3598 beatus
3020 3541 3219 3596 Paulus
3259 3541 3442 3595 dicat:

1887 3653 1903 3686 t
1941 3634 2056 3689 Non
2112 3635 2255 3688 enim
2317 3635 2580 3688 erubesco
2647 3634 3030 3705 Evangelium;
3078 3634 3250 3688 virtus
3301 3636 3443 3687 enim

1882 3726 1974 3781 Dei
2007 3739 2089 3782 est
2121 3726 2172 3779 in
2216 3726 2444 3779 salutem
2480 3727 2625 3779 omni
2669 3727 2908 3781 credenti
2926 3727 2991 3780 ’⁵.
3027 3744 3046 3777 ι
3077 3724 3447 3779 Admiratione

1881 3827 2058 3871 autent
2097 3819 2314 3887 dignum
2347 3827 2429 3871 est
2470 3817 2558 3871 Dei
2584 3814 2815 3871 Verbum
2863 3817 3054 3871 salutis
3095 3831 3159 3871 ac
3186 3816 3309 3868 vitae
3339 3829 3446 3868 ont-

1882 3911 2026 3965 nium
2082 3925 2241 3963 causa
2299 3919 2501 3963 tantam
2550 3910 2903 3963 humilitatem
2955 3911 3137 3964 subire
3185 3910 3441 3969 voluisse,

1880 4017 2038 4070 quam
2071 4001 2253 4054 nescio
2285 4000 2553 4068 quomodo
2596 3999 2683 4052 hic
2709 4000 3013 4067 ineptarum
3043 3999 3444 4066 disciplinarum

1881 4092 2147 4152 inventor,
2173 4089 2252 4144 vel
2276 4090 2518 4143 confiteri
2548 4090 2718 4143 solum
2757 4091 3025 4145 erubescit
3053 4108 3066 4142 :
3100 4105 3219 4143 cum
3242 4090 3446 4160 aequius

1882 4183 2071 4236 fuisset
2122 4190 2400 4249 propterea
2443 4179 2614 4248 ipsum
2673 4180 2972 4244 admirari,
3026 4188 3079 4234 et
3122 4180 3280 4234 simul
3325 4195 3443 4234 cum

1880 4274 2039 4327 beato
2084 4270 2350 4340 Propheta
2402 4271 2681 4325 clamare:
2716 4289 2732 4322 ι
2770 4271 3013 4335 Domine,
3062 4271 3239 4324 audivi
3291 4270 3445 4324 audi-

1883 4374 1994 4417 tum
2030 4372 2200 4425 tuum,
2232 4372 2284 4416 et
2308 4363 2489 4428 timui;
2532 4363 2865 4417 consideravi
2914 4377 3076 4432 opera
3126 4373 3237 4425 tua,
3268 4372 3320 4416 et
3354 4378 3444 4416 ex-

182 4448 430 4516 κραγεῖν
482 4445 537 4497 δὲ
576 4447 709 4518 ὁμοῦ
756 4449 833 4520 τῷ
884 4451 1142 4523 μακαρίῳ
1187 4457 1477 4526 προφήτῃ·
1538 4455 1772 4526 «Κύριε,

1882 4452 2003 4521 pavi
2027 4452 2093 4506 ⁸⁵.
2126 4471 2144 4503 ι
2182 4451 2314 4505 Nam
2343 4466 2464 4506 cum
2508 4470 2697 4507 omnes
2736 4453 2953 4508 Litterae
2988 4454 3248 4507 divinitus
3277 4453 3445 4522 inspi-

146 4538 513 4606 _eiaaxﬁx0a
538 4538 633 4609 τὴν
661 4543 829 4611 ἀκοήν
865 4559 957 4596 σου
990 4545 1085 4597 καὶ
1118 4545 1393 4615 ἐφοϐήθην
1413 4563 1426 4576 '
1476 4548 1772 4617 κατενόησα

1882 4549 2013 4595 ratae
2051 4541 2150 4610 ipsi
2206 4550 2591 4610 repugnarent,
2645 4552 2701 4593 et
2749 4550 3086 4609 opponerent
3132 4542 3444 4603 veritatem,

178 4629 251 4682 τὰ
278 4628 434 4701 ἔργα
470 4645 563 4681 σου
590 4632 683 4684 καὶ
707 4633 955 4705 ἐξέστην.
980 4655 999 4687 ι
1046 4637 1262 4708 Ἐπειδὴ
1296 4637 1349 4690 δὲ
1381 4640 1597 4709 ἀπάσης
1632 4640 1772 4709 αὐτῷ

1881 4632 2102 4700 ejusque
2132 4646 2435 4686 sermonem
2461 4648 2565 4698 quo
2597 4647 2690 4684 sua
2721 4641 3024 4685 commenta
3053 4640 3254 4699 tuetur,
3287 4631 3440 4702 frigi-

180 4721 281 4788 τῆς
347 4717 720 4772 θεοπνεύστου
779 4722 1003 4792 Γραφῆς
1064 4725 1519 4796 ἀντεγειρομένης
1579 4727 1772 4797 τρόπον

1883 4723 2007 4777 dum
2035 4732 2089 4778 et
2120 4723 2289 4776 levem
2320 4730 2373 4777 ct
2410 4722 2550 4774 nulla
2580 4737 2647 4775 ex
2677 4730 2826 4789 parte
2858 4720 3047 4778 fultum
3079 4724 3444 4785 ostenderent,

178 4810 329 4877 τινὰ,
376 4809 483 4863 καὶ
510 4810 912 4884 ἀντανιστώσης
936 4814 1034 4884 τὴν
1063 4815 1343 4886 ἀλήθειαν,
1372 4817 1577 4888 ψυχρόν
1601 4836 1660 4871 τε
1688 4819 1772 4871 καῖ

1885 4830 1989 4868 non
2047 4815 2301 4867 mediocri
2338 4814 2559 4883 penuria
2610 4824 2879 4868 rectarum
2931 4831 3287 4884 verarumque
3323 4831 3448 4871 sen—

182 4900 379 4962 ἇῦλον,
418 4898 522 4952 καὶ
552 4898 848 4968 οὐδαμόθεν
879 4904 1337 4975 ὲπικουρούμενον
1372 4907 1772 4977 ἀποφαινούσης

1883 4905 2171 4960 teutiarutn
2219 4914 2269 4957 et
2304 4904 2712 4973 inquisitionum
2754 4904 3017 4960 laboravit
3045 4923 3063 4960 :
3096 4922 3157 4961 ea
3190 4908 3253 4962 de
3286 4920 3446 4960 causa

182 4991 332 5063 αὐτῷ
363 4991 468 5045 τὸν
502 4991 597 5044 ἐπὶ
625 4993 737 5054 τοῖς
771 4993 919 5056 ίδίοις
939 4994 1211 5065 εὑρήμασι
1236 4995 1415 5064 λόγον,
1438 4998 1772 5068 διηπόρηκεν

1883 5010 2001 5064 qua:
2046 5009 2203 5047 nemo
2244 5010 2476 5061 unquam
2522 5004 2669 5048 recta
2705 4994 3017 5064 dogmalum
3065 4996 3444 5050 tradendorutn

182 5081 243 5133 οὐ
280 5081 539 5152 μετρίως
584 5079 695 5132 τῶν
740 5082 816 5144 είς
859 5081 1122 5153 ὀρθότητά
1162 5101 1222 5136 τε
1265 5086 1360 5138 καὶ
1393 5086 1649 5154 ἀλήθειαν
1690 5088 1772 5137 ὲν-

1886 5087 2094 5140 ratione
2128 5085 2379 5150 celebris,
2427 5096 2517 5139 aut
2567 5088 2825 5150 sensisse,
2875 5098 2967 5141 ant
3016 5086 3220 5140 dixisse
3249 5086 3444 5153 depre-

186 5173 347 5227 νοιῶν
375 5189 441 5225 τε
492 5172 591 5225 καὶ
621 5171 959 5240 διασκέψεων
980 5188 992 5200 ·
1024 5173 1198 5246 ταύτῃ
1236 5192 1339 5239 τοι,
1373 5176 1469 5228 καὶ
1511 5175 1547 5229 δι
1592 5177 1772 5245 μηδεὶς

1884 5178 2157 5240 henditur,
2193 5178 2257 5231 iis
2288 5194 2381 5245 pro
2412 5193 2720 5231 sermonum
2765 5193 2980 5230 suorum
3023 5176 3311 5228 occasione
3342 5175 3447 5227 uti-

186 5263 415 5317 πώποτε
446 5264 562 5316 τῶν
591 5265 670 5327 είς
697 5263 963 5334 ὀρθότητα
989 5265 1089 5335 τὴν
1117 5266 1456 5336 δογματικὴν
1493 5284 1558 5335 με
1569 5284 1772 5336 μαρτυ-

1884 5279 1989 5331 tur,
2037 5276 2090 5320 et
2132 5278 2252 5320 cunt
2297 5271 2501 5321 umbris
2543 5278 2760 5336 pugnat,
2821 5278 2872 5319 et
2922 5265 3117 5317 frustra
3166 5264 3444 5318 contendit

191 5353 476 5422 ρημένων,
515 5352 547 5422 ἢ
576 5353 957 5423 πεφρονηκὼς,
983 5354 1015 5422 ἢ
1049 5354 1222 5422 λέγων
1244 5355 1543 5417 ἁλίσκεται,
1578 5355 1772 5418 ταύτας

1884 5358 2099 5410 nemine
2137 5368 2495 5426 repugnante,
2532 5366 2623 5408 aut
2664 5357 2744 5408 his
2777 5354 2841 5406 de
2874 5355 3032 5405 rebus
3064 5354 3447 5417 cantendcnte,

188 5448 429 5499 ποιεῖται
462 5444 566 5498 τοῦ
602 5445 760 5513 λόγου
793 5446 893 5508 τὰς
935 5445 1218 5515 ἀφορμάς·
1251 5450 1547 5516 σκιαμαχεῖ
1588 5464 1648 5499 τε
1685 5449 1772 5500 καὶ

1885 5446 2024 5512 quod
2054 5445 2179 5497 illud
2210 5461 2328 5498 esse
2371 5453 2497 5512 puto
2529 5458 2707 5495 aerem
2742 5442 3049 5494 verberare.
3091 5441 3237 5493 Dixit
3265 5443 3408 5496 enim
3434 5459 3446 5495 :

189 5533 525 5590 διατείνεται
568 5535 764 5604 μάτην,
797 5536 1183 5603 ἁντεξάιγοντος
1224 5538 1513 5604 οὐδενὸς,ἢ
1552 5538 1772 5605 φιλονει-

1884 5536 2016 5601 Quis
2053 5534 2292 5602 Apostoli
2342 5547 2532 5584 tnttnns
2566 5546 2684 5582 eunt
2728 5530 2998 5583 didicerit.
3040 5546 3142 5583 non
3181 5531 3324 5584 illico
3362 5530 3415 5582 iit

1905 5723 1947 5752 ³³
1981 5716 2132 5773 Joan.
2162 5729 2240 5782 ιιι,
2272 5716 2324 5769 5.
2402 5713 2447 5745 νδ
2477 5713 2631 5767 Rom.
2660 5730 2699 5784 ι,
2730 5717 2812 5770 lti.
2891 5716 2935 5747 “
2978 5714 3176 5770 llabac.
3208 5733 3284 5779 tu,
3319 5717 3365 5767 l.

261 5721 308 5751 ’θ
339 5718 489 5776 Dsal.
523 5732 656 5781 xw,
688 5718 739 5772 5.
816 5720 858 5751 ⁹¹
888 5718 1044 5773 Joan.
1078 5717 1271 5781 ttt,17.
1348 5720 1391 5749 ”'
1422 5716 1712 5782 Joan..x\'t,
1738 5718 1824 5772 ‘27.
