3926 6126
426 320 527 374 Ηθ
1407 320 1465 377 S.
1505 320 1774 378 CYRILLI
1813 322 2283 383 ALEXANDRINI
2325 328 2644 388 ARCHZEP.
3567 336 3672 396 {9.0
3764 350 3767 353 ’

427 433 596 489 dicari
643 433 912 489 hominem
943 433 1237 502 intelligat?
1275 434 1405 501 Quis
1447 438 1714 504 pontiﬁcis
1758 440 1964 509 appella

2118 446 2215 496 ιεῖν
2245 444 2519 509 ἐθέλοντος
2545 449 2673 514 περὶ
2697 446 2900 501 τούτων
2930 449 3110 503 αὐτῶν
3152 449 3285 522 [ισ.
3316 449 3467 523 αύτῷ
3486 453 3507 525 ]
3525 470 3538 484 ·
3575 455 3668 508 καὶ

429 527 633 581 tionem
662 527 907 589 audiens,
940 525 1236 579 divinitatis
1279 527 1567 580 essentiam
1600 529 1774 596 ipsum
1812 533 1979 598 ponti.

2119 535 2273 601 :oii'co,
2295 534 2583 608 οἷμαι,έστι
2604 541 2681 606 τὸ,
2705 542 2786 603 είς
2816 542 2954 612 ἀέρα
2978 543 3174 613 δέρειν.
3206 545 3352 614 Ἔφη
3383 546 3494 615 γάρ
3513 562 3528 577 ·
3573 548 3669 611 Τίς

431 622 583 675 ﬁeem
606 618 916 673 existimet?
941 618 1072 671 Cum
1113 633 1239 686 ergo
1270 618 1357 685 qui
1385 617 1486 671 hoc
1509 618 1673 685 dicat,
1713 635 1873 674 nemo
1899 622 1981 685 sit,

2122 628 2433 681 Αποστόλου
2461 630 2805 700 λειτουργίαν
2835 632 3043 702 μαθὼν,
3074 634 3175 686 οὐκ
3194 634 3356 694 εὐθὺς
3385 635 3672 707 ἄνθρωπον

429 725 550 764 ωσι
582 708 799 778 quibus,
839 708 925 761 dic
970 707 1120 770 mihi,
1157 706 1457 769 contendis,
1502 716 1556 760 et
1602 722 1713 761 rem
1751 708 1974 762 omniun

2120 718 2433 788 ιηνυόμενον
2456 719 2629 787 ἔγνω;
2658 722 2755 783 Τίς
2773 722 3072 792 ἀρχιερέως
3104 726 3400 794 ὀνομασίαν
3435 706 3670 793 ἀκούων,

431 800 699 854 sententia
736 799 1065 858 damnatam,
1115 806 1368 863 tanquam
1420 795 1536 864 ipse
1580 798 1727 851 solus
1763 810 1981 864 evertas,

2124 807 2347 877 νεότητος
2382 811 2570 863 οὐσίαν
2603 812 2693 864 τὸν
2720 813 2981 883 ἀρχιερέα
3009 814 3316 883 νομίσειεν;
3346 817 3475 870 Ὅτε
3496 818 3674 872 τοίνυν

431 902 722 964 patmarem
757 896 848 947 tibi
886 895 1025 948 hanc
1057 908 1289 962 pugnam
1336 892 1573 946 futuram
1605 893 1794 962 putas?
1825 892 1981 948 Porrt

2123 899 2272 962 ιύδεὶς
2295 901 2323 950 6
2353 900 2510 954 τοῦτο
2539 902 2713 970 λέγων
2744 904 2880 967 ἐστὶ,
2906 904 3067 967 τίσιν,
3109 907 3231 959 είπέ
3278 925 3390 977 μοι,
3439 908 3673 978 φιλονει-

434 987 700 1053 quomodo
733 986 965 1039 inficiari
1000 986 1170 1050 possit
1202 995 1255 1038 te
1294 984 1346 1038 in
1380 984 1619 1037 medium
1647 983 1698 1036 id
1734 983 1984 1050 proferrel

2123 992 2233 1052 ιεῖς,
2271 991 2365 1043 καὶ
2404 992 2466 1043 τὸ
2506 996 2623 1055 ταῖς
2657 995 2910 1049 ἁπάντων
2951 995 3153 1066 ψήφοις
3200 999 3673 1069 κατεγνωσμένον,

432 1078 575 1147 quod
622 1092 744 1130 cum
789 1092 818 1129 a
872 1078 1089 1129 nemine
1136 1075 1369 1137 dicatur,
1418 1081 1599 1127 tacere
1644 1074 1816 1127 satius
1858 1082 1982 1137 erat,

2126 1079 2175 1141 bc
2227 1079 2386 1149 μόνος
2436 1081 2596 1145 αὐτὸς
2648 1085 2990 1156 ἀνατρέπων,
3062 1086 3165 1139 οἴει
3209 1087 3348 1157 τάχα
3394 1106 3520 1151 που,
3582 1092 3676 1143 καὶ

432 1182 592 1236 quam
640 1167 694 1220 in
747 1166 1136 1234 simpliciorum
1182 1164 1392 1219 animos
1439 1162 1982 1233 injieere?660uit

2127 1170 2278 1242 ἐρῶν
2303 1171 2459 1236 ἀξίαν
2489 1174 2758 1229 ποιεῖσθαι
2779 1175 2876 1245 τὴν
2906 1175 3187 1245 ἔνστασιν;
3218 1179 3414 1232 Καίτοι
3435 1179 3556 1243 πιῖις
3578 1182 3677 1233 οὐκ

434 1260 580 1313 enim
625 1267 710 1312 est
759 1259 890 1311 adeo
937 1257 1218 1320 attonitus,
1271 1265 1330 1310 ut
1362 1255 1659 1310 divinitatis
1707 1256 1984 1311 essentiatr

2127 1263 2315 1333 ιληθὲς,
2355 1264 2430 1326 ὡς
2463 1264 2620 1318 τοῦτο
2652 1266 2903 1333 λέγοντος
2929 1267 3162 1331 οὐδενὸς,
3218 1271 3300 1332 είς
3330 1270 3493 1340 μέσον
3523 1271 3677 1339 ἄγεις

438 1353 611 1418 ipsum
662 1347 975 1403 Pontiﬁcem
1032 1346 1344 1402 existimet?
1395 1345 1565 1399 Homo
1615 1355 1730 1399 erat
1781 1345 1988 1408 Aaron,

2126 1354 2280 1417 ιύτὸς,
2299 1354 2327 1407 6
2348 1357 2556 1427 σιωπᾷν
2587 1358 2833 1427 ἄμεινον,
2864 1360 2959 1412 καὶ
2994 1359 3068 1429 μὴ
3088 1361 3210 1422 ταῖς
3240 1361 3353 1413 τῶν
3378 1363 3676 1416 ἁπλουστέ-

437 1438 686 1506 quamvis
728 1436 953 1503 adeptus
986 1444 1044 1490 ut
1088 1435 1142 1488 in
1180 1434 1272 1488 illo
1314 1435 1495 1488 divino
1533 1436 1834 1488 sacerdotio
1881 1433 1987 1488 aliis

2127 1461 2213 1498 ιων
2229 1444 2467 1499 ἐνίεσθαι
2483 1446 2681 1517 ψυχαῖς
2706 1464 2720 1512 ;
2751 1448 2847 1510 Τίς
2862 1448 2970 1517 γὰρ
2990 1448 3163 1513 οὕτως
3185 1451 3571 1520 ἐμϐρόντητος,
3602 1451 3677 1515 ὡς

437 1527 751 1583 excelleret.
826 1525 1106 1591 Quomodo
1158 1524 1322 1594 igitur
1370 1525 1651 1592 quisquam
1704 1523 1987 1578 divinitatis

2130 1535 2355 1606 ιεότητος
2386 1537 2573 1590 οὐσίαν
2592 1537 2683 1591 τὸν
2722 1538 3006 1608 Ἀρχιερέα
3027 1539 3274 1608 νομίζειν
3301 1557 3316 1605 ;
3355 1539 3680 1609 Ἀνθρωπος

438 1619 730 1675 essentiam
770 1618 945 1686 ipsum
1000 1614 1307 1685 pontificem
1358 1615 1550 1682 putet?
1604 1624 1697 1667 aut
1735 1617 1988 1683 quomodc

2127 1621 2170 1695 ᾖν
2207 1625 2437 1695 Ἀαρὼν,
2474 1626 2648 1679 καίτοι
2690 1626 2753 1681 τὺ
2797 1625 3059 1696 προύχειν
3082 1626 3190 1679 τῶν
3222 1626 3397 1680 ἀλλων
3431 1627 3488 1679 ὲν
3521 1628 3677 1697 ἱερω-

442 1726 547 1764 non
599 1724 820 1778 prorsus
862 1708 1182 1762 conﬁteatur
1232 1707 1504 1760 hominem
1553 1706 1992 1769 commemorariJ

2133 1716 2238 1787 ’ύνῃ
2269 1719 2335 1786 τῇ
2371 1714 2492 1787 θεία
2532 1716 2732 1787 λαχών.
2766 1716 2891 1780 Πῶς
2923 1713 3016 1770 οὖν
3048 1717 3113 1770 ἄν
3150 1735 3233 1780 τις
3273 1717 3462 1771 οὐσίαν
3495 1717 3683 1785 θεότη-

439 1818 564 1856 cum
614 1802 782 1855 frater
821 1800 915 1854 ille
957 1799 1088 1853 Mosi
1137 1808 1194 1853 ut
1241 1797 1478 1867 pontifex
1519 1796 1859 1866 appellatur?
1901 1795 1989 1851 Set

2132 1824 2200 1871 τος
2231 1807 2322 1861 τὸν
2363 1798 2621 1880 ἀρχιερέα
2647 1807 2960 1877 νομίσειεν;
3005 1809 3036 1879 ἢ
3078 1808 3194 1871 πῶς
3233 1809 3300 1862 ἂν
3337 1809 3460 1879 οὐχὶ
3505 1811 3682 1877 πάντη

440 1890 583 1948 enim
628 1910 749 1947 cum
796 1905 1137 1945 communem
1175 1904 1479 1943 sermonem
1539 1887 1797 1958 proferat,
1834 1899 1887 1942 et
1914 1904 1982 1956 qu

2135 1915 2169 1951 re
2226 1900 2319 1953 καὶ
2369 1899 2587 1961 πάντως
2646 1900 3028 1967 ὁμολογήσειεν
3081 1898 3366 1969 ἀνθρώπου
3426 1901 3685 1967 γενέσθαι

442 1988 637 2055 cuique
668 1987 735 2039 de
786 1989 970 2037 nostro
1018 1994 1242 2034 numero
1279 1980 1545 2033 sacerdoti
1576 1979 1802 2048 quadret
1848 1989 1992 2046 atqui

2138 1989 2219 2058 ινή
2229 2005 2354 2058 μην,
2380 1988 2509 2041 ὅταν
2537 1989 2666 2058 ἡμῖν
2691 1990 2720 2040 6
2758 1988 2998 2051 Μωσέως
3024 1986 3246 2056 ἀδελφὸς
3276 1986 3352 2048 ὡς
3392 1986 3688 2056 ἀρχιερεὺς

443 2076 750 2138 conveniat,
784 2070 1201 2141 dispensationis
1249 2084 1366 2138 qua:
1395 2073 1447 2122 in
1493 2068 1715 2123 Christo
1755 2068 1993 2138 intelligi

2139 2079 2470 2150 ινομάζηται;
2515 2079 2674 2132 Ἀλλά
2703 2079 2813 2150 γὰρ
2837 2080 3015 2132 κοινόν
3042 2094 3165 2131 τινα
3189 2078 3284 2130 καὶ
3314 2077 3455 2130 κατά
3484 2077 3689 2140 παντὸς

445 2181 552 2231 tur,
595 2164 965 2220 admirabilem
1016 2160 1239 2231 gloriam
1272 2159 1601 2213 labefactare
1646 2168 1901 2223 conatur,
1953 2167 1995 2213 el

2139 2170 2414 2241 ιρχιερέως
2451 2168 2561 2223 τῶν
2602 2169 2724 2222 καθ’
2776 2170 2924 2238 ἡμᾶς
2976 2169 3122 2221 ἰόντα
3159 2183 3221 2219 τε
3263 2167 3359 2220 καὶ
3407 2167 3689 2239 πρέποντα

443 2260 684 2315 divinum
728 2256 857 2311 illud
890 2253 1206 2324 mysterium
1256 2260 1497 2306 nostrmn
1537 2265 1601 2304 ex
1640 2250 1767 2304 imis
1788 2249 1993 2304 sedibus

2133 2261 2388 2331 τροτιθεὶς
2407 2261 2498 2314 τὸν
2536 2261 2713 2328 λόγον,
2751 2260 2852 2329 τῆς
2874 2260 2932 2312 ὲν
2956 2258 3180 2328 Χριστῷ
3217 2258 3513 2329 νοουμένης
3539 2258 3683 2310 οἱκο-

445 2351 610 2406 audet
638 2357 905 2410 evertere,
943 2345 1163 2399 minime
1190 2342 1436 2411 cogitans
1462 2340 1757 2396 Ecclesiam
1783 2356 1812 2393 a
1845 2340 1995 2394 Chri-

2139 2351 2307 2419 ιομίας
2343 2351 2405 2403 τὸ
2448 2351 2748 2421 παράδοξον
2780 2350 3079 2421 παραλύειν
3122 2351 3411 2420 ἐπιχειρεῖ,
3454 2349 3550 2401 καὶ
3577 2342 3689 2400 οἷον

445 2457 530 2497 sto
570 2456 732 2508 supra
763 2450 970 2506 petram
1013 2450 1134 2489 esse
1165 2434 1463 2496 fundatam,
1503 2438 1558 2485 et
1591 2444 1865 2501 nunquam
1894 2429 1995 2481 fort

2140 2460 2180 2496 κ
2211 2442 2427 2514 βάθρων
2457 2442 2634 2496 αὐτῶν
2655 2442 2963 2496 κατασείειν
2985 2441 3266 2511 ἀποτολμᾷ
3291 2440 3350 2493 τὸ
3370 2439 3512 2492 θεῖον
3530 2439 3690 2509 ἡμῶν

446 2545 507 2588 ut
537 2534 802 2586 adversus
844 2542 962 2581 eam
1006 2532 1173 2595 porta:
1205 2524 1362 2577 inferi
1414 2521 1823 2592 praevaleant".
1858 2519 1996 2574 Dedi-

2137 2533 2450 2604 ιυστήριον·
2487 2534 2587 2586 οὐκ
2616 2532 2830 2599 ἐννοῶν,
2871 2533 2953 2586 ὅτι
2980 2531 3375 2603 τεθεμελίωκεν
3398 2533 3426 2586 6
3455 2529 3687 2603 Χριστὸς

448 2630 644 2694 gnatur
671 2620 817 2675 enim
859 2630 1196 2672 communem
1233 2623 1287 2669 et
1323 2614 1563 2668 omnium
1595 2622 1738 2667 recte
1771 2613 1998 2667 sentien-

2138 2626 2209 2677 ;1ti.
2239 2624 2443 2695 πέτραν
2462 2624 2561 2696 τὴν
2602 2624 2928 2693 Ἐκκλησίαν
2948 2639 2961 2653 ⁸
2992 2622 3088 2677 καὶ
3114 2624 3278 2677 πύλαι
3300 2623 3425 2694 ᾅδου
3455 2623 3517 2675 οὐ
3563 2638 3688 2674 κατ-

451 2717 584 2768 tinm
613 2708 920 2781 o‘pinionem
949 2710 1101 2778 sequi
1133 2724 1150 2761 :
1182 2723 1372 2760 novam
1403 2721 1515 2761 sua:
1551 2706 1835 2761 sententia:
1870 2706 2001 2759 viam

2137 2717 2429 2787 extio-ouant
2480 2717 2670 2786 αὐτῆς.
2708 2717 2943 2770 "Humor
2968 2716 3066 2787 μὲν
3107 2716 3217 2786 γὰρ
3263 2717 3405 2780 ἀξιοῖ
3437 2717 3505 2784 τῇ
3538 2715 3687 2782 κοινῇ

449 2806 845 2861 inconsiderate
878 2801 1025 2856 solus
1070 2799 1388 2868 ingreditur.
1434 2796 1542 2851 Nos
1588 2797 1758 2861 enim,
1809 2804 1868 2849 ut
1898 2795 1999 2865 jam

2139 2806 2213 2858 tati.
2260 2804 2515 2861 ἁπάντων
2560 2806 2667 2859 τῶν
2705 2805 2839 2875 ὀρθὰ
2884 2809 3100 2877 φρονεῖν
3146 2805 3416 2859 είωθότων
3460 2803 3689 2857 ἕπεσθαι

446 2894 700 2966 praefatus
747 2908 892 2961 sum,
928 2893 1054 2947 illud
1102 2907 1166 2947 ex
1204 2890 1311 2945 Deo
1353 2888 1513 2943 Patre
1551 2886 1804 2953 Verbum,
1839 2886 1996 2941 homi'

2292 2900 2605 2967 καινοτομεῖ
2652 2898 2743 2950 καὶ
2786 2898 2944 2967 μόνος
2988 2898 3364 2959 ἀὸασανίστως
3392 2896 3452 2948 τὸ
3476 2894 3687 2948 δοκοῦν.

447 3003 569 3042 nem
605 2986 827 3052 factum,
863 2994 917 3040 et
953 2984 1058 3040 sibi
1106 2991 1164 3038 et
1212 2982 1353 3035 Patri
1378 2979 1743 3035 ‘sacriﬁcasse
1783 2978 1997 3033 dieimut

2143 2990 2321 3059 Ημεῖς
2354 2990 2450 3058 μὲν
2479 2988 2607 3059 γὰρ,
2638 2989 2888 3061 καθάπερ
2912 2991 3011 3061 ἠδη
3037 2993 3317 3060 προεῖπον,
3336 2988 3424 3042 τὸν
3461 2990 3527 3040 ὲκ
3555 2986 3693 3039 Θεοῦ

448 3081 572 3136 fidei
606 3092 807 3135 nostra:
854 3075 1274 3138 confessionem,
1318 3081 1373 3126 et
1420 3079 1803 3140 congruentem
1839 3068 1998 3122 nulla-

2143 3080 2333 3150 Ῑατρὺς
2366 3080 2537 3148 Λόγον
2564 3080 2849 3151 ἄνθρωπον
2877 3081 3169 3147 γεγονότα,
3214 3080 3307 3132 καὶ
3338 3077 3693 3148 ἱερουργῐῳαί

448 3188 556 3241 que
584 3187 650 3226 ex
684 3178 834 3240 parte
860 3183 890 3221 a
920 3181 1169 3221 mensura
1204 3162 1586 3220 exinanitionis
1618 3162 1998 3229 discrepanten

2145 3148 2304 3239 ραμεν
2334 3168 2512 3239 ἑαυτῷ
2552 3169 2645 3222 καὶ
2794 3170 2965 3240 Πατρῖ
2996 3170 3093 3239 τῆς
3134 3169 3370 3230 πίστεως
3400 3167 3558 3236 ήμῶν
3597 3166 3695 3236 τὴν

450 3263 686 3333 gessisse
732 3258 1215 3328 dispensationem.
1266 3256 1373 3309 Sed
1420 3269 1529 3308 non
1576 3252 1651 3307 illi
1697 3252 1815 3306 haec
1848 3252 1918 3305 ita
1959 3265 2000 3306 st

2145 3261 2432 3330 lpoitoyfav,
2484 3259 2800 3330 πρέπουσάν
2843 3277 2903 3313 τε
2948 3261 3044 3313 κοιλ⁵
3093 3259 3213 3312 κατ’
3259 3258 3453 3311 οὐδένα
3496 3256 3695 3327 τρόπον

453 3353 655 3407 habere
691 3350 964 3410 videntur,
995 3347 1091 3401 sed
1137 3345 1227 3399 ubi
1260 3342 1511 3411 privatim
1562 3356 1627 3396 ac
1666 3342 1893 3397 seorsim
1935 3340 2003 3394 di-

2147 3352 2464 3421 ινάρμοστον
2497 3352 2606 3414 τοῖς
2645 3351 2745 3421 τῆς
2782 3349 3063 3412 κενώσεως
3100 3349 3321 3418 μέτροις
3368 3346 3697 3419 ποιήσασθαι

451 3444 664 3506 stinxit,
698 3451 950 3509 tanquam
995 3439 1132 3493 alius
1172 3437 1244 3491 sit
1282 3435 1531 3491 Christus
1579 3434 1670 3490 ille
1711 3448 1779 3489 ex
1828 3444 2001 3488 sanet:

2147 3443 2222 3512 τὴν
2268 3443 2598 3512 οἰκονομίαν.
2648 3442 2786 3494 Ἀλλ’
2825 3443 2921 3511 οὐχ
2963 3434 3067 3494 ὧδε
3121 3440 3275 3493 ταῦτ’
3314 3439 3460 3510 ἔχειν
3504 3439 3697 3508 ἐκείνῳ

451 3531 673 3602 Virgine
722 3530 791 3584 ab
832 3529 924 3584 illo
968 3544 1031 3582 ex
1074 3530 1181 3582 Deo
1222 3527 1381 3581 Patre
1411 3523 1609 3587 Verbo,
1646 3522 1815 3592 ipsum
1855 3522 2001 3576 fuisse

2236 3534 2293 3595 εἰ,
2332 3533 2438 3602 ίδίᾳ
2463 3533 2519 3585 δὲ
2565 3531 2761 3601 μᾶλλον
2795 3533 2889 3584 καὶ
2926 3532 3030 3585 ἀνὰ
3065 3531 3228 3602 μέρος
3277 3528 3590 3594 άπολαῦὼν,
3623 3528 3698 3592 ὡς
3778 3598 3786 3607 ί

454 3624 653 3679 asserit
700 3621 1017 3693 Apostolum
1061 3630 1117 3675 et
1164 3617 1481 3673 Pontificem
1518 3615 1874 3671 confessionis
1923 3628 2004 3669 no-

2146 3640 2309 3694 ιτερον
2363 3623 2491 3675 ὄντα
2533 3623 2766 3693 Χριστὸν
2809 3623 2898 3675 τὸν
2946 3623 3009 3675 ὲκ
3048 3622 3148 3691 τῆς
3202 3621 3363 3689 ἁγίας
3416 3619 3696 3690 Παρθένου

453 3725 581 3770 straa
602 3715 671 3780 ",
721 3728 889 3782 seque
933 3714 1021 3782 pie
1068 3711 1426 3781 religioseque
1459 3708 1665 3762 sentire
1698 3714 1849 3774 putat
1896 3718 2003 3758 cun

2148 3713 2280 3784 ταρά
2307 3730 2372 3781 γε
2408 3712 2497 3766 τὸν
2519 3714 2581 3765 ὲκ
2616 3713 2753 3766 Θεοῦ
2788 3713 2999 3782 Πατρὸς
3033 3710 3420 3778 Λόγον,ιαύτδν
3444 3709 3698 3778 γενέσθαι

456 3808 532 3862 ait
558 3823 574 3860 :
605 3806 661 3861 Si
697 3806 838 3859 Deus
863 3815 947 3858 est
991 3802 1080 3856 ille
1110 3802 1201 3870 qui
1245 3799 1423 3862 offert,
1457 3796 1633 3851 nullus
1662 3803 1746 3849 est
1770 3794 1854 3848 cui
1884 3792 2006 3847 olle-

2144 3804 2627 3875 ρησὶνἋπόστολον
2646 3805 2738 3857 καὶ
2772 3804 3059 3874 Ἀρχιερέα
3087 3803 3183 3873 τῆς
3210 3801 3499 3871 ὁμολογίας
3517 3801 3694 3871 ήμῶν·

454 3908 606 3953 ratur
635 3915 649 3951 :
683 3896 808 3966 quid
832 3895 976 3949 enim
1004 3892 1286 3947 divinitate
1309 3891 1526 3959 dignum
1556 3889 1650 3951 sit,
1677 3898 1735 3940 ut
1763 3897 2004 3956 tanquatr

2151 3897 2297 3949 ιῖεται
2333 3896 2391 3950 δὲ
2437 3898 2530 3950 καὶ
2588 3897 2696 3949 τῶν
2739 3898 2818 3959 είς
2865 3894 3147 3949 εὐσέϐειαν
3190 3894 3435 3966 ἡκόντων
3478 3894 3701 3957 ἐννοεῖν,

453 3993 679 4049 inferior
714 3990 899 4057 majori
939 3986 1167 4042 offerat?
1207 3985 1312 4039 Sed
1360 3984 1405 4037 si
1441 3983 1563 4052 quis
1588 3990 1731 4036 esset
1763 3980 1852 4049 qui
1886 3994 2003 4034 conv

2146 3991 2304 4041 εκεῖνο
2337 3987 2510 4055 λέγων
2535 4004 2548 4017 ·
2582 3988 2645 4039 Εἰ
2674 3987 2805 4050 Θεὸς
2830 3989 2857 4040 ὁ
2876 3982 3221 4057 προσφέρων,
3245 3985 3421 4045 οὐδεὶς
3457 3978 3501 4053 ᾧ
3532 3999 3696 4054 προσ-

455 4086 701 4140 tenderet
730 4099 794 4137 ac
823 4082 1047 4141 diceret,
1081 4081 1256 4148 ipsum
1293 4090 1418 4129 vere
1444 4089 1508 4127 ex
1554 4072 1661 4126 Deo
1686 4070 1845 4124 Patre
1871 4070 2005 4140 geni.

2149 4078 2389 4148 ρέρεται·
2445 4079 2496 4131 τί
2545 4078 2654 4149 γὰρ
2706 4077 2955 4145 θεότητος
3005 4077 3176 4141 ἀξιον,
3231 4078 3294 4130 ἶν’
3360 4077 3435 4140 ὡς
3480 4076 3699 4131 ἔλαττον

454 4187 563 4231 tum
596 4173 831 4229 Verbum
877 4171 1041 4224 etiam
1082 4177 1366 4235 antequam
1405 4166 1562 4219 homo
1616 4162 1789 4223 fieret,
1823 4160 1888 4211 ad
1930 4174 2004 4213 sa-

2151 4168 2411 4240 προσφέρῃ
2452 4167 2527 4239 τῷ
2561 4167 2802 4238 μείζονι;
2845 4166 2984 4219 Ἀλλ’
3007 4168 3055 4218 εί
3081 4166 3179 4235 μέν
3205 4184 3285 4229 τις
3301 4162 3369 4237 ἦν
3391 4168 3419 4219 6
3448 4166 3701 4221 διατεινό-

455 4268 681 4323 cerdotii
734 4279 929 4319 munus
975 4276 1095 4317 esse
1136 4259 1478 4318 collocatum,
1528 4265 1586 4309 et
1628 4256 1681 4307 in
1731 4252 1997 4305 ministeri

2150 4259 2291 4323 ιενός
2319 4276 2378 4311 τε
2403 4258 2494 4312 καὶ
2532 4258 2705 4326 λέγων
2729 4256 2891 4311 αὐτὸν
2923 4256 3138 4328 ἀληθῶς
3167 4260 3259 4310 τον
3309 4259 3374 4309 ὲκ
3419 4256 3558 4310 Θεοῦ
3589 4259 3700 4310 Πα-

454 4359 645 4414 ordine
699 4372 762 4410 ac
814 4367 1062 4407 mensura
1109 4348 1482 4408 constitutum,
1530 4358 1700 4413 eaque
1746 4343 1813 4395 de
1859 4356 2004 4395 cans:

2150 4351 2255 4422 πρὸς
2298 4351 2489 4417 Λόγον,
2527 4351 2621 4403 καὶ
2657 4349 2763 4419 πρὸ
2801 4350 2899 4419 τῆς
2921 4338 3400 4419 ’ἐνανθρωπήσεως
3444 4349 3700 4419 τετάχθαι

450 4450 574 4517 jure
631 4445 891 4516 appellari
933 4441 1240 4513 pontiﬁcem
1281 4448 1335 4491 et
1383 4434 1703 4504 apostolum.
1748 4433 2000 4501 sapienter

2148 4444 2266 4513 πρὸς
2297 4443 2627 4513 ἱερουργίαν,
2672 4442 2764 4494 καὶ
2789 4442 2846 4494 ὲν
2874 4441 3089 4510 μέτροις
3120 4436 3260 4493 εἶναι
3286 4440 3698 4509 λειτουργικοὶξ,

458 4496 643 4611 btique
668 4496 986 4598 refutasse-t,
1023 4543 1078 4587 et
1105 4540 1229 4599 apte
1257 4529 1358 4582 hac
1389 4528 1453 4580 de
1488 4540 1545 4579 re
1567 4522 1876 4579 conclusam
1908 4537 2008 4576 essr

2152 4496 2425 4605 :atlr'qglzs
2446 4496 2626 4585 ’ἕνεκα
2640 4533 2736 4601 τῆς
2765 4496 2944 4595 αἰτίας
2974 4496 3334 4601 δνομάζεσθαι
3371 4496 3485 4584 δεῖν
3519 4496 3702 4602 ξῆιρχιέᾇ

458 4634 527 4687 ab
550 4647 615 4691 eo
642 4626 1106 4681 ratiocinationem
1135 4619 1241 4674 dici
1270 4626 1471 4687 posset.
1499 4614 1612 4669 Non
1645 4613 1786 4667 enim
1824 4622 2008 4667 natura

2153 4627 2235 4679 ;έα
2276 4624 2371 4678 καὶ
2414 4623 2729 4677 ἀπόστολον.
2776 4623 2954 4693 Σοφὴν
2998 4623 3064 4675 ἂν
3101 4624 3394 4691 ἐποιήσατο
3432 4622 3535 4692 τὴν
3573 4621 3703 4675 ἀπό-

460 4723 534 4777 illi
583 4720 833 4773 omnibus
886 4712 1185 4769 dominanti
1235 4710 1608 4765 sacrificantes
1652 4706 1918 4765 deerant,
1971 4721 2010 4757 ιι

2155 4714 2325 4782 τληξιν
2357 4712 2477 4784 [ϊσ.
2510 4710 2862 4783 ὲπίπληξιν]·
2889 4711 3219 4780 πεποιῆσθαι
3238 4711 3295 4764 δὲ
3319 4712 3413 4765 καὶ
3437 4714 3494 4763 ὲν
3518 4711 3705 4781 κὸσμιρ

460 4814 573 4880 ipsa
616 4811 718 4865 sibi
770 4823 983 4861 sacrum
1034 4805 1315 4858 exhiberet
1351 4799 1693 4868 obsequium.
1744 4798 1848 4851 Sed
1896 4798 2010 4865 qui:

2154 4804 2266 4873 ραίη
2313 4821 2396 4867 τις
2440 4804 2506 4856 ἂν
2539 4802 2685 4872 αὐτῷ
2723 4802 2812 4855 τὸν
2852 4802 2943 4854 ἐπὶ
2982 4801 3156 4870 τούτῳ
3202 4802 3578 4872 συλλογισμόν.
3632 4803 3704 4855 Οὐ

461 4903 551 4957 ille
586 4898 908 4969 Uuigenitus
932 4895 1022 4964 qui
1058 4905 1246 4947 natura
1284 4891 1425 4946 Deus
1448 4901 1589 4953 erat,
1622 4899 1677 4944 et
1705 4904 1733 4941 a
1769 4889 2011 4943 sacerdo-

2157 4896 2239 4965 ’ἀρ
2271 4891 2338 4964 ἦν
2368 4896 2424 4948 ὲν
2465 4894 2657 4947 σπάνει
2678 4892 2786 4945 τῶν
2816 4891 3113 4962 ίερουργῶν
3150 4892 3312 4962 ἡτῶν
3338 4892 3477 4945 ὅλων
3506 4895 3707 4963 κατάρ-

462 5000 606 5053 tibus
644 4992 903 5061 obsequia
943 5004 1093 5044 sacra
1131 4986 1479 5055 suscipiebat,
1509 4985 1574 5037 ad
1603 4996 1909 5037 mensuram
1936 4993 2012 5033 eoi

2156 5003 2302 5055 [ουσα
2327 4986 2505 5054 φύσις,
2543 4986 2609 5037 ἵν’
2628 4986 2685 5035 ὲν
2708 4984 2846 5052 αὐτῇ
2876 4980 2991 5054 [ἷσ.
3017 4982 3219 5055 ἑαυτῇ]
3251 4983 3425 5035 λειτου
3436 4984 3706 5054 ργήσειεν.

462 5105 579 5144 rum
606 5084 885 5142 descendit
906 5082 995 5150 qni
1021 5078 1325 5133 sacerdotio
1352 5074 1730 5145 fungebantur,
1755 5072 1941 5133 homo,
1973 5082 2012 5121 ut

2160 5075 2368 5146 Ἐπειδὴ
2417 5075 2473 5128 δὲ
2512 5074 2671 5143 φύσει
2708 5074 2838 5137 Θεὸς
2884 5075 3143 5144 ὑπάρχων
3177 5075 3205 5126 6
3244 5075 3579 5143 Μονογενὴς,
3618 5074 3710 5126 καὶ

459 5181 593 5245 dixi,
614 5178 806 5241 factus,
831 5172 966 5228 nihil
983 5168 1202 5224 absurdi
1225 5176 1328 5232 est,
1348 5166 1391 5221 si
1409 5167 1573 5220 etiam
1594 5163 1849 5219 sacerdos
1870 5176 2009 5214 voce-

2157 5168 2235 5232 τὰς
2264 5168 2416 5239 παρά
2452 5166 2559 5220 τῶν
2603 5167 2986 5237 ἱερατευόντων
3016 5164 3357 5233 λειτουργίας
3400 5163 3707 5233 δεχόμενος,

461 5283 548 5326 tur
575 5287 604 5325 a
634 5269 805 5325 nobis.
845 5267 926 5321 An
961 5279 1087 5320 vero
1120 5276 1225 5316 non
1267 5257 1546 5312 descendit
1578 5258 1629 5310 in
1660 5254 1829 5310 forma
1862 5252 2011 5308 servi

2160 5260 2216 5321 vi;
2252 5257 2312 5311 τὸ
2358 5256 2470 5309 τῶν
2497 5255 2845 5325 τεταγμένων
2888 5255 2967 5314 εἰς
3017 5252 3325 5323 ἱερουργίαν
3374 5251 3710 5319 καταπεφοί-

462 5362 572 5433 67
610 5360 837 5415 formam
863 5357 1069 5412 scilicet
1094 5352 1233 5408 servi
1265 5350 1559 5419 accipiens,
1582 5346 1831 5416 quamvis
1860 5344 2012 5413 ﬁgnr:

2161 5363 2270 5412 τηκε
2302 5345 2522 5416 μέτρον,
2559 5343 2842 5413 ἄνθρωπος
2872 5341 3132 5410 γεγονὼς,
3189 5341 3263 5404 ὠς
3296 5341 3457 5409 ἔφην,
3503 5342 3711 5409 γένοιτο

464 5430 609 5507 esset
658 5465 723 5505 ac
768 5449 1021 5518 splendor
1064 5444 1247 5514 gloriae
1297 5441 1473 5495 Patris
1494 5440 1582 5492 ’⁸2
1619 5452 1840 5508 prorsus
1873 5449 2014 5487 nemt

2165 5452 2203 5487 LV
2225 5436 2333 5488 τῶν
2363 5436 2577 5489 ἀτόπων
2609 5435 2781 5498 οὐδὲν,
2815 5435 2864 5485 εί
2892 5430 3105 5484 καλοῖτο
3138 5431 3270 5501 πρὸς
3306 5432 3467 5501 ἡμῶν
3495 5436 3589 5487 καὶ
3615 5435 3715 5502 ἀρ-

466 5552 552 5594 est
582 5540 673 5607 qui
698 5541 762 5591 de
788 5539 888 5591 hac
913 5553 969 5591 re
998 5536 1222 5589 dubitet.
1256 5533 1388 5588 Cum
1424 5533 1587 5599 igitur
1616 5529 1704 5582 ille
1733 5527 2016 5581 secundum

2160 5525 2376 5594 (ιερεύς.
2431 5524 2498 5577 Ἥ
2551 5527 2611 5577 ού
2673 5523 3047 5595 καταϐέϐηκεν
3082 5525 3139 5576 ὲν
3187 5527 3251 5593 τῇ
3274 5523 3466 5576 δούλου
3506 5524 3710 5594 μορφῇ.

537 5719 582 5752 ’⁸
614 5715 804 5771 Matth.
830 5728 940 5781 ut,
968 5713 1052 5767 16.
1128 5714 1171 5745 ⁸⁷
1207 5711 1370 5766 Hebr.
1399 5711 1536 5774 trt,l.
1613 5706 1659 5740 "
1691 5706 1921 5774 Philipp.
1951 5720 2009 5771 ll,
2040 5703 2087 5767 '11

888 5728 940 5781 τι,
968 5713 1052 5767 16.
1128 5714 1171 5745 ⁸⁷
1207 5711 1370 5766 Hebr.
1399 5711 1536 5774 trt,l.
1613 5706 1659 5740 "
1691 5706 1921 5774 Philipp.
1951 5720 2009 5771 ιι,
2040 5703 2102 5769 7;
2137 5701 2297 5755 llebr.
2326 5714 2363 5768 t,
2388 5701 2438 5754 3.
