3926 6126
267 343 364 399 ίΞί

1358 331 1735 390 ADVERSUS
1771 331 2177 391 NESTORIUM
2217 333 2343 389 LIB.
2384 335 2473 390 Ill.

3434 332 3536 387 6‘22

271 457 492 533 μορφὴν
548 454 787 526 δηλονότι
836 450 1023 506 δούλου
1074 450 1277 515 λαϐὼν,
1320 450 1499 504 καίτοι
1564 451 1851 522 χαρακτὴρ

1965 462 2207 508 naturam
2253 454 2411 520 liber,
2447 462 2633 520 utpote
2668 454 2828 518 Deus,
2858 452 2947 509 ille
2971 453 3062 523 qui
3095 461 3214 508 erat
3264 454 3317 508 in
3359 454 3532 508 fortuna

271 550 540 619 ὑπάρχων
585 544 680 599 καὶ
720 541 1058 611 ἀπαύγασμα
1109 542 1209 610 τῆς
1257 538 1414 609 δόξης
1458 537 1553 591 τοῦ
1606 538 1853 608 Πατρός;

272 639 387 692 ἀλλ’
418 639 519 690 ούκ
546 635 613 689 ἂν
642 629 933 687 ἐνδοιάσειέ
961 646 1067 692 τις.
1090 628 1220 681 Ὅτε
1254 628 1436 681 τοίνυν
1464 629 1495 681 6
1523 628 1662 681 κατά
1692 626 1854 693 φύσιν

278 727 413 779 ἰδίαν
437 722 741 792 ἐλεύθερος,
768 721 845 783 ὡς
868 719 1020 781 Θεὸς,
1040 719 1069 771 6
1097 719 1153 770 ἐν
1176 718 1369 786 ’μορφῇ
1399 715 1497 769 καὶ
1527 715 1731 784 ἰσότητι
1761 714 1856 766 τοῦ

275 814 703 885 γεγεννηκότος,
762 809 1141 881 κεχρημάτικε
1191 807 1408 871 δοῦλος,
1458 806 1552 859 τὸν
1584 804 1696 877 [Ion
1721 803 1856 876 τῶν]

279 911 380 964 ὑπὸ
418 907 560 975 ζυγά
589 902 835 966 δουλείας
865 902 926 954 τὸ
974 900 1174 972 μέτρον
1202 899 1263 951 οὐ
1297 896 1662 967 διωθούμενος
1710 897 1856 950 οἰκος

276 999 534 1071 νομικῶς,
569 995 688 1051 ἀνθ’
714 997 836 1049 ὅτου
868 991 1045 1054 δέδιας
1073 989 1237 1044 αὐτὸν
1269 989 1363 1043 καὶ
1385 988 1645 1062 ἀρχιερέα
1671 987 1857 1041 καλεῖν

275 1092 360 1145 διὰ
401 1090 464 1143 τὸ
499 1085 874 1158 ἀνθρώπινονς
921 1080 1170 1152 καθιεροῖ
1211 1078 1321 1148 γὰρ
1360 1079 1510 1148 ἡμᾶς
1554 1078 1636 1139 εἰς
1679 1076 1856 1147 ὀσμὴν

277 1181 501 1243 εὐωδίας
531 1178 622 1232 διὰ
659 1176 760 1245 τῆς
792 1173 1028 1236 πίστεως
1047 1188 1061 1202 ·
1095 1170 1286 1224 ἑαυτόν
1317 1186 1380 1222 τε
1418 1168 1557 1240 ὑπὲρ
1596 1168 1753 1238 ἡμῶν
1779 1167 1855 1231 ὡς

276 1271 657 1342 εὐοσμώτατον
692 1267 840 1338 θῦμα
871 1262 1276 1333 προσκεκόμικε
1322 1260 1401 1331 τῷ
1439 1260 1636 1331 Πατρί.
1680 1260 1739 1313 Ὀ
1774 1258 1853 1323 δὲ,

276 1363 376 1416 οὐκ
395 1358 490 1415 οἷδ’
513 1361 543 1412 ὅ
563 1377 616 1412 τι
640 1358 838 1425 λέγων,
864 1352 1204 1427 προσεπάγει
1233 1350 1443 1413 τούτοις
1467 1349 1629 1413 εὐθύς
1646 1366 1660 1380 ·
1687 1348 1858 1402 Πόθεν

276 1447 369 1505 οὖν
396 1453 425 1504 6
457 1449 591 1512 Θεὸς
630 1447 815 1508 αὐτοῖς
853 1442 1152 1513 κεκλῆσθαι
1198 1440 1294 1494 νῦν
1342 1440 1635 1511 ἀρχιερεὺς
1672 1437 1857 1508 ἐνομί-

281 1545 450 1614 σθη,ὁ
481 1541 671 1603 θυσίας
698 1540 779 1601 εἰς
808 1535 1091 1606 προκοπὴν
1119 1534 1255 1589 ἰδίαν
1286 1533 1362 1603 μὴ
1393 1531 1646 1602 χρῄζωνς
1677 1532 1706 1584 6
1730 1530 1858 1584 Θεό-

279 1651 445 1706 τητος
473 1633 693 1701 κτήτωρ
731 1648 749 1680 ι
779 1629 835 1695 ἐξ
863 1625 1165 1697 ἀνθρώπων
1196 1623 1444 1695 ληφθεὶς,
1471 1621 1616 1691 ὑπὲρ
1647 1619 1857 1691 ἀνθρώ-

282 1742 402 1778 πων
431 1722 747 1776 καθίσταται
788 1720 854 1772 τὰ
888 1718 1021 1789 πρὸς
1057 1716 1149 1770 τὸν
1175 1714 1342 1780 Θεόν;
1372 1733 1392 1767 ι
1429 1712 1600 1767 Πόθεν
1638 1713 1738 1784 μὲν
1764 1708 1857 1766 οὖν

1957 555 2011 597 et
2038 544 2345 612 aequalitate
2370 545 2701 613 generantis,
2735 543 2909 597 factus
2941 552 3026 597 est
3053 558 3265 606 servus,
3307 558 3532 597 mensu-

1956 649 2072 688 ram
2098 650 2284 689 eorum
2308 636 2398 705 qui
2444 635 2546 689 sub
2570 636 2698 706 jngo
2723 635 3005 691 servitutis
3037 644 3217 700 erant,
3250 635 3533 702 dispensa-

1958 729 2094 779 toria
2126 727 2339 781 ratione
2367 742 2473 781 non
2529 728 2871 796 dedignatus,
2915 740 3019 795 qua
3048 725 3114 780 de
3145 740 3307 779 causa
3338 726 3535 779 metuis

1955 832 2081 872 eum
2149 818 2459 886 pontificem
2518 825 2739 887 propter
2782 817 3172 870 humanitatem
3233 815 3532 883 appellare,

1956 909 2046 978 qui
2077 917 2133 963 et
2169 923 2267 962 nos
2300 908 2461 962 oﬁert
2497 908 2550 960 in
2580 906 2906 961 sacriﬁcium
2939 908 3270 974 odoremque
3293 905 3534 960 suavita-

1959 1000 2027 1053 tis
2051 1012 2148 1068 per
2186 998 2367 1063 fidem,
2397 1007 2453 1052 et
2482 997 2720 1066 seipsum
2753 996 2899 1050 Patri
2945 1012 3042 1064 pro
3068 996 3226 1049 nobis
3271 1005 3531 1064 tanquam

1955 1090 2388 1146 odoratissimam
2439 1089 2713 1143 victimam
2765 1088 3001 1142 obtulit?
3044 1088 3143 1142 llic
3187 1102 3315 1141 vero
3364 1085 3516 1158 (quid

1958 1183 2099 1237 dicat
2153 1180 2361 1251 nescio)
2414 1180 2502 1235 his
2547 1179 2691 1233 illico
2729 1178 3026 1248 adjnngit:
3083 1178 3369 1233 Undenam
3429 1176 3534 1246 ipsi
3626 1228 3633 1239 .

1958 1282 2258 1343 putarunt,
2314 1271 2484 1327 Deum
2539 1285 2684 1324 nunc
2730 1279 2978 1324 vocatum
3024 1283 3146 1324 esse
3196 1262 3533 1338 pontiﬁcem,

1959 1377 2082 1418 cum
2132 1361 2220 1415 ille
2256 1360 2429 1415 hostia
2463 1359 2530 1413 ad
2583 1359 2982 1427 promotionem
3027 1373 3179 1412 suam
3233 1373 3337 1413 non
3390 1357 3537 1412 indi-

1958 1452 2128 1525 geat?
2166 1451 2391 1506 Deitatis
2440 1465 2729 1520 possessor
2764 1468 2784 1502 ι
2836 1464 2903 1505 ει
2948 1450 3268 1505 hominibus
3313 1464 3536 1504 assum-

1957 1555 2106 1616 ptns,
2132 1559 2232 1615 pro
2260 1538 2570 1599 horninibus
2592 1542 2941 1598 constituitur
2969 1542 3020 1596 in
3050 1542 3134 1596 his
3163 1556 3285 1609 qua:
3306 1550 3434 1595 sunt
3454 1539 3525 1594 ad

1961 1636 2127 1689 Deum
2163 1635 2230 1685 ".
2262 1653 2281 1686 ο
2314 1633 2599 1690 Undenam
2632 1634 2801 1705 igitur
2831 1644 2999 1699 esset,
3025 1642 3081 1687 et
3112 1648 3275 1702 quam
3309 1632 3379 1686 ob
3408 1646 3539 1684 can-

1958 1742 2074 1783 sam
2111 1727 2382 1793 Christus,
2430 1729 2533 1782 hoc
2571 1737 2675 1792 est,
2731 1728 2906 1797 ipsum
2948 1726 3039 1780 Dei
3090 1725 3323 1780 Verbum
3372 1723 3540 1778 homo

282 1814 369 1887 ἦν,
414 1816 447 1886 ἢ
489 1814 576 1867 διὰ
614 1812 769 1865 ποίαν
807 1810 986 1864 αἰτίαν
1032 1808 1352 1878 ὠνόμασται
1384 1805 1650 1878 Χριστὸς,
1697 1820 1857 1856 τουτ-

1965 1822 2184 1881 factum,
2218 1789 2517 1890 appellatus
2545 1819 2616 1874 sit
2648 1789 2936 1888 Apostolus
2965 1825 3019 1871 et
3058 1816 3324 1881 Pontifex,
3358 1816 3535 1871 abun-

280 1910 449 1969 ἐστιν,
494 1903 776 1967 ἄνθρωπος
827 1898 1066 1970 γεγονὼς
1098 1901 1127 1953 6
1172 1897 1267 1952 τοῦ
1311 1897 1447 1951 Θεοῦ
1487 1898 1660 1965 Λόγος
1696 1894 1857 1948 Ἀπό-

278 1995 466 2058 στολος
500 1994 594 2048 καὶ
629 1995 686 2045 Ἀ
697 1992 966 2064 ρχιερεὺς,
992 1987 1233 2059 διαρκῶς
1263 1989 1395 2059 ἡμῖν
1422 1989 1451 2041 6
1474 1987 1634 2055 λόγος
1660 1984 1860 2038 ἀποδέ-

275 2086 456 2156 δειχεν
488 2085 712 2154 ἀρτίως.
755 2077 923 2150 Οἶμαι
972 2078 1029 2133 δὲ
1070 2079 1181 2132 δεῖν
1217 2079 1317 2131 οὐκ
1353 2078 1713 2133 ἀϐασάνιστον
1760 2076 1858 2146 ὲᾷν

277 2177 381 2246 τὴν
418 2174 663 2244 ἀσυνήθη
708 2189 766 2224 τε
806 2173 902 2224 καὶ
934 2170 1094 2240 ξένην
1138 2170 1301 2223 αὑτοῦ
1339 2171 1541 2239 φωνήν.
1566 2165 1713 2240 Ἀρα
1749 2168 1859 2236 γὰρ

278 2267 535 2337 θεότητος
592 2265 833 2334 κτήτορα
862 2262 953 2316 τὸν
991 2264 1055 2315 ἐκ
1086 2260 1221 2314 Θεοῦ
1267 2263 1402 2331 φησὶ
1432 2262 1625 2329 Λόγον,
1672 2259 1776 2313 κᾶν
1809 2260 1859 2310 εἰ

277 2356 381 2409 ἀνά
414 2354 578 2428 μέρος
610 2353 856 2423 βούλοιτό
883 2369 966 2415 τις
992 2352 1132 2404 νοεῖν
1158 2351 1321 2405 αὐτὸν
1349 2353 1444 2404 καὶ
1470 2350 1591 2421 δίχα
1618 2349 1857 2420 σαρκόςς

278 2445 389 2519 ἆρα
416 2449 490 2511 ὡς
524 2448 654 2516 παρ’
680 2446 842 2500 αὐτὸν
872 2445 1065 2514 ἑτέραν
1096 2442 1193 2514 τὴν
1222 2442 1452 2514 θεότητα
1489 2442 1655 2496 αὐτοῦ
1696 2441 1860 2512 διορί-

280 2539 469 2603 terat;
499 2533 590 2609 ἧς,
629 2539 730 2591 οὐκ
756 2533 850 2590 οἷδ’
878 2537 1046 2598 ὅπως,
1075 2534 1221 2587 καθά
1257 2550 1424 2603 φησιν
1455 2533 1640 2597 αὐτὸς,
1669 2532 1861 2601 γέγονε

280 2630 524 2699 κτήτωρ,
572 2627 648 2689 ὠς
705 2624 1185 2695 προσειλημμένης
1238 2622 1442 2686 ἔξωθεν
1488 2622 1584 2674 καὶ
1626 2622 1861 2691 ἐπισυμ-

281 2721 458 2790 ϐἑισης
486 2717 655 2787 αὐτῷ,
692 2716 869 2769 καίτοι
900 2716 1019 2786 Θεῷ
1057 2715 1200 2769 κατά
1228 2717 1391 2783 φύσιν
1420 2713 1519 2766 οὐκ
1565 2712 1678 2766 ὸντι
1717 2713 1864 2783 αὑτῷ

284 2829 445 2875 ποτε,
463 2812 647 2864 ὁποῖόν
667 2812 782 2863 ὲστι
802 2811 863 2863 τὸ
884 2809 1034 2880 παρὰ
1055 2810 1154 2879 τῆς
1168 2808 1404 2880 ἀρχαίας
1427 2808 1643 2877 ἐκείνης
1665 2824 1861 2875 γυναι-

282 2904 403 2967 κὸς,
428 2904 571 2973 φημὶ
592 2902 656 2972 δὴ
687 2903 784 2972 τῆς
803 2900 962 2966 Εὔας,
977 2901 1240 2969 τεκούσης
1258 2903 1350 2954 τὸν
1373 2899 1479 2970 Σήθ
1502 2900 1612 2971 (19)
1632 2916 1646 2931 ·
1685 2918 1703 2951 ι
1745 2900 1869 2953 Ἐκ-

280 2996 538 3067 τησάμην
552 2994 835 3063 ἄνθρωπον
852 2993 939 3046 διὰ
969 2991 1063 3045 τοῦ
1097 2992 1251 3046 Θεοῦ.
1295 2992 1470 3045 Ἀλλί
1506 2987 1682 3061 οἶμαι,
1708 2990 1867 3044 τοῦτό

284 3091 434 3140 ἐστιν
480 3084 786 3153 ἀπόϐλητον
822 3083 1100 3146 παντελῶς
1148 3080 1298 3152 αύτῷ
1332 3099 1391 3135 τε
1435 3082 1527 3136 καὶ
1586 3083 1771 3134 πᾶσιν.
1801 3080 1867 3133 Τί

283 3174 379 3233 οὖν
422 3178 761 3247 ἀκυροὶογεῖ,
795 3177 889 3229 καὶ
922 3177 1297 3246 παραρῤιπτεῖ
1342 3175 1524 3243 φωνὰς
1571 3175 1867 3236 ἀσυνέτους

287 3266 375 3319 ἐπ’
396 3265 714 3333 ἀναγκαίοις
741 3262 881 3316 οὕτω
909 3263 1254 3333 πράγμασιν;
1278 3264 1350 3316 Ἢ
1377 3264 1477 3316 οὐκ
1502 3263 1568 3317 ἂν
1592 3263 1745 3331 ὄφλοι
1772 3261 1866 3330 γέ-

285 3361 433 3411 λωτα
466 3357 561 3409 καὶ
599 3355 1026 3424 φρενοϐλαϐείας
1058 3356 1298 3425 γραφὴν,
1333 3358 1382 3408 εἰ
1413 3356 1478 3426 δὴ
1512 3355 1752 3425 βούλοιτό
1784 3371 1868 3417 τις

286 3449 386 3501 ἕνα
424 3449 535 3500 τῶν
586 3446 706 3500 καθ’
744 3447 890 3515 ἡμᾶς
928 3444 1347 3516 ἀνθρωπότητος
1387 3446 1630 3516 κτήτορα
1661 3445 1864 3512 λέγειν,

286 3540 455 3607 ἤγουν
505 3537 596 3590 τὸν
630 3537 794 3589 ἵππον
840 3536 1169 3607 ἰππότητος;
1211 3537 1308 3601 Τίς
1353 3534 1465 3608 ἄρα
1498 3535 1682 3589 λοιπὸν
1710 3539 1738 3589 6
1767 3536 1867 3605 τῆς

291 3629 544 3698 θεότητος
578 3631 815 3696 κτήτωρ,
854 3646 872 3679 ι
892 3628 919 3680 ό
949 3626 1008 3693 ἐξ
1036 3626 1340 3697 ἀνθρώπων
1371 3626 1600 3697 ληφθεὶς
1626 3628 1696 3681 τὰ
1728 3628 1867 3698 πρὸς

294 3718 383 3769 τὸν
407 3717 538 3770 Θεὸν
566 3716 918 3781 καθίσταται;
958 3716 1105 3786 Ἐρεῖ
1131 3717 1271 3786 τάχα
1314 3733 1416 3768 που
1445 3716 1636 3770 διελὼν
1668 3719 1748 3781 είς
1774 3717 1870 3770 δύο

293 3810 386 3861 τὸν
426 3809 524 3862 ἕνα
566 3810 818 3878 Χριστὸν,
856 3810 948 3862 τὸν
978 3810 1042 3861 ὲκ
1071 3810 1170 3880 τῆς
1200 3811 1363 3877 ἀγίας
1412 3810 1725 3880 Παρθένου·
1771 3812 1867 3879 γέ-

295 3917 540 3969 γραπται
572 3898 680 3970 [ἵσ.
710 3899 1031 3971 τέτραπται]
1065 3901 1172 3971 γάρ
1209 3920 1327 3965 πως
1357 3903 1436 3964 εἰς
1465 3902 1623 3955 τοῦτο
1653 3903 1747 3955 καὶ
1775 3903 1868 3956 νῦν

296 3995 327 4044 ὁ
356 3991 555 4052 σκοπὸς
580 3990 724 4060 αὐτῷ
743 4007 757 4021 ·
788 3993 981 4061 κτῆσις
1004 3988 1098 4045 οὗν
1129 3991 1418 4062 ἀνθρώπου
1448 3992 1670 4060 γέγονεν
1697 3996 1729 4064 ἡ
1760 3994 1869 4048 θεό-

295 4097 431 4151 της,
460 4081 589 4131 εἰπέ
628 4097 744 4149 μοι,
789 4082 884 4133 καὶ
922 4080 1121 4149 συνέϐη
1163 4081 1270 4133 τινὶ
1324 4080 1433 4134 τῶν
1464 4081 1586 4136 καθ’
1611 4084 1776 4153 ἡμᾶς,
1809 4085 1869 4138 τὸ

296 4172 461 4240 φύσει
490 4187 549 4223 τε
580 4172 675 4223 καὶ
709 4169 935 4240 ἀληθείᾳ
978 4171 1231 4238 γενέσθαι
1267 4171 1418 4237 Θεὸν,
1449 4175 1541 4227 καὶ
1584 4174 1684 4244 τῆς
1723 4177 1865 4229 ἀνω-

290 4266 444 4319 ·ιάτω
478 4263 670 4317 πασῶν
713 4263 806 4316 καὶ
841 4264 1154 4333 ὑπερτάτης
1195 4265 1381 4328 οὐσίας
1427 4267 1867 4337 καταπλουτῆσαι

295 4357 395 4426 τὴν
429 4355 742 4424 ὑπεροχήν;
783 4352 999 4421 ’Ἄπαγε
1036 4353 1134 4423 τῆς
1180 4352 1528 4419 δυσϐουλίας,
1573 4355 1863 4427 ἄνθρωπε-ι’

1960 1914 2027 1969 de
2072 1917 2320 1982 proximo
2366 1927 2618 1967 sermone
2668 1911 2999 1979 patefactum
3040 1920 3165 1965 est:
3219 1909 3313 1964 sed
3354 1918 3536 1963 tamen

1959 2005 2228 2059 insuetam
2267 2013 2322 2059 et
2356 2019 2553 2059 novam
2599 2004 2716 2069 ejus
2765 2016 2952 2057 vocem
2981 2016 3090 2055 non
3124 2015 3244 2057 esse
3274 2002 3391 2054 sine
3426 2000 3539 2054 dis-

1960 2096 2213 2152 cussione
2259 2096 2694 2163 praetereundam
2736 2107 2958 2148 censeo.
2998 2091 3137 2146 Num
3177 2094 3321 2146 enim
3354 2089 3538 2145 Deita-

1965 2190 2032 2243 tis
2063 2201 2432 2258 possessorem
2485 2186 2660 2256 ipsnm
2704 2200 2770 2239 ex
2803 2183 2912 2239 Deo
2939 2184 3177 2239 Verbum
3217 2184 3371 2248 dicit,
3412 2183 3533 2236 licet

1961 2294 2205 2335 seorsum
2241 2277 2371 2332 illud
2428 2276 2733 2343 intelligere
2783 2275 3067 2344 quisquam
3110 2270 3241 2328 velit
3291 2284 3348 2327 et
3390 2274 3530 2327 citra

1961 2367 2220 2427 carnem?
2250 2384 2317 2422 an
2347 2366 2516 2435 ipsius
2544 2365 2880 2419 divinitatem
2914 2373 3171 2433 tanquam
3210 2363 3280 2417 ab
3314 2365 3432 2433 ipso
3455 2365 3540 2416 di-

1962 2474 2176 2515 versam
2208 2456 2532 2526 distinguit?
2559 2455 2717 2521 enjus
2762 2456 2949 2509 nescio
2980 2468 3213 2523 quonam
3264 2454 3447 2516 modo,
3478 2461 3537 2505 nt

1964 2551 2078 2621 ipse
2103 2548 2201 2615 ait,
2236 2561 2519 2616 possessor
2552 2555 2636 2599 est
2668 2545 2863 2609 factus,
2897 2552 3150 2613 tanquam
3179 2545 3224 2597 si
3258 2545 3533 2599 extrinse-

1964 2657 2060 2697 cus
2092 2649 2315 2709 accepta
2349 2638 2441 2702 sit,
2478 2648 2534 2691 et
2569 2637 2644 2690 illi
2687 2636 2987 2701 advenerit,
3018 2635 3146 2689 licet
3176 2635 3265 2689 ille
3290 2634 3535 2702 aliquan-

1964 2732 2034 2785 do
2066 2730 2210 2783 Deus
2239 2726 2536 2782 secundum
2569 2734 2819 2779 naturam
2857 2739 2962 2779 non
2998 2724 3177 2789 fuerit,
3215 2724 3374 2794 quale
3406 2723 3535 2777 illud

1964 2828 2049 2874 est
2074 2835 2105 2873 a
2149 2819 2329 2887 prisca
2355 2817 2446 2871 illa
2474 2817 2698 2880 femina,
2727 2816 3109 2884 Eva,inqnam,
3143 2816 3368 2877 dictum,
3412 2829 3533 2867 cum

1964 2909 2099 2964 Seth
2149 2908 2315 2961 lilium
2363 2907 2522 2961 enixa
2563 2915 2758 2960 esset:
2792 2923 2811 2955 ι
2866 2904 3084 2959 Possedi
3130 2904 3400 2958 hominem
3445 2917 3539 2970 per

1965 3001 2132 3054 Deum
2162 3002 2202 3054 ί.
2242 3019 2262 3052 ι
2303 2998 2409 3054 Sed
2441 2999 2513 3060 id,
2550 2998 2650 3052 nisi
2683 2996 2863 3061 fallor,
2892 3007 2945 3049 et
2973 2996 3088 3063 ipse
3113 3004 3166 3049 et
3196 3010 3386 3050 onmes
3417 2995 3535 3064 pla-

1972 3108 2038 3148 ne
2071 3092 2429 3163 reSpuendum
2458 3099 2706 3144 censent.
2742 3088 2852 3142 Cur
2884 3102 3014 3157 ergo
3050 3087 3341 3156 improprie
3369 3086 3541 3154 loqui-

1974 3195 2083 3250 tur,
2116 3193 2171 3239 et
2202 3185 2578 3254 imprudenter
2609 3196 2769 3236 voces
2821 3180 3056 3249 projicit,
3109 3180 3162 3233 in
3209 3180 3369 3234 rebus
3404 3178 3541 3234 adeo

1970 3276 2260 3347 gravibus?
2289 3275 2487 3329 Annon
2538 3275 2796 3328 ridendus
2823 3282 3139 3336 censeatur,
3167 3280 3222 3325 et
3253 3271 3540 3324 dementia:

1971 3368 2178 3423 crimen
2217 3369 2481 3431 incurrat,
2541 3367 2586 3420 si
2624 3367 2746 3434 quis
2785 3379 2951 3418 unum
2999 3363 3067 3418 de
3112 3370 3299 3417 nostro
3342 3375 3541 3430 genere

1968 3459 2099 3512 velit
2141 3457 2495 3511 humanitatis
2543 3470 2911 3525 possessorem
2957 3454 3158 3517 dicere,
3194 3462 3287 3506 aut
3335 3466 3534 3521 equum

1969 3549 2179 3617 equina!
2210 3557 2416 3601 natura:
2436 3547 2461 3601 ?
2482 3547 2611 3613 Quis
2661 3560 2790 3614 ergo
2820 3553 2903 3599 est
2952 3544 3039 3597 ille
3072 3544 3377 3598 divinitatis
3416 3557 3541 3612 pos-

1970 3654 2175 3704 sessor,
2208 3656 2227 3689 ι
2261 3638 2354 3708 qui
2384 3653 2449 3691 ex
2480 3637 2788 3691 hominibus
2822 3643 3131 3703 assumptus
3157 3674 3173 3699 ,
3216 3648 3315 3702 pro
3362 3631 3543 3688 homi-

1969 3730 2129 3786 nibus
2157 3729 2512 3784 constituitnr
2537 3726 2591 3780 in
2621 3726 2707 3779 his
2736 3739 2856 3794 qua:
2896 3734 3025 3778 sunt
3052 3724 3118 3776 ad
3165 3722 3373 3776 Deum?
3405 3741 3423 3774 ι
3455 3722 3544 3775 Di-

1970 3830 2058 3876 cet
2087 3818 2343 3881 fortasse,
2373 3832 2538 3871 unum
2567 3815 2848 3869 Christum
2884 3814 2939 3867 in
2967 3812 3103 3868 duos
3126 3813 3396 3878 dividens,
3421 3826 3542 3866 esse

1970 3911 2115 3965 illum
2144 3925 2210 3964 ea
2238 3917 2425 3963 sancta
2464 3906 2722 3975 Virgine:
2767 3906 2872 3959 huc
2919 3903 3062 3958 enim
3093 3904 3271 3958 omnis
3302 3904 3424 3970 ejus
3455 3903 3542 3955 in-

1972 4000 2138 4055 tentio
2184 4006 2408 4065 spectat.
2445 3996 2656 4064 Ergone
2688 3994 2959 4063 possessio
3012 3994 3248 4047 hominis
3282 3994 3423 4045 facta
3456 4003 3539 4047 est

1969 4090 2080 4158 ipsa
2115 4086 2394 4147 divinitas,
2434 4098 2562 4151 rogo
2589 4091 2661 4147 te,
2689 4095 2743 4135 et
2768 4081 2927 4134 alicui
2973 4095 3004 4135 e
3036 4079 3193 4134 nobis
3229 4079 3459 4145 contigit
3482 4089 3541 4133 ut

1969 4177 2264 4233 secundum
2312 4183 2560 4229 naturam
2596 4188 2661 4227 ac
2694 4187 2817 4227 vere
2858 4172 3002 4226 Deus
3043 4171 3221 4236 ﬁeret,
3266 4178 3322 4225 et
3358 4183 3542 4225 essen-

1972 4271 2057 4323 tia:
2078 4270 2319 4323 omnium
2357 4281 2579 4321 summa:
2607 4279 2671 4319 ac
2702 4263 3170 4334 praestantissimae
3216 4261 3538 4316 excellentia

1969 4357 2283 4412 ditaretur?
2310 4356 2423 4427 68
2448 4356 2652 4430 Apage,
2691 4354 2872 4419 homo,
2909 4353 2977 4408 ab
3004 4353 3105 4407 hac
3145 4352 3373 4408 stultitia
3400 4370 3415 4407 :
3442 4365 3541 4406 ne-

299 4446 621 4515 κεκτήσεται
648 4444 758 4515 γὰρ
788 4443 980 4509 οὐδεὶς,
1012 4443 1106 4496 καὶ
1139 4443 1213 4508 ὡς
1248 4445 1381 4497 ἰδίαν
1407 4446 1473 4499 ἂν
1502 4446 1616 4516 ἔχοι
1640 4447 1740 4518 τὴν
1767 4450 1863 4519 τῆς

1972 4461 2075 4514 que
2100 4444 2245 4498 enim
2302 4444 2588 4513 quisquam
2635 4456 2704 4496 ex
2749 4441 2838 4495 his
2886 4441 2976 4509 qui
3015 4441 3155 4495 inter
3186 4441 3365 4509 genita
3414 4455 3543 4495 cen-

300 4537 551 4606 θεότητος
581 4536 759 4605 φύσιν,
803 4535 911 4588 τῶν
943 4533 1240 4589 τελούντων
1283 4538 1343 4589 ἐν
1382 4540 1677 4606 γεννητοῖς.
1706 4539 1867 4591 Ἴδιον

298 4621 367 4695 ἦν
392 4624 452 4676 τὸ
482 4625 639 4693 σῶμα
662 4624 755 4677 τοῦ
787 4625 958 4693 Λόγου
978 4641 992 4654 '
1025 4627 1119 4678 καὶ
1143 4625 1217 4688 ὼς
1234 4624 1330 4678 ἕνα
1353 4625 1485 4677 Θεὸν
1514 4627 1608 4680 καὶ
1636 4626 1869 4696 Χριστὸν

298 4717 397 4771 κα)⁸
424 4715 550 4768 Υἱὸν
579 4717 671 4769 καὶ
697 4717 895 4787 Κύριον
922 4717 1018 4769 σὺν
1046 4716 1194 4787 αὐτῷ
1220 4716 1662 4787 προσκεκύνηκεν
1689 4721 1721 4786 ἡ
1759 4720 1869 4771 κτί-

299 4822 419 4869 σις,
462 4804 557 4857 καὶ
604 4804 968 4873 δοξολογοῦσιν
1003 4806 1053 4858 οἱ
1098 4805 1353 4876 οὐρανοὶ,
1406 4806 1499 4857 καὶ
1554 4805 1651 4860 σὺν
1684 4806 1868 4869 αὐτοῖς

296 4898 495 4966 ἡμεῖς·
528 4894 603 4956 ὼς
635 4894 740 4964 γὰρ
777 4898 804 4947 6
837 4898 1120 4966 προφήτης
1159 4897 1343 4965 φησὶν,
1380 4914 1399 4946 ι
1443 4895 1742 4965 Ἐκάλυψεν
1776 4897 1867 4950 οὐ-

297 4990 496 5058 ρανοὺς
523 4988 555 5056 ἡ
589 4987 758 5057 ἀρετὴ
788 4987 972 5053 αὑτοῦ,
998 4989 1093 5041 καὶ
1118 4992 1217 5059 τῆς
1249 4987 1508 5050 αἰνέσεως
1541 4988 1705 5042 αὐτοῦ
1737 4989 1873 5059 πλή-

296 5092 399 5146 ρης
444 5076 477 5145 ἦ
529 5074 639 5142 γῆν
665 5092 684 5125 ι
737 5075 836 5144 οὐχ
868 5076 942 5137 ὡς
973 5076 1260 5147 ἀνθρώπου
1322 5076 1552 5144 θεότητα
1589 5079 1873 5148 κτησαμέ-

294 5184 388 5218 νου
409 5182 423 5197 ο
457 5165 575 5227 πῶς
604 5163 733 5233 γάρ,
761 5164 794 5234 ἢ
827 5165 1019 5231 πόθεν;
1056 5166 1172 5219 ἀλλ’
1197 5166 1272 5230 ὡς
1302 5167 1361 5218 ἐν
1406 5166 1708 5237 προσλήψει
1740 5184 1873 5236 σαρ-

296 5255 393 5314 κὸς
418 5253 707 5326 ἀνθρώπου
737 5253 1019 5322 γεγονότος
1051 5255 1144 5308 τοῦ
1174 5257 1239 5309 ὲκ
1266 5254 1403 5308 Θεοῦ
1437 5256 1649 5325 Πατρὸς
1674 5256 1869 5323 Λόγου.

308 5345 452 5398 Ἀλλ’
481 5346 621 5399 ἔστω
661 5345 822 5415 τυχὸν
849 5348 878 5399 6
906 5345 967 5410 ἐξ
993 5344 1296 5416 ἀνθρώπων
1326 5345 1552 5415 ληφθεὶς
1572 5385 1585 5410 ,
1624 5344 1873 5414 θεότητος

367 5456 412 5490 ⁸⁸
443 5453 603 5509 Hebr.
629 5471 681 5519 v,
708 5458 759 5509 9.
840 5455 855 5486 ¹
889 5455 1024 5510 Gen.
1051 5471 1126 5519 tv,
1159 5458 1206 5511 l.
1281 5458 1301 5487 ¹
1336 5456 1535 5511 llabac.
1564 5472 1647 5517 Ill,
1670 5457 1724 5514 5.

1969 4546 2179 4601 sentur,
2232 4533 2526 4604 possidebit
2583 4541 2636 4587 et
2695 4541 2949 4600 tanquam
3005 4530 3278 4600 propriam
3326 4529 3538 4584 habebit

1942 4618 2221 4680 'naturam
2277 4621 2606 4676 divinitatis.
2659 4619 2948 4687 Proprium
3000 4626 3120 4672 erat
3171 4616 3335 4673 Verbi
3366 4618 3540 4688 ipsum

1973 4730 2195 4787 corpus,
2241 4725 2295 4769 et
2326 4728 2429 4767 una
2467 4727 2588 4767 cum
2638 4711 2732 4766 illo
2769 4720 3024 4779 tanquam
3070 4726 3233 4765 unum
3280 4711 3443 4765 Deum
3487 4720 3545 4766 et

1971 4809 2247 4863 Christum
2277 4814 2331 4859 et
2375 4804 2571 4860 Filium
2601 4810 2652 4857 et
2689 4804 2978 4858 Dominum
3011 4808 3200 4857 adorat
3246 4804 3358 4873 ipsa
3388 4816 3543 4858 crea-

1978 4907 2121 4961 tura,
2152 4905 2206 4952 et
2236 4895 2362 4951 εαειί
2403 4893 2727 4964 glorilicant,
2761 4903 2815 4948 et
2844 4908 2967 4949 cum
3011 4894 3142 4961 ipsis
3175 4908 3272 4948 nos
3303 4905 3540 4963 quoque.

1977 4987 2049 5042 Ut
2076 4988 2220 5043 enim
2253 4988 2328 5041 ait
2358 4986 2620 5055 propheta
2647 5003 2660 5039 :
2692 5004 2710 5037 ι
2735 4984 2963 5053 Operuit
2998 4986 3167 5040 θαλίης
3194 4985 3366 5037 virtus
3404 4982 3540 5049 ejus,

1975 5088 2031 5132 et
2057 5078 2232 5132 laudis
2260 5078 2378 5146 ejus
2411 5078 2569 5146 plena
2605 5085 2688 5131 est
2730 5086 2875 5130 terra
2903 5079 2924 5107 ³
2963 5094 2976 5129 :
3016 5094 3034 5128 ι
3066 5090 3173 5130 non
3205 5073 3347 5142 quod
3383 5073 3545 5126 homo

1976 5167 2316 5221 divinitatem
2353 5166 2695 5236 possederit:
2737 5167 2829 5236 qui
2890 5169 3033 5221 enim
3056 5205 3071 5231 ,
3099 5174 3193 5219 aut
3227 5162 3494 5216 undenam
3519 5161 3545 5215 ἲ

1978 5258 2239 5326 sedquod
2290 5258 2465 5326 ipsum
2500 5271 2565 5310 ex
2602 5257 2709 5312 Deo
2760 5257 2923 5311 Patre
2963 5256 3199 5310 Verbum
3249 5252 3543 5306 humanam

1979 5364 2194 5403 Carnem
2224 5349 2598 5416 assumpserit.
2634 5347 2740 5402 Sed
2785 5348 2856 5401 sit
2894 5362 3048 5411 sane,
3074 5344 3162 5399 ille
3201 5358 3270 5399 ex
3304 5339 3544 5398 homini-

1553 5594 1590 5646 A
1603 5591 1710 5645 NT.
1742 5591 2010 5647 AGELLII
2044 5590 2272 5644 ΝΟΤᾹΞ.

376 5698 491 5769 (19)
530 5697 623 5753 Vel
656 5697 784 5767 Setlt
820 5715 915 5768 pro
951 5698 1085 5754 Cain
1127 5701 1366 5773 irrepsit,
1401 5705 1483 5758 vel
1524 5712 1758 5757 erratum
1795 5703 2064 5758 memoriae
2126 5711 2301 5762 csl,cx
2325 5696 2462 5749 Gen.
2502 5708 2571 5757 tv,
2611 5695 2657 5759 Ι,
2690 5695 3078 5763 castigandum.
