3926 6126
341 286 446 343 125

1372 279 1428 333 5.
1472 275 1738 333 CYRILLI
1777 271 2243 329 ALEXANDRINI
2287 267 2600 324 ARCHIEI’.

3496 260 3596 316 124

347 404 450 460 bus
473 412 806 472 assumptus,
828 416 1116 471 possessor
1139 398 1452 461 divinitatis,
1472 406 1529 450 ιιι
1552 395 1648 450 tibi
1674 395 1774 464 ipsi
1799 397 1912 463 pla-

2025 392 2254 462 κτήτωρ,
2279 388 2421 441 κατά
2442 402 2504 455 γε
2526 385 2585 436 τὸ
2606 382 2752 452 αὐτῷ
2780 399 2860 434 σοι
2886 379 3100 443 δοκοῦν,
3128 377 3245 440 πῶς
3267 374 3591 431 καθίσταται

347 505 435 550 eet
463 513 476 548 :
506 495 777 563 quomodo
795 493 1144 549 constituitur
1163 490 1213 544 in
1241 489 1323 544 bis
1340 503 1458 556 qua:
1483 494 1608 541 sunt
1629 486 1694 537 ad
1724 486 1911 549 Deum,

349 596 407 638 ιιι
423 585 659 654 poutiliex
678 583 973 637 nimirum?
995 591 1246 636 utrumne
1262 579 1540 633 divinitate
1563 577 1738 632 nudus
1753 590 1913 646 quam

348 677 609 745 possedit,
646 677 751 730 Deo
781 675 1130 738 sacrificabit,
1161 689 1227 726 an
1266 672 1413 725 illam
1451 670 1606 739 quasi
1640 669 1913 737 propriam

352 766 596 822 habens?
621 768 670 819 id
687 767 849 828 enim,
870 775 926 819 ut
949 770 1159 832 opinor,
1183 780 1285 816 non
1313 763 1514 830 aliquid
1540 760 1685 814 aliud
1704 758 1913 829 signiﬁ-

350 867 457 921 cat,
474 855 614 925 quod
635 854 938 923 possedisse
968 854 1182 907 ιΙίρίιιιιι.
1205 851 1265 906 Si
1284 850 1477 911 nudus.
1513 865 1614 903 non
1640 848 1911 917 possedit;

349 946 432 1000 sin
458 957 514 998 ut
541 941 685 997 iila'm
713 945 983 1013 propriam
1011 942 1236 1004 habens,
1257 940 1509 994 divinitas
1544 938 1727 1007 procul
1753 937 1915 992 dubio

351 1025 462 1085 Deo
485 1029 831 1085 saerilicahit.
850 1028 984 1095 Quid
1018 1029 1181 1099 igitur
1211 1035 1498 1090 ιιέιιιιιε,ει
1522 1040 1736 1079 sursum
1762 1024 1938 1077 deor--

349 1136 470 1176 sunt
508 1122 792 1189 pcrtut‘bas
826 1120 1040 1182 omnia,
1072 1128 1126 1173 et
1163 1118 1285 1172 lidei
1325 1116 1662 1171 traditionem
1709 1115 1916 1169 adulte-

351 1227 471 1266 rare
501 1226 605 1266 non
636 1211 956 1266 erubescis?
1000 1202 1566 1265 HabetgneCcssariam
1597 1221 1815 1262 causam
1850 1205 1917 1257 il-

352 1302 442 1355 lud
469 1317 536 1355 ex
591 1301 697 1355 Deo
726 1303 885 1355 Patre
921 1302 1176 1362 Verbum,
1212 1300 1429 1354 etiamsi
1464 1297 1806 1352 sacriﬁcasse
1830 1296 1917 1350 di-

352 1400 508 1445 catur
551 1392 657 1446 Deo
692 1407 752 1445 ac
786 1392 932 1445 Patri
966 1410 979 1446 :
1035 1391 1280 1445 functum
1319 1398 1403 1444 est
1441 1390 1584 1442 enim
1624 1387 1914 1441 sacerdotii

353 1497 599 1546 munere,
641 1499 744 1536 non
787 1482 1004 1550 quidem
1043 1482 1161 1535 sine
1191 1496 1376 1542 carne,
1410 1481 1502 1534 sed
1531 1479 1703 1532 nostri
1744 1477 1921 1531 simile

354 1575 579 1638 factum,
605 1574 802 1641 quibus
843 1575 1027 1643 gloriae
1060 1581 1145 1626 est
1176 1570 1464 1625 sacerdotii
1502 1569 1775 1622 nobilitas.
1800 1568 1918 1622 Alia

352 1681 569 1736 quoque
604 1667 812 1719 ratione
844 1664 1098 1732 perfacile
1120 1674 1202 1717 est
1228 1662 1435 1725 videre,
1472 1658 1918 1714 absurdissimum

355 1727 489 1810 sane
518 1769 638 1809 esse
667 1763 723 1807 et
769 1727 1014 1807 stultitiae
1047 1752 1284 1820 plenum,
1320 1750 1466 1803 illum
1508 1763 1575 1801 ex
1612 1746 1920 1801 hominibus
1954 1727 1992 1779 Β

355 1856 692 1913 assumptum
750 1858 1116 1913 possessorem
1172 1842 1471 1896 divinitatis
1522 1840 1814 1910 appellare,
1870 1848 1921 1893 et

354 1936 707 1990 constitutum
740 1935 795 1988 in
828 1934 910 1988 his
940 1950 1058 2003 quae
1088 1942 1211 1987 sunt
1250 1934 1314 1986 ad
1356 1933 1521 1987 Deum
1553 1947 1569 1986 :
1603 1947 1726 1985 nam
1752 1932 1795 1984 si
1833 1945 1921 1985 as-

358 2034 606 2095 sumptus
627 2035 712 2081 est
738 2041 768 2079 a
801 2025 932 2092 Deo,
965 2024 1629 2093 quomodojassumentem
1666 2037 1727 2077 se
1757 2031 1919 2076 natu-

359 2133 474 2171 ram
501 2118 789 2187 acquisivit
814 2132 878 2171 ac
905 2115 1184 2185 possedit?
1228 2131 1349 2168 nam
1381 2116 1496 2184 ipsa
1534 2130 1620 2171 res
1647 2126 1920 2182 assumpta

356 2208 464 2261 erit
494 2207 678 2276 procul
712 2208 876 2261 dubio
915 2205 1245 2260 assumentis
1295 2205 1603 2274 possessio,
1652 2220 1758 2259 non
1795 2218 1921 2273 pos-

355 2298 495 2353 sidet
525 2308 891 2352 assumentem
920 2314 933 2350 :
970 2295 1117 2351 verbi
1153 2296 1347 2363 gratia,
1385 2295 1631 2364 pecunia:
1654 2294 1922 2363 quispiam

357 2390 533 2445 factus
581 2399 663 2443 est
714 2402 1016 2458 possessor,
1052 2386 1135 2441 vel
1183 2386 1424 2441 scientiae
1472 2384 1763 2455 cujuslibet
1802 2385 1920 2440 rei:

358 2491 537 2533 nonne
583 2477 836 2532 omnibus
885 2476 1231 2545 perspicuum
1280 2484 1366 2529 est
1427 2491 1531 2528 non
1590 2476 1763 2543 ipsum
1805 2490 1926 2531 esse

355 2570 752 2637 possessionem
778 2568 1043 2638 pecuniae,
1073 2575 1169 2621 aut
1206 2567 1346 2622 illius
1377 2568 1573 2622 additae
1606 2568 1707 2621 sibi
1743 2568 1923 2623 scien-

359 2660 465 2724 tiae,
493 2662 585 2713 sed
620 2660 881 2728 possideri
919 2659 987 2712 ab
1016 2659 1133 2729 ipso
1164 2658 1343 2727 potius
1371 2673 1481 2713 rem
1515 2658 1836 2726 acceptam?
1869 2657 1923 2712 Id

356 2751 572 2817 quidem
600 2750 746 2804 nullo
774 2750 951 2813 modo,
989 2761 1046 2803 ut
1074 2751 1287 2819 opinor,
1331 2757 1416 2803 est
1459 2749 1789 2816 ambiguum.
1822 2748 1925 2816 lgi-

360 2850 448 2893 tur
490 2841 534 2893 si
591 2841 858 2895 rationem
890 2856 994 2910 qua
1048 2840 1137 2894 ille
1187 2840 1507 2909 Unigenitus
1556 2840 1717 2893 homo
1747 2840 1924 2894 factus

357 2938 463 2994 est,
503 2931 836 2998 exquirendo
872 2930 1165 2992 curiosius,
1191 2930 1495 2983 invenimus
1529 2930 1803 2985 hominem
1837 2944 1925 2984 as-

342 3018 662 3088 sumptione
691 3021 993 3076 divinitatis
1038 3020 1237 3073 factum
1290 3019 1456 3074 Deum
1478 3059 1492 3085 ,
1522 3020 1678 3074 liceat
1703 3036 1828 3075 eum
1858 3010 1923 3075 ea

361 3120 452 3163 tuo
482 3113 817 3178 praescripto,
849 3110 1146 3164 divinitatis
1186 3124 1551 3177 possessorem
1595 3111 1870 3178 appellare
1904 3129 1917 3166 :

360 3200 526 3267 ipsius
538 3203 679 3255 enim
700 3202 842 3256 facta
857 3212 939 3255 est
957 3202 1069 3269 ipsa
1088 3202 1360 3255 divinitas.
1379 3202 1471 3254 Sin
1494 3201 1724 3254 Verbum
1748 3205 1921 3270 ipsum

359 3306 481 3344 cum
523 3302 666 3345 esset
716 3292 893 3357 Deus,
945 3295 1297 3361 apprehendit
1344 3310 1525 3347 semen
1576 3295 1921 3359 Abraham',

359 3392 557 3442 etcum
591 3382 703 3452 69
731 3393 872 3437 esset
907 3385 959 3437 in
997 3384 1169 3438 l'orma
1201 3384 1292 3437 Dei
1323 3394 1379 3439 et
1413 3384 1610 3448 Patris,
1647 3396 1922 3455 assumpta

360 3472 505 3527 servi
553 3473 726 3528 forma
776 3474 952 3531 factus
993 3488 1075 3530 est
1109 3477 1268 3530 homo
1294 3476 1337 3542 ⁸,
1376 3478 1466 3545 qui
1500 3477 1616 3530 lieri
1652 3487 1832 3547 potest
1866 3487 1923 3531 ut

369 3577 476 3618 non
512 3563 853 3632 sitstupidus
886 3566 975 3631 qui
1019 3566 1202 3620 dicere
1242 3566 1390 3630 velit,
1439 3567 1490 3621 id
1534 3570 1676 3636 quod
1717 3583 1928 3623 assuta-

363 3663 512 3720 ptum
545 3663 651 3717 est,
681 3653 799 3721 ejus
831 3665 1041 3710 natura:
1075 3658 1416 3724 possessione
1459 3657 1690 3711 ditatum
1740 3675 1768 3710 ιι
1821 3673 1925 3726 qua

364 3744 439 3798 sit
462 3756 817 3815 assumptum,
850 3762 915 3801 ac
948 3763 1052 3802 non
1089 3748 1266 3816 potius
1293 3750 1568 3818 proprium
1597 3766 1719 3805 esse
1753 3752 1923 3805 susci-

365 3833 564 3902 pientis
584 3846 793 3890 natura:
814 3836 1062 3892 factum?
1087 3839 1238 3904 Quod
1266 3850 1444 3894 autem
1478 3857 1696 3894 suorum
1732 3844 1927 3896 verbo-

366 3941 499 3982 rum.
527 3936 579 3982 et
622 3926 993 3988 inventionum
1028 3932 1157 3996 vim,
1198 3932 1481 4001 ipsumque
1527 3942 1794 4001 praterea
1843 3949 1929 3987 sa-

363 4018 597 4073 cerdodi
643 4036 841 4076 nomen
876 4023 1122 4091 imperite
1168 4025 1233 4077 ad
1282 4024 1584 4093 simplicem
1633 4025 1927 4091 hominem,

363 4110 512 4164 illum
547 4112 760 4180 inquam
794 4128 859 4168 ex
893 4114 1113 4181 femina,
1158 4116 1383 4185 redigat,
1433 4117 1760 4185 a‘ul‘eralque
1801 4118 1927 4170 illud

361 4203 432 4258 ab
476 4199 769 4271 Uuigenito
809 4214 863 4257 et
900 4204 1047 4258 edito
1074 4220 1143 4259 ex
1188 4205 1347 4261 Patre
1377 4207 1574 4274 Verbo,
1630 4209 1794 4262 etiam
1832 4223 1931 4278 per

362 4296 644 4362 sequentia
670 4294 964 4349 declarabit
989 4312 1003 4349 :
1037 4295 1114 4349 sic
1138 4311 1371 4364 namque
1396 4298 1618 4363 scripsit
1643 4314 1860 4352 rursum
1905 4315 1920 4352 :

2015 479 2084 531 τὰ
2114 478 2249 549 πρὸς
2283 476 2377 529 τὸν
2408 474 2562 539 Θεὸν,
2606 471 2899 542 ἀρχιερεὺς
2930 467 3172 537 δηλονότι
3194 506 3209 531 ,
3243 466 3449 536 πότερα
3475 462 3591 526 οὖν,

2016 569 2220 639 γυμνὸς
2249 564 2317 639 ἦς
2350 568 2618 635 ἐκτήσατο
2663 563 2917 631 θεότητος
2936 600 2950 624 ,
2972 557 3294 629 separatim
3327 555 3406 626 τῷ
3434 556 3590 626 cup;

2016 661 2048 730 ἦ
2088 659 2288 730 ταύτην
2317 659 2418 728 ήδη
2450 672 2565 719 πως
2594 654 2727 707 ἰδίαν
2755 651 2922 721 ἕχων;
2953 649 3107 703 τουτὶ
3145 649 3274 717 γὰρ,
3293 643 3471 717 οἶμαι,
3499 647 3595 699 καὶ

2016 752 2201 821 ἕτερον
2245 750 2418 812 οὐδὲν,
2449 744 2910 817 κατασημαίνειεν
2946 744 3013 797 ἂν
3058 741 3119 794 τδ
3164 739 3468 810 κτήσασθαι
3500 739 3591 792 λέ-

2017 859 2132 910 γειν
2160 842 2340 895 αὐτόν.
2382 838 2520 891 Ἀλλ’
2561 839 2609 890 εί
2643 836 2740 906 μὲν
2772 832 3013 904 γυμνὸς,
3054 832 3155 885 οὐκ
3196 832 3504 902 ἐκτήσατο·
3539 831 3590 882 εί

2016 934 2073 987 δὲ
2100 931 2177 995 ὡς
2206 931 2347 985 ίδίαν
2379 931 2517 998 ἔχων
2559 926 2750 996 αὐτὴν,
2788 923 3042 993 θεότητός
3073 920 3186 992 [Ζσ.
3222 919 3445 993 θεότηςὶ
3486 936 3589 973 που

2018 1025 2235 1086 πάντως
2282 1020 2584 1093 ἱερατεύσει
2613 1016 2751 1087 Θεῷ.
2785 1016 2850 1068 Τί
2883 1010 2976 1068 οὖν
3020 1013 3228 1077 ἀλύεις,
3259 1013 3374 1065 ἄνω
3402 1028 3463 1064 τε
3495 1012 3591 1064 καὶ

2017 1116 2167 1169 κάτω
2190 1114 2473 1182 διακυκᾷς,
2504 1110 2596 1163 καὶ
2626 1105 3061 1177 παρασημαίνων
3086 1105 3186 1157 οὐκ
3208 1103 3466 1175 ἐρυθριᾷς
3493 1101 3591 1170 τῆς

2019 1207 2249 1268 πίστεως
2291 1204 2388 1275 τὴν
2422 1201 2748 1273 παράδοσιν;
2777 1200 2928 1269 Ἔχει
2971 1197 3244 1267 πρόφασιν
3285 1194 3590 1262 ἀναγκαίαν

2018 1300 2046 1350 ὁ
2075 1300 2138 1351 ὲκ
2158 1296 2292 1349 Θεοῦ
2310 1293 2522 1363 Πατρὸς
2548 1280 2737 1358 Λόγος,
2770 1290 2874 1341 κᾶν
2902 1287 3215 1355 ίερατεῦσαι
3239 1284 3451 1353 λέγοιτο
3472 1284 3591 1353 Θεῷ

2020 1389 2115 1442 καὶ
2139 1386 2312 1457 Πατρί
2331 1402 2344 1416 ⁸
2377 1383 2749 1453 κεχρημάτικε
2778 1379 2888 1450 γὰρ
2919 1380 3097 1450 ἱερεὺς
3129 1379 3190 1431 ού
3212 1378 3339 1447 δίχα
3369 1376 3587 1446 σαρκδς,

2020 1480 2141 1532 καθ’
2165 1479 2310 1549 ἡμᾶς
2338 1477 2393 1529 δὲ
2425 1474 2684 1543 γεγονὼς.
2712 1474 2791 1531 ὡς
2823 1472 2977 1540 ἔφην,
3006 1469 3096 1533 οὓς
3124 1468 3240 1541 [ἷσ.
3271 1463 3375 1538 οἷς]
3411 1468 3505 1519 καὶ
3528 1470 3589 1520 *ἐν

2022 1570 2265 1639 εὐκλείας
2308 1567 2458 1633 τάξει
2499 1566 2801 1632 λελόγισται
2840 1564 2909 1615 τὰ
2942 1565 3042 1631 τῆς
3092 1559 3389 1631 ἱερωσύνης
3420 1559 3587 1628 αὐχή-

2026 1678 2189 1732 ματα.
2213 1660 2320 1713 Καὶ
2349 1658 2468 1712 καθ’
2485 1658 2670 1724 ἕτερον
2699 1655 2757 1708 δὲ
2785 1653 3007 1724 τρόπον,
3026 1650 3407 1719 ἀταλαίπωρον
3434 1649 3584 1710 ἰδεῖν,

2023 1752 2096 1815 ὡς
2130 1750 2241 1803 ἔστι
2270 1748 2377 1802 τῶν
2410 1749 2546 1817 ἄγαν
2588 1745 3003 1804 ἐκτοπωτάτων,
3036 1743 3128 1795 καὶ
3160 1740 3362 1810 πολλῆς
3395 1739 3592 1808 ἐπίμε-

2026 1855 2147 1892 στον
2176 1836 2461 1907 εὐηθείας,
2506 1836 2746 1905 κτήτορα
2773 1833 3028 1903 θεότητος
3066 1829 3156 1882 τὸν
3186 1828 3247 1893 ἐξ
3284 1826 3590 1897 ἀνθρώπων

2022 1931 2289 2003 ληφθέντα
2330 1928 2530 1996 λέγειν,
2563 1922 2959 1992 καθιστάμενον
2992 1936 3050 1972 τε
3089 1918 3225 1989 πρὸς
3278 1916 3370 1970 τὸν
3411 1915 3545 1969 Θεόν
3569 1931 3584 1948 ο

2022 2024 2070 2075 εί
2100 2022 2210 2091 γὰρ
2239 2018 2444 2091 ἐλήφθη
2482 2014 2634 2086 παρὰ
2667 2013 2761 2068 τοῦ
2790 2011 2949 2076 Θεοῦ,
2979 2009 3102 2063 τίνα
3138 2006 3336 2078 τρόπον
3362 2006 3461 2077 τὴν
3491 2006 3592 2058 λα·
3690 2062 3691 2065 η

2023 2111 2220 2167 ϐοῦσαν
2238 2110 2403 2165 αὑτὸν
2427 2107 2801 2176 κατεκτήσατο
2824 2102 3017 2171 φύσιν;
3040 2101 3101 2153 τὸ
3124 2099 3235 2170 γάρ
3257 2115 3341 2152 τοι
3364 2096 3589 2169 ληφθὲν,

2023 2204 2174 2257 ἔσται
2201 2220 2306 2255 που
2342 2199 2541 2271 μᾶλλον
2584 2196 2675 2251 τοῦ
2718 2195 2975 2256 λαϐόντος
3003 2193 3079 2253 ὡς
3110 2192 3323 2261 κτῆσις,
3365 2191 3459 2243 καὶ
3492 2190 3592 2242 οὐκ

2023 2300 2153 2353 αὐτὸ
2178 2298 2502 2367 κεκτήσεται
2526 2295 2591 2346 τὸ
2620 2289 3010 2363 προσειληφός·
3038 2283 3148 2341 οἷον
3170 2286 3229 2339 δὲ
3254 2286 3316 2356 δή
3334 2284 3386 2336 τί
3417 2301 3557 2354 φημι
3573 2301 3587 2314 ’

2025 2391 2262 2448 Πλούτου
2304 2405 2389 2450 τις
2432 2387 2622 2455 γέγονε
2660 2385 2900 2454 κτήτωρ,
2944 2381 3113 2451 ’ήγουν
3141 2379 3451 2446 ἐπιστήμης
3492 2377 3590 2445 τῆς

2024 2484 2108 2552 ἐφ’
2142 2479 2345 2551 ὁτῳοῦν
2374 2477 2695 2547 νοουμένηςο
2732 2469 2821 2544 ἆρ’
2848 2473 2946 2543 οὐχ
2980 2471 3185 2525 ἆπασιν
3230 2469 3484 2539 ἐναργὲς,
3514 2467 3592 2529 ὡς

2024 2575 2121 2627 οὐκ
2148 2572 2308 2634 αὐτὸς
2334 2570 2485 2622 ἔσται
2511 2566 2604 2620 τοῦ
2636 2564 2864 2619 πλούτου
2897 2563 3109 2632 κτῆσις,
3139 2561 3305 2630 ήγουν
3328 2562 3428 2627 τῆς
3459 2572 3590 2627 προ-

2024 2664 2322 2735 γενομένης
2368 2659 2495 2731 [ῐσί
2532 2650 3009 2727 προσγενομένης]
3068 2648 3218 2719 αὖτῷ
3250 2648 3587 2735 ἐπιστήμηςν

2025 2734 2426 2819 κατακτήσεται
2466 2746 2523 2800 δὲ
2574 2744 2771 2815 μᾶλλον
2788 2743 2850 2795 τὸ
2888 2734 3588 2819 προσειλημμένονςλἋλλκ

2022 2840 2200 2915 οἶμαι,
2236 2817 2394 2895 τοῦτό
2426 2839 2542 2890 ἐστι
2596 2835 2717 2889 κατ’
2768 2832 2958 2887 οὐδένα
3010 2830 3210 2901 τρόπον
3264 2817 3589 2897 ἀμφίλογον.

2027 2934 2256 2997 Οὐκοῦν,
2284 2934 2335 2984 εἰ
2375 2928 2461 2983 τὸν
2503 2929 2603 2996 τῆς
2639 2923 3102 2994 ὲνανθρωπήσεως
3132 2919 3227 2973 τοῦ
3256 2915 3592 2985 Μονογενοῦς

2028 3019 2606 3094 πολυπραγμονοῦντες
2652 3014 2872 3084 τρόπον,
2927 3012 3211 3083 ἄνθρωπον
3245 3009 3589 3079 εὑρίσκομεν,

2027 3115 2101 3176 ὡς
2141 3114 2198 3165 έν
2246 3108 2544 3180 προσλήψει
2588 3104 2840 3172 θεότητος
2870 3100 3129 3167 γεγονότα
3160 3097 3314 3160 Θεὸν,
3351 3094 3595 3162 λεγέσθω

2026 3205 2168 3258 κατὰ
2211 3203 2298 3267 σὲ,
2349 3199 2601 3267 θεότητος
2655 3194 2872 3263 κτήτωρ
2896 3208 2909 3223 ·
2948 3190 3115 3243 αὑτοῦ
3165 3188 3275 3259 γὰρ
3310 3187 3528 3256 γέγονεν
3560 3186 3591 3253 ή

2025 3296 2232 3362 θεότης.
2262 3292 2325 3345 Εἰ
2349 3291 2405 3344 δὲ
2432 3288 2563 3350 Θεὸς
2589 3284 2663 3338 ὢν
2688 3287 2717 3337 ὁ
2743 3284 2934 3362 Λόγος,
2963 3279 3258 3334 ἐπελάϐετο
3285 3279 3592 3348 σπέρματος

2039 3358 2309 3456 ’Λϐραὰμ,
2342 3381 2435 3435 καὶ
2464 3379 2721 3448 ὑπάρχων
2745 3358 3025 3443 ὲνδμορφῇ
3057 3372 3150 3424 τοῦ
3187 3369 3322 3423 Θεοῦ
3363 3369 3593 3436 Πατρός,

2025 3477 2247 3546 γέγονεν
2289 3472 2568 3541 ἄνθρωπος
2604 3464 2813 3537 μορφὴν
2857 3463 3042 3516 δούλου
3091 3460 3292 3523 λαϐὼν,
3336 3459 3455 3521 πῶς
3498 3458 3596 3510 οὐκ

2028 3566 2390 3638 ὲμϐρόντητος
2415 3556 2498 3631 εἴη
2531 3559 2615 3624 ἂν,
2643 3560 2696 3611 at
2724 3572 2808 3619 τις
2838 3555 3009 3608 ἕλοιτο
3036 3552 3232 3620 λέγειν,
3280 3552 3366 3604 ὅτι
3406 3550 3467 3602 τὸ
3504 3549 3597 3615 λη-

2030 3658 2160 3727 φθὲν
2204 3656 2301 3727 τὴν
2344 3651 2614 3706 λαϐοῦσαν
2661 3649 2791 3702 αὐτὸ
2850 3646 3226 3714 κατεκτήσατο
3281 3640 3463 3711 φύσιν,
3505 3638 3598 3692 ml.

2028 3750 2148 3818 οὐχὶ
2170 3749 2225 3801 δὲ
2258 3744 2453 3816 μᾶλλον
2478 3743 2697 3810 γέγονεν
2725 3739 2851 3792 ἴδιον
2872 3738 2969 3806 τῆς
2994 3734 3265 3803 λαϐούσης
3285 3731 3450 3793 αὐτός
3475 3731 3597 3782 Ὀτι

2028 3841 2084 3893 δὲ
2111 3839 2217 3892 τῶν
2244 3836 2438 3891 ἑαυτοῦ
2464 3835 2636 3901 λόγων
2666 3849 2723 3883 τε
2755 3831 2845 3883 καὶ
2874 3829 3007 3898 εὑρη
3019 3827 3202 3896 μάτων
3229 3824 3324 3896 τὴν
3348 3823 3595 3892 δύναμιν,

2031 3930 2124 3983 καὶ
2157 3929 2260 4000 μὴν
2287 3928 2381 3981 καὶ
2411 3926 2542 3980 αὐτὸ
2569 3923 2628 3977 τὸ
2663 3922 2762 3990 τῆς
2799 3916 3209 3990 ἀρχιερωσύνης
3237 3916 3409 3985 ὄνομα
3441 3923 3596 3984 περι-

2024 4023 2241 4091 ΐστησιν
2274 4017 2497 4088 ἀμαθῶς
2531 4017 2610 4078 εἰς
2644 4013 2928 4080 ἄνθρωπον
2960 4007 3147 4069 ἁπλῶς
3181 4006 3273 4058 τὸν
3312 4006 3376 4058 ὲκ
3408 4021 3597 4072 γυναι-

2031 4112 2146 4175 κὸς,
2179 4109 2469 4178 ἀποφέρων
2500 4105 2633 4160 αὐτὸ
2669 4101 2763 4156 τοῦ
2805 4097 3143 4166 Μονογενοῦς
3171 4097 3266 4150 καὶ
3294 4098 3358 4149 ὲκ
3389 4094 3600 4165 Πατρδς

2030 4204 2180 4264 ὄντος
2222 4200 2416 4267 Λόγου,
2460 4197 2553 4249 καὶ
2588 4196 2676 4249 διὰ
2719 4193 2828 4247 τῶν
2877 4190 3002 4258 ἑξῆς
3033 4187 3475 4259 προσαποφανεῖο
3509 4184 3600 4253 γέ-

2032 4310 2209 4364 γραφε
2238 4291 2346 4361 γὰρ
2374 4290 2470 4344 ὡδὶ
2501 4288 2564 4360 δὴ
2598 4287 2760 4341 πάλιν
2784 4301 2799 4318 ·
3337 4326 3352 4338 .

439 4383 705 4456 [Nauem
747 4403 767 4437 ι
797 4384 912 4438 Non
941 4384 1163 4453 angelos
1192 4387 1551 4454 apprehendit
1570 4428 1585 4453 ,
1621 4390 1715 4442 sed
1748 4405 1923 4443 semen

2106 4384 2152 4457 [r
2180 4385 2294 4437 Οὐκ
2341 4381 2586 4450 ἀγγέλων
2632 4374 3084 4448 ἐπιλαμϐάνεται,
3124 4367 3261 4424 ἀλλὰ
3289 4367 3603 4472 σπέρματος

368 4474 451 4530 ΔΙ)
471 4473 655 4529 raham
689 4473 1132 4543 apprehendi“:
1178 4492 1197 4524 ι
1244 4489 1372 4527 nam
1418 4489 1602 4529 semen
1653 4477 1927 4531 Abraham

364 4574 448 4618 est
490 4563 603 4631 ipsa
645 4562 939 4618 divinitas?
970 4563 1095 4616 audi
1141 4564 1305 4618 etiam
1346 4577 1661 4635 sequentem
1701 4581 1927 4621 vocem:

373 4672 395 4709 ι
422 4651 582 4709 Unde
605 4653 869 4722 oportuit,
902 4652 1099 4721 ίιιφιίι,
1136 4669 1233 4723 per
1263 4656 1446 4710 omnia
1492 4654 1752 4711 fratribus
1782 4657 1927 4711 assi-

365 4744 545 4804 milari
570 4744 633 4799 ἐ
666 4763 689 4796 ι
726 4759 852 4798 num
881 4744 1154 4799 divinitati
1186 4745 1393 4801 similes
1429 4746 1568 4802 ullos
1597 4748 1787 4802 habuit
1814 4747 1929 4802 l‘ra-

368 4849 484 4894 tres
512 4837 688 4906 ipsum
713 4835 805 4891 Dei
843 4836 1073 4891 Verbum
1095 4836 1121 4890 ?
1141 4836 1275 4892 Vide
1314 4838 1477 4892 etiam
1508 4840 1650 4907 quod
1678 4839 1821 4893 illico
1846 4838 1933 4893 his

368 4928 715 4997 adiungitur:
756 4946 776 4980 ι
815 4926 885 4983 Ut
924 4928 1235 4983 misericors
1268 4929 1426 4982 ﬁeret
1463 4936 1520 4981 et
1553 4928 1726 4983 ﬁdelis
1756 4927 1936 4983 Ponti-

371 5021 459 5076 l‘ea
508 5021 576 5076 ad
610 5019 775 5077 Deum
806 5038 821 5076 :
868 5021 922 5077 in
968 5034 1033 5076 eo
1058 5020 1206 5074 enim
1243 5020 1297 5073 in
1326 5033 1432 5087 quo
1462 5033 1654 5088 passus
1693 5031 1779 5076 est
1819 5022 1934 5088 ipse

371 5123 631 5180 tentatus,
647 5122 836 5185 potens
858 5122 943 5170 est
965 5122 1018 5169 et
1038 5114 1119 5168 eis
1138 5113 1230 5183 qui
1253 5121 1546 5171 tentantur.
1564 5112 1811 5165 auxiliari
1834 5113 1876 5163 ⁷.
1907 5131 1925 5162 ι

371 5206 515 5276 Ergo
535 5206 580 5261 is
597 5208 688 5277 qui
713 5221 908 5277 passus
933 5216 1042 5271 est,
1073 5205 1165 5260 ille
1189 5213 1274 5259 est
1305 5202 1551 5258 Pontifex
1584 5203 1930 5269 misericors;

372 5296 596 5367 patibile
637 5309 817 5354 autem
865 5299 1039 5369 ipsum
1087 5294 1341 5365 templum
1383 5304 1491 5357 est,
1523 5308 1628 5348 non
1668 5294 1810 5349 Deus
1840 5294 1932 5361 qui

374 5386 687 5442 viviﬁcabat
718 5389 769 5443 id
810 5388 948 5457 quod
985 5387 1307 5456 patiebatur.
1339 5385 1531 5441 Semen
1567 5385 1858 5448 Abraham,
1889 5384 1934 5439 is

372 5484 459 5531 est
495 5477 587 5545 qui
635 5478 751 5532 heri
807 5490 862 5532 et
906 5478 1082 5541 hodie,
1135 5458 1195 5532 ut
1248 5476 1446 5531 Paulus
1488 5476 1564 5529 ait
1613 5475 1655 5539 ο,
1706 5492 1809 5530 non
1842 5475 1929 5544 qui

451 5656 471 5691 ³
501 5655 663 5712 llcbr.
693 5671 752 5720 ιι,
788 5656 871 5710 l6.

946 5659 961 5687 ‘
997 5656 1220 5725 Philipp.
1252 5673 1310 5719 ιι,
1340 5656 1391 5719 6,
1419 5656 1468 5708 7.
1546 5656 1565 5686 ⁵
1602 5655 1846 5718 llcbr.tt,
1877 5655 1954 5709 l6.

2046 4455 2297 4546 Ἀϐραὰμ
2324 4471 2768 4541 ἐπιλαμϐάνεται.
2799 4487 2817 4518 ι
2856 4464 2949 4537 Μὴ
2980 4462 3198 4532 σπέρμα
3223 4457 3318 4513 τοῦ
3355 4455 3604 4526 Ἀϐραὰμ

2029 4570 2062 4639 ή
2094 4566 2318 4636 θεότης;
2351 4564 2583 4617 ἄκουσον
2614 4561 2706 4614 καὶ
2734 4560 2832 4630 τὴν
2857 4556 3131 4628 ἑπομένην
3156 4551 3340 4620 φωνήν
3359 4565 3374 4580 ο
3402 4568 3423 4600 σ
3443 4547 3604 4639 Ὅθεν

2029 4658 2245 4727 ὤφειλε,
2282 4658 2442 4726 φησι,
2478 4654 2620 4707 κατὰ
2664 4653 2842 4705 πάντα
2890 4651 3002 4711 τοῖς
3047 4644 3295 4715 ἀδελφοῖς
3334 4638 3602 4711 ὁμοιωθῆ-

2029 4762 2137 4815 ναι,
2164 4767 2181 4799 ι
2224 4748 2296 4817 μὴ
2328 4749 2391 4817 τῇ
2422 4744 2634 4815 θεότητί
2665 4759 2817 4805 τινας
2845 4743 2874 4794 ό
2906 4741 3038 4803 Θεὸς
3067 4739 3239 4806 Λόγος
3270 4738 3427 4807 ἔσχεν
3455 4729 3606 4785 ἀδελ-

2032 4842 2165 4910 φοὺς
2211 4838 2481 4901 ὲοικότας;
2531 4834 2729 4887 Σκόπει
2768 4833 2861 4885 καὶ
2905 4830 2967 4883 τὸ
3010 4828 3225 4889 τούτοις
3269 4827 3431 4888 εὐθὺς
3481 4836 3603 4878 συν·-

1974 4989 1980 4994 ,
2029 4931 2361 5000 απτόμενον·
2402 4945 2420 4978 ι
2447 4927 2564 4980 Ἵνα
2606 4925 2851 4995 ἐλεήμων
2882 4921 3110 4990 γένηται
3145 4919 3242 4972 καὶ
3286 4915 3479 4979 πιστὸς
3510 4916 3604 4983 ἀρ-

2029 5021 2247 5093 χιερεὺς
2268 5019 2336 5071 τὰ
2362 5018 2497 5089 πρὸς
2519 5017 2611 5068 τὸν
2642 5015 2772 5067 Θεόν
2794 5029 2808 5043 ο
2836 5013 2895 5064 ὲν
2924 5004 2969 5078 ᾧ
2996 5009 3106 5080 γὰρ
3134 5007 3400 5062 πέπονθεν
3444 5004 3606 5067 αὐτὸς

2032 5112 2343 5185 πειρασθεὶς
2363 5151 2377 5174 ,
2412 5110 2632 5163 δύναται
2665 5108 2775 5167 τοῖς
2812 5102 3228 5173 πειραζομένοις
3270 5099 3554 5169 βοηθῆσαι.
3582 5113 3601 5145 ι

2034 5203 2241 5258 Οὐκοῦν
2265 5205 2294 5256 ὁ
2326 5200 2512 5255 παθὼν
2557 5198 2846 5270 ἀρχιερεὺς
2883 5197 3150 5264 ἐλεήμων,
3200 5191 3440 5261 παθητὸς
3483 5188 3542 5241 δὲ
3580 5187 3607 5239 ὁ

2035 5295 2181 5358 ναὸς,
2218 5295 2316 5363 οὐχ
2344 5296 2371 5345 ὁ
2405 5290 2666 5356 ζωοποιὸς
2700 5288 2796 5340 τοῦ
2832 5284 3158 5346 πεπονθότος
3190 5282 3343 5344 Θεός.
3380 5279 3608 5348 Σπέρμα

2047 5384 2299 5455 Ἀϐραὰμ
2324 5386 2352 5436 ὀ
2382 5382 2509 5453 χθὲς
2541 5380 2637 5434 καὶ
2668 5380 2927 5448 σήμερον,
2955 5376 3097 5429 κατὰ
3129 5377 3228 5444 τήν
3260 5370 3353 5425 τοῦ
3395 5368 3606 5425 Παύλου

2038 5477 2241 5545 φωνὴν,
2277 5474 2375 5544 οὐχ
2414 5476 2441 5526 ὁ
2482 5473 2675 5539 λέγων,
2712 5489 2728 5520 ι
2762 5470 2898 5540 Πρὶν
2931 5466 3177 5535 ’Λϐραάμ
3214 5460 3469 5531 γενέσθαι.
3499 5456 3609 5528 ἐγώ
3678 5502 3685 5507 ,

2034 5656 2052 5686 ⁸
2085 5655 2214 5710 Ibid.
2247 5652 2330 5706 ΓΙ.
2405 5654 2424 5681 ⁷
2459 5651 2585 5705 Ibid.
2622 5650 2701 5704 18.
2779 5649 2799 5679 "
2834 5647 2990 5703 llebr.
3018 5659 3135 5711 xm,
3166 5643 3250 5695 18.
