3926 6126
301 312 393 367 iis

1412 296 1785 354 ADVERSUS
1822 288 2227 349 NESTORIUM
2266 286 2391 342 LIB.
2429 284 2514 340 ill.

3436 276 3535 329 126'

301 432 412 501 εἰμι
429 443 444 458 ⁸
465 447 487 481 ο
516 428 699 497 ὅμοιος
726 424 837 486 τοῖς
864 423 1113 491 ἀδελφοῖς
1142 425 1281 478 κατὰ
1310 421 1489 476 πάντα
1512 422 1543 473 ό
1568 418 1746 488 ψυχῆς
1776 416 1869 469 ἀνι

1994 414 2109 466 Iixit
2145 431 2159 467 :
2200 429 2217 462 ι
2267 408 2583 473 Priusquam
2620 401 2892 455 Abraham
2938 399 3108 464 fieret,
3140 410 3239 465 ego
3277 410 3396 448 sum
3428 396 3471 446 θ.
3511 412 3530 443 ι

304 520 578 595 θρωπίνης
604 519 701 571 καὶ
727 517 926 587 σαρκὸς
953 516 1236 569 ἀναλαϐὼν
1265 515 1618 582 ἀδελφότητα,
1650 511 1744 562 καὶ
1768 509 1868 576 οὐχ

304 613 542 683 ὸλέγων,
571 629 592 663 ι
627 612 686 665 '0
713 607 969 679 ἑωρακὼς
991 608 1114 678 ἐμὲ,
1140 608 1352 678 ἑώρακε
1378 606 1469 659 τὸν
1498 604 1732 673 Πατέρα.
1750 600 1797 672 ι]

898 842 1153 897 ΚΕΦΔΛ.
1195 843 1270 896 Β¹.

368 957 578 1012 Οὐκοῦν
636 957 950 1019 ἐπελάϐετο,
995 954 1140 1010 καθὰ
1172 956 1269 1007 καὶ
1308 953 1470 1016 αὐτὸς
1519 952 1871 1022 ὡμολόγηκεν

303 1047 525 1117 ἀρτίως,
576 1047 888 1116 σπέρματος
924 1046 1172 1116 Ἀϐραὰμ
1204 1045 1336 1108 Θεὸς
1358 1043 1443 1099 ὢν
1470 1048 1499 1097 ό
1527 1045 1723 1111 Λόγος⁸
1757 1043 1873 1106 πῶς

304 1132 388 1190 οὖν
413 1138 494 1190 ἔτι
511 1135 765 1207 θεότητος
787 1140 1025 1207 κτὴτωρ,
1048 1138 1077 1189 ὁ
1098 1138 1169 1199 ,ἐκ
1193 1135 1503 1205 σπέρματος
1535 1133 1804 1204 Ἀϐρααμ,
1825 1136 1874 1185 εἰ

305 1227 650 1297 προσελήφθη
685 1226 835 1292 παρὰ
863 1225 1021 1287 Θεοῦ,
1051 1225 1143 1278 καὶ
1173 1225 1295 1293 οὐχὶ
1322 1223 1643 1293 προσλαϐὼν
1680 1226 1873 1293 ὁρᾶται

304 1318 395 1387 τὴν
427 1316 660 1385 θεότητα
697 1315 890 1380 αύτός;
925 1315 1035 1367 Καὶ
1067 1314 1315 1384 θεότητος
1349 1310 1442 1366 οὖν
1473 1313 1634 1382 φύσις
1665 1314 1872 1382 ἥκιστα

305 1407 369 1460 ἂν
393 1408 480 1477 εἴη
506 1405 568 1459 τὸ
595 1406 817 1476 σπέρμα
842 1404 937 1458 τοῦ
976 1404 1243 1475 Ἄϐραὰμ,
1276 1405 1435 1472 σῶμα
1462 1404 1517 1455 δὲ
1555 1402 1753 1473 μᾶλλον
1780 1402 1872 1455 τοῦ

306 1498 439 1550 Θεοῦ
478 1498 653 1564 Λόγου
703 1497 927 1565 γέγονε,
990 1496 1127 1549 κατὰ
1170 1497 1267 1558 τὰς
1304 1496 1562 1564 Γραφὰς,
1606 1494 1700 1548 καὶ
1748 1494 1876 1545 ἴδιον

307 1587 501 1640 αὐτοῦ’
532 1587 627 1640 καὶ
651 1589 679 1640 ό
710 1588 775 1655 τῇ
809 1586 981 1637 κτίσει
1017 1585 1157 1637 κατὰ
1186 1584 1344 1653 φύσιν
1372 1584 1508 1635 ἰδίαν
1542 1583 1876 1645 ἀσύντακτος

310 1677 384 1741 ὡς
413 1677 564 1740 Θεὸς,
587 1678 674 1730 ὅτε
705 1676 925 1744 γέγονεν
954 1674 1255 1747 ἄνθρωπος.
1285 1675 1342 1735 ὃς
1381 1676 1494 1726 ἐστι
1522 1672 1749 1735 κτίσεως
1784 1673 1872 1742 μέ-

318 1785 429 1838 ρος,
469 1768 587 1821 τότε
619 1768 704 1836 δὴ,
745 1768 865 1820 τότε
894 1767 989 1819 καὶ
1021 1765 1165 1835 μάλα
1196 1767 1448 1826 εἰκότως,
1489 1766 1582 1817 καὶ
1617 1764 1878 1830 ἀδελφοὺς
1909 1750 1950 1804 Β

313 1860 459 1930 ἡμᾶς
494 1860 775 1929 ὀνομάζειν
817 1857 979 1922 ἀξιοῖ,
1005 1857 1209 1923 λέγων’
1251 1856 1573 1924 Ἀπαγγελῶ
1612 1858 1673 1907 τὸ
1709 1855 1882 1924 δνομά

313 1966 406 2003 σου
440 1953 550 2012 τοῖς
588 1949 834 2016 ἀδελφοῖς
872 1964 996 2018 μου.
1018 1948 1142 2000 Ὀτι
1170 1947 1226 2000 δὲ
1255 1947 1343 1999 διὰ
1373 1948 1432 1999 τὸ
1466 1947 1565 2015 τῆς
1596 1945 1882 2008 κενώσεως

313 2039 509 2111 μέτρον
554 2038 1029 2107 καταπεφοίτηκεν
1069 2040 1098 2090 ό
1128 2041 1191 2090 ὲκ
1224 2036 1356 2090 Θεοῦ
1411 2036 1625 2107 Πατρὸς
1674 2036 1879 2103 Λόγος,

312 2132 410 2184 καὶ
453 2131 532 2192 εἰς
580 2145 645 2198 γε
683 2129 745 2181 τὸ
793 2129 904 2181 δεῖν
959 2129 1348 2197 κατονομάζειν
1399 2126 1659 2194 ἀδελφοὺς
1705 2125 1883 2195 ἑαυτῷ

312 2221 442 2284 τοὺς
490 2219 584 2273 ἐπὶ
634 2220 733 2290 τῆς
784 2220 920 2290 γῆς,
980 2223 1235 2289 σαφηνιεῖ
1296 2218 1584 2291 γεγραφὼς
1631 2220 1661 2271 ὁ
1703 2216 1879 2283 σοφώ-

311 2326 472 2372 τατος
502 2309 731 2372 Παῦλος,
764 2310 893 2378 περί
921 2327 977 2361 τε
1002 2309 1168 2363 αὐτοῦ
1214 2311 1309 2363 καὶ
1343 2312 1374 2381 ἡ
1385 2310 1499 2379 μῶν
1520 2326 1533 2340 ·
1568 2329 1586 2361 ι
1621 2312 1749 2362 Ὅτε
1775 2309 1884 2377 γὰρ

313 2401 553 2470 ἁγιάζων
581 2403 675 2455 καὶ
716 2403 765 2454 oi
799 2401 1167 2471 ἁγιαζόμενοι.
1197 2401 1256 2465 ἐξ
1294 2402 1413 2465 ἐνὸς
1462 2402 1693 2467 πάντες,
1725 2400 1792 2453 δι’
1817 2400 1886 2470 ἢν

313 2494 492 2549 αἰτίαν
517 2493 617 2546 οὐκ
644 2492 1027 2563 ἐπαισχύνεται
1051 2491 1312 2559 ἀδελφοὺς
1341 2492 1539 2553 αὐτοὺς
1569 2491 1773 2550 καλεῖν,
1804 2489 1886 2542 λέ-

313 2603 456 2653 γων·
493 2584 813 2653 ’Δπαγγελῶ
860 2585 920 2636 τὸ
945 2583 1115 2653 ὄνομα
1165 2600 1257 2635 σου
1286 2585 1396 2645 τοῖς
1425 2581 1674 2649 ἀδελφοῖς
1710 2596 1831 2650 μου.
1860 2599 1880 2632 ι

314 2677 433 2747 Πρὸ
472 2677 571 2747 μὲν
607 2676 717 2746 γὰρ
760 2677 857 2745 τῆς
902 2674 1389 2743 ὲνανθρωπήσεως,
1429 2671 1661 2742 σμικρὸν
1692 2670 1885 2741 κομιδή

313 2763 399 2834 τῷ
426 2767 492 2817 ἐκ
522 2763 654 2817 Θεοῦ
689 2762 847 2831 φύντι
884 2762 1041 2831 Λόγῳ
1067 2761 1128 2814 τὸ
1157 2761 1257 2829 τῆς
1291 2760 1424 2830 πρὸς
1465 2759 1623 2829 ἡμῶν
1661 2759 1888 2834 ἀδελςρό-

315 2870 484 2926 τητος
523 2826 725 2923 ὅνομα”
755 2826 1069 2920 καθιγμενῳ
1098 2868 1160 2919 γε
1207 2826 1314 2920 μὴν
1335 2826 1420 2912 εἰς
1450 2826 1692 2903 ἑκούσιον
1725 2826 1891 2911 κένωο

313 2962 429 3011 σιν,
456 2943 689 3015 σμικρὸν
723 2944 822 3014 μὲν
860 2945 953 2995 καὶ
991 2941 1154 3007 οὕτω,
1186 2942 1324 3012 πλὴν
1353 2942 1679 3012 εύαιρόρμως
1708 2940 1889 2993 εἰσϐε-

1970 502 2175 560 Similis
2225 498 2485 553 fratribus
2535 510 2629 564 per
2665 493 2867 553 omnia,
2910 490 3001 559 qui
3055 488 3303 542 humanae
3344 487 3538 537 animm

1967 603 2022 646 et
2047 590 2225 644 carnis
2255 586 2649 641 fraternitatem
2681 581 2940 647 suscepit,
2976 592 3083 631 non
3120 575 3207 629 ille
3237 573 3327 642 qui
3354 570 3491 625 dixit
3519 590 3534 623 :

1975 700 1993 732 ι
2026 681 2126 747 Qui
2156 679 2288 733 vidit
2317 691 2423 742 me,
2461 674 2596 727 vidit
2619 683 2669 725 et
2705 671 2917 724 Patrem
2949 668 3019 722 ‘°.
3058 686 3076 717 ι
3103 664 3124 737 ]

2605 824 2756 880 CAP.
2803 822 2864 877 Il.

2043 973 2183 1044 Ergo
2206 966 2581 1038 apprehendit,
2617 974 2676 1017 ut
2704 960 2950 1031 ipseiam
2981 967 3062 1011 est
3094 953 3410 1014 confessus,
3445 964 3533 1003 se-

1974 1081 2095 1121 men
2122 1061 2420 1122 Abraham,
2439 1059 2607 1126 ipsum
2636 1054 2869 1106 Verbum
2897 1049 3037 1116 quod
3077 1045 3220 1099 Deus
3244 1052 3382 1106 erat,
3408 1056 3541 1110 quo-

1975 1154 2134 1207 modo
2162 1152 2329 1219 igitur
2353 1147 2469 1215 jam
2499 1141 2802 1198 divinitatis
2843 1140 2911 1193 sit
2942 1149 3250 1206 possessor,
3285 1136 3329 1186 is
3355 1132 3444 1199 qui
3473 1146 3540 1183 ea

1974 1245 2179 1300 semine
2208 1253 2290 1295 est
2321 1237 2616 1299 Abraham,
2645 1235 2689 1287 si
2729 1248 2756 1285 a
2797 1230 2907 1283 Deo
2934 1238 3019 1285 est
3062 1234 3397 1293 assumptus,
3433 1237 3539 1274 non

1974 1334 2087 1403 ipse
2109 1331 2441 1387 divinitatem
2471 1325 2828 1390 assumpsisse
2856 1318 3152 1373 cernitur?
3193 1314 3385 1381 Neque
3430 1312 3536 1379 igi-

1977 1436 2067 1479 tur
2093 1424 2268 1493 ipsum
2300 1434 2485 1472 semen
2517 1414 2784 1468 Abraham
2816 1411 2926 1463 ullo
2958 1408 3119 1460 modo
3140 1403 3443 1458 divinitatis
3461 1408 3545 1452 est

1977 1524 2189 1577 natura,
2232 1511 2324 1566 sed
2371 1524 2576 1577 corpus
2613 1505 2790 1574 potius
2837 1501 2927 1555 Dei
2980 1498 3135 1553 Verbi
3186 1496 3385 1549 factum
3437 1504 3546 1553 est,

1978 1604 2269 1661 secundum
2313 1601 2665 1668 Scripturas,
2708 1595 2930 1662 ejusque
2968 1590 3246 1658 proprium
3288 1604 3300 1639 :
3352 1594 3409 1637 et
3456 1582 3547 1634 ille

1979 1696 2069 1764 qui
2123 1707 2188 1745 ex
2239 1701 2443 1744 natura:
2490 1701 2600 1740 sua:
2661 1685 2867 1737 ratione
2912 1695 3035 1733 cum
3088 1684 3337 1729 creatura
3385 1671 3545 1724 simul

1980 1761 2186 1837 censeri
2220 1793 2322 1831 non
2359 1784 2555 1844 potest,
2587 1780 2776 1841 utpote
2814 1769 2976 1828 Deus.
3010 1766 3096 1818 ubi
3131 1764 3306 1817 factus
3332 1771 3410 1814 est
3447 1761 3543 1811 ho-

1980 1889 2090 1937 mo,
2117 1872 2205 1939 qui
2245 1878 2328 1924 est
2350 1883 2475 1936 pars
2514 1864 2781 1926 universi,
2822 1872 2934 1914 tum
2985 1872 3133 1912 vero
3178 1853 3452 1923 aptissime
3493 1861 3549 1902 et

1982 1963 2175 2016 fratres
2214 1974 2311 2013 nos
2353 1956 2623 2025 appellare
2652 1953 2927 2021 dignatur,
2979 1947 3206 2001 dicens:
3242 1962 3258 1993 ι
3299 1939 3549 1994 Narrabo

1984 2068 2181 2108 nomen
2229 2060 2375 2103 tuum
2420 2043 2681 2100 fratribus
2723 2040 2859 2093 meis
2893 2038 2960 2090 ιι.
2996 2055 3015 2087 ι
3051 2035 3222 2089 Porro
3267 2033 3442 2101 ipsum
3476 2043 3547 2083 ex

1983 2143 2096 2198 Deo
2125 2140 2290 2195 Patre
2322 2135 2553 2192 Verbum
2583 2148 2679 2202 per
2718 2128 3107 2186 exiuanitiouis
3146 2138 3456 2179 mensuram
3497 2122 3549 2173 in

1985 2234 2037 2287 id
2058 2231 2220 2284 etiam
2243 2224 2610 2287 descendisse,
2640 2220 2973 2274 uthomines
3003 2216 3095 2285 qui
3127 2215 3179 2268 in
3204 2213 3366 2267 terris
3392 2219 3553 2263 erant

1985 2325 2085 2381 sibi
2122 2322 2318 2376 fratres
2351 2320 2579 2378 diceret,
2616 2313 2963 2381 perspicuum
2996 2308 3159 2361 faciet
3195 2307 3381 2360 beatus
3421 2302 3555 2355 Pau-

1984 2417 2090 2478 lus,
2119 2414 2208 2481 qui
2239 2412 2307 2465 de
2350 2410 2463 2477 ipso
2493 2409 2669 2474 deque
2703 2399 3106 2467 nobis'scripsit
3134 2416 3148 2452 :
3183 2415 3203 2447 ι
3244 2395 3345 2462 Qui
3398 2394 3542 2448 enim

1985 2505 2306 2568 sanctiﬁcat,
2337 2512 2392 2556 et
2431 2499 2522 2568 qui
2574 2494 3008 2556 saltetil‘tcautur,
3052 2506 3120 2544 ex
3172 2503 3282 2542 uno
3314 2500 3550 2541 omnes:

1986 2608 2204 2669 propter
2232 2607 2391 2664 quam
2427 2604 2649 2645 causam
2688 2601 2795 2640 non
2841 2582 3195 2639 confunditur
3226 2579 3424 2633 fratres
3452 2591 3552 2631 eos

1987 2666 2275 2760 appellare,
2303 2683 2527 2737 dicens:
2562 2678 2805 2731 Narrabo
2851 2674 2959 2744 ⁷ο
2993 2685 3193 2726 nomen
3242 2678 3394 2722 tuum
3444 2666 3552 2719 fra-

1987 2759 2158 2836 tribus
2196 2777 2330 2830 meis
2358 2775 2445 2837 ¹¹;
2488 2791 2506 2823 ι
2543 2784 2667 2823 nam
2712 2777 3002 2834 antequam
3050 2764 3216 2816 homo
3264 2759 3438 2813 factus
3463 2771 3554 2813 etv

1987 2882 2089 2935 set,
2124 2869 2376 2934 exiguum
2402 2877 2534 2916 sane
2561 2868 2677 2914 erat
2704 2858 2779 2911 illi
2814 2871 2882 2908 ex
2910 2855 3018 2907 Deo
3041 2853 3223 2921 genito
3254 2850 3431 2905 Verbo
3462 2861 3555 2899 no-

1989 2969 2113 3014 rmae
2135 2951 2489 3009 fraternitatis
2508 2963 2701 3003 nomen
2726 2964 2739 3000 :
2762 2956 2816 2998 at
2842 2944 2932 2998 ubi
2962 2943 3027 2996 ad
3055 2941 3414 2995 voluntariam
3438 2938 3551 2989 exi-

312 3034 515 3107 σηκός·
552 3034 853 3105 μετέσχηκε
882 3033 990 3104 γὰρ
1017 3033 1246 3102 αἵματος
1275 3033 1369 3085 καὶ
1399 3032 1620 3101 σαρκὸς,
1656 3030 1749 3082 καὶ
1777 3032 1889 3091 τοῖς

1999 3048 2331 3103 nanitioaem
2377 3041 2674 3103 descendit,
2715 3037 2968 3103 exiguum
3030 3034 3110 3087 sic
3171 3044 3389 3101 quoque
3432 3027 3555 3091 fuit,

314 3128 376 3180 ιν
410 3127 580 3197 σαρκὶ
608 3126 701 3179 καὶ
733 3124 925 3195 αἵματι
969 3124 1373 3193 κεχρημάτικεν
1404 3121 1651 3189 ἁδελφός.
1693 3119 1755 3174 Εἰ
1786 3119 1895 3188 γὰρ

314 3214 605 3284 ἁγιάζεται
636 3215 753 3285 μεθ’
776 3214 934 3286 ἡμῶν
968 3215 1102 3268 καθὸ
1130 3213 1352 3281 γέγονεν
1380 3212 1687 3283 ἄνθρωπος,
1718 3211 1897 3265 καίτοι

316 3307 454 3370 Θεὸς
478 3306 553 3359 ὢν
578 3307 762 3388 φύσει,
796 3307 890 3359 καὶ
921 3305 980 3358 τὸ
1013 3305 1230 3375 πνεῦμα
1259 3304 1433 3368 διδοὺς
1461 3305 1646 3367 αὐτὸς,
1683 3304 1801 3367 πῶς
1845 3306 1897 3357 εἰ

316 3398 536 3467 λέγοιτο
577 3398 673 3450 καὶ
716 3396 967 3464 ἀδελφὸς,
1002 3396 1102 3448 οὐκ
1142 3398 1202 3448 ὲν
1240 3396 1428 3466 κόσμῳ
1462 3396 1649 3449 λοιπὸν
1682 3397 1898 3465 εἴρηται

318 3483 676 3561 [cipitasset];
693 3486 894 3554 ταύτης
915 3485 1023 3556 γὰρ
1038 3485 1203 3538 ἕνεκα
1226 3486 1326 3554 τῆς
1348 3487 1529 3550 αῖτίας
1558 3487 1748 3553 γέγονε
1775 3485 1898 3539 καθ’

317 3582 503 3653 ἡμᾶς,
548 3580 637 3632 ἵνα
678 3580 827 3648 ἡμᾶς
873 3577 1133 3645 ἀδελφοὺς
1185 3580 1528 3649 ἀποφήνηται
1569 3580 1662 3632 καὶ
1691 3579 1903 3633 ἐλευθέ-

321 3688 482 3742 ρους.
522 3689 541 3722 ι
572 3671 729 3723 Ὅσοι
767 3670 875 3739 γὰρ
908 3669 1100 3723 ἔλαϐον
1130 3671 1313 3732 αὐτὸν,
1352 3673 1535 3740 φησὶν,
1572 3672 1770 3725 ἔδωκεν
1802 3673 1901 3725 αὐ-

316 3764 439 3824 τοῖς
465 3760 714 3825 ἐξουσίαν
747 3761 911 3813 τέκνα
948 3760 1082 3813 Θεοῦ
1110 3761 1381 3831 γενέσθαι,
1411 3765 1523 3825 τοῖς
1551 3761 1900 3816 πιστεύουσιν

322 3853 408 3915 εἰς
448 3852 510 3903 τὸ
541 3850 710 3921 ὄνομα
738 3850 928 3903 αὐτοῦ·
957 3852 1007 3904 οἳ
1035 3851 1135 3904 οὐκ
1162 3851 1221 3918 ἐξ
1254 3852 1520 3921 αἱμάτων,
1547 3852 1668 3905 οὐδὲ
1712 3853 1777 3905 ἐκ
1809 3851 1899 3903 θε-

322 3942 569 4013 λήματος
600 3944 818 4011 σαρκὺς,
849 3943 968 3995 οὐδὲ
999 3944 1063 3995 ὲκ
1092 3943 1393 4013 θελήματος
1446 3943 1656 4013 ἀνδρὸς,
1693 3943 1806 3996 ἀλλ’
1836 3945 1901 3997 ἐκ

326 4028 470 4081 Θεοῦ
519 4028 906 4098 ἐγεννήθησαν.
928 4048 947 4080 ι
984 4031 1281 4102 Γεγὲνηται
1318 4031 1426 4101 γὰρ
1466 4031 1495 4082 ὁ
1528 4032 1592 4085 ἐκ
1622 4032 1755 4086 Θεοῦ
1790 4036 1901 4088 Πα-

328 4116 467 4190 τρὸς
509 4118 836 4187 Λόγοςμεθ⁹
877 4119 1036 4189 ἡμῶν
1075 4120 1219 4174 κατὰ
1252 4121 1457 4192 σάρκα,
1491 4122 1574 4175 ἴνα
1607 4125 1698 4177 καὶ
1740 4126 1902 4194 ἡμεῖς

330 4206 439 4277 τὴν
465 4208 533 4260 ὲκ
559 4204 695 4258 Θεοῦ
732 4206 1269 4278 καταπλουτήσωμεν
1298 4209 1384 4263 διὰ
1425 4210 1730 4281 πνεύματος
1775 4212 1900 4280 γέν-

328 4314 507 4368 νησιν,
532 4297 715 4351 οὐκέτι
742 4296 945 4368 σαρκὸς
969 4297 1393 4368 χρηματίζοντες
1411 4301 1597 4365 τέκνα,
1627 4319 1903 4373 μεταστοι-

1998 3143 2090 3197 sed
2116 3154 2220 3194 non
2248 3139 2385 3192 citra
2415 3131 2790 3187 rationabilem
2816 3140 3040 3183 causam
3076 3130 3354 3190 receptum
3388 3138 3401 3173 :
3435 3134 3559 3188 par-

2000 3229 2240 3300 ticipavit
2277 3227 2421 3282 enim
2470 3239 2643 3279 carne
2675 3232 2729 3277 et
2772 3218 3035 3288 sanguine
3071 3216 3136 3280 ¹³,
3165 3223 3218 3267 et
3262 3213 3345 3266 his
3381 3214 3470 3279 qui
3507 3210 3559 3263 in

1999 3338 2160 3378 carne
2189 3328 2344 3379 erant
2382 3333 2445 3373 ac
2480 3316 2775 3385 sanguine,
2810 3313 2979 3365 frater
3019 3301 3156 3362 fuit:
3189 3320 3312 3360 nam
3352 3303 3399 3359 si
3434 3318 3560 3358 san-

1998 3416 2268 3470 ctificatur
2293 3412 2571 3465 nobiscum
2598 3422 2701 3476 qua
2754 3406 2932 3459 factus
2967 3410 3051 3455 est
3097 3401 3280 3464 homo,
3314 3395 3563 3466 quamvis

1999 3516 2189 3559 natura
2232 3504 2374 3557 Deus
2419 3508 2601 3562 esset,
2639 3507 2696 3550 et
2729 3495 2979 3565 spiritum
3032 3494 3143 3562 ipse
3179 3490 3352 3553 daret,
3385 3502 3483 3542 cur
3516 3486 3560 3538 si

2000 3605 2217 3651 vocetur
2257 3595 2419 3648 etiam
2475 3590 2659 3653 frater,
2718 3586 2940 3640 minime
3000 3583 3254 3637 decenter
3319 3580 3555 3640 dicatur,

2000 3703 2119 3742 cum
2152 3689 2251 3741 hac
2281 3687 2344 3737 de
2370 3696 2529 3736 causa
2568 3679 2744 3733 fat-tus
2783 3677 2857 3732 sit
2905 3675 3075 3730 nostri
3114 3670 3332 3738 similis,
3372 3679 3432 3723 ut
3462 3681 3564 3722 nos

2002 3780 2196 3833 fratres
2238 3791 2301 3830 ac
2346 3775 2545 3829 liberos
2595 3768 2872 3824 efﬁceret?
2921 3784 2939 3817 ι
2974 3765 3249 3832 Quotquot
3301 3760 3445 3815 enim
3484 3772 3567 3810 re-

2000 3876 2259 3937 ceperunt
2305 3880 2448 3927 enim,
2504 3860 2716 3929 inquit,
2757 3858 2902 3911 dedit
2941 3856 3022 3910 eis
3060 3860 3383 3922 potestatem
3428 3846 3566 3900 filios

2002 3961 2095 4014 Dei
2155 3957 2291 4018 ﬁeri,
2344 3955 2428 4007 his
2472 3952 2562 4018 qui
2614 3950 2839 4003 credunt
2886 3947 2940 3999 in
3001 3943 3220 3997 nomine
3271 3940 3389 4006 ejus
3422 3956 3441 3991 :
3474 3937 3563 4005 qni

2003 4062 2106 4104 non
2154 4062 2219 4101 ex
2273 4041 2647 4111 sanguinibus,
2699 4051 2873 4103 neque
2918 4049 2987 4086 ex
3033 4032 3308 4086 voluutate
3363 4027 3569 4087 carnis,

2003 4152 2176 4206 neque
2207 4151 2271 4189 ex
2305 4133 2585 4186 voluntate
2612 4127 2737 4190 viri,
2770 4127 2865 4179 sed
2910 4138 2975 4178 ex
3014 4122 3125 4176 Deo
3156 4118 3265 4174 nati
3301 4124 3428 4172 sunt
3458 4115 3523 4169 ’⁸.
3543 4133 3569 4168 ι

2002 4226 2197 4281 Natum
2231 4232 2313 4277 est
2350 4221 2495 4275 enim
2544 4218 2823 4272 nobiscum
2858 4211 3153 4268 secundum
3190 4220 3409 4262 carnem
3441 4204 3575 4259 illud

2007 4335 2070 4374 ex
2110 4319 2219 4371 Deo
2266 4314 2430 4368 Patre
2485 4311 2755 4374 Verbum,
2800 4316 2860 4359 ut
2908 4318 3006 4359 nos
3051 4313 3266 4370 quoque
3310 4296 3456 4351 illam
3502 4306 3568 4348 ex

334 4389 640 4476 χειούμενὸι
684 4388 749 4447 δὲ
778 4389 980 4458 μᾶλλον
1027 4392 1107 4452 εἰς
1142 4390 1210 4444 τὰ
1254 4391 1392 4461 ὑπὲρ
1423 4392 1604 4461 φύσιν,
1654 4394 1749 4446 καὶ
1798 4393 1889 4445 uid

2014 4412 2122 4465 Deo
2163 4422 2259 4476 per
2291 4404 2542 4475 spiritum
2593 4399 2928 4454 nativitatem
2966 4391 3309 4462 acquiramus
3343 4403 3359 4440 :
3396 4394 3575 4453 neque

331 4475 472 4528 Θεοῦ
503 4477 928 4547 χρηματίζοντες
961 4478 1103 4533 κατὰ
1131 4479 1308 4549 χάριν.
1334 4480 1528 4548 Γέγονε
1572 4481 1680 4551 γὰρ
1719 4481 1795 4544 ὡς
1821 4475 1904 4544 εἷς

330 4564 400 4630 ἐξ
426 4564 600 4635 ἡμῶν,
624 4569 654 4619 ὁ
680 4568 820 4621 κατὰ
858 4568 1020 4637 φύσιν
1051 4571 1142 4623 καὶ
1182 4570 1397 4642 ἀληθῶς
1422 4571 1550 4634 Υἰὸς
1587 4571 1903 4641 μονογενὴς,

330 4657 433 4710 καὶ
453 4655 686 4726 ἀψευδὴς
705 4660 733 4711 ὁ
765 4657 922 4726 λόγος
941 4674 955 4689 ο
983 4657 1316 4713 πιστώσεται
1340 4660 1401 4712 δὲ
1422 4661 1558 4732 πρὸς
1583 4661 1737 4714 τοῦτο
1762 4662 1906 4731 ἡμᾶς

332 4749 364 4799 ὁ
402 4745 686 4809 θεσπέσιος
718 4749 947 4813 Παῦλος,
971 4750 1067 4803 ὡδί
1101 4768 1199 4805 που
1230 4751 1437 4819 λέγων’
1474 4772 1495 4804 ι
1520 4754 1641 4806 Ὅτι
1686 4753 1744 4806 δέ
1785 4755 1907 4806 ἐστε

331 4837 468 4903 υἱοὶ,
502 4836 880 4904 ἐξαπέστειλεν
907 4843 935 4894 ὁ
964 4842 1096 4906 Θεὸς
1125 4844 1184 4899 τὸ
1206 4845 1433 4915 Πνεῦμα
1461 4844 1553 4897 τοῦ
1583 4844 1713 4897 Υἰοῦ
1740 4844 1906 4898 αὐτοῦ

331 4929 421 4991 εἰς
465 4928 566 4991 τὰς
600 4929 821 4999 καρδίας
854 4933 1026 5002 ὑμῶν,
1077 4935 1298 5005 κρᾶζον,
1349 4936 1546 4995 Ἀδδεί,
1591 4938 1619 4988 ὁ
1648 4937 1855 5007 Πατήρ.
1884 4954 1903 4988 ι

333 5019 405 5072 Τί
433 5019 611 5072 τοίνυν
641 5020 908 5093 ἁποϐιάζῃ
940 5025 1037 5093 τῆς
1062 5027 1374 5096 οἰκονομίας
1410 5029 1471 5081 τὸ
1524 5028 1705 5091 σοφὸν,
1736 5029 1816 5090 εἰς
1847 5028 1908 5080 τὸ

337 5110 419 5179 μὴ
464 5111 525 5162 ὲν
567 5111 756 5181 κόσμῳ
787 5112 864 5183 τῷ
911 5115 1083 5169 δέοντι
1130 5118 1460 5186 πεποιῆσθαι
1490 5118 1686 5183 δοκεῖν,
1729 5118 1818 5172 διά
1849 5135 1910 5186 γε

332 5196 434 5249 τοῦ
473 5197 674 5264 λέγειν,
697 5200 786 5268 Μὴ
828 5203 1050 5272 σπέρμα
1085 5202 1177 5256 τοῦ
1212 5202 1466 5273 Ἀϐραὰμ
1492 5205 1525 5273 ἡ
1560 5203 1774 5270 θεότης;
1822 5204 1910 5270 Μὴ

335 5289 409 5356 τῇ
437 5287 651 5359 θεότητι
681 5291 832 5353 τινὰς
860 5291 1018 5361 ἔσχεν
1047 5292 1306 5362 ἀδελφοὺς
1337 5295 1581 5357 ἐοικότας
1605 5312 1618 5359 ;
1646 5290 1789 5363 Ἀρα
1815 5295 1914 5345 οὐκ

338 5377 577 5448 ἐναργὴς
609 5380 919 5451 ἀποπληξίαι
946 5382 1103 5435 τοῦτό
1131 5401 1226 5451 γε;
1258 5386 1331 5438 Τὸ
1377 5386 1484 5456 γὰρ
1512 5386 1753 5447 ἐκτόπως
1782 5385 1913 5437 ἀνα-

424 5577 443 5607 ⁹
467 5580 619 5636 Joan.
648 5598 762 5644 vm,
789 5585 876 5639 58.
958 5587 1002 5620 ¹⁰
1032 5584 1187 5642 Joau.
1210 5600 1320 5648 xw,
1347 5586 1398 5640 9.

348 5652 394 5683 ³⁵
433 5652 605 5705 Galat.
632 5668 699 5713 tv.
726 5654 779 5706 6.

2004 4502 2117 4572 jam
2161 4498 2340 4554 carnis
2386 4495 2478 4548 filii
2516 4494 2722 4557 simus,
2759 4489 2854 4542 sed
2893 4486 2943 4538 in
2982 4488 3051 4547 :ea
3098 4494 3218 4547 quae
3258 4490 3419 4544 supra
3467 4488 3569 4526 na~

2009 4564 2184 4645 iuram
2239 4594 2364 4641 sunt
2412 4585 2788 4641 immutemur,
2837 4586 2893 4629 et
2935 4573 3025 4625 filii
3067 4570 3160 4624 Dei
3203 4582 3300 4637 per
3343 4564 3571 4635 gratiam

2007 4686 2179 4738 simus
2204 4697 2218 4733 :
2245 4677 2419 4739 factus
2445 4681 2526 4727 est
2555 4671 2697 4725 enim
2732 4677 2789 4721 ut
2822 4679 2960 4720 unus
2986 4679 3016 4718 e
3045 4660 3224 4725 nobis,
3256 4656 3348 4711 ille
3377 4669 3573 4710 secun~

2009 4774 2133 4827 dum
2155 4777 2401 4822 naturam
2431 4777 2494 4815 ac
2518 4775 2645 4814 vere
2664 4758 2832 4811 Filius
2867 4744 3183 4823 unigenitus
3221 4764 3239 4805 :
3282 4746 3426 4817 quod
3448 4760 3573 4801 eum

2013 4850 2292 4916 verissime
2323 4855 2554 4917 dicatur,
2584 4852 2742 4905 fidem
2778 4857 3039 4918 praeterea
3072 4844 3227 4899 nobis
3267 4840 3396 4894 facit
3440 4839 3567 4892 bea-

2017 4966 2103 5009 tus
2130 4948 2326 5006 Paulus
2355 4946 2438 5000 his
2467 4944 2578 4998 fere
2601 4943 2779 4997 verbis
2804 4954 2819 4992 :
2855 4956 2873 4989 ι
2911 4937 3189 5004 Quoniam
3230 4939 3410 4985 autem
3440 4924 3573 4980 estis

2015 5045 2132 5107 filii,
2157 5038 2304 5095 misit
2330 5036 2480 5092 Deus
2503 5034 2762 5102 Spiritum
2807 5029 2922 5084 Filii
2956 5029 3039 5083 sui
3065 5029 3116 5080 in
3165 5022 3335 5079 corda
3382 5027 3569 5072 nostra

2015 5106 2356 5192 clamantem,
2381 5127 2530 5180 Abba
2556 5124 2716 5176 Pater
2738 5122 2805 5176 ".
2838 5138 2857 5172 ι
2884 5118 2996 5173 Cur
3027 5117 3190 5185 igitur
3219 5106 3568 5178 sapientissi-

2016 5239 2155 5277 ntam
2193 5218 2645 5288 dispensationem
2673 5227 2768 5280 per
2794 5212 2899 5262 vim
2928 5222 2992 5261 eo
3031 5208 3346 5269 detorques,
3386 5206 3447 5251 ut
3477 5195 3575 5249 mi-

2018 5327 2117 5367 nus
2139 5313 2390 5364 decenter
2416 5315 2563 5374 gesta
2605 5315 2722 5355 esse
2746 5300 3013 5357 videatur,
3055 5294 3183 5346 dum
3215 5288 3350 5344 dicis
3378 5305 3391 5340 :
3432 5284 3568 5338 Num

2018 5414 2201 5455 semen
2245 5404 2328 5448 est
2360 5392 2629 5445 Abraham
2666 5389 2781 5454 ipsa
2814 5382 3106 5437 divinitas?
3142 5394 3268 5434 num
3303 5375 3445 5430 ullos
3487 5374 3579 5427 ha‘

1482 5589 1516 5618 ”
1558 5584 1695 5638 I’sal.
1730 5599 1836 5648 ut,
1863 5584 1889 5634 εὶ

2031 5581 2068 5611 ¹²
2100 5578 2259 5633 llcbr.
2289 5591 2347 5635 ιι,
2380 5570 2470 5631 li,
2504 5566 2588 5618 l2.
2669 5564 2707 5593 ¹³
2732 5560 2871 5635 ibid.
2904 5559 2967 5617 l4
3064 5558 3105 5590 ”
3137 5549 3584 5615 Joan.t,l215.
