3926 6126
347 305 447 358 1‘27

1332 304 1391 361 S.
1430 303 1711 361 CYRILLI
1749 301 2214 358 ALEXANDRINI
2256 300 2571 359 ARCHIEP.

3494 299 3594 355 198

346 423 461 474 ltuit
486 418 683 473 fratres
707 418 1008 474 divinitatis
1036 418 1283 474 similes?
1311 419 1504 474 Annon
1539 420 1591 474 id
1622 429 1775 475 certe
1804 427 1922 473 stu-

2027 417 2408 483 πυνθάνεσθαι,
2442 418 2534 472 καί
2560 416 2915 487 ἀποκομίζειν
2947 418 3023 479 εἰς
3049 415 3378 487 δυσφημίας,
3408 413 3479 469 τὰ
3505 417 3595 469 οῦ-

344 529 491 598 pnris
523 539 604 583 est
651 530 1013 597 apertissimi?
1048 530 1178 583 Nam
1236 531 1421 600 inepte
1466 531 1826 600 interrogare,
1861 540 1916 586 et

344 624 480 676 adeo
515 631 657 675 recta
685 631 739 674 et
774 623 980 691 integra
1028 622 1303 689 dogmata,
1334 623 1477 689 quod
1520 623 1588 676 ad
1638 622 1917 690 dispensao

347 714 511 765 tionis
557 712 821 766 rationem
866 713 916 764 in
946 711 1164 765 Christo
1204 711 1605 774 intelligendam
1650 712 1910 780 pertinet,

344 807 411 858 ad
466 806 828 873 blasphemias
871 806 1216 873 detorquere,
1266 806 1394 873 quid
1443 806 1591 859 aliud
1634 815 1719 861 est
1753 822 1913 875 quam

345 912 569 950 suinmaz
596 896 847 948 amentia:
876 896 1300 949 demonstratio?
1342 895 1726 951 Certissimum
1758 896 1915 965 quip-

345 1000 412 1053 pe
445 995 549 1050 est,
586 986 712 1038 illud
743 984 831 1037 Dei
862 985 1042 1039 Patris
1071 986 1328 1050 Verbum,
1378 985 1520 1052 quod
1553 986 1619 1039 ad
1663 996 1914 1040 naturam

346 1077 612 1145 corporis,
654 1076 769 1128 sive
802 1075 1159 1128 humanitatis
1195 1075 1450 1143 perfecta:
1489 1076 1751 1128 rationem
1798 1077 1919 1129 atti-

351 1177 464 1229 net,
497 1164 696 1219 factum
733 1178 853 1219 esse
876 1165 1046 1219 nostri
1082 1164 1279 1229 simile,
1311 1174 1365 1217 et
1395 1179 1490 1233 per
1518 1165 1696 1218 omnia
1734 1164 1919 1218 nobis-

342 1271 489 1323 eum,
519 1270 625 1309 uno
655 1264 882 1323 excepto
927 1262 1167 1325 peccato,
1203 1255 1550 1310 convenisse.
1590 1254 1694 1309 Sed
1730 1269 1919 1324 rogare

346 1346 475 1401 libet
497 1362 618 1401 eum
654 1349 744 1416 qui
770 1347 907 1400 dixit
933 1365 947 1401 :
977 1346 1112 1399 Num
1144 1347 1243 1400 Dei
1276 1344 1512 1400 Verbum
1557 1345 1695 1401 ullos
1729 1332 1920 1401 habuit

344 1436 540 1489 fratres
564 1434 836 1488 divinitati
889 1434 1142 1489 similes?
1170 1434 1428 1503 quidnam
1459 1449 1642 1489 serum
1682 1436 1796 1505 ipse
1836 1450 1922 1491 co-

344 1522 521 1590 gitans
551 1522 742 1577 beatus
767 1521 968 1576 Paulus
994 1523 1214 1590 scripsit
1260 1524 1327 1575 ad
1365 1523 1624 1591 quosdam
1653 1541 1666 1575 :
1705 1541 1723 1574 ι
1757 1520 1923 1579 Filio-

345 1612 403 1677 li,
429 1627 565 1680 quos
586 1612 783 1666 iterum
813 1614 1076 1682 parturio,
1096 1614 1268 1668 donec
1294 1613 1547 1667 Christus
1575 1612 1840 1667 formetur
1865 1615 1917 1667 in

2013 527 2121 572 τως
2164 509 2301 580 ὀρθὰ
2343 510 2438 561 καὶ
2480 509 2798 578 ἀμωμήτως
2830 508 3053 576 ἔχοντα,
3087 506 3229 559 κατά
3259 522 3325 573 γε
3361 505 3455 561 τὸν
3497 508 3595 572 τῆς

2013 600 2072 651 ἐν
2112 599 2330 670 Χριστῷ
2379 598 2675 669 νοουμένης
2732 592 3047 668 οἰκονομίας
3086 598 3264 666 λόγον,
3312 598 3364 651 τί
3411 597 3598 671 ἕτερόν

2015 692 2181 752 ἐστιν,
2208 690 2241 761 ἦ
2267 693 2367 760 τῆς
2408 689 2633 743 ἀπασῶν
2675 690 2909 761 ἐσχάτης
2951 688 3349 759 ἐμϐροντησίας
3376 689 3597 743 ἀπόδει-

2016 782 2132 848 ξις;
2169 781 2646 851 Ὀμολογουμένως
2697 781 2796 850 μὲν
2844 780 2975 849 γὰρ,
3013 780 3153 833 κατὰ
3201 780 3299 849 τὴν
3339 779 3435 833 τοῦ
3490 780 3597 833 σώ-

2019 889 2188 942 ματος
2221 872 2405 940 φύσιν,
2437 873 2553 942 ἦτοι
2590 873 2681 924 τὸν
2709 874 2807 941 τῆς
2838 871 3263 940 ἀνθρωπότητος
3296 871 3471 940 λόγον,
3504 889 3594 925 τε·

2014 961 2174 1025 λείως
2219 961 2447 1032 ἐχούσης
2493 963 2578 1030 ἐφ’
2616 963 2814 1032 ἑαυτῇ,
2860 962 3084 1030 γέγονεν
3126 962 3259 1032 ἡμῖν
3306 960 3598 1033 παραπλή-

2017 1068 2156 1116 σιος,
2185 1053 2278 1105 καὶ
2307 1051 2447 1105 κατὰ
2478 1053 2585 1104 πᾶν
2609 1051 2787 1104 ὁτιοῦν
2814 1051 3029 1113 ἐοικὼς,
3057 1052 3182 1121 δίχα
3214 1053 3381 1121 μόνης
3412 1054 3595 1123 ἀμαρ-

2014 1141 2135 1206 τίας
2159 1143 2188 1195 6
2221 1144 2285 1195 ἐκ
2316 1140 2450 1194 Θεοῦ
2480 1142 2695 1212 Πατρός
2723 1141 2913 1209 Λόγος.
2953 1142 3256 1212 Ἐρήσομαι
3290 1142 3347 1196 δὲ
3384 1143 3477 1197 τὸν
3510 1143 3597 1195 λέ-

2017 1250 2202 1300 γοντα,
2220 1233 2314 1304 Μὴ
2337 1235 2403 1302 τῇ
2431 1231 2645 1302 θεότητι
2674 1232 2825 1295 τινὰς
2854 1233 2883 1283 6
2902 1231 3036 1295 Θεὸς
3062 1233 3235 1300 Λόγος
3262 1232 3419 1304 ἔσχεν
3447 1234 3599 1287 ἀδελο

2020 1323 2155 1391 φοὺς
2195 1323 2473 1387 ἐοικόταςς
2504 1321 2558 1374 τί
2588 1322 2653 1392 δὴ
2687 1321 2796 1391 ἄρα
2832 1321 2955 1375 καθ’
2983 1321 3175 1375 ἑαυτὸν
3205 1323 3533 1394 ἐννενοηκὼς
3568 1326 3597 1376 6

2021 1411 2310 1481 ἰερώτατος
2349 1412 2579 1479 Παῦλος,
2614 1412 2860 1483 γέγραφέ
2896 1430 3027 1474 τισι,
3069 1431 3086 1463 ι
3115 1413 3338 1478 Τεκνία,
3370 1413 3464 1476 οὓς
3495 1416 3597 1468 πά-

2017 1504 2100 1558 λιν
2146 1504 2338 1569 ὠδίνω,
2385 1504 2543 1576 ἄχρις
2586 1499 2647 1558 οὗ
2700 1503 2973 1575 μορφωθῆ
3011 1502 3248 1575 Χριστὸς
3294 1507 3351 1558 ἐν
3398 1505 3546 1575 ὑμῖν.
3573 1524 3591 1552 ι

2018 1596 2130 1649 Καὶ
2181 1595 2286 1666 μὴν
2321 1595 2416 1648 καὶ
2459 1594 2685 1665 ἑτέρωθι
2730 1595 2844 1655 τοῖς
2892 1593 2981 1646 διὰ
3033 1594 3268 1657 πίστεως
3304 1594 3591 1665 τελειωμὲ-

348 1702 502 1756 vobis
532 1701 596 1757 ”.
629 1720 647 1753 ι
675 1701 814 1768 Quin
850 1702 1010 1756 etiam
1039 1702 1164 1756 alibi
1190 1703 1499 1757 hominibus
1519 1705 1606 1772 qui
1643 1719 1738 1773 per
1762 1704 1917 1759 fidem

2027 1704 2129 1750 νοις
2176 1689 2236 1740 ἐν
2285 1688 2573 1756 πνεύματι,
2607 1705 2624 1736 ι
2647 1687 2838 1755 Ἡμεῖς
2868 1686 2925 1739 δὲ
2957 1686 3159 1748 πάντες
3211 1687 3596 1757 ἀνακεκαλυμ-

348 1790 451 1859 71
472 1789 888 1857 perﬁciebantur
908 1791 959 1843 in
981 1790 1171 1857 spiritu
1195 1808 1207 1843 :
1234 1807 1253 1840 ι
1283 1789 1389 1844 Nos
1412 1806 1539 1844 vero
1560 1807 1749 1846 omnes
1766 1807 1920 1846 reve-

2027 1781 2171 1848 μένῳ
2199 1777 2472 1849 προσώπῳ
2506 1777 2603 1848 τὴν
2647 1778 2803 1844 δόξαν
2844 1778 3047 1849 Κυρίου
3080 1777 3597 1847 κατοπτριζόμενοι,

346 1880 453 1934 lata
486 1879 625 1934 facie
657 1880 880 1951 gloriam
923 1880 1131 1935 Domini
1169 1882 1532 1950 speculantes,
1558 1883 1609 1935 in
1635 1882 1753 1951 ejus
1790 1884 1924 1937 ima—

345 1971 524 2039 ginem
556 1971 1010 2026 transformamur
1039 1988 1067 2025 a
1096 1973 1341 2027 claritate
1363 1974 1414 2026 in
1450 1974 1774 2040 claritatem,
1808 1984 1926 2028 tan-

345 2079 508 2133 quam
555 2079 584 2117 a
634 2062 846 2118 Domini
899 2064 1113 2130 spiritu.
1163 2064 1422 2120 Dominus
1472 2075 1651 2120 autem
1698 2067 1925 2133 spiritus

345 2159 475 2207 est:
516 2154 606 2212 ubi
637 2163 819 2207 autem
855 2154 1077 2223 spiritus
1129 2154 1358 2222 Domini,
1409 2140 1481 2210 ibi
1531 2157 1753 2211 libertas
1799 2160 1863 2213 ¹⁷.
1900 2178 1920 2210 ι

348 2239 485 2294 Num
523 2242 689 2311 igitur
721 2243 834 2297 haec
868 2243 1002 2297 dicit
1029 2243 1239 2299 Calatis
1273 2256 1527 2314 tanquam
1558 2262 1835 2316 corporea:
1866 2249 1928 2301 li-

347 2329 570 2385 hertatis
603 2331 808 2388 formas
841 2348 948 2387 non
985 2333 1303 2389 habentibus
1331 2335 1406 2389 illi
1435 2352 1502 2391 ex
1532 2339 1738 2393 semine
1763 2339 1927 2394 David

348 2421 642 2475 secundum
691 2419 910 2477 carnem
947 2423 1175 2488 sinﬁles,
1224 2425 1411 2480 illosve
1461 2428 1712 2495 parturit,
1757 2438 1816 2481 ut
1875 2429 1928 2482 in

348 2510 482 2579 ipsis
510 2513 907 2580 quodammodo
952 2515 1213 2583 figuretur
1244 2523 1300 2569 et
1328 2515 1596 2584 elligietur
1628 2520 1928 2574 secundum

350 2618 568 2657 carnem
592 2603 885 2658 Christus?
917 2607 1078 2675 Atqui
1104 2604 1377 2677 qﬁnmodo
1400 2624 1504 2662 non
1535 2610 1713 2679 quivis
1738 2612 1931 2681 opinor

350 2704 408 2748 et
437 2694 560 2750 sine
585 2695 749 2750 dubio
775 2695 941 2761 dicat,
983 2698 1293 2754 conformes
1326 2700 1427 2755 sibi
1473 2700 1617 2755 inter
1650 2718 1709 2758 se
1744 2718 1933 2760 omnes

348 2800 473 2842 esse
501 2787 594 2857 qui
625 2796 750 2840 sunt
782 2790 833 2843 in
868 2790 1050 2852 terris,
1076 2800 1131 2844 et
1178 2791 1278 2860 ipsi
1310 2807 1526 2862 quoque
1559 2793 1796 2861 Christo,
1826 2812 1933 2865 qua

353 2876 527 2930 nostri
576 2876 773 2933 similis
824 2878 1016 2941 homo,
1072 2889 1130 2934 et
1185 2881 1463 2936 nobiscum
1520 2884 1935 2940 consideratur?

349 2965 534 3033 Qualis
549 2983 679 3038 ergo
693 2969 942 3038 elligiatio
958 2972 1008 3025 in
1030 2972 1134 3025 illis
1149 2972 1692 3043 exigebaturChristo
1707 2975 1899 3030 similis
1911 2976 1937 3029 ?

349 3063 726 3128 autquomodo
750 3076 848 3115 nos
869 3076 897 3115 a
922 3062 1173 3116 claritate
1188 3062 1239 3114 in
1260 3062 1562 3116 claritatem
1583 3063 1936 3119 transforma-

350 3148 506 3203 mur?
520 3165 623 3218 qua
647 3150 833 3203 relicta
853 3149 1050 3217 forma,
1071 3153 1123 3203 in
1143 3164 1303 3220 quam
1323 3150 1814 3217 transfiguramur?
1836 3152 1933 3208 Er-

350 3255 420 3309 go
451 3257 549 3295 nos
585 3240 805 3295 divinus
834 3240 922 3293 ille
946 3240 1136 3295 doctor
1162 3241 1414 3309 prodiens
1441 3241 1652 3307 doceat,
1690 3242 1780 3297 ille
1804 3245 1934 3298 divi.

351 3347 545 3386 norum
568 3331 823 3385 sacerdos
854 3318 1257 3402 mysteriorum,
1294 3332 1383 3386 ille
1401 3333 1589 3386 doctor
1610 3333 1847 3401 gentium
1877 3334 1932 3388 in

353 3421 460 3475 [ide
487 3429 539 3474 et
563 3420 825 3474 veritate:
856 3437 874 3471 ι
902 3419 1049 3485 Quos
1065 3420 1208 3472 eriim
1229 3421 1406 3481 scivit,
1434 3419 1631 3487 inquit,
1652 3429 1703 3474 et
1733 3422 1935 3489 praede-

353 3510 575 3564 stinavit
605 3509 907 3565 conformes
942 3508 1057 3563 fieri
1092 3510 1339 3577 imaginis
1372 3509 1489 3562 Filii
1523 3512 1625 3574 sui,
1648 3512 1746 3566 bos
1769 3521 1821 3564 et
1841 3526 1934 3567 vo-

350 3602 496 3655 cavit
523 3600 589 3654 ¹⁸.
611 3619 630 3653 ι
652 3599 817 3668 Ergo,
842 3600 1117 3653 utdudum
1143 3600 1275 3662 dixi,
1304 3613 1407 3668 qua
1437 3598 1611 3653 factus
1637 3611 1721 3655 est
1753 3602 1931 3672 homo,

352 3700 411 3747 et
450 3688 553 3747 fuit
589 3705 656 3745 ex
690 3689 898 3745 semine
924 3688 1219 3752 Abraham,
1253 3704 1441 3743 omnes
1474 3688 1550 3743 illi
1581 3705 1771 3744 sumus
1802 3706 1934 3745 con-

357 3782 580 3838 formes.
614 3781 816 3836 Omnes
852 3780 1018 3850 igitur
1039 3794 1173 3848 quos
1202 3778 1365 3832 Pater
1393 3782 1662 3849 praescivit
1691 3782 1935 3838 homines

354 3872 444 3943 qui
469 3880 593 3926 sunt
625 3870 677 3925 in
713 3870 893 3936 terris,
927 3878 981 3924 et
1002 3869 1423 3938 praedestinavit,
1455 3869 1555 3924 hos
1595 3886 1716 3925 cum
1745 3885 1933 3927 vocas-

353 3973 456 4031 set,
492 3964 849 4019 sanctilicavit
890 3970 944 4017 et
981 3962 1303 4033 gloriﬁcavit
1349 3983 1363 4018 :
1418 3971 1580 4033 atque
1608 3977 1712 4018 non
1745 3972 1934 4019 omnes

351 4054 715 4125 praedestinati
749 4062 897 4120 sunt,
947 4068 1056 4127 non
1090 4068 1278 4108 omnes
1315 4053 1637 4109 sanctificati
1690 4064 1784 4109 aut
1815 4054 1930 4123 glo-

355 4143 581 4211 rificati;
609 4159 716 4199 non
745 4146 906 4216 igitur
935 4144 1038 4200 hoc
1071 4143 1246 4214 ipsum
1277 4145 1417 4213 quod
1441 4143 1580 4198 Filio
1606 4143 1921 4199 conforma-

352 4234 568 4300 mur,in
585 4234 697 4289 sola
717 4234 1037 4303 intelligitur
1066 4235 1246 4288 carnis
1263 4233 1684 4289 humanitatisve
1715 4244 1928 4298 natura,

350 4324 447 4379 sed
475 4324 581 4379 alio
607 4339 819 4394 quoque
851 4324 1049 4379 modo:
1082 4325 1242 4392 idque
1281 4324 1436 4377 nobis
1463 4323 1700 4378 declarat
1741 4326 1932 4379 beatus

349 4414 551 4470 Paulus
580 4429 701 4470 cum
735 4414 913 4469 dixit:
946 4432 964 4465 ς
1000 4413 1068 4468 Ει
1094 4413 1236 4468 sicut
1268 4415 1604 4483 portavimus
1636 4415 1924 4483 imaginem
1960 4441 2002 4496 υ

353 4508 574 4574 terreni,
604 4516 879 4576 portemus
906 4516 960 4562 et
985 4506 1276 4574 imaginem
1305 4506 1543 4560 caelestis
1577 4506 1652 4571 ης
1683 4526 1702 4558 ι
1726 4507 1925 4561 terreni

347 4592 602 4651 videlicet
625 4595 913 4665 imaginem
949 4593 1094 4647 illam
1130 4591 1289 4660 primi
1322 4592 1564 4659 parentis
1596 4590 1788 4656 Adam,
1812 4603 1925 4644 coe-

350 4685 506 4742 lestis
534 4696 734 4751 autem,
767 4687 911 4741 illam
942 4684 1142 4741 Christi
1180 4685 1510 4756 lntelligens.
1554 4683 1813 4752 Quaenam
1842 4692 1927 4738 est

352 4779 517 4848 igitur
545 4777 695 4847 prior
722 4777 810 4832 illa
844 4776 1003 4844 primi
1034 4775 1274 4845 parentis
1303 4776 1520 4846 imago?
1552 4776 1804 4830 nimirum
1838 4775 1924 4828 fa-

354 4868 532 4924 rilitas
573 4865 658 4919 illa
701 4867 767 4921 ad
809 4866 1163 4935 peccandum,
1212 4865 1314 4920 boc
1345 4868 1517 4932 ipsum
1566 4865 1706 4935 quod
1762 4867 1921 4920 morti

353 4959 794 5029 corruptionique
816 4972 1004 5012 sumus
1029 4956 1267 5010 obnoxii.
1296 4956 1427 5021 Qua:
1459 4971 1646 5011 rursus
1677 4955 1765 5010 illa
1803 4969 1921 5009 ca:-

355 5050 543 5106 lestis?
564 5048 708 5103 nullo
722 5048 880 5102 modo
894 5046 1087 5101 cedere
1104 5045 1267 5111 vitiis,
1288 5060 1396 5099 non
1416 5060 1576 5101 nosse
1592 5046 1923 5116 delinquere,

357 5156 462 5196 non
487 5154 609 5196 esse
634 5139 790 5195 morti
818 5148 876 5193 et
896 5136 1228 5206 corruptioni
1260 5135 1591 5205 subjectum,
1619 5137 1926 5192 sanctificao

2023 1870 2122 1938 τὴν
2150 1867 2311 1920 αὐτοῦ
2336 1868 2518 1921 εἰκόνα
2550 1866 2660 1937 (9.0)
2693 1865 3187 1937 μεταμορφούμεθα
3209 1865 3317 1919 ἀπὸ
3337 1865 3494 1933 δόξης
3515 1867 3598 1928 εἰς

2022 1957 2199 2023 δόξαν,
2233 1957 2482 2026 καθάπερ
2513 1956 2621 2009 ἀπὸ
2639 1955 2844 2025 Κυρίου
2878 1955 3214 2025 πνεύματος·
3242 1957 3270 2009 6
3301 1955 3357 2009 δέ
3390 1954 3598 2025 Κύριος

2021 2049 2084 2102 τὸ
2112 2048 2326 2119 πνεῦμά
2346 2050 2492 2101 ἐστιν
2510 2065 2524 2079 ο
2550 2042 2611 2103 οὗ
2637 2048 2692 2100 δὲ
2716 2048 2776 2101 τὸ
2806 2046 3024 2117 πνεῦμα
3048 2047 3277 2118 Κυρίου,
3307 2048 3424 2101 ἐκεῖ
3446 2047 3601 2099 ἐλευ-

2024 2137 2199 2209 θερία.
2222 2135 2372 2208 »Ἆρ’
2401 2135 2494 2191 οὖν
2530 2138 2606 2202 ὡς
2644 2138 2743 2189 οὐκ
2774 2137 2953 2207 ἔχουσι
2980 2135 3247 2198 Γαλάταις
3278 2137 3375 2205 τῆς
3412 2152 3600 2207 σωμα-

2023 2228 2181 2296 τικῆς
2218 2227 2527 2300 ἐλευθερίας
2556 2229 2684 2290 τοὺς
2710 2226 2935 2290 τύπους,
2957 2226 3094 2297 πρὸς
3117 2226 3178 2279 τὸ
3203 2227 3266 2279 ἐκ
3292 2227 3601 2297 σπέρματος

2027 2317 2190 2371 Δαϐἰδ
2239 2317 2378 2370 κατὰ
2431 2317 2630 2386 σάρκα,
2662 2317 2728 2371 τὰ
2775 2316 2951 2370 τοιάδε
3007 2316 3207 2387 φησίν·
3249 2317 3493 2370 ἀνωδίνει
3541 2317 3599 2369 δὲ

2026 2409 2245 2475 αὐτοὺς,
2270 2409 2336 2461 ἵν’
2355 2408 2742 2479 ἐγχαράττοιτό
2768 2425 2886 2471 πως
2908 2407 3113 2470 αὐτοῖς,
3136 2409 3230 2461 καὶ
3248 2408 3600 2479 διαμορφοῖτο

2028 2499 2169 2554 κατὰ
2198 2498 2377 2569 σάρκα
2398 2497 2629 2568 Χριστός
2649 2515 2664 2563 ;
2699 2497 2889 2551 Καίτοι
2920 2497 3036 2561 πῶς
3055 2500 3153 2568 οὐχ
3178 2498 3322 2562 ἅπας
3340 2517 3425 2562 τις
3447 2495 3599 2569 οἶμαι

2027 2592 2124 2650 καὶ
2147 2591 2532 2660 ἀναμφιλόγως
2553 2590 2688 2660 ἐρεῖ,
2713 2589 3068 2660 συμμόρφους
3088 2589 3337 2660 ἀλλήλοις
3359 2590 3600 2652 ἅπαντας

2029 2679 2168 2736 εἶναι
2190 2683 2316 2745 τοὺς
2344 2682 2437 2734 ἐπὶ
2464 2683 2563 2750 τῆς
2586 2680 2710 2751 γῆς,
2727 2680 2821 2733 καί
2847 2677 2996 2745 αὐτῷ
3018 2679 3075 2731 δὲ
3097 2678 3175 2749 τῷ
3199 2677 3438 2749 Χριστῷ,
3469 2678 3601 2731 καθὸ

2031 2776 2229 2827 νοεῖται
2261 2772 2382 2826 καθ’
2405 2773 2552 2843 ἡμᾶς
2584 2770 2888 2838 ἄνθρωπος,
2922 2768 3206 2839 ἄνθρωπός
3254 2768 3363 2840 [Ζσ.
3394 2768 3596 2839 παρέλ-

2032 2864 2139 2937 κει]
2174 2881 2232 2916 τε
2261 2863 2355 2917 καὶ
2390 2862 2507 2932 μεθ’
2544 2861 2730 2931 ήμῶν;
2778 2860 2912 2913 Ποία
2941 2859 3005 2930 δὴ
3051 2855 3144 2912 οὖν
3172 2860 3230 2913 ἐν
3263 2860 3491 2921 ἐκείνοις
3514 2857 3599 2923 ἐξ·

2031 2957 2212 3027 ῃτεῖτο
2253 2954 2531 3023 μόρφωσις
2557 2953 2591 3020 ἡ
2623 2951 2759 3020 πρός
2788 2967 2849 3019 γε
2880 2949 3144 3020 Χριστόν;
3173 2949 3205 3020 ἢ
3248 2948 3370 3001 τίνα
3404 2947 3603 3018 τρόπον

2035 3046 2194 3114 ἡμεῖς
2235 3044 2341 3097 ἀπὸ
2385 3043 2540 3114 δόξης
2569 3044 2647 3106 εἰς
2674 3041 2831 3105 δόξαν
2867 3038 3401 3112 μεταμορφούμεθα;
3436 3038 3602 3092 Ποίαν

2035 3135 2264 3204 ἀφέντες
2295 3134 2531 3206 μορφὴν,
2565 3133 2644 3196 εἰς
2684 3132 2805 3184 τίνα
2843 3129 3430 3201 μεταστοιχειούμεθα;
3465 3128 3601 3181 Οὐκ-

2033 3226 2129 3281 οῦν
2156 3225 2453 3280 διδασκέτω
2489 3224 2776 3296 παρελθὼν
2814 3225 2843 3277 6
2875 3224 3017 3287 θεῖος
3052 3224 3198 3294 ἡμᾶς
3226 3219 3598 3291 μυσταγωγὸς,

2032 3320 2062 3372 6
2088 3317 2197 3372 τῶν
2229 3317 2388 3371 θείων
2419 3318 2729 3388 μυπηρῖων
2759 3317 3038 3387 ἰερουργός
3060 3333 3073 3346 η
3107 3317 3136 3369 6
3158 3313 3474 3376 διδάσκαλος
3497 3311 3601 3365 τῶν

2034 3408 2203 3462 ἐθνῶν
2229 3409 2287 3460 ἐν
2307 3408 2487 3462 πίστει
2517 3410 2610 3461 καί
2639 3406 2868 3479 ἀληθείᾳ
2888 3422 2902 3436 ·
2942 3425 2959 3457 ι
2990 3404 3096 3469 Οὓς
3125 3404 3234 3472 γὰρ
3262 3403 3423 3471 ἔγνω,
3444 3400 3596 3471 φησί,

2035 3501 2129 3553 καί.
2160 3498 2431 3572 προώρισε
2467 3500 2819 3569 συμμόρφους
2855 3498 2954 3567 τῆς
2992 3496 3196 3559 εἰκόνος
3222 3494 3315 3549 τοῦ
3347 3492 3479 3547 Υίοῦ
3506 3493 3597 3547 αύο

2031 3590 2147 3651 τοῦ,
2178 3589 2393 3653 τούτους
2439 3591 2534 3643 καὶ
2577 3588 2852 3643 ἐκάλεσεν.
2884 3606 2901 3637 ι
2938 3586 3166 3649 Οὐκοῦν,
3196 3585 3270 3647 ὼς
3318 3584 3457 3655 ἔφην
3506 3585 3601 3655 ἀρ-

2032 3679 2184 3743 τίως,
2210 3678 2344 3733 καθὸ
2375 3680 2595 3747 γέγονεν
2622 3678 2922 3750 ἄνθρωπος,
2955 3678 3048 3732 καί
3076 3673 3143 3747 ἦν
3177 3679 3240 3730 ἐκ
3288 3677 3601 3746 σπέρματος

2047 3770 2315 3842 Ἀϐραὰμ,
2347 3771 2656 3841 σύμμορφοι
2685 3770 2884 3834 πάντες
2907 3769 3073 3840 ἐσμὲν
3102 3768 3249 3839 αύτῷ
3267 3786 3281 3800 ·
3312 3769 3519 3830 πάντας
3537 3765 3601 3835 δὴ

2032 3856 2124 3915 οὖν
2168 3860 2279 3932 [τσ.
2304 3859 2422 3932 οὓς]
2468 3862 2565 3914 καὶ
2608 3861 2857 3930 προέγνω
2901 3860 3027 3923 τοὺς
3069 3860 3160 3912 ἐπὶ
3207 3859 3309 3927 τῆς
3342 3859 3465 3928 γῆς,
3511 3860 3600 3911 καὶ

2033 3952 2338 4023 προώρισεν
2364 3952 2392 4003 6
2432 3952 2639 4022 Πατὴρ,
2674 3950 2898 4015 τούτους
2933 3950 3236 4021 κεκληκὼς,
3270 3950 3464 4021 ἡγίασε
3510 3951 3602 4003 καὶ

2031 4042 2299 4109 ἐδόξασεν.
2317 4041 2479 4094 Ἀλλὰ
2504 4042 2610 4112 μὴν
2636 4042 2733 4112 οὐχ
2756 4042 2995 4105 ἅπαντες
3021 4040 3441 4113 προωρίσθησαν
3461 4058 3476 4072 ·
3502 4040 3597 4109 οὐχ

2033 4134 2269 4196 ἅπαντες
2299 4133 2663 4204 ἡγιάσθησαν,
2698 4134 2730 4204 ἢ
2766 4133 3167 4204 ἐδοξάσθησανο
3201 4132 3302 4186 οὐκ
3349 4132 3455 4200 ἄρα
3504 4131 3602 4198 τῆς

2031 4225 2169 4295 πρὸς
2200 4224 2326 4278 Υἰὸν
2369 4224 2715 4294 συμμορφίας
2760 4223 2822 4277 τδ
2871 4226 3079 4295 χρῆμα,
3117 4224 3256 4277 κατὰ
3314 4223 3485 4292 μόνην
3537 4223 3603 4275 ἂν

2031 4319 2202 4369 νοοῖτο
2231 4314 2326 4384 τὴν
2356 4315 2454 4385 τῆς
2486 4314 2687 4385 σαρκὸς
2717 4314 2898 4383 φύσιν,
2934 4315 3100 4384 ἤγουν
3123 4315 3221 4384 τῆς
3252 4311 3601 4381 άνθρωπότη-

2031 4423 2143 4470 τος,
2174 4405 2308 4459 ἀλλὰ
2357 4406 2452 4459 καὶ
2500 4406 2622 4459 καθ’
2653 4406 2838 4475 ἕτερον
2877 4405 3101 4476 τρόπον’
3154 4405 3248 4457 καὶ
3290 4403 3447 4456 τοῦτο
3472 4404 3605 4472 ἡμῖν

2033 4498 2331 4568 παρίστησι
2355 4498 2527 4566 λέγων
2556 4499 2584 4551 6
2616 4499 2882 4568 μακάριος
2926 4496 3136 4556 Παῦλος
3157 4513 3170 4525 ο
3225 4516 3242 4545 α
3266 4495 3379 4549 Καὶ
3424 4494 3601 4559 καθὼς

2033 4586 2373 4657 ἐφορέσαμεν
2393 4587 2492 4657 τὴν
2514 4585 2698 4639 εἰκόνα
2717 4584 2813 4638 τοῦ
2839 4585 3044 4654 χοϊκοῦ,
3065 4585 3366 4655 φορέσομεν
3393 4585 3487 4637 καί
3507 4584 3603 4653 τήν

2032 4676 2215 4730 εἰκόνα
2260 4675 2355 4729 τοῦ
2390 4677 2735 4747 ἐπουρανίου.
2769 4695 2786 4727 ι
2819 4673 3018 4728 Χοῖκοῦ
3057 4675 3155 4745 μὲν
3182 4675 3358 4740 λέγων
3399 4674 3596 4733 εἰκόνα,

2031 4767 2131 4837 τὴν
2157 4764 2250 4820 τοῦ
2291 4765 2633 4835 προπάτορος
2669 4763 2838 4833 Ἀδάμ
2858 4780 2873 4794 ⁸
2906 4764 3227 4833 ἐπουρανίου
3262 4779 3325 4830 γε
3355 4762 3481 4834 μὴν,
3508 4761 3603 4830 τὴν

2029 4860 2125 4912 τοῦ
2153 4855 2412 4928 Χριστοῦ.
2440 4856 2538 4918 Τίς
2568 4850 2661 4909 οὖν
2690 4854 2880 4926 πρώτη
2911 4854 3005 4908 τοῦ
3036 4854 3378 4924 προπάτορος
3407 4852 3600 4915 εἰκώνς

2031 4949 2092 5002 τὸ
2116 4948 2434 5017 εὐπόριστον
2457 4948 2537 5011 εἰς
2561 4946 2862 5018 ἁμαρτίαν,
2889 4945 2949 4997 τὸ
2969 4944 3074 4997 ὑπὸ
3097 4943 3324 4998 θάνατον
3354 4943 3601 5010 γενέσθαι

2034 5038 2128 5092 καὶ
2154 5037 2379 5109 φθοράν.
2406 5036 2543 5091 Ποία
2560 5036 2617 5090 δὲ
2645 5035 2807 5089 πάλιν
2836 5036 2869 5104 ἡ
2891 5033 2983 5087 τοῦ
3009 5033 3366 5104 ἐπουρανίου;
3395 5034 3455 5085 1:6
3478 5032 3604 5084 κατ’

2033 5129 2225 5184 οὐδένα
2250 5126 2448 5200 τρόπον
2472 5126 2736 5199 ἡττᾶσθαι
2759 5124 2944 5179 παθῶν
2965 5140 2979 5156 ’
3002 5123 3063 5177 τὸ
3104 5123 3180 5195 μὴ
3201 5122 3398 5176 εἰδέναι
3423 5122 3603 5193 πλημ-

404 5312 449 5345 ¹⁶
467 5309 761 5378 Gal.tv,l9.
830 5313 874 5344 ¹⁷
904 5309 944 5364 ll
978 5310 1103 5366 Cor.
1132 5324 1217 5372 Ill,
1247 5310 1333 5369 l7.
1362 5309 1449 5362 l8.
1526 5310 1570 5341 "
1598 5307 1752 5361 Rom.
1781 5324 1897 5374 vm,
1920 5307 2007 5363 29.
2088 5308 2132 5340 ¹⁹
2161 5306 2180 5360 l
2208 5306 2334 5362 Cor.
2369 5320 2459 5368 xv,
2486 5304 2576 5362 49.

1614 5461 1771 5518 ANT.
1813 5461 2084 5517 AGELLII
2123 5460 2352 5519 NOTAE.

430 5597 540 5668 (20)
569 5596 736 5653 Codd.
771 5600 879 5651 fere
902 5598 1070 5653 (ἰπνιιοί
1100 5597 1229 5653 Νονί
1255 5550 1578 5654 Testamenti
1602 5599 1939 5668 habent,it'hv

363 5667 535 5737 αὐτὴν
560 5669 742 5722 εἰκόνα
775 5668 1288 5739 μεταμορφούμεθα,
1319 5684 1425 5739 quo
1451 5668 1608 5724 modo
1641 5668 1802 5724 habet
1830 5667 1930 5721 La-

2046 5598 2155 5651 tina
2203 5595 2602 5666 interpretatio,
2653 5594 2705 5648 iu
2737 5592 2968 5648 canitiem
3024 5590 3303 5660 imaginem
3346 5591 3602 5656 tramfor-

2040 5683 2263 5720 utantur.
