3926 6126
270 287 370 343 129

1375 280 1738 338 ADVERSUS
1775 278 2176 336 NESTORIUM
2219 279 2346 336 LIB.
2387 277 2478 334 111.

3437 269 3539 321 150

272 407 494 479 μελεῖν·
545 404 611 459 τὸ
665 403 739 476 μὴ
785 402 1106 458 ὑποκεῖσθαι
1156 402 1370 473 Θανάτῳ
1418 403 1513 455 καὶ⁵
1558 401 1767 472 φθορᾷ’
1818 404 1847 454 6

1954 400 2049 463 tio.
2089 400 2329 469 iustitia,
2358 410 2412 455 et
2460 398 2546 453 his
2577 396 2754 452 aninia
2801 404 2963 466 atque
3010 395 3229 451 similia.
3266 395 3372 450 Sed
3417 400 3532 450 haec

273 495 565 565 ἁγιασμὸς,
607 496 640 564 ή
665 492 976 563 δικαιοσύνη
1003 508 1017 523 °
1052 492 1147 546 καὶ
1177 493 1278 545 ὅσα
1304 490 1513 554 τούτοις
1541 490 1747 557 ἀδελφά
1787 507 1847 541 τε

270 588 367 641 καὶ
395 585 766 658 παραπλήσια.
785 584 948 648 Ἀλλ’,
975 582 1151 653 οἶμαι,
1167 584 1322 638 ταυτὶ
1345 582 1620 654 πρέποιᾶν
1635 584 1702 651 τῇ
1731 580 1850 650 θεία

271 698 332 734 τε
382 681 476 734 καὶ
506 679 767 749 ἀκηράτῳ
798 674 1192 744 διακεκτῆσθαι
1226 674 1407 743 φύσει.
1446 673 1708 742 Κρεῖττον
1738 672 1849 742 γάρ

271 773 386 825 ἐστι
411 770 504 824 καὶ
533 769 809 840 ἁμαρτίας
838 766 930 820 καὶ
960 765 1189 835 φθορᾶς,
1221 762 1492 833 ἁγιασμὸς
1521 762 1616 814 καὶ
1640 761 1849 814 δικαιο-

273 859 729 932 σύνη.Ἀναφέρει
764 857 822 911 δὲ
871 857 983 909 καὶ.⁸
1014 856 1161 925 ἡμᾶς
1198 856 1257 907 ἐν
1290 852 1500 916 τούτοις
1544 852 1574 903 6
1614 851 1679 903 ἐκ
1712 848 1849 904 Θεοῦ

272 953 483 1024 Πατρὸς
511 951 703 1019 Λόγος,
738 952 836 1020 τῆς
882 948 1033 1011 θείας
1080 945 1277 1001 ἑαυτοῦ
1305 945 1521 1016 φύσεως
1561 945 1852 1007 κοινωνοὺς

271 1043 582 1113 ἀποφαίνων
606 1041 694 1096 διὰ
724 1039 820 1094 τοῦ
854 1038 1164 1110 πνεύματος
1187 1053 1201 1067 ·
1238 1037 1353 1108 εχει
1379 1037 1562 1090 τοίνυν
1590 1035 1852 1104 ἀδελφοὺς

272 1134 515 1195 ἐοικότας
549 1131 722 1202 αὐτῷ,
750 1131 846 1185 καὶ
869 1129 969 1200 τῆς
991 1129 1143 1192 θείας
1172 1127 1339 1182 αὐτοῦ
1379 1127 1597 1197 φύσεως
1624 1124 1852 1197 φοροῦν-

271 1242 367 1287 τας
393 1225 598 1290 εἰκόνα,
631 1222 777 1276 κατὰ
809 1237 875 1290 γε
901 1222 994 1274 τὸν
1025 1220 1121 1273 τοῦ
1154 1207 1415 1289 ἡγιάσθαι
1439 1219 1642 1289 τρόπον
1663 1235 1677 1250 ·
1709 1217 1853 1272 οὕτω

271 1314 379 1384 γὰρ
425 1316 485 1366 ὲν
534 1314 667 1383 ἡμῖν
708 1309 1012 1382 μορφοῦται
1045 1310 1276 1381 Χριστὸς
1321 1307 1850 1380 μεταστοιχειοῦντος

271 1406 458 1476 ὥσπερ
499 1406 648 1476 ἡμᾶς
680 1402 773 1457 τοῦ
802 1401 961 1470 ἁγίου
993 1400 1307 1470 Πνεύματος
1334 1402 1398 1453 ἐκ
1436 1399 1545 1452 τῶν
1573 1397 1851 1468 ἀνθρωπί-

272 1513 378 1548 νων
407 1498 490 1558 είς
514 1495 584 1550 τὰ
609 1493 804 1548 αὐτοῦ.
837 1492 1019 1563 Ταύτῃ
1044 1509 1125 1545 τοι
1153 1493 1246 1545 καὶ
1274 1491 1410 1562 πρὸς
1436 1491 1582 1561 ἡμᾶς
1618 1490 1647 1541 6
1676 1488 1853 1559 μακά-

278 1602 392 1657 ριος
429 1584 533 1655 ἐφη
568 1583 780 1647 Παῦλος
804 1601 819 1614 ·
876 1601 895 1634 ι
917 1583 1105 1653 Ὑμεῖς
1128 1582 1207 1648 δὲ,
1241 1582 1343 1635 οὐκ
1385 1581 1510 1634 ἐστὲ
1557 1582 1617 1632 ἐν
1667 1579 1851 1649 σαρκὶ,

276 1677 392 1731 ἀλλ’
423 1678 481 1729 ὲν
534 1675 819 1745 πνεύματι.
852 1693 872 1725 ι
911 1671 1122 1728 Οὐκοῦν
1176 1671 1460 1743 μεθίστησι
1507 1671 1606 1741 μὲν
1652 1673 1681 1724 6
1725 1670 1855 1733 Υίὸς

1952 502 2068 541 mea
2100 487 2370 541 sententia
2403 486 2703 554 possidere,
2745 485 2939 538 divinae
2969 485 3220 538 convenit
3252 482 3532 537 immorta-

1950 578 2095 644 lique
2132 586 2336 630 naturm
2380 592 2396 628 :
2438 585 2521 630 est
2542 576 2687 629 enim
2725 574 2812 628 illa
2867 583 3088 643 peccato
3134 585 3298 639 atque
3340 586 3533 625 corru-

1950 670 2133 736 ptione
2155 669 2424 738 superior,
2449 666 2808 723 sanctificatio
2834 668 2960 720 item
2986 675 3037 719 et
3054 665 3286 732 justitia.
3311 664 3390 716 Ad
3417 664 3532 717 hac

1950 770 2132 812 autem
2197 764 2296 814 nos
2362 759 2468 829 72
2522 759 2686 813 etiam
2729 756 2928 810 attollit
2992 757 3165 823 ipsum
3218 753 3311 808 Dei
3360 754 3535 808 Patris

1953 847 2207 912 Verbum,
2234 851 2361 902 dum
2392 865 2502 904 sua:
2532 839 2727 902 divinat
2766 859 2970 901 naturae
2998 863 3094 916 per
3119 846 3366 914 spiritum
3404 860 3532 915 par-

1954 939 2150 1008 ticipes
2187 938 2352 993 eﬂlcit
2389 957 2402 992 :
2451 940 2612 993 habet
2644 952 2774 1009 ergo
2817 938 3014 992 fratres
3056 937 3157 991 sibi
3204 936 3431 1001 similes,
3477 944 3534 990 et

1949 1030 2144 1087 divinze
2187 1046 2301 1087 sua:
2348 1041 2552 1086 naturae
2596 1041 2879 1102 portantes
2924 1031 3234 1100 imaginem,
3287 1030 3429 1098 quod
3465 1030 3531 1081 ad

1949 1123 2397 1178 sanctificatimiis
2428 1124 2642 1177 modum
2663 1124 2879 1177 attinet.
2912 1120 3003 1176 Sic
3030 1136 3258 1189 namque
3287 1121 3535 1175 Christus

1951 1216 2218 1270 formatur
2248 1216 2300 1270 in
2334 1216 2488 1269 nobis
2517 1217 2645 1269 dum
2681 1214 2919 1283 Spiritus
2955 1222 3177 1267 sanctus
3208 1227 3306 1267 nos
3337 1213 3404 1266 ab
3430 1213 3499 1266 hu
3520 1241 3534 1252 -

1951 1307 2126 1361 manis
2172 1306 2239 1360 ad
2288 1321 2384 1360 sua
2428 1307 2646 1376 propria
2697 1303 3093 1374 quodammodo
3161 1303 3529 1358 transformat.

1952 1395 2065 1452 Hac
2088 1397 2299 1451 ratione
2326 1412 2421 1451 nos
2451 1412 2666 1465 quoque
2691 1398 2881 1450 beatus
2902 1394 3102 1449 Paulus
3119 1404 3202 1449 est
3229 1394 3491 1448 allocutus
3514 1408 3529 1446 :

1958 1507 1977 1540 ι
2014 1487 2124 1543 Vos
2153 1500 2332 1542 autem
2366 1504 2469 1542 non
2493 1489 2628 1542 estis
2657 1488 2709 1542 in
2740 1502 2923 1549 carne,
2968 1487 3061 1541 sed
3094 1487 3144 1540 in
3177 1487 3367 1553 spiritu
3403 1486 3468 1539 “.
3508 1503 3528 1536 ι

1950 1577 2096 1634 Nihil
2128 1595 2257 1649 ergo
2281 1594 2505 1647 prorsus
2526 1594 2557 1634 e
2581 1581 2783 1635 creatis
2807 1579 2970 1634 rebus
2998 1580 3062 1632 ad
3094 1594 3205 1631 suae
3235 1579 3532 1632 divinitatis

1954 1679 2201 1724 naturam
2240 1669 2410 1724 Filius
2442 1669 2722 1734 transfert,
2759 1670 2809 1723 id
2853 1670 2997 1722 enim
3032 1678 3115 1723 est
3162 1669 3529 1733 impossibile;

275 1766 428 1820 οὐδὲν
458 1765 778 1836 τοπαράπαν
807 1762 917 1816 τῶν
940 1762 1325 1832 πεποιημένων
1356 1763 1436 1824 είς
1466 1760 1564 1831 τὴν
1590 1760 1688 1830 τῆς
1718 1759 1851 1823 ἰδίας

1955 1757 2046 1813 sed
2081 1758 2408 1828 imprimitur
2441 1758 2835 1826 quodammodo
2868 1758 2920 1809 in
2960 1757 3042 1810 bis
3074 1758 3165 1826 qui
3195 1758 3386 1810 divina:
3416 1758 3532 1826 ejus

275 1855 527 1928 θεότητος
549 1856 711 1924 φύσιν
731 1874 744 1886 ·
770 1856 1053 1926 ἀμήχανον
1074 1853 1182 1924 γάρ
1202 1868 1218 1884 ⁸
1241 1852 1624 1922 ἐνσημαίνεται
1652 1851 1712 1904 δέ
1735 1867 1852 1913 πως

271 1950 383 2011 τοῖς
416 1947 514 2018 τῆς
543 1945 692 2011 θείας
719 1946 935 2016 φύσεως
963 1944 1129 1999 αὑτοῦ
1158 1943 1405 2012 γεγονόσι
1431 1943 1729 2004 κοινωνοῖς,
1763 1937 1853 1993 διὰ

271 2037 368 2092 τοῦ
400 2041 687 2110 μετασχεῖν
717 2038 875 2106 ἁγίου
902 2036 1241 2105 Πνεύματος,
1270 2037 1303 2105 ἡ
1334 2033 1467 2104 πρὸς
1491 2033 1652 2086 αὑτὸν
1683 2031 1852 2102 ὲμφέ-

276 2147 400 2199 ρεια
419 2129 607 2201 νοητὴ,
626 2130 722 2182 καὶ
742 2129 804 2181 τὸ
829 2129 926 2198 τῆς
947 2128 1187 2198 ἁρῤήτου
1218 2124 1468 2195 θεότητος
1495 2124 1710 2188 κάλλος,
1730 2125 1854 2186 ταῖς

272 2219 386 2273 τῶν
434 2220 606 2288 ἁγίων
659 2217 1023 2288 ἑναστράπτει
1068 2216 1298 2286 ψυχαῖς·
1353 2213 1404 2266 τί
1455 2214 1630 2266 τοίνυν
1676 2215 1809 2283 ἡμῖν
1833 2255 1848 2279 ,

271 2313 488 2382 γυμνήν
512 2327 570 2363 τε
598 2309 688 2363 καὶ
721 2307 892 2380 μόνην
922 2307 1021 2376 τῆς
1051 2305 1251 2377 σαρκὸς
1273 2304 1371 2376 τὴν
1399 2304 1696 2374 ἐμφέρειαν
1721 2305 1855 2355 ἀπο-

272 2404 475 2474 νέμων.
503 2402 603 2455 ούκ
630 2399 906 2471 ἐρυθριᾷς,
934 2397 1035 2468 τῆς
1077 2395 1226 2458 θείας
1264 2411 1327 2448 τε
1372 2394 1466 2447 καὶ
1494 2393 1690 2463 νοητῆς
1719 2409 1852 2463 μορ-

272 2493 501 2559 φὼσεως
529 2484 947 2558 κατημεληκὼς,
982 2484 1182 2554 μᾶλλον
1216 2483 1273 2536 δὲ
1300 2484 1394 2535 καὶ
1425 2482 1660 2534 είσάπαν
1682 2482 1852 2551 αὐτὴν

271 2580 539 2650 ἁναιρῶνς
582 2578 721 2630 Ἀλλ’
756 2579 784 2630 6
818 2575 915 2645 μὲν
943 2575 1051 2627 τῶν
1075 2573 1214 2627 ὅλων
1242 2573 1448 2644 Κύριος
1474 2573 1569 2626 καὶ
1597 2572 1729 2635 Θεὸς
1760 2590 1854 2642 μο-

271 2668 520 2739 νογενὴς,
562 2667 800 2736 καθῆκεν
846 2665 1035 2718 ἑαυτὸν
1082 2664 1162 2726 είς
1209 2662 1438 2715 κένωσιν
1481 2662 1548 2714 δι’
1576 2663 1740 2732 ἡμᾶς,
1771 2663 1854 2716 ἵνα

268 2762 409 2830 ἡμῖν
430 2758 722 2827 χαρίσηται
743 2756 841 2826 τῆς
865 2755 1002 2825 πρὸς
1023 2753 1189 2807 αὐτὸν
1214 2752 1573 2824 ἀδελφότητος
1596 2752 1656 2805 τὸ
1690 2753 1853 2818 ἀξίω-

273 2868 377 2920 μα,
413 2849 509 2902 καὶ
543 2847 645 2918 τῆς
676 2847 902 2916 ὲνούσης
943 2843 1091 2914 αύτῷ
1136 2844 1415 2912 εὐγενείας
1444 2845 1506 2898 τὸ
1534 2843 1853 2916 ἀξιέραστον

271 2941 503 3004 κάλλοςο
545 2941 574 2992 6
600 2940 656 2993 δὲ
692 2938 945 2993 ἁπάντων
975 2938 1122 3006 ἡμᾶς
1144 2935 1252 2988 τῶν
1285 2935 1582 2991 καλλίστων
1623 2938 1854 2991 ἀποστε-

271 3032 406 3104 ρῶν,
429 3030 717 3101 ἄνθρωπον
739 3030 869 3099 ἡμῖν
892 3026 1077 3089 ἁπλῶς
1096 3024 1323 3094 ἀδελφὸν
1344 3025 1672 3096 γεγενῆσθαί
1695 3043 1847 3096 φησι,

267 3090 364 3178 καὶ
394 3090 587 3176 πιστὸν
631 3120 708 3183 ὡς
752 3090 945 3183 οίεται,
973 3118 1064 3170 τὸν
1107 3115 1164 3169 ἐν
1208 3090 1272 3184 γε
1304 3090 1514 3179 τούτοις
1533 3090 1679 3186 ⁷ἡμῖν
1707 3090 1851 3169 erro;
1878 3090 1920 3147 δ

268 3216 455 3283 φαίνει
481 3213 643 3280 λόγον
666 3210 975 3282 προστιθείς
995 3226 1008 3240 ⁸
1033 3210 1231 3263 Σκόπει
1250 3209 1346 3263 καλ⁸
1367 3209 1427 3261 τὸ
1451 3208 1662 3272 τούτοις
1691 3209 1853 3273 εὐθὺς

267 3304 700 3374 συναπτόμενον,
757 3303 906 3355 ι’Ίνα
943 3302 1192 3371 ἐλεήμων
1244 3300 1466 3370 γένηται
1513 3301 1608 3354 καὶ
1663 3300 1855 3363 πιστὸς

277 3396 599 3467 Ἀρχιερεὺς
640 3392 710 3446 τὰ
751 3393 888 3463 πρὸς
918 3393 1008 3444 τὸν
1041 3392 1204 3446 Θεόνο
1250 3393 1309 3443 ὲν
1342 3385 1388 3458 ᾧ
1429 3392 1539 3463 γὰρ
1586 3391 1855 3444 πέπονθεν

264 3490 434 3552 αὐτὸς
457 3485 796 3558 πειρασθείς,
830 3484 1054 3539 δύναται
1077 3487 1189 3548 τοῖς
1218 3482 1631 3555 πειραζομένοις
1656 3483 1853 3554 βοηθῆ-

266 3598 383 3635 σαι.
417 3598 437 3631 ι
475 3578 685 3634 Οὐκοῦν
705 3579 734 3630 6
760 3577 945 3630 παθὼν
978 3575 1270 3647 ἀρχιερεὺς
1304 3575 1581 3646 ὲλεήμωψ
1609 3574 1851 3645 παθητὸς

262 3673 323 3726 δὲ
355 3675 386 3727 6
417 3670 567 3735 ναὸς,
597 3670 696 3739 οὐχ
732 3669 760 3721 6
793 3669 1054 3732 ζωοποιὸς
1082 3666 1175 3720 τοῦ
1209 3666 1538 3730 πεπονθότος
1563 3665 1850 3730 Θεός.”οτι

268 3765 373 3833 μὲν
400 3761 494 3819 οὖν
518 3757 621 3818 ὧδέ
647 3781 705 3817 τε
740 3765 957 3835 φρονεῖν
983 3763 1279 3835 ᾑρημένος,
1301 3764 1396 3816 καὶ
1423 3763 1528 3834 μὴν
1554 3764 1650 3817 καὶ
1674 3763 1852 3830 λέγειν

266 3856 619 3925 ἀποτολμῶν,
652 3853 1024 3922 ἀποδιῒστησιν
1075 3853 1235 3906 πάλιν
1284 3853 1362 3915 είς
1420 3869 1477 3905 τε
1528 3853 1854 3916 ὑποστάσεις

269 3945 476 4009 ίδικὰς,
507 3946 602 3998 καὶ
634 3947 738 4015 μὴν
779 3946 873 3998 καὶ
914 3943 1179 4014 πρόσωπα
1227 3942 1339 4005 δύο,
1372 3944 1465 3994 τόν
1510 3958 1569 3994 τε
1613 3943 1677 3994 ὲκ
1721 3942 1852 3996 Θεοῦ

271 4037 496 4107 [ἰατρὸς
523 4036 711 4102 Λόγον,
744 4037 837 4089 καὶ
858 4036 916 4088 ὃν
934 4037 1063 4104 ἡμίν
1089 4034 1249 4096 αὐτὸς
1278 4033 1480 4101 ἀρτίως
1501 4031 1576 4095 ὡς
1603 4032 1865 4103 θεοφόρον,

265 4127 629 4197 εἰσκεκόμικε
654 4125 959 4196 ἄνθρωπον,
983 4125 1141 4195 εἴπερ
1165 4124 1316 4177 ἐστὶν
1339 4123 1521 4194 ἕτερός
1551 4141 1608 4177 τε
1638 4125 1731 4177 καὶ
1750 4125 1854 4178 δινὰ

268 4220 446 4290 μέρος
478 4220 507 4271 6
546 4216 758 4281 παθὼν,
791 4218 886 4270 καὶ
921 4216 1108 4285 ἕτερος
1150 4217 1180 4268 6
1231 4214 1508 4279 ξωοποιὸς,
1553 4215 1852 4269 ὲνδοιάσειν

266 4305 429 4379 οἶμαι
478 4306 761 4370 παντελῶς
792 4304 1002 4358 οὐδένα.
1037 4304 1342 4375 Παραπαίει
1381 4305 1437 4358 δὲ
1482 4306 1574 4358 καὶ
1625 4306 1849 4375 ἑτέρως,

1959 1857 2164 1902 naturae
2195 1857 2323 1903 sunt
2357 1848 2480 1902 facti
2519 1848 2809 1915 participes
2836 1847 2902 1911 “,
2938 1848 3065 1900 dmn
3095 1846 3327 1916 Spiritus
3357 1849 3529 1901 sancti

1955 1947 2240 1992 consortes
2293 1938 2450 2000 fiunt,
2504 1938 2594 1991 illa
2626 1938 2886 2006 spiritalis
2933 1938 3047 2004 ejus
3100 1939 3419 2005 similitudo,
3478 1949 3532 1993 et

1955 2027 2242 2083 inell‘abilis
2264 2028 2351 2083 illa
2383 2029 2689 2083 divinitatis
2717 2031 2922 2097 Species
2956 2030 3008 2083 in
3045 2042 3355 2085 sanctorum
3392 2033 3534 2085 viro-

1956 2133 2073 2172 rum
2104 2120 2299 2173 animis
2321 2118 2505 2189 fulget.
2534 2119 2643 2173 Cur
2677 2120 2839 2187 igitur
2870 2122 3065 2173 nudam
3101 2121 3258 2175 nobis
3279 2137 3340 2175 ac
3363 2122 3531 2176 solam

1954 2209 2132 2263 carnis
2167 2209 2578 2264 similitudinem
2613 2211 2850 2264 tribuere
2896 2225 3000 2264 non
3032 2212 3326 2275 erubescis,
3354 2214 3532 2266 divina

1955 2314 2018 2354 ac
2062 2300 2289 2370 spiritali
2331 2301 2655 2371 eﬂigiatione
2717 2304 2983 2371 neglecta,
3048 2307 3155 2359 imo
3204 2322 3329 2360 vero
3369 2308 3531 2361 etiam

1953 2393 2176 2447 omnino
2223 2392 2472 2447 sublata?
2523 2396 2698 2463 Atque
2747 2396 2835 2449 ille
2890 2398 3105 2464 quidem
3159 2398 3532 2453 universorum

1954 2482 2216 2537 Dominus
2261 2491 2315 2537 et
2357 2481 2501 2538 Deus
2548 2486 2883 2554 unigenitus,
2928 2489 3276 2556 semetipsum
3320 2500 3538 2559 propter

1956 2589 2052 2628 nos
2084 2576 2150 2628 ad
2183 2576 2606 2629 exinaltitionem
2637 2577 2873 2639 demisit,
2901 2586 2958 2629 ut
2995 2579 3150 2631 nobis
3176 2578 3536 2636 fraternitatis

1953 2681 2067 2721 sua:
2106 2667 2448 2737 dignitatem,
2484 2676 2539 2721 et
2584 2667 2760 2721 insita:
2805 2670 2905 2722 sibi
2949 2670 3247 2724 nobilitatis
3275 2683 3537 2740 exoptan-

1955 2759 2075 2813 dam
2114 2757 2569 2827 pulchritudinem
2612 2758 2902 2828 largiretur
2939 2776 2953 2812 :
2994 2760 3081 2813 hic
3128 2775 3258 2813 vero
3285 2763 3537 2816 erunibus

1954 2866 2053 2905 nos
2085 2852 2247 2904 rebus
2290 2851 2724 2919 prarclarissimis
2765 2850 3021 2919 spolians,
3069 2852 3342 2906 hominem
3386 2855 3537 2907 nobis

1954 2941 2253 3009 simplicem
2288 2939 2484 2994 factum
2508 2956 2629 2995 esse
2658 2939 2882 2994 fratrem
2911 2941 3066 3007 dicit,
3094 2951 3147 2993 et
3168 2942 3269 2995 fide
3299 2944 3534 3011 dignam,

1956 3041 2013 3085 ιιι
2061 3033 2175 3099 ipse
2216 3039 2387 3098 putat,
2437 3031 2521 3085 bis
2557 3032 2622 3084 de
2678 3032 2837 3085 rebus
2892 3032 3156 3085 rationem
3204 3035 3533 3101 pronuntiat,

1953 3122 2154 3175 addens
2190 3140 2203 3176 :
2240 3120 2376 3177 Vide
2401 3123 2564 3176 etiam
2591 3123 2732 3190 quod
2759 3122 2902 3176 illico
2932 3124 3015 3177 bis
3052 3123 3382 3193 adiungitur,
3410 3144 3428 3177 ι
3458 3126 3527 3181 Ut

1954 3213 2260 3267 misericors
2289 3213 2443 3267 fieret
2467 3224 2523 3267 et
2555 3214 2728 3269 fidelis
2752 3213 2997 3269 P0ntifex
3035 3219 3101 3269 ad
3139 3216 3304 3270 Demn
3344 3234 3357 3270 :
3393 3217 3445 3271 in
3471 3234 3536 3271 eo

1953 3302 2095 3356 enim
2137 3305 2191 3357 in
2237 3320 2343 3371 quo
2393 3320 2582 3373 passus
2615 3315 2699 3360 est
2746 3307 2859 3376 ipse
2907 3317 3165 3371 tentatus,
3220 3319 3408 3375 potens
3454 3321 3537 3363 est

1953 3405 2008 3448 et
2025 3394 2103 3448 eis
2121 3396 2214 3463 qui
2235 3405 2533 3461 tentantur,
2562 3399 2812 3452 auxiliari
2839 3400 2902 3452 ³².
2933 3418 2951 3450 ι
2981 3398 3120 3469 Ergo
3152 3401 3196 3453 is
3223 3402 3314 3468 qui
3345 3416 3535 3469 passus

1952 3497 2055 3550 est,
2109 3486 2359 3542 Pontifex
2407 3500 2489 3543 est
2539 3489 2627 3543 ille
2677 3491 2986 3544 misericors
3035 3491 3304 3557 :patibile
3356 3501 3532 3543 autem

1954 3578 2129 3646 ipsmn
2168 3577 2421 3646 templum
2475 3590 2581 3645 est,
2634 3594 2737 3634 non
2787 3579 2928 3634 Deus
2975 3582 3064 3649 qui
3117 3582 3429 3636 t'iviIiCubat
3482 3583 3533 3635 i.l

1953 3670 2095 3736 quod
2132 3669 2457 3737 patiebatur.
2496 3669 2665 3739 Igitur
2696 3673 2780 3725 cui
2814 3672 2893 3725 sic
2927 3673 3129 3726 sentire
3169 3672 3334 3726 libeat
3375 3685 3535 3742 atque

1954 3760 2114 3813 etiam
2144 3761 2322 3815 dicere
2347 3760 2563 3826 audeat,
2594 3762 2723 3830 quin
2764 3777 2951 3817 rursus
2978 3764 3028 3817 in
3059 3764 3375 3833 hypostases
3409 3780 3535 3834 pru-

1953 3852 2118 3918 prias,
2156 3861 2319 3920 atque
2348 3853 2588 3906 etiamin
2615 3853 2748 3907 duas
2782 3869 3041 3921 personas
3073 3857 3277 3909 dividat
3311 3856 3435 3911 illud
3466 3872 3534 3911 ex

1955 3941 2063 3998 Deo
2098 3942 2256 3997 Patre
2290 3944 2550 4009 Verbum,
2582 3955 2635 3997 et
2680 3945 2827 3997 illunt
2856 3961 3016 4013 qttcm
3062 3947 3216 4000 nobis
3246 3948 3443 4000 dudum
3479 3959 3535 3999 ut

1955 4032 2214 4087 deifermn
2244 4033 2517 4108 hominem
2560 4034 2764 4087 induxit
2814 4035 3116 4105 (siquidem
3165 4038 3411 4091 diversus
3453 4047 3535 4091 est

1956 4133 2010 4177 et
2040 4123 2320 4192 sejunctas
2353 4123 2400 4177 is
2443 4125 2533 4192 qui
2580 4139 2772 4192 passus
2793 4132 2895 4187 est,
2927 4125 2994 4178 ab
3018 4140 3083 4178 eo
3113 4127 3201 4193 qui
3238 4126 3531 4198 vivificat),

1955 4215 2043 4283 qui
2079 4215 2315 4284 ambigat
2347 4215 2618 4268 neminem
2657 4231 2878 4284 prorsus
2910 4216 3025 4270 fore
3054 4216 3309 4271 arbitror.
3346 4217 3449 4272 Sed
3480 4232 3534 4274 et

1954 4307 2057 4359 alia
2098 4321 2312 4376 quoque
2344 4309 2553 4361 ratione
2595 4309 2813 4369 insanit,
2858 4310 3049 4362 hausto
3077 4324 3143 4363 ex
3174 4311 3324 4364 vinea
3363 4311 3534 4364 Sudo-

266 4399 366 4452 τὸν
400 4395 458 4461 ἐξ
482 4397 728 4468 ἀμπέλου
759 4395 1013 4466 Σοδόμων
1040 4390 1179 4448 οἶνον
1221 4393 1579 4460 ἐκπεπωκὼς,
1609 4397 1705 4449 καὶ
1750 4413 1850 4450 κα-

1956 4413 2165 4450 morum
2198 4398 2341 4461 vino,
2373 4409 2428 4452 et
2475 4399 2683 4453 erroris
2726 4400 2991 4454 ebrietate
3039 4403 3279 4464 mmiens,
3321 4417 3384 4456 ac
3421 4404 3532 4456 for-

267 4490 562 4560 ταμεθύων
698 4490 897 4563 πλάνῃ,
931 4490 1027 4543 καὶ
1058 4489 1198 4560 τάχα
1229 4506 1332 4541 που
1364 4488 1496 4559 μηδὲ
1528 4488 1685 4551 εἰδὼς
1709 4488 1737 4541 ὃ
1766 4489 1841 4541 λέ-

264 4597 360 4648 γει
384 4596 399 4610 ’
435 4578 539 4631 ποῦ
562 4582 666 4652 γὰρ
694 4580 1012 4651 ὠνόμασται
1040 4582 1168 4645 Θεὸς
1198 4579 1292 4632 τοῦ
1322 4579 1579 4649 Χριστοῦ,
1613 4579 1856 4632 καταπέ-

264 4687 453 4743 φρικα
481 4669 539 4722 δὲ
563 4670 752 4739 λέγων,
783 4674 811 4724 ὁ
842 4674 907 4724 ἐκ
947 4670 1084 4724 Θεοῦ
1118 4672 1330 4741 Πατρὸς
1363 4671 1571 4738 Λόγος;
1621 4664 1715 4729 Εἷς
1740 4668 1850 4740 γὰρ

264 4763 485 4833 Κύριος
518 4760 719 4831 Ἰησοῦς
745 4763 1004 4833 Χριστὸς,
1029 4762 1122 4815 καὶ
1153 4763 1252 4832 μία
1279 4762 1510 4831 πίστιςή
1540 4763 1619 4824 είς
1646 4761 1810 4814 αὐτόν
1830 4778 1844 4792 ⁸

257 4852 364 4922 οὐχ
390 4851 471 4912 ὡς
501 4850 580 4912 είς
603 4848 693 4902 δύο
720 4852 812 4903 καὶ
834 4850 938 4902 ἀνὰ
962 4850 1146 4920 μέρος,
1173 4850 1286 4904 ἀλλ’
1313 4850 1389 4913 ὡς
1411 4850 1479 4903 δι’
1502 4850 1621 4914 ἐνὸς
1658 4850 1850 4920 βαπτί-

263 4958 505 5014 σματος,
540 4941 620 5003 είς
652 4939 780 4993 Υίὸν
825 4940 920 4993 ἕνα
968 4942 1062 4994 καὶ
1111 4941 1242 4994 Θεὸν
1289 4943 1385 4993 καὶ
1416 4941 1619 5012 Κύριον
1663 4941 1754 4994 τὸν
1785 4943 1849 4994 ὲκ

258 5033 405 5087 Θεοῦ
460 5030 673 5101 Πατρὸς
719 5031 912 5098 Λόγον,
943 5032 1037 5085 καὶ
1065 5033 1153 5085 ὅτε
1184 5033 1403 5100 γέγονεν
1436 5032 1720 5103 ἄνθρωπος
1739 5048 1751 5060 ’
1786 5033 1847 5085 ού

259 5127 372 5199 γὰρ
420 5126 507 5179 ὅτι
551 5125 741 5192 γέγονε
785 5123 907 5176 καθ’
934 5125 1101 5194 ἡμᾶς,
1132 5125 1193 5176 τὸ
1240 5119 1380 5177 εἶναι
1422 5123 1554 5187 Θεὸς
1595 5123 1849 5176 ἀπολέσει

260 5217 433 5271 ποθέν
455 5231 468 5245 ·
503 5215 626 5270 οὔτε
659 5216 766 5287 μὴν
795 5216 877 5268 ὅτι
901 5215 1032 5278 Θεὸς
1078 5215 1218 5268 κατὰ
1259 5215 1422 5283 φύσιν
1454 5215 1622 5277 ἐστὶν,
1655 5214 1851 5284 ὁμοίω-

264 5327 347 5360 σιν
384 5307 767 5378 ἀπαράδεκτον
804 5305 936 5376 ἔχει,
972 5306 1066 5357 καὶ
1116 5307 1176 5358 τὸ
1226 5305 1510 5375 ἄνθρωπος
1542 5299 1681 5356 εἶναι
1713 5321 1853 5375 παρ-

260 5401 592 5469 αιτήσεται·
659 5398 938 5468 μεμένηκε
986 5397 1081 5460 δὲ,
1129 5396 1317 5467 ὥσπερ
1366 5398 1422 5448 ὲν
1475 5395 1852 5467 ἁνθρωπότητι

260 5493 419 5556 Θεὸς,
453 5489 596 5547 οὕτω
619 5488 708 5540 καὶ
737 5490 794 5540 ὲν
826 5487 986 5555 φύσει
1015 5504 1074 5538 τε
1101 5488 1195 5539 καὶ
1224 5488 1463 5558 ὑπεροχῇ
1485 5485 1735 5557 θεότητος
1756 5485 1851 5551 ὢν,

1956 4499 2101 4544 tasse
2144 4490 2272 4544 illud
2324 4491 2497 4560 ipsum
2540 4492 2681 4559 quod
2731 4490 2863 4545 dicit
2914 4491 3177 4544 nesciens.
3236 4491 3336 4545 Ubi
3385 4494 3529 4545 enim

1954 4596 2190 4648 unquam
2227 4580 2433 4635 dictum
2465 4592 2567 4643 est,
2599 4580 2738 4635 Deus
2764 4581 2961 4634 Christi
2991 4580 3220 4650 (horreo
3254 4580 3528 4650 referens)

1952 4670 2127 4738 ipsmn
2165 4670 2255 4724 Dei
2288 4669 2461 4724 Patris
2485 4670 2762 4725 Verbum?
2796 4668 2947 4724 Unus
2976 4683 3059 4725 est
3090 4672 3235 4724 enim
3271 4671 3528 4728 Dominus

1949 4759 2107 4816 Jesus
2134 4760 2403 4826 Christus,
2439 4771 2493 4815 et
2523 4778 2626 4814 una
2657 4771 2737 4815 est
2769 4762 2820 4815 in
2855 4778 2975 4815 eum
3016 4763 3146 4816 fides
3175 4762 3242 4826 ",
3270 4778 3373 4818 non
3406 4775 3525 4818 tan-

1955 4868 2114 4920 quam
2149 4852 2201 4905 in
2230 4853 2365 4907 duos
2393 4868 2455 4905 ac
2495 4866 2743 4918 seorsnu,
2781 4854 2875 4908 sed
2925 4864 3178 4923 tanquam
3222 4871 3317 4924 per
3361 4873 3525 4909 unum

1955 4942 2278 5008 baptismum
2324 4942 2376 4995 in
2422 4941 2527 5011 73
2565 4959 2727 4996 unum
2776 4943 2968 4997 Filium
3021 4956 3076 4999 et
3123 4947 3286 4999 Deum
3326 4958 3380 5000 et
3428 4949 3529 5001 Do-

1958 5034 2184 5095 minum,
2232 5034 2404 5100 ipsum
2452 5049 2516 5087 ex
2567 5034 2674 5088 Deo
2719 5033 2879 5087 Patre
2928 5036 3194 5099 Verbum,
3244 5046 3351 5089 tum
3393 5052 3526 5104 quo-

1956 5139 2059 5192 que
2096 5139 2217 5178 cum
2263 5125 2463 5180 factum
2510 5137 2593 5181 est
2630 5129 2789 5179 homo
2822 5145 2835 5178 :
2871 5143 3045 5197 neque
3086 5129 3229 5181 enim
3271 5128 3396 5195 quia
3441 5145 3529 5182 no-

1957 5215 2051 5268 stri
2098 5216 2290 5270 similis
2345 5216 2517 5271 factus
2558 5227 2677 5280 est,
2733 5217 2945 5270 amittet
2996 5208 3102 5271 ullo
3165 5218 3321 5270 modo
3385 5222 3525 5289 quod

1958 5304 2098 5357 Deus
2144 5317 2280 5370 erat,
2331 5322 2503 5375 neque
2540 5323 2603 5361 ex
2637 5324 2701 5361 eo
2749 5310 2888 5373 quod
2922 5308 3061 5360 Deus
3107 5319 3187 5360 est
3233 5312 3526 5365 secundum

1962 5409 2207 5450 naturam
2262 5400 2665 5453 similitudinem
2717 5398 2862 5449 nullo
2912 5398 3069 5453 modo
3110 5400 3354 5467 suscipit,
3390 5412 3444 5454 et
3476 5413 3533 5454 ut

1965 5489 2125 5543 homo
2176 5490 2244 5542 sit
2300 5487 2562 5556 refugiet;
2618 5488 2710 5541 sed
2771 5496 2827 5537 ut
2884 5487 2933 5541 in
2990 5489 3327 5545 humanitate
3395 5490 3536 5547 Deus

339 5673 384 5703 '°
422 5670 577 5723 Rom.
608 5685 724 5733 vni,
753 5672 833 5739 9.,
885 5669 927 5697 ἰ
968 5664 1009 5718 ll
1044 5664 1199 5720 Pctr.
1228 5681 1264 5729 ι,
1293 5664 1346 5718 4.
1423 5667 1466 5696 ¹¹
1504 5666 1664 5721 llcbr.
1698 5682 1755 5734 ll,
1786 5666 1867 5729 l7,
1902 5667 1979 5719 l8.
2060 5666 2102 5696 ’³
2133 5664 2331 5727 pres.
2364 5678 2433 5724 ιν,
2469 5663 2522 5719 5.
