3926 6126
351 273 446 330 £31

1388 276 1444 332 S.
1486 271 1759 331 CYRlLLI
1798 270 2269 328 ALEXANDRINI
2307 269 2631 329 ARCHlEP.

3504 267 3607 323 £32

352 400 570 465 mansit,
591 399 672 455 sic
700 398 751 453 in
772 408 959 453 natura
982 412 1197 467 quoque
1222 410 1273 453 et
1300 398 1611 468 praestantia
1638 395 1933 451 divinitatis

2041 394 2315 465 Ξνθρωπος
2344 395 2497 448 οὐδὲν
2520 387 2682 466 ἧττόν
2708 392 3085 463 ἐστιν.”Λμφω
3104 391 3169 463 δὴ
3189 385 3283 444 οὖν
3310 391 3369 444 ὲν
3400 389 3601 458 ταύτῷ.

355 490 524 545 nihilo
555 491 733 544 minus
766 498 849 544 est
881 488 1394 557 homo.'Utrumque
1436 489 1599 559 igitur
1626 488 1678 541 iu
1716 488 1931 550 eodem,

355 591 406 632 et
449 596 587 633 unus
615 580 864 648 idemque
886 578 1031 634 Deus
1065 590 1117 634 et
1150 582 1310 634 homo
1347 589 1430 633 est
1469 578 1799 634 Emmanuel.
1831 575 1935 631 Sed

358 670 461 724 iste
491 672 662 724 bonus
684 672 785 737 vir,
818 670 1015 737 reiecto
1044 671 1463 740 dispensationis
1493 671 1652 723 modo
1679 678 1935 736 tanquam

356 778 546 830 parum
584 763 827 830 pulchro,
863 766 1040 814 aufert
1074 777 1102 814 a
1151 763 1258 816 Deo
1302 760 1472 815 Verbo
1509 754 1630 830 qua:
1670 770 1794 814 sunt
1839 759 1937 812 hu-

357 868 539 914 mana,
576 861 631 904 ut
659 852 769 917 jam
798 851 939 903 nulla
965 867 1029 905 ex
1054 860 1209 920 parte
1239 852 1402 905 rebus
1434 851 1632 905 nostris
1656 850 1935 903 utilitatem

357 944 586 1011 aliquam
605 944 850 997 attulisse
871 953 1141 997 cernatur.
1176 943 1290 997 Non
1328 944 1497 1006 enim,
1530 943 1724 1010 inquit,
1763 944 1933 1011 ipsum

358 1036 524 1090 fuisse
559 1037 966 1090 misericordem
997 1045 1050 1090 et
1083 1037 1291 1090 fidelem
1326 1035 1636 1105 pontiﬁcem
1669 1034 1821 1096 dicit,
1860 1032 1938 1084 id-

356 1140 458 1195 que
503 1141 697 1179 munus
730 1142 887 1193 passo
933 1127 1112 1192 potius
1146 1125 1334 1178 tribuit
1381 1136 1632 1193 tanquam
1674 1123 1741 1177 ab
1766 1138 1831 1177 eo
1858 1121 1940 1174 di-

357 1231 532 1268 verso.
571 1215 827 1281 Quamvis
869 1216 958 1284 qui
1010 1216 1393 1286 mysteriorum
1427 1215 1642 1284 sapiens
1675 1228 1793 1267 esse
1822 1226 1939 1265 ma~

361 1304 537 1371 gister
565 1305 714 1369 velit,
767 1305 1034 1372 quomodo
1068 1319 1172 1357 non
1220 1318 1341 1357 eum
1387 1305 1624 1372 oportuit
1672 1316 1830 1355 voces
1875 1314 1939 1355 ac

358 1395 656 1447 sententias
690 1410 967 1449 sacrarum
1004 1394 1327 1447 Litterarum
1373 1401 1630 1447 accurate
1660 1392 1934 1460 colligere,

358 1493 519 1553 atque
553 1488 794 1553 cogitare
824 1500 951 1540 vere
996 1501 1117 1540 esse
1153 1486 1260 1538 Deo
1306 1485 1522 1554 dignum
1574 1484 1678 1537 hoc
1722 1499 1934 1560 munus,

359 1590 414 1631 et
448 1595 552 1632 non
589 1580 819 1632 alienum
855 1595 883 1631 a
913 1580 1123 1633 ratione
1146 1594 1264 1646 qua?
1289 1579 1406 1645 ejus
1426 1575 1775 1629 exinanitioni
1806 1590 1936 1628 cou-

360 1669 527 1733 venit,
556 1684 782 1736 eamque
816 1669 1007 1722 decet?
1038 1669 1089 1721 Id
1126 1684 1229 1736 qua
1261 1669 1466 1720 ratione
1500 1680 1685 1718 verum
1714 1665 1804 1728 sit,
1824 1665 1934 1733 jam

2036 486 2129 538 καὶ
2153 480 2233 548 είς
2258 501 2316 538 τε
2347 485 2478 548 Θεὸς
2510 485 2601 538 καὶ
2630 484 2917 557 ἄνθρωπος
2950 484 2990 552 ,ὁ
3026 480 3393 553 Ἐμμανουήλ.
3410 479 3549 533 Ἀλλ’
3575 481 3606 530 ὁ

2034 578 2270 649 χρηστὸς
2294 579 2473 631 οὑτοσὶ
2501 579 2599 648 τῆς
2627 578 2938 648 οἰκονομίας
2966 577 3053 630 τὸν
3076 577 3272 647 τρόπον
3295 574 3370 638 ὡς
3396 571 3604 641 ἀκαλλῆ

2035 669 2491 739 παραιτούμενος,
2525 670 2788 739 ἀποφέρει
2811 670 2907 723 τοῦ
2937 668 3073 722 Θεοῦ
3102 667 3273 735 Λόγου
3300 665 3368 718 τὰ
3401 662 3608 733 ἀνθρώ-

2034 777 2185 825 πινα,
2217 760 2281 812 ἵν’
2311 759 2483 830 ὁρῷτο
2503 760 2697 813 -λοιπὸν
2730 762 2850 814 κατ’
2873 759 3063 812 οὐδένα
3086 758 3286 828 τρόπον
3318 756 3516 825 ὀνήσας
3538 752 3606 806 τὰ

2034 850 2154 903 καθ’
2185 852 2351 920 ἡμᾶς.
2385 852 2460 904 υύ
2493 853 2601 921 γάρ
2626 851 2708 903 τοί
2749 868 2913 921 φησιν
2943 850 3104 904 αὐτὸν
3129 847 3396 917 ὲλεήμονά
3421 862 3480 898 τε
3511 844 3606 899 καὶ

2037 941 2223 994 πιστὸν
2263 943 2523 1011 ἀρχιερέα
2549 943 2802 1009 γενέσθαι
2826 958 2838 970 ’
2869 941 3164 1012 προσνέμει
3202 938 3260 992 δὲ
3300 937 3499 1008 μᾶλλον
3530 936 3606 996 ὡς

2035 1031 2204 1101 ἑτέρῳ
2254 1032 2383 1102 παρ’
2414 1031 2573 1086 αὐτὸν
2620 1032 2681 1085 τὸ
2730 1035 2916 1102 χρῆμα
2957 1030 3034 1099 τῷ
3068 1028 3380 1082 πεπονθότι.
3416 1026 3608 1079 Καίτοι

2035 1121 2152 1185 πῶς
2181 1124 2281 1175 οὐκ
2313 1122 2420 1175 ἔδει
2452 1110 2808 1192 μυσταγωγὸν
2852 1117 2990 1175 εἶναι
3025 1119 3247 1174 θέλοντα
3279 1116 3459 1185 σοφὸς,
3495 1112 3605 1166 τῶν

2037 1213 2096 1264 ὲν
2142 1215 2207 1282 τῇ
2259 1211 2600 1283 θεοπνεύστῳ
2647 1215 2834 1283 Γραφῇ
2890 1212 3081 1283 φωνῶν
3126 1228 3187 1264 τε
3232 1211 3327 1264 καὶ
3388 1204 3605 1260 ἐννοιῶν

2036 1303 2239 1373 ἀκριϐῆ
2275 1303 2546 1357 ποιεῖσθαι
2583 1304 2681 1373 τὴν
2720 1305 2995 1375 ἄθροισιν
3038 1304 3237 1357 ἐννοεῖν
3275 1317 3357 1364 τε,
3385 1299 3467 1351 ὅτι
3513 1297 3607 1349 καί

2037 1392 2338 1464 θεοπρεπὲς
2371 1395 2587 1464 ἀληθῶς
2613 1396 2673 1448 τὸ
2698 1399 2808 1467 ’χρῆ
2820 1397 2896 1465 μά
2916 1398 3053 1455 ἐστι,
3072 1394 3167 1447 καὶ
3187 1393 3288 1445 οὐκ
3316 1390 3419 1456 ἔξω
3446 1388 3604 1454 λόγου

2035 1482 2129 1535 τοῦ
2169 1488 2233 1555 τῇ
2262 1485 2484 1538 κενώσει
2509 1487 2805 1557 πρέποντός
2836 1504 2893 1539 τε
2923 1487 3015 1539 καὶ
3044 1485 3320 1548 ἐοικότοςς
3356 1481 3467 1534 Καὶ
3486 1480 3605 1531 τίνα

2017 1576 2234 1645 τρόπον
2281 1576 2512 1646 ἐροῦμεν
2561 1578 3019 1648 βραχυλογοῦντες
3070 1577 3146 1637 ὡς
3190 1576 3289 1630 ἔνι.
3317 1562 3631 1642 Κατεχρηέ

2040 1668 2222 1737 σμῴδη
2233 1685 2290 1719 σε
2323 1668 2422 1737 μὲν
2445 1669 2552 1738 γὰρ
2572 1670 2645 1731 ὡς
2676 1673 2705 1722 ό
2733 1669 2839 1721 τῶν
2867 1669 3001 1722 ὅλων
3029 1668 3161 1731 Θεὸς
3187 1670 3298 1729 τοῖς
3321 1663 3607 1735 ἀρχαιοτέ-

360 1762 600 1812 dicemus
645 1774 803 1826 quam
856 1760 1190 1812 brevissime.
1241 1758 1370 1811 Nam
1426 1757 1514 1810 ille
1558 1759 1931 1808 universorum

2044 1774 2153 1827 ροις
2173 1759 2270 1820 ,τὸν
2304 1761 2484 1828 νόμον,
2522 1760 2942 1830 μεσολαϐοῦντος
2971 1760 3228 1820 Μωσέως.
3249 1756 3386 1809 Ἀλλ’
3416 1756 3518 1807 οὐκ
3540 1750 3609 1824 ἦν

365 1851 502 1901 licus
534 1849 727 1916 priscis
752 1849 856 1901 illis
886 1850 1196 1902 hominibus
1218 1850 1388 1916 legem
1417 1849 1602 1909 edidit,
1640 1848 1933 1914 interprete

361 1938 542 2004 Mose;
577 1941 669 1992 sed
698 1956 799 1993 non
827 1950 942 1992 erat
975 1955 1036 1992 ea
1067 1941 1144 1993 vis
1175 1940 1325 2006 legis,
1350 1948 1404 1990 ut
1432 1938 1521 2007 qui
1553 1936 1743 1990 vellent
1771 1937 1932 1990 etiam

361 2040 580 2095 possent
625 2028 830 2096 integre
862 2028 1003 2095 quod
1040 2028 1232 2079 bonum
1261 2036 1341 2078 est
1371 2028 1628 2094 perlicere
1678 2042 1691 2078 :
1735 2043 1753 2074 ι
1791 2023 1934 2077 Nihil

361 2118 503 2169 cnim
533 2118 598 2169 ad
634 2120 923 2184 perlectum
961 2118 1181 2170 adduxit
1204 2117 1351 2168 “J5.
1389 2135 1406 2167 ι
1442 2118 1546 2169 Sed
1574 2130 1746 2184 neque
1779 2118 1933 2185 culpa

362 2206 572 2259 vacavit
611 2206 737 2257 illud
786 2206 934 2274 prius
981 2216 1356 2260 testamentum
1410 2225 1424 2260 :
1484 2207 1933 2259 ministrationem

361 2310 577 2364 quoque
608 2295 975 2349 damnationis
1006 2296 1234 2363 appellat
1266 2312 1383 2349 eam
1414 2296 1602 2351 beatus
1640 2295 1932 2359 Paulus“;

360 2386 603 2437 eumdem
640 2386 798 2438 audio
845 2386 1025 2439 dicere
1058 2404 1071 2438 :
1112 2404 1130 2436 ι
1167 2388 1383 2441 δοὶιιιιιε
1415 2387 1557 2455 quod
1600 2400 1936 2454 quacunque

363 2477 444 2530 lex
476 2479 731 2546 loquitur,
768 2478 972 2544 his'qui
1008 2479 1059 2530 iu
1091 2479 1205 2547 lege
1236 2490 1363 2532 sunt
1388 2479 1646 2548 loquitur,
1684 2489 1741 2531 ut
1774 2492 1937 2532 omne

361 2583 423 2621 os
446 2570 781 2631 ohstruatur,
812 2577 865 2620 et
894 2569 1139 2621 subditus
1172 2570 1258 2621 liat
1296 2570 1473 2623 omnis
1514 2572 1749 2624 mundus
1781 2571 1887 2623 Deo
1917 2587 1933 2624 :

361 2660 615 2726 quoniam
642 2673 706 2711 ex
728 2658 981 2725 operibus
1003 2657 1135 2725 legis
1157 2658 1601 2727 noxijustiﬁcatur
1617 2662 1790 2713 omnis
1810 2674 1936 2714 caro

371 2766 557 2803 coram
592 2750 680 2802 illo
701 2750 779 2811 '7;
812 2768 831 2800 ι
869 2752 950 2803 lex
985 2754 1125 2802 enim
1163 2751 1294 2804 iram
1316 2752 1650 2818 operatur",
1680 2763 1731 2806 et
1758 2753 1934 2807 littera

360 2843 556 2895 occidit
592 2860 606 2894 :
640 2852 694 2893 ct
730 2850 789 2893 ιιι
834 2842 1028 2895 alicubi
1063 2841 1193 2895 dicit
1235 2843 1373 2895 idem
1402 2843 1486 2895 ὀε
1525 2860 1543 2892 ι
1576 2843 1784 2896 irritant
1816 2843 1937 2910 quis

363 2936 564 2988 faciens
589 2935 758 3002 legem
785 2933 938 3000 Mosi,
963 2934 1081 2986 sine
1109 2933 1213 2985 ulla
1239 2934 1588 2987 miseratione
1616 2936 1822 2986 duobus
1847 2933 1934 2986 vel

365 3028 535 3083 tribus
563 3027 796 3083 testibus
826 3030 1049 3079 moritur
1071 3024 1138 3076 ³⁰.
1171 3041 1189 3074 ι
1222 3023 1355 3076 Cum
1384 3038 1514 3092 ergo
1546 3025 1631 3076 lex
1657 3026 1938 3078 damnaret

363 3127 674 3187 peccantes,
708 3124 763 3169 et
794 3126 1094 3169 extremum
1130 3127 1512 3181 nonnunquam
1542 3113 1862 3182 supplicium
1887 3114 1939 3166 in

362 3216 774 3263 contemnentes
793 3207 1128 3266 decerneret,
1151 3212 1205 3257 et
1223 3202 1369 3256 nullo
1395 3203 1551 3256 modo
1571 3205 1937 3268 miseraretur,

359 3297 634 3369 quomodo
675 3311 782 3348 non
817 3303 935 3348 erat
980 3296 1282 3349 necessaria
1328 3294 1637 3349 hominibus
1688 3294 1739 3347 in
1784 3297 1940 3351 terris

365 3385 648 3457 agentibus
692 3384 780 3438 illa
830 3384 1113 3438 clementis
1158 3385 1626 3439 et'misericordis
1672 3387 1939 3454 pontiﬁcis

364 3476 684 3543 declaratio,
723 3476 813 3544 qui
859 3476 1144 3531 maledicto
1188 3476 1345 3530 ﬁnem
1379 3477 1697 3543 imponeret,
1747 3480 1938 3546 praeci-

363 3570 623 3637 deretque
659 3567 971 3630 vindictam,
1021 3578 1073 3620 et
1117 3582 1210 3621 eos
1256 3567 1346 3635 qui
1398 3576 1767 3636 peccaverant,
1825 3568 1940 3622 cle-

364 3659 528 3712 menti
574 3656 790 3725 gratia,
841 3655 1184 3723 benigneque
1258 3666 1386 3708 nutu
1434 3656 1728 3710 liberaret?
1774 3676 1792 3707 ι
1831 3657 1940 3727 Ego

364 3748 533 3811 enim,
562 3746 756 3814 inquit,
783 3761 899 3800 sum
926 3746 1015 3814 qui
1050 3747 1199 3800 deleo
1230 3747 1544 3815 iniquitates
1572 3757 1711 3811 tuas,
1746 3758 1800 3801 et
1833 3762 1936 3801 non

366 3838 690 3892 recordabor
719 3835 784 3888 ".
837 3834 1120 3890 Jttstiﬁcati
1168 3852 1400 3905 namque
1444 3851 1630 3890 sumus
1679 3836 1801 3904 ﬁde,
1833 3852 1936 3890 non

363 3945 429 3982 ex
464 3928 717 3996 operibus
747 3926 896 3995 legis,
919 3926 1037 3998 τῇ
1069 3938 1125 3980 ιιι
1153 3928 1408 3997 scriptum
1444 3928 1613 3982 est".
1644 3946 1662 3979 ι
1692 3927 1749 3982 ln
1776 3943 1935 3998 quem

364 4021 526 4090 igitur
568 4021 849 4074 credentes
893 4019 1521 4085 justiticamurinonue
1568 4022 1620 4074 in
1669 4036 1791 4075 eum
1845 4022 1937 4089 qui

364 4120 580 4181 propter
612 4128 710 4167 nos
741 4122 971 4166 mortem
1016 4113 1308 4166 secundum
1341 4128 1560 4167 carnem
1592 4128 1781 4181 passus
1812 4113 1940 4167 est?

365 4220 469 4257 non
503 4204 554 4257 iit
583 4219 745 4258 unum
785 4205 1068 4257 Dominum
1097 4200 1279 4257 Jesum
1320 4202 1636 4257 Christum?
1665 4218 1768 4256 non
1798 4219 1941 4255 mor-

364 4305 470 4349 tem
510 4294 626 4363 ejus
654 4297 1059 4355 anuuntiantes,
1093 4303 1149 4347 et
1184 4295 1643 4347 resurrectionem
1676 4294 1941 4348 conﬁten-

2041 1849 2098 1900 ὲν
2127 1848 2275 1918 νόμῳ
2304 1848 2364 1901 τὸ
2393 1848 2648 1901 δύνασθαι
2678 1850 2973 1920 κατορθοῦν
3000 1853 3109 1913 τοῖς
3150 1848 3421 1901 ἐθέλουσιν
3450 1847 3608 1914 ἀμω-

2044 1938 2228 2008 μήτως
2248 1940 2307 1991 τὸ
2328 1940 2529 2006 ἀγαθόν
2547 1958 2559 1969 ·
2592 1941 2947 1995 οΤετελείωκε
2967 1941 3074 2011 γὰρ
3094 1939 3296 1992 οὐδέν.»
3319 1935 3459 1989 Ἀλλ’
3482 1934 3609 1987 οὐδὲ

2041 2025 2329 2095 ἄμεμπτος
2351 2024 2464 2098 ἦνή
2497 2028 2684 2099 πρώτη
2721 2030 2971 2100 διαθήκη.
2993 2030 3324 2098 Κατάκριμα
3352 2027 3407 2079 δὲ
3428 2028 3611 2079 διακο-

2040 2117 2159 2178 νίας
2186 2117 2319 2186 (ειν)
2337 2118 2617 2188 ὠνόμαζεν
2634 2120 2805 2189 αὐτὴν
2819 2122 2847 2172 ό
2867 2122 3141 2188 πάνσοφος
3164 2117 3372 2180 Παῦλος
3386 2133 3400 2146 ·
3428 2114 3611 2168 ἀκούω

2041 2204 2095 2256 δὲ
2121 2205 2369 2272 λέγοντος
2388 2224 2400 2236 θ
2443 2226 2459 2257 ι
2491 2209 2725 2276 Οἴδαμεν
2758 2209 2840 2260 ὅτι
2868 2210 3008 2261 ὅσαό
3030 2209 3194 2277 νόμος
3217 2207 3386 2274 λέγει,
3412 2206 3524 2266 τοῖς
3554 2207 3611 2256 ὲν

2039 2293 2118 2364 τῷ
2146 2296 2295 2363 νόμῳ
2324 2296 2488 2362 λέγει,
2523 2296 2606 2349 ἵνα
2635 2299 2741 2349 πᾶν
2782 2300 2952 2367 στόμα
2983 2300 3188 2368 φραγῇ,
3224 2296 3320 2349 καὶ
3361 2295 3610 2357 ὑπόδικος

2043 2382 2261 2450 γένηται
2290 2384 2396 2444 πᾶς
2424 2384 2452 2435 ὁ
2480 2385 2679 2453 κόσμος
2705 2385 2782 2455 τῷ
2808 2385 2926 2454 Θεῷ
2945 2403 2958 2416 ·
2983 2386 3117 2439 διότι
3146 2385 3203 2450 ἐξ
3239 2385 3415 2455 ἔργων
3446 2384 3609 2452 νόμου

2041 2473 2101 2526 οὐ
2131 2471 2547 2544 δικαιωθήσεται
2565 2476 2710 2526 πᾶσα
2730 2476 2867 2545 σὰρξ
2895 2476 3125 2529 ἐνώπιον
3143 2475 3328 2529 αὑτοῦ.
3355 2494 3373 2524 ι
3397 2475 3611 2543 Κατερ-

2041 2568 2263 2636 γάζεται
2297 2568 2406 2637 γὰρ
2438 2570 2465 2621 ό
2497 2568 2657 2637 νόμος
2686 2572 2764 2632 είς
2785 2570 2972 2639 ὀργὴν,
3004 2569 3096 2620 καὶ
3124 2567 3186 2619 τὸ
3213 2566 3447 2636 γράμμα
3474 2566 3607 2616 ἀπο-

2043 2662 2259 2713 κτείνειο
2280 2660 2372 2717 καὶ
2391 2659 2466 2722 ὣς
2484 2661 2584 2714 πού
2599 2678 2759 2730 φησιν
2782 2662 2960 2722 αὑτός·
2991 2680 3009 2712 ι
3043 2660 3334 2726 Ἀθετήσας
3348 2674 3431 2718 τις
3453 2656 3610 2725 νόμον

2042 2753 2300 2815 Μωσέως,
2331 2753 2500 2822 χωρὶς
2532 2753 2850 2825 οίκτιρμῶν.
2889 2752 2981 2805 ἐπὶ
3010 2751 3162 2804 δυσὶν
3198 2750 3230 2818 ἦ
3260 2749 3441 2819 τρισὶν
3476 2747 3596 2817 μὰρ⁴

2044 2861 2195 2896 τυσιν
2227 2844 2576 2914 ἀποθνήσκει.
2607 2865 2624 2896 ι
2662 2846 3089 2916 Κατακρίνοντος
3116 2845 3295 2896 τοίνυν
3327 2841 3421 2895 τοῦ
3448 2841 3610 2910 νόμου

2042 2935 2170 2996 τοὺς
2196 2935 2628 3005 ἁμαρτάνοντας.
2656 2937 2749 2988 καὶ
2773 2937 2873 3005 τὴν
2902 2936 3138 3004 ἐσχάτην
3165 2933 3277 2987 ἔσθ’
3302 2935 3390 2987 ὅτε
3421 2932 3611 3002 ποινὴν

2045 3021 2419 3092 καθορίζοντος
2446 3023 2553 3075 τῶν
2581 3024 2953 3094 ὴμεληκότων,
2988 3025 3082 3077 καὶ
3120 3023 3239 3075 κατ’
3270 3023 3460 3076 οὐδένα
3493 3022 3615 3092 τρό-

2047 3126 2148 3162 πον
2178 3111 2560 3180 οἰκτείραντος,
2593 3110 2707 3174 πῶς
2728 3113 2827 3165 οὐκ
2847 3113 3118 3180 ἀναγκαία
3139 3115 3251 3173 τοῖς
3279 3111 3372 3165 ἐπὶ
3389 3111 3490 3181 τῆς
3509 3110 3612 3180 γῆς

2044 3204 2077 3273 ἡ
2101 3203 2192 3255 τοῦ
2212 3205 2642 3274 φιλοικτίρμονος
2661 3203 2757 3257 καὶ
2777 3202 3064 3273 ὲλεήμονος
3087 3202 3300 3273 ἀληθῶς
3317 3201 3616 3273 ἀρχιερέως

2047 3294 2317 3360 ἀνάδειξις
2359 3291 2463 3366 ἦν;
2496 3294 2761 3356 παύοντος
2806 3295 2905 3365 μὲν
2936 3294 3034 3365 τὴν
3068 3295 3208 3365 ἀράν
3228 3309 3242 3323 ⁸
3278 3295 3613 3348 ἀνακόπτονο

2043 3401 2136 3447 τος
2159 3385 2214 3437 δὲ
2241 3388 2336 3456 τὴν
2367 3386 2521 3456 δίκην
2543 3401 2554 3415 ·
2594 3387 2685 3438 καὶ
2721 3385 3153 3448 άπαλλάττοντος
3196 3386 3322 3449 τοὺς
3369 3388 3616 3457 ἡμαρτη-

2046 3475 2227 3540 κότας,
2261 3475 2619 3545 ἁμνησικάκῳ
2648 3474 2850 3545 χάριτι,
2892 3475 2986 3527 καὶ
3014 3477 3127 3538 τοῖς
3172 3473 3231 3540 se
3277 3476 3617 3546 ἡμερότητος

2044 3565 2332 3635 νεύμασιν;
2378 3584 2395 3617 ι
2419 3564 2560 3632 Ἐγὼ
2609 3567 2737 3638 γὰρ,
2773 3567 2958 3637 φησιν,
2990 3567 3105 3636 είμὶ
3135 3569 3163 3619 ό
3190 3566 3488 3635 ὲξαλείφων
3518 3566 3614 3629 τὰς

2046 3657 2274 3728 ἀνομίας
2323 3676 2438 3722 σου,
2485 3661 2579 3713 καὶ
2645 3662 2704 3714 οὐ
2755 3661 2827 3732 μὴ
2876 3661 3275 3733 μνησθήσομαι.
3328 3659 3615 3715 Δεδικαιὼ-

2051 3747 2190 3816 μεθα
2208 3747 2316 3818 γὰρ
2338 3750 2396 3801 ἐν
2420 3749 2600 3803 πίστει
2632 3751 2724 3803 καὶ
2744 3752 2843 3803 οὑκ
2863 3750 2925 3814 ἐξ
2941 3751 3116 3821 ἔργων
3138 3751 3328 3821 νόμου,
3350 3769 3369 3801 ι
3396 3751 3536 3804 κατὰ
3555 3749 3617 3802 τὸ

2045 3842 2449 3911 γεγραμμένον.
2500 3843 2596 3904 Εἰς
2630 3843 2753 3896 τίνα
2785 3842 2848 3913 δὴ
2881 3839 2972 3895 οὖν
3002 3841 3353 3906 πιστεύοντες
3381 3841 3616 3895 δικαιου-

2049 3932 2222 4000 μεθα;
2249 3935 2347 3985 οὐκ
2378 3936 2456 3996 είς
2485 3933 2575 3985 τὸν
2605 3933 2842 3987 παθόντα
2871 3934 2935 3987 δι’
2966 3935 3111 4003 ἡμᾶς
3147 3934 3237 3986 τὸν
3266 3933 3405 3986 κατὰ
3438 3934 3613 4003 σάρκα

2048 4024 2301 4090 θάνατονς
2332 4027 2432 4077 οὐκ
2464 4027 2542 4088 εἰς
2566 4026 2663 4078 ’ένα
2688 4027 2889 4095 Κύριον
2924 4026 3129 4095 Ἰησοῦν
3155 4025 3418 4096 Χριστόνς
3442 4026 3503 4078 οὐ
3526 4024 3612 4077 τὸν

2047 4116 2273 4168 θάνατον
2295 4117 2457 4169 αὐτοῦ
2484 4117 2962 4184 καταγγέλλοντες,
2991 4120 3083 4169 καὶ
3107 4117 3496 4186 ὁμολογοῦντες
3516 4114 3611 4185 τὴν

2045 4208 2337 4260 ἀνάστασιν
2371 4208 2781 4278 λελυτρώμεοα;
2815 4210 2877 4261 El
2928 4208 3025 4278 μὲν
3071 4204 3164 4260 οὖν
3210 4208 3289 4269 εἰς
3328 4207 3610 4275 ἄνθρωπον

2046 4297 2152 4350 τῶν
2184 4297 2305 4350 καθ’
2326 4300 2473 4368 ἡμᾶς
2504 4299 2600 4352 ἕνα
2623 4297 3084 4367 πεπιστεύκαμεν,
3119 4297 3211 4351 καὶ
3244 4298 3364 4367 οὐχὶ
3390 4297 3455 4367 δὴ
3487 4296 3613 4365 μᾶλ⁸

363 4398 441 4441 tes
463 4387 727 4456 redempti
771 4386 998 4442 sumus?
1030 4387 1084 4439 Si
1124 4385 1284 4453 igitur
1321 4385 1373 4436 in
1406 4386 1674 4439 hominem
1710 4400 1874 4438 unum
1906 4399 1936 4438 e

2046 4389 2136 4443 λον
2164 4393 2242 4453 εἰς
2272 4391 2422 4456 Θεὸν,
2461 4391 2935 4461 ἀνθρωπολατρεία
2969 4391 3029 4442 τὸ
3061 4390 3271 4461 χρῆμα,
3309 4390 3404 4442 καὶ
3430 4388 3611 4458 ἕτερον

361 4480 514 4534 nobis
552 4480 896 4541 credidimus,
939 4494 1001 4531 ac
1037 4494 1140 4530 non
1173 4478 1347 4545 potius
1386 4476 1436 4528 in
1484 4476 1672 4539 Deum,
1702 4477 1936 4530 hominis

358 4572 603 4625 adoratio
633 4574 737 4626 erit
771 4587 833 4625 ea
879 4585 964 4625 res
1006 4569 1123 4623 sine
1159 4566 1345 4632 dubio,
1374 4576 1429 4620 et
1464 4566 1596 4619 nihil
1638 4565 1802 4621 aliud.
1835 4568 1932 4621 Sin

364 4664 509 4716 illmn
545 4678 708 4716 carne
737 4679 955 4731 passum
993 4662 1160 4714 Deum
1190 4674 1308 4712 esse
1334 4657 1620 4721 credimus,
1650 4659 1738 4725 qui
1774 4659 1937 4713 etiam

363 4765 548 4806 noSter
578 4754 832 4806 sacerdos
864 4754 935 4806 sit
963 4753 1159 4812 lactus,
1194 4750 1341 4804 nullo
1372 4750 1532 4803 modo
1554 4751 1606 4803 in
1629 4765 1819 4805 errore
1843 4766 1937 4805 su-

364 4861 505 4909 mus,
537 4845 630 4898 sed
679 4844 853 4910 ipsum
897 4859 962 4896 ex
1006 4843 1117 4895 Deo
1156 4842 1385 4895 Verbum
1422 4841 1693 4895 hominem
1734 4840 1933 4895 factum

365 4938 708 5009 agnoscimus
735 4952 748 4988 :
777 4936 964 5001 sicque
993 4949 1021 4986 a
1053 4933 1205 4986 nobis
1238 4933 1370 4986 ﬁdes
1403 4933 1455 4985 in
1494 4932 1657 4984 Deum
1684 4932 1937 4998 exigitur,

362 5034 451 5099 qui
499 5043 598 5083 nos
631 5045 657 5079 ιι
704 5026 943 5080 vindicta
979 5025 1191 5088 eximit,
1236 5033 1293 5077 et
1343 5033 1682 5093 peccatorum
1732 5023 1941 5092 laqueis

432 5206 558 5237 ν-ιδ
598 5204 757 5256 liebr.
785 5216 880 5265 vn,
932 5202 1016 5256 t9.
1095 5199 1142 5232 "
1172 5199 1211 5254 ll
1240 5199 1492 5260 Com".
1534 5198 1587 5251 7-

363 5294 390 5331 x
412 5319 425 5343 ,
450 5282 538 5332 23.
614 5274 656 5306 ³¹
691 5274 791 5329 lsa.
820 5288 973 5340 ιιιίι,
994 5270 1086 5327 9-5.
1165 5272 1208 5303 ³³
1240 5270 1413 5325 Galat.
1440 5285 1499 5333 ιι,
1531 5270 1614 5323 16.

2043 4481 2192 4534 οὐδὲν
2226 4481 2687 4552 ὁμολογουμένως.
2711 4483 2774 4534 El
2800 4482 2856 4534 δὲ
2877 4481 3007 4532 Θεὸν
3034 4477 3173 4534 εἶναι
3198 4480 3289 4532 τὸν
3310 4478 3611 4532 πεπονθότα

2045 4571 2211 4642 σαρκὶ
2245 4572 2589 4641 πιστεύομεν,
2620 4573 2678 4635 ὃς
2710 4574 2804 4626 καὶ
2841 4573 3058 4641 γέγονεν
3098 4570 3255 4640 ἡμῶν
3284 4568 3606 4640 ἀρχιερεύς·

2045 4663 2435 4732 πεπλανήμεθα
2468 4664 2565 4732 μὲν
2596 4664 2714 4715 κατ’
2745 4664 2934 4717 οὐδένα
2967 4664 3163 4732 τρόπον
3186 4678 3198 4692 ·
3234 4660 3520 4728 ἄνθρωπον
3553 4657 3609 4709 δὲ

2042 4752 2306 4821 γεγονότα
2336 4753 2427 4805 τὸν
2466 4754 2531 4805 ὲκ
2566 4752 2701 4805 Θεοῦ
2734 4752 2906 4816 Λόγον
2938 4749 3398 4817 ὲπιγινώσκομεν·
3440 4747 3609 4818 πράτο

2042 4859 2192 4895 τεται
2221 4842 2277 4895 δὲ
2300 4842 2439 4894 οῦτω
2476 4842 2613 4911 πρὸς
2643 4841 2799 4911 ἡμῶν
2829 4843 2861 4909 ἡ
2893 4840 3074 4902 πίστις
3103 4841 3182 4900 είς
3210 4837 3364 4899 Θεὸν,
3398 4836 3489 4889 τὸν
3510 4833 3610 4898 ἕξω

2039 4934 2255 4988 τιθέντα
2311 4934 2467 5004 δίκης
2493 4974 2506 4999 ,
2561 4934 2655 4987 καὶ
2702 4931 2987 5002 ἁμαρτιῶν
3036 4917 3445 4984 ἀπαλλάττοντα
3489 4925 3608 4987 τοὺς

2040 5025 2326 5089 ὲναλόντας
2349 5026 2557 5089 αὐταῖς.
2589 5044 2605 5078 ι
2629 5026 2783 5094 Ἔχει
2812 5025 2920 5095 γὰρ
2948 5024 3194 5089 ἐξουσίαν
3220 5024 3248 5075 ό
3271 5023 3386 5084 υἱὸς
3409 5019 3503 5073 τοῦ
3521 5021 3607 5073 ἀν·

1663 5199 1706 5231 ⁸⁷
1740 5200 1894 5255 Rom.
1922 5216 1935 5254 t

2056 5201 2140 5265 l9,
2178 5202 2270 5256 20.
2346 5202 2392 5233 ⁸⁸
2416 5201 2570 5257 Rom.
2597 5218 2670 5269 tv,
2702 5203 2782 5256 15.
2858 5201 2962 5256 "ll
2984 5202 3111 5259 Cor.
3138 5216 3216 5266 ιιι,
3240 5197 3294 5253 6.
3372 5198 3418 5229 ⁸⁸
3453 5196 3586 5252 lleb.

1628 5421 1789 5477 ANT.
1832 5416 2103 5474 AGELLlI
2143 5416 2369 5473 NOTAE.

436 5592 568 5660 (20')
596 5590 819 5643 Videtur
846 5587 1025 5660 lapsus
1053 5586 1267 5650 notarii,
1290 5600 1412 5638 cum
1438 5581 1610 5637 Graeci
1638 5581 1791 5637 codd.
1836 5577 1936 5633 Nov

2041 5578 2332 5634 'cstamenti
2377 5578 2632 5644 habeant,
2672 5579 2915 5634 διακονία
2956 5581 3363 5652 κατακρίσεως,
3401 5597 3449 5638 et
3486 5587 3611 5641 item

369 5658 557 5713 Latina
579 5661 742 5713 editio
778 5658 1010 5725 vulgata.
