3926 6126
240 255 342 309 133

1353 242 1727 298 aoveasus
1763 242 2163 302 NESTORIUM
2207 243 2339 300 LIB.
2383 218 2475 296 tn.‘

3390 241 3493 299 135

233 370 454 434 θρώπου
482 368 580 421 καὶ
609 366 704 420 ἐπὶ
727 365 825 434 τῆς
850 365 953 435 γῆς
984 362 1205 434 ἀφιέναι
1237 361 1529 433 ἁμαρτίας,
1561 382 1579 414 ι
1610 362 1685 425 ὥς
1710 380 1812 416 που

1928 366 2222 433 implicatos
2268 364 2459 419 liberat
2490 380 2502 416 :
2543 381 2561 413 ι
2585 359 2755 416 liabet
2787 360 2932 414 enim
2962 367 3279 429 potestatem
3325 358 3496 419 Filius

236 461 330 512 καὶ
364 458 527 521 αὑτός
551 473 713 528 φησιν
732 472 746 485 ⁸
782 451 1243 525 ἀντιπαραθὲντες
1274 452 1453 505 τοίνυν
1478 455 1549 523 τῇ
1565 453 1654 505 διὰ
1676 454 1810 522 Χριο

237 551 365 608 στοῦ
389 549 632 620 σωτηρίᾳ
662 549 753 601 καὶ
778 547 983 617 χάριτι,
1007 545 1107 614 τῆς
1133 544 1365 614 νομικῆς
1410 543 1711 613 ἀποτομίας
1732 544 1811 597 ἵν’

235 641 410 705 οὕτως
456 641 593 693 εἴπω
626 638 689 691 τὸ
727 637 963 706 ἀπηνὲς,
1008 634 1278 704 ὲλεήμονά
1314 650 1496 704 φαμεν
1547 633 1810 705 ἀρχιερέα

235 729 482 797 γενέσθαι
505 724 873 800 ΧριστόνΪΗν
909 726 1010 796 μὲν
1035 724 1144 794 γὰρ
1177 724 1270 777 καὶ
1297 724 1410 776 ἐστι
1439 723 1571 786 Θεὸς
1607 723 1811 792 ἀγαθὸς

236 823 298 890 τῇ
326 819 504 889 φύσει,
533 816 926 887 φιλοικτίρμων
950 831 1010 867 τε
1044 814 1137 867 καὶ
1165 813 1410 883 ἐλεήμων
1430 813 1552 866 ἀεί’
1590 813 1685 866 καὶ
1710 813 1811 866 οὐκ

237 915 291 965 ἐν
322 912 496 982 χρόνῳ
523 909 682 963 τοῦτο
704 909 944 977 γέγονεν,
976 906 1089 960 ἀλλ’
1113 907 1193 969 εἰς
1221 906 1369 975 ἡμᾶς
1399 904 1609 975 ἐδείχθη
1638 902 1811 958 τοιοῦ-

239 1020 346 1066 τος.
376 1001 808 1071 Κατωνόμασται
837 999 893 1052 δὲ
923 996 1129 1060 πιστὸς,
1160 997 1235 1060 ὡς
1267 996 1441 1067 μένων
1468 997 1497 1050 ὅ
1524 992 1672 1048 ἔστιν
1700 995 1808 1060 ἀεὶ,

238 1092 374 1146 κατὰ
422 1107 487 1159 γε
533 1089 596 1143 τὸ
641 1088 931 1160 εἰρημένον
964 1088 1075 1140 ’καί
1112 1087 1198 1139 ἐπ’
1228 1085 1393 1140 αὐτοῦ
1425 1085 1519 1139 τοῦ
1553 1086 1765 1157 Πατρός
1793 1104 1808 1117 ·

243 1203 259 1231 ι
291 1182 487 1245 Πιστὸς
532 1180 590 1234 δὲ
617 1183 646 1234 6
677 1179 831 1242 Θεὸς,
860 1178 919 1242 ὃς
960 1178 1061 1231 οὐκ
1102 1177 1252 1230 ἐάσει
1294 1178 1441 1247 ἡμᾶς
1488 1178 1810 1249 πειραθῆναι

240 1275 371 1346 ὑπὲρ
396 1272 426 1326 ὃ
452 1270 747 1342 δυνάμεθα.
780 1288 800 1322 ι
842 1268 1049 1323 Οὐκοῦν
1078 1269 1323 1338 ἐλεήμων
1362 1268 1472 1339 ἄρα
1498 1269 1593 1321 καὶ
1622 1267 1812 1332 πιστὸς

250 1363 560 1434 ’Ᾱρχιερεὺς
593 1363 672 1423 εἰς
694 1361 841 1431 ἡμᾶς
871 1360 1091 1428 γέγονεν
1121 1362 1151 1413 6
1195 1361 1565 1431 Ἐμμανουήλ·
1593 1361 1669 1425 ὡς
1701 1360 1810 1432 γὰρ

239 1457 268 1506 6
305 1453 515 1517 Παῦλός
549 1468 737 1522 φησιν,
771 1469 790 1501 ι
822 1452 885 1503 Ol
934 1452 1030 1519 μὲν
1075 1450 1325 1514 πλείονές
1359 1453 1495 1503 εἰσιν
1537 1452 1812 1521 ἀρχιερεῖς

239 1546 547 1614 γεγονότες,
578 1545 666 1596 διὰ
696 1543 756 1595 τὸ
809 1541 1017 1611 θανάτῳ
1052 1540 1353 1593 κωλύεσθαι
1383 1542 1718 1611 παραμένειν
1740 1560 1752 1571 ο
1783 1542 1813 1594 6

240 1638 331 1702 δὲ,
356 1636 448 1689 διὰ
489 1635 550 1687 τὸ
583 1634 765 1705 μένειν
804 1632 963 1685 αὑτὸν
1002 1633 1081 1694 είς
1122 1631 1212 1684 τὸν
1239 1632 1430 1693 αἰῶνα,
1460 1631 1813 1702 ἀπαρὰὀατον

1918 458 2152 512 hominis
2173 457 2334 511 etiam
2364 457 2415 510 in
2448 464 2588 509 terra
2621 452 2922 508 dimittendi
2959 462 3213 520 peccata;
3243 472 3262 504 ι
3294 463 3352 508 ιιι
3381 455 3495 524 ipse

1917 547 2048 603 dicit
2073 546 2265 603 alicubi
2295 547 2359 599 ³³.
2394 544 2527 599 Cum
2560 544 2727 616 igitur
2758 543 2949 623 legalis
2980 544 3305 610 severitatis,
3336 553 3395 597 ut
3422 546 3494 598 ita

1917 637 2121 704 dicam,
2170 636 2520 692 acerbitatem
2579 649 2701 689 cum
2755 634 2953 688 Christi
3003 634 3178 688 salute
3225 644 3280 687 et
3322 635 3493 701 gratia

1917 740 2315 795 comparamus,
2346 726 2579 781 dicimus
2612 725 3013 779 misericordem
3056 724 3369 779 Pontiﬁcem
3410 725 3494 778 fa-

1917 828 2061 871 ctum
2098 817 2264 873 fuisse
2292 816 2591 873 Christum.
2624 816 2747 869 Fuit
2780 818 2921 870 enim
2955 828 3009 870 el
3037 825 3119 869 est
3153 816 3290 869 Deus
3324 817 3497 870 bonus

1916 921 1983 961 ex
2013 916 2228 972 natura,
2267 907 2503 961 clemens
2540 907 2665 960 item
2702 921 2913 975 semper
2948 921 3010 958 ac
3044 906 3373 969 misericors,
3404 920 3498 960 ne-

1915 1011 2022 1066 que
2050 996 2170 1052 talis
2196 998 2248 1051 in
2284 1008 2524 1066 tempore
2555 998 2753 1073 evasit,
2802 996 2897 1051 sed
2930 997 3192 1064 ejusmodi
3236 1006 3320 1050 est
3367 1011 3496 1065 erga

1919 1103 2016 1144 uos
2058 1098 2329 1145 ostensus.
2372 1089 2684 1158 Appellatus
2728 1095 2812 1141 est
2842 1095 3019 1141 autem
3067 1087 3258 1149 ﬁdelis,
3307 1096 3365 1139 ut
3404 1089 3496 1156 qui

1918 1188 2132 1233 maneat
2180 1193 2392 1247 semper
2437 1182 2578 1248 quod
2613 1187 2714 1243 est,
2764 1186 2821 1230 ut
2852 1178 3013 1230 etiam
3066 1178 3132 1231 de
3181 1178 3297 1245 ipso
3343 1176 3499 1232 Patre

1918 1269 2127 1325 dictum
2146 1280 2230 1324 est
2257 1288 2270 1323 :
2301 1287 2319 1320 ι
2341 1268 2545 1324 Fidelis
2564 1278 2744 1323 autem
2774 1271 2940 1333 Deus,
2964 1269 3053 1337 qui
3087 1285 3190 1323 non
3225 1272 3503 1340 permittet

1921 1376 2020 1415 nos
2048 1362 2245 1415 tentari
2284 1377 2445 1429 supra
2486 1377 2645 1426 quam
2686 1376 2974 1430 possumus
3017 1361 3083 1415 ν’.
3116 1381 3136 1413 ι
3176 1362 3314 1434 Ergo
3338 1364 3502 1417 mise-

1922 1452 2093 1505 ricors
2112 1463 2165 1506 et
2183 1453 2354 1506 fidelis
2381 1452 2630 1507 Pontifex
2656 1454 2707 1505 in
2734 1469 2832 1505 nos
2859 1453 3033 1507 factus
3052 1464 3134 1507 est
3164 1454 3498 1511 Emmanuel.

1922 1541 1992 1596 Ut
2023 1543 2169 1595 enim
2208 1543 2404 1597 Paulus
2438 1545 2513 1597 ait
2544 1562 2556 1596 :
2596 1563 2615 1595 ι
2651 1544 2838 1598 Plures
2866 1545 2989 1597 facti
3026 1556 3151 1599 sunt
3191 1548 3499 1600 sacerdotes

1919 1646 1983 1687 eo
2003 1636 2144 1701 quod
2170 1644 2340 1686 morte
2370 1634 2787 1701 prohiberentur
2813 1649 3130 1704 pertimuere.
3156 1654 3169 1689 :
3206 1638 3294 1691 hic
3317 1648 3498 1692 autem

242 1729 358 1798 ἔχει
390 1726 488 1796 τὴν
520 1723 842 1795 ἱερωσύνην·
870 1721 992 1775 ὅθεν
1021 1721 1116 1774 καὶ
1141 1718 1335 1783 σώζειν
1359 1722 1438 1784 εἰς
1466 1720 1526 1773 τὸ
1557 1721 1816 1784 παντελὲς

1928 1739 1984 1777 eo
2020 1726 2159 1793 quod
2207 1734 2424 1781 maneat
2467 1727 2521 1779 in
2569 1735 2857 1790 aeternum,
2902 1729 3289 1794 sempiternum
3337 1729 3503 1785 habet

241 1823 464 1874 δύναται
506 1821 632 1883 τοὺς
680 1815 1150 1889 προσερχομένους
1202 1814 1271 1866 δι’
1315 1813 1482 1867 αὑτοῦ
1537 1813 1615 1881 τῷ
1661 1813 1815 1881 Θεῷ·

242 1913 474 1967 πάντοτε
516 1912 625 1975 ζῶν
655 1912 734 1973 εἰς
772 1909 835 1961 τὸ
866 1907 1212 1974 ἐντυγχάνειν
1247 1904 1386 1973 ὑπὲρ
1412 1903 1608 1956 αὐτῶν.
1643 1922 1662 1954 ι
1697 1903 1825 1956 Ὅτι

238 2008 299 2062 δὲ
328 2005 609 2077 μεμένηκε
630 2004 763 2066 θεὸς
787 2005 816 2056 6
842 2003 907 2056 ὲκ
925 2000 1134 2070 Πατρὸς
1158 2000 1345 2067 Λόγος,
1378 1999 1553 2051 καίτοι
1577 1997 1822 2067 γεγονὼς

243 2099 449 2169 ἱερεὺς,
474 2095 617 2150 κατὰ
645 2094 707 2149 τὸ
732 2093 1138 2165 γεγραμμένον,
1164 2090 1254 2143 διὰ
1281 2090 1340 2143 τὸ
1368 2090 1573 2161 πρέπον
1591 2093 1657 2160 τῇ
1685 2088 1824 2159 μετὰ

240 2187 454 2259 σαρκὸς
506 2184 790 2255 οἰκονομίᾳ
839 2182 1029 2253 σχῆμά
1072 2199 1132 2234 τε
1177 2181 1272 2234 καὶ
1325 2181 1539 2250 μέτρον,
1569 2180 1823 2251 ἀποχρῶν

238 2281 376 2349 ἡμῖν
409 2278 490 2338 εἰς
528 2274 899 2345 πληροφορίαν
924 2276 953 2326 6
977 2270 1071 2325 τοῦ
1112 2271 1382 2342 μακαρίου
1418 2271 1628 2324 Παύλου
1667 2272 1823 2339 γεγέ-

240 2384 402 2438 νηται
448 2365 793 2434 ΛόγοςῙΕςςη
837 2365 947 2432 γὰρ
993 2362 1190 2416 πάλιν·
1229 2381 1246 2412 ι
1280 2361 1590 2428 Κεφάλαιον
1628 2362 1685 2414 δὲ
1731 2362 1824 2413 ἐπὶ

238 2460 353 2521 τοῖς
400 2454 731 2527 εἰρημένοις,
762 2453 1000 2506 τοιοῦτον
1034 2452 1229 2523 ἔχομεν
1259 2454 1536 2522 ἀρχιερέα,
1562 2451 1621 2514 ὃς
1663 2450 1825 2504 ἐκάθ-

243 2564 361 2600 ισεν
390 2548 448 2600 ὲν
481 2545 631 2615 δεξιᾷ
662 2544 756 2597 τοῦ
788 2544 977 2614 θρόνου
1024 2544 1122 2613 τῆς
1170 2542 1556 2611 μεγαλωσύνης
1608 2543 1666 2594 ὲν
1712 2544 1823 2605 τοῖς

238 2636 515 2709 οὐρανοῖς,
544 2636 650 2689 τῶν
679 2635 849 2703 ἁγίων
888 2632 1204 2703 λειτουργὸς
1231 2634 1324 2685 καί
1362 2632 1464 2701 τῆς
1494 2632 1697 2701 σκηνῆς
1729 2633 1826 2703 τῆς

240 2726 545 2797 ἀληθινῆς,
574 2726 642 2797 ἣν
673 2723 871 2794 ἔπηξεν
899 2725 928 2776 6
965 2723 1167 2793 Κύριος
1196 2723 1297 2775 καὶ
1342 2723 1441 2776 οὐκ
1474 2721 1776 2792 ἄνθρωπος.
1800 2742 1821 2775 ι

243 2796 445 2889 Ἀθρει
474 2796 541 2887 δὴ
568 2812 682 2881 οὖν,
711 2814 863 2886 ἄθρει
906 2815 999 2867 τὸν
1040 2815 1104 2866 ὲκ
1124 2812 1254 2866 Θεοῦ
1283 2812 1456 2882 φύντα
1487 2812 1677 2880 Λόγον,
1710 2813 1827 2867 aa-

239 2904 662 2979 πρέποντα“μὲν
704 2907 778 2970 ὡς
807 2905 937 2959 Θεὸν
978 2907 1098 2968 ταῖς
1141 2904 1472 2975 ὑπερτάταις
1515 2904 1823 2969 εύκλείαις,

238 3001 338 3054 καὶ
367 3004 428 3054 ὲν
457 3001 568 3062 τοῖς
592 2999 691 3069 τῆς
722 2997 974 3069 θεότητος
1008 2996 1221 3059 θώκοις,
1247 2994 1631 3066 ἱερουργοῦντα
1654 2997 1711 3049 δὲ
1732 2997 1825 3050 τὸν

238 3091 406 3145 αὑτὸν
447 3090 523 3152 ὼς
551 3090 867 3161 ἄνθρωπον*
904 3088 1137 3149 καὶούκ
1179 3088 1421 3154 ἐπίγειον
1464 3086 1586 3140 τινὰ
1635 3087 1826 3140 θυσίαν

240 3180 684 3251 προσκομίζοντα
717 3180 792 3248 τῷ
820 3179 1014 3247 Πατρί,
1046 3178 1193 3231 θείαν
1223 3178 1279 3230 δὲ
1326 3176 1525 3244 μᾶλλον
1577 3179 1670 3230 καὶ
1701 3194 1825 3247 νοη-

240 3272 362 3343 τὴν.
388 3272 484 3324 καὶ
511 3272 715 3340 σκηνὴν
739 3268 924 3340 ῶσπερ
951 3269 1111 3337 ἁγίαν
1141 3267 1330 3339 ἔχοντα
1358 3269 1448 3333 τὸν
1478 3269 1726 3339 οὐρανόν.
1748 3272 1824 3323 Οὐ

243 3364 356 3434 γὰρ
390 3361 535 3415 κατὰ
562 3361 722 3429 νόμον
759 3361 975 3429 ἐντολῆς
1016 3360 1275 3429 σαρκίνης
1304 3359 1527 3427 γέγονεν
1565 3362 1592 3412 6
1635 3363 1824 3431 ἀρχιε-

244 3453 397 3524 ρεὺς,
430 3452 565 3505 ἀλλὰ
611 3451 755 3504 κατὰ
799 3451 1028 3521 δύναμιν
1081 3450 1227 3519 ζωῆς
1269 3449 1632 3510 ἀκαταλύτου,
1687 3452 1826 3505 καθὰ

240 3545 584 3614 γέγραπται.
614 3541 811 3604 Πιστὸς
842 3537 936 3594 οὖν
964 3542 1070 3612 ἄρα
1103 3541 1197 3594 καὶ
1229 3541 1370 3595 κατὰ
1398 3530 1577 3603 τούτο,
1601 3545 1827 3605 καὶτοῖς

241 3632 571 3704 προσιοῦσιν
608 3633 885 3703 ἐχέγγυος,
921 3632 999 3695 εἷς
1033 3648 1095 3699 γε
1127 3632 1187 3683 τὸ
1230 3630 1491 3685 δύνασθαι
1529 3634 1623 3685 καὶ
1680 3634 1826 3703 μάλα

241 3724 455 3796 ῥαδίως
493 3723 775 3786 διασώζειν
812 3723 1042 3785 αὐτούς·
1095 3710 1285 3791 αἵματι
1317 3722 1427 3792 γὰρ
1469 3722 1551 3792 τῷ
1585 3723 1705 3792 ἰδίῳ·
1732 3724 1828 3778 καὶ

244 3817 353 3885 μιᾷ
382 3815 670 3884 προσφορᾷ
696 3813 1045 3865 τετελείωκεν
1067 3814 1144 3874 εἰς
1167 3811 1228 3863 τὸ
1250 3811 1491 3881 διηνεκὲς
1517 3813 1642 3875 τοὺς
1669 3814 1828 3881 ἁγια-

238 3905 539 3975 ζομένους.
572 3906 733 3957 Τουτὶ
779 3904 886 3974 γὰρ
934 3900 1089 3971 οἶμαι
1134 3903 1327 3972 δηλοῦν
1375 3903 1465 3955 τὸν
1518 3904 1662 3974 ἱερὸν
1699 3906 1829 3975 ἡμῖν

237 3996 488 4061 λέγοντα
516 3991 727 4043 Παῦλον
746 4006 758 4018 ·
795 4011 812 4042 ι
836 3992 922 4042 Ἑν
951 3984 995 4056 ᾧ
1029 3991 1135 4058 γὰρ
1164 3988 1426 4042 πέπονθεν
1454 3988 1614 4051 αὐτὸς
1640 4006 1828 4060 πειρα-

241 4083 443 4144 σθεὶς,
497 4078 720 4132 δύναται
773 4082 880 4140 τοῖς
931 4078 1344 4147 πειραζομένοις
1396 4076 1674 4147 βοηθῆσαι.
1707 4097 1725 4130 ι
1762 4079 1826 4131 Τί

238 4175 433 4229 τοίνυν
461 4165 594 4242 ἡμῖν
622 4170 729 4222 τῶν
759 4172 837 4232 εἰς
860 4169 1139 4220 εὐσέϐειαν
1164 4168 1454 4238 ἀφειδήσας
1478 4171 1711 4233 ἐννοιῶν,
1733 4172 1827 4225 καὶ

239 4266 361 4318 τῶν
396 4267 476 4327 εἰς
508 4263 778 4333 ὀρθότητα
814 4262 908 4314 καὶ
941 4259 1197 4327 ἀλήθειαν
1229 4262 1593 4332 ἁποφοιτήσας
1630 4263 1823 4332 λόγων,

254 4359 319 4410 Ὀ
358 4356 561 4421 παθὼν,
591 4357 775 4426 φησίν,
816 4353 1104 4423 ἀρχιερεὺς
1147 4353 1389 4422 ἐλεήμων
1410 4371 1422 4383 ·
1458 4354 1695 4424 παθητὸς
1719 4356 1775 4408 δὲ
1795 4357 1824 4408 6

240 4447 406 4510 ναὸς,
435 4447 533 4515 οὐχ
552 4449 580 4499 6
609 4444 869 4510 ζωοποιὸς
891 4442 986 4495 τοῦ
1012 4442 1338 4504 πεπονθότος
1368 4439 1535 4509 Θεός;
1566 4444 1687 4497 ’Ότι
1732 4445 1828 4514 μὲν

240 4536 347 4595 οὖν
384 4536 549 4606 σαρκί
580 4536 844 4588 πέπονθεν
875 4532 1016 4588 ἑκὼν
1039 4534 1105 4585 δι’
1136 4533 1281 4602 ἡμᾶς
1308 4536 1335 4586 6
1359 4533 1451 4585 τοῦ
1474 4533 1609 4586 Θεοῦ
1637 4534 1829 4601 Λόγος,

136 4659 143 4665 -
241 4632 307 4679 ἐν
356 4625 474 4695 ἰδίῳ
501 4625 674 4695 καιρῷ
710 4625 1090 4695 δειχθήσεται·
1124 4625 1205 4675 ὅτι
1235 4623 1291 4674 δὲ
1329 4623 1540 4693 μερίζει
1573 4623 1664 4677 τὸν
1690 4624 1832 4692 ἁμέ-

242 4733 469 4790 ριστον,
502 4716 595 4769 καὶ
622 4716 714 4769 δύο
745 4716 1034 4787 πρεσϐεύει
1060 4716 1323 4785 Χριστοὺς
1347 4718 1413 4784 τῇ
1439 4714 1545 4767 τῶν
1572 4714 1717 4767 ἰδίων
1747 4716 1835 4765 ὲν-

238 4809 417 4864 νοιῶν
438 4807 686 4877 δυνάμει,
710 4807 810 4861 κᾶν
836 4811 884 4860 εἰ
920 4806 1158 4875 φαίνοιτό
1212 4823 1311 4857 που
1339 4805 1571 4872 Χριστὸν
1613 4804 1709 4855 ἕνα
1744 4804 1833 4856 λέ-

238 4920 388 4971 γων,
426 4899 580 4953 οὐδὲν
609 4895 768 4971 ἦττον
809 4898 1192 4968 ἐλεγχθήσεται
1245 4897 1341 4949 καὶ
1381 4895 1471 4948 διὰ
1512 4894 1621 4947 τῶν
1673 4895 1833 4959 εὐθὺς

239 4989 707 5060 ἐπενηνεγμένων
727 5004 740 5017 ’
766 4987 870 5055 ἔφη
893 4988 999 5058 γὰρ
1035 4988 1194 5040 πάλιν
1210 5004 1223 5016 ·

320 5082 383 5156 [ι
416 5082 647 5150 Σπέρμα
697 5079 945 5147 Ἀϐραὰμ
984 5080 1011 5130 ὁ
1049 5078 1172 5147 χθὲς
1218 5079 1310 5130 καὶ
1341 5079 1614 5147 σήμερον,
1647 5095 1664 5126 ι
1694 5074 1835 5127 κατὰ

241 5177 346 5246 τὴν
375 5174 474 5227 τοῦ
502 5171 717 5243 Παύλου
749 5170 951 5241 φωνὴν,
976 5171 1071 5239 οὐχ
1093 5170 1121 5219 6
1141 5170 1335 5237 λέγων,
1367 5189 1384 5219 ι
1410 5170 1544 5238 Πρὶν
1584 5167 1835 5237 Ἀϐραὰμ

1921 1817 2318 1881 sacerdotium;
2359 1816 2501 1871 unde
2534 1830 2586 1870 et
2617 1819 2829 1870 salvare
2878 1820 2931 1870 in
2964 1830 3279 1886 perpetuum
3326 1829 3502 1888 potest

1923 1907 2242 1960 accedentes
2279 1921 2374 1974 per
2405 1908 2577 1973 ipsum
2621 1909 2684 1961 ad
2734 1906 2925 1973 Deum,
2963 1924 3178 1977 semper
3212 1910 3401 1963 vivens
3434 1911 3501 1966 ad

1924 1994 2374 2063 interpellandum
2428 2012 2523 2064 pro
2555 1997 2632 2050 eis
2665 1996 2732 2050 ³⁵.
2776 2015 2795 2049 ι
2844 1994 3013 2051 Porro
3054 1997 3180 2050 illud
3224 2012 3291 2052 ex
3340 1998 3503 2054 l‘atre

1928 2085 2160 2140 Verbum
2190 2086 2457 2140 mansisse
2497 2085 2684 2151 Deum,
2722 2088 2967 2155 quamvis
3000 2086 3174 2143 factus
3219 2089 3290 2142 sit
3318 2105 3500 2146 sacer-

1926 2177 2045 2241 dOS,
2081 2186 2137 2229 ut
2185 2176 2443 2244 scriptum
2476 2186 2578 2241 est,
2613 2188 2830 2244 propter
2869 2178 3113 2232 habitum
3157 2189 3317 2248 atque
3340 2198 3503 2236 men-

1924 2284 2107 2323 suram
2153 2267 2227 2321 illi
2268 2283 2388 2321 eum
2432 2282 2595 2322 carne
2638 2268 3027 2335 dispensationi
3066 2271 3500 2337 convenientem,

1924 2361 2069 2415 beati
2116 2360 2270 2414 Pauli
2317 2361 2478 2413 verba
2522 2372 2644 2413 sunt
2691 2362 2758 2411 ad
2793 2360 2947 2414 fidem
2998 2360 3294 2414 faciendam
3330 2364 3501 2417 satis:

1925 2452 2061 2503 dixit
2094 2452 2237 2504 enim
2278 2466 2491 2503 rursum
2520 2466 2533 2501 :
2567 2469 2585 2499 ι
2615 2448 2923 2517 Capitulnm
2952 2465 3078 2502 vero
3098 2466 3261 2517 super
3283 2451 3365 2503 his
3385 2467 3506 2520 qua;

1925 2541 2064 2594 dicta
2102 2549 2248 2601 sunt.
2291 2539 2450 2592 talem
2490 2540 2749 2591 habemus
2790 2536 3104 2591 Pontilicem
3152 2541 3241 2607 qui
3276 2543 3416 2595 sedit
3450 2542 3501 2594 in

1925 2633 2146 2703 dextera
2172 2632 2314 2685 sedis
2346 2630 2731 2699 magnitudinis
2760 2631 2814 2682 in
2849 2629 3021 2692 caelis,
3063 2642 3372 2684 sanctorum
3405 2632 3505 2685 mi—

1926 2724 2117 2782 nister.
2163 2731 2217 2775 et
2246 2720 2580 2775 tabernaculi
2632 2722 2768 2787 veri,
2798 2725 2942 2790 quod
2998 2721 3113 2774 fixit
3165 2723 3419 2777 Dominus
3450 2733 3504 2779 et

1922 2828 2030 2866 non
2066 2814 2224 2865 homo
2252 2811 2318 2864 ³⁸.
2362 2830 2382 2862 ι
2425 2812 2553 2863 Vide
2590 2811 2751 2879 igitur
2787 2825 2966 2877 quaeso
3006 2811 3134 2863 illud
3164 2828 3228 2864 ex
3268 2811 3376 2864 Deo
3415 2829 3507 2881 ge-

1927 2905 2096 2956 nitum
2130 2900 2361 2956 Verbum
2392 2917 2512 2955 cum
2556 2902 3001 2970 praestantissima
3038 2902 3204 2970 gloria
3251 2914 3505 2974 tanquam

1930 2996 2066 3049 Deus
2087 2989 2378 3062 praecellat,
2395 3003 2449 3047 et
2467 2992 2516 3045 in
2538 2992 2663 3046 sede
2681 2991 2973 3045 divinitatis
2990 2992 3243 3058 emineat,
3258 2999 3504 3052 emndem

1852 3071 1894 3129 C
1929 3088 2231 3141 sacerdotio
2255 3084 2405 3155 fungi
2434 3096 2684 3154 tanquam
2714 3085 3007 3147 hominem;
3050 3099 3221 3153 neque
3240 3096 3504 3144 terrenam

1925 3179 2161 3246 aliquam
2188 3179 2456 3231 victimam
2485 3176 2633 3230 Patri
2668 3174 2884 3239 offerre,
2912 3175 3018 3246 75
3051 3178 3144 3231 sed
3171 3178 3404 3233 divinam
3441 3195 3506 3236 ac

1925 3265 2244 3334 spiritalem,
2274 3275 2330 3319 et
2357 3280 2454 3334 pro
2481 3274 2669 3319 sancto
2693 3267 3040 3320 tabernaculo
3061 3266 3257 3321 coelum
3285 3270 3505 3328 habere.

1926 3356 2045 3411 Non
2079 3359 2225 3413 enim
2259 3358 2556 3411 secundum
2591 3356 2760 3425 legem
2801 3359 3036 3412 mandati
3069 3360 3305 3415 carnalis
3333 3360 3509 3418 factus

1925 3462 2006 3502 εει
2027 3450 2306 3510 sacerdos,
2341 3449 2434 3503 sed
2458 3450 2749 3503 secundum
2775 3449 3025 3505 virtutem
3051 3451 3171 3506 vita»
3188 3452 3504 3517 insolubilis,

1927 3550 1985 3594 ut
2038 3542 2299 3610 scriptum
2353 3549 2437 3595 est
2474 3540 2542 3597 ³⁷.
2608 3540 2809 3595 Fidelis
2858 3550 2943 3595 est
2992 3541 3152 3610 igitur
3200 3544 3365 3598 etiam
3406 3546 3509 3599 hac

1928 3631 2155 3695 ratione,
2205 3640 2259 3685 et
2294 3631 2678 3686 aet-edentibus
2722 3631 3004 3699 fideiussor
3030 3633 3096 3686 ad
3131 3634 3359 3689 salutem
3402 3635 3510 3691 illis

1926 3734 1980 3777 et
2008 3724 2224 3791 quidem
2254 3722 2507 3777 facillime
2529 3725 2891 3792 praestandam
2919 3741 2934 3778 :
2961 3726 3224 3794 sanguine
3243 3726 3388 3780 enim
3411 3742 3511 3782 suo

1928 3825 1982 3867 et
2003 3830 2109 3867 una
2132 3814 2407 3868 oblatione
2435 3817 2826 3868 consummavit
2850 3816 2901 3868 iu
2920 3825 3181 3869 :cternum
3199 3819 3508 3873 sanctiﬁca-

1930 3914 2046 3959 tos:
2077 3905 2132 3959 id
2160 3920 2391 3973 namque
2425 3906 2576 3958 nobis
2606 3907 2818 3958 beatum
2839 3905 3062 3958 Paulum
3087 3907 3390 3975 significare
3415 3924 3511 3977 pu—

1930 4006 2002 4061 to,
2024 4013 2142 4051 cum
2170 3997 2295 4050 dicit
2321 4013 2383 4063 λι
2415 3997 2468 4049 In
2487 4011 2593 4063 quo
2619 3996 2760 4048 enim
2788 4011 2974 4062 passus
3002 4006 3085 4048 est
3112 3997 3223 4061 ipse
3249 4005 3507 4061 tentatus,
3560 4012 3565 4015 '

1928 4100 2117 4157 potens
2141 4097 2217 4141 est
2246 4088 2323 4141 eis
2352 4088 2440 4154 qui
2473 4094 2767 4145 tentantur,
2789 4085 3035 4137 auxiliari
3071 4086 3133 4139 ³⁸.
3167 4105 3184 4136 ι
3217 4088 3323 4139 Cur
3351 4089 3512 4157 igitur

1928 4180 2126 4248 pietate
2166 4177 2556 4229 sententiarum
2594 4174 2861 4241 neglecta,
2902 4184 2955 4226 et
2986 4191 3014 4227 a
3064 4177 3223 4230 rectis
3257 4184 3511 4247 verisque

1928 4268 2273 4323 sermonibus
2312 4267 2631 4327 abscedens,
2664 4265 2766 4329 Qui
2796 4280 2986 4333 passus
3013 4274 3113 4330 est,
3146 4266 3338 4336 inquit,
3368 4266 3511 4322 Pon-

1934 4361 2058 4412 tifex
2096 4368 2179 4410 est
2221 4357 2311 4411 ille
2357 4357 2685 4421 misericors,
2734 4356 2952 4425 patibile
2999 4373 3126 4411 vero
3163 4358 3333 4426 ipsum
3378 4369 3513 4414 tem-

1936 4451 2102 4517 plum,
2136 4465 2239 4502 non
2283 4448 2370 4502 ille
2414 4448 2719 4501 vivificator
2751 4449 2892 4516 passi
2938 4448 3113 4500 Deus?
3143 4447 3318 4502 Carne
3349 4449 3513 4518 igitur

1934 4549 2125 4607 sponte
2165 4549 2383 4608 promer
2415 4553 2513 4594 nos
2537 4552 2753 4606 passum
2782 4552 2900 4591 esse
2930 4539 3099 4603 ipsum
3129 4537 3218 4591 Dei
3249 4535 3507 4603 Verbum,

1933 4647 2032 4684 suo
2065 4640 2305 4696 tempore
2340 4629 2796 4683 demoustrabitur
2836 4645 2849 4680 :
2884 4629 2977 4681 sed
3021 4628 3347 4683 individuum
3374 4630 3511 4684 divi-

1937 4722 2083 4782 dere,
2112 4722 2351 4788 duosque
2383 4719 2627 4772 Christos
2660 4733 2725 4771 ex
2757 4719 2805 4770 vi
2853 4733 3074 4772 suarum
3120 4721 3508 4775 sententiarum

1936 4811 2249 4877 prmdicare,
2267 4809 2479 4863 tametsi
2505 4810 2826 4876 quandoque
2850 4824 3013 4862 mium
3033 4810 3305 4866 (,hristum
3328 4814 3510 4867 dicere

1943 4899 2209 4960 videatur,
2247 4896 2595 4951 nihilominus
2620 4911 2686 4950 ex
2713 4898 2797 4951 his
2820 4912 2939 4967 quae
2965 4898 3146 4950 statim
3174 4900 3351 4963 infert,
3381 4914 3510 4951 con-

1943 4988 2183 5039 vincetur
2214 5004 2226 5039 :
2253 4988 2388 5040 dixit.
2415 4989 2559 5041 enim
2591 5002 2777 5041 rursus
2827 5006 2841 5043 :

2014 5077 2274 5147 [Νεετοιι.
2307 5096 2325 5128 ι
2352 5079 2548 5133 Semen
2582 5079 2854 5132 Abraham
2888 5080 2931 5133 is
2961 5089 3044 5132 est
3080 5079 3168 5145 qui
3199 5077 3310 5129 heri
3342 5084 3423 5128 est
3456 5086 3511 5130 et

1946 5169 2123 5231 hodie,
2156 5189 2173 5219 ι
2205 5180 2258 5220 ut
2285 5168 2484 5224 Paulus
2502 5169 2681 5232 εἰμεν,
2704 5185 2806 5221 non
2835 5171 2921 5235 qui
2949 5169 3080 5220 dixit
3110 5185 3123 5220 :
3154 5185 3170 5216 ι
3198 5167 3509 5233 Priusquam

241 5263 532 5333 γενέσθαι,
585 5261 696 5330 ἐγώ
740 5263 920 5331 εἰμι.»
974 5263 1194 5331 Ὂμοιος
1235 5263 1347 5323 τοῖς
1396 5259 1643 5327 ἀδελφοῖς
1698 5258 1823 5309 κατέ

1943 5262 2212 5313 Abraham
2252 5262 2423 5325 fieret,
2458 5276 2555 5329 ego
2582 5276 2698 5313 sum
2727 5260 2789 5313 ³⁹.
2819 5278 2837 5310 ι
2872 5257 3076 5310 Similis
3117 5255 3372 5307 fratribus
3415 5270 3513 5324 per

243 5357 458 5420 πάντα,
509 5358 537 5408 ὁ
569 5355 745 5424 ψυχῆς
788 5352 1136 5423 ἀνθρωπίνης
1183 5352 1278 5403 καὶ
1310 5350 1511 5419 σαρκὸς
1552 5346 1823 5402 ἁναλαϐὼι

1944 5353 2123 5405 omnia
2141 5351 2208 5415 "°,
2231 5354 2321 5421 qui
2352 5355 2596 5406 humana:
2625 5350 2818 5403 anima:
2840 5358 2894 5401 et
2912 5347 3093 5400 carnis
3118 5346 3508 5401 fraternitatem

1982 5526 2023 5553 ³⁸
2062 5524 2219 5577 llebr.
2248 5541 2357 5585 vui,
2387 5525 2436 5582 1,
2462 5524 2515 5575 9..
2619 5523 2658 5551 ³⁷
2703 5521 2865 5573 llcbr.
2895 5532 2988 5583 vn,
3011 5519 3102 5571 9.3.
3180 5521 3222 5550 ³⁸
3264 5520 3422 5571 llebr.
3453 5531 3518 5586 tt,

320 5536 369 5569 ³³
404 5534 536 5587 Luc.
563 5548 611 5595 ν,
636 5533 727 5588 2i.
804 5534 850 5564 ³⁸⁵
884 5533 901 5582 1
935 5531 1060 5583 Cor.
1089 5545 1142 5584 κ.
1171 5528 1253 5580 1'5.
1328 5527 1370 5558 ³⁸
1402 5526 1563 5580 llebr.
1593 5542 1690 5584 vn,
1713 5525 1902 5578 ‘25—‘23.

248 5612 336 5664 ιδ,
424 5607 485 5634 38'
529 5604 684 5658 Hem,
715 5607 887 5667 xm,8.
970 5603 1010 5630 δι’
1044 5600 1196 5652 Jnau.
1227 5614 1338 5658 \‘III,
1367 5598 1451 5648 38.
1530 5598 1571 5625 “’
1612 5597 1752 5647 llrhr
1802 5613 1856 5657 Il,
1884 5597 1968 5648 77.
