3926 6126
385 278 488 334 135

1412 220 1472 325 Δ8.
1512 265 1790 325 CYRILLI
1825 260 2292 321 ALEXANDRINI
2328 257 2647 315 ARCHIEP.

3536 257 3639 312 156

385 394 650 464 suscepit,
680 407 787 448 non
813 394 905 449 ille
951 392 1042 463 qui
1090 390 1267 445 dixit:
1310 410 1328 442 ι
1369 388 1469 457 Qui
1500 389 1633 443 vidit
1683 403 1787 451 me,
1814 388 1949 441 vidit

2059 383 2405 453 Ξιδελφότητα,
2421 382 2520 451 οὺχ
2538 381 2566 433 6
2580 381 2753 448 λέγων
2777 394 2793 413 ⁸
2831 379 2890 432 '0
2904 378 3160 449 ἑωρακὼς
3179 379 3295 450 ἐμὲ,
3317 377 3529 451 ἑώρακε
3543 379 3637 432 τὸν

385 500 440 541 ct
463 487 676 542 Patrem
707 486 750 518 “
803 505 822 538 ι
859 479 1169 539 Missus'est
1195 492 1375 535 autem
1409 480 1496 533 ille
1530 479 1683 534 nobis
1719 480 1954 531 consub-

386 555 690 640 stantialis‘,
740 588 795 631 et
820 585 1012 630 unctus
1050 584 1130 627 est
1161 572 1464 641 praedicans
1496 570 1727 640 captivis
1763 568 1954 623 remis-

386 668 593 723 sionem
628 675 683 721 et
727 666 885 720 calcis
932 662 1238 716 visnan
1278 661 1511 729 Spiritus
1551 659 1696 714 enim
1740 657 1954 713 Domini

388 772 550 827 super
588 771 707 821 me,
739 765 958 824 propter
985 754 1127 822 quod
1169 753 1321 804 unxit
1351 764 1456 804 tne.
1490 747 1539 821 ι]

1042 886 1197 943 CAP.
1239 885 1329 939 lll.

464 1022 666 1078 Dividit
698 1036 829 1092 ergo
856 1035 1072 1074 rursum
1107 1020 1160 1073 in
1194 1019 1347 1081 duos,
1377 1026 1435 1072 ut
1458 1016 1802 1087 perspicuum
1832 1024 1952 1070 est:

389 1115 534 1186 atqui
567 1114 840 1182 quomodo
888 1127 998 1167 non
1037 1110 1380 1165 convinceris
1417 1108 1667 1162 animalis
1717 1121 1858 1171 esse,
1904 1115 1959 1159 et

386 1207 637 1275 spiritum
679 1220 786 1258 non
816 1203 1038 1263 habere,
1082 1212 1143 1255 ut
1197 1201 1275 1254 ait
1322 1200 1413 1254 ille
1444 1197 1747 1253 Salvatoris
1785 1197 1956 1252 nostri

388 1294 722 1364 discipulus?
761 1291 866 1348 Sed
900 1295 984 1346 vis
1007 1304 1159 1345 certe
1190 1291 1304 1357 ipsa
1335 1289 1580 1344 veritatis
1614 1289 1720 1342 tuis
1756 1286 1957 1349 verbis,

387 1389 536 1456 oqui
570 1387 640 1440 ita
697 1385 889 1448 sentis,
942 1389 1227 1451 repugnat.
1274 1378 1385 1434 Nos
1439 1381 1581 1434 enim
1630 1379 1959 1433 aliirntatnus

391 1482 566 1546 ipsunt
597 1492 663 1532 ex
697 1477 809 1530 Deo
841 1475 1002 1528 Patre
1049 1471 1280 1526 Verbum
1309 1471 1729 1540 appreltendisse
1772 1482 1956 1521 Semen

390 1569 688 1631 Abraham,
720 1578 774 1619 et
801 1580 956 1619 suum
1006 1562 1201 1617 fecisse
1244 1577 1443 1630 corpus
1472 1561 1651 1613 anima
1701 1557 1957 1612 rationali

392 1661 697 1730 praeditum,
732 1658 884 1721 illttd,
919 1656 1171 1723 inquam,
1199 1668 1263 1706 ex
1307 1663 1487 1705 sancta
1544 1650 1760 1721 Virgine
1809 1665 1959 1704 sum-

2055 475 2296 545 Πατέρα.
2330 493 2348 526 ι
2430 471 2732 541 ’Δπεστάλη
2782 470 2839 523 δὲ
2890 473 2917 524 6
2970 472 3099 540 ἡμῖν
3166 470 3488 541 ὁμοούσιος,
3542 472 3635 523 καὶ

2054 566 2335 635 κέχρισται
2363 562 2648 634 κηρύττων
2664 560 3029 631 αἰχμαλώτοις
3051 562 3267 628 ἄφεσιν,
3295 562 3389 615 καὶ
3413 561 3634 630 τυφλοῖς

2054 652 2370 721 ἀνάϐλεψιν.
2407 671 2426 704 ι
2448 650 2674 721 Πνεῦμα
2707 650 2815 723 γὰρ
2841 650 3049 721 Κυρίου
3080 651 3166 727 ἐπ’
3201 653 3325 719 ἐμὲ,
3362 644 3425 705 οῦ
3448 652 3633 705 ἕνεκεν

2055 741 2240 813 ἐχρισέ
2281 757 2369 811 με.
2404 759 2422 792 t
2454 740 2471 813 j

2658 876 2908 930 ΚΕΦΑΛ.
2956 876 3030 931 Γ’.

2126 992 2361 1082 Διορίζει
2386 1003 2479 1063 οὖν
2509 1010 2589 1073 είς
2633 1008 2726 1062 δύο
2761 1009 2828 1079 δὴ
2870 1010 3051 1075 πάλιν,
3097 1009 3195 1064 καὶ
3231 1010 3377 1082 μάλα
3407 1013 3629 1081 σαφῶς·

2057 1094 2175 1152 εἶτα
2229 1099 2345 1163 πῶς
2378 1100 2493 1183 οὐκ.
2525 1099 2808 1171 ὲλήλεγξαι
2845 1101 3075 1171 ψυχικὸς
3115 1103 3207 1156 καὶ
3275 1103 3493 1175 πνεῦμα
3558 1107 3632 1176 μὴ

2056 1189 2216 1260 ἔχων,
2262 1192 2409 1244 καθά
2452 1208 2585 1260 φησι
2637 1191 2730 1244 τοῦ
2766 1191 3018 1261 Σωτῆρος
3060 1192 3091 1243 6
3145 1193 3430 1265 μαθητής;
3493 1195 3633 1248 Ἀλλ’

2056 1279 2151 1349 ήτε
2182 1278 2194 1350 |
2223 1280 2309 1333 ισ.
2346 1281 2380 1351 ή
2422 1280 2527 1352 γε]
2558 1282 2654 1351 τῆς
2685 1281 2941 1351 ἀληθείας
2982 1282 3212 1354 δύναμις
3246 1289 3360 1349 τοῖς
3405 1289 3538 1352 σοῖς,
3587 1281 3632 1340 ὦ

2057 1360 2231 1432 οὗτος,
2260 1370 2601 1433 ἀντιτάξεται
2626 1369 2821 1437 λόγοις.
2850 1372 3305 1441 Διῖσχυριζόμεθα
3336 1375 3443 1447 γὰρ
3471 1376 3633 1429 αὐτὸν

2057 1461 2149 1513 τὸν
2183 1462 2246 1513 ἐκ
2280 1460 2412 1513 Θεοῦ
2456 1461 2668 1532 Πατρδς
2710 1462 2881 1530 Λόγον
2926 1464 3278 1518 ἐπιλαϐέσθαι
3322 1467 3632 1537 σπέρματος

2071 1551 2339 1621 Ἀϐραὰμ,
2388 1553 2480 1605 καὶ
2531 1554 2658 1606 ἴδιον
2701 1553 3026 1624 ποιήσασθαι
3076 1555 3235 1625 σῶμα
3276 1557 3452 1627 ψυχὴν
3496 1557 3632 1626 ἔχων

2060 1642 2181 1715 [ἵσ.
2219 1643 2373 1715 ἕχον]
2422 1643 2521 1713 τὴν
2558 1645 2802 1715 λογικὴν,
2845 1646 2905 1698 τὸ
2934 1649 2996 1699 ὲκ
3026 1648 3125 1717 τῆς
3150 1648 3310 1715 ἁγίας
3355 1650 3631 1719 Παρθένου

390 1722 542 1814 ptum
581 1762 596 1798 :
629 1746 811 1812 itaque
842 1757 937 1811 per
973 1722 1154 1795 veram
1183 1741 1433 1793 unionem
1463 1755 1628 1792 unum
1677 1741 1954 1792 eumdem-

2059 1735 2258 1802 ληφθὲν
2287 1735 2466 1805 σῶμα.
2506 1737 2615 1817 Καὶτ
2640 1736 2703 1806 δή
2742 1736 2865 1790 καθ’
2893 1738 3085 1792 ἕνωσιν
3108 1740 3300 1811 ἀληθῆ,
3334 1740 3429 1793 ἕνα
3454 1759 3515 1794 τε
3540 1745 3633 1794 καὶ

390 1851 495 1904 que
522 1836 750 1888 dicimus
779 1847 902 1888 esse
933 1833 1082 1885 illum
1125 1832 1238 1885 lteri
1268 1842 1323 1885 et
1347 1831 1506 1885 hodie
1559 1840 1615 1884 et
1650 1830 1701 1882 in
1733 1829 1953 1893 saecula,

390 1929 481 1996 qni
519 1927 811 1981 secundum
864 1923 1200 1977 divinitatem
1241 1926 1361 1976 erat
1405 1933 1532 1975 ante
1579 1920 1874 1982 Abraham,
1903 1931 1957 1974 et

393 2021 479 2090 qni
521 2027 704 2088 postea
754 2016 933 2070 factus
992 2024 1076 2068 est
1108 2016 1291 2078 homo,
1345 2025 1400 2066 et
1442 2013 1845 2082 generationem
1890 2026 1953 2063 ex

393 2111 618 2164 muliere
672 2108 863 2162 subiit.
930 2105 1043 2159 Non
1101 2118 1232 2173 ergo
1289 2103 1548 2157 mentitur
1597 2118 1719 2156 cunt
1772 2103 1952 2157 dicit:

394 2219 414 2252 ι
451 2202 622 2253 Amen
655 2199 780 2252 dico
812 2197 964 2251 vobis
989 2234 1005 2259 ,
1058 2196 1372 2265 priusquam
1428 2195 1706 2248 Abraham
1767 2192 1954 2257 lieret,

388 2308 489 2361 ego
519 2304 659 2344 sum.
704 2306 726 2340 ι
765 2285 873 2340 Sed
901 2287 1020 2341 iste
1044 2301 1265 2356 prorsus
1297 2300 1403 2339 non
1429 2284 1954 2353 intelligitquidnam

390 2382 519 2435 illttd
546 2380 637 2444 sit,
673 2379 788 2431 lteri
813 2387 868 2431 et
913 2377 1077 2430 hodie
1123 2384 1177 2430 et
1206 2376 1259 2428 itt
1316 2376 1514 2430 saecula
1540 2392 1555 2428 :
1585 2374 1694 2444 76
1748 2390 1868 2426 nant
1902 2382 1959 2426 ttt

286 2462 291 2469 ’
389 2481 650 2525 aeternum
686 2482 811 2523 esse
856 2476 911 2521 et
945 2467 1134 2520 eodem
1188 2467 1346 2521 modo
1402 2468 1603 2520 habere
1651 2470 1954 2521 secundum

393 2571 666 2622 natnram,
698 2572 872 2626 neque
923 2557 1285 2621 conversioni,
1332 2558 1729 2625 mutationique
1777 2557 1960 2624 subja-

390 2662 515 2703 cere
544 2647 635 2700 Dei
671 2643 903 2700 Verbum
935 2646 1265 2710 ostenderet,
1307 2647 1471 2699 etiam
1507 2648 1553 2701 si
1589 2648 1763 2700 factus
1789 2648 1948 2700 homo

391 2739 504 2804 sit,
560 2746 773 2805 tempus
812 2748 971 2790 amne
1026 2734 1280 2789 distinxit
1326 2736 1380 2789 in
1431 2736 1530 2790 tria
1583 2749 1825 2805 tempora
1854 2778 1868 2802 ,
1901 2744 1957 2790 et

392 2828 529 2892 lteri,
562 2827 628 2880 de
673 2826 945 2895 prmterito
983 2826 1159 2892 dixit;
1194 2827 1259 2880 de
1311 2829 1604 2894 praesenti,
1642 2828 1801 2881 hodie
1837 2844 1852 2893 ;
1893 2831 1958 2881 dc

389 2920 609 2982 t'uturo,
641 2918 692 2972 in
723 2916 977 2972 satculum
1024 2935 1039 2970 :
1074 2917 1180 2970 iste
1224 2932 1354 2971 vero
1390 2916 1693 2985 imperitus,
1731 2917 1846 2970 heri
1898 2927 1956 2971 et

391 3013 549 3066 hodie
580 3020 834 3080 tanquam
864 3010 930 3063 de
960 3009 1234 3062 communi
1268 3008 1485 3061 homine
1510 3009 1577 3061 ab
1603 3022 1669 3062 eo
1702 3007 1940 3072 dicatur,

390 3104 711 3172 insipienter
748 3099 1026 3161 alIirntat,
1087 3112 1192 3152 non
1246 3098 1553 3166 intelligens
1593 3111 1816 3164 prorsus
1863 3113 1955 3150 an-

390 3188 676 3254 tiquiorent
704 3185 851 3238 illuttt
896 3192 952 3237 et
982 3182 1216 3251 priorem
1252 3199 1346 3237 sua
1398 3185 1566 3252 ipsius
1607 3187 1954 3252 generatione

387 3293 418 3330 a
453 3292 514 3330 se
536 3274 896 3346 pronuntiari,
926 3274 1194 3342 siquidem
1226 3281 1345 3327 erat
1367 3274 1590 3327 omnino
1616 3276 1782 3328 etiam
1812 3276 1952 3339 beri,

387 3369 528 3436 quod
554 3366 808 3436 ιιι-εισιτίιί
834 3364 1092 3432 temporis
1106 3364 1556 3433 signiﬁcationem
1578 3365 1759 3418 habet.
1786 3364 1955 3419 Porro

392 3474 497 3515 non
546 3472 668 3511 esse
700 3457 864 3509 alium
907 3455 1056 3509 illum
1107 3456 1221 3508 heri
1275 3464 1330 3508 et
1360 3455 1516 3508 hodie
1566 3452 1750 3508 Jesum
1796 3454 1956 3511 Chri-

389 3560 554 3612 stum,
583 3548 749 3601 aliutn
785 3561 913 3602 vero
939 3562 1059 3602 eunt
1090 3546 1181 3615 qui
1210 3545 1339 3599 dicit
1371 3562 1385 3598 :
1416 3563 1435 3596 ι
1463 3547 1764 3613 Antequam
1786 3549 1952 3601 Abra-

391 3645 512 3693 ltant
538 3642 712 3702 tieret,
742 3652 841 3707 ego
875 3653 1018 3699 sunt,
1044 3656 1063 3688 ι
1094 3637 1187 3690 sed
1215 3652 1377 3689 unum
1402 3646 1457 3690 et
1489 3637 1735 3689 eumdem
1767 3651 1957 3690 secun-

387 3732 516 3783 dum
544 3743 727 3782 veram
759 3728 1034 3792 unionem,
1066 3740 1189 3780 cum
1230 3725 1370 3780 Deus
1405 3725 1638 3779 Verbum
1679 3725 1751 3777 sit
1796 3725 1955 3777 homo

390 3823 566 3874 tactus
609 3818 778 3873 nostri
814 3817 1046 3881 similis,
1102 3827 1157 3871 et
1183 3832 1295 3872 suae
1343 3828 1545 3870 natura:
1594 3816 1952 3870 conditionem

386 3914 533 3966 illam
563 3925 668 3980 qua
694 3909 963 3980 principio
998 3911 1257 3978 temporis
1286 3919 1457 3975 caret,
1514 3910 1749 3962 servarit
1783 3910 1951 3963 etiam

384 4022 506 4059 cum
537 4005 710 4060 factus
748 4013 834 4059 est
861 4018 1012 4067 caro,
1074 4003 1326 4056 facillime
1361 4003 1591 4071 quisque
1647 4016 1715 4055 ex
1777 4002 1953 4064 sacris

387 4097 583 4150 litteris
621 4094 931 4163 perspiciet.
980 4091 1070 4145 Ait
1095 4093 1240 4146 enim
1288 4090 1530 4146 Joannes
1562 4092 1755 4146 beatus
1787 4104 1955 4143 evan-

384 4188 575 4255 gelista
600 4188 667 4239 de
687 4185 929 4240 omnium
960 4184 1242 4239 Salvatore
1265 4181 1485 4238 Christo
1524 4200 1537 4236 :
1573 4181 1817 4237 Joannes
1868 4191 1951 4236 te—

383 4273 698 4325 stimontunt
722 4271 971 4341 perhibet
987 4272 1053 4324 de
1071 4271 1209 4338 ipso,
1235 4281 1288 4325 et
1306 4271 1526 4336 clamat,
1545 4271 1732 4326 dicens
1756 4287 1771 4322 ε
1799 4289 1819 4321 ι
1849 4269 1954 4336 Qui

386 4374 508 4428 post
530 4377 613 4416 tne
644 4364 810 4427 vertit,
843 4371 970 4416 ante
999 4376 1084 4414 me
1112 4361 1288 4415 laetus
1319 4371 1403 4415 est
1433 4402 1449 4426 ,
1498 4362 1625 4430 quia
1672 4363 1822 4431 prior
1869 4376 1955 4414 tne

384 4463 502 4508 erat
520 4454 619 4519 ";t
642 4466 697 4508 et
720 4454 917 4507 iterum
946 4469 960 4505 :
995 4470 1013 4502 ι
1040 4452 1225 4507 Altera
1246 4451 1332 4505 die
1357 4452 1502 4504 videt
1526 4450 1709 4504 .lesutn
1733 4452 1954 4506 venien-

386 4557 492 4598 tem
520 4546 586 4596 ad
616 4558 697 4606 se,
731 4552 790 4597 et
815 4542 891 4597 ait
923 4558 938 4594 :
972 4541 1108 4596 Ecce
1138 4542 1325 4610 Agnus
1352 4542 1466 4605 Dei,
1502 4541 1592 4608 qui
1644 4539 1783 4594 tollit
1826 4556 1956 4608 pec-

385 4645 565 4688 unum
606 4634 825 4698 mundi;
853 4633 939 4688 hic
975 4642 1060 4687 est
1097 4632 1164 4686 de
1186 4647 1292 4701 quo
1330 4632 1438 4685 dixi
1471 4647 1484 4683 :
1515 4631 1642 4686 Post
1670 4646 1757 4685 me
1805 4633 1954 4686 venit

387 4728 470 4779 vir
499 4726 590 4795 qui
620 4735 745 4778 ante
780 4740 864 4778 tne
898 4725 1071 4779 factus
1104 4734 1206 4790 est,
1234 4725 1359 4793 quia
1393 4724 1541 4793 prior
1571 4739 1658 4779 me
1680 4734 1797 4778 erat
1819 4723 1886 4775 “.
1927 4742 1946 4775 ι

389 4818 550 4871 Vides
575 4816 738 4885 igitur
777 4827 961 4884 aperte
1002 4817 1454 4883 quemadmodum
1494 4816 1832 4870 admirabilis
1865 4815 1953 4868 ille

388 4907 627 4977 Baptista
666 4905 939 4958 hominem
987 4906 1132 4957 dicat
1158 4903 1366 4969 Jesutn,
1397 4914 1453 4959 et
1496 4915 1618 4972 post
1655 4907 1861 4968 venire,
1894 4915 1953 4958 ut

387 4998 735 5070 posteriorcttt
767 5004 894 5049 natu
928 5006 982 5048 et
1006 5005 1126 5062 post
1171 4996 1344 5062 ipsum
1368 5033 1382 5060 ,
1433 4996 1584 5064 prius
1613 5005 1790 5049 tamen
1831 5011 1952 5051 esse

384 5093 635 5159 cet-pisse,
667 5087 925 5157 priusque
950 5084 1223 5139 exStitisse
1266 5103 1278 5139 :
1323 5086 1387 5140 id.
1411 5086 1589 5149 enim,
1628 5095 1687 5140 ut
1724 5087 1942 5154 opinor,

386 5181 669 5249 signiﬁcat,
708 5196 726 5228 ι
762 5178 895 5243 Quia
939 5177 1087 5243 prior
1121 5189 1207 5227 tne
1236 5186 1373 5238 erat,
1407 5186 1461 5229 et
1486 5188 1609 5229 ante
1643 5193 1727 5229 nte
1770 5176 1946 5231 factus

384 5283 487 5325 est.
524 5289 542 5323 t
577 5271 738 5340 Atqui
762 5271 805 5324 si
845 5270 1005 5322 homo
1039 5275 1145 5331 est,
1174 5268 1442 5335 quomodo
1476 5268 1629 5337 prius
1676 5270 1955 5323 exsdtisse

387 5363 725 5431 intelligitur,
757 5370 851 5413 aut
882 5359 1032 5429 prius
1069 5372 1192 5413 esse
1232 5359 1464 5427 cmpisse
1507 5359 1708 5413 dicitur
1749 5373 1814 5413 eo
1863 5359 1954 5427 qui

388 5462 627 5520 tempore
656 5453 802 5521 prior
835 5461 973 5516 erat,
1014 5459 1070 5505 et
1108 5451 1261 5520 prior
1312 5461 1441 5505 natu
1491 5455 1785 5505 secundum
1822 5467 1956 5520 _(‘:It'-

455 5625 500 5656 “
533 5628 686 5679 Joan.
715 5624 898 5689 ιιι’,ί).
977 5625 1020 5655 ⁵⁸
1058 5624 1158 5679 lsa.
1188 5640 1315 5688 un,
1352 5626 1477 5690 1,2;
1513 5626 1643 5679 Luc.
1673 5641 1743 5689 tv,
1774 5623 1857 5679 18.
1890 5623 1972 5677 ιι).

2058 1825 2149 1877 τὸν
2188 1826 2352 1878 αὑτὸν
2384 1822 2523 1879 εἶναί
2563 1845 2743 1896 φαμεν
2770 1831 2860 1881 τὸν
2889 1829 3014 1899 χθὲς
3043 1832 3135 1884 καὶ
3165 1833 3401 1903 σήμερον
3430 1836 3525 1887 καὶ
3553 1835 3633 1897 είς

2057 1916 2185 1980 τοὺς
2208 1915 2431 1983 αἰῶνας,
2462 1917 2590 1970 ὄντα
2610 1936 2668 1970 τε
2700 1919 2806 1989 πρὸ
2854 1919 3102 1990 Ἀϐραὰμ
3135 1921 3347 1984 θεῖκῶς,
3364 1924 3632 1989 γεγονότα

2056 2006 2112 2059 δὲ
2146 2008 2239 2059 καὶ
2269 2008 2406 2077 μετὰ
2436 2008 2593 2061 τοῦτο
2624 2008 2924 2080 ἄνθρωπον,
2961 2010 3054 2063 καὶ
3076 2012 3322 2080 γέννησιν
3337 2014 3633 2081 ὑπομεῖναι.

2056 2101 2153 2169 τὴν
2199 2100 2263 2152 ἐκ
2314 2100 2592 2167 γυναικός.
2635 2100 2842 2153 Οὐκοῦν
2889 2103 2951 2153 οὐ
3003 2101 3357 2171 ψευδοεπήσει
3417 2103 3630 2171 λέγων’

2064 2212 2083 2243 ι
2128 2192 2300 2263 Ἀμὴν
2353 2191 2496 2258 λέγω
2536 2192 2684 2262 ὑμῖν,
2734 2193 2863 2261 πρὶν
2918 2192 3169 2264 Ἀϐραὰμ
3224 2194 3476 2261 γενέσθαι
3524 2195 3634 2263 ἐγώ

2056 2284 2189 2351 εἰμι.
2221 2300 2238 2333 ι
2289 2282 2427 2334 Ἀλλ’
2469 2283 2530 2334 οὐ
2591 2283 2835 2351 συνίησιν
2865 2282 3021 2346 ὅλως,
3070 2283 3103 2336 ὅ
3141 2284 3195 2335 τί
3251 2284 3383 2337 ποτέ
3423 2286 3541 2337 ἐστι
3575 2285 3635 2337 τὸ

2058 2371 2183 2441 χθὲς
2219 2371 2313 2423 καὶ
2370 2372 2643 2442 σήμερον,
2683 2372 2777 2443 καὶ
2824 2373 2903 2433 είς
2941 2373 3067 2433 τοὺς
3108 2371 3343 2434 αίῶνας·
3399 2374 3485 2425 ἵνα
3528 2374 3635 2443 γὰρ

2058 2458 2224 2512 ἀΐδιον
2259 2458 2407 2522 ὄντα,
2457 2460 2550 2512 καὶ
2591 2438 2851 2523 ὡσαύκτως
2903 2461 3093 2529 ἔχοντα
3135 2463 3277 2516 κατὰ
3317 2464 3497 2531 φύσιν,
3540 2465 3632 2517 καὶ

2057 2550 2262 2619 τροπῆς
2296 2549 2502 2618 ἀμείνω
2541 2550 2634 2601 καὶ
2680 2550 2980 2619 μεταϐολῆς
3020 2550 3109 2604 τὸν
3153 2551 3247 2603 τοῦ
3282 2552 3419 2606 Θεοῦ
3464 2571 3631 2606 κατα-

2056 2639 2204 2710 δείξῃ
2236 2640 2427 2707 Λόγον,
2461 2639 2564 2692 κᾶν
2586 2642 2638 2692 εί
2674 2640 2892 2707 γέγονεν
2937 2641 3238 2712 ἄνθρωπος,
3295 2646 3374 2707 είς
3408 2646 3631 2714 καιροὺς

2063 2731 2158 2801 μὲν
2186 2732 2436 2801 διέστησε
2483 2734 2634 2800 τρεῖς
2662 2732 2750 2813 τρν
2784 2732 2997 2786 ἅπαντα
3026 2735 3217 2803 χρόνον
3241 2751 3254 2763 ·
3288 2735 3472 2805 τίθησι
3492 2736 3547 2789 δὲ
3572 2737 3630 2789 τὸ

2061 2820 2160 2888 μὲν
2198 2817 2345 2888 χθὲς,
2379 2820 2470 2871 ἐπὶ
2507 2820 2600 2872 τοῦ
2645 2821 3055 2891 παρῳχηκότος,
3101 2823 3195 2874 ἐπὶ
3224 2824 3281 2877 δέ
3311 2841 3375 2892 γε
3410 2825 3503 2878 τοῦ
3544 2829 3629 2877 ὲν-

2064 2911 2379 2980 εστηκότος,
2435 2912 2499 2964 τὸ
2542 2913 2814 2983 σήμερον
2864 2914 2957 2966 καὶ
2996 2914 3088 2967 ἐπὶ
3120 2916 3427 2984 μέλλοντος,
3455 2918 3514 2970 τὸ
3552 2920 3632 2980 είς

2058 3002 2259 3065 αίῶνας
2286 3019 2301 3033 ’
2330 3003 2359 3055 6
2390 3003 2445 3056 δὲ
2469 3004 2725 3075 ἄγροικος
2757 3006 2962 3069 οὐτοσὶ,
2994 3006 3056 3060 τὸ
3092 3007 3216 3078 χθὲς
3247 3010 3341 3062 καὶ
3365 3010 3629 3080 σήμερον,

2057 3092 2131 3155 ὡς
2159 3095 2244 3145 ἐπ’
2284 3094 2575 3165 ἀνθρώπου
2602 3096 2818 3165 λέγεται
2850 3102 2983 3169 παρ’
3017 3098 3183 3152 αὐτοῦ
3229 3099 3411 3152 κοινοῦ
3450 3117 3632 3169 παρα-

2054 3184 2224 3252 λόγοις
2253 3185 2452 3255 Ιλείπει
2481 3187 2569 3258 τι]
2592 3205 2603 3217 ·
2657 3188 2757 3241 οὐκ
2783 3191 2997 3255 ὲννοῶν,
3035 3192 3118 3243 ὄτι
3163 3193 3536 3265 πρεσϐύτερόν
3574 3209 3632 3246 τε

2055 3278 2149 3329 καὶ
2196 3279 2614 3349 προϋπάρχοντα
2646 3281 2745 3350 τῆς
2779 3281 2971 3335 ἑαυτοῦ
3019 3286 3323 3353 γεννήσεως
3362 3285 3635 3345 ἀποφανεί

2056 3368 2232 3439 πάντη
2263 3387 2322 3421 τε
2359 3373 2453 3422 καὶ
2483 3370 2718 3434 πάντως,
2759 3372 2919 3443 εἴπερ
2946 3368 3013 3444 ἦν
3046 3375 3183 3437 ὅλως
3218 3376 3311 3428 καὶ
3358 3376 3503 3429 κατὰ
3535 3378 3633 3441 τὴν

2054 3455 2200 3524 χθὲς,
2232 3458 2370 3526 ὅπερ
2404 3458 2520 3509 ἐστὶ
2553 3458 2647 3510 τοῦ
2686 3461 3078 3529 παρῳχηκότος
3122 3463 3315 3533 καιροῦ
3364 3482 3634 3534 σημαντι-

2056 3546 2167 3598 κόν.
2203 3546 2325 3598 Ὅτι
2351 3547 2448 3615 μὲν
2476 3547 2573 3616 οὐχ
2602 3548 2790 3614 ¹σὲτερος
2821 3551 2850 3600 6
2876 3550 3001 3617 χθὲς
3025 3551 3117 3602 καὶ
3145 3555 3383 3621 σήμερον
3426 3554 3630 3624 Ἰησοῦς

2055 3636 2309 3705 Χριστὸς,
2344 3637 2529 3706 ἕτερος
2556 3637 2612 3689 δὲ
2655 3640 2683 3690 6
2732 3639 2923 3706 λέγων,
2963 3660 2980 3690 ι
3014 3643 3149 3712 Πρὶν
3181 3644 3431 3714 Ἀϐραὰμ
3481 3646 3633 3713 γενέ-

2056 3729 2201 3791 σθαι,
2240 3727 2350 3796 ἐγώ
2376 3731 2511 3797 είμι,
2543 3748 2561 3779 ι
2599 3730 2713 3782 ἀλλ’
2743 3726 2824 3793 εἷς
2848 3748 2905 3783 τε
2930 3734 3021 3784 καὶ
3044 3735 3073 3785 6
3105 3734 3264 3797 αὐτὸς
3291 3736 3414 3788 καθ’
3437 3738 3632 3791 ἕνωσιν

2055 3820 2226 3891 ἀληθῆ
2254 3818 2540 3889 ἀνθρώπου
2572 3820 2693 3872 καθ’
2717 3824 2865 3891 ἡμᾶς
2891 3825 3173 3891 γεγονότος
3203 3825 3295 3878 τοῦ
3320 3828 3515 3896 Λόγου,
3539 3830 3633 3882 καὶ

2055 3913 2120 3980 τῇ
2148 3911 2255 3981 ἰδίᾳ
2285 3911 2443 3980 φύσει
2472 3913 2863 3981 τετηρηκότος,
2908 3915 3002 3966 xui.
3024 3915 3112 3967 ὅτε
3148 3918 3336 3983 γέγονε
3371 3917 3531 3987 σὰρξ,
3573 3918 3633 3970 τὸ

2054 4001 2288 4071 ἄναρχον
2316 4003 2372 4053 ὲν
2402 4004 2598 4072 χρόνῳ,
2650 4003 2991 4074 καταθρήσαι
3037 4024 3119 4069 τις
3154 4006 3241 4072 ἂν,
3286 4009 3380 4060 καὶ
3412 4009 3632 4062 ἀταλαι-

2057 4093 2253 4162 πώρως
2299 4093 2493 4161 κομιδῆ
2540 4092 2629 4145 διά
2674 4109 2739 4161 γε
2780 4094 2875 4163 τῆς
2917 4095 3276 4150 θεοπνεύστου
3318 4099 3571 4169 Γραφῆςο
3602 4099 3629 4153 ὃ

2055 4198 2188 4252 φησι
2215 4180 2266 4251 [ὃ
2297 4176 2598 4250 παρέλκει]
2624 4182 2721 4252 μὲν
2744 4182 2852 4253 γὰρ
2878 4185 2906 4235 6
2930 4185 3196 4255 μακάριος
3237 4187 3628 4257 εὐαγγελιστὴς

2067 4272 2319 4339 Ἰωάννης
2351 4273 2478 4340 περὶ
2509 4272 2604 4323 τοῦ
2640 4273 2855 4327 πάντων
2888 4275 3043 4345 ήμῶν
3074 4276 3326 4347 Σωτῆρος
3350 4278 3624 4348 Χριστοῦ’

1984 4396 2031 4455 D
2069 4362 2320 4431 Ἰωάννης
2353 4365 2621 4432 μαρτυρεῖ
2644 4367 2771 4433 περὶ
2802 4364 2988 4430 αὐτοῦ,
3021 4365 3116 4417 καὶ
3153 4367 3393 4435 κέκραγε
3418 4366 3624 4435 λέγων·

2062 4470 2081 4502 ι
2119 4452 2175 4505 Ὀ
2200 4452 2373 4504 ὀπίσω
2408 4469 2508 4521 μου
2549 4454 2859 4523 ἐρχόμενος,
2904 4453 3213 4525 ἔμπροσθέν
3250 4474 3351 4525 μου
3383 4458 3626 4524 γέγονεν,

2057 4542 2137 4595 ὅτι
2167 4542 2380 4613 πρῶτός
2405 4560 2505 4612 μου
2524 4538 2609 4612 ἧν·
2627 4564 2644 4594 t
2680 4543 2773 4595 καὶ
2800 4543 2961 4596 πάλιν
2983 4560 2996 4572 ”
3027 4546 3134 4615 (Τῇ
3155 4546 3417 4615 ἐπαύριον
3442 4546 3626 4616 βλέπει

2057 4631 2146 4683 τὸν
2187 4632 2392 4701 Ἰησοῦν
2427 4633 2719 4702 ἐρχόμενον
2751 4634 2887 4704 πρὸς
2928 4634 3088 4687 αὐτὸν
3112 4636 3204 4687 καὶ
3242 4635 3394 4703 λέγει
3417 4654 3431 4667 ·
3465 4638 3568 4690 Ἴδε
3600 4639 3628 4690 6

2071 4723 2262 4793 Ἀμνὸς
2298 4722 2391 4776 τοῦ
2426 4724 2560 4776 Θεοῦ
2587 4726 2614 4777 6
2644 4724 2813 4794 αἴρων
2845 4725 2943 4793 τὴν
2974 4726 3248 4797 ἁμαρτίαν
3272 4728 3365 4780 τοῦ
3397 4729 3622 4799 κόσμου’

2058 4810 2210 4877 οὗτός
2242 4816 2356 4867 ἔστι
2395 4815 2520 4885 περὶ
2553 4808 2613 4865 οῦ
2640 4816 2750 4882 ἐγὼ
2789 4810 2974 4880 εἷπον,
3019 4817 3221 4870 Ὀπίσω
3264 4835 3366 4889 μου
3410 4820 3625 4890 ἔρχεται

2059 4904 2218 4975 ἀνὴρ,
2266 4905 2323 4968 ὃς
2367 4904 2672 4974 ἔμπροσθέν
2719 4923 2820 4974 μου
2859 4906 3103 4974 γέγονεν,
3142 4909 3223 4961 ὅτι
3262 4909 3480 4979 πρῶτός
3525 4926 3622 4981 μου

2056 4989 2144 5064 ἦν.
2176 5014 2194 5045 t
2233 4995 2391 5063 Ὀρᾷς
2417 4991 2508 5046 οὖν
2535 4993 2642 5062 ἄρα
2686 4995 2776 5045 καὶ
2815 4993 2960 5062 μάλα
2989 4995 3173 5064 σαφῶς
3201 4996 3293 5047 τὸν
3337 4997 3625 5050 θεσπέσιον

2059 5084 2369 5154 Βαπτιστὴν
2407 5086 2573 5154 ἄνδρα
2619 5085 2845 5151 λέγοντα
2887 5086 2978 5139 τὸν
3029 5087 3255 5158 Ἰησοῦν,
3298 5090 3395 5141 καὶ
3451 5092 3626 5143 ὀπίσω

2060 5177 2158 5246 μὲν
2220 5176 2530 5244 ἐρχόμενον,
2586 5174 2660 5236 ὡς
2714 5175 2940 5245 ὀψιγενῆ
3002 5194 3060 5229 τε
3106 5178 3200 5231 καὶ
3256 5180 3375 5248 μετ’
3429 5181 3621 5234 αὐτόν·

2056 5266 2478 5337 προϋπάρχοντα
2510 5282 2571 5330 γε
2618 5265 2722 5334 μὴν
2768 5265 2951 5331 αὐτοῦ,
3003 5269 3095 5319 καὶ
3134 5272 3622 5340 πρνιῡφεστηκότα·

2057 5360 2205 5429 δηλοῖ
2247 5359 2355 5427 γὰρ
2385 5355 2537 5426 οἶμαι
2569 5358 2738 5421 τουτὶ,
2783 5356 2861 5419 τὺ,
2905 5378 2924 5409 ι
2953 5359 3075 5411 Ὅτι
3127 5362 3340 5430 πρῶτός
3392 5381 3496 5433 μου
3538 5360 3623 5432 ἦν,

2060 5451 2153 5501 καὶ
2180 5448 2484 5518 ἔμπροσθέν
2515 5466 2616 5519 μου
2647 5450 2888 5517 γέγονεν.
2917 5468 2933 5499 t
2967 5447 3096 5503 Εἶτα
3132 5452 3266 5516 πῶς,
3297 5454 3458 5526 εἴπερ
3484 5456 3627 5508 ἐστὶν

2048 5622 2092 5653 σε
2129 5620 2279 5675 Joatt.
2310 5635 2345 5686 ι,
2379 5619 2460 5674 15.
2538 5621 2583 5653 ιι
2619 5622 2749 5676 lbid.
2777 5622 2864 5688 εει,
2891 5624 2980 5678 so.
