  <div class='ocr_page' id='page_1' title='image "/cluster/home/n/w/nwhite01/storage/ocr_20150623/76/mdp.39015013094878/077.png"; bbox 0 0 3926 6126; ppageno 0'>
   <div class='ocr_carea' id='block_1_1' title="bbox 350 278 456 332">
    <p class='ocr_par' dir='ltr' id='par_1_1' title="bbox 350 278 456 332">
     <span class='ocr_line' id='line_1_1' title="bbox 350 278 456 332; baseline -0.038 0"><span class='ocrx_word' id='word_1_1' title='bbox 350 278 456 332; x_wconf 63' lang='grc'><strong>139</strong></span> 
     </span>
    </p>
   </div>
   <div class='ocr_carea' id='block_1_2' title="bbox 1332 256 2578 322">
    <p class='ocr_par' dir='ltr' id='par_1_2' title="bbox 1332 256 2578 322">
     <span class='ocr_line' id='line_1_2' title="bbox 1332 256 2578 322; baseline -0.006 -1"><span class='ocrx_word' id='word_1_2' title='bbox 1332 266 1393 322; x_wconf 86' lang='lat' dir='ltr'><strong>S.</strong></span> <span class='ocrx_word' id='word_1_3' title='bbox 1435 263 1708 321; x_wconf 77' lang='lat' dir='ltr'><strong>CYRILLI</strong></span> <span class='ocrx_word' id='word_1_4' title='bbox 1747 257 2220 316; x_wconf 76' lang='lat' dir='ltr'><strong>ALEXANDRINI</strong></span> <span class='ocrx_word' id='word_1_5' title='bbox 2259 256 2578 314; x_wconf 73' lang='lat' dir='ltr'><strong>ABCIIIEP.</strong></span> 
     </span>
    </p>
   </div>
   <div class='ocr_carea' id='block_1_3' title="bbox 3440 246 3603 339">
    <p class='ocr_par' dir='ltr' id='par_1_3' title="bbox 3440 246 3603 339">
     <span class='ocr_line' id='line_1_3' title="bbox 3440 246 3603 339; baseline 0.031 -26"><span class='ocrx_word' id='word_1_6' title='bbox 3440 246 3461 339; x_wconf 69' lang='grc' dir='ltr'>ε,</span> <span class='ocrx_word' id='word_1_7' title='bbox 3512 262 3603 319; x_wconf 78' lang='lat' dir='ltr'><strong>tto</strong></span> 
     </span>
    </p>
   </div>
   <div class='ocr_carea' id='block_1_4' title="bbox 356 368 1932 469">
    <p class='ocr_par' dir='ltr' id='par_1_4' title="bbox 356 384 1920 465">
     <span class='ocr_line' id='line_1_4' title="bbox 356 384 1920 465; baseline -0.011 -11"><span class='ocrx_word' id='word_1_8' title='bbox 356 384 516 454; x_wconf 83' lang='lat' dir='ltr'><strong>homo</strong></span> <span class='ocrx_word' id='word_1_9' title='bbox 540 393 736 465; x_wconf 80' lang='lat' dir='ltr'><strong>aliquis</strong></span> <span class='ocrx_word' id='word_1_10' title='bbox 763 392 874 463; x_wconf 82' lang='lat' dir='ltr'><strong>jam</strong></span> <span class='ocrx_word' id='word_1_11' title='bbox 904 389 1195 453; x_wconf 83' lang='lat' dir='ltr'><strong>cxsistcns,</strong></span> <span class='ocrx_word' id='word_1_12' title='bbox 1227 386 1476 456; x_wconf 88' lang='lat' dir='ltr'><strong>accipere</strong></span> <span class='ocrx_word' id='word_1_13' title='bbox 1512 385 1744 454; x_wconf 84' lang='lat' dir='ltr'><strong>idipsum</strong></span> <span class='ocrx_word' id='word_1_14' title='bbox 1776 384 1920 452; x_wconf 90' lang='lat' dir='ltr'><strong>quod</strong></span> 
     </span>
    </p>
   </div>
   <div class='ocr_carea' id='block_1_5' title="bbox 2036 368 3608 469">
    <p class='ocr_par' dir='ltr' id='par_1_5' title="bbox 2036 368 3608 469">
     <span class='ocr_line' id='line_1_5' title="bbox 2036 368 3608 469; baseline 0.003 -36"><span class='ocrx_word' id='word_1_15' title='bbox 2036 380 2304 452; x_wconf 67' lang='grc' dir='ltr'>ὒπάρχων,</span> <span class='ocrx_word' id='word_1_16' title='bbox 2340 376 2439 433; x_wconf 76' lang='grc' dir='ltr'>εἷθ’</span> <span class='ocrx_word' id='word_1_17' title='bbox 2484 379 2628 433; x_wconf 73' lang='grc' dir='ltr'>οὕτω</span> <span class='ocrx_word' id='word_1_18' title='bbox 2670 379 2850 434; x_wconf 76' lang='grc' dir='ltr'>λαϐών</span> <span class='ocrx_word' id='word_1_19' title='bbox 2874 397 2886 411; x_wconf 85' lang='grc'><strong>·</strong></span> <span class='ocrx_word' id='word_1_20' title='bbox 2937 381 3051 434; x_wconf 75' lang='grc' dir='ltr'>ἔστι</span> <span class='ocrx_word' id='word_1_21' title='bbox 3084 381 3141 435; x_wconf 73' lang='grc' dir='ltr'>δὲ</span> <span class='ocrx_word' id='word_1_22' title='bbox 3184 381 3387 452; x_wconf 75' lang='grc' dir='ltr'>μᾶλλον</span> <span class='ocrx_word' id='word_1_23' title='bbox 3429 368 3497 469; x_wconf 63' lang='grc' dir='ltr'><strong>ἑξν</strong></span> <span class='ocrx_word' id='word_1_24' title='bbox 3547 402 3608 452; x_wconf 76' lang='grc' dir='ltr'><strong>γε</strong></span> 
     </span>
    </p>
   </div>
   <div class='ocr_carea' id='block_1_6' title="bbox 355 473 1920 556">
    <p class='ocr_par' dir='ltr' id='par_1_6' title="bbox 355 473 1920 556">
     <span class='ocr_line' id='line_1_6' title="bbox 355 473 1920 556; baseline -0.01 -15"><span class='ocrx_word' id='word_1_25' title='bbox 355 498 460 552; x_wconf 85' lang='lat' dir='ltr'><strong>est,</strong></span> <span class='ocrx_word' id='word_1_26' title='bbox 499 485 653 556; x_wconf 85' lang='lat' dir='ltr'><strong>quasi</strong></span> <span class='ocrx_word' id='word_1_27' title='bbox 683 483 829 537; x_wconf 84' lang='lat' dir='ltr'><strong>aliud</strong></span> <span class='ocrx_word' id='word_1_28' title='bbox 882 480 1136 550; x_wconf 86' lang='lat' dir='ltr'><strong>quiddam</strong></span> <span class='ocrx_word' id='word_1_29' title='bbox 1193 492 1222 531; x_wconf 89' lang='lat' dir='ltr'><strong>a</strong></span> <span class='ocrx_word' id='word_1_30' title='bbox 1274 491 1332 532; x_wconf 92' lang='lat' dir='ltr'><strong>se</strong></span> <span class='ocrx_word' id='word_1_31' title='bbox 1381 476 1677 539; x_wconf 87' lang='lat' dir='ltr'><strong>diversum,</strong></span> <span class='ocrx_word' id='word_1_32' title='bbox 1718 473 1920 528; x_wconf 89' lang='lat' dir='ltr'><strong>intelli-</strong></span> 
     </span>
    </p>
   </div>
   <div class='ocr_carea' id='block_1_7' title="bbox 355 563 1918 649">
    <p class='ocr_par' dir='ltr' id='par_1_7' title="bbox 355 563 1918 649">
     <span class='ocr_line' id='line_1_7' title="bbox 355 563 1918 649; baseline -0.011 -14"><span class='ocrx_word' id='word_1_33' title='bbox 355 578 559 649; x_wconf 82' lang='lat' dir='ltr'><strong>gendus</strong></span> <span class='ocrx_word' id='word_1_34' title='bbox 592 583 713 630; x_wconf 91' lang='lat' dir='ltr'><strong>est:</strong></span> <span class='ocrx_word' id='word_1_35' title='bbox 751 573 843 628; x_wconf 92' lang='lat' dir='ltr'><strong>sed</strong></span> <span class='ocrx_word' id='word_1_36' title='bbox 870 572 1048 640; x_wconf 92' lang='lat' dir='ltr'><strong>potius</strong></span> <span class='ocrx_word' id='word_1_37' title='bbox 1074 569 1152 623; x_wconf 93' lang='lat' dir='ltr'><strong>illi</strong></span> <span class='ocrx_word' id='word_1_38' title='bbox 1203 583 1270 623; x_wconf 86' lang='lat' dir='ltr'><strong>ex</strong></span> <span class='ocrx_word' id='word_1_39' title='bbox 1313 568 1423 622; x_wconf 94' lang='lat' dir='ltr'><strong>Deo</strong></span> <span class='ocrx_word' id='word_1_40' title='bbox 1474 565 1657 635; x_wconf 84' lang='lat' dir='ltr'><strong>genito</strong></span> <span class='ocrx_word' id='word_1_41' title='bbox 1692 563 1870 619; x_wconf 81' lang='lat' dir='ltr'><strong>Verbo</strong></span> <span class='ocrx_word' id='word_1_42' title='bbox 1901 601 1918 628; x_wconf 90' lang='lat'><strong>,</strong></span> 
     </span>
    </p>
   </div>
   <div class='ocr_carea' id='block_1_8' title="bbox 354 652 1918 738">
    <p class='ocr_par' dir='ltr' id='par_1_8' title="bbox 354 652 1918 738">
     <span class='ocr_line' id='line_1_8' title="bbox 354 652 1918 738; baseline -0.01 -16"><span class='ocrx_word' id='word_1_43' title='bbox 354 670 446 738; x_wconf 89' lang='lat' dir='ltr'><strong>qui</strong></span> <span class='ocrx_word' id='word_1_44' title='bbox 493 664 787 721; x_wconf 89' lang='lat' dir='ltr'><strong>secundum</strong></span> <span class='ocrx_word' id='word_1_45' title='bbox 835 676 947 716; x_wconf 75' lang='lat' dir='ltr'><strong>suae</strong></span> <span class='ocrx_word' id='word_1_46' title='bbox 996 667 1201 712; x_wconf 81' lang='lat' dir='ltr'><strong>naturae</strong></span> <span class='ocrx_word' id='word_1_47' title='bbox 1250 655 1492 710; x_wconf 77' lang='lat' dir='ltr'><strong>rationes</strong></span> <span class='ocrx_word' id='word_1_48' title='bbox 1541 654 1823 708; x_wconf 85' lang='lat' dir='ltr'><strong>nobiscum</strong></span> <span class='ocrx_word' id='word_1_49' title='bbox 1864 652 1918 706; x_wconf 89' lang='lat' dir='ltr'><strong>in</strong></span> 
     </span>
    </p>
   </div>
   <div class='ocr_carea' id='block_1_9' title="bbox 355 743 1920 815">
    <p class='ocr_par' dir='ltr' id='par_1_9' title="bbox 355 743 1920 815">
     <span class='ocr_line' id='line_1_9' title="bbox 355 743 1920 815; baseline -0.011 -3"><span class='ocrx_word' id='word_1_50' title='bbox 355 757 600 812; x_wconf 89' lang='lat' dir='ltr'><strong>eumdem</strong></span> <span class='ocrx_word' id='word_1_51' title='bbox 630 768 849 809; x_wconf 86' lang='lat' dir='ltr'><strong>censum</strong></span> <span class='ocrx_word' id='word_1_52' title='bbox 895 748 1089 805; x_wconf 86' lang='lat' dir='ltr'><strong>referri</strong></span> <span class='ocrx_word' id='word_1_53' title='bbox 1116 762 1222 801; x_wconf 92' lang='lat' dir='ltr'><strong>non</strong></span> <span class='ocrx_word' id='word_1_54' title='bbox 1271 755 1475 815; x_wconf 89' lang='lat' dir='ltr'><strong>potest,</strong></span> <span class='ocrx_word' id='word_1_55' title='bbox 1530 744 1785 800; x_wconf 73' lang='lat' dir='ltr'><strong>convenit</strong></span> <span class='ocrx_word' id='word_1_56' title='bbox 1819 743 1920 796; x_wconf 77' lang='lat' dir='ltr'><strong>liu-</strong></span> 
     </span>
    </p>
   </div>
   <div class='ocr_carea' id='block_1_10' title="bbox 356 835 1920 909">
    <p class='ocr_par' dir='ltr' id='par_1_10' title="bbox 356 835 1920 909">
     <span class='ocr_line' id='line_1_10' title="bbox 356 835 1920 909; baseline -0.009 -6"><span class='ocrx_word' id='word_1_57' title='bbox 356 864 529 904; x_wconf 75' lang='lat' dir='ltr'><strong>mana:</strong></span> <span class='ocrx_word' id='word_1_58' title='bbox 560 847 751 899; x_wconf 61' lang='lat' dir='ltr'><strong>animo“</strong></span> <span class='ocrx_word' id='word_1_59' title='bbox 775 854 829 897; x_wconf 90' lang='lat' dir='ltr'><strong>et</strong></span> <span class='ocrx_word' id='word_1_60' title='bbox 867 841 1112 909; x_wconf 91' lang='lat' dir='ltr'><strong>corporis</strong></span> <span class='ocrx_word' id='word_1_61' title='bbox 1154 841 1547 894; x_wconf 78' lang='lat' dir='ltr'><strong>fraternitatem</strong></span> <span class='ocrx_word' id='word_1_62' title='bbox 1580 851 1685 907; x_wconf 88' lang='lat' dir='ltr'><strong>qua</strong></span> <span class='ocrx_word' id='word_1_63' title='bbox 1732 835 1920 891; x_wconf 89' lang='lat' dir='ltr'><strong>nobis-</strong></span> 
     </span>
    </p>
   </div>
   <div class='ocr_carea' id='block_1_11' title="bbox 352 927 1922 1009">
    <p class='ocr_par' dir='ltr' id='par_1_11' title="bbox 352 927 1922 1009">
     <span class='ocr_line' id='line_1_11' title="bbox 352 927 1922 1009; baseline -0.009 -14"><span class='ocrx_word' id='word_1_64' title='bbox 352 957 475 995; x_wconf 82' lang='lat' dir='ltr'><strong>cum</strong></span> <span class='ocrx_word' id='word_1_65' title='bbox 494 940 774 1009; x_wconf 86' lang='lat' dir='ltr'><strong>jungatur,</strong></span> <span class='ocrx_word' id='word_1_66' title='bbox 806 932 1102 1001; x_wconf 83' lang='lat' dir='ltr'><strong>accepisse.</strong></span> <span class='ocrx_word' id='word_1_67' title='bbox 1142 932 1208 986; x_wconf 88' lang='lat' dir='ltr'><strong>Et</strong></span> <span class='ocrx_word' id='word_1_68' title='bbox 1242 931 1368 986; x_wconf 90' lang='lat' dir='ltr'><strong>huic</strong></span> <span class='ocrx_word' id='word_1_69' title='bbox 1399 940 1600 985; x_wconf 70' lang='lat' dir='ltr'><strong>nostra:</strong></span> <span class='ocrx_word' id='word_1_70' title='bbox 1638 927 1922 984; x_wconf 67' lang='lat' dir='ltr'><strong>sententia:</strong></span> 
     </span>
    </p>
   </div>
   <div class='ocr_carea' id='block_1_12' title="bbox 358 1020 1920 1099">
    <p class='ocr_par' dir='ltr' id='par_1_12' title="bbox 358 1020 1920 1099">
     <span class='ocr_line' id='line_1_12' title="bbox 358 1020 1920 1099; baseline -0.008 -14"><span class='ocrx_word' id='word_1_71' title='bbox 358 1043 468 1085; x_wconf 90' lang='lat' dir='ltr'><strong>tum</strong></span> <span class='ocrx_word' id='word_1_72' title='bbox 516 1031 629 1099; x_wconf 90' lang='lat' dir='ltr'><strong>ipsa</strong></span> <span class='ocrx_word' id='word_1_73' title='bbox 663 1027 911 1081; x_wconf 82' lang='lat' dir='ltr'><strong>veritatis</strong></span> <span class='ocrx_word' id='word_1_74' title='bbox 965 1023 1105 1078; x_wconf 86' lang='lat' dir='ltr'><strong>ratio</strong></span> <span class='ocrx_word' id='word_1_75' title='bbox 1157 1021 1555 1092; x_wconf 81' lang='lat' dir='ltr'><strong>patrocinatur,</strong></span> <span class='ocrx_word' id='word_1_76' title='bbox 1609 1029 1719 1075; x_wconf 93' lang='lat' dir='ltr'><strong>tum</strong></span> <span class='ocrx_word' id='word_1_77' title='bbox 1754 1020 1920 1075; x_wconf 88' lang='lat' dir='ltr'><strong>etiam</strong></span> 
     </span>
    </p>
   </div>
   <div class='ocr_carea' id='block_1_13' title="bbox 356 1110 1919 1190">
    <p class='ocr_par' dir='ltr' id='par_1_13' title="bbox 356 1110 1919 1190">
     <span class='ocr_line' id='line_1_13' title="bbox 356 1110 1919 1190; baseline -0.006 -15"><span class='ocrx_word' id='word_1_78' title='bbox 356 1125 574 1190; x_wconf 72' lang='lat' dir='ltr'><strong>integrae</strong></span> <span class='ocrx_word' id='word_1_79' title='bbox 608 1118 730 1173; x_wconf 78' lang='lat' dir='ltr'><strong>ﬁdei</strong></span> <span class='ocrx_word' id='word_1_80' title='bbox 761 1114 1003 1170; x_wconf 78' lang='lat' dir='ltr'><strong>traditio.</strong></span> <span class='ocrx_word' id='word_1_81' title='bbox 1044 1112 1269 1168; x_wconf 87' lang='lat' dir='ltr'><strong>Constat</strong></span> <span class='ocrx_word' id='word_1_82' title='bbox 1301 1124 1430 1181; x_wconf 90' lang='lat' dir='ltr'><strong>ergo</strong></span> <span class='ocrx_word' id='word_1_83' title='bbox 1464 1111 1518 1165; x_wconf 95' lang='lat' dir='ltr'><strong>in</strong></span> <span class='ocrx_word' id='word_1_84' title='bbox 1545 1110 1716 1165; x_wconf 88' lang='lat' dir='ltr'><strong>forma</strong></span> <span class='ocrx_word' id='word_1_85' title='bbox 1745 1111 1837 1165; x_wconf 87' lang='lat' dir='ltr'><strong>Dei</strong></span> <span class='ocrx_word' id='word_1_86' title='bbox 1864 1117 1919 1165; x_wconf 92' lang='lat' dir='ltr'><strong>et</strong></span> 
     </span>
    </p>
   </div>
   <div class='ocr_carea' id='block_1_14' title="bbox 352 1202 1924 1277">
    <p class='ocr_par' dir='ltr' id='par_1_14' title="bbox 352 1202 1924 1277">
     <span class='ocr_line' id='line_1_14' title="bbox 352 1202 1924 1277; baseline -0.009 -8"><span class='ocrx_word' id='word_1_87' title='bbox 352 1214 531 1270; x_wconf 84' lang='lat' dir='ltr'><strong>Patris</strong></span> <span class='ocrx_word' id='word_1_88' title='bbox 558 1212 723 1266; x_wconf 92' lang='lat' dir='ltr'><strong>Deum</strong></span> <span class='ocrx_word' id='word_1_89' title='bbox 755 1206 986 1277; x_wconf 78' lang='lat' dir='ltr'><strong>Verbum</strong></span> <span class='ocrx_word' id='word_1_90' title='bbox 1011 1203 1235 1259; x_wconf 82' lang='lat' dir='ltr'><strong>fratrem</strong></span> <span class='ocrx_word' id='word_1_91' title='bbox 1267 1203 1423 1258; x_wconf 87' lang='lat' dir='ltr'><strong>nobis</strong></span> <span class='ocrx_word' id='word_1_92' title='bbox 1452 1202 1652 1257; x_wconf 88' lang='lat' dir='ltr'><strong>factum</strong></span> <span class='ocrx_word' id='word_1_93' title='bbox 1679 1216 1802 1257; x_wconf 91' lang='lat' dir='ltr'><strong>esse</strong></span> <span class='ocrx_word' id='word_1_94' title='bbox 1825 1216 1924 1270; x_wconf 90' lang='lat' dir='ltr'><strong>per</strong></span> 
     </span>
    </p>
   </div>
   <div class='ocr_carea' id='block_1_15' title="bbox 357 1291 1919 1369">
    <p class='ocr_par' dir='ltr' id='par_1_15' title="bbox 357 1291 1919 1369">
     <span class='ocr_line' id='line_1_15' title="bbox 357 1291 1919 1369; baseline -0.01 -10"><span class='ocrx_word' id='word_1_95' title='bbox 357 1305 562 1369; x_wconf 87' lang='lat' dir='ltr'><strong>omnia,</strong></span> <span class='ocrx_word' id='word_1_96' title='bbox 595 1302 846 1357; x_wconf 65' lang='lat' dir='ltr'><strong>humanae</strong></span> <span class='ocrx_word' id='word_1_97' title='bbox 876 1297 1070 1350; x_wconf 69' lang='lat' dir='ltr'><strong>animae</strong></span> <span class='ocrx_word' id='word_1_98' title='bbox 1095 1293 1415 1364; x_wconf 89' lang='lat' dir='ltr'><strong>etcorporis</strong></span> <span class='ocrx_word' id='word_1_99' title='bbox 1438 1291 1783 1347; x_wconf 83' lang='lat' dir='ltr'><strong>fraternitate</strong></span> <span class='ocrx_word' id='word_1_100' title='bbox 1797 1306 1919 1345; x_wconf 91' lang='lat' dir='ltr'><strong>sus-</strong></span> 
     </span>
    </p>
   </div>
   <div class='ocr_carea' id='block_1_16' title="bbox 356 1381 1921 1464">
    <p class='ocr_par' dir='ltr' id='par_1_16' title="bbox 356 1381 1921 1464">
     <span class='ocr_line' id='line_1_16' title="bbox 356 1381 1921 1464; baseline -0.01 -13"><span class='ocrx_word' id='word_1_101' title='bbox 356 1406 510 1464; x_wconf 85' lang='lat' dir='ltr'><strong>cepta</strong></span> <span class='ocrx_word' id='word_1_102' title='bbox 565 1406 741 1462; x_wconf 89' lang='lat' dir='ltr'><strong>neque</strong></span> <span class='ocrx_word' id='word_1_103' title='bbox 787 1389 1046 1443; x_wconf 88' lang='lat' dir='ltr'><strong>mentitur</strong></span> <span class='ocrx_word' id='word_1_104' title='bbox 1091 1400 1212 1440; x_wconf 90' lang='lat' dir='ltr'><strong>cum</strong></span> <span class='ocrx_word' id='word_1_105' title='bbox 1262 1384 1339 1438; x_wconf 89' lang='lat' dir='ltr'><strong>ait</strong></span> <span class='ocrx_word' id='word_1_106' title='bbox 1383 1398 1395 1432; x_wconf 94' lang='lat'>:</span> <span class='ocrx_word' id='word_1_107' title='bbox 1436 1402 1456 1434; x_wconf 79' lang='grc' dir='ltr'><strong>ι</strong></span> <span class='ocrx_word' id='word_1_108' title='bbox 1496 1382 1593 1450; x_wconf 84' lang='lat' dir='ltr'><strong>Qui</strong></span> <span class='ocrx_word' id='word_1_109' title='bbox 1637 1381 1770 1436; x_wconf 81' lang='lat' dir='ltr'><strong>vidit</strong></span> <span class='ocrx_word' id='word_1_110' title='bbox 1814 1395 1921 1448; x_wconf 87' lang='lat' dir='ltr'><strong>me,</strong></span> 
     </span>
    </p>
   </div>
   <div class='ocr_carea' id='block_1_17' title="bbox 353 1470 1923 1542">
    <p class='ocr_par' dir='ltr' id='par_1_17' title="bbox 353 1470 1923 1542">
     <span class='ocr_line' id='line_1_17' title="bbox 353 1470 1923 1542; baseline -0.011 -1"><span class='ocrx_word' id='word_1_111' title='bbox 353 1486 488 1541; x_wconf 83' lang='lat' dir='ltr'><strong>vidit</strong></span> <span class='ocrx_word' id='word_1_112' title='bbox 514 1470 574 1538; x_wconf 86' lang='lat' dir='ltr'><strong>et</strong></span> <span class='ocrx_word' id='word_1_113' title='bbox 597 1483 836 1537; x_wconf 84' lang='lat' dir='ltr'><strong>Patrem.</strong></span> <span class='ocrx_word' id='word_1_114' title='bbox 876 1496 895 1530; x_wconf 74' lang='grc' dir='ltr'><strong>ι</strong></span> <span class='ocrx_word' id='word_1_115' title='bbox 928 1476 1060 1530; x_wconf 79' lang='lat' dir='ltr'><strong>Nam</strong></span> <span class='ocrx_word' id='word_1_116' title='bbox 1093 1475 1138 1529; x_wconf 90' lang='lat' dir='ltr'><strong>si</strong></span> <span class='ocrx_word' id='word_1_117' title='bbox 1168 1473 1289 1542; x_wconf 88' lang='lat' dir='ltr'><strong>quis</strong></span> <span class='ocrx_word' id='word_1_118' title='bbox 1320 1481 1568 1527; x_wconf 88' lang='lat' dir='ltr'><strong>nostrum</strong></span> <span class='ocrx_word' id='word_1_119' title='bbox 1595 1470 1661 1526; x_wconf 88' lang='lat' dir='ltr'><strong>ad</strong></span> <span class='ocrx_word' id='word_1_120' title='bbox 1681 1484 1803 1526; x_wconf 90' lang='lat' dir='ltr'><strong>eam</strong></span> <span class='ocrx_word' id='word_1_121' title='bbox 1833 1485 1923 1525; x_wconf 83' lang='lat' dir='ltr'><strong>us-</strong></span> 
     </span>
    </p>
   </div>
   <div class='ocr_carea' id='block_1_18' title="bbox 355 1565 1916 1647">
    <p class='ocr_par' dir='ltr' id='par_1_18' title="bbox 355 1565 1916 1647">
     <span class='ocr_line' id='line_1_18' title="bbox 355 1565 1916 1647; baseline -0.009 -19"><span class='ocrx_word' id='word_1_122' title='bbox 355 1592 460 1647; x_wconf 89' lang='lat' dir='ltr'><strong>que</strong></span> <span class='ocrx_word' id='word_1_123' title='bbox 487 1572 873 1641; x_wconf 77' lang='lat' dir='ltr'><strong>cogitationum</strong></span> <span class='ocrx_word' id='word_1_124' title='bbox 898 1566 1224 1621; x_wconf 88' lang='lat' dir='ltr'><strong>dementiam</strong></span> <span class='ocrx_word' id='word_1_125' title='bbox 1252 1565 1434 1633; x_wconf 82' lang='lat' dir='ltr'><strong>lapsus</strong></span> <span class='ocrx_word' id='word_1_126' title='bbox 1456 1570 1625 1628; x_wconf 87' lang='lat' dir='ltr'><strong>esset,</strong></span> <span class='ocrx_word' id='word_1_127' title='bbox 1670 1569 1729 1615; x_wconf 93' lang='lat' dir='ltr'><strong>ut</strong></span> <span class='ocrx_word' id='word_1_128' title='bbox 1761 1569 1916 1631; x_wconf 84' lang='lat' dir='ltr'><strong>puta-</strong></span> 
     </span>
    </p>
   </div>
   <div class='ocr_carea' id='block_1_19' title="bbox 356 1650 1919 1731">
    <p class='ocr_par' dir='ltr' id='par_1_19' title="bbox 356 1650 1919 1731">
     <span class='ocr_line' id='line_1_19' title="bbox 356 1650 1919 1731; baseline -0.012 -7"><span class='ocrx_word' id='word_1_129' title='bbox 356 1681 438 1724; x_wconf 89' lang='lat' dir='ltr'><strong>ret</strong></span> <span class='ocrx_word' id='word_1_130' title='bbox 465 1668 628 1722; x_wconf 89' lang='lat' dir='ltr'><strong>etiam</strong></span> <span class='ocrx_word' id='word_1_131' title='bbox 662 1664 837 1731; x_wconf 90' lang='lat' dir='ltr'><strong>ipsum</strong></span> <span class='ocrx_word' id='word_1_132' title='bbox 872 1659 1036 1730; x_wconf 89' lang='lat' dir='ltr'><strong>quiin</strong></span> <span class='ocrx_word' id='word_1_133' title='bbox 1063 1656 1218 1712; x_wconf 81' lang='lat' dir='ltr'><strong>caelis</strong></span> <span class='ocrx_word' id='word_1_134' title='bbox 1268 1664 1352 1710; x_wconf 91' lang='lat' dir='ltr'><strong>est</strong></span> <span class='ocrx_word' id='word_1_135' title='bbox 1397 1653 1611 1708; x_wconf 87' lang='lat' dir='ltr'><strong>Patrem</strong></span> <span class='ocrx_word' id='word_1_136' title='bbox 1647 1667 1712 1707; x_wconf 89' lang='lat' dir='ltr'><strong>ac</strong></span> <span class='ocrx_word' id='word_1_137' title='bbox 1747 1650 1919 1706; x_wconf 88' lang='lat' dir='ltr'><strong>Deum</strong></span> 
     </span>
    </p>
   </div>
   <div class='ocr_carea' id='block_1_20' title="bbox 354 1728 1997 1825">
    <p class='ocr_par' dir='ltr' id='par_1_20' title="bbox 354 1728 1997 1825">
     <span class='ocr_line' id='line_1_20' title="bbox 354 1728 1997 1825; baseline -0.012 -11"><span class='ocrx_word' id='word_1_138' title='bbox 354 1774 421 1814; x_wconf 87' lang='lat' dir='ltr'><strong>eo</strong></span> <span class='ocrx_word' id='word_1_139' title='bbox 454 1728 833 1825; x_wconf 77' lang='lat' dir='ltr'><strong>dejicicndum,</strong></span> <span class='ocrx_word' id='word_1_140' title='bbox 870 1728 929 1804; x_wconf 80' lang='lat' dir='ltr'><strong>ut</strong></span> <span class='ocrx_word' id='word_1_141' title='bbox 974 1747 1195 1803; x_wconf 90' lang='lat' dir='ltr'><strong>omnino</strong></span> <span class='ocrx_word' id='word_1_142' title='bbox 1227 1753 1468 1800; x_wconf 89' lang='lat' dir='ltr'><strong>nostram</strong></span> <span class='ocrx_word' id='word_1_143' title='bbox 1510 1741 1922 1798; x_wconf 89' lang='lat' dir='ltr'><strong>similitudinem</strong></span> <span class='ocrx_word' id='word_1_144' title='bbox 1956 1728 1997 1784; x_wconf 82' lang='grc' dir='ltr'>Β</span> 
     </span>
    </p>
   </div>
   <div class='ocr_carea' id='block_1_21' title="bbox 358 1838 1921 1914">
    <p class='ocr_par' dir='ltr' id='par_1_21' title="bbox 358 1838 1921 1914">
     <span class='ocr_line' id='line_1_21' title="bbox 358 1838 1921 1914; baseline -0.013 -8"><span class='ocrx_word' id='word_1_145' title='bbox 358 1852 574 1911; x_wconf 85' lang='lat' dir='ltr'><strong>habeat,</strong></span> <span class='ocrx_word' id='word_1_146' title='bbox 630 1856 945 1914; x_wconf 85' lang='lat' dir='ltr'><strong>corpoream</strong></span> <span class='ocrx_word' id='word_1_147' title='bbox 987 1838 1268 1903; x_wconf 86' lang='lat' dir='ltr'><strong>nimirum,</strong></span> <span class='ocrx_word' id='word_1_148' title='bbox 1317 1845 1463 1890; x_wconf 90' lang='lat' dir='ltr'><strong>recte</strong></span> <span class='ocrx_word' id='word_1_149' title='bbox 1507 1840 1801 1901; x_wconf 87' lang='lat' dir='ltr'><strong>metueret,</strong></span> <span class='ocrx_word' id='word_1_150' title='bbox 1831 1846 1921 1899; x_wconf 91' lang='lat' dir='ltr'><strong>ne,</strong></span> 
     </span>
    </p>
   </div>
   <div class='ocr_carea' id='block_1_22' title="bbox 357 1922 1924 1997">
    <p class='ocr_par' dir='ltr' id='par_1_22' title="bbox 357 1922 1924 1997">
     <span class='ocr_line' id='line_1_22' title="bbox 357 1922 1924 1997; baseline -0.012 -1"><span class='ocrx_word' id='word_1_151' title='bbox 357 1944 482 1997; x_wconf 90' lang='lat' dir='ltr'><strong>dum</strong></span> <span class='ocrx_word' id='word_1_152' title='bbox 516 1939 766 1994; x_wconf 82' lang='lat' dir='ltr'><strong>Christus</strong></span> <span class='ocrx_word' id='word_1_153' title='bbox 798 1932 969 1988; x_wconf 87' lang='lat' dir='ltr'><strong>dicit:</strong></span> <span class='ocrx_word' id='word_1_154' title='bbox 1005 1948 1023 1982; x_wconf 83' lang='lat' dir='ltr'><strong>t</strong></span> <span class='ocrx_word' id='word_1_155' title='bbox 1078 1928 1180 1995; x_wconf 87' lang='lat' dir='ltr'><strong>Qui</strong></span> <span class='ocrx_word' id='word_1_156' title='bbox 1226 1927 1361 1981; x_wconf 87' lang='lat' dir='ltr'><strong>vidit</strong></span> <span class='ocrx_word' id='word_1_157' title='bbox 1397 1941 1505 1993; x_wconf 89' lang='lat' dir='ltr'><strong>me,</strong></span> <span class='ocrx_word' id='word_1_158' title='bbox 1562 1925 1697 1979; x_wconf 85' lang='lat' dir='ltr'><strong>vidit</strong></span> <span class='ocrx_word' id='word_1_159' title='bbox 1721 1933 1776 1979; x_wconf 90' lang='lat' dir='ltr'><strong>et</strong></span> <span class='ocrx_word' id='word_1_160' title='bbox 1819 1922 1924 1977; x_wconf 86' lang='lat' dir='ltr'><strong>Pa-</strong></span> 
     </span>
    </p>
   </div>
   <div class='ocr_carea' id='block_1_23' title="bbox 359 2016 1926 2097">
    <p class='ocr_par' dir='ltr' id='par_1_23' title="bbox 359 2016 1926 2097">
     <span class='ocr_line' id='line_1_23' title="bbox 359 2016 1926 2097; baseline -0.011 -9"><span class='ocrx_word' id='word_1_161' title='bbox 359 2046 520 2097; x_wconf 88' lang='lat' dir='ltr'><strong>trem,</strong></span> <span class='ocrx_word' id='word_1_162' title='bbox 559 2049 577 2083; x_wconf 74' lang='grc' dir='ltr'><strong>ι</strong></span> <span class='ocrx_word' id='word_1_163' title='bbox 617 2029 791 2097; x_wconf 88' lang='lat' dir='ltr'><strong>ipsum</strong></span> <span class='ocrx_word' id='word_1_164' title='bbox 844 2035 1060 2094; x_wconf 84' lang='lat' dir='ltr'><strong>quoque</strong></span> <span class='ocrx_word' id='word_1_165' title='bbox 1101 2034 1175 2075; x_wconf 81' lang='lat' dir='ltr'><strong>ex</strong></span> <span class='ocrx_word' id='word_1_166' title='bbox 1222 2033 1328 2088; x_wconf 84' lang='lat' dir='ltr'><strong>quo</strong></span> <span class='ocrx_word' id='word_1_167' title='bbox 1380 2027 1464 2072; x_wconf 86' lang='lat' dir='ltr'><strong>est</strong></span> <span class='ocrx_word' id='word_1_168' title='bbox 1505 2016 1686 2086; x_wconf 84' lang='lat' dir='ltr'><strong>specie</strong></span> <span class='ocrx_word' id='word_1_169' title='bbox 1736 2024 1926 2070; x_wconf 82' lang='lat' dir='ltr'><strong>nostra</strong></span> 
     </span>
    </p>
   </div>
   <div class='ocr_carea' id='block_1_24' title="bbox 244 2103 1927 2190">
    <p class='ocr_par' dir='ltr' id='par_1_24' title="bbox 244 2103 1927 2190">
     <span class='ocr_line' id='line_1_24' title="bbox 244 2103 1927 2190; baseline -0.015 -7"><span class='ocrx_word' id='word_1_170' title='bbox 244 2146 246 2149; x_wconf 87' lang='grc'>·</span> <span class='ocrx_word' id='word_1_171' title='bbox 356 2139 477 2181; x_wconf 88' lang='lat' dir='ltr'><strong>esse</strong></span> <span class='ocrx_word' id='word_1_172' title='bbox 508 2133 561 2177; x_wconf 92' lang='lat' dir='ltr'><strong>et</strong></span> <span class='ocrx_word' id='word_1_173' title='bbox 588 2120 789 2190; x_wconf 79' lang='lat' dir='ltr'><strong>ﬁguras</strong></span> <span class='ocrx_word' id='word_1_174' title='bbox 830 2112 1079 2184; x_wconf 89' lang='lat' dir='ltr'><strong>corporis</strong></span> <span class='ocrx_word' id='word_1_175' title='bbox 1127 2112 1328 2164; x_wconf 83' lang='lat' dir='ltr'><strong>habere</strong></span> <span class='ocrx_word' id='word_1_176' title='bbox 1375 2106 1768 2178; x_wconf 72' lang='lat' dir='ltr'><strong>suspicaretur.</strong></span> <span class='ocrx_word' id='word_1_177' title='bbox 1815 2103 1927 2159; x_wconf 90' lang='lat' dir='ltr'><strong>Sed</strong></span> 
     </span>
    </p>
   </div>
   <div class='ocr_carea' id='block_1_25' title="bbox 357 2197 1925 2288">
    <p class='ocr_par' dir='ltr' id='par_1_25' title="bbox 357 2197 1925 2288">
     <span class='ocr_line' id='line_1_25' title="bbox 357 2197 1925 2288; baseline -0.013 -15"><span class='ocrx_word' id='word_1_178' title='bbox 357 2220 480 2288; x_wconf 90' lang='lat' dir='ltr'><strong>quia</strong></span> <span class='ocrx_word' id='word_1_179' title='bbox 520 2216 687 2270; x_wconf 85' lang='lat' dir='ltr'><strong>etiam</strong></span> <span class='ocrx_word' id='word_1_180' title='bbox 726 2210 894 2265; x_wconf 80' lang='lat' dir='ltr'><strong>Filius</strong></span> <span class='ocrx_word' id='word_1_181' title='bbox 933 2204 1168 2261; x_wconf 83' lang='lat' dir='ltr'><strong>hominis</strong></span> <span class='ocrx_word' id='word_1_182' title='bbox 1194 2201 1401 2265; x_wconf 74' lang='lat' dir='ltr'><strong>factus,</strong></span> <span class='ocrx_word' id='word_1_183' title='bbox 1458 2201 1562 2254; x_wconf 87' lang='lat' dir='ltr'><strong>hoc</strong></span> <span class='ocrx_word' id='word_1_184' title='bbox 1605 2199 1747 2269; x_wconf 90' lang='lat' dir='ltr'><strong>quod</strong></span> <span class='ocrx_word' id='word_1_185' title='bbox 1783 2197 1925 2253; x_wconf 87' lang='lat' dir='ltr'><strong>Deus</strong></span> 
     </span>
    </p>
   </div>
   <div class='ocr_carea' id='block_1_26' title="bbox 356 2289 1928 2366">
    <p class='ocr_par' dir='ltr' id='par_1_26' title="bbox 356 2289 1928 2366">
     <span class='ocr_line' id='line_1_26' title="bbox 356 2289 1928 2366; baseline -0.013 -3"><span class='ocrx_word' id='word_1_186' title='bbox 356 2316 472 2364; x_wconf 88' lang='lat' dir='ltr'><strong>erat</strong></span> <span class='ocrx_word' id='word_1_187' title='bbox 500 2303 758 2366; x_wconf 84' lang='lat' dir='ltr'><strong>servavit,</strong></span> <span class='ocrx_word' id='word_1_188' title='bbox 790 2310 844 2355; x_wconf 93' lang='lat' dir='ltr'><strong>et</strong></span> <span class='ocrx_word' id='word_1_189' title='bbox 877 2312 986 2353; x_wconf 72' lang='lat' dir='ltr'><strong>sua:</strong></span> <span class='ocrx_word' id='word_1_190' title='bbox 1009 2305 1215 2349; x_wconf 71' lang='lat' dir='ltr'><strong>natura:</strong></span> <span class='ocrx_word' id='word_1_191' title='bbox 1243 2290 1700 2361; x_wconf 79' lang='lat' dir='ltr'><strong>pulchritudinem</strong></span> <span class='ocrx_word' id='word_1_192' title='bbox 1731 2289 1928 2343; x_wconf 89' lang='lat' dir='ltr'><strong>immu-</strong></span> 
     </span>
    </p>
   </div>
   <div class='ocr_carea' id='block_1_27' title="bbox 361 2379 1927 2454">
    <p class='ocr_par' dir='ltr' id='par_1_27' title="bbox 361 2379 1927 2454">
     <span class='ocr_line' id='line_1_27' title="bbox 361 2379 1927 2454; baseline -0.012 -2"><span class='ocrx_word' id='word_1_193' title='bbox 361 2399 578 2452; x_wconf 88' lang='lat' dir='ltr'><strong>tabilem</strong></span> <span class='ocrx_word' id='word_1_194' title='bbox 611 2392 826 2454; x_wconf 85' lang='lat' dir='ltr'><strong>retinet,</strong></span> <span class='ocrx_word' id='word_1_195' title='bbox 860 2388 1006 2442; x_wconf 91' lang='lat' dir='ltr'><strong>nullo</strong></span> <span class='ocrx_word' id='word_1_196' title='bbox 1037 2385 1195 2438; x_wconf 90' lang='lat' dir='ltr'><strong>modo</strong></span> <span class='ocrx_word' id='word_1_197' title='bbox 1243 2383 1472 2437; x_wconf 88' lang='lat' dir='ltr'><strong>verebor</strong></span> <span class='ocrx_word' id='word_1_198' title='bbox 1519 2382 1724 2444; x_wconf 88' lang='lat' dir='ltr'><strong>dicere,</strong></span> <span class='ocrx_word' id='word_1_199' title='bbox 1773 2379 1927 2434; x_wconf 88' lang='lat' dir='ltr'><strong>illum</strong></span> 
     </span>
    </p>
   </div>
   <div class='ocr_carea' id='block_1_28' title="bbox 360 2472 1924 2546">
    <p class='ocr_par' dir='ltr' id='par_1_28' title="bbox 360 2472 1924 2546">
     <span class='ocr_line' id='line_1_28' title="bbox 360 2472 1924 2546; baseline -0.014 -1"><span class='ocrx_word' id='word_1_200' title='bbox 360 2504 481 2546; x_wconf 82' lang='lat' dir='ltr'><strong>esse</strong></span> <span class='ocrx_word' id='word_1_201' title='bbox 508 2486 675 2541; x_wconf 84' lang='lat' dir='ltr'><strong>etiam</strong></span> <span class='ocrx_word' id='word_1_202' title='bbox 705 2481 938 2537; x_wconf 89' lang='lat' dir='ltr'><strong>similem</strong></span> <span class='ocrx_word' id='word_1_203' title='bbox 967 2476 1124 2531; x_wconf 88' lang='lat' dir='ltr'><strong>nobis</strong></span> <span class='ocrx_word' id='word_1_204' title='bbox 1153 2488 1259 2543; x_wconf 91' lang='lat' dir='ltr'><strong>qua</strong></span> <span class='ocrx_word' id='word_1_205' title='bbox 1287 2472 1450 2526; x_wconf 89' lang='lat' dir='ltr'><strong>homo</strong></span> <span class='ocrx_word' id='word_1_206' title='bbox 1472 2483 1576 2535; x_wconf 88' lang='lat' dir='ltr'><strong>est,</strong></span> <span class='ocrx_word' id='word_1_207' title='bbox 1620 2479 1678 2524; x_wconf 93' lang='lat' dir='ltr'><strong>ut</strong></span> <span class='ocrx_word' id='word_1_208' title='bbox 1702 2484 1801 2525; x_wconf 92' lang='lat' dir='ltr'><strong>nos</strong></span> <span class='ocrx_word' id='word_1_209' title='bbox 1829 2484 1924 2525; x_wconf 82' lang='lat' dir='ltr'><strong>su-</strong></span> 
     </span>
    </p>
   </div>
   <div class='ocr_carea' id='block_1_29' title="bbox 362 2562 1929 2636">
    <p class='ocr_par' dir='ltr' id='par_1_29' title="bbox 362 2562 1929 2636">
     <span class='ocr_line' id='line_1_29' title="bbox 362 2562 1929 2636; baseline -0.013 0"><span class='ocrx_word' id='word_1_210' title='bbox 362 2596 481 2636; x_wconf 87' lang='lat' dir='ltr'><strong>mus</strong></span> <span class='ocrx_word' id='word_1_211' title='bbox 518 2593 586 2631; x_wconf 83' lang='lat' dir='ltr'><strong>ex</strong></span> <span class='ocrx_word' id='word_1_212' title='bbox 617 2574 796 2628; x_wconf 89' lang='lat' dir='ltr'><strong>anima</strong></span> <span class='ocrx_word' id='word_1_213' title='bbox 823 2567 983 2625; x_wconf 87' lang='lat' dir='ltr'><strong>simul</strong></span> <span class='ocrx_word' id='word_1_214' title='bbox 1032 2578 1085 2623; x_wconf 90' lang='lat' dir='ltr'><strong>ct</strong></span> <span class='ocrx_word' id='word_1_215' title='bbox 1133 2577 1383 2634; x_wconf 88' lang='lat' dir='ltr'><strong>corpore,</strong></span> <span class='ocrx_word' id='word_1_216' title='bbox 1436 2562 1683 2631; x_wconf 91' lang='lat' dir='ltr'><strong>quamvis</strong></span> <span class='ocrx_word' id='word_1_217' title='bbox 1735 2572 1929 2615; x_wconf 84' lang='lat' dir='ltr'><strong>natura</strong></span> 
     </span>
    </p>
   </div>
   <div class='ocr_carea' id='block_1_30' title="bbox 362 2658 1929 2736">
    <p class='ocr_par' dir='ltr' id='par_1_30' title="bbox 362 2658 1929 2736">
     <span class='ocr_line' id='line_1_30' title="bbox 362 2658 1929 2736; baseline -0.008 -10"><span class='ocrx_word' id='word_1_218' title='bbox 362 2674 434 2726; x_wconf 89' lang='lat' dir='ltr'><strong>sit</strong></span> <span class='ocrx_word' id='word_1_219' title='bbox 476 2671 635 2735; x_wconf 89' lang='lat' dir='ltr'><strong>Deus,</strong></span> <span class='ocrx_word' id='word_1_220' title='bbox 681 2676 736 2721; x_wconf 91' lang='lat' dir='ltr'><strong>et</strong></span> <span class='ocrx_word' id='word_1_221' title='bbox 765 2667 933 2736; x_wconf 81' lang='lat' dir='ltr'><strong>ﬁgura</strong></span> <span class='ocrx_word' id='word_1_222' title='bbox 975 2665 1293 2719; x_wconf 73' lang='lat' dir='ltr'><strong>substantia:</strong></span> <span class='ocrx_word' id='word_1_223' title='bbox 1324 2662 1603 2719; x_wconf 82' lang='lat' dir='ltr'><strong>Genitoris</strong></span> <span class='ocrx_word' id='word_1_224' title='bbox 1651 2661 1720 2714; x_wconf 79' lang='lat'><strong>“.</strong></span> <span class='ocrx_word' id='word_1_225' title='bbox 1778 2658 1929 2714; x_wconf 84' lang='lat' dir='ltr'><strong>Unus</strong></span> 
     </span>
    </p>
   </div>
   <div class='ocr_carea' id='block_1_31' title="bbox 360 2753 1928 2834">
    <p class='ocr_par' dir='ltr' id='par_1_31' title="bbox 360 2753 1928 2834">
     <span class='ocr_line' id='line_1_31' title="bbox 360 2753 1928 2834; baseline -0.008 -16"><span class='ocrx_word' id='word_1_226' title='bbox 360 2765 528 2834; x_wconf 85' lang='lat' dir='ltr'><strong>igitur</strong></span> <span class='ocrx_word' id='word_1_227' title='bbox 563 2762 809 2829; x_wconf 87' lang='lat' dir='ltr'><strong>idemque</strong></span> <span class='ocrx_word' id='word_1_228' title='bbox 839 2756 1032 2813; x_wconf 88' lang='lat' dir='ltr'><strong>similis</strong></span> <span class='ocrx_word' id='word_1_229' title='bbox 1062 2767 1144 2811; x_wconf 86' lang='lat' dir='ltr'><strong>est</strong></span> <span class='ocrx_word' id='word_1_230' title='bbox 1176 2756 1434 2810; x_wconf 86' lang='lat' dir='ltr'><strong>fratribus</strong></span> <span class='ocrx_word' id='word_1_231' title='bbox 1470 2753 1771 2809; x_wconf 90' lang='lat' dir='ltr'><strong>secundum</strong></span> <span class='ocrx_word' id='word_1_232' title='bbox 1804 2767 1928 2807; x_wconf 86' lang='lat' dir='ltr'><strong>car-</strong></span> 
     </span>
    </p>
   </div>
   <div class='ocr_carea' id='block_1_32' title="bbox 359 2846 1932 2917">
    <p class='ocr_par' dir='ltr' id='par_1_32' title="bbox 359 2846 1932 2917">
     <span class='ocr_line' id='line_1_32' title="bbox 359 2846 1932 2917; baseline -0.006 -9"><span class='ocrx_word' id='word_1_233' title='bbox 359 2869 482 2909; x_wconf 87' lang='lat' dir='ltr'><strong>nem</strong></span> <span class='ocrx_word' id='word_1_234' title='bbox 508 2862 559 2907; x_wconf 92' lang='lat' dir='ltr'><strong>et</strong></span> <span class='ocrx_word' id='word_1_235' title='bbox 590 2853 645 2906; x_wconf 87' lang='lat' dir='ltr'><strong>in</strong></span> <span class='ocrx_word' id='word_1_236' title='bbox 684 2866 777 2905; x_wconf 89' lang='lat' dir='ltr'><strong>sua</strong></span> <span class='ocrx_word' id='word_1_237' title='bbox 815 2858 1007 2904; x_wconf 85' lang='lat' dir='ltr'><strong>natura</strong></span> <span class='ocrx_word' id='word_1_238' title='bbox 1032 2863 1135 2917; x_wconf 89' lang='lat' dir='ltr'><strong>qua</strong></span> <span class='ocrx_word' id='word_1_239' title='bbox 1168 2848 1309 2902; x_wconf 88' lang='lat' dir='ltr'><strong>Deus</strong></span> <span class='ocrx_word' id='word_1_240' title='bbox 1337 2855 1445 2909; x_wconf 88' lang='lat' dir='ltr'><strong>est,</strong></span> <span class='ocrx_word' id='word_1_241' title='bbox 1499 2846 1673 2916; x_wconf 90' lang='lat' dir='ltr'><strong>ipsum</strong></span> <span class='ocrx_word' id='word_1_242' title='bbox 1715 2857 1932 2914; x_wconf 86' lang='lat' dir='ltr'><strong>quoque</strong></span> 
     </span>
    </p>
   </div>
   <div class='ocr_carea' id='block_1_33' title="bbox 358 2934 1932 3006">
    <p class='ocr_par' dir='ltr' id='par_1_33' title="bbox 358 2934 1932 3006">
     <span class='ocr_line' id='line_1_33' title="bbox 358 2934 1932 3006; baseline -0.007 -5"><span class='ocrx_word' id='word_1_243' title='bbox 358 2945 575 3001; x_wconf 75' lang='lat' dir='ltr'><strong>Patrem</strong></span> <span class='ocrx_word' id='word_1_244' title='bbox 622 2942 880 2997; x_wconf 89' lang='lat' dir='ltr'><strong>ostendit.</strong></span> <span class='ocrx_word' id='word_1_245' title='bbox 937 2940 1034 2993; x_wconf 81' lang='lat' dir='ltr'><strong>Hic</strong></span> <span class='ocrx_word' id='word_1_246' title='bbox 1091 2955 1221 2995; x_wconf 88' lang='lat' dir='ltr'><strong>vero</strong></span> <span class='ocrx_word' id='word_1_247' title='bbox 1268 2940 1321 2993; x_wconf 91' lang='lat' dir='ltr'><strong>id</strong></span> <span class='ocrx_word' id='word_1_248' title='bbox 1366 2954 1472 2993; x_wconf 90' lang='lat' dir='ltr'><strong>non</strong></span> <span class='ocrx_word' id='word_1_249' title='bbox 1527 2937 1777 3006; x_wconf 77' lang='lat' dir='ltr'><strong>intelligit</strong></span> <span class='ocrx_word' id='word_1_250' title='bbox 1824 2934 1932 2990; x_wconf 90' lang='lat' dir='ltr'><strong>ullo</strong></span> 
     </span>
    </p>
   </div>
   <div class='ocr_carea' id='block_1_34' title="bbox 2020 470 3609 544">
    <p class='ocr_par' dir='ltr' id='par_1_34' title="bbox 2020 470 3609 544">
     <span class='ocr_line' id='line_1_34' title="bbox 2020 470 3609 544; baseline 0.001 -18"><span class='ocrx_word' id='word_1_251' title='bbox 2020 472 2100 543; x_wconf 80' lang='grc' dir='ltr'><strong>τῷ</strong></span> <span class='ocrx_word' id='word_1_252' title='bbox 2133 470 2274 526; x_wconf 84' lang='grc' dir='ltr'>εἶναι</span> <span class='ocrx_word' id='word_1_253' title='bbox 2300 470 2445 525; x_wconf 84' lang='grc' dir='ltr'>τοῦθ’</span> <span class='ocrx_word' id='word_1_254' title='bbox 2467 473 2602 543; x_wconf 85' lang='grc' dir='ltr'>ὅπερ</span> <span class='ocrx_word' id='word_1_255' title='bbox 2628 472 2798 527; x_wconf 76' lang='grc' dir='ltr'>ἐστίν.</span> <span class='ocrx_word' id='word_1_256' title='bbox 2843 472 3054 526; x_wconf 82' lang='grc' dir='ltr'>Ούκοῦν</span> <span class='ocrx_word' id='word_1_257' title='bbox 3081 474 3182 526; x_wconf 83' lang='grc' dir='ltr'><strong>οὑκ</strong></span> <span class='ocrx_word' id='word_1_258' title='bbox 3208 471 3507 544; x_wconf 69' lang='grc' dir='ltr'>ἄνθρωπός</span> <span class='ocrx_word' id='word_1_259' title='bbox 3531 492 3609 539; x_wconf 85' lang='grc' dir='ltr'><strong>τις</strong></span> 
     </span>
    </p>
   </div>
   <div class='ocr_carea' id='block_1_35' title="bbox 2021 564 3608 636">
    <p class='ocr_par' dir='ltr' id='par_1_35' title="bbox 2021 564 3608 636">
     <span class='ocr_line' id='line_1_35' title="bbox 2021 564 3608 636; baseline 0.001 -18"><span class='ocrx_word' id='word_1_260' title='bbox 2021 564 2307 636; x_wconf 80' lang='grc' dir='ltr'><strong>ὑπάρχων,</strong></span> <span class='ocrx_word' id='word_1_261' title='bbox 2364 564 2440 629; x_wconf 87' lang='grc' dir='ltr'>ὡς</span> <span class='ocrx_word' id='word_1_262' title='bbox 2493 564 2678 635; x_wconf 74' lang='grc' dir='ltr'>ἕτερόν</span> <span class='ocrx_word' id='word_1_263' title='bbox 2724 583 2777 618; x_wconf 86' lang='grc' dir='ltr'><strong>τι</strong></span> <span class='ocrx_word' id='word_1_264' title='bbox 2832 566 2959 635; x_wconf 80' lang='grc' dir='ltr'>παρ’</span> <span class='ocrx_word' id='word_1_265' title='bbox 3013 564 3230 632; x_wconf 80' lang='grc' dir='ltr'>ἑαυτὸν,</span> <span class='ocrx_word' id='word_1_266' title='bbox 3298 565 3493 619; x_wconf 69' lang='grc' dir='ltr'>λαϐεῖν</span> <span class='ocrx_word' id='word_1_267' title='bbox 3545 567 3608 619; x_wconf 81' lang='grc' dir='ltr'>ἂν</span> 
     </span>
    </p>
   </div>
   <div class='ocr_carea' id='block_1_36' title="bbox 2021 652 3608 729">
    <p class='ocr_par' dir='ltr' id='par_1_36' title="bbox 2021 652 3608 729">
     <span class='ocr_line' id='line_1_36' title="bbox 2021 652 3608 729; baseline 0.003 -19"><span class='ocrx_word' id='word_1_268' title='bbox 2021 658 2192 710; x_wconf 83' lang='grc' dir='ltr'><strong>νοοῖτο</strong></span> <span class='ocrx_word' id='word_1_269' title='bbox 2216 655 2277 709; x_wconf 82' lang='grc' dir='ltr'><strong>τὸ</strong></span> <span class='ocrx_word' id='word_1_270' title='bbox 2307 652 2444 708; x_wconf 76' lang='grc' dir='ltr'>εἶναι</span> <span class='ocrx_word' id='word_1_271' title='bbox 2473 656 2501 709; x_wconf 84' lang='grc' dir='ltr'>ὅ</span> <span class='ocrx_word' id='word_1_272' title='bbox 2528 657 2685 709; x_wconf 78' lang='grc' dir='ltr'>ἐστι’</span> <span class='ocrx_word' id='word_1_273' title='bbox 2734 658 2933 728; x_wconf 80' lang='grc' dir='ltr'><strong>πρέποι</strong></span> <span class='ocrx_word' id='word_1_274' title='bbox 2973 656 3017 709; x_wconf 82' lang='grc' dir='ltr'>δ’</span> <span class='ocrx_word' id='word_1_275' title='bbox 3066 658 3130 710; x_wconf 85' lang='grc' dir='ltr'><strong>ἂν</strong></span> <span class='ocrx_word' id='word_1_276' title='bbox 3185 658 3388 728; x_wconf 81' lang='grc' dir='ltr'>μᾶλλον</span> <span class='ocrx_word' id='word_1_277' title='bbox 3421 659 3501 729; x_wconf 84' lang='grc' dir='ltr'>τῷ</span> <span class='ocrx_word' id='word_1_278' title='bbox 3539 663 3608 715; x_wconf 82' lang='grc' dir='ltr'>ὲκ</span> 
     </span>
    </p>
   </div>
   <div class='ocr_carea' id='block_1_37' title="bbox 2020 744 3604 818">
    <p class='ocr_par' dir='ltr' id='par_1_37' title="bbox 2020 744 3604 818">
     <span class='ocr_line' id='line_1_37' title="bbox 2020 744 3604 818; baseline 0.003 -21"><span class='ocrx_word' id='word_1_279' title='bbox 2020 744 2156 798; x_wconf 82' lang='grc' dir='ltr'>Θεοῦ</span> <span class='ocrx_word' id='word_1_280' title='bbox 2180 744 2336 813; x_wconf 85' lang='grc' dir='ltr'>φύντι</span> <span class='ocrx_word' id='word_1_281' title='bbox 2358 745 2535 815; x_wconf 84' lang='grc' dir='ltr'>Λόγῳ,</span> <span class='ocrx_word' id='word_1_282' title='bbox 2569 745 2631 797; x_wconf 87' lang='grc' dir='ltr'><strong>τὸ</strong></span> <span class='ocrx_word' id='word_1_283' title='bbox 2663 745 3000 799; x_wconf 80' lang='grc' dir='ltr'><strong>ἀσύντακτον</strong></span> <span class='ocrx_word' id='word_1_284' title='bbox 3032 746 3206 817; x_wconf 81' lang='grc' dir='ltr'>ἔχοντι</span> <span class='ocrx_word' id='word_1_285' title='bbox 3253 747 3392 818; x_wconf 84' lang='grc' dir='ltr'>πρὸς</span> <span class='ocrx_word' id='word_1_286' title='bbox 3431 750 3462 817; x_wconf 72' lang='grc' dir='ltr'><strong>ἡ</strong></span> <span class='ocrx_word' id='word_1_287' title='bbox 3473 749 3604 817; x_wconf 80' lang='grc' dir='ltr'>μᾶς,</span> 
     </span>
    </p>
   </div>
   <div class='ocr_carea' id='block_1_38' title="bbox 2021 837 3607 909">
    <p class='ocr_par' dir='ltr' id='par_1_38' title="bbox 2021 837 3607 909">
     <span class='ocr_line' id='line_1_38' title="bbox 2021 837 3607 909; baseline 0.001 -19"><span class='ocrx_word' id='word_1_288' title='bbox 2021 837 2165 891; x_wconf 83' lang='grc' dir='ltr'>κατά</span> <span class='ocrx_word' id='word_1_289' title='bbox 2199 854 2263 906; x_wconf 85' lang='grc' dir='ltr'><strong>γε</strong></span> <span class='ocrx_word' id='word_1_290' title='bbox 2289 837 2415 899; x_wconf 80' lang='grc' dir='ltr'>τοὺς</span> <span class='ocrx_word' id='word_1_291' title='bbox 2447 837 2547 908; x_wconf 80' lang='grc' dir='ltr'>τῆς</span> <span class='ocrx_word' id='word_1_292' title='bbox 2597 837 2732 901; x_wconf 79' lang='grc' dir='ltr'>ἰδίας</span> <span class='ocrx_word' id='word_1_293' title='bbox 2764 838 2978 908; x_wconf 86' lang='grc' dir='ltr'>φύσεως</span> <span class='ocrx_word' id='word_1_294' title='bbox 3021 837 3235 906; x_wconf 84' lang='grc' dir='ltr'><strong>λόγους,</strong></span> <span class='ocrx_word' id='word_1_295' title='bbox 3283 839 3462 909; x_wconf 74' lang='grc' dir='ltr'>ψυχῆς</span> <span class='ocrx_word' id='word_1_296' title='bbox 3511 841 3607 891; x_wconf 92' lang='grc' dir='ltr'>ἀν-</span> 
     </span>
    </p>
   </div>
   <div class='ocr_carea' id='block_1_39' title="bbox 2024 925 3606 1000">
    <p class='ocr_par' dir='ltr' id='par_1_39' title="bbox 2024 925 3606 1000">
     <span class='ocr_line' id='line_1_39' title="bbox 2024 925 3606 1000; baseline 0.001 -20"><span class='ocrx_word' id='word_1_297' title='bbox 2024 926 2306 998; x_wconf 86' lang='grc' dir='ltr'>θρωπίνης</span> <span class='ocrx_word' id='word_1_298' title='bbox 2348 927 2445 979; x_wconf 77' lang='grc' dir='ltr'>καὶ</span> <span class='ocrx_word' id='word_1_299' title='bbox 2475 925 2727 996; x_wconf 84' lang='grc' dir='ltr'>σώματος</span> <span class='ocrx_word' id='word_1_300' title='bbox 2769 928 2867 999; x_wconf 82' lang='grc' dir='ltr'>τὴν</span> <span class='ocrx_word' id='word_1_301' title='bbox 2899 928 3036 1000; x_wconf 85' lang='grc' dir='ltr'>πρὸς</span> <span class='ocrx_word' id='word_1_302' title='bbox 3075 930 3231 998; x_wconf 75' lang='grc' dir='ltr'>ἡμᾶς</span> <span class='ocrx_word' id='word_1_303' title='bbox 3271 929 3606 999; x_wconf 80' lang='grc' dir='ltr'><strong>ἀδελφότητα</strong></span> 
     </span>
    </p>
   </div>
   <div class='ocr_carea' id='block_1_40' title="bbox 2023 1016 3604 1091">
    <p class='ocr_par' dir='ltr' id='par_1_40' title="bbox 2023 1016 3604 1091">
     <span class='ocr_line' id='line_1_40' title="bbox 2023 1016 3604 1091; baseline 0.003 -22"><span class='ocrx_word' id='word_1_304' title='bbox 2023 1016 2229 1073; x_wconf 79' lang='grc' dir='ltr'>λαϐεῖν.</span> <span class='ocrx_word' id='word_1_305' title='bbox 2257 1017 2368 1070; x_wconf 82' lang='grc' dir='ltr'><strong>Καὶ</strong></span> <span class='ocrx_word' id='word_1_306' title='bbox 2392 1017 2528 1088; x_wconf 89' lang='grc' dir='ltr'>πρός</span> <span class='ocrx_word' id='word_1_307' title='bbox 2560 1033 2625 1086; x_wconf 89' lang='grc' dir='ltr'><strong>γε</strong></span> <span class='ocrx_word' id='word_1_308' title='bbox 2662 1017 2818 1070; x_wconf 73' lang='grc' dir='ltr'>τοῦτο</span> <span class='ocrx_word' id='word_1_309' title='bbox 2841 1019 2971 1090; x_wconf 79' lang='grc' dir='ltr'>ἡμῖν</span> <span class='ocrx_word' id='word_1_310' title='bbox 3000 1019 3029 1071; x_wconf 85' lang='grc' dir='ltr'><strong>ὁ</strong></span> <span class='ocrx_word' id='word_1_311' title='bbox 3059 1019 3158 1089; x_wconf 83' lang='grc' dir='ltr'>τῆς</span> <span class='ocrx_word' id='word_1_312' title='bbox 3199 1019 3456 1091; x_wconf 79' lang='grc' dir='ltr'><strong>ἀληθείας</strong></span> <span class='ocrx_word' id='word_1_313' title='bbox 3508 1022 3604 1074; x_wconf 82' lang='grc' dir='ltr'><strong>ὲπ-</strong></span> 
     </span>
    </p>
   </div>
   <div class='ocr_carea' id='block_1_41' title="bbox 2022 1109 3604 1185">
    <p class='ocr_par' dir='ltr' id='par_1_41' title="bbox 2022 1109 3604 1185">
     <span class='ocr_line' id='line_1_41' title="bbox 2022 1109 3604 1185; baseline 0.002 -21"><span class='ocrx_word' id='word_1_314' title='bbox 2022 1111 2333 1179; x_wconf 86' lang='grc' dir='ltr'>αγωνιεῖται</span> <span class='ocrx_word' id='word_1_315' title='bbox 2348 1109 2525 1178; x_wconf 88' lang='grc' dir='ltr'>λόγος,</span> <span class='ocrx_word' id='word_1_316' title='bbox 2541 1110 2636 1164; x_wconf 74' lang='grc' dir='ltr'>καὶ</span> <span class='ocrx_word' id='word_1_317' title='bbox 2662 1110 2759 1180; x_wconf 81' lang='grc' dir='ltr'>τῆς</span> <span class='ocrx_word' id='word_1_318' title='bbox 2781 1110 3079 1182; x_wconf 80' lang='grc' dir='ltr'><strong>ἀμωμήτου</strong></span> <span class='ocrx_word' id='word_1_319' title='bbox 3105 1110 3340 1176; x_wconf 85' lang='grc' dir='ltr'>πίστεως</span> <span class='ocrx_word' id='word_1_320' title='bbox 3367 1115 3401 1184; x_wconf 83' lang='grc' dir='ltr'>ή</span> <span class='ocrx_word' id='word_1_321' title='bbox 3427 1113 3604 1185; x_wconf 80' lang='grc' dir='ltr'>παρά-</span> 
     </span>
    </p>
   </div>
   <div class='ocr_carea' id='block_1_42' title="bbox 2023 1198 3607 1276">
    <p class='ocr_par' dir='ltr' id='par_1_42' title="bbox 2023 1198 3607 1276">
     <span class='ocr_line' id='line_1_42' title="bbox 2023 1198 3607 1276; baseline 0.002 -20"><span class='ocrx_word' id='word_1_322' title='bbox 2023 1205 2187 1266; x_wconf 88' lang='grc' dir='ltr'>δοσις.</span> <span class='ocrx_word' id='word_1_323' title='bbox 2225 1204 2466 1274; x_wconf 79' lang='grc' dir='ltr'>Ἀραρεν</span> <span class='ocrx_word' id='word_1_324' title='bbox 2499 1198 2591 1257; x_wconf 72' lang='grc' dir='ltr'><strong>οὖν</strong></span> <span class='ocrx_word' id='word_1_325' title='bbox 2619 1204 2703 1256; x_wconf 80' lang='grc' dir='ltr'><strong>ὅτι</strong></span> <span class='ocrx_word' id='word_1_326' title='bbox 2738 1205 2795 1256; x_wconf 82' lang='grc' dir='ltr'><strong>ὲν</strong></span> <span class='ocrx_word' id='word_1_327' title='bbox 2830 1206 3010 1276; x_wconf 76' lang='grc' dir='ltr'>μορφῇ</span> <span class='ocrx_word' id='word_1_328' title='bbox 3055 1204 3149 1257; x_wconf 84' lang='grc' dir='ltr'>τοῦ</span> <span class='ocrx_word' id='word_1_329' title='bbox 3183 1204 3319 1258; x_wconf 74' lang='grc' dir='ltr'>Θεοῦ</span> <span class='ocrx_word' id='word_1_330' title='bbox 3368 1206 3462 1259; x_wconf 78' lang='grc' dir='ltr'>καὶ</span> <span class='ocrx_word' id='word_1_331' title='bbox 3498 1207 3607 1259; x_wconf 85' lang='grc' dir='ltr'><strong>Πα-</strong></span> 
     </span>
    </p>
   </div>
   <div class='ocr_carea' id='block_1_43' title="bbox 2023 1295 3605 1368">
    <p class='ocr_par' dir='ltr' id='par_1_43' title="bbox 2023 1295 3605 1368">
     <span class='ocr_line' id='line_1_43' title="bbox 2023 1295 3605 1368; baseline 0.003 -20"><span class='ocrx_word' id='word_1_332' title='bbox 2023 1296 2171 1367; x_wconf 83' lang='grc' dir='ltr'>τρὸς,</span> <span class='ocrx_word' id='word_1_333' title='bbox 2197 1295 2329 1360; x_wconf 84' lang='grc' dir='ltr'>Θεὸς</span> <span class='ocrx_word' id='word_1_334' title='bbox 2361 1296 2535 1364; x_wconf 77' lang='grc' dir='ltr'>Λόγος</span> <span class='ocrx_word' id='word_1_335' title='bbox 2575 1295 2804 1364; x_wconf 86' lang='grc' dir='ltr'>ἀδελφὸς</span> <span class='ocrx_word' id='word_1_336' title='bbox 2834 1299 2967 1367; x_wconf 84' lang='grc' dir='ltr'>ἡμῖν</span> <span class='ocrx_word' id='word_1_337' title='bbox 3006 1298 3151 1351; x_wconf 87' lang='grc' dir='ltr'><strong>κατά</strong></span> <span class='ocrx_word' id='word_1_338' title='bbox 3182 1298 3361 1352; x_wconf 83' lang='grc' dir='ltr'>πάντα</span> <span class='ocrx_word' id='word_1_339' title='bbox 3393 1299 3605 1368; x_wconf 82' lang='grc' dir='ltr'>γέγονε,</span> 
     </span>
    </p>
   </div>
   <div class='ocr_carea' id='block_1_44' title="bbox 2022 1385 3604 1460">
    <p class='ocr_par' dir='ltr' id='par_1_44' title="bbox 2022 1385 3604 1460">
     <span class='ocr_line' id='line_1_44' title="bbox 2022 1385 3604 1460; baseline 0.004 -22"><span class='ocrx_word' id='word_1_340' title='bbox 2022 1386 2199 1456; x_wconf 78' lang='grc' dir='ltr'>ψυχῆς</span> <span class='ocrx_word' id='word_1_341' title='bbox 2241 1385 2591 1457; x_wconf 82' lang='grc' dir='ltr'><strong>ἀνθρωπίνης</strong></span> <span class='ocrx_word' id='word_1_342' title='bbox 2622 1386 2716 1440; x_wconf 81' lang='grc' dir='ltr'><strong>καὶ</strong></span> <span class='ocrx_word' id='word_1_343' title='bbox 2758 1385 3008 1456; x_wconf 88' lang='grc' dir='ltr'>σώματος</span> <span class='ocrx_word' id='word_1_344' title='bbox 3038 1387 3374 1460; x_wconf 78' lang='grc' dir='ltr'>ἀδελφότητα</span> <span class='ocrx_word' id='word_1_345' title='bbox 3401 1389 3604 1455; x_wconf 78' lang='grc' dir='ltr'>λαϐὼν,</span> 
     </span>
    </p>
   </div>
   <div class='ocr_carea' id='block_1_45' title="bbox 2026 1474 3605 1550">
    <p class='ocr_par' dir='ltr' id='par_1_45' title="bbox 2026 1474 3605 1550">
     <span class='ocr_line' id='line_1_45' title="bbox 2026 1474 3605 1550; baseline 0.003 -21"><span class='ocrx_word' id='word_1_346' title='bbox 2026 1475 2121 1529; x_wconf 76' lang='grc' dir='ltr'><strong>καὶ</strong></span> <span class='ocrx_word' id='word_1_347' title='bbox 2164 1475 2264 1529; x_wconf 86' lang='grc' dir='ltr'><strong>οὐκ</strong></span> <span class='ocrx_word' id='word_1_348' title='bbox 2315 1475 2382 1530; x_wconf 84' lang='grc' dir='ltr'><strong>ἂν</strong></span> <span class='ocrx_word' id='word_1_349' title='bbox 2419 1474 2769 1540; x_wconf 81' lang='grc' dir='ltr'>διαψεύσαιτο</span> <span class='ocrx_word' id='word_1_350' title='bbox 2814 1476 3011 1545; x_wconf 80' lang='grc' dir='ltr'>λέγων,</span> <span class='ocrx_word' id='word_1_351' title='bbox 3055 1496 3077 1528; x_wconf 73' lang='grc' dir='ltr'><strong>ι</strong></span> <span class='ocrx_word' id='word_1_352' title='bbox 3100 1480 3158 1532; x_wconf 86' lang='lat'><strong>&#39;0</strong></span> <span class='ocrx_word' id='word_1_353' title='bbox 3192 1479 3453 1550; x_wconf 76' lang='grc' dir='ltr'>ἑωρακὼς</span> <span class='ocrx_word' id='word_1_354' title='bbox 3484 1481 3605 1550; x_wconf 77' lang='grc' dir='ltr'>ἐμὲ,</span> 
     </span>
    </p>
   </div>
   <div class='ocr_carea' id='block_1_46' title="bbox 2026 1565 3605 1642">
    <p class='ocr_par' dir='ltr' id='par_1_46' title="bbox 2026 1565 3605 1642">
     <span class='ocr_line' id='line_1_46' title="bbox 2026 1565 3605 1642; baseline 0.004 -24"><span class='ocrx_word' id='word_1_355' title='bbox 2026 1565 2239 1639; x_wconf 76' lang='grc' dir='ltr'>ἑώρακε</span> <span class='ocrx_word' id='word_1_356' title='bbox 2267 1566 2359 1622; x_wconf 86' lang='grc' dir='ltr'><strong>τὸν</strong></span> <span class='ocrx_word' id='word_1_357' title='bbox 2398 1567 2636 1637; x_wconf 82' lang='grc' dir='ltr'>Πατέρα.</span> <span class='ocrx_word' id='word_1_358' title='bbox 2662 1587 2680 1618; x_wconf 72' lang='grc' dir='ltr'><strong>ι</strong></span> <span class='ocrx_word' id='word_1_359' title='bbox 2733 1567 2797 1620; x_wconf 75' lang='grc' dir='ltr'><strong>Εἰ</strong></span> <span class='ocrx_word' id='word_1_360' title='bbox 2840 1568 2939 1637; x_wconf 87' lang='grc' dir='ltr'><strong>μὲν</strong></span> <span class='ocrx_word' id='word_1_361' title='bbox 2965 1567 3075 1638; x_wconf 81' lang='grc' dir='ltr'>γάρ</span> <span class='ocrx_word' id='word_1_362' title='bbox 3101 1586 3185 1633; x_wconf 80' lang='grc' dir='ltr'><strong>τις</strong></span> <span class='ocrx_word' id='word_1_363' title='bbox 3219 1570 3327 1624; x_wconf 87' lang='grc' dir='ltr'><strong>τῶν</strong></span> <span class='ocrx_word' id='word_1_364' title='bbox 3356 1573 3415 1624; x_wconf 79' lang='grc' dir='ltr'>ὲν</span> <span class='ocrx_word' id='word_1_365' title='bbox 3454 1573 3605 1642; x_wconf 80' lang='grc' dir='ltr'>ἡμῖν,</span> 
     </span>
    </p>
   </div>
   <div class='ocr_carea' id='block_1_47' title="bbox 2026 1658 3610 1730">
    <p class='ocr_par' dir='ltr' id='par_1_47' title="bbox 2026 1658 3610 1730">
     <span class='ocr_line' id='line_1_47' title="bbox 2026 1658 3610 1730; baseline 0.004 -18"><span class='ocrx_word' id='word_1_366' title='bbox 2026 1658 2272 1729; x_wconf 83' lang='grc' dir='ltr'><strong>ἀμαθίας</strong></span> <span class='ocrx_word' id='word_1_367' title='bbox 2318 1661 2397 1723; x_wconf 85' lang='grc' dir='ltr'>εἰς</span> <span class='ocrx_word' id='word_1_368' title='bbox 2435 1658 2594 1713; x_wconf 81' lang='grc' dir='ltr'>τοῦτο</span> <span class='ocrx_word' id='word_1_369' title='bbox 2623 1658 2959 1716; x_wconf 86' lang='grc' dir='ltr'>κατὼλισθεν</span> <span class='ocrx_word' id='word_1_370' title='bbox 2997 1662 3237 1730; x_wconf 79' lang='grc' dir='ltr'>ἐννοιῶν,</span> <span class='ocrx_word' id='word_1_371' title='bbox 3275 1665 3360 1728; x_wconf 76' lang='grc' dir='ltr'>ὡς</span> <span class='ocrx_word' id='word_1_372' title='bbox 3403 1665 3610 1719; x_wconf 75' lang='grc' dir='ltr'>οἴεσθαι</span> 
     </span>
    </p>
   </div>
   <div class='ocr_carea' id='block_1_48' title="bbox 2026 1752 3612 1824">
    <p class='ocr_par' dir='ltr' id='par_1_48' title="bbox 2026 1752 3612 1824">
     <span class='ocr_line' id='line_1_48' title="bbox 2026 1752 3612 1824; baseline 0.003 -19"><span class='ocrx_word' id='word_1_373' title='bbox 2026 1753 2120 1806; x_wconf 69' lang='grc' dir='ltr'><strong>καὶ</strong></span> <span class='ocrx_word' id='word_1_374' title='bbox 2142 1752 2302 1805; x_wconf 81' lang='grc' dir='ltr'>αὐτὸν</span> <span class='ocrx_word' id='word_1_375' title='bbox 2322 1752 2415 1806; x_wconf 85' lang='grc' dir='ltr'><strong>τὸν</strong></span> <span class='ocrx_word' id='word_1_376' title='bbox 2444 1752 2502 1804; x_wconf 80' lang='grc' dir='ltr'>ὲν</span> <span class='ocrx_word' id='word_1_377' title='bbox 2526 1753 2639 1815; x_wconf 83' lang='grc' dir='ltr'>τοῖς</span> <span class='ocrx_word' id='word_1_378' title='bbox 2662 1753 2908 1822; x_wconf 75' lang='grc' dir='ltr'>οὐρανοῖς</span> <span class='ocrx_word' id='word_1_379' title='bbox 2934 1753 3151 1824; x_wconf 81' lang='grc' dir='ltr'>Πατέρα</span> <span class='ocrx_word' id='word_1_380' title='bbox 3171 1755 3264 1809; x_wconf 76' lang='grc' dir='ltr'><strong>καὶ</strong></span> <span class='ocrx_word' id='word_1_381' title='bbox 3289 1755 3420 1809; x_wconf 87' lang='grc' dir='ltr'>Θεὸν</span> <span class='ocrx_word' id='word_1_382' title='bbox 3440 1773 3612 1810; x_wconf 85' lang='grc' dir='ltr'>κατα-</span> 
     </span>
    </p>
   </div>
   <div class='ocr_carea' id='block_1_49' title="bbox 2025 1842 3610 1918">
    <p class='ocr_par' dir='ltr' id='par_1_49' title="bbox 2025 1842 3610 1918">
     <span class='ocr_line' id='line_1_49' title="bbox 2025 1842 3610 1918; baseline 0.004 -22"><span class='ocrx_word' id='word_1_383' title='bbox 2025 1842 2347 1913; x_wconf 78' lang='grc' dir='ltr'>κομίζεσθαι</span> <span class='ocrx_word' id='word_1_384' title='bbox 2400 1844 2532 1911; x_wconf 84' lang='grc' dir='ltr'>δεῖν,</span> <span class='ocrx_word' id='word_1_385' title='bbox 2574 1844 2653 1908; x_wconf 80' lang='grc' dir='ltr'><strong>εἷς</strong></span> <span class='ocrx_word' id='word_1_386' title='bbox 2692 1861 2758 1914; x_wconf 87' lang='grc' dir='ltr'><strong>γε</strong></span> <span class='ocrx_word' id='word_1_387' title='bbox 2805 1844 2866 1898; x_wconf 86' lang='grc' dir='ltr'><strong>τὸ</strong></span> <span class='ocrx_word' id='word_1_388' title='bbox 2900 1846 3117 1917; x_wconf 81' lang='grc' dir='ltr'>χρῆναι,</span> <span class='ocrx_word' id='word_1_389' title='bbox 3160 1848 3324 1918; x_wconf 74' lang='grc' dir='ltr'>φημὶ,</span> <span class='ocrx_word' id='word_1_390' title='bbox 3356 1848 3455 1917; x_wconf 82' lang='grc' dir='ltr'><strong>τὴν</strong></span> <span class='ocrx_word' id='word_1_391' title='bbox 3485 1847 3610 1902; x_wconf 79' lang='grc' dir='ltr'>καθ’</span> 
     </span>
    </p>
   </div>
   <div class='ocr_carea' id='block_1_50' title="bbox 2026 1935 3609 2012">
    <p class='ocr_par' dir='ltr' id='par_1_50' title="bbox 2026 1935 3609 2012">
     <span class='ocr_line' id='line_1_50' title="bbox 2026 1935 3609 2012; baseline 0.002 -23"><span class='ocrx_word' id='word_1_392' title='bbox 2026 1938 2173 2007; x_wconf 82' lang='grc' dir='ltr'>ἡμᾶς</span> <span class='ocrx_word' id='word_1_393' title='bbox 2197 1935 2453 2007; x_wconf 82' lang='grc' dir='ltr'>ὁμοίωσιν</span> <span class='ocrx_word' id='word_1_394' title='bbox 2498 1936 2664 2008; x_wconf 83' lang='grc' dir='ltr'>ἔχειν,</span> <span class='ocrx_word' id='word_1_395' title='bbox 2710 1937 2869 2007; x_wconf 85' lang='grc' dir='ltr'>δῆλον</span> <span class='ocrx_word' id='word_1_396' title='bbox 2897 1938 2954 1991; x_wconf 81' lang='grc' dir='ltr'>δὲ</span> <span class='ocrx_word' id='word_1_397' title='bbox 2989 1939 3071 1992; x_wconf 84' lang='grc' dir='ltr'><strong>ὅτι</strong></span> <span class='ocrx_word' id='word_1_398' title='bbox 3120 1940 3218 2008; x_wconf 80' lang='grc' dir='ltr'><strong>τὴν</strong></span> <span class='ocrx_word' id='word_1_399' title='bbox 3261 1941 3609 2012; x_wconf 83' lang='grc' dir='ltr'>σωματικὴν,</span> 
     </span>
    </p>
   </div>
   <div class='ocr_carea' id='block_1_51' title="bbox 2027 2028 3613 2101">
    <p class='ocr_par' dir='ltr' id='par_1_51' title="bbox 2027 2028 3613 2101">
     <span class='ocr_line' id='line_1_51' title="bbox 2027 2028 3613 2101; baseline 0.003 -22"><span class='ocrx_word' id='word_1_400' title='bbox 2027 2028 2203 2099; x_wconf 81' lang='grc' dir='ltr'>ὀρθῶς</span> <span class='ocrx_word' id='word_1_401' title='bbox 2245 2028 2457 2094; x_wconf 75' lang='grc' dir='ltr'>ἐδεδίει,</span> <span class='ocrx_word' id='word_1_402' title='bbox 2511 2029 2587 2100; x_wconf 83' lang='grc' dir='ltr'>μὴ</span> <span class='ocrx_word' id='word_1_403' title='bbox 2633 2031 2740 2099; x_wconf 82' lang='grc' dir='ltr'>ἄρα</span> <span class='ocrx_word' id='word_1_404' title='bbox 2784 2047 2886 2083; x_wconf 85' lang='grc' dir='ltr'><strong>που</strong></span> <span class='ocrx_word' id='word_1_405' title='bbox 2935 2030 3183 2099; x_wconf 81' lang='grc' dir='ltr'>λέγοντος</span> <span class='ocrx_word' id='word_1_406' title='bbox 3222 2030 3316 2084; x_wconf 81' lang='grc' dir='ltr'>τοῦ</span> <span class='ocrx_word' id='word_1_407' title='bbox 3350 2031 3613 2101; x_wconf 80' lang='grc' dir='ltr'><strong>Χριστοῦ,</strong></span> 
     </span>
    </p>
   </div>
   <div class='ocr_carea' id='block_1_52' title="bbox 2034 2118 3612 2192">
    <p class='ocr_par' dir='ltr' id='par_1_52' title="bbox 2034 2118 3612 2192">
     <span class='ocr_line' id='line_1_52' title="bbox 2034 2118 3612 2192; baseline 0.004 -21"><span class='ocrx_word' id='word_1_408' title='bbox 2034 2138 2053 2171; x_wconf 81' lang='grc' dir='ltr'><strong>ι</strong></span> <span class='ocrx_word' id='word_1_409' title='bbox 2093 2119 2152 2171; x_wconf 82' lang='lat'>&#39;0</span> <span class='ocrx_word' id='word_1_410' title='bbox 2179 2118 2439 2191; x_wconf 79' lang='grc' dir='ltr'>ἑωρακὼς</span> <span class='ocrx_word' id='word_1_411' title='bbox 2478 2120 2597 2190; x_wconf 74' lang='grc' dir='ltr'>ἐμὲ,</span> <span class='ocrx_word' id='word_1_412' title='bbox 2629 2118 2840 2189; x_wconf 79' lang='grc' dir='ltr'>ἑώρακε</span> <span class='ocrx_word' id='word_1_413' title='bbox 2866 2120 2956 2174; x_wconf 86' lang='grc' dir='ltr'><strong>τὸν</strong></span> <span class='ocrx_word' id='word_1_414' title='bbox 2989 2121 3232 2192; x_wconf 83' lang='grc' dir='ltr'>Πατέρα,</span> <span class='ocrx_word' id='word_1_415' title='bbox 3264 2141 3282 2174; x_wconf 77' lang='grc' dir='ltr'><strong>ι</strong></span> <span class='ocrx_word' id='word_1_416' title='bbox 3326 2125 3421 2176; x_wconf 72' lang='grc' dir='ltr'>καὶ</span> <span class='ocrx_word' id='word_1_417' title='bbox 3446 2125 3612 2177; x_wconf 83' lang='grc' dir='ltr'>αὑτὸν</span> 
     </span>
    </p>
   </div>
   <div class='ocr_carea' id='block_1_53' title="bbox 2029 2205 3615 2285">
    <p class='ocr_par' dir='ltr' id='par_1_53' title="bbox 2029 2205 3615 2285">
     <span class='ocr_line' id='line_1_53' title="bbox 2029 2205 3615 2285; baseline 0.002 -20"><span class='ocrx_word' id='word_1_418' title='bbox 2029 2211 2393 2281; x_wconf 83' lang='grc' dir='ltr'>ύποτοπήσειε</span> <span class='ocrx_word' id='word_1_419' title='bbox 2417 2210 2508 2264; x_wconf 85' lang='grc' dir='ltr'><strong>τὸν</strong></span> <span class='ocrx_word' id='word_1_420' title='bbox 2536 2211 2595 2277; x_wconf 78' lang='grc' dir='ltr'>ἐξ</span> <span class='ocrx_word' id='word_1_421' title='bbox 2633 2205 2802 2282; x_wconf 76' lang='grc' dir='ltr'>οὗπέρ</span> <span class='ocrx_word' id='word_1_422' title='bbox 2831 2213 2999 2276; x_wconf 81' lang='grc' dir='ltr'>ἐστιν,</span> <span class='ocrx_word' id='word_1_423' title='bbox 3034 2213 3091 2266; x_wconf 81' lang='grc' dir='ltr'>ὲν</span> <span class='ocrx_word' id='word_1_424' title='bbox 3124 2213 3253 2267; x_wconf 77' lang='grc' dir='ltr'>εῖδει</span> <span class='ocrx_word' id='word_1_425' title='bbox 3282 2231 3339 2268; x_wconf 86' lang='grc' dir='ltr'><strong>τε</strong></span> <span class='ocrx_word' id='word_1_426' title='bbox 3361 2210 3497 2268; x_wconf 81' lang='grc' dir='ltr'>εἶναι</span> <span class='ocrx_word' id='word_1_427' title='bbox 3535 2214 3615 2285; x_wconf 78' lang='grc' dir='ltr'>τῷ</span> 
     </span>
    </p>
   </div>
   <div class='ocr_carea' id='block_1_54' title="bbox 2029 2300 3613 2374">
    <p class='ocr_par' dir='ltr' id='par_1_54' title="bbox 2029 2300 3613 2374">
     <span class='ocr_line' id='line_1_54' title="bbox 2029 2300 3613 2374; baseline 0.003 -21"><span class='ocrx_word' id='word_1_428' title='bbox 2029 2300 2150 2354; x_wconf 89' lang='grc' dir='ltr'>καθ’</span> <span class='ocrx_word' id='word_1_429' title='bbox 2186 2302 2352 2372; x_wconf 79' lang='grc' dir='ltr'>ἡμᾶς,</span> <span class='ocrx_word' id='word_1_430' title='bbox 2403 2301 2497 2355; x_wconf 71' lang='grc' dir='ltr'>καὶ</span> <span class='ocrx_word' id='word_1_431' title='bbox 2542 2303 2599 2355; x_wconf 81' lang='grc' dir='ltr'>ὲν</span> <span class='ocrx_word' id='word_1_432' title='bbox 2640 2304 2753 2365; x_wconf 87' lang='grc' dir='ltr'>τοῖς</span> <span class='ocrx_word' id='word_1_433' title='bbox 2801 2303 2943 2356; x_wconf 79' lang='grc' dir='ltr'>κοιτά</span> <span class='ocrx_word' id='word_1_434' title='bbox 2977 2303 3136 2372; x_wconf 86' lang='grc' dir='ltr'>σῶμα</span> <span class='ocrx_word' id='word_1_435' title='bbox 3188 2308 3613 2374; x_wconf 76' lang='grc' dir='ltr'>σχηματισμοῖς.</span> 
     </span>
    </p>
   </div>
   <div class='ocr_carea' id='block_1_55' title="bbox 2042 2392 3616 2463">
    <p class='ocr_par' dir='ltr' id='par_1_55' title="bbox 2042 2392 3616 2463">
     <span class='ocr_line' id='line_1_55' title="bbox 2042 2392 3616 2463; baseline 0.003 -18"><span class='ocrx_word' id='word_1_436' title='bbox 2042 2392 2260 2463; x_wconf 86' lang='grc' dir='ltr'>Ἐπειδὴ</span> <span class='ocrx_word' id='word_1_437' title='bbox 2310 2392 2367 2444; x_wconf 83' lang='grc' dir='ltr'>δὲ</span> <span class='ocrx_word' id='word_1_438' title='bbox 2410 2394 2503 2445; x_wconf 79' lang='grc' dir='ltr'><strong>καὶ</strong></span> <span class='ocrx_word' id='word_1_439' title='bbox 2551 2392 2679 2457; x_wconf 77' lang='grc' dir='ltr'>Υἱὸς</span> <span class='ocrx_word' id='word_1_440' title='bbox 2731 2392 3019 2461; x_wconf 84' lang='grc' dir='ltr'>ἀνθρώπου</span> <span class='ocrx_word' id='word_1_441' title='bbox 3048 2393 3309 2463; x_wconf 87' lang='grc' dir='ltr'>γεγονὼς.</span> <span class='ocrx_word' id='word_1_442' title='bbox 3363 2396 3425 2449; x_wconf 86' lang='grc' dir='ltr'><strong>τὸ</strong></span> <span class='ocrx_word' id='word_1_443' title='bbox 3478 2393 3616 2449; x_wconf 75' lang='grc' dir='ltr'>εἶναι</span> 
     </span>
    </p>
   </div>
   <div class='ocr_carea' id='block_1_56' title="bbox 2029 2466 3617 2557">
    <p class='ocr_par' dir='ltr' id='par_1_56' title="bbox 2029 2466 3617 2557">
     <span class='ocr_line' id='line_1_56' title="bbox 2029 2466 3617 2557; baseline 0.001 -20"><span class='ocrx_word' id='word_1_444' title='bbox 2029 2485 2163 2548; x_wconf 86' lang='grc' dir='ltr'>Θεὸς</span> <span class='ocrx_word' id='word_1_445' title='bbox 2212 2484 2524 2549; x_wconf 84' lang='grc' dir='ltr'>διεσώσατο,</span> <span class='ocrx_word' id='word_1_446' title='bbox 2576 2485 2766 2539; x_wconf 79' lang='grc' dir='ltr'>καὶτὸ</span> <span class='ocrx_word' id='word_1_447' title='bbox 2816 2487 2916 2556; x_wconf 84' lang='grc' dir='ltr'>τῆς</span> <span class='ocrx_word' id='word_1_448' title='bbox 2959 2466 3098 2552; x_wconf 74' lang='grc' dir='ltr'>ἰδίας</span> <span class='ocrx_word' id='word_1_449' title='bbox 3155 2489 3371 2557; x_wconf 85' lang='grc' dir='ltr'>φύσεως</span> <span class='ocrx_word' id='word_1_450' title='bbox 3423 2488 3617 2551; x_wconf 77' lang='grc' dir='ltr'>κάλλος</span> 
     </span>
    </p>
   </div>
   <div class='ocr_carea' id='block_1_57' title="bbox 2030 2577 3613 2650">
    <p class='ocr_par' dir='ltr' id='par_1_57' title="bbox 2030 2577 3613 2650">
     <span class='ocr_line' id='line_1_57' title="bbox 2030 2577 3613 2650; baseline 0 -19"><span class='ocrx_word' id='word_1_451' title='bbox 2030 2577 2448 2649; x_wconf 86' lang='grc' dir='ltr'>ἀπαραποίητον</span> <span class='ocrx_word' id='word_1_452' title='bbox 2470 2578 2604 2646; x_wconf 79' lang='grc' dir='ltr'>ἔχει,</span> <span class='ocrx_word' id='word_1_453' title='bbox 2630 2579 2965 2647; x_wconf 75' lang='grc' dir='ltr'>κατοκνῆσαι</span> <span class='ocrx_word' id='word_1_454' title='bbox 2975 2580 3029 2647; x_wconf 80' lang='grc' dir='ltr'>μ’</span> <span class='ocrx_word' id='word_1_455' title='bbox 3054 2579 3119 2632; x_wconf 82' lang='grc' dir='ltr'>ἂν</span> <span class='ocrx_word' id='word_1_456' title='bbox 3144 2580 3394 2650; x_wconf 80' lang='grc' dir='ltr'>οὐδαμῶς</span> <span class='ocrx_word' id='word_1_457' title='bbox 3420 2582 3613 2642; x_wconf 73' lang='grc' dir='ltr'>εἰπεῖν,</span> 
     </span>
    </p>
   </div>
   <div class='ocr_carea' id='block_1_58' title="bbox 2031 2666 3618 2740">
    <p class='ocr_par' dir='ltr' id='par_1_58' title="bbox 2031 2666 3618 2740">
     <span class='ocr_line' id='line_1_58' title="bbox 2031 2666 3618 2740; baseline 0.003 -21"><span class='ocrx_word' id='word_1_458' title='bbox 2031 2667 2113 2720; x_wconf 86' lang='grc' dir='ltr'>ὅτι</span> <span class='ocrx_word' id='word_1_459' title='bbox 2147 2666 2242 2720; x_wconf 68' lang='grc' dir='ltr'><strong>καὶ</strong></span> <span class='ocrx_word' id='word_1_460' title='bbox 2273 2667 2373 2737; x_wconf 81' lang='grc' dir='ltr'>τὴν</span> <span class='ocrx_word' id='word_1_461' title='bbox 2407 2667 2544 2737; x_wconf 80' lang='grc' dir='ltr'>πρὸς</span> <span class='ocrx_word' id='word_1_462' title='bbox 2583 2668 2732 2737; x_wconf 80' lang='grc' dir='ltr'>ἡμᾶς</span> <span class='ocrx_word' id='word_1_463' title='bbox 2768 2668 3027 2737; x_wconf 84' lang='grc' dir='ltr'>ὁμοίωσιν</span> <span class='ocrx_word' id='word_1_464' title='bbox 3070 2669 3205 2740; x_wconf 78' lang='grc' dir='ltr'>ἔχει,</span> <span class='ocrx_word' id='word_1_465' title='bbox 3256 2670 3402 2723; x_wconf 87' lang='grc' dir='ltr'><strong>κατά</strong></span> <span class='ocrx_word' id='word_1_466' title='bbox 3448 2687 3510 2739; x_wconf 87' lang='grc' dir='ltr'><strong>γε</strong></span> <span class='ocrx_word' id='word_1_467' title='bbox 3559 2671 3618 2723; x_wconf 83' lang='grc' dir='ltr'><strong>τὸ</strong></span> 
     </span>
    </p>
   </div>
   <div class='ocr_carea' id='block_1_59' title="bbox 2033 2756 3613 2832">
    <p class='ocr_par' dir='ltr' id='par_1_59' title="bbox 2033 2756 3613 2832">
     <span class='ocr_line' id='line_1_59' title="bbox 2033 2756 3613 2832; baseline 0.003 -20"><span class='ocrx_word' id='word_1_468' title='bbox 2033 2756 2171 2812; x_wconf 76' lang='grc' dir='ltr'>εἶναι</span> <span class='ocrx_word' id='word_1_469' title='bbox 2196 2758 2317 2811; x_wconf 86' lang='grc' dir='ltr'>καθ’</span> <span class='ocrx_word' id='word_1_470' title='bbox 2351 2760 2498 2830; x_wconf 81' lang='grc' dir='ltr'>ἡμᾶς</span> <span class='ocrx_word' id='word_1_471' title='bbox 2525 2758 2831 2829; x_wconf 84' lang='grc' dir='ltr'>ἄνθρωπος,</span> <span class='ocrx_word' id='word_1_472' title='bbox 2859 2762 2886 2814; x_wconf 85' lang='grc' dir='ltr'>ὁ</span> <span class='ocrx_word' id='word_1_473' title='bbox 2920 2763 2984 2815; x_wconf 85' lang='grc' dir='ltr'>ἐκ</span> <span class='ocrx_word' id='word_1_474' title='bbox 3011 2760 3190 2832; x_wconf 75' lang='grc' dir='ltr'>ψυχῆς</span> <span class='ocrx_word' id='word_1_475' title='bbox 3221 2764 3315 2816; x_wconf 84' lang='grc' dir='ltr'><strong>καὶ</strong></span> <span class='ocrx_word' id='word_1_476' title='bbox 3340 2762 3613 2832; x_wconf 78' lang='grc' dir='ltr'>σώματος,</span> 
     </span>
    </p>
   </div>
   <div class='ocr_carea' id='block_1_60' title="bbox 2031 2849 3618 2924">
    <p class='ocr_par' dir='ltr' id='par_1_60' title="bbox 2031 2849 3618 2924">
     <span class='ocr_line' id='line_1_60' title="bbox 2031 2849 3618 2924; baseline 0.002 -20"><span class='ocrx_word' id='word_1_477' title='bbox 2031 2851 2211 2904; x_wconf 86' lang='grc' dir='ltr'>καίτοι</span> <span class='ocrx_word' id='word_1_478' title='bbox 2242 2851 2372 2912; x_wconf 81' lang='grc' dir='ltr'>Θεὸς</span> <span class='ocrx_word' id='word_1_479' title='bbox 2405 2849 2480 2904; x_wconf 84' lang='grc' dir='ltr'>ὢν</span> <span class='ocrx_word' id='word_1_480' title='bbox 2505 2851 2666 2921; x_wconf 86' lang='grc' dir='ltr'>φύσει</span> <span class='ocrx_word' id='word_1_481' title='bbox 2696 2852 2791 2905; x_wconf 74' lang='grc' dir='ltr'><strong>καὶ</strong></span> <span class='ocrx_word' id='word_1_482' title='bbox 2828 2852 3115 2923; x_wconf 82' lang='grc' dir='ltr'>χαρακτὴρ</span> <span class='ocrx_word' id='word_1_483' title='bbox 3144 2856 3244 2924; x_wconf 77' lang='grc' dir='ltr'><strong>τῆς</strong></span> <span class='ocrx_word' id='word_1_484' title='bbox 3267 2855 3618 2917; x_wconf 78' lang='grc' dir='ltr'>ὑποστάσεως</span> 
     </span>
    </p>
   </div>
   <div class='ocr_carea' id='block_1_61' title="bbox 2032 2938 3618 3015">
    <p class='ocr_par' dir='ltr' id='par_1_61' title="bbox 2032 2938 3618 3015">
     <span class='ocr_line' id='line_1_61' title="bbox 2032 2938 3618 3015; baseline -0.001 -18"><span class='ocrx_word' id='word_1_485' title='bbox 2032 2942 2127 2997; x_wconf 76' lang='grc' dir='ltr'>τοῦ</span> <span class='ocrx_word' id='word_1_486' title='bbox 2157 2941 2569 3012; x_wconf 81' lang='grc' dir='ltr'>γεγεννηκότος.</span> <span class='ocrx_word' id='word_1_487' title='bbox 2605 2938 2699 3006; x_wconf 78' lang='grc' dir='ltr'><strong>Εἷς</strong></span> <span class='ocrx_word' id='word_1_488' title='bbox 2730 2938 2821 2996; x_wconf 79' lang='grc' dir='ltr'><strong>οὖν</strong></span> <span class='ocrx_word' id='word_1_489' title='bbox 2869 2942 2979 3012; x_wconf 76' lang='grc' dir='ltr'>ἄρα</span> <span class='ocrx_word' id='word_1_490' title='bbox 3024 2944 3118 2996; x_wconf 66' lang='grc' dir='ltr'><strong>καὶ¹</strong></span> <span class='ocrx_word' id='word_1_491' title='bbox 3155 2943 3182 2997; x_wconf 85' lang='grc' dir='ltr'>ὁ</span> <span class='ocrx_word' id='word_1_492' title='bbox 3213 2944 3394 3007; x_wconf 79' lang='grc' dir='ltr'>αὐτὸς,</span> <span class='ocrx_word' id='word_1_493' title='bbox 3437 2961 3618 3015; x_wconf 86' lang='grc' dir='ltr'>παρα-</span> 
     </span>
    </p>
   </div>
   <div class='ocr_carea' id='block_1_62' title="bbox 362 3026 1932 3115">
    <p class='ocr_par' dir='ltr' id='par_1_62' title="bbox 362 3026 1930 3102">
     <span class='ocr_line' id='line_1_62' title="bbox 362 3026 1930 3102; baseline -0.009 -10"><span class='ocrx_word' id='word_1_494' title='bbox 362 3040 565 3102; x_wconf 90' lang='lat' dir='ltr'><strong>modo,</strong></span> <span class='ocrx_word' id='word_1_495' title='bbox 627 3036 722 3090; x_wconf 85' lang='lat' dir='ltr'><strong>sed</strong></span> <span class='ocrx_word' id='word_1_496' title='bbox 773 3044 974 3088; x_wconf 87' lang='lat' dir='ltr'><strong>rectam</strong></span> <span class='ocrx_word' id='word_1_497' title='bbox 1025 3042 1323 3098; x_wconf 83' lang='lat' dir='ltr'><strong>puramque</strong></span> <span class='ocrx_word' id='word_1_498' title='bbox 1373 3027 1616 3097; x_wconf 77' lang='lat' dir='ltr'><strong>mysterii</strong></span> <span class='ocrx_word' id='word_1_499' title='bbox 1666 3026 1930 3080; x_wconf 88' lang='lat' dir='ltr'><strong>rationem</strong></span> 
     </span>
    </p>
   </div>
   <div class='ocr_carea' id='block_1_63' title="bbox 2036 3026 3619 3115">
    <p class='ocr_par' dir='ltr' id='par_1_63' title="bbox 2040 3033 3619 3105">
     <span class='ocr_line' id='line_1_63' title="bbox 2040 3033 3619 3105; baseline 0 -19"><span class='ocrx_word' id='word_1_500' title='bbox 2040 3034 2270 3105; x_wconf 84' lang='grc' dir='ltr'>πλήσιος</span> <span class='ocrx_word' id='word_1_501' title='bbox 2301 3034 2399 3103; x_wconf 82' lang='grc' dir='ltr'>μὲν</span> <span class='ocrx_word' id='word_1_502' title='bbox 2424 3037 2538 3097; x_wconf 88' lang='grc' dir='ltr'>τοῖς</span> <span class='ocrx_word' id='word_1_503' title='bbox 2565 3034 2813 3103; x_wconf 85' lang='grc' dir='ltr'>ἀδελφοῖς</span> <span class='ocrx_word' id='word_1_504' title='bbox 2849 3035 2989 3087; x_wconf 86' lang='grc' dir='ltr'><strong>κατά</strong></span> <span class='ocrx_word' id='word_1_505' title='bbox 3025 3035 3225 3104; x_wconf 80' lang='grc' dir='ltr'>σάρκα,</span> <span class='ocrx_word' id='word_1_506' title='bbox 3259 3033 3521 3088; x_wconf 85' lang='grc' dir='ltr'>δεικνύων</span> <span class='ocrx_word' id='word_1_507' title='bbox 3565 3035 3619 3087; x_wconf 81' lang='grc' dir='ltr'><strong>δὲ</strong></span> 
     </span>
    </p>
   </div>
   <div class='ocr_carea' id='block_1_64' title="bbox 364 3117 1931 3191">
    <p class='ocr_par' dir='ltr' id='par_1_64' title="bbox 364 3117 1931 3191">
     <span class='ocr_line' id='line_1_64' title="bbox 364 3117 1931 3191; baseline -0.011 -5"><span class='ocrx_word' id='word_1_508' title='bbox 364 3131 698 3191; x_wconf 88' lang='lat' dir='ltr'><strong>adulterans,</strong></span> <span class='ocrx_word' id='word_1_509' title='bbox 735 3125 899 3178; x_wconf 84' lang='lat' dir='ltr'><strong>alium</strong></span> <span class='ocrx_word' id='word_1_510' title='bbox 924 3122 1079 3175; x_wconf 89' lang='lat' dir='ltr'><strong>nobis</strong></span> <span class='ocrx_word' id='word_1_511' title='bbox 1111 3130 1166 3174; x_wconf 92' lang='lat' dir='ltr'><strong>et</strong></span> <span class='ocrx_word' id='word_1_512' title='bbox 1197 3120 1362 3172; x_wconf 92' lang='lat' dir='ltr'><strong>alium</strong></span> <span class='ocrx_word' id='word_1_513' title='bbox 1394 3119 1601 3173; x_wconf 89' lang='lat' dir='ltr'><strong>inducit</strong></span> <span class='ocrx_word' id='word_1_514' title='bbox 1626 3117 1931 3182; x_wconf 82' lang='lat' dir='ltr'><strong>Christum,</strong></span> 
     </span>
    </p>
   </div>
   <div class='ocr_carea' id='block_1_65' title="bbox 363 3207 1934 3279">
    <p class='ocr_par' dir='ltr' id='par_1_65' title="bbox 363 3207 1934 3279">
     <span class='ocr_line' id='line_1_65' title="bbox 363 3207 1934 3279; baseline -0.011 0"><span class='ocrx_word' id='word_1_515' title='bbox 363 3233 419 3279; x_wconf 90' lang='lat' dir='ltr'><strong>et</strong></span> <span class='ocrx_word' id='word_1_516' title='bbox 459 3220 807 3276; x_wconf 75' lang='lat' dir='ltr'><strong>Judaicorum</strong></span> <span class='ocrx_word' id='word_1_517' title='bbox 855 3214 1143 3268; x_wconf 87' lang='lat' dir='ltr'><strong>criminum</strong></span> <span class='ocrx_word' id='word_1_518' title='bbox 1195 3211 1403 3279; x_wconf 84' lang='lat' dir='ltr'><strong>laqueis</strong></span> <span class='ocrx_word' id='word_1_519' title='bbox 1439 3220 1653 3279; x_wconf 89' lang='lat' dir='ltr'><strong>captus,</strong></span> <span class='ocrx_word' id='word_1_520' title='bbox 1699 3207 1791 3262; x_wconf 90' lang='lat' dir='ltr'><strong>ubi</strong></span> <span class='ocrx_word' id='word_1_521' title='bbox 1841 3208 1934 3272; x_wconf 90' lang='lat' dir='ltr'><strong>sit,</strong></span> 
     </span>
    </p>
   </div>
   <div class='ocr_carea' id='block_1_66' title="bbox 2040 3126 3618 3199">
    <p class='ocr_par' dir='ltr' id='par_1_66' title="bbox 2040 3126 3618 3199">
     <span class='ocr_line' id='line_1_66' title="bbox 2040 3126 3618 3199; baseline -0.002 -19"><span class='ocrx_word' id='word_1_522' title='bbox 2040 3127 2134 3181; x_wconf 69' lang='lat' dir='ltr'><strong>atat</strong></span> <span class='ocrx_word' id='word_1_523' title='bbox 2149 3126 2311 3180; x_wconf 84' lang='grc' dir='ltr'>αὐτὸν</span> <span class='ocrx_word' id='word_1_524' title='bbox 2327 3129 2385 3179; x_wconf 85' lang='grc' dir='ltr'>ἐν</span> <span class='ocrx_word' id='word_1_525' title='bbox 2404 3127 2510 3199; x_wconf 71' lang='grc' dir='ltr'>ἰδίᾳ</span> <span class='ocrx_word' id='word_1_526' title='bbox 2533 3126 2692 3196; x_wconf 86' lang='grc' dir='ltr'>φύσει</span> <span class='ocrx_word' id='word_1_527' title='bbox 2715 3126 2808 3179; x_wconf 86' lang='grc' dir='ltr'><strong>τὸν</strong></span> <span class='ocrx_word' id='word_1_528' title='bbox 2831 3127 3151 3197; x_wconf 83' lang='grc' dir='ltr'>Γεννήτορα,</span> <span class='ocrx_word' id='word_1_529' title='bbox 3172 3127 3315 3180; x_wconf 86' lang='grc' dir='ltr'>κατά</span> <span class='ocrx_word' id='word_1_530' title='bbox 3336 3143 3425 3194; x_wconf 86' lang='grc' dir='ltr'><strong>γε,</strong></span> <span class='ocrx_word' id='word_1_531' title='bbox 3451 3143 3525 3195; x_wconf 80' lang='grc' dir='ltr'><strong>φη</strong></span> <span class='ocrx_word' id='word_1_532' title='bbox 3536 3127 3618 3196; x_wconf 80' lang='grc' dir='ltr'><strong>μὶ,</strong></span> 
     </span>
    </p>
   </div>
   <div class='ocr_carea' id='block_1_67' title="bbox 2043 3214 3620 3289">
    <p class='ocr_par' dir='ltr' id='par_1_67' title="bbox 2043 3214 3620 3289">
     <span class='ocr_line' id='line_1_67' title="bbox 2043 3214 3620 3289; baseline -0.002 -17"><span class='ocrx_word' id='word_1_533' title='bbox 2043 3219 2105 3272; x_wconf 71' lang='grc' dir='ltr'><strong>τὸ</strong></span> <span class='ocrx_word' id='word_1_534' title='bbox 2149 3214 2289 3272; x_wconf 76' lang='grc' dir='ltr'>εἶναι</span> <span class='ocrx_word' id='word_1_535' title='bbox 2330 3219 2491 3282; x_wconf 88' lang='grc' dir='ltr'>Θεός·</span> <span class='ocrx_word' id='word_1_536' title='bbox 2528 3220 2556 3271; x_wconf 81' lang='grc' dir='ltr'><strong>ὁ</strong></span> <span class='ocrx_word' id='word_1_537' title='bbox 2595 3218 2650 3271; x_wconf 82' lang='grc' dir='ltr'>δὲ</span> <span class='ocrx_word' id='word_1_538' title='bbox 2692 3218 2852 3272; x_wconf 77' lang='grc' dir='ltr'>τοῦτο</span> <span class='ocrx_word' id='word_1_539' title='bbox 2905 3219 3003 3289; x_wconf 83' lang='grc' dir='ltr'>μὲν</span> <span class='ocrx_word' id='word_1_540' title='bbox 3054 3218 3113 3270; x_wconf 82' lang='grc' dir='ltr'><strong>ού</strong></span> <span class='ocrx_word' id='word_1_541' title='bbox 3167 3218 3381 3288; x_wconf 80' lang='grc' dir='ltr'>συνίησι</span> <span class='ocrx_word' id='word_1_542' title='bbox 3409 3218 3620 3271; x_wconf 76' lang='grc' dir='ltr'>ποθενο</span> 
     </span>
    </p>
   </div>
   <div class='ocr_carea' id='block_1_68' title="bbox 365 3297 1932 3382">
    <p class='ocr_par' dir='ltr' id='par_1_68' title="bbox 365 3297 1932 3376">
     <span class='ocr_line' id='line_1_68' title="bbox 365 3297 1932 3376; baseline -0.009 -13"><span class='ocrx_word' id='word_1_543' title='bbox 365 3317 421 3363; x_wconf 89' lang='lat' dir='ltr'><strong>et</strong></span> <span class='ocrx_word' id='word_1_544' title='bbox 449 3321 555 3376; x_wconf 89' lang='lat' dir='ltr'><strong>quo</strong></span> <span class='ocrx_word' id='word_1_545' title='bbox 600 3302 867 3357; x_wconf 86' lang='lat' dir='ltr'><strong>malorum</strong></span> <span class='ocrx_word' id='word_1_546' title='bbox 901 3300 1113 3353; x_wconf 85' lang='lat' dir='ltr'><strong>venerit</strong></span> <span class='ocrx_word' id='word_1_547' title='bbox 1148 3299 1370 3352; x_wconf 90' lang='lat' dir='ltr'><strong>minime</strong></span> <span class='ocrx_word' id='word_1_548' title='bbox 1401 3299 1587 3352; x_wconf 89' lang='lat' dir='ltr'><strong>sentit.</strong></span> <span class='ocrx_word' id='word_1_549' title='bbox 1628 3297 1932 3353; x_wconf 83' lang='lat' dir='ltr'><strong>Audiebant</strong></span> 
     </span>
    </p>
   </div>
   <div class='ocr_carea' id='block_1_69' title="bbox 2036 3297 3622 3382">
    <p class='ocr_par' dir='ltr' id='par_1_69' title="bbox 2047 3308 3622 3382">
     <span class='ocr_line' id='line_1_69' title="bbox 2047 3308 3622 3382; baseline -0.001 -17"><span class='ocrx_word' id='word_1_550' title='bbox 2047 3310 2483 3381; x_wconf 83' lang='grc' dir='ltr'>παρασημαίνων</span> <span class='ocrx_word' id='word_1_551' title='bbox 2499 3310 2564 3364; x_wconf 84' lang='grc' dir='ltr'>δὲ</span> <span class='ocrx_word' id='word_1_552' title='bbox 2593 3310 2782 3381; x_wconf 81' lang='grc' dir='ltr'>ὥσπερ</span> <span class='ocrx_word' id='word_1_553' title='bbox 2802 3311 2894 3365; x_wconf 85' lang='grc' dir='ltr'><strong>τὸν</strong></span> <span class='ocrx_word' id='word_1_554' title='bbox 2918 3310 3091 3382; x_wconf 81' lang='grc' dir='ltr'>ὀρθῶς</span> <span class='ocrx_word' id='word_1_555' title='bbox 3114 3327 3175 3363; x_wconf 88' lang='grc' dir='ltr'><strong>τε</strong></span> <span class='ocrx_word' id='word_1_556' title='bbox 3202 3311 3293 3364; x_wconf 77' lang='grc' dir='ltr'>καὶ</span> <span class='ocrx_word' id='word_1_557' title='bbox 3318 3308 3622 3380; x_wconf 79' lang='grc' dir='ltr'>ἀκιόδήλως</span> 
     </span>
    </p>
   </div>
   <div class='ocr_carea' id='block_1_70' title="bbox 366 3386 1932 3474">
    <p class='ocr_par' dir='ltr' id='par_1_70' title="bbox 366 3386 1932 3465">
     <span class='ocr_line' id='line_1_70' title="bbox 366 3386 1932 3465; baseline -0.007 -11"><span class='ocrx_word' id='word_1_558' title='bbox 366 3399 510 3454; x_wconf 88' lang='lat' dir='ltr'><strong>enim</strong></span> <span class='ocrx_word' id='word_1_559' title='bbox 537 3395 626 3465; x_wconf 92' lang='lat' dir='ltr'><strong>qui</strong></span> <span class='ocrx_word' id='word_1_560' title='bbox 663 3395 729 3447; x_wconf 90' lang='lat' dir='ltr'><strong>de</strong></span> <span class='ocrx_word' id='word_1_561' title='bbox 752 3403 949 3462; x_wconf 85' lang='lat' dir='ltr'><strong>genere</strong></span> <span class='ocrx_word' id='word_1_562' title='bbox 981 3386 1148 3443; x_wconf 85' lang='lat' dir='ltr'><strong>Israel</strong></span> <span class='ocrx_word' id='word_1_563' title='bbox 1174 3396 1359 3453; x_wconf 89' lang='lat' dir='ltr'><strong>erant,</strong></span> <span class='ocrx_word' id='word_1_564' title='bbox 1390 3388 1556 3441; x_wconf 89' lang='lat' dir='ltr'><strong>Deum</strong></span> <span class='ocrx_word' id='word_1_565' title='bbox 1603 3388 1932 3443; x_wconf 82' lang='lat' dir='ltr'><strong>clamantem</strong></span> 
     </span>
    </p>
   </div>
   <div class='ocr_carea' id='block_1_71' title="bbox 2036 3386 3622 3474">
    <p class='ocr_par' dir='ltr' id='par_1_71' title="bbox 2039 3401 3622 3474">
     <span class='ocr_line' id='line_1_71' title="bbox 2039 3401 3622 3474; baseline -0.003 -17"><span class='ocrx_word' id='word_1_566' title='bbox 2039 3404 2231 3474; x_wconf 78' lang='grc' dir='ltr'>ἔχοντα</span> <span class='ocrx_word' id='word_1_567' title='bbox 2256 3402 2350 3456; x_wconf 82' lang='grc' dir='ltr'>τοῦ</span> <span class='ocrx_word' id='word_1_568' title='bbox 2389 3403 2686 3474; x_wconf 83' lang='grc' dir='ltr'>μυστηρίου</span> <span class='ocrx_word' id='word_1_569' title='bbox 2720 3402 2898 3470; x_wconf 87' lang='grc' dir='ltr'>λόγον,</span> <span class='ocrx_word' id='word_1_570' title='bbox 2934 3403 3121 3473; x_wconf 79' lang='grc' dir='ltr'>ἓτερον</span> <span class='ocrx_word' id='word_1_571' title='bbox 3147 3402 3280 3473; x_wconf 81' lang='grc' dir='ltr'>ἡμῖν</span> <span class='ocrx_word' id='word_1_572' title='bbox 3306 3402 3403 3455; x_wconf 68' lang='grc' dir='ltr'><strong>καὶ</strong></span> <span class='ocrx_word' id='word_1_573' title='bbox 3436 3401 3622 3471; x_wconf 73' lang='grc' dir='ltr'>ἕτερον</span> 
     </span>
    </p>
   </div>
   <div class='ocr_carea' id='block_1_72' title="bbox 364 3480 1932 3566">
    <p class='ocr_par' dir='ltr' id='par_1_72' title="bbox 364 3480 1932 3562">
     <span class='ocr_line' id='line_1_72' title="bbox 364 3480 1932 3562; baseline -0.008 -16"><span class='ocrx_word' id='word_1_574' title='bbox 364 3506 463 3562; x_wconf 87' lang='lat' dir='ltr'><strong>per</strong></span> <span class='ocrx_word' id='word_1_575' title='bbox 488 3489 775 3559; x_wconf 88' lang='lat' dir='ltr'><strong>quemdam</strong></span> <span class='ocrx_word' id='word_1_576' title='bbox 832 3491 1142 3539; x_wconf 90' lang='lat' dir='ltr'><strong>sanctorum</strong></span> <span class='ocrx_word' id='word_1_577' title='bbox 1178 3481 1567 3551; x_wconf 87' lang='lat' dir='ltr'><strong>prophetarum</strong></span> <span class='ocrx_word' id='word_1_578' title='bbox 1627 3480 1695 3535; x_wconf 91' lang='lat' dir='ltr'><strong>de</strong></span> <span class='ocrx_word' id='word_1_579' title='bbox 1722 3481 1932 3535; x_wconf 85' lang='lat' dir='ltr'><strong>Emma-</strong></span> 
     </span>
    </p>
   </div>
   <div class='ocr_carea' id='block_1_73' title="bbox 2036 3480 3623 3566">
    <p class='ocr_par' dir='ltr' id='par_1_73' title="bbox 2039 3493 3623 3566">
     <span class='ocr_line' id='line_1_73' title="bbox 2039 3493 3623 3566; baseline -0.003 -17"><span class='ocrx_word' id='word_1_580' title='bbox 2039 3495 2344 3566; x_wconf 71' lang='grc' dir='ltr'>εἰσκομίζει</span> <span class='ocrx_word' id='word_1_581' title='bbox 2374 3497 2609 3566; x_wconf 84' lang='grc' dir='ltr'>Χριστόν</span> <span class='ocrx_word' id='word_1_582' title='bbox 2632 3511 2646 3524; x_wconf 92' lang='grc'><strong>·</strong></span> <span class='ocrx_word' id='word_1_583' title='bbox 2680 3496 2775 3549; x_wconf 78' lang='grc' dir='ltr'><strong>καὶ</strong></span> <span class='ocrx_word' id='word_1_584' title='bbox 2803 3497 2916 3558; x_wconf 86' lang='grc' dir='ltr'>τοῖς</span> <span class='ocrx_word' id='word_1_585' title='bbox 2950 3494 3256 3557; x_wconf 76' lang='grc' dir='ltr'>Ἰουδαϊκοῖς</span> <span class='ocrx_word' id='word_1_586' title='bbox 3278 3493 3623 3565; x_wconf 74' lang='grc' dir='ltr'>ἐγκλήμασιν</span> 
     </span>
    </p>
   </div>
   <div class='ocr_carea' id='block_1_74' title="bbox 367 3571 1932 3657">
    <p class='ocr_par' dir='ltr' id='par_1_74' title="bbox 367 3571 1932 3642">
     <span class='ocr_line' id='line_1_74' title="bbox 367 3571 1932 3642; baseline -0.007 -5"><span class='ocrx_word' id='word_1_587' title='bbox 367 3582 494 3638; x_wconf 88' lang='lat' dir='ltr'><strong>nuel</strong></span> <span class='ocrx_word' id='word_1_588' title='bbox 527 3596 542 3632; x_wconf 89' lang='lat'><strong>:</strong></span> <span class='ocrx_word' id='word_1_589' title='bbox 580 3597 600 3631; x_wconf 79' lang='grc' dir='ltr'><strong>ι</strong></span> <span class='ocrx_word' id='word_1_590' title='bbox 635 3578 703 3631; x_wconf 89' lang='grc' dir='ltr'>Ει</span> <span class='ocrx_word' id='word_1_591' title='bbox 744 3585 831 3640; x_wconf 87' lang='grc' dir='ltr'>ιιι,</span> <span class='ocrx_word' id='word_1_592' title='bbox 874 3572 1186 3628; x_wconf 81' lang='lat' dir='ltr'><strong>Bethlehem</strong></span> <span class='ocrx_word' id='word_1_593' title='bbox 1240 3573 1431 3627; x_wconf 88' lang='lat' dir='ltr'><strong>domus</strong></span> <span class='ocrx_word' id='word_1_594' title='bbox 1476 3571 1791 3642; x_wconf 86' lang='lat' dir='ltr'><strong>Ephratha,</strong></span> <span class='ocrx_word' id='word_1_595' title='bbox 1841 3572 1932 3626; x_wconf 90' lang='lat' dir='ltr'><strong>mi-</strong></span> 
     </span>
    </p>
   </div>
   <div class='ocr_carea' id='block_1_75' title="bbox 2036 3571 3623 3657">
    <p class='ocr_par' dir='ltr' id='par_1_75' title="bbox 2036 3584 3623 3657">
     <span class='ocr_line' id='line_1_75' title="bbox 2036 3584 3623 3657; baseline -0.003 -17"><span class='ocrx_word' id='word_1_596' title='bbox 2036 3587 2299 3650; x_wconf 81' lang='grc' dir='ltr'>ὲναλοὺς,</span> <span class='ocrx_word' id='word_1_597' title='bbox 2344 3587 2465 3639; x_wconf 81' lang='grc' dir='ltr'>οὐδὲ</span> <span class='ocrx_word' id='word_1_598' title='bbox 2517 3586 2747 3657; x_wconf 85' lang='grc' dir='ltr'>ὅποιπέρ</span> <span class='ocrx_word' id='word_1_599' title='bbox 2807 3588 2953 3652; x_wconf 71' lang='grc' dir='ltr'>ἐστι,</span> <span class='ocrx_word' id='word_1_600' title='bbox 3004 3587 3099 3639; x_wconf 74' lang='grc' dir='ltr'>καὶ</span> <span class='ocrx_word' id='word_1_601' title='bbox 3159 3585 3225 3639; x_wconf 79' lang='grc' dir='ltr'><strong>ἵν’</strong></span> <span class='ocrx_word' id='word_1_602' title='bbox 3273 3586 3400 3655; x_wconf 77' lang='grc' dir='ltr'>ἥκει</span> <span class='ocrx_word' id='word_1_603' title='bbox 3436 3584 3623 3637; x_wconf 85' lang='grc' dir='ltr'>κακῶν</span> 
     </span>
    </p>
   </div>
   <div class='ocr_carea' id='block_1_76' title="bbox 368 3663 1932 3748">
    <p class='ocr_par' dir='ltr' id='par_1_76' title="bbox 368 3663 1932 3731">
     <span class='ocr_line' id='line_1_76' title="bbox 368 3663 1932 3731; baseline -0.008 -1"><span class='ocrx_word' id='word_1_604' title='bbox 368 3678 516 3731; x_wconf 85' lang='lat' dir='ltr'><strong>nima</strong></span> <span class='ocrx_word' id='word_1_605' title='bbox 564 3686 624 3726; x_wconf 90' lang='lat' dir='ltr'><strong>es</strong></span> <span class='ocrx_word' id='word_1_606' title='bbox 673 3673 726 3724; x_wconf 90' lang='lat' dir='ltr'><strong>in</strong></span> <span class='ocrx_word' id='word_1_607' title='bbox 779 3667 1016 3723; x_wconf 82' lang='lat' dir='ltr'><strong>millibus</strong></span> <span class='ocrx_word' id='word_1_608' title='bbox 1060 3664 1195 3718; x_wconf 83' lang='lat' dir='ltr'><strong>Juda</strong></span> <span class='ocrx_word' id='word_1_609' title='bbox 1231 3682 1247 3719; x_wconf 89' lang='lat'><strong>:</strong></span> <span class='ocrx_word' id='word_1_610' title='bbox 1283 3677 1350 3718; x_wconf 83' lang='lat' dir='ltr'><strong>ex</strong></span> <span class='ocrx_word' id='word_1_611' title='bbox 1388 3673 1440 3718; x_wconf 85' lang='lat' dir='ltr'><strong>te</strong></span> <span class='ocrx_word' id='word_1_612' title='bbox 1485 3663 1617 3718; x_wconf 89' lang='lat' dir='ltr'><strong>mihi</strong></span> <span class='ocrx_word' id='word_1_613' title='bbox 1671 3663 1841 3717; x_wconf 90' lang='lat' dir='ltr'><strong>exibit</strong></span> <span class='ocrx_word' id='word_1_614' title='bbox 1883 3673 1932 3717; x_wconf 89' lang='lat' dir='ltr'><strong>ut</strong></span> 
     </span>
    </p>
   </div>
   <div class='ocr_carea' id='block_1_77' title="bbox 2036 3663 3621 3748">
    <p class='ocr_par' dir='ltr' id='par_1_77' title="bbox 2041 3675 3621 3748">
     <span class='ocr_line' id='line_1_77' title="bbox 2041 3675 3621 3748; baseline -0.004 -15"><span class='ocrx_word' id='word_1_615' title='bbox 2041 3679 2375 3734; x_wconf 79' lang='grc' dir='ltr'>αἰσθάνεται.</span> <span class='ocrx_word' id='word_1_616' title='bbox 2418 3679 2651 3732; x_wconf 84' lang='grc' dir='ltr'>Ἤκουον</span> <span class='ocrx_word' id='word_1_617' title='bbox 2673 3679 2769 3748; x_wconf 80' lang='grc' dir='ltr'>μὲν</span> <span class='ocrx_word' id='word_1_618' title='bbox 2815 3677 2923 3748; x_wconf 78' lang='grc' dir='ltr'><strong>γὰρ</strong></span> <span class='ocrx_word' id='word_1_619' title='bbox 2962 3680 3011 3730; x_wconf 82' lang='grc' dir='ltr'>οἱ</span> <span class='ocrx_word' id='word_1_620' title='bbox 3046 3677 3103 3744; x_wconf 70' lang='grc' dir='ltr'>ἐξ</span> <span class='ocrx_word' id='word_1_621' title='bbox 3122 3678 3351 3747; x_wconf 77' lang='grc' dir='ltr'>αἵματος</span> <span class='ocrx_word' id='word_1_622' title='bbox 3384 3675 3621 3746; x_wconf 76' lang='grc' dir='ltr'>Ἰσραὴλ,</span> 
     </span>
    </p>
   </div>
   <div class='ocr_carea' id='block_1_78' title="bbox 370 3752 1932 3842">
    <p class='ocr_par' dir='ltr' id='par_1_78' title="bbox 370 3752 1932 3833">
     <span class='ocr_line' id='line_1_78' title="bbox 370 3752 1932 3833; baseline -0.009 -13"><span class='ocrx_word' id='word_1_623' title='bbox 370 3767 442 3821; x_wconf 90' lang='lat' dir='ltr'><strong>sit</strong></span> <span class='ocrx_word' id='word_1_624' title='bbox 475 3765 725 3833; x_wconf 86' lang='lat' dir='ltr'><strong>princeps</strong></span> <span class='ocrx_word' id='word_1_625' title='bbox 752 3759 805 3814; x_wconf 92' lang='lat' dir='ltr'><strong>in</strong></span> <span class='ocrx_word' id='word_1_626' title='bbox 833 3755 1021 3821; x_wconf 87' lang='lat' dir='ltr'><strong>Israel,</strong></span> <span class='ocrx_word' id='word_1_627' title='bbox 1057 3766 1110 3810; x_wconf 92' lang='lat' dir='ltr'><strong>et</strong></span> <span class='ocrx_word' id='word_1_628' title='bbox 1136 3756 1315 3810; x_wconf 81' lang='lat' dir='ltr'><strong>exitus</strong></span> <span class='ocrx_word' id='word_1_629' title='bbox 1361 3753 1478 3824; x_wconf 87' lang='lat' dir='ltr'><strong>ejus</strong></span> <span class='ocrx_word' id='word_1_630' title='bbox 1516 3768 1546 3806; x_wconf 89' lang='lat' dir='ltr'><strong>a</strong></span> <span class='ocrx_word' id='word_1_631' title='bbox 1576 3752 1842 3822; x_wconf 89' lang='lat' dir='ltr'><strong>principio</strong></span> <span class='ocrx_word' id='word_1_632' title='bbox 1872 3766 1932 3807; x_wconf 75' lang='lat' dir='ltr'><strong>es</strong></span> 
     </span>
    </p>
   </div>
   <div class='ocr_carea' id='block_1_79' title="bbox 2036 3752 3622 3842">
    <p class='ocr_par' dir='ltr' id='par_1_79' title="bbox 2038 3767 3622 3842">
     <span class='ocr_line' id='line_1_79' title="bbox 2038 3767 3622 3842; baseline -0.003 -17"><span class='ocrx_word' id='word_1_633' title='bbox 2038 3771 2178 3825; x_wconf 82' lang='grc' dir='ltr'>Θεοῦ</span> <span class='ocrx_word' id='word_1_634' title='bbox 2217 3771 2639 3842; x_wconf 84' lang='grc' dir='ltr'>διακεκραγότος</span> <span class='ocrx_word' id='word_1_635' title='bbox 2682 3770 2749 3822; x_wconf 80' lang='grc' dir='ltr'>δι’</span> <span class='ocrx_word' id='word_1_636' title='bbox 2795 3769 2914 3833; x_wconf 78' lang='grc' dir='ltr'>ἑνὸς</span> <span class='ocrx_word' id='word_1_637' title='bbox 2954 3770 3062 3822; x_wconf 87' lang='grc' dir='ltr'><strong>τῶν</strong></span> <span class='ocrx_word' id='word_1_638' title='bbox 3102 3770 3275 3838; x_wconf 81' lang='grc' dir='ltr'>ἁγίων</span> <span class='ocrx_word' id='word_1_639' title='bbox 3326 3767 3622 3839; x_wconf 77' lang='grc' dir='ltr'>προφητῶν</span> 
     </span>
    </p>
   </div>
   <div class='ocr_carea' id='block_1_80' title="bbox 370 3843 1939 3912">
    <p class='ocr_par' dir='ltr' id='par_1_80' title="bbox 370 3843 1939 3912">
     <span class='ocr_line' id='line_1_80' title="bbox 370 3843 1939 3912; baseline -0.009 0"><span class='ocrx_word' id='word_1_640' title='bbox 370 3857 564 3912; x_wconf 89' lang='lat' dir='ltr'><strong>diebus</strong></span> <span class='ocrx_word' id='word_1_641' title='bbox 594 3851 917 3907; x_wconf 84' lang='lat' dir='ltr'><strong>aeternitatis</strong></span> <span class='ocrx_word' id='word_1_642' title='bbox 948 3846 1016 3902; x_wconf 68' lang='grc' dir='ltr'><strong>δ’.</strong></span> <span class='ocrx_word' id='word_1_643' title='bbox 1052 3866 1072 3900; x_wconf 74' lang='grc' dir='ltr'><strong>ι</strong></span> <span class='ocrx_word' id='word_1_644' title='bbox 1108 3846 1174 3900; x_wconf 86' lang='grc' dir='ltr'>Ει</span> <span class='ocrx_word' id='word_1_645' title='bbox 1192 3860 1421 3901; x_wconf 89' lang='lat' dir='ltr'><strong>rursus:</strong></span> <span class='ocrx_word' id='word_1_646' title='bbox 1457 3861 1477 3896; x_wconf 79' lang='grc' dir='ltr'><strong>ι</strong></span> <span class='ocrx_word' id='word_1_647' title='bbox 1520 3843 1939 3900; x_wconf 82' lang='lat' dir='ltr'><strong>Generatiouem</strong></span> 
     </span>
    </p>
   </div>
   <div class='ocr_carea' id='block_1_81' title="bbox 367 3934 1940 4017">
    <p class='ocr_par' dir='ltr' id='par_1_81' title="bbox 367 3934 1940 4017">
     <span class='ocr_line' id='line_1_81' title="bbox 367 3934 1940 4017; baseline -0.007 -16"><span class='ocrx_word' id='word_1_648' title='bbox 367 3948 485 4017; x_wconf 87' lang='lat' dir='ltr'><strong>ejus</strong></span> <span class='ocrx_word' id='word_1_649' title='bbox 529 3945 651 4015; x_wconf 87' lang='lat' dir='ltr'><strong>quis</strong></span> <span class='ocrx_word' id='word_1_650' title='bbox 695 3938 1016 3996; x_wconf 82' lang='lat' dir='ltr'><strong>enarrabit?</strong></span> <span class='ocrx_word' id='word_1_651' title='bbox 1061 3938 1187 4008; x_wconf 88' lang='lat' dir='ltr'><strong>quia</strong></span> <span class='ocrx_word' id='word_1_652' title='bbox 1241 3935 1450 3991; x_wconf 87' lang='lat' dir='ltr'><strong>tollitur</strong></span> <span class='ocrx_word' id='word_1_653' title='bbox 1505 3936 1571 3991; x_wconf 88' lang='lat' dir='ltr'><strong>de</strong></span> <span class='ocrx_word' id='word_1_654' title='bbox 1633 3944 1776 3989; x_wconf 88' lang='lat' dir='ltr'><strong>terra</strong></span> <span class='ocrx_word' id='word_1_655' title='bbox 1826 3934 1940 3990; x_wconf 76' lang='lat' dir='ltr'><strong>vita</strong></span> 
     </span>
    </p>
   </div>
   <div class='ocr_carea' id='block_1_82' title="bbox 368 4025 1943 4110">
    <p class='ocr_par' dir='ltr' id='par_1_82' title="bbox 368 4025 1943 4110">
     <span class='ocr_line' id='line_1_82' title="bbox 368 4025 1943 4110; baseline -0.009 -16"><span class='ocrx_word' id='word_1_656' title='bbox 368 4040 485 4110; x_wconf 86' lang='lat' dir='ltr'><strong>ejus</strong></span> <span class='ocrx_word' id='word_1_657' title='bbox 512 4038 578 4090; x_wconf 77' lang='grc' dir='ltr'><strong>⁸ο.</strong></span> <span class='ocrx_word' id='word_1_658' title='bbox 604 4056 623 4088; x_wconf 77' lang='grc' dir='ltr'><strong>ι</strong></span> <span class='ocrx_word' id='word_1_659' title='bbox 664 4035 861 4089; x_wconf 83' lang='lat' dir='ltr'><strong>Deinde</strong></span> <span class='ocrx_word' id='word_1_660' title='bbox 887 4046 1012 4086; x_wconf 90' lang='lat' dir='ltr'><strong>cum</strong></span> <span class='ocrx_word' id='word_1_661' title='bbox 1060 4043 1289 4099; x_wconf 87' lang='lat' dir='ltr'><strong>prorsus</strong></span> <span class='ocrx_word' id='word_1_662' title='bbox 1323 4028 1470 4083; x_wconf 90' lang='lat' dir='ltr'><strong>nullo</strong></span> <span class='ocrx_word' id='word_1_663' title='bbox 1522 4025 1685 4083; x_wconf 88' lang='lat' dir='ltr'><strong>modo</strong></span> <span class='ocrx_word' id='word_1_664' title='bbox 1738 4038 1943 4097; x_wconf 86' lang='lat' dir='ltr'><strong>myste-</strong></span> 
     </span>
    </p>
   </div>
   <div class='ocr_carea' id='block_1_83' title="bbox 368 4118 1942 4198">
    <p class='ocr_par' dir='ltr' id='par_1_83' title="bbox 368 4118 1942 4198">
     <span class='ocr_line' id='line_1_83' title="bbox 368 4118 1942 4198; baseline -0.008 -9"><span class='ocrx_word' id='word_1_665' title='bbox 368 4136 508 4190; x_wconf 89' lang='lat' dir='ltr'><strong>riqu</strong></span> <span class='ocrx_word' id='word_1_666' title='bbox 560 4130 972 4198; x_wconf 70' lang='lat' dir='ltr'><strong>intelligerent,</strong></span> <span class='ocrx_word' id='word_1_667' title='bbox 1026 4136 1202 4192; x_wconf 85' lang='lat' dir='ltr'><strong>neque</strong></span> <span class='ocrx_word' id='word_1_668' title='bbox 1244 4122 1449 4177; x_wconf 87' lang='lat' dir='ltr'><strong>scirent</strong></span> <span class='ocrx_word' id='word_1_669' title='bbox 1479 4120 1654 4187; x_wconf 90' lang='lat' dir='ltr'><strong>illum,</strong></span> <span class='ocrx_word' id='word_1_670' title='bbox 1693 4118 1942 4189; x_wconf 74' lang='lat' dir='ltr'><strong>quamvis</strong></span> 
     </span>
    </p>
   </div>
   <div class='ocr_carea' id='block_1_84' title="bbox 369 4210 1942 4280">
    <p class='ocr_par' dir='ltr' id='par_1_84' title="bbox 369 4210 1942 4280">
     <span class='ocr_line' id='line_1_84' title="bbox 369 4210 1942 4280; baseline -0.01 0"><span class='ocrx_word' id='word_1_671' title='bbox 369 4225 511 4280; x_wconf 88' lang='lat' dir='ltr'><strong>Deus</strong></span> <span class='ocrx_word' id='word_1_672' title='bbox 530 4229 675 4276; x_wconf 87' lang='lat' dir='ltr'><strong>esset</strong></span> <span class='ocrx_word' id='word_1_673' title='bbox 706 4235 773 4272; x_wconf 82' lang='lat' dir='ltr'><strong>ex</strong></span> <span class='ocrx_word' id='word_1_674' title='bbox 791 4227 982 4271; x_wconf 81' lang='lat' dir='ltr'><strong>natura</strong></span> <span class='ocrx_word' id='word_1_675' title='bbox 1007 4222 1064 4268; x_wconf 91' lang='lat' dir='ltr'><strong>et</strong></span> <span class='ocrx_word' id='word_1_676' title='bbox 1087 4213 1451 4268; x_wconf 64' lang='lat' dir='ltr'><strong>subsistentia</strong></span> <span class='ocrx_word' id='word_1_677' title='bbox 1473 4226 1585 4267; x_wconf 77' lang='lat' dir='ltr'><strong>suae</strong></span> <span class='ocrx_word' id='word_1_678' title='bbox 1612 4211 1830 4266; x_wconf 89' lang='lat' dir='ltr'><strong>initium</strong></span> <span class='ocrx_word' id='word_1_679' title='bbox 1857 4210 1942 4266; x_wconf 86' lang='lat' dir='ltr'><strong>itt-</strong></span> 
     </span>
    </p>
   </div>
   <div class='ocr_carea' id='block_1_85' title="bbox 370 4302 1940 4387">
    <p class='ocr_par' dir='ltr' id='par_1_85' title="bbox 370 4302 1940 4387">
     <span class='ocr_line' id='line_1_85' title="bbox 370 4302 1940 4387; baseline -0.008 -20"><span class='ocrx_word' id='word_1_680' title='bbox 370 4315 480 4387; x_wconf 76' lang='lat'><strong>79</strong></span> <span class='ocrx_word' id='word_1_681' title='bbox 514 4310 722 4367; x_wconf 90' lang='lat' dir='ltr'><strong>visibile</strong></span> <span class='ocrx_word' id='word_1_682' title='bbox 743 4317 799 4361; x_wconf 89' lang='lat' dir='ltr'><strong>et</strong></span> <span class='ocrx_word' id='word_1_683' title='bbox 831 4303 1375 4373; x_wconf 86' lang='lat' dir='ltr'><strong>iucomprehensibile</strong></span> <span class='ocrx_word' id='word_1_684' title='bbox 1396 4302 1642 4369; x_wconf 82' lang='lat' dir='ltr'><strong>haberet,</strong></span> <span class='ocrx_word' id='word_1_685' title='bbox 1685 4311 1940 4358; x_wconf 81' lang='lat' dir='ltr'><strong>vocatum</strong></span> 
     </span>
    </p>
   </div>
   <div class='ocr_carea' id='block_1_86' title="bbox 2044 3847 3665 3935">
    <p class='ocr_par' dir='ltr' id='par_1_86' title="bbox 2044 3847 3665 3935">
     <span class='ocr_line' id='line_1_86' title="bbox 2044 3847 3665 3935; baseline -0.002 -19"><span class='ocrx_word' id='word_1_686' title='bbox 2044 3866 2170 3935; x_wconf 70' lang='grc' dir='ltr'>περὶ</span> <span class='ocrx_word' id='word_1_687' title='bbox 2194 3861 2289 3917; x_wconf 80' lang='grc' dir='ltr'>τοῦ</span> <span class='ocrx_word' id='word_1_688' title='bbox 2337 3861 2682 3932; x_wconf 83' lang='grc' dir='ltr'>Ἐμμανουήλ</span> <span class='ocrx_word' id='word_1_689' title='bbox 2704 3876 2717 3891; x_wconf 76' lang='grc' dir='ltr'><strong>ο</strong></span> <span class='ocrx_word' id='word_1_690' title='bbox 2756 3880 2774 3913; x_wconf 76' lang='grc' dir='ltr'><strong>ι</strong></span> <span class='ocrx_word' id='word_1_691' title='bbox 2802 3861 2912 3914; x_wconf 72' lang='grc' dir='ltr'><strong>Καὶ</strong></span> <span class='ocrx_word' id='word_1_692' title='bbox 2932 3861 3020 3924; x_wconf 83' lang='grc' dir='ltr'><strong>σὺ,</strong></span> <span class='ocrx_word' id='word_1_693' title='bbox 3052 3860 3319 3930; x_wconf 82' lang='grc' dir='ltr'>Βηθλεὲμ,</span> <span class='ocrx_word' id='word_1_694' title='bbox 3355 3857 3505 3922; x_wconf 76' lang='grc' dir='ltr'>οἶκος</span> <span class='ocrx_word' id='word_1_695' title='bbox 3531 3858 3623 3912; x_wconf 82' lang='grc' dir='ltr'><strong>τοῦ</strong></span> <span class='ocrx_word' id='word_1_696' title='bbox 3658 3847 3665 3853; x_wconf 44' lang='grc'><strong><em>⁷</em></strong></span> 
     </span>
    </p>
   </div>
   <div class='ocr_carea' id='block_1_87' title="bbox 2053 3944 3623 4023">
    <p class='ocr_par' dir='ltr' id='par_1_87' title="bbox 2053 3944 3623 4023">
     <span class='ocr_line' id='line_1_87' title="bbox 2053 3944 3623 4023; baseline -0.003 -18"><span class='ocrx_word' id='word_1_697' title='bbox 2053 3952 2320 4023; x_wconf 73' lang='grc' dir='ltr'>Ἐφραθᾷ</span> <span class='ocrx_word' id='word_1_698' title='bbox 2351 3951 2627 4018; x_wconf 83' lang='grc' dir='ltr'>ὀλιγοστὸς</span> <span class='ocrx_word' id='word_1_699' title='bbox 2655 3944 2708 4002; x_wconf 84' lang='grc' dir='ltr'><strong>εἴ</strong></span> <span class='ocrx_word' id='word_1_700' title='bbox 2744 3949 2837 4002; x_wconf 76' lang='grc' dir='ltr'>τοῦ</span> <span class='ocrx_word' id='word_1_701' title='bbox 2867 3944 3009 4002; x_wconf 78' lang='grc' dir='ltr'>εἶναι</span> <span class='ocrx_word' id='word_1_702' title='bbox 3044 3951 3100 4001; x_wconf 84' lang='grc' dir='ltr'>ὲν</span> <span class='ocrx_word' id='word_1_703' title='bbox 3131 3950 3366 4019; x_wconf 80' lang='grc' dir='ltr'>χιλιάσιν</span> <span class='ocrx_word' id='word_1_704' title='bbox 3410 3950 3583 4001; x_wconf 78' lang='grc' dir='ltr'>Ἰούδα</span> <span class='ocrx_word' id='word_1_705' title='bbox 3604 3965 3623 3980; x_wconf 75' lang='grc' dir='ltr'><strong>ο</strong></span> 
     </span>
    </p>
   </div>
   <div class='ocr_carea' id='block_1_88' title="bbox 2044 4036 3626 4115">
    <p class='ocr_par' dir='ltr' id='par_1_88' title="bbox 2044 4036 3626 4115">
     <span class='ocr_line' id='line_1_88' title="bbox 2044 4036 3626 4115; baseline -0.004 -18"><span class='ocrx_word' id='word_1_706' title='bbox 2044 4045 2108 4098; x_wconf 74' lang='grc' dir='ltr'>ἐκ</span> <span class='ocrx_word' id='word_1_707' title='bbox 2137 4043 2230 4097; x_wconf 77' lang='grc' dir='ltr'>σοῦ</span> <span class='ocrx_word' id='word_1_708' title='bbox 2262 4060 2352 4115; x_wconf 90' lang='grc' dir='ltr'><strong>μοι</strong></span> <span class='ocrx_word' id='word_1_709' title='bbox 2386 4041 2728 4107; x_wconf 78' lang='grc' dir='ltr'>ἐξελεύσεται</span> <span class='ocrx_word' id='word_1_710' title='bbox 2770 4040 2865 4094; x_wconf 77' lang='grc' dir='ltr'>τοῦ</span> <span class='ocrx_word' id='word_1_711' title='bbox 2899 4037 3037 4095; x_wconf 82' lang='grc' dir='ltr'>εἶναι</span> <span class='ocrx_word' id='word_1_712' title='bbox 3078 4043 3160 4103; x_wconf 79' lang='grc' dir='ltr'>εἰς</span> <span class='ocrx_word' id='word_1_713' title='bbox 3187 4040 3425 4111; x_wconf 84' lang='grc' dir='ltr'>ἄρχοντα</span> <span class='ocrx_word' id='word_1_714' title='bbox 3458 4041 3518 4092; x_wconf 83' lang='grc' dir='ltr'>ὲν</span> <span class='ocrx_word' id='word_1_715' title='bbox 3547 4036 3626 4106; x_wconf 83' lang='grc' dir='ltr'>τῷ</span> 
     </span>
    </p>
   </div>
   <div class='ocr_carea' id='block_1_89' title="bbox 2057 4132 3625 4208">
    <p class='ocr_par' dir='ltr' id='par_1_89' title="bbox 2057 4132 3625 4208">
     <span class='ocr_line' id='line_1_89' title="bbox 2057 4132 3625 4208; baseline -0.004 -18"><span class='ocrx_word' id='word_1_716' title='bbox 2057 4137 2304 4208; x_wconf 76' lang='grc' dir='ltr'>Ἰσραήλο</span> <span class='ocrx_word' id='word_1_717' title='bbox 2353 4135 2448 4190; x_wconf 73' lang='grc' dir='ltr'>καὶ</span> <span class='ocrx_word' id='word_1_718' title='bbox 2484 4136 2542 4190; x_wconf 80' lang='grc' dir='ltr'>αἱ</span> <span class='ocrx_word' id='word_1_719' title='bbox 2572 4134 2739 4203; x_wconf 77' lang='grc' dir='ltr'>ἔξοδοι</span> <span class='ocrx_word' id='word_1_720' title='bbox 2773 4133 2938 4187; x_wconf 82' lang='grc' dir='ltr'>αὐτοῦ</span> <span class='ocrx_word' id='word_1_721' title='bbox 2985 4134 3079 4186; x_wconf 81' lang='grc' dir='ltr'>ἀπ’</span> <span class='ocrx_word' id='word_1_722' title='bbox 3109 4134 3284 4203; x_wconf 81' lang='grc' dir='ltr'>ἀρχῆς</span> <span class='ocrx_word' id='word_1_723' title='bbox 3311 4132 3369 4199; x_wconf 78' lang='grc' dir='ltr'><strong>ἐξ</strong></span> <span class='ocrx_word' id='word_1_724' title='bbox 3400 4132 3625 4202; x_wconf 83' lang='grc' dir='ltr'>ἡμερῶν</span> 
     </span>
    </p>
   </div>
   <div class='ocr_carea' id='block_1_90' title="bbox 2045 4223 3626 4298">
    <p class='ocr_par' dir='ltr' id='par_1_90' title="bbox 2045 4223 3626 4298">
     <span class='ocr_line' id='line_1_90' title="bbox 2045 4223 3626 4298; baseline -0.004 -18"><span class='ocrx_word' id='word_1_725' title='bbox 2045 4228 2256 4292; x_wconf 73' lang='grc' dir='ltr'>αἰῶνος.</span> <span class='ocrx_word' id='word_1_726' title='bbox 2272 4247 2290 4279; x_wconf 84' lang='grc'><strong>›</strong></span> <span class='ocrx_word' id='word_1_727' title='bbox 2308 4228 2418 4281; x_wconf 75' lang='grc' dir='ltr'><strong>Καὶ</strong></span> <span class='ocrx_word' id='word_1_728' title='bbox 2436 4227 2616 4282; x_wconf 72' lang='grc' dir='ltr'>πάλιν*</span> <span class='ocrx_word' id='word_1_729' title='bbox 2636 4246 2655 4278; x_wconf 81' lang='grc' dir='ltr'><strong>ι</strong></span> <span class='ocrx_word' id='word_1_730' title='bbox 2668 4228 2779 4298; x_wconf 81' lang='grc' dir='ltr'><strong>Τὴν</strong></span> <span class='ocrx_word' id='word_1_731' title='bbox 2798 4224 2989 4294; x_wconf 80' lang='grc' dir='ltr'>γενεὰν</span> <span class='ocrx_word' id='word_1_732' title='bbox 3011 4223 3175 4278; x_wconf 80' lang='grc' dir='ltr'>αὑτοῦ</span> <span class='ocrx_word' id='word_1_733' title='bbox 3192 4224 3270 4286; x_wconf 86' lang='grc' dir='ltr'><strong>τίς</strong></span> <span class='ocrx_word' id='word_1_734' title='bbox 3284 4224 3626 4294; x_wconf 76' lang='grc' dir='ltr'>διηγήσεταις</span> 
     </span>
    </p>
   </div>
   <div class='ocr_carea' id='block_1_91' title="bbox 2046 4310 3625 4391">
    <p class='ocr_par' dir='ltr' id='par_1_91' title="bbox 2046 4310 3625 4391">
     <span class='ocr_line' id='line_1_91' title="bbox 2046 4310 3625 4391; baseline -0.006 -16"><span class='ocrx_word' id='word_1_735' title='bbox 2046 4322 2128 4375; x_wconf 79' lang='grc' dir='ltr'>ὅτι</span> <span class='ocrx_word' id='word_1_736' title='bbox 2157 4322 2369 4391; x_wconf 76' lang='grc' dir='ltr'>αἴρεται</span> <span class='ocrx_word' id='word_1_737' title='bbox 2394 4320 2503 4373; x_wconf 79' lang='grc' dir='ltr'><strong>ἀπὸ</strong></span> <span class='ocrx_word' id='word_1_738' title='bbox 2526 4321 2625 4391; x_wconf 86' lang='grc' dir='ltr'>τῆς</span> <span class='ocrx_word' id='word_1_739' title='bbox 2643 4322 2747 4391; x_wconf 83' lang='grc' dir='ltr'>γῆς</span> <span class='ocrx_word' id='word_1_740' title='bbox 2769 4321 2801 4389; x_wconf 83' lang='grc' dir='ltr'>ἡ</span> <span class='ocrx_word' id='word_1_741' title='bbox 2820 4317 2932 4389; x_wconf 75' lang='grc' dir='ltr'>ζωὴ</span> <span class='ocrx_word' id='word_1_742' title='bbox 2948 4316 3133 4370; x_wconf 82' lang='grc' dir='ltr'>αὐτοῦ.</span> <span class='ocrx_word' id='word_1_743' title='bbox 3148 4335 3165 4366; x_wconf 75' lang='grc' dir='ltr'><strong>ι</strong></span> <span class='ocrx_word' id='word_1_744' title='bbox 3190 4310 3323 4368; x_wconf 85' lang='grc' dir='ltr'>Εἶτα</span> <span class='ocrx_word' id='word_1_745' title='bbox 3349 4315 3625 4374; x_wconf 82' lang='grc' dir='ltr'>συνιέντες</span> 
     </span>
    </p>
   </div>
   <div class='ocr_carea' id='block_1_92' title="bbox 368 4392 1932 4483">
    <p class='ocr_par' dir='ltr' id='par_1_92' title="bbox 368 4392 1932 4463">
     <span class='ocr_line' id='line_1_92' title="bbox 368 4392 1932 4463; baseline -0.01 0"><span class='ocrx_word' id='word_1_746' title='bbox 368 4425 491 4463; x_wconf 81' lang='lat' dir='ltr'><strong>esse</strong></span> <span class='ocrx_word' id='word_1_747' title='bbox 518 4413 698 4459; x_wconf 88' lang='lat' dir='ltr'><strong>tamen</strong></span> <span class='ocrx_word' id='word_1_748' title='bbox 725 4396 1153 4461; x_wconf 87' lang='lat' dir='ltr'><strong>Bethleemitam,</strong></span> <span class='ocrx_word' id='word_1_749' title='bbox 1188 4402 1371 4462; x_wconf 85' lang='lat' dir='ltr'><strong>utpote</strong></span> <span class='ocrx_word' id='word_1_750' title='bbox 1404 4407 1468 4447; x_wconf 82' lang='lat' dir='ltr'><strong>ex</strong></span> <span class='ocrx_word' id='word_1_751' title='bbox 1495 4393 1678 4448; x_wconf 91' lang='lat' dir='ltr'><strong>radice</strong></span> <span class='ocrx_word' id='word_1_752' title='bbox 1701 4392 1854 4449; x_wconf 87' lang='lat' dir='ltr'><strong>Jesse</strong></span> <span class='ocrx_word' id='word_1_753' title='bbox 1878 4406 1932 4448; x_wconf 78' lang='lat' dir='ltr'><strong>at</strong></span> 
     </span>
    </p>
   </div>
   <div class='ocr_carea' id='block_1_93' title="bbox 2036 4392 3625 4483">
    <p class='ocr_par' dir='ltr' id='par_1_93' title="bbox 2050 4407 3625 4483">
     <span class='ocr_line' id='line_1_93' title="bbox 2050 4407 3625 4483; baseline -0.006 -17"><span class='ocrx_word' id='word_1_754' title='bbox 2050 4412 2302 4483; x_wconf 84' lang='grc' dir='ltr'>οὐδαμῶς</span> <span class='ocrx_word' id='word_1_755' title='bbox 2330 4411 2392 4465; x_wconf 81' lang='grc' dir='ltr'><strong>τὸ</strong></span> <span class='ocrx_word' id='word_1_756' title='bbox 2426 4412 2742 4482; x_wconf 83' lang='grc' dir='ltr'>μυστήριον,</span> <span class='ocrx_word' id='word_1_757' title='bbox 2784 4408 2908 4463; x_wconf 71' lang='grc' dir='ltr'>οὔτε</span> <span class='ocrx_word' id='word_1_758' title='bbox 2950 4407 3057 4479; x_wconf 84' lang='grc' dir='ltr'>μὴν</span> <span class='ocrx_word' id='word_1_759' title='bbox 3086 4407 3283 4469; x_wconf 83' lang='grc' dir='ltr'>εἰδότες</span> <span class='ocrx_word' id='word_1_760' title='bbox 3312 4407 3395 4458; x_wconf 85' lang='grc' dir='ltr'><strong>ὅτι</strong></span> <span class='ocrx_word' id='word_1_761' title='bbox 3447 4407 3625 4458; x_wconf 85' lang='grc' dir='ltr'>καίτοι</span> 
     </span>
    </p>
   </div>
   <div class='ocr_carea' id='block_1_94' title="bbox 372 4484 1950 4564">
    <p class='ocr_par' dir='ltr' id='par_1_94' title="bbox 372 4484 1950 4564">
     <span class='ocr_line' id='line_1_94' title="bbox 372 4484 1950 4564; baseline -0.011 -8"><span class='ocrx_word' id='word_1_762' title='bbox 372 4499 623 4564; x_wconf 78' lang='lat' dir='ltr'><strong>David“,</strong></span> <span class='ocrx_word' id='word_1_763' title='bbox 649 4496 721 4549; x_wconf 89' lang='lat' dir='ltr'><strong>ibi</strong></span> <span class='ocrx_word' id='word_1_764' title='bbox 736 4491 1031 4546; x_wconf 85' lang='lat' dir='ltr'><strong>secundum</strong></span> <span class='ocrx_word' id='word_1_765' title='bbox 1053 4500 1271 4542; x_wconf 89' lang='lat' dir='ltr'><strong>carnem</strong></span> <span class='ocrx_word' id='word_1_766' title='bbox 1288 4485 1552 4554; x_wconf 83' lang='lat' dir='ltr'><strong>genitum,</strong></span> <span class='ocrx_word' id='word_1_767' title='bbox 1569 4484 1710 4539; x_wconf 89' lang='lat' dir='ltr'><strong>inter</strong></span> <span class='ocrx_word' id='word_1_768' title='bbox 1732 4499 1790 4539; x_wconf 90' lang='lat' dir='ltr'><strong>se</strong></span> <span class='ocrx_word' id='word_1_769' title='bbox 1806 4485 1950 4540; x_wconf 82' lang='lat' dir='ltr'><strong>dice-</strong></span> 
     </span>
    </p>
   </div>
   <div class='ocr_carea' id='block_1_95' title="bbox 375 4576 1947 4651">
    <p class='ocr_par' dir='ltr' id='par_1_95' title="bbox 375 4576 1947 4651">
     <span class='ocr_line' id='line_1_95' title="bbox 375 4576 1947 4651; baseline -0.01 -4"><span class='ocrx_word' id='word_1_770' title='bbox 375 4595 506 4647; x_wconf 85' lang='lat' dir='ltr'><strong>haut</strong></span> <span class='ocrx_word' id='word_1_771' title='bbox 533 4608 547 4645; x_wconf 90' lang='lat'><strong>:</strong></span> <span class='ocrx_word' id='word_1_772' title='bbox 577 4608 597 4641; x_wconf 78' lang='grc' dir='ltr'><strong>ι</strong></span> <span class='ocrx_word' id='word_1_773' title='bbox 641 4586 832 4640; x_wconf 84' lang='lat' dir='ltr'><strong>Nonne</strong></span> <span class='ocrx_word' id='word_1_774' title='bbox 856 4583 945 4637; x_wconf 87' lang='lat' dir='ltr'><strong>hic</strong></span> <span class='ocrx_word' id='word_1_775' title='bbox 968 4589 1045 4637; x_wconf 86' lang='lat' dir='ltr'><strong>est</strong></span> <span class='ocrx_word' id='word_1_776' title='bbox 1079 4594 1240 4651; x_wconf 89' lang='lat' dir='ltr'><strong>quem</strong></span> <span class='ocrx_word' id='word_1_777' title='bbox 1267 4580 1584 4648; x_wconf 63' lang='lat' dir='ltr'><strong>quaerebant</strong></span> <span class='ocrx_word' id='word_1_778' title='bbox 1616 4576 1947 4632; x_wconf 76' lang='lat' dir='ltr'><strong>interﬁcere?</strong></span> 
     </span>
    </p>
   </div>
   <div class='ocr_carea' id='block_1_96' title="bbox 375 4668 1950 4748">
    <p class='ocr_par' dir='ltr' id='par_1_96' title="bbox 375 4668 1950 4748">
     <span class='ocr_line' id='line_1_96' title="bbox 375 4668 1950 4748; baseline -0.011 -9"><span class='ocrx_word' id='word_1_779' title='bbox 375 4683 520 4738; x_wconf 74' lang='lat' dir='ltr'><strong>Ecce</strong></span> <span class='ocrx_word' id='word_1_780' title='bbox 544 4680 715 4748; x_wconf 87' lang='lat' dir='ltr'><strong>palam</strong></span> <span class='ocrx_word' id='word_1_781' title='bbox 768 4675 1025 4744; x_wconf 88' lang='lat' dir='ltr'><strong>loquitur,</strong></span> <span class='ocrx_word' id='word_1_782' title='bbox 1055 4682 1112 4727; x_wconf 90' lang='lat' dir='ltr'><strong>et</strong></span> <span class='ocrx_word' id='word_1_783' title='bbox 1163 4670 1297 4726; x_wconf 87' lang='lat' dir='ltr'><strong>nihil</strong></span> <span class='ocrx_word' id='word_1_784' title='bbox 1351 4670 1404 4725; x_wconf 88' lang='lat' dir='ltr'><strong>ei</strong></span> <span class='ocrx_word' id='word_1_785' title='bbox 1449 4670 1674 4724; x_wconf 88' lang='lat' dir='ltr'><strong>dicunt:</strong></span> <span class='ocrx_word' id='word_1_786' title='bbox 1710 4668 1950 4738; x_wconf 90' lang='lat' dir='ltr'><strong>nunquid</strong></span> 
     </span>
    </p>
   </div>
   <div class='ocr_carea' id='block_1_97' title="bbox 377 4760 1950 4846">
    <p class='ocr_par' dir='ltr' id='par_1_97' title="bbox 377 4760 1950 4846">
     <span class='ocr_line' id='line_1_97' title="bbox 377 4760 1950 4846; baseline -0.01 -15"><span class='ocrx_word' id='word_1_787' title='bbox 377 4768 1034 4846; x_wconf 85' lang='lat' dir='ltr'><strong>cognoveruntprincipes</strong></span> <span class='ocrx_word' id='word_1_788' title='bbox 1059 4765 1187 4833; x_wconf 88' lang='lat' dir='ltr'><strong>quia</strong></span> <span class='ocrx_word' id='word_1_789' title='bbox 1228 4764 1319 4819; x_wconf 91' lang='lat' dir='ltr'><strong>hic</strong></span> <span class='ocrx_word' id='word_1_790' title='bbox 1374 4774 1459 4818; x_wconf 86' lang='lat' dir='ltr'><strong>est</strong></span> <span class='ocrx_word' id='word_1_791' title='bbox 1503 4761 1799 4817; x_wconf 79' lang='lat' dir='ltr'><strong>Christus?</strong></span> <span class='ocrx_word' id='word_1_792' title='bbox 1844 4760 1950 4816; x_wconf 89' lang='lat' dir='ltr'><strong>Sed</strong></span> 
     </span>
    </p>
   </div>
   <div class='ocr_carea' id='block_1_98' title="bbox 383 4854 1949 4925">
    <p class='ocr_par' dir='ltr' id='par_1_98' title="bbox 383 4854 1949 4925">
     <span class='ocr_line' id='line_1_98' title="bbox 383 4854 1949 4925; baseline -0.011 -1"><span class='ocrx_word' id='word_1_793' title='bbox 383 4871 526 4925; x_wconf 90' lang='lat' dir='ltr'><strong>hunc</strong></span> <span class='ocrx_word' id='word_1_794' title='bbox 550 4865 753 4919; x_wconf 80' lang='lat' dir='ltr'><strong>scimus</strong></span> <span class='ocrx_word' id='word_1_795' title='bbox 774 4860 914 4917; x_wconf 86' lang='lat' dir='ltr'><strong>unde</strong></span> <span class='ocrx_word' id='word_1_796' title='bbox 931 4861 1035 4913; x_wconf 91' lang='lat' dir='ltr'><strong>sit:</strong></span> <span class='ocrx_word' id='word_1_797' title='bbox 1070 4857 1323 4912; x_wconf 85' lang='lat' dir='ltr'><strong>Christus</strong></span> <span class='ocrx_word' id='word_1_798' title='bbox 1352 4864 1531 4910; x_wconf 88' lang='lat' dir='ltr'><strong>autem</strong></span> <span class='ocrx_word' id='word_1_799' title='bbox 1563 4868 1687 4909; x_wconf 90' lang='lat' dir='ltr'><strong>cum</strong></span> <span class='ocrx_word' id='word_1_800' title='bbox 1710 4854 1949 4919; x_wconf 83' lang='lat' dir='ltr'><strong>venerit,</strong></span> 
     </span>
    </p>
   </div>
   <div class='ocr_carea' id='block_1_99' title="bbox 383 4946 1946 5017">
    <p class='ocr_par' dir='ltr' id='par_1_99' title="bbox 383 4946 1946 5017">
     <span class='ocr_line' id='line_1_99' title="bbox 383 4946 1946 5017; baseline -0.011 0"><span class='ocrx_word' id='word_1_801' title='bbox 383 4976 540 5017; x_wconf 87' lang='lat' dir='ltr'><strong>nemo</strong></span> <span class='ocrx_word' id='word_1_802' title='bbox 558 4959 661 5014; x_wconf 90' lang='lat' dir='ltr'><strong>scit</strong></span> <span class='ocrx_word' id='word_1_803' title='bbox 694 4954 835 5009; x_wconf 91' lang='lat' dir='ltr'><strong>unde</strong></span> <span class='ocrx_word' id='word_1_804' title='bbox 863 4952 934 5008; x_wconf 90' lang='lat' dir='ltr'><strong>sit</strong></span> <span class='ocrx_word' id='word_1_805' title='bbox 954 4951 1021 5004; x_wconf 84' lang='lat'><strong>&quot;.</strong></span> <span class='ocrx_word' id='word_1_806' title='bbox 1057 4968 1078 5002; x_wconf 74' lang='grc' dir='ltr'><strong>ι</strong></span> <span class='ocrx_word' id='word_1_807' title='bbox 1126 4949 1428 5004; x_wconf 82' lang='lat' dir='ltr'><strong>Audiebant</strong></span> <span class='ocrx_word' id='word_1_808' title='bbox 1482 4948 1651 5011; x_wconf 89' lang='lat' dir='ltr'><strong>enim,</strong></span> <span class='ocrx_word' id='word_1_809' title='bbox 1707 4957 1766 5001; x_wconf 90' lang='lat' dir='ltr'><strong>ut</strong></span> <span class='ocrx_word' id='word_1_810' title='bbox 1812 4946 1946 5011; x_wconf 88' lang='lat' dir='ltr'><strong>dixi,</strong></span> 
     </span>
    </p>
   </div>
   <div class='ocr_carea' id='block_1_100' title="bbox 381 5038 1948 5125">
    <p class='ocr_par' dir='ltr' id='par_1_100' title="bbox 381 5038 1948 5125">
     <span class='ocr_line' id='line_1_100' title="bbox 381 5038 1948 5125; baseline -0.009 -20"><span class='ocrx_word' id='word_1_811' title='bbox 381 5053 701 5125; x_wconf 77' lang='lat' dir='ltr'><strong>prOphetam</strong></span> <span class='ocrx_word' id='word_1_812' title='bbox 731 5047 915 5101; x_wconf 91' lang='lat' dir='ltr'><strong>dicere</strong></span> <span class='ocrx_word' id='word_1_813' title='bbox 957 5042 1243 5114; x_wconf 82' lang='lat' dir='ltr'><strong>perspicue</strong></span> <span class='ocrx_word' id='word_1_814' title='bbox 1275 5057 1289 5093; x_wconf 90' lang='lat'><strong>:</strong></span> <span class='ocrx_word' id='word_1_815' title='bbox 1330 5059 1349 5091; x_wconf 78' lang='grc' dir='ltr'><strong>ι</strong></span> <span class='ocrx_word' id='word_1_816' title='bbox 1378 5039 1796 5094; x_wconf 83' lang='lat' dir='ltr'><strong>Generationem</strong></span> <span class='ocrx_word' id='word_1_817' title='bbox 1829 5038 1948 5106; x_wconf 91' lang='lat' dir='ltr'><strong>ejus</strong></span> 
     </span>
    </p>
   </div>
   <div class='ocr_carea' id='block_1_101' title="bbox 384 5130 1946 5216">
    <p class='ocr_par' dir='ltr' id='par_1_101' title="bbox 384 5130 1946 5216">
     <span class='ocr_line' id='line_1_101' title="bbox 384 5130 1946 5216; baseline -0.012 -15"><span class='ocrx_word' id='word_1_818' title='bbox 384 5146 508 5216; x_wconf 78' lang='lat' dir='ltr'><strong>quis</strong></span> <span class='ocrx_word' id='word_1_819' title='bbox 549 5137 874 5198; x_wconf 83' lang='lat' dir='ltr'><strong>enarrabit?</strong></span> <span class='ocrx_word' id='word_1_820' title='bbox 908 5154 927 5188; x_wconf 80' lang='grc' dir='ltr'><strong>ι</strong></span> <span class='ocrx_word' id='word_1_821' title='bbox 963 5144 1038 5202; x_wconf 93' lang='lat' dir='ltr'><strong>et,</strong></span> <span class='ocrx_word' id='word_1_822' title='bbox 1092 5132 1237 5203; x_wconf 88' lang='lat' dir='ltr'><strong>quod</strong></span> <span class='ocrx_word' id='word_1_823' title='bbox 1301 5132 1504 5195; x_wconf 79' lang='lat' dir='ltr'><strong>exitus,</strong></span> <span class='ocrx_word' id='word_1_824' title='bbox 1544 5130 1595 5184; x_wconf 90' lang='lat' dir='ltr'><strong>id</strong></span> <span class='ocrx_word' id='word_1_825' title='bbox 1617 5139 1721 5197; x_wconf 89' lang='lat' dir='ltr'><strong>est,</strong></span> <span class='ocrx_word' id='word_1_826' title='bbox 1750 5142 1946 5185; x_wconf 83' lang='lat' dir='ltr'><strong>essen-</strong></span> 
     </span>
    </p>
   </div>
   <div class='ocr_carea' id='block_1_102' title="bbox 384 5239 1953 5313">
    <p class='ocr_par' dir='ltr' id='par_1_102' title="bbox 384 5239 1953 5313">
     <span class='ocr_line' id='line_1_102' title="bbox 384 5239 1953 5313; baseline -0.011 0"><span class='ocrx_word' id='word_1_827' title='bbox 384 5261 472 5313; x_wconf 70' lang='lat' dir='ltr'><strong>tite</strong></span> <span class='ocrx_word' id='word_1_828' title='bbox 509 5257 717 5311; x_wconf 91' lang='lat' dir='ltr'><strong>initium</strong></span> <span class='ocrx_word' id='word_1_829' title='bbox 744 5261 871 5308; x_wconf 89' lang='lat' dir='ltr'><strong>ante</strong></span> <span class='ocrx_word' id='word_1_830' title='bbox 898 5249 1080 5305; x_wconf 86' lang='lat' dir='ltr'><strong>omnia</strong></span> <span class='ocrx_word' id='word_1_831' title='bbox 1132 5244 1328 5301; x_wconf 62' lang='lat' dir='ltr'><strong>sarcula</strong></span> <span class='ocrx_word' id='word_1_832' title='bbox 1378 5243 1620 5298; x_wconf 88' lang='lat' dir='ltr'><strong>haberet.</strong></span> <span class='ocrx_word' id='word_1_833' title='bbox 1664 5239 1782 5295; x_wconf 84' lang='lat' dir='ltr'><strong>Jam</strong></span> <span class='ocrx_word' id='word_1_834' title='bbox 1823 5255 1953 5296; x_wconf 88' lang='lat' dir='ltr'><strong>vero</strong></span> 
     </span>
    </p>
   </div>
   <div class='ocr_carea' id='block_1_103' title="bbox 380 5335 1953 5419">
    <p class='ocr_par' dir='ltr' id='par_1_103' title="bbox 380 5335 1953 5419">
     <span class='ocr_line' id='line_1_103' title="bbox 380 5335 1953 5419; baseline -0.011 -17"><span class='ocrx_word' id='word_1_835' title='bbox 380 5357 617 5419; x_wconf 86' lang='lat' dir='ltr'><strong>quantus</strong></span> <span class='ocrx_word' id='word_1_836' title='bbox 644 5345 806 5399; x_wconf 88' lang='lat' dir='ltr'><strong>fuerit</strong></span> <span class='ocrx_word' id='word_1_837' title='bbox 825 5342 1129 5397; x_wconf 62' lang='lat' dir='ltr'><strong>Iudaeorum</strong></span> <span class='ocrx_word' id='word_1_838' title='bbox 1157 5347 1366 5408; x_wconf 86' lang='lat' dir='ltr'><strong>stupor,</strong></span> <span class='ocrx_word' id='word_1_839' title='bbox 1401 5351 1612 5390; x_wconf 89' lang='lat' dir='ltr'><strong>rursum</strong></span> <span class='ocrx_word' id='word_1_840' title='bbox 1640 5335 1953 5388; x_wconf 89' lang='lat' dir='ltr'><strong>consideres</strong></span> 
     </span>
    </p>
   </div>
   <div class='ocr_carea' id='block_1_104' title="bbox 384 5424 1950 5495">
    <p class='ocr_par' dir='ltr' id='par_1_104' title="bbox 384 5424 1950 5495">
     <span class='ocr_line' id='line_1_104' title="bbox 384 5424 1950 5495; baseline -0.011 -2"><span class='ocrx_word' id='word_1_841' title='bbox 384 5439 567 5495; x_wconf 80' lang='lat' dir='ltr'><strong>velim.</strong></span> <span class='ocrx_word' id='word_1_842' title='bbox 590 5438 724 5493; x_wconf 87' lang='lat' dir='ltr'><strong>Cum</strong></span> <span class='ocrx_word' id='word_1_843' title='bbox 758 5437 901 5491; x_wconf 88' lang='lat' dir='ltr'><strong>enim</strong></span> <span class='ocrx_word' id='word_1_844' title='bbox 926 5434 1171 5489; x_wconf 92' lang='lat' dir='ltr'><strong>dicereut</strong></span> <span class='ocrx_word' id='word_1_845' title='bbox 1198 5451 1211 5486; x_wconf 90' lang='lat'><strong>:</strong></span> <span class='ocrx_word' id='word_1_846' title='bbox 1247 5449 1265 5482; x_wconf 77' lang='grc' dir='ltr'><strong>ι</strong></span> <span class='ocrx_word' id='word_1_847' title='bbox 1302 5429 1548 5485; x_wconf 88' lang='lat' dir='ltr'><strong>Christus</strong></span> <span class='ocrx_word' id='word_1_848' title='bbox 1571 5442 1691 5482; x_wconf 91' lang='lat' dir='ltr'><strong>cum</strong></span> <span class='ocrx_word' id='word_1_849' title='bbox 1721 5424 1950 5487; x_wconf 86' lang='lat' dir='ltr'><strong>venerit,</strong></span> 
     </span>
    </p>
   </div>
   <div class='ocr_carea' id='block_1_105' title="bbox 387 5518 1950 5591">
    <p class='ocr_par' dir='ltr' id='par_1_105' title="bbox 387 5518 1950 5591">
     <span class='ocr_line' id='line_1_105' title="bbox 387 5518 1950 5591; baseline -0.013 -2"><span class='ocrx_word' id='word_1_850' title='bbox 387 5546 544 5588; x_wconf 87' lang='lat' dir='ltr'><strong>nemo</strong></span> <span class='ocrx_word' id='word_1_851' title='bbox 566 5529 669 5584; x_wconf 90' lang='lat' dir='ltr'><strong>scit</strong></span> <span class='ocrx_word' id='word_1_852' title='bbox 735 5527 877 5581; x_wconf 89' lang='lat' dir='ltr'><strong>unde</strong></span> <span class='ocrx_word' id='word_1_853' title='bbox 935 5527 1027 5591; x_wconf 89' lang='lat' dir='ltr'><strong>sit,</strong></span> <span class='ocrx_word' id='word_1_854' title='bbox 1070 5543 1087 5576; x_wconf 78' lang='grc' dir='ltr'><strong>ι</strong></span> <span class='ocrx_word' id='word_1_855' title='bbox 1125 5536 1310 5578; x_wconf 89' lang='lat' dir='ltr'><strong>rursus</strong></span> <span class='ocrx_word' id='word_1_856' title='bbox 1359 5524 1500 5576; x_wconf 90' lang='lat' dir='ltr'><strong>inter</strong></span> <span class='ocrx_word' id='word_1_857' title='bbox 1549 5534 1607 5574; x_wconf 88' lang='lat' dir='ltr'><strong>se</strong></span> <span class='ocrx_word' id='word_1_858' title='bbox 1657 5518 1950 5572; x_wconf 88' lang='lat' dir='ltr'><strong>dicebant:</strong></span> 
     </span>
    </p>
   </div>
   <div class='ocr_carea' id='block_1_106' title="bbox 455 5696 1799 5776">
    <p class='ocr_par' dir='ltr' id='par_1_106' title="bbox 455 5696 1799 5776">
     <span class='ocr_line' id='line_1_106' title="bbox 455 5696 1799 5776; baseline -0.015 -6"><span class='ocrx_word' id='word_1_859' title='bbox 455 5714 502 5749; x_wconf 74' lang='grc'><strong>⁴³</strong></span> <span class='ocrx_word' id='word_1_860' title='bbox 540 5708 703 5769; x_wconf 84' lang='lat' dir='ltr'><strong>Hebr.</strong></span> <span class='ocrx_word' id='word_1_861' title='bbox 734 5723 769 5776; x_wconf 88' lang='lat' dir='ltr'><strong>I,</strong></span> <span class='ocrx_word' id='word_1_862' title='bbox 795 5708 828 5762; x_wconf 78' lang='grc'><strong>5</strong></span> <span class='ocrx_word' id='word_1_863' title='bbox 922 5704 968 5736; x_wconf 69' lang='grc' dir='ltr'><strong>δ’</strong></span> <span class='ocrx_word' id='word_1_864' title='bbox 1004 5704 1161 5758; x_wconf 72' lang='lat' dir='ltr'><strong>Mich.</strong></span> <span class='ocrx_word' id='word_1_865' title='bbox 1190 5717 1239 5765; x_wconf 83' lang='grc' dir='ltr'>ι’,</span> <span class='ocrx_word' id='word_1_866' title='bbox 1273 5699 1325 5753; x_wconf 77' lang='lat'><strong>9..</strong></span> <span class='ocrx_word' id='word_1_867' title='bbox 1401 5700 1447 5730; x_wconf 80' lang='lat'>”</span> <span class='ocrx_word' id='word_1_868' title='bbox 1481 5697 1721 5762; x_wconf 74' lang='lat' dir='ltr'><strong>lsa.LttI,</strong></span> <span class='ocrx_word' id='word_1_869' title='bbox 1747 5696 1799 5752; x_wconf 87' lang='lat'><strong>8.</strong></span> 
     </span>
    </p>
   </div>
   <div class='ocr_carea' id='block_1_107' title="bbox 2052 4495 3626 4569">
    <p class='ocr_par' dir='ltr' id='par_1_107' title="bbox 2052 4495 3626 4569">
     <span class='ocr_line' id='line_1_107' title="bbox 2052 4495 3626 4569; baseline -0.006 -14"><span class='ocrx_word' id='word_1_870' title='bbox 2052 4502 2184 4565; x_wconf 87' lang='grc' dir='ltr'>Θεὸς</span> <span class='ocrx_word' id='word_1_871' title='bbox 2209 4501 2284 4554; x_wconf 83' lang='grc' dir='ltr'>ὣν</span> <span class='ocrx_word' id='word_1_872' title='bbox 2314 4500 2493 4569; x_wconf 85' lang='grc' dir='ltr'>φύσει,</span> <span class='ocrx_word' id='word_1_873' title='bbox 2546 4501 2641 4553; x_wconf 81' lang='grc' dir='ltr'>καὶ</span> <span class='ocrx_word' id='word_1_874' title='bbox 2687 4500 2785 4569; x_wconf 84' lang='grc' dir='ltr'><strong>τῆς</strong></span> <span class='ocrx_word' id='word_1_875' title='bbox 2824 4496 3109 4568; x_wconf 79' lang='grc' dir='ltr'>ὑπάρξεως</span> <span class='ocrx_word' id='word_1_876' title='bbox 3150 4495 3248 4565; x_wconf 76' lang='grc' dir='ltr'><strong>τὴν</strong></span> <span class='ocrx_word' id='word_1_877' title='bbox 3286 4496 3468 4565; x_wconf 81' lang='grc' dir='ltr'>ἀρχὴν</span> <span class='ocrx_word' id='word_1_878' title='bbox 3522 4495 3626 4548; x_wconf 85' lang='grc' dir='ltr'>ἀπ-</span> 
     </span>
    </p>
   </div>
   <div class='ocr_carea' id='block_1_108' title="bbox 2054 4585 3627 4659">
    <p class='ocr_par' dir='ltr' id='par_1_108' title="bbox 2054 4585 3627 4659">
     <span class='ocr_line' id='line_1_108' title="bbox 2054 4585 3627 4659; baseline -0.008 -11"><span class='ocrx_word' id='word_1_879' title='bbox 2054 4593 2220 4647; x_wconf 86' lang='grc' dir='ltr'>οπτόν</span> <span class='ocrx_word' id='word_1_880' title='bbox 2249 4609 2309 4645; x_wconf 85' lang='grc' dir='ltr'><strong>τε</strong></span> <span class='ocrx_word' id='word_1_881' title='bbox 2340 4593 2433 4644; x_wconf 59' lang='grc' dir='ltr'><strong>καλ⁸</strong></span> <span class='ocrx_word' id='word_1_882' title='bbox 2475 4590 2858 4659; x_wconf 82' lang='grc' dir='ltr'>ἀκατάληπτον</span> <span class='ocrx_word' id='word_1_883' title='bbox 2899 4588 3058 4658; x_wconf 83' lang='grc' dir='ltr'>ἔχων,</span> <span class='ocrx_word' id='word_1_884' title='bbox 3090 4587 3473 4656; x_wconf 76' lang='grc' dir='ltr'>κεχρηματικε</span> <span class='ocrx_word' id='word_1_885' title='bbox 3520 4585 3627 4653; x_wconf 73' lang='grc' dir='ltr'><strong>Βητ</strong></span> 
     </span>
    </p>
   </div>
   <div class='ocr_carea' id='block_1_109' title="bbox 2055 4676 3626 4755">
    <p class='ocr_par' dir='ltr' id='par_1_109' title="bbox 2055 4676 3626 4755">
     <span class='ocr_line' id='line_1_109' title="bbox 2055 4676 3626 4755; baseline -0.008 -16"><span class='ocrx_word' id='word_1_886' title='bbox 2055 4686 2365 4755; x_wconf 79' lang='grc' dir='ltr'>θλεεμίτης,</span> <span class='ocrx_word' id='word_1_887' title='bbox 2399 4682 2475 4746; x_wconf 85' lang='grc' dir='ltr'>ὡς</span> <span class='ocrx_word' id='word_1_888' title='bbox 2506 4683 2570 4734; x_wconf 84' lang='grc' dir='ltr'>ὲκ</span> <span class='ocrx_word' id='word_1_889' title='bbox 2600 4681 2757 4752; x_wconf 75' lang='grc' dir='ltr'>ῥίζης</span> <span class='ocrx_word' id='word_1_890' title='bbox 2797 4680 2995 4732; x_wconf 74' lang='grc' dir='ltr'>Ἰεσσαὶ</span> <span class='ocrx_word' id='word_1_891' title='bbox 3025 4680 3119 4731; x_wconf 74' lang='grc' dir='ltr'>καὶ</span> <span class='ocrx_word' id='word_1_892' title='bbox 3145 4676 3329 4739; x_wconf 75' lang='grc' dir='ltr'>Δαὸὶδ,</span> <span class='ocrx_word' id='word_1_893' title='bbox 3352 4678 3471 4730; x_wconf 72' lang='grc' dir='ltr'>ἐκεῖ</span> <span class='ocrx_word' id='word_1_894' title='bbox 3503 4693 3626 4745; x_wconf 86' lang='grc' dir='ltr'>γεν-</span> 
     </span>
    </p>
   </div>
   <div class='ocr_carea' id='block_1_110' title="bbox 2054 4768 3629 4848">
    <p class='ocr_par' dir='ltr' id='par_1_110' title="bbox 2054 4768 3629 4848">
     <span class='ocr_line' id='line_1_110' title="bbox 2054 4768 3629 4848; baseline -0.008 -16"><span class='ocrx_word' id='word_1_895' title='bbox 2054 4778 2236 4848; x_wconf 81' lang='grc' dir='ltr'>νηθεὶς</span> <span class='ocrx_word' id='word_1_896' title='bbox 2262 4774 2402 4830; x_wconf 83' lang='grc' dir='ltr'><strong>κατά</strong></span> <span class='ocrx_word' id='word_1_897' title='bbox 2446 4774 2642 4845; x_wconf 84' lang='grc' dir='ltr'>σάρκα,</span> <span class='ocrx_word' id='word_1_898' title='bbox 2674 4772 2807 4842; x_wconf 85' lang='grc' dir='ltr'>πρὸς</span> <span class='ocrx_word' id='word_1_899' title='bbox 2838 4770 3099 4840; x_wconf 79' lang='grc' dir='ltr'>ἀλλήλους</span> <span class='ocrx_word' id='word_1_900' title='bbox 3142 4768 3381 4838; x_wconf 76' lang='grc' dir='ltr'>ἔφασκον</span> <span class='ocrx_word' id='word_1_901' title='bbox 3402 4783 3418 4798; x_wconf 72' lang='grc' dir='ltr'><strong><em>ο</em></strong></span> <span class='ocrx_word' id='word_1_902' title='bbox 3456 4787 3475 4819; x_wconf 74' lang='grc' dir='ltr'><strong>ι</strong></span> <span class='ocrx_word' id='word_1_903' title='bbox 3519 4768 3629 4837; x_wconf 79' lang='grc' dir='ltr'><strong>Οὐχ</strong></span> 
     </span>
    </p>
   </div>
   <div class='ocr_carea' id='block_1_111' title="bbox 2061 4861 3631 4935">
    <p class='ocr_par' dir='ltr' id='par_1_111' title="bbox 2061 4861 3631 4935">
     <span class='ocr_line' id='line_1_111' title="bbox 2061 4861 3631 4935; baseline -0.008 -11"><span class='ocrx_word' id='word_1_904' title='bbox 2061 4866 2215 4932; x_wconf 66' lang='grc' dir='ltr'>οὗτός</span> <span class='ocrx_word' id='word_1_905' title='bbox 2271 4869 2420 4922; x_wconf 71' lang='grc' dir='ltr'>ἑστιν</span> <span class='ocrx_word' id='word_1_906' title='bbox 2458 4866 2516 4919; x_wconf 81' lang='grc' dir='ltr'>ὃν</span> <span class='ocrx_word' id='word_1_907' title='bbox 2580 4864 2832 4935; x_wconf 78' lang='grc' dir='ltr'>ζητοῦσιν</span> <span class='ocrx_word' id='word_1_908' title='bbox 2875 4864 3232 4927; x_wconf 86' lang='grc' dir='ltr'>ἀποκτεῖναι;</span> <span class='ocrx_word' id='word_1_909' title='bbox 3270 4861 3376 4913; x_wconf 83' lang='grc' dir='ltr'>Ἴδε</span> <span class='ocrx_word' id='word_1_910' title='bbox 3417 4863 3631 4930; x_wconf 51' lang='lat' dir='ltr'><strong>«appr.-</strong></span> 
     </span>
    </p>
   </div>
   <div class='ocr_carea' id='block_1_112' title="bbox 2059 4951 3625 5033">
    <p class='ocr_par' dir='ltr' id='par_1_112' title="bbox 2059 4951 3625 5033">
     <span class='ocr_line' id='line_1_112' title="bbox 2059 4951 3625 5033; baseline -0.009 -18"><span class='ocrx_word' id='word_1_911' title='bbox 2059 4963 2149 5033; x_wconf 76' lang='grc' dir='ltr'><strong>σία</strong></span> <span class='ocrx_word' id='word_1_912' title='bbox 2187 4960 2361 5026; x_wconf 87' lang='grc' dir='ltr'>λαλεῖ,</span> <span class='ocrx_word' id='word_1_913' title='bbox 2399 4956 2492 5011; x_wconf 73' lang='grc' dir='ltr'>καὶ</span> <span class='ocrx_word' id='word_1_914' title='bbox 2522 4956 2672 5009; x_wconf 77' lang='grc' dir='ltr'>οὐδὲν</span> <span class='ocrx_word' id='word_1_915' title='bbox 2721 4953 2868 5024; x_wconf 86' lang='grc' dir='ltr'>αύτῷ</span> <span class='ocrx_word' id='word_1_916' title='bbox 2896 4954 3114 5021; x_wconf 81' lang='grc' dir='ltr'>λέγουσι</span> <span class='ocrx_word' id='word_1_917' title='bbox 3141 4967 3153 4981; x_wconf 88' lang='grc'><strong>·</strong></span> <span class='ocrx_word' id='word_1_918' title='bbox 3190 4953 3265 5023; x_wconf 82' lang='grc' dir='ltr'>μή</span> <span class='ocrx_word' id='word_1_919' title='bbox 3299 4967 3431 5004; x_wconf 79' lang='grc' dir='ltr'>ποτε</span> <span class='ocrx_word' id='word_1_920' title='bbox 3462 4951 3625 5017; x_wconf 77' lang='grc' dir='ltr'>εγνωο</span> 
     </span>
    </p>
   </div>
   <div class='ocr_carea' id='block_1_113' title="bbox 2057 5039 3634 5122">
    <p class='ocr_par' dir='ltr' id='par_1_113' title="bbox 2057 5039 3634 5122">
     <span class='ocr_line' id='line_1_113' title="bbox 2057 5039 3634 5122; baseline -0.011 -14"><span class='ocrx_word' id='word_1_921' title='bbox 2057 5070 2157 5108; x_wconf 84' lang='grc' dir='ltr'><strong>σαν</strong></span> <span class='ocrx_word' id='word_1_922' title='bbox 2199 5054 2249 5106; x_wconf 79' lang='grc' dir='ltr'><strong>οἱ</strong></span> <span class='ocrx_word' id='word_1_923' title='bbox 2293 5052 2571 5122; x_wconf 84' lang='grc' dir='ltr'>ἄρχοντες,</span> <span class='ocrx_word' id='word_1_924' title='bbox 2606 5048 2688 5100; x_wconf 81' lang='grc' dir='ltr'>ὅτι</span> <span class='ocrx_word' id='word_1_925' title='bbox 2717 5041 2869 5109; x_wconf 73' lang='grc' dir='ltr'>οὗτός</span> <span class='ocrx_word' id='word_1_926' title='bbox 2901 5048 3048 5098; x_wconf 74' lang='grc' dir='ltr'>ἐστιν</span> <span class='ocrx_word' id='word_1_927' title='bbox 3092 5047 3121 5097; x_wconf 86' lang='grc' dir='ltr'>ὁ</span> <span class='ocrx_word' id='word_1_928' title='bbox 3146 5042 3415 5113; x_wconf 84' lang='grc' dir='ltr'>Χριστός;</span> <span class='ocrx_word' id='word_1_929' title='bbox 3475 5039 3634 5093; x_wconf 61' lang='grc' dir='ltr'><strong>’Λλλὲ</strong></span> 
     </span>
    </p>
   </div>
   <div class='ocr_carea' id='block_1_114' title="bbox 2049 5134 3635 5214">
    <p class='ocr_par' dir='ltr' id='par_1_114' title="bbox 2049 5134 3635 5214">
     <span class='ocr_line' id='line_1_114' title="bbox 2049 5134 3635 5214; baseline -0.01 -14"><span class='ocrx_word' id='word_1_930' title='bbox 2049 5146 2237 5200; x_wconf 80' lang='grc' dir='ltr'>τοῦτον</span> <span class='ocrx_word' id='word_1_931' title='bbox 2263 5145 2483 5214; x_wconf 74' lang='grc' dir='ltr'>οἴδαμεν</span> <span class='ocrx_word' id='word_1_932' title='bbox 2507 5140 2668 5194; x_wconf 86' lang='grc' dir='ltr'>πόθεν</span> <span class='ocrx_word' id='word_1_933' title='bbox 2695 5140 2839 5191; x_wconf 72' lang='grc' dir='ltr'>ἐστίν</span> <span class='ocrx_word' id='word_1_934' title='bbox 2861 5154 2874 5168; x_wconf 80' lang='grc'><em>’</em></span> <span class='ocrx_word' id='word_1_935' title='bbox 2905 5140 2934 5190; x_wconf 85' lang='grc' dir='ltr'>ὁ</span> <span class='ocrx_word' id='word_1_936' title='bbox 2962 5138 3021 5191; x_wconf 82' lang='grc' dir='ltr'>δὲ</span> <span class='ocrx_word' id='word_1_937' title='bbox 3042 5137 3276 5208; x_wconf 84' lang='grc' dir='ltr'>Χριστὸς</span> <span class='ocrx_word' id='word_1_938' title='bbox 3305 5136 3440 5187; x_wconf 84' lang='grc' dir='ltr'>ὅταν</span> <span class='ocrx_word' id='word_1_939' title='bbox 3470 5134 3635 5204; x_wconf 59' lang='grc' dir='ltr'><strong>ἐρχψ</strong></span> 
     </span>
    </p>
   </div>
   <div class='ocr_carea' id='block_1_115' title="bbox 2050 5224 3634 5300">
    <p class='ocr_par' dir='ltr' id='par_1_115' title="bbox 2050 5224 3634 5300">
     <span class='ocr_line' id='line_1_115' title="bbox 2050 5224 3634 5300; baseline -0.008 -12"><span class='ocrx_word' id='word_1_940' title='bbox 2050 5252 2161 5299; x_wconf 84' lang='grc' dir='ltr'>ται,</span> <span class='ocrx_word' id='word_1_941' title='bbox 2188 5233 2362 5296; x_wconf 80' lang='grc' dir='ltr'>οὐδεὶς</span> <span class='ocrx_word' id='word_1_942' title='bbox 2397 5230 2654 5300; x_wconf 83' lang='grc' dir='ltr'>γινώσκει</span> <span class='ocrx_word' id='word_1_943' title='bbox 2689 5228 2849 5283; x_wconf 81' lang='grc' dir='ltr'>πόθεν</span> <span class='ocrx_word' id='word_1_944' title='bbox 2872 5227 3037 5281; x_wconf 75' lang='grc' dir='ltr'>ἐστίν.</span> <span class='ocrx_word' id='word_1_945' title='bbox 3063 5245 3081 5279; x_wconf 76' lang='grc' dir='ltr'><strong>ι</strong></span> <span class='ocrx_word' id='word_1_946' title='bbox 3115 5227 3351 5279; x_wconf 85' lang='grc' dir='ltr'>Ἤκουον</span> <span class='ocrx_word' id='word_1_947' title='bbox 3385 5224 3519 5295; x_wconf 80' lang='grc' dir='ltr'>γὰρ,</span> <span class='ocrx_word' id='word_1_948' title='bbox 3563 5224 3634 5285; x_wconf 81' lang='grc' dir='ltr'>ὡς</span> 
     </span>
    </p>
   </div>
   <div class='ocr_carea' id='block_1_116' title="bbox 2052 5316 3632 5394">
    <p class='ocr_par' dir='ltr' id='par_1_116' title="bbox 2052 5316 3632 5394">
     <span class='ocr_line' id='line_1_116' title="bbox 2052 5316 3632 5394; baseline -0.008 -16"><span class='ocrx_word' id='word_1_949' title='bbox 2052 5326 2209 5394; x_wconf 72' lang='grc' dir='ltr'>ἔφην,</span> <span class='ocrx_word' id='word_1_950' title='bbox 2247 5323 2341 5377; x_wconf 83' lang='grc' dir='ltr'>τοῦ</span> <span class='ocrx_word' id='word_1_951' title='bbox 2383 5322 2661 5392; x_wconf 84' lang='grc' dir='ltr'>προφήτου</span> <span class='ocrx_word' id='word_1_952' title='bbox 2711 5319 2958 5386; x_wconf 81' lang='grc' dir='ltr'>λέγοντος</span> <span class='ocrx_word' id='word_1_953' title='bbox 2998 5316 3279 5388; x_wconf 71' lang='grc' dir='ltr'>ἐναργῶς*</span> <span class='ocrx_word' id='word_1_954' title='bbox 3327 5335 3347 5368; x_wconf 79' lang='grc' dir='ltr'><strong>ι</strong></span> <span class='ocrx_word' id='word_1_955' title='bbox 3389 5316 3505 5386; x_wconf 74' lang='grc' dir='ltr'>Τὴν</span> <span class='ocrx_word' id='word_1_956' title='bbox 3541 5330 3632 5381; x_wconf 81' lang='grc' dir='ltr'>γε·</span> 
     </span>
    </p>
   </div>
   <div class='ocr_carea' id='block_1_117' title="bbox 2058 5404 3639 5481">
    <p class='ocr_par' dir='ltr' id='par_1_117' title="bbox 2058 5404 3639 5481">
     <span class='ocr_line' id='line_1_117' title="bbox 2058 5404 3639 5481; baseline -0.009 -12"><span class='ocrx_word' id='word_1_957' title='bbox 2058 5418 2183 5469; x_wconf 78' lang='grc' dir='ltr'>νεὰν</span> <span class='ocrx_word' id='word_1_958' title='bbox 2206 5412 2365 5468; x_wconf 79' lang='grc' dir='ltr'>αὑτοῦ</span> <span class='ocrx_word' id='word_1_959' title='bbox 2384 5412 2463 5475; x_wconf 81' lang='grc' dir='ltr'><strong>τίς</strong></span> <span class='ocrx_word' id='word_1_960' title='bbox 2481 5412 2797 5481; x_wconf 83' lang='grc' dir='ltr'>διηγήσεται</span> <span class='ocrx_word' id='word_1_961' title='bbox 2822 5425 2835 5473; x_wconf 92' lang='grc'><strong>;</strong></span> <span class='ocrx_word' id='word_1_962' title='bbox 2860 5430 2878 5459; x_wconf 74' lang='grc' dir='ltr'><strong><em>ι</em></strong></span> <span class='ocrx_word' id='word_1_963' title='bbox 2901 5407 2992 5461; x_wconf 75' lang='grc' dir='ltr'>καὶ</span> <span class='ocrx_word' id='word_1_964' title='bbox 3016 5408 3097 5459; x_wconf 80' lang='grc' dir='ltr'><strong>ὅτι</strong></span> <span class='ocrx_word' id='word_1_965' title='bbox 3125 5406 3222 5467; x_wconf 88' lang='grc' dir='ltr'><strong>τάς</strong></span> <span class='ocrx_word' id='word_1_966' title='bbox 3251 5404 3489 5471; x_wconf 73' lang='grc' dir='ltr'>ἐξόδους,</span> <span class='ocrx_word' id='word_1_967' title='bbox 3520 5404 3639 5473; x_wconf 71' lang='grc' dir='ltr'>ἦτοι</span> 
     </span>
    </p>
   </div>
   <div class='ocr_carea' id='block_1_118' title="bbox 2060 5494 3644 5578">
    <p class='ocr_par' dir='ltr' id='par_1_118' title="bbox 2060 5494 3644 5578">
     <span class='ocr_line' id='line_1_118' title="bbox 2060 5494 3644 5578; baseline -0.008 -18"><span class='ocrx_word' id='word_1_968' title='bbox 2060 5508 2157 5578; x_wconf 82' lang='grc' dir='ltr'><strong>τὴν</strong></span> <span class='ocrx_word' id='word_1_969' title='bbox 2184 5505 2415 5575; x_wconf 77' lang='grc' dir='ltr'>ὓπαρξιν</span> <span class='ocrx_word' id='word_1_970' title='bbox 2447 5504 2552 5572; x_wconf 78' lang='grc' dir='ltr'><strong>πρὸ</strong></span> <span class='ocrx_word' id='word_1_971' title='bbox 2589 5500 2787 5562; x_wconf 79' lang='grc' dir='ltr'>παντὸς</span> <span class='ocrx_word' id='word_1_972' title='bbox 2812 5498 3003 5560; x_wconf 80' lang='grc' dir='ltr'>αἰῶνος</span> <span class='ocrx_word' id='word_1_973' title='bbox 3044 5497 3175 5567; x_wconf 77' lang='grc' dir='ltr'>ἔχει.</span> <span class='ocrx_word' id='word_1_974' title='bbox 3209 5494 3406 5566; x_wconf 79' lang='grc' dir='ltr'>Ἀθρει</span> <span class='ocrx_word' id='word_1_975' title='bbox 3448 5496 3514 5567; x_wconf 78' lang='grc' dir='ltr'>δή</span> <span class='ocrx_word' id='word_1_976' title='bbox 3553 5509 3644 5565; x_wconf 82' lang='grc' dir='ltr'><strong>μοι</strong></span> 
     </span>
    </p>
   </div>
   <div class='ocr_carea' id='block_1_119' title="bbox 1904 5681 2926 5755">
    <p class='ocr_par' dir='ltr' id='par_1_119' title="bbox 1904 5681 2926 5755">
     <span class='ocr_line' id='line_1_119' title="bbox 1904 5681 2926 5755; baseline -0.011 -9"><span class='ocrx_word' id='word_1_977' title='bbox 1904 5693 1947 5725; x_wconf 77' lang='grc'><strong>⁵⁸</strong></span> <span class='ocrx_word' id='word_1_978' title='bbox 1988 5693 2088 5747; x_wconf 80' lang='lat' dir='ltr'><strong>isa.</strong></span> <span class='ocrx_word' id='word_1_979' title='bbox 2121 5705 2192 5755; x_wconf 68' lang='grc' dir='ltr'>χι,</span> <span class='ocrx_word' id='word_1_980' title='bbox 2222 5690 2273 5742; x_wconf 88' lang='lat' dir='ltr'><strong>l.</strong></span> <span class='ocrx_word' id='word_1_981' title='bbox 2351 5688 2394 5718; x_wconf 81' lang='grc'>⁸²</span> <span class='ocrx_word' id='word_1_982' title='bbox 2430 5685 2586 5742; x_wconf 82' lang='lat' dir='ltr'><strong>Joan.</strong></span> <span class='ocrx_word' id='word_1_983' title='bbox 2618 5699 2711 5753; x_wconf 82' lang='lat' dir='ltr'><strong>vn,</strong></span> <span class='ocrx_word' id='word_1_984' title='bbox 2742 5681 2926 5736; x_wconf 56' lang='grc' dir='ltr'><strong>ἢεί-27.</strong></span> 
     </span>
    </p>
   </div>
  </div>
