3926 6126
355 314 456 369 Hi

1432 307 1801 368 ADVERSUS
1836 302 2238 361 NESTORIUM
2280 303 2412 359 LIB.
2455 301 2543 357 111.

3491 297 3595 353 m

353 431 520 488 πάλιν
551 432 651 503 τῆς
693 432 958 486 Ἰουδαίων
991 433 1389 505 ἐμϐροντησίας
1424 434 1485 487 τὸ
1516 431 1743 503 μέγεθος
1764 445 1777 457 '
1815 428 1919 498 φά-

2031 447 2049 479 ι
2086 426 2184 481 llic
2205 435 2288 482 est
2320 440 2443 480 vcre
2480 423 2741 493 propheta
2771 436 2785 474 :
2820 419 2910 476 alii
2941 432 3068 473 vero
3101 415 3373 482 dicebant,
3398 417 3592 485 inquit,

356 541 580 587 σκοντες
610 524 717 594 γάρ
741 541 754 558 ·
788 542 808 575 ι
856 525 914 576 '0
944 524 1179 595 Χριστὸς
1204 526 1332 579 ὅταν
1360 525 1604 596 ἔρχηται,
1632 522 1805 584 οὐδεὶς
1833 536 1921 589 γι-

354 616 552 670 νώσκει
578 614 740 667 πόθεν
764 614 913 668 ὲστί·
953 633 973 667 ι
1014 616 1175 669 πάλιν
1220 616 1355 688 πρὸς
1396 615 1657 687 ἀλλήλους
1699 613 1918 682 ἔλεγον

362 725 384 759 ι
415 702 577 770 Οὗτός
608 708 755 759 ἐστιν
784 706 996 776 ἀληθῶς
1033 707 1062 759 6
1095 709 1379 779 προφήτης
1404 726 1417 740 ·
1446 708 1594 762 ἄλλοι
1621 708 1677 761 δὲ
1713 705 1919 773 ἔλεγον,

353 800 535 869 φησιν,
564 799 646 851 ὅτι
677 798 849 860 Αὐτός
872 800 1019 851 ἐστιν
1045 800 1074 851 6
1112 801 1346 871 Χριστός
1368 816 1379 829 ·
1418 801 1467 853 oi
1500 799 1556 852 δὲ
1586 798 1793 868 ἔλεγον
1828 796 1921 869 Μὴ

349 892 457 961 γὰρ
503 892 568 942 ἐκ
612 890 712 960 τῆς
761 889 1053 953 Γαλιλαίας
1100 893 1128 943 6
1159 891 1395 960 Χριστὸς
1433 891 1685 962 ἐρχεταις
1734 889 1921 960 οὐχὶή

349 980 537 1051 Γραφὴ
582 975 736 1034 εἶπεν
764 980 845 1034 ὅτι
873 981 937 1033 ἐκ
973 980 1289 1052 σπέρματος
1326 982 1512 1044 Δαδὶδ,
1540 981 1635 1035 καὶ
1678 981 1786 1034 ἀπὸ
1818 980 1924 1050 Βη-

348 1071 513 1143 θλεὲμ
542 1072 644 1143 τῆς
688 1070 903 1142 κώμης,
950 1073 1085 1125 ὅπου
1121 1068 1189 1144 ἦν
1219 1071 1402 1138 Δαόὶδ,
1442 1074 1471 1126 6
1503 1072 1736 1144 Χριστὸς
1763 1071 1921 1142 ἔρχε-

347 1167 469 1230 ται;
512 1182 531 1215 ι
595 1165 758 1234 Ὁρᾷς
804 1159 899 1218 οῦν
945 1164 1092 1227 ὅπως
1140 1166 1234 1218 καὶ
1268 1164 1692 1235 καταμεθόουσι,
1728 1164 1820 1218 καὶ
1861 1164 1923 1217 τὸ

348 1254 582 1326 ἄναρχον
616 1253 833 1318 θεῖκῶς,
868 1253 961 1307 καλ⁵
993 1252 1091 1323 τὴν
1128 1256 1186 1308 ὲν
1223 1255 1401 1325 χρόνῳ
1443 1255 1695 1326 γέννησιν
1732 1270 1923 1325 σαρκι⁶

346 1346 453 1414 κὴν
486 1345 877 1416 ὁμολογοῦντες
912 1347 1108 1413 aii-:06;
1176 1347 1315 1401 Ἀλλ’
1363 1348 1463 1401 οὐκ
1505 1347 1571 1401 ἂν
1619 1349 1700 1410 είς
1750 1348 1923 1410 οὕτως

350 1436 622 1499 ἐκτύπους
664 1422 1058 1508 ἀπεκομίζοντο
1109 1438 1452 1503 δυσϐουλίας,
1513 1439 1672 1510 εἰπερ
1728 1438 1923 1508 ᾔδεσαν

345 1526 587 1597 ἀληθῶς,
622 1528 702 1581 ὅτι
739 1528 871 1591 Θεὸς
902 1528 976 1581 ὢν
1019 1532 1048 1582 6
1071 1531 1259 1599 Λόγος,
1289 1532 1353 1585 ὲκ
1387 1529 1545 1601 ῥίζης
1584 1530 1684 1601 τῆς
1727 1529 1924 1583 Ἰεσσαὶ

349 1617 447 1671 καὶ
472 1616 652 1683 Δαὸὶδ,
689 1617 781 1671 καὶ
808 1618 908 1688 τῆς
931 1620 1089 1688 ἁγίας
1122 1621 1398 1692 Παρθένου
1421 1620 1691 1692 προῆλθεν
1716 1620 1924 1692 ἄνθρω-

351 1725 470 1775 πος,
519 1708 827 1779 ὠνόμασται
857 1710 913 1764 66
960 1713 1055 1765 καὶ
1086 1712 1476 1784 Βηθλεεμίτης,
1508 1715 1537 1766 6
1584 1715 1690 1783 γῆς
1736 1729 1797 1765 τε
1830 1712 1925 1767 καὶ

347 1798 576 1870 οὐρανοῦ
629 1800 720 1854 καὶ
766 1801 874 1856 τῶν
921 1802 1059 1857 ὅλων
1089 1805 1397 1875 Δεσπότης·
1436 1822 1456 1855 ι
1508 1803 1926 1874 Συνεπτώχευσε

346 1889 452 1962 γὰρ
484 1893 615 1961 ημῖν
646 1891 899 1957 πλούσιος
929 1893 1028 1958 ὢν,
1071 1914 1090 1946 ι
1131 1895 1268 1948 κατὰ
1313 1894 1376 1949 τὸ
1412 1896 1814 1965 γεγραμμένον.
1863 1896 1927 1954 Τί

344 1980 634 2052 τοιγαροῦν
674 1985 794 2046 ταῖς
818 1984 929 2037 τῶν
974 1985 1243 2039 Ἰουδαίων
1274 1984 1581 2056 τερθρείαις
1618 1985 1782 2038 αὐτὸν
1812 1983 1923 2056 [ἵσ.

347 2069 568 2142 σαυτὸν]
609 2072 793 2136 ἐνιεὶς,
832 2073 1183 2145 πεφρόντικάς
1221 2091 1281 2126 τε
1345 2075 1440 2127 καὶ
1485 2074 1663 2143 λέγεις
1694 2074 1730 2129 ἃ
1788 2076 1926 2146 μήτε

348 2160 508 2230 θέμις
543 2163 737 2229 εἰπεῖν,
772 2165 908 2236 μήτε
953 2165 1059 2236 μὴν
1106 2167 1307 2219 ἐννοεῖν
1338 2164 1601 2236 difﬂatu;
1634 2166 1770 2220 Ἕνα
1805 2166 1926 2237 μεθ’

347 2251 507 2322 ἡμῶν
537 2252 785 2322 ὁμολόγει
817 2256 1083 2328 Χριστόν·
1116 2257 1208 2310 καὶ
1238 2257 1315 2328 μὴ
1358 2256 1659 2327 διατέμνων
1711 2260 1790 2320 εἰς
1834 2257 1927 2310 δύο

343 2340 407 2411 δὴ
456 2342 619 2396 πάλιν
651 2344 828 2398 ἐκεῖνο
856 2343 1014 2413 λέγε’
1064 2346 1363 2415 Ἀπεστάλη
1397 2347 1426 2398 6
1463 2348 1590 2417 ἡμῖν
1622 2346 1924 2417 όμοούσιος,

345 2433 441 2485 καὶ
480 2432 764 2504 κέχρισται
812 2435 1098 2507 κηρύττων
1148 2435 1519 2507 αἰχμαλώτοις
1562 2439 1779 2506 ἄφεσιν,
1833 2439 1927 2491 κα)⁵

346 2520 567 2589 τυφλοῖς
604 2524 920 2593 ἀνάϐλεψιν.
975 2521 1113 2579 Εἶτα
1159 2527 1281 2580 ὅποι
1330 2527 1463 2580 ποτὲ
1508 2526 1769 2597 βαδιεῖται
1818 2527 1926 2581 τῶν

349 2608 628 2681 θεηγόρων
662 2614 691 2665 6
720 2612 896 2680 λόγος,
931 2613 979 2665 οἶ
1018 2615 1368 2683 μυσταγωγοὶ
1398 2613 1652 2682 γεγόνασι
1697 2615 1797 2684 τῆς
1836 2617 1924 2668 ὑπ’

351 2700 616 2772 οὐρανόν;
649 2703 820 2756 Αὐτὸν
850 2704 959 2774 γὰρ
990 2704 1384 2776 διακεκρὰγασι
1423 2704 1515 2757 τὸν
1543 2706 1606 2758 ὲκ
1646 2705 1779 2759 Θεοῦ
1814 2707 1924 2759 Πα-

351 2792 481 2862 τρὸς
508 2792 700 2860 Λόγον,
736 2793 963 2864 Σωτῆρα
1008 2794 1115 2847 τῶν
1145 2794 1280 2848 ὅλων
1309 2795 1558 2863 γενέσθαι
1590 2796 1682 2851 καὶ
1702 2797 1925 2870 Λυτρω-

349 2883 470 2953 τὴν,
501 2882 599 2951 οὐχ
628 2882 703 2945 ὡς
731 2883 1017 2954 ἀνθρώπου
1050 2884 1426 2955 μεσιτεύοντος
1458 2889 1586 2959 παρ’
1611 2888 1773 2943 αὐτὸν
1810 2891 1927 2944 ἐτέ-

350 2990 467 3043 ρου,
487 2972 739 3044 καθάπερ
771 2974 961 3045 ἀμέλει
996 2977 1088 3029 καὶ
1121 2978 1148 3030 6
1168 2977 1391 3047 Μωσῆς,
1409 2979 1466 3031 ὲν
1494 2979 1624 3033 εῖδει
1642 2980 1700 3033 δὲ
1724 2982 1925 3050 μᾶλλον

348 3065 443 3161 καὶ
489 3065 794 3161 ὁμοιώματι
841 3065 1144 3161 σωματικῷ
1193 3068 1521 3161 πρὸςλήμᾶς
1571 3072 1921 3143 καθιγμένον.
1953 3104 1994 3161 C

347 3154 647 3227 Κέχρισται
676 3155 786 3228 γὰρ
812 3149 966 3220 οὗτος
993 3158 1073 3222 είς
1118 3158 1403 3231 Ἀρχιερέα
1429 3162 1520 3215 καὶ
1564 3163 1884 3218 ’Δπόστολον
1905 3182 1920 3198 ο

348 3247 440 3301 καὶ
470 3247 601 3316 γοῦν
646 3247 919 3312 Ἰουδαίοις
945 3250 1202 3318 ἐπετίμα,
1229 3250 1431 3319 λέγων·
1469 3271 1488 3304 ι
1524 3254 1637 3308 Οὐκ
1681 3253 1796 3309 ἐστι
1827 3273 1922 3325 γε·

346 3338 667 3410 γραμμένον
694 3340 751 3394 ὲν
781 3339 858 3411 τῷ
886 3339 1034 3411 νόμῳ
1060 3340 1236 3412 ὑμῶν’
1270 3342 1410 3410 Ἐγὼ
1423 3339 1577 3397 εἶπα·
1602 3344 1726 3398 Θεοί
1757 3347 1879 3400 ἐστε
1903 3364 1918 3414 ;

346 3430 412 3483 Ei
442 3430 685 3495 ἐκείνους
725 3427 845 3485 εἷπε
887 3432 1040 3496 θεοὺς
1072 3433 1209 3505 πρὸς
1252 3432 1345 3498 οὒς
1382 3436 1412 3489 6
1454 3435 1611 3505 λόγος
1659 3437 1753 3491 τοῦ
1787 3438 1920 3491 Θεοῦ

347 3522 584 3589 ἐγένετο,
616 3522 710 3577 καὶ
738 3525 799 3577 οὐ
827 3523 1050 3579 δύναται
1081 3525 1307 3597 λυθῆναι
1354 3530 1388 3598 ἡ
1416 3528 1628 3600 Γραφὴ,
1658 3530 1717 3582 ὃν
1745 3533 1775 3585 6
1807 3532 1922 3586 Πα-

345 3611 450 3682 τὴρ
495 3614 690 3684 inicias
734 3614 828 3668 καὶ
865 3616 1182 3670 ἀπέστειλεν
1231 3619 1311 3681 εἰς
1358 3619 1448 3672 τὸν
1498 3620 1732 3691 κόσμον,
1765 3622 1922 3692 ὑμεῖς

346 3705 560 3774 λέγετε,
594 3708 675 3759 ὅτι
709 3707 1082 3779 Βλασφημεῖς,
1130 3710 1211 3762 ὅτι
1246 3704 1433 3764 εἷπον·
1469 3710 1598 3775 Υἱὸς
1643 3712 1738 3766 τοῦ
1783 3711 1918 3767 Θεοῦ

345 3799 499 3867 είμι;
538 3816 556 3849 ι
607 3796 748 3850 Ἀνθ’
794 3799 915 3852 ὅτου
948 3799 1005 3852 δὲ
1052 3798 1115 3871 δὴ
1154 3798 1250 3852 τὸν
1278 3801 1467 3855 ἑαυτὸν
1502 3803 1739 3856 καθέντα
1785 3805 1919 3874 πρὸς

346 3887 581 3941 κένωσιν
631 3888 719 3940 ἵνα
767 3886 916 3960 σώσῃ
955 3888 1053 3959 τὴν
1102 3889 1195 3942 ὑπ’
1222 3889 1472 3959 οὐρανὸν,
1517 3891 1626 3944 τῶν
1658 3894 1738 3956 εἰς
1775 3894 1920 3963 ἡμᾶς

348 3978 653 4047 γεγονότων
682 3977 1182 4048 θεοπρεπεστάτων,
1209 3981 1307 4034 καὶ
1337 3980 1678 4047 ἀξιαγάστων
1706 3984 1917 4055 ἀληθῶς

345 4068 796 4140 κατορθωμάτων
825 4070 1198 4141 ὲκπέμψομεν,
1220 4072 1554 4126 ἀπεστάλθαι
1580 4072 1823 4144 λέγοντες
1843 4077 1919 4140 ὡς

341 4162 535 4233 ἕτερόν
563 4178 685 4214 τινα
716 4161 845 4232 παρ’
875 4163 1036 4215 αὐτὸν
1068 4163 1198 4232 ἡμῖν
1229 4162 1545 4232 όμοούσιον;
1580 4166 1768 4221 Καίτοι
1801 4167 1918 4232 πῶς

339 4254 443 4306 οὐκ
468 4252 691 4322 ἄμεινον
721 4253 914 4317 εἰπεῖν,
948 4251 1043 4305 καὶ
1072 4252 1178 4324 μὴν
1211 4254 1303 4308 καὶ
1333 4254 1543 4309 ἑλέσθαι
1575 4250 1916 4329 φρονεῖνβὼς

339 4343 675 4399 ἀπέσταλται
693 4362 750 4398 τε
780 4347 874 4399 καὶ
897 4345 1122 4414 γέγονεν
1144 4346 1270 4416 ἡμῖν
1291 4346 1589 4417 όμοούσιος,
1616 4350 1913 4416 τουτέστιν,

2023 517 2123 572 llic
2162 526 2247 573 est
2290 516 2567 579 Christus;
2620 513 2707 568 alii
2747 511 2996 568 dicebant
3030 505 3209 564 :Num
3255 521 3323 561 ex
3378 505 3592 562 Galilma

2023 609 2272 663 Christus
2310 606 2494 662 venit?
2520 614 2694 658 nonne
2735 602 3018 673 Scriptura
3057 600 3207 662 dicit,
3241 599 3381 667 quod
3418 611 3481 651 ex
3511 611 3594 652 se-

2022 700 2164 755 mine
2187 698 2349 753 David
2378 706 2431 753 et
2449 699 2515 752 de
2531 695 2845 750 Bethlehem
2872 692 3116 757 castello,
3151 691 3238 745 ubi
3263 698 3382 745 erat
3406 690 3593 753 David,

2022 792 2270 847 Christus
2299 789 2446 844 venit
2467 788 2627 842 l"-”‘!
2655 806 2674 840 ›
2710 785 2867 841 Vides
2903 792 2962 838 ut
2991 782 3288 845 insaniunt,
3318 781 3445 836 dum
3475 780 3595 848 eius

2022 892 2271 938 naturam
2303 882 2456 936 initio
2478 888 2773 943 carentem,
2803 876 2947 947 quod
2979 875 3046 930 ad
3078 873 3414 928 divinitatem
3463 871 3589 924 atti~

2024 984 2136 1037 net,
2162 983 2215 1028 ει
2236 972 2505 1029 carnalem
2531 971 2586 1025 in
2618 977 2858 1038 tempore
2882 966 3281 1036 generationem
3328 961 3597 1016 fatentur?

2024 1066 2129 1121 Sed
2155 1079 2425 1136 nunquam
2458 1064 2511 1118 in
2543 1075 2649 1117 tam
2671 1060 2933 1115 absurdos
2956 1059 3272 1126 ineptasque
3296 1054 3595 1109 sententias

2022 1157 2236 1211 abducti
2255 1165 2457 1220 essent,
2480 1155 2526 1210 si
2559 1168 2682 1208 vere
2703 1150 3114 1214 intellexissent,
3136 1151 3307 1217 ipsum
3334 1144 3592 1205 Verbum,

2023 1260 2146 1300 cum
2193 1253 2337 1301 esset
2381 1245 2544 1307 Deus,
2585 1258 2651 1297 ex
2708 1241 2892 1297 radice
2917 1238 3073 1295 Jesse
3109 1245 3166 1292 et
3215 1234 3381 1291 David
3439 1244 3493 1289 et
3524 1250 3593 1288 ex

2025 1346 2213 1391 sancta
2264 1335 2481 1406 Virgine
2502 1335 2787 1391 hominem
2843 1331 3128 1402 prodiisse,
3159 1327 3594 1398 appellatumque

2023 1444 2141 1483 esse
2176 1427 2579 1482 Belhleemitam
2609 1427 2785 1495 ipsum
2806 1434 2983 1490 terrae,
3007 1422 3129 1477 cmli
3191 1420 3593 1475 universorum-

2024 1534 2128 1589 que
2144 1517 2451 1575 Dominum.
2478 1535 2497 1570 ι
2518 1516 2805 1573 Nobiscum
2831 1516 2976 1571 enim
2999 1513 3156 1570 simul
3180 1526 3380 1581 egenus
3406 1520 3488 1565 est
3516 1510 3596 1564 fa-

2024 1620 2166 1674 ctus,
2194 1623 2315 1663 cum
2342 1608 2492 1663 dives
2510 1617 2705 1672 esset,»
2729 1617 2786 1662 ut
2811 1607 3070 1676 scriptum
3088 1614 3172 1660 est
3190 1603 3255 1656 ".
3280 1601 3596 1671 Quidigitur

2026 1699 2078 1753 in
2102 1698 2409 1754 Judazorum
2436 1713 2605 1768 nugas
2636 1709 2685 1753 te
2709 1700 2823 1767 ipse
2853 1697 3100 1765 conjicis,
3136 1703 3189 1750 et
3222 1710 3290 1749 ea
3316 1693 3483 1748 sentis
3532 1707 3596 1744 ac

1956 1777 2000 1832 Β
2028 1789 2318 1857 dicis,qu:n
2353 1802 2527 1858 neque
2552 1786 2730 1856 eloqui
2757 1785 2839 1841 fas
2860 1794 2965 1852 est,
2996 1793 3052 1839 et
3098 1784 3416 1839 damnosum
3448 1780 3593 1850 cogi-

2029 1878 2186 1934 tare?
2213 1876 2387 1933 Unum
2423 1879 2701 1933 nobiscum
2748 1878 3048 1933 consistere
3093 1876 3388 1941 Christum,
3421 1888 3597 1944 neque

2029 1973 2082 2027 in
2111 1972 2217 2026 duo
2242 1986 2456 2025 rursum
2493 1971 2739 2026 dividens
2760 1971 2909 2026 dicas
2939 1984 2953 2024 :
2985 1969 3183 2024 Missus
3215 1980 3297 2023 est
3321 1969 3411 2022 ille
3441 1966 3596 2022 nobis

2028 2061 2525 2128 consubstantialis,
2554 2070 2608 2118 et
2664 2074 2859 2116 unctus
2906 2070 2990 2116 est
3033 2061 3331 2130 prmdicans
3370 2059 3595 2130 captivis

2031 2154 2355 2218 libertatem,
2404 2160 2459 2207 et
2509 2151 2668 2207 caecis
2706 2152 2880 2205 visum
2911 2151 2976 2203 ".
3005 2150 3165 2219 Atqui
3219 2166 3326 2219 quo
3376 2150 3591 2203 tandem

2027 2244 2181 2298 ibunt
2205 2244 2574 2314 theologorum
2598 2244 2782 2306 verba,
2806 2243 2896 2311 qui
2934 2243 3182 2297 doctores
3212 2240 3362 2294 orbis
3420 2248 3593 2293 terra-

2027 2352 2145 2391 rum
2183 2336 2432 2390 fuerunt?
2452 2334 2630 2405 Ipsum
2656 2350 2888 2404 namque
2917 2350 2982 2389 ex
3002 2335 3113 2389 Deo
3144 2334 3304 2388 Patre
3357 2332 3590 2388 Verbum

2027 2427 2362 2484 Salvatorem
2385 2443 2447 2481 ac
2471 2428 2883 2497 Redemptorem
2909 2427 3149 2481 omnium
3168 2427 3595 2495 praedicaverunt

2028 2537 2133 2574 non
2164 2521 2320 2591 quasi
2353 2520 2514 2575 homo
2544 2520 2691 2574 abeo
2722 2518 2966 2573 diversus
2993 2515 3308 2586 interiectus
3358 2517 3428 2571 sit
3477 2529 3591 2571 me-

2026 2613 2220 2675 diator,
2270 2618 2325 2664 ut
2384 2611 2543 2679 plane
2594 2608 2789 2673 Moses,
2842 2610 2933 2664 sed
2982 2610 3159 2678 potius
3189 2609 3331 2677 quod
3357 2608 3444 2662 ille
3475 2608 3592 2677 ipsc

2027 2703 2207 2771 Specie
2227 2718 2291 2757 ac
2318 2700 2670 2757 similitudine
2692 2715 2952 2771 corporea
2984 2701 3051 2755 ad
3097 2716 3196 2754 nos
3230 2701 3586 2755 descenderit.

2028 2795 2125 2854 Hic
2163 2810 2393 2863 namque
2428 2796 2480 2849 in
2506 2793 2821 2863 Apostolum
2848 2804 2904 2848 et
2930 2792 3335 2868 Pontillcemest
3358 2803 3588 2848 unctus:

2028 2890 2209 2958 itaque
2240 2885 2452 2944 Judazos
2479 2883 2833 2953 coarguebat,
2860 2882 3045 2937 dicens
3082 2896 3097 2935 :
3169 2899 3189 2932 ι
3228 2879 3415 2935 Nonne
3465 2882 3591 2935 scri-
3672 2870 3675 2873 “

2028 2994 2173 3051 ptum
2195 2984 2347 3037 estin
2385 2982 2498 3052 lege
2525 2984 2698 3036 vestra
2734 2989 2750 3034 :
2784 2973 2892 3043 Ego
2910 2973 3043 3036 dixi,
3076 2970 3157 3026 Dii
3196 2971 3364 3027 estis?
3394 2971 3451 3026 Si
3477 2973 3593 3028 illos

2029 3075 2160 3128 (ιίιίι
2183 3077 2330 3138 deos,
2360 3073 2425 3127 ad
2447 3088 2580 3141 quos
2614 3087 2792 3127 sermo
2829 3065 2917 3125 Dei
2949 3064 3123 3125 laetus
3154 3073 3254 3131 est,
3285 3075 3339 3119 et
3366 3080 3469 3118 non
3503 3081 3595 3135 po—

2033 3174 2135 3218 test
2174 3165 2305 3217 solvi
2333 3162 2639 3233 Scriptura;
2689 3163 2801 3233 30
2823 3178 2980 3232 quem
3032 3160 3194 3217 Pater
3234 3154 3593 3217 sanetilicavit

2029 3265 2083 3309 et
2125 3255 2271 3308 misit
2319 3253 2370 3306 in
2420 3252 2711 3317 mundum,
2772 3267 2866 3306 vos
2927 3251 3106 3306 dicitis
3145 3267 3159 3305 :
3199 3250 3589 3321 Blasphemas,

2028 3347 2151 3414 quia
2173 3345 2304 3408 dixi,
2337 3343 2501 3398 Filius
2530 3344 2620 3397 Dei
2645 3358 2763 3399 sum
2792 3343 2883 3397 "?
2914 3362 2934 3396 ι
2969 3343 3085 3409 Qua
3153 3359 3279 3400 vero
3325 3345 3390 3399 de
3425 3360 3588 3400 causa

2029 3436 2174 3491 illum
2197 3437 2284 3504 qui
2313 3450 2373 3488 se
2399 3436 2463 3488 ad
2493 3433 2912 3488 exinanitionem
2944 3434 3163 3489 demisit
3195 3436 3454 3489 utorbem
3483 3445 3591 3490 ter-

2028 3541 2210 3583 rarum
2235 3526 2440 3579 salvum
2484 3526 2705 3588 faceret,
2753 3540 2784 3581 a
2837 3527 2999 3581 rebus
3025 3542 3152 3597 erga
3187 3542 3283 3583 nos
3333 3529 3592 3583 divinitus

2025 3618 2182 3688 plane
2215 3626 2268 3671 et
2301 3615 2689 3671 admirabiliter
2717 3617 2882 3687 gestis
2940 3619 3309 3687 excludemus,
3367 3622 3591 3676 missum

2025 3709 2192 3765 fuisse
2215 3710 2454 3764 dicentes
2487 3708 2635 3761 illum
2667 3709 2823 3764 nobis
2853 3710 3393 3779 consubstantialem,
3428 3716 3583 3783 quasi

2025 3802 2187 3855 alium
2219 3801 2285 3855 ab
2311 3816 2375 3854 eo
2404 3799 2713 3854 diversum?
2744 3800 2905 3868 Atqui
2940 3817 3118 3856 nonne
3139 3804 3308 3857 satius
3355 3817 3473 3858 erat
3511 3806 3591 3859 di-

2025 3905 2167 3955 cere,
2205 3890 2311 3942 imo
2332 3903 2457 3942 vero
2484 3902 2550 3939 ex
2579 3889 2760 3942 animo
2807 3889 3029 3955 sentire,
3080 3891 3301 3943 missum
3363 3893 3580 3960 quidem

2024 3996 2142 4035 esse
2168 3980 2388 4033 illumet
2422 3978 2622 4031 factum
2693 3980 3209 4033 consubstantialem
3260 3981 3436 4047 nobis,
3488 3983 3590 4037 hoc

2024 4083 2127 4139 εει,
2150 4071 2454 4134 hominem;
2487 4069 2580 4122 sed
2610 4070 2873 4123 mansisse
2893 4077 3067 4123 tamen
3093 4070 3191 4139 ipsi
3218 4070 3324 4125 Deo
3355 4087 3420 4127 ac
3446 4072 3592 4130 Patri

2025 4159 2563 4222 consubstantialem,
2597 4175 2699 4229 qua
2727 4171 2781 4215 et
2811 4162 3098 4229 cogitatur,
3132 4172 3186 4217 et
3238 4173 3376 4232 erat,
3406 4175 3463 4220 et
3511 4179 3594 4221 est

2026 4251 2197 4307 Deus?
2232 4250 2325 4305 Est
2364 4264 2617 4319 namque,
2660 4257 2765 4317 est,
2808 4250 3047 4319 inquam,
3086 4254 3225 4321 quod
3264 4264 3398 4319 erat,
3427 4257 3591 4310 etiam

2025 4360 2143 4399 cum
2170 4344 2458 4414 assumpsit
2487 4353 2731 4398 naturam
2766 4344 3075 4409 humanam,
3131 4354 3186 4400 ει
3213 4349 3455 4401 eamdem
3502 4362 3591 4403 es-

340 4434 661 4505 ᾰνθρωποςο
709 4435 992 4508 όμοούσιος
1039 4437 1096 4490 δὲ
1122 4437 1468 4510 ’μεμενηκὼς
1519 4442 1613 4495 καὶ
1649 4440 1801 4512 αὐτῷ
1841 4440 1919 4512 τῷ

2024 4435 2250 4490 sentiam
2281 4435 2486 4489 habens
2509 4450 2629 4489 cum
2658 4433 2815 4489 Patre
2842 4435 2930 4503 qui
2956 4443 3041 4489 est
3101 4437 3151 4489 in
3188 4438 3340 4493 caelis
3369 4454 3433 4493 ac
3458 4439 3588 4505 Deo,

338 4524 465 4592 Θεῷ
514 4526 607 4578 καὶ
637 4527 830 4598 Πατρὶ,
879 4527 1016 4581 καθὸ
1060 4528 1153 4581 καὶ
1192 4531 1409 4595 νοεῖται,
1454 4531 1549 4586 καὶ
1583 4528 1651 4604 ἦν
1697 4550 1781 4597 τε,
1825 4533 1920 4587 καὶ

2023 4524 2256 4593 suscepit
2284 4525 2512 4594 sapienti
2538 4523 2763 4578 consilio
2795 4533 3032 4579 nostram
3068 4539 3282 4594 quoque
3339 4528 3593 4582 similitu-

337 4615 461 4670 ἐστι
494 4615 658 4681 Θεός;
696 4617 848 4673 Ἐστι
870 4619 999 4690 γὰρ,
1029 4619 1176 4674 ἔστιν
1200 4619 1229 4673 ὂ
1263 4615 1352 4691 ἦν,
1381 4621 1474 4674 καὶ
1506 4622 1831 4695 προσλαϐὼν
1858 4622 1919 4676 τὸ

2023 4615 2220 4679 dinem,
2247 4616 2374 4685 quin
2399 4618 2563 4669 etiam
2614 4615 2822 4683 positus
2882 4622 2965 4670 est
3012 4616 3296 4685 mediator,
3347 4621 3437 4689 qui
3492 4639 3590 4693 per

335 4706 717 4780 ἀνθρώπινον,
770 4709 906 4778 ἔχων
968 4708 1024 4761 δὲ
1076 4709 1174 4781 τὴν
1227 4712 1530 4783 ταυτότητα
1583 4713 1683 4784 τῆς
1730 4713 1918 4778 οὐσίας

333 4799 484 4872 πρὸς
520 4798 611 4852 τὸν
642 4800 699 4852 ὲν
741 4802 850 4862 τοῖς
876 4800 1117 4870 οὐρανοῖς
1156 4802 1374 4874 Πατέρα
1406 4804 1500 4856 καὶ
1529 4803 1681 4867 Θεὸν,
1715 4803 1914 4858 ὲπελάο

330 4891 467 4944 σετο
500 4888 679 4959 σοφῶς
708 4891 800 4943 καὶ
833 4891 930 4961 τῆς
961 4892 1095 4962 πρὸς
1122 4894 1265 4963 ἡμᾶς
1297 4894 1614 4965 ὁμοιότητος
1634 4913 1647 4925 υ
1677 4894 1912 4948 τέθειται

325 4984 395 5038 δὲ
421 4983 515 5036 καὶ
544 4981 793 5052 μεσίτης,
826 4982 1052 5036 συνδέων
1072 4983 1136 5037 δι’
1156 4984 1349 5038 ἑαυτοῦ
1376 4986 1512 5055 πρὸς
1538 4986 1766 5057 ἑνότητα
1790 5003 1912 5056 σχε-

324 5074 496 5145 τικὴν
543 5073 613 5125 τὰ
647 5076 761 5136 τοῖς
799 5072 898 5143 τῆς
931 5073 1143 5141 φύσεως
1186 5074 1366 5143 λόγοις
1415 5076 1720 5147 όλοτρόπως
1750 5076 1914 5146 ἀλλή-

325 5164 446 5217 λων
482 5162 807 5234 διῃρημένα.
848 5162 1041 5230 Γέγονε
1086 5164 1213 5235 γὰρ,
1252 5164 1384 5226 Θεὸς
1416 5164 1491 5217 ὢν
1537 5165 1718 5235 φύσει,
1771 5166 1912 5220 κατὰ

326 5256 597 5327 ἀλήθειαν
652 5255 958 5326 ἄνθρωπος,
1007 5255 1095 5309 ἵνα
1139 5257 1231 5311 καὶ
1278 5258 1439 5328 ἡμεῖς
1484 5257 1911 5328 χρηματίσωμεν

322 5348 514 5414 γένος,
542 5343 723 5397 οὐκέτι
743 5342 838 5397 τοῦ
867 5344 1104 5414 πρώτου,
1131 5347 1398 5413 τουτέστι,
1420 5347 1515 5400 τοῦ
1546 5344 1748 5418 χοϊκοῦ,
1776 5346 1912 5416 πρὸς

319 5435 393 5489 ὃν
420 5435 633 5504 εἴρηται
681 5434 833 5505 παρὰ
882 5435 1040 5501 Θεοῦ,
1090 5455 1109 5487 ι
1149 5437 1226 5506 Γῆ
1252 5437 1324 5503 εἰ,
1382 5438 1474 5492 καὶ
1517 5440 1598 5502 εἰς
1644 5439 1747 5510 γῆν
1798 5440 1906 5491 ἀπ-

2019 4709 2254 4773 seipsum
2281 4709 2346 4760 ad
2385 4704 2735 4774 respectivam
2773 4705 3031 4759 unitatem
3063 4707 3343 4777 colligaret
3369 4728 3432 4767 ea
3464 4730 3588 4783 quae

2019 4807 2225 4850 natura;
2266 4797 2559 4851 rationibus
2584 4798 2796 4867 penitus
2819 4810 2971 4853 erant
2997 4800 3135 4856 inter
3176 4819 3233 4858 se
3295 4807 3583 4876 disjuncta.

2020 4886 2154 4941 Nam
2179 4889 2269 4957 qui
2302 4890 2440 4943 Deus
2464 4899 2582 4943 erat
2608 4905 2674 4943 ex
2707 4900 2917 4955 natura,
2950 4891 3124 4947 factus
3175 4910 3256 4949 est
3291 4898 3451 4950 homo
3500 4915 3587 4952 se-

2020 4980 2254 5034 cundum
2287 4982 2590 5045 veritatem,
2619 4990 2676 5036 ut
2699 4997 2794 5036 nos
2829 4999 3043 5053 quoque
3071 4987 3240 5040 simus
3286 5002 3453 5057 genus
3480 5004 3587 5042 non

2004 5069 2119 5138 jam
2156 5072 2297 5126 illius
2322 5074 2504 5141 primi,
2534 5074 2635 5128 hoc
2684 5083 2786 5139 est,
2825 5078 3045 5141 terreni,
3104 5079 3167 5130 ad
3197 5093 3354 5146 quem
3382 5078 3583 5132 dictum

2013 5172 2099 5217 est
2137 5179 2164 5216 a
2196 5164 2322 5218 Deo.
2362 5182 2380 5215 ι
2449 5163 2618 5218 Terra
2670 5181 2749 5230 es,
2774 5178 2827 5220 et
2882 5169 2933 5222 in
2981 5177 3183 5221 terram
3216 5169 3317 5220 ibis
3338 5168 3405 5234 ⁸⁸,
3445 5187 3465 5219 ι
3491 5172 3582 5239 qui

2013 5253 2177 5306 etiam
2215 5255 2598 5309 transmittitin
2631 5267 2891 5320 mortem;
2933 5258 3025 5309 sed
3050 5256 3194 5310 illius
3239 5258 3458 5311 secundi
3490 5261 3581 5326 qui

2013 5356 2096 5399 est
2116 5360 2350 5414 superne
2369 5355 2423 5401 et
2454 5361 2483 5400 e
2518 5347 2676 5409 creto,
2703 5347 2931 5411 Christi,
2971 5348 3214 5413 inquam,
3251 5351 3341 5418 qui
3375 5367 3471 5404 nos
3519 5353 3585 5406 ad

2014 5437 2375 5490 immortalem
2408 5437 2571 5488 vitam
2599 5437 2833 5498 reduxit,
2865 5447 2917 5490 et
2964 5447 3209 5492 naturam
3260 5443 3418 5494 morti
3482 5445 3584 5494 oh-

320 5523 548 5595 ελεύσῃ,
570 5543 589 5577 ι
607 5523 703 5578 τοῦ
733 5524 828 5579 καὶ
873 5525 953 5588 είς
997 5522 1222 5579 θάνατον
1252 5527 1737 5597 παραπέμποντος·
1770 5527 1906 5580 ἀλλὰ

2028 5528 2247 5593 noxiam,
2279 5526 2457 5582 ellecit
2489 5527 2968 5596 incorruptibilem,
3000 5540 3053 5584 ct
3084 5533 3321 5601 peccatis
3356 5532 3585 5586 estlvit

355 5701 481 5736 ”'“
517 5700 675 5761 Joan.
708 5701 996 5771 “1,4042.
1027 5701 1083 5775 f'
1106 5700 1149 5758 ll
1185 5701 1310 5760 Cor.
1352 5703 1535 5768 vm,9.
1611 5702 1657 5736 ⁸⁸
1695 5702 1797 5758 lsa.
1831 5716 1918 5756 LXI

2026 5720 2039 5770 ;
2077 5700 2208 5759 Lttc.
2239 5716 2313 5770 LA,
2348 5699 2434 5757 19.
2511 5699 2558 5733 ³⁷
2597 5697 2750 5756 Joan.
2785 5719 2838 5766 ιι,
2870 5703 3056 5757 ’ὀί-⁵56.
3135 5706 3179 5735 ⁸⁸
3217 5704 3350 5759 Gen.
3383 5716 3462 5763 tu,
3498 5700 3585 5755 £9.
