3926 6126
324 266 431 319 H5

1326 256 1384 315 S.
1420 252 1686 311 CYlilLlJ
1728 247 2189 306 ALEXANDRINI
2230 246 2545 302 ARCIHEP.

3448 242 3548 296 H5

328 378 531 450 peccati
562 377 770 446 laqueis
805 376 1151 447 implicatam.
1173 374 1263 429 Sic
1287 389 1418 430 sane
1456 375 1569 443 ipse
1610 374 1769 428 l'ater
1797 372 1876 425 al-

1993 367 2073 419 τοῦ
2104 365 2378 436 δευτέρου,
2426 362 2518 416 τοῦ
2550 360 2757 416 ἄνωθεν
2799 359 2893 419 καὶ
2921 359 2980 425 ἐξ
3008 358 3258 431 ούρανοῦ,
3300 360 3442 430 φημὶ
3483 361 3546 429 δὴ

328 470 563 541 loquitur
583 467 772 522 Filium
800 486 814 523 :
838 486 856 519 ι
882 468 1016 521 Ecce
1032 466 1149 520 dedi
1169 474 1221 520 te
1238 461 1314 535 [in
1337 463 1510 520 fmdus
1540 462 1801 534 generis,]
1825 464 1876 517 iu

329 561 501 615 lucem
531 561 788 626 gentium,
810 559 1115 628 utaperires
1140 557 1323 612 oculos
1356 570 1642 619 caecorum,
1670 564 1729 609 ut
1750 557 1879 610 edu-

327 667 479 705 ceres
509 652 714 706 vinctos
732 665 798 705 ex
834 649 1083 709 vmeulis,
1104 659 1157 702 et
1194 664 1260 702 ex
1301 649 1459 703 domo
1508 647 1741 702 carceris
1797 660 1880 701 se-

326 746 513 799 dentes
542 745 592 797 iu
615 738 845 797 tenebris
872 732 937 794 ὀξ
976 758 995 792 ›
1031 742 1099 795 Ει
1121 742 1313 795 iterum
1349 754 1443 809 per
1467 738 1619 794 Isaia:
1648 754 1831 793 vocem
1862 756 1875 792 :

333 852 351 884 ι
396 833 719 888 Beuedicent
742 847 823 886 me
857 832 1041 887 bestiae
1072 833 1207 902 agri,
1242 832 1434 887 sirena:
1460 841 1513 886 et
1590 832 1711 887 tiliae
1736 844 1880 887 stru-

329 927 571 978 thiOnum
598 938 611 975 :
647 922 770 991 quia
792 922 914 977 dedi
946 922 999 977 in
1032 923 1247 977 deserto
1269 938 1488 992 aquam,
1518 933 1571 978 et
1605 924 1794 979 ﬂuvios
1829 925 1882 978 in

330 1025 469 1066 terra
501 1013 780 1080 inaquosa,
815 1023 873 1066 ut
909 1024 1092 1081 petum
1119 1014 1304 1068 darem
1337 1015 1520 1085 generi
1551 1029 1668 1069 meo
1687 1015 1880 1079 electo,

329 1104 522 1172 populo
541 1118 699 1172 quem
727 1104 986 1172 acquisivi
1031 1116 1087 1158 ut
1111 1105 1334 1160 virtutes
1368 1120 1516 1160 meas
1543 1116 1726 1160 narret
1753 1106 1819 1158 ‘°.
1856 1124 1875 1157 ι

329 1195 479 1260 Quod
502 1209 622 1247 cum
645 1193 809 1262 probe
836 1194 1155 1262 intelligeret
1174 1194 1364 1251 beatus
1388 1196 1679 1261 Petrus,iis
1708 1197 1797 1265 qui
1815 1211 1884 1250 ex

329 1284 575 1353 gentibus
602 1298 703 1353 per
729 1283 886 1337 [idem
920 1287 985 1338 ad
1016 1300 1194 1338 veram
1228 1285 1319 1340 Dei
1376 1286 1733 1356 cognitionem
1791 1300 1885 1339 vo-

330 1375 435 1428 cati
475 1382 627 1428 erant
659 1374 923 1437 scribens,
951 1377 1026 1428 ait
1054 1390 1122 1425 εει
1164 1375 1269 1429 Vos
1318 1386 1495 1429 autem
1555 1389 1722 1444 genus
1773 1377 1884 1431 ele-

331 1474 497 1528 ctum,
535 1464 709 1534 regale
739 1465 1123 1529 sacerdotium,
1162 1480 1294 1535 gens
1320 1476 1529 1530 sancta,
1579 1466 1804 1537 populus
1829 1468 1883 1522 in

334 1558 768 1626 acquisitionem,
795 1556 1095 1612 utvirtutes
1126 1558 1454 1611 annuutietis
1486 1556 1623 1625 ejus,
1663 1560 1751 1628 qui
1790 1574 1885 1614 vos

335 1651 401 1702 de
435 1649 668 1727 tenebris
692 1648 901 1703 vocavit
924 1648 975 1700 in
1003 1647 1317 1702 admirabile
1340 1648 1523 1702 lumen
1574 1664 1726 1703 suum
1754 1667 1766 1703 :
1793 1651 1883 1719 qui

337 1738 624 1807 aliquando
663 1753 765 1792 non
795 1736 1039 1807 populus,
1095 1752 1235 1790 nunc
1288 1745 1463 1793 autem
1506 1737 1727 1807 populus
1759 1739 1822 1789 “.
1860 1758 1879 1790 ι

336 1829 487 1894 Quod
519 1828 562 1882 si
616 1822 1059 1897 quemadmodum
1114 1826 1215 1881 tibi
1275 1828 1376 1897 ipsi
1462 1838 1515 1882 et
1576 1829 1778 1885 sentire
1833 1839 1889 1884 et

337 1923 517 1974 dicere
593 1920 783 1988 placet,
862 1920 1057 1973 missus
1152 1929 1231 1973 est
1296 1920 1383 1972 ille
1452 1920 1606 1975 nobis
1658 1920 1890 1977 consub-

337 2012 622 2075 smntialis,
672 2026 776 2065 non
845 2012 945 2079 ipsi
1011 2011 1179 2077 Patri,
1227 2011 1371 2064 nullo
1444 2011 1602 2065 modo
1652 2026 1751 2067 nos
1806 2010 1889 2065 fa-

336 2105 405 2155 cti
473 2118 657 2157 smnus
714 2102 907 2156 divinat
959 2110 1159 2155 naturae
1190 2111 1504 2157 consortes:
1567 2104 1887 2168 mansimus,

334 2194 438 2263 ει
474 2202 531 2246 ιιι
588 2192 718 2259 dixi,
770 2200 824 2247 et
862 2192 1035 2246 adhuc
1103 2207 1287 2247 sumus
1334 2209 1500 2260 genus
1540 2193 1679 2248 illius
1707 2194 1887 2264 primi,

336 2287 425 2351 qui
460 2284 509 2336 in
544 2283 968 2337 maledictionem
1002 2298 1065 2336 ac
1092 2295 1316 2338 mortem
1352 2285 1764 2347 transmittit,et
1792 2285 1889 2339 sub

338 2371 540 2440 peccati
567 2380 790 2423 reatum.
812 2369 970 2424 Stulti
995 2385 1121 2439 ergo
1144 2370 1273 2425 facti
1327 2387 1530 2434 sumus,
1561 2382 1611 2425 et
1646 2373 1711 2426 iis
1749 2387 1891 2427 nunc

338 2477 545 2530 (pioque
573 2461 917 2514 nihilominus
944 2468 1208 2523 tenemur,
1274 2460 1326 2513 in
1360 2461 1554 2528 quibus
1607 2460 1733 2514 olim
1770 2477 1893 2516 era-

341 2565 461 2605 mus
500 2562 622 2604 ante
650 2550 789 2603 illius
819 2550 1129 2605 adventum.
1156 2548 1434 2615 Quomodo
1474 2551 1759 2619 igiturjam
1793 2567 1889 2605 ve-

341 2650 453 2695 tera
507 2642 857 2703 transierunt,
891 2649 946 2694 et
1003 2654 1127 2694 ecce
1162 2640 1299 2693 facta
1348 2649 1475 2693 sunt
1512 2656 1646 2694 nova
1675 2641 1763 2694 ⁸³2
1791 2642 1893 2696 Ubi

341 2748 468 2785 vero
497 2731 623 2786 illud
657 2747 670 2783 :
709 2749 727 2781 ι
764 2729 819 2785 Si
853 2731 973 2798 quis
1008 2730 1061 2784 in
1091 2729 1326 2795 Christo,
1365 2746 1499 2785 nova
1550 2731 1886 2786 creatura?»

342 2824 446 2878 Sed
478 2823 750 2877 erubescis
786 2824 947 2876 Deum
971 2822 1217 2876 conliteri
1269 2822 1495 2876 similem
1528 2823 1700 2888 nobis,
1724 2823 1895 2877 homi-

343 2915 682 2980 nemfactum
720 2917 888 2983 ipsum
925 2915 1016 2968 Dei
1067 2913 1335 2968 Verbum?
1362 2915 1613 2983 inerepas
1671 2928 1799 2983 ergo
1839 2914 1897 2968 il-

344 3007 472 3072 lum,
504 3021 598 3060 nec
630 3006 905 3075 sapienter
934 3005 1267 3059 consuluisse
1294 3004 1431 3059 dicis
1465 3007 1603 3074 quod
1628 3021 1685 3060 se
1720 3007 1894 3074 ipsum
1920 3037 1964 3095 ο

345 3107 559 3165 propter
594 3113 691 3151 nos
733 3096 1027 3149 exinanivit
1058 3095 1121 3147 ⁸³.
1153 3096 1350 3149 Audies
1394 3096 1556 3164 igitur
1586 3097 1891 3151 dicentem:

349 3208 367 3239 ‹
404 3188 544 3241 Vade
571 3196 689 3254 post
715 3201 821 3252 me,
846 3185 1066 3247 Satana,
1092 3186 1399 3240 scandalum
1458 3202 1518 3241 es
1580 3188 1732 3253 mihi,
1772 3190 1897 3258 quia

346 3298 451 3337 non
475 3283 619 3349 sapis
652 3296 712 3334 ea
744 3293 861 3348 qua:
880 3277 970 3333 Dei
1003 3278 1244 3346 sunt,scd
1273 3294 1334 3334 ea
1362 3294 1478 3350 qua:
1495 3279 1766 3337 hominum
1796 3284 1894 3338 ⁸⁸.»

349 3375 603 3429 Scrutare
630 3373 907 3428 nobiscum
943 3388 1126 3428 sacras
1157 3372 1409 3429 Litteras.
1441 3375 1701 3444 Apparuit
1724 3392 1899 3447 quon-

348 3467 468 3518 dam
499 3464 658 3517 etiatn
685 3464 1004 3532 patriarcha:
1026 3461 1192 3519 Jagoh
1220 3465 1283 3518 de
1307 3464 1487 3520 Laban
1516 3466 1718 3522 aedibus
1778 3485 1900 3538 pro-

351 3553 631 3617 ﬁciscenti,
673 3554 918 3621 cumjam
947 3555 1013 3607 ad
1044 3554 1158 3622 ipsa
1185 3552 1520 3631 Jacobvada
1546 3560 1898 3625 pervenisset,

349 3645 488 3697 sicut
517 3642 772 3710 scriptum
807 3651 889 3696 est
919 3657 933 3692 :
971 3659 989 3692 ι
1013 3639 1250 3694 Relictus
1275 3647 1357 3693 est
1380 3640 1704 3697 enimJacob
1733 3645 1897 3711 solus,

349 3745 402 3788 et
427 3732 731 3787 luctabatur
772 3732 856 3786 vir
895 3747 1017 3787 cum
1056 3731 1169 3801 ipso
1202 3747 1370 3802 usque
1402 3747 1577 3787 mane.
1620 3733 1766 3788 Vidit
1805 3750 1901 3788 au-

354 3838 456 3879 tem
475 3826 616 3895 quod
645 3840 767 3879 eum
800 3838 1054 3895 superare
1077 3840 1181 3878 non
1218 3835 1420 3894 posset,
1450 3836 1504 3881 et
1532 3827 1704 3898 tetigit
1724 3826 1906 3881 latitu-

350 3919 528 3971 dinem
574 3916 793 3971 femoris
832 3915 969 3983 ejus,
1009 3923 1062 3968 et
1108 3919 1375 3972 emarcuit
1422 3917 1648 3973 latitudo
1686 3917 1905 3975 feruoris

350 4010 534 4075 Jacob,
575 4010 698 4064 dum
730 4017 996 4080 pugnaret
1024 4025 1144 4063 cum
1178 4010 1341 4080 ipso:
1378 4011 1513 4065 dixit
1549 4020 1727 4065 autem
1770 4011 1845 4066 illi
1888 4029 1902 4065 :

355 4103 573 4157 Dimitte
604 4116 708 4166 me,
746 4101 991 4157 ascendit
1021 4101 1164 4155 enim
1189 4102 1514 4156 diluculum:
1542 4102 1633 4157 ille
1658 4117 1789 4157 vero
1820 4102 1905 4156 di-

354 4194 469 4247 xit:
502 4190 617 4247 Non
648 4201 701 4247 te
728 4192 990 4247 dimittam
1045 4191 1146 4246 nisi
1170 4192 1506 4246 benedixeris
1535 4192 1664 4246 ruilii
1695 4193 1760 4245 ".
1792 4211 1810 4244 ι
1844 4191 1911 4245 Ει

356 4293 476 4353 post
515 4283 617 4337 alia
659 4296 892 4338 rursus:
935 4300 954 4333 ι
997 4282 1059 4335 Ει
1113 4284 1326 4336 vocavit
1370 4281 1536 4338 Jacob
1584 4298 1777 4337 nomen
1807 4281 1910 4337 loci

1981 454 2238 527 Χριστοῦ,
2268 454 2362 506 τοῦ
2391 453 2525 523 πρὸς
2556 451 2699 522 ζωὴν
2737 451 2883 521 ἡμᾶς
2906 450 3001 519 τὴν
3040 451 3316 521 ἀκήρατον
3343 452 3550 518 ἀναφέ-

1986 563 2189 616 ροντος,
2223 544 2317 597 καὶ
2350 542 2624 613 ἄφθαρτον
2653 540 3041 608 ἀποφαίνοντος
3082 539 3144 592 τὸ
3174 540 3390 609 θανάτῳ
3417 542 3551 592 κάτα

1981 652 2125 705 οχον,
2162 634 2256 686 καὶ
2277 631 2707 692 ἁπαλλάττοντος
2748 630 3030 700 ἁμαρτιῶν
3057 629 3118 682 τὸ
3140 630 3242 700 τῆς
3280 629 3553 700 ἁμαρτίας

1984 724 2197 796 βρόχοις
2227 723 2633 793 ἐνειλημμένον.
2659 721 2815 776 Οὕτω
2843 739 2944 775 που
2969 722 3105 792 πρὸς
3124 723 3212 776 τὸν
3236 723 3364 776 Υἱδν
3388 725 3554 787 αὐτός

1983 832 2148 886 φησιν
2191 816 2220 867 ὁ
2251 814 2475 883 Πατήρ⁹
2515 830 2534 864 ι
2588 812 2715 866 Ἰδοὺ
2747 812 2954 866 δέδωκά
3003 829 3064 865 σε
3101 814 3182 876 είς
3215 814 3331 881 φῶς
3358 814 3551 876 ἐθνῶν,

1982 904 2189 968 ἀνοῖξαι
2218 902 2527 973 ὀφθαλμοὺς
2542 901 2777 971 τυφλῶν,
2805 903 3092 972 ἐξαγαγεῖν
3128 906 3193 958 ἐκ
3224 904 3436 977 δεσμῶν
3466 907 3556 960 δε-

1981 994 2269 1065 δεμένους,
2330 996 2424 1047 καὶ
2476 993 2536 1058 ἐξ
2591 993 2739 1047 οἴκου
2798 994 3044 1065 φυλακῆς
3094 995 3435 1066 καθημένους
3498 998 3556 1049 ἐν

1985 1085 2163 1139 σκότει
2181 1124 2195 1139 .
2224 1104 2243 1137 ι
2264 1087 2374 1139 Καὶ
2402 1085 2562 1139 πάλιν
2588 1084 2674 1139 διὰ
2699 1087 2882 1157 φωνῆς
2916 1086 3137 1140 Ἡσαΐου
3157 1105 3172 1118 υ
3207 1106 3225 1138 ι
3260 1089 3554 1160 Εὑλογήσει

1986 1193 2054 1246 με
2099 1177 2167 1229 τὰ
2217 1174 2381 1247 θηρία
2428 1174 2521 1228 τοῦ
2571 1175 2775 1246 ἀγροῦ,
2821 1176 3069 1246 σειρῆνες
3118 1177 3211 1230 καὶ
3262 1179 3556 1250 θυγατέρες

1986 1265 2263 1339 στρουθῶν
2283 1283 2297 1299 υ
2327 1267 2409 1319 ὅτι
2432 1266 2610 1323 ἔδωκα
2646 1270 2704 1321 ἐν
2738 1270 2802 1338 τῇ
2832 1268 3023 1339 ἐρήμῳ
3055 1268 3220 1341 ὕδωρ,
3268 1272 3360 1324 καὶ
3389 1289 3555 1326 ποταο

1988 1357 2119 1425 μοὺς
2147 1357 2204 1408 ἐν
2233 1358 2304 1426 γῇ
2350 1355 2582 1426 ἀνύδρῳ,
2631 1357 2847 1410 ποτίσαι
2876 1358 2935 1411 τὸ
2971 1359 3126 1426 γένος
3159 1378 3261 1429 μου
3309 1363 3369 1415 τὸ
3402 1363 3556 1416 ἐκλε-

1986 1446 2110 1498 κτόν
2133 1463 2146 1477 ’
2187 1445 2334 1512 λαὸν,
2368 1446 2427 1499 ὃν
2457 1448 2929 1519 περιεποιησάμην
2969 1450 3068 1514 τὰς
3101 1452 3301 1522 ἀρετάς
3345 1470 3447 1523 μου
3476 1455 3554 1507 δι-

1985 1535 2252 1606 ηγεῖσθαι.
2281 1555 2299 1587 ι
2341 1538 2406 1589 Ὀ
2440 1536 2502 1608 δὴ
2531 1538 2623 1590 καὶ
2658 1540 2856 1604 συνιεὶς
2878 1536 2936 1594 εὖ
2974 1541 3138 1611 μάλα,
3163 1546 3271 1607 τοῖς
3292 1544 3352 1609 ἐξ
3383 1545 3553 1599 ἐθνῶν

1985 1628 2073 1681 διὰ
2121 1629 2354 1692 πίστεως
2404 1629 2793 1700 κεκλημένοις,
2862 1634 2943 1695 είς
2998 1633 3324 1703 θεογνωσίαν
3376 1636 3553 1708 ἀληθῆ

1986 1718 2186 1788 γράφει
2211 1718 2305 1771 καί
2337 1735 2498 1789 φησιν
2527 1723 2555 1772 ὁ
2583 1719 2864 1785 θεσπέσιος
2910 1723 3115 1791 Πέτρος
3138 1741 3151 1755 ο
3190 1745 3209 1776 ι
3271 1726 3457 1797 Ὑμεῖς
3496 1727 3555 1781 δὲ

1984 1809 2141 1876 γένος
2175 1808 2445 1875 ἐκλεκτὸν,
2497 1809 2764 1879 βασίλειον
2806 1814 3132 1883 ἱεράτευμα,
3174 1814 3323 1879 ἔθνος
3372 1818 3549 1886 ἅγιον,

1988 1901 2111 1964 λαὸς
2160 1902 2239 1964 εἰς
2284 1901 2664 1972 περιποίησιν,
2702 1905 2790 1958 ἵνα
2833 1905 2932 1968 τὰς
2970 1907 3165 1977 ἀρετὰς
3202 1906 3549 1979 ἐξαγγείλητε

1986 1989 2079 2043 τοῦ
2125 1993 2187 2044 ἐκ
2233 1991 2454 2054 σκότους
2508 1993 2650 2061 ὑμᾶς
2680 1994 2970 2058 καλοῦντος
3014 1996 3106 2049 ἐπὶ
3150 1998 3209 2050 τὸ
3245 1997 3550 2067 θαυμαστὸν

1987 2081 2149 2134 αὑτοῦ
2178 2081 2312 2149 φῶς,
2333 2083 2387 2135 οἵ
2415 2100 2542 2136 ποτε
2564 2083 2624 2136 οὐ
2645 2084 2793 2150 λαὸς,
2822 2087 2916 2141 νῦν
2940 2088 2995 2140 δὲ
3021 2088 3200 2151 λαός.)
3232 2091 3293 2143 Ei
3315 2091 3372 2144 δέ
3393 2091 3563 2146 καθά‹

1989 2188 2094 2243 περ
2139 2172 2286 2243 αὐτῷ
2335 2190 2416 2226 σοι
2462 2174 2610 2227 δοκεῖ
2661 2178 2754 2230 καὶ
2797 2181 3011 2248 φρονεῖν
3062 2185 3155 2233 καὶ
3194 2181 3391 2250 λέγειν,
3456 2185 3557 2237 ἀπ-

1989 2262 2185 2332 εστάλη
2215 2265 2243 2315 ὀ
2279 2265 2410 2332 ἡμῖν
2438 2265 2737 2334 ὀμοούσιος,
2765 2269 2944 2323 οὐκέτι
2972 2270 3027 2323 δὲ
3059 2272 3149 2325 καὶ
3181 2273 3422 2345 αὐτῷτῷ
3445 2277 3556 2329 Πα-

1990 2353 2096 2421 τρὶ,
2130 2354 2249 2406 κατ’
2290 2353 2477 2406 οὐδένα
2505 2356 2704 2426 τρόπον
2736 2359 2895 2428 ἡμεῖς
2920 2360 3065 2426 θείας
3094 2363 3308 2431 φύσεως
3334 2367 3558 2435 γεγόνα-

1994 2459 2091 2513 μεν
2146 2445 2422 2498 κοινωνοί·
2475 2449 2879 2519 μεμενήκαμεν,
2929 2452 3003 2516 ὡς
3050 2453 3204 2525 ἔφην,
3248 2459 3343 2510 καὶ¹
3394 2459 3559 2529 ἐσμὲν

1993 2537 2071 2587 ἐτι
2101 2536 2255 2603 γένος
2285 2535 2375 2588 τοῦ
2409 2538 2646 2606 πρώτου,
2686 2540 2778 2592 τοῦ
2811 2545 3270 2613 παραπέμποντος
3313 2550 3393 2611 είς
3423 2549 3560 2620 ἀράν

1992 2630 2084 2682 καὶ
2118 2628 2365 2694 θάνατον,
2402 2631 2495 2683 καὶ
2529 2629 2632 2684 ὑπὸ
2663 2632 2847 2705 ποινὴν
2894 2636 3183 2707 ἁμαρτίας.
3230 2641 3559 2711 Μεματαιὼ-

1997 2721 2133 2790 μεθα
2166 2721 2230 2791 δὴ
2272 2720 2384 2788 οὖν,
2426 2723 2519 2777 καὶ
2548 2725 2713 2795 ἐσμὲν
2741 2727 2892 2781 οὐδὲν
2930 2724 3092 2801 ἦττον
3136 2733 3229 2785 καὶ
3261 2733 3354 2787 νῦν
3380 2737 3439 2788 ἐν
3483 2731 3559 2797 οἷς

1992 2807 2134 2881 ἦμεν
2178 2814 2364 2877 πάλαι,
2396 2816 2491 2867 καὶ
2521 2817 2625 2886 πρὸ
2654 2819 2750 2888 τῆς
2778 2819 3090 2890 ἐπιδημίας.
3119 2824 3242 2887 Πῶς
3269 2820 3360 2878 οῦν
3383 2825 3464 2878 ἔτι
3495 2827 3562 2878 τὰ

1994 2904 2195 2974 ἀρχαῖα
2238 2906 2528 2978 παρῆλθεν,
2576 2911 2666 2963 καὶ
2712 2911 2821 2964 ίδοὺ
2858 2912 3047 2981 γέγονε
3080 2918 3280 2983 καινά;
3322 2919 3430 2972 Ποῦ
3468 2920 3522 2972 δέ
3546 2939 3558 2950 -

2001 3011 2020 3042 ι
2060 2994 2128 3046 Εἴ
2145 3010 2227 3056 τις
2274 2996 2332 3049 ἐν
2361 2997 2601 3067 Χριστῷ,
2636 3000 2795 3069 καινὴ
2827 3002 3031 3068 κτίσις;
3073 3022 3089 3054 ι
3153 3006 3291 3059 Ἀλλ’
3335 3009 3562 3081 αἰσχύνῃ

1997 3084 2128 3138 Θεὸν
2160 3086 2437 3156 ὁμολογεῖν
2471 3089 2591 3142 καθ’
2619 3091 2769 3160 ἡμᾶς
2807 3093 3094 3163 γενόμενον
3137 3096 3440 3168 ἄνθρωπον,
3477 3102 3565 3153 τὶν

1998 3176 2091 3229 τοῦ
2135 3175 2271 3230 Θεοῦ
2311 3179 2515 3247 Λόγον;
2569 3182 2950 3254 Ἐπιπλήττεις
2994 3183 3086 3240 οὖν
3142 3190 3323 3253 αὐτὸν,
3369 3193 3462 3244 καὶ
3504 3193 3563 3245 οὐ

2001 3270 2139 3345 σοφᾷ
2180 3270 2558 3341 βεϐουλεῦσθαι
2610 3276 2737 3344 φὴς,
2791 3277 2872 3331 ὅτι
2914 3280 3215 3334 κεκένωκεν
3262 3283 3452 3336 ἐαυτὸν
3500 3284 3563 3336 δι’

1999 3365 2164 3433 ἡμᾶς.
2201 3362 2407 3418 Οὐκοῦν
2456 3363 2663 3438 ἀκούσῃ
2717 3365 2997 3437 λέγοντος·
3053 3390 3072 3422 ‹
3127 3371 3344 3440 Ὕπαγε
3394 3373 3566 3425 ὀπίσω

2004 3457 2383 3526 μου,Σατανᾶ,
2436 3458 2729 3511 σκάνδαλον
2767 3476 2867 3530 μου
2898 3458 2964 3526 εἴ,
3004 3463 3081 3515 ὅτι
3127 3465 3187 3516 οὐ
3240 3468 3454 3534 φρονεῖς
3502 3466 3567 3518 τὰ

2000 3546 2090 3600 τοῦ
2111 3546 2266 3612 Θεοῦ,
2287 3547 2422 3601 ἀλλὰ
2445 3548 2513 3601 τὰ
2542 3550 2649 3602 τῶν
2678 3551 2996 3622 ἀνθρώπων.
3040 3573 3058 3604 ι
3101 3555 3421 3626 Ἐρεύνησον
3451 3556 3569 3627 μεθ’

2002 3636 2157 3707 ήμῶν
2198 3637 2297 3708 τὴν
2333 3637 2685 3692 θεόπνευστον
2718 3641 2959 3712 Γραφήν.
3006 3643 3183 3715 Ὠφθη
3213 3645 3340 3697 ποτὲ
3371 3646 3463 3699 καὶ
3493 3643 3569 3713 τῷ

2004 3730 2314 3801 πατριάρχῃ
2362 3729 2555 3783 Ἰακὼϐ
2594 3732 2691 3802 τῆς
2726 3733 2823 3803 μέν
2853 3733 2942 3786 τοῦ
2975 3735 3159 3788 Λάϐαν
3192 3738 3374 3801 ἑστίας
3404 3738 3570 3791 ἀπαί-

2007 3838 2175 3892 ροντι,
2211 3823 2345 3891 πρὸς
2379 3824 2569 3887 αὐταῖς
2613 3824 2670 3877 δέ
2716 3827 2959 3894 γεγονότι
3008 3830 3126 3891 ταῖς
3157 3829 3433 3884 διαϐάσεσι
3474 3828 3568 3883 τοῦ

2019 3911 2232 3979 Ἰαϐὼκ,
2268 3916 2414 3967 καθά
2445 3914 2772 3990 γέγραπταιο
2814 3935 2833 3967 ι
2889 3917 3213 3990 ’Υπελείφθη
3237 3919 3344 3990 γὰρ
3380 3917 3571 3972 Ἰακὼϐ

2010 4003 2200 4074 μόνος,
2257 4006 2352 4058 καὶ
2404 4005 2659 4059 ἐπάλαιεν
2711 4006 2994 4078 ἄνθρωπος
3053 4010 3168 4079 μετ’
3221 4008 3423 4075 αὑτοῦ,
3470 4008 3572 4071 ἕως

2008 4097 2173 4166 πρωΐ.
2207 4091 2326 4149 Οἷδε
2354 4098 2467 4169 [ἴθ’.
2506 4094 2635 4170 εἷδε]
2663 4097 2738 4164 δὲ,
2770 4099 2849 4151 ὅτι
2881 4100 2940 4151 οὐ
2977 4099 3195 4154 δύναται
3226 4100 3358 4171 πρὸς
3393 4100 3573 4164 αὐτὸν,

2008 4187 2101 4242 καὶ
2134 4187 2309 4258 ἥψατο
2343 4188 2438 4241 τοῦ
2468 4189 2703 4253 πλάτους
2734 4190 2827 4243 τοῦ
2865 4191 3039 4262 μηροῦ
3073 4192 3257 4256 αὑτοῦ,
3289 4193 3383 4246 καὶ
3422 4191 3577 4264 ἐνάρ-

2010 4296 2146 4350 κησε
2174 4279 2237 4331 τὸ
2268 4278 2467 4343 πλάτος
2506 4280 2600 4333 τοῦ
2637 4281 2812 4352 μηροῦ
2860 4280 3076 4346 Ἰακὼϐ,
3120 4282 3178 4336 ἐν
3211 4281 3286 4352 τῷ
3331 4282 3577 4336 παλαίειν

357 4375 499 4430 illius
534 4373 794 4445 :Species
829 4373 958 4438 Dei;
992 4374 1172 4441 aspexi
1198 4375 1338 4427 enim
1370 4374 1535 4428 Deum
1552 4372 1696 4429 facie
1732 4374 1798 4427 ad
1826 4373 1892 4427 fa-

2016 4370 2176 4424 αύτδν
2217 4370 2333 4442 μετ’
2364 4372 2549 4426 αὑτοῦ.
2606 4370 2742 4425 Εἷπε
2790 4373 2848 4425 δὲ
2881 4373 3054 4444 αὐτῷ·
3095 4374 3434 4427 Ἀπόστειλον
3469 4392 3534 4444 με
3560 4387 3575 4402 ⁸

357 4467 515 4532 ciem,
549 4473 603 4520 et
630 4465 774 4521 salva
838 4465 980 4519 facta
1039 4473 1125 4519 est
1172 4464 1350 4517 anima
1380 4478 1518 4519 mea.
1572 4464 1801 4519 Exortus
1826 4479 1885 4520 es

2017 4461 2181 4532 ἀνέϐη
2219 4462 2326 4533 γὰρ
2375 4464 2404 4515 ὁ
2445 4461 2672 4535 ὄρθροςο
2723 4465 2751 4515 ὀ
2795 4463 2851 4517 δὲ
2896 4460 3081 4518 εἶπενο
3125 4464 3198 4517 Οὐ
3231 4465 3304 4534 μή
3341 4480 3401 4516 σε
3447 4467 3579 4518 ἀπο-

357 4566 531 4612 autem
559 4557 631 4611 illi
655 4558 736 4611 sol
766 4571 885 4610 cum
916 4555 1297 4624 pertransisset
1328 4551 1573 4623 Speciem
1613 4555 1707 4608 Dei
1769 4554 1835 4610 “.
1886 4574 1892 4608 ι

2016 4553 2229 4617 στείλω,
2268 4554 2361 4606 ἐὰν
2398 4554 2471 4625 μή
2510 4571 2577 4624 με
2611 4554 2927 4627 εύλογήσῃς.
2957 4575 2973 4606 ι
3006 4555 3115 4609 Καὶ
3147 4554 3264 4625 μεθ’
3295 4555 3457 4626 ἐτερα
3482 4556 3583 4608 πά-

361 4646 599 4713 lntellige
626 4645 806 4714 igitur,
826 4659 930 4699 non
959 4654 1017 4697 ut
1057 4644 1429 4713 incorporeum
1487 4652 1541 4698 et
1572 4642 1892 4713 impalpabill

2014 4644 2131 4698 λιν’
2185 4662 2205 4695 ι
2258 4645 2367 4698 Καὶ
2409 4645 2664 4699 ἐκάλεσεν
2711 4645 2901 4699 Ἰακὼϐ
2948 4646 3008 4699 τὸ
3054 4646 3222 4715 ὄνομα
3275 4645 3371 4698 τοῦ
3418 4647 3581 4699 τόπου

366 4735 595 4790 Verbum
620 4747 880 4802 apparere
909 4735 1229 4802 patriarcha.
1248 4748 1313 4788 eo
1365 4743 1604 4803 tempore
1656 4734 1892 4790 voluisse

2010 4734 2246 4799 ἐκείνου,
2270 4730 2422 4798 Εἶδος
2456 4735 2589 4788 Θεοῦ
2608 4751 2621 4765 ⁸
2653 4732 2807 4789 Εἶδον
2841 4736 2949 4807 γὰρ
2975 4734 3106 4789 Θεὸν
3132 4736 3421 4806 πρόσωπον
3451 4735 3583 4805 πρὸς

363 4836 418 4880 ιιι
455 4824 530 4880 illi
562 4823 803 4893 mysterii
851 4834 1030 4895 typum
1081 4834 1569 4894 prazmoustraret:
1607 4827 1702 4880 sed
1756 4826 1892 4880 houn

2019 4826 2325 4897 πρόσωπον,
2362 4826 2454 4879 καὶ
2481 4825 2657 4895 ἐσώθη
2687 4843 2787 4895 μου
2821 4828 2852 4897 ἡ
2877 4827 3043 4897 ψυχή.
3074 4826 3333 4880 Ἀνέτειλε
3360 4826 3416 4880 δέ
3440 4826 3589 4896 αὐτῷ

364 4916 585 4985 cratqui
612 4915 934 4981 luctabatur,
964 4922 1018 4968 et
1044 4922 1208 4967 totam
1236 4915 1291 4967 in
1308 4928 1373 4968 ea
1410 4929 1465 4969 re
1489 4925 1698 4969 noctem
1736 4924 1887 4969 trans

2016 4919 2049 4970 ’ὁ
2079 4919 2248 4990 ἥλιος,
2295 4919 2457 4989 ἡνίκα
2491 4918 2729 4988 παρῆλθε
2757 4920 2817 4971 τὸ
2859 4915 2999 4982 εἶδος
3023 4918 3116 4971 τοῦ
3160 4918 3318 4973 Θεοῦ.
3368 4937 3389 4971 ι
3425 4919 3589 4981 Σύνες

365 5009 516 5079 egit:
573 5006 918 5060 illucescente
944 5013 1121 5057 autem
1179 5005 1285 5070 die,
1335 5014 1494 5075 atque
1537 5020 1728 5060 aurora
1759 5008 1892 5060 adve

2022 5006 2113 5062 οὖν
2146 5010 2311 5076 ὅπως,
2364 5009 2461 5079 οὐχ
2507 5008 2581 5072 ὡς
2628 5008 2916 5078 ἀσώματός
2960 5026 3019 5062 τε
3049 5009 3143 5063 καὶ
3171 5009 3385 5080 ἀναφὴς
3416 5010 3590 5077 Λόγος

368 5104 563 5165 niente,
605 5116 626 5150 ι
681 5096 901 5151 Dimitte
955 5110 1059 5162 me,
1097 5114 1115 5148 ι
1180 5095 1393 5163 inquit;
1443 5097 1583 5163 quod
1645 5096 1891 5151 evidente

2023 5100 2176 5172 ⁴ηξίου
2208 5101 2492 5170 φαίνεσθαι
2527 5100 2604 5170 τῷ
2632 5102 2944 5175 πατριάρχῃ
2991 5103 3328 5173 τοτηνικάδε,
3368 5102 3460 5156 τὸν
3494 5101 3592 5154 τοῦ

366 5199 483 5245 erat
514 5206 543 5244 a
567 5190 707 5245 lucta
741 5186 1201 5244 desistentis..lam
1224 5200 1345 5255 qua:
1394 5186 1465 5239 sit
1515 5187 1758 5257 mysterii
1787 5188 1887 5242 rati

2030 5190 2327 5261 μυστηρίου
2356 5190 2522 5242 τύπον
2570 5190 2984 5261 προαναφαίνων
3021 5190 3205 5258 αὐτῷ’
3247 5190 3364 5244 ἀλλ’
3396 5187 3463 5262 ἦν
3502 5190 3600 5243 ἄν-

369 5285 549 5337 dicere
574 5297 795 5338 necesse
820 5289 904 5337 est
933 5298 947 5335 :
976 5294 1098 5335 cum
1130 5278 1215 5332 his
1241 5276 1383 5332 enim
1410 5276 1499 5346 qui
1537 5278 1588 5330 in
1623 5287 1777 5333 nocte
1795 5278 1883 5333 eti

2028 5278 2242 5348 θρωπος
2292 5279 2320 5330 δ
2365 5277 2623 5343 παλαίων,
2663 5279 2754 5331 καὶ
2785 5279 2913 5350 ὅλην
2954 5281 3033 5341 είς
3076 5278 3233 5333 τοῦτο
3279 5279 3600 5349 δαπανήσας

378 5373 611 5428 tenebris
640 5373 859 5442 degunt,
882 5384 1111 5442 quorum
1135 5366 1331 5422 animis
1347 5374 1399 5421 et
1446 5367 1698 5423 cordibus
1754 5352 1892 5437 calig

2026 5370 2126 5438 τὴν
2164 5368 2362 5422 νύκτον
2400 5368 2537 5439 πλὴν
2580 5368 2974 5439 διαυγαζούσης
3018 5369 3258 5440 ἡμέρας,
3306 5369 3504 5440 ὄρθρου
3533 5383 3600 5418 τε

440 5574 485 5607 ⁸⁹
527 5571 627 5626 lsa.
658 5585 792 5634 nu,
820 5570 875 5633 6,
907 5569 958 5624 7.
1062 5570 1107 5601 ⁸⁸
1142 5569 1243 5622 lsa.
1285 5580 1436 5626 mu,
1462 5564 1551 5627 20,
1585 5565 1676 5619 2t.

1786 5565 1829 5595 "
1869 5564 1888 5617 l
1927 5561 2073 5616 Petr.
2114 5578 2173 5626 ll,
2203 5563 2255 5631 9,
2290 5562 2373 5617 10.

374 5646 415 5677 ⁸⁵
453 5642 642 5698 Matth.
672 5655 780 5699 ινι,
825 5639 914 5694 23.
991 5639 1035 5672 ⁸⁸
1074 5638 1211 5693 Gen.
1247 5650 1416 5691 xxx".
1449 5634 1639 5689 22-26.

1741 5635 1785 5666 σο
1823 5634 1952 5688 una.
1982 5634 2072 5700 δυ,
2105 5633 2191 5686 δι.

2490 5564 2533 5593 "
2571 5563 2610 5617 ll
2652 5564 2775 5620 Cor.
2818 5580 2867 5627 ν,
2907 5564 2992 5617 17.
3105 5561 3151 5593 ⁸³
3189 5560 3494 5632 Philippm,
3533 5559 3596 5615 7.
