3926 6126
314 352 421 410 145

1375 356 1750 417 ADVERSUS
1783 359 2193 421 NESTORIUM
2235 362 2365 419 LIB.
2404 364 2488 420 lll.

3460 365 3567 418 HG

315 470 717 542 γεγενημένου,
767 470 849 535 τὸ,
887 489 907 523 ι
953 472 1295 528 ’Δπόστειλόν
1336 493 1425 546 με,
1469 496 1488 530 ι
1533 481 1713 550 φησὶν,
1760 481 1895 553 ὅπερ

2014 484 2261 554 spiritalis
2293 482 2465 540 offusa
2483 489 2566 537 est
2591 490 2646 537 et
2679 481 2917 537 nondum
2947 481 3063 548 ejus
3093 480 3404 549 mysterium
3468 496 3563 533 va-

318 561 387 636 ἦν
415 563 660 635 ἐναργῶς
704 563 1063 627 καταλύοντος
1095 566 1193 637 τὴν
1238 568 1434 640 πάλην.
1476 573 1587 625 Καὶ
1623 572 1707 636 τίς
1737 575 1766 626 6
1797 573 1892 627 τοῦ

322 656 621 727 μυστηρίου
660 655 851 724 λόγος,
900 657 1075 710 εἰπεῖν
1125 659 1450 727 ἀναγκαῖον·
1499 665 1611 727 τοῖς
1659 666 1757 735 μὲν
1786 667 1895 737 γὰρ

320 747 398 809 ὡς
425 748 482 799 ὲν
514 746 668 799 νυκτὶ
698 746 791 799 καὶ
829 746 1013 799 σκότει
1040 746 1367 815 διατελοῦσι,
1399 753 1491 807 καὶ
1518 754 1685 825 ἀχλὺν
1714 756 1895 828 έχουσι

321 836 419 905 τὴν
471 840 668 908 νοητὴν
714 838 794 900 είς
831 838 956 891 νοῦν
1005 839 1101 892 καὶ
1156 840 1403 911 καρδίαν,
1449 842 1600 898 οὔπω
1645 864 1706 900 τε
1757 850 1897 902 νοεῖν

325 925 568 995 ἰσχύουσι
601 927 662 980 τὸ
711 926 798 980 ἐπ’
841 928 990 998 αύτῷ
1041 933 1358 1002 μυστήριον,
1399 934 1651 990 παλαίειν
1691 955 1751 992 τε
1805 941 1898 995 καὶ

324 1016 594 1087 μάχεσθαι
624 1018 717 1071 καὶ
747 1021 902 1090 νικᾷν
936 1018 1056 1084 ἔθος
1088 1023 1268 1093 αὐτῷ⁸
1304 1028 1417 1089 τοῖς
1442 1043 1505 1097 γε
1537 1029 1645 1100 μὴν
1674 1030 1732 1084 ἐν
1761 1035 1899 1101 φωτὶ

321 1112 593 1179 γεγονόσι,
621 1112 716 1167 καὶ
742 1114 818 1176 ὠς
860 1115 916 1166 ἐν
958 1114 1140 1186 ὸρθρῳ
1166 1115 1244 1187 τῷ
1269 1118 1465 1189 νοητῷ,
1498 1121 1592 1173 καὶ
1617 1123 1896 1193 νενοηκόσι

322 1197 383 1255 εὖ
420 1202 564 1273 μάλα
589 1204 651 1256 τὸ
679 1205 996 1275 μυστήριον,
1021 1207 1120 1260 οὐκ
1162 1208 1509 1264 ὲπιπαλαίειν
1534 1211 1695 1277 ἀξιοῖ,
1724 1213 1899 1268 διανέ-

327 1309 416 1361 μει
455 1292 511 1346 δὲ
556 1295 756 1363 μᾶλλον
798 1297 1044 1364 εὐλογίας
1091 1302 1481 1370 πνευματικὰς.
1534 1303 1761 1370 Οὐκοῦν,
1796 1304 1900 1359 κᾶν

323 1383 422 1453 ὀψὲ
471 1385 567 1437 καὶ
628 1386 781 1455 μόλις
842 1388 1102 1455 είσγένοιο
1144 1391 1236 1443 καὶ
1272 1392 1432 1456 αὐτὸς
1473 1394 1593 1463 μεθ’
1643 1395 1795 1464 ἡμῶν
1842 1399 1899 1450 ὲν

326 1473 487 1539 φωτὶ,
520 1473 616 1526 καὶ
645 1469 756 1527 οἷον
785 1477 844 1527 ὲν
869 1476 1069 1548 ὄρθρῳ,
1109 1480 1447 1537 πεπαύσεται
1481 1499 1562 1536 σοι
1594 1486 1901 1555 μαχόμενος

326 1565 358 1616 6
387 1563 597 1628 πάντας
625 1566 807 1620 νικῶν.
841 1567 948 1620 Θέα
974 1568 1030 1621 δὲ
1058 1558 1204 1634 ὅπως
1235 1572 1521 1644 ἀνθρώπου
1561 1576 1900 1645 παλαίοντος,

328 1655 360 1704 6
396 1654 682 1720 Θεσπέσιος
722 1657 913 1711 Ἰακὼϐ
949 1661 1251 1730 ἑωρακέναι
1298 1665 1430 1734 φησὶ
1457 1666 1546 1721 τὸν
1575 1667 1708 1721 Θεὸν
1736 1669 1904 1740 πρόσο

330 1760 481 1797 ωπον
529 1744 662 1814 πρὸς
695 1748 998 1817 πρόσωπον.
1056 1752 1415 1820 Προστέθεικε
1478 1758 1533 1823 δὲ
1574 1758 1636 1812 τὸ
1664 1760 1902 1830 Γράμμα

1995 576 2107 631 lent
2134 576 2466 646 intelligere,
2500 573 2692 628 luctari
2724 587 3070 643 pugnareque
3105 572 3192 627 ille
3242 582 3297 626 et
3344 573 3565 625 vincere

1995 666 2131 721 solet
2162 681 2176 719 :
2206 681 2326 719 cum
2359 665 2445 719 bis
2478 678 2607 719 vero
2638 664 2726 732 qui
2752 664 2806 717 in
2830 662 2950 718 luce
2970 673 3097 718 sunt
3117 672 3171 717 et
3218 662 3445 731 spiritali
3473 662 3555 716 di-

1997 757 2197 822 luculo,
2217 765 2269 810 et
2289 758 2457 827 probe
2484 755 2798 827 mysterium
2828 753 3156 823 intelligunt,
3179 768 3286 806 non
3314 752 3413 807 sibi
3443 767 3564 807 esse

1998 847 2343 918 pugnandum
2378 854 2588 908 censet,
2641 844 2736 899 sed
2770 843 2948 913 potius
2970 842 3241 911 spiritales
3272 840 3378 896 illis
3402 843 3563 895 bene-

1998 936 2263 991 dictiones
2282 934 2488 990 tribuit.
2517 932 2573 988 Si
2598 933 2760 1003 igitur
2785 932 2870 989 vel
2888 946 3009 989 sero
3034 933 3248 988 tandem
3279 933 3562 986 nobiscum

2001 1026 2054 1080 in
2087 1025 2288 1080 lumine
2323 1033 2569 1079 versatus
2587 1021 2776 1086 fueris,
2798 1031 2852 1075 et
2907 1030 3159 1091 tanquam
3217 1020 3270 1074 in
3307 1020 3566 1086 diluculo,

2002 1117 2145 1171 illico
2177 1124 2354 1171 tecum
2405 1129 2647 1185 pugnare
2708 1115 2934 1169 desistet
2984 1113 3076 1185 qui
3141 1112 3563 1167 vincit—omnes.

2002 1209 2173 1265 Velim
2208 1216 2386 1263 autem
2418 1207 2754 1272 consideres,
2797 1214 3068 1276 pugnante
3128 1204 3344 1258 homine
3365 1203 3585 1257 dixisse

2000 1300 2217 1355 beatum
2244 1284 2412 1353 Jacob
2430 1311 2489 1352 se
2509 1295 2707 1351 vidisse
2740 1294 2905 1348 Deum
2937 1292 3072 1348 facie
3101 1293 3167 1346 ad
3198 1291 3389 1347 faciem
3415 1310 3429 1358 ;
3456 1289 3566 1361 82

2001 1388 2205 1443 addidit
2233 1388 2394 1443 etiam
2418 1400 2571 1441 sacra
2593 1383 2913 1454 Scriptura:
2950 1399 2970 1435 ι
3021 1381 3190 1437 Ortus
3233 1391 3315 1437 est
3365 1382 3438 1435 illi
3488 1380 3567 1433 snl

2002 1479 2218 1549 quando
2273 1476 2588 1546 pertransiit
2617 1474 2863 1545 Speciem
2929 1473 3043 1528 Dei.
3082 1491 3100 1524 ›
3152 1472 3266 1539 Qua
3325 1486 3453 1541 ergo
3499 1471 3566 1522 de

2003 1584 2163 1627 causa
2191 1567 2468 1623 erubescis
2490 1566 2555 1621 de
2579 1563 2966 1620 exinanitionis
2990 1577 3265 1626 mensura,
3289 1577 3409 1615 cum
3438 1561 3566 1614 illud

2003 1675 2066 1717 ex
2106 1660 2211 1714 Deo
2236 1657 2397 1712 Patre
2425 1654 2657 1711 Verbum
2716 1655 3050 1708 incarnatum
3087 1653 3257 1707 fuisse
3313 1661 3367 1706 et
3399 1652 3572 1705 homi-

2004 1768 2125 1807 nem
2145 1749 2365 1814 factum,
2384 1756 2445 1802 ut
2475 1747 2684 1816 opinor,
2722 1745 2978 1815 prtedicet
2999 1745 3249 1813 quisquis
3271 1754 3478 1799 rectam
3509 1742 3573 1796 fi-

329 1832 390 1886 τὸ
441 1833 605 1902 ἱερὸν,
669 1835 749 1889 ὃτι
809 1856 829 1888 ι
899 1838 1193 1893 ’Δνέτειλεν
1238 1844 1386 1915 αύτῷ
1441 1847 1470 1898 6
1515 1826 1899 1920 ἥλιος-ἡνίκα

2014 1843 2125 1899 dem
2157 1849 2323 1905 tenet,
2347 1848 2402 1893 et
2428 1846 2678 1894 accurate
2716 1851 2991 1892 sacrarum
3053 1835 3382 1889 Litterarum
3435 1849 3564 1903 pro—

328 1923 571 1995 παρῆλθε
607 1926 667 1979 τὸ
708 1921 849 1991 εἶδος
900 1929 995 1982 τοῦ
1041 1931 1196 1986 Θεοῦ.
1254 1953 1272 1985 ι
1331 1936 1473 1990 Ἀνθ’
1520 1939 1642 1992 ὅτου
1685 1940 1750 2012 δὴ
1807 1937 1900 1994 οὖν

328 2015 659 2088 ὲπερυθριᾷς
693 2019 807 2080 τοῖς
845 2020 947 2089 τῆς
990 2021 1272 2088 κενώσεως
1322 2027 1559 2098 μέτροις,
1585 2030 1760 2085 καίτοι
1808 2032 1901 2086 τὸν

332 2105 398 2157 ὲκ
426 2104 563 2157 Θεοῦ
603 2107 816 2177 Πατρὸς
844 2109 1015 2178 Λόγον
1044 2116 1391 2186 σαρκωθῆναί
1418 2137 1476 2172 τε
1505 2122 1597 2174 καὶ
1630 2124 1902 2195 ἑνανθρω-

332 2195 531 2265 πῆσαι,
560 2198 777 2265 παντὸς,
796 2196 968 2272 οἶμαι,
988 2203 1238 2273 λέγοντος
1255 2208 1347 2261 τοῦ
1371 2213 1464 2264 καὶ
1492 2212 1669 2285 ὀρθὴν
1688 2214 1901 2285 ἔχοντος

333 2285 538 2351 πίστιν,
583 2288 672 2339 καὶ
714 2286 1097 2357 βασανίζοντος
1132 2295 1375 2366 ἀκριϐῶς
1404 2297 1504 2367 τῆς
1547 2299 1901 2355 θεοπνεύστου

332 2375 557 2445 Γραφῆς
587 2377 677 2429 τὸν
714 2380 948 2447 σκοπόν;
992 2382 1050 2436 ὐ
1080 2386 1256 2438 τοίνυν
1285 2389 1417 2457 ἡμῖν
1440 2390 1742 2459 όμοούσιος,
1769 2392 1904 2446 καθὸ

333 2466 558 2533 γέγονεν
582 2468 892 2539 ἄνθρωπος’
927 2474 1020 2527 καὶ¹
1047 2476 1196 2547 αὐτῷ
1219 2478 1275 2530 δὲ
1304 2479 1383 2550 τῷ
1408 2481 1604 2549 Ila-cpi,
1636 2483 1776 2537 καθὰ
1812 2501 1906 2554 με·

340 2555 544 2626 μένηκε
567 2561 660 2612 καὶ
693 2561 1199 2638 ἀνθρωπότητι[ἵσ.
1230 2570 1289 2622 ὲν
1316 2570 1412 2622 ἀνθ
1424 2572 1719 2644 ρωπότητι]
1755 2575 1904 2639 Θεὸς,

335 2647 619 2721 ἀπεστάλη
674 2652 964 2722 κηρύσσων
1013 2659 1380 2727 αἰχμαλώτοις
1427 2661 1640 2730 ἄφεσιν,
1682 2664 1773 2717 καὶ
1822 2683 1909 2718 τυ-

339 2739 495 2809 φλοῖς
540 2742 855 2814 ἀνάϐλεψιν,
888 2746 1135 2801 ίάσασθαί
1165 2767 1224 2803 τε
1257 2753 1382 2815 τοὺς
1413 2756 1909 2826 συντετριμμένους

339 2833 441 2902 τὴν
490 2834 736 2905 καρδίαν,
777 2838 1001 2892 καλέσαι
1033 2839 1090 2892 δὲ
1141 2842 1234 2894 καὶ
1281 2844 1523 2897 ἐνιαυτὸν
1570 2846 1770 2916 Κυρίου
1822 2849 1909 2901 δε-

339 2925 487 2979 κτόν.
545 2928 722 2981 Αύτοῦ
768 2928 876 3000 γὰρ
929 2931 1090 3000 μόνου
1146 2933 1239 2985 καὶ
1282 2935 1377 3003 οὐχ
1423 2935 1611 3005 ἑτέρου
1660 2938 1801 3000 τινὸς
1843 2940 1910 2993 τὰ

337 3018 517 3071 τοιάδε
556 3018 779 3087 γέγονεν
813 3023 893 3084 είς
922 3025 1068 3093 ἡμᾶς
1108 3024 1507 3095 κατορθώματα
1528 3044 1541 3057 ·
1574 3029 1665 3080 καὶ
1706 3029 1909 3082 πιστώ-

340 3109 490 3163 σεται
536 3126 621 3173 τις
655 3109 761 3164 τῶν
812 3113 982 3181 ἁγίων
1033 3116 1345 3186 προφητῶν,
1374 3116 1517 3170 οὕτω
1539 3118 1743 3185 λέγων·
1791 3141 1809 3171 ι
1835 3121 1909 3173 Ού

338 3197 599 3269 πρέσϐυς,
670 3200 767 3254 οὐκ
804 3202 1051 3270 ἄγγελος.
1087 3206 1200 3259 ἀλλ’
1270 3206 1429 3270 αὐτὸς
1476 3209 1505 3261 6
1540 3209 1744 3279 Κύριος
1776 3210 1912 3264 ἔσω-

342 3301 433 3339 σεν
461 3288 607 3357 ἡμᾶς
629 3304 643 3317 ⁸
685 3307 703 3339 ι
741 3290 769 3340 6
794 3290 888 3342 καὶ
918 3290 1290 3361 ἐναργέστατα
1323 3292 1524 3360 λέγων’
1570 3312 1588 3343 r
1626 3293 1721 3347 Διά
1755 3295 1914 3348 τοῦτο

338 3376 610 3443 γνώσεται
650 3379 680 3430 6
727 3378 854 3440 λαός
910 3396 1009 3449 μου
1052 3380 1114 3431 τὸ
1156 3380 1327 3452 ὄνομά
1373 3399 1473 3452 μου
1521 3383 1578 3436 ἐν
1624 3386 1690 3454 τῇ
1731 3385 1916 3457 ἡμέρᾳ

335 3469 559 3540 ἐκείνῃο
593 3467 755 3533 αὐτὸς
784 3473 812 3523 6
858 3470 1054 3536 λαλῶν,
1091 3472 1344 3543 πάρειμι.
1386 3494 1405 3525 ι
1449 3475 1640 3529 Καίτοι
1670 3476 1806 3542 πῶς,
1839 3476 1917 3529 εἴ-

336 3578 448 3631 περ
481 3556 549 3632 ἦν
582 3579 665 3625 τις
699 3560 982 3633 ἄνθρωπος
1011 3564 1199 3629 ἁπλῶς
1236 3568 1264 3620 6
1294 3567 1719 3638 ἀπεσταλμένος,
1756 3569 1917 3633 αὐτὸς

338 3651 409 3704 ἂν
442 3654 631 3716 νοοῖτο,
668 3654 764 3706 καλΙ
799 3653 888 3707 τὸν
924 3654 1092 3709 πάλαι
1127 3659 1240 3720 τοῖς
1286 3659 1662 3729 ἀρχαιοτέροις
1711 3677 1916 3731 κεχρησ-

338 3741 698 3812 σμῳδημένον
745 3743 984 3813 λαλήσας
1040 3746 1231 3816 νόμον;
1291 3749 1365 3801 Οὐ
1412 3749 1521 3820 γάρ
1565 3766 1619 3800 τι
1655 3748 1764 3820 [Im
1808 3750 1914 3822 τοι]

337 3835 529 3905 προὼν
561 3836 634 3900 ὡς
674 3835 957 3907 ἄνθρωπος
1000 3840 1326 3911 γεγενῆσθαι
1363 3841 1559 3909 λέγοιτ’
1595 3845 1682 3905 ἂν,
1721 3842 1806 3895 ἵνα
1841 3844 1915 3914 μὴ

337 3923 445 3987 τῆς
491 3922 572 3985 είς
597 3921 659 3975 τὸ
699 3919 837 3977 εἶναι
866 3926 1120 3995 παρόδου,
1153 3930 1537 4001 πρεσϐυτέραν
1571 3929 1709 4000 ἔχων
1745 3930 1917 4001 ὁρῷτο

336 4013 445 4081 τὴν
485 4010 736 4082 ὓπαρξινο
773 4015 884 4069 ἀλλ’
931 4017 1004 4080 ὡς
1039 4017 1170 4081 Θεὸς
1212 4017 1617 4088 προῦπάρχων,
1656 4018 1915 4090 λελάληκε

340 4103 449 4172 μὲν
474 4102 568 4154 τὸν
595 4103 778 4173 νόμον,
807 4106 1054 4177 παρεῖναι
1074 4105 1130 4157 δέ
1155 4122 1286 4175 φησι
1314 4105 1477 4169 ξένως
1504 4125 1562 4161 τε
1610 4110 1701 4162 καὶ
1756 4110 1918 4163 ἀσυν-

344 4193 501 4263 ήθως
538 4194 628 4246 ὅτε
681 4193 903 4262 γέγονεν
950 4194 1270 4265 ἄνθρωπος’
1302 4195 1436 4249 ἁλλά
1484 4198 1592 4261 ναὶ,
1642 4199 1795 4269 φησὶ,
1846 4200 1918 4254 τὰ

337 4284 525 4338 πάντα
562 4283 762 4355 πληροῖ
796 4284 929 4348 Θεὸς
958 4285 1034 4338 ὢν
1078 4288 1107 4338 ό
1147 4286 1352 4355 Λόγος’
1383 4287 1497 4353 πῶς
1543 4285 1636 4344 οὖν
1671 4290 1779 4361 ἄρα
1823 4292 1918 4345 καὶ

339 4376 662 4448 ἀπεστάλη;
699 4374 803 4429 ποῦ
835 4376 945 4447 γὰρ
975 4378 1076 4429 οὐκ
1097 4372 1165 4447 ἦν
1189 4377 1216 4429 6
1246 4378 1420 4432 πάντα
1449 4379 1706 4451 πληρῶν;
1739 4382 1805 4434 Τί
1834 4381 1917 4445 δὲ,

2007 1936 2237 2006 positum
2275 1931 2544 2002 exquirit?
2570 1929 2662 1985 Ille
2691 1928 2853 1998 igitur
2885 1926 3364 1983 consubstantialis
3398 1926 3574 1989 nobis,

2008 2041 2111 2097 qua
2134 2025 2305 2081 factus
2324 2033 2407 2081 est
2436 2025 2616 2083 homo,
2646 2029 2702 2076 et
2736 2020 2834 2090 ipsi
2865 2019 3049 2075 itidem
3082 2018 3247 2084 Patri,
3278 2033 3379 2086 qua
3412 2018 3573 2071 etiam

2009 2121 2064 2174 in
2090 2106 2207 2188 ipsa
2224 2115 2559 2172 humanitate
2596 2112 2738 2167 Deus
2760 2110 2979 2175 mansit,
3019 2110 3214 2163 missus
3243 2119 3325 2163 est
3384 2107 3577 2175 prmdi-

2010 2224 2135 2264 care
2162 2206 2388 2275 captivis
2420 2202 2818 2263 remissionem,
2854 2208 2906 2253 et
2937 2199 3095 2253 carcis
3127 2200 3322 2261 visum,
3377 2206 3425 2250 et
3463 2211 3576 2249 me-

2010 2302 2125 2357 deri
2151 2298 2395 2355 contritis
2433 2297 2617 2362 corde,
2649 2304 2715 2349 et
2735 2293 2971 2348 indicere
2999 2307 3196 2345 annum
3249 2289 3457 2344 Domini
3488 2303 3577 2341 ac~

2012 2389 2327 2460 ceptabilem
2353 2387 2397 2420 ⁸⁷
2432 2403 2447 2439 :
2481 2386 2647 2457 ipsius
2683 2398 2916 2451 namque
2950 2382 3137 2445 solius,
3190 2397 3293 2434 non
3349 2378 3576 2447 alicujus

2014 2480 2237 2536 alterius
2272 2473 2772 2545 fueruntejusmodi
2818 2470 3075 2540 praeclara
3133 2478 3279 2537 gesta
3320 2481 3445 2535 erga
3479 2480 3577 2518 nos

2014 2581 2341 2646 perpetrata.
2368 2569 2463 2625 Cui
2501 2570 2576 2622 rei
2614 2566 2771 2622 fidem
2830 2564 2991 2618 faciet
3044 2561 3262 2630 quidem
3291 2575 3319 2612 a
3376 2558 3579 2612 sanctis

2015 2662 2313 2734 prophetis,
2339 2661 2430 2731 qui
2463 2660 2590 2714 dicit
2620 2676 2634 2711 :
2661 2676 2679 2709 ι
2711 2656 2826 2711 Non
2884 2655 3108 2722 legatus,
3172 2667 3275 2705 non
3338 2648 3577 2717 angelus,

2016 2755 2109 2810 sed
2147 2755 2260 2822 ipse
2283 2750 2537 2805 Dominus
2562 2747 2904 2800 salvavitnns
2927 2745 3004 2810 ‘3;
3047 2762 3064 2793 ι
3105 2745 3191 2811 qui
3228 2743 3389 2797 etiam
3422 2756 3577 2809 aper-

2020 2847 2226 2901 tissime
2265 2843 2436 2896 dicit:
2474 2860 2491 2891 ι
2524 2839 2748 2908 Pr0pter
2822 2838 2923 2890 hoc
2970 2837 3104 2889 sciet
3153 2834 3379 2902 populus
3424 2847 3575 2886 meus

2020 2952 2211 2991 nomen
2243 2948 2419 2988 meum
2446 2934 2496 2986 in
2535 2932 2619 2987 die
2647 2930 2756 2995 illa,
2786 2929 2909 2998 quia
2939 2942 3039 2997 ego
3074 2927 3185 2994 ipse
3209 2926 3298 2993 qui
3324 2925 3582 2992 loquebar

2020 3033 2206 3082 adsum
2237 3026 2300 3077 ⁸³⁵.
2344 3042 2361 3073 ι
2402 3021 2562 3091 Atqui
2588 3020 2630 3075 si
2661 3019 2746 3074 ille
2785 3018 2981 3072 missus
3017 3018 3177 3070 homo
3207 3014 3402 3083 aliquis
3429 3028 3580 3066 com-

2022 3115 2200 3168 munis
2222 3123 2384 3179 esset,
2418 3111 2686 3180 quomodo
2711 3110 2825 3179 ipse
2849 3108 2987 3161 idem
3016 3120 3134 3159 esse
3170 3104 3581 3173 intelligeretur,

2019 3204 2109 3274 qui
2150 3204 2421 3257 veteribus
2455 3202 2556 3255 illis
2588 3201 2756 3270 legent
2786 3199 2909 3254 olim
2929 3198 3129 3251 edidit?
3164 3195 3345 3265 Neque
3411 3197 3580 3258 enim,

2018 3297 2062 3351 si
2086 3305 2143 3349 ut
2175 3296 2335 3348 homo
2366 3294 2515 3362 prius
2552 3304 2718 3356 esset,
2775 3293 2934 3347 homo
2982 3290 3153 3343 factus
3194 3305 3313 3342 esse
3347 3301 3583 3356 unquam

2018 3386 2120 3441 dici
2147 3395 2350 3455 posset,
2383 3400 2448 3439 ne
2469 3384 2869 3439 sulisisteutiam
2911 3381 3270 3449 antiquiorem
3301 3380 3451 3432 initio
3478 3392 3586 3446 quo

2020 3491 2140 3532 esse
2173 3476 2360 3546 carpit,
2389 3476 2587 3530 habere
2611 3476 2853 3529 videatur
2880 3492 2892 3527 :
2930 3474 3022 3527 sed
3085 3486 3202 3525 cum
3242 3470 3584 3539 praeexsiste-

2020 3576 2101 3622 ret
2134 3575 2189 3621 ut
2214 3566 2373 3632 Deus,
2401 3567 2609 3623 locutus
2625 3566 2838 3633 quidem
2870 3573 2954 3618 est
3012 3563 3203 3633 legem,
3253 3577 3311 3615 se
3342 3575 3470 3615 vero
3492 3561 3586 3611 ad-

2017 3674 2137 3714 esse
2185 3660 2258 3713 ait
2305 3674 2442 3713 novo
2490 3660 2809 3726 insnetoque
2869 3656 3046 3721 modo,
3094 3669 3216 3709 cum
3284 3653 3459 3705 factus
3504 3658 3587 3704 est

2019 3752 2199 3806 homo.
2223 3750 2409 3820 Atqui,
2438 3750 2631 3817 inquit,
2665 3749 2846 3804 omnia
2902 3747 3135 3816 complet
3171 3744 3427 3807 Verbum,
3461 3758 3582 3795 cum

2020 3841 2090 3896 sit
2117 3841 2288 3895 Deus:
2314 3840 2581 3909 quomodo
2611 3841 2772 3908 igitur
2800 3839 2961 3892 etiam
2981 3840 3178 3891 missus
3201 3835 3323 3889 est?
3350 3850 3467 3886 nam
3493 3832 3583 3884 ubi

2019 3945 2123 3985 non
2172 3939 2290 3982 erat
2328 3929 2416 3997 qui
2448 3928 2676 3996 complet
2708 3926 2925 3980 omnia?
2962 3924 3098 3990 Quid
3136 3938 3282 3991 ergo,
3310 3923 3395 3975 die
3427 3923 3580 3983 mihi,

2020 4021 2255 4076 divinam
2297 4028 2647 4085 sanctamque
2684 4015 2999 4069 Trinitatem
3048 4022 3449 4068 coarctatamne
3492 4028 3589 4079 pu-

2020 4113 2276 4176 tabimus,
2302 4126 2367 4164 an
2391 4125 2487 4180 per
2525 4109 2705 4165 omnia
2731 4106 2940 4162 dilatari
2995 4116 3050 4160 et
3074 4105 3253 4160 omnia
3281 4105 3590 4173 complere?

2020 4204 2078 4261 Id
2099 4206 2144 4260 si
2186 4206 2258 4259 ita
2292 4213 2395 4266 est,
2427 4202 2695 4273 quomodo
2720 4215 2943 4268 magnus
2971 4198 3062 4253 ille
3088 4196 3284 4263 Moses,
3310 4212 3431 4251 cum
3470 4197 3591 4265 qui-

2021 4299 2144 4352 dam
2175 4312 2204 4350 e
2229 4296 2422 4365 priscis
2456 4293 2763 4349 hominibus
2795 4291 2982 4345 turrim
3001 4290 3332 4344 aedificarent
3355 4290 3418 4342 ad
3476 4305 3588 4365 cae:

2024 4390 2132 4442 lum
2162 4401 2329 4456 usque
2365 4387 2780 4456 pertingentem,
2823 4385 3033 4438 induxit
3070 4383 3334 4436 dicentem
3366 4380 3532 4434 Deum
3572 4360 3586 4431 ξ

336 4464 472 4519 εἰπέ
504 4482 611 4534 μοι,
645 4466 742 4537 τὴν
766 4466 915 4520 Θείαν
948 4467 1044 4521 καὶ
1074 4467 1355 4537 ὁμοούσιον
1382 4470 1588 4541 Τριάδα
1627 4471 1909 4526 συνεστάλ·

2027 4500 2045 4532 ‹
2084 4480 2297 4542 Venite,
2323 4479 2715 4534 descendemus
2736 4485 2792 4531 et
2834 4474 3225 4528 confundamus
3279 4472 3350 4525 ibi
3385 4471 3593 4539 linguas

338 4556 442 4609 θαι
488 4553 746 4626 δώσομεν,
793 4559 827 4629 ἢ
895 4558 1323 4629 κατευρύνεσθαί
1376 4578 1437 4614 τε
1473 4562 1581 4616 τῶν
1628 4562 1784 4628 ὅλων,
1819 4564 1917 4617 καὶ

336 4647 532 4702 πάντα
579 4646 843 4718 πληροῦν;
896 4647 1029 4704 Εἶτα
1080 4651 1198 4715 πῶς
1244 4654 1378 4722 ἡμῖν
1422 4655 1450 4707 6
1485 4654 1657 4724 μέγας
1689 4655 1916 4723 Μωσῆς,

332 4739 436 4792 ὅτε
472 4734 564 4787 τὸν
591 4736 937 4809 οὐρανομήκη
968 4740 1175 4811 πύργον
1222 4741 1573 4811 ἀνεδείμαντό
1619 4760 1765 4806 τινες
1808 4743 1917 4795 τῶν

334 4826 747 4899 ἀρχαιοτέρων,
770 4831 1110 4903 εἱσκεκόμικε
1135 4833 1359 4901 λέγοντα
1387 4834 1480 4887 τὸν
1500 4833 1659 4888 Θεόνο
1685 4853 1704 4886 ι
1731 4834 1917 4900 Δεῦτε,

334 4918 449 4973 καὶ
489 4918 826 4983 καταϐάντες
861 4923 1174 4993 συγχέωμεν
1222 4925 1339 4977 ἐκεῖ
1379 4924 1479 4987 τάς
1524 4923 1775 4993 γλώσσας
1820 4927 1919 4979 αὐ-

331 5010 494 5076 τῶν;
539 5028 558 5061 ι
594 5009 762 5072 Ποίας
808 5010 974 5064 ἐδεῖτο
1001 5014 1350 5079 καταϐάσεως
1394 5018 1428 5086 ἡ
1458 5016 1685 5085 οὐρανόν
1720 5033 1780 5069 τε
1825 5016 1921 5070 καὶ

332 5103 457 5171 γῆν
490 5102 890 5170 ἀναπιμπλᾶσα
944 5104 1129 5171 φύσιςς
1177 5106 1492 5177 Γέγραπται
1540 5106 1596 5160 δὲ
1652 5107 1746 5162 καὶ
1795 5108 1922 5178 περὶ

329 5191 445 5246 τοῦ
480 5194 634 5262 ἁγίου
670 5192 1006 5262 Πνεύματος,
1032 5195 1113 5248 ὅτι
1141 5214 1160 5246 ι
1204 5197 1427 5267 Πνεῦμα
1472 5198 1679 5270 Κυρίου
1716 5199 1928 5269 πεπλή-

332 5298 496 5353 ρωκε
530 5281 625 5352 τὴν
648 5284 995 5355 οἰκουμένην.
1020 5304 1039 5336 ι
1061 5286 1267 5340 Ψάλλει
1287 5288 1381 5341 καί
1410 5306 1573 5360 φησιν
1607 5292 1635 5343 6
1659 5291 1927 5361 μακάριος

331 5370 514 5425 Δαϐὶδ
545 5373 672 5442 περὶ
713 5373 821 5426 τῶν
852 5375 911 5428 ὲν
944 5378 1015 5445 γῇ
1060 5378 1326 5447 κειμένων
1355 5380 1490 5449 πρὸς
1522 5381 1611 5435 τὸν
1642 5384 1924 5446 ζωοποιεῖν

335 5462 606 5535 ἰσχύοντα
638 5465 769 5518 Θεόν
791 5482 804 5495 ⁶
842 5485 860 5520 ι
908 5466 1316 5533 Ἐξαποστελεῖς
1350 5471 1410 5525 τὸ
1452 5472 1677 5544 Πνεῦμά
1707 5491 1798 5526 σου
1830 5475 1922 5527 κα)⁸

421 5663 466 5733 ⁸]
506 5661 606 5718 lsa.
640 5679 750 5727 LM,
805 5669 856 5725 1,
907 5665 971 5731 2;
1003 5663 1135 5726 Luc.
1196 5681 1267 5733 Iv,
1321 5668 1401 5733 18,
1438 5669 1522 5725 19.

326 5734 386 5765 ⁷³
432 5730 574 5788 Psal.
615 5748 733 5799 em,
762 5733 850 5789 50.

1628 5670 1672 5703 "
1710 5673 1813 5727 lsa.
1849 5686 2000 5738 unt,
2030 5672 2080 5725 9.

2024 4586 2211 4627 eorum
2245 4571 2330 4623 7°?
2365 4589 2384 4622 ι
2430 4571 2671 4635 Quanam
2705 4566 3058 4620 descensione
3084 4578 3218 4631 opus
3244 4562 3476 4616 habebat
3500 4561 3591 4615 illa

2025 4675 2145 4730 quae
2168 4660 2362 4716 etclam
2397 4674 2461 4712 ac
2506 4668 2679 4712 terras
2704 4654 2936 4725 complet
2966 4653 3191 4707 natura?
3213 4652 3483 4719 Scriptum
3508 4662 3591 4705 est

2026 4752 2186 4806 etiam
2210 4751 2276 4805 de
2305 4757 2492 4804 sancto
2510 4747 2710 4817 Spiritu
2746 4766 2758 4802 :
2792 4764 2811 4798 ι
2852 4746 3087 4817 Spiritus
3138 4746 3346 4799 Domini
3374 4745 3597 4814 replevit

2028 4843 2215 4897 orbem
2243 4851 2509 4895 terrarum
2535 4841 2600 4892 τί.
2639 4859 2657 4892 ι
2695 4838 2884 4894 Psallit
2914 4849 3175 4908 prmterea
3196 4839 3382 4892 beatus
3402 4836 3588 4900 David,

2030 4947 2095 4987 ac
2118 4935 2184 4987 de
2210 4931 2292 4985 liis
2324 4932 2411 4999 qui
2455 4932 2509 4984 in
2560 4929 2719 4984 terris
2752 4937 2877 4984 sunt
2903 4930 3083 4996 positi,
3107 4944 3228 4983 cum
3279 4927 3386 4979 Deo
3416 4925 3595 4992 loqui-

2029 5034 2135 5089 tur,
2167 5024 2257 5092 qui
2287 5023 2556 5076 viviticare
2588 5029 2762 5090 potest
2792 5037 2809 5074 :
2848 5039 2865 5071 ι
2894 5020 3115 5074 Emittes
3142 5018 3400 5087 Spiritum
3423 5025 3596 5079 tuum,

2029 5122 2085 5168 et
2113 5113 2458 5179 creabuntur,
2494 5121 2546 5164 et
2572 5112 2855 5165 renovabis
2878 5110 3067 5165 faciem
3102 5120 3258 5161 terrae
3279 5107 3360 5168 7’;
3414 5122 3434 5156 ι
3465 5120 3597 5171 quo-

2028 5206 2188 5260 modo
2214 5206 2446 5259 mittitur
2482 5205 2572 5273 qui
2619 5203 2851 5271 complet
2900 5201 3120 5254 omnia?
3144 5199 3220 5251 Ne
3283 5197 3443 5266 igitur
3478 5209 3596 5249 tau-

2026 5307 2184 5362 quam
2263 5301 2478 5346 acutum
2536 5290 2791 5358 quiddam
2841 5299 2896 5340 et
2971 5285 3391 5353 inexpugnabile
3467 5300 3596 5351 pre-

2022 5382 2269 5452 ponendo
2337 5381 2500 5443 illud,
2587 5394 2653 5432 es
2710 5379 2819 5429 Deo
2903 5375 3061 5428 Patre
3134 5374 3394 5440 Verbum,
3472 5390 3594 5427 cum

2020 5474 2201 5530 omnia
2293 5471 2463 5541 possit
2550 5467 2869 5536 complere,
2933 5465 3078 5519 nullo
3170 5467 3330 5520 modo
3410 5463 3595 5527 mitti,

2713 5662 2755 5690 ⁷ο
2797 5659 2929 5715 Gen.
2965 5676 3037 5723 XI,
3068 5663 3121 5713 7.

2189 5668 2237 5701 θ’
2274 5667 2374 5722 lsa.
2431 5678 2528 5729 ιιι,
2558 5662 2606 5714 6.
2713 5662 2755 5690 ⁷ο
2797 5659 2929 5715 Gen.
2965 5676 3037 5723 XI,
3068 5663 3121 5713 7.
3225 5665 3265 5693 τί
3311 5663 3438 5726 Sap.
3475 5671 3514 5720 ι,
3541 5657 3598 5709 7.
