3926 6126
291 321 392 377 M7

1285 321 1346 378 S.
1386 319 1665 379 CYRILLI
1701 320 2172 379 ALEXANDRIM
2210 323 2530 381 ARCHIEP.

286 440 400 511 83
429 438 645 495 coneris
695 438 982 495 veritatem
1013 437 1310 505 infirmare,
1345 447 1401 495 et
1441 439 1689 510 mysterii
1750 440 1861 495 vim

1981 444 2391 517 κτισθήσονται,
2447 444 2542 498 καὶ
2601 442 2936 505 ἀνακαινιεΐς
2986 442 3049 495 τὸ
3106 442 3403 512 πρόσωπον
3454 444 3554 510 τῆς

287 545 536 590 evertere
572 554 587 603 ;
620 533 716 590 sed
744 533 874 589 illud
926 533 1104 604 potius
1133 531 1331 600 cogita,
1371 546 1461 587 res
1499 531 1711 588 divinas
1761 532 1866 587 dici

288 626 508 693 quidem
543 627 779 681 humano
808 640 978 689 more,
1017 624 1096 679 sic
1123 633 1302 678 autem
1337 638 1365 677 a
1407 622 1563 679 nobis
1611 622 1864 693 intelligi,

288 725 346 768 ut
381 714 528 770 Deus
557 716 672 786 ipse
699 714 847 769 solus
879 714 1002 779 scit,
1036 723 1091 769 et
1123 721 1181 767 ut
1222 712 1299 767 illi
1346 710 1524 768 facere
1563 713 1731 770 moris
1760 721 1862 768 est.

289 805 396 857 Sed
423 791 547 872 quia
574 806 880 859 unctionem
922 813 979 858 ιιι
1013 818 1126 857 rem
1176 803 1426 872 exiguam
1484 810 1540 859 et
1586 803 1888 879 humilem,

286 904 340 947 et
368 891 640 961 Unigeniti
670 894 839 963 gloria
886 893 1042 965 longe
1085 892 1359 964 indignam
1405 901 1580 962 putat,
1606 908 1725 963 age,
1768 894 1870 949 hac

288 991 354 1044 de
391 1004 448 1044 re
469 1005 591 1059 qua:
620 1003 859 1043 consona
891 998 1018 1043 sunt
1047 989 1314 1052 dicamus,
1342 994 1399 1040 ut
1430 985 1675 1041 scandali
1702 999 1868 1039 occa-

289 1080 472 1135 siones
505 1080 863 1151 praedicamus
893 1100 905 1136 :
936 1081 1076 1151 Ergo
1104 1078 1149 1135 si
1195 1079 1360 1134 homo
1400 1092 1507 1133 non
1540 1085 1624 1132 est
1669 1076 1868 1141 factus,

291 1173 526 1228 humana
592 1173 828 1243 reiiciat,
877 1171 1342 1241 dispensationem
1398 1179 1610 1227 recuset
1651 1179 1709 1224 ut
1750 1183 1872 1240 qua

292 1266 559 1323 minorem
595 1267 742 1322 illum
770 1265 956 1332 faciat,
984 1273 1039 1322 et
1071 1280 1102 1320 a
1129 1280 1384 1337 suprema
1419 1264 1505 1321 illa
1541 1263 1711 1335 gloria
1743 1262 1871 1317 divi-

292 1372 471 1427 naque
512 1358 835 1414 excellentia
868 1358 940 1413 sit
978 1357 1136 1428 longe
1188 1365 1395 1413 remota
1428 1375 1441 1412 :
1479 1356 1674 1426 exigua
1720 1369 1871 1409 nam—

292 1464 397 1519 que
421 1459 548 1504 sunt
571 1450 669 1521 ipsi
703 1449 876 1505 Verbo
905 1458 1090 1505 nostra
1124 1448 1330 1504 omnia.
1365 1448 1472 1505 Sed
1503 1448 1630 1518 quia
1656 1449 1871 1519 sapien-

295 1543 366 1596 tia
395 1542 609 1611 plenum
652 1554 737 1598 est
769 1543 873 1598 hoc
909 1544 1254 1615 mysterium,
1303 1557 1477 1613 neque
1503 1542 1581 1598 illi
1613 1543 1870 1613 rejicieu-

295 1634 421 1688 dum
445 1634 834 1689 exinanitionis
874 1650 1035 1704 opus,
1084 1650 1182 1691 cur
1214 1651 1277 1690 ea
1304 1650 1424 1705 quae
1471 1644 1620 1690 recte
1652 1637 1870 1701 habent,

295 1725 559 1781 audacter
589 1741 834 1790 accusas,
869 1736 924 1782 et
960 1726 1105 1796 quod
1154 1725 1300 1780 illius
1340 1724 1548 1795 judicio
1598 1740 1876 1781 commen-

296 1818 479 1884 datur,
538 1828 598 1872 ut
660 1818 976 1873 indecorum
1045 1817 1364 1873 aversaris?
1399 1815 1598 1873 Vidisti
1654 1810 1951 1871 unctumB

296 1910 533 1964 humano
596 1924 749 1965 mere
790 1909 964 1965 ivide
1031 1910 1283 1965 eumdem
1337 1909 1595 1965 divinitus
1654 1922 1873 1977 ungere.

297 2000 574 2071 Scriptum
609 2010 694 2057 est
718 2001 860 2056 enim
884 2018 899 2055 :
924 2019 943 2054 ι
979 2000 1375 2057 Testimonium
1407 2001 1683 2072 perhibuit
1711 1998 1878 2056 Joan-

295 2106 411 2156 nes,
453 2092 696 2146 dicens:
744 2091 881 2158 Quia
937 2092 1048 2146 vidi
1107 2092 1372 2162 Spiritum
1455 2090 1874 2146 descendentem

297 2182 451 2252 quasi
497 2183 823 2250 columbam,
872 2193 927 2240 et
974 2192 1279 2239 manentem
1341 2198 1505 2256 super
1566 2182 1787 2253 ipsum;
1823 2193 1880 2239 et

300 2289 402 2346 ego
424 2276 733 2332 nesciebam
760 2292 907 2340 eum,
933 2276 1026 2332 sed
1054 2277 1147 2346 qui
1183 2276 1335 2331 misit
1384 2291 1471 2331 me
1500 2274 1783 2346 baptizare
1822 2275 1879 2329 in

301 2381 463 2437 aqua,
488 2367 575 2422 ille
597 2368 727 2422 mihi
761 2368 934 2423 dixit:
957 2369 1135 2438 Super
1174 2383 1333 2438 quem
1366 2368 1572 2423 videris
1617 2367 1877 2436 Spiritum

302 2458 726 2541 descendentem
759 2466 815 2513 et
844 2468 1153 2515 manentem
1178 2473 1343 2528 super
1375 2473 1522 2523 eum,
1551 2459 1642 2513 hic
1667 2468 1751 2514 est
1785 2458 1878 2528 qui

302 2551 542 2620 baptizat
571 2551 625 2605 in
662 2549 867 2622 Spiritu
901 2562 1133 2619 sancto;
1169 2559 1223 2608 et
1257 2552 1385 2617 vidi,
1413 2560 1469 2607 et
1514 2552 1877 2607 testimonium

302 2642 569 2712 perhibui,
596 2646 723 2713 quia
744 2643 832 2699 hic
851 2653 935 2699 est
972 2642 1143 2699 Filius
1185 2642 1279 2699 Dei
1304 2643 1444 2699 ""‘.
1481 2661 1502 2697 ι
1528 2642 1665 2710 Quid
1696 2642 1881 2698 enim?

304 2735 731 2791 humanitatisne
772 2750 911 2805 opus
951 2750 1073 2790 esse
1118 2734 1257 2790 dicis
1307 2733 1587 2804 baptizare
1626 2747 1786 2804 posse
1823 2732 1878 2786 in

301 2826 509 2895 Spiritu
558 2836 754 2883 sancto
807 2825 1148 2882 credentes?
1209 2825 1372 2895 Atqui
1451 2824 1721 2895 quomodo
1771 2838 1878 2878 non

298 2918 525 2974 stultum
572 2920 646 2975 sit
691 2928 884 2989 putare
936 2917 1053 2973 hac
1090 2918 1165 2972 ita
1210 2931 1272 2972 se
1314 2914 1568 2971 habere?
1598 2914 1880 2981 Quomodo

298 3011 466 3078 enim,
498 3011 645 3081 quod
677 3012 856 3066 minus
889 3020 995 3073 est,
1049 3007 1522 3077 participationem
1579 3007 1656 3061 rei
1719 3005 1881 3074 longe

1974 538 2106 608 γῆς·
2149 556 2168 589 ι
2206 538 2323 602 πῶς
2357 535 2805 603 ὲξαποστέλλεται
2835 535 2897 588 τὸ
2936 534 3116 588 πάντα
3143 533 3419 606 πληροῦν;
3462 534 3558 606 Μὴ

1974 628 2157 681 τοίνυν
2201 626 2277 690 ὡς
2320 627 2483 697 σοφόν
2534 643 2595 680 τε
2649 625 2745 679 καὶ
2797 622 3003 677 δυσανά
3036 623 3108 695 (1)
3140 622 3417 693 προτιθεὶς
3464 623 3557 677 τὸν

1975 720 2153 775 πάντα
2191 719 2431 790 πληροῦν
2473 717 2757 791 ἰσχύοντα,
2796 716 2890 770 τὸν
2941 716 3005 769 ὲκ
3042 714 3176 768 Θεοῦ
3210 715 3421 785 Πατρδς
3451 715 3556 768 Λό-

1975 828 2094 881 γον,
2130 810 2417 879 ἀνέφικτον
2448 809 2589 881 ἕχειν
2618 809 2719 878 τὴν
2752 806 3040 876 ἐπιστολὴν
3068 804 3177 877 [Ian
3201 803 3553 877 ἀποστολὴν],

1977 902 2276 976 παραλύειν
2297 902 2517 972 ἐπείγου
2541 902 2602 955 τὸ
2632 900 2855 973 ἀληθὲς,
2886 899 2981 954 καί
3001 899 3102 969 τὴν
3130 897 3225 952 τοῦ
3253 897 3553 969 μυστηρίου

1974 998 2208 1069 δύναμιν
2230 995 2556 1068 ἀνατρέπειν
2575 1011 2590 1027 ο
2610 995 2778 1049 ἐννόει
2795 995 2850 1048 δὲ
2873 994 3097 1065 μᾶλλον,
3114 994 3196 1047 ὅτι
3216 993 3433 1062 λέγεται
3458 993 3556 1064 μὲν

1984 1090 2341 1161 ἀνθρωπίνως
2393 1087 2461 1143 τὰ
2502 1088 2631 1159 περί
2673 1087 2809 1141 Θεοῦ
2832 1103 2846 1118 ’
2891 1089 3096 1141 νοεῖται
3145 1086 3203 1140 δὲ
3238 1084 3381 1139 οὕτω
3419 1083 3555 1155 πρὸς

1977 1182 2147 1252 ἡμᾶς,
2170 1180 2246 1246 ὡς
2272 1181 2339 1237 ἂν
2358 1180 2520 1245 αὐτός
2552 1197 2612 1233 τε
2634 1179 2800 1250 εἰδείη
2825 1178 2921 1232 καὶ
2954 1178 3139 1249 μόνος,
3156 1177 3253 1232 καί
3269 1178 3403 1248 δρᾷν
3434 1176 3554 1240 ἔθος

1977 1272 2146 1343 αὐτῷ.
2188 1272 2407 1341 Ἐπειδὴ
2437 1273 2494 1325 δὲ
2523 1271 2598 1333 ώς
2629 1270 2801 1342 βραχὺ
2831 1268 2926 1324 καὶ
2953 1268 3318 1338 ἀνθρώπινον,
3342 1267 3554 1337 καὶτῆς

1976 1365 2072 1420 τοῦ
2103 1363 2442 1433 Μονογενοῦς
2486 1362 2642 1430 ἀξίας
2681 1361 3014 1434 ἡττώμενον,
3045 1361 3302 1432 ἀμέτρως
3339 1359 3553 1429 δέχεται

1976 1456 2076 1529 τὴν
2099 1456 2294 1528 χρῆσιν
2322 1454 2432 1528 [Ζσ.
2463 1452 2688 1526 χρίσιν],
2720 1454 2853 1526 φέρε
2873 1454 2943 1507 τὰ
2963 1455 3148 1507 εἰκότα
3172 1453 3264 1507 καί
3289 1453 3369 1516 εἰς
3397 1450 3555 1506 τοῦτο

1978 1550 2246 1621 λέγωμεν,
2278 1549 2376 1613 τὰς
2427 1548 2522 1602 τοῦ
2573 1548 2866 1602 σκανδάλου
2900 1546 3120 1609 λύοντες
3172 1545 3449 1617 ἀφορμάς.
3489 1543 3558 1598 Εἰ

1983 1642 2082 1713 μὲν
2110 1638 2204 1696 οὖν
2231 1641 2292 1695 οὐ
2316 1641 2537 1710 γέγονεν
2563 1639 2867 1710 ἄνθρωπος,
2891 1638 3232 1692 ἀποσειέσθω
3250 1637 3320 1691 τά
3348 1636 3557 1708 ἀνθρώ-

1981 1750 2135 1796 πινα,
2185 1731 2559 1804 παραιτείσθω
2606 1730 2705 1803 τὴν
2739 1728 3072 1799 οἰκονομίαν,
3105 1727 3179 1790 ὡς
3222 1729 3282 1779 ἐν
3329 1724 3555 1796 μειώσει

1978 1823 2223 1879 τιθεῖσαν
2261 1821 2447 1888 αὐτὸν,
2480 1822 2575 1875 καὶ
2604 1822 2701 1889 τῆς
2730 1821 2992 1875 ἀνωτάτω
3022 1816 3177 1887 δόξης
3206 1817 3299 1869 καὶ
3328 1816 3559 1884 θεοπρε-

1980 1913 2117 1977 ποῦς
2138 1914 2411 1985 ὑπεροχῆς
2437 1913 2666 1966 κατόπιν
2691 1913 2862 1965 ἱεῖσαν
2882 1926 2895 1940 °
2926 1907 3131 1980 σμικρά
3152 1906 3261 1978 γὰρ
3290 1906 3365 1976 τῷ
3392 1907 3557 1976 Λόγῳ

1978 2007 2047 2062 τὰ
2079 2007 2200 2061 καθ’
2226 2009 2393 2077 ἡμᾶς.
2426 2004 2644 2076 Ἐπειδὴ
2675 2004 2733 2058 δὲ
2788 2002 2951 2073 σοφὸν
2997 1999 3208 2068 ἀληθῶς
3240 1999 3302 2053 τὺ
3334 2000 3556 2069 μυστή-

1981 2115 2118 2170 ριον,
2141 2099 2234 2152 καὶ
2265 2099 2365 2151 οὐκ
2388 2096 2694 2167 ἀπόϐλητον
2727 2094 2875 2165 αὐτῷ
2898 2095 2960 2165 τὸ
2986 2095 3086 2165 τῆς
3110 2091 3392 2154 κενώσεως
3418 2090 3558 2162 χρῆ-

1983 2206 2080 2260 μα,
2103 2188 2155 2242 τί
2180 2190 2287 2252 τοῖς
2314 2187 2489 2259 ὀρθῶς
2510 2186 2717 2256 ἔχουσι,
2742 2184 3128 2256 ῥιψοκινδύνως
3156 2184 3437 2255 ἐπιτιμᾷς,
3462 2182 3561 2237 καὶ

1977 2280 2040 2334 τὸ
2066 2281 2186 2343 ταῖς
2239 2277 2404 2332 αὐτοῦ
2458 2278 2657 2348 ψήφοις
2719 2275 3173 2346 στεφανούμενον,
3216 2275 3295 2338 ὡς
3325 2273 3559 2337 ἀκαλλὲς

1978 2371 2305 2442 ἀποτρέπῃ;
2342 2365 2496 2433 Εἶδες
2538 2369 2824 2441 χριόμενον
2855 2367 3250 2439 ἀνθρωπίνως;
3314 2366 3418 2437 ὅρα
3467 2364 3565 2419 τὸν

1979 2462 2141 2518 αὐτὸν
2170 2463 2268 2517 καὶ
2313 2461 2537 2533 χρίοντα
2574 2461 2804 2525 θεῖκῶς·
2835 2461 3143 2532 γέγραπται
3180 2461 3310 2532 γὰρ,
3348 2461 3430 2513 ὅτι
3464 2460 3561 2515 καὶ

1987 2574 2006 2609 ι
2040 2555 2457 2628 Ἐμαρτύρησεν
2496 2553 2770 2626 Ἰωάννης,
2795 2554 3001 2622 λέγων’
3036 2554 3160 2606 Ὅτι
3196 2552 3462 2623 τεθέαμαι
3498 2551 3561 2604 τὸ

1981 2649 2206 2720 Πνεῦμα
2240 2648 2570 2703 καταϐαῖνον
2604 2647 2738 2701 ώσεί
2779 2645 3133 2718 περιστερὰν,
3157 2645 3251 2698 καί
3282 2645 3445 2714 μένον
3472 2645 3561 2696 ἐπ’

1981 2741 2144 2795 αὐτόν
2164 2757 2177 2771 ·
2211 2739 2366 2805 κάγὼ
2390 2740 2492 2794 οὐκ
2521 2740 2668 2811 ᾔδειν
2690 2739 2852 2793 αὐτόν
2874 2755 2889 2771 ο
2916 2738 3031 2793 ἀλλ’
3052 2741 3080 2792 6
3115 2737 3339 2808 πέμψας
3368 2754 3437 2807 με
3467 2735 3563 2806 βα-

1981 2831 2191 2897 πτίζειν
2216 2834 2274 2885 εν
2297 2832 2469 2897 ὕδατι,
2487 2831 2690 2896 ἐκεῖνός
2713 2848 2803 2901 μοι
2831 2826 2984 2884 εἶπεν
3001 2847 3017 2863 ·
3049 2830 3164 2899 Ἐφ’
3181 2830 3241 2882 ὃν
3270 2828 3336 2882 ἂν
3365 2828 3481 2900 ἴδῃς
3499 2825 3564 2880 τὸ

1981 2922 2205 2994 Πνεῦμα
2232 2922 2558 2976 καταϐαῖνον
2585 2921 2679 2975 καί
2696 2921 2853 2992 μένον
2875 2922 2966 2974 ἐπ’
2991 2920 3173 2985 αὑτὸν,
3191 2912 3349 2982 οὗτός
3364 2920 3510 2972 ἐστιν
3530 2918 3565 2971 ὁ

1983 3013 2261 3085 βαπτίζων
2290 3016 2348 3068 ὲν
2379 3013 2457 3084 τῷ
2476 3013 2757 3084 Πνεύματι
2785 3012 2862 3083 τῷ
2885 3013 3054 3083 ἀγίῳ⁶
3087 3013 3183 3065 καὶ
3202 3011 3445 3082 ἑώρακα,
3466 3010 3563 3065 καὶ

300 3104 525 3174 majoris
568 3103 834 3172 largietur
865 3102 890 3154 ?
922 3100 1057 3154 Illud
1101 3098 1266 3152 etiam
1325 3096 1640 3151 consideres
1693 3096 1875 3162 velim,

1985 3105 2410 3177 μεμαρτύρηκα,
2456 3105 2539 3158 ὅτι
2595 3099 2749 3168 οὗτός
2796 3106 2944 3158 ἐστιν
2980 3104 3009 3156 6
3043 3102 3170 3167 Υἱὸς
3212 3102 3323 3200 τοῦΙ
3349 3101 3507 3156 Θεοῦ.
3536 3120 3559 3154 ι

301 3197 450 3252 illum
476 3197 655 3264 ipsum
689 3209 856 3263 super
891 3206 1053 3262 quem
1087 3189 1323 3260 Spiritus
1353 3188 1636 3244 advolasse
1679 3189 1879 3244 dicitur

303 3300 359 3346 et
388 3288 659 3344 mansisse
676 3300 840 3357 super
868 3300 1016 3351 eum,
1045 3284 1101 3338 in
1136 3281 1339 3352 Spiritu
1366 3291 1559 3337 sancto
1580 3281 1876 3349 baptizare,

301 3380 446 3451 quod
476 3378 727 3436 videlicet
756 3387 813 3434 ut
834 3378 974 3432 Deus
1003 3376 1288 3432 credentes
1327 3388 1425 3429 suo
1454 3371 1658 3443 Spiritu
1683 3386 1879 3441 perun-

298 3481 390 3539 gat
414 3489 431 3539 ;
464 3470 647 3539 itaque
665 3469 859 3524 revixit
886 3482 918 3524 e
950 3467 1200 3530 mortuis.
1229 3476 1283 3521 et
1305 3464 1603 3522 insuﬂlavit
1631 3465 1685 3518 in
1713 3464 1879 3519 disci-

301 3559 479 3628 pulos,
530 3559 753 3615 dicens:
782 3577 802 3611 ι
856 3557 1102 3626 Accipite
1147 3556 1411 3626 Spiritum
1451 3564 1701 3610 sanctum
1730 3554 1777 3587 "
1804 3571 1825 3621 ;.
1854 3572 1874 3607 ι

300 3667 465 3721 quem
512 3650 604 3720 qui
644 3657 988 3720 acceperant,
1023 3648 1319 3704 dicebant:
1355 3665 1373 3700 ι
1420 3645 1530 3702 Nos
1557 3655 1737 3702 autem
1772 3661 1878 3701 non

300 3745 556 3814 spiritum
606 3743 767 3814 hujus
794 3743 981 3798 mundi
1011 3742 1345 3812 accepimus,
1368 3741 1463 3795 sed
1486 3738 1750 3809 Spiritum
1784 3738 1879 3808 qui

299 3852 367 3892 ex
398 3837 507 3892 Deo
528 3846 637 3902 est,
664 3844 721 3891 ut
752 3838 991 3893 sciamus
1022 3851 1145 3904 quae
1180 3850 1211 3890 a
1258 3835 1371 3890 Deo
1405 3833 1604 3889 donata
1628 3841 1758 3889 sunt
1778 3847 1878 3888 no—

301 3930 385 3985 bis
408 3929 477 3982 ".
515 3948 533 3982 ι
561 3928 764 3985 Scribit
796 3929 959 3984 etiam
989 3929 1186 3984 beatus
1217 3924 1459 3982 Paulus:
1494 3942 1514 3979 ι
1551 3924 1653 3992 Qui
1694 3935 1878 3979 autem

299 4023 353 4076 in
382 4036 546 4077 carne
590 4030 736 4089 sunt,
778 4020 893 4078 Deo
917 4021 1135 4092 placere
1162 4032 1268 4074 non
1299 4025 1542 4089 possunt.
1566 4015 1676 4072 Vos
1697 4024 1878 4071 autem

298 4130 407 4169 non
465 4115 598 4170 estis
625 4114 679 4169 in
714 4128 901 4178 carne,
950 4112 1047 4168 sed
1088 4113 1142 4167 in
1184 4110 1399 4182 spiritu,
1456 4106 1724 4178 siquidem
1758 4106 1881 4176 Spi-

300 4206 439 4260 ritus
468 4205 561 4262 Dei
597 4206 810 4261 habitat
850 4204 905 4258 in
937 4203 1112 4258 vobis.
1146 4201 1204 4257 Si
1245 4202 1368 4271 quis
1399 4208 1582 4255 autem
1613 4196 1879 4268 Spiritum

299 4296 503 4353 Christi
530 4310 636 4351 non
659 4296 844 4360 habet,
869 4294 960 4349 hic
984 4309 1094 4349 non
1119 4302 1205 4348 est
1229 4292 1348 4359 eius
1372 4291 1443 4349 ⁷⁷.
1466 4309 1486 4344 ι
1519 4291 1696 4360 Atque
1710 4287 1879 4345 etiam

300 4388 428 4444 alibi
475 4405 490 4442 :
540 4405 561 4439 ι
628 4386 955 4456 Quicunque
999 4385 1195 4453 spiritu
1230 4382 1325 4437 Dei
1348 4391 1604 4453 aguntur,
1660 4381 1716 4436 hi
1753 4389 1880 4435 sunt

1982 3154 2270 3267 Sim;
2287 3154 2910 3268 Eti}..£«.}£.,l'gp}.i
2925 3154 3074 3250 ἐιζοαῐ
3098 3154 3236 3266 at.
3252 3154 3328 3249 ’ἐξ
3364 3154 3567 3266 ea..-

1982 3287 2097 3352 ζειν
2129 3286 2391 3341 δύνασθαι
2422 3288 2548 3351 τοὺς
2582 3285 2938 3349 πιστεύοντας
2982 3287 3041 3340 ἐν
3077 3285 3218 3354 ἁγίῳ
3244 3282 3563 3352 Πνεύματις

1981 3378 2161 3432 καίτοι
2189 3377 2304 3442 πῶς
2329 3380 2429 3431 οὐκ
2462 3377 2658 3450 εὔηθες
2684 3378 2745 3431 τὺ
2780 3376 2924 3430 οὕτω
2961 3377 3106 3448 ἔχειν
3129 3375 3340 3429 οἴεσθαι
3365 3374 3525 3429 ταυτί
3546 3390 3563 3439 ;

1980 3469 2106 3534 Πῶς
2136 3469 2246 3542 γὰρ
2279 3472 2341 3524 τὸ
2385 3473 2535 3541 μεῖον
2574 3470 2674 3540 τὴν
2707 3469 2804 3523 τοῦ
2837 3467 3170 3539 προῦχοντος
3208 3466 3567 3538 ἀσυγκρίτως

1980 3566 2249 3633 χαριεῖται
2276 3560 2522 3633 μέθεξιν;
2551 3561 2741 3633 Ἀθρει
2760 3561 2817 3614 δὲ
2847 3561 2929 3614 ὅτι
2955 3560 3114 3623 αὐτὸς
3131 3560 3360 3622 ἐκεῖνος,
3393 3559 3481 3626 ἐφ’
3506 3556 3566 3610 ὃν

1981 3653 2330 3723 καταπτῆναι
2355 3652 2418 3706 τὸ
2446 3652 2671 3724 Πνεῦμα
2698 3652 2938 3720 λέγεται,
2970 3648 3149 3721 μεῖναί
3172 3665 3233 3702 τε
3263 3648 3352 3701 ἐπ’
3378 3647 3565 3704 αὑτὸν.

1982 3744 2041 3797 ὲν
2070 3744 2212 3815 ἁγίῳ
2248 3742 2502 3815 βαπτίζει
2533 3744 2813 3816 Πνεύματι
2837 3785 2851 3811 ,
2886 3742 3202 3814 καταχρίων
3230 3740 3291 3794 δὲ
3324 3741 3567 3812 δηλονότι

1979 3836 2108 3898 τοὺς
2136 3836 2493 3901 πιστεύοντας
2525 3836 2601 3900 ὡς
2645 3837 2778 3900 Θεὸς
2828 3835 2909 3907 τῷ
2967 3836 3084 3907 ἰδίῳ
3118 3834 3401 3904 Πνεύματι
3422 3849 3437 3864 ’
3471 3831 3568 3886 καί

1982 3931 2115 4001 γοῦν
2145 3932 2347 3986 ἀνεϐίω
2379 3932 2479 4002 μὲν
2513 3934 2577 3986 ἐκ
2611 3932 2844 4004 νεκρῶν,
2882 3931 3188 4002 ἐνεφύσησε
3212 3930 3270 3983 δὲ
3302 3931 3418 3992 τοῖς
3459 3944 3568 3998 μα-

1983 4023 2195 4094 θηταῖς,
2236 4023 2412 4093 λέγων
2431 4040 2445 4054 ·
2475 4043 2495 4076 ί
2516 4024 2725 4079 Λάϐετε
2757 4022 2982 4094 Πνεῦμα
3018 4022 3175 4091 ἅγιον
3194 4038 3208 4052 ⁸
3243 4040 3262 4073 ι
3299 4022 3350 4074 οἰ
3378 4020 3437 4073 δὲ
3470 4019 3567 4072 λα-

1983 4110 2171 4174 ϐόντες
2201 4111 2395 4179 φοισίν⁹
2433 4130 2453 4163 ι
2476 4112 2666 4183 Ἡμεῖς
2697 4110 2757 4164 δὲ
2789 4111 2849 4164 οὐ
2896 4110 2960 4163 τὸ
2980 4108 3197 4180 πνεῦμα
3231 4107 3327 4162 τοῦ
3357 4108 3573 4179 κόσμου

1981 4203 2271 4274 ἑλάϐομεν,
2302 4203 2438 4258 ἀλλά
2466 4203 2526 4258 τὸ
2555 4203 2779 4274 Πνεῦμα
2802 4202 2865 4257 τὸ
2894 4204 2960 4256 ὲκ
2987 4201 3084 4256 τοῦ
3110 4200 3271 4265 Θεοῦ,
3300 4200 3389 4254 ῐνα
3416 4200 3572 4254 εἰδῶ-

1987 4313 2085 4367 μεν
2107 4296 2176 4351 τὰ
2205 4297 2271 4349 ὲκ
2290 4295 2385 4349 τοῦ
2417 4294 2552 4348 Θεοῦ
2578 4293 2907 4365 χαρισθέντα
2935 4294 3089 4362 ἡμῖν.
3117 4309 3137 4344 ι
3166 4289 3373 4361 Γράφει
3391 4290 3450 4343 δὲ
3476 4289 3571 4343 καὶ

1981 4386 2012 4437 6
2039 4382 2351 4454 σοφώτατος
2385 4384 2633 4448 Παῦλος
2676 4404 2694 4436 ι
2715 4385 2778 4437 Οἰ
2826 4382 2883 4436 δὲ
2929 4384 2988 4436 ὲν
3018 4381 3185 4453 σαρκί
3226 4380 3403 4445 ὅντες,
3448 4379 3573 4451 Θεῷ

299 4480 397 4538 lilii
428 4480 525 4537 Dei
550 4481 618 4535 ⁷⁸.
657 4498 679 4532 ι
711 4479 852 4549 Ergo
881 4492 1004 4532 cum
1035 4477 1240 4532 videris
1262 4490 1388 4531 eum
1420 4474 1641 4545 proprio
1660 4482 1875 4529 unctum

1987 4476 2182 4547 ἀρέσαι
2210 4478 2273 4531 οὐ
2310 4476 2586 4531 δύνανται.
2642 4477 2832 4547 Ὑμεῖς
2878 4475 2936 4529 δὲ
2978 4475 3079 4528 οὐκ
3119 4474 3245 4527 ἐστὲ
3284 4474 3344 4528 ὲν
3380 4474 3567 4547 σαρκὶ,

308 4571 544 4639 Spiritu,
571 4577 849 4625 memento
893 4568 1042 4624 illius
1099 4568 1382 4623 in‘carne
1431 4565 1880 4636 dispensationis,

301 4661 416 4735 δή.
469 4670 525 4717 et
559 4661 738 4731 cogita
771 4660 1063 4714 humanam
1097 4668 1349 4714 naturam
1386 4676 1402 4715 :
1434 4672 1557 4713 cum
1581 4657 1786 4713 videris
1813 4657 1884 4712 ab

300 4767 366 4805 eo
409 4749 678 4820 Spiritum
710 4748 851 4813 dari,
886 4762 1009 4802 cum
1057 4748 1162 4804 hoc
1200 4746 1363 4804 simul
1418 4746 1690 4802 admirare
1733 4744 1882 4800 illum

300 4842 468 4896 etiam
526 4840 582 4895 in
629 4839 967 4895 humanitate
1011 4840 1201 4896 Deum.
1235 4839 1342 4896 Sed
1378 4842 1481 4895 iste
1509 4839 1884 4895 contentiesus

302 4931 437 4989 nihil
472 4934 666 4989 horum
687 4941 967 4999 reputans,
996 4931 1077 4985 sic
1102 4946 1293 4985 rursus
1313 4931 1390 4984 ait
1422 4947 1438 4984 :

1988 4568 2104 4622 ἀλλ’
2134 4571 2193 4623 ὲν
2218 4568 2517 4640 Πνεύματι,
2545 4569 2704 4640 εἴπερ
2737 4567 2965 4639 Πνεῦμα
3000 4565 3134 4620 Θεοῦ
3160 4568 3301 4620 οἰκεῖ
3328 4568 3389 4621 ὲν
3421 4567 3569 4637 ὑμῖν.

1989 4659 2053 4712 Εἰ
2084 4658 2142 4712 δέ
2170 4675 2256 4723 τις
2283 4658 2507 4730 Πνεῦμα
2543 4656 2784 4730 Χριστοῦ
2813 4658 2914 4711 οὐκ
2941 4656 3078 4727 ἔχει,
3108 4650 3261 4719 οὗτος
3294 4655 3399 4709 οὐκ
3427 4654 3575 4707 ἐστιν

1987 4748 2174 4804 αὑτοῦ.
2205 4768 2225 4802 ι
2250 4750 2361 4805 Καὶ
2383 4752 2490 4823 μὴν
2516 4751 2612 4804 καί
2636 4751 2862 4822 ἑτέρωθι
2881 4767 2895 4781 υ
2924 4769 2944 4802 ι
2969 4750 3124 4802 Ὅσοι
3151 4746 3268 4818 γὰρ
3295 4746 3582 4817 Πνεύματι

1988 4841 2124 4894 Θεοῦ
2162 4843 2408 4911 ἄγονται,
2452 4839 2597 4898 οὗτοί
2642 4846 2783 4897 εἰσιν
2814 4844 2920 4896 υίοί
2956 4840 3115 4896 Θεοῦ.
3142 4860 3159 4892 ι
3193 4839 3407 4894 Οὐκοῦν
3447 4842 3577 4892 ὅταν

1988 4931 2104 5003 ἴδῃς
2131 4934 2294 4988 αὐτὸν
2324 4934 2403 5006 τῷ
2436 4935 2549 5007 ἰδίῳ
2576 4937 2862 5007 χριόμενον
2892 4934 3194 5005 Πνεύματι,
3228 4933 3580 5006 διαμέμνησο

299 5027 401 5092 τῆς
428 5025 569 5115 μετὰ
599 5024 805 5098 σαρκὸς
831 5024 1165 5095 οἰκονομίας,
1194 5024 1289 5078 καὶ
1340 5024 1703 5093 καταλογίζου
1762 5024 1825 5078 τὸ
1888 5024 2266 5094 ἀνθρώπινον·
2297 5032 2428 5084 ὅταν
2504 5031 2621 5102 ἴδῃς
2671 5031 2732 5085 τὸ
2770 5030 2995 5104 Πνεῦμα
3044 5029 3276 5093 διδόντα,
3323 5026 3581 5097 θαύμαζε

302 5123 442 5191 μετά
467 5123 662 5177 τούτου
691 5121 784 5175 τὸν
806 5120 902 5176 καὶ
934 5122 993 5175 ὲν
1021 5119 1405 5193 ἀνθρωπότητι
1467 5120 1619 5175 Θεόν.
1655 5120 1799 5174 Ἀλλ’
1864 5119 2020 5175 οὐδὲν
2058 5124 2168 5176 τῶν
2203 5125 2463 5182 τοιούτων
2529 5125 2982 5198 ὑπολογιζόμενος
3017 5126 3047 5179 6
3091 5124 3312 5194 δύσερις
3366 5117 3582 5182 οὑτοσὶ,

301 5218 465 5271 πάλιν
488 5211 592 5273 ὧδὲ
614 5235 806 5287 φησιν·

369 5307 635 5381 [Νεετοιι.
659 5309 755 5365 llic
779 5309 867 5365 ille
888 5309 1060 5365 fidelis
1077 5309 1189 5365 Deo
1217 5306 1393 5364 factus
1412 5307 1650 5379 pontifex
1673 5308 1868 5380 (factus

296 5411 383 5457 est
410 5402 587 5469 enim,
611 5418 719 5460 non
740 5404 808 5460 ab
836 5414 1041 5461 aeterno
1066 5401 1238 5468 erat);
1268 5401 1356 5457 hic
1382 5401 1664 5473 paulatim,
1692 5402 1864 5456 haere-

2048 5299 2241 5380 [Οῦτος
2272 5309 2301 5361 6
2346 5306 2536 5370 πιστὸς
2574 5306 2652 5376 τῷ
2704 5305 2825 5373 Θεῷ
2872 5305 3240 5377 γεγενημένος
3282 5300 3585 5376 ἀρχιερεὺς

1975 5396 2215 5470 (ἐγένετο
2238 5397 2369 5469 γὰρ,
2393 5398 2494 5451 οὐκ
2521 5396 2731 5468 ἀϊδίως)
2774 5392 2868 5468 ἦν,
2917 5389 3074 5459 οὗτος
3107 5395 3136 5447 6
3178 5395 3319 5450 κατά
3353 5391 3584 5467 μικρὸν,

371 5561 490 5595 ²⁸ο⁷δ
524 5560 682 5618 Joan.
716 5578 757 5628 ι,
790 5559 880 5617 52.
955 5561 1002 5592 "
1041 5559 1197 5617 Joan.
1231 5575 1323 5627 xx,
1371 5559 1464 5613 ΞΩ.
1540 5557 1588 5589 ⁷⁸
1626 5556 1646 5609 l
1686 5559 1813 5611 Cor.
1860 5571 1875 5609 ι

1991 5554 2045 5608 2.
2118 5554 2165 5587 ’³⁷
2203 5553 2362 5611 Rom.
2393 5570 2511 5624 νιιι,
2549 5553 2602 5622 8,
2638 5556 2691 5611 9.
2766 5554 2814 5588 "
2850 5551 2983 5609 ibid.
3022 5551 3108 5606 l5.

375 5718 452 5794 (l)
494 5718 634 5790 Lege
684 5716 1032 5788 δυσάντητον,
1070 5716 1487 5785 inexpugnabile,
1539 5722 1596 5769 ut
1625 5714 1755 5769 vidit
1800 5713 1875 5768 inl

1981 5725 2084 5766 res.
2121 5711 2277 5766 EDIT.

3454 325 3557 380 ΗΒ
3664 376 3672 383 .
