3926 6126
313 316 419 371 ΗΞ)

1380 315 1754 375 ADVERSUS
1791 314 2194 374 NESTORIUM
2228 316 2359 375 LIB.
2395 315 2480 373 111.

3459 308 3566 367 150

228 446 229 449 “
317 438 591 513 αἱρετικὲ,
640 441 722 502 εἰς
751 439 1050 510 ἀρχιερέως
1107 440 1386 513 προκόψας
1417 440 1654 513 ἀξίωμα.
1697 442 1896 494 ’Δκουε

2026 438 2128 505 ice,
2153 439 2219 495 ad
2260 437 2532 509 pontificis
2573 434 2885 505 dignitatem
2913 441 3247 501 progressus.
3279 426 3413 483 Audi
3452 427 3561 483 cla-

327 530 672 599 σαφεστέρας
698 546 779 583 σοι
803 529 1106 601 διαϐοώσης
1131 533 1313 603 φωνῆς
1330 548 1346 562 ⁸
1369 551 1389 584 ι
1421 534 1517 595 Ὃς
1538 534 1596 585 ὲν
1622 532 1740 595 ταῖς
1764 530 1899 602 ήμέ-

329 637 471 691 ραις,
502 621 654 689 φησὶ.
684 620 784 688 τῆς
824 621 1026 691 σαρκὸς
1056 621 1242 686 αὐτοῦ,
1277 622 1489 692 δεήσεις
1510 639 1573 675 τε
1601 623 1695 676 καὶ
1720 622 1902 693 ίκετη-

328 710 450 779 ρίας
490 710 627 779 πρὸς
672 710 762 763 τὸν
791 710 1090 781 δυνάμενον
1116 710 1314 776 σώζειν
1341 711 1502 765 αὐτὸν
1536 713 1603 765 ὲκ
1646 710 1899 774 θανάτου,

328 801 466 871 μετά
500 801 747 872 κραυγῆς
797 801 1027 874 ἰσχυρᾶς
1074 803 1169 856 καὶ
1213 802 1464 874 δακρύων
1509 802 1898 875 προσενέγκας,

328 891 425 944 καὶ
472 890 852 956 εἰσακουσθεὶς
889 894 998 947 ἀπὸ
1043 892 1146 964 τῆς
1182 894 1501 959 εὐλαϐείας·
1528 913 1548 947 ι
1596 894 1798 965 καίπερ
1829 892 1904 946 ὢν

328 983 475 1049 Υίὸς,
496 984 700 1055 ἔμαθεν
724 987 817 1055 ἀφ’
840 979 916 1040 ὧν
946 986 1117 1040 ἔπαθε
1140 986 1240 1057 τὴν
1273 986 1543 1057 ὑπακοὴν,
1580 986 1672 1039 καὶ
1696 984 1906 1038 τελειω-

329 1075 462 1141 θεὶς,
508 1077 729 1144 ἐγένετο
753 1080 866 1140 τοῖς
905 1077 1275 1130 ὑπακούουσιν
1320 1075 1469 1147 αὐτῷ
1519 1078 1687 1130 πᾶσιν
1734 1076 1907 1139 αἴτιος

330 1166 605 1237 σωτηρίας
662 1167 1025 1222 ἀκαταλύτου.
1068 1160 1511 1222 Τελειοῦται³καὶ
1536 1169 1599 1222 τὸ
1643 1171 1785 1223 κατά
1814 1188 1906 1240 μι-

329 1258 464 1328 κρὸν
487 1259 821 1328 προκόπτον,
846 1259 1088 1329 αἱρετικέ
1106 1275 1120 1288 ·
1144 1261 1273 1322 περὶ
1302 1252 1364 1312 οῦ
1392 1260 1490 1315 καὶ
1516 1261 1771 1330 Ἰωάννης
1794 1260 1906 1330 (21)

332 1348 392 1402 ὲν
420 1351 533 1412 τοῖς
565 1348 919 1417 Εὐαγγελίοις
947 1349 1045 1421 βοᾷ
1066 1365 1080 1380 ⁸
1127 1369 1145 1402 ι
1182 1350 1389 1421 Ἰησοῦς
1421 1351 1759 1423 προέκοπτεν
1789 1350 1911 1421 ήλί-

330 1438 430 1510 κίᾳ
452 1440 548 1492 καὶ
576 1440 763 1511 σοφίᾳ,
791 1443 885 1493 καὶ
906 1441 1088 1512 χάριτι
1109 1458 1120 1471 ·
1147 1460 1167 1494 ι
1187 1437 1268 1505 οἷς
1292 1444 1559 1513 σύμφωνα
1582 1443 1679 1497 καὶ
1700 1442 1912 1506 Παῦλος

335 1529 733 1600 φθεγγόμενος,
772 1549 791 1583 ι
838 1531 1171 1597 Τελειωθεὶς,
1216 1534 1404 1603 φησὶν,
1431 1535 1645 1602 ἐγένετο
1668 1536 1780 1598 τοῖς
1811 1534 1915 1587 ὑπ-

338 1620 634 1675 ακούουσιν
684 1621 831 1691 αὐτῷ
866 1623 1055 1689 πᾶσιν,
1108 1623 1281 1685 αίτιος
1329 1623 1601 1694 σωτηρίας
1655 1622 1909 1677 αἰωνίου’

2001 531 2196 586 riorem
2247 529 2341 584 tibi
2389 528 2729 583 insonantem
2778 536 2962 579 vocem
3000 535 3062 574 τι
3102 519 3201 586 Qui
3245 519 3300 574 in
3353 518 3560 584 diebus,

2001 619 2195 688 inquit,
2225 618 2409 673 carnis
2435 632 2546 673 sua:
2574 631 2764 686 preces
2808 612 3333 684 supplicationesque
3354 608 3417 661 ad
3441 623 3561 661 cum

2000 710 2092 779 qui
2122 716 2307 779 posset
2326 723 2448 763 eum
2479 708 2685 763 salvum
2704 705 2887 760 facere
2914 712 3155 766 amorte,
3184 716 3304 755 cum
3333 700 3566 753 clamore

2004 802 2177 856 valido
2210 810 2265 856 et
2298 801 2554 871 lacrymis
2601 798 2857 861 offerens,
2897 803 2952 848 et
2999 793 3285 848 exauditus
3337 804 3434 859 pro
3471 804 3569 842 sua

2005 893 2305 948 reverentia
2337 893 2382 925 "
2415 908 2431 957 ;
2464 909 2483 943 ι
2514 899 2569 946 ει
2596 891 2808 959 quidem
2840 902 2962 942 cum
2984 893 3131 941 esset
3158 883 3345 945 Filius,
3384 880 3569 935 didicit

2005 984 2072 1037 ab
2103 983 2186 1037 his
2215 997 2333 1051 quae
2364 996 2554 1051 passus
2588 988 2671 1034 est
2719 978 3100 1037 obedientiam,
3132 983 3186 1028 et
3226 983 3571 1027 consumma-

2009 1084 2112 1139 tus,
2144 1072 2320 1128 factus
2351 1081 2434 1128 est
2479 1068 2980 1141 obtemperantibus
3031 1063 3134 1120 sibi
3171 1077 3332 1118 causa
3380 1060 3572 1115 salutis

2007 1175 2241 1220 merum.
2282 1163 2697 1219 Consummatur
2713 1168 2891 1214 autem
2920 1157 2972 1211 id
3000 1155 3141 1225 quod
3165 1153 3420 1224 paulatim
3446 1165 3576 1218 pro-

2010 1255 2144 1319 ficit,
2176 1253 2430 1309 haeretice
2457 1269 2473 1319 ;
2507 1254 2573 1309 de
2602 1267 2710 1322 quo
2736 1250 2975 1306 Joannes
3017 1250 3071 1302 in
3124 1244 3429 1314 Evangeliis
3457 1241 3573 1295 cla-

2011 1353 2124 1398 mat
2153 1359 2168 1399 :
2203 1363 2222 1397 ι
2251 1343 2406 1400 Jesus
2432 1343 2750 1414 proﬁciebat
2784 1349 2943 1397 atate
2981 1347 3036 1395 et
3072 1337 3334 1406 sapientia
3370 1343 3424 1388 et
3452 1347 3577 1401 gra-

2015 1435 2085 1489 tia
2107 1434 2195 1487 ⁸⁰ι
2260 1453 2280 1487 ι
2331 1434 2538 1501 Quibus
2588 1433 2770 1489 verbis
2819 1444 3055 1486 consona
3103 1427 3300 1482 Paulus
3342 1426 3573 1480 dicens:

2018 1542 2038 1577 ι
2074 1526 2516 1588 Consummatus,
2536 1524 2729 1593 inquit,
2777 1522 2954 1577 factus
2978 1530 3063 1575 est
3083 1518 3332 1573 omnibus
3361 1517 3573 1570 obtem-

2016 1617 2332 1685 perantibus
2368 1617 2472 1670 sibi
2519 1631 2681 1669 causa
2721 1614 2910 1669 salutis
2955 1621 3193 1673 atteram,
3221 1608 3516 1677 appellatus
3545 1621 3587 1659 a-

338 1713 804 1783 προσαγορευθεὶς
850 1714 956 1767 ὑπὸ
1009 1713 1105 1767 τοῦ
1141 1714 1276 1767 Θεοῦ
1310 1716 1601 1785 ἀρχιερεὺς
1630 1716 1774 1768 κατά
1815 1714 1913 1783 τὴν

2026 1702 2127 1759 Deo
2154 1706 2407 1759 sacerdos
2426 1705 2720 1759 secundum
2744 1702 2988 1759 ordinem
3023 1696 3479 1754 Melchisedech“
3505 1712 3522 1765 ;
3554 1717 3575 1749 ι

339 1773 495 1869 τάξιν
535 1773 899 1874 Μελχισεδέκ·
941 1824 960 1856 ι
1000 1800 1152 1870 οὗτος
1200 1808 1229 1859 6
1272 1773 1444 1877 Μωῇ
1475 1773 1623 1860 ’κατ-ἀ
1667 1807 1759 1859 τὸν
1814 1773 1911 1876 της

2026 1796 2104 1850 hic
2133 1795 2221 1851 ille
2241 1811 2359 1850 cum
2388 1793 2537 1849 Mose
2562 1794 2705 1863 quod
2734 1793 2801 1848 ad
2841 1792 3071 1847 ducendi
3100 1789 3375 1844 exercitus
3400 1797 3580 1858 typum

340 1896 677 1967 στρατηγίας
739 1899 1162 1967 συγκρινόμενος
1214 1897 1418 1949 τύπον⁸
1463 1897 1492 1949 ό
1542 1896 1761 1967 σπέρμα
1816 1896 1914 1949 τοῦ

348 1987 606 2058 Ἀϐραὰμ
644 1987 982 2058 κεκλημένος
1005 2004 1018 2016 ⁸
1062 1989 1092 2040 6
1136 1988 1277 2041 κατά
1306 1989 1485 2041 πάντα
1525 1991 1637 2053 τοῖς
1664 1988 1916 2057 ἀδελφοῖς

339 2077 728 2146 παραπλήσιος
749 2093 763 2107 ⁵
800 2078 829 2129 ό
862 2077 1038 2147 χρόνῳ
1069 2077 1360 2148 γενόμενος
1404 2079 1726 2150 ἀρχιερεύς’
1770 2081 1798 2131 6
1827 2079 1916 2131 διὰ

344 2167 691 2238 παθημάτων
724 2167 1029 2232 τελειωθείς
1047 2185 1060 2199 ⁸
1092 2170 1121 2222 ό
1152 2171 1209 2221 ὲν
1237 2163 1282 2238 ᾧ
1310 2169 1575 2222 πέπονθεν
1604 2169 1765 2233 αὐτὸς
1796 2186 1917 2222 πει·-

347 2258 573 2327 ρασθεὶς
611 2258 904 2328 δυνάμενος
933 2261 1047 2322 τοῖς
1094 2260 1509 2330 πειραζομένοις
1552 2259 1849 2330 βοηθῆσαισ
1890 2262 1920 2313 6

344 2346 493 2401 κατὰ
524 2348 626 2419 τὴν
667 2347 819 2413 τάξιν
853 2349 1189 2420 Μελχισεδὲκ
1228 2349 1518 2420 ἀρχιερεὺς
1557 2348 1919 2419 κεκλημένος.

341 2440 411 2494 Τί
439 2436 531 2494 οὖν
561 2440 984 2513 ἀνθερμηνεύεις
1026 2441 1103 2510 τῷ
1159 2441 1375 2511 Παύλῳ,
1429 2441 1521 2494 τὸν
1567 2440 1752 2509 ἀπαθῆ
1790 2439 1921 2493 Θεὸν

346 2530 521 2598 Λόγον
574 2530 803 2600 ὲπιγείῳ
858 2531 1199 2600 καταμιγνὺς
1247 2529 1490 2600 σώματι,
1546 2528 1643 2582 καὶ
1684 2528 1921 2598 παθητὸν

328 2622 613 2692 ’ἀρχιερέα
638 2620 807 2674 ποιῶν
828 2627 872 2693 ;]

956 2754 1205 2807 ΚΕΦΑΛ.
1260 2757 1331 2807 A'.

435 2893 525 2956 Ὠς
553 2890 926 2960 ἀκμαιοτάτην
946 2930 960 2952 ,
990 2884 1035 2943 ὧ
1064 2890 1181 2942 ’τᾶν
1200 2930 1213 2954 ,
1235 2888 1329 2943 καὶ
1348 2888 1493 2959 μάλα
1537 2887 1785 2960 νεανικὴν
1817 2888 1926 2942 τῶν

348 2986 453 3055 τῆς
484 2982 772 3046 εὐσεϐείας
801 2982 1085 3052 δογμάτων
1132 2982 1375 3052 ἐποιήσω
1421 2981 1522 3051 τὴν
1550 2981 1925 3051 καταδρομήν.

2018 1896 2384 1956 comparatus,
2412 1885 2498 1939 ille
2531 1897 2714 1939 semen
2769 1882 3039 1937 Abraham
3100 1892 3346 1944 vocatus,
3377 1880 3464 1934 ille
3491 1894 3585 1947 per

2017 1978 2197 2030 omnia
2229 1976 2420 2032 similis
2450 1976 2711 2031 fratribus
2741 1975 2785 2008 θ’
2817 1992 2833 2042 ;
2867 1975 2955 2028 ille
2987 1983 3228 2042 tempore
3262 1973 3435 2026 factus
3456 1985 3586 2040 pon-

2021 2065 2171 2133 tifex,
2233 2066 2319 2120 ille
2346 2080 2441 2136 per
2484 2066 2766 2135 passiones
2818 2074 3241 2129 consummatus,
3300 2062 3387 2116 ille
3419 2060 3585 2130 quiin

2019 2172 2126 2224 quo
2156 2170 2347 2224 passus
2377 2166 2461 2211 est
2511 2157 2628 2225 ipse
2679 2162 2934 2218 tentatus,
2973 2163 3150 2222 potest
3181 2152 3403 2207 tentatis
3433 2150 3589 2204 auxi-

2020 2246 2157 2310 liari,
2194 2247 2286 2301 ille
2307 2247 2603 2302 secundum
2643 2246 2889 2301 ordinent
2931 2243 3317 2299 Melchisedech
3351 2240 3586 2310 pontifex

2021 2337 2340 2407 appellatus.
2375 2337 2512 2403 Quid
2542 2337 2704 2407 igitur
2751 2336 3011 2390 adversus
3041 2334 3262 2387 Paulum
3316 2333 3584 2401 interpre-

2025 2428 2177 2493 laris,
2209 2425 2649 2496 impassihileque
2682 2424 2776 2479 Dei
2818 2422 3054 2479 Verbum
3108 2412 3326 2477 terreno
3377 2419 3595 2491 corpori.

2025 2517 2340 2585 pet-misces,
2375 2527 2430 2571 et
2473 2514 2786 2587 passibilem
2817 2514 3154 2571 sacerdotem
3182 2512 3316 2569 facis
3340 2509 3399 2584 ‘3]

2670 2756 2822 2811 CAP.
2850 2757 2940 2813 IV.

2098 2888 2336 2945 Fortiter
2364 2904 2516 2953 sane,
2565 2890 2651 2944 vir
2700 2891 2934 2961 egregie,
2977 2899 3032 2945 et
3060 2890 3344 2944 admodum
3376 2897 3596 2945 strenue

2036 2978 2090 3033 in
2127 2981 2376 3050 dogmata
2402 2979 2618 3049 pietatis
2668 2981 3036 3037 incursionem
3086 2982 3239 3036 facis.
3294 2982 3372 3035 Ac
3405 2981 3597 3035 beatus

345 3078 465 3130 Καὶ
497 3078 526 3130 6
555 3076 656 3147 μὲν
694 3074 980 3136 θεσπέσιος
1010 3074 1246 3143 Βαροὺχ,
1289 3073 1383 3126 τὸν
1431 3072 1524 3126 τοῦ
1559 3070 1695 3125 Θεοῦ
1734 3073 1922 3140 Λόγον,

2033 3069 2246 3137 quidem
2272 3068 2504 3132 Barucb,
2540 3070 2628 3123 Dei
2663 3069 2898 3123 \‘erbum
2929 3070 3038 3137 jam
3064 3069 3336 3123 hominem
3371 3068 3595 3131 factum,

346 3166 813 3237 ἑνηνθρωπηκότα
833 3166 889 3219 δὲ
909 3166 1033 3236 ήδη,
1056 3166 1150 3218 καὶ
1176 3165 1235 3217 ἐν
1259 3164 1520 3235 ὁμοιώσειΔ
1538 3166 1604 3234 τῇ
1628 3162 1749 3216 καθ’
1780 3164 1930 3233 ἡμᾶς

348 3255 637 3326 πεφηνότα
662 3255 1040 3318 καταδεικνὺς,
1080 3274 1098 3306 ι
1124 3247 1310 3319 Οὗτος,
1331 3253 1519 3323 φησὶν,
1538 3253 1566 3304 6
1587 3252 1720 3316 Θεὸς
1748 3252 1926 3322 ήμῶν,

345 3347 415 3399 ού
444 3346 825 3415 λογισθήσεται
875 3344 1060 3415 ἕτερος
1105 3344 1242 3414 πρὸς
1273 3345 1468 3397 αὐτόν·
1518 3342 1706 3414 ἐξεῦρε
1748 3343 1929 3396 πᾶσαν

344 3435 471 3491 ὁδὸν
501 3437 833 3507 ἐπιστήμης,
866 3437 957 3489 καὶ
1001 3434 1197 3489 ἔδωκεν
1231 3435 1399 3504 αὐτὴν
1433 3433 1625 3488 Ἰακὼϐ
1665 3432 1742 3503 τῷ
1780 3432 1930 3486 παιδὶ

347 3526 546 3592 αὐτοῦ,
570 3527 665 3580 καὶ
700 3525 916 3596 Ἰσραὴλ
959 3524 1038 3595 τῷ
1083 3524 1428 3594 ἠγαπημένῳ
1470 3523 1563 3576 ὑπ’
1597 3522 1758 3576 αὑτοῦ
1788 3540 1803 3554 ’
1836 3522 1933 3576 καὶ

352 3616 676 3689 μεταταῦτα
718 3618 812 3670 ἐπὶ
846 3617 946 3687 τῆς
992 3617 1096 3686 γῆς
1124 3614 1301 3685 ὤφθη,
1348 3614 1585 3677 καὶτοῖς
1627 3611 1932 3683 ἀνθρώποις

354 3708 842 3779 συνανεστράφη.»
870 3708 942 3759 Σὺ
969 3706 1027 3758 δὲ
1048 3698 1314 3770 τὸ,οῦτος,
1332 3705 1427 3759 καὶ
1448 3705 1593 3775 μάλα
1617 3705 1931 3770 πλειστάκις

351 3798 680 3866 ἀναφωνῶν,
710 3797 990 3867 μονονουχὶ
1020 3798 1115 3849 καὶ
1148 3799 1302 3867 χεῖρα
1332 3796 1654 3867 προτείνων,
1679 3795 1801 3849 τίνα
1821 3798 1932 3860 τοῖς

354 3890 753 3942 πεπιστευκόσι
778 3888 1042 3957 καθίστης
1070 3887 1295 3958 ἐναργῆ,
1318 3886 1414 3939 καὶ
1448 3887 1554 3956 μὴν
1586 3886 1679 3939 καὶ
1704 3886 1932 3955 ὁρᾶσθαι

354 3982 564 4042 ποιεῖς,
612 3981 706 4031 καὶ
728 3980 790 4048 δὴ
816 3980 909 4031 καὶ
941 3978 1210 4049 προκόψαι
1242 3976 1348 4046 φὴς
1375 3978 1453 4039 εἰς
1476 3976 1736 4048 ἀρχιερέα
1763 3994 1932 4031 κατα-

355 4069 580 4143 6ραχύ;
638 4069 800 4131 Ἀλλ’,
839 4064 990 4138 οἶμαί
1015 4084 1145 4133 που,
1176 4068 1394 4130 πάντως
1443 4068 1681 4133 ἐκεῖνον,
1736 4068 1795 4123 δν
1839 4071 1934 4122 καὶ

351 4165 593 4231 ἔναγχος
625 4158 1174 4229 παραδειγματίζων,
1220 4157 1456 4225 ἔφασκεν
1492 4157 1602 4229 [τσ.
1636 4158 1930 4233 ἔφασκες].

351 4254 572 4310 Οὐκοῦν
609 4255 637 4305 6
667 4250 876 4314 παθὼν,
921 4248 1212 4319 ἀρχιερεὺς
1260 4247 1538 4319 ἐλεήμων,
1585 4250 1683 4319 οὐχ
1725 4253 1753 4303 6
1795 4250 1935 4314 ζωο.

2029 3167 2082 3213 ει
2112 3159 2165 3213 iu
2214 3170 2399 3215 nostra
2447 3161 2800 3216 similitudine
2861 3171 3206 3231 apparentem
3256 3158 3596 3214 ostendens:

2036 3270 2055 3304 ι
2086 3252 2182 3308 Hic
2224 3264 2327 3320 est,
2384 3255 2576 3323 inquit,
2629 3256 2768 3310 Deus
2821 3267 3023 3321 noster,
3081 3271 3183 3310 non
3242 3254 3600 3309 mstimabitur

2032 3345 2169 3399 alius
2221 3346 2286 3398 ad
2347 3360 2494 3409 eum,
2546 3346 2751 3401 invenit
2795 3361 3007 3401 omnem
3061 3348 3202 3400 viam
3254 3346 3516 3409 scientia,
3547 3351 3601 3398 et

2033 3435 2181 3491 dedit
2212 3436 2358 3490 illam
2386 3434 2554 3491 Jacob
2583 3453 2751 3505 puero
2782 3453 2900 3503 suo,
2947 3448 2999 3492 et
3029 3438 3190 3493 lsrael
3221 3437 3415 3492 dilecto
3453 3451 3553 3490 suo
3583 3454 3597 3491 :

2032 3535 2225 3597 etpost
2252 3528 2365 3582 haec
2393 3527 2444 3580 in
2476 3528 2635 3583 terris
2675 3529 2821 3582 visus
2873 3538 2976 3593 est,
3012 3537 3065 3583 et
3106 3545 3226 3583 cum
3282 3528 3597 3583 hominibus

2034 3628 2385 3673 conversatus
2409 3618 2535 3682 ⁸³η»
2587 3619 2665 3672 Tu
2720 3635 2873 3686 vero,
2913 3636 3097 3675 vocem
3147 3620 3254 3682 hic,
3291 3628 3345 3673 et
3386 3619 3600 3687 quidem

2032 3707 2225 3776 saepius
2271 3708 2576 3771 intendens,
2617 3722 2681 3762 ac
2722 3709 3105 3778 propemodum
3162 3723 3375 3761 manum
3428 3708 3605 3760 inten-

2034 3798 2190 3862 dens,
2246 3812 2533 3866 quemnam
2578 3799 2923 3853 credentibus
2968 3800 3234 3863 ostendis,
3285 3809 3337 3852 et
3382 3796 3604 3867 subjicis

2033 3889 2223 3954 oculis,
2277 3899 2442 3958 atque
2465 3890 2626 3944 etiam
2658 3889 2913 3958 paulatim
2947 3904 3290 3957 progressum
3326 3892 3391 3942 ad
3424 3904 3604 3943 sacer-

2033 3979 2239 4033 dotium
2269 3979 2466 4032 asseris
2498 3978 2694 4032 Ullum
2740 3994 2964 4048 prorsus
3005 3980 3241 4033 arbitror
3284 3978 3393 4048 85
3445 3993 3605 4047 quem

2038 4069 2234 4123 dudum
2265 4070 2556 4123 ostendens
2589 4070 2773 4122 aiebas
2811 4086 2826 4123 :
2859 4067 3026 4136 Igitur
3052 4069 3140 4123 ille
3169 4068 3468 4138 quipassus
3498 4074 3603 4133 est,

2035 4158 2278 4229 pontifex
2321 4167 2404 4212 est
2437 4160 2766 4225 misericors,
2822 4175 2925 4212 non
2972 4158 3060 4213 ille
3118 4158 3258 4227 passi
3305 4159 3606 4214 vivificator

2041 4253 2201 4305 Deus.
2229 4250 2424 4305 Semen
2472 4249 2743 4304 Abraham
2768 4251 2854 4306 ille
2884 4251 2997 4307 heri
3028 4261 3084 4307 et
3111 4252 3288 4315 hodie,
3322 4260 3381 4305 ut
3410 4251 3607 4306 Paulus

355 4345 516 4408 ποιὸς
546 4343 642 4397 τοῦ
673 4341 1007 4403 πεπονθότος
1039 4339 1190 4402 Θεός.
1215 4339 1443 4411 Σπέρμα
1480 4340 1730 4411 Ἀϐραὰμ
1753 4342 1782 4393 ό
1808 4342 1922 4412 χθὲς

2036 4342 2261 4405 dicit”,
2281 4357 2385 4397 non
2410 4342 2500 4396 ille
2527 4344 2617 4413 qui
2636 4344 2805 4398 dixit:
2840 4363 2859 4395 ι
2887 4346 3191 4413 Antequam
3211 4345 3483 4398 Abraham
3515 4346 3607 4399 fie-

351 4436 460 4491 καὶ
490 4436 745 4506 σήμερον,
771 4431 914 4486 κατά
938 4431 1037 4502 τὴν
1061 4430 1154 4484 τοῦ
1189 4430 1398 4485 Παύλου
1425 4431 1606 4503 φωνὴν
1624 4472 1641 4499 ,
1671 4434 1767 4501 οὐχ
1792 4432 1821 4484 ὁ
1848 4433 1922 4486 λέ.

2043 4440 2145 4498 ret,
2168 4448 2267 4503 ego
2292 4449 2410 4489 sum
2438 4435 2503 4489 “.
2528 4454 2546 4488 ι
2582 4434 2787 4489 Similis
2821 4449 2904 4490 εει
2930 4435 3187 4488 fratribus
3218 4450 3313 4504 per
3351 4436 3531 4489 omnia
3555 4420 3607 4491 is

350 4542 497 4595 γων·
531 4543 548 4576 ι
588 4525 723 4596 Πρὶν
763 4522 1015 4595 Ἀϐραὰμ
1053 4522 1333 4591 γενέσθαι,
1359 4521 1469 4591 ἐγώ
1494 4526 1633 4594 ειμι.
1660 4543 1679 4576 ι
1710 4526 1935 4595 Ὄμοιος

350 4620 478 4682 τοῖς
507 4617 752 4686 ἀδελφοῖς
783 4616 923 4670 κατὰ
950 4614 1148 4678 πάντα,
1192 4616 1221 4667 6
1259 4613 1441 4684 ψυχῆς
1470 4615 1817 4685 ἀνθρωπίνης
1843 4616 1937 4669 καὶ

351 4710 569 4780 σαρκὸς
618 4706 899 4761 ἀναλαϐὼν
946 4705 1318 4775 ἀδελφότητα,
1349 4705 1448 4774 οὐχ
1490 4707 1519 4758 ό
1564 4706 1738 4774 λέγων
1758 4722 1773 4737 ο
1818 4725 1838 4758 ι
1879 4706 1935 4759 '0

347 4794 629 4868 ἑωρακὼς
671 4795 792 4863 ἐμὲ,
832 4792 1044 4864 ἑώρακε
1088 4793 1183 4847 τὸν
1230 4792 1470 4862 Πατέρα.
1506 4811 1527 4845 ι
1569 4794 1678 4847 Καὶ
1712 4794 1794 4847 ὅτι
1838 4795 1937 4865 μὲν

343 4887 454 4942 τοῦ
487 4884 818 4946 πεπονθότος
848 4884 978 4937 Θεὸν
1010 4884 1100 4937 τὸν
1149 4884 1413 4948 ζωοποιὸν
1455 4881 1551 4934 τοῦ
1595 4883 1730 4936 Θεοῦ
1762 4885 1933 4955 Λόγον

347 4978 631 5046 ὑπάρχειν
671 4972 1164 5042 διαϐεϐαιούμενος,
1191 4973 1301 5034 τοῖς
1317 4972 1417 5040 τῆς
1458 4968 1701 5039 ἀφύκτου
1730 4970 1934 5041 δυσφη-

351 5068 494 5140 μίας
521 5067 833 5136 ἐγκλήμασι
853 5064 1072 5118 σεαυτὸν
1099 5063 1282 5129 ἐνιεὶς,
1312 5062 1580 5132 ήδίκηκας
1596 5062 1656 5114 οὐ
1681 5064 1934 5135 μετρίως,

431 5209 477 5239 τ’
523 5207 679 5259 ilebr.
718 5219 770 5263 ν,
807 5204 859 5256 7.
961 5201 1006 5233 ⁸ο
1045 5198 1180 5262 lmo,
1215 5196 1349 5252 Luc.
1379 5215 1441 5261 ιι,
1472 5198 1559 5253 52.

1658 5199 1703 5231 οι
1746 5198 1908 5254 Hebr.
1946 5215 1998 5271 ιν,
2033 5201 2085 5271 9,
2114 5202 2200 5258 to.

344 5278 429 5313 ⁸³⁵
460 5277 621 5334 Hebr.
648 5290 766 5341 xm,
798 5274 854 5328 8.
930 5271 979 5304 “
1013 5268 1169 5325 Joan.
1201 5282 1318 5331 vni,
1371 5268 1460 5322 58.
1536 5270 1582 5301 ⁸⁵
1617 5268 1773 5323 Joan.
1808 5286 1915 5332 xw,
1944 5270 1996 5325 9.

2036 4526 2126 4594 qui
2164 4526 2411 4579 humanae
2447 4527 2642 4579 anima:
2687 4535 2740 4580 et
2769 4528 2950 4580 carnis
2986 4527 3385 4579 fraternitatem
3423 4542 3609 4581 susce-

2039 4617 2135 4686 pit,
2162 4633 2266 4671 non
2298 4617 2393 4687 qui
2421 4618 2595 4672 dicit:
2637 4636 2655 4669 ι
2711 4617 2816 4682 Qui
2870 4618 3003 4670 vidit
3055 4634 3160 4681 me,
3219 4618 3352 4671 vidit
3400 4627 3454 4671 et
3505 4617 3608 4671 Pa-

2035 4715 2174 4762 trem
2199 4708 2264 4761 ⁸⁸.
2312 4728 2331 4759 ι
2399 4709 2575 4776 Atque
2620 4707 2670 4761 in
2704 4722 2769 4761 eo
2811 4708 2950 4777 quod
2992 4710 3192 4763 asseris
3248 4710 3411 4765 Deum
3465 4711 3605 4777 passi

2038 4814 2159 4854 esse
2198 4800 2373 4865 ipsum
2408 4800 2689 4854 vivificaris
2732 4800 2822 4853 Dei
2871 4798 3128 4863 Verbum,
3189 4809 3240 4855 te
3281 4804 3609 4856 inevitabilis

2039 4888 2389 4959 blasphemiae
2409 4891 2613 4945 crimen
2633 4891 2947 4953 incurrisse,
2973 4893 3313 4961 graviterque
3337 4909 3606 4962 peccasse,

2043 4978 2243 5033 efficaci
2301 4981 2507 5034 ratione
2564 4982 2990 5038 demonstratum
3050 4992 3150 5035 est.
3206 4983 3369 5035 Miror
3427 4992 3605 5035 autem

2046 5071 2188 5139 quod
2240 5080 2450 5126 tuarum
2499 5088 2690 5128 vocum
2717 5074 2935 5137 oblitus,
2967 5073 3218 5141 pautatim
3262 5087 3606 5140 progressum

2309 5206 2354 5236 ⁸³
2393 5204 2556 5261 llehr.
2581 5221 2642 5272 ιι,
2686 5206 2771 5260 17.
2913 5204 2957 5235 ⁸³
2997 5204 3207 5258 Baruch
3260 5220 3319 5258 ιιι
3348 5244 3365 5270 ,
3420 5205 3605 5262 36-58.

1643 5386 1797 5441 ANT.
1841 5386 2114 5443 AGELLII
2152 5386 2381 5442 NOTAE.

436 5532 551 5599 (2t)
588 5533 679 5587 Vel
709 5531 1043 5588 notariorum
1072 5542 1225 5599 error
1253 5537 1353 5590 est,
1386 5529 1489 5599 vel,
1516 5530 1699 5599 lapsus
1724 5539 1807 5583 est
1832 5528 1939 5583 Ne-

351 5598 588 5662 storius.
615 5603 704 5671 qui
737 5602 898 5671 verba
930 5602 1046 5652 haec
1076 5598 1232 5671 Luca:
1258 5612 1379 5666 cap.
1409 5613 1444 5671 ιι
1469 5598 1660 5671 Joaimi
1692 5601 1935 5671 ascribit.

353 5674 474 5729 Sed
519 5668 647 5742 quia
696 5673 838 5726 hunc
869 5670 1075 5738 lapsum
1106 5668 1159 5721 in
1192 5681 1284 5722 sua
1339 5669 1661 5724 refutatione
1707 5669 1940 5738 Cyrillus

2047 5548 2153 5586 nun
2190 5528 2456 5595 coarguit,
2483 5537 2534 5580 et
2564 5526 2779 5595 beatum
2806 5523 3005 5595 Lucam
3040 5534 3313 5582 auctorem
3347 5522 3606 5595 agnoscit,

2048 5603 2272 5658 notariis
2315 5592 2544 5652 fortasse
2571 5594 2772 5665 juslius
2811 5592 3130 5648 ascribetur.
