3926 6126
327 288 425 346 151

1309 290 1369 346 S.
1408 287 1683 347 CYRILLI
1722 291 2188 347 ALEXANDRINI
2228 292 2541 372 A‘RCHIEP.

3466 277 3571 331 152

323 406 392 462 ad
429 405 701 477 pontiﬁcis
736 408 1086 479 dignitatem,
1137 408 1319 465 dicere
1374 411 1534 466 simul
1579 419 1634 467 et
1686 414 1890 469 sentire

1997 413 2251 484 ἀποχρῶν
2278 416 2409 485 ἡμῖν
2441 411 2663 479 διέδειξε
2706 410 2881 478 λόγος.
2913 404 3189 476 Θαυμάζω
3217 399 3296 463 δὲ,
3340 397 3422 451 ὅτι
3458 396 3567 450 τῶν

323 499 513 564 audes,
550 513 709 569 quem
765 502 930 557 etiam
971 502 1139 557 Deum
1169 516 1290 558 esse
1314 504 1517 558 asseris
1543 505 1888 574 omnipoten-

322 598 454 646 tem.
477 588 610 644 Nam
630 592 908 663 proposita
923 594 1019 649 tibi
1043 595 1279 665 Epistola
1300 596 1367 649 ad
1392 594 1647 651 Hebraeos
1664 597 1888 666 scripta,

266 666 273 707 ⁸
319 683 529 737 teneris
568 682 945 740 dixisse:Sed
985 685 1074 741 hic
1128 686 1344 741 lsraelis
1392 696 1653 758 cognatus
1699 702 1891 743 secun-

320 774 448 828 dum
480 788 725 838 carnem,
762 777 1059 832 secundum
1089 778 1477 847 aspectabilem
1505 788 1753 835 naturam
1787 781 1887 835 ho-

321 879 429 930 mo,
466 880 534 920 ex
591 866 797 920 semine
847 865 1018 921 David
1060 866 1237 924 factus
1301 870 1598 925 secundum
1646 886 1893 936 carnem,

320 956 433 1022 ipsa
516 956 898 1025 conjunctione
972 959 1113 1016 Deus
1170 963 1538 1033 omnipotens.
1610 963 1891 1032 Quomodo

320 1040 486 1109 igitur
516 1059 833 1115 progressus
870 1056 976 1112 est,
1032 1058 1092 1102 ut
1125 1058 1327 1105 temere
1355 1051 1634 1117 fabularis,
1671 1055 1736 1108 ad
1758 1068 1893 1123 pon-

321 1130 479 1187 tificis
510 1133 853 1204 dignitatem,
879 1153 1001 1193 cum
1042 1141 1184 1197 Deus
1218 1143 1290 1198 sit
1314 1144 1659 1212 omnipotens
1677 1153 1891 1200 tuorum

319 1237 532 1293 quoque
576 1228 867 1283 verborum
921 1233 1232 1288 testimonio
1260 1235 1285 1287 ἲ
1328 1235 1393 1290 Ει
1448 1237 1697 1305 quamvis
1744 1237 1890 1291 illam

316 1312 631 1383 ignobilem,
694 1326 750 1372 et
776 1333 805 1372 a
843 1327 895 1374 te
923 1321 1038 1377 solo
1080 1325 1265 1379 nescio
1309 1328 1577 1396 quomodo
1619 1328 1893 1397 excogita-

318 1410 429 1456 tam
460 1405 896 1475 conjunctionem
922 1425 1341 1481 commemores,
1368 1417 1590 1472 missum
1622 1418 1675 1473 id
1697 1418 1892 1474 faciam

317 1495 384 1548 ad
427 1511 703 1565 praesens;
751 1499 883 1557 illud
933 1510 1110 1559 tamen
1165 1504 1501 1577 eﬂlagitabo,
1547 1519 1605 1563 ut
1654 1511 1892 1567 secundo

318 1599 482 1640 cursu
510 1584 718 1642 feratur
748 1590 945 1656 oratio,
979 1600 1033 1646 et
1056 1592 1123 1646 ad
1154 1608 1378 1664 scopum
1409 1595 1511 1650 sibi
1565 1596 1893 1651 convenien-

316 1679 427 1725 tem
456 1679 511 1726 et
547 1688 577 1726 a
617 1676 894 1745 proposito
934 1679 1074 1734 haud
1101 1679 1333 1737 alienum
1364 1683 1565 1739 tendat.
1594 1683 1726 1739 Num
1750 1688 1891 1755 quod

1997 502 2143 555 ἰδίων
2169 502 2330 565 αὐτὸς
2360 500 2754 572 ἀμνημονήσας
2794 495 3010 567 φωνῶν,
3043 492 3187 546 κατὰ
3224 487 3398 560 βραχῦ
3430 501 3567 555 προ·

1993 593 2163 647 ελθεῖν
2189 595 2270 657 εἰς
2300 592 2605 664 ἀρχιερέως
2633 591 2851 661 ἀξίωμα
2888 588 3051 658 φάναι
3078 601 3138 638 τε
3159 584 3315 654 ὁμοῦ,
3340 583 3437 636 καὶ
3462 580 3568 651 μὴν

1993 683 2088 736 καὶ
2119 685 2333 752 φρονεῖν
2355 682 2546 748 ἀξιοῖς,
2575 680 2632 734 ὃν
2666 680 2759 733 καὶ
2780 678 2913 731 Θεὸν
2947 672 3085 729 εἶναι
3115 674 3223 744 φὴς
3258 670 3551 741 παντοκρά-

1991 790 2145 845 τορα.
2178 772 2551 844 Προκειμένης
2582 771 2691 842 γάρ
2718 787 2800 823 σοι
2827 769 2930 837 τῆς
2962 765 3238 836 Ἑϐραίοις
3262 760 3571 834 γραφείσης

2004 864 2340 933 Ἐπιστολῆς,
2373 864 2570 934 ἁλίσκῃ
2599 862 2773 929 λέγων
2800 877 2814 890 ’
2846 859 2987 913 Ἀλλ’
3006 852 3159 921 οὗτος
3180 856 3208 908 ὁ
3225 853 3367 908 κατά
3389 854 3570 923 σάρκα

1990 952 2083 1005 τοῦ
2119 952 2332 1022 Ἰσραὴλ
2350 952 2637 1022 συγγενὴς,
2651 949 2828 1005 ὁκατά
2846 949 2907 1002 τὸ
2923 947 3243 1017 φαινόμενον
3262 943 3358 998 ave
3366 959 3569 1015 ρωπος,

1991 1044 2020 1095 ὁ
2053 1043 2191 1097 κατά
2214 1043 2311 1113 τὴν
2340 1042 2551 1095 Παύλου
2590 1042 2803 1112 φωνὴν,
2856 1043 2920 1093 ὲκ
2961 1038 3276 1107 σπέρματος
3311 1050 3568 1102 γεγεννη-

1997 1134 2154 1205 μένος
2195 1134 2380 1200 Δαὸἰδ,
2422 1131 2822 1204 παντοκράτωρ
2851 1133 2918 1200 τῇ
2958 1127 3226 1198 συναφείᾳ
3256 1126 3409 1189 Θεός.
3444 1121 3569 1185 Πῶς

1991 1226 2075 1279 ἔτι
2110 1226 2376 1297 προέκοψε
2422 1226 2566 1279 κατὰ
2593 1226 2692 1296 τὴν
2729 1222 3108 1294 εἰκαιομυθίαν
3155 1222 3235 1284 εἰς
3268 1218 3569 1290 ἀρχιερέως

1991 1318 2229 1389 ἀξίωμα,
2262 1318 2438 1372 καίτοι
2479 1317 2609 1381 Θεὸς
2654 1316 3051 1388 παντοκράτωρ
3089 1314 3183 1366 καὶ
3231 1311 3321 1365 διὰ
3346 1311 3445 1381 τῆς
3474 1309 3571 1379 σῆς

1993 1409 2176 1478 φωνῆς
2206 1408 2685 1480 μαρτυρούμενος;
2721 1407 2837 1461 Κᾶν
2864 1406 2962 1477 τὴν
2990 1405 3184 1471 ἀκλεᾶ,
3205 1404 3298 1458 καὶ
3325 1403 3446 1473 τὴν,
3471 1402 3571 1455 οὐκ

1992 1496 2086 1555 οἶδ’
2106 1502 2276 1566 ὅπως,
2301 1501 2671 1572 ἐξευρημένην
2700 1499 2849 1569 αὐτῷ
2884 1516 2966 1552 σοι
2992 1499 3085 1552 mi.
3111 1497 3258 1569 μόνῳ
3275 1496 3569 1564 συνάφειαν

1994 1590 2287 1660 ὀνομάζῃς,
2321 1593 2556 1663 παρήσω
2589 1588 2706 1642 νυνί
2728 1605 2742 1620 °
2776 1588 2914 1659 πλὴν
2948 1587 3239 1659 ἐρήσομαι,
3273 1586 3416 1639 κατά
3446 1584 3569 1656 ῥοῦν

1998 1682 2130 1734 ἰέναι
2154 1681 2243 1734 τὸν
2266 1681 2413 1752 αὐτῷ
2438 1681 2715 1752 πρέποντά
2735 1697 2796 1733 τε
2825 1680 2917 1734 καὶ
2939 1678 3299 1749 προκείμενον
3320 1675 3400 1746 τῷ
3429 1675 3570 1745 λόγῳ

317 1761 385 1816 ad
453 1766 818 1821 sacerdotium
875 1781 1227 1836 promovetur
1264 1782 1319 1827 et
1360 1774 1607 1844 gloriam,
1658 1792 1764 1831 non
1819 1779 1884 1833 ad

1997 1772 2187 1826 σκοπὸν
2204 1772 2394 1842 ὲφιείς·
2412 1769 2667 1844 Ἀρόὑχῖ
2679 1771 2736 1824 τὸ
2750 1770 3054 1842 προκόπτον
3068 1771 3145 1832 εἰς
3165 1767 3465 1839 ἱερωσύνην
3478 1766 3571 1819 καὶ

315 1852 541 1910 meliora
603 1862 1097 1932 praestantioraque
1123 1864 1349 1931 gradum
1383 1866 1534 1931 facit,
1565 1878 1657 1922 aut
1708 1869 1889 1924 incre-

314 1957 558 2001 mentum
602 1951 766 2005 sumit
794 1952 894 2008 iet
920 1955 1166 2022 quisnam
1199 1957 1359 2027 hujus
1389 1959 1671 2013 sententia:
1696 1962 1891 2015 verita-

318 2043 427 2090 tem
490 2053 591 2094 suo
645 2041 902 2113 suffragio
950 2060 1056 2100 non
1119 2048 1368 2116 probet?
1402 2047 1570 2116 Maius
1622 2059 1707 2105 est
1762 2066 1890 2120 ergo

314 2129 607 2184 sacerdotii
636 2147 850 2197 munus,
882 2150 1043 2204 quam
1083 2136 1248 2192 Deum
1273 2153 1394 2195 esse
1419 2139 1840 2209 omnipotentem
1873 2156 1889 2194 ι

313 2217 417 2273 hoc
458 2219 505 2274 si
543 2221 617 2274 ita
671 2232 776 2288 est,
821 2228 1090 2294 quomodo
1133 2229 1225 2298 qui
1277 2232 1585 2286 sacerdotio
1623 2231 1887 2301 fungitur,

315 2309 592 2366 ministrat
648 2324 704 2368 et
752 2326 896 2370 astat
930 2326 989 2372 ut
1043 2320 1299 2376 minister
1327 2322 1461 2387 Deo,
1504 2331 1558 2377 et
1578 2330 1637 2375 ut
1657 2320 1893 2376 famulus

314 2399 564 2467 Domino,
627 2406 818 2462 solitas
861 2424 924 2464 ac
962 2419 1133 2465 statas
1192 2412 1497 2468 oblationes
1550 2412 1804 2478 offerens,
1837 2423 1893 2468 et

315 2493 523 2548 hostias
552 2496 858 2567 imponens,
896 2501 988 2555 ille
1011 2516 1139 2555 vero
1177 2510 1427 2572 tanquam
1449 2518 1700 2573 suprema
1730 2518 1890 2559 orna-

316 2594 405 2637 tus
438 2585 612 2656 gloria
648 2591 1129 2659 admittithostias,
1153 2605 1208 2648 et
1250 2594 1545 2649 honoratur
1589 2597 1892 2666 obsequio?

315 2674 471 2743 Illud,
505 2680 718 2749 opinor,
748 2684 915 2748 dices,
953 2684 1120 2738 Deum
1163 2686 1586 2755 omnipotentem
1642 2689 1889 2743 eumdem

314 2769 523 2824 factum
581 2787 701 2828 esse
759 2777 1093 2844 pontificem.
1150 2776 1292 2848 Ergo
1343 2781 1652 2834 exinanitus
1697 2790 1801 2845 est,
1837 2790 1892 2835 et

318 2861 558 2930 seipsum
593 2864 916 2932 humiliavit,
955 2868 1024 2923 ad
1055 2870 1265 2951 minora
1301 2886 1362 2926 se
1406 2872 1685 2942 dejiciens.
1743 2874 1891 2940 Quo-

316 2954 491 3008 modo'
516 2956 678 3025 igitur
708 2959 772 3011 ad
811 2959 1127 3028 dignitatem
1177 2977 1494 3030 progressus
1528 2974 1610 3019 est
1641 2966 1893 3019 sacerdos

319 3042 494 3118 factus
518 3047 545 3100 ἳ-
570 3048 882 3103 Recordare
931 3051 1045 3119 jam
1089 3067 1276 3107 rursus
1315 3062 1529 3107 tuorum
1560 3056 1844 3110 verborum
1875 3072 1891 3121 ;

1991 1864 2168 1929 δόξαν,
2200 1864 2298 1935 τὴν
2316 1866 2397 1928 εἰς
2419 1864 2486 1917 τά
2511 1863 2718 1935 ἀμείνω
2731 1862 2825 1916 καὶ
2838 1860 3137 1933 προῦχοντα
3162 1861 3395 1913 ποιεῖται
3420 1858 3572 1928 βάδι-

1993 1973 2097 2020 σιν,
2111 1957 2277 2026 ῆγουν
2295 1956 2533 2008 ἐπίδοσιν
2547 1955 2760 2022 ;Καίτοι
2779 1954 2895 2016 πῶς
2913 1953 3012 2023 οὐχ
3027 1948 3566 2019 άπαστισοῦνὲπιψη-

1991 2050 2192 2117 φιεῖται
2204 2047 2279 2117 τῷ
2298 2048 2439 2118 λόγῳ
2450 2047 2510 2099 τὸ
2524 2046 2737 2117 ἀληθῶς
2753 2044 2798 2116 [1
2800 2060 2861 2100 0’.
2877 2043 3120 2116 ἀληθές];
3137 2044 3335 2106 Μεῖζον
3351 2037 3443 2095 οὖν
3462 2042 3572 2114 ἄρα

1990 2136 2085 2190 τοῦ
2109 2133 2388 2191 εἶναιΘεὸν
2405 2137 2840 2207 παντοκράτορα,
2856 2136 2952 2206 τῆς
2972 2134 3270 2207 ἱερωσύνης
3288 2134 3570 2205 τὸχρῆμα.

1989 2225 2123 2282 Εἶτα
2145 2230 2280 2292 πῶς,
2309 2230 2337 2281 ὁ
2365 2229 2463 2300 μὲν
2490 2228 2738 2301 ἱερᾶσθαι
2778 2225 2959 2298 λαχὼν
2976 2227 3282 2298 λειτουργεῖ
3314 2225 3412 2279 καὶ
3433 2242 3573 2295 παρ-

1992 2321 2219 2390 έστηκεν
2236 2320 2311 2380 ὡς
2325 2320 2528 2390 λάτρης
2542 2319 2679 2390 Θεῷ.
2696 2319 2790 2372 καὶ
2803 2320 2878 2381 ὠς
2889 2319 3106 2388 οἰκέτης
3121 2317 3387 2387 Δεσπότῃ,
3412 2332 3577 2386 προσ-

1992 2409 2232 2480 κομίζων
2252 2410 2319 2462 τὰ
2334 2410 2717 2480 νενομισμένα,
2739 2408 3034 2474 καῖθυσίας
3058 2408 3352 2471 ἀνατιθείς·
3371 2409 3399 2460 ὁ
3414 2406 3473 2461 δὲ
3495 2406 3572 2470 ὡς

1991 2501 2115 2572 δόξῃ
2142 2504 2206 2572 τῇ
2228 2501 2511 2572 ὑπερτάτῃ
2531 2501 2969 2571 κατεστεμμένος
2983 2501 3341 2572 προσδέχεται
3366 2498 3466 2561 τὰς
3479 2498 3572 2550 θυι·

1995 2592 2136 2655 σίας,
2167 2593 2259 2644 καὶ
2288 2592 2517 2661 τιμᾶται
2534 2591 3159 2662 θεραπευόμενος;Ἀλλ’
3177 2592 3375 2653 ἐκεῖνο,
3395 2585 3569 2659 οἴμαι,

1994 2686 2099 2754 φής
2110 2702 2121 2714 ·
2156 2685 2235 2736 ὅτι
2252 2684 2385 2748 Θεὸς
2396 2684 2795 2754 παντοκράτωρ
2813 2686 3096 2757 ὑπάρχων,
3113 2688 3142 2738 ὁ
3158 2684 3320 2745 αὐτὸς
3348 2682 3570 2750 γέγονεν

1994 2774 2301 2843 ἀρχιερεύς.
2325 2774 2616 2827 Κεκένωκε
2633 2774 2696 2846 δὴ
2718 2771 2832 2839 οὖν,
2851 2778 2946 2828 καὶ
2958 2776 3359 2829 τεταπείνωκεν
3385 2772 3574 2826 ἑαυτὸν

1993 2865 2180 2928 καθεὶς
2192 2868 2249 2919 ὲν
2270 2866 2463 2936 μείοσι.
2486 2865 2609 2929 Πῶς
2628 2860 2719 2918 οὖν
2735 2864 2814 2919 ἔτι
2833 2866 3134 2937 προέκοψεν
3155 2868 3234 2929 εἰς
3248 2862 3465 2935 ἀξίωμα
3482 2881 3574 2932 γε·

1993 2953 2165 3023 γονὼς
2194 2956 2407 3026 ίερεύς;
2438 2957 2792 3029 Διαμέμνησο
2815 2958 2879 3028 δὴ
2920 2957 3082 3011 πάλιν
3113 2957 3221 3008 τῶν
3244 2955 3442 3008 σαυτοῦ
3492 2954 3580 3007 λό-

1994 3064 2104 3115 γων
2127 3065 2140 3079 ⁸
2174 3048 2309 3118 ἔφης
2337 3049 2443 3119 γὰρ
2470 3048 2643 3113 οὕτως
2680 3053 2738 3103 ὲν
2758 3053 2869 3113 τοῖς
2897 3050 3156 3121 ἀνωτέρω
3192 3047 3367 3119 βραχύ
3394 3063 3409 3077 ·
3431 3048 3495 3099 Εἰ
3521 3045 3577 3098 δὲ

320 3133 399 3187 sic
432 3151 663 3205 namque
697 3139 855 3205 paulo
879 3140 1131 3208 superius
1186 3143 1366 3198 dixisti
1406 3160 1421 3197 :
1457 3142 1676 3209 Quodsi
1703 3160 1887 3201 sacer-

1997 3140 2281 3211 ἀρχιερεὺς
2313 3142 2345 3211 ἠ
2373 3142 2592 3212 Θεότης,
2618 3142 2699 3206 τίς
2722 3143 2750 3195 ό
2775 3142 2926 3212 παρὰ
2945 3145 3010 3212 τῇ
3039 3142 3140 3210 τῆς
3167 3138 3578 3211 ἀρχιερωσύνης

321 3224 421 3278 dos
454 3234 539 3279 est
580 3226 693 3295 ipsa
726 3227 1011 3293 Divinitas,
1053 3231 1303 3298 quisnam
1340 3240 1425 3286 est
1479 3233 1568 3301 qui
1604 3234 1893 3289 sacerdotii

321 3314 581 3384 obsequio
617 3316 813 3371 colitur
844 3320 866 3372 ἰ
896 3320 943 3375 si
976 3320 1117 3376 Deus
1144 3330 1229 3377 est
1256 3323 1346 3392 qui
1378 3322 1556 3389 offert,
1609 3340 1768 3379 nemo
1814 3335 1896 3380 cst

323 3406 411 3460 cui
455 3407 568 3480 εδ
599 3406 880 3463 offeratur.
905 3411 1042 3478 Quid
1073 3414 1218 3466 enim
1243 3414 1315 3469 sit
1340 3413 1628 3469 Diviuitate
1651 3416 1893 3484 dignum,

324 3498 489 3551 utilla
529 3507 783 3567 tanquam
819 3500 1044 3556 inferior
1071 3503 1259 3571 majori
1292 3504 1484 3559 offerat
1514 3505 1537 3557 ?
1573 3506 1717 3562 Siste
1755 3522 1896 3561 nunc

324 3589 515 3644 saltem
563 3591 618 3646 in
660 3591 766 3646 tuis
816 3593 985 3663 ipsius
1028 3595 1250 3651 vocibus
1285 3615 1300 3664 ;
1332 3597 1427 3652 sed
1467 3597 1519 3652 id
1551 3597 1731 3654 facere
1756 3614 1899 3652 nun-

323 3696 484 3748 quam
515 3682 738 3749 poteris,
773 3696 895 3736 cum
959 3685 1105 3738 omni
1153 3696 1314 3741 vento
1360 3687 1791 3753 circumferaris,
1843 3695 1897 3742 et

325 3781 379 3826 te
402 3772 544 3825 ultro
566 3772 813 3842 citroque
843 3774 1037 3844 jactari
1069 3792 1177 3831 non
1213 3780 1443 3843 sentias,
1489 3794 1633 3835 nunc
1686 3794 1749 3835 ex
1791 3780 1896 3834 illis

322 3864 388 3917 ad
438 3863 574 3928 haec,
629 3880 775 3920 nunc
825 3866 1062 3922 vicissim
1091 3882 1159 3924 ει
1209 3870 1293 3925 his
1331 3871 1397 3924 ad
1425 3870 1513 3925 illa
1544 3872 1894 3939 transiliens;

320 3971 499 4027 neque
548 3958 657 4013 ullo
695 3961 855 4015 modo
899 3961 1240 4030 pertimescis
1266 3962 1417 4031 illud,
1445 3967 1588 4034 quod
1628 3974 1711 4021 εει
1744 3966 1894 4021 Pauli

317 4064 452 4104 voce
509 4051 757 4106 dictum:
793 4070 811 4106 ι
852 4050 907 4107 Si
934 4055 1078 4108 enim
1119 4069 1239 4124 quae
1265 4056 1532 4122 destruxi,
1564 4056 1681 4112 haec
1708 4073 1898 4113 rursus

318 4139 548 4205 aedifico,
575 4143 1046 4211 praevaricatorem
1072 4146 1333 4215 meipsum
1352 4147 1627 4203 constituo
1650 4149 1715 4204 ⁸⁸.
1751 4168 1768 4201 ι
1790 4149 1898 4206 Sed

317 4228 549 4286 fortasse
578 4232 819 4288 dicturus
845 4248 904 4287 es
930 4234 1057 4287 illud
1084 4253 1095 4288 :
1135 4233 1267 4289 Cum
1300 4243 1350 4289 tu
1381 4236 1498 4305 ipse
1521 4239 1720 4308 ubique
1748 4240 1901 4294 Chri-

318 4332 463 4378 stum
500 4339 666 4378 unum
712 4333 767 4380 et
800 4325 995 4379 Filium
1052 4334 1108 4379 et
1150 4327 1435 4380 Dominum
1487 4344 1611 4384 esse
1661 4330 1898 4385 allirmes

318 4420 449 4476 illud
487 4435 555 4476 ex
614 4422 724 4477 Deo
774 4420 938 4476 Patre
986 4421 1219 4476 Verbum
1253 4437 1375 4476 cum
1403 4437 1499 4477 sua
1529 4438 1714 4490 carne,
1755 4439 1894 4493 quo-

319 4514 479 4569 modo
508 4513 709 4571 asseris
763 4513 1074 4584 pontificem
1104 4512 1338 4583 positum
1375 4513 1544 4569 fuisse
1572 4524 1626 4569 et
1680 4525 1897 4583 aposto-

318 4604 426 4657 lum
447 4645 462 4669 ,
497 4605 570 4659 ita
601 4613 685 4670 ut,
709 4619 830 4659 cum
860 4605 912 4660 id
949 4605 1120 4670 dicas,
1151 4618 1256 4660 non
1293 4618 1559 4659 summam
1580 4606 1697 4673 ejus
1719 4605 1895 4675 digni-

319 4704 486 4749 tatem
520 4694 721 4749 aliicias
749 4698 1076 4751 contumelia
1110 4696 1133 4751 ἴ
1168 4697 1325 4764 Quia,
1377 4698 1619 4766 inquam,
1645 4697 1727 4751 vir
1755 4697 1897 4767 opti-

318 4801 427 4851 me,
452 4785 790 4856 unigenitum
815 4787 943 4842 illud
973 4788 1064 4843 Dei
1098 4786 1329 4844 Verbum
1370 4788 1572 4845 factum
1599 4799 1684 4844 est
1712 4790 1894 4853 homo,

317 4890 374 4936 et
422 4878 716 4936 sacerdotii
759 4892 954 4933 munus
1013 4879 1367 4935 humanitatis
1415 4897 1722 4937 mensuram
1752 4883 1895 4935 haud

317 4973 568 5037 dedecet,
598 4978 656 5026 ut
691 4970 822 5027 item
873 4971 1017 5039 quod
1075 4970 1274 5027 missus
1323 4986 1444 5027 esse
1487 4973 1702 5028 dicitur.
1755 4973 1896 5027 Cou-

319 5063 592 5117 fusionem
623 5060 770 5117 enim
819 5060 1166 5129 contempsit,
1194 5070 1253 5114 ut
1285 5061 1478 5116 beatus
1494 5060 1694 5116 Paulus
1731 5063 1895 5127 ait",

317 5168 442 5207 cum
479 5154 566 5209 his
621 5152 785 5207 etiam
835 5150 1052 5206 utiliora
1083 5160 1137 5205 et
1190 5151 1490 5221 indigniora
1542 5164 1761 5223 propter
1802 5167 1899 5208 nos

318 5243 626 5312 pertulerit.
649 5243 805 5298 Dedit
832 5243 977 5298 enim
1013 5244 1233 5297 dorsum
1265 5242 1320 5296 in
1360 5243 1595 5313 flagella,
1621 5253 1677 5298 et
1702 5242 1897 5299 faciem

318 5346 471 5386 suam
506 5347 614 5387 non
648 5324 847 5387 avertit
879 5348 910 5385 a
934 5333 1256 5387 confusione
1286 5342 1565 5401 sputorum
1598 5332 1644 5365 ⁸⁸
1668 5372 1684 5398 ,
1730 5343 1783 5387 ει
1806 5332 1900 5386 Ju-

321 5425 561 5481 daeorum
590 5427 945 5483 contumelias
972 5426 1240 5496 patienter
1269 5424 1543 5480 sustinuit.
1565 5424 1672 5480 Sed
1700 5425 1903 5495 refugis

320 5515 662 5574 sacerdotem
688 5515 965 5581 dicere,ut
999 5517 1087 5586 qui
1117 5517 1184 5572 sit
1207 5515 1391 5571 Deus?
1421 5516 1662 5572 Admitte
1682 5516 1898 5586 dispen-

1995 3227 2307 3299 λειτουργίᾳ.
2361 3229 2836 3301 θεραπευόμενος;
2868 3233 2917 3283 εἰ
2967 3230 3100 3293 Θεὸς
3152 3231 3180 3281 ὁ
3227 3228 3576 3301 προσφέρων,

1996 3317 2169 3378 οὐδεὶς
2199 3310 2243 3384 ᾧ
2274 3321 2642 3390 προσφέρεται
2663 3336 2677 3351 ⁸
2702 3319 2755 3371 τί
2782 3320 2889 3389 γὰρ
2922 3319 3188 3389 Θεότητος
3219 3320 3390 3383 ἄξιον,
3416 3317 3483 3370 ἵν’
3505 3317 3580 3380 ὡς

1995 3409 2232 3464 ἐλάττων
2279 3414 2563 3486 προσφέρῃ
2592 3412 2670 3481 τῷ
2713 3413 2956 3483 μείζονι;
2992 3414 3158 3485 Στῆθι
3196 3412 3291 3467 νῦν
3329 3413 3420 3467 καὶ
3450 3410 3578 3480 γοῦν

1996 3506 2052 3556 ὲν
2080 3507 2209 3566 ταῖς
2241 3504 2434 3557 ἑαυτοῦ
2468 3508 2671 3573 φωναῖς
2694 3522 2708 3535 '
2745 3505 2880 3559 ἀλλὰ
2906 3504 3063 3557 τοῦτο
3095 3504 3214 3575 μὲν,
3248 3504 3348 3574 οὐχ
3377 3498 3488 3566 οἷός
3518 3519 3578 3554 τε

1997 3592 2096 3666 ἔσῃ
2146 3594 2309 3663 δρᾷν·
2350 3595 2623 3665 περιφέρῃ
2663 3594 2720 3646 δὲ
2770 3593 2957 3665 ὥσπερ
3010 3594 3197 3664 ἀνέμῳ
3251 3594 3449 3658 παντὶ,
3486 3594 3579 3645 καὶ

1996 3686 2484 3756 διαρῤιπτούμενος
2515 3687 2614 3739 οὐκ
2644 3686 2898 3757 αἰσθάνῃ,
2944 3685 3073 3739 ποτὲ
3116 3687 3235 3755 μὲν,
3267 3685 3327 3750 ἐξ
3356 3685 3580 3737 ἐκείνων

1998 3779 2078 3842 εἰς
2110 3777 2285 3831 ταῦτα
2305 3818 2319 3842 ,
2351 3780 2482 3831 ποτε
2515 3779 2570 3831 δὲ
2606 3778 2769 3832 πάλιν
2798 3781 2862 3832 ὲκ
2901 3778 3105 3831 τούτων
3137 3780 3217 3842 είς
3262 3778 3447 3830 ἐκεῖνα
3487 3794 3583 3847 με-

1998 3869 2257 3938 ταπηδῶν
2279 3886 2293 3900 ·
2321 3869 2499 3933 δέδιας
2546 3870 2603 3923 δὲ
2647 3872 2767 3923 κατ’
2800 3869 2993 3923 οὐδένα
3028 3869 3229 3939 τρόπον
3263 3869 3323 3921 τὸ
3367 3869 3457 3924 διὰ
3483 3870 3580 3938 τῆς

1998 3963 2092 4016 τοῦ
2123 3963 2332 4018 Παύλου
2353 3966 2533 4037 φωνῆς
2551 3982 2565 3995 '
2598 3986 2617 4017 ι
2648 3967 2709 4019 Εἰ
2732 3966 2842 4037 γὰρ
2864 3965 2900 4019 ἂ
2926 3965 3229 4032 κατέλυσα,
3267 3965 3446 4020 ταῦτα
3473 3965 3579 4019 πά-

1998 4056 2082 4110 λιν
2129 4059 2491 4130 οἰκοδομήσω,
2549 4059 2874 4131 παραϐάτην
2919 4061 3161 4131 ἐμαυτὸν
3195 4062 3524 4115 συνιστάνω.
3559 4080 3577 4111 ι

2013 4148 2187 4219 Ἐρεῖς
2236 4149 2294 4202 δὲ
2334 4150 2464 4213 ῐσως
2497 4151 2698 4204 έκεῖνο*
2756 4151 2993 4221 Χριστὸν
3044 4152 3139 4205 ἕνα
3185 4152 3279 4204 καὶ
3317 4151 3448 4205 Υἰδν
3491 4152 3586 4205 καὶ

2000 4236 2207 4308 Κύριον
2241 4238 2709 4310 διισχυριζόμενος
2741 4234 2881 4294 εἶναι
2916 4240 3188 4311 πανταχοῦ
3225 4241 3319 4294 τὸν
3354 4244 3419 4294 ὲκ
3447 4241 3583 4294 Θεοῦ

2002 4333 2212 4404 Πατρὸς
2243 4331 2434 4399 Λόγον,
2478 4331 2615 4401 μετά
2652 4332 2751 4402 τῆς
2781 4332 2916 4394 ἰδίας
2960 4333 3185 4403 σαρκὸς,
3224 4333 3341 4396 πῶς
3374 4333 3442 4403 δὴ
3478 4333 3585 4403 φὴς

2003 4425 2082 4486 εἰς
2111 4422 2373 4494 ἀρχιερέα
2427 4420 2703 4475 τεθεῖσθαι
2749 4423 2844 4475 καὶ
2893 4422 3224 4489 ἀπόστολον;
3254 4418 3374 4476 εἶτα
3422 4424 3583 4477 τοῦτο

2001 4515 2194 4583 λέγων,
2229 4514 2325 4582 οὐχ
2357 4510 2609 4583 ὑδριεῖ[ς]
2637 4513 2734 4582 τῆς
2763 4512 2911 4576 Θείας
2940 4512 3107 4565 αὐτοῦ
3131 4513 3289 4582 δόξης
3320 4514 3383 4568 τὸ
3418 4516 3584 4585 ὑπερ-

2005 4604 2168 4676 φερὲς
2193 4602 2441 4674 ἀξίωμα;
2475 4604 2616 4667 Ὅτι,
2647 4597 2691 4655 ὧ
2740 4603 3001 4673 βέλτιστε,
3036 4605 3203 4675 φαίην
3242 4605 3331 4672 ἂν,
3361 4605 3584 4674 γέγονεν

2004 4695 2099 4749 ἀνθ
2110 4711 2288 4765 ρωπος
2311 4695 2339 4746 ὁ
2370 4693 2665 4764 μονογενὴς
2693 4693 2786 4746 τοῦ
2813 4693 2949 4747 Θεοῦ
2984 4694 3178 4763 Λόγος,
3204 4695 3302 4747 καί
3329 4700 3445 4759 τοῖς
3488 4697 3586 4765 τῆς

1954 4848 1960 4853 ν
2005 4785 2422 4857 ἀνθρωπότητος
2474 4784 2725 4855 μέτροις,
2759 4785 2859 4837 οὐκ
2911 4785 3252 4854 ἀνάρμοστον
3289 4785 3358 4839 ἂν
3388 4787 3476 4856 εἴη
3527 4787 3588 4839 τὸ

2006 4880 2195 4947 χρῆμα
2222 4877 2320 4946 τῆς
2369 4874 2686 4946 ἱερωσύνης,
2745 4874 2840 4927 καὶ
2882 4874 2987 4945 μὴν
3017 4875 3113 4927 καὶ
3151 4874 3214 4927 τὸ
3244 4876 3585 4929 ἀπεστάλθαι

2004 4969 2185 5036 λέγειν
2217 4968 2399 5023 αὐτόν.
2439 4966 2828 5036 Κατεφρόνησε
2859 4964 2967 5036 γὰρ
3014 4965 3299 5035 αἰσχύνης,
3323 4966 3401 5029 ὡς
3440 4968 3469 5020 ὁ
3497 4965 3588 5019 θε-

2006 5059 2227 5120 σπέσιος
2252 5058 2453 5128 γράφει
2476 5054 2705 5120 Παῦλος,
2739 5056 2833 5108 καὶ
2862 5054 2931 5107 τὰ
2964 5053 3046 5105 ἔτι
3076 5054 3213 5123 μείω
3234 5072 3294 5108 τε
3334 5058 3428 5109 καὶ
3479 5059 3586 5110 άπ-

2004 5150 2279 5221 ηχέστερα
2308 5147 2374 5200 δι’
2399 5148 2546 5218 ἡμᾶς
2572 5145 2891 5215 ὑπομείνας.
2914 5144 3127 5199 Δέδωκε.
3159 5144 3270 5217 γάρ
3295 5146 3390 5200 τὸν
3421 5147 3590 5201 νῶτον

2004 5243 2084 5304 εἰς
2116 5243 2405 5311 μάστιγας,
2431 5241 2492 5292 τὸ
2524 5239 2581 5292 δὲ
2612 5240 2902 5312 πρόσωπον
2929 5237 3094 5290 αὑτοῦ
3127 5240 3230 5292 οὐκ
3255 5240 3587 5312 ἀπεστράφη

2006 5332 2115 5386 ἀπὸ
2156 5332 2417 5402 αἰσχύνης
2440 5331 2866 5402 ὲμπτυσμάτων,
2900 5330 2992 5383 καί⁵
3016 5329 3115 5394 τὰς
3149 5331 3426 5385 Ἰουδαίων
3447 5350 3586 5401 παρα

2005 5421 2175 5484 οινίας
2202 5422 2498 5492 τληπαθῶς
2528 5421 2803 5490 ἠνέσχετο.
2837 5418 2974 5472 Ἀλλ’
2996 5419 3097 5471 οὐκ
3122 5419 3298 5485 ἀξιοῖς
3328 5423 3483 5495 ἱερέα
3512 5422 3595 5474 λέ·

2007 5529 2125 5579 γειν
2161 5511 2236 5574 ὡς
2259 5511 2575 5582 ὑπάρχοντα
2596 5511 2763 5577 Θεόνς
2791 5510 2957 5580 Δέχου
2989 5510 3087 5581 τῆς
3112 5512 3434 5582 οἰκονομίας
3466 5514 3590 5577 τοὺς

393 5701 439 5737 ⁸⁸
476 5699 657 5757 Galat.
709 5713 767 5765 ιι,
804 5697 889 5753 i8.
967 5698 1010 5729 ³⁷
1052 5696 1216 5754 llcbr.
1255 5711 1353 5765 xu,
1386 5695 1437 5751 Ξ.
1514 5695 1573 5771 ³⁸.
1602 5695 1702 5752 lsa.
1739 5710 1788 5762 ι,
1823 5693 1885 5761 6;

1997 5692 2106 5748 ,ttb.
2140 5708 2285 5761 un,
2323 5695 2408 5751 67.
