3926 6126
310 318 408 375 155

1364 328 1740 388 ADVERSUS
1776 332 2179 390 NESTORIUM
2222 334 2348 390 LIB.
2385 335 2470 392 lll.

3450 345 3549 400 lbi

306 442 529 512 λόγουςο
575 443 878 515 διαλογίξου
935 448 1036 520 τὴν
1061 449 1326 506 κένωσιν·
1382 454 1480 525 τὴν
1531 458 1611 519 είς
1644 460 1740 527 τὴν
1785 474 1852 510 το

1955 458 2208 515 sationis
2268 458 2558 522 rationem,
2617 457 2791 527 cogita
2845 457 3289 523 exinanitionem.
3322 462 3546 517 descen-

307 533 489 587 δούλου
518 536 730 607 μορφὴν
758 540 1169 610 καταφοίτησιν.
1201 544 1273 597 Οὐ
1298 543 1363 613 δὴ
1391 545 1661 616 προκόψαι
1692 548 1872 618 φαμὲν

308 627 396 679 καὶ
422 627 502 690 εἰς
526 627 741 699 ἀξίωμα
768 629 997 701 δραμεῖν
1040 632 1131 686 τὸν
1163 635 1258 689 τοῦ
1308 637 1443 690 Θεοῦ
1485 638 1681 706 Λόγον,
1709 642 1757 693 εί
1783 657 1874 693 κε-

305 719 639 788 χρημάτικεν
677 721 834 791 ἡμῶν
877 724 1201 796 ἀρχιερεὺς,
1232 728 1557 784 καθικέσθαι
1585 730 1642 783 δὲ
1672 732 1872 801 μᾶλλον

303 809 391 863 καὶ
418 809 507 862 διὰ
544 811 736 865 τούτου
776 814 913 884 πρὸς
947 816 1210 870 κένωσιν·
1244 819 1368 873 ἐπεὶ
1402 821 1518 884 πῶς
1548 823 1868 892 κεκένωται,

303 899 389 952 καὶ
408 897 889 972 [τε]ταπεινῶσθαι
900 905 1117 974 λέγεται
1132 908 1328 967 ,καίτοι
1340 910 1403 963 τὸ
1418 912 1690 981 ἄτρεπτον
1708 914 1868 985 ἔχων,

302 992 388 1047 καὶ
419 994 682 1066 ὑπάρχων
715 998 774 1049 ὲν
808 1000 991 1068 μορφῇ
1019 1000 1111 1053 καὶ
1142 1001 1348 1071 ίσότητι
1376 1003 1518 1057 κατά
1547 1009 1658 1060 πᾶν
1693 1006 1870 1062 ὁτιοῦν

300 1081 432 1151 πρὸς
457 1082 550 1135 τὸν
589 1084 786 1139 ἑαυτοῦ
820 1087 860 1139 Γ
862 1089 1163 1158 εννήτορα;
1205 1090 1321 1155 πῶς
1365 1092 1422 1146 δὲ
1465 1096 1560 1149 καὶ
1597 1098 1868 1169 προέκοψε

296 1173 438 1227 κατὰ
465 1173 661 1246 βραχὺ,
699 1178 795 1231 καὶ
834 1178 1016 1242 τοῦτο,
1053 1181 1197 1235 καθά
1224 1184 1330 1254 φὴς
1367 1186 1550 1251 αὐτὸς,
1580 1191 1660 1252 είς
1680 1189 1741 1243 τὸ
1769 1191 1868 1262 τῆς

296 1265 706 1339 ἀρχιερωσύνης
748 1269 1005 1339 ἀξίωμας
1052 1272 1213 1327 ποίαν
1263 1277 1345 1337 εἰς
1379 1277 1537 1331 τοῦτο
1580 1280 1866 1351 δεχόμενος

291 1356 385 1426 τὴν
428 1358 710 1427 ἐπίδοσιν;
743 1361 806 1414 El
843 1362 940 1432 μὲν
992 1360 1087 1417 οὖν
1129 1365 1228 1434 τὴν
1277 1365 1560 1437 σώματος,
1596 1373 1865 1444 ἐρήσομαι

294 1447 482 1501 πάλιν
511 1444 665 1520 Ἀρα
691 1452 800 1524 γὰρ
837 1454 870 1524 ἡ
911 1454 1159 1525 σώματος
1179 1456 1407 1530 αὔξησις
1452 1461 1592 1533 πρὸς
1634 1464 1733 1534 τὴν
1766 1467 1864 1535 τῆς

296 1539 599 1610 ἱερωσύνης
628 1543 1151 1614 ἀνακομίζειδόξαν;
1186 1549 1396 1603 Ούκοῠν
1429 1551 1568 1606 ἔστω
1592 1553 1650 1607 τὸ
1675 1555 1863 1625 χρῆμα

294 1630 479 1683 κοινόν
500 1649 512 1662 ·
549 1632 644 1685 καὶ
677 1635 705 1686 ό
736 1634 827 1697 σὸς
864 1636 1043 1690 οὑτοσὶ
1066 1638 1205 1692 κατὰ
1234 1641 1433 1705 παντὸς
1460 1642 1558 1697 ἴτω
1590 1643 1744 1712 λόγος
1765 1647 1861 1699 τού

295 1723 697 1791 προκόπτοντος
758 1727 1113 1796 σωματικῶς·
1167 1730 1303 1784 ἀλλά
1367 1732 1472 1802 μὴν
1525 1735 1625 1805 οὐχ
1687 1735 1860 1791 ἅπασι

1975 564 2204 618 sumque
2249 550 2315 603 ad
2370 547 2511 602 servi
2564 546 2816 603 formam.
2863 548 2979 604 Non
3038 550 3201 619 igitur
3253 551 3546 621 profecisse

1974 641 2226 705 dicimus,
2284 647 2338 694 et
2394 640 2463 693 ad
2508 639 2827 706 dignitatem
2877 641 3189 709 pervenisse
3239 642 3411 711 ipsum
3453 644 3542 698 Dei

1978 733 2232 797 Verbum,
2262 747 2384 787 cum
2414 730 2657 802 pontifex
2693 742 2877 787 noster
2905 742 2990 788 est
3019 731 3213 799 factus,
3248 735 3339 788 sed
3364 735 3544 803 potius

1973 824 2136 880 etiam
2169 839 2235 879 ex
2262 824 2364 878 hac
2402 832 2558 891 parte
2590 822 2659 876 ad
2688 823 3118 877 exinanitionem
3161 823 3538 878 descendisse:

1972 917 2193 987 alioqui,
2245 915 2515 985 quomodo
2548 916 2860 970 exinanitus
2891 924 2946 969 et
2978 915 3294 969 humiliatus
3322 914 3541 980 dicitur,

1971 1024 2094 1064 cum
2124 1016 2271 1063 esset
2321 1005 2680 1061 immutabilis
2709 1013 2763 1059 et
2794 1005 2848 1058 in
2885 1003 3056 1058 forma
3086 1003 3202 1069 Dei,
3237 1012 3292 1057 et
3321 1004 3541 1072 aequali-

1972 1108 2134 1154 tatem
2156 1099 2412 1153 omnibus
2442 1097 2496 1151 in
2532 1096 2694 1150 rebus
2712 1110 2833 1150 cum
2863 1111 2960 1150 suo
2985 1094 3242 1151 Genitore
3264 1094 3541 1149 servaret?

1970 1190 2241 1259 quomodo
2270 1189 2433 1243 etiam
2476 1187 2732 1256 paulatim
2761 1185 3011 1255 profecit,
3034 1186 3216 1254 idque,
3254 1196 3312 1239 ut
3348 1195 3402 1239 tu
3434 1186 3536 1250 ais,

1968 1280 2036 1334 ad
2065 1281 2352 1334 sacerdotii
2383 1278 2700 1349 dignitatem
2732 1279 2756 1332 ?
2781 1278 2940 1347 quale
2965 1278 3030 1333 ad
3055 1292 3174 1331 eam
3207 1291 3319 1332 rem
3359 1278 3539 1333 incre-

1969 1380 2213 1425 mentum
2244 1370 2504 1439 accepit?
2534 1370 2665 1425 Nam
2709 1372 2753 1425 si
2798 1371 3042 1440 corporis
3100 1372 3272 1437 dicas,
3336 1371 3537 1441 rogabo

1968 1477 2208 1516 rursus:
2258 1461 2395 1516 Num
2432 1463 2679 1531 corporis
2729 1472 3077 1532 augmentum
3131 1465 3196 1517 ad
3246 1463 3535 1518 sacerdotii

1965 1556 2190 1627 gloriam
2226 1556 2471 1625 perducit
2501 1555 2526 1607 ἲ
2558 1555 2700 1625 Ergo
2738 1555 3044 1610 communis
3078 1555 3151 1608 sit
3181 1570 3244 1609 ea
3279 1555 3532 1623 dignitas,

1964 1659 2017 1702 et
2044 1649 2157 1701 haec
2186 1655 2278 1699 tua
2331 1648 2474 1701 ratio
2524 1661 2620 1715 per
2678 1659 2866 1699 omnes
2895 1654 2982 1698 eat
3044 1644 3137 1711 qui
3183 1644 3538 1711 corporaliter

1964 1750 2252 1808 augentur,
2311 1737 2461 1807 atqui
2521 1752 2628 1790 non
2682 1735 2934 1790 omnibus
2977 1735 3067 1803 qui
3102 1736 3168 1789 ad
3228 1736 3533 1789 auctionem

294 1812 404 1874 τοῖς
431 1814 511 1874 είς
562 1811 786 1884 αὔξησιν
821 1815 919 1886 τὴν
959 1820 1275 1891 σωματικὴν
1320 1822 1614 1894 ἀναφοιτᾷν
1644 1825 1852 1880 εἰωθόσι

1963 1828 2298 1899 corporalem
2334 1828 2621 1896 pervenire
2643 1827 2838 1891 solent,
2873 1828 3175 1881 sacerdotio
3216 1825 3363 1896 fungi
3405 1842 3534 1882 con-

292 1900 352 1953 τὸ
403 1902 649 1972 ἱερᾶσθαι
704 1903 942 1974 πρέπεν
981 1906 1099 1969 πῶς
1135 1903 1228 1961 οὖν
1290 1911 1423 1978 ἡμῖν
1469 1912 1547 1975 είς
1588 1912 1862 1979 ἀπόδειξιν

287 1985 362 2045 ὧν
412 1994 550 2064 ἔφης
590 1997 910 2066 παρατιθεὶς
961 1999 1062 2052 οὐκ
1098 1999 1388 2072 ἐρυθριᾷς,
1430 2004 1492 2056 τὸ
1543 2004 1630 2058 διὰ
1675 2005 1860 2075 φωνῆς

286 2084 577 2153 εἰρημένον
610 2085 704 2138 τοῦ
748 2085 1036 2141 θεσπεσίου
1067 2090 1253 2143 Λουκᾶ
1278 2107 1290 2119 ⁸
1346 2110 1364 2143 ι
1404 2094 1607 2163 Ἰησοῦς
1643 2095 1699 2148 δὲ
1726 2113 1859 2165 προ-

283 2172 516 2228 ἐκοπτεν
542 2175 725 2246 ἡλικίᾳ
752 2177 846 2231 καὶ
876 2179 1037 2250 σοφία
1059 2181 1149 2234 καὶ
1172 2183 1354 2253 χάριτι
1377 2201 1392 2249 ;
1422 2203 1442 2235 ι
1476 2186 1612 2239 Ἀλλ’
1642 2187 1717 2251 ὼς
1743 2186 1853 2259 [ἷσ.

281 2265 388 2337 είς]
429 2267 621 2336 σοφίαν
654 2268 759 2338 φὴς
790 2269 1043 2337 γενέσθαι
1086 2272 1182 2344 τὴν
1214 2276 1479 2330 ἐπίδοσιν·
1515 2280 1690 2334 καίτοι
1739 2282 1857 2347 πῶς

278 2354 439 2408 τοῦτο
472 2356 574 2409 οὐκ
621 2357 869 2423 ἁμαθές;
921 2360 1371 2434 Πεπιστεύκαμεν
1415 2366 1522 2437 γὰρ
1569 2370 1633 2421 ὲκ
1666 2370 1858 2440 νηδύος

278 2447 453 2518 αὐτῆς
499 2449 597 2502 καὶ
645 2451 856 2519 μήτρας
898 2451 995 2523 τῆς
1041 2454 1375 2528 παρθενικῆς
1419 2459 1550 2513 Θεὸν
1582 2460 1710 2515 ὄντα
1764 2463 1854 2517 τὸν

290 2538 662 2609 Ἐμμανουὴλ,
700 2543 983 2611 ἄνθρωπον
1025 2546 1326 2615 προελθεῖν,
1365 2550 1545 2622 πλήρη
1573 2570 1673 2604 που
1722 2555 1855 2609 πάν-

272 2646 388 2692 τως
417 2631 606 2700 σοφίας
638 2636 731 2686 καὶ
763 2635 984 2704 χάριτος
1022 2636 1121 2705 τῆς
1156 2640 1382 2710 ἐνούσης
1415 2643 1564 2712 αὐτῷ
1592 2648 1851 2711 φυσικῶς.

274 2724 451 2777 Ποίαν
475 2720 569 2778 οὖν
588 2726 890 2788 ὲπιδέξαιτο
910 2727 1008 2797 τὴν
1030 2728 1271 2785 ἐπίδοσιν
1296 2732 1324 2782 ὁ
1350 2734 1407 2784 ὲν
1432 2726 1476 2800 ᾧ
1499 2736 1697 2800 πάντες
1719 2740 1853 2792 είσὶν

270 2815 324 2867 oi
367 2815 636 2886 θησαυροὶ⁵
680 2817 780 2886 τῆς
810 2817 1016 2886 σοφίας,
1048 2821 1076 2872 ό
1100 2820 1202 2889 τῆς
1240 2821 1446 2876 ἄνωθεν
1473 2827 1692 2897 χάριτος
1726 2847 1852 2883 συν-

266 2906 442 2978 δοτὴρ
476 2906 553 2978 τῷ
593 2907 710 2978 Θεῷ
750 2910 841 2962 καὶ
872 2911 1076 2981 Πατρί;
1109 2912 1235 2975 Πῶς
1263 2909 1353 2967 οὖν
1377 2916 1483 2985 ἄρα
1523 2921 1851 2988 προκόπτειν

266 3001 530 3071 εἴρηται;
561 3002 1029 3073 Συμμετροῦντος,
1054 3003 1130 3069 ὥς
1163 3023 1224 3073 γε
1253 3003 1425 3076 οἶμαι,
1466 3009 1557 3063 τοῦ
1591 3012 1725 3065 Θεοῦ
1749 3016 1849 3069 Λό-

264 3109 389 3160 γου,
425 3095 493 3163 τῇ
523 3091 616 3145 τοῦ
668 3092 797 3146 ίδίου
831 3093 1085 3165 σώματος
1115 3097 1252 3170 αὔξῃ
1281 3117 1340 3152 τε
1379 3102 1473 3155 καὶ
1510 3103 1715 3175 ἡλικίᾳ,
1737 3108 1847 3160 τῶν

1963 1921 2112 1975 venit
2140 1939 2154 1975 :
2184 1920 2457 1989 quomodo
2490 1918 2654 1989 igitur
2688 1918 2752 1972 ad
2788 1918 2878 1974 illa
2921 1934 3041 1989 qua:
3096 1919 3276 1973 dixisti
3308 1918 3535 1974 demon-

1961 2012 2209 2077 stranda,
2235 2026 2298 2065 ea
2333 2010 2529 2065 afferre
2553 2026 2657 2065 non
2676 2011 2953 2064 erubescis
3008 2025 3126 2078 quae
3168 2009 3349 2063 verbis
3389 2010 3530 2065 beati

1960 2101 2122 2157 Lucae
2156 2102 2297 2155 dicta
2324 2110 2493 2155 sunt:
2529 2116 2547 2150 ι
2587 2097 2743 2153 Jesus
2790 2110 2966 2151 autem
3017 2098 3331 2167 prolicicbat
3374 2108 3534 2151 astate

1959 2204 2013 2248 et
2068 2192 2333 2263 sapientia
2387 2200 2441 2245 et
2496 2190 2669 2259 gratia
2697 2190 2740 2221 "
2771 2191 2792 2242 ’ἒ
2822 2209 2839 2241 ι
2877 2189 2945 2242 At
2972 2190 3114 2243 enim
3166 2190 3218 2243 in
3268 2189 3531 2259 sapientia

1958 2282 2305 2337 factumesse
2348 2281 2745 2335 incrementum
2778 2281 2961 2334 dicis:
3007 2279 3221 2333 tametsi
3265 2280 3533 2347 quomodo

1954 2377 2064 2447 87
2088 2377 2137 2430 id
2169 2391 2272 2429 non
2294 2374 2513 2429 stultum
2540 2374 2647 2428 sit?
2665 2373 2937 2427 credimus
2956 2373 3101 2429 enim
3124 2386 3189 2426 ex
3213 2373 3326 2440 ipso
3344 2380 3533 2425 ventre

1956 2481 2119 2538 atque
2161 2479 2315 2521 utero
2351 2465 2614 2534 virgineo,
2653 2465 2827 2533 ipsum
2853 2463 3191 2525 Emmanuel,
3235 2477 3354 2516 cum
3390 2461 3532 2515 Deus

1955 2568 2118 2622 esset,
2150 2558 2425 2611 hominem
2464 2555 2748 2624 ριοιιίίεεο,
2783 2554 2998 2623 plenum
3034 2553 3219 2622 procul
3251 2553 3410 2607 dubio
3445 2567 3533 2605 sa-

1954 2647 2156 2717 pientia
2188 2656 2240 2700 et
2268 2646 2443 2717 gratia
2475 2662 2595 2714 qua}
2630 2644 2700 2697 illi
2746 2644 3064 2699 naturaliter
3108 2644 3302 2698 inerat.
3354 2642 3533 2709 Quod-

1954 2757 2077 2794 nam
2120 2740 2282 2809 igitur
2311 2740 2356 2791 is
2389 2738 2778 2791 incrementum
2809 2736 3127 2804 susciperet,
3164 2737 3217 2788 in
3257 2749 3363 2803 quo
3408 2742 3532 2788 sunt

1951 2847 2138 2886 omnes
2170 2830 2405 2885 thesauri
2439 2829 2717 2896 sapientiae
2743 2829 2813 2891 ὀ,
2841 2829 2931 2896 qui
2972 2840 3216 2895 supernae
3242 2825 3428 2895 gratia:
3453 2825 3529 2877 si—

1953 2923 2059 2977 mul
2092 2937 2212 2976 cum
2245 2921 2353 2973 Deo
2385 2917 2637 2985 etPatre
2666 2917 2892 2985 largitor
2920 2915 3045 2970 est?
3067 2914 3345 2977 Ouomodo
3371 2913 3533 2976 igitur

1952 3013 2213 3083 proficere
2260 3013 2437 3067 dictus
2471 3011 2591 3065 est?
2642 3008 2710 3064 Ut
2757 3025 2854 3078 ego
2908 3008 3161 3071 arbitror,
3211 3005 3333 3073 quia
3394 3004 3532 3057 Deus

1956 3102 2217 3166 Verbum,
2255 3117 2352 3172 pro
2380 3103 2718 3155 incremento
2744 3110 2797 3152 et
2821 3107 2980 3151 mtate
3004 3095 3366 3162 suicorporis,
3398 3092 3533 3145 divi-

265 3184 502 3237 ὲνόντων
524 3183 672 3253 αύτῷ
695 3184 1177 3257 θεοπρεπεστάτων
1201 3193 1418 3260 ἀγαθῶν
1443 3195 1540 3267 τὴν
1562 3197 1842 3265 ἐκφανσιν.

1955 3209 2140 3248 norum
2183 3192 2395 3246 illorum
2432 3194 2697 3247 bonorum
2743 3204 2862 3258 qum.
2894 3188 2994 3243 sibi
3024 3188 3255 3250 inerant,
3300 3183 3531 3239 manife-

270 3276 585 3344 Ἔννοῶμεν
634 3274 739 3345 γὰρ
763 3278 864 3337 ὅτι.
911 3279 1087 3332 καίτοι
1138 3283 1258 3334 καθ’
1302 3286 1447 3353 ἡμᾶς
1486 3288 1724 3355 γεγονὼς
1752 3290 1846 3343 ἄν-

262 3366 511 3436 θρωπος,
554 3366 836 3422 λανθάνειν
880 3372 1212 3437 ἐσπούδαζεν
1256 3376 1314 3428 ὲν
1345 3377 1543 3446 ἀρχαῖς
1565 3420 1579 3440 ,
1613 3382 1707 3433 καὶ
1735 3378 1846 3436 οἷον

266 3457 518 3527 ἀψοφητὶ
562 3459 656 3511 καὶ
685 3462 1061 3531 σεσιγημένως
1091 3464 1186 3535 τὴν
1224 3465 1316 3519 τοῦ
1349 3470 1649 3537 μυστηρίου
1684 3472 1845 3525 δύνα-

262 3567 357 3618 μιν
402 3550 550 3604 κατὰ
593 3550 764 3621 βραχὺ
808 3552 1210 3623 διοικούμενος’
1244 3558 1337 3610 καὶ
1380 3559 1517 3628 πρός
1572 3578 1634 3629 γε
1690 3564 1848 3616 τοῦτο

257 3641 414 3711 ἡμᾶς
462 3642 626 3704 αὐτὸς
675 3644 702 3694 ὁ
731 3644 861 3709 Θεὸς
895 3648 989 3699 καὶ
1021 3648 1210 3717 Πατὴρ
1267 3650 1599 3705 πιστώσεται
1632 3654 1805 3718 λέγων
1829 3673 1843 3686 ·

263 3751 282 3783 ι
334 3732 543 3786 Ἰακὼϐ
575 3734 605 3786 ὁ
646 3739 769 3799 παῖς
813 3754 936 3805 μου,
977 3739 1340 3808 ἀντιλήφομαι
1386 3742 1585 3796 αὑτοῦ·
1634 3746 1848 3816 Ἰσραὴλ

253 3829 284 3881 ὁ
330 3828 598 3891 ἐκλεκτός
646 3847 767 3898 μου,
827 3832 1186 3902 προσεδέξατο
1231 3835 1395 3888 αὑτὸν
1446 3838 1479 3906 ἡ
1525 3836 1669 3908 ψυχή
1708 3858 1843 3908 μου·

255 3919 451 3972 ἔδωκα
485 3920 546 3972 τὸ
564 3920 782 3990 πνεῦμά
821 3940 918 3990 μου
941 3924 1025 3975 ἐπ’
1060 3925 1222 3976 αὐτόν
1245 3941 1256 3953 ⁸
1290 3926 1472 3996 κρίσιν
1502 3931 1612 3991 τοῖς
1644 3916 1847 3985 ἔθνεσιν

252 4006 504 4071 ἐξοίσειο
528 4007 589 4058 ού
633 4009 978 4078 κεκράξεται,
1010 4012 1131 4065 οὐδὲ
1164 4014 1391 4079 ἀνοίσει,
1422 4015 1541 4068 οὐδὲ
1577 4019 1847 4092 ἀκουσθή-

252 4114 423 4151 σεται
456 4099 490 4166 ή
534 4097 686 4168 φωνὴ
733 4099 897 4152 αὑτοῦ
935 4098 1070 4164 ἔξω·
1102 4104 1347 4173 κάλαμον
1392 4107 1846 4181 συντεθλασμένον

248 4187 315 4240 οὐ
342 4186 671 4259 συντρίψει·
703 4189 796 4242 καὶ
831 4188 974 4243 λίνον
998 4191 1298 4263 τυφόμενον
1342 4195 1402 4247 ού
1428 4196 1627 4254 σϐέσει.
1662 4218 1681 4251 ι
1720 4202 1847 4256 Ἐπ-

249 4278 427 4349 ετίμα
456 4279 518 4332 δέ
552 4297 655 4333 που
696 4281 789 4335 καὶ
834 4281 1019 4346 αὐτοῖς
1060 4286 1171 4347 τοῖς
1201 4284 1376 4353 ἁγίοις
1395 4289 1730 4356 ἀποστόλοις,
1760 4296 1846 4350 ἴνα

253 4372 334 4441 μὴ
372 4372 615 4443 φανερὸν
644 4373 809 4426 αὑτὸν
844 4372 1090 4430 ποιῶσιν.
1127 4376 1332 4431 Οὐκοῦν
1359 4378 1572 4452 ἐδείχθη
1612 4383 1679 4437 ἂν
1706 4384 1846 4439 ᾶπα-

246 4462 547 4559 σινᾼᾶηθές
570 4481 627 4559 τε
653 4465 841 4559 χρῆμα
877 4466 970 4518 καὶ
1000 4465 1168 4559 ξένον,
1197 4471 1290 4522 καὶ
1317 4476 1636 4543 περιεργίας
1674 4477 1840 4543 ἄξιον,
1879 4506 1921 4559 ι)

241 4556 297 4607 εί
332 4552 548 4623 βρέφος
575 4554 648 4606 ὢν
682 4555 783 4618 ἔτι,
819 4556 1097 4627 θεοπρεπῆ
1127 4559 1225 4629 τῆς
1265 4563 1454 4631 σοφίας
1490 4566 1724 4621 ἐποιεῖτο
1745 4569 1844 4640 τὴν

242 4645 493 4709 ἔνδειξιν
514 4663 526 4675 ⁸
559 4647 698 4699 κατά
726 4649 896 4718 βραχὺ
922 4651 979 4703 δὲ
1011 4655 1106 4704 καὶ
1130 4654 1408 4722 ἀναλόγως
1433 4660 1499 4727 τῇ
1530 4658 1625 4711 τοῦ
1657 4659 1844 4729 σώμα-

240 4753 339 4800 τος
389 4735 591 4807 ἡλικίᾳ
640 4738 986 4809 κατευρύνων
1041 4741 1229 4811 αὐτὴν,
1291 4745 1506 4817 ἐμφανῆ
1559 4765 1619 4799 τε
1669 4746 1841 4802 ἅπασι

240 4824 564 4890 καθιστῶν,
589 4827 916 4896 προκόπτειν
948 4828 1013 4882 ἂν
1032 4829 1260 4897 λέγοιτο,
1290 4835 1383 4886 καὶ
1415 4836 1561 4905 μάλα
1592 4838 1837 4902 εἰκότως.

238 4917 372 4982 Πῶς
402 4914 511 4970 οὖν
538 4917 645 4987 ἄρα
681 4916 820 4970 κατὰ
850 4922 1043 4992 μικρὸν
1073 4923 1376 4993 προέκοψεν
1405 4928 1484 4989 είς
1515 4930 1835 5002 ἱερωσύνην,

238 5012 383 5063 κατὰ
422 5008 656 5080 ἀρετὴν,
693 5011 816 5063 είπέ
859 5028 970 5081 μοι,
1008 5013 1425 5086 τελειούμενος;
1470 5013 1589 5071 εἶτα
1635 5021 1752 5085 πῶς
1776 5021 1842 5077 ἀν

234 5099 267 5169 ἢ
305 5099 480 5153 πόθεν
502 5099 801 5153 ἑνδοιάσειέ
826 5120 928 5167 τις,
953 5105 1034 5159 ὄτι
1060 5106 1118 5159 τὸ
1146 5108 1483 5178 ἡμαρτηκὸς,
1510 5111 1604 5163 τοῦ
1625 5111 1845 5176 τελείως

236 5189 463 5259 ἔχοντος
500 5192 645 5245 κατά
676 5192 897 5265 ἀρετὴν,
930 5196 1035 5249 ὑπὸ
1083 5197 1272 5267 μῶμον
1301 5198 1474 5263 ἔσται,
1508 5204 1601 5255 καὶ
1628 5202 1728 5256 ούκ
1762 5205 1843 5265 είς

236 5280 388 5333 ἅπαν
434 5281 895 5352 τεθαυμασμένον
919 5325 933 5349 ,
968 5288 1167 5356 μᾶλλον
1192 5289 1249 5342 δὲ
1287 5290 1427 5360 τάχα
1464 5310 1564 5346 που
1606 5294 1700 5347 καὶ
1739 5296 1843 5348 ὑπὸ

235 5372 464 5442 γραφὴν
525 5373 839 5444 ἀμαρτίαςς
888 5377 1048 5431 Ἀλλά
1108 5379 1216 5449 μὴν
1263 5381 1482 5453 ἀληθὲς,
1527 5383 1603 5448 ὡς
1636 5386 1697 5438 οὐ
1739 5403 1835 5439 πε-

236 5461 474 5532 ποίηκεν
517 5463 820 5533 ἁμαρτίαν,
849 5466 969 5519 οὐδὲ
1008 5467 1201 5538 εὑρέθη
1229 5470 1375 5536 δόλος
1412 5474 1470 5527 ὲν
1507 5476 1575 5546 τῷ
1609 5475 1833 5546 στόματι

1948 3286 2232 3339 stationem
2292 3284 2743 3338 admetiebantur.
2794 3280 3213 3335 Consideremus
3264 3276 3408 3331 enim
3468 3276 3532 3329 il-

1950 3376 2083 3438 lutn,
2122 3375 2369 3443 quamvis
2404 3373 2694 3443 homojam
2728 3372 2895 3425 nostri
2927 3370 3123 3424 similis
3163 3369 3338 3423 factus
3368 3377 3529 3420 esset.

1949 3465 2104 3520 initio
2159 3466 2326 3519 latere
2384 3466 2692 3527 studuisse,
2757 3464 2920 3516 veluti
2994 3463 3110 3516 sine
3175 3462 3404 3530 strepitu
3467 3474 3531 3512 ac

1952 3556 2114 3610 tacite
2186 3555 2443 3624 paulatim
2506 3554 2749 3624 mysterii
2821 3554 2924 3605 \‘itn
2996 3553 3368 3622 disponentem
3417 3569 3430 3604 :
3479 3566 3533 3607 et

1949 3646 2016 3700 ad
2065 3645 2223 3713 hujus
2277 3645 2353 3699 rei
2402 3644 2756 3697 lidenuDeus
2807 3659 2871 3697 ac
2918 3642 3078 3696 Pater
3113 3642 3267 3695 nobis
3301 3640 3404 3693 erit
3451 3639 3531 3693 lo-

1950 3739 2131 3806 cuples
2161 3747 2353 3792 auctor
2398 3752 2516 3790 cum
2553 3737 2683 3791 dicit
2716 3755 2729 3788 :
2770 3753 2787 3786 ι
2820 3734 2986 3789 Jacob
3042 3751 3175 3805 puer
3209 3750 3377 3796 meus,
3410 3748 3527 3787 sus-

1948 3830 2143 3898 cipiam
2188 3844 2310 3882 eum
2359 3847 2371 3882 :
2407 3828 2589 3894 .lsrael
2633 3827 2838 3881 electus
2884 3842 3068 3892 meus,
3114 3827 3372 3894 suscipiet
3405 3841 3528 3877 cum

1947 3920 2126 3974 anima
2161 3934 2276 3972 mea
2304 3935 2317 3971 :
2343 3919 2464 3971 dedi
2497 3917 2743 3985 Spiritum
2769 3932 2946 3970 meum
2979 3932 3146 3984 super
3199 3931 3323 3968 eum
3353 3913 3528 3981 :judi-

1947 4012 2089 4067 cium
2132 4010 2385 4078 gentibus
2431 4008 2666 4078 proferet
2711 4025 2724 4060 :
2762 4022 2867 4060 non
2905 4007 3181 4070 clamabit,
3224 4021 3400 4073 neque
3432 4019 3529 4057 vo-

1948 4102 2280 4165 ciferabitur,
2312 4115 2482 4168 neque
2505 4100 2761 4151 audietur
2786 4113 2887 4151 vox
2913 4096 3027 4163 ejus
3053 4095 3185 4150 foris
3217 4113 3231 4150 :
3261 4094 3528 4148 calamum

1949 4203 2268 4262 quassatum
2319 4206 2423 4245 non
2476 4200 2746 4253 conteret,
2788 4197 2844 4243 et
2892 4188 3057 4242 linum
3109 4186 3377 4255 fumigans
3422 4201 3528 4238 non

1948 4285 2255 4352 exstinguet
2281 4281 2347 4334 ⁸⁸.
2385 4300 2405 4332 ι
2439 4281 2753 4350 lncrcpabat
2782 4281 2944 4334 etiam
2978 4278 3125 4349 ipsos
3153 4287 3370 4333 sanctos
3401 4290 3529 4344 apo-

1947 4374 2135 4439 stolos,
2173 4389 2239 4427 ne
2262 4387 2384 4427 eum
2426 4373 2771 4427 manifestum
2812 4372 3072 4427 facerent.
3106 4370 3245 4439 Ergo
3274 4384 3407 4423 nova
3441 4384 3528 4423 res

1949 4474 2003 4518 et
2036 4465 2247 4519 insolita
2279 4472 2492 4520 ostensa
2526 4473 2689 4529 esset,
2721 4473 2775 4519 et
2808 4480 2927 4533 quae
2959 4463 3226 4517 curiosius
3261 4470 3401 4515 esset
3431 4477 3528 4513 rx-

1949 4558 2228 4626 quirenda,
2252 4557 2296 4611 si
2326 4557 2501 4611 adhuc
2525 4557 2700 4610 infans
2725 4558 2962 4610 divinam
2988 4556 3265 4624 sapientia:
3293 4554 3525 4624 speciem

1949 4650 2273 4704 ostendisset
2299 4650 2366 4703 ”.
2400 4649 2503 4702 Sed
2531 4663 2652 4701 cum
2678 4648 2935 4715 paulatim
2964 4648 3107 4702 illam
3134 4658 3189 4702 et
3217 4662 3310 4717 pro
3335 4663 3526 4717 corpo-

1953 4755 2054 4793 reae
2082 4741 2255 4794 aetatis
2282 4741 2489 4794 ratione
2523 4740 2900 4808 amplificaret,
2932 4740 3284 4809 onmibnsque
3315 4742 3525 4808 perspi-

1947 4846 2103 4885 cuam
2157 4829 2393 4894 faceret,
2445 4832 2831 4885 convenienter
2882 4831 3172 4885 admodum
3230 4831 3527 4900 profecisse

1947 4923 2051 4978 dici
2100 4932 2296 4992 potest.
2337 4922 2616 4989 Quomodo
2670 4924 2836 4994 igitur
2885 4925 3142 4994 paulatim
3195 4925 3422 4992 profecit
3472 4926 3524 4976 in

1942 5014 2300 5068 sacerdotium
2322 5055 2335 5079 ,
2383 5016 2436 5068 in
2471 5016 2758 5080 virtutene,
2812 5032 2940 5086 rogo
2974 5025 3046 5079 te,
3080 5014 3528 5069 consummatus?

1943 5105 2083 5174 quod
2120 5107 2162 5159 si
2195 5116 2301 5169 est,
2335 5121 2437 5174 qua
2472 5107 2685 5160 ratiune
2719 5107 3003 5174 quisquam
3034 5106 3293 5171 ambiget,
3331 5105 3471 5170 quod
3494 5117 3524 5154 a

1945 5194 2270 5262 perfectione
2321 5198 2537 5251 virtutis
2591 5197 2779 5261 abest,
2834 5198 2883 5248 id
2946 5211 3068 5249 esse
3116 5193 3519 5261 reprehensioni

1944 5287 2255 5352 obnoxium,
2304 5302 2479 5356 neque
2515 5303 2611 5356 per
2638 5287 2819 5341 omnia
2861 5285 3212 5348 laudandum,
3258 5284 3366 5337 imo
3399 5300 3523 5339 vero

1944 5378 2106 5431 etiam
2140 5378 2369 5431 fortasse
2399 5378 2465 5431 de
2493 5379 2702 5446 peccati
2733 5377 2959 5430 crimine
2982 5377 3327 5445 culpandum.
3357 5377 3519 5446 Atqui

1946 5486 2128 5524 verum
2164 5480 2246 5523 est
2279 5486 2382 5523 non
2431 5470 2624 5524 fecisse
2669 5477 2970 5535 peccatum,
3023 5484 3196 5539 neque
3245 5471 3547 5524 inventum‘

303 5656 351 5689 ⁸⁸
395 5656 536 5714 Luc.
584 5674 645 5727 ιι,
684 5660 773 5716 52.
850 5663 894 5695 ⁹⁰
936 5662 1145 5721 Coloss.
1180 5681 1240 5734 ιι,
1277 5667 1324 5723 5.
1408 5671 1453 5701 “
1493 5670 1597 5727 lsa.
1640 5687 1770 5737 sui,
1808 5672 1852 5725 l-

1975 5670 2165 5726 Mattlt.
2201 5685 2298 5735 xu,
2346 5670 2527 5726 ιιι-ευ.
2606 5671 2651 5701 θ’
2694 5666 2882 5725 Matth.
2918 5683 3027 5737 1m,
3065 5671 3134 5725 ε’)
3158 5714 3171 5737 ,
3209 5672 3373 5726 Marc.
3404 5680 3520 5730 \‘tll,

235 5723 324 5781 50.
