  <div class='ocr_page' id='page_1' title='image "/cluster/home/n/w/nwhite01/storage/ocr_20150623/76/mdp.39015013094878/085.png"; bbox 0 0 3926 6126; ppageno 0'>
   <div class='ocr_carea' id='block_1_1' title="bbox 361 326 460 381">
    <p class='ocr_par' dir='ltr' id='par_1_1' title="bbox 361 326 460 381">
     <span class='ocr_line' id='line_1_1' title="bbox 361 326 460 381; baseline 0.02 -2"><span class='ocrx_word' id='word_1_1' title='bbox 361 326 460 381; x_wconf 71' lang='grc'><strong>155⁸</strong></span> 
     </span>
    </p>
   </div>
   <div class='ocr_carea' id='block_1_2' title="bbox 1369 330 2611 394">
    <p class='ocr_par' dir='ltr' id='par_1_2' title="bbox 1369 330 2611 394">
     <span class='ocr_line' id='line_1_2' title="bbox 1369 330 2611 394; baseline 0.005 -7"><span class='ocrx_word' id='word_1_2' title='bbox 1369 331 1428 387; x_wconf 90' lang='lat' dir='ltr'><strong>S.</strong></span> <span class='ocrx_word' id='word_1_3' title='bbox 1470 330 1747 388; x_wconf 75' lang='lat' dir='ltr'><strong>CYRlLlJ</strong></span> <span class='ocrx_word' id='word_1_4' title='bbox 1786 332 2258 392; x_wconf 76' lang='lat' dir='ltr'><strong>ALEXANDRINI</strong></span> <span class='ocrx_word' id='word_1_5' title='bbox 2292 335 2611 394; x_wconf 81' lang='lat' dir='ltr'><strong>ARCHIEP.</strong></span> 
     </span>
    </p>
   </div>
   <div class='ocr_carea' id='block_1_3' title="bbox 3507 333 3608 390">
    <p class='ocr_par' dir='ltr' id='par_1_3' title="bbox 3507 333 3608 390">
     <span class='ocr_line' id='line_1_3' title="bbox 3507 333 3608 390; baseline -0.02 0"><span class='ocrx_word' id='word_1_6' title='bbox 3507 333 3608 390; x_wconf 64' lang='lat'><strong>£516</strong></span> 
     </span>
    </p>
   </div>
   <div class='ocr_carea' id='block_1_4' title="bbox 361 447 1949 528">
    <p class='ocr_par' dir='ltr' id='par_1_4' title="bbox 361 447 1927 521">
     <span class='ocr_line' id='line_1_4' title="bbox 361 447 1927 521; baseline 0.006 -23"><span class='ocrx_word' id='word_1_7' title='bbox 361 447 525 501; x_wconf 77' lang='lat' dir='ltr'><strong>fuisse</strong></span> <span class='ocrx_word' id='word_1_8' title='bbox 555 447 734 502; x_wconf 87' lang='lat' dir='ltr'><strong>dolum</strong></span> <span class='ocrx_word' id='word_1_9' title='bbox 763 447 815 502; x_wconf 89' lang='lat' dir='ltr'><strong>in</strong></span> <span class='ocrx_word' id='word_1_10' title='bbox 843 462 937 503; x_wconf 88' lang='lat' dir='ltr'><strong>ore</strong></span> <span class='ocrx_word' id='word_1_11' title='bbox 962 451 1095 517; x_wconf 86' lang='lat' dir='ltr'><strong>ejus,</strong></span> <span class='ocrx_word' id='word_1_12' title='bbox 1128 457 1187 506; x_wconf 92' lang='lat' dir='ltr'><strong>ut</strong></span> <span class='ocrx_word' id='word_1_13' title='bbox 1227 451 1484 521; x_wconf 92' lang='lat' dir='ltr'><strong>scriptum</strong></span> <span class='ocrx_word' id='word_1_14' title='bbox 1514 461 1599 508; x_wconf 90' lang='lat' dir='ltr'><strong>est</strong></span> <span class='ocrx_word' id='word_1_15' title='bbox 1634 454 1698 506; x_wconf 83' lang='lat'><strong>”.</strong></span> <span class='ocrx_word' id='word_1_16' title='bbox 1737 452 1927 508; x_wconf 84' lang='lat' dir='ltr'><strong>Perfe-</strong></span> 
     </span>
    </p>
   </div>
   <div class='ocr_carea' id='block_1_5' title="bbox 2050 447 3606 528">
    <p class='ocr_par' dir='ltr' id='par_1_5' title="bbox 2050 447 3606 528">
     <span class='ocr_line' id='line_1_5' title="bbox 2050 447 3606 528; baseline -0.004 -20"><span class='ocrx_word' id='word_1_17' title='bbox 2050 456 2217 522; x_wconf 80' lang='grc' dir='ltr'>ιὺτοῦ,</span> <span class='ocrx_word' id='word_1_18' title='bbox 2261 457 2404 510; x_wconf 84' lang='grc' dir='ltr'>καθὰ</span> <span class='ocrx_word' id='word_1_19' title='bbox 2450 457 2776 528; x_wconf 89' lang='grc' dir='ltr'>γέγραπται.</span> <span class='ocrx_word' id='word_1_20' title='bbox 2828 455 3148 518; x_wconf 87' lang='grc' dir='ltr'>Παντέλειος</span> <span class='ocrx_word' id='word_1_21' title='bbox 3189 447 3284 508; x_wconf 76' lang='grc' dir='ltr'><strong>οὖν</strong></span> <span class='ocrx_word' id='word_1_22' title='bbox 3329 455 3358 506; x_wconf 99' lang='lat'><strong>6</strong></span> <span class='ocrx_word' id='word_1_23' title='bbox 3405 451 3606 505; x_wconf 82' lang='grc' dir='ltr'>τοιόσδε</span> 
     </span>
    </p>
   </div>
   <div class='ocr_carea' id='block_1_6' title="bbox 359 538 1924 612">
    <p class='ocr_par' dir='ltr' id='par_1_6' title="bbox 359 538 1924 612">
     <span class='ocr_line' id='line_1_6' title="bbox 359 538 1924 612; baseline 0.005 -22"><span class='ocrx_word' id='word_1_24' title='bbox 359 538 633 592; x_wconf 86' lang='lat' dir='ltr'><strong>ctissimus</strong></span> <span class='ocrx_word' id='word_1_25' title='bbox 675 553 802 607; x_wconf 79' lang='lat' dir='ltr'><strong>ergo</strong></span> <span class='ocrx_word' id='word_1_26' title='bbox 849 549 967 594; x_wconf 88' lang='lat' dir='ltr'><strong>erat</strong></span> <span class='ocrx_word' id='word_1_27' title='bbox 1009 543 1152 596; x_wconf 88' lang='lat' dir='ltr'><strong>omni</strong></span> <span class='ocrx_word' id='word_1_28' title='bbox 1208 557 1271 596; x_wconf 81' lang='lat' dir='ltr'><strong>ex</strong></span> <span class='ocrx_word' id='word_1_29' title='bbox 1308 551 1461 611; x_wconf 86' lang='lat' dir='ltr'><strong>parte</strong></span> <span class='ocrx_word' id='word_1_30' title='bbox 1505 543 1772 612; x_wconf 88' lang='lat' dir='ltr'><strong>ejusmodi</strong></span> <span class='ocrx_word' id='word_1_31' title='bbox 1821 545 1924 610; x_wconf 88' lang='lat' dir='ltr'><strong>vir,</strong></span> 
     </span>
    </p>
   </div>
   <div class='ocr_carea' id='block_1_7' title="bbox 360 633 1929 704">
    <p class='ocr_par' dir='ltr' id='par_1_7' title="bbox 360 633 1929 704">
     <span class='ocr_line' id='line_1_7' title="bbox 360 633 1929 704; baseline 0.006 -22"><span class='ocrx_word' id='word_1_32' title='bbox 360 647 533 696; x_wconf 72' lang='lat' dir='ltr'><strong>neque</strong></span> <span class='ocrx_word' id='word_1_33' title='bbox 562 633 666 685; x_wconf 88' lang='lat' dir='ltr'><strong>ullo</strong></span> <span class='ocrx_word' id='word_1_34' title='bbox 696 634 856 687; x_wconf 86' lang='lat' dir='ltr'><strong>modo</strong></span> <span class='ocrx_word' id='word_1_35' title='bbox 887 636 1176 704; x_wconf 86' lang='lat' dir='ltr'><strong>quidquam</strong></span> <span class='ocrx_word' id='word_1_36' title='bbox 1208 636 1280 689; x_wconf 88' lang='lat' dir='ltr'><strong>illi</strong></span> <span class='ocrx_word' id='word_1_37' title='bbox 1313 638 1498 690; x_wconf 90' lang='lat' dir='ltr'><strong>deerat</strong></span> <span class='ocrx_word' id='word_1_38' title='bbox 1535 639 1601 693; x_wconf 88' lang='lat' dir='ltr'><strong>ad</strong></span> <span class='ocrx_word' id='word_1_39' title='bbox 1629 639 1929 694; x_wconf 76' lang='lat' dir='ltr'><strong>absolutam</strong></span> 
     </span>
    </p>
   </div>
   <div class='ocr_carea' id='block_1_8' title="bbox 361 722 1932 792">
    <p class='ocr_par' dir='ltr' id='par_1_8' title="bbox 361 722 1932 792">
     <span class='ocr_line' id='line_1_8' title="bbox 361 722 1932 792; baseline 0.01 -21"><span class='ocrx_word' id='word_1_40' title='bbox 361 722 761 791; x_wconf 67' lang='lat' dir='ltr'><strong>perfer-tamque</strong></span> <span class='ocrx_word' id='word_1_41' title='bbox 801 724 1070 779; x_wconf 85' lang='lat' dir='ltr'><strong>virtutem.</strong></span> <span class='ocrx_word' id='word_1_42' title='bbox 1121 727 1348 792; x_wconf 81' lang='lat' dir='ltr'><strong>Quando</strong></span> <span class='ocrx_word' id='word_1_43' title='bbox 1391 737 1568 784; x_wconf 84' lang='lat' dir='ltr'><strong>autem</strong></span> <span class='ocrx_word' id='word_1_44' title='bbox 1611 731 1711 785; x_wconf 89' lang='lat' dir='ltr'><strong>fuit</strong></span> <span class='ocrx_word' id='word_1_45' title='bbox 1756 733 1932 787; x_wconf 76' lang='lat' dir='ltr'><strong>minus</strong></span> 
     </span>
    </p>
   </div>
   <div class='ocr_carea' id='block_1_9' title="bbox 363 814 1932 886">
    <p class='ocr_par' dir='ltr' id='par_1_9' title="bbox 363 814 1932 886">
     <span class='ocr_line' id='line_1_9' title="bbox 363 814 1932 886; baseline 0.009 -22"><span class='ocrx_word' id='word_1_46' title='bbox 363 815 413 864; x_wconf 86' lang='lat' dir='ltr'><strong>in</strong></span> <span class='ocrx_word' id='word_1_47' title='bbox 460 815 654 867; x_wconf 83' lang='lat' dir='ltr'><strong>virtute</strong></span> <span class='ocrx_word' id='word_1_48' title='bbox 687 814 977 882; x_wconf 88' lang='lat' dir='ltr'><strong>perfectus,</strong></span> <span class='ocrx_word' id='word_1_49' title='bbox 1005 818 1097 886; x_wconf 89' lang='lat' dir='ltr'><strong>qui</strong></span> <span class='ocrx_word' id='word_1_50' title='bbox 1126 819 1289 873; x_wconf 91' lang='lat' dir='ltr'><strong>etiam</strong></span> <span class='ocrx_word' id='word_1_51' title='bbox 1325 821 1376 874; x_wconf 91' lang='lat' dir='ltr'><strong>in</strong></span> <span class='ocrx_word' id='word_1_52' title='bbox 1410 829 1564 876; x_wconf 83' lang='lat' dir='ltr'><strong>utero</strong></span> <span class='ocrx_word' id='word_1_53' title='bbox 1603 823 1744 878; x_wconf 85' lang='lat' dir='ltr'><strong>Deus</strong></span> <span class='ocrx_word' id='word_1_54' title='bbox 1773 824 1932 878; x_wconf 81' lang='lat' dir='ltr'><strong>erat?</strong></span> 
     </span>
    </p>
   </div>
   <div class='ocr_carea' id='block_1_10' title="bbox 361 906 1932 986">
    <p class='ocr_par' dir='ltr' id='par_1_10' title="bbox 361 906 1932 986">
     <span class='ocr_line' id='line_1_10' title="bbox 361 906 1932 986; baseline 0.01 -33"><span class='ocrx_word' id='word_1_55' title='bbox 361 906 425 957; x_wconf 86' lang='lat' dir='ltr'><strong>de</strong></span> <span class='ocrx_word' id='word_1_56' title='bbox 452 920 556 970; x_wconf 86' lang='lat' dir='ltr'><strong>quo</strong></span> <span class='ocrx_word' id='word_1_57' title='bbox 586 906 746 958; x_wconf 85' lang='lat' dir='ltr'><strong>etiam</strong></span> <span class='ocrx_word' id='word_1_58' title='bbox 791 909 1051 975; x_wconf 85' lang='lat' dir='ltr'><strong>propheta</strong></span> <span class='ocrx_word' id='word_1_59' title='bbox 1097 909 1229 964; x_wconf 87' lang='lat' dir='ltr'><strong>dicit</strong></span> <span class='ocrx_word' id='word_1_60' title='bbox 1267 911 1432 967; x_wconf 88' lang='lat' dir='ltr'><strong>Isaias</strong></span> <span class='ocrx_word' id='word_1_61' title='bbox 1467 931 1482 967; x_wconf 91' lang='lat'><strong>:</strong></span> <span class='ocrx_word' id='word_1_62' title='bbox 1519 933 1536 966; x_wconf 79' lang='grc' dir='ltr'>ι</span> <span class='ocrx_word' id='word_1_63' title='bbox 1570 914 1828 986; x_wconf 84' lang='lat' dir='ltr'><strong>Butyrum</strong></span> <span class='ocrx_word' id='word_1_64' title='bbox 1876 923 1932 970; x_wconf 84' lang='lat' dir='ltr'><strong>et</strong></span> 
     </span>
    </p>
   </div>
   <div class='ocr_carea' id='block_1_11' title="bbox 363 995 1934 1076">
    <p class='ocr_par' dir='ltr' id='par_1_11' title="bbox 363 995 1934 1076">
     <span class='ocr_line' id='line_1_11' title="bbox 363 995 1934 1076; baseline 0.008 -30"><span class='ocrx_word' id='word_1_65' title='bbox 363 995 462 1046; x_wconf 89' lang='lat' dir='ltr'><strong>mel</strong></span> <span class='ocrx_word' id='word_1_66' title='bbox 495 997 773 1052; x_wconf 85' lang='lat' dir='ltr'><strong>comedet:</strong></span> <span class='ocrx_word' id='word_1_67' title='bbox 809 1009 1096 1068; x_wconf 79' lang='lat' dir='ltr'><strong>antequam</strong></span> <span class='ocrx_word' id='word_1_68' title='bbox 1127 1001 1264 1055; x_wconf 88' lang='lat' dir='ltr'><strong>sciat</strong></span> <span class='ocrx_word' id='word_1_69' title='bbox 1290 1003 1371 1056; x_wconf 89' lang='lat' dir='ltr'><strong>vel</strong></span> <span class='ocrx_word' id='word_1_70' title='bbox 1393 1005 1556 1074; x_wconf 82' lang='lat' dir='ltr'><strong>eligat</strong></span> <span class='ocrx_word' id='word_1_71' title='bbox 1583 1007 1743 1068; x_wconf 88' lang='lat' dir='ltr'><strong>mala,</strong></span> <span class='ocrx_word' id='word_1_72' title='bbox 1775 1006 1934 1076; x_wconf 86' lang='lat' dir='ltr'><strong>eliget</strong></span> 
     </span>
    </p>
   </div>
   <div class='ocr_carea' id='block_1_12' title="bbox 360 1087 1933 1165">
    <p class='ocr_par' dir='ltr' id='par_1_12' title="bbox 360 1087 1933 1165">
     <span class='ocr_line' id='line_1_12' title="bbox 360 1087 1933 1165; baseline 0.01 -28"><span class='ocrx_word' id='word_1_73' title='bbox 360 1087 556 1138; x_wconf 89' lang='lat' dir='ltr'><strong>bonum</strong></span> <span class='ocrx_word' id='word_1_74' title='bbox 579 1087 668 1142; x_wconf 59' lang='grc' dir='ltr'><strong>’δι</strong></span> <span class='ocrx_word' id='word_1_75' title='bbox 708 1106 727 1139; x_wconf 78' lang='grc' dir='ltr'>ι</span> <span class='ocrx_word' id='word_1_76' title='bbox 767 1091 889 1157; x_wconf 88' lang='lat' dir='ltr'><strong>quia</strong></span> <span class='ocrx_word' id='word_1_77' title='bbox 925 1101 1210 1160; x_wconf 86' lang='lat' dir='ltr'><strong>antequam</strong></span> <span class='ocrx_word' id='word_1_78' title='bbox 1273 1096 1408 1150; x_wconf 86' lang='lat' dir='ltr'><strong>sciat</strong></span> <span class='ocrx_word' id='word_1_79' title='bbox 1442 1111 1575 1165; x_wconf 88' lang='lat' dir='ltr'><strong>puer</strong></span> <span class='ocrx_word' id='word_1_80' title='bbox 1608 1098 1803 1152; x_wconf 71' lang='lat' dir='ltr'><strong>bellum</strong></span> <span class='ocrx_word' id='word_1_81' title='bbox 1842 1107 1933 1153; x_wconf 85' lang='lat' dir='ltr'><strong>aut</strong></span> 
     </span>
    </p>
   </div>
   <div class='ocr_carea' id='block_1_13' title="bbox 361 1180 1929 1260">
    <p class='ocr_par' dir='ltr' id='par_1_13' title="bbox 361 1180 1929 1260">
     <span class='ocr_line' id='line_1_13' title="bbox 361 1180 1929 1260; baseline 0.009 -30"><span class='ocrx_word' id='word_1_82' title='bbox 361 1180 582 1246; x_wconf 86' lang='lat' dir='ltr'><strong>malum,</strong></span> <span class='ocrx_word' id='word_1_83' title='bbox 622 1184 942 1249; x_wconf 80' lang='lat' dir='ltr'><strong>repugnabit</strong></span> <span class='ocrx_word' id='word_1_84' title='bbox 1006 1186 1358 1254; x_wconf 87' lang='lat' dir='ltr'><strong>improbitati,</strong></span> <span class='ocrx_word' id='word_1_85' title='bbox 1396 1199 1459 1244; x_wconf 90' lang='lat' dir='ltr'><strong>ut</strong></span> <span class='ocrx_word' id='word_1_86' title='bbox 1503 1191 1668 1260; x_wconf 82' lang='lat' dir='ltr'><strong>eligat</strong></span> <span class='ocrx_word' id='word_1_87' title='bbox 1705 1192 1929 1245; x_wconf 88' lang='lat' dir='ltr'><strong>bonum.</strong></span> 
     </span>
    </p>
   </div>
   <div class='ocr_carea' id='block_1_14' title="bbox 361 1269 1933 1351">
    <p class='ocr_par' dir='ltr' id='par_1_14' title="bbox 361 1269 1933 1351">
     <span class='ocr_line' id='line_1_14' title="bbox 361 1269 1933 1351; baseline 0.008 -27"><span class='ocrx_word' id='word_1_88' title='bbox 361 1269 636 1324; x_wconf 88' lang='lat' dir='ltr'><strong>Undenam</strong></span> <span class='ocrx_word' id='word_1_89' title='bbox 659 1271 822 1337; x_wconf 77' lang='lat' dir='ltr'><strong>igitur</strong></span> <span class='ocrx_word' id='word_1_90' title='bbox 847 1274 938 1328; x_wconf 88' lang='lat' dir='ltr'><strong>tibi</strong></span> <span class='ocrx_word' id='word_1_91' title='bbox 970 1278 1205 1344; x_wconf 82' lang='lat' dir='ltr'><strong>suppetit</strong></span> <span class='ocrx_word' id='word_1_92' title='bbox 1232 1280 1446 1335; x_wconf 86' lang='lat' dir='ltr'><strong>virtutis</strong></span> <span class='ocrx_word' id='word_1_93' title='bbox 1476 1282 1933 1351; x_wconf 88' lang='lat' dir='ltr'><strong>imperfeclionem</strong></span> 
     </span>
    </p>
   </div>
   <div class='ocr_carea' id='block_1_15' title="bbox 361 1360 1936 1443">
    <p class='ocr_par' dir='ltr' id='par_1_15' title="bbox 361 1360 1936 1443">
     <span class='ocr_line' id='line_1_15' title="bbox 361 1360 1936 1443; baseline 0.011 -31"><span class='ocrx_word' id='word_1_94' title='bbox 361 1361 412 1412; x_wconf 91' lang='lat' dir='ltr'><strong>in</strong></span> <span class='ocrx_word' id='word_1_95' title='bbox 441 1360 654 1414; x_wconf 87' lang='lat' dir='ltr'><strong>Christo</strong></span> <span class='ocrx_word' id='word_1_96' title='bbox 680 1362 795 1432; x_wconf 79' lang='lat'><strong>88</strong></span> <span class='ocrx_word' id='word_1_97' title='bbox 821 1363 1233 1420; x_wconf 87' lang='lat' dir='ltr'><strong>demonstrare?</strong></span> <span class='ocrx_word' id='word_1_98' title='bbox 1255 1382 1428 1436; x_wconf 87' lang='lat' dir='ltr'><strong>quave</strong></span> <span class='ocrx_word' id='word_1_99' title='bbox 1453 1371 1538 1426; x_wconf 91' lang='lat' dir='ltr'><strong>ille</strong></span> <span class='ocrx_word' id='word_1_100' title='bbox 1563 1376 1936 1443; x_wconf 81' lang='lat' dir='ltr'><strong>progressione</strong></span> 
     </span>
    </p>
   </div>
   <div class='ocr_carea' id='block_1_16' title="bbox 362 1451 1937 1534">
    <p class='ocr_par' dir='ltr' id='par_1_16' title="bbox 362 1451 1937 1534">
     <span class='ocr_line' id='line_1_16' title="bbox 362 1451 1937 1534; baseline 0.01 -30"><span class='ocrx_word' id='word_1_101' title='bbox 362 1451 584 1519; x_wconf 82' lang='lat' dir='ltr'><strong>indiget,</strong></span> <span class='ocrx_word' id='word_1_102' title='bbox 619 1455 709 1520; x_wconf 92' lang='lat' dir='ltr'><strong>qui</strong></span> <span class='ocrx_word' id='word_1_103' title='bbox 737 1456 870 1508; x_wconf 87' lang='lat' dir='ltr'><strong>adeo</strong></span> <span class='ocrx_word' id='word_1_104' title='bbox 901 1467 984 1508; x_wconf 87' lang='lat' dir='ltr'><strong>est</strong></span> <span class='ocrx_word' id='word_1_105' title='bbox 1016 1457 1319 1525; x_wconf 88' lang='lat' dir='ltr'><strong>absolutus,</strong></span> <span class='ocrx_word' id='word_1_106' title='bbox 1349 1469 1408 1515; x_wconf 91' lang='lat' dir='ltr'><strong>ut</strong></span> <span class='ocrx_word' id='word_1_107' title='bbox 1439 1463 1706 1519; x_wconf 63' lang='lat' dir='ltr'><strong>universae</strong></span> <span class='ocrx_word' id='word_1_108' title='bbox 1736 1465 1937 1534; x_wconf 88' lang='lat' dir='ltr'><strong>impro-</strong></span> 
     </span>
    </p>
   </div>
   <div class='ocr_carea' id='block_1_17' title="bbox 360 1540 1934 1617">
    <p class='ocr_par' dir='ltr' id='par_1_17' title="bbox 360 1540 1934 1617">
     <span class='ocr_line' id='line_1_17' title="bbox 360 1540 1934 1617; baseline 0.011 -23"><span class='ocrx_word' id='word_1_109' title='bbox 360 1540 515 1594; x_wconf 84' lang='lat' dir='ltr'><strong>bitati</strong></span> <span class='ocrx_word' id='word_1_110' title='bbox 569 1553 848 1610; x_wconf 82' lang='lat' dir='ltr'><strong>repugnet,</strong></span> <span class='ocrx_word' id='word_1_111' title='bbox 906 1545 1262 1616; x_wconf 85' lang='lat' dir='ltr'><strong>praeferatque</strong></span> <span class='ocrx_word' id='word_1_112' title='bbox 1304 1549 1406 1617; x_wconf 90' lang='lat' dir='ltr'><strong>illi,</strong></span> <span class='ocrx_word' id='word_1_113' title='bbox 1457 1552 1564 1607; x_wconf 92' lang='lat' dir='ltr'><strong>imo</strong></span> <span class='ocrx_word' id='word_1_114' title='bbox 1607 1570 1737 1609; x_wconf 83' lang='lat' dir='ltr'><strong>vero</strong></span> <span class='ocrx_word' id='word_1_115' title='bbox 1768 1557 1934 1611; x_wconf 80' lang='lat' dir='ltr'><strong>solam</strong></span> 
     </span>
    </p>
   </div>
   <div class='ocr_carea' id='block_1_18' title="bbox 362 1631 1937 1714">
    <p class='ocr_par' dir='ltr' id='par_1_18' title="bbox 362 1631 1937 1714">
     <span class='ocr_line' id='line_1_18' title="bbox 362 1631 1937 1714; baseline 0.009 -31"><span class='ocrx_word' id='word_1_116' title='bbox 362 1631 526 1700; x_wconf 79' lang='lat' dir='ltr'><strong>eligat</strong></span> <span class='ocrx_word' id='word_1_117' title='bbox 553 1632 846 1686; x_wconf 77' lang='lat' dir='ltr'><strong>virtutem?</strong></span> <span class='ocrx_word' id='word_1_118' title='bbox 878 1633 981 1688; x_wconf 91' lang='lat' dir='ltr'><strong>Sed</strong></span> <span class='ocrx_word' id='word_1_119' title='bbox 1024 1639 1208 1692; x_wconf 85' lang='lat' dir='ltr'><strong>nescio</strong></span> <span class='ocrx_word' id='word_1_120' title='bbox 1237 1655 1339 1707; x_wconf 92' lang='lat' dir='ltr'><strong>qua</strong></span> <span class='ocrx_word' id='word_1_121' title='bbox 1385 1642 1590 1696; x_wconf 88' lang='lat' dir='ltr'><strong>ratione</strong></span> <span class='ocrx_word' id='word_1_122' title='bbox 1619 1645 1710 1714; x_wconf 91' lang='lat' dir='ltr'><strong>qui</strong></span> <span class='ocrx_word' id='word_1_123' title='bbox 1746 1649 1937 1700; x_wconf 84' lang='lat' dir='ltr'><strong>asserit</strong></span> 
     </span>
    </p>
   </div>
   <div class='ocr_carea' id='block_1_19' title="bbox 363 1723 1932 1798">
    <p class='ocr_par' dir='ltr' id='par_1_19' title="bbox 363 1723 1932 1798">
     <span class='ocr_line' id='line_1_19' title="bbox 363 1723 1932 1798; baseline 0.009 -22"><span class='ocrx_word' id='word_1_124' title='bbox 363 1737 428 1777; x_wconf 88' lang='lat' dir='ltr'><strong>ac</strong></span> <span class='ocrx_word' id='word_1_125' title='bbox 459 1723 633 1779; x_wconf 88' lang='lat' dir='ltr'><strong>dicit:</strong></span> <span class='ocrx_word' id='word_1_126' title='bbox 670 1725 768 1778; x_wconf 91' lang='lat' dir='ltr'><strong>llic</strong></span> <span class='ocrx_word' id='word_1_127' title='bbox 797 1727 886 1794; x_wconf 91' lang='lat' dir='ltr'><strong>qui</strong></span> <span class='ocrx_word' id='word_1_128' title='bbox 934 1727 1192 1796; x_wconf 82' lang='lat' dir='ltr'><strong>paulatim</strong></span> <span class='ocrx_word' id='word_1_129' title='bbox 1237 1731 1463 1798; x_wconf 88' lang='lat' dir='ltr'><strong>profecit</strong></span> <span class='ocrx_word' id='word_1_130' title='bbox 1504 1735 1570 1788; x_wconf 85' lang='lat' dir='ltr'><strong>ad</strong></span> <span class='ocrx_word' id='word_1_131' title='bbox 1604 1736 1797 1789; x_wconf 88' lang='lat' dir='ltr'><strong>summi</strong></span> <span class='ocrx_word' id='word_1_132' title='bbox 1843 1750 1932 1790; x_wconf 89' lang='lat' dir='ltr'><strong>sa-</strong></span> 
     </span>
    </p>
   </div>
   <div class='ocr_carea' id='block_1_20' title="bbox 364 1792 2015 1885">
    <p class='ocr_par' dir='ltr' id='par_1_20' title="bbox 364 1792 2015 1885">
     <span class='ocr_line' id='line_1_20' title="bbox 364 1792 2015 1885; baseline 0.008 -18"><span class='ocrx_word' id='word_1_133' title='bbox 364 1814 590 1868; x_wconf 89' lang='lat' dir='ltr'><strong>cerdotii</strong></span> <span class='ocrx_word' id='word_1_134' title='bbox 630 1792 964 1885; x_wconf 80' lang='lat' dir='ltr'><strong>dignitatem,</strong></span> <span class='ocrx_word' id='word_1_135' title='bbox 1006 1829 1060 1874; x_wconf 93' lang='lat' dir='ltr'><strong>et</strong></span> <span class='ocrx_word' id='word_1_136' title='bbox 1107 1821 1172 1875; x_wconf 89' lang='lat' dir='ltr'><strong>ad</strong></span> <span class='ocrx_word' id='word_1_137' title='bbox 1221 1792 1318 1876; x_wconf 79' lang='lat' dir='ltr'><strong>sua</strong></span> <span class='ocrx_word' id='word_1_138' title='bbox 1366 1825 1528 1878; x_wconf 89' lang='lat' dir='ltr'><strong>verba</strong></span> <span class='ocrx_word' id='word_1_139' title='bbox 1574 1826 1942 1880; x_wconf 87' lang='lat' dir='ltr'><strong>conﬁrmanda</strong></span> <span class='ocrx_word' id='word_1_140' title='bbox 1972 1792 2015 1847; x_wconf 74' lang='grc' dir='ltr'>Β</span> 
     </span>
    </p>
   </div>
   <div class='ocr_carea' id='block_1_21' title="bbox 365 1907 1944 1982">
    <p class='ocr_par' dir='ltr' id='par_1_21' title="bbox 365 1907 1944 1982">
     <span class='ocr_line' id='line_1_21' title="bbox 365 1907 1944 1982; baseline 0.009 -24"><span class='ocrx_word' id='word_1_141' title='bbox 365 1907 589 1976; x_wconf 91' lang='lat' dir='ltr'><strong>protulit</strong></span> <span class='ocrx_word' id='word_1_142' title='bbox 629 1907 758 1962; x_wconf 91' lang='lat' dir='ltr'><strong>illud</strong></span> <span class='ocrx_word' id='word_1_143' title='bbox 798 1927 813 1964; x_wconf 89' lang='lat'><strong>:</strong></span> <span class='ocrx_word' id='word_1_144' title='bbox 853 1928 871 1961; x_wconf 77' lang='grc' dir='ltr'>ι</span> <span class='ocrx_word' id='word_1_145' title='bbox 900 1909 1058 1966; x_wconf 81' lang='lat' dir='ltr'><strong>Jesus</strong></span> <span class='ocrx_word' id='word_1_146' title='bbox 1091 1922 1269 1967; x_wconf 87' lang='lat' dir='ltr'><strong>autem</strong></span> <span class='ocrx_word' id='word_1_147' title='bbox 1317 1914 1636 1982; x_wconf 76' lang='lat' dir='ltr'><strong>proficiebat</strong></span> <span class='ocrx_word' id='word_1_148' title='bbox 1679 1925 1838 1972; x_wconf 76' lang='lat' dir='ltr'><strong>:etate</strong></span> <span class='ocrx_word' id='word_1_149' title='bbox 1889 1929 1944 1972; x_wconf 89' lang='lat' dir='ltr'><strong>et</strong></span> 
     </span>
    </p>
   </div>
   <div class='ocr_carea' id='block_1_22' title="bbox 365 1997 1944 2072">
    <p class='ocr_par' dir='ltr' id='par_1_22' title="bbox 365 1997 1944 2072">
     <span class='ocr_line' id='line_1_22' title="bbox 365 1997 1944 2072; baseline 0.007 -22"><span class='ocrx_word' id='word_1_150' title='bbox 365 1997 628 2066; x_wconf 86' lang='lat' dir='ltr'><strong>sapientia</strong></span> <span class='ocrx_word' id='word_1_151' title='bbox 677 2007 733 2052; x_wconf 91' lang='lat' dir='ltr'><strong>et</strong></span> <span class='ocrx_word' id='word_1_152' title='bbox 779 2001 986 2068; x_wconf 78' lang='lat' dir='ltr'><strong>gratia;</strong></span> <span class='ocrx_word' id='word_1_153' title='bbox 1023 2019 1042 2052; x_wconf 70' lang='grc' dir='ltr'>ι</span> <span class='ocrx_word' id='word_1_154' title='bbox 1097 2005 1482 2072; x_wconf 90' lang='lat' dir='ltr'><strong>propemodum</strong></span> <span class='ocrx_word' id='word_1_155' title='bbox 1533 2021 1626 2060; x_wconf 89' lang='lat' dir='ltr'><strong>sua</strong></span> <span class='ocrx_word' id='word_1_156' title='bbox 1674 2008 1837 2062; x_wconf 89' lang='lat' dir='ltr'><strong>verba</strong></span> <span class='ocrx_word' id='word_1_157' title='bbox 1885 2018 1944 2061; x_wconf 86' lang='lat' dir='ltr'><strong>ut</strong></span> 
     </span>
    </p>
   </div>
   <div class='ocr_carea' id='block_1_23' title="bbox 366 2090 1945 2162">
    <p class='ocr_par' dir='ltr' id='par_1_23' title="bbox 366 2090 1945 2162">
     <span class='ocr_line' id='line_1_23' title="bbox 366 2090 1945 2162; baseline 0.007 -20"><span class='ocrx_word' id='word_1_158' title='bbox 366 2103 556 2158; x_wconf 88' lang='lat' dir='ltr'><strong>parum</strong></span> <span class='ocrx_word' id='word_1_159' title='bbox 604 2090 856 2144; x_wconf 86' lang='lat' dir='ltr'><strong>decenter</strong></span> <span class='ocrx_word' id='word_1_160' title='bbox 891 2092 1032 2146; x_wconf 88' lang='lat' dir='ltr'><strong>dicta</strong></span> <span class='ocrx_word' id='word_1_161' title='bbox 1079 2097 1469 2162; x_wconf 87' lang='lat' dir='ltr'><strong>condemuans,</strong></span> <span class='ocrx_word' id='word_1_162' title='bbox 1515 2106 1568 2152; x_wconf 93' lang='lat' dir='ltr'><strong>et</strong></span> <span class='ocrx_word' id='word_1_163' title='bbox 1597 2112 1780 2153; x_wconf 87' lang='lat' dir='ltr'><strong>eorum</strong></span> <span class='ocrx_word' id='word_1_164' title='bbox 1808 2099 1945 2154; x_wconf 90' lang='lat' dir='ltr'><strong>obli-</strong></span> 
     </span>
    </p>
   </div>
   <div class='ocr_carea' id='block_1_24' title="bbox 368 2183 1942 2256">
    <p class='ocr_par' dir='ltr' id='par_1_24' title="bbox 368 2183 1942 2256">
     <span class='ocr_line' id='line_1_24' title="bbox 368 2183 1942 2256; baseline 0.007 -23"><span class='ocrx_word' id='word_1_165' title='bbox 368 2192 455 2236; x_wconf 91' lang='lat' dir='ltr'><strong>tus</strong></span> <span class='ocrx_word' id='word_1_166' title='bbox 476 2197 594 2251; x_wconf 66' lang='lat' dir='ltr'><strong>quae</strong></span> <span class='ocrx_word' id='word_1_167' title='bbox 620 2183 755 2239; x_wconf 90' lang='lat' dir='ltr'><strong>bene</strong></span> <span class='ocrx_word' id='word_1_168' title='bbox 785 2184 984 2238; x_wconf 89' lang='lat' dir='ltr'><strong>habere</strong></span> <span class='ocrx_word' id='word_1_169' title='bbox 1011 2195 1313 2254; x_wconf 87' lang='lat' dir='ltr'><strong>putaverat,</strong></span> <span class='ocrx_word' id='word_1_170' title='bbox 1347 2189 1699 2256; x_wconf 83' lang='lat' dir='ltr'><strong>perfectionis</strong></span> <span class='ocrx_word' id='word_1_171' title='bbox 1727 2191 1942 2245; x_wconf 89' lang='lat' dir='ltr'><strong>modum</strong></span> 
     </span>
    </p>
   </div>
   <div class='ocr_carea' id='block_1_25' title="bbox 367 2272 1946 2345">
    <p class='ocr_par' dir='ltr' id='par_1_25' title="bbox 367 2272 1946 2345">
     <span class='ocr_line' id='line_1_25' title="bbox 367 2272 1946 2345; baseline 0.006 -21"><span class='ocrx_word' id='word_1_172' title='bbox 367 2272 469 2326; x_wconf 88' lang='lat' dir='ltr'><strong>alia</strong></span> <span class='ocrx_word' id='word_1_173' title='bbox 497 2274 705 2328; x_wconf 83' lang='lat' dir='ltr'><strong>ratione</strong></span> <span class='ocrx_word' id='word_1_174' title='bbox 736 2275 1040 2328; x_wconf 87' lang='lat' dir='ltr'><strong>absolutum</strong></span> <span class='ocrx_word' id='word_1_175' title='bbox 1087 2276 1254 2332; x_wconf 84' lang='lat' dir='ltr'><strong>fuisse</strong></span> <span class='ocrx_word' id='word_1_176' title='bbox 1295 2277 1543 2345; x_wconf 76' lang='lat' dir='ltr'><strong>afﬁrmat,</strong></span> <span class='ocrx_word' id='word_1_177' title='bbox 1575 2280 1763 2336; x_wconf 89' lang='lat' dir='ltr'><strong>dicens</strong></span> <span class='ocrx_word' id='word_1_178' title='bbox 1793 2297 1806 2334; x_wconf 91' lang='lat'><strong>:</strong></span> <span class='ocrx_word' id='word_1_179' title='bbox 1849 2281 1946 2335; x_wconf 91' lang='lat' dir='ltr'><strong>llic</strong></span> 
     </span>
    </p>
   </div>
   <div class='ocr_carea' id='block_1_26' title="bbox 369 2364 1944 2440">
    <p class='ocr_par' dir='ltr' id='par_1_26' title="bbox 369 2364 1944 2440">
     <span class='ocr_line' id='line_1_26' title="bbox 369 2364 1944 2440; baseline 0.006 -24"><span class='ocrx_word' id='word_1_180' title='bbox 369 2364 456 2418; x_wconf 91' lang='lat' dir='ltr'><strong>ille</strong></span> <span class='ocrx_word' id='word_1_181' title='bbox 493 2366 748 2436; x_wconf 89' lang='lat' dir='ltr'><strong>temporis</strong></span> <span class='ocrx_word' id='word_1_182' title='bbox 780 2381 1002 2422; x_wconf 86' lang='lat' dir='ltr'><strong>accessu</strong></span> <span class='ocrx_word' id='word_1_183' title='bbox 1039 2365 1214 2422; x_wconf 88' lang='lat' dir='ltr'><strong>factus</strong></span> <span class='ocrx_word' id='word_1_184' title='bbox 1258 2368 1522 2436; x_wconf 84' lang='lat' dir='ltr'><strong>pontifex,</strong></span> <span class='ocrx_word' id='word_1_185' title='bbox 1561 2369 1651 2423; x_wconf 88' lang='lat' dir='ltr'><strong>ille</strong></span> <span class='ocrx_word' id='word_1_186' title='bbox 1685 2386 1787 2438; x_wconf 91' lang='lat' dir='ltr'><strong>per</strong></span> <span class='ocrx_word' id='word_1_187' title='bbox 1814 2385 1944 2440; x_wconf 83' lang='lat' dir='ltr'><strong>pas-</strong></span> 
     </span>
    </p>
   </div>
   <div class='ocr_carea' id='block_1_27' title="bbox 369 2455 1947 2531">
    <p class='ocr_par' dir='ltr' id='par_1_27' title="bbox 369 2455 1947 2531">
     <span class='ocr_line' id='line_1_27' title="bbox 369 2455 1947 2531; baseline 0.005 -22"><span class='ocrx_word' id='word_1_188' title='bbox 369 2455 550 2510; x_wconf 88' lang='lat' dir='ltr'><strong>siones</strong></span> <span class='ocrx_word' id='word_1_189' title='bbox 575 2467 1007 2512; x_wconf 85' lang='lat' dir='ltr'><strong>consummatus.</strong></span> <span class='ocrx_word' id='word_1_190' title='bbox 1048 2456 1238 2513; x_wconf 84' lang='lat' dir='ltr'><strong>Nonne</strong></span> <span class='ocrx_word' id='word_1_191' title='bbox 1271 2461 1372 2514; x_wconf 89' lang='lat' dir='ltr'><strong>hoc</strong></span> <span class='ocrx_word' id='word_1_192' title='bbox 1411 2462 1679 2530; x_wconf 86' lang='lat' dir='ltr'><strong>perspicui</strong></span> <span class='ocrx_word' id='word_1_193' title='bbox 1712 2463 1947 2531; x_wconf 86' lang='lat' dir='ltr'><strong>stuporis</strong></span> 
     </span>
    </p>
   </div>
   <div class='ocr_carea' id='block_1_28' title="bbox 370 2546 1946 2609">
    <p class='ocr_par' dir='ltr' id='par_1_28' title="bbox 370 2546 1946 2609">
     <span class='ocr_line' id='line_1_28' title="bbox 370 2546 1946 2609; baseline 0.006 -12"><span class='ocrx_word' id='word_1_194' title='bbox 370 2554 482 2609; x_wconf 90' lang='lat' dir='ltr'><strong>est;</strong></span> <span class='ocrx_word' id='word_1_195' title='bbox 515 2546 622 2599; x_wconf 93' lang='lat' dir='ltr'><strong>imo</strong></span> <span class='ocrx_word' id='word_1_196' title='bbox 656 2561 784 2600; x_wconf 89' lang='lat' dir='ltr'><strong>vero</strong></span> <span class='ocrx_word' id='word_1_197' title='bbox 811 2562 1034 2601; x_wconf 76' lang='lat' dir='ltr'><strong>summa:</strong></span> <span class='ocrx_word' id='word_1_198' title='bbox 1063 2549 1313 2603; x_wconf 73' lang='lat' dir='ltr'><strong>versutia:</strong></span> <span class='ocrx_word' id='word_1_199' title='bbox 1335 2550 1624 2604; x_wconf 79' lang='lat' dir='ltr'><strong>indicium?</strong></span> <span class='ocrx_word' id='word_1_200' title='bbox 1660 2550 1790 2605; x_wconf 69' lang='lat' dir='ltr'><strong>Nam</strong></span> <span class='ocrx_word' id='word_1_201' title='bbox 1816 2568 1946 2606; x_wconf 83' lang='lat' dir='ltr'><strong>con-</strong></span> 
     </span>
    </p>
   </div>
   <div class='ocr_carea' id='block_1_29' title="bbox 373 2639 1948 2710">
    <p class='ocr_par' dir='ltr' id='par_1_29' title="bbox 373 2639 1948 2710">
     <span class='ocr_line' id='line_1_29' title="bbox 373 2639 1948 2710; baseline 0.004 -20"><span class='ocrx_word' id='word_1_202' title='bbox 373 2646 672 2691; x_wconf 88' lang='lat' dir='ltr'><strong>summatus</strong></span> <span class='ocrx_word' id='word_1_203' title='bbox 695 2648 776 2692; x_wconf 89' lang='lat' dir='ltr'><strong>est</strong></span> <span class='ocrx_word' id='word_1_204' title='bbox 796 2639 1013 2708; x_wconf 90' lang='lat' dir='ltr'><strong>quidem</strong></span> <span class='ocrx_word' id='word_1_205' title='bbox 1039 2656 1133 2708; x_wconf 89' lang='lat' dir='ltr'><strong>per</strong></span> <span class='ocrx_word' id='word_1_206' title='bbox 1161 2641 1444 2710; x_wconf 86' lang='lat' dir='ltr'><strong>passiones</strong></span> <span class='ocrx_word' id='word_1_207' title='bbox 1474 2642 1729 2698; x_wconf 84' lang='lat' dir='ltr'><strong>Dominus</strong></span> <span class='ocrx_word' id='word_1_208' title='bbox 1763 2654 1948 2700; x_wconf 89' lang='lat' dir='ltr'><strong>noster</strong></span> 
     </span>
    </p>
   </div>
   <div class='ocr_carea' id='block_1_30' title="bbox 371 2728 1946 2804">
    <p class='ocr_par' dir='ltr' id='par_1_30' title="bbox 371 2728 1946 2804">
     <span class='ocr_line' id='line_1_30' title="bbox 371 2728 1946 2804; baseline 0.006 -22"><span class='ocrx_word' id='word_1_209' title='bbox 371 2728 530 2782; x_wconf 83' lang='lat' dir='ltr'><strong>Jesus</strong></span> <span class='ocrx_word' id='word_1_210' title='bbox 557 2729 806 2785; x_wconf 87' lang='lat' dir='ltr'><strong>Christus</strong></span> <span class='ocrx_word' id='word_1_211' title='bbox 832 2749 844 2786; x_wconf 90' lang='lat'><strong>:</strong></span> <span class='ocrx_word' id='word_1_212' title='bbox 867 2734 968 2786; x_wconf 90' lang='lat' dir='ltr'><strong>iste</strong></span> <span class='ocrx_word' id='word_1_213' title='bbox 999 2746 1146 2799; x_wconf 82' lang='lat' dir='ltr'><strong>vero,</strong></span> <span class='ocrx_word' id='word_1_214' title='bbox 1182 2733 1536 2788; x_wconf 90' lang='lat' dir='ltr'><strong>licetmodum</strong></span> <span class='ocrx_word' id='word_1_215' title='bbox 1564 2751 1667 2804; x_wconf 90' lang='lat' dir='ltr'><strong>quo</strong></span> <span class='ocrx_word' id='word_1_216' title='bbox 1701 2743 1784 2791; x_wconf 87' lang='lat' dir='ltr'><strong>est</strong></span> <span class='ocrx_word' id='word_1_217' title='bbox 1816 2751 1946 2791; x_wconf 92' lang='lat' dir='ltr'><strong>con-</strong></span> 
     </span>
    </p>
   </div>
   <div class='ocr_carea' id='block_1_31' title="bbox 373 2823 1948 2894">
    <p class='ocr_par' dir='ltr' id='par_1_31' title="bbox 373 2823 1948 2894">
     <span class='ocr_line' id='line_1_31' title="bbox 373 2823 1948 2894; baseline 0.006 -21"><span class='ocrx_word' id='word_1_218' title='bbox 373 2829 671 2875; x_wconf 77' lang='lat' dir='ltr'><strong>summatus</strong></span> <span class='ocrx_word' id='word_1_219' title='bbox 735 2837 840 2876; x_wconf 91' lang='lat' dir='ltr'><strong>non</strong></span> <span class='ocrx_word' id='word_1_220' title='bbox 893 2823 1124 2894; x_wconf 80' lang='lat' dir='ltr'><strong>ignoret,</strong></span> <span class='ocrx_word' id='word_1_221' title='bbox 1177 2825 1565 2894; x_wconf 86' lang='lat' dir='ltr'><strong>simpliciorum</strong></span> <span class='ocrx_word' id='word_1_222' title='bbox 1620 2828 1830 2883; x_wconf 88' lang='lat' dir='ltr'><strong>animos</strong></span> <span class='ocrx_word' id='word_1_223' title='bbox 1881 2828 1948 2883; x_wconf 89' lang='lat' dir='ltr'><strong>ad</strong></span> 
     </span>
    </p>
   </div>
   <div class='ocr_carea' id='block_1_32' title="bbox 376 2915 1945 2986">
    <p class='ocr_par' dir='ltr' id='par_1_32' title="bbox 376 2915 1945 2986">
     <span class='ocr_line' id='line_1_32' title="bbox 376 2915 1945 2986; baseline 0.006 -23"><span class='ocrx_word' id='word_1_224' title='bbox 376 2922 608 2966; x_wconf 89' lang='lat' dir='ltr'><strong>remotos</strong></span> <span class='ocrx_word' id='word_1_225' title='bbox 652 2915 910 2979; x_wconf 87' lang='lat' dir='ltr'><strong>quosdam</strong></span> <span class='ocrx_word' id='word_1_226' title='bbox 956 2916 1343 2986; x_wconf 75' lang='lat' dir='ltr'><strong>cogitationum</strong></span> <span class='ocrx_word' id='word_1_227' title='bbox 1379 2917 1656 2973; x_wconf 83' lang='lat' dir='ltr'><strong>anfractus</strong></span> <span class='ocrx_word' id='word_1_228' title='bbox 1703 2920 1945 2984; x_wconf 88' lang='lat' dir='ltr'><strong>abducit,</strong></span> 
     </span>
    </p>
   </div>
   <div class='ocr_carea' id='block_1_33' title="bbox 374 3003 1946 3073">
    <p class='ocr_par' dir='ltr' id='par_1_33' title="bbox 374 3003 1946 3073">
     <span class='ocr_line' id='line_1_33' title="bbox 374 3003 1946 3073; baseline 0.006 -17"><span class='ocrx_word' id='word_1_229' title='bbox 374 3011 426 3056; x_wconf 94' lang='lat' dir='ltr'><strong>ct</strong></span> <span class='ocrx_word' id='word_1_230' title='bbox 452 3003 746 3072; x_wconf 81' lang='lat' dir='ltr'><strong>profecisse</strong></span> <span class='ocrx_word' id='word_1_231' title='bbox 797 3006 927 3060; x_wconf 90' lang='lat' dir='ltr'><strong>dicit</strong></span> <span class='ocrx_word' id='word_1_232' title='bbox 959 3007 1008 3059; x_wconf 91' lang='lat' dir='ltr'><strong>in</strong></span> <span class='ocrx_word' id='word_1_233' title='bbox 1037 3010 1394 3073; x_wconf 83' lang='lat' dir='ltr'><strong>sacerdotem,</strong></span> <span class='ocrx_word' id='word_1_234' title='bbox 1423 3019 1479 3063; x_wconf 90' lang='lat' dir='ltr'><strong>et</strong></span> <span class='ocrx_word' id='word_1_235' title='bbox 1507 3011 1558 3062; x_wconf 91' lang='lat' dir='ltr'><strong>in</strong></span> <span class='ocrx_word' id='word_1_236' title='bbox 1599 3011 1700 3065; x_wconf 90' lang='lat' dir='ltr'><strong>hoc</strong></span> <span class='ocrx_word' id='word_1_237' title='bbox 1741 3012 1792 3064; x_wconf 92' lang='lat' dir='ltr'><strong>in</strong></span> <span class='ocrx_word' id='word_1_238' title='bbox 1824 3028 1946 3065; x_wconf 91' lang='lat' dir='ltr'><strong>eum</strong></span> 
     </span>
    </p>
   </div>
   <div class='ocr_carea' id='block_1_34' title="bbox 2031 543 3608 619">
    <p class='ocr_par' dir='ltr' id='par_1_34' title="bbox 2031 543 3608 619">
     <span class='ocr_line' id='line_1_34' title="bbox 2031 543 3608 619; baseline -0.005 -17"><span class='ocrx_word' id='word_1_239' title='bbox 2031 547 2166 619; x_wconf 79' lang='grc' dir='ltr'>πρὸς</span> <span class='ocrx_word' id='word_1_240' title='bbox 2202 550 2308 602; x_wconf 84' lang='grc' dir='ltr'>πᾶν</span> <span class='ocrx_word' id='word_1_241' title='bbox 2338 547 2535 612; x_wconf 82' lang='grc' dir='ltr'><strong>ὁτιοῦν,</strong></span> <span class='ocrx_word' id='word_1_242' title='bbox 2568 547 2662 600; x_wconf 71' lang='grc' dir='ltr'><strong>καὶ</strong></span> <span class='ocrx_word' id='word_1_243' title='bbox 2698 548 2819 599; x_wconf 87' lang='grc' dir='ltr'>κατ’</span> <span class='ocrx_word' id='word_1_244' title='bbox 2871 545 3063 599; x_wconf 79' lang='grc' dir='ltr'>οὐδένα</span> <span class='ocrx_word' id='word_1_245' title='bbox 3085 545 3286 616; x_wconf 84' lang='grc' dir='ltr'><strong>τρόπον</strong></span> <span class='ocrx_word' id='word_1_246' title='bbox 3311 543 3377 597; x_wconf 84' lang='grc' dir='ltr'><strong>ἂν</strong></span> <span class='ocrx_word' id='word_1_247' title='bbox 3406 544 3520 612; x_wconf 78' lang='grc' dir='ltr'>ἔχοι</span> <span class='ocrx_word' id='word_1_248' title='bbox 3550 543 3608 594; x_wconf 83' lang='grc' dir='ltr'><strong>τὸ</strong></span> 
     </span>
    </p>
   </div>
   <div class='ocr_carea' id='block_1_35' title="bbox 2031 633 3605 710">
    <p class='ocr_par' dir='ltr' id='par_1_35' title="bbox 2031 633 3605 710">
     <span class='ocr_line' id='line_1_35' title="bbox 2031 633 3605 710; baseline -0.003 -19"><span class='ocrx_word' id='word_1_249' title='bbox 2031 640 2210 702; x_wconf 77' lang='grc' dir='ltr'>ἐνδεὲς</span> <span class='ocrx_word' id='word_1_250' title='bbox 2249 639 2343 692; x_wconf 88' lang='grc' dir='ltr'><strong>τοῦ</strong></span> <span class='ocrx_word' id='word_1_251' title='bbox 2379 640 2579 710; x_wconf 86' lang='grc' dir='ltr'><strong>ἀρτίως</strong></span> <span class='ocrx_word' id='word_1_252' title='bbox 2618 638 2832 707; x_wconf 75' lang='grc' dir='ltr'>ἔχοντος</span> <span class='ocrx_word' id='word_1_253' title='bbox 2877 638 2958 700; x_wconf 82' lang='grc' dir='ltr'><strong>είς</strong></span> <span class='ocrx_word' id='word_1_254' title='bbox 3002 635 3342 706; x_wconf 88' lang='grc' dir='ltr'>κατόρθωσιν</span> <span class='ocrx_word' id='word_1_255' title='bbox 3385 633 3605 701; x_wconf 77' lang='grc' dir='ltr'>ἀρετῆς.</span> 
     </span>
    </p>
   </div>
   <div class='ocr_carea' id='block_1_36' title="bbox 2031 723 3606 798">
    <p class='ocr_par' dir='ltr' id='par_1_36' title="bbox 2031 723 3606 798">
     <span class='ocr_line' id='line_1_36' title="bbox 2031 723 3606 798; baseline -0.004 -18"><span class='ocrx_word' id='word_1_256' title='bbox 2031 729 2169 781; x_wconf 84' lang='grc' dir='ltr'><strong>Πότε</strong></span> <span class='ocrx_word' id='word_1_257' title='bbox 2196 723 2344 798; x_wconf 83' lang='grc' dir='ltr'>δὲῆν</span> <span class='ocrx_word' id='word_1_258' title='bbox 2377 728 2438 780; x_wconf 84' lang='grc' dir='ltr'><strong>οὐ</strong></span> <span class='ocrx_word' id='word_1_259' title='bbox 2478 727 2678 789; x_wconf 83' lang='grc' dir='ltr'>τέλειος</span> <span class='ocrx_word' id='word_1_260' title='bbox 2719 728 2798 788; x_wconf 78' lang='grc' dir='ltr'><strong>είς</strong></span> <span class='ocrx_word' id='word_1_261' title='bbox 2823 725 2884 778; x_wconf 85' lang='grc' dir='ltr'><strong>τὸ</strong></span> <span class='ocrx_word' id='word_1_262' title='bbox 2921 723 3123 792; x_wconf 81' lang='grc' dir='ltr'>ἀγαθὸν</span> <span class='ocrx_word' id='word_1_263' title='bbox 3151 725 3178 776; x_wconf 91' lang='lat'><strong>6</strong></span> <span class='ocrx_word' id='word_1_264' title='bbox 3204 724 3298 776; x_wconf 75' lang='grc' dir='ltr'>καὶ</span> <span class='ocrx_word' id='word_1_265' title='bbox 3330 725 3387 776; x_wconf 78' lang='grc' dir='ltr'>ὲν</span> <span class='ocrx_word' id='word_1_266' title='bbox 3426 724 3606 792; x_wconf 77' lang='grc' dir='ltr'>μήτρᾳ</span> 
     </span>
    </p>
   </div>
   <div class='ocr_carea' id='block_1_37' title="bbox 2031 811 3606 889">
    <p class='ocr_par' dir='ltr' id='par_1_37' title="bbox 2031 811 3606 889">
     <span class='ocr_line' id='line_1_37' title="bbox 2031 811 3606 889; baseline -0.004 -17"><span class='ocrx_word' id='word_1_267' title='bbox 2031 818 2184 883; x_wconf 78' lang='grc' dir='ltr'>Θεὸς,</span> <span class='ocrx_word' id='word_1_268' title='bbox 2211 819 2339 889; x_wconf 72' lang='grc' dir='ltr'>περὶ</span> <span class='ocrx_word' id='word_1_269' title='bbox 2363 811 2424 872; x_wconf 77' lang='grc' dir='ltr'>οὗ</span> <span class='ocrx_word' id='word_1_270' title='bbox 2448 818 2542 872; x_wconf 76' lang='grc' dir='ltr'><strong>καὶ</strong></span> <span class='ocrx_word' id='word_1_271' title='bbox 2563 820 2590 870; x_wconf 93' lang='lat'><strong>6</strong></span> <span class='ocrx_word' id='word_1_272' title='bbox 2616 818 2900 889; x_wconf 82' lang='grc' dir='ltr'><strong>προφήτης</strong></span> <span class='ocrx_word' id='word_1_273' title='bbox 2931 815 3096 884; x_wconf 75' lang='grc' dir='ltr'>φησὶν</span> <span class='ocrx_word' id='word_1_274' title='bbox 3133 815 3360 876; x_wconf 78' lang='grc' dir='ltr'>Ἡσαΐας</span> <span class='ocrx_word' id='word_1_275' title='bbox 3385 831 3397 844; x_wconf 91' lang='grc'><strong>·</strong></span> <span class='ocrx_word' id='word_1_276' title='bbox 3430 834 3449 865; x_wconf 74' lang='grc' dir='ltr'>ι</span> <span class='ocrx_word' id='word_1_277' title='bbox 3480 813 3606 865; x_wconf 86' lang='grc' dir='ltr'><strong>Βού-</strong></span> 
     </span>
    </p>
   </div>
   <div class='ocr_carea' id='block_1_38' title="bbox 2033 904 3610 980">
    <p class='ocr_par' dir='ltr' id='par_1_38' title="bbox 2033 904 3610 980">
     <span class='ocr_line' id='line_1_38' title="bbox 2033 904 3610 980; baseline -0.006 -16"><span class='ocrx_word' id='word_1_278' title='bbox 2033 926 2195 978; x_wconf 88' lang='grc' dir='ltr'>τυρον</span> <span class='ocrx_word' id='word_1_279' title='bbox 2229 911 2322 964; x_wconf 76' lang='grc' dir='ltr'>καὶ</span> <span class='ocrx_word' id='word_1_280' title='bbox 2355 910 2474 980; x_wconf 89' lang='grc' dir='ltr'>μέλι</span> <span class='ocrx_word' id='word_1_281' title='bbox 2505 910 2757 978; x_wconf 84' lang='grc' dir='ltr'><strong>φάγεται·</strong></span> <span class='ocrx_word' id='word_1_282' title='bbox 2790 907 2955 977; x_wconf 82' lang='grc' dir='ltr'>πρινὴ</span> <span class='ocrx_word' id='word_1_283' title='bbox 2977 907 3178 974; x_wconf 85' lang='grc' dir='ltr'>γνῶναι</span> <span class='ocrx_word' id='word_1_284' title='bbox 3210 906 3373 959; x_wconf 80' lang='grc' dir='ltr'>αὐτὸν</span> <span class='ocrx_word' id='word_1_285' title='bbox 3405 904 3439 974; x_wconf 82' lang='grc' dir='ltr'>ἢ</span> <span class='ocrx_word' id='word_1_286' title='bbox 3477 920 3610 972; x_wconf 87' lang='grc' dir='ltr'>προ-</span> 
     </span>
    </p>
   </div>
   <div class='ocr_carea' id='block_1_39' title="bbox 2034 996 3608 1070">
    <p class='ocr_par' dir='ltr' id='par_1_39' title="bbox 2034 996 3608 1070">
     <span class='ocr_line' id='line_1_39' title="bbox 2034 996 3608 1070; baseline -0.006 -15"><span class='ocrx_word' id='word_1_287' title='bbox 2034 1002 2249 1056; x_wconf 86' lang='grc' dir='ltr'>ελέσθαι</span> <span class='ocrx_word' id='word_1_288' title='bbox 2299 1001 2530 1070; x_wconf 81' lang='grc' dir='ltr'>πονηρὰ,</span> <span class='ocrx_word' id='word_1_289' title='bbox 2570 997 2846 1063; x_wconf 78' lang='grc' dir='ltr'>ὲκλέξεται</span> <span class='ocrx_word' id='word_1_290' title='bbox 2887 999 2948 1050; x_wconf 80' lang='grc' dir='ltr'>τὸ</span> <span class='ocrx_word' id='word_1_291' title='bbox 2976 997 3210 1065; x_wconf 86' lang='grc' dir='ltr'>ἀγαθόν;</span> <span class='ocrx_word' id='word_1_292' title='bbox 3244 1015 3262 1046; x_wconf 72' lang='grc' dir='ltr'>ι</span> <span class='ocrx_word' id='word_1_293' title='bbox 3284 996 3418 1048; x_wconf 83' lang='grc' dir='ltr'>διότι</span> <span class='ocrx_word' id='word_1_294' title='bbox 3445 1011 3608 1064; x_wconf 86' lang='grc' dir='ltr'>πρινη</span> 
     </span>
    </p>
   </div>
   <div class='ocr_carea' id='block_1_40' title="bbox 2033 1087 3608 1162">
    <p class='ocr_par' dir='ltr' id='par_1_40' title="bbox 2033 1087 3608 1162">
     <span class='ocr_line' id='line_1_40' title="bbox 2033 1087 3608 1162; baseline -0.006 -15"><span class='ocrx_word' id='word_1_295' title='bbox 2033 1093 2236 1162; x_wconf 83' lang='grc' dir='ltr'>γνῶναι</span> <span class='ocrx_word' id='word_1_296' title='bbox 2265 1094 2326 1146; x_wconf 87' lang='grc' dir='ltr'><strong>τὸ</strong></span> <span class='ocrx_word' id='word_1_297' title='bbox 2366 1091 2573 1145; x_wconf 75' lang='grc' dir='ltr'>παιδίον</span> <span class='ocrx_word' id='word_1_298' title='bbox 2618 1089 2838 1158; x_wconf 82' lang='grc' dir='ltr'>ἀγαθὸν,</span> <span class='ocrx_word' id='word_1_299' title='bbox 2875 1090 2908 1159; x_wconf 79' lang='grc' dir='ltr'>ἦ</span> <span class='ocrx_word' id='word_1_300' title='bbox 2940 1089 3132 1152; x_wconf 79' lang='grc' dir='ltr'>κακὸν,</span> <span class='ocrx_word' id='word_1_301' title='bbox 3185 1087 3403 1141; x_wconf 81' lang='grc' dir='ltr'><strong>ἀπειθεῖ</strong></span> <span class='ocrx_word' id='word_1_302' title='bbox 3442 1102 3608 1154; x_wconf 88' lang='grc' dir='ltr'>πονη-</span> 
     </span>
    </p>
   </div>
   <div class='ocr_carea' id='block_1_41' title="bbox 2037 1178 3609 1256">
    <p class='ocr_par' dir='ltr' id='par_1_41' title="bbox 2037 1178 3609 1256">
     <span class='ocr_line' id='line_1_41' title="bbox 2037 1178 3609 1256; baseline -0.005 -18"><span class='ocrx_word' id='word_1_303' title='bbox 2037 1186 2159 1256; x_wconf 84' lang='grc' dir='ltr'>ρίᾳ,</span> <span class='ocrx_word' id='word_1_304' title='bbox 2187 1185 2278 1238; x_wconf 87' lang='grc' dir='ltr'><strong>τοῦ</strong></span> <span class='ocrx_word' id='word_1_305' title='bbox 2311 1183 2633 1248; x_wconf 78' lang='grc' dir='ltr'><strong>ἐκλέξασθαι</strong></span> <span class='ocrx_word' id='word_1_306' title='bbox 2661 1182 2720 1235; x_wconf 83' lang='grc' dir='ltr'>τὸ</span> <span class='ocrx_word' id='word_1_307' title='bbox 2750 1181 2972 1249; x_wconf 86' lang='grc' dir='ltr'>ἀγαθόν.</span> <span class='ocrx_word' id='word_1_308' title='bbox 3014 1179 3125 1233; x_wconf 87' lang='grc' dir='ltr'><strong>Ποῦ</strong></span> <span class='ocrx_word' id='word_1_309' title='bbox 3155 1180 3337 1232; x_wconf 83' lang='grc' dir='ltr'>τοίνυν</span> <span class='ocrx_word' id='word_1_310' title='bbox 3372 1179 3437 1232; x_wconf 86' lang='grc' dir='ltr'><strong>ἂν</strong></span> <span class='ocrx_word' id='word_1_311' title='bbox 3480 1178 3609 1249; x_wconf 77' lang='grc' dir='ltr'>ἔχῃς</span> 
     </span>
    </p>
   </div>
   <div class='ocr_carea' id='block_1_42' title="bbox 2035 1269 3607 1345">
    <p class='ocr_par' dir='ltr' id='par_1_42' title="bbox 2035 1269 3607 1345">
     <span class='ocr_line' id='line_1_42' title="bbox 2035 1269 3607 1345; baseline -0.006 -16"><span class='ocrx_word' id='word_1_312' title='bbox 2035 1275 2297 1341; x_wconf 79' lang='grc' dir='ltr'>ἐπιδεῖξαι</span> <span class='ocrx_word' id='word_1_313' title='bbox 2338 1273 2574 1345; x_wconf 76' lang='grc' dir='ltr'>Χριστοῦ</span> <span class='ocrx_word' id='word_1_314' title='bbox 2615 1272 2676 1326; x_wconf 83' lang='grc' dir='ltr'><strong>τὸ</strong></span> <span class='ocrx_word' id='word_1_315' title='bbox 2716 1272 2903 1336; x_wconf 82' lang='grc' dir='ltr'>ἀτελὲς</span> <span class='ocrx_word' id='word_1_316' title='bbox 2946 1271 3026 1324; x_wconf 76' lang='grc' dir='ltr'><strong>ἔτι</strong></span> <span class='ocrx_word' id='word_1_317' title='bbox 3089 1271 3224 1340; x_wconf 75' lang='grc' dir='ltr'>πρὸς</span> <span class='ocrx_word' id='word_1_318' title='bbox 3267 1271 3329 1322; x_wconf 83' lang='grc' dir='ltr'><strong>τὸ</strong></span> <span class='ocrx_word' id='word_1_319' title='bbox 3366 1269 3607 1334; x_wconf 85' lang='grc' dir='ltr'>ἀγαθόν;</span> 
     </span>
    </p>
   </div>
   <div class='ocr_carea' id='block_1_43' title="bbox 2035 1359 3607 1439">
    <p class='ocr_par' dir='ltr' id='par_1_43' title="bbox 2035 1359 3607 1439">
     <span class='ocr_line' id='line_1_43' title="bbox 2035 1359 3607 1439; baseline -0.007 -18"><span class='ocrx_word' id='word_1_320' title='bbox 2035 1368 2068 1439; x_wconf 79' lang='grc' dir='ltr'>ἢ</span> <span class='ocrx_word' id='word_1_321' title='bbox 2102 1369 2260 1430; x_wconf 90' lang='grc' dir='ltr'>ποίας</span> <span class='ocrx_word' id='word_1_322' title='bbox 2298 1367 2362 1421; x_wconf 84' lang='grc' dir='ltr'><strong>ἂν</strong></span> <span class='ocrx_word' id='word_1_323' title='bbox 2387 1367 2560 1419; x_wconf 87' lang='grc' dir='ltr'>δέοιτο</span> <span class='ocrx_word' id='word_1_324' title='bbox 2599 1363 2900 1436; x_wconf 82' lang='grc' dir='ltr'>προκοπῆς,</span> <span class='ocrx_word' id='word_1_325' title='bbox 2932 1365 2960 1416; x_wconf 87' lang='lat'><strong>6</strong></span> <span class='ocrx_word' id='word_1_326' title='bbox 3001 1362 3172 1423; x_wconf 78' lang='grc' dir='ltr'>οὕτως</span> <span class='ocrx_word' id='word_1_327' title='bbox 3205 1360 3405 1431; x_wconf 86' lang='grc' dir='ltr'>ἀρτίως</span> <span class='ocrx_word' id='word_1_328' title='bbox 3450 1359 3607 1428; x_wconf 78' lang='grc' dir='ltr'>ἔχων,</span> 
     </span>
    </p>
   </div>
   <div class='ocr_carea' id='block_1_44' title="bbox 2035 1450 3612 1529">
    <p class='ocr_par' dir='ltr' id='par_1_44' title="bbox 2035 1450 3612 1529">
     <span class='ocr_line' id='line_1_44' title="bbox 2035 1450 3612 1529; baseline -0.004 -20"><span class='ocrx_word' id='word_1_329' title='bbox 2035 1458 2110 1521; x_wconf 83' lang='grc' dir='ltr'>ὡς</span> <span class='ocrx_word' id='word_1_330' title='bbox 2141 1457 2325 1529; x_wconf 83' lang='grc' dir='ltr'>ἁπάσῃ</span> <span class='ocrx_word' id='word_1_331' title='bbox 2357 1459 2455 1528; x_wconf 85' lang='grc' dir='ltr'><strong>μὲν</strong></span> <span class='ocrx_word' id='word_1_332' title='bbox 2494 1454 2740 1510; x_wconf 83' lang='grc' dir='ltr'>ἀπειθεῖν</span> <span class='ocrx_word' id='word_1_333' title='bbox 2777 1453 3034 1524; x_wconf 78' lang='grc' dir='ltr'>πονηρίᾳ,</span> <span class='ocrx_word' id='word_1_334' title='bbox 3075 1453 3398 1523; x_wconf 81' lang='grc' dir='ltr'>προτάττειν</span> <span class='ocrx_word' id='word_1_335' title='bbox 3429 1451 3485 1503; x_wconf 88' lang='grc' dir='ltr'>δὲ</span> <span class='ocrx_word' id='word_1_336' title='bbox 3520 1450 3612 1502; x_wconf 85' lang='grc' dir='ltr'>αὐ-</span> 
     </span>
    </p>
   </div>
   <div class='ocr_carea' id='block_1_45' title="bbox 2035 1538 3611 1618">
    <p class='ocr_par' dir='ltr' id='par_1_45' title="bbox 2035 1538 3611 1618">
     <span class='ocr_line' id='line_1_45' title="bbox 2035 1538 3611 1618; baseline -0.006 -16"><span class='ocrx_word' id='word_1_337' title='bbox 2035 1548 2156 1618; x_wconf 82' lang='grc' dir='ltr'>τῆς,</span> <span class='ocrx_word' id='word_1_338' title='bbox 2187 1549 2283 1601; x_wconf 77' lang='grc' dir='ltr'><strong>καὶ</strong></span> <span class='ocrx_word' id='word_1_339' title='bbox 2327 1548 2435 1618; x_wconf 80' lang='grc' dir='ltr'>μὴν</span> <span class='ocrx_word' id='word_1_340' title='bbox 2467 1547 2560 1600; x_wconf 78' lang='grc' dir='ltr'><strong>καὶ</strong></span> <span class='ocrx_word' id='word_1_341' title='bbox 2589 1546 2748 1616; x_wconf 89' lang='grc' dir='ltr'>μόνον</span> <span class='ocrx_word' id='word_1_342' title='bbox 2794 1543 3067 1614; x_wconf 86' lang='grc' dir='ltr'>αἱρεῖσθαι</span> <span class='ocrx_word' id='word_1_343' title='bbox 3101 1543 3161 1595; x_wconf 73' lang='grc' dir='ltr'>τὸ</span> <span class='ocrx_word' id='word_1_344' title='bbox 3193 1541 3428 1610; x_wconf 88' lang='grc' dir='ltr'>ἀγαθόν;</span> <span class='ocrx_word' id='word_1_345' title='bbox 3473 1538 3611 1592; x_wconf 80' lang='grc' dir='ltr'>Ἀλλ’</span> 
     </span>
    </p>
   </div>
   <div class='ocr_carea' id='block_1_46' title="bbox 2037 1624 3614 1705">
    <p class='ocr_par' dir='ltr' id='par_1_46' title="bbox 2037 1624 3614 1705">
     <span class='ocr_line' id='line_1_46' title="bbox 2037 1624 3614 1705; baseline -0.008 -12"><span class='ocrx_word' id='word_1_346' title='bbox 2037 1641 2138 1692; x_wconf 88' lang='grc' dir='ltr'><strong>οὐκ</strong></span> <span class='ocrx_word' id='word_1_347' title='bbox 2169 1635 2264 1692; x_wconf 82' lang='grc' dir='ltr'>οἷδ’</span> <span class='ocrx_word' id='word_1_348' title='bbox 2293 1639 2440 1701; x_wconf 82' lang='grc' dir='ltr'>ὅπως</span> <span class='ocrx_word' id='word_1_349' title='bbox 2462 1640 2490 1690; x_wconf 89' lang='lat'><strong>6</strong></span> <span class='ocrx_word' id='word_1_350' title='bbox 2519 1635 2992 1705; x_wconf 76' lang='grc' dir='ltr'>διαϐεϐαιούμενός</span> <span class='ocrx_word' id='word_1_351' title='bbox 3011 1651 3070 1686; x_wconf 89' lang='grc' dir='ltr'><strong>τε</strong></span> <span class='ocrx_word' id='word_1_352' title='bbox 3098 1634 3192 1686; x_wconf 70' lang='grc' dir='ltr'><strong>καὶ</strong></span> <span class='ocrx_word' id='word_1_353' title='bbox 3219 1633 3414 1699; x_wconf 89' lang='grc' dir='ltr'>λέγων,</span> <span class='ocrx_word' id='word_1_354' title='bbox 3445 1624 3614 1691; x_wconf 73' lang='grc' dir='ltr'>Οὗτος</span> 
     </span>
    </p>
   </div>
   <div class='ocr_carea' id='block_1_47' title="bbox 2042 1721 3616 1799">
    <p class='ocr_par' dir='ltr' id='par_1_47' title="bbox 2042 1721 3616 1799">
     <span class='ocr_line' id='line_1_47' title="bbox 2042 1721 3616 1799; baseline -0.007 -16"><span class='ocrx_word' id='word_1_355' title='bbox 2042 1732 2070 1783; x_wconf 92' lang='lat'><strong>6</strong></span> <span class='ocrx_word' id='word_1_356' title='bbox 2091 1728 2230 1782; x_wconf 84' lang='grc' dir='ltr'><strong>κατά</strong></span> <span class='ocrx_word' id='word_1_357' title='bbox 2261 1728 2456 1799; x_wconf 82' lang='grc' dir='ltr'>μικρὸν</span> <span class='ocrx_word' id='word_1_358' title='bbox 2502 1726 2782 1799; x_wconf 70' lang='grc' dir='ltr'>προκόψας</span> <span class='ocrx_word' id='word_1_359' title='bbox 2810 1728 2890 1788; x_wconf 86' lang='grc' dir='ltr'><strong>είς</strong></span> <span class='ocrx_word' id='word_1_360' title='bbox 2919 1725 3216 1796; x_wconf 85' lang='grc' dir='ltr'>ἀρχιερέως</span> <span class='ocrx_word' id='word_1_361' title='bbox 3255 1723 3492 1792; x_wconf 84' lang='grc' dir='ltr'>ἀξίωμα,</span> <span class='ocrx_word' id='word_1_362' title='bbox 3522 1721 3616 1774; x_wconf 76' lang='grc' dir='ltr'><strong>καὶ</strong></span> 
     </span>
    </p>
   </div>
   <div class='ocr_carea' id='block_1_48' title="bbox 2044 1811 3610 1889">
    <p class='ocr_par' dir='ltr' id='par_1_48' title="bbox 2044 1811 3610 1889">
     <span class='ocr_line' id='line_1_48' title="bbox 2044 1811 3610 1889; baseline -0.009 -14"><span class='ocrx_word' id='word_1_363' title='bbox 2044 1821 2396 1889; x_wconf 84' lang='grc' dir='ltr'>παρενεγκὼν</span> <span class='ocrx_word' id='word_1_364' title='bbox 2446 1821 2527 1882; x_wconf 85' lang='grc' dir='ltr'><strong>είς</strong></span> <span class='ocrx_word' id='word_1_365' title='bbox 2571 1817 2844 1883; x_wconf 84' lang='grc' dir='ltr'>ἀπόδειξιν</span> <span class='ocrx_word' id='word_1_366' title='bbox 2895 1817 3004 1869; x_wconf 84' lang='grc' dir='ltr'><strong>τῶν</strong></span> <span class='ocrx_word' id='word_1_367' title='bbox 3053 1814 3244 1868; x_wconf 81' lang='grc' dir='ltr'>ἑαυτοῦ</span> <span class='ocrx_word' id='word_1_368' title='bbox 3285 1813 3484 1880; x_wconf 87' lang='grc' dir='ltr'>λόγων,</span> <span class='ocrx_word' id='word_1_369' title='bbox 3530 1811 3610 1870; x_wconf 80' lang='grc' dir='ltr'><strong>τὸ,</strong></span> 
     </span>
    </p>
   </div>
   <div class='ocr_carea' id='block_1_49' title="bbox 2053 1904 3614 1984">
    <p class='ocr_par' dir='ltr' id='par_1_49' title="bbox 2053 1904 3614 1984">
     <span class='ocr_line' id='line_1_49' title="bbox 2053 1904 3614 1984; baseline -0.009 -17"><span class='ocrx_word' id='word_1_370' title='bbox 2053 1933 2070 1965; x_wconf 80' lang='grc' dir='ltr'>ι</span> <span class='ocrx_word' id='word_1_371' title='bbox 2100 1914 2306 1984; x_wconf 81' lang='grc' dir='ltr'>Ἰησοῦς</span> <span class='ocrx_word' id='word_1_372' title='bbox 2334 1912 2390 1966; x_wconf 87' lang='grc' dir='ltr'><strong>δὲ</strong></span> <span class='ocrx_word' id='word_1_373' title='bbox 2419 1912 2753 1984; x_wconf 82' lang='grc' dir='ltr'>προέκοπτεν</span> <span class='ocrx_word' id='word_1_374' title='bbox 2780 1909 2964 1980; x_wconf 76' lang='grc' dir='ltr'>ἡλικίᾳ</span> <span class='ocrx_word' id='word_1_375' title='bbox 2985 1908 3074 1961; x_wconf 76' lang='grc' dir='ltr'><strong>καὶ</strong></span> <span class='ocrx_word' id='word_1_376' title='bbox 3091 1905 3253 1976; x_wconf 78' lang='grc' dir='ltr'>σοφίᾳ</span> <span class='ocrx_word' id='word_1_377' title='bbox 3269 1904 3614 1973; x_wconf 71' lang='grc' dir='ltr'>καὶχάριτι,›</span> 
     </span>
    </p>
   </div>
   <div class='ocr_carea' id='block_1_50' title="bbox 2048 1996 3622 2078">
    <p class='ocr_par' dir='ltr' id='par_1_50' title="bbox 2048 1996 3622 2078">
     <span class='ocr_line' id='line_1_50' title="bbox 2048 1996 3622 2078; baseline -0.01 -18"><span class='ocrx_word' id='word_1_378' title='bbox 2048 2006 2329 2078; x_wconf 73' lang='grc' dir='ltr'>μονονουχὶ</span> <span class='ocrx_word' id='word_1_379' title='bbox 2377 2005 2486 2058; x_wconf 82' lang='grc' dir='ltr'><strong>τῶν</strong></span> <span class='ocrx_word' id='word_1_380' title='bbox 2530 2003 2725 2058; x_wconf 83' lang='grc' dir='ltr'>ἑαυτοῦ</span> <span class='ocrx_word' id='word_1_381' title='bbox 2769 2003 2944 2070; x_wconf 88' lang='grc' dir='ltr'>λόγων</span> <span class='ocrx_word' id='word_1_382' title='bbox 3000 1997 3298 2069; x_wconf 80' lang='grc' dir='ltr'>καθορίζων</span> <span class='ocrx_word' id='word_1_383' title='bbox 3341 1996 3401 2049; x_wconf 73' lang='grc' dir='ltr'><strong>τὸ</strong></span> <span class='ocrx_word' id='word_1_384' title='bbox 3451 1997 3622 2065; x_wconf 79' lang='grc' dir='ltr'>ἀτερ-</span> 
     </span>
    </p>
   </div>
   <div class='ocr_carea' id='block_1_51' title="bbox 2045 2085 3622 2170">
    <p class='ocr_par' dir='ltr' id='par_1_51' title="bbox 2045 2085 3622 2170">
     <span class='ocr_line' id='line_1_51' title="bbox 2045 2085 3622 2170; baseline -0.011 -17"><span class='ocrx_word' id='word_1_385' title='bbox 2045 2099 2144 2162; x_wconf 85' lang='grc' dir='ltr'>πὲς</span> <span class='ocrx_word' id='word_1_386' title='bbox 2161 2097 2268 2170; x_wconf 79' lang='grc' dir='ltr'><strong>[ἵσ.</strong></span> <span class='ocrx_word' id='word_1_387' title='bbox 2290 2095 2578 2169; x_wconf 74' lang='grc' dir='ltr'>ἀπρεπὲς],</span> <span class='ocrx_word' id='word_1_388' title='bbox 2599 2097 2692 2149; x_wconf 75' lang='grc' dir='ltr'><strong>καὶ</strong></span> <span class='ocrx_word' id='word_1_389' title='bbox 2712 2089 2785 2148; x_wconf 82' lang='grc' dir='ltr'>ὧν</span> <span class='ocrx_word' id='word_1_390' title='bbox 2803 2090 2861 2146; x_wconf 80' lang='grc' dir='ltr'><strong>εὖ</strong></span> <span class='ocrx_word' id='word_1_391' title='bbox 2881 2093 3023 2164; x_wconf 73' lang='grc' dir='ltr'>ἔχειν</span> <span class='ocrx_word' id='word_1_392' title='bbox 3041 2091 3336 2160; x_wconf 81' lang='grc' dir='ltr'>ὑπείληφεν</span> <span class='ocrx_word' id='word_1_393' title='bbox 3353 2089 3430 2149; x_wconf 88' lang='grc' dir='ltr'>εἱς</span> <span class='ocrx_word' id='word_1_394' title='bbox 3445 2085 3622 2155; x_wconf 85' lang='grc' dir='ltr'>λήθην</span> 
     </span>
    </p>
   </div>
   <div class='ocr_carea' id='block_1_52' title="bbox 2044 2175 3620 2258">
    <p class='ocr_par' dir='ltr' id='par_1_52' title="bbox 2044 2175 3620 2258">
     <span class='ocr_line' id='line_1_52' title="bbox 2044 2175 3620 2258; baseline -0.01 -18"><span class='ocrx_word' id='word_1_395' title='bbox 2044 2187 2380 2258; x_wconf 80' lang='grc' dir='ltr'>ὑπενεχθεὶς,</span> <span class='ocrx_word' id='word_1_396' title='bbox 2408 2187 2498 2239; x_wconf 77' lang='grc' dir='ltr'>τὸν</span> <span class='ocrx_word' id='word_1_397' title='bbox 2525 2187 2624 2256; x_wconf 75' lang='grc' dir='ltr'>τῆς</span> <span class='ocrx_word' id='word_1_398' title='bbox 2665 2184 2995 2244; x_wconf 85' lang='grc' dir='ltr'>τελειώσεως</span> <span class='ocrx_word' id='word_1_399' title='bbox 3029 2179 3227 2251; x_wconf 78' lang='grc' dir='ltr'>τρόπον</span> <span class='ocrx_word' id='word_1_400' title='bbox 3267 2177 3466 2246; x_wconf 77' lang='grc' dir='ltr'>ἑτέρως</span> <span class='ocrx_word' id='word_1_401' title='bbox 3491 2175 3620 2245; x_wconf 78' lang='grc' dir='ltr'>ἡμῖν</span> 
     </span>
    </p>
   </div>
   <div class='ocr_carea' id='block_1_53' title="bbox 2046 2265 3623 2351">
    <p class='ocr_par' dir='ltr' id='par_1_53' title="bbox 2046 2265 3623 2351">
     <span class='ocr_line' id='line_1_53' title="bbox 2046 2265 3623 2351; baseline -0.007 -19"><span class='ocrx_word' id='word_1_402' title='bbox 2046 2280 2360 2351; x_wconf 79' lang='grc' dir='ltr'>πεπρᾶχθαι</span> <span class='ocrx_word' id='word_1_403' title='bbox 2405 2278 2790 2349; x_wconf 80' lang='grc' dir='ltr'>διισχυρίζεται</span> <span class='ocrx_word' id='word_1_404' title='bbox 2833 2275 3007 2343; x_wconf 84' lang='grc' dir='ltr'>λέγων</span> <span class='ocrx_word' id='word_1_405' title='bbox 3027 2289 3041 2302; x_wconf 89' lang='grc'><strong>·</strong></span> <span class='ocrx_word' id='word_1_406' title='bbox 3079 2265 3247 2333; x_wconf 74' lang='grc' dir='ltr'>Οὗτος</span> <span class='ocrx_word' id='word_1_407' title='bbox 3271 2269 3300 2321; x_wconf 92' lang='lat'><strong>6</strong></span> <span class='ocrx_word' id='word_1_408' title='bbox 3324 2267 3499 2338; x_wconf 84' lang='grc' dir='ltr'>χρόνῳ</span> <span class='ocrx_word' id='word_1_409' title='bbox 3525 2281 3623 2332; x_wconf 85' lang='grc' dir='ltr'>γε·</span> 
     </span>
    </p>
   </div>
   <div class='ocr_carea' id='block_1_54' title="bbox 2045 2354 3620 2440">
    <p class='ocr_par' dir='ltr' id='par_1_54' title="bbox 2045 2354 3620 2440">
     <span class='ocr_line' id='line_1_54' title="bbox 2045 2354 3620 2440; baseline -0.011 -18"><span class='ocrx_word' id='word_1_410' title='bbox 2045 2370 2348 2439; x_wconf 87' lang='grc' dir='ltr'>γενημένος</span> <span class='ocrx_word' id='word_1_411' title='bbox 2393 2368 2696 2440; x_wconf 80' lang='grc' dir='ltr'>ἀρχιερεὺς,</span> <span class='ocrx_word' id='word_1_412' title='bbox 2727 2365 2863 2419; x_wconf 87' lang='grc' dir='ltr'><strong>όδιά</strong></span> <span class='ocrx_word' id='word_1_413' title='bbox 2903 2361 3246 2432; x_wconf 81' lang='grc' dir='ltr'>παθημάτων</span> <span class='ocrx_word' id='word_1_414' title='bbox 3290 2354 3620 2416; x_wconf 86' lang='grc' dir='ltr'>τελειωθείς.</span> 
     </span>
    </p>
   </div>
   <div class='ocr_carea' id='block_1_55' title="bbox 2044 2449 3617 2531">
    <p class='ocr_par' dir='ltr' id='par_1_55' title="bbox 2044 2449 3617 2531">
     <span class='ocr_line' id='line_1_55' title="bbox 2044 2449 3617 2531; baseline -0.011 -14"><span class='ocrx_word' id='word_1_415' title='bbox 2044 2458 2170 2531; x_wconf 73' lang='grc' dir='ltr'><strong>Ἆρ’</strong></span> <span class='ocrx_word' id='word_1_416' title='bbox 2194 2461 2294 2514; x_wconf 77' lang='grc' dir='ltr'><strong>οὐκ</strong></span> <span class='ocrx_word' id='word_1_417' title='bbox 2315 2461 2547 2530; x_wconf 75' lang='grc' dir='ltr'>ἐναργὴς</span> <span class='ocrx_word' id='word_1_418' title='bbox 2565 2457 2876 2527; x_wconf 82' lang='grc' dir='ltr'>ἀποπληξία</span> <span class='ocrx_word' id='word_1_419' title='bbox 2901 2455 3058 2510; x_wconf 87' lang='grc' dir='ltr'>τοῦτό</span> <span class='ocrx_word' id='word_1_420' title='bbox 3083 2471 3144 2524; x_wconf 91' lang='grc' dir='ltr'><strong>γε</strong></span> <span class='ocrx_word' id='word_1_421' title='bbox 3167 2471 3182 2520; x_wconf 87' lang='grc'>;</span> <span class='ocrx_word' id='word_1_422' title='bbox 3215 2452 3414 2524; x_wconf 82' lang='grc' dir='ltr'>μᾶλλον</span> <span class='ocrx_word' id='word_1_423' title='bbox 3440 2450 3499 2502; x_wconf 80' lang='grc' dir='ltr'>δὲ</span> <span class='ocrx_word' id='word_1_424' title='bbox 3518 2449 3617 2517; x_wconf 83' lang='grc' dir='ltr'><strong>οὐχ</strong></span> 
     </span>
    </p>
   </div>
   <div class='ocr_carea' id='block_1_56' title="bbox 2049 2539 3625 2623">
    <p class='ocr_par' dir='ltr' id='par_1_56' title="bbox 2049 2539 3625 2623">
     <span class='ocr_line' id='line_1_56' title="bbox 2049 2539 3625 2623; baseline -0.01 -16"><span class='ocrx_word' id='word_1_425' title='bbox 2049 2555 2265 2623; x_wconf 86' lang='grc' dir='ltr'>ἀπάσης</span> <span class='ocrx_word' id='word_1_426' title='bbox 2296 2551 2640 2622; x_wconf 76' lang='grc' dir='ltr'>ῥᾳδιουργίας</span> <span class='ocrx_word' id='word_1_427' title='bbox 2670 2550 2918 2619; x_wconf 78' lang='grc' dir='ltr'>ἐλεγχος;</span> <span class='ocrx_word' id='word_1_428' title='bbox 2973 2545 3327 2600; x_wconf 89' lang='grc' dir='ltr'>Τετελείωται</span> <span class='ocrx_word' id='word_1_429' title='bbox 3375 2543 3475 2612; x_wconf 83' lang='grc' dir='ltr'>μὲν</span> <span class='ocrx_word' id='word_1_430' title='bbox 3515 2539 3625 2610; x_wconf 77' lang='grc' dir='ltr'>γὰρ</span> 
     </span>
    </p>
   </div>
   <div class='ocr_carea' id='block_1_57' title="bbox 2046 2631 3625 2716">
    <p class='ocr_par' dir='ltr' id='par_1_57' title="bbox 2046 2631 3625 2716">
     <span class='ocr_line' id='line_1_57' title="bbox 2046 2631 3625 2716; baseline -0.012 -16"><span class='ocrx_word' id='word_1_431' title='bbox 2046 2647 2134 2700; x_wconf 80' lang='grc' dir='ltr'>διὰ</span> <span class='ocrx_word' id='word_1_432' title='bbox 2161 2645 2496 2716; x_wconf 85' lang='grc' dir='ltr'>παθημάτων</span> <span class='ocrx_word' id='word_1_433' title='bbox 2535 2644 2563 2696; x_wconf 86' lang='lat'><strong>6</strong></span> <span class='ocrx_word' id='word_1_434' title='bbox 2608 2642 2810 2712; x_wconf 81' lang='grc' dir='ltr'>Κύριος</span> <span class='ocrx_word' id='word_1_435' title='bbox 2856 2639 3014 2710; x_wconf 76' lang='grc' dir='ltr'>ἡμῶν</span> <span class='ocrx_word' id='word_1_436' title='bbox 3053 2635 3260 2707; x_wconf 80' lang='grc' dir='ltr'>Ἰησοῦς</span> <span class='ocrx_word' id='word_1_437' title='bbox 3295 2633 3560 2703; x_wconf 82' lang='grc' dir='ltr'>Χριστός·</span> <span class='ocrx_word' id='word_1_438' title='bbox 3594 2631 3625 2681; x_wconf 82' lang='lat'><strong>6</strong></span> 
     </span>
    </p>
   </div>
   <div class='ocr_carea' id='block_1_58' title="bbox 2046 2723 3623 2804">
    <p class='ocr_par' dir='ltr' id='par_1_58' title="bbox 2046 2723 3623 2804">
     <span class='ocr_line' id='line_1_58' title="bbox 2046 2723 3623 2804; baseline -0.011 -14"><span class='ocrx_word' id='word_1_439' title='bbox 2046 2738 2126 2802; x_wconf 83' lang='grc' dir='ltr'>δὲ,</span> <span class='ocrx_word' id='word_1_440' title='bbox 2158 2737 2333 2790; x_wconf 87' lang='grc' dir='ltr'>καίτοι</span> <span class='ocrx_word' id='word_1_441' title='bbox 2359 2735 2454 2789; x_wconf 90' lang='grc' dir='ltr'><strong>τοῦ</strong></span> <span class='ocrx_word' id='word_1_442' title='bbox 2492 2733 2811 2788; x_wconf 86' lang='grc' dir='ltr'>τελειῶσθαι</span> <span class='ocrx_word' id='word_1_443' title='bbox 2836 2726 3272 2804; x_wconf 85' lang='grc' dir='ltr'>[τετελειῶσθαι]</span> <span class='ocrx_word' id='word_1_444' title='bbox 3303 2727 3396 2778; x_wconf 69' lang='grc' dir='ltr'>τὸν</span> <span class='ocrx_word' id='word_1_445' title='bbox 3423 2723 3623 2795; x_wconf 87' lang='grc' dir='ltr'>τρόπον</span> 
     </span>
    </p>
   </div>
   <div class='ocr_carea' id='block_1_59' title="bbox 2048 2811 3631 2898">
    <p class='ocr_par' dir='ltr' id='par_1_59' title="bbox 2048 2811 3631 2898">
     <span class='ocr_line' id='line_1_59' title="bbox 2048 2811 3631 2898; baseline -0.011 -15"><span class='ocrx_word' id='word_1_446' title='bbox 2048 2830 2149 2882; x_wconf 82' lang='grc' dir='ltr'><strong>οὐκ</strong></span> <span class='ocrx_word' id='word_1_447' title='bbox 2174 2826 2480 2898; x_wconf 77' lang='grc' dir='ltr'>ὴγνοηκὼς,</span> <span class='ocrx_word' id='word_1_448' title='bbox 2501 2826 2592 2880; x_wconf 85' lang='grc' dir='ltr'><strong>τὸν</strong></span> <span class='ocrx_word' id='word_1_449' title='bbox 2618 2825 2726 2878; x_wconf 84' lang='grc' dir='ltr'><strong>τῶν</strong></span> <span class='ocrx_word' id='word_1_450' title='bbox 2749 2822 3131 2892; x_wconf 84' lang='grc' dir='ltr'>ἁπλουστέρων</span> <span class='ocrx_word' id='word_1_451' title='bbox 3153 2816 3476 2888; x_wconf 83' lang='grc' dir='ltr'>ἀποκομίζει</span> <span class='ocrx_word' id='word_1_452' title='bbox 3504 2811 3631 2868; x_wconf 87' lang='grc' dir='ltr'>νοῦν-</span> 
     </span>
    </p>
   </div>
   <div class='ocr_carea' id='block_1_60' title="bbox 2049 2907 3626 2985">
    <p class='ocr_par' dir='ltr' id='par_1_60' title="bbox 2049 2907 3626 2985">
     <span class='ocr_line' id='line_1_60' title="bbox 2049 2907 3626 2985; baseline -0.013 -10"><span class='ocrx_word' id='word_1_453' title='bbox 2049 2924 2128 2985; x_wconf 88' lang='grc' dir='ltr'><strong>είς</strong></span> <span class='ocrx_word' id='word_1_454' title='bbox 2153 2919 2416 2982; x_wconf 75' lang='grc' dir='ltr'>ἐκτύπους</span> <span class='ocrx_word' id='word_1_455' title='bbox 2443 2918 2594 2980; x_wconf 78' lang='grc' dir='ltr'>τινὰς</span> <span class='ocrx_word' id='word_1_456' title='bbox 2657 2915 2874 2970; x_wconf 74' lang='grc' dir='ltr'>ἐννοιῶν</span> <span class='ocrx_word' id='word_1_457' title='bbox 2918 2911 3296 2984; x_wconf 84' lang='grc' dir='ltr'>περιαγωγὰς,</span> <span class='ocrx_word' id='word_1_458' title='bbox 3349 2907 3445 2960; x_wconf 73' lang='grc' dir='ltr'>καὶ</span> <span class='ocrx_word' id='word_1_459' title='bbox 3498 2921 3626 2974; x_wconf 81' lang='grc' dir='ltr'>προ-</span> 
     </span>
    </p>
   </div>
   <div class='ocr_carea' id='block_1_61' title="bbox 2048 2997 3628 3081">
    <p class='ocr_par' dir='ltr' id='par_1_61' title="bbox 2048 2997 3628 3081">
     <span class='ocr_line' id='line_1_61' title="bbox 2048 2997 3628 3081; baseline -0.011 -15"><span class='ocrx_word' id='word_1_460' title='bbox 2048 3012 2212 3081; x_wconf 69' lang='grc' dir='ltr'>κόψαι</span> <span class='ocrx_word' id='word_1_461' title='bbox 2245 3011 2408 3080; x_wconf 63' lang='grc' dir='ltr'>φησιν</span> <span class='ocrx_word' id='word_1_462' title='bbox 2429 3010 2507 3072; x_wconf 80' lang='grc' dir='ltr'>εἰς</span> <span class='ocrx_word' id='word_1_463' title='bbox 2531 3007 2812 3079; x_wconf 90' lang='grc' dir='ltr'>ἀρχιερέα,</span> <span class='ocrx_word' id='word_1_464' title='bbox 2832 3005 2926 3060; x_wconf 75' lang='grc' dir='ltr'><strong>καὶ</strong></span> <span class='ocrx_word' id='word_1_465' title='bbox 2954 3003 3270 3058; x_wconf 86' lang='grc' dir='ltr'>τελειῶσθαι</span> <span class='ocrx_word' id='word_1_466' title='bbox 3297 3000 3433 3071; x_wconf 78' lang='grc' dir='ltr'>πρὸς</span> <span class='ocrx_word' id='word_1_467' title='bbox 3450 2997 3628 3062; x_wconf 89' lang='grc' dir='ltr'>τοῦτο,</span> 
     </span>
    </p>
   </div>
   <div class='ocr_carea' id='block_1_62' title="bbox 375 3091 1949 3186">
    <p class='ocr_par' dir='ltr' id='par_1_62' title="bbox 375 3096 1948 3166">
     <span class='ocr_line' id='line_1_62' title="bbox 375 3096 1948 3166; baseline 0.006 -20"><span class='ocrx_word' id='word_1_468' title='bbox 375 3107 800 3150; x_wconf 77' lang='lat' dir='ltr'><strong>consummatum</strong></span> <span class='ocrx_word' id='word_1_469' title='bbox 851 3096 1037 3161; x_wconf 84' lang='lat' dir='ltr'><strong>fuisse,</strong></span> <span class='ocrx_word' id='word_1_470' title='bbox 1080 3099 1222 3166; x_wconf 86' lang='lat' dir='ltr'><strong>quod</strong></span> <span class='ocrx_word' id='word_1_471' title='bbox 1255 3115 1377 3152; x_wconf 84' lang='lat' dir='ltr'><strong>cum</strong></span> <span class='ocrx_word' id='word_1_472' title='bbox 1410 3100 1585 3154; x_wconf 87' lang='lat' dir='ltr'><strong>factus</strong></span> <span class='ocrx_word' id='word_1_473' title='bbox 1618 3114 1720 3164; x_wconf 90' lang='lat' dir='ltr'><strong>est,</strong></span> <span class='ocrx_word' id='word_1_474' title='bbox 1753 3104 1948 3156; x_wconf 85' lang='lat' dir='ltr'><strong>dicitur</strong></span> 
     </span>
    </p>
   </div>
   <div class='ocr_carea' id='block_1_63' title="bbox 2050 3091 3630 3186">
    <p class='ocr_par' dir='ltr' id='par_1_63' title="bbox 2050 3091 3630 3186">
     <span class='ocr_line' id='line_1_63' title="bbox 2050 3091 3630 3186; baseline -0.01 -30"><span class='ocrx_word' id='word_1_475' title='bbox 2050 3103 2160 3165; x_wconf 80' lang='grc' dir='ltr'>τὸν,</span> <span class='ocrx_word' id='word_1_476' title='bbox 2184 3104 2264 3155; x_wconf 81' lang='grc' dir='ltr'><strong>ὅτι</strong></span> <span class='ocrx_word' id='word_1_477' title='bbox 2288 3100 2446 3154; x_wconf 88' lang='grc' dir='ltr'>τοῦτο</span> <span class='ocrx_word' id='word_1_478' title='bbox 2469 3100 2681 3169; x_wconf 84' lang='grc' dir='ltr'>γέγονε,</span> <span class='ocrx_word' id='word_1_479' title='bbox 2713 3097 3046 3152; x_wconf 82' lang='grc' dir='ltr'>κεκενῶσθαι</span> <span class='ocrx_word' id='word_1_480' title='bbox 3081 3095 3392 3164; x_wconf 86' lang='grc' dir='ltr'>λεγόμενον.</span> <span class='ocrx_word' id='word_1_481' title='bbox 3421 3091 3630 3186; x_wconf 70' lang='grc' dir='ltr'>Ὠσπερ</span> 
     </span>
    </p>
   </div>
   <div class='ocr_carea' id='block_1_64' title="bbox 375 3181 1949 3261">
    <p class='ocr_par' dir='ltr' id='par_1_64' title="bbox 375 3189 1949 3260">
     <span class='ocr_line' id='line_1_64' title="bbox 375 3189 1949 3260; baseline 0.004 -20"><span class='ocrx_word' id='word_1_482' title='bbox 375 3189 700 3243; x_wconf 84' lang='lat' dir='ltr'><strong>exinanitus.</strong></span> <span class='ocrx_word' id='word_1_483' title='bbox 757 3189 876 3244; x_wconf 81' lang='lat' dir='ltr'><strong>Jam</strong></span> <span class='ocrx_word' id='word_1_484' title='bbox 939 3205 1067 3245; x_wconf 83' lang='lat' dir='ltr'><strong>vero</strong></span> <span class='ocrx_word' id='word_1_485' title='bbox 1127 3200 1380 3260; x_wconf 86' lang='lat' dir='ltr'><strong>tanquam</strong></span> <span class='ocrx_word' id='word_1_486' title='bbox 1438 3192 1570 3246; x_wconf 87' lang='lat' dir='ltr'><strong>satis</strong></span> <span class='ocrx_word' id='word_1_487' title='bbox 1625 3193 1949 3246; x_wconf 85' lang='lat' dir='ltr'><strong>ostendisset</strong></span> 
     </span>
    </p>
   </div>
   <div class='ocr_carea' id='block_1_65' title="bbox 2050 3181 3632 3261">
    <p class='ocr_par' dir='ltr' id='par_1_65' title="bbox 2053 3181 3632 3261">
     <span class='ocr_line' id='line_1_65' title="bbox 2053 3181 3632 3261; baseline -0.01 -16"><span class='ocrx_word' id='word_1_488' title='bbox 2053 3193 2107 3245; x_wconf 80' lang='grc' dir='ltr'>δὲ</span> <span class='ocrx_word' id='word_1_489' title='bbox 2130 3190 2368 3261; x_wconf 86' lang='grc' dir='ltr'>διαρκῶς</span> <span class='ocrx_word' id='word_1_490' title='bbox 2414 3191 2721 3259; x_wconf 80' lang='grc' dir='ltr'>ἀποφήνας,</span> <span class='ocrx_word' id='word_1_491' title='bbox 2750 3190 2831 3241; x_wconf 82' lang='grc' dir='ltr'><strong>ὅτι</strong></span> <span class='ocrx_word' id='word_1_492' title='bbox 2886 3188 3017 3257; x_wconf 87' lang='grc' dir='ltr'>μηδὲ</span> <span class='ocrx_word' id='word_1_493' title='bbox 3061 3185 3252 3254; x_wconf 84' lang='grc' dir='ltr'>γέγονε</span> <span class='ocrx_word' id='word_1_494' title='bbox 3294 3181 3432 3252; x_wconf 78' lang='grc' dir='ltr'>σὰρξ</span> <span class='ocrx_word' id='word_1_495' title='bbox 3478 3182 3506 3234; x_wconf 90' lang='lat'><strong>6</strong></span> <span class='ocrx_word' id='word_1_496' title='bbox 3537 3181 3632 3230; x_wconf 85' lang='grc' dir='ltr'><strong>τοῦ</strong></span> 
     </span>
    </p>
   </div>
   <div class='ocr_carea' id='block_1_66' title="bbox 379 3280 1947 3352">
    <p class='ocr_par' dir='ltr' id='par_1_66' title="bbox 379 3280 1947 3352">
     <span class='ocr_line' id='line_1_66' title="bbox 379 3280 1947 3352; baseline 0.005 -19"><span class='ocrx_word' id='word_1_497' title='bbox 379 3282 550 3350; x_wconf 81' lang='lat' dir='ltr'><strong>ipsum</strong></span> <span class='ocrx_word' id='word_1_498' title='bbox 581 3280 673 3335; x_wconf 86' lang='lat' dir='ltr'><strong>Dei</strong></span> <span class='ocrx_word' id='word_1_499' title='bbox 710 3281 942 3335; x_wconf 87' lang='lat' dir='ltr'><strong>Verbum</strong></span> <span class='ocrx_word' id='word_1_500' title='bbox 975 3298 1149 3352; x_wconf 89' lang='lat' dir='ltr'><strong>neque</strong></span> <span class='ocrx_word' id='word_1_501' title='bbox 1182 3299 1401 3338; x_wconf 84' lang='lat' dir='ltr'><strong>carnem</strong></span> <span class='ocrx_word' id='word_1_502' title='bbox 1435 3283 1634 3338; x_wconf 85' lang='lat' dir='ltr'><strong>factum</strong></span> <span class='ocrx_word' id='word_1_503' title='bbox 1670 3300 1810 3350; x_wconf 86' lang='lat' dir='ltr'><strong>esse,</strong></span> <span class='ocrx_word' id='word_1_504' title='bbox 1849 3303 1947 3342; x_wconf 76' lang='lat' dir='ltr'><strong>ue-</strong></span> 
     </span>
    </p>
   </div>
   <div class='ocr_carea' id='block_1_67' title="bbox 377 3373 1955 3446">
    <p class='ocr_par' dir='ltr' id='par_1_67' title="bbox 377 3373 1955 3446">
     <span class='ocr_line' id='line_1_67' title="bbox 377 3373 1955 3446; baseline 0.006 -23"><span class='ocrx_word' id='word_1_505' title='bbox 377 3385 483 3439; x_wconf 91' lang='lat' dir='ltr'><strong>que</strong></span> <span class='ocrx_word' id='word_1_506' title='bbox 515 3373 786 3426; x_wconf 86' lang='lat' dir='ltr'><strong>hominem</strong></span> <span class='ocrx_word' id='word_1_507' title='bbox 817 3388 882 3427; x_wconf 78' lang='lat' dir='ltr'><strong>ex</strong></span> <span class='ocrx_word' id='word_1_508' title='bbox 921 3374 1145 3430; x_wconf 91' lang='lat' dir='ltr'><strong>muliere</strong></span> <span class='ocrx_word' id='word_1_509' title='bbox 1169 3376 1453 3445; x_wconf 89' lang='lat' dir='ltr'><strong>prodiisse,</strong></span> <span class='ocrx_word' id='word_1_510' title='bbox 1481 3391 1574 3431; x_wconf 91' lang='lat' dir='ltr'><strong>eos</strong></span> <span class='ocrx_word' id='word_1_511' title='bbox 1610 3378 1698 3446; x_wconf 91' lang='lat' dir='ltr'><strong>qui</strong></span> <span class='ocrx_word' id='word_1_512' title='bbox 1745 3380 1823 3434; x_wconf 86' lang='lat' dir='ltr'><strong>sic</strong></span> <span class='ocrx_word' id='word_1_513' title='bbox 1867 3395 1955 3432; x_wconf 89' lang='lat' dir='ltr'><strong>sa-</strong></span> 
     </span>
    </p>
   </div>
   <div class='ocr_carea' id='block_1_68' title="bbox 381 3463 1953 3538">
    <p class='ocr_par' dir='ltr' id='par_1_68' title="bbox 381 3463 1953 3538">
     <span class='ocr_line' id='line_1_68' title="bbox 381 3463 1953 3538; baseline 0.006 -22"><span class='ocrx_word' id='word_1_514' title='bbox 381 3463 533 3531; x_wconf 88' lang='lat' dir='ltr'><strong>piunt</strong></span> <span class='ocrx_word' id='word_1_515' title='bbox 567 3463 826 3532; x_wconf 86' lang='lat' dir='ltr'><strong>increpat,</strong></span> <span class='ocrx_word' id='word_1_516' title='bbox 855 3464 1082 3522; x_wconf 84' lang='lat' dir='ltr'><strong>dicens:</strong></span> <span class='ocrx_word' id='word_1_517' title='bbox 1117 3467 1254 3534; x_wconf 85' lang='lat' dir='ltr'><strong>Quid</strong></span> <span class='ocrx_word' id='word_1_518' title='bbox 1279 3483 1407 3538; x_wconf 84' lang='lat' dir='ltr'><strong>ergo</strong></span> <span class='ocrx_word' id='word_1_519' title='bbox 1441 3469 1699 3524; x_wconf 78' lang='lat' dir='ltr'><strong>adversus</strong></span> <span class='ocrx_word' id='word_1_520' title='bbox 1728 3469 1953 3526; x_wconf 85' lang='lat' dir='ltr'><strong>Paulum</strong></span> 
     </span>
    </p>
   </div>
   <div class='ocr_carea' id='block_1_69' title="bbox 383 3547 1955 3627">
    <p class='ocr_par' dir='ltr' id='par_1_69' title="bbox 383 3547 1955 3627">
     <span class='ocr_line' id='line_1_69' title="bbox 383 3547 1955 3627; baseline 0.008 -21"><span class='ocrx_word' id='word_1_521' title='bbox 383 3547 779 3622; x_wconf 73' lang='lat' dir='ltr'><strong>interpretaris,</strong></span> <span class='ocrx_word' id='word_1_522' title='bbox 806 3557 932 3611; x_wconf 89' lang='lat' dir='ltr'><strong>dum</strong></span> <span class='ocrx_word' id='word_1_523' title='bbox 968 3557 1299 3627; x_wconf 74' lang='lat' dir='ltr'><strong>impossibile</strong></span> <span class='ocrx_word' id='word_1_524' title='bbox 1342 3561 1432 3617; x_wconf 92' lang='lat' dir='ltr'><strong>Dei</strong></span> <span class='ocrx_word' id='word_1_525' title='bbox 1469 3562 1703 3616; x_wconf 80' lang='lat' dir='ltr'><strong>Verbum</strong></span> <span class='ocrx_word' id='word_1_526' title='bbox 1741 3573 1955 3619; x_wconf 88' lang='lat' dir='ltr'><strong>terreno</strong></span> 
     </span>
    </p>
   </div>
   <div class='ocr_carea' id='block_1_70' title="bbox 383 3647 1958 3722">
    <p class='ocr_par' dir='ltr' id='par_1_70' title="bbox 383 3647 1958 3722">
     <span class='ocr_line' id='line_1_70' title="bbox 383 3647 1958 3722; baseline 0.008 -25"><span class='ocrx_word' id='word_1_527' title='bbox 383 3647 658 3702; x_wconf 88' lang='lat' dir='ltr'><strong>immisces</strong></span> <span class='ocrx_word' id='word_1_528' title='bbox 699 3650 932 3716; x_wconf 87' lang='lat' dir='ltr'><strong>corpori,</strong></span> <span class='ocrx_word' id='word_1_529' title='bbox 977 3659 1032 3704; x_wconf 91' lang='lat' dir='ltr'><strong>et</strong></span> <span class='ocrx_word' id='word_1_530' title='bbox 1063 3651 1375 3718; x_wconf 89' lang='lat' dir='ltr'><strong>passibilem</strong></span> <span class='ocrx_word' id='word_1_531' title='bbox 1425 3653 1734 3722; x_wconf 86' lang='lat' dir='ltr'><strong>pontiﬁcem</strong></span> <span class='ocrx_word' id='word_1_532' title='bbox 1783 3655 1958 3712; x_wconf 88' lang='lat' dir='ltr'><strong>facis?</strong></span> 
     </span>
    </p>
   </div>
   <div class='ocr_carea' id='block_1_71' title="bbox 384 3737 1956 3810">
    <p class='ocr_par' dir='ltr' id='par_1_71' title="bbox 384 3737 1956 3810">
     <span class='ocr_line' id='line_1_71' title="bbox 384 3737 1956 3810; baseline 0.006 -20"><span class='ocrx_word' id='word_1_533' title='bbox 384 3737 522 3791; x_wconf 84' lang='lat' dir='ltr'><strong>Audi</strong></span> <span class='ocrx_word' id='word_1_534' title='bbox 555 3737 720 3806; x_wconf 81' lang='lat' dir='ltr'><strong>igitur</strong></span> <span class='ocrx_word' id='word_1_535' title='bbox 749 3754 778 3793; x_wconf 89' lang='lat' dir='ltr'><strong>a</strong></span> <span class='ocrx_word' id='word_1_536' title='bbox 810 3740 985 3806; x_wconf 89' lang='lat' dir='ltr'><strong>nobis,</strong></span> <span class='ocrx_word' id='word_1_537' title='bbox 1015 3743 1213 3810; x_wconf 86' lang='lat' dir='ltr'><strong>quibus</strong></span> <span class='ocrx_word' id='word_1_538' title='bbox 1250 3743 1411 3798; x_wconf 89' lang='lat' dir='ltr'><strong>etiam</strong></span> <span class='ocrx_word' id='word_1_539' title='bbox 1453 3746 1672 3799; x_wconf 88' lang='lat' dir='ltr'><strong>charior</strong></span> <span class='ocrx_word' id='word_1_540' title='bbox 1703 3753 1785 3799; x_wconf 90' lang='lat' dir='ltr'><strong>est</strong></span> <span class='ocrx_word' id='word_1_541' title='bbox 1813 3747 1956 3799; x_wconf 87' lang='lat' dir='ltr'><strong>veri-</strong></span> 
     </span>
    </p>
   </div>
   <div class='ocr_carea' id='block_1_72' title="bbox 387 3833 1958 3908">
    <p class='ocr_par' dir='ltr' id='par_1_72' title="bbox 387 3833 1958 3908">
     <span class='ocr_line' id='line_1_72' title="bbox 387 3833 1958 3908; baseline 0.008 -22"><span class='ocrx_word' id='word_1_542' title='bbox 387 3842 508 3886; x_wconf 89' lang='lat' dir='ltr'><strong>tas:</strong></span> <span class='ocrx_word' id='word_1_543' title='bbox 539 3846 638 3886; x_wconf 90' lang='lat' dir='ltr'><strong>cur</strong></span> <span class='ocrx_word' id='word_1_544' title='bbox 676 3847 927 3902; x_wconf 88' lang='lat' dir='ltr'><strong>perverse</strong></span> <span class='ocrx_word' id='word_1_545' title='bbox 972 3833 1191 3891; x_wconf 84' lang='lat' dir='ltr'><strong>Paulum</strong></span> <span class='ocrx_word' id='word_1_546' title='bbox 1232 3837 1630 3908; x_wconf 85' lang='lat' dir='ltr'><strong>interpretaris,</strong></span> <span class='ocrx_word' id='word_1_547' title='bbox 1677 3841 1786 3896; x_wconf 89' lang='lat' dir='ltr'><strong>imo</strong></span> <span class='ocrx_word' id='word_1_548' title='bbox 1829 3857 1958 3898; x_wconf 81' lang='lat' dir='ltr'><strong>vero</strong></span> 
     </span>
    </p>
   </div>
   <div class='ocr_carea' id='block_1_73' title="bbox 385 3925 1962 3996">
    <p class='ocr_par' dir='ltr' id='par_1_73' title="bbox 385 3925 1962 3996">
     <span class='ocr_line' id='line_1_73' title="bbox 385 3925 1962 3996; baseline 0.006 -18"><span class='ocrx_word' id='word_1_549' title='bbox 385 3925 662 3980; x_wconf 87' lang='lat' dir='ltr'><strong>universas</strong></span> <span class='ocrx_word' id='word_1_550' title='bbox 691 3925 925 3983; x_wconf 89' lang='lat' dir='ltr'><strong>Litteras</strong></span> <span class='ocrx_word' id='word_1_551' title='bbox 946 3943 1131 3984; x_wconf 89' lang='lat' dir='ltr'><strong>sacras</strong></span> <span class='ocrx_word' id='word_1_552' title='bbox 1155 3929 1524 3996; x_wconf 88' lang='lat' dir='ltr'><strong>calumniaris,</strong></span> <span class='ocrx_word' id='word_1_553' title='bbox 1553 3933 1677 3986; x_wconf 89' lang='lat' dir='ltr'><strong>dum</strong></span> <span class='ocrx_word' id='word_1_554' title='bbox 1707 3931 1800 3988; x_wconf 91' lang='lat' dir='ltr'><strong>Dei</strong></span> <span class='ocrx_word' id='word_1_555' title='bbox 1825 3933 1962 3990; x_wconf 90' lang='lat' dir='ltr'><strong>Ver-</strong></span> 
     </span>
    </p>
   </div>
   <div class='ocr_carea' id='block_1_74' title="bbox 385 4017 1957 4088">
    <p class='ocr_par' dir='ltr' id='par_1_74' title="bbox 385 4017 1957 4088">
     <span class='ocr_line' id='line_1_74' title="bbox 385 4017 1957 4088; baseline 0.006 -18"><span class='ocrx_word' id='word_1_556' title='bbox 385 4019 510 4070; x_wconf 90' lang='lat' dir='ltr'><strong>bum</strong></span> <span class='ocrx_word' id='word_1_557' title='bbox 548 4031 578 4071; x_wconf 89' lang='lat' dir='ltr'><strong>a</strong></span> <span class='ocrx_word' id='word_1_558' title='bbox 614 4017 791 4072; x_wconf 91' lang='lat' dir='ltr'><strong>carnis</strong></span> <span class='ocrx_word' id='word_1_559' title='bbox 823 4018 1229 4088; x_wconf 88' lang='lat' dir='ltr'><strong>dispensatione</strong></span> <span class='ocrx_word' id='word_1_560' title='bbox 1275 4022 1551 4087; x_wconf 90' lang='lat' dir='ltr'><strong>subducis,</strong></span> <span class='ocrx_word' id='word_1_561' title='bbox 1598 4031 1652 4078; x_wconf 92' lang='lat' dir='ltr'><strong>et</strong></span> <span class='ocrx_word' id='word_1_562' title='bbox 1687 4024 1957 4079; x_wconf 88' lang='lat' dir='ltr'><strong>hominem</strong></span> 
     </span>
    </p>
   </div>
   <div class='ocr_carea' id='block_1_75' title="bbox 385 4107 1961 4182">
    <p class='ocr_par' dir='ltr' id='par_1_75' title="bbox 385 4107 1961 4182">
     <span class='ocr_line' id='line_1_75' title="bbox 385 4107 1961 4182; baseline 0.007 -22"><span class='ocrx_word' id='word_1_563' title='bbox 385 4107 542 4163; x_wconf 88' lang='lat' dir='ltr'><strong>nobis</strong></span> <span class='ocrx_word' id='word_1_564' title='bbox 577 4110 716 4162; x_wconf 87' lang='lat' dir='ltr'><strong>nuda</strong></span> <span class='ocrx_word' id='word_1_565' title='bbox 741 4110 1119 4180; x_wconf 82' lang='lat' dir='ltr'><strong>conjunctione</strong></span> <span class='ocrx_word' id='word_1_566' title='bbox 1147 4112 1490 4168; x_wconf 87' lang='lat' dir='ltr'><strong>bonestatum</strong></span> <span class='ocrx_word' id='word_1_567' title='bbox 1523 4115 1755 4182; x_wconf 68' lang='lat' dir='ltr'><strong>praeﬁcis</strong></span> <span class='ocrx_word' id='word_1_568' title='bbox 1782 4132 1961 4171; x_wconf 89' lang='lat' dir='ltr'><strong>sacer-</strong></span> 
     </span>
    </p>
   </div>
   <div class='ocr_carea' id='block_1_76' title="bbox 385 4201 1963 4274">
    <p class='ocr_par' dir='ltr' id='par_1_76' title="bbox 385 4201 1963 4274">
     <span class='ocr_line' id='line_1_76' title="bbox 385 4201 1963 4274; baseline 0.006 -21"><span class='ocrx_word' id='word_1_569' title='bbox 385 4201 586 4266; x_wconf 89' lang='lat' dir='ltr'><strong>dotem,</strong></span> <span class='ocrx_word' id='word_1_570' title='bbox 630 4201 755 4256; x_wconf 88' lang='lat' dir='ltr'><strong>licet</strong></span> <span class='ocrx_word' id='word_1_571' title='bbox 798 4203 1042 4256; x_wconf 90' lang='lat' dir='ltr'><strong>eumdem</strong></span> <span class='ocrx_word' id='word_1_572' title='bbox 1087 4204 1277 4259; x_wconf 88' lang='lat' dir='ltr'><strong>audias</strong></span> <span class='ocrx_word' id='word_1_573' title='bbox 1316 4204 1632 4274; x_wconf 74' lang='lat' dir='ltr'><strong>pontificem</strong></span> <span class='ocrx_word' id='word_1_574' title='bbox 1678 4207 1860 4273; x_wconf 89' lang='lat' dir='ltr'><strong>simul,</strong></span> <span class='ocrx_word' id='word_1_575' title='bbox 1906 4217 1963 4262; x_wconf 90' lang='lat' dir='ltr'><strong>et</strong></span> 
     </span>
    </p>
   </div>
   <div class='ocr_carea' id='block_1_77' title="bbox 387 4289 1964 4364">
    <p class='ocr_par' dir='ltr' id='par_1_77' title="bbox 387 4289 1964 4364">
     <span class='ocr_line' id='line_1_77' title="bbox 387 4289 1964 4364; baseline 0.008 -22"><span class='ocrx_word' id='word_1_576' title='bbox 387 4306 508 4344; x_wconf 83' lang='lat' dir='ltr'><strong>cum</strong></span> <span class='ocrx_word' id='word_1_577' title='bbox 540 4289 650 4346; x_wconf 82' lang='lat' dir='ltr'><strong>Deo</strong></span> <span class='ocrx_word' id='word_1_578' title='bbox 692 4299 746 4346; x_wconf 89' lang='lat' dir='ltr'><strong>et</strong></span> <span class='ocrx_word' id='word_1_579' title='bbox 773 4291 937 4346; x_wconf 87' lang='lat' dir='ltr'><strong>Patre</strong></span> <span class='ocrx_word' id='word_1_580' title='bbox 981 4293 1032 4346; x_wconf 90' lang='lat' dir='ltr'><strong>in</strong></span> <span class='ocrx_word' id='word_1_581' title='bbox 1076 4295 1263 4349; x_wconf 90' lang='lat' dir='ltr'><strong>eodem</strong></span> <span class='ocrx_word' id='word_1_582' title='bbox 1299 4294 1435 4349; x_wconf 89' lang='lat' dir='ltr'><strong>solio</strong></span> <span class='ocrx_word' id='word_1_583' title='bbox 1465 4297 1857 4364; x_wconf 85' lang='lat' dir='ltr'><strong>considentem,</strong></span> <span class='ocrx_word' id='word_1_584' title='bbox 1903 4308 1964 4354; x_wconf 90' lang='lat' dir='ltr'><strong>ut</strong></span> 
     </span>
    </p>
   </div>
   <div class='ocr_carea' id='block_1_78' title="bbox 386 4381 1961 4450">
    <p class='ocr_par' dir='ltr' id='par_1_78' title="bbox 386 4381 1961 4450">
     <span class='ocr_line' id='line_1_78' title="bbox 386 4381 1961 4450; baseline 0.006 -17"><span class='ocrx_word' id='word_1_585' title='bbox 386 4381 545 4450; x_wconf 87' lang='lat' dir='ltr'><strong>paulo</strong></span> <span class='ocrx_word' id='word_1_586' title='bbox 601 4390 725 4436; x_wconf 85' lang='lat' dir='ltr'><strong>ante</strong></span> <span class='ocrx_word' id='word_1_587' title='bbox 775 4383 1042 4450; x_wconf 78' lang='lat' dir='ltr'><strong>diximus;</strong></span> <span class='ocrx_word' id='word_1_588' title='bbox 1088 4399 1214 4439; x_wconf 90' lang='lat' dir='ltr'><strong>nam</strong></span> <span class='ocrx_word' id='word_1_589' title='bbox 1261 4383 1458 4440; x_wconf 86' lang='lat' dir='ltr'><strong>Paulus</strong></span> <span class='ocrx_word' id='word_1_590' title='bbox 1511 4386 1688 4440; x_wconf 81' lang='lat' dir='ltr'><strong>dixit:</strong></span> <span class='ocrx_word' id='word_1_591' title='bbox 1727 4406 1746 4440; x_wconf 77' lang='grc' dir='ltr'>ι</span> <span class='ocrx_word' id='word_1_592' title='bbox 1776 4388 1961 4443; x_wconf 87' lang='lat' dir='ltr'><strong>Talem</strong></span> 
     </span>
    </p>
   </div>
   <div class='ocr_carea' id='block_1_79' title="bbox 2054 3276 3633 3353">
    <p class='ocr_par' dir='ltr' id='par_1_79' title="bbox 2054 3276 3633 3353">
     <span class='ocr_line' id='line_1_79' title="bbox 2054 3276 3633 3353; baseline -0.009 -16"><span class='ocrx_word' id='word_1_593' title='bbox 2054 3284 2190 3337; x_wconf 85' lang='grc' dir='ltr'>Θεοῦ</span> <span class='ocrx_word' id='word_1_594' title='bbox 2225 3283 2416 3351; x_wconf 88' lang='grc' dir='ltr'>Λόγος,</span> <span class='ocrx_word' id='word_1_595' title='bbox 2448 3284 2582 3353; x_wconf 86' lang='grc' dir='ltr'>μήτε</span> <span class='ocrx_word' id='word_1_596' title='bbox 2617 3281 2722 3352; x_wconf 83' lang='grc' dir='ltr'><strong>μὴν</strong></span> <span class='ocrx_word' id='word_1_597' title='bbox 2754 3279 2992 3350; x_wconf 76' lang='grc' dir='ltr'>προῆλθε</span> <span class='ocrx_word' id='word_1_598' title='bbox 3027 3278 3310 3347; x_wconf 85' lang='grc' dir='ltr'>ἄνθρωπος</span> <span class='ocrx_word' id='word_1_599' title='bbox 3341 3276 3405 3326; x_wconf 80' lang='grc' dir='ltr'>ὲκ</span> <span class='ocrx_word' id='word_1_600' title='bbox 3439 3288 3633 3340; x_wconf 88' lang='grc' dir='ltr'>γυναι-</span> 
     </span>
    </p>
   </div>
   <div class='ocr_carea' id='block_1_80' title="bbox 2055 3364 3638 3446">
    <p class='ocr_par' dir='ltr' id='par_1_80' title="bbox 2055 3364 3638 3446">
     <span class='ocr_line' id='line_1_80' title="bbox 2055 3364 3638 3446; baseline -0.006 -19"><span class='ocrx_word' id='word_1_601' title='bbox 2055 3373 2173 3440; x_wconf 78' lang='grc' dir='ltr'>κὸς,</span> <span class='ocrx_word' id='word_1_602' title='bbox 2203 3377 2316 3437; x_wconf 86' lang='grc' dir='ltr'>τοῖς</span> <span class='ocrx_word' id='word_1_603' title='bbox 2345 3373 2411 3427; x_wconf 73' lang='grc' dir='ltr'>τὰ</span> <span class='ocrx_word' id='word_1_604' title='bbox 2450 3373 2626 3428; x_wconf 86' lang='grc' dir='ltr'>τοιάδε</span> <span class='ocrx_word' id='word_1_605' title='bbox 2662 3373 2880 3446; x_wconf 80' lang='grc' dir='ltr'>φρονεῖν</span> <span class='ocrx_word' id='word_1_606' title='bbox 2919 3369 3216 3441; x_wconf 78' lang='grc' dir='ltr'>ᾑρημένοις</span> <span class='ocrx_word' id='word_1_607' title='bbox 3258 3367 3508 3437; x_wconf 77' lang='grc' dir='ltr'>ἐπιτιμᾷ,</span> <span class='ocrx_word' id='word_1_608' title='bbox 3542 3364 3638 3417; x_wconf 85' lang='grc' dir='ltr'><strong>καί</strong></span> 
     </span>
    </p>
   </div>
   <div class='ocr_carea' id='block_1_81' title="bbox 2056 3456 3636 3537">
    <p class='ocr_par' dir='ltr' id='par_1_81' title="bbox 2056 3456 3636 3537">
     <span class='ocr_line' id='line_1_81' title="bbox 2056 3456 3636 3537; baseline -0.008 -18"><span class='ocrx_word' id='word_1_609' title='bbox 2056 3483 2218 3535; x_wconf 78' lang='grc' dir='ltr'>φησι⁶</span> <span class='ocrx_word' id='word_1_610' title='bbox 2259 3462 2439 3519; x_wconf 81' lang='grc' dir='ltr'><strong>Τίοῦν</strong></span> <span class='ocrx_word' id='word_1_611' title='bbox 2479 3465 2862 3537; x_wconf 78' lang='grc' dir='ltr'>ἀνθερμηνεύῃ</span> <span class='ocrx_word' id='word_1_612' title='bbox 2907 3463 2985 3537; x_wconf 80' lang='grc' dir='ltr'><strong>τῷ</strong></span> <span class='ocrx_word' id='word_1_613' title='bbox 3036 3461 3259 3534; x_wconf 80' lang='grc' dir='ltr'>Παύλῳ,</span> <span class='ocrx_word' id='word_1_614' title='bbox 3310 3459 3403 3519; x_wconf 65' lang='grc' dir='ltr'><strong>τὸν</strong></span> <span class='ocrx_word' id='word_1_615' title='bbox 3451 3456 3636 3536; x_wconf 77' lang='grc' dir='ltr'>ἀπαθῆ</span> 
     </span>
    </p>
   </div>
   <div class='ocr_carea' id='block_1_82' title="bbox 2056 3557 3634 3628">
    <p class='ocr_par' dir='ltr' id='par_1_82' title="bbox 2056 3557 3634 3628">
     <span class='ocr_line' id='line_1_82' title="bbox 2056 3557 3634 3628; baseline 0.001 -18"><span class='ocrx_word' id='word_1_616' title='bbox 2056 3557 2188 3610; x_wconf 81' lang='grc' dir='ltr'>Θεὸν</span> <span class='ocrx_word' id='word_1_617' title='bbox 2212 3557 2386 3626; x_wconf 84' lang='grc' dir='ltr'>Λόγον</span> <span class='ocrx_word' id='word_1_618' title='bbox 2431 3559 2658 3628; x_wconf 84' lang='grc' dir='ltr'>ὲπιγείῳ</span> <span class='ocrx_word' id='word_1_619' title='bbox 2689 3558 3028 3627; x_wconf 82' lang='grc' dir='ltr'>καταμιγνὺς</span> <span class='ocrx_word' id='word_1_620' title='bbox 3066 3557 3300 3628; x_wconf 82' lang='grc' dir='ltr'>σώματι,</span> <span class='ocrx_word' id='word_1_621' title='bbox 3327 3557 3423 3610; x_wconf 76' lang='grc' dir='ltr'><strong>καὶ</strong></span> <span class='ocrx_word' id='word_1_622' title='bbox 3454 3557 3634 3627; x_wconf 81' lang='grc' dir='ltr'>παθη-</span> 
     </span>
    </p>
   </div>
   <div class='ocr_carea' id='block_1_83' title="bbox 2056 3649 3636 3722">
    <p class='ocr_par' dir='ltr' id='par_1_83' title="bbox 2056 3649 3636 3722">
     <span class='ocr_line' id='line_1_83' title="bbox 2056 3649 3636 3722; baseline -0.001 -20"><span class='ocrx_word' id='word_1_623' title='bbox 2056 3649 2148 3702; x_wconf 82' lang='grc' dir='ltr'><strong>τὸν</strong></span> <span class='ocrx_word' id='word_1_624' title='bbox 2178 3651 2437 3722; x_wconf 87' lang='grc' dir='ltr'>ἀρχιερέα</span> <span class='ocrx_word' id='word_1_625' title='bbox 2476 3650 2679 3716; x_wconf 84' lang='grc' dir='ltr'>ποιῶν;</span> <span class='ocrx_word' id='word_1_626' title='bbox 2711 3649 2920 3704; x_wconf 80' lang='grc' dir='ltr'>Οὐκοῦν</span> <span class='ocrx_word' id='word_1_627' title='bbox 2953 3650 3116 3704; x_wconf 83' lang='grc' dir='ltr'>ἄκουε</span> <span class='ocrx_word' id='word_1_628' title='bbox 3155 3650 3248 3703; x_wconf 71' lang='grc' dir='ltr'><strong>καὶ</strong></span> <span class='ocrx_word' id='word_1_629' title='bbox 3287 3649 3425 3721; x_wconf 82' lang='grc' dir='ltr'>πρὸς</span> <span class='ocrx_word' id='word_1_630' title='bbox 3455 3649 3636 3720; x_wconf 85' lang='grc' dir='ltr'>ἡμῶν,</span> 
     </span>
    </p>
   </div>
   <div class='ocr_carea' id='block_1_84' title="bbox 2057 3733 3636 3809">
    <p class='ocr_par' dir='ltr' id='par_1_84' title="bbox 2057 3733 3636 3809">
     <span class='ocr_line' id='line_1_84' title="bbox 2057 3733 3636 3809; baseline -0.001 -18"><span class='ocrx_word' id='word_1_631' title='bbox 2057 3733 2138 3802; x_wconf 78' lang='grc' dir='ltr'>οἷς</span> <span class='ocrx_word' id='word_1_632' title='bbox 2165 3739 2227 3808; x_wconf 83' lang='grc' dir='ltr'>δὴ</span> <span class='ocrx_word' id='word_1_633' title='bbox 2255 3739 2347 3790; x_wconf 75' lang='grc' dir='ltr'>καὶ</span> <span class='ocrx_word' id='word_1_634' title='bbox 2377 3737 2573 3809; x_wconf 76' lang='grc' dir='ltr'>μᾶλλον</span> <span class='ocrx_word' id='word_1_635' title='bbox 2599 3740 2632 3808; x_wconf 82' lang='grc' dir='ltr'>ἡ</span> <span class='ocrx_word' id='word_1_636' title='bbox 2659 3739 2884 3808; x_wconf 82' lang='grc' dir='ltr'>ἀλήθεια</span> <span class='ocrx_word' id='word_1_637' title='bbox 2905 3738 3033 3808; x_wconf 80' lang='grc' dir='ltr'>φίλη</span> <span class='ocrx_word' id='word_1_638' title='bbox 3052 3754 3065 3768; x_wconf 79' lang='grc' dir='ltr'><strong>ο</strong></span> <span class='ocrx_word' id='word_1_639' title='bbox 3099 3739 3164 3791; x_wconf 92' lang='grc' dir='ltr'>Τί</span> <span class='ocrx_word' id='word_1_640' title='bbox 3194 3739 3636 3808; x_wconf 81' lang='grc' dir='ltr'>παρερμηνεύεις</span> 
     </span>
    </p>
   </div>
   <div class='ocr_carea' id='block_1_85' title="bbox 2036 3829 3635 3913">
    <p class='ocr_par' dir='ltr' id='par_1_85' title="bbox 2036 3829 3635 3913">
     <span class='ocr_line' id='line_1_85' title="bbox 2036 3829 3635 3913; baseline -0.001 -30"><span class='ocrx_word' id='word_1_641' title='bbox 2036 3830 2147 3913; x_wconf 36' lang='grc' dir='ltr'>,τὸν</span> <span class='ocrx_word' id='word_1_642' title='bbox 2201 3830 2444 3895; x_wconf 85' lang='grc' dir='ltr'>Παῦλον,</span> <span class='ocrx_word' id='word_1_643' title='bbox 2501 3829 2699 3900; x_wconf 78' lang='grc' dir='ltr'>μᾶλλον</span> <span class='ocrx_word' id='word_1_644' title='bbox 2753 3829 2808 3882; x_wconf 88' lang='grc' dir='ltr'>δὲ</span> <span class='ocrx_word' id='word_1_645' title='bbox 2858 3830 3075 3882; x_wconf 78' lang='grc' dir='ltr'>ἃπασαν</span> <span class='ocrx_word' id='word_1_646' title='bbox 3124 3833 3482 3899; x_wconf 80' lang='grc' dir='ltr'>συκοφαντεῖς</span> <span class='ocrx_word' id='word_1_647' title='bbox 3537 3830 3635 3898; x_wconf 82' lang='grc' dir='ltr'><strong>τὴν</strong></span> 
     </span>
    </p>
   </div>
   <div class='ocr_carea' id='block_1_86' title="bbox 2060 3918 3636 3990">
    <p class='ocr_par' dir='ltr' id='par_1_86' title="bbox 2060 3918 3636 3990">
     <span class='ocr_line' id='line_1_86' title="bbox 2060 3918 3636 3990; baseline -0.003 -15"><span class='ocrx_word' id='word_1_648' title='bbox 2060 3922 2411 3976; x_wconf 87' lang='grc' dir='ltr'>θεόπνευστον</span> <span class='ocrx_word' id='word_1_649' title='bbox 2437 3919 2676 3990; x_wconf 81' lang='grc' dir='ltr'>Γραφὴν,</span> <span class='ocrx_word' id='word_1_650' title='bbox 2711 3918 2997 3986; x_wconf 80' lang='grc' dir='ltr'>ὑπεξάγων</span> <span class='ocrx_word' id='word_1_651' title='bbox 3025 3919 3125 3988; x_wconf 81' lang='grc' dir='ltr'><strong>τῆς</strong></span> <span class='ocrx_word' id='word_1_652' title='bbox 3160 3919 3297 3988; x_wconf 85' lang='grc' dir='ltr'><strong>μετά</strong></span> <span class='ocrx_word' id='word_1_653' title='bbox 3329 3918 3533 3990; x_wconf 82' lang='grc' dir='ltr'>σαρκὸς</span> <span class='ocrx_word' id='word_1_654' title='bbox 3557 3919 3636 3970; x_wconf 88' lang='grc' dir='ltr'><strong>οἱ-</strong></span> 
     </span>
    </p>
   </div>
   <div class='ocr_carea' id='block_1_87' title="bbox 2061 4008 3638 4084">
    <p class='ocr_par' dir='ltr' id='par_1_87' title="bbox 2061 4008 3638 4084">
     <span class='ocr_line' id='line_1_87' title="bbox 2061 4008 3638 4084; baseline -0.005 -16"><span class='ocrx_word' id='word_1_655' title='bbox 2061 4015 2316 4084; x_wconf 89' lang='grc' dir='ltr'>κονομίας</span> <span class='ocrx_word' id='word_1_656' title='bbox 2335 4012 2424 4065; x_wconf 81' lang='grc' dir='ltr'><strong>τὸν</strong></span> <span class='ocrx_word' id='word_1_657' title='bbox 2439 4011 2530 4064; x_wconf 82' lang='grc' dir='ltr'><strong>τοῦ</strong></span> <span class='ocrx_word' id='word_1_658' title='bbox 2550 4009 2683 4062; x_wconf 84' lang='grc' dir='ltr'>Θεοῦ</span> <span class='ocrx_word' id='word_1_659' title='bbox 2699 4011 2889 4078; x_wconf 89' lang='grc' dir='ltr'>Λόγον,</span> <span class='ocrx_word' id='word_1_660' title='bbox 2912 4011 3007 4063; x_wconf 59' lang='grc' dir='ltr'><strong>καλ⁴</strong></span> <span class='ocrx_word' id='word_1_661' title='bbox 3029 4008 3314 4080; x_wconf 81' lang='grc' dir='ltr'>ἄνθρωπον</span> <span class='ocrx_word' id='word_1_662' title='bbox 3358 4011 3492 4079; x_wconf 73' lang='grc' dir='ltr'>ἡμῖν</span> <span class='ocrx_word' id='word_1_663' title='bbox 3515 4025 3638 4061; x_wconf 85' lang='grc' dir='ltr'>συν--</span> 
     </span>
    </p>
   </div>
   <div class='ocr_carea' id='block_1_88' title="bbox 2061 4100 3642 4176">
    <p class='ocr_par' dir='ltr' id='par_1_88' title="bbox 2061 4100 3642 4176">
     <span class='ocr_line' id='line_1_88' title="bbox 2061 4100 3642 4176; baseline -0.004 -17"><span class='ocrx_word' id='word_1_664' title='bbox 2061 4106 2230 4176; x_wconf 75' lang='grc' dir='ltr'>αφείᾳ</span> <span class='ocrx_word' id='word_1_665' title='bbox 2257 4105 2385 4174; x_wconf 77' lang='grc' dir='ltr'><strong>ψιλῇ</strong></span> <span class='ocrx_word' id='word_1_666' title='bbox 2414 4103 2722 4173; x_wconf 87' lang='grc' dir='ltr'>τιμώμενον</span> <span class='ocrx_word' id='word_1_667' title='bbox 2746 4102 2970 4171; x_wconf 81' lang='grc' dir='ltr'>ἐφιστᾷς</span> <span class='ocrx_word' id='word_1_668' title='bbox 3017 4101 3187 4172; x_wconf 84' lang='grc' dir='ltr'>ἱερέα,</span> <span class='ocrx_word' id='word_1_669' title='bbox 3217 4101 3394 4154; x_wconf 84' lang='grc' dir='ltr'>καίτοι</span> <span class='ocrx_word' id='word_1_670' title='bbox 3425 4101 3518 4152; x_wconf 82' lang='grc' dir='ltr'><strong>τὸν</strong></span> <span class='ocrx_word' id='word_1_671' title='bbox 3545 4100 3642 4153; x_wconf 85' lang='grc' dir='ltr'><strong>αὒ-</strong></span> 
     </span>
    </p>
   </div>
   <div class='ocr_carea' id='block_1_89' title="bbox 2061 4190 3640 4266">
    <p class='ocr_par' dir='ltr' id='par_1_89' title="bbox 2061 4190 3640 4266">
     <span class='ocr_line' id='line_1_89' title="bbox 2061 4190 3640 4266; baseline -0.006 -14"><span class='ocrx_word' id='word_1_672' title='bbox 2061 4198 2151 4252; x_wconf 81' lang='grc' dir='ltr'><strong>τδν</strong></span> <span class='ocrx_word' id='word_1_673' title='bbox 2179 4196 2392 4251; x_wconf 86' lang='grc' dir='ltr'>ἀκούων</span> <span class='ocrx_word' id='word_1_674' title='bbox 2425 4193 2686 4266; x_wconf 86' lang='grc' dir='ltr'>ἀρχιερέα</span> <span class='ocrx_word' id='word_1_675' title='bbox 2715 4210 2772 4245; x_wconf 86' lang='grc' dir='ltr'><strong>τε</strong></span> <span class='ocrx_word' id='word_1_676' title='bbox 2800 4193 2936 4264; x_wconf 77' lang='grc' dir='ltr'>ὁμοῦ</span> <span class='ocrx_word' id='word_1_677' title='bbox 2976 4193 3069 4245; x_wconf 72' lang='grc' dir='ltr'><strong>καὶ</strong></span> <span class='ocrx_word' id='word_1_678' title='bbox 3096 4191 3386 4262; x_wconf 84' lang='grc' dir='ltr'>σύνθρονον</span> <span class='ocrx_word' id='word_1_679' title='bbox 3412 4191 3542 4243; x_wconf 75' lang='grc' dir='ltr'>ὄντα</span> <span class='ocrx_word' id='word_1_680' title='bbox 3564 4190 3640 4261; x_wconf 77' lang='grc' dir='ltr'>τῷ</span> 
     </span>
    </p>
   </div>
   <div class='ocr_carea' id='block_1_90' title="bbox 2062 4285 3635 4359">
    <p class='ocr_par' dir='ltr' id='par_1_90' title="bbox 2062 4285 3635 4359">
     <span class='ocr_line' id='line_1_90' title="bbox 2062 4285 3635 4359; baseline -0.004 -19"><span class='ocrx_word' id='word_1_681' title='bbox 2062 4288 2182 4359; x_wconf 82' lang='grc' dir='ltr'><strong>Θεῷ</strong></span> <span class='ocrx_word' id='word_1_682' title='bbox 2229 4289 2322 4342; x_wconf 57' lang='grc' dir='ltr'><strong>καὶ¹</strong></span> <span class='ocrx_word' id='word_1_683' title='bbox 2347 4287 2540 4357; x_wconf 79' lang='grc' dir='ltr'>Πατρὶ,</span> <span class='ocrx_word' id='word_1_684' title='bbox 2576 4285 2824 4355; x_wconf 84' lang='grc' dir='ltr'>καθάπερ</span> <span class='ocrx_word' id='word_1_685' title='bbox 2869 4285 2970 4356; x_wconf 72' lang='grc' dir='ltr'>ἤδη</span> <span class='ocrx_word' id='word_1_686' title='bbox 3024 4285 3328 4354; x_wconf 82' lang='grc' dir='ltr'>φθάσαντες</span> <span class='ocrx_word' id='word_1_687' title='bbox 3376 4285 3635 4353; x_wconf 85' lang='grc' dir='ltr'>εἴπομεν;</span> 
     </span>
    </p>
   </div>
   <div class='ocr_carea' id='block_1_91' title="bbox 2052 4374 3642 4448">
    <p class='ocr_par' dir='ltr' id='par_1_91' title="bbox 2052 4374 3642 4448">
     <span class='ocr_line' id='line_1_91' title="bbox 2052 4374 3642 4448; baseline -0.001 -19"><span class='ocrx_word' id='word_1_688' title='bbox 2052 4377 2308 4448; x_wconf 75' lang='grc' dir='ltr'>’Ἐφηγὰρ</span> <span class='ocrx_word' id='word_1_689' title='bbox 2328 4377 2355 4428; x_wconf 90' lang='lat'><strong>6</strong></span> <span class='ocrx_word' id='word_1_690' title='bbox 2373 4376 2601 4439; x_wconf 85' lang='grc' dir='ltr'>Παῦλος,</span> <span class='ocrx_word' id='word_1_691' title='bbox 2629 4377 2711 4429; x_wconf 83' lang='grc' dir='ltr'><strong>ὅτι</strong></span> <span class='ocrx_word' id='word_1_692' title='bbox 2730 4395 2748 4428; x_wconf 75' lang='grc' dir='ltr'>ι</span> <span class='ocrx_word' id='word_1_693' title='bbox 2771 4375 3022 4429; x_wconf 85' lang='grc' dir='ltr'>Τοιοῦτον</span> <span class='ocrx_word' id='word_1_694' title='bbox 3051 4375 3246 4446; x_wconf 79' lang='grc' dir='ltr'>ἔχομεν</span> <span class='ocrx_word' id='word_1_695' title='bbox 3275 4375 3562 4445; x_wconf 86' lang='grc' dir='ltr'>ἀρχιερέα,</span> <span class='ocrx_word' id='word_1_696' title='bbox 3585 4374 3642 4435; x_wconf 78' lang='grc' dir='ltr'>ὃς</span> 
     </span>
    </p>
   </div>
   <div class='ocr_carea' id='block_1_92' title="bbox 387 4459 1949 4541">
    <p class='ocr_par' dir='ltr' id='par_1_92' title="bbox 387 4471 1949 4541">
     <span class='ocr_line' id='line_1_92' title="bbox 387 4471 1949 4541; baseline 0.004 -17"><span class='ocrx_word' id='word_1_697' title='bbox 387 4471 649 4525; x_wconf 79' lang='lat' dir='ltr'><strong>habemus</strong></span> <span class='ocrx_word' id='word_1_698' title='bbox 702 4471 1037 4541; x_wconf 87' lang='lat' dir='ltr'><strong>pontiﬁcem,</strong></span> <span class='ocrx_word' id='word_1_699' title='bbox 1091 4473 1181 4539; x_wconf 89' lang='lat' dir='ltr'><strong>qui</strong></span> <span class='ocrx_word' id='word_1_700' title='bbox 1237 4472 1378 4527; x_wconf 82' lang='lat' dir='ltr'><strong>sedit</strong></span> <span class='ocrx_word' id='word_1_701' title='bbox 1431 4473 1484 4526; x_wconf 88' lang='lat' dir='ltr'><strong>in</strong></span> <span class='ocrx_word' id='word_1_702' title='bbox 1545 4474 1769 4528; x_wconf 84' lang='lat' dir='ltr'><strong>dextera</strong></span> <span class='ocrx_word' id='word_1_703' title='bbox 1813 4475 1949 4531; x_wconf 74' lang='lat' dir='ltr'><strong>sedis</strong></span> 
     </span>
    </p>
   </div>
   <div class='ocr_carea' id='block_1_93' title="bbox 2050 4459 3641 4541">
    <p class='ocr_par' dir='ltr' id='par_1_93' title="bbox 2061 4464 3641 4539">
     <span class='ocr_line' id='line_1_93' title="bbox 2061 4464 3641 4539; baseline -0.004 -18"><span class='ocrx_word' id='word_1_704' title='bbox 2061 4466 2313 4522; x_wconf 79' lang='grc' dir='ltr'>ἐκάθισεν</span> <span class='ocrx_word' id='word_1_705' title='bbox 2343 4469 2400 4520; x_wconf 74' lang='grc' dir='ltr'>ὲν</span> <span class='ocrx_word' id='word_1_706' title='bbox 2449 4466 2600 4537; x_wconf 78' lang='grc' dir='ltr'>δεξιᾷ</span> <span class='ocrx_word' id='word_1_707' title='bbox 2636 4467 2730 4522; x_wconf 91' lang='grc' dir='ltr'><strong>τοῦ</strong></span> <span class='ocrx_word' id='word_1_708' title='bbox 2759 4467 2950 4539; x_wconf 89' lang='grc' dir='ltr'>θρόνου</span> <span class='ocrx_word' id='word_1_709' title='bbox 2997 4467 3096 4536; x_wconf 82' lang='grc' dir='ltr'><strong>τῆς</strong></span> <span class='ocrx_word' id='word_1_710' title='bbox 3142 4464 3534 4535; x_wconf 82' lang='grc' dir='ltr'>μεγαλωσύνης</span> <span class='ocrx_word' id='word_1_711' title='bbox 3585 4466 3641 4516; x_wconf 79' lang='grc' dir='ltr'>ἐν</span> 
     </span>
    </p>
   </div>
   <div class='ocr_carea' id='block_1_94' title="bbox 387 4559 1966 4631">
    <p class='ocr_par' dir='ltr' id='par_1_94' title="bbox 387 4559 1966 4631">
     <span class='ocr_line' id='line_1_94' title="bbox 387 4559 1966 4631; baseline 0.003 -17"><span class='ocrx_word' id='word_1_712' title='bbox 387 4560 774 4629; x_wconf 77' lang='lat' dir='ltr'><strong>magnitudinis</strong></span> <span class='ocrx_word' id='word_1_713' title='bbox 795 4561 848 4615; x_wconf 88' lang='lat' dir='ltr'><strong>in</strong></span> <span class='ocrx_word' id='word_1_714' title='bbox 873 4561 1028 4616; x_wconf 68' lang='lat' dir='ltr'><strong>caalis</strong></span> <span class='ocrx_word' id='word_1_715' title='bbox 1049 4561 1131 4614; x_wconf 79' lang='lat'><strong>&quot;?</strong></span> <span class='ocrx_word' id='word_1_716' title='bbox 1155 4580 1174 4614; x_wconf 72' lang='grc' dir='ltr'>ι</span> <span class='ocrx_word' id='word_1_717' title='bbox 1208 4559 1342 4614; x_wconf 79' lang='lat' dir='ltr'><strong>Nam</strong></span> <span class='ocrx_word' id='word_1_718' title='bbox 1373 4561 1484 4631; x_wconf 87' lang='lat' dir='ltr'><strong>ipse</strong></span> <span class='ocrx_word' id='word_1_719' title='bbox 1514 4561 1811 4630; x_wconf 85' lang='lat' dir='ltr'><strong>impatibile</strong></span> <span class='ocrx_word' id='word_1_720' title='bbox 1837 4564 1966 4618; x_wconf 91' lang='lat' dir='ltr'><strong>illud</strong></span> 
     </span>
    </p>
   </div>
   <div class='ocr_carea' id='block_1_95' title="bbox 387 4649 1959 4724">
    <p class='ocr_par' dir='ltr' id='par_1_95' title="bbox 387 4649 1959 4724">
     <span class='ocr_line' id='line_1_95' title="bbox 387 4649 1959 4724; baseline 0.004 -20"><span class='ocrx_word' id='word_1_721' title='bbox 387 4665 456 4705; x_wconf 78' lang='lat' dir='ltr'><strong>ex</strong></span> <span class='ocrx_word' id='word_1_722' title='bbox 486 4649 598 4704; x_wconf 88' lang='lat' dir='ltr'><strong>Deo</strong></span> <span class='ocrx_word' id='word_1_723' title='bbox 629 4651 790 4707; x_wconf 84' lang='lat' dir='ltr'><strong>Patre</strong></span> <span class='ocrx_word' id='word_1_724' title='bbox 819 4650 1079 4718; x_wconf 86' lang='lat' dir='ltr'><strong>Verbum,</strong></span> <span class='ocrx_word' id='word_1_725' title='bbox 1109 4652 1284 4708; x_wconf 88' lang='lat' dir='ltr'><strong>cuivis</strong></span> <span class='ocrx_word' id='word_1_726' title='bbox 1317 4652 1501 4724; x_wconf 86' lang='lat' dir='ltr'><strong>utique</strong></span> <span class='ocrx_word' id='word_1_727' title='bbox 1547 4662 1797 4722; x_wconf 87' lang='lat' dir='ltr'><strong>apertum</strong></span> <span class='ocrx_word' id='word_1_728' title='bbox 1835 4665 1916 4710; x_wconf 84' lang='lat' dir='ltr'><strong>est</strong></span> <span class='ocrx_word' id='word_1_729' title='bbox 1945 4675 1959 4711; x_wconf 91' lang='lat'><strong>:</strong></span> 
     </span>
    </p>
   </div>
   <div class='ocr_carea' id='block_1_96' title="bbox 389 4742 1963 4816">
    <p class='ocr_par' dir='ltr' id='par_1_96' title="bbox 389 4742 1963 4816">
     <span class='ocr_line' id='line_1_96' title="bbox 389 4742 1963 4816; baseline 0.006 -26"><span class='ocrx_word' id='word_1_730' title='bbox 389 4753 605 4805; x_wconf 85' lang='lat' dir='ltr'><strong>passum</strong></span> <span class='ocrx_word' id='word_1_731' title='bbox 643 4755 771 4794; x_wconf 85' lang='lat' dir='ltr'><strong>vero</strong></span> <span class='ocrx_word' id='word_1_732' title='bbox 799 4755 962 4795; x_wconf 82' lang='lat' dir='ltr'><strong>carne</strong></span> <span class='ocrx_word' id='word_1_733' title='bbox 992 4756 1090 4810; x_wconf 90' lang='lat' dir='ltr'><strong>pro</strong></span> <span class='ocrx_word' id='word_1_734' title='bbox 1120 4742 1274 4798; x_wconf 89' lang='lat' dir='ltr'><strong>nobis</strong></span> <span class='ocrx_word' id='word_1_735' title='bbox 1309 4743 1421 4812; x_wconf 91' lang='lat' dir='ltr'><strong>ipsa</strong></span> <span class='ocrx_word' id='word_1_736' title='bbox 1456 4759 1558 4798; x_wconf 82' lang='lat' dir='ltr'><strong>vox</strong></span> <span class='ocrx_word' id='word_1_737' title='bbox 1591 4744 1963 4816; x_wconf 84' lang='lat' dir='ltr'><strong>theologorum</strong></span> 
     </span>
    </p>
   </div>
   <div class='ocr_carea' id='block_1_97' title="bbox 390 4829 1962 4898">
    <p class='ocr_par' dir='ltr' id='par_1_97' title="bbox 390 4829 1962 4898">
     <span class='ocr_line' id='line_1_97' title="bbox 390 4829 1962 4898; baseline 0.009 -19"><span class='ocrx_word' id='word_1_738' title='bbox 390 4844 518 4884; x_wconf 83' lang='lat' dir='ltr'><strong>vere</strong></span> <span class='ocrx_word' id='word_1_739' title='bbox 546 4829 650 4885; x_wconf 86' lang='lat' dir='ltr'><strong>dici</strong></span> <span class='ocrx_word' id='word_1_740' title='bbox 689 4830 1045 4886; x_wconf 82' lang='lat' dir='ltr'><strong>conﬁrmabit.</strong></span> <span class='ocrx_word' id='word_1_741' title='bbox 1074 4833 1226 4898; x_wconf 87' lang='lat' dir='ltr'><strong>Quod</strong></span> <span class='ocrx_word' id='word_1_742' title='bbox 1256 4835 1300 4889; x_wconf 88' lang='lat' dir='ltr'><strong>si</strong></span> <span class='ocrx_word' id='word_1_743' title='bbox 1338 4835 1428 4890; x_wconf 91' lang='lat' dir='ltr'><strong>Dei</strong></span> <span class='ocrx_word' id='word_1_744' title='bbox 1457 4833 1694 4892; x_wconf 77' lang='lat' dir='ltr'><strong>Verbum</strong></span> <span class='ocrx_word' id='word_1_745' title='bbox 1728 4837 1911 4893; x_wconf 83' lang='lat' dir='ltr'><strong>aufers</strong></span> <span class='ocrx_word' id='word_1_746' title='bbox 1933 4853 1962 4893; x_wconf 91' lang='lat' dir='ltr'><strong>a</strong></span> 
     </span>
    </p>
   </div>
   <div class='ocr_carea' id='block_1_98' title="bbox 394 4923 1961 4989">
    <p class='ocr_par' dir='ltr' id='par_1_98' title="bbox 394 4923 1961 4989">
     <span class='ocr_line' id='line_1_98' title="bbox 394 4923 1961 4989; baseline 0.007 -17"><span class='ocrx_word' id='word_1_747' title='bbox 394 4929 609 4974; x_wconf 89' lang='lat' dir='ltr'><strong>terreno</strong></span> <span class='ocrx_word' id='word_1_748' title='bbox 643 4934 892 4989; x_wconf 86' lang='lat' dir='ltr'><strong>corpore,</strong></span> <span class='ocrx_word' id='word_1_749' title='bbox 937 4923 1186 4977; x_wconf 85' lang='lat' dir='ltr'><strong>universa</strong></span> <span class='ocrx_word' id='word_1_750' title='bbox 1230 4925 1295 4977; x_wconf 89' lang='lat' dir='ltr'><strong>ad</strong></span> <span class='ocrx_word' id='word_1_751' title='bbox 1345 4925 1567 4980; x_wconf 87' lang='lat' dir='ltr'><strong>nihilum</strong></span> <span class='ocrx_word' id='word_1_752' title='bbox 1616 4928 1903 4982; x_wconf 88' lang='lat' dir='ltr'><strong>concident</strong></span> <span class='ocrx_word' id='word_1_753' title='bbox 1949 4949 1961 4983; x_wconf 94' lang='lat'><strong>:</strong></span> 
     </span>
    </p>
   </div>
   <div class='ocr_carea' id='block_1_99' title="bbox 393 5011 1962 5088">
    <p class='ocr_par' dir='ltr' id='par_1_99' title="bbox 393 5011 1962 5088">
     <span class='ocr_line' id='line_1_99' title="bbox 393 5011 1962 5088; baseline 0.005 -22"><span class='ocrx_word' id='word_1_754' title='bbox 393 5026 516 5066; x_wconf 87' lang='lat' dir='ltr'><strong>nam</strong></span> <span class='ocrx_word' id='word_1_755' title='bbox 556 5012 600 5067; x_wconf 83' lang='lat' dir='ltr'><strong>si</strong></span> <span class='ocrx_word' id='word_1_756' title='bbox 648 5011 810 5066; x_wconf 80' lang='lat' dir='ltr'><strong>homo</strong></span> <span class='ocrx_word' id='word_1_757' title='bbox 847 5012 1022 5066; x_wconf 85' lang='lat' dir='ltr'><strong>factus</strong></span> <span class='ocrx_word' id='word_1_758' title='bbox 1069 5029 1172 5068; x_wconf 89' lang='lat' dir='ltr'><strong>non</strong></span> <span class='ocrx_word' id='word_1_759' title='bbox 1205 5023 1310 5078; x_wconf 91' lang='lat' dir='ltr'><strong>est,</strong></span> <span class='ocrx_word' id='word_1_760' title='bbox 1360 5031 1427 5070; x_wconf 91' lang='lat' dir='ltr'><strong>ne</strong></span> <span class='ocrx_word' id='word_1_761' title='bbox 1457 5026 1702 5072; x_wconf 90' lang='lat' dir='ltr'><strong>mortuus</strong></span> <span class='ocrx_word' id='word_1_762' title='bbox 1744 5020 1962 5088; x_wconf 88' lang='lat' dir='ltr'><strong>quidem</strong></span> 
     </span>
    </p>
   </div>
   <div class='ocr_carea' id='block_1_100' title="bbox 392 5104 1964 5177">
    <p class='ocr_par' dir='ltr' id='par_1_100' title="bbox 392 5104 1964 5177">
     <span class='ocr_line' id='line_1_100' title="bbox 392 5104 1964 5177; baseline 0.006 -21"><span class='ocrx_word' id='word_1_763' title='bbox 392 5113 474 5159; x_wconf 91' lang='lat' dir='ltr'><strong>est</strong></span> <span class='ocrx_word' id='word_1_764' title='bbox 498 5117 594 5171; x_wconf 91' lang='lat' dir='ltr'><strong>pro</strong></span> <span class='ocrx_word' id='word_1_765' title='bbox 624 5104 809 5169; x_wconf 89' lang='lat' dir='ltr'><strong>nobis;</strong></span> <span class='ocrx_word' id='word_1_766' title='bbox 845 5111 898 5158; x_wconf 88' lang='lat' dir='ltr'><strong>et</strong></span> <span class='ocrx_word' id='word_1_767' title='bbox 921 5104 966 5158; x_wconf 89' lang='lat' dir='ltr'><strong>si</strong></span> <span class='ocrx_word' id='word_1_768' title='bbox 1002 5104 1162 5159; x_wconf 89' lang='lat' dir='ltr'><strong>morti</strong></span> <span class='ocrx_word' id='word_1_769' title='bbox 1192 5105 1469 5174; x_wconf 82' lang='lat' dir='ltr'><strong>proprium</strong></span> <span class='ocrx_word' id='word_1_770' title='bbox 1505 5123 1701 5177; x_wconf 91' lang='lat' dir='ltr'><strong>corpus</strong></span> <span class='ocrx_word' id='word_1_771' title='bbox 1732 5125 1837 5165; x_wconf 92' lang='lat' dir='ltr'><strong>non</strong></span> <span class='ocrx_word' id='word_1_772' title='bbox 1868 5113 1964 5165; x_wconf 83' lang='lat' dir='ltr'><strong>de-</strong></span> 
     </span>
    </p>
   </div>
   <div class='ocr_carea' id='block_1_101' title="bbox 395 5196 1972 5268">
    <p class='ocr_par' dir='ltr' id='par_1_101' title="bbox 395 5196 1972 5268">
     <span class='ocr_line' id='line_1_101' title="bbox 395 5196 1972 5268; baseline 0.005 -20"><span class='ocrx_word' id='word_1_773' title='bbox 395 5196 488 5256; x_wconf 89' lang='lat' dir='ltr'><strong>dit,</strong></span> <span class='ocrx_word' id='word_1_774' title='bbox 525 5197 794 5265; x_wconf 88' lang='lat' dir='ltr'><strong>quomodo</strong></span> <span class='ocrx_word' id='word_1_775' title='bbox 841 5196 1040 5251; x_wconf 87' lang='lat' dir='ltr'><strong>dicitur</strong></span> <span class='ocrx_word' id='word_1_776' title='bbox 1085 5197 1480 5268; x_wconf 83' lang='lat' dir='ltr'><strong>primogenitus</strong></span> <span class='ocrx_word' id='word_1_777' title='bbox 1505 5215 1572 5254; x_wconf 77' lang='lat' dir='ltr'><strong>ex</strong></span> <span class='ocrx_word' id='word_1_778' title='bbox 1607 5202 1834 5256; x_wconf 85' lang='lat' dir='ltr'><strong>mortuis</strong></span> <span class='ocrx_word' id='word_1_779' title='bbox 1879 5203 1924 5234; x_wconf 75' lang='lat'><strong>’°</strong></span> <span class='ocrx_word' id='word_1_780' title='bbox 1948 5203 1972 5243; x_wconf 74' lang='lat'><strong>?</strong></span> 
     </span>
    </p>
   </div>
   <div class='ocr_carea' id='block_1_102' title="bbox 399 5286 1969 5361">
    <p class='ocr_par' dir='ltr' id='par_1_102' title="bbox 399 5286 1969 5361">
     <span class='ocr_line' id='line_1_102' title="bbox 399 5286 1969 5361; baseline 0.005 -23"><span class='ocrx_word' id='word_1_781' title='bbox 399 5286 536 5356; x_wconf 79' lang='lat' dir='ltr'><strong>Ergo</strong></span> <span class='ocrx_word' id='word_1_782' title='bbox 559 5303 732 5356; x_wconf 85' lang='lat' dir='ltr'><strong>neque</strong></span> <span class='ocrx_word' id='word_1_783' title='bbox 759 5298 1004 5345; x_wconf 84' lang='lat' dir='ltr'><strong>mortuus</strong></span> <span class='ocrx_word' id='word_1_784' title='bbox 1028 5299 1130 5356; x_wconf 87' lang='lat' dir='ltr'><strong>est,</strong></span> <span class='ocrx_word' id='word_1_785' title='bbox 1159 5305 1331 5360; x_wconf 90' lang='lat' dir='ltr'><strong>neque</strong></span> <span class='ocrx_word' id='word_1_786' title='bbox 1356 5289 1469 5361; x_wconf 78' lang='lat'><strong>89</strong></span> <span class='ocrx_word' id='word_1_787' title='bbox 1489 5293 1782 5346; x_wconf 83' lang='lat' dir='ltr'><strong>resurrexit</strong></span> <span class='ocrx_word' id='word_1_788' title='bbox 1809 5293 1969 5348; x_wconf 82' lang='lat' dir='ltr'><strong>Chri-</strong></span> 
     </span>
    </p>
   </div>
   <div class='ocr_carea' id='block_1_103' title="bbox 398 5377 1968 5451">
    <p class='ocr_par' dir='ltr' id='par_1_103' title="bbox 398 5377 1968 5451">
     <span class='ocr_line' id='line_1_103' title="bbox 398 5377 1968 5451; baseline 0.006 -24"><span class='ocrx_word' id='word_1_789' title='bbox 398 5389 533 5432; x_wconf 84' lang='lat' dir='ltr'><strong>stus.</strong></span> <span class='ocrx_word' id='word_1_790' title='bbox 580 5377 809 5434; x_wconf 82' lang='lat' dir='ltr'><strong>Prodeat</strong></span> <span class='ocrx_word' id='word_1_791' title='bbox 843 5396 974 5451; x_wconf 89' lang='lat' dir='ltr'><strong>ergo</strong></span> <span class='ocrx_word' id='word_1_792' title='bbox 1021 5381 1073 5435; x_wconf 90' lang='lat' dir='ltr'><strong>in</strong></span> <span class='ocrx_word' id='word_1_793' title='bbox 1127 5381 1360 5435; x_wconf 87' lang='lat' dir='ltr'><strong>medium</strong></span> <span class='ocrx_word' id='word_1_794' title='bbox 1413 5383 1599 5436; x_wconf 87' lang='lat' dir='ltr'><strong>beatus</strong></span> <span class='ocrx_word' id='word_1_795' title='bbox 1638 5381 1857 5446; x_wconf 87' lang='lat' dir='ltr'><strong>Paulus,</strong></span> <span class='ocrx_word' id='word_1_796' title='bbox 1913 5393 1968 5437; x_wconf 92' lang='lat' dir='ltr'><strong>et</strong></span> 
     </span>
    </p>
   </div>
   <div class='ocr_carea' id='block_1_104' title="bbox 399 5467 1967 5545">
    <p class='ocr_par' dir='ltr' id='par_1_104' title="bbox 399 5467 1967 5545">
     <span class='ocr_line' id='line_1_104' title="bbox 399 5467 1967 5545; baseline 0.006 -25"><span class='ocrx_word' id='word_1_797' title='bbox 399 5467 593 5524; x_wconf 79' lang='lat' dir='ltr'><strong>clamet</strong></span> <span class='ocrx_word' id='word_1_798' title='bbox 627 5485 690 5524; x_wconf 89' lang='lat' dir='ltr'><strong>ac</strong></span> <span class='ocrx_word' id='word_1_799' title='bbox 720 5472 903 5527; x_wconf 86' lang='lat' dir='ltr'><strong>dicat:</strong></span> <span class='ocrx_word' id='word_1_800' title='bbox 947 5491 967 5524; x_wconf 80' lang='grc' dir='ltr'>ι</span> <span class='ocrx_word' id='word_1_801' title='bbox 997 5474 1052 5528; x_wconf 91' lang='lat' dir='ltr'><strong>Si</strong></span> <span class='ocrx_word' id='word_1_802' title='bbox 1079 5473 1274 5528; x_wconf 90' lang='lat' dir='ltr'><strong>mortui</strong></span> <span class='ocrx_word' id='word_1_803' title='bbox 1311 5489 1414 5529; x_wconf 90' lang='lat' dir='ltr'><strong>non</strong></span> <span class='ocrx_word' id='word_1_804' title='bbox 1451 5489 1756 5545; x_wconf 81' lang='lat' dir='ltr'><strong>resurgunt,</strong></span> <span class='ocrx_word' id='word_1_805' title='bbox 1794 5490 1967 5544; x_wconf 85' lang='lat' dir='ltr'><strong>neque</strong></span> 
     </span>
    </p>
   </div>
   <div class='ocr_carea' id='block_1_105' title="bbox 401 5560 1965 5630">
    <p class='ocr_par' dir='ltr' id='par_1_105' title="bbox 401 5560 1965 5630">
     <span class='ocr_line' id='line_1_105' title="bbox 401 5560 1965 5630; baseline 0.004 -16"><span class='ocrx_word' id='word_1_806' title='bbox 401 5560 650 5615; x_wconf 76' lang='lat' dir='ltr'><strong>Christus</strong></span> <span class='ocrx_word' id='word_1_807' title='bbox 695 5565 1019 5630; x_wconf 76' lang='lat' dir='ltr'><strong>resurrexit;</strong></span> <span class='ocrx_word' id='word_1_808' title='bbox 1065 5580 1199 5619; x_wconf 88' lang='lat' dir='ltr'><strong>vana</strong></span> <span class='ocrx_word' id='word_1_809' title='bbox 1248 5576 1332 5620; x_wconf 89' lang='lat' dir='ltr'><strong>cst</strong></span> <span class='ocrx_word' id='word_1_810' title='bbox 1380 5567 1511 5620; x_wconf 91' lang='lat' dir='ltr'><strong>lidcs</strong></span> <span class='ocrx_word' id='word_1_811' title='bbox 1545 5578 1744 5628; x_wconf 84' lang='lat' dir='ltr'><strong>vestra,</strong></span> <span class='ocrx_word' id='word_1_812' title='bbox 1791 5568 1965 5620; x_wconf 89' lang='lat' dir='ltr'><strong>adhuc</strong></span> 
     </span>
    </p>
   </div>
   <div class='ocr_carea' id='block_1_106' title="bbox 471 5744 1352 5811">
    <p class='ocr_par' dir='ltr' id='par_1_106' title="bbox 471 5744 1352 5811">
     <span class='ocr_line' id='line_1_106' title="bbox 471 5744 1352 5811; baseline -0.005 -10"><span class='ocrx_word' id='word_1_813' title='bbox 471 5746 513 5778; x_wconf 69' lang='grc'><strong>³³</strong></span> <span class='ocrx_word' id='word_1_814' title='bbox 554 5744 653 5800; x_wconf 78' lang='lat' dir='ltr'><strong>lsa.</strong></span> <span class='ocrx_word' id='word_1_815' title='bbox 693 5760 804 5811; x_wconf 85' lang='lat' dir='ltr'><strong>Lm,</strong></span> <span class='ocrx_word' id='word_1_816' title='bbox 839 5746 904 5811; x_wconf 68' lang='grc' dir='ltr'>ῦς</span> <span class='ocrx_word' id='word_1_817' title='bbox 943 5745 960 5799; x_wconf 94' lang='lat' dir='ltr'><strong>l</strong></span> <span class='ocrx_word' id='word_1_818' title='bbox 999 5745 1138 5801; x_wconf 83' lang='lat' dir='ltr'><strong>Pctr.</strong></span> <span class='ocrx_word' id='word_1_819' title='bbox 1177 5761 1232 5811; x_wconf 84' lang='grc' dir='ltr'><strong>ιι,</strong></span> <span class='ocrx_word' id='word_1_820' title='bbox 1264 5745 1352 5797; x_wconf 68' lang='lat'><strong>2‘2.</strong></span> 
     </span>
    </p>
   </div>
   <div class='ocr_carea' id='block_1_107' title="bbox 1431 5743 1983 5809">
    <p class='ocr_par' dir='ltr' id='par_1_107' title="bbox 1431 5743 1983 5809">
     <span class='ocr_line' id='line_1_107' title="bbox 1431 5743 1983 5809; baseline 0.004 -12"><span class='ocrx_word' id='word_1_821' title='bbox 1431 5746 1475 5779; x_wconf 67' lang='grc' dir='ltr'>οδ</span> <span class='ocrx_word' id='word_1_822' title='bbox 1514 5743 1613 5799; x_wconf 78' lang='lat' dir='ltr'><strong>lsu.</strong></span> <span class='ocrx_word' id='word_1_823' title='bbox 1643 5758 1734 5808; x_wconf 79' lang='lat' dir='ltr'><strong>vn,</strong></span> <span class='ocrx_word' id='word_1_824' title='bbox 1775 5743 1858 5809; x_wconf 60' lang='lat' dir='ltr'><strong>lii,</strong></span> <span class='ocrx_word' id='word_1_825' title='bbox 1901 5744 1983 5799; x_wconf 76' lang='grc'><strong>16.</strong></span> 
     </span>
    </p>
   </div>
   <div class='ocr_carea' id='block_1_108' title="bbox 2064 4555 3644 4629">
    <p class='ocr_par' dir='ltr' id='par_1_108' title="bbox 2064 4555 3644 4629">
     <span class='ocr_line' id='line_1_108' title="bbox 2064 4555 3644 4629; baseline -0.004 -17"><span class='ocrx_word' id='word_1_826' title='bbox 2064 4561 2176 4622; x_wconf 82' lang='grc' dir='ltr'>τοῖς</span> <span class='ocrx_word' id='word_1_827' title='bbox 2201 4559 2477 4629; x_wconf 70' lang='grc' dir='ltr'>οὐρανοῖς.</span> <span class='ocrx_word' id='word_1_828' title='bbox 2511 4576 2531 4610; x_wconf 74' lang='grc' dir='ltr'>ι</span> <span class='ocrx_word' id='word_1_829' title='bbox 2561 4559 2682 4612; x_wconf 83' lang='grc' dir='ltr'>Ὀτι</span> <span class='ocrx_word' id='word_1_830' title='bbox 2711 4557 2810 4629; x_wconf 83' lang='grc' dir='ltr'><strong>μὲν</strong></span> <span class='ocrx_word' id='word_1_831' title='bbox 2840 4558 2949 4628; x_wconf 84' lang='grc' dir='ltr'>γὰρ</span> <span class='ocrx_word' id='word_1_832' title='bbox 2972 4557 3187 4626; x_wconf 81' lang='grc' dir='ltr'>ἀπαθὴς</span> <span class='ocrx_word' id='word_1_833' title='bbox 3218 4559 3246 4608; x_wconf 92' lang='lat'><strong>6</strong></span> <span class='ocrx_word' id='word_1_834' title='bbox 3275 4556 3340 4608; x_wconf 84' lang='grc' dir='ltr'>ὲκ</span> <span class='ocrx_word' id='word_1_835' title='bbox 3367 4555 3502 4608; x_wconf 82' lang='grc' dir='ltr'>Θεοῦ</span> <span class='ocrx_word' id='word_1_836' title='bbox 3535 4555 3644 4607; x_wconf 88' lang='grc' dir='ltr'><strong>Πα-</strong></span> 
     </span>
    </p>
   </div>
   <div class='ocr_carea' id='block_1_109' title="bbox 2063 4647 3644 4722">
    <p class='ocr_par' dir='ltr' id='par_1_109' title="bbox 2063 4647 3644 4722">
     <span class='ocr_line' id='line_1_109' title="bbox 2063 4647 3644 4722; baseline -0.004 -18"><span class='ocrx_word' id='word_1_837' title='bbox 2063 4650 2192 4722; x_wconf 83' lang='grc' dir='ltr'>τρὺς</span> <span class='ocrx_word' id='word_1_838' title='bbox 2224 4651 2418 4718; x_wconf 88' lang='grc' dir='ltr'>Λόγος,</span> <span class='ocrx_word' id='word_1_839' title='bbox 2452 4650 2617 4704; x_wconf 83' lang='grc' dir='ltr'>παντί</span> <span class='ocrx_word' id='word_1_840' title='bbox 2668 4667 2771 4702; x_wconf 90' lang='grc' dir='ltr'><strong>που</strong></span> <span class='ocrx_word' id='word_1_841' title='bbox 2798 4650 2954 4718; x_wconf 85' lang='grc' dir='ltr'>δῆλον</span> <span class='ocrx_word' id='word_1_842' title='bbox 2998 4648 3065 4703; x_wconf 83' lang='grc' dir='ltr'><strong>ἂν</strong></span> <span class='ocrx_word' id='word_1_843' title='bbox 3107 4649 3191 4719; x_wconf 76' lang='grc' dir='ltr'><strong>εἴη</strong></span> <span class='ocrx_word' id='word_1_844' title='bbox 3227 4647 3527 4718; x_wconf 84' lang='grc' dir='ltr'>δήπουθεν·</span> <span class='ocrx_word' id='word_1_845' title='bbox 3563 4647 3644 4699; x_wconf 81' lang='grc' dir='ltr'>ὅτι</span> 
     </span>
    </p>
   </div>
   <div class='ocr_carea' id='block_1_110' title="bbox 2064 4733 3648 4810">
    <p class='ocr_par' dir='ltr' id='par_1_110' title="bbox 2064 4733 3648 4810">
     <span class='ocr_line' id='line_1_110' title="bbox 2064 4733 3648 4810; baseline -0.003 -18"><span class='ocrx_word' id='word_1_846' title='bbox 2064 4738 2122 4793; x_wconf 87' lang='grc' dir='ltr'>δὲ</span> <span class='ocrx_word' id='word_1_847' title='bbox 2151 4739 2418 4794; x_wconf 87' lang='grc' dir='ltr'>πέπονθεν</span> <span class='ocrx_word' id='word_1_848' title='bbox 2450 4739 2592 4810; x_wconf 80' lang='grc' dir='ltr'>ὑπὲρ</span> <span class='ocrx_word' id='word_1_849' title='bbox 2634 4737 2796 4808; x_wconf 82' lang='grc' dir='ltr'>ἡμῶν</span> <span class='ocrx_word' id='word_1_850' title='bbox 2826 4737 3012 4808; x_wconf 74' lang='grc' dir='ltr'>σαρκὶ,</span> <span class='ocrx_word' id='word_1_851' title='bbox 3058 4738 3465 4806; x_wconf 83' lang='grc' dir='ltr'>κατασφραγιεῖ</span> <span class='ocrx_word' id='word_1_852' title='bbox 3511 4733 3648 4806; x_wconf 81' lang='grc' dir='ltr'>πρὸς</span> 
     </span>
    </p>
   </div>
   <div class='ocr_carea' id='block_1_111' title="bbox 2064 4827 3646 4900">
    <p class='ocr_par' dir='ltr' id='par_1_111' title="bbox 2064 4827 3646 4900">
     <span class='ocr_line' id='line_1_111' title="bbox 2064 4827 3646 4900; baseline -0.004 -16"><span class='ocrx_word' id='word_1_853' title='bbox 2064 4830 2322 4900; x_wconf 85' lang='grc' dir='ltr'>ἀλήθειαν</span> <span class='ocrx_word' id='word_1_854' title='bbox 2346 4831 2379 4899; x_wconf 80' lang='grc' dir='ltr'><strong>ἡ</strong></span> <span class='ocrx_word' id='word_1_855' title='bbox 2399 4829 2509 4882; x_wconf 83' lang='grc' dir='ltr'><strong>τῶν</strong></span> <span class='ocrx_word' id='word_1_856' title='bbox 2544 4829 2820 4899; x_wconf 87' lang='grc' dir='ltr'>θεηγόρων</span> <span class='ocrx_word' id='word_1_857' title='bbox 2846 4829 3017 4897; x_wconf 82' lang='grc' dir='ltr'>φωνή.</span> <span class='ocrx_word' id='word_1_858' title='bbox 3044 4828 3104 4878; x_wconf 85' lang='lat' dir='ltr'><strong>El</strong></span> <span class='ocrx_word' id='word_1_859' title='bbox 3141 4827 3197 4879; x_wconf 80' lang='grc' dir='ltr'>δὲ</span> <span class='ocrx_word' id='word_1_860' title='bbox 3223 4827 3526 4896; x_wconf 84' lang='grc' dir='ltr'>ἀποφέρεις</span> <span class='ocrx_word' id='word_1_861' title='bbox 3549 4827 3646 4878; x_wconf 71' lang='grc' dir='ltr'><strong>αὖα</strong></span> 
     </span>
    </p>
   </div>
   <div class='ocr_carea' id='block_1_112' title="bbox 2064 4919 3648 4991">
    <p class='ocr_par' dir='ltr' id='par_1_112' title="bbox 2064 4919 3648 4991">
     <span class='ocr_line' id='line_1_112' title="bbox 2064 4919 3648 4991; baseline -0.004 -15"><span class='ocrx_word' id='word_1_862' title='bbox 2064 4924 2155 4987; x_wconf 81' lang='grc' dir='ltr'><strong>τὸς</strong></span> <span class='ocrx_word' id='word_1_863' title='bbox 2182 4921 2422 4991; x_wconf 74' lang='grc' dir='ltr'>ἐπιγείου</span> <span class='ocrx_word' id='word_1_864' title='bbox 2467 4921 2716 4991; x_wconf 86' lang='grc' dir='ltr'>σώματος</span> <span class='ocrx_word' id='word_1_865' title='bbox 2743 4921 2835 4973; x_wconf 76' lang='grc' dir='ltr'><strong>τὸν</strong></span> <span class='ocrx_word' id='word_1_866' title='bbox 2875 4921 2938 4973; x_wconf 82' lang='grc' dir='ltr'>ὲκ</span> <span class='ocrx_word' id='word_1_867' title='bbox 2975 4919 3109 4972; x_wconf 88' lang='grc' dir='ltr'>Θεοῦ</span> <span class='ocrx_word' id='word_1_868' title='bbox 3136 4920 3327 4986; x_wconf 88' lang='grc' dir='ltr'>Λόγον,</span> <span class='ocrx_word' id='word_1_869' title='bbox 3368 4919 3648 4987; x_wconf 74' lang='grc' dir='ltr'>οἰχήσεταί</span> 
     </span>
    </p>
   </div>
   <div class='ocr_carea' id='block_1_113' title="bbox 2068 5009 3648 5084">
    <p class='ocr_par' dir='ltr' id='par_1_113' title="bbox 2068 5009 3648 5084">
     <span class='ocr_line' id='line_1_113' title="bbox 2068 5009 3648 5084; baseline -0.004 -17"><span class='ocrx_word' id='word_1_870' title='bbox 2068 5031 2151 5067; x_wconf 90' lang='grc' dir='ltr'><strong>σοι</strong></span> <span class='ocrx_word' id='word_1_871' title='bbox 2183 5014 2244 5066; x_wconf 81' lang='grc' dir='ltr'><strong>τὸ</strong></span> <span class='ocrx_word' id='word_1_872' title='bbox 2273 5013 2492 5084; x_wconf 85' lang='grc' dir='ltr'>σύμπαν</span> <span class='ocrx_word' id='word_1_873' title='bbox 2525 5014 2604 5074; x_wconf 87' lang='grc' dir='ltr'><strong>είς</strong></span> <span class='ocrx_word' id='word_1_874' title='bbox 2635 5012 2698 5063; x_wconf 82' lang='grc' dir='ltr'>τὺ</span> <span class='ocrx_word' id='word_1_875' title='bbox 2729 5011 2925 5080; x_wconf 88' lang='grc' dir='ltr'>μηδέν·</span> <span class='ocrx_word' id='word_1_876' title='bbox 2959 5011 3008 5062; x_wconf 81' lang='grc' dir='ltr'><strong>εί</strong></span> <span class='ocrx_word' id='word_1_877' title='bbox 3041 5011 3150 5080; x_wconf 83' lang='grc' dir='ltr'>γὰρ</span> <span class='ocrx_word' id='word_1_878' title='bbox 3184 5010 3257 5079; x_wconf 83' lang='grc' dir='ltr'>μὴ</span> <span class='ocrx_word' id='word_1_879' title='bbox 3301 5009 3525 5077; x_wconf 87' lang='grc' dir='ltr'>γέγονεν</span> <span class='ocrx_word' id='word_1_880' title='bbox 3553 5009 3648 5062; x_wconf 79' lang='grc' dir='ltr'>ἀν-</span> 
     </span>
    </p>
   </div>
   <div class='ocr_carea' id='block_1_114' title="bbox 2067 5099 3648 5176">
    <p class='ocr_par' dir='ltr' id='par_1_114' title="bbox 2067 5099 3648 5176">
     <span class='ocr_line' id='line_1_114' title="bbox 2067 5099 3648 5176; baseline -0.004 -18"><span class='ocrx_word' id='word_1_881' title='bbox 2067 5105 2305 5176; x_wconf 88' lang='grc' dir='ltr'>θρωπος,</span> <span class='ocrx_word' id='word_1_882' title='bbox 2355 5105 2474 5158; x_wconf 78' lang='grc' dir='ltr'>οὐδὲ</span> <span class='ocrx_word' id='word_1_883' title='bbox 2517 5103 2785 5157; x_wconf 88' lang='grc' dir='ltr'>ἀπέθανεν</span> <span class='ocrx_word' id='word_1_884' title='bbox 2839 5103 2979 5173; x_wconf 84' lang='grc' dir='ltr'>ὑπὲρ</span> <span class='ocrx_word' id='word_1_885' title='bbox 3009 5101 3198 5172; x_wconf 82' lang='grc' dir='ltr'>ἡμῶν·</span> <span class='ocrx_word' id='word_1_886' title='bbox 3232 5101 3327 5154; x_wconf 76' lang='grc' dir='ltr'>καὶ</span> <span class='ocrx_word' id='word_1_887' title='bbox 3374 5103 3420 5154; x_wconf 75' lang='grc' dir='ltr'>εἰ</span> <span class='ocrx_word' id='word_1_888' title='bbox 3455 5100 3530 5170; x_wconf 79' lang='grc' dir='ltr'>μὴ</span> <span class='ocrx_word' id='word_1_889' title='bbox 3560 5099 3648 5152; x_wconf 62' lang='grc' dir='ltr'>δέ-</span> 
     </span>
    </p>
   </div>
   <div class='ocr_carea' id='block_1_115' title="bbox 2066 5190 3650 5268">
    <p class='ocr_par' dir='ltr' id='par_1_115' title="bbox 2066 5190 3650 5268">
     <span class='ocr_line' id='line_1_115' title="bbox 2066 5190 3650 5268; baseline -0.007 -16"><span class='ocrx_word' id='word_1_890' title='bbox 2066 5199 2205 5252; x_wconf 88' lang='grc' dir='ltr'>δωκε</span> <span class='ocrx_word' id='word_1_891' title='bbox 2232 5198 2309 5268; x_wconf 83' lang='grc' dir='ltr'>τῷ</span> <span class='ocrx_word' id='word_1_892' title='bbox 2354 5198 2568 5267; x_wconf 82' lang='grc' dir='ltr'>θανάτῳ</span> <span class='ocrx_word' id='word_1_893' title='bbox 2598 5196 2660 5248; x_wconf 83' lang='grc' dir='ltr'><strong>τὸ</strong></span> <span class='ocrx_word' id='word_1_894' title='bbox 2695 5195 2824 5248; x_wconf 79' lang='grc' dir='ltr'>ἴδιον</span> <span class='ocrx_word' id='word_1_895' title='bbox 2875 5195 3054 5264; x_wconf 85' lang='grc' dir='ltr'>σῶμα,</span> <span class='ocrx_word' id='word_1_896' title='bbox 3085 5194 3200 5257; x_wconf 85' lang='grc' dir='ltr'><strong>πῶς</strong></span> <span class='ocrx_word' id='word_1_897' title='bbox 3239 5190 3381 5245; x_wconf 76' lang='grc' dir='ltr'>εἶναι</span> <span class='ocrx_word' id='word_1_898' title='bbox 3431 5193 3650 5261; x_wconf 80' lang='grc' dir='ltr'>λέγεται</span> 
     </span>
    </p>
   </div>
   <div class='ocr_carea' id='block_1_116' title="bbox 2074 5280 3648 5360">
    <p class='ocr_par' dir='ltr' id='par_1_116' title="bbox 2074 5280 3648 5360">
     <span class='ocr_line' id='line_1_116' title="bbox 2074 5280 3648 5360; baseline -0.005 -20"><span class='ocrx_word' id='word_1_899' title='bbox 2074 5289 2415 5360; x_wconf 85' lang='grc' dir='ltr'>πρωτότοκος</span> <span class='ocrx_word' id='word_1_900' title='bbox 2440 5289 2501 5339; x_wconf 86' lang='grc' dir='ltr'>ὲκ</span> <span class='ocrx_word' id='word_1_901' title='bbox 2528 5287 2767 5354; x_wconf 81' lang='grc' dir='ltr'>νεκρῶν;</span> <span class='ocrx_word' id='word_1_902' title='bbox 2805 5284 3013 5338; x_wconf 77' lang='grc' dir='ltr'>Οὐκοῦν</span> <span class='ocrx_word' id='word_1_903' title='bbox 3047 5283 3168 5336; x_wconf 74' lang='grc' dir='ltr'>οὔτε</span> <span class='ocrx_word' id='word_1_904' title='bbox 3200 5283 3495 5346; x_wconf 86' lang='grc' dir='ltr'>ἀπέθανεν,</span> <span class='ocrx_word' id='word_1_905' title='bbox 3526 5280 3648 5332; x_wconf 74' lang='grc' dir='ltr'>οὔτε</span> 
     </span>
    </p>
   </div>
   <div class='ocr_carea' id='block_1_117' title="bbox 2073 5372 3649 5449">
    <p class='ocr_par' dir='ltr' id='par_1_117' title="bbox 2073 5372 3649 5449">
     <span class='ocr_line' id='line_1_117' title="bbox 2073 5372 3649 5449; baseline -0.005 -17"><span class='ocrx_word' id='word_1_906' title='bbox 2073 5380 2272 5432; x_wconf 77' lang='grc' dir='ltr'>ἀνεϐίω</span> <span class='ocrx_word' id='word_1_907' title='bbox 2317 5379 2572 5449; x_wconf 84' lang='grc' dir='ltr'>Χριστός.</span> <span class='ocrx_word' id='word_1_908' title='bbox 2611 5379 2736 5430; x_wconf 86' lang='grc' dir='ltr'>Ἵτω</span> <span class='ocrx_word' id='word_1_909' title='bbox 2768 5376 2830 5447; x_wconf 80' lang='grc' dir='ltr'>δὴ</span> <span class='ocrx_word' id='word_1_910' title='bbox 2859 5372 2950 5428; x_wconf 78' lang='grc' dir='ltr'><strong>οὖν</strong></span> <span class='ocrx_word' id='word_1_911' title='bbox 2988 5377 3068 5437; x_wconf 78' lang='grc' dir='ltr'>εἰς</span> <span class='ocrx_word' id='word_1_912' title='bbox 3099 5374 3263 5444; x_wconf 87' lang='grc' dir='ltr'>μέσον</span> <span class='ocrx_word' id='word_1_913' title='bbox 3299 5375 3327 5426; x_wconf 89' lang='lat'><strong>6</strong></span> <span class='ocrx_word' id='word_1_914' title='bbox 3364 5373 3649 5433; x_wconf 80' lang='grc' dir='ltr'>θεσπέσιος</span> 
     </span>
    </p>
   </div>
   <div class='ocr_carea' id='block_1_118' title="bbox 2075 5463 3651 5540">
    <p class='ocr_par' dir='ltr' id='par_1_118' title="bbox 2075 5463 3651 5540">
     <span class='ocr_line' id='line_1_118' title="bbox 2075 5463 3651 5540; baseline -0.007 -16"><span class='ocrx_word' id='word_1_915' title='bbox 2075 5472 2303 5535; x_wconf 82' lang='grc' dir='ltr'>Παῦλος,</span> <span class='ocrx_word' id='word_1_916' title='bbox 2363 5472 2803 5540; x_wconf 79' lang='grc' dir='ltr'>ἀνακεκραγέτω,</span> <span class='ocrx_word' id='word_1_917' title='bbox 2859 5467 3062 5534; x_wconf 74' lang='grc' dir='ltr'>λέγων’</span> <span class='ocrx_word' id='word_1_918' title='bbox 3117 5484 3135 5516; x_wconf 77' lang='grc' dir='ltr'>ι</span> <span class='ocrx_word' id='word_1_919' title='bbox 3183 5465 3244 5516; x_wconf 78' lang='lat' dir='ltr'><strong>Et</strong></span> <span class='ocrx_word' id='word_1_920' title='bbox 3302 5465 3490 5533; x_wconf 77' lang='grc' dir='ltr'>νεκροὶ</span> <span class='ocrx_word' id='word_1_921' title='bbox 3554 5463 3651 5514; x_wconf 78' lang='grc' dir='ltr'><strong>οὐκ</strong></span> 
     </span>
    </p>
   </div>
   <div class='ocr_carea' id='block_1_119' title="bbox 2075 5553 3651 5634">
    <p class='ocr_par' dir='ltr' id='par_1_119' title="bbox 2075 5553 3651 5634">
     <span class='ocr_line' id='line_1_119' title="bbox 2075 5553 3651 5634; baseline -0.006 -18"><span class='ocrx_word' id='word_1_922' title='bbox 2075 5566 2396 5634; x_wconf 71' lang='grc' dir='ltr'>ἐγείρονται,</span> <span class='ocrx_word' id='word_1_923' title='bbox 2432 5564 2550 5615; x_wconf 65' lang='grc' dir='ltr'>οὐδὲ</span> <span class='ocrx_word' id='word_1_924' title='bbox 2604 5561 2832 5631; x_wconf 76' lang='grc' dir='ltr'>Χριστὸς</span> <span class='ocrx_word' id='word_1_925' title='bbox 2875 5559 3204 5628; x_wconf 75' lang='grc' dir='ltr'>ὲγήγερται’</span> <span class='ocrx_word' id='word_1_926' title='bbox 3234 5558 3282 5607; x_wconf 83' lang='grc' dir='ltr'><strong>εἰ</strong></span> <span class='ocrx_word' id='word_1_927' title='bbox 3318 5555 3376 5608; x_wconf 78' lang='grc' dir='ltr'>δὲ</span> <span class='ocrx_word' id='word_1_928' title='bbox 3418 5553 3651 5626; x_wconf 76' lang='grc' dir='ltr'>Χριστὸς</span> 
     </span>
    </p>
   </div>
   <div class='ocr_carea' id='block_1_120' title="bbox 2059 5731 3092 5806">
    <p class='ocr_par' dir='ltr' id='par_1_120' title="bbox 2059 5731 3092 5806">
     <span class='ocr_line' id='line_1_120' title="bbox 2059 5731 3092 5806; baseline -0.011 -11"><span class='ocrx_word' id='word_1_929' title='bbox 2059 5742 2104 5775; x_wconf 65' lang='grc' dir='ltr'><strong>π</strong></span> <span class='ocrx_word' id='word_1_930' title='bbox 2147 5739 2309 5796; x_wconf 82' lang='lat' dir='ltr'><strong>llebr.</strong></span> <span class='ocrx_word' id='word_1_931' title='bbox 2343 5753 2458 5806; x_wconf 80' lang='lat' dir='ltr'><strong>vui,</strong></span> <span class='ocrx_word' id='word_1_932' title='bbox 2489 5739 2536 5793; x_wconf 87' lang='lat' dir='ltr'><strong>l.</strong></span> <span class='ocrx_word' id='word_1_933' title='bbox 2614 5739 2659 5771; x_wconf 78' lang='lat'><strong>&quot;</strong></span> <span class='ocrx_word' id='word_1_934' title='bbox 2695 5735 2898 5792; x_wconf 88' lang='lat' dir='ltr'><strong>Coloss.</strong></span> <span class='ocrx_word' id='word_1_935' title='bbox 2934 5749 2970 5798; x_wconf 85' lang='grc' dir='ltr'><strong>ι,</strong></span> <span class='ocrx_word' id='word_1_936' title='bbox 3007 5731 3092 5785; x_wconf 81' lang='grc'><strong>18.</strong></span> 
     </span>
    </p>
   </div>
  </div>
