3926 6126
277 348 381 406 157

1337 350 1712 409 ADVERSUS
1749 352 2151 412 NESTOI‘tlUM
2188 355 2315 415 LIB.
2357 357 2446 412 ill.

3440 356 3541 411 138

282 468 384 521 οὸκ
442 466 757 538 ἐγήγερται,
803 466 1008 537 ματαία
1059 468 1093 538 ἡ
1130 468 1313 534 πίστις
1364 469 1552 542 ὑμῶν*
1608 471 1688 524 ἔτι
1739 473 1852 526 ἐστὲ

1965 474 2095 529 estis
2125 476 2178 529 in
2221 475 2457 546 peccatis
2494 475 2706 528 vestris.
2754 470 2897 542 Ergo
2951 471 3044 540 qui
3092 470 3430 524 dormierunt
3484 473 3538 526 in

281 561 342 614 ὲν
363 563 485 623 ταῖς
520 560 810 631 ἁμαρτίαις
830 559 1005 631 ὑμῶν.
1039 555 1187 633 Ἀρα
1220 563 1314 616 καὶ
1340 564 1389 616 οἱ
1412 564 1763 635 κοιμηθέντες
1796 566 1855 620 ἐν

280 653 505 725 Χριστῷ
560 652 865 718 ἀπώλοντος
910 672 929 704 ι
979 652 1119 707 Ἀλλ’
1166 656 1461 726 ἐγήγερται
1512 657 1746 727 Χριστὸς
1791 658 1855 710 ὲκ

281 745 517 815 νεκρῶν·
551 745 740 813 γέγονε
769 745 877 815 γάρ
916 745 1204 815 ἄνθρωπος
1227 750 1256 800 6
1291 748 1580 819 μονογενὴς
1602 749 1696 802 τοῦ
1719 748 1853 803 Θεοῦ

281 834 471 902 Λόγος,
509 835 601 887 καὶ
629 836 817 905 γήϊνον
846 834 1005 906 σῶμα
1033 835 1236 899 λαϐὼν,
1259 838 1465 901 ἑνώσας
1489 855 1548 890 τε
1572 838 1695 892 καθ’
1721 838 1854 892 ὑπό-

282 945 469 981 στασιν
511 928 705 998 ἑαυτῷ,
742 928 925 998 χάριτι
966 929 1121 994 Θεοῦ,
1169 931 1309 985 κατά
1339 931 1402 984 τὸ
1447 931 1853 1001 γεγραμμένον,

283 1020 418 1091 ὑπὲρ
444 1020 644 1083 παντὸς
670 1020 934 1088 ἐγεύσατο
959 1020 1192 1075 θανάτου
1212 1039 1226 1052 ·
1260 1022 1634 1093 κεχρημάτικε
1667 1022 1724 1075 δὲ
1759 1021 1857 1077 καὶ

280 1111 500 1181 ἀπαρχὴ
532 1114 641 1165 τῶν
671 1112 1109 1182 κεκοιμημένων,
1136 1112 1509 1183 ἐγηγερμένος
1531 1113 1597 1167 ἐκ
1618 1112 1851 1184 νεκρῶν.

261 1198 562 1271 ιἎσφαλὴς
598 1195 692 1255 οὖν
736 1200 845 1271 ἄρα
875 1201 969 1255 καὶ
1005 1201 1065 1254 οὑ
1115 1201 1318 1271 ματαία
1369 1201 1552 1255 λοιπὸν
1589 1203 1622 1273 ἡ
1670 1202 1854 1266 πίστις

275 1291 454 1361 ἡμῶν,
485 1293 553 1361 ἢν
578 1290 656 1356 ὡς
692 1292 941 1364 ἄγκυραν
967 1292 1162 1364 ἔχομεν
1195 1292 1294 1363 τῆς
1324 1292 1503 1363 ψυχῆς
1537 1293 1756 1364 ἀσφαλῆ
1795 1311 1855 1348 τε

273 1381 368 1434 καὶ
407 1380 655 1451 βεϐαίαν,
690 1381 833 1436 κατά
874 1383 935 1436 τὸ
964 1383 1369 1454 γεγραμμένον.
1399 1383 1609 1455 Ὠσπερ
1632 1384 1688 1437 δὲ
1733 1385 1855 1439 κατ’

271 1473 465 1527 οὐδένα
492 1476 694 1545 τρόπον
719 1474 999 1546 ἠδικηκὼς
1027 1476 1127 1546 τῆς
1158 1476 1295 1547 μετά
1322 1477 1525 1548 σαρκὸς
1543 1479 1854 1549 οἰκονομίας

268 1565 401 1629 τοὺς
426 1564 642 1633 λόγους,
670 1565 762 1620 διά
788 1583 852 1636 γε
899 1568 993 1621 τοῦ
1040 1569 1205 1637 φάναι
1250 1568 1427 1634 ταυτὶ,
1460 1571 1555 1623 καὶ
1598 1569 1707 1623 τῶν
1754 1570 1853 1641 τῆς

269 1655 536 1725 ἀληθείας
565 1656 848 1727 δογμάτων
895 1659 1110 1731 ἀκρατῆ
1139 1677 1200 1713 τε
1221 1661 1316 1714 καὶ
1338 1660 1723 1733 βδελυρότατον
1753 1679 1850 1714 κα-

271 1745 468 1813 ταχέαι
508 1745 599 1799 τὸν
626 1745 836 1816 ἔμετον,
874 1747 962 1817 ἐφ’
1006 1748 1202 1820 ἑτέραν
1241 1747 1460 1819 ἔρχεται
1503 1747 1848 1815 δυσϐουλίαν,

272 1834 478 1903 μᾶλλον
506 1835 562 1889 δὲ
592 1836 907 1913 βωσέϐειαν
943 1840 1173 1911 ἐναργῆ,
1206 1840 1300 1895 καί
1325 1857 1489 1911 φησιν
1507 1857 1522 1873 ·

344 1925 369 1997 [
397 1902 711 1991 Ὄντοςόὗν
749 1889 1103 2000 ἠ
1332 1889 1677 2003 ῐάῖρέιερέως,
1707 1947 1850 2002 συμ-
1878 1889 1923 1944 Β

267 2017 500 2083 πειθοῦς,
540 2022 634 2074 καὶ
680 2021 999 2090 συγγενοῦς,
1034 2023 1129 2076 καὶ
1163 2022 1403 2093 βεϐαίου,
1438 2026 1535 2093 τῆς
1573 2025 1651 2087 είς
1685 2023 1849 2077 αὐτὸν

272 2110 352 2181 μὴ
421 2111 841 2182 παρατρέπεσθε
903 2113 1170 2177 πίστεως*
1216 2114 1376 2178 αὐτὸς
1424 2114 1535 2186 γὰρ
1591 2116 1722 2185 ἡμῖν
1750 2114 1849 2185 τῆς

267 2202 696 2274 δπηγγελμέντις
721 2204 972 2272 εὐλογίας
999 2205 1066 2258 ὲκ
1099 2205 1411 2277 σπέρματος
1445 2206 1693 2277 ’Δϐραάμ
1744 2208 1850 2261 ἀπ-

265 2295 502 2365 εστάλη,
538 2295 615 2360 ὡς
657 2296 800 2367 ὑπὲρ
851 2297 1047 2351 ἑαυτοῦ
1076 2298 1173 2352 καὶ
1216 2298 1311 2352 τοῦ
1360 2299 1570 2367 γένους,
1606 2300 1707 2372 τὴν
1750 2298 1846 2354 τοῦ

267 2382 522 2455 σώματος
555 2384 747 2442 θυσίαν
779 2387 1241 2459 συνεπαγόμενος.
1271 2386 1294 2459 ]

864 2496 1093 2549 ΚΕΦΛΛ
1103 2537 1115 2551 .
1158 2498 1234 2551 Ε’.

349 2580 639 2653 Ἀρχιερέα
670 2583 849 2637 τοίνυν
892 2587 1025 2657 ἡμῖν
1068 2588 1333 2658 συμπαθῆ
1378 2604 1439 2642 τε
1472 2590 1568 2643 καὶ
1608 2590 1846 2661 συγγενῆ

264 2672 365 2725 καὶ
406 2672 639 2742 βέϐαιον,
678 2675 776 2727 καὶ
816 2676 1042 2747 προσέτι
1087 2677 1246 2745 μόνον
1293 2680 1501 2732 ἐκεῖνον
1533 2678 1672 2736 εἶναι
1718 2681 1845 2751 φὴς,

260 2765 326 2818 ὃν
362 2764 568 2836 ἀρτίως
599 2766 730 2836 ἡμῖν
754 2767 785 2819 6
814 2766 903 2830 σὸς
934 2766 1180 2839 ἐναργῶς
1207 2769 1463 2837 διεδίδαξε
1491 2771 1646 2840 λόγος
1666 2788 1681 2805 ⁸
1710 2771 1846 2843 ἔφης

260 2854 379 2925 γάρ
399 2870 414 2883 ο
451 2854 680 2924 Σπέρμα
715 2855 964 2926 Ἀϐραὰμ
985 2859 1013 2911 6
1036 2857 1166 2927 χθὲς
1190 2858 1283 2912 καὶ
1313 2859 1554 2930 σήμερον
1579 2860 1720 2915 κατά
1744 2863 1845 2932 τὴν

255 2945 354 2999 τοῦ
410 2946 625 2999 Παύλου
653 2948 872 3017 φωνήν·
903 2949 1001 3020 οὐχ
1043 2950 1073 3002 6
1118 2949 1322 3018 λέγων·
1357 2969 1378 3003 ι
1425 2952 1558 3023 Πρὶν
1597 2953 1846 3024 ’Δϐραάμ

255 3037 517 3106 γενέσθαι
545 3039 655 3108 ἐγώ
677 3041 794 3110 είμι
813 3056 827 3070 ⁸
841 3058 862 3093 ι
887 3042 1074 3111 ὅμοιος
1095 3044 1209 3105 τοῖς
1225 3042 1472 3111 ἀδελφοῖς
1489 3043 1630 3098 κατά
1644 3045 1840 3110 πάντα,

254 3133 284 3184 6
308 3131 493 3202 ψυχῆς
540 3133 888 3204 ἀνθρωπίνης
925 3135 1022 3188 καὶ
1055 3136 1260 3206 σαρκὸς
1292 3136 1579 3192 ἀναλαϐὼν
1621 3136 1844 3206 ἀδελφό-

1960 562 2197 631 Christo,
2246 563 2684 634 perierunt"?i
2733 560 2839 617 Sed
2890 560 3185 615 resurrexit
3219 559 3466 615 Christus
3507 577 3537 616 a

1962 655 2211 721 mortuis,
2237 657 2361 726 quia
2393 655 2595 710 iactum
2624 663 2707 709 est
2734 654 2898 709 homo
2928 651 3056 706 illud
3086 651 3419 719 unigenitum
3444 650 3537 707 Dei

1961 746 2222 812 Verbum,
2256 755 2331 810 et.
2372 754 2587 815 sumpto
2619 755 2835 800 terreno
2863 757 3091 813 corpore
3126 744 3387 811 unitoque
3435 742 3536 796 sibi

1958 840 2254 893 secundum
2308 839 2666 910 bypostasim,
2707 838 2882 908 gratia
2940 837 3057 899 Dei,
3092 835 3233 889 sicut
3276 834 3536 903 scriptum

1961 935 2066 991 est,
2098 943 2195 996 pro
2223 930 2472 983 omnibus
2505 929 2739 997 gustavit
2765 934 2993 980 mortem
3021 941 3035 977 :
3063 924 3235 978 factus
3259 933 3342 977 est
3372 922 3535 976 etiam

1960 1019 2214 1089 primitiae
2240 1018 2625 1075 dormientium
2647 1016 2717 1086 ",
2746 1034 2868 1073 cum
2906 1015 3297 1071 resurrexisset
3327 1031 3357 1069 a
3392 1029 3537 1068 mor-

1962 1109 2088 1166 tuis.
2124 1110 2308 1166 Firma
2343 1110 2529 1180 igitur,
2572 1126 2679 1165 non
2714 1124 2851 1163 vana
2876 1107 3095 1176 estiam
3145 1107 3278 1161 lides
3323 1115 3533 1170 nostra,

1957 1216 2121 1270 quam
2164 1202 2310 1257 velut
2348 1202 2641 1257 ancltoram
2697 1202 2957 1256 habemus
3010 1199 3203 1252 animm
3253 1206 3422 1251 tutam
3472 1212 3537 1251 ac

1954 1293 2190 1357 ﬁrmam,
2222 1302 2281 1347 ut
2343 1302 2426 1349 est
2454 1292 2509 1348 in
2557 1293 2729 1349 sacris
2761 1292 2981 1348 Litteris
3002 1290 3072 1340 θ’.
3105 1289 3223 1345 1am
3263 1304 3385 1344 vero
3412 1304 3533 1343 cum

1954 1385 2070 1440 haec
2094 1384 2313 1450 dixerit,
2342 1395 2397 1441 et
2434 1387 2487 1441 in
2518 1386 2766 1455 dogmata
2807 1384 3052 1440 veritatis
3085 1383 3533 1452 intemperantem

1953 1486 2008 1530 et
2031 1474 2423 1530 exsecrandum
2449 1476 2505 1531 in
2540 1476 2735 1547 primis
2766 1477 3025 1531 vomitum
3068 1474 3338 1539 effuderit,
3376 1473 3532 1542 quasi

1954 1564 2103 1620 nullo
2129 1567 2288 1621 modo
2317 1567 2552 1622 rationes
2585 1567 2729 1622 illius
2760 1582 2882 1622 cum
2916 1580 3079 1620 carne
3114 1563 3533 1634 dispensationis

1954 1656 2230 1723 violasset,
2253 1658 2321 1712 ad
2347 1658 2504 1712 aliam
2529 1658 2819 1724 insaniam,
2853 1658 2963 1714 imo
2989 1671 3121 1713 vero
3147 1665 3393 1727 apertam
3431 1655 3534 1710 im-

1953 1751 2211 1822 pietatem
2237 1751 2455 1818 transit,
2479 1759 2533 1807 et
2568 1752 2684 1806 ait:

2020 1927 2286 2001 [Νεετοκ.
2319 1927 2453 1985 Cum
2481 1927 2644 1999 igitur
2675 1924 2824 1983 solus
2863 1926 2949 1982 hic
2995 1923 3152 1981 nobis
3188 1934 3260 1980 stt
3290 1922 3530 1994 pontifex

1950 2022 2284 2088 misericors,
2315 2030 2367 2076 et
2391 2029 2670 2090 cognatus,
2698 2029 2754 2075 et
2778 2020 2991 2085 firmus,
3013 2027 3201 2073 cavete
3224 2033 3293 2073 ne
3319 2016 3385 2071 ab
3410 2016 3530 2087 ejus

1948 2113 2054 2167 ﬁde
2084 2111 2462 2167 dimoveamini
2492 2130 2505 2166 :
2541 2111 2657 2181 ipse
2690 2124 2923 2179 namque
2945 2110 3101 2164 nobis
3131 2110 3412 2177 promissa:
3440 2109 3532 2162 be-

1948 2204 2276 2259 nedictionis
2298 2219 2365 2258 ex
2389 2204 2595 2259 semine
2620 2200 2888 2257 Abraham
2918 2210 3001 2256 est
3026 2201 3242 2267 missus,
3272 2211 3526 2268 tanquam

1945 2312 2047 2368 pro
2078 2298 2258 2366 seipso
2287 2306 2341 2351 et
2369 2311 2468 2367 pro
2494 2310 2693 2367 genere
2716 2309 2815 2350 suo
2846 2292 3092 2364 corporis
3116 2291 3199 2348 sui
3250 2290 3529 2347 victimam

1945 2390 2109 2446 simul
2136 2388 2389 2444 atterens.
2416 2386 2437 2461 ]

2606 2500 2759 2556 CAP.
2798 2499 2865 2555 Υ.

2017 2595 2160 2666 Ergo
2196 2593 2516 2650 Pontiiieem
2556 2592 2990 2656 misericordem,
3026 2599 3083 2645 et
3120 2595 3438 2660 cognatum,
3468 2595 3526 2643 et

1943 2686 2180 2752 ﬁrmum,
2226 2695 2281 2741 et
2329 2696 2592 2756 praeterea
2636 2685 2832 2753 solum,
2879 2684 3030 2739 illum
3071 2696 3192 2739 esse
3239 2682 3319 2737 ais
3360 2694 3526 2751 quem

1944 2793 2115 2848 nuper
2137 2777 2290 2833 nobis
2307 2788 2495 2849 aperte
2517 2788 2604 2833 tua
2628 2776 2867 2833 ostendit
2890 2776 3104 2841 oratio;
3128 2773 3311 2830 dixisti
3337 2773 3482 2829 enim
3507 2788 3521 2825 :

1945 2869 2139 2926 Set-en
2169 2872 2444 2927 Abraham
2493 2869 2582 2924 ille
2611 2868 2728 2923 heri
2760 2876 2812 2922 et
2854 2866 3013 2921 hodie
3044 2865 3196 2935 juxta
3240 2863 3391 2918 Pauli
3432 2877 3526 2918 vo—

1943 2977 2060 3017 cem
2080 2964 2121 3030 ί,
2141 2978 2244 3018 non
2272 2964 2359 3018 ille
2378 2963 2467 3032 qui
2490 2961 2663 3016 dixit:
2690 2979 2709 3013 ι
2729 2960 3033 3029 Antequam
3053 2957 3324 3011 Abraham
3351 2954 3524 3019 ﬂeret,

1944 3071 2043 3126 ego
2085 3071 2203 3111 sum
2230 3059 2286 3122 ²;
2320 3075 2339 3110 ι
2377 3056 2574 3111 similis
2609 3054 2871 3108 fratribus
2916 3066 3013 3121 per
3057 3048 3278 3105 omnia'
3319 3048 3408 3102 ille
3432 3047 3523 3114 qui

1944 3151 2139 3205 anime
2176 3150 2425 3204 humana:
2454 3148 2746 3216 carnisque
2782 3143 3180 3200 fraternitatem
3206 3138 3523 3208 assumpsit;

253 3241 429 3295 τητα·
455 3224 554 3295 οὐχ
578 3227 606 3280 6
644 3225 817 3294 λέγων
838 3241 852 3257 ο
890 3244 909 3277 ι
957 3227 1014 3281 '0
1044 3227 1305 3299 ἑωρακὼς
1342 3229 1466 3299 ἐμὲ,
1508 3230 1721 3300 ἑώρακε
1748 3230 1840 3285 τὸν

1957 3258 2049 3299 non
2081 3242 2172 3312 qui
2214 3242 2385 3297 dicit:
2429 3259 2448 3292 ι
2477 3239 2580 3307 Qui
2608 3239 2743 3294 vidit
2771 3251 2880 3303 me,
2910 3236 3048 3290 ‘viilit
3075 3233 3369 3290 et-Patrem
3396 3231 3457 3285 δι
3497 3249 3518 3283 ι

253 3318 514 3390 Πατέρα’
558 3337 578 3372 ›
610 3319 888 3391 ἀπεστάλη
936 3323 965 3374 6
993 3322 1126 3393 ἡμῖν
1169 3322 1474 3392 όμοούσιος,
1511 3324 1606 3378 καὶ
1653 3322 1838 3393 κέχρι-

1957 3334 2138 3389 nissus
2166 3342 2249 3389 est
2278 3333 2367 3387 ille
2396 3332 2554 3388 nobis
2586 3327 3087 3392 consubstantialis,
3118 3334 3174 3380 et
3209 3332 3404 3379 unctus
3437 3329 3523 3377 est

256 3425 382 3462 σται
434 3409 726 3479 κηρύσσων
779 3411 1147 3482 αίχμαλὼτοις
1194 3413 1419 3481 ἄφεσιν,
1467 3414 1562 3468 καὶ
1614 3414 1838 3484 τυφλοῖς

1957 3426 2235 3480 )raedicans
2264 3424 2494 3493 captivis
2542 3424 2845 3478 libertatem
2870 3462 2884 3486 ,
2926 3429 2984 3475 et
3024 3419 3184 3474 caecis
3230 3417 3403 3471 visum
3424 3415 3469 3470 '.
3493 3432 3515 3467 ι

252 3500 577 3569 ἀνάϐλεψιν.
621 3495 790 3566 Οὗτος
836 3497 930 3556 οὖν
961 3503 1070 3575 ἄρα
1102 3503 1197 3558 καὶ
1248 3505 1517 3581 συγγενὴς
1545 3505 1612 3559 ἂν
1665 3508 1839 3560 νοοῖτο

1957 3515 2038 3571 ilic
2062 3528 2190 3585 ergo
2209 3515 2375 3570 etiam
2402 3523 2669 3584 cognatus
2697 3512 3016 3581 intelligitur
3045 3509 3130 3565 bis
3161 3509 3251 3578 qui
3285 3509 3339 3562 in
3361 3506 3520 3562 terris

250 3593 370 3652 τοῖς
401 3592 495 3645 ἐπὶ
521 3593 624 3663 τῆς
642 3593 765 3664 γῆς,
809 3595 904 3648 καὶ
930 3596 1028 3666 οὐχ
1054 3597 1129 3660 ὡς
1166 3596 1230 3650 σὺ
1264 3597 1389 3668 φὴς,
1415 3598 1443 3650 6
1467 3598 1641 3665 λέγων
1662 3616 1676 3631 ο
1705 3616 1725 3651 ι
1779 3600 1838 3653 '0

1957 3618 2088 3673 iunt,
2120 3622 2228 3663 non
2262 3616 2322 3661 ut
2361 3614 2414 3661 tu
2470 3607 2689 3673 asseris,
2728 3606 2817 3661 ille
2848 3605 2940 3675 qui
2981 3603 3111 3659 dicit
3149 3620 3163 3656 :
3203 3620 3223 3654 ι
3250 3601 3351 3668 (lui
3387 3601 3520 3654 vidit

252 3684 526 3753 ἑωρακὼς
567 3685 690 3752 ἐμὲ,
721 3683 932 3757 ἑώρακε
967 3687 1058 3741 τὸν
1089 3688 1327 3760 Πατέρα.
1350 3709 1368 3741 ›
1397 3692 1461 3744 Ei
1489 3690 1590 3761 μὲν
1618 3691 1727 3763 γὰρ
1758 3692 1840 3754 είς

1957 3713 2047 3764 ne,
2081 3698 2219 3753 vidit
2260 3704 2316 3752 et
2360 3695 2599 3753 Patrem.
2634 3714 2658 3750 ι
2695 3696 2829 3751 Nam
2872 3696 2919 3751 si
2960 3693 3327 3763 utrumquein
3353 3706 3516 3746 unum

251 3772 316 3826 ἓν
343 3774 517 3844 ἄμφω
541 3775 813 3845 συλλέγων
840 3777 962 3832 καθ’
983 3778 1175 3832 ἕνωσιν
1194 3779 1394 3851 ἀληθῆ,
1413 3781 1511 3835 ενα
1535 3780 1653 3852 μεθ’
1682 3781 1838 3853 ἡμῶν

1957 3806 2034 3846 ιον
2058 3806 2239 3846 veram
2265 3791 2517 3845 unionem
2541 3788 2864 3857 colligendo,
2892 3803 3057 3841 unam
3084 3786 3364 3841 nobiscum
3387 3797 3519 3838 con-

249 3867 542 3936 ὁμολογεῖς
596 3868 746 3934 Υίὺν,
775 3870 1082 3941 πεποίηκας
1115 3871 1293 3943 μάτην
1342 3873 1453 3943 ίδίᾳ
1498 3889 1560 3925 τε
1594 3872 1688 3925 καὶ
1735 3871 1839 3926 ἀνὰ

1957 3881 2109 3936 iteris
2138 3882 2305 3935 Deum
2349 3880 2571 3948 Filium,
2616 3880 2791 3935 feciin
2835 3888 3038 3933 temere
3078 3887 3137 3931 ut
3174 3877 3423 3946 privatim
3452 3890 3518 3929 ac

256 3958 436 4028 μέρος
466 3959 720 4028 ἑκάτερον
760 3960 1071 4032 ἀποφέρων,
1100 3963 1432 4017 ὑποστάσεσι
1458 3980 1518 4016 τε
1546 3962 1644 4016 καὶ
1670 3979 1839 4034 προσ-

1957 3975 2166 4029 ιεοτείιη
2209 3973 2531 4027 alterutrum
2575 3971 2918 4039 adjungeres,
2958 3976 3012 4023 et
3051 3967 3436 4039 bypostasibus
3462 3975 3517 4020 et

250 4047 439 4110 ώποις
484 4047 691 4112 διιστὰς
718 4050 1091 4121 ἀλλο-πράττως’
1126 4053 1248 4123 οὐχὶ
1274 4053 1336 4105 τὸ
1368 4051 1477 4124 [Ion
1511 4053 1613 4126 τῷ]
1637 4055 1837 4109 εἰδέναι

1957 4062 2184 4118 iersonis
2214 4062 2433 4115 diverso
2463 4060 2622 4115 modo
2655 4057 3041 4125 distingueres,
3085 4070 3188 4109 non
3231 4063 3290 4107 ut
3318 4052 3517 4107 intelli-

252 4139 432 4208 μόνον
454 4139 535 4190 ὄτι
564 4139 764 4209 σαρκὸς
819 4141 915 4209 μὲν
956 4141 1117 4210 φύσις
1147 4144 1309 4213 ἑτέρα
1343 4145 1494 4215 παρά
1536 4146 1634 4215 τὴν
1662 4145 1833 4213 θείαν,

1957 4166 2094 4222 geres
2135 4150 2511 4204 tantummodo
2549 4146 2710 4200 aliam
2751 4145 2967 4213 quidem
3024 4158 3147 4198 esse
3193 4143 3376 4197 carnis
3418 4157 3515 4194 na-

250 4230 468 4300 συνόδῳ
496 4246 560 4297 γε
598 4230 708 4299 μὴν
741 4232 806 4301 τῇ
841 4231 961 4285 καθ’
1004 4232 1197 4286 ἕνωσιν
1227 4234 1420 4307 ἀληθῆ,
1462 4237 1568 4292 ίδία
1612 4238 1835 4307 γέγονεν

1964 4256 2114 4295 uram
2144 4254 2174 4293 a
2199 4239 2403 4299 divina,
2438 4237 2532 4292 sed
2559 4249 2656 4304 per
2678 4248 2861 4289 veram
2891 4233 3143 4287 unionem
3169 4247 3288 4287 esse
3319 4230 3515 4285 iactam

245 4318 447 4387 αὐτῆς.
483 4320 544 4372 Εί
581 4319 638 4372 δὲ
674 4319 992 4390 ἀσύμϐατος
1019 4319 1129 4393 [Ion
1159 4322 1494 4398 ἀσύμϐατον]
1532 4327 1663 4398 ἡμῖν
1694 4328 1836 4382 κατά

1959 4332 2081 4387 llius
2120 4329 2418 4400 propriam.
2452 4327 2549 4383 Sin
2581 4325 2753 4381 videri
2798 4326 3021 4380 studens
3048 4323 3197 4378 nullo
3228 4322 3387 4378 modo
3414 4336 3514 4377 no-

243 4408 352 4479 τὴν
384 4408 544 4473 δόξαν
575 4410 806 4478 ὁρᾶσθαι
854 4411 1047 4478 θέλων,
1080 4413 1172 4469 καὶ
1208 4416 1640 4488 παραιτούμενος
1693 4435 1834 4473 παν-

1957 4422 2144 4477 )ἰεευηι
2169 4422 2223 4476 in
2257 4419 2524 4477 sententia
2550 4417 2847 4474 convenire
2875 4416 2975 4488 (l),
3012 4424 3067 4471 et
3101 4416 3302 4485 ubique
3334 4414 3515 4469 unita-

241 4500 401 4613 τρχῆ
438 4501 537 4613 τὴν
564 4503 786 4600 ἕνωσιν,⁸
806 4505 995 4577 ἕτερον
1025 4501 1167 4561 εἶναι
1195 4508 1301 4579 φὴς
1348 4509 1442 4562 καὶ
1469 4508 1656 4582 ἕτερον
1679 4527 1695 4543 ο
1735 4512 1832 4565 καὶ

1960 4527 2044 4567 em
2078 4512 2370 4583 refugiens,
2398 4510 2625 4567 alterum
2654 4520 2818 4579 atque
2868 4508 3094 4562 alterum
3135 4522 3256 4561 esse
3291 4506 3515 4570 asseris,

240 4592 344 4646 τὸν
399 4592 521 4661 μὲν,
548 4595 610 4647 ὲκ
633 4590 786 4647 θεοῦ⁸
806 4598 1170 4668 γεγεννῆσθαι
1204 4600 1447 4670 Πατρός·
1477 4601 1570 4656 τὸν
1596 4602 1677 4667 δὲ,
1708 4619 1833 4672 αυγ-

1957 4615 1991 4660 ιι
2016 4620 2179 4660 unum
2210 4618 2276 4660 ex
2318 4605 2428 4659 Deo
2467 4602 2581 4673 9o
2627 4601 2787 4655 Patre
2823 4599 3085 4669 genitum,
3130 4598 3359 4653 alterum
3417 4613 3515 4653 co-

238 4681 388 4751 γενῆ
416 4697 476 4733 τε
501 4682 762 4752 ὑπάρχειν
779 4687 912 4756 ἡμῖν
932 4689 1030 4741 καὶ
1047 4688 1333 4758 όμοούσιον
1350 4706 1366 4720 ⁸
1402 4688 1521 4753 πῶς
1541 4690 1605 4762 δὴ
1632 4690 1830 4761 χρῆναι

1957 4704 2159 4764 gnatum
2185 4709 2306 4751 esse
2332 4694 2492 4749 nobis
2515 4701 2572 4747 et
2599 4689 3148 4754 consubstantialem,
3172 4702 3381 4758 expone
3407 4687 3512 4742 mi-

239 4774 355 4844 φὴς
386 4773 492 4842 τῆς
516 4774 596 4835 εἰς
626 4775 785 4828 αὐτὸν
818 4777 893 4847 μὴ
931 4781 1388 4851 παρατρέπεσθαι
1416 4783 1673 4849 πίστεως,
1706 4782 1829 4837 εἰπέ

1957 4788 2012 4852 ii,
2042 4801 2248 4857 quaeso,
2292 4801 2527 4856 quonam
2554 4783 2712 4840 modo
2732 4782 2882 4838 dicas
2901 4797 3005 4836 non
3034 4780 3237 4837 esseab
3269 4780 3388 4851 ejus
3407 4780 3518 4835 ﬁde

240 4884 360 4937 μοι,
402 4864 501 4919 καὶ
527 4868 760 4937 συγγενῆ
790 4869 1173 4941 πιστεύσομεν,
1210 4873 1441 4941 ἀφέντες
1462 4874 1552 4926 τὸν
1577 4873 1824 4942 λέγοντα·

1957 4879 2329 4945 lceiinandum,
2376 4889 2431 4934 et
2471 4885 2757 4948 cognatum
2801 4875 3111 4941 credemus,
3153 4874 3245 4930 illo
3286 4875 3511 4928 dimisso

242 4976 261 5009 ι
297 4958 446 5027 Πρὶν
486 4955 738 5026 Ἀϐραὰμ
772 4958 1041 5025 γενέσθαι,
1093 4962 1203 5030 ἐγώ
1241 4965 1377 5032 εἰμι.
1415 4982 1434 5014 ι
1480 4964 1829 5035 Ἐπιγραψώ-

1957 4971 2023 5038 lui
2070 4972 2146 5025 ait
2184 4989 2198 5026 :
2231 4988 2251 5023 ι
2284 4972 2586 5041 Antequam
2622 4969 2898 5025 Abraham
2930 4968 3106 5033 ﬁeret,
3158 4982 3258 5035 ego
3310 4980 3451 5019 sum.
3485 4983 3505 5011 ι

240 5048 386 5119 μεθα
414 5046 554 5101 Θεὸν
582 5047 675 5101 τὸν
703 5047 880 5118 ψυχῆς
924 5051 1272 5123 ἀνθρωπίνης
1304 5053 1400 5109 καὶ
1445 5055 1649 5124 σαρκὸς
1696 5055 1827 5108 ἀνα-

1957 5059 2085 5114 llum
2120 5060 2453 5116 ascribemus
2486 5059 2643 5114 nobis
2691 5059 2860 5115 Deum
2902 5059 2996 5128 qui
3036 5057 3231 5111 animae
3262 5053 3510 5106 humana:

235 5138 478 5191 λαϐόντα
528 5136 666 5206 πρὸς
716 5138 860 5207 ἡμᾶς
904 5139 1264 5210 ἀδελφότητα,
1313 5143 1578 5210 παρέντες
1613 5142 1701 5197 τὸν
1747 5143 1829 5197 λέ-

1957 5150 2222 5220 :arnisque
2264 5152 2547 5206 nobiscum
2605 5150 3008 5206 fraternitatem
3063 5144 3324 5208 suscepit,
3372 5140 3510 5204 abjiv

235 5244 427 5297 γοντασ
473 5247 493 5279 ι
551 5228 610 5281 '0
656 5229 920 5298 ἑωρακὼς
966 5232 1088 5300 ἐμὲ,
1130 5231 1343 5303 ἑώρακε
1382 5233 1474 5286 τὸν
1520 5234 1759 5305 Πατέρα.
1802 5253 1821 5287 ι

1957 5240 2134 5296 ientes
2164 5255 2285 5307 eum
2319 5241 2411 5310 qui
2448 5241 2582 5295 dixit
2612 5258 2627 5295 :
2669 5259 2690 5292 ι
2718 5240 2818 5307 Qui
2853 5238 2985 5292 vidit
3016 5249 3123 5298 me,
3159 5232 3290 5284 vidit
3319 5239 3372 5284 et
3406 5227 3509 5281 Pa-

237 5320 435 5373 Καίτοι
477 5321 645 5389 φησιν
677 5319 875 5381 αὑτός*
913 5338 931 5372 ι
970 5321 1129 5377 Οὕτω
1155 5324 1264 5394 γὰρ
1312 5324 1600 5396 ἠγάπησεν
1637 5330 1666 5380 6
1694 5328 1827 5392 Θεὸς

1958 5347 2104 5398 rem;
2143 5350 2163 5383 ι
2201 5332 2453 5400 quamvis
2499 5333 2614 5401 ipse
2660 5330 2857 5386 dixerit
2900 5344 2965 5380 ει
3001 5326 3092 5379 Sic
3139 5324 3280 5377 Deus
3323 5320 3508 5376 dilexit

234 5411 325 5465 τὸν
355 5414 589 5483 κόσμον,
619 5411 760 5466 ὥστε
794 5412 889 5466 τὸν
925 5413 1051 5470 Υἱὺν
1080 5416 1247 5470 αὑτοῦ
1276 5418 1369 5471 τὸν
1398 5423 1660 5493 μονογενῆ
1704 5421 1827 5474 ἔδω-

1957 5422 2217 5489 nundum,
2244 5431 2302 5476 ut
2327 5422 2522 5477 Filium
2552 5436 2705 5475 suum
2743 5418 3078 5487 unigenitum
3112 5416 3283 5480 daret,
3310 5422 3366 5467 ut
3391 5429 3508 5468 om—

304 5552 352 5584 "'
372 5552 504 5628 C_or_.
528 5569 620 5619 xv,
657 5553 740 5620 l6,
775 5552 859 5628 ιβ.
918 5552 964 5628 ³-⁸
992 5553 1025 5628 _I
1063 5553 1188 5609 Cor.
1225 5571 1305 5621 ιι,
1332 5534 1469 5628 Ξθζ-
1499 5559 1547 5591 θ’
1588 5558 1749 5613 llehr.
1789 5574 1860 5625 vr,
1898 5561 1986 5616 i9.
2066 5561 2083 5591 ⁸
2127 5560 2292 5617 Hebr.
2325 5575 2443 5628 xui,
2481 5558 2534 5614 8.
2612 5559 2632 5589 '
2671 5555 2827 5613 Joan.
2858 5569 2978 5623 vni,
3013 5555 3102 5614 58.
3179 5555 3199 5587 ¹
3240 5551 3406 5608 Hebr.
3440 5563 3503 5615 ιι,

238 5622 324 5677 l7.
402 5623 427 5654 ⁵
465 5623 625 5680 Joau.
660 5639 772 5691 uv,
801 5622 856 5679 9’.
929 5623 951 5654 ⁵
991 5622 1094 5679 lsa.
1121 5639 1232 5691 ιιι,
1272 5627 1324 5691 1,
1355 5627 1419 5692 ‘2;
1448 5626 1578 5684 Luc.
1613 5645 1688 5695 rv,
1727 5630 1813 5689 l8,
1844 5622 1930 5686 l9.

306 5762 385 5834 (ι)
422 5758 543 5818 Vel.
583 5758 682 5818 Sin
719 5759 903 5817 volens
937 5762 1081 5821 nullo
1110 5764 1268 5822 modo
1300 5766 1438 5824 inter
1464 5782 1520 5825 sc
1550 5767 1602 5824 in
1637 5767 1805 5840 gloria
1845 5771 2155 5828 convenire.
