3926 6126
392 354 499 411 139

1386 355 1447 410 S.
1490 350 1761 408 CYRlLLI
1799 345 2266 405 ALEXANDRINI
2304 343 2624 403 ARCHIEP.

3561 340 3658 396 160

295 526 305 534 _
396 470 481 524 nis
507 468 597 537 qui
626 469 802 525 credit
835 471 889 526 in
926 472 1126 542 ipsum,
1165 485 1270 526 non
1299 479 1506 542 pereat,
1537 471 1629 525 sed
1669 471 1861 525 habeat
1901 469 1960 524 vi«

2078 484 2197 532 κεν,
2230 467 2316 521 ἵνα
2356 469 2465 531 πᾶς
2498 468 2528 520 6
2572 462 2848 519 πιστεύων
2883 450 2965 526 εἰς
3011 461 3194 528 αὐτὸν,
3241 462 3316 533 μὴ
3367 462 3658 534 ἀπόληται,

399 569 506 613 tam
534 566 792 614 teternam
821 561 874 629 ⁶;
907 580 926 612 ι
952 571 1005 617 et
1029 577 1243 617 rursum
1272 582 1285 618 :
1325 580 1343 614 ι
1364 561 1463 629 Qui
1494 560 1668 615 credit
1698 561 1749 614 in
1776 560 1971 630 ipsum,

397 664 502 704 non
531 649 836 717 judicatur;
866 651 957 720 qui
992 660 1172 706 autem
1204 667 1308 705 non
1339 651 1530 715 credit,
1558 649 1669 717 jam
1702 649 1974 719 judicatus

395 753 509 806 cst,
559 741 683 811 quia
732 756 836 795 non
886 743 1116 797 credidit
1163 742 1216 796 in
1270 742 1488 797 nomine
1535 742 1795 812 nnigeniti
1848 741 1974 797 Filii

397 829 490 886 Dei
523 832 564 885 ⁷.
597 850 616 883 ι
655 830 790 885 Νυηι
838 846 968 902 ergo
1003 832 1234 888 seorsim
1263 848 1328 888 ac
1359 833 1508 888 solus
1540 832 1631 888 ille
1659 849 1725 889 ex
1767 833 1973 889 semine

395 921 668 975 Abraham
709 935 828 977 esse
880 922 1204 992 intelligitur
1236 925 1569 994 unigenitus,
1621 940 1740 980 cum
1788 934 1973 995 aperte

397 1013 673 1080 scripserit
701 1012 939 1070 Joannes
985 1033 1000 1070 :
1057 1034 1077 1068 ι
1111 1014 1431 1086 Unigenitus
1468 1016 1636 1072 Filius
1676 1018 1766 1087 qui
1803 1028 1887 1073 est
1918 1018 1971 1073 in

395 1102 513 1155 sinu
547 1102 747 1167 Patris,
774 1105 864 1161 ille
890 1107 1168 1161 enarravit
1192 1105 1248 1173 ⁸;
1282 1125 1301 1159 ι
1327 1122 1391 1161 ac
1413 1116 1672 1177 praeterea
1699 1107 1801 1161 alia
1833 1124 1970 1177 quo-

393 1208 499 1263 que
526 1207 680 1249 sacra
719 1194 999 1266 Scriptura
1035 1215 1048 1252 :
1084 1214 1102 1249 ι
1134 1198 1268 1252 Cum
1299 1205 1478 1253 autem
1520 1198 1819 1254 introducit
1850 1200 1972 1255 Pri-

394 1284 728 1352 mOgenitum
763 1287 815 1341 in
859 1287 1045 1342 orbem
1072 1296 1231 1343 teme
1275 1289 1405 1344 dicit
1444 1308 1458 1344 :
1496 1289 1561 1343 Et
1591 1292 1814 1345 adorent
1846 1307 1969 1347 eum

392 1385 583 1427 omnes
614 1373 788 1444 angeli
829 1375 1004 1442 Dei’;
1038 1395 1057 1429 ι
1092 1374 1481 1446 primogenitus
1524 1389 1704 1434 autem
1751 1396 1971 1451 prorsus

391 1475 475 1518 est
517 1465 604 1522 ille
644 1467 695 1521 in
744 1468 924 1523 multis
971 1469 1253 1537 fratribus,
1291 1488 1397 1527 non
1436 1473 1525 1528 ille
1563 1475 1712 1529 solus
1748 1491 1815 1530 ex
1855 1477 1971 1533 solo

393 1554 503 1611 Deo
528 1572 592 1613 ac
617 1558 777 1614 Patre
803 1561 1039 1631 genitus.
1072 1560 1364 1632 Sequimur
1394 1566 1539 1619 enim
1574 1566 1789 1621 interim
1826 1577 1968 1636 tuas,

390 1647 476 1700 vir
517 1650 753 1719 egregie,
802 1651 1199 1721 distinctiones,
1242 1668 1306 1708 ac
1348 1667 1659 1724 spectamus
1701 1661 1968 1728 consulto,

390 1751 498 1806 quo
530 1740 740 1796 tandem
766 1744 926 1799 verba
959 1746 1268 1803 deveniant.
1310 1747 1454 1819 Ergo
1498 1750 1638 1820 (jam
1673 1754 1815 1807 enim
1846 1768 1970 1809 ora-

2076 559 2192 612 ἀλλ’
2217 558 2317 631 ἔχῃ
2351 557 2495 630 ζωὴν
2524 556 2772 613 αἰώνιον’
2815 574 2834 608 ι
2881 554 2977 608 καὶ
3015 554 3199 620 πάλιν,
3230 572 3250 606 ι
3299 555 3363 608 '0
3389 553 3660 609 πιστεύων

2075 651 2156 712 εἰς
2182 650 2367 713 αὐτὸν,
2399 650 2462 702 οὐ
2513 649 2757 720 κρίνεται
2780 661 2796 677 ο
2823 648 2851 700 6
2878 646 2936 699 δὲ
2985 645 3060 717 μὴ
3106 644 3403 708 πιστεύων,
3439 645 3543 717 ἤδη
3572 645 3660 699 κέ-

2075 757 2257 811 κριται
2276 758 2289 771 ’
2320 743 2402 795 ὅτι
2449 739 2524 810 μὴ
2554 739 2920 793 πεπίστευκεν
2948 739 3030 800 εἰς
3055 736 3116 789 τὸ
3151 736 3323 807 ὄνομα
3364 735 3463 790 τοῦ
3502 753 3659 807 μονο-

2074 830 2262 898 γενοῦς
2279 829 2412 883 Υἰοῦ
2433 829 2530 883 τοῦ
2556 826 2747 883 Θεοῦ.)
2770 823 2839 882 'A
2850 828 2901 898 ρ’
2925 823 3017 881 οῦν
3045 827 3309 898 ὑπάρχειν
3331 830 3533 883 νοεῖται
3567 844 3659 896 μο-

2074 919 2299 990 νογενὴς
2328 919 2435 990 ἰδίᾳ
2465 937 2525 973 τε
2568 919 2661 972 καὶ
2692 919 2851 988 μόνος
2882 919 2910 970 6
2931 918 2996 971 ὲκ
3030 918 3348 988 σπέρματος
3383 916 3660 987 Ἀϐραὰμ,

2074 1010 2248 1064 καίτοι
2299 1010 2635 1080 γεγραφότος
2668 1009 2917 1062 Ἰωάννου
2955 1007 3143 1077 σαφῶς
3167 1025 3181 1041 ·
3210 1027 3229 1060 ι
3281 1008 3339 1062 '0
3366 1006 3662 1078 μονογενὴς

2073 1102 2222 1167 Υἱὸς,
2254 1102 2282 1154 ὁ
2310 1101 2386 1154 ὣν
2424 1103 2503 1165 εἰς
2534 1099 2627 1155 τὸν
2668 1099 2867 1154 κόλπον
2907 1097 3002 1153 τοῦ
3035 1097 3268 1168 Πατρός,
3318 1099 3527 1161 ἐκεῖνος
3575 1096 3661 1161 ἐξ·

2072 1193 2348 1264 ηγὴσατου
2385 1211 2406 1244 ι
2457 1192 2552 1246 καὶ
2588 1190 2694 1262 μὴν
2726 1191 2820 1244 καὶ
2853 1190 3045 1261 ἐτέρου
3085 1190 3421 1262 Γράμματος
3467 1188 3616 1261 ἱεροῦ
3640 1205 3655 1219 ’

2078 1301 2098 1335 ι
2136 1284 2304 1338 Ὅταν
2341 1283 2398 1336 δὲ
2429 1284 2698 1353 εἰσαγάγῃ
2738 1282 2830 1335 τὸν
2855 1282 3211 1354 Πρωτότοκον
3237 1284 3319 1346 εἰς
3351 1280 3449 1353 τὴν
3479 1283 3661 1335 οἰκου-

2078 1373 2272 1445 μένην,
2325 1373 2502 1443 λέγει·
2540 1374 2651 1428 Καὶ
2676 1372 3218 1443 προσκυνησάτωσαν
3261 1372 3412 1443 αὐτῷ
3456 1371 3661 1435 πάντες

2072 1464 2292 1534 ἄγγελοι.
2319 1464 2475 1519 Θεοῦ.
2505 1483 2524 1516 ι
2551 1464 2901 1535 Πρωτότοκος
2923 1462 2981 1516 δὲ
3008 1463 3185 1533 πάντη
3209 1478 3269 1516 τε
3294 1461 3390 1516 καὶ
3443 1462 3658 1526 πάντως

2073 1558 2158 1629 εἴη
2188 1558 2256 1613 ἂν
2288 1561 2316 1613 6
2339 1559 2398 1613 ιν
2434 1558 2646 1622 πολλοῖς
2689 1557 2958 1625 ἀδελφοῖς,
2986 1558 3084 1628 οὐχ
3128 1559 3156 1610 6
3193 1555 3350 1627 μόνος
3380 1557 3444 1610 ἐκ
3497 1556 3658 1626 μόνου

2073 1651 2469 1722 γεγεννημένος
2500 1650 2594 1704 τοῦ
2623 1647 2759 1702 Θεοῦ
2807 1648 2900 1701 καὶ
2948 1646 3181 1719 Πατρός.
3225 1647 3504 1718 Ἐψόμεθα
3550 1647 3659 1719 γὰρ

2072 1743 2212 1806 τέως
2242 1745 2363 1805 ταῖς
2397 1744 2536 1807 σαῖς,
2567 1734 2613 1795 ὧ
2643 1733 2819 1804 οὗτος,
2851 1739 3189 1805 διαστολαῖς,
3221 1739 3660 1812 καραδοκοῦντες

392 1827 591 1884 tionem
633 1831 699 1885 ad
745 1832 895 1888 initia
933 1837 1237 1907 revocabo)
1278 1839 1366 1908 qui
1412 1840 1660 1896 humana:
1686 1844 1877 1901 animas
1916 1856 1960 1901 et

2073 1833 2433 1906 οἰκονομικῶς
2469 1834 2592 1887 ὅποι
2642 1834 2772 1886 ποτὲ
2805 1835 2936 1903 ἡμῖν
2975 1832 3345 1884 διεκπαίουσιν
3389 1833 3439 1884 οί
3483 1830 3655 1900 λόγοι.

387 1921 571 1977 carnis
595 1922 996 1981 fraternitatem
1029 1914 1311 1984 nobiscum
1338 1934 1595 2001 suscepit,
1616 1943 1673 2003 _et
1703 1942 1862 1991 natus
1884 1949 1960 2011 est

2071 1925 2279 1981 Οὐκοῦν
2312 1925 2655 1997 (ἀνακομίσω
2687 1924 2795 1996 γὰρ
2823 1924 2917 1978 τὸν
2945 1924 3099 1991 λόγον
3129 1923 3209 1985 εἰς
3230 1922 3289 1975 τὸ
3319 1922 3418 1975 ἀπ’
3446 1922 3657 1992 ἀρχῆς)

387 2025 454 2065 ex
495 2013 701 2069 semine
737 2017 1033 2086 Abraham,
1086 2021 1132 2074 is
1178 2023 1569 2089 primogenitns
1609 2026 1716 2080 erit
1760 2029 1963 2097 utique,

388 2111 448 2156 ut
477 2103 530 2157 in
562 2105 745 2161 multis
768 2107 1028 2167 fratribus
1064 2129 1078 2167 :
1107 2112 1196 2167 ille
1226 2128 1353 2168 vero
1384 2115 1434 2168 in
1481 2116 1601 2170 sinu
1646 2118 1735 2171 Dei
1768 2128 1823 2173 et
1860 2119 1966 2173 Pa-

386 2194 511 2258 tris,
547 2198 855 2267 unigenitus
905 2201 1049 2258 Deus
1099 2202 1358 2259 Verbum.
1418 2206 1579 2277 Atqui
1635 2226 1756 2265 curn
1810 2225 1964 2267 sacra

389 2284 666 2355 Scriptura
698 2289 842 2345 dicat
885 2293 935 2347 in
963 2292 1159 2348 Filium
1202 2295 1290 2349 Dei
1324 2296 1657 2364 unigenitum
1694 2316 1814 2355 esse
1842 2317 1963 2358 cre-

384 2372 644 2441 dendum,
681 2391 784 2444 qua
820 2379 886 2434 de
919 2396 1080 2435 causa
1123 2383 1279 2439 nobis
1313 2395 1600 2454 cognatum
1634 2398 1795 2459 atque
1829 2408 1963 2448 con-

384 2461 798 2519 substantialem
838 2482 966 2522 cum
1000 2477 1373 2541 proposueris,
1406 2478 1540 2533 dicis
1572 2496 1676 2534 non
1711 2495 1964 2551 oportere

384 2551 454 2606 ab
476 2551 593 2620 ejus
624 2554 883 2610 dimoveri
917 2559 1066 2615 ﬁde?
1102 2562 1242 2633 Ergo
1267 2581 1489 2624 necesse
1512 2583 1596 2626 est
1637 2574 1964 2644 conjungere

384 2639 440 2693 in
467 2656 630 2696 unum
662 2644 947 2703 Dominum
973 2659 1026 2704 et
1056 2650 1353 2721 Christum,
1383 2639 1768 2728 conjunctione
1796 2639 1961 2721 nimi-

383 2745 503 2785 rum
531 2735 825 2790 secundum
855 2738 1189 2811 hypostasin,
1227 2754 1284 2801 ut
1313 2748 1366 2801 in
1398 2753 1585 2807 eodem
1630 2755 1961 2827 intelligatur

383 2822 711 2892 unigenitus,
752 2839 805 2882 et
833 2831 1225 2900 primogenitus
1283 2839 1464 2907 idem;
1508 2858 1573 2899 eo
1607 2848 1747 2915 quod
1784 2822 1958 2918 ipsum

379 2929 445 2968 ex
488 2916 595 2972 Deo
641 2919 800 2976 Patre
835 2923 1064 2979 Verbum
1099 2944 1218 2984 cum
1269 2943 1414 2988 esset
1453 2950 1519 2989 ex
1569 2949 1760 2993 natura
1795 2916 1954 3008 Dens,

382 3012 582 3069 factum
613 3028 695 3071 est
728 3019 891 3075 homo
922 3025 1093 3078 nostri
1121 3026 1336 3093 similis,
1369 3038 1425 3083 et
1457 3046 1519 3085 ex
1554 3034 1762 3089 semine
1784 3037 1953 3091 Abra-

379 3105 526 3160 ham.
579 3106 792 3162 Etenim
839 3123 1055 3167 acutum
1089 3118 1189 3171 sibi
1221 3121 1475 3188 quiddam
1508 3123 1778 3180 invenisse
1804 3132 1954 3184 vide-
1982 3155 2024 3212 ο

382 3206 484 3262 tur,
515 3199 697 3268 itaque
721 3202 800 3256 sic
832 3220 1017 3260 rursus
1045 3207 1122 3260 ait
1153 3225 1169 3263 :

449 3463 1073 3539 [strom'liieministis
1119 3485 1296 3533 autem
1344 3496 1564 3550 prorsus
1610 3499 1794 3539 eorum
1834 3503 1953 3556 qua:

376 3574 520 3628 μορε
546 3561 657 3614 dixi
681 3562 851 3629 vobis,
883 3580 1003 3620 cum
1034 3571 1166 3622 duas
1191 3569 1244 3623 in
1273 3570 1489 3626 Christo
1515 3584 1734 3631 naturas
1762 3580 1952 3634 distin-

374 3667 596 3721 guerent
627 3672 641 3708 :
673 3655 790 3709 dure
812 3668 942 3713 sunt
969 3659 1134 3723 enim,
1168 3662 1211 3715 si
1238 3664 1484 3717 naturam
1519 3676 1758 3734 spectes;
1793 3670 1836 3724 si
1872 3673 1953 3726 di-

374 3745 654 3809 gnitatem,
684 3745 909 3815 simplex
937 3765 952 3801 :
987 3760 1303 3806 naturarum
1338 3755 1481 3807 enim
1511 3758 1811 3814 auctoritas
1844 3777 1948 3817 una

372 3844 457 3891 est
502 3848 722 3907 propter
765 3841 1241 3911 conjunctionem,
1296 3845 1400 3916 91
1464 3849 1675 3904 naturis
1731 3853 1946 3921 quidem

371 3946 586 4000 semper
622 3933 672 3987 in
701 3948 799 3988 suo
826 3936 1015 3990 ordine
1056 3941 1518 4007 permanentibus,
1561 3942 1654 3997 sed
1688 3944 1950 4014 dignitate

369 4023 678 4094 conjuncta,
710 4034 767 4080 ut
793 4026 905 4093 jam
949 4027 1083 4093 dixi,
1114 4028 1167 4082 in
1205 4030 1581 4087 auctoritatem
1608 4034 1844 4094 unicam.
1872 4036 1892 4108 ]

1018 4164 1170 4222 CAP.
1208 4165 1298 4222 VI.

441 4293 546 4349 Sed
570 4293 727 4349 facile
746 4312 969 4366 prorsus
993 4299 1371 4365 intellexisses,
1405 4303 1448 4357 si
1476 4304 1688 4360 divinas
1714 4306 1948 4363 Litteras

2068 2022 2097 2074 6
2124 2018 2306 2089 ψυχῆς
2338 2017 2687 2089 ἀνθρωπίνης
2731 2017 2824 2070 καὶ
2863 2015 3065 2086 σαρκὸς
3098 2013 3234 2085 πρὸς
3262 2015 3411 2085 ἡμᾶς
3450 2014 3659 2068 ἀναλα-

2069 2109 2180 2162 ϐὼν
2200 2109 2558 2179 ἀδελφότητα,
2586 2106 2828 2177 γεγονὼς
2853 2106 2911 2159 δὲ
2936 2108 3000 2159 ἐκ
3027 2105 3340 2175 σπέρματος
3378 2103 3655 2174 Ἀϐραὰμ,

2067 2201 2410 2272 πρωτότοκος
2435 2200 2520 2269 εἴη
2547 2198 2613 2253 ἂν
2645 2198 2720 2259 ὡς
2741 2199 2798 2250 ὲν
2831 2197 3048 2260 πολλοῖς
3080 2196 3333 2264 ἀδελφοῖς
3356 2211 3371 2225 ο
3397 2195 3426 2248 ὅ
3448 2211 3512 2263 γε
3550 2195 3656 2267 μὴν

2066 2291 2124 2344 ἐν
2154 2291 2339 2361 κόλπῳ
2364 2289 2458 2343 τοῦ
2489 2288 2624 2343 Θεοῦ
2653 2289 2746 2343 καὶ
2778 2289 3014 2359 Πατρὸς,
3053 2288 3349 2358 μονογενὴς
3381 2286 3516 2340 Θεοῦ
3548 2288 3653 2340 Λό-

2065 2399 2179 2451 γος.
2201 2377 2336 2435 Εἶτα
2366 2382 2464 2451 τῆς
2495 2379 2854 2433 θεοπνεύστου
2888 2378 3138 2449 Γραφῆς,
3169 2380 3251 2442 εἰς
3286 2377 3378 2431 τὸν
3409 2378 3538 2431 Υίὸν
3558 2378 3651 2431 τοῦ

2064 2473 2198 2526 Θεοῦ
2225 2474 2315 2527 τὸν
2365 2470 2631 2543 μονογενῆ
2678 2471 2878 2542 χρῆναι
2915 2469 3183 2542 λεγούσης
3237 2469 3514 2523 ποιεῖσθαι
3552 2469 3653 2538 τὴν

2065 2567 2270 2632 πίστιν,
2304 2567 2394 2620 τὸν
2426 2565 2664 2635 συγγενῆ
2706 2582 2765 2617 τε
2793 2564 2889 2618 καὶ
2918 2566 3052 2634 ἡμῖν
3079 2563 3387 2634 ὁμοούσιον,
3423 2560 3648 2616 ἀνθότου

2062 2658 2402 2728 παρατιθεὶς,
2436 2659 2509 2728 μὴ
2538 2657 2602 2728 δὴ
2647 2657 2845 2728 χρῆναι
2883 2656 2991 2726 φὴς
3024 2656 3123 2726 τῆς
3160 2656 3243 2718 εἰς
3277 2655 3441 2708 αὑτὸν
3473 2671 3651 2724 παρα-

2059 2750 2359 2822 τρέπεσθαι
2397 2744 2666 2815 πίστεως;
2703 2749 2911 2802 Οὐκοῦν
2942 2749 3159 2819 ἀνάγκη
3193 2748 3405 2801 συνδεῖν
3438 2748 3517 2810 είς
3554 2745 3650 2797 ἕνα

2060 2842 2267 2914 Κύριον
2297 2842 2392 2896 καὶ
2439 2842 2707 2915 Χριστόν⁹
2751 2843 2870 2895 κατ’
2902 2842 3115 2914 ἔνδησιν
3176 2841 3232 2894 δὲ
3275 2841 3519 2913 δηλονότι
3552 2840 3650 2911 τὴν

2059 2934 2183 2988 καθ’
2212 2936 2531 2997 ὑπόστασιν,
2568 2934 2657 2989 ἵνα
2685 2935 2741 2988 ἐν
2785 2933 2968 3004 ταυτῷ
3010 2936 3183 2987 νοοῖτο
3224 2932 3520 3004 μονογενὴς
3554 2933 3650 2986 καὶ

2058 3027 2402 3097 πρωτότοκος
2428 3028 2457 3079 6
2485 3026 2668 3093 αὐτὸς,
2709 3024 2844 3078 καθὸ
2871 3025 3030 3094 φύσει
3061 3025 3195 3089 Θεὸς
3234 3026 3501 3096 ὑπάρχων
3520 3027 3549 3079 6
3585 3027 3651 3079 ἐκ

2057 3117 2193 3171 Θεοῦ
2227 3117 2441 3188 Πατρὺς
2477 3118 2672 3186 Λόγος,
2723 3117 2948 3186 γέγονεν
2990 3117 3276 3188 ἄνθρωπος
3301 3117 3425 3170 καθ’
3474 3118 3645 3187 ἡμᾶς,

2057 3212 2150 3264 καὶ
2183 3214 2246 3264 ὲκ
2295 3211 2609 3281 σπέρματος
2659 3210 2936 3281 Ἀϐραάμ.
2991 3210 3152 3264 Ἀλλά
3198 3210 3306 3281 γὰρ
3346 3210 3650 3282 ἐξηύρηταί

2056 3321 2107 3356 τι
2134 3304 2296 3373 σοφὸν
2326 3302 2499 3373 αὐτῷ,
2536 3301 2788 3374 καθάπερ
2829 3297 2921 3356 οῦν
2968 3301 3141 3357 οἴεται
3186 3301 3280 3355 καί
3312 3318 3479 3372 φησιν
3504 3302 3647 3355 οὕτω

2055 3394 2218 3447 πάλιν
2248 3409 2264 3423 ·

2124 3486 2455 3558 [Μέμνησθε
2486 3488 2545 3547 δέ
2592 3503 2697 3540 που
2730 3485 2948 3549 πάντως
2978 3485 3075 3539 καὶ
3126 3485 3195 3539 τὰ
3238 3484 3505 3548 πολλάκις
3548 3499 3643 3554 μοι

2053 3578 2191 3648 πρὸς
2220 3579 2365 3649 ὑμᾶς
2391 3579 2679 3650 εἰρημένα,
2710 3577 2811 3641 τὰς
2842 3577 3039 3639 διπλᾶς
3068 3576 3205 3649 πρὸς
3240 3576 3331 3631 τὸν
3360 3575 3645 3645 Δεσπότην

2052 3668 2290 3738 Χριστὸν
2322 3669 2653 3741 διακρίνοντι
2684 3667 2877 3737 φύσεις
2900 3683 2912 3696 '
2946 3667 3134 3720 διπλαῖ
3164 3666 3262 3737 μὲν
3292 3666 3400 3739 γάρ
3442 3670 3512 3738 τῇ
3544 3666 3644 3735 φύ-

2056 3771 2156 3819 σει,
2182 3756 2248 3825 τῇ
2282 3755 2339 3808 δὲ
2371 3755 2500 3826 ἀξίᾳ
2547 3755 2835 3827 μοναδικαί
2857 3771 2871 3785 '
2906 3756 2939 3825 ή
2979 3755 3088 3826 γάρ
3135 3755 3245 3809 τῶν
3276 3758 3492 3826 φύσεων
3541 3757 3640 3811 αύ-

2053 3844 2258 3909 θεντία,
2286 3845 2376 3899 διὰ
2404 3846 2507 3917 τὴν
2539 3847 2857 3915 συνάφειαν,
2888 3846 3020 3916 μίαο
3058 3846 3165 3900 τῶν
3197 3846 3298 3917 μὲν
3334 3848 3554 3917 φύσεων
3583 3851 3641 3902 ἐν

2053 3940 2119 4008 τῇ
2157 3938 2335 4009 οἰκείᾳ
2359 3938 2511 4005 τάξει
2543 3937 2631 3990 διὰ
2670 3937 2873 4001 παντὸς
2914 3937 3225 4008 μενουσῶνσ
3249 3938 3349 4009 τῆς
3390 3938 3451 3992 δὲ
3483 3939 3641 4005 ἀξίας

2054 4030 2424 4101 συνημμένης,
2448 4030 2523 4093 ὡς
2554 4031 2835 4100 προεῖπον,
2871 4030 2952 4092 εἰς
2976 4029 3264 4085 αὐθεντίαν
3295 4030 3639 4103 μοναδικήν]

2650 4124 2899 4221 ΚΕΦΑᾸ.
2944 4170 3035 4236 q'.

2127 4301 2266 4355 Ἀλλ’
2294 4298 2439 4373 ἦσθά
2471 4320 2574 4357 που
2630 4304 2850 4369 πάντως
2889 4304 3158 4377 εὐμαθὴς,
3187 4309 3253 4377 τῇ
3293 4306 3637 4380 θεοπνεύστῳ

366 4386 518 4455 sequi
543 4388 861 4454 statuisses,
888 4404 1010 4459 qua
1040 4405 1202 4445 unum
1229 4390 1416 4445 dicunt
1442 4393 1727 4451 Dominum
1760 4396 1943 4453 Jesum

2068 4392 2241 4464 Γραφῇ
2300 4391 2722 4448 κατακολουθεῖν
2769 4395 3064 4465 ᾑρημένος,
3106 4395 3203 4449 ἕνα
3247 4395 3488 4470 λεγούσῃ
3526 4397 3638 4451 Κύ-

364 4478 670 4545 Christum,
699 4496 803 4535 non
847 4479 1191 4550 sejungentes
1242 4482 1386 4537 illum
1420 4500 1485 4539 ex
1530 4489 1736 4543 semine
1770 4491 1942 4545 Abra-

2068 4501 2167 4539 ιιον
2212 4483 2422 4555 Ἰησοῦν
2459 4484 2715 4555 Χριστὸν,
2755 4486 2851 4538 καὶ
2899 4487 3002 4539 οὐκ
3051 4487 3156 4540 ἀνά
3211 4488 3380 4560 μέρος
3422 4488 3636 4562 τιθείσῃ

366 4569 513 4633 ham,
530 4580 584 4623 et
602 4571 727 4624 illud
743 4587 806 4625 ex
828 4573 933 4626 Deo
951 4572 1110 4627 Patre
1139 4570 1386 4629 Verbum.
1408 4576 1487 4628 Ad
1510 4575 1763 4631 haecillnd
1782 4580 1944 4635 etiam

2068 4576 2146 4631 τὸν
2175 4576 2242 4630 ὲκ
2265 4576 2580 4648 σπέρματος
2625 4576 2900 4648 Ἀϐραὰμ,
2926 4577 3018 4631 καὶ
3050 4578 3141 4632 τὸν
3171 4580 3235 4633 ὲκ
3265 4579 3402 4634 Θεοῦ
3424 4582 3634 4654 Πατρὺς

365 4661 707 4717 considerare
727 4664 998 4732 oportuit:
1031 4664 1130 4719 alia
1154 4677 1235 4721 est
1262 4667 1404 4721 enim
1436 4682 1520 4722 res
1535 4669 1809 4734 divinitas,
1838 4671 1940 4726 alia

2068 4666 2247 4735 λόγον.
2281 4667 2392 4720 Καὶ
2429 4666 2567 4738 πρός
2605 4684 2671 4735 γε
2704 4666 2770 4738 δὴ
2816 4667 3010 4738 τούτῳ,
3045 4669 3268 4722 κάκεῖνο
3304 4669 3633 4725 διανοεῖσθαι

365 4759 562 4805 nostrze
587 4752 779 4807 similis
804 4756 1143 4820 humanitas,
1170 4761 1311 4827 quod
1337 4760 1403 4814 ad
1438 4762 1701 4817 rationem
1743 4764 1941 4819 attinet

2068 4762 2186 4831 ίρή·
2213 4758 2403 4828 ἕτερον
2440 4758 2539 4825 μὲν
2574 4758 2684 4829 γάρ
2716 4775 2769 4812 τι
2794 4758 2991 4830 χρῆμα
3033 4758 3246 4830 θεότης,
3294 4761 3484 4831 ἕτερον
3511 4761 3571 4815 δὲ
3596 4764 3630 4833 ι,

363 4857 484 4912 quze
502 4844 708 4898 naturis
735 4845 872 4898 inest
893 4864 906 4901 :
930 4862 1220 4916 congressu
1241 4861 1420 4904 autem
1441 4853 1734 4906 secundum
1754 4869 1937 4910 veram

2068 4849 2172 4902 ιαθ’
2200 4850 2348 4919 ἡμᾶς
2376 4848 2754 4920 ἀνθρωπότης,
2779 4849 2923 4903 κατά
2956 4866 3021 4918 γε
3042 4852 3136 4903 τὸν
3162 4851 3351 4906 ἐνόντα
3374 4856 3499 4918 ταῖς
3528 4853 3629 4924 φύ-

364 4936 637 5000 unionem,
654 4951 792 4991 unus
816 4947 894 4991 est
923 4954 987 4991 ex
1008 4940 1250 5008 utrisque
1265 4940 1536 5007 Christus,
1560 4954 1617 4997 ut
1638 4960 1779 5014 sche
1797 4947 1939 5001 dixi-

2068 4957 2167 4992 ιεσι
2196 4939 2385 5008 λόγον·
2437 4940 2707 5009 συμϐάσει
2740 4939 2797 4992 δὲ
2822 4942 2890 5011 τῇ
2930 4939 3055 4994 καθ’
3092 4943 3289 4996 ἕνωσιν
3322 4944 3523 5017 ἀληθῆ,
3552 4941 3633 5011 εἷς

365 5043 517 5084 mus:
544 5028 925 5100 hypostasibus
952 5044 1098 5095 vero,
1131 5040 1189 5084 ut
1216 5039 1269 5083 tu
1303 5032 1403 5097 ais,
1436 5032 1487 5086 in
1515 5033 1620 5089 duo
1654 5036 1858 5101 divisis,
1887 5046 1942 5093 et

2068 5026 2109 5092 ιξ
2151 5029 2356 5099 ἀμφοῖν
2393 5029 2422 5081 6
2455 5029 2708 5099 Χριστὸς,
2739 5029 2882 5083 καθά
2928 5030 3246 5098 πλειστάκις
3292 5035 3631 5108 εἰρήκαμενο

364 5120 590 5176 scorsirn
623 5135 687 5175 ac
716 5120 963 5190 privatim
1012 5121 1277 5177 exsistere
1314 5122 1598 5179 intellectis
1620 5167 1634 5191 ,
1664 5130 1937 5195 quomodo

2068 5120 2155 5173 τῶν
2181 5136 2243 5188 γε
2280 5120 2385 5192 μὴν
2405 5120 2779 5185 ὑποστάσεων,
2807 5121 2883 5186 ὡς
2914 5124 2978 5175 σὺ
3002 5123 3130 5195 φὴς,
3163 5126 3517 5198 διῃρημένων
3553 5131 3633 5194 εἰς

364 5227 682 5282 congressus
703 5214 755 5268 in
775 5229 937 5267 unam
958 5228 1246 5283 personam
1276 5213 1387 5282 ﬁet,
1414 5215 1515 5269 nisi
1540 5232 1703 5270 unum
1724 5218 1945 5276 alterius

2068 5212 2157 5275 do,
2198 5214 2294 5266 καὶ
2333 5210 2641 5281 νοουμένων
2670 5212 2938 5283 ὑπάρχειν
2969 5214 3077 5268 ἀνά
3114 5215 3281 5286 μέρος
3320 5235 3381 5272 τε
3408 5220 3505 5274 καὶ
3539 5221 3634 5274 i6:-

365 5319 486 5359 esse
532 5307 925 5375 quadammodo
978 5307 1251 5377 proprium
1293 5308 1501 5363 dicatur
1528 5349 1543 5373 ,
1577 5320 1636 5364 ut
1685 5311 1938 5367 nimirum

2068 5304 2179 5371 ιῶς,
2213 5304 2332 5368 πῶς
2365 5304 2431 5358 ἀν
2464 5303 2674 5373 γένοιτο
2714 5303 2986 5374 σύμϐασις
3027 5307 3107 5370 εἰς
3139 5309 3436 5378 πρόσωπον
3464 5312 3546 5377 ἒν,
3582 5315 3631 5364 εξ

369 5393 616 5447 humanm
658 5395 850 5450 animae
876 5398 1150 5466 proprium
1203 5398 1517 5469 intelligitur
1560 5401 1677 5470 ejus
1722 5418 1941 5473 corpus,

2068 5396 2125 5466 ιὴ
2153 5396 2260 5468 ἀρα
2284 5413 2401 5459 πως
2433 5395 2564 5450 ἴδιον
2604 5396 2662 5449 ἓν
2703 5395 2821 5459 ἐνὸς
2848 5394 3092 5464 λέγοιτοο
3135 5397 3392 5471 καθάπερ
3436 5402 3629 5473 ἀμέλει

366 5481 614 5550 quamvis
665 5484 891 5541 diversa:
939 5487 1009 5542 sit
1041 5488 1109 5543 ab
1157 5502 1220 5543 ea
1260 5499 1465 5546 natura:
1502 5507 1516 5545 :
1558 5507 1731 5561 neque
1799 5492 1943 5547 cnim

2068 5489 2146 5558 τῆς
2176 5487 2462 5559 ἀνθρώπου
2493 5487 2672 5558 ψυχῆς
2704 5486 2834 5540 ἴδιον
2864 5486 2930 5540 ἂν
2957 5489 3128 5541 νοοῖτο
3155 5488 3216 5542 τὸ
3243 5491 3403 5561 σῶμα
3437 5493 3624 5562 αὐτῆς,

368 5575 507 5627 idem
530 5584 610 5628 cst
638 5578 813 5629 anima
837 5586 889 5631 et
911 5593 1124 5646 corpus.
1163 5578 1268 5635 Sed
1291 5582 1431 5636 dicet
1454 5581 1685 5638 fortasse
1714 5583 1904 5653 aliquis
1930 5601 1943 5636 :

2068 5579 2230 5632 ιαίτοι
2263 5577 2399 5648 πρὸς
2435 5577 2600 5649 αὐτὴν
2628 5577 2869 5649 ὑπάρχον
2901 5578 3186 5649 ἑτεῳφυές
3212 5595 3224 5610 ⁸
3264 5581 3323 5633 οὐ
3366 5581 3479 5653 γάρ
3525 5599 3627 5637 που

442 5756 462 5787 ⁸
498 5754 654 5814 Joan.
704 5772 783 5824 In,
819 5755 904 5812 l6.
982 5758 1001 5789 ⁷
1043 5758 1173 5815 ibid.
1207 5759 1290 5815 l8.
1371 5760 1391 5793 ⁸
1431 5758 1587 5817 Joan.
1618 5776 1654 5828 ι,
1696 5759 1780 5817 l8.
1862 5763 1881 5795 ’
1925 5759 2089 5819 llcbr.
2128 5777 2162 5830 ι,
2196 5760 2250 5817 6.
