3926 6126
235 228 323 281 ισι

1320 207 1703 264 .ADVERSUS
1735 206 2150 265 ,NESTORIUM
2188 208 2325 265 Llll.
2368 206 2456 262 HI.

3406 210 3508 265 N32

228 341 424 398 ταυτὸν
473 340 542 395 ἂν
575 337 661 410 εἴη
690 335 835 407 ψυχή
882 351 940 387 τε
974 332 1069 387 καὶ
1113 333 1293 402 σῶμα.
1342 330 1483 384 Ἀλλ’
1531 331 1663 393 ἴσως
1706 331 1823 401 ἐρεῖ

1935 331 2206 398 Quomodo
2244 330 2331 383 illa
2368 340 2553 383 sancta
2586 336 2639 381 et
2690 328 2963 383 adoranda
3012 327 3250 383 Trinitas
3288 330 3343 384 in
3397 339 3509 385 tres

231 451 331 497 τις,
364 430 492 493 Πῶς
514 431 548 501 ἡ
576 428 705 497 ἁγία
728 427 818 480 καὶ
839 422 1294 496 προσκυνουμένη
1324 420 1495 492 Τριάς
1513 421 1810 492 διορίζεται

235 525 333 596 μὲν
365 524 445 585 είς
465 523 612 591 τρεῖς
647 516 997 579 ὑποστάσεις,
1031 513 1163 583 μίαν
1188 510 1527 596 δὲθεότητος
1557 509 1814 563 ἀποτελεῖ

234 589 434 686 edam;
468 589 608 677 Ὅτι,
660 609 827 679 φαίην
878 609 967 672 ἂν,
998 607 1066 676 τῇ
1115 603 1223 656 τῶν
1252 589 1471 673 φύσεων
1501 601 1612 674 [ῑσ.
1644 619 1816 674 προσ-

232 703 417 767 ώπων,
451 701 512 769 ἣ,
532 694 905 768 ὕποστάσεων]
919 694 1174 764 διαφορᾷ,
1202 694 1264 746 τὸ
1303 693 1501 748 ταυτὸν
1531 693 1613 756 είς
1628 693 1815 746 οὐσίαν

231 791 547 861 ἀναγκαίως
576 790 866 860 ἑπόμενον,
899 789 979 851 εἰς
1012 787 1146 856 μίαν
1188 785 1455 855 Θεότητος
1492 782 1816 856 ἀνακομίζει

234 884 393 953 φύσιν
418 881 526 935 τῶν
548 879 917 933 πιστευόντων
971 876 1065 929 τὸν
1094 874 1221 929 νοῦν
1245 891 1259 905 ·
1285 876 1379 928 ἐπὶ
1398 875 1457 929 δέ
1489 892 1554 943 γε
1605 876 1818 946 Ἐμμα-

234 976 411 1047 νουὴλ,
431 973 620 1043 ἐπειδὴ
640 971 831 1041 θεότης
857 968 1044 1039 ἕτερον
1064 985 1117 1020 τι
1136 967 1287 1038 παρά
1307 967 1407 1037 τὴν
1420 965 1820 1037 ἀνθρωπότητά

236 1072 401 1132 ἐστιν,
442 1068 493 1119 εί
519 1066 593 1136 μή
625 1081 825 1134 φαμεν,
865 1061 995 1114 ἴδιον
1019 1059 1276 1128 γενέσθαι
1310 1058 1369 1111 τὸ
1400 1058 1555 1129 σῶμα
1582 1056 1676 1111 τοῦ
1714 1057 1819 1111 Λό-

235 1142 329 1228 γου
356 1156 481 1214 καθ’
497 1157 691 1209 ἕνωσιν
717 1153 919 1224 ἀληθῆ,
942 1152 1060 1216 πῶς
1090 1151 1157 1205 ἂν
1178 1151 1238 1203 ἓν
1271 1149 1617 1205 ἀποτελεῖται
1648 1149 1820 1219 πρόσ-

236 1266 403 1313 ωπον,
450 1247 514 1300 τὸ
576 1247 779 1316 ἀμφοῖν
830 1242 1098 1312 ἑκατέρας
1149 1242 1279 1311 ἡμῖν
1324 1238 1676 1302 ὑποστάσεως
1728 1254 1823 1306 φε-

238 1340 438 1412 ρούσης
481 1336 613 1389 ῐδιον
647 1336 721 1398 ὡς
772 1334 874 1387 ἀνά
921 1333 1087 1403 μέρος
1141 1330 1444 1401 κειμένης;
1486 1329 1599 1384 Καὶ
1651 1330 1700 1382 εί
1748 1327 1823 1400 μὴ

236 1431 461 1500 γέγονεν
511 1430 643 1482 ἴδιον
700 1425 762 1477 τὸ
816 1423 1023 1495 ληφθὲν
1075 1422 1168 1476 τοῦ
1216 1420 1664 1493 προσειληφότας,
1723 1420 1824 1472 οὐκ

237 1522 466 1591 ἀρκέσει
504 1520 773 1586 συνάφεια
820 1514 963 1569 κατὰ
1008 1514 1223 1568 σύνοδον
1276 1513 1484 1579 ἁπλῶς,
1530 1512 1630 1583 τὴν
1663 1512 1740 1575 ὡς
1766 1513 1824 1566 ὲν

237 1612 369 1683 ἀξίᾳ
393 1627 454 1663 τε
486 1610 621 1680 μόνῃ
648 1607 741 1661 καὶ⁸
772 1605 1047 1676 αὐθεντίᾳ,
1095 1605 1185 1658 τὸν
1222 1604 1320 1658 ἕνα
1358 1604 1451 1659 καὶ
1499 1602 1826 1678 μόνονήμῖν

1914 424 2235 492 hypostases
2308 420 2687 486 distinguitur,
2740 429 2794 473 et
2848 434 3009 472 unam
3062 431 3238 476 tamen
3292 420 3511 476 deitatis

1914 511 2144 567 absolvit
2194 520 2444 564 naturam
2479 511 2502 563 ‘l
2532 510 2700 576 Quia,
2756 525 2872 565 mea
2924 511 3141 579 quidem
3199 513 3510 578 sententia,

1916 620 2037 661 cum
2062 604 2250 658 eadem
2277 602 2513 657 essentia
2547 602 2855 656 necessario
2876 616 3232 669 personarum
3257 599 3513 656 dill'eren-

1918 698 2047 750 tiam
2078 703 2368 764 sequatur,
2396 693 2734 749 credentium
2781 691 3191 762 intelligentiam
3241 691 3308 746 ad
3345 707 3510 747 unam

1918 786 2226 842 Divinitatis
2246 794 2494 840 naturam
2523 783 2774 854 perducit
2805 800 2818 834 :
2851 784 2904 837 in
2926 783 3280 838 Emmanuele
3309 792 3511 847 autem,

1925 881 2053 951 quia
2089 879 2263 934 deitas
2290 878 2434 933 aliud
2473 877 2734 949 quiddam
2781 885 2867 932 est
2895 877 2962 932 ab
2999 876 3370 942 humanitate,
3410 876 3514 930 nisi

1920 972 2219 1028 dixerimus
2272 973 2552 1041 proprium
2610 970 2812 1024 factum
2862 967 3031 1023 fuisse
3086 983 3285 1037 corpus
3340 967 3515 1037 ipsius

1921 1061 2081 1118 Verbi
2109 1077 2204 1131 per
2240 1076 2418 1115 veram
2443 1061 2718 1122 unionem,
2745 1060 3013 1128 quomodo
3044 1073 3149 1111 una
3197 1059 3515 1113 absolvetur

1922 1166 1990 1206 ex
2018 1163 2252 1220 utroque
2281 1164 2512 1220 persona
2535 1189 2550 1213 ,
2581 1163 2706 1203 cum
2740 1147 2998 1201 alterutra
3051 1146 3353 1201 substantia
3391 1159 3517 1215 pro—

1922 1242 2097 1313 priam
2134 1242 2350 1311 utrique
2392 1242 2567 1305 ferat,
2596 1250 2783 1310 utpote
2843 1238 3069 1294 seorsim
3115 1237 3287 1307 posita
3349 1245 3515 1305 atque

1925 1332 2216 1401 sejuncta?
2266 1333 2380 1387 Etsi
2427 1333 2479 1388 id
2503 1333 2646 1404 quod
2685 1340 2960 1400 sumptura
2999 1340 3107 1396 est,
3144 1345 3252 1384 non
3282 1330 3353 1383 sit
3392 1343 3518 1397 pro-

1927 1426 2105 1495 prium
2147 1426 2476 1481 assumentis
2507 1426 2709 1479 factum
2734 1462 2752 1488 ,
2780 1438 2883 1476 non
2913 1424 3049 1476 satis
3073 1422 3179 1475 erit
3204 1420 3520 1488 conjunctio

1926 1532 2025 1586 per
2084 1516 2384 1585 simplicem
2476 1515 2757 1586 dignitatis
2828 1512 2999 1569 solius
3060 1523 3118 1567 et
3185 1510 3524 1565 auctoritatis

1929 1607 2219 1663 coitionem
2243 1647 2260 1672 ,
2295 1607 2362 1660 ad
2393 1622 2558 1661 unum
2607 1621 2669 1660 ac
2702 1604 2874 1660 solum
2925 1603 3082 1658 nobis
3111 1602 3386 1657 Christum
3426 1602 3524 1655 ab-

240 1675 571 1756 ἀποτελέσαι
596 1675 860 1771 ἀριστὸν,
907 1675 1009 1750 τὸν
1045 1697 1206 1750 αὑτὸν
1255 1696 1385 1749 ὅντα
1433 1695 1567 1750 Θεὸν
1602 1675 1739 1765 ὁμοῦ
1768 1712 1829 1748 τε

1935 1698 2269 1764 solvendum,
2307 1697 2402 1768 qui
2433 1697 2573 1751 idem
2608 1694 2768 1750 simul
2797 1695 2939 1749 Deus
2968 1695 3113 1748 sitet
3138 1695 3319 1748 homo.
3371 1693 3523 1748 Tunc

239 1796 339 1848 καὶ
372 1794 675 1863 ἄνθρωπον.
708 1790 840 1844 Τότε
885 1790 1014 1860 γὰρ,
1045 1790 1185 1842 τότε
1207 1790 1299 1842 καὶ
1326 1788 1471 1857 μάλα
1505 1785 1721 1860 [λείπει
1748 1803 1826 1851 τι,

242 1886 331 1939 Ζσ.
386 1882 857 1954 ἀναγκαῖον]τῆς
901 1884 979 1945 εἰς
1028 1881 1188 1934 αὐτὸν
1242 1879 1692 1952 παρατρέπεσθαι
1743 1879 1830 1931 πί-

242 1992 434 2038 στεως,
466 1974 572 2027 κᾶν
618 1975 667 2026 εί
710 1974 778 2025 ὲκ
813 1972 1129 2042 σπέρματος
1177 1970 1425 2041 ’Δδραάμ
1469 1972 1640 2024 νοοῖτο
1687 1969 1831 2021 κατὰ

239 2068 343 2135 τὴν
376 2065 575 2135 σάρκα.
606 2066 838 2134 Ἕτερον
867 2064 924 2116 δὲ
969 2064 1064 2116 καὶ¹
1096 2062 1281 2133 ἕτερον
1304 2058 1443 2115 εἶναι
1468 2062 1663 2131 λέγων,
1710 2055 1832 2115 εἶτα

242 2157 369 2219 πῶς
419 2156 528 2227 [ian
563 2153 662 2225 τῷ]
697 2154 765 2206 ὲκ
813 2153 1128 2225 σπέρματος
1166 2152 1415 2223 Ἀϐραὰμ
1462 2150 1831 2223 προσκομίζε-

242 2248 371 2299 σθαι
394 2247 507 2298 δεῖν
542 2245 640 2315 τὴν
690 2246 873 2296 πίστιν
898 2242 1410 2313 διαϐεϐαιούμενος,
1440 2243 1550 2296 ῖσθι
1590 2260 1693 2307 τοι,
1738 2243 1833 2295 καὶ

242 2336 395 2406 μάλα
429 2335 640 2404 σαφῶς,
673 2336 772 2405 τῆς
804 2334 998 2387 ἑαυτοῦ
1030 2334 1273 2405 κεφαλῆς
1320 2334 1389 2387 τὰ
1417 2334 1515 2405 τῆς
1548 2334 1834 2404 ἀνθρωπο⁶

239 2426 472 2497 λατρίας
518 2427 803 2496 καταχέων
837 2426 1191 2497 ἐγκλήματα·
1231 2426 1409 2480 καίτοι
1460 2425 1834 2495 παραιτούμε-

240 2536 360 2582 νος,
394 2519 491 2570 καὶ
518 2518 638 2570 λίαν
657 2518 854 2589 ὀρθῶς,
886 2519 947 2570 τὸ
976 2518 1439 2589 ἀνθρωπολάτρης
1463 2514 1603 2570 εἶναι
1627 2518 1827 2571 δοκεῖν.

255 2608 409 2660 Ἀλλ’
435 2607 591 2674 ὀλίγα
621 2608 820 2678 κομιδῇ
849 2607 942 2659 τοῦ
966 2610 1165 2677 χρῆναι
1194 2609 1407 2678 φρονεῖν
1439 2606 1508 2658 τὰ
1537 2605 1725 2679 εἰκότα
1745 2623 1839 2658 πε-

241 2697 571 2770 φρονηκὼς,
601 2699 927 2764 συκοφαντεῖ
977 2700 1073 2749 καὶ
1099 2696 1299 2767 ἑτέρως
1338 2697 1400 2749 τὸ
1434 2696 1579 2766 μέγα
1607 2696 1706 2765 τῆς
1745 2697 1838 2748 cti-

241 2789 477 2852 σεὸείας
508 2790 826 2859 μυστήριον.
845 2789 1129 2859 Ἐπιφέρει
1173 2789 1280 2859 γὰρ
1319 2789 1478 2852 εὐθύς
1496 2805 1508 2818 ·
1536 2789 1705 2851 Αὐτὸς
1730 2788 1838 2860 γὰρ

237 2883 390 2952 ἡμῖν
442 2881 544 2950 τῆς
612 2880 1029 2951 ἐπηγγελμένης
1103 2880 1352 2949 εὐλογίας
1408 2882 1472 2933 ὲκ
1524 2881 1837 2951 σπέρματος

248 2972 521 3043 ’Δϐραάμ
558 2972 862 3041 ἀπεστάλη,
887 2973 962 3036 ὡς
1001 2973 1142 3043 ὑπὲρ
1181 2972 1371 3026 ἑαυτοῦ
1398 2974 1490 3026 καὶ
1524 2973 1617 3025 τοῦ
1644 2973 1836 3040 γένους

239 3064 353 3132 τὴν
374 3062 472 3115 τοῦ
501 3062 750 3131 σώματος
777 3062 968 3116 θυσίαν
1002 3063 1463 3133 συνεπαγόμενος.
1500 3063 1622 3131 Ὑφ’
1650 3064 1839 3132 ἁμαρ-

236 3154 375 3210 τίαν
410 3150 502 3207 οὖν
528 3150 636 3224 ἆρα
670 3154 763 3207 καὶ
792 3154 951 3218 αὐτὸς
997 3155 1222 3222 γέγονεν
1250 3158 1278 3208 6
1317 3156 1572 3226 Χριστὸς,
1604 3158 1668 3209 δι’
1698 3152 1757 3209 οὗ
1783 3158 1843 3210 τὸ

239 3245 379 3300 καθ’
432 3244 711 3316 ἡμᾶς(22)
759 3245 855 3313 τῆς
898 3244 1174 3316 ἁμαρτίας
1221 3247 1593 3316 ὲμφράττεται
1644 3247 1841 3317 στόμα,

237 3338 399 3391 κατά
441 3336 538 3407 τὴν
565 3336 658 3388 τοῦ
683 3336 992 3398 Ψάλλοντος
1030 3337 1247 3406 φωνήνς
1276 3333 1384 3406 ἆρα
1414 3341 1507 3391 καὶ
1550 3338 1714 3391 αὑτοῦ
1748 3337 1842 3391 τοῦ

239 3428 437 3495 φωτὸς
469 3427 562 3479 τοῦ
615 3425 871 3497 ἀληθινοῦ
925 3427 987 3479 τὸ
1029 3427 1130 3496 τῆς
1182 3428 1460 3498 ἐπαράτου
1508 3430 1847 3501 φαυλότητος

234 3521 437 3592 ἥψατο
471 3519 691 3585 σκότος;
735 3515 843 3589 ἆρα
886 3517 1005 3588 μεθ’
1045 3518 1203 3588 ἡμῶν
1250 3519 1444 3589 ἐδεήθη
1488 3520 1581 3573 τοῦ
1613 3519 1843 3591 λυτρου-

239 3612 430 3681 μένου
458 3610 556 3664 καὶ
582 3610 851 3673 σώζοντος
884 3612 912 3661 ὁ
940 3608 1005 3661 δι’
1050 3603 1110 3663 οὗ
1140 3610 1290 3663 πᾶσα
1319 3609 1589 3681 λύτρωσις
1615 3611 1712 3664 καὶ
1741 3629 1846 3665 σω-

230 3703 460 3774 τηρίας
483 3701 667 3767 ἐλπίς;
712 3702 920 3772 Πρέποι
949 3701 993 3754 δ’
1025 3700 1090 3753 ἂν
1116 3701 1286 3772 αὐτῷ,
1315 3703 1455 3756 κατά
1490 3719 1555 3770 γε
1582 3703 1642 3756 τὸ
1673 3703 1844 3766 εἰκὸς,

235 3795 382 3865 μεθ’
418 3794 575 3864 ἡμῶν
619 3793 911 3864 ἀναφέρειν
940 3793 1009 3846 τὰ
1042 3797 1394 3863 χαριστήρια,
1429 3794 1565 3846 Θεοῦ
1599 3793 1848 3861 λέγοντος

1933 1793 2074 1848 enim
2122 1790 2368 1862 profecto
2418 1790 2487 1844 ab
2528 1787 2646 1857 ejus
2696 1788 2799 1841 lide
2827 1786 3089 1840 dimoveri
3144 1800 3365 1840 necesse
3413 1795 3520 1850 est,

1933 1886 2096 1943 etiam
2158 1886 2205 1940 si
2257 1899 2319 1939 ex
2361 1880 2567 1937 semine
2624 1879 2896 1933 Abraham
2956 1877 3249 1933 secundum
3293 1892 3518 1931 carnem

1934 1977 2287 2046 intelligatur.
2347 1975 2483 2029 Cum
2530 1986 2660 2025 vero
2694 1970 2861 2024 alium
2903 1978 2957 2025 et
2987 1970 3150 2023 alium
3179 1984 3299 2024 esse
3349 1969 3521 2032 dicas,

1936 2070 2198 2127 deindein
2231 2068 2381 2122 illum
2415 2067 2504 2136 qui
2528 2075 2612 2120 est
2645 2080 2711 2119 ex
2739 2066 2948 2119 semine
2988 2065 3176 2126 David,
3210 2064 3369 2118 lidem
3397 2076 3522 2117 esse

1938 2160 2270 2215 al'l‘ercndam
2300 2158 2566 2222 allirmes,
2601 2168 2654 2212 te
2686 2160 2737 2211 in
2764 2167 2911 2210 tuum
2948 2156 3114 2223 ipsius
3133 2165 3294 2223 caput
3318 2155 3524 2209 crimen

1935 2251 2171 2307 hominis
2209 2249 2420 2304 colendi
2456 2249 2826 2316 adorandiqne
2854 2247 3122 2312 conjicere
3154 2253 3304 2299 certo
3354 2245 3520 2310 scias,

1936 2346 2151 2402 tametsi
2180 2353 2325 2400 recte
2345 2345 2632 2398 admodum
2659 2334 2897 2410 refugias
2920 2356 2987 2395 ne
3007 2338 3329 2393 hominicola
3350 2338 3528 2392 videa-

1936 2440 2034 2495 ris.
2063 2437 2167 2493 Sed
2198 2452 2389 2507 parum
2412 2436 2702 2489 admodum
2733 2445 2930 2487 curans
2959 2432 3025 2485 de
3053 2441 3196 2483 recta
3230 2429 3524 2491 sententia,

1939 2528 2097 2583 aliter
2133 2542 2346 2596 Quoque
2398 2526 2760 2580 Calumniatur
2817 2523 2944 2576 illttd
2996 2535 3248 2587 magnum
3306 2519 3528 2587 pietatis

1939 2627 2357 2673 sacramentum.
2414 2616 2643 2683 Suhjicit
2703 2613 3034 2669 enim'illico
3074 2627 3090 2663 :
3129 2611 3244 2679 Ipse
3296 2624 3530 2679 namque

1939 2711 2095 2765 nobis
2123 2710 2403 2784 promissae
2446 2706 2845 2763 benedictionis
2875 2721 2943 2759 ex
2975 2703 3183 2758 semine
3209 2702 3317 2772 92
3349 2702 3530 2756 Abra-

1942 2804 2065 2857 ham
2087 2812 2168 2857 est
2200 2805 2399 2857 missus
2426 2840 2440 2865 ,
2483 2810 2739 2867 tanquam
2789 2812 2887 2865 pro
2918 2797 3096 2864 seipso
3126 2804 3174 2849 el
3206 2809 3403 2863 genere
3430 2808 3531 2847 suo

1942 2894 2185 2962 corporis
2230 2894 2314 2945 sui
2351 2892 2625 2945 victimam
2663 2891 2821 2944 simul
2873 2888 3125 2942 allcrens.
3165 2886 3375 2954 Ergone
3416 2885 3532 2952 ipse

1942 2996 2157 3053 quoque
2183 2982 2430 3036 Christus
2462 2979 2637 3034 factus
2662 2990 2745 3033 est
2788 2980 2897 3032 sub‘
2931 2986 3152 3046 peccato
3174 3015 3189 3037 ,
3223 2988 3319 3043 per
3366 2988 3529 3042 quem

1947 3090 2009 3129 os
2058 3074 2228 3141 ipsum
2287 3071 2489 3140 peccati
2525 3071 2809 3124 adversum
2848 3082 2945 3121 nos
2971 3066 3320 3129 obstruitur,
3351 3074 3408 3117 ut
3451 3072 3534 3119 est

1949 3168 2002 3219 in
2056 3163 2287 3218 Psalmis
2331 3162 2373 3194 ¹⁶
2409 3163 2432 3215 ‘l
2468 3176 2670 3231 ergone
2731 3161 2902 3229 ipsam
2952 3172 3166 3227 quoque
3220 3156 3393 3209 lucem
3437 3170 3533 3207 ve-

1948 3270 2063 3309 ram
2122 3254 2472 3307 exsecranda:
2523 3252 2822 3320 iniquitatis
2874 3249 3109 3304 tenebrae
3142 3243 3535 3314 contigerunt?

1948 3361 2147 3417 ergone
2196 3347 2476 3401 nobiscum
2510 3346 2834 3414 Iredimente
2900 3352 3064 3410 atque
3123 3339 3366 3393 salvaute
3398 3350 3535 3403 opus

1950 3437 2136 3491 habuit
2174 3437 2281 3499 ille,
2318 3452 2412 3505 per
2451 3451 2609 3505 quem
2656 3443 2737 3487 est
2785 3432 2964 3487 omnis
3006 3429 3303 3497 redemptio
3334 3438 3382 3480 et
3412 3440 3535 3495 spes

1949 3529 2136 3584 Salutis
2168 3530 2190 3583 ?
2216 3528 2480 3584 Convenit
2512 3527 2676 3594 igitur
2703 3524 2878 3578 eidem
2905 3563 2920 3585 ,
2950 3532 3008 3574 ut
3043 3532 3126 3575 est
3174 3533 3535 3587 consequens,

1951 3621 2228 3677 nobiscum
2278 3618 2477 3674 olTerre
2535 3618 2831 3687 gratiarum
2888 3616 3170 3678 actiones,
3222 3628 3344 3667 cum
3393 3612 3538 3665 Deus

1949 3713 2091 3767 dicat
2123 3712 2322 3767 oblitus
2359 3710 2566 3780 injuriae
2596 3728 2609 3763 :
2654 3726 2674 3759 ι
2720 3708 2830 3776 Ego
2861 3722 2976 3760 sum
3017 3706 3107 3774 qui
3146 3705 3299 3760 deleo
3334 3705 3538 3772 iniqui-

1953 3813 2090 3858 tates
2161 3815 2313 3867 tuas,
2368 3812 2424 3856 et
2502 3817 2608 3855 non
2693 3799 3140 3863 recordabor“;
3180 3815 3201 3850 ι
3265 3798 3541 3852 accusabit

226 3885 661 3958 ἀμνησικόωιως
684 3901 697 3915 ο
732 3903 751 3936 ι
786 3885 927 3953 Ἐγώ
947 3887 1062 3955 εἰμι
1085 3886 1113 3937 6
1134 3884 1430 3953 ὲξαλείφων
1452 3885 1552 3947 τὰς
1574 3885 1850 3956 ἁμαρτίας

231 3995 384 4040 σου,
422 3975 517 4028 καλ⁵
540 3976 601 4027 οὺ
640 3975 712 4045 μὴ
748 3977 1162 4047 μνησθήσομαιο
1198 3996 1217 4027 ›
1258 3977 1654 4047 καταγορεύσει
1674 3977 1730 4031 δὲ
1754 3978 1849 4033 καὶ

225 4066 461 4130 αὐτοῦ,
495 4064 640 4118 καθά
670 4066 763 4118 καὶ
789 4065 969 4137 ἡμῶν,
990 4068 1019 4118 ὁ
1050 4068 1148 4137 τῆς
1176 4067 1451 4137 ἁμαρτίας
1480 4069 1680 4140 πατήρ.
1717 4065 1849 4123 Εἶτα

226 4158 377 4221 πῶς
415 4155 479 4209 οὐ
508 4155 896 4225 ψευδοεπήσει,
923 4154 1119 4222 λέγων·
1160 4174 1180 4207 ι
1213 4156 1472 4227 Ἔρχεται
1499 4158 1527 4210 ὁ
1551 4159 1731 4229 ἄρχων
1755 4159 1831 4213 τοῐ

1951 4165 2088 4220 nihil
2116 4166 2157 4197 “
2192 4165 2214 4218 ?
2255 4182 2274 4217 ι
2327 4163 2465 4217 Olim
2501 4161 2857 4217 contumelias
2909 4160 2961 4213 in
3015 4173 3136 4214 eum
3192 4156 3543 4227 conjecerunt

226 4247 463 4308 αἰῶνος
491 4243 706 4307 τούτου,
746 4244 838 4296 καὶ
877 4243 938 4295 ἐν
964 4243 1090 4313 ἐμοὶ
1115 4245 1337 4315 εὑρήσει
1380 4246 1563 4313 ούδέν;
1598 4268 1617 4299 ι
1653 4249 1831 4302 Δεδυσ·

1954 4257 2115 4311 etiam
2197 4255 2268 4310 illi
2352 4253 2655 4325 Synagogm
2717 4251 3024 4305 Judworum
3075 4249 3332 4318 prtesides
3369 4265 3383 4301 :
3417 4264 3540 4303 nam

226 4333 561 4408 φημήκασί
590 4349 723 4387 ποτε
773 4333 899 4386 κατ’
941 4333 1131 4398 αὐτοῦ,
1167 4335 1259 4389 καὶ
1291 4338 1386 4405 τῆς
1424 4336 1686 4392 Ἰουδαίων
1727 4354 1831 4391 συν

1956 4364 2077 4403 cum
2139 4347 2355 4401 invidia:
2411 4346 2614 4401 aculeis
2670 4346 3173 4406 cxstimularentur,
3216 4341 3357 4410 quod
3400 4354 3541 4410 prae-

223 4425 498 4497 αγωγῆς
546 4424 597 4476 οἱ
623 4424 1028 4494 προεστηκότες
1048 4439 1061 4453 '
1090 4425 1278 4497 ἐπειδὴ
1314 4428 1422 4497 γὰρ
1460 4431 1573 4491 τοῖς
1594 4428 1689 4481 τοῦ
1720 4428 1831 4498 φθό.

1958 4448 2042 4494 ter
2073 4440 2376 4509 opinionem
2406 4450 2651 4493 curatum
2704 4437 2956 4489 videbant
3008 4433 3157 4487 illum
3196 4446 3226 4485 a
3263 4432 3543 4486 nativitate

221 4536 343 4574 νου
387 4514 577 4584 βέλεσι
609 4513 1023 4584 κατετρύχοντο,
1058 4513 1526 4587 τεθεραπευμένον
1570 4520 1831 4590 ἀδοκήτως

1960 4546 2198 4595 ca‘cum,
2253 4530 2415 4598 impie
2464 4528 2763 4584 dicebant:
2809 4544 2827 4577 ι
2870 4526 2944 4577 Da
2997 4523 3222 4593 gloriam
3258 4522 3413 4589 Deo;
3444 4536 3543 4579 nos

220 4607 511 4679 ὁρῶντες
561 4602 652 4654 τὸν
675 4604 738 4654 ὲκ
771 4602 996 4673 γενετῆς
1040 4603 1260 4673 τυφλὸν,
1311 4607 1540 4671 ἀνοσίως
1573 4608 1813 4676 ἔφασκον

1960 4622 2182 4686 scimus,
2230 4625 2354 4689 quia
2407 4622 2509 4673 istc
2558 4621 2719 4673 homo
2762 4627 3012 4686 peccator
3036 4626 3118 4671 est
3149 4614 3193 4646 "
3219 4652 3234 4668 .
3265 4632 3283 4666 ›
3319 4614 3388 4668 At
3413 4629 3543 4670 vero

226 4724 248 4754 ι
292 4700 427 4760 Δὸς
475 4693 632 4757 δόξαν
668 4692 745 4763 τῷ
771 4692 918 4762 Θεῷο
959 4696 1124 4764 ἡμεῖς
1171 4696 1411 4765 οἴδαμεν,
1440 4698 1521 4750 ὃτι
1549 4694 1702 4762 οὗτος
1754 4698 1831 4752 ἄνι

1962 4712 2222 4766 Dominus
2270 4720 2456 4765 noster
2503 4708 2661 4764 Jesus
2699 4709 2946 4764 Christus
2992 4707 3334 4762 ohlocutores
3382 4721 3544 4761 coar-

220 4796 495 4862 Ορωπος
544 4786 863 4855 ἁμαρτωλός
892 4789 1058 4839 ἔστιν.
1096 4806 1114 4838 ι
1154 4786 1222 4842 ’θ’
1254 4789 1309 4841 δέ
1356 4806 1421 4857 γε
1477 4790 1677 4862 Κύριος
1699 4791 1831 4861 ἡμῶ

1958 4818 2148 4873 guens,
2181 4810 2365 4870 aperte
2397 4800 2609 4856 dicebat
2639 4815 2654 4853 :
2691 4817 2709 4851 ι
2742 4798 2875 4864 Quis
2924 4812 2991 4853 ex
3032 4799 3184 4853 vobis
3238 4795 3420 4866 arguit
3460 4809 3555 4849 me.

232 4878 493 4953 Ἰησοῦς
521 4877 779 4947 Χριστὸς,
822 4878 1322 4951 ἀθυροστομοῦντας
1362 4880 1601 4951 ἐλέγχων
1631 4882 1827 4954 διαρῤή

1959 4896 2024 4949 de
2072 4893 2339 4962 peccato?
2383 4892 2440 4946 Si
2496 4892 2781 4947 veritatem
2837 4891 2979 4956 dico,
3013 4903 3183 4959 quare
3218 4902 3323 4941 non
3365 4886 3546 4939 credi-

217 4978 338 5047 δην
376 4974 607 5042 ἔφασκε
629 4989 642 5002 ·
673 4991 693 5024 ι
730 4973 827 5036 Τίς
867 4972 927 5039 ἐξ
955 4975 1110 5045 ὑμῶν
1153 4975 1367 5045 ἐλέγχει
1399 4992 1467 5045 με
1513 4975 1641 5045 περὶ
1672 4975 1822 5045 ἁμαρ

1959 4982 2027 5035 tis
2058 4983 2187 5036 mihi
2228 4981 2272 5013 “
2302 4982 2325 5035 Ὺ
2352 5000 2370 5033 ι
2398 4981 2565 5051 Igitur
2613 4981 2658 5035 si
2692 4981 2889 5035 obtulit
2934 4980 3165 5033 hostiam
3218 4990 3324 5031 non
3370 4972 3544 5026 solum

218 5072 406 5134 τίας;
448 5067 518 5119 Εί
551 5065 606 5119 δὲ
632 5065 890 5136 ἀλήθειαν
922 5067 1086 5136 λέγω,
1114 5067 1255 5121 διατι
1291 5069 1449 5137 ὑμεῖς
1474 5069 1536 5120 ού
1566 5069 1831 5121 πιστεύετι

1963 5086 2060 5140 pro
2094 5072 2281 5137 nobis,
2314 5088 2499 5127 verum
2527 5072 2689 5126 etiam
2725 5087 2823 5141 pro
2852 5085 2912 5125 se
2946 5072 3084 5138 ipso,
3118 5068 3304 5134 utique
3359 5077 3575 5116 ηοερεοι

226 5177 373 5234 μοις
420 5178 444 5210 ι
484 5158 694 5212 Οὐκοῦν
716 5160 766 5211 εί
815 5160 1221 5230 προσκεκόμικε
1248 5158 1346 5230 τὴν
1384 5160 1595 5225 θυσίαν,
1627 5161 1770 5232 ὑπέρ
1800 5179 1828 5214 τ

1966 5163 2111 5216 sario
2135 5163 2223 5217 illa
2250 5163 2475 5234 indiguit
2496 5206 2510 5230 ,
2543 5172 2600 5216 ut
2621 5162 2782 5218 etiam
2810 5175 2909 5215 nos
2939 5160 3029 5227 qui
3060 5159 3158 5212 sub
3179 5156 3309 5225 jugo
3336 5158 3550 5224 peccati
3580 5142 3587 5147 ’

1950 3896 2113 3949 etiam
2170 3894 2367 3963 ipsum,
2430 3902 2489 3947 ut
2535 3906 2631 3947 nos
2668 3900 2906 3956 accusat,
2954 3889 3043 3944 ille
3102 3899 3254 3957 pater
3308 3888 3538 3955 peccati.

1951 3985 2102 4053 Quod
2127 3985 2173 4040 si
2208 3986 2279 4039 ita
2311 3993 2413 4049 est,
2448 3983 2717 4052 quomodo
2742 3996 2849 4034 non
2891 3980 3182 4034 mentietur
3208 3993 3329 4032 cum
3359 3977 3490 4031 dicit
3521 3995 3536 4031 :

1958 4095 1977 4128 ‹
2014 4076 2175 4130 Venit
2212 4075 2463 4143 princeps
2512 4072 2697 4125 mundi
2740 4069 2917 4137 hujus,
2971 4079 3027 4124 et
3069 4068 3121 4121 in
3171 4081 3258 4121 me
3301 4066 3541 4120 inveniet

310 5316 368 5349 ⁸ο
424 5313 576 5369 Psal.
609 5328 716 5378 ενι,
753 5313 846 5367 42.
925 5314 967 5344 ¹¹
1007 5313 1110 5369 lsa.
1138 5330 1294 5382 xuii,
1329 5314 1418 5368 9.5.
1498 5317 1540 5347 ¹²
1578 5314 1712 5371 Joan
1750 5331 1831 5370 xiv

1935 5316 2000 5372 3..
2082 5317 2125 5349 ¹³
2162 5316 2319 5372 Joan.
2346 5334 2424 5386 ix,
2462 5318 2553 5371 2L
2635 5317 2676 5348 ¹¹⁶
2716 5315 2875 5370 Joan.
2914 5329 3031 5379 vni,
3064 5313 3155 5368 46.

1530 5470 1700 5527 'ANT.
1743 5470 2018 5527 AGELLII
2060 5473 2292 5531 NOTAE.

311 5609 454 5684 (22)
503 5603 725 5662 Videtur
755 5604 1058 5676 legendum,
1094 5605 1155 5658 τὸ
1189 5604 1310 5659 καθ’
1341 5605 1514 5676 ἡμῶν.
