3926 6126
361 265 466 322 165

1351 255 1410 310 S.
1450 251 1724 309 CYRILLI
1766 252 2238 308 ALEXANDRINI
2276 250 2596 308 ARCHIEP.

3519 255 3620 307 liii

360 391 564 434 sumus.
597 376 774 446 Argue
809 373 971 444 igitur
1002 371 1151 427 illum
1180 371 1246 426 de
1280 381 1498 440 peccato
1534 387 1548 424 :
1584 369 1630 424 si
1653 371 1934 424 nobiscum

2053 370 2196 441 ήμῶν
2227 370 2427 435 αὐτῶν,
2468 370 2562 423 καὶ
2596 371 2822 440 προσέτι
2860 370 2954 422 καὶ
2982 369 3199 435 ἑαυτοῦ,
3236 369 3486 442 δεδέηται
3519 393 3622 431 που

361 467 705 530 sacriﬁcavit,
727 464 952 520 ostende
981 462 1138 537 simul
1165 461 1326 516 etiam
1349 461 1629 514 nobiscum
1659 475 1932 529 peccasse.

362 563 553 616 Pastor
569 558 658 612 ille
679 558 849 611 bonus
872 569 967 625 pro
984 567 1215 624 quonam
1242 551 1419 620 posuit
1443 551 1676 604 animam
1700 565 1850 605 suam
1868 551 1932 617 ι’,

361 667 458 720 pro
489 664 579 715 se,
614 664 679 703 an
710 662 808 716 pro
843 647 954 700 suis
981 645 1174 698 ovibus
1201 642 1224 696 ?
1253 641 1432 695 Audio
1469 641 1616 695 illum
1669 641 1934 694 dicentem

361 745 426 796 de
457 741 612 796 nobis
645 757 657 794 :
697 757 715 790 ι
743 737 843 790 Pro
875 736 1002 804 ipsis
1039 749 1140 802 ego
1178 732 1456 788 sanctiﬁco
1498 733 1760 801 meipsum
1789 732 1832 763 ¹⁶
1862 749 1877 799 ;
1913 749 1930 783 ι

362 844 448 898 et,
481 844 540 888 ut
564 831 736 899 inquit
767 827 1165 886 beatusPanlns
1197 844 1209 879 :
1241 845 1260 877 ι
1296 823 1482 880 Gratia
1517 825 1608 878 Dei
1639 840 1734 894 pro
1767 823 1939 877 omni-

363 928 464 980 bus
513 921 748 991 gustavit
785 929 1011 972 mortem
1046 918 1088 948 ¹⁷
1124 933 1138 982 ;
1179 934 1197 968 ι
1246 925 1296 969 et
1343 915 1535 970 iterum
1574 933 1587 967 :
1631 934 1651 966 ι
1687 913 1940 968 Traditus

362 1022 447 1070 cst
495 1020 714 1080 propter
759 1009 953 1064 delicta
1005 1017 1229 1070 nostra,
1260 1014 1317 1060 et
1369 1005 1672 1059 resurrexit
1722 1015 1942 1074 pr0pter

359 1101 799 1174 justiﬁcationem
861 1107 1103 1152 nostram
1145 1097 1188 1128 ⁸³
1223 1113 1238 1162 ;
1284 1115 1303 1149 ι
1341 1107 1395 1151 et
1423 1097 1562 1151 sicut
1591 1096 1722 1150 dicit
1774 1094 1942 1149 lsaias

365 1195 626 1264 propheta
658 1207 678 1245 :
715 1209 732 1242 ι
771 1189 1064 1258 Disciplina
1113 1188 1262 1259 pacis
1291 1198 1494 1243 nostra:
1529 1203 1690 1256 super
1712 1201 1858 1254 eum,
1888 1195 1942 1240 et

366 1284 538 1339 livore
570 1281 690 1351 ejus
722 1281 898 1336 sanati
927 1295 1114 1335 sumus
1145 1279 1189 1312 ¹⁶
1223 1296 1236 1347 ;
1281 1297 1299 1330 ι
1337 1293 1445 1333 non
1488 1279 1603 1348 ipse
1636 1291 1747 1332 suae
1776 1277 1945 1346 ipsius

367 1375 543 1429 carnis
602 1373 854 1444 passione
913 1371 1089 1427 obiter
1135 1380 1219 1427 est
1261 1381 1504 1425 curatus.
1553 1369 1808 1424 Traditus
1863 1377 1945 1423 est

365 1475 587 1537 propter
634 1463 831 1520 delicta
877 1474 1093 1528 nostra,
1128 1477 1234 1516 non
1284 1469 1503 1532 propter
1547 1475 1640 1514 sua
1679 1459 1946 1526 ;minime

366 1559 606 1610 otttnium
648 1577 660 1611 ε
702 1566 950 1609 naturam
988 1568 1218 1622 namque
1245 1553 1479 1608 hominis
1499 1565 1689 1605 omnes
1713 1549 1946 1603 fatemur

369 1662 434 1700 ex
465 1646 554 1700 illa
586 1646 638 1698 in
682 1646 852 1698 Adam
886 1643 1312 1710 transgressione
1334 1644 1385 1696 in
1421 1642 1850 1696 maledictionem
1882 1654 1946 1694 ac

371 1746 601 1791 mortem
661 1735 827 1790 fuisse
874 1734 1200 1800 devolutam,
1232 1733 1298 1786 ad
1331 1734 1446 1788 haec
1477 1733 1751 1787 laborasse
1783 1734 1944 1787 etiam

370 1828 633 1882 facilitate
699 1829 954 1897 peccandi
1015 1827 1070 1880 in
1122 1839 1321 1890 carne,
1353 1834 1413 1879 ut
1458 1825 1776 1895 justiﬁcatio
1820 1825 1950 1896 legis

371 1921 479 1991 93
514 1919 827 1990 impleretur
857 1920 914 1973 in
962 1919 1141 1983 nobis,
1190 1921 1280 1987 qui
1335 1933 1441 1972 non
1481 1920 1778 1972 secundum
1825 1933 1948 1972 car-

376 2031 496 2067 Item
535 2012 896 2077 ambulamus,
941 2011 1033 2065 sed
1079 2011 1375 2064 secundum
1425 2011 1670 2079 spiritum
1700 2011 1788 2062 ὀε
1826 2026 1948 2064 nam

375 2115 660 2172 propterea
717 2103 1042 2156 novissimus
1092 2102 1261 2155 Adam
1315 2111 1399 2155 est
1457 2101 1786 2171 appellatus,
1843 2116 1949 2155 non

375 2196 520 2264 quod
553 2193 752 2262 prioris
792 2193 936 2248 illius
967 2193 1113 2247 vitiis
1159 2192 1442 2260 laborarit,
1471 2195 1564 2248 sed
1595 2195 1738 2262 quod
1775 2194 1826 2247 in
1861 2209 1948 2248 se-

376 2287 511 2354 ipso,
547 2295 602 2338 et
627 2285 840 2353 quidem
870 2286 1066 2354 primo,
1097 2285 1332 2340 hominis
1353 2295 1602 2339 naturam
1638 2294 1950 2355 transgres-

376 2377 544 2430 sionis
565 2376 708 2430 illius
732 2378 934 2429 veteris
957 2377 1184 2429 crimine
1214 2376 1456 2430 liherarit
1487 2393 1500 2429 :
1529 2377 1778 2444 quamvis
1806 2377 1950 2430 enim

274 2452 296 2469 ’
378 2467 466 2519 illa
495 2465 656 2518 fuerit
693 2466 742 2518 in
796 2454 964 2518 Adam
1021 2465 1296 2528 damnata,
1349 2475 1405 2516 at
1447 2473 1595 2518 certe
1642 2465 1696 2518 in
1734 2464 1953 2520 Christo

379 2557 762 2625 probatissima
785 2564 837 2608 et
872 2555 1143 2624 imprimis
1168 2555 1504 2609 admirabilis
1547 2558 1815 2625 apparuit.
1855 2556 1952 2612 Est

378 2664 510 2718 ergo
531 2647 621 2702 ille
647 2649 862 2716 quidem
887 2655 1154 2711 terrenus,
1182 2647 1432 2700 Christus
1457 2661 1584 2701 vero
1608 2648 1846 2702 cmlcstis
1865 2649 1909 2678 ’ί
1932 2665 1947 2702 :

377 2751 432 2794 et
457 2741 584 2795 licet
614 2740 758 2809 lapsa
789 2737 860 2794 sit
891 2739 942 2792 in
984 2738 1076 2792 illo
1105 2739 1308 2807 priore,
1343 2746 1397 2791 et
1432 2739 1498 2792 ad
1530 2738 1948 2793 inobedientiam

377 2831 608 2900 deiecta,
633 2832 776 2900 quod
805 2838 890 2884 est
929 2838 1230 2898 peccatum,
1265 2837 1442 2883 tamen
1481 2837 1680 2883 statum
1711 2844 1740 2881 a
1773 2838 1950 2884 tranr

377 2925 656 2994 gressione
698 2923 923 2977 liberum
962 2925 1014 2976 in
1049 2922 1264 2977 Christo
1297 2922 1572 2985 servavit,
1605 2931 1659 2976 et
1695 2933 1949 2991 tanquam

378 3019 432 3071 in
463 3017 632 3072 altero
665 3017 833 3070 nostri
864 3017 1078 3086 generis
1119 3015 1278 3069 initio
1306 3029 1334 3066 a
1371 3015 1577 3082 peccati
1613 3013 1834 3070 vulnere
1869 3015 1952 3068 in-

2045 462 2261 524 πάντως
2307 462 2620 529 ἀναγκαίως
2667 462 2858 530 αὑτῆς,
2905 461 3046 514 καθὰ
3099 466 3193 516 καὶ
3226 463 3386 534 ἡμεῖς
3429 469 3478 520 οἱ
3521 469 3619 524 ὑπὸ

2045 553 2207 622 ζυγὸν
2237 553 2533 624 ἁμαρτίας.
2573 552 2830 619 Ἐλεγξον
2863 552 3041 606 τοίνυν
3081 554 3246 607 αὑτὸν
3289 557 3418 624 περὶ
3447 558 3620 631 ἁμαρ-

2043 645 2163 707 τίας
2187 660 2198 672 ·
2234 647 2282 697 εί
2312 645 2507 698 τέθυκε
2528 644 2583 696 δὲ
2617 644 2734 714 μεθ’
2766 643 2942 714 ήμῶν,
2980 645 3150 710 δεῖξον
3181 648 3312 716 ἡμῖν
3345 665 3627 721 συνημαρ-

2044 735 2270 804 τηκότα.
2302 736 2514 806 Ποιμὴν
2539 735 2797 804 ὑπάρχων
2825 733 3046 802 ἀγαθὸς,
3073 735 3214 806 ὑπὲρ
3240 737 3385 800 τίνος
3413 738 3628 792 τέθεικε

2046 826 2144 898 τὴν
2181 826 2316 879 ἰδίαν
2355 827 2564 896 ψυχήν;
2593 826 2732 895 ὑπὲρ
2764 825 2955 877 ἑαυτοῦ
3004 828 3224 896 μᾶλλον,
3256 829 3288 899 ἢ
3324 830 3462 899 ὑπὲρ
3521 830 3629 882 τῶν

2049 917 2372 987 προδάτων;
2403 917 2613 968 Ἀκοὺω
2638 915 2886 984 λέγοντος
2915 918 3041 985 περὶ
3072 916 3256 986 ἡμῶνο
3289 937 3308 970 ι
3339 917 3508 989 ’Υπὲρ
3532 921 3629 972 αὐ-

2046 1011 2154 1063 τῶν
2186 1008 2296 1078 ἐγὼ
2325 1009 2534 1078 ἁγιάζω
2579 1008 2812 1080 ἐμαυτόν
2835 1025 2849 1040 ι
2893 1027 2911 1060 ι
2948 1009 3042 1061 καὶ
3075 1008 3219 1062 καθά
3271 1027 3434 1080 φησιν
3476 1013 3504 1062 6
3544 1012 3630 1064 Os-

2051 1102 2268 1165 σπέσιος
2320 1101 2551 1163 Παῦλος,
2587 1118 2603 1151 ι
2642 1100 2841 1168 Χάριτι
2879 1098 3012 1152 Θεοῦ
3047 1100 3187 1170 ὑπὲρ
3229 1101 3427 1164 παντὸς
3473 1101 3630 1170 ἐγεύο

2052 1210 2183 1248 σατο
2231 1192 2500 1246 θανάτου·
2545 1210 2565 1244 ι
2621 1190 2716 1244 καὶ
2769 1190 2967 1255 πάλιν,
3011 1210 3031 1242 ι
3082 1192 3360 1262 Παρεδόθη
3418 1193 3506 1246 διὰ
3559 1194 3629 1247 τά

2051 1280 2474 1354 παραπτώματα
2506 1279 2682 1352 ήμῶν,
2713 1281 2807 1333 καὶ
2847 1279 3056 1350 ἠγέρθη
3093 1280 3180 1333 διὰ
3222 1281 3320 1352 τὴν
3344 1281 3628 1336 δικαίωσιν

2051 1372 2206 1442 ήμῶν
2225 1387 2239 1400 ⁸
2280 1391 2298 1423 ι
2330 1371 2425 1423 καὶ
2449 1370 2592 1423 καθά
2610 1385 2772 1440 φησιν
2794 1371 2822 1421 ὁ
2848 1373 3132 1440 προφήτης
3167 1370 3415 1436 Ἡσαΐας,
3449 1389 3468 1422 ι
3505 1373 3629 1426 Παι-

2051 1463 2167 1516 δεία
2215 1463 2435 1532 είρήνης
2472 1460 2627 1531 ἡμῶν
2683 1459 2770 1512 ἐπ’
2813 1460 2996 1523 αὑτὸν,
3045 1459 3124 1530 τῷ
3177 1459 3405 1531 μώλωπι
3461 1462 3626 1516 αὑτοῦ

2051 1555 2214 1624 ἡμεῖς
2258 1552 2522 1622 ίάθημενο
2563 1569 2582 1602 ι
2625 1551 2724 1603 οὑκ
2772 1551 2933 1614 αὑτὸς
2962 1551 3022 1604 τὸ
3052 1549 3162 1622 [Ion
3205 1552 3305 1623 τῷ]
3361 1553 3461 1623 τῆς
3493 1554 3629 1618 ἰδίας

2056 1644 2256 1715 σαρκὸς
2278 1642 2796 1713 παραθεραπεύεται
2826 1642 3008 1695 πάθει.
3034 1643 3311 1714 Παρεδόθη
3334 1644 3422 1696 διὰ
3443 1645 3512 1697 τὰ
3535 1662 3631 1697 πα·

2058 1732 2399 1806 ραπτὼματα
2439 1733 2597 1803 ήμῶν
2619 1747 2631 1760 ·
2661 1733 2719 1784 οὑ
2748 1731 2838 1784 διά
2869 1749 2932 1800 γε
2962 1732 3030 1785 τά
3075 1734 3266 1786 ἑαυτοῦ
3286 1749 3300 1762 ο
3335 1734 3538 1787 πολλοῦ
3565 1752 3628 1803 γε

2052 1827 2145 1878 καὶ
2166 1825 2277 1877 δεῖ·
2304 1826 2698 1894 κατενήνεκται
2727 1825 2823 1894 μὲν
2856 1825 2962 1895 γὰρ
2991 1825 3437 1894 ὁμολογουμένως
3472 1829 3505 1896 ή
3539 1829 3631 1880 άν-

2052 1917 2271 1986 θρώπου
2302 1917 2460 1985 φύσις
2485 1919 2547 1969 ἐκ
2573 1919 2669 1987 τῆς
2698 1918 2756 1969 ὲν
2793 1917 2964 1986 Ἀδὰμ
2993 1917 3352 1986 παραϐάσεως
3378 1921 3459 1981 εἰς
3487 1919 3630 1986 ἀράν

2051 2011 2146 2062 καὶ
2175 2009 2403 2062 θάνατον
2424 2025 2437 2038 ο
2471 2007 2900 2081 κατηρρώστησε
2927 2008 2983 2060 δὲ
3021 2007 3157 2079 πρὸς
3187 2009 3395 2072 τούτοις
3444 2011 3540 2062 καὶ
3569 2011 3633 2063 τὸ

2051 2099 2359 2162 εὑκολονείς
2383 2101 2654 2169 ἁμαρτίαν
2673 2101 2730 2151 ὲν
2750 2101 2815 2169 τῇ
2833 2100 3025 2171 σαρκί·
3053 2100 3141 2152 ἵνα
3160 2099 3219 2152 τὸ
3237 2099 3514 2170 δικαίωμα
3536 2101 3629 2154 τοῦ

2051 2191 2218 2261 νόμου
2247 2191 2354 2259 πλη
2367 2191 2511 2261 ρωθῇ
2539 2187 2748 2260 ὲνὴμῖν
2776 2194 2885 2253 τοῖς
2913 2191 2987 2262 μὴ
3018 2191 3160 2243 κατά
3180 2192 3359 2261 σάρκα
3394 2208 3628 2261 περιπα-

2050 2284 2254 2346 τοῦσιν,
2270 2282 2404 2334 ἀλλὰ
2426 2281 2565 2334 κατὰ
2591 2281 3227 2352 πνεῦμα.Κεχρημάτικε
3248 2282 3356 2354 γὰρ
3372 2284 3458 2336 διὰ
3483 2284 3629 2336 τοῦτο

2051 2376 2144 2426 καὶ
2174 2373 2400 2442 ἔσχατος
2441 2372 2612 2442 Ἀδάμ
2632 2389 2645 2401 ·
2670 2374 2729 2423 οὐ
2763 2374 2831 2425 τά
2864 2372 2954 2424 τοῦ
2993 2373 3209 2442 πρώτου
3238 2376 3414 2426 νοσεῖν
3445 2375 3630 2444 ἀνεχό-

2056 2480 2233 2534 μενος,
2270 2462 2626 2516 ἀπαλλάττων
2670 2463 2725 2515 δὲ
2775 2463 2972 2532 μᾶλλον
3020 2463 3095 2526 ὡς
3140 2467 3196 2516 ὲν
3225 2465 3404 2534 ἐαυτῷ
3436 2483 3494 2517 τε
3538 2468 3629 2518 καὶ

2053 2554 2253 2626 πρώτῳ
2305 2555 2402 2624 τὴν
2445 2553 2733 2625 ἀνθρώπου
2783 2554 2944 2624 φύσιν
2987 2555 3095 2607 τῶν
3144 2557 3208 2608 ὲκ
3261 2557 3627 2627 παραϐάσεως

2051 2647 2282 2717 ἀρχαίας
2310 2646 2524 2714 ἐκείνης
2557 2647 2896 2716 αἰτιαμάτων
2917 2663 2930 2676 °
2979 2647 3337 2717 κατεγνώσθη
3387 2649 3488 2718 μὲν
3520 2648 3626 2720 γὰρ

2055 2739 2260 2808 Ἀδάμ’
2326 2739 2441 2790 ἀλλ’
2485 2737 2643 2808 ὤφθη
2685 2738 3031 2809 δοκιμωτάτη
3063 2740 3158 2792 καὶ
3200 2739 3533 2808 άξιάγαστος
3570 2743 3629 2794 ἐν

2051 2829 2296 2900 Χριστῷ.
2329 2829 2523 2892 Χοῖκὺς
2567 2825 2660 2883 οὖν
2698 2833 2937 2898 ἐκεῖνος,
2986 2833 3309 2902 ἐπουράνιος
3346 2833 3403 2886 δὲ
3434 2835 3462 2886 6
3496 2834 3631 2904 Χριο

2056 2921 2198 2983 στός.
2234 2921 2344 2972 Καὶ
2387 2922 2656 2993 ἐνετράπη
2711 2924 2808 2993 μὲν
2852 2925 2908 2975 ἐν
2952 2922 3030 2993 τῷ
3063 2923 3285 2994 πρώτῳ,
3328 2941 3635 2996 κατακομι-

2056 3011 2241 3064 σθεῖσα
2274 3013 2410 3082 πρὸς
2439 3013 2744 3084 παρακοήν,
2790 3015 2926 3084 ὅπερ
2960 3014 3108 3066 ἐστὶν
3157 3016 3404 3086 ἁμαρτία
3425 3034 3438 3046 ·
3475 3019 3634 3087 τετή-

377 3120 526 3179 tegra
560 3108 843 3178 apparuit,
877 3115 932 3161 et
974 3106 1352 3160 maledictione
1397 3107 1851 3174 damnationeque
1896 3115 1947 3162 et

2058 3117 2194 3171 ρηκε
2223 3101 2277 3154 δὲ
2316 3103 2378 3154 τὸ
2421 3103 2775 3173 ἀπαράϐατον
2807 3105 2865 3156 ὲν
2908 3105 3148 3175 Χριστῷ,
3195 3106 3290 3158 καὶ
3323 3105 3398 3169 ὠς
3440 3108 3500 3161 ὲν
3530 3109 3635 3161 άπ-

380 3211 550 3255 murte
576 3209 736 3268 atque
759 3197 1104 3266 corruptione
1134 3197 1419 3251 valentior.
1449 3197 1744 3250 Conﬁrmat
1767 3206 1946 3251 autem

380 3305 481 3346 nos
521 3293 712 3344 beatus
743 3289 964 3352 Paulus,
996 3289 1088 3355 qui
1133 3287 1211 3341 sic
1262 3288 1523 3356 scripsit:
1560 3305 1578 3338 ι
1616 3287 1766 3341 Sicut
1807 3290 1950 3342 enim

380 3397 478 3451 per
507 3380 924 3435 inobedientiam
955 3380 1113 3433 unius
1148 3379 1380 3433 hominis
1407 3389 1719 3448 peccatores
1748 3381 1952 3434 consti-

381 3474 480 3526 tuti
511 3481 637 3526 sunt
670 3471 856 3526 multi:
891 3471 964 3524 ita
993 3481 1048 3524 et
1083 3487 1177 3540 per
1206 3472 1368 3525 unius
1424 3471 1786 3526 obedientiam
1821 3473 1952 3542 justi

379 3565 783 3619 constituentur
817 3563 970 3617 multi
1009 3564 1075 3614 ".
1113 3581 1130 3612 ι
1164 3562 1371 3630 lndiget
1419 3563 1581 3631 igitur
1629 3562 1806 3616 hostia
1855 3578 1954 3633 pro

379 3656 494 3710 suis
553 3655 762 3709 delictis
814 3655 1060 3724 quisquis
1115 3653 1320 3722 peccati
1381 3662 1532 3707 reatu
1587 3661 1837 3708 tenetur:
1896 3663 1954 3710 et

379 3745 573 3799 obtulit
597 3746 830 3812 seipsqu
866 3744 1115 3798 Christus
1149 3757 1246 3810 pro
1277 3755 1475 3812 genere
1499 3741 1796 3796 secundum
1828 3757 1952 3797 car-

380 3853 522 3904 nem,
578 3839 680 3893 hoc
712 3847 814 3903 est,
865 3851 961 3906 pro
1007 3837 1184 3902 nobis,
1237 3852 1342 3892 non
1395 3847 1575 3890 autem
1610 3850 1706 3904 pro
1751 3836 1952 3905 scipso,

379 3947 500 3987 cum
541 3939 764 4000 peccato
801 3932 1048 3999 superior
1081 3938 1259 3995 esset,
1296 3937 1483 3999 utpote
1520 3930 1660 3983 Deus
1685 3966 1700 3989 ,
1747 3942 1870 3981 nam
1907 3926 1954 3980 si

377 4029 595 4091 propter
639 4035 699 4076 se
747 4029 831 4075 est
863 4019 1206 4084 immolatus,
1246 4031 1374 4087 ergo
1414 4030 1522 4070 non
1561 4015 1662 4069 soli
1703 4029 1800 4068 nos
1835 4011 1955 4080 ejus

377 4114 637 4184 sanguine
669 4113 833 4180 empti
861 4127 1047 4166 sumus
1069 4111 1138 4176 ",
1173 4112 1468 4165 secundum
1498 4106 1831 4176 Scripturas,
1859 4105 1955 4159 sed

377 4208 656 4260 nobiscum
685 4206 790 4260 erit
820 4204 982 4257 simul
1025 4205 1139 4271 ipse
1191 4203 1534 4270 redemptus;
1582 4213 1758 4267 neque
1799 4197 1953 4265 juxta

376 4296 527 4350 Isaia:
551 4310 764 4360 vocem,
800 4295 1057 4348 Dominus
1095 4293 1318 4346 tradidit
1365 4293 1538 4360 ipsum
1571 4291 1809 4360 peccatis
1858 4303 1956 4341 no-

2055 3193 2196 3262 αρχῇ
2224 3191 2454 3263 δευτέρᾳ
2489 3192 2583 3245 τοῦ
2618 3194 2830 3262 γένους,
2864 3193 3019 3264 ὤφθη
3064 3212 3123 3247 τε
3158 3196 3407 3266 ἄτρωτος
3449 3199 3634 3269 ἁμαρ-

2054 3279 2219 3344 τίαις,
2256 3281 2350 3334 καὶ
2377 3281 2642 3351 κρείττων
2670 3284 2809 3354 ἀρᾶς
2832 3285 2927 3335 καὶ
2963 3283 3118 3354 δίκης
3149 3287 3243 3337 καὶ
3273 3285 3508 3340 θανάτου
3541 3289 3636 3342 καὶ

2056 3373 2282 3443 φθορᾶς.
2317 3376 2692 3446 Προσεμπεδοῖ
2725 3376 2780 3428 δὲ
2810 3377 2956 3447 ἡμᾶς
2983 3379 3011 3430 6
3047 3377 3357 3446 σοφώτατος
3385 3379 3632 3444 Παῦλος,

2055 3464 2152 3515 ὡδὶ
2179 3465 2470 3534 γεγραφώς
2493 3481 2507 3494 ”
2549 3485 2566 3516 ι
2602 3466 2813 3538 ’Ὠσπερ
2843 3467 2950 3537 γὰρ
2979 3467 3066 3520 διά
3097 3469 3196 3538 τῆς
3225 3471 3517 3540 παρακοῆς
3538 3470 3634 3524 τοῦ

2056 3556 2172 3618 ἐνὸς
2201 3555 2491 3628 ἀνθρώπου
2543 3559 2862 3630 ἁμαρτωλοὶ
2908 3562 3320 3630 κατεστάθησαν
3348 3563 3398 3614 οἱ
3424 3562 3632 3629 πολλοὶ,

2053 3646 2197 3701 οὕτω
2225 3651 2320 3703 καὶ
2371 3650 2461 3703 διὰ
2506 3651 2607 3722 τῆς
2640 3651 2887 3722 ὑπακοῆς
2931 3651 3021 3705 τοῦ
3066 3653 3205 3718 ἑνὸς,
3239 3654 3433 3707 δίκαιοι
3468 3671 3635 3708 κατα-

2057 3740 2414 3813 σταθήσονται
2453 3745 2502 3796 οί
2538 3743 2742 3800 πολλοί.
2778 3764 2796 3796 ›
2835 3747 3016 3798 Δείται
3055 3745 3118 3818 δὴ
3151 3742 3244 3800 οὖν
3281 3748 3496 3816 θυσίας,
3538 3749 3635 3820 τῆς

2056 3834 2194 3904 ὑπέρ
2223 3851 2287 3904 γε
2311 3835 2418 3888 τῶν
2449 3836 2594 3889 ἰδίων
2618 3836 3135 3908 πλημμελημάτων,
3156 3842 3264 3902 πᾶς
3286 3841 3339 3892 εί
3361 3857 3445 3904 τις
3479 3841 3636 3909 γέγο-

2054 3943 2143 3979 νεν
2176 3927 2453 3998 ἁμαρτίας
2485 3927 2664 3998 ἔνοχος
2690 3945 2702 3958 ·
2736 3931 2828 3981 καὶ
2871 3931 3278 4002 προσκεκομικε
3313 3935 3414 4000 μὲν
3445 3933 3636 3985 ἑαυτὸν

2053 4021 2081 4072 6
2112 4019 2340 4088 Χριστὸς
2369 4020 2508 4091 ὑπὲρ
2540 4019 2636 4072 τοῦ
2684 4020 2828 4074 κατὰ
2861 4022 3042 4094 σάρκα
3069 4024 3261 4092 γένους
3285 4063 3300 4088 ,
3331 4027 3638 4088 τουτέστιν,

2055 4110 2197 4180 ὑπὲρ
2255 4110 2443 4179 ἡμῶνο
2517 4111 2658 4182 ὑπὲρ
2725 4111 2922 4164 ἑαυτοῦ
2985 4111 3060 4176 δὲ,
3109 4113 3314 4177 οὐκέτι,
3370 4114 3638 4184 κρείττων

2057 4201 2330 4272 ἁμαρτίας
2376 4203 2659 4272 ὑπάρχων,
2706 4202 2781 4266 ὡς
2841 4203 2994 4267 Θεός.
3040 4205 3102 4257 Εἰ
3136 4206 3262 4276 ’γὰρ
3302 4205 3527 4258 τέθυται
3572 4203 3637 4256 δι’

2055 4293 2268 4364 ἑαυτὸν,
2322 4293 2420 4364 οὑχ
2471 4297 2632 4364 ήμεῖς
2682 4295 3072 4366 ήγοράσθημεν
3125 4297 3275 4367 μόνοι
3317 4296 3395 4366 τῷ
3443 4298 3640 4365 αἵματι

381 4387 512 4440 stris
537 4386 616 4452 “,
649 4387 741 4440 sed
772 4400 870 4454 pro
902 4385 1013 4437 suis
1043 4383 1204 4437 etiam
1237 4392 1321 4438 est
1350 4383 1527 4436 datus.
1563 4382 1668 4436 Ubi
1697 4380 1839 4436 enim
1875 4390 1947 4434 est

2058 4387 2246 4449 αὑτοῦ,
2298 4387 2438 4439 κατὰ
2471 4387 2569 4450 τὰς
2618 4387 2840 4458 Γραφάς
2860 4405 2874 4420 ’
2906 4389 3019 4441 ἀλλ’
3054 4388 3143 4457 εἴη
3171 4389 3215 4441 δ’
3242 4389 3308 4444 ἂν
3337 4390 3434 4444 καὶ
3477 4389 3636 4451 αὐτὸς

380 4479 554 4532 hostia
577 4488 632 4532 et
658 4477 884 4541 oblatio,
920 4475 990 4530 ibi
1035 4488 1257 4543 prorsus
1302 4473 1554 4528 remissio
1583 4481 1947 4541 peccatorum.

2060 4481 2191 4549 ἡμῖν
2222 4478 2728 4548 συνηγορασμένος,
2755 4479 2940 4533 οὐκέτι
2974 4479 3115 4533 κατὰ
3148 4480 3247 4550 τήν
3274 4479 3368 4534 τοῦ
3413 4481 3635 4533 Ἡσαΐου

382 4570 601 4638 Derepit
635 4568 800 4638 igitur
837 4579 1006 4623 tetnm
1049 4568 1234 4621 orbem
1276 4573 1544 4620 terrarum
1586 4563 1777 4618 beatus
1812 4562 1954 4616 Pau-

379 4661 485 4725 lus,
511 4659 602 4728 qni
636 4663 700 4713 de
732 4660 824 4714 illo
847 4659 1065 4729 scripsit
1093 4675 1108 4712 :
1152 4676 1171 4710 ι
1202 4657 1348 4713 Talis
1378 4657 1523 4712 enim
1551 4656 1707 4712 nobis
1732 4655 1958 4710 decebat

381 4762 440 4804 ιιι
470 4759 614 4804 esset
660 4749 934 4818 pontifex,
985 4759 1230 4814 sanctus,
1286 4751 1568 4817 innocens,
1620 4747 1962 4817 impollutus,

381 4849 695 4911 segregatus
718 4858 744 4892 a
772 4843 1169 4910 peccatoribus,
1193 4851 1250 4896 et
1275 4843 1544 4897 excelsior
1566 4842 1719 4897 caelis
1745 4841 1952 4905 factus;

385 4934 469 5002 qui
503 4949 610 4986 non
661 4933 826 4986 habet
866 4933 1107 5002 quotidie
1155 4935 1553 5001 necessitatem,
1600 4933 1952 5004 quemadmo-

381 5024 506 5076 dum
552 5023 884 5086 sacerdotes,
919 5021 1071 5093 prius
1104 5038 1202 5093 pro
1236 5025 1349 5078 suis
1379 5024 1588 5080 delictis
1624 5026 1826 5080 hostias
1869 5026 1953 5079 of-

382 5116 543 5182 ferre,
579 5115 772 5170 deinde
800 5129 898 5184 pro
926 5115 1106 5186 populi
1137 5133 1151 5169 :
1189 5116 1291 5170 hoc
1317 5118 1462 5170 enim
1491 5116 1620 5171 fecit
1652 5117 1818 5174 semel
1866 5133 1955 5173 se-

384 5210 555 5274 ipsum
582 5211 837 5264 olferens.
869 5207 982 5264 Lex
1001 5209 1143 5264 enim
1170 5208 1417 5263 homines
1447 5211 1732 5265 constituit
1759 5226 1956 5264 sacer-

383 5302 534 5353 dotes
563 5302 932 5356 itttirmitatem
968 5302 1233 5355 habentes
1266 5317 1278 5353 :
1309 5315 1489 5356 sermo
1523 5313 1704 5356 autem
1728 5301 1958 5370 jurisju-

385 5391 536 5445 randi
568 5393 708 5458 quod
740 5401 859 5447 post
891 5391 1064 5462 legem
1103 5401 1207 5459 est,
1240 5391 1434 5446 Filium
1464 5393 1517 5446 in
1547 5403 1804 5446 :eternum
1836 5408 1959 5462 per-

455 5589 498 5622 “
535 5587 688 5642 Joan.
726 5607 778 5654 κ,
811 5592 898 5646 15.

384 5660 537 5715 ilum.
581 5676 695 5728 vm,
730 5663 777 5714 ι.
856 5663 899 5692 ²¹
941 5662 958 5715 l
997 5663 1122 5718 Cor.
1154 5681 1240 5731 xv,
1273 5665 1361 5718 47.
1441 5667 1482 5696 ”
1523 5664 1680 5718 llom.
1716 5679 1766 5729 ι’,
1804 5665 1886 5717 ίυ.

979 5593 1020 5624 ¹⁶
1057 5593 1212 5648 Joan.
1248 5609 1378 5659 xv",
1411 5594 1496 5648 19.
1577 5594 1618 5627 ’⁷
1662 5594 1824 5648 Iiebr.
1870 5609 1928 5656 ιι,
1963 5594 2014 5646 9.
2097 5593 2140 5622 "
2182 5591 2285 5646 lsa.
2320 5609 2434 5648 LIII.
2471 5593 2537 5658 5;
2571 5592 2726 5647 llom.
2765 5607 2839 5656 tv,
2877 5592 2966 5646 9.5.

2060 4573 2264 4639 φωνὴν,
2317 4589 2335 4620 ι
2367 4569 2571 4640 Κύριος
2623 4569 2937 4640 παρέδωκεν
2985 4570 3148 4624 αὑτὸν
3186 4574 3306 4634 ταῖς
3336 4573 3637 4642 ἁμαρτίαις

2058 4662 2216 4734 ἡμῶν
2238 4681 2250 4693 ·
2290 4682 2309 4714 ι
2345 4661 2552 4714 δέδοται
2579 4661 2635 4714 δὲ
2665 4661 2868 4731 μᾶλλον
2894 4661 2988 4716 καὶ
3017 4663 3157 4733 ὑπὲρ
3189 4663 3300 4716 τῶν
3339 4663 3516 4718 ίδίων.
3559 4656 3631 4716 Οὗ

2057 4754 2167 4826 γὰρ
2195 4755 2330 4818 ὅλως
2374 4754 2534 4807 θυσία
2579 4756 2676 4808 καὶ
2710 4754 3044 4827 προσαγωγὴ
3072 4796 3087 4820 ,
3124 4757 3241 4809 ἐκεῖ
3281 4775 3384 4810 που
3418 4759 3635 4820 πάντως

2059 4847 2152 4900 καὶ
2179 4848 2373 4916 ἄφεσις
2395 4847 2702 4919 ἁμαρτιῶν.
2727 4848 3100 4917 Πεφενάκικεν
3124 4844 3218 4902 οὖν
3245 4850 3354 4918 ἄρα
3383 4851 3509 4912 τους
3535 4848 3634 4902 ἀνά

2061 4943 2242 4994 πᾶσαν
2285 4939 2385 5010 τὴν
2416 4940 2505 4993 ὑπ’
2547 4938 2776 5010 οὐρανὸν
2819 4941 2846 4992 6
2893 4938 3180 5002 θεσπέσιος
3226 4937 3472 5001 Παῦλος,
3509 4938 3635 5008 περ).

2063 5031 2226 5086 αὑτοῦ
2255 5029 2580 5102 γεγραφώς·
2621 5048 2638 5079 ι
2675 5028 2928 5091 Τοιοῦτος
2956 5028 3064 5099 γάρ
3098 5029 3230 5099 ἡμῖν
3267 5027 3510 5097 ἔπρεπεν
3539 5029 3634 5098 ἀρ-

2059 5123 2296 5192 χιερεὺς,
2326 5124 2491 5187 ὅσιος,
2526 5121 2752 5184 ἄκακος,
2784 5121 3070 5191 ἀμίαντος,
3100 5119 3508 5190 κεχωρισμένος
3533 5117 3640 5171 ἀπὸ

2059 5215 2166 5266 τῶν
2207 5214 2566 5285 ἁμαρτωλῶν,
2599 5213 2692 5266 καὶ
2723 5213 3050 5282 ὑψηλότερος
3080 5211 3186 5264 τῶν
3209 5211 3457 5282 οὐρανῶν
3489 5211 3639 5280 γενόο

2065 5320 2252 5373 μενος·
2277 5304 2334 5366 ὃς
2358 5305 2458 5357 οὑκ
2489 5303 2603 5372 ἔχει
2647 5302 2766 5354 καθ’
2809 5301 3019 5371 ἡμέραν
3049 5301 3316 5370 ἀνάγκην,
3358 5300 3553 5370 ὥσπερ
3588 5299 3638 5352 οἱ

2061 5395 2335 5462 ἀρχιερεῖς
2355 5431 2369 5457 ,
2401 5391 2666 5462 πρότερον
2701 5391 2838 5460 ὑπὲρ
2867 5389 2976 5442 τῶν
3029 5390 3172 5442 ἰδίων
3223 5390 3641 5461 ἁμαρτημάτων

3047 5592 3088 5622 ¹⁹
3129 5592 3233 5644 isa.
3264 5607 3378 5656 llll,
3405 5590 3462 5644 5.
3577 5590 3620 5621 "

2052 5664 2179 5717 ibid.
2213 5664 2264 5716 9.
2348 5667 2391 5694 ’δ
2427 5663 2532 5718 15a.
2560 5678 2676 5718 Llll.
2719 5663 2816 5724 13;
2863 5663 2877 5715 I
2927 5665 3052 5715 (lor.
3090 5678 3176 5724 xv,
3208 5662 3258 5714 5.
