3926 6126
296 252 397 307 163

1360 244 1728 303 ADVERSUS
1764 247 2172 307 NESTDRIUM
2209 251 2337 309 LIB.
2379 250 2466 308 Ill.

3432 263 3539 318 Mli

293 368 483 431 θυσίας
513 365 825 438 ἀναφέρειν,
852 364 1044 417 ἔπειτα
1081 362 1192 418 τῶν
1233 364 1332 418 τοῦ
1362 364 1489 419 λαοῦ
1510 384 1523 396 ·
1563 367 1722 422 τοῦτο
1758 368 1867 441 γὰρ

1974 370 2169 427 fectum
2196 374 2262 426 ".
2302 392 2322 424 ι
2369 371 2646 439 Quomodo
2695 372 2858 443 igitur
2902 383 3124 430 sanctus
3169 386 3254 432 est
3295 383 3532 448 pontifex

294 460 551 530 ἐποίησεν
583 457 797 526 ἐφάπαξ
824 455 1014 510 ἑαυτὸν
1040 455 1438 526 προσενέγκας.
1478 457 1536 510 Ὀ
1565 458 1727 528 νόμος
1757 459 1868 530 γὰρ

295 553 394 607 ἀνθ
405 552 621 623 ρώπους
648 549 966 618 καθίστησιν
992 548 1270 617 ἀρχιερεῖς
1299 547 1522 618 ἔχοντας
1549 549 1830 613 ἀσθενείας
1851 566 1865 581 ·

294 645 323 696 ὁ
351 642 512 711 λόγος
545 643 599 694 δὲ
629 642 726 711 τῆς
754 637 1104 710 ὁρκωμοσίας
1133 638 1239 708 τῆς
1266 639 1405 709 μετά
1428 640 1518 692 τὸν
1547 640 1869 711 νόμον,Υἱὸν

293 735 375 797 είς
418 735 510 786 τὸν
558 731 729 785 αίῶνα
766 729 1217 809 τετελειωμένον⁵
1248 748 1267 780 ›
1299 728 1421 793 Πῶς
1458 725 1551 784 οὖν
1594 731 1736 795 ὅσιος
1763 733 1865 804 ἀρ-

293 826 509 895 χιερεὺς
536 826 563 877 ὁ
595 822 833 890 Χριστός
859 837 874 886 ;
908 820 941 890 ἢ
973 819 1113 873 κατὰ
1141 818 1267 895 τίνα
1291 821 1490 891 τρόπον
1520 821 1727 886 ἄκακος
1773 823 1869 876 καὶ

293 890 570 987 ἀμίαντος,
603 916 652 966 εί
680 915 858 967 δέεται
892 911 1013 983 μεθ’
1038 890 1539 982 ήμῶνιτῆςίθυσίας
1571 931 1869 986 προσκεκο-

298 1007 535 1078 μημένος
586 1004 709 1077 [10'-
756 1001 1353 1076 προσκεκομισμὲνης]
1397 1006 1477 1068 εἰς
1523 1006 1715 1075 ἄφεσιν
1760 1006 1867 1060 τῶν

294 1096 810 1167 πλημμελημάτων,
857 1095 952 1148 καὶ
1000 1097 1079 1157 εἰς
1113 1094 1398 1148 δικαίωσιν
1423 1095 1531 1147 τῶν
1558 1097 1869 1166 ἡμαρτηκό-

294 1204 434 1255 των;
460 1188 588 1250 Πῶς
618 1184 948 1257 κεχώρισται
965 1184 1072 1239 τῶν
1101 1184 1460 1255 ἁμαρτωλῶν,
1488 1188 1536 1239 εί
1566 1186 1866 1240 δικαιοῦται

298 1283 394 1335 σὺν
429 1281 639 1344 αὐτοῖς,
670 1280 769 1349 οὐχ
801 1280 989 1350 ἑτέρου
1018 1294 1112 1331 του
1172 1278 1333 1349 χάριν
1357 1278 1453 1349 τῆς
1479 1279 1668 1342 θυσίας
1695 1295 1865 1349 προσ-

295 1370 707 1442 κεκομισμένης
732 1410 748 1434 ,
798 1369 831 1439 ἢ
873 1369 1081 1423 τούτων
1112 1369 1629 1442 αὑτῶν;.’Θαυμάζω
1668 1371 1747 1438 δὲ,
1782 1372 1867 1425 ὅτι

294 1463 725 1534 διακεκραγότος
765 1461 859 1515 τοῦ
909 1462 1147 1527 Παύλου,
1192 1462 1284 1515 καὶ
1321 1463 1466 1534 μάλα
1516 1462 1723 1531 σαφῶς,
1766 1464 1868 1517 οὐκ

297 1549 442 1606 εἶναι
482 1551 864 1622 παραπλήσιον
901 1553 1015 1616 τοῖς
1046 1552 1184 1625 ὑπὲρ
1219 1554 1330 1607 τῶν
1372 1554 1517 1608 ἰδίων
1549 1553 1867 1625 πλημμελη-

300 1644 491 1714 μάτων
520 1644 907 1715 προσκομίζειν
930 1643 1397 1715 κεκελευσμένοις,
1423 1645 1611 1700 ἔπειτα
1637 1645 1745 1699 τῶν
1768 1645 1863 1698 τοῦ

1968 462 2254 517 Christus?
2294 464 2378 518 vel
2408 464 2676 532 quomodo
2719 464 2981 519 innocens
3014 474 3069 520 et
3105 467 3450 535 impollutus,
3493 490 3537 526 st

1968 552 2254 607 nobiscum
2283 552 2486 623 indiget
2510 555 2685 609 hostia
2717 571 2812 626 pro
2838 558 3075 626 peccatis
3109 559 3446 616 remittemus
3488 575 3535 614 et

1970 640 2034 695 ad
2079 652 2392 710 peccatores
2424 642 2800 710 jttstiflcandos
2839 645 3089 701 oblatus?
3129 646 3410 711 Quomodo
3454 668 3540 704 se-

1969 739 2221 801 gregatus
2246 746 2274 786 a
2308 735 2701 800 peccatoribus,
2730 735 2776 789 si
2803 750 2908 788 una
2933 750 3055 789 cum
3085 739 3212 804 ipsis
3248 736 3358 809 95
3380 738 3541 807 justt-

1970 822 2241 888 licabitur,
2280 838 2403 878 cum
2452 825 2630 879 hostia
2657 840 2763 878 non
2807 825 2909 879 alia
2955 828 3019 881 de
3049 842 3208 881 causa
3257 830 3538 894 offeratur,

1967 927 2127 981 quam
2150 929 2247 982 pro
2281 914 2398 968 istis
2434 916 2604 983 ipsis?
2646 916 2813 970 Miror
2850 925 3030 972 autem
3068 921 3232 988 quod,
3273 922 3539 975 clamante

1966 1002 2154 1068 Paulo,
2180 1015 2233 1058 et
2258 1006 2475 1073 quidem
2507 1008 2872 1073 apertissime,
2905 1024 3011 1062 non
3042 1026 3163 1063 esse
3191 1011 3336 1065 illum
3368 1027 3538 1081 perst-

1969 1093 2149 1149 milem
2211 1095 2294 1149 his
2334 1096 2530 1165 quibus
2568 1112 2667 1167 pro
2706 1100 2823 1153 suis
2861 1099 3071 1154 delictis
3107 1100 3311 1156 hostias
3347 1102 3539 1158 offerre

1967 1186 2041 1241 sit
2062 1186 2303 1255 jussum,
2358 1190 2553 1244 deinde
2583 1205 2682 1258 pro
2709 1190 2924 1247 delictis
2961 1193 3139 1262 p0puli
3161 1231 3177 1256 ,
3214 1208 3319 1247 non
3350 1195 3540 1248 timeas

1967 1275 2238 1331 contraria
2261 1277 2555 1344 praedicare
2586 1276 2652 1331 iis
2679 1292 2796 1347 quia
2838 1277 2926 1331 ille
2964 1280 3120 1344 dixit,
3149 1279 3242 1332 sed
3292 1294 3540 1333 asserere

1967 1365 2189 1430 audeas,
2216 1379 2312 1434 pro
2344 1364 2555 1419 illorum
2590 1365 2945 1420 similitudine
2990 1366 3080 1434 qui
3133 1366 3428 1420 secundum
3462 1364 3540 1419 le-

1936 1454 2086 1526 ’gem
2116 1454 2333 1509 fuerunt
2354 1457 2682 1522 sacerdotes,
2704 1456 2865 1510 etiam
2898 1457 3067 1524 ipsum
3097 1471 3192 1523 pro
3218 1471 3279 1511 se
3309 1455 3537 1509 hostiam

1966 1545 2181 1601 offerre.
2225 1545 2294 1599 Et
2345 1547 2390 1599 si
2427 1560 2612 1599 verum
2641 1556 2722 1601 est
2754 1547 2867 1616 lege
2918 1546 3176 1600 constitui
3227 1549 3538 1600 sacerdotes

1969 1635 2229 1690 habentes
2263 1632 2650 1695 infirmitatem,
2692 1649 2941 1690 sermone
2972 1645 3148 1688 autem
3181 1633 3537 1705 jurisjurandi

298 1733 435 1787 λαοῦ
462 1733 802 1803 πρεσϐεύειν,
840 1735 900 1788 ού
928 1735 1106 1798 δέδιας
1129 1774 1145 1799 ,
1174 1731 1255 1799 οἷς
1280 1735 1382 1807 ἔφη
1413 1737 1669 1790 τάναντία
1700 1737 1865 1805 φάναι

1974 1726 2108 1794 quod
2139 1734 2258 1793 post
2289 1722 2460 1792 legem
2489 1734 2593 1786 est,
2621 1722 2815 1777 Filium
2840 1724 2893 1778 in
2921 1733 3186 1779 aeternum
3214 1722 3535 1792 perfectum.

288 1841 359 1877 τε
393 1824 598 1895 τολμᾷς
643 1823 776 1896 [τοῦ
808 1825 959 1887 λαοῦ,
1007 1826 1331 1898 πρεσϐεύειν
1355 1828 1414 1880 οὐ
1440 1828 1615 1891 δέδιας
1642 1823 1723 1892 οἷς
1760 1829 1864 1901 εφη

288 1916 558 1969 τάναντία
582 1954 598 1978 ,
639 1918 804 1985 φάναι
838 1933 896 1969 τε
930 1917 1135 1988 τολμᾷς
1158 1916 1209 1990 ],
1264 1918 1385 1973 καθ’
1433 1920 1728 1990 ὁμοιότητα
1766 1922 1868 1991 τὴν

296 2005 547 2069 ἐκείνων,
582 2006 633 2057 οἳ
677 2005 818 2059 rata
843 2008 1004 2076 νόμον
1044 2008 1331 2075 γεγόνασιν
1362 2009 1544 2079 ίερεῖς,
1584 2011 1674 2064 καὶ
1703 2011 1867 2065 αὑτὸν

302 2095 444 2166 ὑπὲρ
488 2095 688 2149 ἑαυτοῦ
735 2097 1033 2166 προσάγειν
1093 2097 1303 2152 θυσίαν.
1361 2100 1471 2152 Kal
1517 2099 1675 2168 εἴπερ
1720 2101 1867 2154 ἐστὶν

302 2184 524 2255 ἀληθὲς,
541 2184 616 2248 ὦς
641 2187 671 2238 ὁ
690 2185 851 2256 νόμος
882 2187 981 2256 μὲν
1007 2187 1326 2258 καθίστησιν
1346 2190 1620 2263 ἀρχιερεῖς
1644 2192 1867 2263 ἔχοντας

270 2308 273 2309 ν
302 2274 620 2336 ἀσθενείας⁴
642 2276 679 2327 6
697 2274 859 2344 λόγος
896 2276 950 2330 δὲ
979 2278 1080 2347 τῆς
1112 2280 1456 2349 ὁρκωμοσίας
1484 2282 1581 2351 τῆς
1616 2283 1754 2353 μετὰ
1778 2284 1869 2337 τὸν

301 2367 489 2436 νόμον,
522 2367 651 2419 Υίὺν
695 2368 777 2429 εἰς
825 2367 917 2420 τὸν
957 2368 1128 2422 αἰῶνα
1171 2369 1616 2441 τετελειωμένον·
1665 2373 1718 2425 τί
1758 2375 1870 2436 τοῖς

300 2454 548 2507 ἀσθενεῖν
576 2454 791 2507 εἰωθόσι
820 2458 995 2508 ποιεῖν
1024 2455 1132 2526 [ton
1171 2457 1367 2527 ποιεῖς]
1395 2459 1745 2529 ωναρίθμιον
1781 2460 1870 2513 τὸν

302 2545 402 2616 τῆς
435 2544 657 2599 ἐκείνων
701 2544 939 2616 πληθύος
969 2546 1326 2618 ἐξῃρημένον,
1358 2550 1453 2601 καὶ
1486 2548 1584 2619 τὴν
1617 2549 1757 2621 ὑπὲρ
1789 2552 1873 2605 νό-

296 2653 411 2706 μον
454 2635 644 2705 ἔχοντα
671 2638 970 2702 τελείωσιν,
1019 2639 1231 2692 οἴκοθέν
1272 2657 1331 2693 τε
1381 2642 1476 2695 καὶ
1502 2641 1646 2695 κατά
1690 2643 1871 2712 φύσιν,

298 2725 470 2795 εἴπερ
500 2727 646 2778 ἐστὶν
670 2726 801 2788 Υἱὸς
833 2725 1066 2795 ἀληθῶς,
1099 2728 1192 2780 καὶ
1218 2728 1305 2782 διὰ
1335 2728 1493 2783 τοῦτο
1528 2731 1691 2798 Θεός;
1728 2735 1876 2787 Ἴδω-

306 2830 416 2883 μεν
444 2814 501 2867 δὲ
525 2814 620 2867 καὶ
649 2816 714 2868 ἐκ
740 2814 835 2867 τοῦ
867 2816 1093 2886 νομικοῦ
1122 2820 1214 2871 καὶ
1235 2820 1585 2893 ἀρχαιοτέρου
1614 2826 1876 2897 γράμμα-

297 2922 420 2970 τος,
459 2905 583 2958 τίνα
616 2906 679 2975 δὴ
719 2905 922 2975 τρόπον
967 2908 1058 2960 καὶ
1104 2908 1243 2978 ὑπὲρ
1290 2910 1452 2964 τίνων
1494 2913 1875 2984 είσκεκόμικεν

297 2995 499 3050 ἑαυτὸν
520 2998 549 3049 6
590 2997 937 3068 Ἐμμανουὴλ
958 3000 1037 3062 είς
1062 2999 1238 3070 ὀσμὴν
1263 3001 1487 3066 εὐωδίας
1515 3003 1594 3074 τῷ
1637 3005 1755 3076 Θεῷ
1780 3009 1873 3061 καὶ

298 3086 502 3156 Πατρί.
543 3086 679 3139 Σκιά
720 3087 821 3157 μὲν
874 3088 983 3158 γάρ
1022 3091 1464 3160 ὁμολογουμένως
1508 3096 1538 3147 6
1581 3096 1745 3166 νόμος
1783 3093 1872 3168 ἦν,

296 3174 445 3243 πλὴν
475 3174 826 3229 ὑποτύπωσιν
854 3175 965 3247 ἔχει
993 3179 1295 3251 μυστηρίου
1328 3181 1421 3235 τοῦ
1454 3184 1599 3237 κατά
1618 3187 1874 3257 Χριστὸν,

297 3263 400 3316 καὶ
434 3264 534 3332 τῆς
557 3263 811 3334 ἀληθείας
836 3266 1014 3319 ὠδίνει
1037 3268 1139 3339 τὴν
1168 3270 1470 3339 μόρφωσιν.
1485 3274 1594 3326 Καὶ
1616 3276 1746 3344 γοῦν
1771 3278 1875 3350 ἔφη

295 3371 410 3407 που
459 3355 695 3425 Χριστὸς
742 3358 854 3420 τοῖς
889 3358 1163 3423 Ἰουδαίοις
1212 3362 1534 3432 προσλαλῶν
1556 3381 1570 3398 ο
1607 3384 1626 3417 ι
1656 3367 1719 3421 Ei
1753 3369 1877 3422 ἐπι-

295 3444 528 3499 στεύετε
555 3447 727 3515 Μωσῇ
754 3487 774 3512 ,
817 3448 1131 3502 ἐπιστεύετε
1169 3451 1234 3505 ἂν
1261 3452 1382 3521 ὲμοί
1402 3468 1417 3483 ο
1447 3455 1576 3525 περὶ
1602 3457 1713 3529 γάρ
1741 3459 1876 3529 ἐμοῦ

293 3540 515 3601 ἐκεῖνος
557 3537 783 3607 ἔγραψε,
811 3558 831 3590 ›
866 3540 991 3603 Πῶς
1014 3537 1106 3594 οὖν
1131 3541 1240 3612 ἄρα
1274 3542 1535 3599 τεθύκασι
1563 3547 1654 3600 τὸν
1683 3550 1874 3620 ἀμνὸν,

296 3626 594 3698 μέλλοντες
648 3628 747 3697 τῆς
791 3631 1103 3699 Αἰγυπτίων
1149 3633 1404 3703 ἀπαίρειν
1444 3639 1492 3689 oi
1540 3638 1599 3704 ἐξ
1649 3641 1879 3710 αἵματος

306 3716 575 3787 Ἰσραήλ;
626 3718 767 3789 ὑπὲρ
794 3720 1006 3772 ἑαυτῶν
1043 3717 1153 3792 ἆρα
1181 3724 1275 3776 καὶ
1305 3725 1505 3794 μόνων,
1555 3727 1588 3798 ἢ
1615 3731 1710 3782 καὶ
1738 3731 1878 3803 ὑπὲρ

291 3810 558 3884 [ε]αύτοῦ
578 3813 671 3864 τοῦ
690 3812 864 3881 ἀμνοῦ
882 3830 897 3879 ;
918 3815 1080 3878 Τίνας
1099 3816 1387 3887 ἐλυτροῦτο
1400 3820 1492 3873 διὰ
1506 3819 1600 3873 τοῦ
1620 3823 1877 3892 αῖματος;

289 3897 423 3970 ἆρα
448 3900 573 3962 τοὺς
601 3901 705 3953 ὺπὸ
732 3902 893 3970 ζυγὸν
921 3903 1183 3968 δουλείας,
1220 3909 1314 3960 καὶ
1341 3908 1622 3962 δύσοιστον
1646 3912 1879 3985 ἀνατλᾷν

289 3988 427 4060 [Ian
465 3986 820 4060 ἀνατλάντας]
853 3990 948 4060 τὴν
976 3993 1039 4044 ὲκ
1060 3994 1168 4047 τῶν
1196 3994 1513 4063 Αἰγυπτίων
1547 3996 1876 4068 πλεονεξίαν,

285 4078 326 4150 ἢ
370 4077 472 4131 καὶ
503 4077 732 4143 ἑαυτόν;
766 4078 909 4142 τίνος
940 4082 1198 4136 ἀπεσόϐει
1219 4084 1312 4138 τὸν
1345 4085 1702 4160 ὸλοθρευτήν;
1736 4091 1879 4147 τίσιν

284 4167 550 4236 ἔφασκεν
590 4170 618 4222 6
657 4167 763 4221 τῶν
816 4169 954 4223 ὅλων
991 4171 1120 4236 Θεὸς
1142 4213 1158 4238 ,
1194 4192 1213 4227 ι
1249 4176 1360 4230 Kal
1395 4178 1593 4252 ὄψομαι
1620 4184 1681 4237 τὸ
1714 4181 1875 4257 αἷμα,

286 4259 400 4313 καὶ
433 4262 697 4313 σκεπάσω
721 4260 900 4330 ὑμᾶςς
933 4280 952 4313 ι
980 4259 1088 4334 ἄρα
1118 4267 1228 4329 τοῖς
1258 4266 1594 4341 δεδεημένοις
1622 4277 1721 4347 τῆς
1746 4282 1876 4350 παρ’

1968 1829 2066 1870 cur
2094 1815 2146 1869 in
2185 1829 2371 1869 eorum
2414 1830 2639 1870 numero
2685 1814 2777 1884 qui
2829 1814 3027 1868 intirmi
3079 1830 3199 1869 esse
3241 1830 3535 1870 consueve-

1967 1917 2116 1975 runt,
2147 1923 2397 1963 recenses
2425 1908 2596 1977 illum,
2624 1911 2692 1964 ab
2723 1923 2913 1964 eorum
2950 1910 3104 1963 turba
3129 1919 3411 1978 exceptum
3433 1946 3450 1973 ,
3481 1918 3536 1962 et

1968 1999 2300 2069 perfectione
2342 2014 2462 2068 quae
2493 2014 2656 2068 supra
2701 2000 2870 2070 legem
2916 2009 2999 2054 est
3036 2009 3091 2054 et
3142 2000 3430 2055 iutrinseca
3483 2010 3539 2053 ct

1970 2091 2264 2146 secundum
2303 2102 2549 2145 naturam
2598 2090 2760 2145 insita
2813 2092 3127 2159 pratditum,
3159 2105 3279 2144 cum
3314 2090 3383 2144 sit
3410 2102 3539 2143 vere

1969 2180 2159 2246 Filius,
2198 2190 2253 2236 et
2301 2182 2370 2236 ob
2423 2197 2542 2236 eam
2588 2195 2806 2235 causam
2860 2180 3038 2237 Deus?
3086 2181 3193 2237 Sed
3256 2182 3534 2236 videamus

1969 2273 2133 2327 etiam
2168 2288 2233 2327 ex
2260 2272 2415 2341 legali
2442 2281 2496 2326 et
2532 2273 2699 2327 veteri
2731 2272 2970 2341 scripto,
3005 2273 3456 2342 quemadmodum
3485 2285 3541 2327 et

1969 2379 2068 2434 pro
2101 2365 2296 2432 quibus
2335 2365 2442 2418 Deo
2469 2373 2523 2417 et
2554 2363 2699 2417 l’atri
2742 2362 2977 2430 seipsum
3024 2362 3282 2417 obtulerit
3324 2363 3540 2416 Emma-

1972 2455 2095 2510 nuel
2148 2456 2201 2510 in
2247 2458 2467 2510 odorem
2508 2455 2788 2509 suavitatis
2809 2456 2875 2508 “.
2924 2452 3125 2509 Umbra
3173 2469 3405 2523 namque
3452 2454 3536 2507 les

1971 2556 2089 2603 erat
2126 2548 2311 2615 procul
2343 2547 2525 2611 dubio,
2559 2548 2651 2600 sed
2698 2556 2876 2599 tamen
2922 2543 3123 2600 Christi
3172 2545 3411 2615 mysterii
3457 2544 3539 2599 itt-

1972 2638 2348 2693 formatiouem
2402 2635 2564 2690 habet
2606 2636 2686 2699 ",
2743 2650 2808 2689 ac
2860 2635 3102 2689 veritatis
3157 2620 3535 2689 formationem

1973 2732 2223 2801 parturit.
2253 2730 2437 2798 Itaque
2462 2726 2735 2789 Christus,
2768 2743 2892 2781 cum
2921 2726 3134 2781 Judteos
3155 2728 3539 2796 alloqueretur,

1973 2820 2111 2875 dixit
2142 2836 2159 2872 :
2192 2835 2212 2869 ι
2249 2817 2305 2871 Si
2332 2816 2629 2871 crederetis
2657 2814 2811 2877 Mosi,
2839 2815 3134 2869 crederetis
3166 2816 3330 2868 etiam
3364 2816 3494 2869 mihi
3523 2834 3536 2869 :

1975 2912 2041 2965 de
2069 2926 2152 2965 me
2174 2910 2319 2965 enim
2355 2908 2443 2964 ille
2461 2908 2683 2979 scripsit
2708 2907 2776 2961 “.
2809 2926 2828 2958 ι
2861 2908 3141 2973 Quomodo
3175 2905 3338 2974 igitur
3373 2912 3543 2960 Israe-

1977 3002 2084 3057 litat
2111 3004 2178 3056 de
2200 3000 2578 3072 Aigyptiorum
2606 2999 2768 3055 terris
2799 2997 3078 3068 migraturi
3117 3011 3316 3067 agnum
3349 2999 3540 3051 immo-

1979 3094 2266 3148 laverunt?
2307 3109 2432 3147 num
2462 3106 2558 3161 pro
2588 3106 2646 3146 se
2693 3090 2823 3159 ipsis
2860 3099 3089 3156 tantum,
3123 3106 3189 3143 an
3238 3090 3401 3144 etiam
3447 3103 3544 3156 pro

1978 3184 2095 3253 ipso
2122 3184 2303 3253 agno?
2331 3198 2590 3253 quosnam
2638 3182 2939 3237 redimebat
2980 3197 3075 3251 per
3123 3196 3278 3236 suum
3326 3180 3547 3248 sangui-

1980 3274 2140 3329 nem?
2167 3289 2292 3328 num
2321 3288 2413 3328 eos
2436 3275 2527 3343 qui
2561 3275 2660 3327 sub
2683 3272 2814 3343 jugo
2842 3274 3121 3327 servitutis
3142 3282 3317 3339 erant,
3345 3280 3400 3326 et
3423 3287 3547 3342 gra-

1978 3365 2200 3419 vissimo
2226 3364 2612 3434 premebantur
2640 3363 3018 3434 Egyptiorum
3052 3365 3349 3430 dominatu,
3384 3380 3452 3417 an
3486 3379 3546 3418 se

1978 3455 2152 3526 ipsum
2179 3456 2342 3510 etiam
2363 3456 2387 3508 ?
2411 3469 2442 3508 a
2462 3469 2698 3524 quonam
2724 3455 3000 3510 avertebat
3022 3456 3547 3525 ﬁexterminatorem?

1978 3548 2238 3617 quibusve
2275 3546 2411 3601 dixit
2440 3547 2529 3599 ille
2565 3545 2707 3600 Deus
2746 3547 3121 3601 universorum
3152 3587 3166 3600 .
3209 3565 3227 3597 ι
3258 3546 3322 3600 Ει
3351 3548 3545 3602 videbo

1978 3641 2316 3709 sanguinem,
2344 3649 2399 3693 et
2430 3646 2706 3707 protegam
2735 3651 2832 3691 vos
2858 3637 2942 3691 ὀἳ
2975 3656 2993 3689 ι
3027 3637 3164 3692 Num
3195 3639 3279 3692 bis
3305 3639 3394 3707 qui
3423 3653 3548 3707 pro—

1981 3735 2213 3788 tectione
2258 3731 2590 3799 indigebant,
2639 3744 2706 3783 an
2751 3730 2850 3798 ipsi
2897 3730 3063 3784 etiam
3111 3730 3293 3799 agno?
3328 3729 3545 3784 Hostias

1979 3824 2121 3878 enim
2156 3838 2252 3893 pro
2278 3831 2499 3891 peccato
2526 3820 2904 3884 immolandas,
2936 3820 2990 3874 in
3032 3820 3147 3889 lege
3191 3830 3447 3889 tanquam
3489 3822 3543 3875 in

1982 3916 2159 3970 tabula
2187 3912 2502 3983 designabat
2527 3911 2669 3966 Deus
2698 3927 2761 3965 ac
2790 3911 2970 3974 Pater,
3008 3911 3182 3965 adhuc
3216 3912 3544 3966 adumbrans

1980 4006 2183 4062 Christi
2215 4003 2570 4073 mysterium;
2607 4000 2742 4055 dixit
2779 4009 2958 4054 autent
3009 4001 3088 4054 sic
3121 4002 3187 4054 ad
3234 4000 3415 4054 Mosen
3460 4015 3548 4054 sa-

1980 4109 2193 4151 crorum
2224 4094 2569 4161 interpretem
2604 4105 2619 4144 :
2657 4110 2675 4142 ι
2712 4090 2769 4144 Si
2805 4105 2932 4144 vero
2963 4092 3213 4145 universa
3249 4105 3547 4161 congrega-

1982 4188 2057 4240 tio
2087 4185 2314 4239 llliorum
2343 4182 2507 4237 Israel
2545 4182 2871 4252 ignoraverit
2901 4196 3002 4235 non
3031 4192 3220 4250 sponte
3241 4221 3258 4248 ,
3288 4191 3340 4235 et
3373 4181 3548 4236 latue-

1981 4278 2053 4331 rit
2103 4275 2326 4331 verbum
2366 4273 2550 4329 oculos
2584 4273 2897 4344 Synagogae,
2931 4282 2984 4328 et
3015 4272 3241 4327 fecerint
3282 4287 3445 4326 unum
3481 4287 3549 4327 an

281 4351 474 4406 αὐτοῦ
516 4353 745 4425 σκέπης,
793 4354 964 4423 ἤγουν
988 4356 1081 4409 καὶ
1107 4358 1255 4429 αὐτῷ
1285 4362 1363 4433 τῷ
1391 4365 1582 4436 ἀμνῷ;
1616 4370 1872 4425 Διετύπου

1981 4368 2232 4421 omnibus
2274 4365 2540 4418 mandatis
2588 4364 2801 4418 Domini
2842 4364 2983 4432 quod
3029 4378 3133 4416 non
3162 4361 3283 4424 ﬁet,
3326 4373 3379 4416 et
3418 4363 3549 4415 deit-

285 4445 408 4515 μὲν
439 4444 547 4511 γὰρ
574 4444 672 4507 τὰς
706 4447 845 4516 ὑπὲρ
893 4450 1001 4501 τῶν
1039 4450 1325 4523 ἁμαρτιῶν
1369 4457 1637 4512 ποιεῖσθαι
1666 4460 1877 4529 θυσίας,

280 4532 561 4602 καθάπερ
606 4535 662 4585 ὲν
705 4535 894 4588 πίνακι
938 4537 1015 4605 τῷ
1065 4539 1234 4610 νόμῳ,
1283 4546 1639 4616 σκιαγραφῶν
1693 4547 1772 4602 ἔτι
1816 4552 1882 4603 τδ

279 4620 549 4692 Χριστοῦ
589 4624 881 4694 μυστήριον
909 4628 935 4678 ὁ
966 4627 1097 4692 Θεὸς
1123 4632 1217 4683 καὶ
1251 4635 1442 4705 Πατήρ
1461 4652 1477 4666 ο
1517 4635 1620 4706 ἔφη
1654 4638 1710 4691 δὲ
1738 4639 1881 4693 οὕτω

279 4714 447 4784 πρὸς
484 4710 573 4764 τὸν
622 4712 943 4786 ἱεροφάντην
983 4719 1219 4773 Μωσέα’
1259 4740 1277 4773 ι
1330 4723 1458 4777 Ἐὰν
1491 4725 1548 4778 δὲ
1579 4729 1729 4781 πᾶσα
1754 4746 1882 4783 συν-

276 4800 503 4874 αγωγὴ
541 4802 673 4854 υἱῶν
722 4804 935 4876 Ἰσραὴλ
982 4809 1224 4885 ἀγνοήσῃ
1267 4814 1537 4879 ἀκουσίως
1560 4855 1575 4883 ,
1618 4820 1710 4872 καὶ
1740 4820 1879 4893 λάθῃ

276 4903 464 4969 ῥῆμα
501 4897 559 4962 ἐξ
593 4897 888 4968 ὀφθαλμῶν
929 4903 1025 4973 τῆς
1069 4906 1431 4979 Συναγωγῆς,
1467 4913 1561 4964 καὶ
1607 4916 1879 4979 ποιήσωσι

279 4916 464 4969 ρημα
501 4916 559 4962 ες
593 4916 888 4968 οφυαλμων
929 4919 1025 4973 της
1069 4916 1431 4979 Συναγωγῆς,
1467 4916 1561 4964 καὶ
1607 4916 1879 5056 «Mysum

279 4991 434 5061 μίαν
469 4987 578 5040 ἀπὸ
610 4988 798 5043 πασῶν
822 4989 929 5044 τῶν
957 4995 1185 5049 ἐντολῶν
1221 4998 1314 5051 τοῦ
1345 5000 1572 5072 Κυρίου,
1607 5003 1639 5073 ἢ
1676 5002 1695 5074 [
1725 5019 1786 5062 0'.
1816 5005 1879 5078 ἢ]

275 5084 345 5133 οὐ
408 5078 797 5149 ποιηθήσεται,
865 5085 960 5137 καὶ
1009 5085 1464 5159 πλημμελήσωσι,
1520 5092 1614 5144 καὶ
1663 5095 1878 5166 γνωσθῇ

274 5170 491 5228 αὐτοῖς
521 5168 554 5236 ἡ
589 5167 850 5237 ἁμαρτία,
880 5169 947 5240 ἥν
978 5172 1221 5243 ἥμαρτον
1243 5177 1381 5248 αὐτῇ
1404 5193 1417 5206 ·
1448 5179 1542 5231 καὶ
1565 5181 1823 5249 προσάξει
1845 5186 1878 5254 ἡ

278 5258 603 5328 συναγωγὴ
629 5260 829 5328 μόσχον
858 5261 921 5313 ὲκ
951 5261 1086 5330 βοῶν
1117 5266 1347 5335 ἄμωμον
1377 5270 1505 5339 περὶ
1526 5271 1819 5340 ἁμαρτίας.
1859 5292 1877 5324 ι

292 5357 437 5407 [Eva
494 5348 551 5401 δὲ
596 5352 796 5418 τρόπον
844 5350 914 5403 τὰ
955 5352 1055 5420 τῆς
1101 5354 1293 5420 θυσίας
1338 5360 1696 5415 ἐπιτελεῖσθαι
1751 5365 1877 5435 χρὴ,

1982 4457 2217 4527 qucrint,
2247 4465 2301 4510 et
2332 4465 2514 4509 notum
2548 4454 2747 4509 factum
2778 4453 2937 4507 fuerit
2971 4454 3075 4506 illis
3098 4463 3374 4521 peccatum
3405 4459 3548 4520 quod

1980 4558 2365 4617 peccaverunt;
2420 4556 2474 4601 ct
2527 4546 2757 4599 adducet
2822 4542 3168 4611 congregatio
3209 4542 3435 4595 vitulum
3483 4557 3547 4597 ex

1981 4638 2154 4694 bobus
2225 4636 2630 4692 immaculatum
2684 4649 2786 4703 pro
2815 4642 3038 4703 peccato
3074 4632 3144 4686 ³⁸.
3183 4650 3201 4684 ι
3243 4634 3348 4689 Sed
3402 4644 3550 4705 post-

1981 4744 2207 4799 eaquam
2257 4730 2506 4799 exposuit
2549 4741 2781 4795 quonam
2833 4727 2991 4780 modo
3037 4726 3212 4781 hosﬁa
3266 4728 3337 4780 sit
3415 4744 3548 4782 con-

1987 4820 2327 4883 summauda,
2382 4820 2657 4888 subjungit
2717 4825 2769 4872 et
2817 4818 2929 4871 ait:
2995 4834 3016 4868 ι
3053 4817 3119 4872 Ει
3172 4818 3551 4887 propitiabitur

1983 4913 2093 4984 95
2147 4926 2246 4981 pro
2298 4910 2430 4980 ipsis
2471 4912 2750 4974 sacerdos,
2783 4919 2839 4964 et
2890 4910 3194 4964 remittetur
3232 4910 3311 4963 eis
3361 4924 3551 4976 pecca-

1988 5013 2098 5058 tum
2127 5004 2191 5057 ".
2235 5021 2254 5053 ι
2291 5001 2409 5057 Jam
2455 5017 2583 5071 ergo
2608 5004 2918 5057 consideres
2959 5001 3156 5066 velim,
3200 4998 3379 5053 afferri
3428 4999 3551 5066 qui-

1989 5098 2108 5151 dem
2151 5095 2377 5149 vitulum
2415 5096 2467 5149 in
2508 5104 2633 5165 typo
2669 5092 2872 5149 Christi
2908 5093 3052 5147 illius
3092 5088 3462 5149 mundissimi,
3500 5096 3554 5142 et

1989 5187 2251 5241 maculam
2282 5188 2481 5240 nullam
2506 5189 2778 5250 habentis,
2809 5187 2902 5240 sed
2944 5184 3230 5236 afferentes
3261 5197 3289 5233 a
3313 5179 3425 5232 suis
3445 5180 3554 5233 cri-

1990 5276 2225 5330 minibus
2258 5275 2506 5340 liberari,
2552 5291 2658 5328 non
2692 5274 2916 5327 vitulum
2958 5286 3196 5340 prorsus.
3240 5269 3552 5323 lmmolatus

1991 5381 2223 5436 namque
2251 5377 2332 5422 est
2364 5382 2467 5421 non
2508 5381 2604 5436 pro
2644 5379 2725 5428 se,
2756 5373 2815 5418 ut
2850 5373 2905 5417 tu
2938 5362 3092 5424 dicis,
3130 5361 3222 5416 sed
3269 5376 3365 5429 pro
3405 5360 3554 5412 infir-

358 5551 414 5578 ’³
468 5543 991 5624 ῌθίηἰινιιηᾷδχξθ
1071 5548 1116 5579 ’⁸
1156 5547 1352 5617 Ephcs.
1387 5567 1437 5620 ν,
1467 5553 1520 5608 9..
1564 5558 1607 5588 ⁸⁷
1651 5556 1816 5613 llcbr.
1846 5574 1872 5610 κ

1974 5598 1982 5612 .
2060 5561 2103 5593 ³⁸
2146 5558 2300 5615 Joan.
2344 5574 2393 5624 ν,
2444 5557 2531 5611 66.
2609 5556 2653 5587 “
2691 5553 2861 5611 Exod.
2896 5568 2998 5621 xu,
3027 5554 3111 5609 15.
3191 5555 3235 5587 ³⁸
3277 5551 3550 5614 ιονίων,

289 5622 387 5684 ιι,
434 5617 522 5669 ιι.
614 5614 657 5644 υ
709 5615 839 5669 ibid.
871 5616 963 5667 eo.
