3926 6126
320 298 425 353 167

2626 216 2647 259 ἓ

1316 300 1373 353 s.
1418 298 1696 355 CYRILLI
1736 298 2201 355 ALEXANDRINI
2242 276 2625 357 ARClllEPJ

3503 307 3601 364 168

320 412 446 473 mis.
473 423 573 480 pro
612 404 810 479 quibus
850 370 1041 481 iegalis
1082 412 1200 469 ilie'
1222 415 1463 484 pontifex
1514 414 1744 470 faciebat
1781 431 1894 485 pre-

2001 416 2224 469 διειπὼν
2277 412 2337 470 εὖ
2391 370 2610 487 μάλαί
2667 414 3036 484 προσεπάγει,
3084 418 3177 471 καί
3223 435 3382 489 φηςιν
3438 438 3456 472 ι
3495 421 3603 478 Καὶ

320 517 412 558 ces
441 522 454 556 :
506 510 563 557 ut
590 517 783 559 rursus
815 504 1222 559 animadvertas
1252 507 1571 581 advocatum
1609 506 1756 559 illum
1799 521 1896 576 pro

320 598 479 648 nobis
502 591 703 648 factum
728 594 795 658 ³³,
830 593 1284 666 innocentemque
1329 604 1382 650 et
1425 606 1674 650 sanctum
1721 598 1898 665 ponti-

319 683 513 745 licem,
552 692 891 751 segregatum
943 699 974 739 a
1022 685 1397 754 peccatoribus
1444 685 1510 741 ³⁸.
1558 685 1725 756 Igitur
1772 701 1893 741 cum

316 788 500 827 sermo
529 774 826 828 adversarii
876 775 1111 844 undique
1155 775 1493 831 absurditate
1531 776 1757 842 laboret,
1801 792 1897 832 nos

317 863 632 931 pontiﬁcem
654 873 709 918 et
745 866 1048 934 apostolum
1075 866 1436 922 confessionis
1464 878 1662 923 nostra:
1693 867 1895 923 factum

317 969 440 1009 esse
468 954 699 1009 dicimus
729 954 907 1025 ipsum
940 971 1010 1010 ex
1050 956 1163 1010 Deo
1208 957 1369 1011 Patre
1404 938 1639 1013 Verbum
1667 958 1733 1023 “,
1770 976 1894 1015 cum

319 1044 495 1100 factus
532 1046 715 1109 homo,
752 1060 814 1101 se
837 1048 903 1101 ad
935 1048 1363 1103 exinanitiouem
1401 1049 1597 1118 dejccit
1625 1050 1691 1113 ³⁵,
1720 1058 1774 1103 et
1802 1066 1898 1104 uo-

319 1144 429 1190 stra
463 1138 777 1206 assumpsit,
813 1148 870 1193 ut
897 1140 1134 1210 seipsum
1167 1142 1331 1196 etiam
1363 1156 1462 1210 pro
1492 1142 1743 1196 omnibus
1775 1142 1899 1197 olle-

316 1243 443 1284 rens
470 1228 619 1284 Patri
659 1232 711 1285 in
751 1232 975 1287 odorem
1026 1235 1312 1290 suavitatis
1342 1234 1411 1299 ⁸⁸,
1461 1234 1767 1304 acquireret
1809 1251 1901 1289 or-

319 1321 439 1376 bern
493 1332 780 1390 terrarum,
834 1326 1102 1381 eximeret
1138 1328 1417 1382 veteribus
1471 1328 1666 1398 culpis,
1727 1327 1897 1397 gratia

314 1412 643 1480 iustiﬁcaret
675 1431 770 1486 per
802 1417 962 1473 ﬁdem
995 1420 1064 1483 ³⁷,
1107 1421 1298 1475 mortis
1336 1430 1499 1489 atque
1535 1419 1899 1490 corruptionis

319 1504 557 1562 victo'rcs
582 1507 842 1573 alliceret,
884 1526 1073 1567 sacros
1111 1515 1273 1568 etiam
1312 1522 1475 1584 atque
1510 1513 1896 1577 sanctificatos,

318 1607 373 1650 et
404 1598 457 1651 in
488 1601 633 1653 omni
669 1601 890 1657 virtutis
927 1620 1123 1673 genere
1153 1604 1423 1675 perfectos
1455 1606 1726 1670 redderet,
1750 1604 1900 1658 illum

320 1688 659 1743 Salvatoretu
691 1707 755 1745 ac
785 1692 1207 1763 Redemptorem
1241 1696 1582 1760 confitentes,
1609 1710 1706 1767 per
1737 1711 1898 1764 quem

2544 492 2591 551 a

1999 508 2308 572 ἐξιλάσεται
2336 500 2591 581 περγαξδ
2609 500 2719 555 τῶν
2746 506 2775 556 ό
2803 506 2998 578 ἱερεὺς,
3030 512 3122 563 καὶ
3146 510 3478 581 ἀφεθήσεται
3509 516 3602 566 αὐ-

1998 602 2108 662 τοῖς
2145 601 2180 670 ἡ
2211 599 2474 670 ἁμαρτία.
2512 619 2532 651 ι
2564 591 2791 671 ἚΔθρει
2821 595 2884 666 δὴ
2909 594 3022 662 οὖν,
3052 600 3133 652 ὅτι
3170 601 3604 671 προσεκομίξετο

2002 689 2100 760 μὲν
2138 692 2168 743 ὁ
2222 690 2423 760 μόσχος
2455 690 2515 744 ὲν
2547 687 2734 760 τόξῳ
2763 687 2997 757 Χριστοῦ
3041 689 3133 742 τοῦ
3174 691 3475 760 πανάγνου,
3506 693 3601 746 καὶ

2002 781 2193 851 μῶμον
2229 781 2323 835 τοῦ
2362 780 2472 853 (9,5)
2529 780 2610 851 μὴ
2657 773 2928 853 ςέχοντος·
2963 781 3364 850 ἀπηλλάττοντο
3396 782 3453 835 δὲ
3491 782 3599 835 τῶν

2002 868 2150 924 ἰδίων
2195 869 2533 939 αἱτιαμάτων
2564 871 2618 922 οἱ
2650 867 3161 939 ¹ιντροσκομίζονιιῖς,
3202 871 3295 922 καὶ
3339 869 3454 925 οῦτι
3494 889 3596 925 που

2003 961 2149 1031 μάλα
2192 962 2220 1014 ὁ
2267 961 2486 1031 μόσχος.
2518 957 2777 1014 Τέθιίται
2805 957 2913 1028 γὰρ
2960 960 3059 1027 οὐχ
3101 962 3241 1031 ὑπέρ
3284 979 3347 1030 γε
3396 963 3596 1033 μᾶλλον

1999 1052 2216 1117 ἑαυτοῦ,
2233 1054 2374 1107 καθά
2405 1054 2469 1106 σὺ
2497 1036 2776 1211 asiam
2802 1051 2939 1121 ὑπέρ
2966 1068 3029 1120 γε
3050 1052 3162 1106 τῶν
3190 1053 3590 1125 ἠσθενηκότων,

1999 1147 2140 1211 ὑπὲρ
2162 1140 2236 1201 ὧν
2263 1149 2496 1201 ἐποιεῖτο
2519 1148 2587 1200 τὰ
2658 1139 2810 1206 λιτὰς
2840 1144 2868 1194 ὁ
2896 1144 3036 1198 κατά
3064 1146 3263 1211 νόμους
3278 1148 3588 1211 ἀρχιερεύς.

1999 1147 2140 1217 ὑπὲρ
2162 1140 2236 1201 ὧν
2263 1149 2496 1201 ἐποιεῖτο
2519 1139 2634 1219 τὰέ
2658 1139 2810 1206 λιτάς
2840 1144 2868 1194 ὀ
2896 1144 3036 1198 κατά
3064 1146 3263 1215 νόμους
3278 1148 3588 1219 ἀρχιερεύς,

2001 1240 2089 1293 ἵνα
2110 1214 2122 1217 ’
2143 1240 2305 1294 πάλιν
2347 1241 2536 1309 ὲννοῇς
2577 1214 2687 1331 «ξὺν
2730 1234 2873 1306 ὑπὲρ
2905 1238 2937 1307 ἡ
2949 1237 3064 1307 μῶν
3107 1214 3385 1307 γεγονότα-
3418 1214 3593 1311 παράέ

2000 1332 2219 1401 κλητον,
2238 1332 2470 1402 ἀμωμόν
2491 1349 2550 1404 τὲ
2574 1324 2684 1377 ’καὶ
2709 1325 2856 1379 ὅσιον
2885 1329 3165 1401 ἀρχιερέα,
3186 1333 3592 1404 κεχωρισμένον

2001 1390 2109 1478 ,τῶᾲ
2139 1390 2893 1514 ἀμαρτωλῶν,ηανταχόθεν
2923 1390 3216 1493 τοιγαροῦν
3240 1390 3592 1497 ηὶρρωστηκό-

2001 1532 2092 1577 τος
2129 1514 2223 1567 τοῦ
2248 1515 2407 1583 λόγου
2451 1515 2514 1567 τὸ
2549 1506 2796 1599 ἀὶίαλὶξὲς
2935 1511 3002 1564 δι’
3027 1514 3296 1599 ἐναντίας,
3328 1515 3590 1585 ἀρχιερέα

2002 1602 2099 1655 καί
2147 1601 2446 1654 ἀπόστολον
2476 1602 2577 1671 τῆς
2606 1593 2904 1671 ὁμολογίας
2930 1598 3088 1668 ἡμῶν
3129 1601 3380 1668 γενέσθαι
3411 1603 3589 1672 φαμὲν

2003 1692 2167 1745 αὐτὸν
2212 1692 2304 1745 τὸν
2349 1693 2413 1745 ὲκ
2442 1691 2577 1744 Θεοῦ
2619 1685 2840 1762 Πατρὸς
2887 1688 3080 1757 Λόγον,
3111 1691 3200 1744 ὅτε
3230 1692 3456 1760 γέγονεν
3496 1692 3591 1746 ἄν·

318 1791 521 1834 etcum
548 1797 655 1850 quo
692 1783 803 1839 Deo
829 1794 883 1840 et
913 1786 1060 1842 Patri
1101 1789 1270 1859 gloria
1303 1804 1424 1844 cum
1461 1799 1649 1844 sancto
1691 1788 1894 1859 Spiritu

2003 1784 2242 1856 Θρωπος,
2275 1783 2464 1846 καθεὶς
2494 1783 2684 1835 ἑαυτὸν
2715 1758 2795 1845 είς
2825 1777 3084 1843 κένωσιν,
3110 1785 3203 1834 καὶ
3234 1758 3292 1835 έν
3313 1758 3437 1847 τοῖς
3467 1783 3588 1838 καθ’

321 1871 372 1924 in
396 1870 609 1928 smCuIa.
656 1876 851 1934 Amen.

2004 1878 2172 1947 ἡμᾶς,
2203 1876 2290 1929 ἴνα
2315 1875 2408 1928 καὶ¹
2433 1875 2573 1945 ὑπὲρ
2599 1874 2816 1928 πάντων
2838 1875 2914 1938 εἰς
2944 1870 3119 1942 ὀσμὴν
3141 1875 3366 1939 εὐωδίας
3393 1875 3585 1928 ἑαυτὸν

318 1967 538 2035 ἀναθεὶς
565 1972 642 2043 τῷ
674 1974 882 2045 Πατρὶ,
915 1975 1330 2044 κατακτήσηται
1380 1975 1478 2045 τὴν
1525 1977 1616 2026 ὑπ’
1668 1973 1918 2043 οὐρανὸν,
1963 1972 2215 2042 ἐξέληται
2254 1972 2363 2025 τῶν
2396 1970 2640 2041 ἀρχαίων
2703 1970 3065 2040 αἱτιαμάτων,
3097 1966 3361 2037 δικαιώσῃ
3391 1971 3456 2038 τῇ
3488 1968 3591 2037 χά-

324 2076 429 2126 ριτι
477 2064 567 2118 διὰ
625 2066 879 2129 πίστεως,
937 2066 1169 2120 Θανάτου
1222 2068 1318 2120 καὶ
1375 2067 1579 2137 φθορᾶς
1636 2068 1892 2136 ἀποφήνῃ
1970 2063 2327 2134 κρείττονας,
2377 2061 2555 2134 ἱερούς
2602 2078 2663 2115 τε
2714 2063 2811 2115 καὶ
2858 2044 3246 2132 ἡγιασμένᾶξις,
3324 2059 3419 2112 καὶ
3475 2059 3587 2111 πᾶν

319 2150 460 2218 εἶδος
502 2158 703 2227 ἀρετῆς
751 2154 809 2211 εὖ
848 2159 992 2227 μάλα
1027 2159 1485 2229 κατωρθωκότας,
1538 2160 1767 2228 Σωτῆρα
1842 2158 1936 2211 καὶ
2012 2156 2314 2227 Λυτρωτὴν
2361 2154 2755 2224 ὁμολογοῦντας
2787 2155 2983 2208 αὐτόν’
3027 2154 3095 2208 δι’
3137 2147 3198 2206 οῦ
3241 2154 3337 2206 καὶ
3370 2153 3489 2223 μεθ’
3521 2144 3583 2204 οὗ

318 2247 395 2317 τῷ
433 2247 551 2319 Θεῷ
584 2249 676 2302 καὶ
711 2251 882 2321 Πατρὶ
919 2252 951 2320 ἡ
982 2250 1127 2317 δόξα,
1180 2253 1276 2305 συν
1313 2251 1453 2322 ἀγίῳ
1502 2251 1778 2321 Πνεῦμα-τι
1819 2252 1896 2314 εἰς
1935 2251 2061 2312 τοὺς
2090 2248 2309 2311 αἰῶνας.
2356 2247 2547 2317 Ἀμήν.

564 2399 967 2492 TOMUS
1051 2400 1636 2503 QUARTUS.

389 2572 583 2626 Beatus
611 2570 810 2626 Paulus
852 2586 973 2625 cum
1004 2571 1141 2641 legis
1172 2587 1418 2627 umbram
1469 2573 1610 2627 haud
1650 2574 1893 2629 inutilem

322 2664 632 2719 hominibus
667 2663 751 2728 pie
777 2663 961 2718 vivere
1005 2664 1416 2719 instituentibus
1462 2667 1806 2728 ostenderet,
1840 2677 1896 2719 et

316 2772 380 2810 ea
412 2771 532 2825 quae
578 2756 705 2810 olim
754 2756 947 2825 priscis
989 2757 1297 2813 hominibus
1343 2758 1715 2828 contigissent,
1752 2758 1896 2812 velut

322 2846 557 2902 tabulam
598 2846 886 2915 quamdam
927 2856 981 2900 et.
1030 2864 1208 2902 rerum
1247 2850 1517 2904 veriorttm
1574 2850 1895 2918 descriptio-

2263 2389 2646 2476 TOMOZ
2720 2386 3313 2474 ΤΕΤΛΡΤΟΣ.

2082 2571 2143 2624 ὐ
2174 2569 2459 2630 Θεσπέσιος
2504 2567 2739 2630 Παῦλος,
2791 2569 2891 2621 οὐκ
2921 2567 3185 2637 ἀσυντελῆ
3226 2567 3363 2637 πρὸς
3390 2567 3576 2639 ὄνησιν

1999 2666 2110 2726 τοῖς
2154 2661 2398 2716 εὐσεϐεῖν
2426 2662 2744 2732 ᾑρημένοις,
2787 2661 2885 2732 τὴν
2919 2658 2977 2713 ἔν
3009 2676 3073 2728 γε
3116 2659 3192 2729 τῷ
3238 2660 3388 2731 νόμῳ
3419 2661 3575 2714 σκιάν

2002 2755 2344 2822 ἀποφαίνων,
2393 2752 2490 2805 καὶ
2537 2750 2644 2822 μὴν
2696 2751 2792 2803 καὶ
2834 2749 2903 2803 τὰ
2949 2750 3120 2803 πάλαι
3167 2752 3280 2813 τοῖς
3328 2750 3575 2822 ἀρχαίοις

2004 2843 2408 2913 συμϐεϐηκότα,
2437 2843 2688 2912 καθάπερ
2714 2842 2834 2894 τινά
2875 2841 3080 2895 πίνακα
3103 2842 3196 2894 καὶ
3222 2840 3437 2912 γραφὴν
3466 2841 3575 2895 τῶν

320 2953 442 2993 nem
513 2939 755 2994 omnium
823 2939 1019 2994 animis
1091 2941 1434 3009 apertissime
1506 2952 1892 3011 proponeret:

2001 2937 2261 3008 ἀληθεστέ
2272 2953 2380 3006 ρων
2408 2936 2528 2997 ταῖς
2560 2935 2814 2987 ἁπάντων
2840 2933 3101 2996 διανοίαις
3140 2928 3197 2986 εὖ
3227 2933 3369 3003 μάλα
3397 2951 3576 3003 παρα-

324 3050 342 3081 ι
384 3030 546 3097 Haec,
572 3030 767 3099 inquit,
795 3030 976 3084 omnia
1016 3031 1067 3084 in
1117 3033 1285 3103 figura
1332 3033 1723 3103 contingebant
1766 3034 1892 3099 illis,

319 3123 518 3192 scripta
567 3130 692 3176 sunt
733 3130 910 3176 autem
966 3122 1034 3175 ad
1086 3122 1481 3190 correptionem
1531 3133 1793 3187 nostram,
1840 3124 1894 3175 in

318 3230 454 3283 quos
489 3215 624 3267 lines
666 3212 985 3267 saeculorum
1029 3214 1363 3266 devenerunt
1390 3212 1454 3264 ³⁸.
1492 3231 1511 3263 ι
1553 3213 1665 3280 Age
1710 3213 1893 3283 igitur,

318 3322 385 3360 ex
421 3305 676 3374 legalibus
714 3303 934 3358 Litteris
963 3304 1248 3372 desumpto
1286 3304 1403 3358 loco
1443 3303 1720 3368 dicamus,
1755 3304 1894 3359 tilios

319 3396 484 3451 Israel
506 3394 634 3447 ttlitlt
664 3409 727 3448 ex
759 3391 1137 3463 Egyptiorum
1173 3394 1332 3448 terris
1378 3393 1701 3448 excedentes
1724 3434 1737 3457 ,
1771 3409 1891 3448 cum

322 3491 373 3541 iu
414 3497 611 3540 terram
647 3484 1024 3553 promissionis
1066 3493 1450 3554 properarent,
1492 3483 1545 3537 in
1582 3497 1764 3539 eremo
1813 3484 1893 3538 di-

319 3586 566 3634 versatos
598 3575 766 3631 fuisse
792 3595 807 3631 :
837 3591 1073 3646 cumque
1118 3587 1393 3646 gestorum
1428 3578 1480 3630 itt
1525 3576 1756 3648 Egypto
1794 3578 1895 3631 mi-

320 3668 626 3723 raculorum
657 3666 902 3723 infelices
924 3666 1098 3732 obliti,
1131 3678 1187 3722 et
1222 3670 1483 3722 memoria
1518 3668 1804 3723 cltaritatis
1839 3669 1891 3723 in

323 3760 488 3812 Deum
534 3758 741 3828 abiecta
782 3757 947 3829 impie
976 3769 1400 3825 murmurareut,
1445 3773 1474 3812 a
1524 3761 1889 3830 serpentibus,

318 3858 379 3904 ut
411 3850 670 3919 scriptum
707 3858 812 3915 est,
851 3850 1128 3919 perierunt
1155 3849 1221 3902 ³⁸.
1259 3849 1364 3904 Sed
1409 3865 1621 3907 morsus
1653 3867 1892 3907 venena-

321 3952 492 3995 tarum
518 3940 752 3995 ferarum
777 3938 1126 4009 eﬂ‘ngiebant,
1160 3952 1281 3992 cum
1316 3938 1408 3993 Dei
1433 3940 1674 3994 omnium
1703 3940 1891 3995 Salva-

319 4031 453 4086 toris
477 4030 698 4086 oraculo
744 4032 981 4085 monitus
1013 4029 1185 4085 Moses
1210 4037 1513 4100 serpentem
1545 4030 1651 4085 illis
1678 4045 1890 4087 aeneum

317 4120 511 4176 erexit.
533 4120 645 4191 96
670 4137 687 4171 ι
720 4119 829 4174 Fac
857 4120 974 4186 tibi,
1031 4120 1227 4190 inquit,
1288 4133 1619 4191 serpentem,
1665 4133 1719 4177 et
1752 4137 1893 4192 pone

319 4212 465 4266 illum
512 4213 565 4267 iu
609 4212 869 4281 signum:
919 4220 975 4267 et
1022 4213 1148 4278 erit,
1187 4212 1232 4266 si
1287 4214 1641 4267 momorderit
1668 4225 1891 4281 serpens

2004 3027 2204 3088 τιθείς’
2269 3022 2496 3076 «Ταῦτα
2540 3022 2597 3075 δὲ
2638 3020 2768 3093 [ἴσ.
2814 3022 3030 3084 λείπει,
3079 3018 3276 3090 φησ“ι,]
3332 3018 3578 3079 τυπικῶς

2006 3116 2319 3171 συνέϐαινεν
2388 3114 2647 3176 ὲκείνοις’
2698 3112 2916 3182 ἐγράφη
2980 3111 3035 3163 δὲ
3098 3111 3232 3180 πρὸς
3297 3109 3577 3162 νουθεσίαν

2003 3208 2179 3280 ἡμῶν,
2219 3211 2299 3270 εἰς
2346 3205 2438 3270 οὒς
2480 3205 2548 3259 τὰ
2592 3204 2720 3274 τέλη
2769 3204 2877 3257 τῶν
2922 3202 3134 3257 αἰώνων
3186 3207 3519 3273 κατηντηκε.
3553 3221 3572 3253 ι

2000 3300 2135 3369 Φέρε
2162 3297 2226 3369 δὴ
2258 3293 2350 3350 οὖν
2390 3298 2455 3349 ὲκ
2493 3293 2735 3365 νομικῶν
2760 3293 3112 3363 Γραμμάτων
3139 3292 3370 3356 ἑλόντες,
3403 3291 3577 3360 λέγω·

2002 3391 2214 3460 μεν,ώς
2238 3387 2625 3458 κατηυλίζοντο
2655 3386 2754 3458 μὲν
2776 3386 2968 3456 ἐρήμῳ
2992 3385 3120 3438 ποτε
3142 3383 3243 3453 τῆς
3261 3384 3578 3451 Αἰγυπτίων

2002 3483 2333 3552 ἀσπαίροντες
2362 3483 2411 3535 οἱ
2437 3479 2497 3544 ἐξ
2533 3479 2775 3550 Ἰσραὴλ,
2822 3479 2915 3531 καὶ
2945 3480 3025 3541 εἰς
3069 3478 3166 3547 τὴν
3196 3479 3298 3549 τῆς
3339 3480 3580 3546 ἐπαγγε-

2001 3576 2120 3638 λίας
2154 3572 2565 3633 διασπεύδοντες
2600 3570 2733 3641 γῆν·
2765 3569 2951 3640 ἐπειδὴ
2982 3569 3040 3623 δὲ
3069 3569 3177 3622 τῶν
3213 3571 3270 3623 ὲν
3313 3570 3579 3639 Αἰγύπτῳ

2002 3653 2768 3739 θαυμάτωνάμνημονοῦντες
2815 3662 2865 3715 οἱ
2909 3661 3175 3725 τάλανες,
3223 3662 3319 3715 καὶ
3360 3662 3459 3731 τῆς
3496 3663 3579 3725 εἰς

2000 3761 2135 3815 Θεὸν
2170 3759 2391 3828 ἀγάπης
2419 3754 2929 3827 ἀμνημονήσαντες,
2948 3752 3297 3821 διεγόγγυζον
3322 3752 3574 3815 ἀνοσίως,

2002 3854 2106 3907 ὑπὸ
2134 3851 2244 3905 τῶν
2276 3851 2452 3920 ὄφεων
2487 3846 2803 3901 ἀπώλλυντο
2828 3887 2842 3909 ,
2879 3844 3022 3898 κατά
3071 3845 3132 3897 τὸ
3168 3846 3575 3916 γεγραμμένον.

2001 3942 2236 4012 Διέδρων
2267 3958 2331 4010 γε
2361 3940 2469 4011 μὴν
2501 3938 2569 3992 τά
2612 3939 2719 3991 τῶν
2755 3937 2974 3991 ἰοϐόλων
3003 3936 3292 4009 δήγματα,
3328 3936 3419 3989 τὸν
3452 3936 3577 4004 ὅφιν

2000 4033 2182 4095 αὐτοῖς
2226 4032 2317 4085 τὸν
2369 4028 2604 4101 χαλκοῦν
2644 4025 3125 4097 ἀναστηλώσαντος
3173 4028 3268 4081 τοῦ
3308 4027 3577 4092 Μωσέως,

1944 4182 1954 4193 η
1998 4125 2093 4179 τοῦ
2119 4127 2336 4181 πάντων
2356 4125 2612 4194 Σωτῆρος
2633 4120 2767 4175 Θεοῦ
2789 4120 3342 4192 κεχρησμῳδηκότοςο
3369 4139 3386 4173 ι
3412 4122 3581 4193 Ποίη-

2003 4235 2093 4273 σον
2123 4215 2306 4287 σαυτῷ
2330 4216 2475 4285 δφιν,
2498 4215 2593 4269 καὶ
2614 4214 2704 4277 θὲς
2735 4212 2898 4266 αὑτὸν
2926 4212 3018 4264 ἐπὶ
3046 4215 3290 4283 σημεῖον·
3306 4213 3401 4265 καὶ
3422 4212 3583 4266 ἔσται

317 4304 615 4365 hominem,
653 4302 903 4371 quisquis
930 4317 1142 4359 morsus
1175 4304 1357 4366 fuerit,
1394 4303 1585 4357 videns
1622 4302 1772 4357 illum
1811 4304 1890 4357 vi-

2001 4308 2091 4362 ὲάν
2117 4306 2257 4379 δάκῃ
2282 4307 2405 4377 δφις
2435 4306 2744 4377 ἄνθρωπον,
2777 4305 2884 4368 πᾶς
2918 4304 2947 4357 ὁ
2975 4302 3302 4374 δεδηγμένος
3333 4303 3459 4357 ἰδὼν
3483 4308 3583 4358 αὖα

317 4403 405 4446 vet
426 4390 493 4445 “.
527 4409 547 4443 ι
579 4388 705 4446 Haec
753 4406 883 4463 ergo
926 4391 1097 4463 ﬁgura
1146 4393 1464 4464 mysterium
1511 4392 1712 4447 Christi
1751 4403 1889 4450 enat.

314 4481 449 4535 Cum
479 4480 625 4536 enim
664 4483 804 4537 Deus
850 4492 1000 4538 esset
1026 4483 1361 4553 unigenitum
1404 4480 1497 4535 Dei
1536 4481 1805 4550 Verbum,
1838 4495 1892 4539 et

313 4582 410 4637 per
447 4580 698 4624 naturam
730 4571 930 4626 bonum
983 4587 1048 4627 ex
1083 4574 1225 4626 bono
1268 4570 1465 4637 Patre,
1498 4572 1770 4641 particeps
1812 4573 1892 4628 la—

313 4670 459 4714 etum
508 4670 593 4716 est
638 4662 920 4731 sanguinis
946 4672 1003 4718 et
1052 4664 1254 4726 carnis,
1288 4662 1394 4718 ltoc
1430 4673 1530 4727 est,
1572 4664 1775 4720 factum
1811 4678 1893 4723 est

317 4753 497 4818 homo,
530 4764 586 4808 et
617 4756 772 4810 nobis
801 4757 893 4826 qui
925 4755 1050 4809 mali
1081 4770 1325 4824 eramus,
1357 4755 1533 4813 aﬂinis
1558 4799 1575 4826 ,
1622 4771 1893 4829 quatenus

314 4856 462 4898 certe
499 4847 659 4901 homo
695 4847 870 4902 nostri
901 4845 1098 4901 similis
1132 4845 1278 4903 fuit:
1320 4852 1555 4917 positum
1599 4861 1684 4906 est
1724 4854 1889 4908 etiam

314 4934 367 4987 in
416 4936 667 5003 sublime,
722 4939 827 4992 ltoc
864 4946 971 5001 est,
1026 4951 1242 4994 crucem
1296 4941 1510 5007 pertulit
1561 4943 1614 4997 in
1644 4943 1809 5014 ligno,
1836 4954 1893 5000 et

314 5034 540 5080 mortem
581 5031 880 5083 secundum
915 5041 1158 5096 carnem,
1200 5030 1302 5085 etsi
1346 5032 1544 5086 revixit
1580 5032 1669 5087 die
1706 5034 1889 5103 tertia,

313 5116 521 5174 calcato
557 5121 747 5175 mortis
779 5121 1005 5188 imperio
1033 5121 1100 5176 ⁸¹.
1141 5121 1276 5178 Cum
1305 5125 1469 5195 igitur
1491 5131 1753 5186 adversus
1780 5132 1891 5188 dis-

312 5212 685 5275 pensationem
738 5212 921 5268 carnis
979 5216 1304 5273 stultissime
1376 5218 1760 5290 obloquimur,
1835 5232 1890 5280 et

381 5348 427 5430 '_'
463 5349 623 5430 .J‘uau.
654 5352 814 5430 ll,_i_.‘
876 5352 923 5430 ff
964 5352 1125 5430 [lebn
1166 5371 1263 5423 vn,
1290 5356 1382 5415 26.
1460 5359 1504 5391 "
1544 5359 1711 5416 Hebr.
1745 5377 1827 5430 ιιι,
1860 5365 1911 5419 1.

312 5418 358 5450 ³⁸
397 5419 417 5474 ι
458 5420 583 5475 Cor.
627 5436 679 5488 ιι,
717 5421 803 5476 Η.
880 5423 925 5455 ³⁸
965 5422 1123 5482 Num.
1158 5418 1271 5494 nt,
1310 5429 1562 5501 (iseqq;
1597 5433 1617 5486 l
1653 5433 1779 5492 Cor.
1813 5418 1865 5500 Ξι,

2028 5418 2519 5512 usitatam,
2558 5443 2611 5500 9.

1996 4400 2088 4453 τὸν
2119 4398 2365 4469 ζήσεται.
2408 4416 2428 4451 ι
2460 4398 2776 4469 Μυστήριον
2801 4396 2857 4448 δὲ
2884 4395 2993 4466 ἄρα
3021 4394 3081 4447 τὸ
3110 4393 3249 4447 κατὰ
3279 4395 3517 4466 Χριστὸν
3549 4398 3586 4460 ἡ

1995 4491 2239 4554 τύπωσις
2263 4486 2350 4560 ἦν.
2369 4490 2501 4556 Θεὸς
2522 4493 2632 4566 γάρ
2658 4496 2920 4567 ὑπάρχων
2946 4498 2975 4550 ό
3004 4495 3300 4567 μονογενὴς
3319 4495 3415 4549 τοῦ
3439 4496 3540 4550 Geo
3556 4500 3593 4551 ὖ

1996 4583 2189 4652 Λόγος,
2235 4584 2330 4637 καὶ
2378 4583 2437 4650 ἐξ
2475 4585 2682 4654 ἀγαθοῦ
2712 4588 2928 4660 Πατρὸς
2974 4587 3177 4656 ἀγαθὸς
3217 4587 3360 4642 κατὰ
3390 4587 3592 4657 φύσιν.

1998 4673 2263 4744 μετέσχεν
2285 4676 2521 4746 αἵματος
2547 4678 2642 4731 καὶ
2668 4679 2888 4751 σαρκὸς,
2936 4680 3203 4744 τουτέστι,
3237 4680 3459 4749 γέγονεν
3482 4680 3585 4733 ἀν·-

1996 4765 2233 4837 Θρωπος,
2260 4768 2390 4839 ἡμῖν
2420 4787 2479 4823 τε
2509 4774 2623 4834 τοῖς
2652 4775 2908 4843 πονηροῖς
2930 4772 3329 4843 παραπλήσιος,
3350 4774 3492 4827 κατά
3511 4789 3583 4841 γε

1993 4858 2055 4911 τὸ
2078 4854 2217 4912 εἶναι
2244 4860 2369 4913 καθ’
2400 4863 2548 4932 ἡμᾶς
2592 4861 2881 4933 ἄνθρωπος
2922 4864 3186 4934 δηλονότι.
3230 4864 3478 4918 Τέθειται
3516 4865 3586 4917 δὲ

1994 4952 2088 5005 καὶ
2114 4953 2200 5024 ἐφ’
2232 4953 2439 5026 ὑψηλοῦ
2460 4973 2473 4986 ι
2513 4957 2782 5024 τουτέστι,
2813 4959 3050 5029 σταυρὸν
3094 4957 3290 5028 ἀνέτλη
3339 4957 3432 5011 τὸν
3478 4958 3586 5011 ἐπὶ

1995 5043 2175 5110 ξύλου,
2206 5048 2300 5100 καὶ
2344 5047 2437 5102 τὸν
2468 5049 2610 5104 κατὰ
2660 5050 2840 5122 σάρκα
2870 5050 3120 5114 θάνατον,
3149 5054 3198 5106 εί
3245 5051 3338 5105 καὶ
3371 5049 3588 5104 ἀνεϐίω

1992 5137 2291 5208 τριήμερος
2315 5177 2330 5203 ,
2358 5139 2419 5192 τὸ
2454 5140 2547 5193 τοῦ
2575 5138 2810 5196 θανάτου
2846 5144 3097 5214 πατήσας
3150 5142 3370 5214 κράτος.
3402 5143 3587 5195 Ὅταν

1992 5230 2174 5285 τοίνυν
2206 5232 2271 5285 ὲκ
2300 5231 2502 5303 πολλῆς
2530 5233 2672 5303 ἄγαν
2698 5236 2991 5300 ἀσυνεσίας
3011 5274 3027 5301 ,
3069 5239 3167 5307 τῆς
3202 5235 3341 5308 μετά
3368 5233 3590 5307 σαρκὸς

1991 5367 2309 5469 "‘OPbilipp.
2340 5386 2403 5436 ιι,
2429 5371 2484 5428 7.
2560 5372 2606 5405 “
2645 5373 2846 5476 Ephes.
2879 5391 2933 5439 ν,
2961 5374 3020 5428 2.
3097 5374 3143 5405 ⁸⁷
3185 5373 3366 5445 Ephes
3424 5386 3484 5443 tt,
3513 5368 3587 5426 8-

2115 5439 2273 5495 Nuut.
2312 5459 2426 5502 χιιι,
2463 5442 2519 5502 8.
2558 5443 2611 5500 9.
2717 5447 2732 5477 ί
2773 5445 2939 5502 Hebr.
2986 5461 3048 5502 tt.
3090 5445 3174 5499 M.

2823 5462 2939 5502 eor.
2986 5462 3048 5512 ll,
3090 5462 3174 5499 ιι.

1568 5587 1727 5643 ΑΝΤ.
1770 5588 2044 5647 AGELLII
2087 5594 2322 5651 ΝΟΤίἘ.

383 5707 493 5780 (2⁸5)
518 5706 676 5767 Forte
710 5712 899 5786 μῶμόν
927 5733 1047 5769 που.
