3926 6126
259 298 357 355 169

1330 302 1693 360 ADVERSUS
1734 298 2134 365 NESTORIUSI
2172 303 2299 365 LIB.
2344 313 2427 366 lV.

3386 323 3487 379 no
3578 288 3581 289 ν

257 418 568 488 οἰκονομίας
601 417 1097 487 καταγογγύζοντες
1122 459 1136 484 ,
1173 422 1266 474 καὶ
1303 420 1361 474 τὸ
1388 423 1620 487 ἀκαλλὲς
1656 425 1816 496 αὐτῆς

1930 436 2140 496 turpem
2175 430 2318 483 illam
2349 438 2598 497 putantes
2640 429 3009 487 erubescimus
3041 440 3133 487 aut
3165 435 3364 490 sentire
3402 444 3493 492 aut

258 508 660 578 καθορίζοντες,
684 507 1066 578 αἰσχυνώμεθα
1098 513 1312 582 φρονεῖν
1341 512 1373 582 ἢ
1400 512 1598 581 λέγειν,
1616 514 1824 586 ἀνθρω-

257 616 357 653 πον
405 599 653 668 γενέσθαι
692 600 813 653 καθ’
859 602 1006 670 ἡμᾶς
1042 601 1131 653 τὸν
1183 603 1274 655 τοῦ
1320 602 1454 655 Θεοῦ
1498 588 1705 672 Λόγον,
1731 606 1826 658 καὶ

256 673 517 760 meavit;
565 692 727 761 σαρκὶ
776 692 920 744 κατὰ
978 692 1265 762 ἀλήθειαν,
1302 694 1423 747 τότε
1471 699 1564 749 καὶ
1609 696 1825 768 δράκων

256 784 397 851 ἡμᾶς
422 784 450 835 6
473 781 779 851 ἀρχέκακος
816 783 1122 843 ἀποκτενεῖ,
1142 784 1241 851 τῆς
1274 785 1468 839 ἑαυτοῦ
1499 787 1825 854 δυστροπίας

260 874 333 927 ίδν
366 873 553 944 ὥσπερ
579 872 702 925 τινὰ
729 875 850 935 ταῖς
892 873 1192 942 ἡμετέραις
1221 873 1482 940 διανοίαις
1523 878 1687 940 ἐνιεὶς
1724 878 1824 948 τὴν

257 962 547 1031 πλάνησινο
591 959 994 1029 διαφευξόμεθα
1046 958 1140 1023 δὲ,
1191 960 1284 1013 καὶ
1338 961 1408 1014 τὰ
1461 962 1563 1032 τῆς
1615 963 1822 1016 ἐκείνου

258 1054 572 1124 σκαιότητος
606 1049 1044 1122 διακρουσόμεθα
1079 1050 1271 1120 βλάϐη,
1316 1054 1424 1115 τοῖς
1471 1052 1568 1123 τῆς
1597 1054 1823 1124 καρδίας

252 1146 491 1215 ὗμμασιν
537 1143 833 1213 ἐνορῶντες
865 1141 944 1211 τῷ
971 1141 1126 1208 ὄφει·
1162 1141 1431 1206 τουτέστι,
1482 1143 1543 1196 τὸ
1584 1145 1821 1213 Χριστοῦ

256 1239 552 1307 μυστήριον
601 1234 819 1306 ἀκριϐεῖ
860 1234 1069 1304 διανοίᾳ
1123 1235 1646 1305 κατασκεπτόμενοι.
1687 1235 1821 1287 Τότε

252 1332 376 1399 γάρ,
408 1330 529 1381 τότε
561 1326 884 1398 φρονοῦντες
906 1325 1060 1395 ὀρθὰ,
1089 1325 1478 1388 άνενδοιάστως
1500 1326 1823 1396 όμολογήσο⁴

255 1438 351 1489 μεν
372 1422 454 1473 ὅτι
486 1420 677 1486 γέγονε
711 1417 847 1487 σάρξ
874 1418 902 1470 6
930 1415 1023 1469 τοῦ
1052 1415 1185 1468 Θεοῦ
1208 1416 1399 1484 Λόγος,
1425 1417 1519 1469 καὶ
1541 1417 1813 1487 προῆλθεν

251 1512 313 1562 ἐκ
352 1509 614 1577 γυναικὸς
647 1508 784 1578 μετά
809 1507 901 1559 τοῦ
940 1510 1115 1578 μεῖναι
1140 1507 1292 1572 Θεὸς,
1323 1509 1414 1561 καὶ
1436 1507 1580 1560 εστιν
1603 1510 1631 1561 6
1662 1508 1822 1571 αὐτὸς

246 1601 383 1664 Θεός
412 1618 471 1654 τε
513 1599 647 1669 ὁμοῦ
694 1600 785 1652 καὶ
816 1598 1095 1669 ἄνθρωπος
1116 1615 1130 1629 ·
1181 1599 1306 1652 οὔτε
1334 1601 1443 1661 τοῖς
1477 1600 1575 1669 τῆς
1609 1599 1820 1668 ἀνθρω-

250 1693 487 1761 πὸτητος
525 1690 744 1760 μέτροις
771 1689 1111 1760 ἐπερυθριῶν
1157 1690 1245 1744 διά
1280 1708 1338 1743 τε
1375 1690 1492 1762 [ἷσ.
1528 1691 1617 1744 διά
1641 1690 1727 1763 γε]
1763 1690 1824 1743 τὸ

1926 520 2109 574 dicere
2145 522 2315 589 ipsum
2349 521 2437 575 Dei
2470 521 2700 574 Verbum
2745 522 2942 577 factum
2977 537 3099 578 esse
3137 525 3303 579 nostri
3343 526 3494 580 simi-

1927 608 2029 662 lem
2063 609 2359 671 hominem,
2393 618 2447 663 et
2496 612 2646 664 carni
2703 612 2994 665 secundum
3052 613 3336 667 veritatem
3373 615 3493 667 uni-
3525 630 3535 655 ι

1926 709 2061 758 tum.
2111 712 2221 753 tum
2265 702 2495 770 denique
2538 702 2698 755 draco
2742 702 2830 756 ille
2882 703 3143 757 malorum
3192 706 3344 775 origo
3393 719 3493 759 nos

1925 789 2155 851 occidet,
2192 789 2245 844 in
2298 800 2512 845 nostros
2551 791 2759 845 animos
2806 791 3155 860 malignitatis
3184 808 3294 848 sum
3333 795 3493 847 sedu-

1926 879 2160 933 CIionem
2192 878 2342 946 (μιοεί
2377 894 2641 933 venenum
2684 879 3009 947 infundens;
3040 880 3358 953 eﬂ’ugiemus
3396 898 3493 935 an-

1927 978 2057 1034 tem,
2115 976 2170 1022 et
2221 969 2424 1021 illatam
2480 968 2548 1023 ab
2605 970 2747 1024 illius
2789 973 3147 1040 perversitate
3200 973 3487 1042 perniciem

1923 1058 2262 1123 amoliemur,
2298 1059 2341 1113 si
2375 1060 2552 1115 cordis
2581 1060 2764 1116 oculos
2799 1061 2851 1114 in
2901 1072 3202 1132 serpentem
3244 1063 3492 1132 coniece-

1925 1152 2114 1215 rimus,
2149 1153 2251 1207 hoc
2280 1160 2381 1216 est,
2400 1154 2443 1206 si
2468 1154 2668 1207 Christi
2695 1156 3007 1223 mysterium
3043 1155 3285 1226 diligenti
3313 1157 3488 1210 anim-

1924 1244 2239 1300 adversione
2278 1246 2818 1301 cunsideraverimus.
2867 1245 3003 1301 Tum
3047 1248 3279 1317 denique
3341 1259 3491 1302 recte

1924 1339 2224 1393 sentientes
2282 1338 2429 1393 omni
2485 1340 2823 1395 dubitatione
2877 1351 3081 1394 remota
3116 1341 3491 1395 conﬁtebimur

1924 1422 2098 1496 ipsum
2142 1427 2231 1482 Dei
2268 1427 2501 1481 Verbum
2542 1429 2742 1483 factum
2775 1444 2896 1484 esse
2935 1446 3178 1494 carnem,
3210 1441 3263 1484 et
3306 1431 3375 1484 ita
3421 1446 3487 1484 ex

1923 1518 2147 1572 muliere
2190 1519 2475 1587 prodiisse,
2506 1529 2565 1572 ut
2623 1529 2866 1574 maneret
2926 1520 3085 1585 Deus,
3132 1523 3489 1591 eumdemqne

1923 1607 2091 1661 Deum
2123 1607 2281 1661 simul
2308 1618 2363 1664 et
2395 1609 2669 1664 hominem
2700 1625 2840 1674 esse,
2869 1626 3043 1680 neque
3079 1612 3144 1665 de
3176 1612 3487 1666 humanita-

1927 1697 1993 1751 tis
2026 1699 2292 1753 mensuris
2325 1700 2734 1754 erubescentem
2772 1712 2989 1770 propter
3031 1702 3365 1757 excellentite
3409 1705 3488 1758 di—

250 1786 349 1855 τῆς
396 1786 664 1856 ὑπεροχῆς
712 1784 956 1856 ἀξίωμα·
1006 1785 1131 1837 οῦτε
1178 1787 1284 1856 μὴν
1328 1786 1428 1856 τῆς
1484 1786 1816 1858 θεοπρεποῦς

1923 1789 2202 1858 gnitatem,
2236 1805 2408 1859 neque
2438 1806 2626 1845 rursus
2668 1792 2865 1846 divina:
2911 1792 3054 1848 illius
3105 1796 3391 1864 potestatis
3433 1807 3488 1850 et

250 1875 517 1941 ἐξουσίας,
570 1877 663 1929 καὶ⁸
709 1876 1018 1947 ύπερτάτης
1050 1878 1297 1941 εὐκλείας
1342 1880 1700 1949 ἐστερημένος
1732 1879 1819 1932 διὰ

246 1970 307 2021 τδ
342 1968 701 2036 ἀνθρώπινον.
751 1970 813 2020 Οἱ
861 1968 916 2021 δὲ
965 1968 1029 2039 δὴ
1072 1970 1140 2021 τὰ
1188 1968 1364 2021 τοιάδε
1415 1968 1711 2042 διακρίνειν
1757 1964 1816 2022 εὖ

250 2059 399 2129 μάλα
442 2059 849 2129 κατηθισμένοι,
878 2058 942 2110 δι’
968 2060 1170 2129 ἀμφοῖν
1217 2059 1310 2111 τον
1352 2059 1467 2122 ἕνα,
1495 2061 1588 2111 καὶ
1632 2058 1691 2111 τδ
1730 2059 1817 2111 ἐπ’

248 2151 402 2221 αὐτῷ
441 2151 736 2220 μυστήριον
771 2150 964 2219 ἰσχνῶς
998 2152 1089 2202 καὶ
1114 2149 1493 2221 ὲξητασμένως
1525 2151 1813 2214 συνιέντες,

247 2242 530 2308 λέγουσιν’
571 2260 588 2291 ι
623 2242 687 2292 Ὢ
718 2241 879 2310 βάθος
926 2239 1156 2293 πλούτου
1192 2241 1284 2293 καὶ
1314 2241 1505 2309 σοφίας
1555 2240 1645 2293 καὶ
1681 2240 1817 2308 γνώο

248 2346 384 2395 σεως
416 2332 571 2398 Θεοῦ,
603 2331 677 2395 ὡς
706 2330 1102 2402 ἀνεξερεύνητα
1132 2331 1199 2384 τὰ
1225 2331 1467 2402 κρίματα
1500 2331 1682 2393 αὑτοῦ,
1727 2330 1820 2383 καὶ

246 2423 649 2491 ἀνεξιχνίαστοι
673 2424 728 2475 αί
755 2422 863 2474 ὁδοὶ
893 2422 1080 2474 αὐτοῦ.
1118 2422 1214 2484 Τίς
1246 2422 1353 2491 γὰρ
1383 2422 1521 2490 ἔγνω
1555 2422 1679 2475 νοῦν
1702 2424 1818 2475 Κυ-

247 2512 405 2581 ρίου;
441 2529 460 2562 ι
506 2512 643 2564 Ἀλλ’
696 2513 794 2564 οὐκ
838 2507 935 2565 οἷδ’
984 2513 1128 2575 ὅπως
1178 2512 1251 2575 ὡς
1302 2513 1570 2579 ἁνέφικτά
1619 2529 1677 2562 τε
1728 2512 1822 2564 καὶ

246 2603 465 2679 ἀκαλλῆ
500 2604 656 2655 ταυτὶ
705 2601 1059 2672 διωθούμενος
1082 2644 1096 2667 ,
1130 2604 1229 2672 τῆς
1262 2602 1353 2655 τοῦ
1381 2603 1630 2671 Σωτῆρος
1668 2602 1820 2672 ἡμῶν

244 2696 509 2758 εύκλείας
530 2696 623 2748 καὶ
658 2696 955 2765 ὑπεροχῆς,
986 2695 1045 2746 οὐ
1083 2695 1316 2764 μετρίως
1345 2694 1524 2747 οὑτοσὶ
1554 2693 1821 2747 ποιεῖσθαι

244 2787 572 2858 κατατολμᾷ
612 2786 710 2857 τὴν
756 2787 1088 2856 κατάρρυσιν
1122 2787 1247 2857 [ἶσ.
1282 2785 1688 2859 κατάρῤησιν]’
1726 2785 1820 2839 καὶ

246 2881 449 2950 μέτρον
490 2878 680 2949 ὥσπερ
733 2877 878 2946 αὐτῷ
924 2879 984 2930 τὸ
1030 2879 1148 2932 καθ’
1195 2880 1341 2950 ἡμᾶς
1384 2879 1687 2949 ἀπονέμων,
1727 2878 1819 2932 καὶ

243 2971 430 3043 ἕτερον
453 2970 623 3032 οὐδὲν,
654 2968 967 3033 δεδοξάσθαι
998 2970 1160 3040 φησὶν
1182 2970 1340 3022 αὑτὸν
1368 2969 1517 3040 παρά
1548 2969 1638 3021 τοῦ
1664 2970 1817 3038 ἁγίου

244 3062 582 3131 Πνεύματος,
630 3062 726 3131 οὐχ
768 3061 840 3124 ὼς
893 3062 999 3132 ἰδία
1051 3061 1271 3132 δυνάμει
1316 3060 1615 3131 χρώμενον,
1648 3063 1716 3133 τῇ
1749 3060 1816 3114 δι’

242 3154 434 3215 αὑτοῦ,
466 3155 558 3207 καὶ
593 3152 829 3222 πληροῦν
855 3151 922 3205 τὰ
948 3154 1047 3222 τῆς
1084 3152 1426 3224 θεοσημείας,
1474 3152 1588 3204 ἀλλ’
1618 3152 1816 3216 ἔξωθεν

243 3246 338 3299 καὶ
372 3244 801 3313 είσκεκριμένως
833 3244 1211 3311 κερδαίνοντα,
1236 3244 1297 3296 τὸ
1324 3245 1622 3315 κατορθοῦν
1655 3245 1817 3299 δύνα-

246 3336 372 3389 σθαί
409 3352 462 3387 τι
502 3334 609 3386 τῶν
659 3334 1150 3404 τεθαυμασμένων
1193 3335 1281 3389 ἵνα
1312 3336 1376 3405 δὴ
1412 3338 1654 3405 φαίνοιτο
1696 3337 1820 3391 καθ’

240 3428 392 3496 ἡμᾶς
436 3426 678 3495 ἰαμάτων
710 3443 809 3478 που
843 3428 978 3495 τάχα
1024 3427 1270 3497 χάρισμα
1317 3428 1515 3491 λαϐὼν,
1559 3430 1725 3497 φάναι
1757 3445 1817 3480 τε

241 3517 494 3585 ὀφείλων,
542 3516 681 3567 κατᾶ
731 3515 820 3567 τὸν
875 3516 1142 3587 μακάριον
1181 3517 1421 3570 Παῦλον·
1469 3536 1486 3569 ι
1525 3520 1719 3588 Χάριτι
1758 3517 1818 3570 δὲ

241 3605 379 3658 Θεοῦ
412 3608 528 3675 εἰμι
560 3605 588 3658 ὂ
612 3608 745 3673 εἰμι.
784 3625 802 3657 ›
842 3600 933 3667 Οἷς
959 3606 1066 3674 γὰρ
1100 3606 1333 3658 ἐπακτὸν
1366 3607 1461 3659 καὶ
1495 3607 1727 3677 θύραθεν
1756 3610 1817 3660 τὸ

241 3693 387 3750 εἶναί
428 3715 481 3749 τι
514 3697 607 3749 καί
645 3697 902 3750 δύνασθαι
933 3697 1252 3766 κατορθοῦν,
1284 3694 1429 3753 οῦτοι
1462 3702 1619 3769 φαῖεν
1654 3700 1719 3752 ἂν
1750 3700 1819 3751 εί-

241 3790 423 3851 κότως
440 3789 531 3840 καὶ
560 3788 658 3859 τὴν
676 3788 882 3841 τοιάνδε
914 3791 1120 3861 φωνήν.
1157 3789 1336 3855 Δεῖξαι
1375 3792 1503 3861 γὰρ,
1531 3790 1605 3853 ὡς
1622 3790 1816 3855 οἴεται,

242 3878 535 3950 βουληθεὶς
575 3878 827 3946 ίσουργδν
858 3880 936 3943 εἰς
983 3880 1198 3934 ᾶπαντα
1250 3882 1349 3953 τὴν
1380 3881 1543 3948 ἁγίαν
1587 3880 1812 3953 Τριάδα,

242 3969 417 4023 πάλιν
448 3962 550 4020 ὧδέ
585 3985 765 4037 φησιν·

317 4057 338 4130 [
370 4059 429 4110 Ὀ
456 4056 588 4119 Θεὸς
634 4057 804 4125 Λόγος
847 4059 1059 4125 ἐγένετο
1110 4059 1266 4129 σὰρξ,
1304 4058 1399 4112 καὶ
1423 4059 1723 4130 ἐσκήνωσεν
1756 4060 1813 4112 ὲν

237 4152 400 4220 ἡμῖν.
432 4147 796 4201 Συνεκάθισεν
820 4148 996 4219 ἑαυτῷ
1017 4149 1113 4220 τὴν
1143 4150 1539 4220 ἀναληφθεῖσαν
1567 4154 1594 4205 6
1622 4152 1813 4222 Πατὴρ

238 4246 658 4315 ἀνθρωπίτητα.
696 4261 714 4293 ι
756 4240 889 4295 Εἷπε
918 4245 1045 4313 γὰρ,
1089 4246 1267 4314 φησὶν,
1300 4247 1327 4297 6
1359 4244 1559 4316 Κύριος
1594 4244 1670 4315 τῷ
1696 4247 1811 4298 Κυ-

241 4334 343 4405 ρίῳ
371 4350 492 4403 μου·
507 4332 690 4386 Κάθου
715 4334 779 4386 ἐκ
794 4332 985 4396 δεξιῶν
1005 4351 1124 4402 μου.
1152 4353 1170 4384 ι
1192 4334 1298 4402 Τὴν
1310 4334 1401 4386 τοῦ
1416 4335 1813 4404 ἀναληφθέντος

237 4517 375 4585 γάρ,
414 4517 596 4584 φησιν,
630 4516 754 4587 ἔλθῃ
796 4516 857 4567 τὸ
892 4516 1117 4586 Πνεῦμα
1156 4517 1254 4586 τῆς
1290 4517 1565 4588 ἀληθείας,
1604 4518 1807 4579 ἐκεῖνος

236 4608 343 4675 ἐμὲ
371 4605 605 4670 δοξάσει.
642 4625 660 4657 ι
699 4606 884 4659 Βούλει
922 4610 1015 4659 καί
1053 4607 1217 4677 ἀλλην
1243 4608 1335 4660 ἐπὶ
1382 4608 1593 4671 τούτοις
1626 4609 1806 4670 αὐτοῖς

236 4698 336 4768 τῆς
365 4697 407 4747 Τ
414 4696 594 4766 ριάδος
627 4697 936 4767 ὲνέργειαν;
964 4698 1265 4769 Ἐνῲκησεν
1295 4702 1323 4752 6
1348 4701 1473 4762 Υἱὸς
1503 4703 1558 4752 ὲν
1594 4700 1672 4768 τῷ
1700 4698 1805 4751 σώ-

238 4805 374 4857 ματι
396 4804 408 4816 ·
448 4787 772 4858 συνέστησεν
797 4792 824 4843 6
855 4789 1039 4860 Πατὴρ
1068 4790 1456 4859 βαπτιζόμενον
1476 4808 1487 4819 ·
1523 4790 1807 4842 διέπλασεν

235 4880 293 4929 ἐν
314 4877 583 4946 Παρθένῳ
602 4878 661 4931 τὸ
684 4878 947 4952 Πνεῦμα.]
980 4878 1123 4934 Εἶτα
1145 4880 1333 4933 πάλιν
1353 4880 1503 4949 φησί
1528 4880 1659 4946 περὶ
1681 4880 1799 4932 τῶν

236 4971 422 5039 ἁγίων
455 4970 811 5023 ἀποστόλων
834 4988 847 5001 '
876 4970 967 5043 [Ὁ
988 4973 1115 5035 Υἱὸς
1135 4972 1435 5037 ἐξελέξατο.
1461 4993 1479 5023 ‹
1504 4971 1642 5040 Ἐγὼ
1671 4974 1798 5043 γὰρ,

238 5063 424 5131 φησὶν.
446 5062 590 5131 ὑμᾶς
609 5062 958 5135 ἐξελεξάμην.
994 5084 1012 5115 ι
1047 5068 1103 5118 Ὀ
1122 5065 1307 5137 Πατὴρ
1324 5065 1518 5135 ήγίασε
1538 5083 1551 5094 ·
1579 5085 1595 5115 ι
1622 5067 1803 5135 Πάτερ

238 5152 365 5223 γὰρ,
402 5155 585 5222 φησὶν,
628 5154 851 5222 ἁγίασον
886 5156 1082 5219 αὐτοὺς
1109 5159 1166 5209 ἐν
1194 5159 1260 5227 τῇ
1292 5157 1518 5228 ἀληθείᾳ
1540 5174 1652 5208 σου.
1682 5177 1698 5205 ι
1735 5156 1807 5207 Τὸ

241 5242 462 5313 Πνεῦμα
495 5243 864 5296 κατεσκεύασε
901 5243 1182 5316 ρήτορας.]

835 5357 1086 5410 ΚΕΦΛΛ.
1126 5357 1208 5410 A'.

304 5465 428 5519 Ὅτι
461 5465 557 5535 μὲν
579 5462 671 5519 οὖν
694 5466 896 5535 ἄσοφός
919 5484 978 5552 τε
1009 5470 1102 5519 καὶ
1126 5467 1368 5537 ἀτερπὴς
1396 5467 1424 5520 6
1459 5466 1678 5537 σύμπας
1706 5466 1802 5518 αύ-

303 5622 347 5653 "
386 5620 545 5677 Rom.
576 5636 650 5681 XI.
679 5621 769 5677 55.
848 5622 965 5653 ‘3'“
1002 5622 1021 5674 1
1061 5623 1186 5678 Cor.
1227 5641 1316 5690 xv,
1355 5625 1434 5678 l0.

262 5706 347 5756 xv,
380 5693 463 5746 16.
539 5693 583 5722 δ’
617 5690 776 5745 Juan.
810 5708 939 5758 XVII,
973 5693 1059 5746 17.

468 5785 743 5844 Ρηιιοι.
792 5785 910 5845 Gn.
950 5784 1223 5846 LXXVI.

1843 3106 1890 3166 ο

1515 5624 1558 5654 ⁸⁸
1595 5622 1748 5678 Joan.
1792 5637 1829 5687 ι,
1865 5618 1950 5671 Η.

1922 1892 2142 1933 summa;
2174 1879 2356 1949 gloria:
2384 1892 2659 1950 expertem
2696 1892 2914 1951 propter
2944 1884 3354 1941 humanitatem.
3383 1887 3485 1954 Qui

1923 1969 2085 2038 igitur
2110 1969 2371 2037 eiusmodi
2399 1988 2483 2026 res
2507 1974 2673 2040 probe
2711 1973 3025 2030 discernere
3062 1989 3483 2047 consueverunt,

1922 2068 1980 2111 ut
2004 2074 2100 2129 per
2131 2071 2415 2131 utrumque
2445 2079 2630 2129 unum,
2663 2075 2713 2118 et
2751 2065 2867 2131 ejus
2914 2069 3226 2136 mysterium
3277 2070 3487 2123 subtili-

1924 2155 2004 2200 ter
2029 2158 2079 2201 et
2114 2159 2366 2203 accurate
2397 2152 2722 2221 intelligant,
2753 2154 2937 2208 dicunt
2968 2174 2981 2208 :
3024 2172 3043 2206 ι
3079 2154 3124 2210 Ο
3153 2157 3380 2212 altitudo
3404 2160 3487 2213 di-

1921 2237 2168 2291 vitiarum
2196 2250 2248 2293 et
2272 2241 2545 2309 sapientiae
2576 2253 2630 2295 et
2658 2244 2891 2299 scientia:
2920 2244 3011 2301 Dei
3042 2260 3058 2299 :
3088 2261 3251 2317 quam
3282 2248 3487 2303 incom-

1920 2329 2298 2396 prehensibilia
2363 2340 2486 2386 sunt
2527 2332 2731 2402 judicia
2783 2335 2919 2403 ejus,
2975 2346 3027 2391 et
3084 2338 3484 2406 investigabiles

1921 2420 2018 2473 vite
2047 2421 2193 2489 ejus!
2233 2420 2364 2487 Quis
2393 2423 2537 2477 enim
2572 2428 2821 2493 cognovit
2852 2443 3066 2484 sensum
3114 2430 3419 2485 Domini“?
3459 2451 3480 2485 ι

1920 2511 2026 2566 Sed
2054 2514 2231 2567 nescio
2257 2529 2361 2582 qua
2390 2515 2455 2569 de
2480 2529 2641 2570 causa
2669 2518 2769 2571 iste
2798 2518 2955 2573 homo
2989 2521 3068 2575 bis
3104 2523 3297 2588 rebus,
3330 2523 3483 2592 quasi

1920 2606 2277 2675 impossibiles
2300 2607 2473 2663 sintet
2490 2610 2758 2678 absurdae,
2778 2612 3009 2680 rejectis,
3037 2616 3269 2682 superbe
3289 2617 3487 2672 audeat

1920 2698 2217 2753 Salvatoris
2240 2699 2411 2753 nostri
2448 2700 2634 2769 gIOria!
2664 2712 2716 2755 et
2740 2703 3069 2758 excellentiae
3095 2706 3404 2771 detrahere,
3427 2714 3486 2761 et

1920 2803 2225 2843 mensuram
2263 2790 2336 2843 illi
2375 2800 2617 2843 nostram
2649 2792 2910 2858 tribuens,
2945 2803 2999 2848 et
3027 2803 3289 2864 prazterea
3324 2796 3481 2862 nihil,

1918 2880 2275 2946 glorilicatum
2302 2894 2423 2934 eum
2452 2880 2645 2935 dicata
2677 2879 2879 2951 Spiritu
2904 2895 3112 2949 sancto,
3141 2885 3258 2956 ejus
3286 2888 3484 2943 virtute

1919 2986 2022 3024 non
2056 2981 2111 3023 ut
2143 2972 2357 3041 propria
2383 2981 2640 3038 utentem,
2676 2982 2731 3029 et
2762 2974 2939 3029 divina
2981 2977 3133 3045 signa
3158 2976 3357 3047 facere,
3388 2982 3485 3036 sed

1919 3062 1985 3116 ad
2042 3063 2299 3118 miracula
2361 3066 2587 3130 edenda,
2640 3067 2942 3122 extrinseca
2983 3079 3038 3123 et
3084 3071 3378 3126 adventitia
3426 3072 3480 3126 vi

1920 3151 2227 3222 praeditum,
2262 3165 2320 3207 ut
2356 3154 2464 3223 jam
2497 3157 2742 3211 videatur
2774 3168 2959 3214 nostro
2987 3158 3094 3230 97
3136 3175 3285 3216 more
3318 3174 3482 3217 cura-

1922 3244 2122 3298 tionum
2152 3244 2378 3312 gratiam
2421 3248 2720 3315 accepisse,
2762 3258 2813 3302 et
2843 3264 2964 3302 cum
2997 3251 3155 3305 beato
3199 3251 3367 3306 Paulo
3400 3252 3484 3307 di-

1918 3348 2043 3389 cere
2072 3335 2269 3389 debere
2293 3352 2305 3388 :
2331 3354 2347 3387 ι
2370 3335 2552 3391 Gratia
2591 3338 2678 3392 Dei
2704 3356 2822 3393 sum
2858 3341 2908 3393 id
2941 3343 3083 3410 quod
3122 3358 3241 3398 sum
3274 3343 3412 3399 ιλιι.
3457 3364 3475 3395 ι

1918 3422 2123 3489 Quibus
2166 3424 2311 3478 enim
2347 3427 2698 3481 adventitium
2733 3439 2899 3483 estet
2949 3432 3099 3500 quasi
3144 3434 3481 3490 extrinsecus

1917 3500 2250 3582 impertitum
2279 3526 2336 3569 ut
2366 3518 2563 3584 aliquid
2603 3520 2732 3585 sint,
2777 3536 2839 3573 ac
2873 3520 3130 3590 perficere
3170 3525 3403 3593 possint,
3442 3527 3481 3581 ii

1917 3606 2109 3660 merito
2149 3608 2285 3663 hanc
2310 3624 2493 3664 vocem
2526 3613 2775 3665 emittere
2806 3624 3073 3681 poterunt.
3109 3616 3306 3672 Volens
3329 3620 3475 3673 enim

1916 3698 2222 3762 ostendere,
2251 3708 2310 3751 ut
2338 3710 2510 3767 putat,
2559 3703 2624 3755 ad
2665 3704 2843 3757 omnia
2891 3706 3037 3773 paris
3084 3721 3204 3761 esse
3230 3706 3481 3763 eﬂicaciaa

1915 3798 2158 3843 sanetam
2211 3787 2575 3858 Trinitatem,
2607 3806 2797 3847 rursus
2837 3794 2887 3846 in
2941 3797 3081 3849 hunc
3137 3800 3351 3852 modum
3401 3801 3483 3853 di-

1915 3878 2023 3932 cit:

1985 4056 2221 4112 Nesron.
2256 4056 2423 4126 [Deus
2454 4056 2681 4109 Verbum
2735 4059 2932 4111 factum
2980 4069 3063 4114 est
3105 4076 3251 4126 caro,
3283 4072 3339 4117 et
3384 4065 3483 4119 ha-

1915 4151 2106 4204 bitavit
2143 4151 2193 4202 in
2226 4148 2380 4202 nobis
2402 4148 2468 4202 ".
2499 4149 2693 4203 Secum
2724 4152 3007 4206 considere
3037 4152 3163 4207 fecit
3203 4153 3361 4209 Pater
3389 4172 3477 4211 as-

1915 4251 2184 4308 sumptam
2217 4239 2605 4293 humanitatem
2639 4255 2652 4291 :
2691 4259 2708 4291 ‹
2748 4241 2891 4294 Dixit
2922 4243 3063 4296 enim
3088 4284 3101 4308 ,
3132 4244 3344 4316 inquit,
3374 4245 3479 4300 Du-

1918 4331 2095 4383 minus
2121 4329 2348 4383 Domino
2376 4345 2498 4384 meo
2527 4352 2538 4384 :
2576 4330 2714 4384 Sede
2747 4347 2775 4384 a
2807 4333 3011 4387 dextris
3039 4336 3172 4389 meis
3193 4337 3259 4390 “.
3296 4354 3315 4388 ι
3348 4334 3479 4393 Glu-

147 4422 158 4431 ’
236 4426 299 4477 τὸ
354 4424 576 4494 Πνεῦμα
622 4424 896 4477 κατελθὼν
954 4425 1310 4495 συνεκρότησε
1364 4425 1540 4488 δόξαν.
1591 4444 1609 4475 ι
1648 4426 1813 4479 Ὅταν

1923 4422 2053 4475 riam
2104 4423 2363 4490 assnmpti
2423 4420 2658 4489 Spiritus
2711 4423 3042 4475 descendens
3105 4429 3477 4491 comparavit:

1922 4535 1939 4565 ι
1973 4514 2106 4569 Cum
2136 4515 2364 4579 venerit,
2406 4515 2598 4582 inquit,
2650 4512 2881 4580 Spiritus
2929 4514 3193 4577 veritatis,
3251 4515 3340 4569 ille
3396 4534 3482 4571 me

1916 4606 2322 4674 gloriﬁeabit".
2365 4624 2383 4656 ι
2420 4605 2586 4657 Visne
2634 4605 2796 4656 etiam
2831 4603 2988 4656 aliam
3024 4606 3088 4657 ad
3114 4605 3226 4659 inec
3261 4609 3480 4676 adjicia-

1918 4715 2035 4751 mus
2060 4696 2341 4749 Triuitatis
2371 4694 3044 4749 clIicientiamHlabitavit
3072 4696 3239 4753 Filius
3273 4700 3322 4753 in
3354 4718 3478 4755 cor-

1918 4802 2083 4854 pore:
2122 4785 2518 4839 commendavit
2565 4785 2887 4852 baptizatum
2935 4785 3127 4854 Pater;
3176 4786 3482 4843 eﬂ'ormnnt

1916 4893 2034 4929 enm
2066 4878 2116 4929 in
2152 4875 2365 4944 Virgine
2398 4873 2678 4943 Spiritus]
2708 4875 2901 4929 Deinde
2936 4894 3117 4931 rursus
3154 4880 3227 4931 ait
3258 4881 3321 4933 de
3352 4900 3476 4933 san-

1911 4970 2007 5021 ctis
2037 4968 2325 5034 apostolis:
2357 4966 2549 5037 [Filius
2582 4968 2742 5035 elegit
2773 4982 2803 5020 :»
2826 4986 2843 5018 t
2885 4970 2992 5036 Ego
3040 4971 3184 5023 enim
3207 5012 3220 5032 ,
3266 4973 3433 5041 inquit
3461 5013 3476 5036 ,

1913 5059 2044 5125 elegi
2069 5074 2161 5110 vos
2183 5057 2227 5087 ⁸⁸
2247 5094 2260 5107 .
2289 5076 2306 5107 ι
2334 5054 2493 5110 Pater
2515 5056 2898 5111 sunctilicavit:
2924 5076 2939 5106 ι
2955 5057 3129 5122 Pater,
3146 5059 3338 5124 inquit,
3358 5076 3480 5111 5m:-

1914 5152 2090 5201 ctiliea
2126 5165 2218 5202 eos
2246 5149 2298 5201 itt
2331 5152 2554 5201 veritate
2585 5160 2667 5200 tua
2704 5148 2768 5203 δ’,
2809 5168 2826 5197 ι
2870 5148 3105 5216 Spiritus
3146 5148 3323 5202 cll'ecit
3357 5168 3479 5202 ora-

1917 5239 2119 5308 tores.J

2577 5346 2729 5399 CAP.
2773 5345 2813 5399 I.

1984 5462 2175 5515 Totum
2238 5461 2452 5529 quidem
2516 5471 2820 5511 sermonem
2861 5457 2927 5510 ab
2982 5474 3046 5513 eo
3097 5460 3374 5522 habitum,
3422 5470 3477 5511 et

2030 5617 2073 5649 ιθ
2114 5614 2252 5671 l’sal.
2288 5629 2395 5678 cur,
2430 5616 2476 5668 1.
2556 5611 2596 5645 ν
2637 5611 2789 5666 Joan.
2823 5611 3163 5678 “1,15,”.
3244 5609 3285 5640 ⁸⁸
3321 5604 3481 5661 Joan.

3060 5770 3093 5827 6
