3926 6126
360 293 460 348 171

361 409 673 481 imperitum
702 423 825 464 esse
875 415 930 462 et
970 405 1252 460 molestum
1283 442 1299 469 ,
1352 399 1664 454 facillimum
1710 405 1793 448 est
1837 409 1929 449 οε·
1960 398 2004 450 Α

363 502 584 555 tendere
621 515 635 551 :
680 501 775 553 sed
804 499 855 552 in
914 512 978 550 eo
1032 495 1299 564 quomodo
1345 491 1512 545 etiam
1561 489 1792 542 insaniat
1834 501 1929 538 ex-

364 608 584 660 ponam.
625 591 741 647 Una
765 600 848 645 est
878 590 1019 643 enim
1055 584 1352 640 divinitatis
1385 591 1598 645 natura,
1636 579 1728 634 sed
1754 577 1929 632 subsi-

363 684 457 738 stit
491 686 708 752 proprie
744 698 804 735 ac
838 678 1181 748 singulariter
1203 673 1387 738 Pater,
1409 682 1465 727 et
1492 670 1684 732 Filius,
1720 669 1933 722 itidem-

367 792 471 847 que
503 775 742 843 Spiritus
773 792 786 827 :
813 772 1119 826 eﬂiciuntur
1147 776 1328 820 autem
1364 765 1547 819 omnia
1578 778 1605 816 a
1656 761 1840 827 Patre,
1879 770 1935 812 et

364 882 464 935 per
490 867 683 919 Filium
733 865 784 917 in
831 861 1071 931 Spiritu;
1121 867 1176 913 et
1216 859 1339 912 dum
1369 855 1528 911 Pater
1579 860 1826 907 movetur
1866 848 1933 903 ad

366 954 1044 1021 efﬁcientiamaliquorum,
1069 947 1256 1017 procul
1291 945 1451 1000 dubio
1485 942 1639 999 eﬂicit
1682 939 1852 995 Filius
1880 939 1933 992 itt

371 1046 575 1112 Spiritu
617 1062 630 1097 :
659 1051 714 1097 et
739 1043 783 1097 si
812 1041 939 1111 quid
969 1040 1137 1094 Filius
1163 1038 1433 1107 complere
1455 1035 1653 1089 dicitur
1690 1040 1782 1086 aut
1813 1029 1936 1100 Spi-

370 1135 529 1199 ritus,
565 1135 666 1187 hoc
699 1147 830 1186 sane
860 1146 1081 1201 prorsus
1110 1140 1192 1184 est
1219 1145 1282 1182 ex
1312 1129 1488 1192 Patre,
1538 1140 1602 1179 ac
1643 1140 1737 1192 per
1767 1133 1934 1178 totam

371 1224 549 1294 pergit
587 1233 830 1278 sanctam
865 1232 920 1276 et
969 1220 1482 1275 consubstantialem
1525 1217 1842 1271 Trinitatem
1882 1216 1934 1269 in

368 1330 753 1385 quamcunque
791 1330 901 1369 rem
935 1316 1160 1368 tendens
1191 1312 1431 1381 operatio
1463 1320 1626 1380 atque
1666 1308 1935 1363 voluntas.

371 1406 756 1462 Verumtamen
787 1406 840 1460 in
876 1405 960 1459 his
997 1404 1123 1458 illud
1157 1403 1443 1458 dicendum
1491 1409 1593 1455 est.
1640 1400 1775 1455 Vide
1821 1414 1941 1452 rur-

369 1512 488 1551 sum
525 1507 583 1550 ut
615 1506 802 1565 aperte
851 1503 905 1550 ct
936 1496 1236 1559 evidenter,
1271 1493 1519 1562 quamvis
1565 1492 1694 1545 illud
1719 1505 1784 1544 cx
1833 1489 1940 1544 Deo

370 1587 530 1642 Patre
558 1588 793 1642 Verbum
851 1587 1051 1641 factum
1106 1601 1227 1641 esse
1271 1600 1487 1640 carnem
1534 1587 1713 1649 dicat,
1762 1593 1939 1635 tamen

372 1686 685 1746 corrumpat
733 1677 839 1730 vim
895 1677 1285 1733 sententiarum
1344 1686 1398 1729 et
1449 1690 1480 1729 a
1529 1685 1677 1729 recto
1727 1673 1943 1728 tramite

1392 278 1449 333 s.
1491 272 1769 355 cvrnLLt
1810 264 2283 325 ALEXANDRIN!
2326 240 2644 315 strenuae.

3509 244 3615 300 172

2033 389 2113 460 τῷ
2142 386 2439 457 πεποίηται
2463 383 2641 450 λόγος,
2674 368 2987 438 καταδεῖξαι
3026 371 3177 441 ῥᾷον·
3219 362 3523 437 παραπαίει
3554 364 3612 418 δὲ

2032 454 2134 540 κάν
2169 454 2364 548 τούτω,
2407 475 2501 528 καὶ
2530 475 2698 536 ὃπως,
2736 466 2863 539 ἐρῶ.
2900 464 3016 519 Μία
3064 461 3162 532 μὲν
3203 456 3311 548 γαρ
3359 454 3614 548 θεότητος
3678 492 3683 495 .

2033 573 2215 643 φύσις,
2247 541 2519 637 ὑφέστηκε
2551 561 2606 614 δὲ
2645 556 2828 619 ίδικῶς
2864 554 2892 605 6
2925 550 3135 643 Πατὴρ,
3165 546 3260 643 καὶ
3310 544 3493 643 μέντοι
3523 541 3616 643 καὶ

2032 632 2060 719 6
2087 632 2233 724 τιδέ,
2274 632 2475 728 δμοίως
2502 653 2559 706 δέ
2588 651 2681 703 καὶ
2710 648 2770 701 τὸ
2802 642 3043 713 Πνεῦμα.
3080 633 3387 710 Πραττεταί
3507 632 3613 702 μὴν

2032 756 2103 809 τὰ
2136 725 2320 806 πάντα*
2345 745 2497 818 παρὰ
2542 740 2777 812 Πατρός,
2806 736 2901 790 καὶ
2935 734 3002 787 δι’
3037 730 3167 784 Υίοῦ
3214 732 3271 782 ἐν
3303 725 3612 818 Πνεύματ-ιο

2036 843 2130 899 καὶ
2164 837 2274 895 οἷον
2326 813 2690 905 κεκινημένου
2722 828 2817 891 τοῦ
2853 823 3068 894 Ila“:pr
3097 823 3175 884 εἰς
3212 818 3493 889 ἐνέργειαν
3517 813 3616 884 τὴν

2038 937 2128 992 ἐπί
2167 950 2330 999 τισιν,
2376 930 2590 999 ἐνεργεῖ
2624 925 2679 977 δὲ
2722 923 2936 982 πάντως
2978 920 3006 969 6
3037 914 3161 977 Υἱὸς
3204 914 3262 966 ἐν
3295 909 3613 979 Πνεύμαςτι·

2036 1031 2141 1087 κᾶν
2189 1026 2242 1080 εῐ
2288 1041 2342 1076 τι
2387 1020 2598 1089 λέγοιτο
2635 1013 2877 1088 πληροῦν
2930 1011 2958 1063 6
2993 1007 3124 1069 Υἱὸς
3170 1006 3204 1076 ἢ
3253 1004 3317 1094 τδ
3370 1001 3613 1069 Πνεῦμα,

2036 1124 2195 1180 τοῦτο
2240 1121 2305 1192 δὴ
2336 1118 2552 1178 πάντως
2599 1112 2747 1166 ἐστὶν
2785 1112 2848 1164 ἐκ
2890 1108 3121 1180 Πατρὸς,
3164 1105 3254 1159 καὶ
3302 1101 3388 1156 διὰ
3438 1101 3618 1192 πάσης

2038 1215 2263 1283 ἔρχεται
2296 1191 2415 1279 τῆς
2471 1205 2633 1275 ἁγίας
2681 1202 2777 1256 καὶ
2828 1199 3115 1272 ὁμοουσίου
3151 1195 3411 1267 Τριάδος,
3537 1191 3617 1253 είς

2198 1302 2376 1358 ὁτιοῦν
2407 1297 2657 1369 ἐνέργειά
2710 1311 2771 1347 τε
2816 1293 2910 1346 καὶ
2959 1290 3231 1362 βούλησις.
3269 1285 3413 1356 Πλὴν
3459 1282 3516 1335 ἐν
3555 1297 3619 1348 γε

2040 1396 2249 1457 τούτοις
2288 1389 2463 1444 ἐκεῖνό
2510 1404 2707 1456 φαμεν.
2748 1383 2936 1455 ’Λθρει
2977 1382 3041 1452 δὴ
3071 1379 3269 1440 πάλιν,
3315 1375 3391 1438 ὡς
3432 1371 3617 1439 casti);

2039 1505 2099 1540 τε
2145 1485 2238 1539 καὶ
2280 1479 2560 1552 ἐναργῶς,
2601 1477 2777 1531 καίτοι
2815 1475 2993 1543 σάρκα
3034 1471 3209 1537 λέγων
3254 1467 3342 1521 τὸν
3389 1467 3452 1518 ἐκ
3482 1459 3620 1516 Θεοῦ

2042 1574 2371 1644 γεγενῆσθαι
2419 1569 2610 1637 Λόγον,
2641 1566 2741 1635 τὴν
2777 1564 2885 1617 τῶν
2938 1561 3155 1616 ἐννοιῶν
3210 1554 3623 1629 παρασημαίνει

2044 1668 2292 1737 δύναμιν,
2320 1660 2413 1717 καὶ
2433 1661 2533 1732 τῆς
2556 1659 2845 1731 ὀρθότητος
2872 1653 3140 1723 ἀποφέρει
3171 1648 3409 1721 μακράν·
3443 1647 3516 1707 ὼς
3536 1645 3625 1697 ἐν·

371 1737 611 1838 longius-
636 1770 907 1831 abducat,
954 1766 1079 1822 dum
1127 1768 1296 1837 ipsam
1341 1765 1770 1820 incarnationem
1820 1780 1939 1820 esse

2054 1762 2258 1833 ίργειαν
2272 1756 2438 1812 αὑτοῦ
2455 1754 2551 1825 τὴν
2571 1752 2843 1822 σάρκωσιν
2861 1745 3195 1814 ἀποφαίνων.
3215 1739 3497 1809 Ἐπιφέρει
3511 1737 3626 1807 γὰρ

374 1869 627 1929 tanquam
656 1859 772 1928 ejus
806 1858 1148 1913 eﬂicientiam
1179 1856 1517 1925 pronuntiat;
1551 1854 1769 1925 sulrjicit
1794 1856 1938 1908 enim

372 1952 517 2008 illico
550 1971 563 2005 :
602 1970 621 2002 ι
655 1949 815 2005 Visne
843 1950 1006 2003 etiam
1039 1948 1198 2001 aliam
1224 1950 1291 2000 ad
1334 1949 1447 2002 lucc
1477 1948 1645 2017 ipsius
1663 1947 1942 2001 Trinitatis

372 2040 1049 2109 eﬂicientianmquasijnm
1063 2041 1299 2108 priorem
1316 2039 1568 2094 DeiVerbi
1586 2038 1749 2092 fuisse
1763 2050 1943 2093 osten-

373 2135 511 2188 derit
548 2133 920 2195 ellieicntiam,
949 2132 998 2184 id
1030 2133 1204 2200 ipsum
1249 2131 1389 2199 quod
1446 2145 1575 2185 caro
1609 2128 1808 2183 factum
1837 2139 1939 2197 est,

374 2228 670 2281 secundum
691 2226 1001 2294 Scripturas
1023 2238 1035 2275 :
1059 2232 1111 2277 et
1135 2237 1384 2292 quaenam
1410 2224 1480 2276 sit
1513 2222 1598 2276 illa
1621 2223 1790 2276 altera
1824 2230 1961 2289 post.

376 2316 521 2372 illam
558 2317 796 2387 priorem
823 2314 1135 2377 efﬁcientia,
1167 2314 1524 2382 demonstrat,
1553 2325 1610 2368 ut
1632 2315 1745 2384 ipse
1769 2324 1940 2383 putat,

377 2422 442 2463 ac
473 2408 625 2462 dicit:
647 2425 666 2457 ι
701 2405 975 2460 Habitavit
1000 2404 1170 2459 Filius
1201 2407 1254 2459 in
1285 2420 1530 2475 corpore.
1562 2424 1580 2456 ι
1609 2406 1747 2476 Ergo
1768 2405 1947 2460 Deifer

377 2502 540 2555 homo
579 2499 685 2553 erit
724 2498 1020 2552 Christus:
1056 2497 1248 2552 deinde
1293 2497 1347 2551 id
1404 2498 1576 2553 solum
1623 2499 1675 2552 in
1730 2500 1947 2556 homine

376 2590 621 2646 etl'ecisse
649 2588 742 2643 Dei
771 2588 1053 2657 Patrisque
1086 2586 1324 2643 Verbum
1350 2630 1366 2654 ,
1422 2590 1762 2659 perspicuum
1798 2592 1900 2645 erit
1930 2608 1944 2658 ;

380 2684 560 2752 itaque
584 2682 830 2751 quamvis
858 2683 1001 2735 dicat
1032 2680 1219 2735 beatus
1240 2681 1566 2750 evangelista
1590 2697 1603 2733 :
1626 2681 1739 2753 98
1770 2702 1788 2735 ι
1820 2681 1949 2736 Ver-

378 2772 505 2826 bum
541 2788 669 2827 caro
705 2772 902 2826 factum
940 2781 1048 2839 est,
1104 2782 1160 2826 et
1209 2773 1471 2827 habitavit
1525 2756 1576 2827 in
1606 2774 1782 2836 nobis,
1817 2792 1836 2826 ι
1875 2773 1947 2828 nil

381 2865 522 2920 aliud
554 2864 758 2920 indicat
781 2864 882 2920 nisi
920 2865 1047 2919 illud
1067 2864 1263 2928 solum,
1299 2865 1554 2919 nimirum
1588 2867 1758 2936 ipsum
1783 2865 1946 2921 Deum

381 2957 619 3012 Verbum
663 2957 715 3011 in
764 2957 987 3012 homine
1041 2956 1336 3024 habitasse,
1386 2967 1445 3011 ut
1481 2958 1641 3010 etiam
1695 2959 1746 3012 in
1795 2960 1950 3014 nobis

382 3046 534 3114 ίΡείεο
592 3046 812 3114 Templa
870 3061 1100 3114 namque
1155 3061 1344 3101 sumus
1399 3045 1489 3099 Dei
1528 3047 1753 3101 viventis
1781 3047 1944 3112 '°;ct

2043 1828 2224 1913 ebbdg'
2236 1868 2252 1901 ι
2266 1846 2454 1901 Βούλει
2468 1845 2560 1898 καὶ
2572 1841 2736 1909 ἄλλην
2752 1839 2841 1892 ἐπὶ
2855 1836 3066 1898 τούτοις
3083 1834 3265 1894 αὐτοῖς
3279 1831 3377 1901 τῆς
3391 1828 3587 1900 Τριάδε
3598 1844 3627 1892 ς

2043 1943 2354 2014 ἐνέργειαν;
2398 1957 2417 1990 ›
2446 1936 2519 1999 ὡς
2549 1934 2650 2005 ἤδη
2685 1930 2906 2003 πρώτην
2950 1923 3304 1995 ἀποδεδειχὼς
3337 1922 3628 2014 ἐνέργειαν

2042 2012 2292 2086 τοῦγΘεοῦ
2314 2030 2509 2095 Λόγου,
2533 2024 2592 2079 τὸ
2610 2024 2787 2094 σάρκα
2811 2018 3087 2089 γενέσθαι,
3105 2014 3243 2070 κατὰ
3257 2014 3357 2077 τὰς
3371 2012 3627 2084 Γραφὰς.

2046 2122 2255 2185 Καὶ-τίς
2288 2122 2321 2192 ἡ
2352 2119 2515 2190 ἑτέρα
2550 2114 2688 2186 μετὰ
2710 2113 2808 2183 τὴν
2833 2108 3056 2181 πρώτην
3072 2106 3353 2176 ἐνέργειαν
3384 2102 3630 2156 διαδείκ-

2045 2232 2199 2268 νυσιν
2224 2213 2335 2284 [ῐσ.
2359 2206 2619 2280 δεικνύς],
2642 2205 2829 2275 ὥσπερ
2851 2203 3041 2264 οἴεται,
3073 2197 3258 2269 φησιν’
3278 2214 3296 2247 ι
3319 2193 3630 2264 Ἐνῴκησεν

2045 2308 2072 2360 6
2092 2307 2217 2369 Υἱὸς
2239 2307 2295 2357 ἐν
2311 2302 2387 2374 τῷ
2410 2302 2641 2372 σώματι.
2676 2318 2695 2349 ι
2720 2296 2987 2367 Θεοφόρος
3012 2289 3106 2345 οῦν
3136 2290 3422 2361 ἄνθρωπος
3440 2289 3467 2340 6
3489 2288 3534 2339 Χ
3544 2304 3629 2357 ρι-

2049 2399 2190 2460 στός.
2217 2392 2348 2448 Εἶτα
2369 2393 2463 2446 καὶ
2489 2391 2646 2461 μόνον
2681 2386 2839 2440 τοῦτο
2872 2385 3175 2454 ἐνεργήσας
3216 2382 3295 2443 είς
3337 2378 3629 2448 ἄνθρωπον

2047 2489 2075 2540 6
2100 2487 2191 2541 τοῦ
2219 2482 2355 2538 Θεοῦ
2386 2481 2480 2536 καὶ
2512 2477 2721 2550 Πατρδς
2740 2473 3079 2543 διαφαίνεται
3110 2469 3302 2539 Λόγος⁶
3325 2466 3487 2528 ὥστε,
3519 2466 3630 2519 κᾶν

2049 2581 2096 2631 εἰ
2125 2578 2273 2645 λέγοι
2307 2573 2468 2644 τυχὸν
2495 2572 2522 2623 6
2567 2568 2833 2641 μακάριος
2866 2560 3275 2632 εύαγγελιστὴς,
3313 2578 3330 2610 ι
3367 2559 3424 2611 Ὀ
3454 2557 3630 2625 Λόγος

2052 2669 2188 2740 σὰρξ
2210 2667 2446 2735 ἐγένετο,
2485 2661 2577 2715 καὶ
2601 2660 2909 2729 ἐσκήνωσεν
2944 2657 3000 2707 ἐν
3048 2655 3201 2724 ἡμῖν,
3237 2671 3254 2702 ι
3289 2646 3630 2719 καταδηλοῦν

2051 2762 2182 2832 ἡμῖν
2219 2759 2407 2828 ’έτερον
2441 2754 2611 2815 οὐδὲν,
2642 2749 2780 2819 πλὴν
2815 2748 2992 2800 ἐκεῖνο
3041 2743 3136 2796 καὶ
3174 2742 3352 2813 μόνον,
3381 2740 3460 2793 ὅτι
3491 2755 3629 2791 κατ-

2051 2851 2267 2922 ῴκησεν
2297 2849 2354 2900 ἐν
2374 2843 2645 2915 ἀνθρώπῳ
2679 2840 2810 2902 Θεὸς
2842 2838 2917 2890 ὢν
2950 2839 2977 2889 6
3016 2836 3208 2902 Λόγος,
3250 2831 3394 2886 καθὰ
3433 2831 3521 2885 καὶ
3573 2831 3632 2883 ἐν

2052 2944 2184 3015 ἡμῖν
2236 2940 2438 3001 αὐτοῖς.
2479 2934 2616 2988 Ναοὶ
2648 2932 2757 3001 γάρ
2796 2933 2961 2998 ἐσμεν
2994 2924 3129 2978 Θεοῦ
3177 2923 3379 2988 ζῶντος
3401 2963 3415 2987 ,
3449 2922 3546 2975 καὶ
3574 2923 3635 2974 ἐν

2052 3012 2230 3101 τούτῳ
2282 3028 2624 3099 γινώσκομεν
2671 3024 2752 3076 ὅτι
2806 3023 2863 3073 ἐν
2910 3021 3043 3090 ἡμῖν
3080 3019 3246 3081 ἐστιν,
3278 3016 3360 3068 ὅτι
3411 3015 3477 3068 ἐκ
3535 3012 3634 3066 τοῦ

384 3138 438 3190 in
469 3140 571 3192 hoc
597 3139 981 3204 cognoscimus
1006 3137 1146 3202 quod
1176 3136 1227 3189 in
1253 3136 1407 3189 nobis
1438 3144 1541 3200 est,
1570 3137 1697 3206 quia
1727 3152 1791 3192 ex
1829 3139 1951 3207 Spi-

2055 3123 2371 3193 Πνεύματος
2425 3115 2590 3171 αὐτοῦ
2634 3109 3037 3167 έδωκεν.¹Ἀλλ“
3067 3109 3128 3161 ού
3160 3108 3320 3163 τοῦτο
3361 3107 3461 3177 μὲν
3500 3105 3638 3168 ἴσως

386 3227 492 3280 ritn
549 3242 648 3279 suo
686 3227 833 3279 dedit
891 3224 1048 3278 nobis
1103 3226 1169 3280 “.
1210 3224 1313 3279 Sed
1371 3225 1422 3278 id
1463 3225 1694 3282 fortasse
1737 3228 1955 3284 minime

382 3318 575 3382 dices,
638 3318 1032 3386 blasphemiam
1082 3316 1444 3371 reformidans
1496 3335 1510 3372 :
1553 3334 1617 3373 ac
1674 3320 1953 3374 nobiseum

386 3408 735 3462 conﬁteberis
773 3411 944 3478 ipsum
979 3409 1068 3461 Dei
1113 3408 1344 3463 Verbum
1385 3410 1659 3465 hominem
1693 3411 1896 3466 {aetum
1937 3430 1953 3467 :

387 3500 549 3567 idque
578 3514 699 3554 esse
730 3500 1158 3555 incarnationem
1204 3517 1219 3556 :
1266 3502 1570 3557 consenties
1600 3504 1763 3557 etiam
1808 3520 1961 3559 man-

389 3592 526 3646 sisse
556 3592 749 3657 Deum,
783 3598 836 3644 et
868 3605 980 3645 sure
1008 3600 1214 3648 natura:
1243 3592 1411 3648 decus
1463 3608 1729 3659 servasse,
1767 3610 1958 3664 quam-

388 3683 473 3736 vis
507 3678 811 3751 appellatus
840 3682 910 3736 sit
938 3680 1110 3736 Filius
1158 3682 1413 3750 hominis,
1460 3683 1618 3754 idque
1664 3688 1958 3741 seetmdum

387 3773 673 3828 veritatem
702 3771 886 3827 fuerit.
921 3772 1058 3839 Quid
1090 3772 1379 3841 igiturjam
1415 3772 1506 3828 tibi
1545 3775 1762 3840 accidit,
1797 3785 1855 3829 ut
1879 3776 1962 3831 di-

389 3879 545 3919 ceres
575 3863 747 3933 ipsum
776 3860 994 3918 Patrem
1028 3863 1186 3917 simul
1218 3878 1402 3918 secum
1438 3865 1723 3920 considere
1766 3865 1961 3921 fecisse

389 3955 785 4010 humanitatem
830 3963 1161 4025 assumptam
1191 3995 1206 4020 ,
1245 3970 1308 4009 ac
1361 3970 1470 4009 non
1518 3956 1695 4026 potius
1742 3957 1794 4012 in
1851 3972 1963 4013 suae

387 4044 558 4117 ip‘sius
588 4045 890 4100 divinitatis
922 4046 1140 4100 sedibus
1188 4046 1497 4103 constitisse
1541 4063 1605 4102 ex
1642 4049 1730 4103 Dei
1761 4048 1963 4104 Patris-

389 4153 494 4207 que
519 4138 874 4207 heneplacito,
908 4147 1087 4191 ortmn
1112 4153 1175 4191 ex
1204 4152 1268 4191 eo
1303 4138 1533 4192 Verbum
1558 4140 1721 4193 etiam
1749 4151 1966 4209 postea-

389 4239 554 4294 quam
591 4222 792 4277 t'actnm
823 4233 907 4276 est
936 4224 1099 4276 homo
1123 4260 1138 4285 ,
1173 4238 1240 4276 ne
1281 4223 1450 4291 ipsius
1488 4225 1798 4280 lnnnanitas
1845 4235 1965 4279 tan-

391 4330 555 4385 quam
587 4316 733 4370 abeo
757 4316 968 4370 diversa
1002 4314 1336 4383 intelligatur
1361 4324 1455 4369 aut
1484 4314 1702 4369 dicatur
1728 4332 1755 4369 a
1785 4318 1961 4383 nobis,

390 4422 513 4462 eum
555 4421 677 4462 vera
712 4407 841 4460 nnio
871 4414 924 4461 et
964 4421 1126 4460 unum
1156 4420 1277 4460 esse
1316 4405 1468 4460 illum
1516 4408 1766 4460 ostendat
1810 4409 1966 4463 nobis

391 4508 446 4553 et
479 4497 595 4566 ejus
634 4514 851 4553 carnem
884 4513 989 4552 non
1035 4512 1155 4552 esse
1189 4498 1256 4549 ab
1286 4511 1350 4551 eo
1397 4497 1677 4551 alienam?
1725 4499 1962 4553 Convin-

395 4589 536 4645 ceris
563 4605 691 4657 ergo
722 4590 772 4642 in
798 4589 900 4641 hoc
928 4603 1148 4657 quoque
1181 4588 1440 4651 mendax,
1474 4597 1527 4642 et
1556 4605 1583 4640 a
1619 4601 1762 4642 recta
1799 4590 1966 4642 ratio-

395 4678 668 4732 cinatione
718 4693 823 4732 non
864 4695 1054 4748 parum
1101 4679 1385 4733 aberrans.
1426 4679 1506 4733 Ac
1551 4680 1595 4732 si
1644 4680 1777 4733 nihil
1822 4680 1965 4734 aliud

394 4777 478 4823 est
510 4768 693 4821 dicere
720 4765 954 4822 Verbum
993 4768 1193 4823 factum
1238 4784 1362 4825 esse
1386 4783 1604 4824 carnem
1632 4810 1646 4836 ,
1693 4771 1795 4825 nisi
1826 4773 1967 4840 quod

399 4859 601 4916 factum
629 4869 711 4915 est
759 4861 920 4915 homo
947 4898 964 4926 ,
1018 4871 1229 4915 servata
1284 4861 1605 4917 excellentia
1650 4862 1966 4929 divinitatis,

398 4963 730 5019 Inanensque
756 4948 898 5019 quod
928 4956 1066 5011 erat,
1101 4963 1334 5016 quanam
1369 4960 1592 5015 externa
1625 4949 1792 5018 gloria
1829 4965 1965 5020 opus

299 5121 311 5129 ν
400 5040 604 5103 habuit,
626 5057 747 5094 eutn
777 5041 891 5110 ipse
919 5039 1179 5094 Dominus
1206 5049 1349 5093 esset
1371 5040 1554 5113 gloria:
1574 5040 1596 5091 Ἰ
1617 5038 1969 5095 ϐιοτίιὶυιιὺιιο

402 5142 489 5185 tur
508 5132 651 5186 enim
682 5133 800 5186 sine
826 5130 1010 5196 dubio,
1038 5130 1245 5199 Spiritu
1275 5131 1456 5186 divina
1482 5130 1748 5189 etllciente
1783 5136 1964 5205 signa,

401 5237 507 5276 non
543 5206 600 5277 ut
636 5223 811 5278 Deiter
846 5224 1028 5287 homo,
1063 5223 1132 5277 ab
1166 5233 1395 5277 externa
1438 5225 1826 5293 superioreque
1874 5240 1968 5278 na-

403 5327 524 5367 tura
554 5330 618 5369 eo
649 5331 876 5369 munere
920 5323 1235 5383 comparato
1262 5357 1278 5383 ,
1315 5323 1373 5372 ut
1420 5315 1575 5370 nobis
1615 5316 1840 5380 accidit,
1878 5319 1972 5371 scd

406 5402 611 5473 Spiritu
641 5414 890 5472 tanquam
926 5406 1144 5475 proprio
1167 5420 1318 5460 usus.
1376 5406 1514 5460 Deus
1563 5406 1706 5461 enim
1746 5416 1863 5460 erat
1905 5423 1972 5461 ex

406 5503 627 5557 natura;
655 5494 881 5563 ideoque
911 5497 1142 5564 Spiritus
1174 5496 1288 5566 ejus
1322 5499 1386 5551 ah
1416 5513 1481 5553 eo
1525 5514 1631 5552 non
1675 5509 1793 5554 erat
1837 5499 1969 5554 alie-

474 5651 524 5685 "
558 5650 580 5707 Ι
617 5652 740 5707 Cor.
767 5667 842 5719 Vt,
868 5653 953 5706 16.
1029 5655 1068 5685 ⁸³
1113 5653 1130 5706 1
1164 5653 1317 5708 Joah.
1348 5670 1416 5721 tv,
1452 5656 1539 5709 1'5.

2056 3217 2219 3284 ἐρεῖς,
2265 3208 2688 3279 καταναρκήσας
2742 3204 2841 3273 τὴν
2883 3201 3233 3271 δυσφημίαν·
3271 3197 3638 3268 ὁμολογήσεις

2055 3304 2111 3357 δέ
2145 3303 2264 3375 μεθ’
2285 3302 2462 3374 ἡμῶν,
2495 3302 2576 3354 ὅτι
2604 3300 2827 3370 γέγονεν
2856 3297 3141 3368 ἄνθρωπος
3167 3295 3195 3345 ό
3225 3292 3319 3345 τοῦ
3351 3291 3488 3344 Θεοῦ
3527 3290 3635 3343 A6-

2057 3410 2150 3462 γος
2174 3409 2187 3421 ’
2219 3396 2311 3446 καὶ
2370 3392 2527 3445 τοῦτό
2569 3393 2716 3444 ἐστιν
2742 3393 2776 3461 ἡ
2815 3389 3113 3460 σάρκωσις.
3157 3382 3407 3455 Συνθήσῃ
3446 3381 3522 3447 δὲ,
3554 3384 3639 3434 ὅτι

2061 3484 2340 3555 μεμένηκε
2373 3483 2526 3546 Θεὸς,
2558 3482 2651 3537 καὶ
2682 3481 2742 3535 τὸ
2776 3481 2875 3551 τῆς
2921 3479 3058 3541 ιδίας
3097 3476 3311 3547 φύσεως
3337 3472 3640 3529 διεσώσατο

2059 3574 2286 3638 κὰλλος’
2322 3574 2428 3628 κᾶν
2469 3576 2518 3626 εἰ
2570 3572 2975 3644 κεχρημάτικεν
3022 3569 3151 3631 Υἱὸς
3194 3564 3507 3638 ἀνθρώπου,
3543 3565 3639 3631 γέ-

2060 3667 2183 3734 γονέ
2210 3684 2269 3720 τε
2292 3665 2449 3719 τοῦτο
2470 3665 2609 3719 κατὰ
2631 3656 3057 3734 ἀλήθειαν.Εἷτα
3089 3660 3142 3712 τί
3172 3657 3360 3730 μαθὼν
3389 3657 3499 3729 lla.
3527 3673 3639 3708 πι-

2062 3755 2215 3827 θὼν],
2255 3755 2583 3825 συγκαθίσαι
2620 3754 2725 3824 φὴς
2759 3751 2937 3822 ἐαυτῷ
2978 3750 3068 3804 τὸν
3105 3748 3345 3820 Πατέρα,
3375 3747 3474 3816 τὴν
3506 3748 3641 3799 ἀνα-

2060 3843 2359 3913 ληφθεῖσαν
2403 3844 2819 3915 ὀινθρωττότηται
2854 3841 2948 3893 καὶ
2998 3839 3117 3910 οὐχὶ
3150 3840 3215 3911 δὴ
3248 3836 3468 3907 μᾶλλον,
3524 3840 3641 3898 τοῖς

2061 3936 2158 4006 τῆς
2193 3934 2327 3998 ἰδίας
2358 3934 2612 4004 θεότητος
2634 3931 2940 4003 ἐνιδρύςθαι
2971 3929 3189 3993 θώκοις,
3218 3930 3273 3980 ἐν
3296 3927 3519 3999 εὐδοκία
3541 3926 3641 3980 τοῦ

2063 4024 2199 4078 Θεοῦ
2253 4026 2346 4080 καὶ
2381 4024 2593 4095 Ιιατρδς
2618 4063 2632 4088 ,
2670 4024 2762 4075 καὶ
2800 4021 3087 4090 ἄνθρωπον
3128 4017 3386 4086 γεγονότα
3438 4016 3533 4070 τὸν
3583 4015 3643 4081 ἐξ

2066 4116 2232 4170 αὐτοῦ
2259 4116 2431 4184 φύντα
2465 4115 2657 4183 Λόγον,
2693 4114 2778 4167 ἵνα
2815 4112 2888 4182 μὴ
2914 4110 2988 4175 ὡς
3014 4110 3176 4180 ἐτέρα
3204 4125 3285 4171 τις
3317 4108 3447 4178 παρ’
3474 4108 3644 4162 αὐτὸν

2066 4208 2100 4277 ἡ
2127 4205 2480 4276 ἀνθρωπότης
2507 4203 2670 4256 αὐτοῦ
2712 4204 2846 4274 πρὸς
2886 4201 3041 4272 ἡμῶν
3075 4202 3245 4254 νοοῖτο
3278 4201 3370 4252 καὶ
3402 4198 3644 4267 λέγοιτο,

2066 4295 2243 4350 καίτοι
2262 4295 2361 4365 τῆς
2382 4296 2523 4348 κατὰ
2557 4295 2816 4366 ἀληθειαν
2851 4293 3113 4356 ἐνώσεως,
3143 4292 3238 4344 ἕνα
3260 4307 3320 4342 τε
3345 4291 3479 4359 ἡμῖν
3506 4291 3649 4343 ἁπο-

2070 4385 2364 4456 φαινούσης
2389 4386 2570 4447 αὐτὸν,
2595 4386 2689 4438 καὶ
2712 4385 2811 4438 οὐκ
2834 4382 3113 4455 ἀλλότριον
3145 4381 3309 4436 αὐτοῦ
3339 4382 3439 4453 τὴν
3462 4382 3650 4453 σάρκα

1996 4463 2044 4521 Ῐ)
2071 4478 2267 4545 tab-:06;
2304 4475 2622 4547 Ψευδοεπὴς
2647 4471 2740 4529 οῦν
2785 4475 2913 4545 ἄρα,
2949 4475 3041 4527 καὶ
3080 4471 3344 4543 λογισμοῦ
3382 4470 3478 4524 τοῦ
3509 4471 3650 4524 καθ·
3684 4506 3705 4523 χ

2069 4571 2296 4640 ήκοντος
2318 4569 2378 4622 οὐ
2413 4567 2647 4638 μετρίως
2674 4563 3034 4637 ἡμαρτηκὼς,
3076 4562 3273 4634 ἁλίσκῃ
3307 4561 3645 4632 κάν,τούτῳ.

2069 4662 2179 4715 Καὶ
2208 4663 2256 4713 εἰ
2302 4660 2468 4730 μηδὲν
2501 4658 2685 4729 ἔτερόν
2726 4659 2841 4709 ἐστι
2883 4656 2944 4708 τὸ
2990 4653 3236 4724 φάναιδὴ
3272 4655 3450 4724 σάρκα
3479 4669 3653 4722 γεγε·

2069 4754 2264 4824 νῆσοαι
2289 4753 2379 4806 τὸν
2414 4734 2608 4820 Λόγον,
2639 4750 2672 4821 ἢ
2700 4750 2781 4803 ὅτι
2815 4747 3039 4817 γέγονεν
3069 4746 3355 4818 ἄνθρωπος
3382 4749 3439 4799 ἐν
3470 4746 3651 4817 ὑπερ-

2070 4848 2169 4918 οχῇ
2193 4845 2443 4914 θεότητος
2469 4842 2566 4907 ὢν,
2599 4842 2692 4895 καὶ
2733 4837 3059 4912 μεμενηκὼς
3106 4839 3244 4909 ὅπερ
3270 4833 3359 4909 ἦν,
3385 4837 3550 4898 ποίας
3586 4835 3656 4889 ἂν

2075 4934 2268 5005 ἐδεήθη
2306 4935 2403 5004 τῆς
2436 4932 2633 4999 ἔξωθεν
2675 4930 2852 5001 δόξης,
2893 4929 3068 4983 καίτοι
3118 4927 3219 4997 τῆς
3250 4927 3408 4998 δόξης
3441 4925 3655 4996 Κύριος

2076 5020 2151 5075 ὢν
2181 5022 2373 5086 αύτός;
2403 5020 2710 5086 Ἐδοξάζετο
2736 5020 2831 5089 μὲν
2860 5017 2969 5088 γὰρ
3006 5016 3471 5087 ὁμολογουμένως,
3497 5018 3661 5084 ἐν;ρο

2077 5112 2300 5182 γοῦντος
2325 5111 2417 5164 τοῦ
2458 5109 2774 5180 Πνεύματος
2800 5108 2897 5172 τὰς
2931 5106 3260 5178 θεοσημίας’
3294 5106 3409 5159 ἀλλ’
3440 5106 3545 5175 οὐχ
3580 5105 3660 5169 ὡς

2079 5202 2360 5275 ἄνθρωπος
2388 5202 2663 5272 θεοφόρος,
2700 5199 2764 5265 ἐξ
2789 5200 3001 5263 ὀθνείας
3026 5216 3084 5252 τε
3115 5198 3208 5251 καὶ
3243 5197 3663 5268 ὑπερκειμένης

2082 5294 2296 5364 φύσεως
2334 5292 2395 5346 τὸ
2437 5292 2626 5364 χρῆμα
2681 5290 2996 5362 κερδαίνων,
3052 5288 3194 5362 καθὰ
3224 5288 3316 5342 καὶ
3349 5288 3548 5358 ἡμεῖς·
3585 5287 3701 5372 ὡς⁵

2085 5386 2200 5455 ἰδίῳ
2227 5384 2283 5437 δέ
2324 5384 2523 5454 μᾶλλον
2553 5383 2897 5455 κεχρημένος
2932 5381 3008 5452 τῷ
3047 5380 3351 5449 Πνεύματι.
3381 5377 3522 5441 Θεὸς
3552 5377 3669 5448 γὰρ

2082 5472 2150 5545 ἦν
2198 5474 2397 5544 φύσει,
2462 5477 2555 5529 καὶ
2597 5478 2696 5530 ούκ
2746 5476 3024 5547 ἀλλότριον
3082 5472 3247 5526 αὑτοῦ
3305 5471 3363 5524 τὸ
3426 5468 3673 5524 Πνεῦμα
