3926 6126
273 276 373 334 H3

1290 336 1297 341 _
1364 238 1735 317 ADVERSUS
1773 251 2178 314 NESTORIUM
2218 250 2348 310 Lm.
2395 252 2482 311 tv.

3411 260 3512 318 l7}

272 387 462 448 αὑτοῦ.
494 382 705 443 Οὐκοῦν
738 382 834 439 οὐκ
858 376 1078 447 ἔξωθεν,
1107 380 1227 434 οὐδὲ
1253 380 1560 450 είσποίητον
1586 376 1734 446 αὐτῷ
1759 375 1847 428 δε-

1955 391 2073 430 nus.
2104 375 2214 428 Non
2238 375 2403 445 igitur
2429 373 2785 439 extrinsecus,
2824 389 3000 444 neque
3042 377 3264 431 ascitam
3296 381 3512 439 aliunde

272 483 461 537 ὃόσθαι
501 479 679 550 φαμὲν
715 475 807 528 τοῦ
840 472 1159 543 Πνεῦματος
1203 471 1304 542 τὴν
1351 470 1661 540 ἐνέργειαν,
1702 465 1844 520 καθὰ

274 575 369 627 καὶ
401 574 538 643 ἡμῖν
588 569 790 630 αὐτοῖς,
821 566 989 637 ἤγουν
1021 565 1135 625 τοῖς
1167 563 1342 630 ἁγίοις
1374 560 1709 621 ἀποστόλοις.
1748 560 1843 608 Δε-

272 666 512 737 δώρηται
544 661 650 732 γὰρ
680 660 862 721 αὐτοῖς
885 655 1134 721 ἐξουσίαν
1162 656 1190 707 6
1223 651 1455 724 Χριστὸς
1495 649 1636 704 κατὰ
1677 665 1843 702 πνευ-

278 758 462 828 μάτων
484 752 830 821 ἀκαθάρτων,
848 746 989 801 ὥστε
1016 744 1299 799 ἐκϐάλλειν
1318 742 1460 796 αὐτά
1474 758 1486 772 ·
1512 740 1845 812 προστέταχε

171 889 179 896 .
275 847 331 901 δὲ
370 842 715 918 θεραπεύειν,
755 839 851 893 καὶ
890 839 1072 890 πᾶσαν
1099 835 1287 901 νόσον,
1323 834 1419 887 καὶ
1460 835 1640 887 πᾶσαν
1676 831 1848 901 μαλα-

279 939 401 991 κίαν
431 938 487 989 ἐν
516 933 595 1004 τῷ
622 930 758 1002 λαῷ.
793 929 1019 984 Οἴκοθεν
1042 921 1137 980 οὖν
1166 925 1275 997 ἄρα
1302 926 1395 979 καί
1428 924 1556 994 παρ’
1589 922 1755 975 αὑτοῦ
1784 920 1845 975 τὸ

279 1028 502 1098 Πνεῦμα
532 1023 722 1091 αὐτοῦ.
752 1022 863 1076 Καὶ
890 1017 1081 1073 τούτου
1119 1016 1296 1087 σαφὴς
1320 1013 1592 1080 ἀπόδειξις
1639 1013 1725 1083 εἴη
1754 1013 1842 1075 ἂν,

276 1121 337 1173 τὸ
364 1120 460 1171 καὶ
486 1115 694 1186 ἐτέροις
743 1111 1004 1167 δύνασθαι
1034 1108 1291 1180 χορηγεῖν
1325 1105 1476 1168 αὐτὸ,
1515 1104 1610 1158 καὶ
1647 1104 1748 1156 οὐκ
1780 1104 1845 1155 ἐκ

278 1212 502 1283 μέτρου,
533 1207 678 1275 καθά
714 1220 878 1275 φησιν
913 1204 941 1256 6
978 1199 1246 1271 μακάριος
1289 1194 1712 1264 εὐαγγελιστής·
1750 1195 1847 1246 ἐπ-

276 1302 549 1373 εμέτρησε
584 1298 683 1368 μὲν
715 1296 824 1365 γὰρ
849 1296 960 1356 τοῖς
976 1290 1151 1373 ἁγίοις
1166 1288 1264 1359 τὴν
1296 1286 1383 1341 διὰ
1410 1285 1503 1340 τοῦ
1530 1284 1846 1354 Πνεῦματος

276 1372 437 1462 χάριν
464 1391 493 1442 6
518 1385 628 1439 τῶν
652 1386 789 1438 ὅλων
812 1382 943 1444 Θεός
966 1398 979 1411 ·
1010 1380 1104 1432 καὶ
1131 1372 1176 1445 ᾧ
1216 1378 1313 1448 μὲν
1350 1377 1518 1430 ἔδωκε
1563 1374 1718 1442 λόγον
1757 1390 1846 1425 σο⁸

279 1483 436 1551 φίας’
481 1478 628 1548 ἄλλῳ
666 1476 723 1529 δὲ
768 1476 926 1543 λόγον
962 1470 1247 1540 γνώσεωςδ
1286 1468 1459 1537 ἐτέρῳ
1491 1465 1547 1519 δὲ
1599 1466 1846 1536 χάρισμα

280 1572 534 1642 ἰαμάτων
559 1585 573 1599 ·
597 1568 692 1621 καὶ
716 1561 889 1627 τοῦτο,
919 1559 1093 1634 οἶμαι,
1116 1560 1231 1613 ἐστι
1254 1558 1417 1623 τὺ,ὠς
1448 1559 1512 1609 ἐκ
1540 1556 1738 1626 μέτρου
1755 1554 1846 1608 δύο

278 1662 479 1717 νασθαι
499 1661 623 1722 τοὺς
645 1658 862 1728 ἔχοντας
889 1654 1188 1724 ἐνέργειαν.
1205 1651 1264 1704 Ὀ
1286 1648 1343 1702 δέ
1369 1665 1432 1717 γε
1456 1647 1658 1718 Κύριος
1688 1646 1844 1718 ἡμῶν

1951 466 2179 519 dicimus
2224 465 2322 532 ipsi
2374 464 2554 518 datam
2596 463 2834 533 Spiritus
2872 465 3213 522 eliieientiam
3264 473 3516 530 Silllllllt'l’

1949 566 2015 606 ac
2046 554 2200 607 nobis
2251 552 2400 620 ipsis,
2456 561 2548 605 aut
2590 553 2751 607 etiam
2801 556 3005 609 sanctis
3041 559 3320 626 apostolis.
3357 561 3515 618 Di-dit

1949 638 2092 689 enim
2123 636 2230 690 illis
2261 636 2511 693 Christus
2536 648 2856 708 potestatem
2878 643 3136 700 adversus
3172 647 3395 714 spiritus
3424 651 3514 703 im-

1952 729 2181 783 mundos
2227 738 2286 782 ut
2330 743 2424 783 eos
2452 728 2712 797 ejicerent
2743 750 2757 786 :
2785 733 2947 802 jussit
2977 736 3141 792 etiam
3174 748 3233 793 ut
3259 755 3518 800 curarent

1950 834 2167 876 omnem
2209 820 2575 876 inﬁrmitatem
2608 832 2662 877 et
2684 839 2897 879 omnem
2958 827 3270 899 languorem
3322 834 3373 887 in
3422 853 3516 904 po.

1951 915 2077 986 pulo
2105 915 2172 969 ".
2205 915 2535 971 lutrinseeus
2564 917 2729 986 igitur
2776 928 2830 973 et
2882 919 2950 975 ab
3003 923 3117 990 ipso
3155 935 3239 979 est
3281 925 3518 997 Spiritus

1950 1005 2066 1074 ejus
2093 1025 2106 1061 :
2142 1004 2294 1076 cujus
2326 1008 2402 1062 rei
2434 1010 2787 1079 perspicuum
2830 1023 2915 1066 est
2944 1027 3342 1084 argumentum,
3372 1024 3514 1088 quod

1949 1098 2113 1152 etiam
2144 1099 2264 1153 aliis
2308 1099 2453 1153 illum
2478 1101 2718 1157 tribuere
2751 1111 2948 1172 potest,
3003 1117 3058 1160 et
3100 1123 3203 1161 non
3245 1125 3311 1165 ex
3362 1128 3517 1167 men-

1949 1204 2100 1257 sura,
2138 1185 2202 1244 ιιί
2241 1191 2318 1245 ait
2362 1192 2552 1246 beatus
2610 1196 2936 1266 evangelista
2963 1198 3050 1264 ";
3109 1216 3229 1256 nam
3268 1202 3357 1258 ille
3404 1220 3521 1259 om-

1954 1277 2103 1334 nium
2125 1282 2265 1337 Deus
2287 1285 2352 1337 ad
2368 1298 2671 1339 mensuram
2696 1288 2910 1354 quidem
2942 1290 3126 1346 tribuit
3152 1297 3354 1352 sanctis
3381 1298 3516 1354 viris

1956 1372 2192 1440 Spiritus
2222 1375 2393 1429 sancti
2417 1376 2669 1444 gratiam,
2698 1388 2752 1431 et
2774 1378 2864 1432 alii
2900 1381 3116 1449 quidem
3138 1384 3283 1440 dedit
3303 1402 3516 1443 sermo-

1953 1475 2073 1516 nem
2091 1463 2381 1532 sapientim,
2405 1464 2494 1516 alii
2512 1451 2812 1520 sermonem
2827 1468 3086 1535 scientiae,
3105 1471 3258 1527 alteri
3280 1476 3513 1543 gratiam

1950 1551 2290 1606 curationum
2321 1553 2367 1584 ”
2416 1569 2430 1605 :
2472 1551 2636 1622 idque
2663 1565 2765 1619 est,
2823 1565 2880 1610 ut
2937 1560 3148 1627 opinor,
3202 1565 3346 1631 quod
3398 1574 3519 1619 tan-

1952 1657 2110 1711 quam
2139 1658 2205 1698 ex
2223 1657 2475 1698 mensura
2495 1655 2719 1712 possunt
2751 1646 2786 1700 ii
2814 1649 2905 1717 qui
2932 1649 3130 1704 habent
3151 1651 3515 1713 efﬁcientiam.

294 1748 506 1823 Ἰησοῦς
545 1747 800 1821 Χριστὸς,
854 1744 917 1810 ἐξ
966 1744 1099 1798 ἰδίου
1135 1739 1503 1812 πληρώματος
1538 1738 1748 1809 προῐεὶς
1788 1736 1849 1790 τὸ

1955 1732 2061 1805 99
2088 1733 2154 1788 At
2182 1749 2311 1789 vero
2346 1734 2607 1791 Dominus
2636 1746 2819 1792 noster
2847 1738 3004 1794 Jesus
3032 1740 3286 1800 Christus
3308 1760 3372 1799 ex
3421 1762 3519 1802 sua

280 1842 524 1913 Πνεῦμα,
550 1839 691 1894 καθά
725 1837 821 1891 καὶ
842 1834 1003 1897 αὐτὸς
1035 1834 1063 1885 6
1096 1832 1307 1901 Πατὴρ,
1334 1830 1433 1900 οὐχ
1463 1829 1537 1892 ὠς
1559 1830 1623 1881 ἐκ
1652 1827 1850 1913 μέτρου

277 1912 493 1988 δίδωσιν
521 1933 655 1985 αὐτὸ
688 1931 803 1991 τοῖς
852 1925 1023 1991 ἀξίοις
1071 1924 1232 1977 ἐλεῖν.
1271 1921 1518 1975 Ἀνθότου
1550 1920 1613 1991 δὴ
1650 1916 1767 1983 οὖν,
1807 1912 1853 1972 ὧ

281 2026 549 2098 βέλτιστε,
579 2023 672 2076 τὸν
706 2022 805 2075 οὐκ
838 2021 902 2073 ἐκ
934 2019 1134 2089 μέτρου
1164 2014 1373 2068 διδόντα
1392 2014 1450 2067 τὸ
1483 2012 1707 2083 Πνεῦμα
1739 2014 1853 2076 τοῖς

285 2117 703 2192 μεμετρημένον
731 2114 944 2185 ἔχουσιν
977 2111 1109 2167 αὐτὸ
1142 2112 1314 2172 ποιεῖς
1344 2106 1656 2178 ἐναρίθμιον
1680 2124 1694 2173 ;
1724 2120 1854 2172 συγ-

282 2203 652 2275 κεκροτῆσθαι
682 2203 857 2271 λέγων
890 2202 1040 2271 παρᾶ
1074 2197 1166 2252 τοῦ
1209 2196 1523 2267 Πνεύματος
1552 2196 1650 2266 τὴν
1693 2193 1854 2260 δόξαν

282 2296 475 2357 αὐτοῦ,
492 2295 589 2349 καὶ
614 2290 952 2364 ἐνηργῆσθαι
975 2290 1195 2362 μᾶλλον,
1210 2288 1284 2351 ὡς
1301 2288 1397 2341 ἕνα
1417 2286 1524 2340 τῶν
1546 2286 1665 2341 καθ’
1686 2285 1851 2355 ἡμᾶς,

284 2390 347 2441 ἐν
377 2387 601 2458 χάριτος
643 2384 800 2448 τάξει
843 2382 1077 2436 λαϐόντα
1115 2381 1215 2450 τὴν
1253 2378 1383 2449 παρ’
1415 2376 1579 2431 αὐτοῦ
1619 2374 1856 2445 συγκρό-

285 2496 471 2548 τησιν,
504 2478 671 2547 ἡγουν
711 2474 1006 2545 ἐνεργῆσαι
1049 2470 1248 2544 μᾶλλον
1274 2470 1349 2533 ὡς
1400 2468 1466 2522 δι’
1503 2467 1636 2520 ἰδίου
1684 2462 1858 2520 [Ινεΰ-

292 2585 464 2640 ματος
492 2567 591 2630 τὰς
620 2564 942 2635 θεοσημὶας.
987 2563 1235 2618 Ἰουδαῖοι
1273 2560 1371 2630 μὲν
1411 2558 1522 2627 γάρ
1556 2558 1604 2610 οἱ
1629 2556 1856 2610 πάντολ-

292 2675 408 2730 μοι,
443 2656 647 2727 πικρὰν
681 2655 767 2708 ἐπ’
809 2653 957 2724 αὐτῷ
1001 2653 1401 2725 καταθήγοντες
1434 2650 1698 2717 γλῶτταν,
1739 2649 1861 2703 ἁνο-

291 2749 428 2812 σίως
460 2747 701 2815 ἔφασκον
719 2761 733 2775 ·
771 2763 790 2797 t
818 2740 981 2807 Οὗτος
1012 2744 1113 2797 οὐκ
1139 2741 1484 2798 ἐκϐάλλειτὰ
1506 2741 1779 2813 δαιμόνια,
1808 2739 1859 2794 εί

290 2838 368 2907 μὴ
395 2837 454 2888 ἐν
476 2834 555 2906 τῷ
595 2832 923 2898 Βεελζεϐοὺλ
950 2832 1171 2905 ἄρχοντι
1204 2831 1311 2884 τῶν
1340 2830 1653 2902 δαιμονίωνο
1689 2850 1708 2882 ι
1743 2833 1771 2884 6
1802 2830 1859 2883 δέ

284 2944 351 2996 γε
379 2926 586 2996 Κύριος
605 2924 766 2995 ἡμῶν
799 2923 1005 2994 Ἰησοῦς
1033 2925 1062 2976 6
1085 2922 1342 2993 Χριστὸς.
1373 2920 1769 2993 ἁμαθαίνοντας
1796 2921 1856 2974 οὑ

287 3018 523 3090 μικρῶς,
566 3015 767 3087 μᾶλλον
797 3015 855 3067 δὲ
894 3016 988 3068 καὶ
1028 3013 1421 3077 δυσσεϐοῦντας
1460 3013 1717 3084 ἐλέγχων,
1750 3030 1770 3065 ι
1795 3013 1858 3066 El

1952 1826 2283 1895 plenitudine
2301 1825 2635 1896 protendens
2653 1829 2937 1898 Spiritum,
2954 1841 3012 1887 ut
3038 1833 3203 1889 etiam
3236 1835 3312 1907 (Ι)
3336 1835 3518 1902 Pater,

1952 1932 2059 1972 non
2089 1916 2234 1971 illum
2271 1921 2362 1972 dat
2409 1927 2661 1988 tanquam
2721 1935 2785 1975 ex
2829 1938 3080 1980 mensura
3129 1924 3196 1982 iis
3232 1929 3321 1998 qui
3372 1932 3521 2002 digni

1953 2016 2078 2061 sunt
2107 2007 2372 2075 accipere.
2401 2007 2641 2075 Quanam
2672 2011 2836 2080 igitur
2861 2016 2928 2070 de
2956 2030 3141 2082 causa,
3164 2018 3249 2073 vir
3279 2025 3520 2092 egregie,

1952 2111 2074 2149 eum
2102 2097 2191 2166 qui
2228 2111 2331 2150 non
2363 2112 2427 2151 ex
2477 2113 2729 2154 mensura
2776 2101 2869 2156 dat
2912 2103 3197 2173 Spiritum,
3250 2109 3303 2163 in
3328 2125 3521 2166 eorum

1955 2201 2236 2240 numerum
2273 2188 2444 2243 refers
2473 2190 2563 2258 qui
2600 2189 2902 2267 dimensum
2940 2194 3089 2251 illum
3117 2197 3361 2267 habent,
3392 2202 3520 2255 dum

1955 2288 2322 2348 comparatam
2364 2295 2395 2335 a
2433 2264 2639 2350 Spiritu
2673 2284 2789 2351 ejus
2814 2284 3040 2355 gloriam
3078 2288 3235 2357 dicis,
3285 2264 3355 2347 etv
3375 2292 3520 2349 illius

1955 2369 2254 2425 eﬂicieutiae
2306 2371 2606 2442 subjectum
2629 2375 2827 2443 pOtins,
2861 2386 2920 2431 ut
2945 2393 3110 2433 utinm
3158 2395 3189 2434 e
3212 2384 3366 2439 nobis
3393 2399 3524 2454 gra-

1958 2459 2047 2515 tize
2077 2460 2194 2515 loco
2215 2461 2330 2531 ejus
2376 2464 2810 2530 cooperationem
2849 2470 3165 2538 accepisse,
3205 2488 3366 2542 quam
3395 2491 3523 2545 pro-

1956 2550 2076 2618 prio
2106 2550 2308 2619 Spiritu
2341 2552 2517 2607 divina
2555 2553 2708 2623 signa
2745 2553 3026 2613 eﬂ‘ecisse‘l
3060 2558 3228 2617 Judaei
3261 2579 3518 2635 namque,

1957 2640 2022 2694 ad
2050 2641 2231 2696 omnia
2267 2641 2614 2697 audacissimi
2649 2659 2773 2700 cum
2802 2658 3122 2706 venenatam
3151 2651 3388 2724 linguam
3422 2657 3521 2709 ad-

1958 2746 2149 2786 versus
2184 2731 2330 2786 illum
2347 2743 2700 2800 exacuerent,
2728 2736 2892 2807 impie
2913 2740 3197 2797 «licebant:
3228 2762 3249 2797 ι
3286 2744 3381 2800 Hic
3416 2761 3521 2802 non

1959 2822 2109 2892 ejicit
2165 2824 2429 2879 daemonia
2470 2824 2572 2879 nisi
2597 2827 2649 2879 in
2687 2824 3008 2897 Beelzebub,
3038 2833 3281 2903 principe
3325 2837 3522 2891 damno-

1960 2913 2175 2968 niorum
2207 2914 2272 2968 ⁸³.
2316 2934 2335 2969 ι
2370 2917 2632 2974 Dominus
2671 2934 2801 2974 vero
2849 2930 3034 2976 noster
3078 2920 3234 2979 Jesus
3275 2925 3524 2984 Christus

1960 3002 2081 3059 illos
2112 3019 2217 3059 non
2248 3006 2455 3061 modica
2492 3008 2727 3072 inscitia.
2762 3012 2871 3066 imo
2897 3026 3027 3066 vero
3050 3015 3216 3069 etiam
3243 3017 3523 3086 impietate

284 3079 422 3179 ἐγὼ..
448 3079 634 3180 φησίν,
669 3110 727 3161 ἐν
777 3106 1107 3171 Βεελςεϐοῦλ
1144 3105 1366 3177 άρχοντι
1412 3105 1520 3158 τῶν
1563 3079 1852 3175 δαιμονίων

1961 3095 2208 3151 laborare
2239 3113 2539 3168 coarguens
2565 3118 2579 3155 :
2615 3119 2634 3153 ι
2674 3100 2731 3156 Si
2760 3117 2880 3173 ego,
2916 3104 3109 3173 inquit,
3140 3105 3194 3160 in
3219 3079 3524 3165 Beelzebub

284 3201 535 3256 ἐκϐάλλω
577 3201 647 3254 τὰ
691 3198 963 3270 δαιμόνια,
1007 3200 1057 3251 oi
1089 3199 1194 3250 υἱοὶ
1240 3197 1395 3268 ὑμῶν
1444 3199 1501 3250 ἐν
1541 3197 1647 3251 τίνι
1693 3194 1857 3249 ἐκϐα-

283 3292 474 3357 λοῦσι;
506 3310 523 3342 ι
549 3288 935 3360 Τεθαύμασται
960 3288 1069 3359 γὰρ
1090 3291 1119 3341 6
1139 3286 1390 3358 λαμπρὸς
1419 3289 1515 3341 καὶ
1549 3286 1721 3357 μέγας
1747 3286 1857 3339 τῶν

284 3383 459 3450 ἁγίων
489 3380 799 3434 ἀποστόλων
843 3379 1028 3451 χορὸς,
1058 3379 1116 3431 ἐν
1144 3378 1370 3447 ὀνόματι
1411 3377 1584 3448 Ἰησοῦ
1617 3375 1855 3446 Χριστοῦ

282 3472 381 3525 τοῦ
402 3469 729 3541 Ναζωραίου
755 3468 977 3538 πληρῶν
1002 3467 1071 3522 τὰ
1121 3467 1429 3539 παράδοξαο
1471 3468 1567 3521 καὶ
1598 3465 1727 3535 γοῦν
1756 3466 1859 3520 ὑπ-

284 3564 551 3632 έστρεφον
574 3560 859 3631 χαίροντές
884 3576 944 3612 τε
976 3560 1069 3613 καὶ
1091 3559 1342 3628 λέγοντες
1361 3575 1376 3589 ’
1401 3576 1419 3608 ι
1442 3557 1638 3629 Κύριε,
1667 3558 1762 3610 καὶ
1786 3556 1856 3612 τὰ

283 3652 541 3722 δαιμόνια
586 3652 716 3722 ἡμῖν
757 3650 1125 3704 ὑποτάσσεται
1163 3649 1256 3702 ἐπὶ
1291 3648 1370 3719 τῷ
1411 3648 1635 3718 ὀνόματί
1681 3664 1798 3703 σου.
1829 3667 1850 3702 ι

296 3741 441 3794 Ἀλλ’
466 3741 624 3812 εἴπερ
651 3740 796 3794 ἐστὶν
824 3740 1047 3809 ἐφικτὸν
1071 3742 1128 3793 ἐν
1150 3733 1379 3810 ὀνόματί
1403 3755 1549 3801 τινος
1570 3739 1680 3792 τῶν
1706 3741 1857 3811 ἐνερ-

285 3833 593 3902 γουμένων,
631 3833 725 3886 καὶ
766 3833 993 3901 ἑτέρους
1033 3830 1295 3887 δύνασθαι
1338 3831 1407 3884 τὰ
1457 3832 1550 3884 ῐσα
1590 3831 1852 3902 πληροῦν,

285 3922 475 3993 ἡκέτω
493 3937 508 3951 ο
538 3920 789 3991 φραζέτω
831 3921 918 3974 διὰ
943 3920 1100 3973 ποίαν
1130 3919 1309 3972 αἰτίαν
1341 3918 1518 3981 οὐδεὶς
1547 3920 1605 3971 ἐν
1632 3917 1853 3988 ὀνόματι

285 4013 401 4067 τῶν
425 4012 597 4079 ἁγίων
629 4012 787 4074 τινος,
818 4011 852 4081 ἢ
882 4010 1213 4081 ἀκαθάρτοις
1233 4008 1505 4079 πνεύμασι
1525 4010 1854 4080 ἐπιτιμήσας

287 4099 657 4169 θαυμάζεται,
693 4097 863 4168 ἧγουν
890 4098 1078 4167 ἕτερόν
1105 4114 1161 4150 τι
1183 4096 1292 4149 τῶν
1333 4096 1475 4168 πέρα
1515 4095 1670 4165 λόγου
1699 4114 1852 4152 τετε-

283 4191 479 4255 λεκώς.
519 4190 659 4242 Ἀλλ’
690 4191 740 4242 oi
789 4189 889 4260 μὲν
925 4189 1250 4260 ἐνηργηνται
1280 4186 1431 4257 παρὰ
1477 4187 1569 4240 τοῦ
1599 4187 1855 4259 Πνεῦμα-

284 4299 399 4345 τος,
428 4283 523 4334 καὶ
557 4296 805 4351 μεμετρη
816 4280 984 4350 μένην
1025 4280 1210 4347 ἔχουσι
1239 4277 1426 4347 χάριν·
1448 4279 1477 4331 6
1500 4277 1576 4341 δὲ,
1601 4277 1678 4341 ὡς
1718 4277 1853 4344 Θεὸς

1958 3187 2118 3257 ejicio
2148 3188 2433 3259 damonis,
2470 3191 2564 3247 lilii
2614 3194 2775 3249 vestri
2819 3195 2873 3249 in
2930 3210 3036 3263 quo
3087 3197 3312 3266 ejiciunt
3354 3200 3400 3237 "
3431 3200 3455 3257 ἲ
3492 3219 3513 3253 ι

1958 3275 2087 3331 Erat
2126 3277 2269 3331 enim
2319 3279 2372 3333 in
2422 3281 2778 3337 admiratione
2823 3283 3003 3340 clarus
3049 3286 3139 3342 ille
3187 3296 3239 3343 et
3291 3305 3520 3362 magnus

1958 3377 2265 3423 sanctorum
2314 3372 2679 3439 apostolorum
2733 3375 2954 3442 chorus,
3002 3392 3124 3432 cum
3186 3380 3240 3435 in
3303 3384 3523 3438 nomine

1958 3457 2087 3514 .lcsu
2118 3459 2322 3515 Christi
2355 3460 2617 3518 Nazareni
2648 3465 2832 3519 ederet
2879 3468 3137 3524 miracula
3172 3488 3185 3523 :
3221 3472 3401 3543 itaque
3439 3490 3523 3528 re-

1958 3551 2310 3606 vertebantur
2338 3554 2637 3621 gaudentes
2685 3569 2746 3608 ac
2778 3556 3064 3612 dicentes:
3102 3576 3122 3611 ι
3168 3557 3414 3625 Domine,
3469 3563 3522 3616 in

1957 3641 2173 3694 nomine
2203 3650 2293 3696 tun
2328 3644 2488 3697 etiam
2520 3645 2783 3699 daemonia
2814 3648 3181 3717 subjiciuntur
3212 3654 3370 3708 nobis
3397 3655 3462 3706 ⁸⁷.
3498 3674 3515 3704 ι

1967 3728 2072 3784 Sed
2109 3731 2152 3785 si
2187 3732 2301 3786 ﬁeri
2335 3742 2513 3802 potest
2540 3744 2598 3787 ut
2634 3737 2685 3789 in
2716 3737 2931 3791 nomine
2959 3739 3191 3809 alicujus
3215 3757 3405 3798 eorum
3431 3748 3520 3812 qui

1954 3820 2366 3877 adeliicieiidum
2385 3825 2453 3876 ab
2470 3823 2574 3879 alio
2590 3838 2890 3893 moventur,
2905 3830 3067 3883 etiam
3083 3831 3171 3886 alii
3192 3834 3389 3889 similia
3408 3851 3524 3903 pns-

1953 3912 2061 3965 siut
2087 3912 2316 3976 efficere,
2337 3915 2556 3981 prodeat
2583 3931 2649 3969 ac
2674 3917 2837 3984 dicat,
2860 3933 3020 3988 quam
3038 3922 3105 3975 ob
3127 3936 3341 3978 causam
3366 3940 3523 3979 nemo

1953 4003 2253 4056 celebretur
2276 4004 2415 4070 quod
2437 4006 2487 4057 in
2504 4006 2641 4058 illius
2657 4010 2824 4061 sancti
2845 4009 2944 4061 viri
2965 4012 3179 4066 nomine
3199 4013 3280 4066 vel
3300 4015 3524 4082 spiritus

1953 4093 2194 4162 impuros
2217 4094 2524 4162 increparit,
2549 4095 2627 4149 vel
2650 4096 2791 4151 aliud
2812 4100 3081 4168 quidpiam
3109 4104 3251 4170 quod
3267 4118 3425 4171 supra
3446 4123 3526 4159 ra-

1955 4186 2150 4241 tionem
2184 4187 2273 4252 sit,
2313 4188 2615 4256 perfecerit.
2658 4189 2761 4245 Sed
2815 4192 2886 4247 illi
2928 4193 3145 4262 quidem
3177 4210 3206 4248 a
3231 4192 3430 4265 Spiritu
3461 4200 3525 4253 ad
3574 4244 3579 4247 ,

1953 4293 2086 4347 opus
2107 4277 2442 4334 efﬁciendum
2501 4280 2862 4350 impelluntur,
2909 4285 2963 4339 εἰ
2988 4285 3286 4341 dimensam
3329 4288 3527 4343 habent

286 4372 517 4440 ἐνεργεῖ,
561 4370 654 4423 καὶ
687 4368 760 4431 ὠς
788 4367 855 4420 δι’
891 4366 1020 4420 ἰδίου
1053 4366 1368 4436 Πνεῦματος
1390 4366 1628 4437 ἀμογητὶ
1655 4383 1852 4438 κατορ-

1955 4370 2212 4440 gratiam;
2235 4371 2325 4426 hic
2348 4386 2476 4427 vero
2504 4384 2562 4427 ut
2588 4374 2727 4428 Dens
2758 4384 3032 4443 operatur,
3058 4386 3112 4432 et
3147 4387 3399 4448 tanquam
3434 4396 3526 4449 per

286 4462 372 4514 θοῖ
401 4461 469 4514 τά
490 4461 555 4512 δι’
579 4453 653 4513 ὧν
675 4459 1035 4530 θαυμάζεται.
1068 4459 1179 4511 Καὶ
1212 4456 1342 4525 γοῦν
1371 4460 1404 4529 ἡ
1433 4459 1531 4529 τὴν
1556 4457 1648 4512 τοῦ
1679 4457 1847 4528 αἵμα-

285 4567 378 4612 τος
429 4549 583 4620 ῥύσιν
634 4550 1035 4620 ἀρῤωστήσασα
1095 4548 1232 4618 γυνὴ
1294 4548 1673 4619 προσελθοῦσά
1718 4562 1851 4602 ποτε

284 4639 589 4712 λεληθότως
615 4640 718 4693 ἀπὸ
737 4639 958 4693 ὄπισθεν
977 4640 1165 4706 αὑτοῦ,
1205 4639 1513 4711 γέγραπται
1538 4640 1654 4703 ὡδὶ,
1675 4640 1852 4711 ἥψατο

281 4734 380 4787 τοῦ
424 4733 728 4804 κρασπέδου
774 4730 869 4786 τοῦ
924 4731 1138 4802 ἱματίου
1165 4731 1353 4793 αὐτοῦ,
1382 4732 1476 4784 καὶ
1507 4732 1852 4804 παραχρῆμα

281 4827 416 4896 ἔστη
450 4826 485 4895 ἠ
530 4822 684 4896 ῥύσις
724 4824 817 4877 τοῦ
857 4825 1088 4894 αἵματος
1120 4823 1312 4893 αὐτῆς.
1361 4825 1427 4876 Ὃ
1473 4823 1538 4893 δὴ
1589 4824 1683 4876 καὶ
1730 4840 1854 4877 συν-

285 4922 387 4985 ιεὶς
438 4923 467 4973 6
510 4919 782 4991 Χριστος,
826 4937 847 4971 ι
884 4918 979 4982 Τίς
1021 4920 1051 4971 6
1099 4918 1379 4989 ἁψάμενός
1417 4935 1557 4989 μου;
1594 4937 1613 4971 ›
1663 4918 1851 4988 φησίν.

295 5009 515 5081 Ἐπειδὴ
541 5009 676 5080 πρὸς
702 5010 858 5063 τοῦτο
892 5011 1133 5079 ἔφασκον
1178 5011 1227 5062 οἱ
1263 5008 1546 5062 θεσπέσιοι
1579 5009 1849 5080 μαθηταί’

288 5121 304 5153 ι
336 5100 658 5163 Ἐπιστάτα,
690 5100 929 5170 βλέπεις,
956 5101 1006 5153 οἱ
1032 5100 1179 5170 ὄχλοι
1201 5101 1485 5170 συνέχουσί
1508 5117 1567 5153 σε
1598 5101 1693 5154 καὶ
1714 5102 1853 5153 ἁπο-

283 5192 519 5244 θλίϐουσι
535 5207 549 5220 ·
577 5210 595 5241 ι
625 5190 788 5243 πάλιν
810 5190 1047 5259 ἔφασκεν
1072 5191 1232 5255 αὑτός
1252 5207 1266 5221 ·
1297 5210 1315 5242 ι
1342 5190 1557 5260 Ἥψατό
1582 5190 1684 5261 μού
1736 5207 1818 5253 τις
1836 5205 1848 5218 ·

283 5283 393 5351 ἐγὼ
412 5282 521 5351 γάρ
552 5283 722 5351 ἐγνων
748 5281 979 5351 δύναμιν
1011 5281 1331 5348 ἐξελθοῦσαν
1366 5283 1461 5336 ἀπ’
1488 5283 1646 5353 ἐμοῦ.
1679 5301 1696 5334 s
1731 5283 1853 5335 Συν-

1957 4462 2229 4530 proprium
2247 4463 2505 4535 Spiritum
2530 4468 2644 4520 sine
2666 4467 2848 4521 labore
2878 4468 3134 4521 miracula
3164 4468 3392 4535 perﬁcit.
3422 4472 3526 4524 De.

1958 4555 2119 4624 hique
2142 4555 2228 4610 illa
2249 4556 2442 4609 mulier
2467 4572 2584 4625 ηυδε
2605 4558 2882 4622 sanguinis
2906 4556 3051 4612 ﬂuxu
3075 4559 3375 4629 laborabat,
3404 4578 3525 4617 cum

1960 4648 2276 4701 accessisset
2302 4647 2438 4700 clam
2468 4663 2497 4700 a
2523 4659 2692 4716 tergo,
2720 4638 2858 4703 sicut
2886 4651 3144 4720 scriptum
3165 4653 3325 4718 est”,
3352 4657 3528 4725 tetigit

1962 4737 2226 4790 iimbriani
2256 4737 2555 4790 vestimenti
2586 4739 2701 4806 ejus
2734 4754 2747 4790 :
2776 4748 2828 4792 et
2862 4741 3119 4796 continuo
3152 4745 3302 4799 stetit
3349 4744 3528 4800 ﬂuxus

1961 4825 2236 4894 sanguinis
2280 4826 2414 4893 ejus.
2443 4828 2560 4894 Quo
2602 4830 2818 4900 cognito
2857 4832 3107 4888 Christus
3139 4851 3153 4888 :
3205 4854 3224 4887 ι
3251 4837 3381 4902 Quis
3420 4852 3525 4900 uie,

1966 4917 2172 4985 inquit,
2222 4919 2443 4988 tetigit?
2491 4938 2509 4970 ι
2557 4936 2786 4992 cumque
2834 4925 2900 4977 ad
2949 4926 3000 4978 id
3058 4927 3301 4982 dicerent
3351 4931 3527 4983 sancti

1960 5009 2185 5075 aposmli
2215 5026 2226 5061 :
2266 5028 2283 5060 ι
2313 5011 2634 5081 Praeceptor,
2669 5015 2837 5076 vides,
2872 5018 3041 5070 turbtc
3075 5027 3126 5071 te
3157 5018 3525 5084 comprimunt.

1959 5110 2010 5152 et
2044 5099 2325 5167 amiguut;
2364 5121 2382 5154 ι
2421 5118 2632 5157 rursum
2675 5105 2788 5173 ipse
2814 5106 2992 5159 dixit:
3032 5125 3050 5156 ι
3087 5107 3286 5174 Tetigit
3321 5122 3406 5161 me
3430 5108 3527 5159 ali-

1959 5191 2104 5259 quis.
2130 5206 2230 5258 ego
2259 5194 2401 5247 enim
2436 5195 2557 5247 novi
2591 5195 2843 5248 virtutem
2879 5211 2907 5248 a
2961 5211 3045 5250 mc
3089 5197 3239 5249 exire
3278 5197 3342 5249 '9.
3395 5215 3413 5248 ι
3452 5198 3528 5249 ln-

1963 5282 2163 5352 telligis
2201 5298 2328 5353 ergo
2375 5285 2830 5354 quemadmodum
2881 5300 2983 5339 non
3027 5286 3133 5340 vim
3181 5288 3521 5343 extrinsecus

350 5444 396 5474 "
438 5440 624 5498 Matth.
660 5458 713 5503 τ,
746 5438 801 5501 8.
838 5439 901 5510 9;
930 5438 1057 5493 Luc.
1089 5441 1261 5510 13.771.
1337 5440 1383 5473 ⁸³
1419 5438 1580 5495 Joan.
1607 5456 1688 5503 Ill,
1712 5439 1820 5510 5L,

1964 5439 1981 5493 l
2021 5440 2143 5494 Cor.
2184 5457 2279 5505 xu,
2308 5441 2461 5495 8-10.
2540 5440 2584 5471 "
2610 5440 2792 5496 Matth.
2820 5457 2915 5510 XII,
2945 5441 3034 5499 2L
3121 5443 3167 5478 "
3195 5444 3328 5503 ibid.
3349 5443 3447 5503 27.

281 5511 323 5543 ⁸⁷
355 5510 489 5568 Luc.
530 5526 583 5578 ιι,
616 5511 698 5564 l7.
773 5509 818 5542 ⁸⁸
846 5509 975 5563 Luc.
1008 5525 1123 5576 vin,
1151 5509 1240 5576 45,
1274 5510 1364 5565 44.
1443 5512 1487 5544 ⁸³
1524 5511 1652 5565 ibid.
1676 5510 1765 5575 43,
1799 5508 1886 5562 46.

350 5665 425 5737 ii)
461 5666 527 5724 Et
558 5666 646 5723 hic
682 5664 830 5722 locus
857 5674 1042 5736 aperte
1072 5663 1311 5722 declarat
1338 5663 1597 5735 Spiritum
1622 5676 1686 5719 ex
1717 5661 1847 5716 Filio
1888 5661 2048 5715 ctiam
2089 5659 2402 5730 procedere.
