3926 6126
399 247 503 302 175

1399 250 1458 305 S.
1490 248 1769 304 Δ(ΊΥΠΙΙᾸΛ
1810 246 2271 302 ALEXANDRINl
2311 248 2625 307 AliClllEl‘.

3541 248 3642 308 Γῗό

395 363 646 427 ascitam,
676 364 769 418 sed
804 364 1130 420 intrinsecus
1153 375 1205 421 et
1231 380 1295 420 cx
1319 367 1496 435 seipse
1519 365 1709 419 habeat
1744 376 1798 420 ut
1830 380 1945 435 ope-

2065 364 2165 428 tai;
2207 364 2440 437 [συνίης]
2475 362 2567 420 οῦν
2615 366 2762 430 ὅπως
2813 366 2911 418 οὐκ
2962 366 3375 435 είσκεκριμένον
3417 365 3638 431 ἔξωθεν,

399 454 504 507 rari
538 464 591 507 et
618 453 827 509 efﬁcere
862 457 1054 527 possit,
1088 468 1143 511 et
1171 457 1238 511 ab
1270 457 1672 511 inﬁrmitatibus
1704 456 1959 512 liberare.

398 539 598 595 Scribit
626 545 791 596 etiam
818 545 1012 597 alicubi
1050 546 1238 600 beatus
1269 544 1602 613 evangelista
1629 544 1913 600 Matthaaus
1945 563 1959 601 :

401 648 418 681 ι
467 631 529 686 Et
558 634 737 686 omnis
774 635 925 687 turba
964 635 1239 702 qua-rebat
1275 650 1394 689 eum
1425 645 1669 702 tangere,
1693 636 1818 704 quia
1855 637 1963 689 vir-

398 735 484 777 tus
530 725 596 778 de
641 725 730 778 illo
772 725 973 788 exibat,
1033 737 1086 778 ct
1136 727 1359 778 sanabat
1404 742 1591 779 omnes
1648 727 1711 780 ⁶⁰.
1748 745 1765 777 ι
1806 728 1965 797 100

396 809 581 867 Virtus
614 827 742 883 ergo
773 811 887 879 ejus
933 822 1018 867 est
1064 813 1178 879 ejus
1226 813 1508 882 Spiritus:
1554 815 1713 881 idque
1764 818 1963 869 contir-

396 911 507 956 mat
536 902 725 974 beatus
758 902 922 955 David
950 918 1072 957 cum
1112 902 1243 957 dicit
1273 920 1286 955 :
1323 923 1340 954 ι
1383 904 1558 958 Verbo
1598 905 1803 959 Domini
1837 905 1960 959 caeli

399 993 593 1046 ﬁrmati
640 1003 785 1059 sunt,
819 1003 872 1047 et
908 993 1118 1061 Spiritu
1148 994 1259 1048 oris
1309 995 1423 1062 ejus
1453 995 1629 1049 omnis
1665 995 1833 1049 virtus
1864 1010 1959 1049 eo-

398 1100 511 1137 rum
546 1084 611 1136 ".
662 1103 681 1135 ι
717 1083 792 1138 Os
828 1094 1009 1138 autem
1043 1083 1137 1139 Dei
1173 1101 1235 1138 ac
1285 1084 1462 1141 Patris
1497 1128 1510 1150 ,
1564 1087 1737 1154 ipsum
1791 1102 1854 1141 ex
1895 1102 1960 1142 eo

395 1174 627 1229 Verbum
681 1173 957 1243 appellat,
1001 1176 1155 1244 cujus
1202 1175 1446 1246 Spiritu,
1493 1193 1611 1247 qua:
1649 1193 1743 1247 per
1784 1178 1958 1247 ipsum

392 1265 531 1319 facta
588 1275 754 1329 sunt,
805 1268 1152 1320 continuatur
1213 1277 1269 1319 ut
1319 1268 1638 1322 subsistant.
1690 1267 1960 1324 Hactenus

391 1354 554 1424 igitur
578 1355 686 1408 dixi
714 1356 1168 1424 quemadmodum
1200 1357 1418 1424 pietatis
1453 1359 1787 1428 mysterium,
1814 1360 1955 1428 quod
1984 1388 1985 1391 η

391 1446 491 1515 ipsi
527 1461 739 1515 quoque
790 1446 1353 1517 admiranturnngeli,
1411 1449 1477 1503 ad
1526 1449 1750 1503 nihilum
1793 1452 1958 1505 dedu-

391 1547 498 1603 cat;
537 1546 592 1592 et
641 1538 912 1607 negligens
945 1539 1190 1607 dogmata
1231 1540 1503 1606 veritatis,
1561 1552 1833 1607 extenuet,
1873 1543 1954 1596 di-

392 1643 556 1682 cens:
593 1646 612 1678 ι
640 1628 804 1682 Visne
827 1639 881 1683 et
908 1628 1066 1682 aliam
1097 1631 1162 1683 ad
1199 1631 1312 1684 haec
1334 1631 1649 1699 adjiciamus
1675 1630 1955 1688 Trinitatis

2068 459 2178 511 ἀλλ’
2213 459 2424 512 οἴκοθεν
2452 459 2563 530 ἔχει
2586 459 2680 512 καὶ
2708 458 2767 523 ἐξ
2792 458 2955 512 αὐτοῦ
2990 459 3048 512 τὸ
3080 460 3321 529 ἐνεργεῖν
3353 458 3637 521 δύνασθαι.

2065 553 2158 604 καὶ
2195 552 2559 606 ἀπαλλάττειν
2583 552 3058 624 ἀρρωστημάτων.
3088 551 3291 622 Γράφει
3321 550 3378 602 δέ
3414 569 3516 604 που
3547 553 3641 604 καὶ

2063 642 2092 693 6
2146 641 2416 711 μακάριος
2469 642 2861 711 εὐαγγελιστὴς
2906 641 3218 704 Λιατθαῖος·
3263 661 3279 691 ι
3312 640 3422 694 Καὶ
3462 646 3570 702 πᾶς
3612 646 3639 698 6

2063 733 2217 803 ὄχλος
2237 733 2419 803 ἐζήτει
2445 734 2711 787 ἅπτεσθαι
2737 731 2926 799 αὑτοῦ,
2947 733 3029 785 ὅτι
3057 733 3286 801 δύναμις
3321 736 3450 805 παρ’
3473 735 3638 789 αὐτοῦ

2064 824 2342 895 ἐξήρχετο,
2376 826 2471 879 καὶ
2506 828 2620 880 ίᾶτο
2660 825 2888 888 πάντας.
2920 844 2938 877 ι
2966 825 3205 895 Δύναμις
3239 823 3331 879 οὖν
3364 826 3550 892 αὐτοῦ,
3582 826 3639 879 τὸ

2064 915 2293 987 Πνεῦμα
2341 916 2535 969 αὑτοῦ·
2588 918 2682 969 καὶ
2717 914 3048 968 πιστώσεται
3086 915 3261 982 λέγων
3287 917 3314 969 6
3355 915 3640 980 Θεσπέσιος

2064 1007 2226 1059 Δαϐίδ
2246 1023 2259 1036 ο
2299 1026 2317 1058 ι
2356 1007 2446 1078 Τῷ
2471 1006 2615 1078 λόγῳ
2652 1007 2856 1078 Κυρίου
2880 1008 2927 1059 oi
2957 997 3634 1078 οὐρανοὶέστερεώθησαν,

2065 1096 2161 1148 καὶ
2216 1096 2293 1165 τῷ
2324 1095 2597 1166 Ηνεύματι
2622 1096 2715 1149 τοῦ
2747 1097 3012 1167 στόματος
3041 1095 3206 1148 αὑτοῦ
3239 1097 3388 1149 πᾶσα
3421 1097 3450 1166 ἡ
3479 1094 3638 1149 δύνα-

2067 1204 2159 1256 μις
2188 1186 2389 1239 αὐτῶν.
2425 1207 2441 1239 ι
2478 1188 2659 1257 Στόμα
2688 1188 2743 1240 δὲ
2774 1187 2867 1239 τοῦ
2904 1185 3040 1238 Θεοῦ
3076 1187 3170 1239 καὶ
3196 1186 3428 1257 Πατρὸς,
3461 1185 3550 1238 τὸν
3577 1182 3638 1253 ἐξ

2060 1277 2222 1330 αὐτοῦ
2276 1295 2409 1348 φησι
2459 1277 2663 1346 Λόγον,
2703 1270 2764 1330 οὗ
2816 1277 2895 1348 τῷ
2929 1275 3213 1347 Πνεῦματι
3262 1277 3635 1347 διακρατεῖται

2061 1371 2196 1441 πρὸς
2223 1370 2475 1442 ὓπαρξιν,
2507 1371 2575 1425 τὰ
2613 1371 2680 1425 δι’
2721 1372 2885 1425 αὐτοῦ
2923 1372 3202 1441 γεγονότα.
3239 1371 3376 1441 Ἤδη
3416 1372 3513 1441 μὲν
3541 1368 3637 1425 οῦν

2059 1462 2196 1532 ἔφην
2230 1464 2311 1516 ὅτι
2350 1465 2448 1533 τῆς
2471 1463 2753 1527 εὐσεϐείας
2776 1464 2836 1517 τὸ
2864 1465 3181 1536 μυστήριον,
3215 1463 3242 1517 ὃ
3273 1465 3363 1517 καὶ
3388 1464 3518 1534 παρ’
3539 1466 3637 1517 αῦ-

2058 1556 2169 1616 τοῖς
2196 1553 2571 1625 τεθαύμασται
2604 1559 2720 1620 τοῖς
2751 1556 2925 1625 ἁγίοις
2969 1556 3241 1623 ἀγγέλοις,
3273 1557 3635 1627 κατακομίζει

2060 1645 2195 1714 πρὸς
2232 1646 2292 1699 τὸ
2322 1647 2507 1717 μηδὲν,
2541 1648 2638 1701 καὶ
2678 1649 2785 1702 τῶν
2816 1649 2896 1711 είς
2934 1647 3193 1717 ἀλήθειαν
3240 1648 3524 1716 δογμάτων
3571 1647 3633 1701 οὗ

389 1720 797 1789 operationem?
839 1719 1168 1775 lnhabitavit
1198 1723 1367 1777 Filius
1410 1726 1459 1777 in
1489 1740 1714 1794 corpore
1754 1740 1767 1779 :
1801 1740 1945 1780 com-

2058 1734 2458 1805 πεφροντικὼς,
2496 1738 2924 1808 κατασμικρύνει
2950 1776 2964 1801 ,
2996 1738 3204 1806 λέγων·
3244 1757 3263 1790 ι
3300 1739 3485 1792 Βούλει
3537 1739 3637 1792 καὶ⁵

390 1812 663 1865 mendavit
699 1813 1028 1880 baptizatum
1082 1812 1289 1891 'Pater:
1327 1814 1577 1868 formavit
1623 1815 1676 1868 in
1730 1814 1948 1884 Virgine

389 1903 644 1975 Spiritus.
681 1923 698 1956 ι
745 1905 913 1959 Porro
944 1920 1064 1959 cum
1096 1907 1179 1960 his
1210 1923 1329 1976 quae
1354 1923 1381 1960 a
1435 1909 1587 1963 nobis
1611 1910 1749 1962 dicta
1800 1920 1948 1975 sunt,

388 2011 683 2067 congruere
728 1997 1043 2064 veritatem,
1100 2014 1270 2068 neque
1324 1998 1583 2054 adversus
1619 2000 1733 2067 ejus
1786 2001 1946 2054 verba

386 2088 566 2142 lictam
603 2103 698 2141 nos
729 2092 1097 2159 composuisse
1128 2091 1604 2154 declamationem,
1645 2094 1737 2144 sed
1791 2107 1949 2161 aper-

388 2186 494 2229 tam
543 2192 831 2248 vcramque
892 2182 1321 2249 redargutiouetn
1359 2220 1372 2244 ,
1432 2182 1546 2251 ipse
1600 2184 1944 2252 perspicuum

384 2267 566 2329 faciet,
599 2284 719 2321 cum
754 2269 876 2323 alibi
912 2271 988 2325 sic
1025 2272 1169 2325 dicat
1199 2289 1210 2324 :

450 2531 687 2588 an'ros.
734 2534 934 2605 [Atque
976 2538 1373 2606 cooperationis
1417 2538 1571 2606 hujus
1606 2541 1826 2596 evidens
1857 2552 1941 2598 est

382 2636 757 2695 argumentum
786 2643 799 2678 :
828 2626 994 2682 Filius
1014 2640 1094 2683 est
1119 2628 1293 2685 factus
1322 2632 1502 2697 homo,
1536 2632 1694 2685 Pater
1720 2634 1770 2686 in
1796 2635 1940 2687 thro.

384 2729 452 2769 no
467 2714 780 2783 collocavit,
811 2717 1043 2789 Spiritus
1072 2720 1239 2790 signis
1274 2720 1623 2793 houestavit.]

1039 2833 1185 2888 CAP.
1220 2832 1280 2889 ll.

406 2982 409 2985 λ
448 2956 530 3012 An
561 2967 685 3008 vero
722 2950 947 3020 posthac
994 2949 1233 3015 ambiget
1282 2947 1606 3017 quisquam,
1648 2952 1944 3005 sententia-

2054 1825 2219 1896 ἄλλην
2271 1827 2362 1881 ἐπὶ
2403 1829 2615 1892 τούτοις
2664 1830 2847 1892 αὐτοῖς
2896 1830 2994 1898 τῆς
3043 1829 3273 1901 Τριάδος
3316 1830 3633 1900 ἐνέργειαν,

2067 1913 2371 1984 Ἐνῴκησεν
2395 1918 2421 1970 ὁ
2449 1917 2573 1981 Υἱὸς
2597 1920 2653 1970 ἐν
2673 1917 2750 1987 τῷ
2773 1918 3010 1987 σώματι·
3042 1919 3366 1990 συνέστησεν
3387 1919 3416 1972 6
3437 1920 3636 1989 Πατὴρ

2052 2002 2448 2077 βαπτιζόμενον
2472 2026 2485 2040 ·
2514 2009 2800 2062 διέπλασεν
2847 2010 2904 2061 ἐν
2937 2009 3197 2080 Παρθένῳ
3218 2010 3276 2062 τὸ
3320 2009 3568 2081 Πνεῦμα.
3608 2027 3630 2062 ι

2051 2096 2173 2149 Ὅτι
2198 2097 2252 2150 δὲ
2279 2102 2392 2163 τοῖς
2425 2100 2556 2170 πρὸς
2586 2100 2742 2171 ἡμῶν
2767 2101 3076 2171 εἰρημένοις
3107 2101 3296 2170 ἕψεται
3318 2102 3381 2170 δὴ
3409 2101 3636 2167 πάντως

2047 2185 2107 2238 τὸ
2132 2187 2351 2257 ἀληθὲς,
2394 2191 2488 2243 καὶ
2514 2192 2574 2243 οὐ
2607 2190 2768 2262 ψιλὴν
2809 2191 3149 2262 κατάρῤυσιν
3180 2191 3294 2263 [τσ.
3333 2192 3635 2265 κατὰρῤη-

2049 2274 2153 2346 σιν]
2189 2276 2295 2330 τῶν
2313 2278 2475 2331 αὐτοῦ
2497 2280 2841 2350 πεποιήμεθα
2867 2279 3059 2349 λόγων,
3083 2281 3301 2351 ἔλεγχον
3325 2281 3381 2333 δὲ
3424 2281 3631 2352 μᾶλλον

2058 2368 2200 2437 σαφῆ
2233 2386 2294 2420 τε
2328 2369 2421 2422 καὶ
2458 2371 2653 2442 ἀληθῆ,
2689 2371 2938 2438 διαδείξει
2978 2371 3175 2446 δὲ-[ἵσ.
3204 2371 3293 2446 δὴ]
3323 2372 3495 2442 λέγων
3530 2374 3633 2428 αὐ-

2053 2457 2141 2520 τὸς
2163 2460 2218 2511 ἐν
2249 2460 2455 2531 ἑτέροις
2472 2462 2587 2517 ὡδί.
3052 2444 3067 2457 χ

2115 2550 2259 2623 [Καὶ
2289 2554 2389 2625 τῆς
2419 2557 2789 2627 συνεργείαςή
2820 2557 3091 2622 ἀπόδειξις
3124 2558 3384 2630 πρόδηλος
3406 2575 3418 2588 '
3450 2558 3479 2611 6
3502 2559 3631 2626 Υἱὸς

2050 2645 2494 2718 ἐνηνθριῖλπησεν·
2555 2650 2583 2701 6
2634 2650 2823 2720 Πατὴρ
2880 2650 3234 2720 ἐνεθρόνησε’
3283 2650 3345 2705 τὸ
3396 2651 3628 2723 Πνεῦμα

2055 2738 2299 2807 σημείοις
2323 2738 2630 2812 ἐσέμνυνε]
3114 2726 3120 2733 ⁸

2654 2855 2697 2904 ιι
2708 2853 2902 2905 sum.
2947 2853 3020 2905 θ’.
3316 2889 3334 2919 κ

2121 2935 2247 3012 Ἆρ’
2294 2938 2387 2995 οῦν
2433 2942 2756 2996 ἐνδοιάσειεν
2804 2943 2870 2995 ἂν
2913 2943 3007 2996 καὶ
3043 2943 3184 3014 μετὰ
3214 2944 3367 3000 τοῦτό
3403 2963 3506 3014 τις,
3538 2947 3632 3003 ὅτι

380 3061 497 3101 rum
528 3044 645 3113 ejus
677 3042 1029 3095 intentionem
1061 3037 1128 3090 ad
1181 3037 1452 3091 inscitiam
1499 3040 1659 3092 simul
1701 3041 1945 3108 impieta-

2053 3032 2158 3086 τῶν
2191 3033 2408 3087 ἐννοιῶν
2435 3037 2463 3088 ό
2497 3034 2698 3098 σκοπὸς
2739 3034 2908 3104 αὐτῷ,
2934 3036 3070 3105 πρὸς
3103 3037 3342 3106 ἀμαθίαν
3372 3054 3432 3090 τε
3482 3039 3631 3109 όμοῦ

381 3148 596 3206 temque
623 3141 887 3202 spectare,
923 3138 976 3182 et
1004 3127 1265 3181 adversus
1295 3128 1512 3194 pietatis
1546 3130 1793 3197 dogmata
1819 3146 1942 3185 cum

380 3229 637 3282 audacter
663 3217 979 3289 insurgere?
1030 3218 1120 3286 qui
1173 3218 1312 3271 sicut
1359 3218 1528 3285 ipsum
1561 3218 1656 3273 Dei
1710 3222 1942 3276 Verbum

380 3329 499 3371 esse
523 3325 737 3367 carnem
763 3308 960 3360 factum
988 3308 1150 3359 stulte
1171 3306 1443 3373 rejiciens,
1468 3319 1749 3376 operatum
1776 3310 1942 3366 fuisse

380 3409 456 3461 ait
487 3406 628 3459 illaut
663 3399 1108 3455 inhabitationem
1134 3399 1184 3451 in
1225 3399 1472 3463 homine;
1519 3399 1591 3453 ita
1626 3417 1815 3457 rursus
1849 3419 1941 3458 ac-

380 3499 511 3567 cipit
541 3493 683 3565 quod
725 3492 882 3545 homo
906 3489 1080 3542 factus
1106 3498 1185 3543 est
1223 3507 1235 3541 :
1268 3490 1511 3557 quamvis
1552 3491 1817 3548 universa:
1848 3510 1944 3563 per

379 3590 564 3644 orbem
594 3599 861 3640 terrarum
911 3592 1112 3635 sauctze
1158 3580 1436 3647 Ecclesite,
1482 3592 1537 3637 et
1576 3584 1676 3654 ipsi
1724 3600 1944 3639 venera-

379 3680 515 3735 biles
545 3678 734 3733 Patres
763 3675 852 3744 qui
895 3680 1056 3727 recta:
1082 3680 1136 3725 et
1181 3672 1537 3729 immaculata:
1583 3676 1706 3729 ﬁdei
1746 3676 1941 3731 delini-

382 3773 581 3827 tionem
615 3768 765 3823 nobis
812 3765 1118 3830 ediderunt,
1173 3775 1364 3819 sancto
1387 3764 1590 3834 Spiritu
1634 3766 1686 3820 in
1733 3767 1811 3821 eis
1860 3768 1940 3822 lo-

379 3868 612 3931 quente,
668 3859 1004 3912 incarnatum
1034 3867 1155 3908 esse
1188 3862 1243 3907 et
1293 3853 1563 3908 hominem
1602 3855 1803 3909 factum
1850 3855 1939 3911 Dei

382 3951 636 4015 Verbum,
665 3962 768 4002 non
792 3945 935 4000 aliud
962 3958 1083 3998 esse
1108 3944 1427 4015 intelligant,
1458 3947 1558 4000 nisi
1596 3945 1793 4000 factum
1822 3962 1943 4004 esse

378 4043 543 4098 nostri
574 4039 804 4094 similem
839 4036 1106 4091 hominem
1135 4076 1150 4099 ,
1188 4045 1243 4091 et
1285 4035 1582 4090 secundum
1613 4052 1831 4091 carnem
1872 4054 1938 4092 ex

378 4131 605 4186 muliere
634 4138 839 4191 natum,
871 4127 995 4196 quia
1028 4127 1305 4181 uobiscum
1342 4124 1516 4180 factus
1548 4137 1634 4180 est
1662 4126 1763 4181 sub
1803 4127 1937 4196 lege,

375 4223 466 4292 qui
498 4231 750 4288 tanquam
781 4218 921 4271 Deus
944 4227 1026 4272 est
1053 4232 1211 4285 supra
1241 4216 1435 4286 legem.
1472 4217 1736 4283 Quoniam
1786 4234 1934 4285 vero,

374 4324 433 4368 ut
462 4312 656 4381 saepius
692 4309 827 4372 dixi,
856 4308 908 4360 id
939 4308 1038 4376 ipsi
1071 4307 1404 4377 propositum
1431 4318 1534 4370 est,
1569 4319 1626 4362 ut
1654 4311 1933 4364 veritatem

2050 3125 2143 3177 καὶ
2182 3124 2504 3195 ἀνοσιότητα
2549 3124 2773 3194 βλέπει,
2815 3126 2908 3179 καὶ
2946 3124 3055 3179 τῶν
3082 3126 3184 3195 τῆς
3222 3128 3504 3192 εὐσεϐείας
3535 3131 3624 3183 δο-

2049 3214 2275 3284 γμάτων
2305 3214 2809 3286 καταθρασύνεταις
2850 3214 3039 3286 ὥσπερ
3070 3215 3130 3268 τὸ
3158 3217 3410 3284 γενέσθαι
3441 3218 3629 3290 σάρκα

2047 3306 2137 3359 τὸν
2165 3305 2259 3359 τοῦ
2306 3305 2442 3360 Θεοῦ
2472 3306 2663 3373 Λόγον,
2696 3306 2968 3369 ἀσυνέτως
3007 3305 3273 3370 ἐκϐαλὼν,
3324 3308 3629 3377 ἐνεργῆσαί

2049 3414 2214 3467 φησιν
2244 3400 2323 3460 εἰς
2353 3397 2640 3468 ἄνθρωπον
2670 3396 2767 3466 τὴν
2789 3396 3081 3465 ἐνοίκησιν,
3113 3394 3255 3448 οὕτω
3279 3395 3343 3467 δὴ
3370 3397 3537 3449 πάλιν
3565 3398 3628 3451 τὸ

2048 3488 2457 3560 ἐνανθρωπῆσαι
2479 3490 2691 3559 δέχεται
2707 3504 2718 3515 ·
2737 3488 2914 3541 καίτοι
2944 3487 3053 3541 τῶν
3075 3487 3179 3541 ἁνὰ
3204 3488 3383 3540 πᾶσαν
3403 3487 3503 3558 τὴν
3532 3486 3625 3541 ὑπ’

2046 3580 2271 3649 οὐρανὸν
2306 3579 2475 3648 ἁγίων
2504 3578 2860 3649 Ἐκκλησιῶν,
2885 3578 2979 3630 καὶ
3006 3578 3184 3631 αὐτῶν
3206 3578 3262 3631 δὲ
3297 3578 3405 3632 τῶν
3447 3579 3625 3633 ἀοιδί-

2052 3688 2168 3741 μων
2194 3670 2534 3741 Πατέρων,οἳ
2568 3671 2658 3722 τὸν
2686 3670 2784 3739 τῆς
2813 3668 2974 3740 ὀρθῆς
3002 3685 3059 3721 τε
3081 3669 3175 3721 καὶ
3194 3669 3500 3739 ἀμωμήτου
3534 3669 3628 3722 πί-

2050 3777 2216 3824 στεως
2246 3761 2371 3831 ὅρον
2397 3761 2527 3831 ἡμῖν
2556 3758 2876 3830 ἐξήνεγκαν,
2908 3756 3194 3821 λαλοῦντος
3223 3759 3281 3809 ἐν
3311 3759 3495 3820 αὐτοῖς
3524 3757 3624 3810 τοῦ

2048 3852 2203 3920 ἁγίου
2237 3851 2575 3921 Πνεύματος,
2613 3850 2674 3902 τὸ
2714 3848 3064 3921 σαρκωθῆναί
3099 3865 3159 3901 τε
3208 3848 3303 3901 καὶ
3344 3849 3626 3920 ἐνανθρω-

2047 3943 2216 4013 πῆσαι
2245 3943 2334 3994 τὸν
2361 3941 2455 3994 τοῦ
2487 3940 2620 3993 Θεοῦ
2651 3940 2844 4009 Λόγον,
2872 3939 3022 3991 οὐδὲν
3052 3937 3239 4007 ἓτερον
3275 3934 3416 3991 εἶναι
3441 3937 3630 3992 νοοῦν-

2044 4050 2172 4099 των,
2197 4031 2335 4102 πλὴν
2356 4033 2438 4085 ὅτι
2468 4032 2626 4101 μόνον
2647 4031 2706 4083 τὸ
2730 4029 2983 4099 γενέσθαι
3003 4026 3121 4080 καθ’
3149 4029 3293 4097 ἡμᾶς
3305 4028 3623 4098 ἄνθρωπον,

2046 4121 2412 4191 ἁποτεχθῆναξ
2455 4138 2515 4174 τε
2554 4121 2695 4173 κατὰ
2738 4120 2919 4189 σάρκα
2959 4120 3024 4171 ἐκ
3064 4117 3342 4184 γυναικὸς,
3385 4117 3468 4169 ὅτι
3525 4118 3626 4170 καὶ

2044 4211 2233 4279 γέγονε
2270 4211 2386 4281 μεθ’
2413 4212 2446 4280 ἡ
2457 4210 2573 4280 μῶν
2603 4210 2706 4263 ὑπὸ
2735 4210 2917 4280 νόμον,
2943 4211 2971 4262 6
3010 4209 3148 4280 ὑπὲρ
3169 4208 3331 4278 νόμον
3356 4207 3430 4271 ὡς
3458 4209 3621 4273 Θεός.

2057 4305 2274 4376 Ἐπειδὴ
2311 4304 2368 4357 δὲ
2413 4305 2486 4366 ὡς
2526 4304 2624 4374 ἤδη
2662 4303 2980 4365 πλειστάκις
3026 4302 3185 4372 ἔφην,
3224 4300 3422 4363 σκοπὸς
3464 4299 3625 4371 αἱτῷ

379 4405 633 4467 inllrmet,
671 4403 769 4455 hac
793 4401 858 4453 de
887 4414 1049 4452 causa
1078 4405 1131 4449 et
1151 4398 1366 4465 quidem
1398 4399 1653 4453 audacter
1677 4402 1825 4455 solus
1851 4418 1936 4456 re-

2053 4398 2343 4469 παραλύειν
2368 4397 2464 4467 τὴν
2485 4396 2760 4467 ἀλήθειαν,
2783 4395 2955 4467 ταύτῃ
2972 4411 3052 4447 τοι
3068 4393 3163 4447 καὶ
3185 4392 3329 4463 μάλα
3349 4392 3627 4456 νεανικῶς

380 4496 650 4557 luctatur,
701 4500 754 4544 et
800 4504 922 4544 cum
973 4488 1213 4539 omnium
1269 4487 1535 4541 sententia
1582 4501 1833 4558 pugnat,
1885 4502 1939 4547 ct

376 4587 640 4640 adversus
662 4577 985 4634 ineffabilem
1023 4576 1248 4648 gloriam
1278 4592 1426 4630 arma
1456 4588 1670 4645 movet;
1711 4590 1765 4634 et
1789 4583 1933 4650 quod

379 4676 483 4744 ipsi
537 4672 746 4739 solique
783 4669 960 4736 placet
1016 4666 1161 4721 velut
1205 4667 1527 4738 quisquilias
1582 4672 1851 4738 quasdam
1885 4673 1939 4726 in

373 4764 468 4819 Dei
518 4759 792 4816 Ecclesias
846 4757 1101 4811 invehere
1176 4769 1452 4813 conatur:
1519 4759 1751 4816 aliirmat
1792 4764 1935 4817 enim

371 4855 507 4912 nihil
558 4851 701 4906 aliud
727 4864 848 4905 esse
899 4849 1342 4904 ltumanatiouetu
1423 4854 1523 4906 nisi
1592 4855 1939 4911 inhabitatio—

375 4964 498 5004 netu
538 4988 554 5014 ,
638 4958 741 4999 non
792 4942 936 5011 quod
992 4941 1171 4994 carnis
1246 4949 1298 4993 et
1356 4946 1630 5009 sanguinis
1692 4949 1941 5003 similiter

370 5053 434 5093 ac
482 5049 583 5091 nos
630 5032 898 5103 particeps
933 5027 1049 5083 fieri
1109 5028 1337 5086 voluerit
1407 5033 1579 5102 ipsmn
1638 5035 1728 5090 Dei
1780 5038 1931 5107 101

372 5126 606 5181 Verbum
662 5139 678 5190 ;
738 5120 945 5176 tametsi
1023 5122 1076 5174 in
1134 5122 1385 5176 omnibus
1436 5126 1639 5179 sanctis
1700 5128 1936 5183 homini-

368 5218 470 5274 bus
510 5214 799 5277 babitarit,
839 5221 893 5266 et
932 5211 1107 5267 adhuc
1147 5211 1411 5267 inhabitet
1450 5215 1625 5283 ipsum
1662 5217 1929 5286 Verbum,

368 5306 536 5362 rente!
567 5315 745 5359 autem
780 5304 853 5359 sit
885 5302 1083 5357 factum
1116 5301 1170 5355 in
1204 5303 1427 5368 nostris,
1454 5312 1509 5357 et
1540 5305 1688 5360 carni
1723 5309 1810 5360 uni
1848 5323 1929 5362 se-

366 5400 599 5451 cundum
638 5394 966 5466 hypostasim
1001 5393 1502 5460 communicavcrit,
1540 5395 1591 5449 in
1626 5409 1729 5464 qua
1765 5402 1925 5452 etiam

368 5507 463 5561 pro
508 5489 661 5543 nobis
707 5499 947 5542 mortuus
988 5501 1109 5543 esse
1155 5498 1210 5544 et
1254 5489 1620 5545 resurrexisse
1664 5493 1926 5559 creditur,

437 5650 484 5683 ’θ
504 5644 618 5703 luto
636 5643 765 5702 Luc.
798 5660 872 5711 γι,
907 5646 993 5701 19.
1067 5647 1108 5680 ⁶¹
1139 5646 1281 5703 Psal.
1313 5663 1484 5716 xxxii,
1510 5651 1562 5706 6.

2042 4489 2286 4560 ἁνταίρει
2337 4489 2532 4558 μόνος,
2581 4488 2672 4541 καὶ
2719 4490 2842 4550 ταῖς
2876 4487 3131 4540 ἁπάντων
3177 4484 3410 4554 μάχεται
3467 4485 3625 4551 γνὼ-

2045 4599 2194 4652 μαις,
2212 4582 2303 4634 καὶ
2332 4581 2471 4633 κατὰ
2491 4579 2591 4650 τῆς
2616 4579 2853 4651 ἀρρήτου
2874 4577 3030 4647 δόξης
3055 4576 3121 4629 τὰ
3150 4575 3288 4629 ὅπλα
3311 4577 3488 4629 κινεῖ·
3523 4575 3624 4627 καὶ

2040 4674 2103 4726 τὸ
2151 4672 2301 4743 αὐτῷ
2355 4673 2448 4724 καὶ
2502 4671 2648 4741 μόνῳ
2698 4669 2910 4734 δοκοῦν,
2948 4667 3213 4739 συρφετὸν
3267 4665 3456 4735 ὥσπερ
3492 4666 3625 4719 τινὰ

2041 4765 2160 4827 ταῖς
2194 4762 2545 4831 Ἐκκλησίαις
2576 4760 2671 4813 τοῦ
2700 4759 2837 4813 Θεοῦ
2871 4759 3280 4831 παρεισκρίνειν
3305 4760 3586 4829 ἐπιχειρεῖ
3608 4772 3622 4786 ’

2038 4854 2428 4925 διῖσχυρίξεται
2478 4853 2587 4924 γὰρ
2623 4851 2894 4923 ἐνοίκησιν
2932 4847 3071 4904 εἶναι
3112 4850 3211 4920 τὴν
3261 4848 3627 4921 ἐνανθρὼπη-

2041 4963 2159 4998 σιν·
2205 4947 2301 4999 καὶ⁵
2345 4945 2465 5015 οὐχ).
2508 4945 2572 5013 δὴ
2610 4944 2808 5015 μᾶλλον
2833 4945 2913 5005 τὸ,
2963 4944 3191 5013 αἵματος
3238 4942 3334 4996 καὶ
3383 4940 3625 5011 σαρκὸς,

2039 5037 2435 5108 παραπλησίως
2483 5039 2619 5107 ἡμῖν
2672 5038 2964 5106 μετασχεῖν
3004 5034 3219 5087 ἑλέσθαι
3248 5033 3339 5086 τὸν
3380 5033 3445 5085 ἐκ
3476 5032 3626 5085 Θεοῦ

2036 5129 2209 5196 Λόγον
2230 5145 2244 5159 ⁸
2277 5129 2370 5181 καί
2395 5146 2476 5181 τοι
2503 5129 2637 5180 πᾶσι
2666 5128 2786 5197 ’μὲν
2830 5129 2940 5189 τοῖς
2975 5126 3151 5193 ἁγίοις
3180 5122 3530 5193 ἐνῳκηκότος
3564 5140 3629 5176 τε

2037 5222 2131 5274 καὶ
2162 5220 2495 5284 ἐνοικοῦντος
2519 5220 2599 5272 ἔτι
2622 5219 2715 5271 τοῦ
2746 5218 2917 5286 Λόγου
2935 5233 2949 5248 ·
2988 5216 3268 5286 γεγονότος
3295 5215 3350 5267 δὲ
3380 5212 3544 5279 ἅπαξ
3567 5217 3631 5268 ἐν

2038 5315 2159 5377 τοῖς.
2184 5313 2302 5365 καθ’
2328 5313 2494 5383 ἡμᾶς,
2526 5312 2620 5365 καὶ
2650 5311 2813 5382 σαρκὶ
2841 5310 2939 5380 μιᾷ
2964 5308 3084 5363 καθ’
3108 5307 3399 5361 ὑπόστασιν
3432 5322 3633 5358 κεκοιο

2037 5404 2359 5474 νωνηκότος,
2390 5403 2512 5457 καθ’
2542 5404 2606 5473 ἣν
2636 5402 2731 5457 καὶ
2757 5401 2896 5471 ὑπὲρ
2923 5400 3083 5471 ἡμῶν
3107 5396 3397 5452 ἀποθανεῖν
3433 5412 3501 5450 τε
3528 5396 3633 5451 καὶ

2035 5495 2331 5568 ἐγηγέρθαι
2378 5495 2711 5563 πιστεύεται,
2743 5492 2906 5560 σαρκὶ
2938 5489 3202 5545 πέπονθεν
3233 5486 3539 5541 ἐκὼν.ὀτι
3571 5486 3632 5541 δὲ
