3926 6126
228 389 324 444 ΙΠ

1272 384 1652 442 ADVERSUS
1692 385 2098 442 NESTORiUM
2138 385 2265 442 LIB.
2313 384 2402 442 IV.

3386 390 3488 446 {78

136 567 139 571 ,
225 508 319 562 καὶ
368 508 495 577 εἰκῆ
540 507 905 578 παραρῤίπτει
936 504 1150 574 λόγους,
1178 508 1273 560 καὶ
1318 509 1419 578 τῆς
1462 507 1573 560 τῶν
1620 505 1802 576 φωνῶν

1916 517 2107 576 sponte
2142 521 2305 560 carne
2340 519 2530 574 passus
2561 511 2663 559 est.
2698 503 2866 559 Porro
2899 500 3046 557 illum
3083 507 3288 559 temere
3321 507 3484 560 verba

226 600 456 664 ἀτοπίας
499 599 655 668 ὀλίγα
690 597 1089 666 πεφροντικὼς,
1131 598 1377 667 σημείοις
1412 597 1547 667 φησὶ
1581 600 1693 661 τοῖς
1720 598 1809 650 διὰ

225 690 321 743 τοῦ
360 690 676 760 Πνεύματος
707 688 1214 758 κατασεμνύνεσθαι
1246 688 1336 742 τὸν
1366 689 1620 760 Χριστὸν,
1653 689 1682 741 6
1713 705 1807 756 γε-

227 798 397 849 γονως
415 783 545 850 ἡμῖν
574 780 823 851 ἔναγχος,
853 781 946 834 καὶ
972 780 1236 852 διαρκῶς,
1267 779 1342 844 ὥς
1358 797 1421 848 γε
1440 775 1613 850 οἶμαι,
1638 778 1806 844 ἔδειξε

226 871 406 940 λόγος’
447 871 854 942 βασανίζωμεν,
886 874 933 924 εἰ
962 871 1128 936 δοκεῖ,
1155 871 1252 935 τὰς
1280 871 1477 942 ἐτέρας
1503 872 1667 926 αὑτοῦ
1696 889 1807 942 φω-

227 968 337 1029 νάς.
367 986 385 1017 ι
427 967 486 1020 ’0
510 966 722 1037 Πατὴρ,
757 967 912 1036 φησι,
944 964 1240 1034 συνέστησε
1260 981 1273 994 ·
1304 983 1322 1015 ι
1350 964 1411 1016 τὸ
1436 960 1664 1034 μὲνοῦν,
1686 980 1809 1016 συν-

229 1058 471 1126 έῐτησεν,
501 1059 530 1111 ὃ
562 1058 612 1111 τί
640 1058 772 1110 ποτέ
820 1058 969 1109 ἐστιν
1013 1058 1068 1109 ὲν
1108 1055 1316 1119 τούτοις
1358 1057 1459 1109 οὐκ
1509 1053 1579 1108 ἂν
1628 1054 1807 1126 ἔχοιμι

225 1150 388 1198 νοεῖνο
420 1147 518 1199 καὶ
542 1148 652 1218 γάρ
679 1149 825 1199 ἐστιν
850 1145 1300 1217 ὁμολογουμένως
1355 1147 1587 1216 ἀγοραῖα
1622 1163 1683 1198 τε
1710 1147 1806 1198 καὶ

225 1236 563 1307 ἀγυρτῶδης,
613 1239 707 1291 καὶ
750 1236 1038 1309 τερθρείας
1098 1236 1372 1307 ἰδιωτικῆς
1422 1237 1725 1307 ἀνάμεστος
1771 1237 1805 1307 ἡ

226 1328 372 1398 φωνή
393 1344 406 1356 ·
441 1328 580 1398 πλὴν
609 1324 763 1399 οἶμαι
786 1328 980 1399 δηλοῦν
1019 1327 1229 1381 ἐθέλειν
1249 1328 1499 1394 αὐτὸ,τδ,
1519 1328 1802 1399 παρέθετο,

225 1418 356 1487 φέρε
384 1420 580 1480 εἰπεῖν,
613 1419 782 1488 ἤγουν
815 1418 1206 1489 μεμαρτύρηκε
1252 1418 1375 1480 Πῶς
1400 1415 1514 1483 οὖν,
1544 1418 1664 1470 είπέ
1692 1434 1801 1488 μοι,

228 1508 553 1577 συνέστησεν
582 1511 609 1561 6
639 1508 850 1579 Πατὴρ,
882 1510 1202 1578 ἐνοικήσειιις
1232 1508 1379 1567 θείας
1412 1508 1744 1578 ἡξιωμένον;
1770 1507 1802 1578 ἢ

223 1598 383 1651 τοῦτο
418 1599 516 1668 μὲν
540 1600 741 1668 ἣκιστά
773 1616 836 1667 γε
857 1616 871 1631 ο
907 1598 1176 1663 κατέδειξε
1215 1599 1269 1651 δὲ
1307 1599 1505 1668 μᾶλλον
1542 1599 1807 1669 ὲνανθρω-

226 1691 479 1759 πήσαντα
507 1690 594 1742 τὸν
624 1691 750 1743 ἴδιον
774 1692 917 1755 Υἰὺν,
947 1708 1010 1759 με
1022 1691 1296 1761 μενηκὸτα
1324 1691 1381 1743 δὲ
1412 1690 1506 1743 καὶ
1532 1692 1589 1743 ὲν
1618 1691 1802 1757 σαρκὶ,

223 1778 375 1831 τοῦθ’
408 1780 545 1849 ὅπερ
586 1776 654 1851 ἧν
691 1798 774 1842 τε,
812 1782 906 1835 καὶ
942 1782 1075 1845 ἔστι,
1115 1783 1208 1835 καί
1244 1781 1419 1843 ἔσται,
1452 1782 1587 1834 Θεὸν
1617 1782 1803 1851 δηλον-

225 1871 335 1923 ότι.
368 1871 616 1941 «Ἰησοῦς
663 1873 773 1945 γὰρ
812 1874 1045 1944 Χριστος
1087 1877 1113 1928 6
1161 1874 1307 1946 χθὲς,
1349 1875 1444 1928 καὶ
1491 1876 1749 1946 σήμερον,
1777 1876 1805 1927 6

222 1962 386 2026 αὐτὸς
410 1964 505 2016 καὶ
532 1964 611 2028 είς
634 1965 760 2027 τοὺς
782 1965 999 2029 αἰῶνας.
1025 1985 1043 2017 ι
1070 1968 1204 2037 Φέρε
1227 1966 1407 2020 τοίνυν
1433 1966 1529 2029 τὰς
1554 1969 1640 2019 ἐπ’
1656 1967 1805 2039 αὐτῷ

222 2053 775 2126 πολυπραγμονῶμεν
808 2058 1009 2125 φωνάς.
1042 2059 1107 2111 Τί
1142 2076 1306 2130 φησιν
1329 2062 1357 2113 6
1378 2061 1799 2132 εὐαγγελιστής;

222 2161 242 2192 ι
278 2143 391 2195 Καὶ
420 2145 857 2216 ὲμαρτύρησεν“ὁ
883 2149 1134 2218 Ἰωάννης
1163 2150 1366 2219 λέγων·
1393 2154 1515 2205 "Ott
1537 2153 1804 2224 τεθέαμαι

214 2235 279 2284 τὸ
317 2233 545 2304 Πνεῦμα
578 2236 910 2290 καταϐαῖνον
950 2238 1082 2291 ὡσεὶ
1117 2240 1440 2312 περιστερὰν
1470 2243 1526 2308 ἐξ
1549 2244 1801 2314 οὐρανοῦ,

214 2326 317 2378 καὶ
374 2325 535 2396 μένον
585 2327 673 2379 ἐπ’
701 2329 890 2381 αὐτόν·
930 2326 1091 2394 ὀὗτος
1139 2334 1287 2386 ἐστιν
1338 2335 1366 2386 6
1396 2320 1693 2403 ’βαπτίζων
1747 2336 1804 2388 ἐν

215 2414 506 2484 Πνεύματι
551 2417 728 2488 ἁγίῳ·
778 2420 934 2489 κάγὼ
984 2422 1204 2493 ἑώρακα
1252 2425 1346 2478 καὶ
1376 2427 1801 2498 μεμαρτύρηκαυ

209 2508 303 2558 ὅτι
343 2501 498 2571 οὗτος
526 2511 671 2563 ἐστιν
698 2512 727 2563 ὁ
757 2513 884 2576 Υἱὸς
909 2514 1003 2567 τοῦ
1032 2515 1188 2569 Θεοῦ.
1217 2536 1235 2569 ι
1265 2518 1365 2587 Εἴη
1401 2519 1497 2589 μὲν
1530 2520 1634 2589 γὰρ
1664 2523 1805 2571 οἰκο-

211 2595 469 2664 νομικῶς
513 2598 755 2665 ἁγιάσων
781 2601 874 2653 τὸν
907 2602 1179 2675 Ἰορδάνην
1213 2606 1241 2657 6
1268 2607 1473 2674 Κύριος
1502 2607 1659 2674 ἡμῶν
1702 2609 1806 2678 Ἰη-

207 2686 354 2750 σοῦς
383 2687 412 2737 6
442 2687 676 2759 Χριστός
696 2706 712 2721 ⁸
751 2692 1007 2762 κατηξίου
1034 2694 1092 2747 δὲ
1124 2696 1220 2748 σὺν
1264 2698 1399 2767 ἡμῖν
1431 2696 1803 2766 βαπτίζεσθαι,

204 2779 321 2848 τῆς
370 2779 515 2832 κατὰ
568 2782 749 2849 σάρκα
781 2784 1095 2853 οἰκονομίας
1138 2785 1198 2839 τὸ
1242 2789 1543 2858 μυστήριον
1581 2789 1665 2842 διὰ
1696 2789 1803 2843 τῶν

204 2870 357 2939 αἱστῇ
394 2870 714 2939 πρεπόντων
758 2873 1127 2945 διοικούμενος
1154 2878 1545 2947 τρόπων.Ἔδει
1575 2880 1681 2950 γὰρ
1710 2881 1804 2935 ἄν·

203 2958 439 3028 θρωπον
478 2963 741 3031 γεγονότα
774 2964 1134 3032 γινώσκεσθαι
1168 2967 1258 3021 τὸν
1308 2971 1372 3022 έκ
1413 2969 1546 3023 Θεοῦ
1590 2972 1801 3044 Πατρὺς

203 3051 390 3118 Λόγον
415 3068 430 3083 ο
458 3052 573 3105 ἀλλ’
602 3053 924 3117 ἐϐαπτίζετο
954 3057 1072 3127 μὲν,
1104 3058 1180 3121 ὡς
1205 3058 1508 3131 ἄνθρωπος,
1542 3063 1801 3128 ἐδάπτιζε

1907 598 2137 669 jactare,
2162 606 2217 651 et
2241 598 2309 651 de
2333 611 2521 651 vocum
2548 596 2883 652 absurditate
2907 610 3094 665 parum
3122 610 3337 659 curare,
3364 610 3484 649 cum

1909 691 2062 755 dicit,
2084 690 2253 759 signis
2280 705 2375 759 per
2399 690 2659 757 Spiritum
2684 688 2843 742 editis
2867 687 3141 741 honestari
3169 686 3482 755 Christum;

1909 782 2155 849 proximo
2191 780 2454 850 superiori
2491 792 2740 833 sermone
2775 778 2930 839 satis,
2966 787 3023 832 ut
3056 779 3268 846 Opinor,
3304 788 3486 833 osten-

1910 873 2087 927 dimus
2125 888 2138 924 :
2177 871 2358 938 itaque
2394 870 2627 939 reliquas
2662 870 2778 940 ejus
2813 885 2998 935 voces,
3037 869 3081 924 si
3119 870 3324 939 placet,
3357 886 3486 925 exa-

1911 959 2416 1028 minemus.«Pater,
2442 962 2636 1029 inquit,
2656 962 3084 1029 commendavit;
3112 980 3130 1014 ι
3164 978 3226 1016 ac
3258 964 3480 1017 verbum

1909 1056 2342 1120 commendandi,
2372 1056 2626 1125 quidnam
2655 1057 2756 1111 hoc
2784 1057 2901 1110 loco
2928 1057 3018 1119 sit,
3051 1058 3351 1126 intelligere
3378 1075 3481 1111 non

1909 1160 2124 1213 possunt
2162 1163 2175 1198 :
2210 1160 2328 1197 nam
2365 1159 2425 1199 ea
2459 1161 2559 1198 vox
2592 1160 2621 1197 e
2656 1146 2846 1199 mediis
2883 1146 3135 1201 nundinis
3166 1157 3278 1211 est,
3311 1158 3364 1202 et
3394 1149 3484 1202 vili

1911 1236 2168 1289 concione
2210 1248 2263 1289 et
2329 1236 2535 1307 plebeia
2595 1239 2883 1308 nugatione
2926 1238 3115 1307 plena;
3164 1242 3256 1294 sed
3301 1250 3482 1296 tamen

1909 1336 2035 1394 puto
2066 1326 2396 1395 significare,
2430 1328 2698 1396 deposuit,
2729 1327 2879 1381 verbi
2904 1331 3095 1396 gratia,
3127 1329 3231 1395 vel,
3256 1339 3484 1385 testatus

1907 1425 2009 1472 est.
2049 1418 2327 1484 Quomodo
2370 1419 2551 1489 igitur,
2596 1434 2724 1488 rogo
2768 1430 2842 1485 te,
2882 1423 3283 1475 commendavit
3323 1422 3484 1477 Pater

1908 1507 2180 1562 hominem
2212 1509 2600 1565 iuhabitatione
2628 1511 2805 1565 divina
2836 1511 3154 1581 diguatum?
3180 1529 3246 1567 an
3276 1527 3400 1568 vero
3430 1514 3481 1567 id

1907 1599 2150 1662 minime,
2179 1598 2271 1651 sed
2302 1600 2540 1655 ostendit
2571 1602 2750 1671 potius
2780 1604 3055 1672 proprium
3085 1601 3277 1656 Filium
3307 1603 3483 1657 homi-

1907 1701 2026 1740 nem
2072 1687 2304 1751 factum,
2347 1698 2653 1745 manentem
2700 1698 2873 1746 tamen
2920 1692 3083 1746 etiam
3127 1691 3179 1745 in
3227 1706 3389 1747 carne
3430 1693 3480 1748 id

1907 1776 2081 1844 ipsum
2124 1779 2262 1844 quod
2304 1788 2455 1841 erat,
2502 1786 2551 1832 et
2598 1787 2712 1844 est,
2755 1788 2810 1833 et
2857 1780 2991 1842 erit,
3039 1794 3231 1848 nempe
3276 1779 3482 1833 Deum?

1913 1887 1931 1921 ι
1963 1866 2119 1924 Jesus
2148 1871 2396 1925 Christus
2427 1870 2571 1924 enim
2604 1871 2716 1925 heri
2748 1880 2802 1925 et
2835 1869 3016 1936 hodie,
3046 1869 3185 1923 idem
3215 1877 3270 1923 et
3298 1869 3349 1922 in
3378 1884 3481 1924 saa-

1907 1962 2023 2015 cula
2046 1962 2111 2015 “.
2150 1982 2166 2013 ι
2197 1964 2305 2033 Age
2333 1964 2516 2031 igitur,
2544 1978 2703 2018 voces
2728 1962 2795 2016 de
2819 1976 2885 2016 eo
2910 1962 3082 2017 dictas
3110 1961 3474 2028 exquiramus.

1906 2052 2043 2119 Quid
2076 2068 2206 2121 ergo
2237 2055 2311 2106 ait
2339 2050 2699 2123 evangelista?
2737 2071 2753 2102 ι
2794 2049 2860 2103 Ει
2892 2050 3261 2104 testimonium
3294 2050 3478 2118 perhi-

1907 2145 2020 2199 buit
2049 2146 2300 2209 Joannes,
2351 2146 2572 2210 dicens,
2623 2162 2641 2195 ι
2675 2143 2794 2197 Vidi
2840 2143 3098 2212 Spiritum
3147 2140 3480 2195 descenden-

1908 2248 2012 2290 tem
2062 2236 2202 2291 sicut
2247 2236 2550 2291 columbam
2600 2251 2631 2292 e
2675 2235 2832 2300 caelo,
2879 2244 2935 2288 et
2976 2241 3280 2286 manentem
3314 2245 3478 2300 super

1904 2347 2026 2385 eum
2060 2348 2073 2383 :
2105 2329 2194 2384 hic
2224 2339 2306 2383 est
2334 2329 2426 2399 qui
2457 2328 2698 2397 baptizat
2729 2330 2779 2383 in
2816 2328 3019 2398 Spiritu
3050 2332 3272 2390 sancto;
3301 2334 3353 2377 et
3379 2337 3479 2393 ego

1907 2423 2035 2483 vidi,
2077 2431 2130 2476 et
2170 2420 2537 2474 testimonium
2582 2419 2853 2489 perhibui,
2895 2422 3021 2488 quia
3064 2417 3150 2470 hic
3189 2424 3272 2469 est
3311 2412 3479 2467 Filius

1908 2513 1997 2567 Dei
2023 2514 2086 2567 ⁸³.
2138 2532 2155 2565 ι
2200 2512 2318 2567 Ibat
2356 2514 2497 2567 enim
2539 2511 2929 2581 dispensatoria
2974 2508 3179 2562 ratione
3219 2506 3478 2561 Dominus

1905 2611 2088 2656 noster
2115 2601 2272 2657 Jesus
2301 2602 2550 2656 Christus
2580 2609 2638 2655 ut
2665 2598 2951 2655 Jordanem
2986 2598 3373 2659 sanctiticaret,
3398 2595 3477 2649 di-

1904 2704 2206 2765 gnatusque
2233 2702 2315 2748 est
2341 2693 2602 2762 baptizari
2637 2692 2939 2755 nobiscum,
2970 2698 3028 2743 ut
3060 2688 3375 2760 mysterium
3410 2686 3476 2739 ιι-

1905 2785 2007 2842 lius
2034 2787 2329 2842 secundum
2354 2800 2575 2840 carnem
2604 2783 3021 2853 dispensationis
3048 2781 3218 2837 modis
3247 2781 3318 2834 illi
3349 2795 3476 2832 con-

1905 2880 2246 2937 venientibus
2283 2885 2673 2947 exsequeretur
2712 2893 2725 2930 :
2762 2874 3042 2945 Oportebat
3077 2873 3220 2927 enim
3258 2881 3314 2925 ut
3348 2870 3479 2925 illud

1905 2985 1970 3025 ex
2005 2970 2114 3025 Deo
2148 2970 2307 3025 Patre
2335 2970 2568 3024 Verbum
2607 2968 2879 3021 hominem
2916 2979 3035 3020 esse
3071 2964 3268 3018 factum
3305 2976 3475 3033 agno-

1905 3073 2151 3117 sceretur
2181 3081 2193 3116 :
2226 3062 2315 3115 sed
2347 3061 2722 3128 haptizabatur
2750 3059 2966 3126 quidem
2999 3065 3055 3110 ut
3086 3056 3267 3120 homo,
3298 3055 3474 3123 bapti-

200 3141 259 3235 δε
297 3142 505 3206 θεῐκῶς
535 3146 592 3197 ὲν
623 3145 762 3216 ἁγίῳ
794 3147 1092 3217 Πνεύματι.
1133 3150 1244 3203 Καὶ
1272 3150 1331 3203 οὐ
1362 3151 1424 3222 δή
1463 3152 1564 3205 πού
1601 3170 1799 3224 φαμεν,

1908 3155 2065 3208 zabat
2095 3164 2269 3208 autem
2305 3164 2364 3207 ut
2399 3153 2536 3207 Deus
2572 3153 2622 3204 iu
2659 3149 2861 3220 Spiritu
2898 3161 3106 3205 sancto.
3140 3146 3321 3216 Neque
3351 3162 3477 3201 vero

201 3231 235 3298 ἢ
273 3231 659 3303 ὖπουργικῶς,
694 3234 727 3305 ἢ
754 3235 826 3299 ὡς
860 3239 990 3308 παρ’
1017 3238 1204 3310 ἑτέρου
1233 3241 1377 3304 τινος
1408 3244 1523 3306 τοίς
1552 3242 1804 3312 βαπτιζο-

201 3327 402 3390 μένοις
439 3322 536 3393 τὴν
565 3324 658 3377 τοῦ
694 3326 848 3397 ἁγίου
874 3327 1187 3398 [Ινεύματος
1214 3330 1515 3400 διηκονεῖτο
1544 3333 1762 3403 μέθεξιν
1783 3350 1797 3364 ’

194 3411 468 3464 ἀπετέλει
496 3412 552 3465 δὲ
589 3416 789 3483 μᾶλλον
831 3420 1220 3489 ἡγιασμένους,
1250 3421 1325 3484 ὡς
1357 3422 1518 3491 φύσει
1546 3424 1681 3488 Θεὸς
1712 3425 1801 3478 ὲν-

196 3503 306 3567 ιεὶς
340 3504 518 3566 αὐτὸς
541 3505 602 3570 ἐξ
633 3507 764 3560 ἰδίου
798 3510 1186 3580 πληρώματος.
1224 3513 1347 3576 Πῶς
1380 3510 1473 3567 οὖν
1503 3516 1802 3587 ἀφειδήσας

190 3595 309 3646 τῶν
354 3596 447 3658 είς
494 3596 764 3669 ὀρθότητα
811 3599 1008 3669 λόγων,
1039 3604 1161 3656 καὶ-
1181 3605 1282 3673 μέν
1314 3622 1395 3659 τοι
1429 3607 1523 3659 καὶ
1557 3608 1799 3671 ἐννοιῶν,

186 3686 551 3756 ἐνηργῆσθαι
584 3689 689 3761 φὴς
722 3692 779 3743 ὲν
803 3691 1073 3765 ἀνθρώπῳ
1100 3694 1197 3765 τὴν
1222 3694 1497 3766 ἐνοίκησιν
1529 3697 1680 3768 παρὰ
1707 3697 1801 3750 τοῦ

185 3772 341 3825 Θεοῦ
378 3773 594 3840 Λόγου;
633 3778 809 3832 καίτοι
852 3780 1122 3834 πλείστων
1157 3800 1215 3837 τε
1256 3784 1397 3838 ὅσων
1425 3786 1617 3854 ἁγίων,
1651 3787 1709 3839 ἐν
1740 3804 1802 3855 γε

181 3863 251 3933 δή
313 3863 519 3934 σφίσιν
562 3867 743 3932 αὐτοῖς
788 3872 1100 3941 ἐσχηκότων
1147 3875 1352 3929 ένοικον
1399 3879 1490 3930 τὸν
1526 3878 1636 3930 τῶν
1669 3879 1804 3933 ὅλων

180 3955 369 4009 Θεὸνο
432 3955 796 4024 βαπτίσαντος
849 3962 905 4014 δὲ
961 3964 1172 4029 οὐδενὸς
1221 3969 1279 4020 έν
1332 3967 1446 4037 ἰδίῳ
1497 3969 1799 4039 πνεύματι,

177 4047 378 4117 ἤγουν
420 4048 623 4111 θεῖκῶς
648 4052 925 4121 ἐνοικῆσαί
953 4074 1092 4110 τισιν
1123 4060 1417 4130 εἰρημένου
1470 4064 1563 4116 καὶ
1591 4066 1799 4138 ἐνῳκη-

177 4140 359 4202 κότος
379 4155 397 4170 ο
434 4138 530 4191 καὶ
554 4140 715 4204 αὐτὸς
741 4143 769 4193 6
798 4144 1029 4212 Χριστος
1059 4149 1116 4200 ὲν
1145 4151 1278 4219 ἡμῖν
1302 4151 1575 4218 αὐλίζεται
1598 4155 1684 4210 διὰ
1705 4158 1800 4211 τοῦ

175 4231 361 4296 ἁγίου
404 4229 752 4300 Πνεύματος,
776 4235 913 4305 ὅπερ
942 4236 1058 4288 ἐστὶ
1082 4239 1173 4292 καὶ
1198 4239 1326 4294 ἴδιον
1351 4243 1532 4309 αὐτοῦ,
1554 4246 1801 4320 καθάπερ

177 4326 406 4395 ἀμέλει
458 4325 553 4378 τοῦ
599 4326 737 4381 Θεοῦ
783 4330 876 4382 καὶ
924 4332 1170 4401 Πατρός;
1214 4336 1323 4388 Καὶ
1361 4338 1494 4408 πρός
1539 4356 1601 4410 γε
1645 4340 1803 4395 τοῦτο

178 4419 363 4488 ἡμᾶς
397 4418 634 4487 ὲμπεδοϊ
665 4419 842 4489 λέγων
867 4423 1031 4484 αὐτός
1049 4441 1062 4453 ·
1094 4426 1293 4482 ι”Οταν
1319 4429 1374 4481 δὲ
1413 4430 1539 4502 ἔλθῃ
1564 4432 1592 4483 ὁ
1617 4433 1801 4505 Παρά-

1904 3244 2135 3297 dicimus
2170 3243 2250 3296 vel
2292 3258 2439 3296 more
2474 3241 2960 3303 subservientium,
3002 3236 3080 3290 vel
3118 3246 3371 3306 tauquam
3408 3236 3475 3289 ab

1905 3336 2011 3389 alio
2051 3336 2301 3405 quopiam
2348 3333 2584 3404 Spiritus
2624 3332 2796 3388 sancti
2838 3331 3306 3402 participationem
3349 3329 3475 3384 suh-
3527 3375 3531 3378 .

1907 3426 2262 3492 ministrasse,
2307 3425 2400 3479 sed
2443 3427 2621 3495 potius
2668 3436 2917 3494 tanquam
2962 3438 3027 3478 ex
3073 3431 3262 3476 natura
3306 3421 3473 3475 Deum

1903 3532 1969 3569 ex
1999 3516 2325 3585 plenitudine
2356 3531 2452 3571 sua
2483 3516 2874 3578 iuiumleutem,
2903 3515 3268 3569 sanetiticatos
3299 3512 3473 3567 reddi-

1905 3607 2066 3660 disse.
2093 3607 2201 3661 Cur
2223 3623 2353 3676 ergo
2384 3611 2543 3660 rectis
2569 3607 2744 3661 verbis
2772 3606 3162 3675 sententiisque
3189 3605 3473 3674 neglectis,

1905 3698 2145 3753 ell‘ectam
2182 3714 2300 3753 esse
2336 3698 2536 3752 asseris
2573 3697 3019 3752 inhabitatiouem
3064 3698 3116 3751 in
3160 3698 3373 3752 lt0mine
3405 3696 3472 3748 ab

1904 3790 2018 3857 ipso
2063 3789 2151 3844 Dci
2195 3789 2401 3854 Verbo;
2451 3788 2696 3858 quamvis
2735 3788 3118 3859 quamplurimi
3162 3788 3334 3842 sancti
3372 3787 3474 3840 viri

1905 3882 2296 3936 iuhabitautem
2336 3882 2388 3934 in
2428 3896 2487 3935 se
2527 3881 2656 3948 ipsis
2692 3881 2976 3934 habuerint
3013 3879 3157 3932 illum
3198 3880 3475 3932 universo-

1904 3990 2019 4028 rum
2055 3975 2242 4034 Deum,
2271 3982 2324 4025 et
2351 3987 2415 4025 ex
2448 3971 2513 4025 iis
2544 3986 2704 4024 nemo
2735 3972 2785 4024 in
2818 3986 2917 4024 suo
2944 3970 3135 4037 spiritu
3168 3969 3476 4037 baptizavee

1904 4066 2002 4128 rit,
2042 4074 2130 4119 aut
2175 4064 2355 4117 divino
2399 4078 2545 4116 more
2587 4062 2639 4116 in
2682 4062 2950 4131 aliquibus
2991 4060 3341 4125 habitaverit,
3380 4069 3475 4113 aut

1904 4156 2239 4211 inhabitasse
2279 4154 2456 4208 dictus
2498 4155 2590 4219 sit,
2626 4168 2745 4207 cum
2788 4154 2900 4222 ipse
2940 4152 3191 4208 Christus
3227 4152 3382 4222 102
3419 4152 3473 4206 in

1904 4247 2060 4301 nobis
2104 4246 2308 4300 habitet
2347 4261 2443 4314 per
2479 4258 2725 4299 sam-tum
2770 4245 3061 4314 Spiritum,
3101 4244 3190 4312 qui
3235 4253 3318 4297 est
3356 4242 3473 4310 ejus

1903 4351 2117 4405 quoque
2148 4337 2421 4405 proprius,
2453 4346 2511 4390 ut
2543 4336 2704 4390 etiam
2740 4335 2922 4405 procul
2953 4335 3114 4390 dubio
3146 4335 3239 4388 Dei
3274 4350 3337 4387 ac
3368 4332 3472 4387 Pa-

1907 4428 2040 4481 tris?
2064 4427 2128 4480 Et
2153 4428 2205 4482 in
2232 4429 2330 4482 hac
2353 4430 2615 4481 sententia
2647 4428 2760 4498 ipse
2788 4443 2883 4480 nos
2911 4426 3216 4489 conﬁrmat,
3245 4426 3427 4479 dicens
3455 4440 3470 4478 :

168 4508 437 4577 κλητος,
466 4507 525 4559 ὃν
572 4508 680 4576 ἐγὼ
730 4511 932 4582 πέμψω
972 4514 1099 4584 ὑμῖν
1128 4518 1280 4588 παρὰ
1324 4520 1418 4573 τοῦ
1472 4522 1706 4593 Πατρὸς,
1738 4524 1799 4577 τὸ

1911 4537 1927 4570 ι
1956 4520 2088 4573 Cum
2116 4520 2322 4574 venerit
2351 4518 2684 4582 Paracietus,
2715 4534 2873 4587 quem
2903 4533 3001 4585 ego
3031 4516 3233 4569 mittam
3265 4516 3415 4570 vobis
3442 4531 3472 4569 a

168 4600 452 4669 Πνεῦμα
474 4599 568 4666 τῆς
603 4599 875 4670 ἀληθείας,
898 4604 928 4657 ὃ
959 4606 1108 4677 παρὰ
1130 4608 1223 4661 τοῦ
1256 4611 1468 4681 Πατρδς
1499 4615 1795 4684 ἐκπορεύεη

163 4708 293 4757 ται,
331 4690 570 4750 ἐκεῖνος
617 4696 950 4764 μαρτυρήσει
988 4698 1116 4767 περὶ
1155 4699 1313 4767 ἐμοῦ.
1354 4701 1575 4772 »Ἂθρει
1604 4703 1668 4774 δὴ
1698 4699 1794 4757 οὖν

161 4783 340 4844 ὅπως
398 4778 479 4831 τὸ
528 4780 678 4848 παρὰ
708 4781 802 4834 τοῦ
835 4783 967 4837 Θεοῦ
1000 4788 1093 4839 καὶ
1125 4789 1337 4859 Πατρὸς
1362 4791 1797 4863 ἐκπορευόμενον

161 4874 469 4940 Πνεῦμα,
506 4871 666 4924 τοῦτο
692 4874 785 4927 καὶ
811 4877 906 4945 τῆς
934 4878 1189 4948 ἀληθείας
1225 4882 1353 4934 ἴδιον
1382 4878 1517 4936 εἶναι
1548 4886 1654 4954 φής
1685 4883 1793 4956 [Ion

162 4963 415 5036 φησίν].
466 4962 643 5026 Αὐτὸς
669 4963 726 5016 δέ
764 4982 862 5018 που
896 4968 1113 5033 πάντως
1141 4973 1287 5025 ἐστὶν
1321 4975 1354 5044 ἡ
1389 4974 1634 5047 ἀλήθεια.
1665 4972 1798 5029 Εἶτα

160 5058 322 5120 πῶς,
357 5054 546 5124 εἴπερ
595 5055 744 5109 ἐστὶν
788 5058 1004 5128 ἀληθῶς
1038 5063 1135 5115 οὐκ
1174 5064 1599 5137 ἐνανθρωπήσας
1640 5067 1794 5133 Θεὸς,

160 5148 503 5217 ἄνθρωπος
543 5145 600 5197 δὲ
637 5147 856 5215 μᾶλλον,
887 5151 986 5221 τὴν
1027 5151 1174 5205 θείαν
1207 5156 1501 5225 ἐνοίκησιν,
1533 5158 1608 5220 ὡς
1644 5159 1796 5229 ἐνέρ-

159 5258 336 5308 γειαν
372 5236 558 5306 ἔχων,
576 5236 652 5300 ὡς
678 5238 805 5291 ἴδιον
836 5241 1059 5303 Πνεῦμα
1080 5244 1140 5296 τὸ
1166 5245 1258 5297 τοῦ
1288 5246 1421 5298 Θεοῦ
1451 5248 1543 5300 καὶ
1560 5250 1792 5320 Πατρος,

158 5334 283 5392 τοῖς
314 5326 700 5382 πιστεύουσιν
738 5332 817 5393 είς
856 5331 1018 5385 αὑτὸν
1053 5336 1431 5405 καταπέμψειν
1469 5340 1798 5407 ἐπαγγέλλε-

157 5439 294 5482 ταιξ
357 5415 548 5471 ’Λλλά
575 5416 704 5487 γὰρ,
735 5418 811 5481 ὡς
852 5405 1009 5488 ἔφην,
1036 5422 1134 5491 τὴν
1169 5421 1261 5477 τοῦ
1312 5405 1609 5497 μυστηρίου
1626 5405 1796 5494 δόξαν

158 5511 491 5565 κατασείει
528 5509 666 5580 πρὸς
699 5511 760 5563 τὸ
792 5512 982 5581 μηδὲν,
1015 5513 1251 5585 μερίζων
1280 5516 1469 5589 ὥσπερ
1495 5520 1593 5590 τῆς
1636 5521 1796 5589 ἁγίας

159 5605 424 5676 ἰ’ριὰδος
458 5601 569 5671 τὴν
608 5602 700 5654 ἐπί
729 5620 835 5655 τισι
864 5605 974 5659 τῶν
1004 5605 1297 5683 δρωμένων
1330 5610 1629 5681 ἐνέργειαν,
1667 5613 1795 5666 ἑκά-

236 5782 285 5813 “
322 5779 520 5835 llebr.
554 5793 676 5845 xm,
709 5778 759 5835 8.
841 5780 884 5811 ⁶³
913 5780 1067 5837 Joan.
1095 5798 1130 5846 I,
1166 5785 1361 5851 55,34.

1439 5787 1484 5819 “
1513 5786 1671 5844 Joau.
1717 5805 1801 5855 xv,
1838 5789 1924 5842 2‘5.

1902 4609 2089 4675 Patre,
2124 4610 2357 4678 Spiritus
2388 4611 2659 4672 veritatis,
2696 4610 2785 4676 qui
2821 4624 2849 4659 a
2886 4608 3044 4661 Patre
3078 4608 3350 4675 procedit,
3384 4608 3473 4661 ille

1912 4703 2275 4757 testimonium
2308 4701 2617 4771 perhibehit
2646 4698 2713 4754 de
2742 4716 2825 4753 me
2844 4699 2906 4752 “.
2942 4719 2959 4751 ι
2987 4700 3279 4755 Considera
3313 4702 3474 4771 igitur

1898 4795 2350 4865 quemadmodum
2387 4792 2645 4863 Spiritum
2680 4809 2708 4846 a
2746 4791 2857 4846 Deo
2887 4803 2941 4847 ct
2978 4792 3135 4846 Patre
3173 4798 3470 4863 proceden-

1902 4894 2042 4948 tem,
2078 4885 2323 4938 eumdem
2358 4885 2520 4937 etiam
2558 4884 2798 4938 veritatis
2835 4885 3106 4959 proprium
3145 4899 3266 4938 esse
3301 4884 3468 4948 dicit;

1900 4976 2012 5045 ipse
2051 4984 2226 5028 autem
2273 4993 2494 5046 prorsus
2534 4986 2616 5031 est
2659 4977 2857 5030 veritas
2881 4975 2945 5028 ⁸⁸.
2989 4976 3149 5045 Atqui
3194 4976 3237 5029 si
3283 4990 3469 5030 revera

1899 5083 2004 5121 non
2039 5066 2176 5121 Deus
2210 5069 2370 5123 homo
2403 5068 2578 5124 factus
2605 5078 2717 5135 est,
2749 5068 2840 5122 sed
2877 5070 3035 5121 homo
3069 5069 3244 5137 potius
3274 5074 3359 5119 est
3388 5066 3466 5118 dic

1899 5159 2075 5212 vittam
2107 5159 2549 5215 inhabitatiouem
2578 5172 2838 5229 tanquam
2867 5158 3235 5226 Operatiouem
3260 5171 3364 5223 qua
3388 5153 3469 5206 di-

1898 5260 2053 5303 eatur
2107 5250 2332 5317 habens,
2367 5253 2634 5320 quomodo
2673 5253 2725 5305 in
2763 5267 2822 5304 se
2857 5249 3203 5303 credentibus
3244 5247 3332 5301 Dei
3372 5246 3471 5301 Pa-

1900 5340 2100 5406 trisque
2143 5341 2401 5409 Spiritum
2452 5354 2704 5409 tauquam
2750 5340 3026 5408 proprium
3073 5352 3132 5392 se
3176 5339 3466 5392 missurum

1897 5431 2216 5498 pollicetur?
2245 5431 2379 5495 Sed,
2413 5442 2469 5484 ut
2492 5432 2604 5498 jam
2634 5430 2772 5495 dixi,
2808 5429 2943 5482 tanti
2977 5430 3217 5499 mystcrii
3254 5431 3464 5499 magni-

1898 5522 2137 5576 tudinem
2172 5523 2239 5575 ad
2275 5522 2502 5577 nihilum
2542 5522 2761 5590 dejicit,
2795 5521 3038 5574 dividens
3072 5519 3465 5590 quodammodo

1898 5629 1992 5683 per
2021 5615 2265 5685 quaedam
2299 5630 2459 5684 opera
2497 5614 2642 5668 illam
2682 5623 2884 5669 sancta:
2914 5610 3197 5670 Trinitatis
3230 5610 3467 5669 eilicieu-

2006 5790 2049 5821 “
2075 5789 2228 5844 Joan.
2265 5805 2375 5854 xn',
2408 5792 2459 5844 ti.
