4014 6128
478 364 582 419 179

1514 360 1574 417 S.
1618 357 1892 417 CYBILLI
1930 358 2403 417 ALEXANDMNI
2444 357 2762 415 ARClilEP.

3541 355 3746 419 ,180

479 479 633 544 tiam,
671 483 719 533 et
765 474 960 546 cuique
998 473 1273 547 bypostasi
1317 473 1568 541 privatim
1616 473 1881 537 tribuens,
1916 472 2051 541 quod

2167 488 2274 544 στη
2299 489 2359 525 τε
2396 471 2504 526 τῶν
2536 470 2885 527 ὑποστάσεων
2919 466 3208 538 ἀπονέμων
3241 465 3445 529 ίδικῶς,
3475 465 3504 519 ὃ
3546 467 3620 538 μὴ
3651 467 3745 521 πέ-

480 585 586 622 non
630 567 759 622 fecit
802 568 994 623 altera.
1036 567 1245 623 Rursus
1284 566 1356 620 ita
1398 566 1532 619 dixit
1570 583 1583 618 :
1625 562 1816 636 [Filius
1855 563 2049 633 elegit;

483 678 500 707 ι
538 657 646 724 Ego
672 657 837 719 enim,
866 656 1065 724 inquit,
1089 670 1188 709 vos
1215 655 1372 722 elegi.
1409 675 1427 707 ι
1459 654 1619 709 Pater
1643 652 2004 708 sauctilicavit
2034 671 2047 707 :

481 747 713 813 Spiritus
734 744 909 800 eﬂ'ecit
931 743 1223 817 oratores]
1247 744 1291 800 Ο
1316 745 1661 799 immodicam
1688 755 1877 800 emotae
1903 760 2051 799 men-

481 837 549 887 tis
587 835 884 889 insaniam!
923 834 980 888 Si
1013 834 1193 890 omnia
1232 834 1369 890 facta
1409 846 1538 891 sunt
1572 851 1602 889 a
1638 836 1798 891 Patre
1834 851 1928 904 per
1961 834 2051 889 Fi-

478 927 605 979 limn
640 927 692 979 in
727 925 965 995 Spiritu,
996 941 1173 997 neque
1202 927 1404 997 aliquid
1441 926 1557 981 ﬁeri
1591 929 1855 997 contingit
1885 944 1913 982 τι
1944 928 2052 983 Deo

476 1027 530 1068 rt
558 1016 737 1082 Patre,
768 1016 869 1071 nisi
900 1017 1003 1072 hoc
1032 1016 1150 1085 ipso
1179 1019 1359 1085 modo,
1385 1018 1474 1086 qui
1507 1017 1622 1072 ﬁeri
1654 1028 1831 1087 potest
1858 1027 1914 1072 ut
1945 1034 2049 1072 non

474 1108 539 1161 sit
576 1106 735 1177 plane
760 1106 1035 1176 stupidus,
1059 1108 1150 1178 qui
1181 1108 1502 1162 immortalis
1536 1108 1676 1163 illius
1702 1118 1757 1163 et
1787 1110 1943 1163 unius
1972 1109 2052 1163 tli-

476 1200 723 1254 viuitatis
749 1200 1073 1269 quibusdam
1102 1200 1154 1254 in
1186 1201 1346 1255 rebus
1373 1199 1719 1268 operationes
1747 1199 2050 1270 ltypostasi-

475 1290 578 1346 bus
614 1291 867 1360 privatim
903 1307 967 1345 ac
1002 1291 1220 1361 proprie
1256 1290 1585 1361 impertitur,
1621 1306 1720 1345 nec
1753 1291 1931 1360 potius
1967 1288 2048 1342 af.

478 1383 660 1437 ﬁrmat
690 1383 899 1453 singula
932 1398 1050 1453 qua:
1081 1392 1366 1454 geruntur,
1395 1398 1424 1437 a
1459 1382 1619 1438 Patre
1647 1398 1741 1451 per
1769 1381 1962 1436 Filium
1999 1383 2050 1435 in

478 1474 683 1543 Spiritu
718 1489 838 1529 esse
871 1472 1053 1529 facta?
1086 1474 1220 1529 Nam
1254 1475 1299 1531 si
1335 1483 1419 1529 est
1450 1474 1621 1529 Filius
1651 1485 1705 1528 et
1739 1474 2047 1537 consilium,

476 1573 529 1617 et
558 1563 844 1630 sapientia,
868 1573 922 1618 et
946 1563 1115 1618 virtus
1142 1562 1319 1619 Patris
1339 1565 1407 1630 ⁸⁸,
1436 1579 1658 1635 prorsus
1682 1565 1863 1617 omnia
1892 1563 2052 1618 Pater

478 1669 576 1721 per
606 1654 801 1708 Filium
837 1664 1093 1724 tanquam
1126 1671 1221 1725 per
1249 1656 1529 1711 consilium
1562 1664 1615 1711 et
1646 1657 1965 1723 sapientiam
1999 1663 2051 1709 et

477 1745 735 1798 virtutem
775 1745 1111 1815 Operabitur.
1140 1743 1231 1800 Sic
1263 1748 1589 1815 optimorum
1627 1746 1807 1801 babita
1844 1748 2052 1800 ratione

2160 582 2369 635 πραχεν
2402 567 2440 636 ή
2471 566 2658 633 ἑτέρα.
2678 562 2847 616 Πάλιν
2874 555 2976 615 ὧδέ
3005 559 3265 629 emrth
3291 558 3418 622 Υίδς
3439 557 3743 625 ἐξελέξατο-

2160 655 2345 724 ιἙγὼ
2398 657 2529 727 γὰρ,
2576 654 2762 725 φησὶν,
2805 654 2949 724 ὑμᾶς
3001 649 3367 724 ἐξελεξάμηντ
3399 669 3417 702 ι
3474 652 3502 704 6
3554 650 3746 720 Πατὴρ

2155 750 2386 822 ἡγίασεο
2438 747 2500 799 τὸ
2546 744 2770 815 Πνεῦμα
2817 743 3189 798 κατεσκεύασε
3240 743 3589 813 ρήτορας.Ὢ
3642 742 3743 812 τῆς

2157 842 2398 911 ἀμέτρου
2437 836 2877 909 φρενοϐλαϐείας.
2916 837 2979 888 Et
3015 836 3195 888 πάντα
3227 833 3419 902 γέγονε
3455 834 3609 902 παρά
3645 832 3741 885 τοῦ

2158 931 2370 1001 Πατρὸς
2407 930 2474 982 δι’
2509 928 2638 982 Υίοῦ
2670 930 2727 981 ἐν
2765 926 3068 994 Πνεύματι,
3102 926 3201 978 καὶ
3228 926 3329 977 οὑκ
3372 924 3437 978 ἄν
3473 942 3522 977 τι
3568 922 3743 995 δρῷτο

2159 1023 2316 1095 παρά
2356 1021 2451 1075 τοῦ
2494 1019 2629 1074 Θεοῦ
2675 1019 2769 1073 καὶ
2814 1018 3050 1089 Πατρὸς,
3089 1016 3229 1087 πλὴν
3258 1017 3340 1069 ὅτι
3384 1013 3524 1068 κατὰ
3554 1016 3743 1067 τοῦτον

2157 1116 2319 1170 αὑτὸν
2348 1114 2439 1166 τὸν
2477 1112 2700 1185 τρόπον,
2730 1110 2847 1175 πῶς
2881 1111 2986 1163 οὑκ
3029 1109 3379 1180 ἀπόπληκτος
3418 1108 3503 1178 εἴη
3546 1107 3612 1161 ἂν
3645 1107 3741 1160 καὶ

2156 1210 2303 1281 μάλα
2324 1207 2569 1271 εἰκότως,
2592 1208 2624 1259 6
2644 1207 2761 1267 ταῖς
2790 1203 3120 1257 ὑποστάσεσι
3144 1220 3283 1256 κατα
3291 1219 3357 1271 με
3366 1200 3527 1279 ρίζων
3553 1199 3739 1263 ίδικῶς

2151 1299 2249 1362 τὰς
2279 1296 2373 1350 ἐπί
2401 1295 2465 1364 γέ
2491 1311 2632 1348 τισιν
2662 1292 2960 1363 ἐνεργείας,
2994 1291 3097 1361 τῆς
3143 1289 3423 1362 ἀκηράτου
3471 1288 3562 1341 καὶ
3609 1288 3738 1356 μιᾶς

2154 1386 2404 1455 θεότητος
2423 1396 2437 1411 ⁸
2474 1383 2565 1437 καί⁵
2601 1383 2721 1453 οὑχ).
2741 1382 2804 1453 δὴ
2842 1381 3041 1452 μᾶλλον
3068 1380 3277 1433 ἕκαστα
3312 1378 3423 1430 τῶν
3441 1376 3738 1448 δρωμένων

2152 1473 2464 1549 πεπρᾶχθαι
2497 1473 2978 1543 διαϐεϐαιούμενος
3016 1471 3164 1543 παρά
3187 1470 3402 1555 Πατρὶις
3427 1469 3493 1522 δι’
3526 1467 3655 1525 Υίοῦ
3681 1470 3740 1520 ἐν

2151 1566 2467 1636 Πνεύματι;
2503 1565 2566 1619 Εἰ
2595 1564 2706 1633 γάρ
2736 1565 2881 1617 ἐστιν
2919 1564 2949 1616 6
2984 1562 3113 1624 Υἱὸς
3139 1562 3234 1614 καὶ
3266 1559 3432 1630 βουλὴ
3456 1559 3548 1613 καὶ
3577 1557 3741 1628 σοφία

2151 1659 2246 1712 καὶ
2279 1657 2506 1728 δύναμις
2536 1655 2627 1709 τοῦ
2666 1655 2896 1727 Πατρός,
2933 1653 3113 1709 πάντα
3144 1669 3245 1704 που
3281 1651 3525 1712 πάντως,
3547 1649 3623 1710 ὡς
3650 1646 3743 1700 διὰ

2154 1749 2348 1820 βουλῆς
2375 1748 2470 1802 καὶ
2502 1746 2692 1816 σοφίας
2723 1747 2815 1799 καὶ
2844 1745 3128 1814 δυνάμεως
3158 1744 3187 1794 ό
3222 1741 3409 1811 Πατὴρ
3441 1739 3741 1810 ἐργάσεται

480 1834 771 1902 di~cipulos
798 1833 981 1906 elegit,
1009 1835 1087 1890 sic
1108 1834 1218 1903 jam
1249 1835 1449 1891 electos
1476 1835 1704 1891 dicimus
1735 1834 1899 1889 fuisse
1926 1850 2050 1889 san-

2156 1845 2217 1898 Bt'
2243 1843 2394 1896 Υἱοῦ.
2421 1828 2606 1905 Οὕτως
2652 1838 2911 1913 ἁριστίνδ’
2957 1836 3292 1898 ἀπολέκτονς
3336 1834 3573 1889 ἐποιεῖτο
3612 1833 3746 1895 τοὺς

481 1925 773 1989 ctit’lcatos,
797 1925 874 1979 sic
902 1926 1071 1980 factos
1095 1934 1360 1990 oratores,
1389 1935 1644 1995 tanquam
1673 1940 1737 1978 es
1767 1940 1872 1978 una
1898 1924 2051 1977 vide-

479 2015 606 2069 licet
632 2016 864 2080 deitate,
888 2030 917 2069 a
947 2015 1108 2072 Patre
1135 2031 1229 2085 per
1250 2015 1443 2072 Filium
1474 2016 1524 2069 in
1555 2015 1781 2085 Spiritu.
1817 2032 1835 2065 ι
1870 2014 2048 2080 Pater,

479 2109 684 2177 inquit,
729 2117 944 2175 sancte,
988 2108 1264 2164 sattctilica
1318 2107 1438 2163 illos
1487 2108 1539 2162 in
1584 2108 1812 2161 veritate
1862 2116 1970 2162 tua.
2024 2124 2044 2157 ι

480 2198 797 2255 Sanctiﬁcat
829 2215 959 2271 ergo
995 2200 1108 2271 ipsa
1142 2199 1375 2267 Veritas,
1412 2201 1514 2255 ltoc
1548 2208 1649 2263 est,
1688 2198 1858 2253 Filius
1894 2213 1910 2255 :
1947 2198 2050 2251 itu-

479 2289 645 2342 mittit
686 2289 850 2345 etiam
892 2300 1141 2345 sanctum
1184 2289 1444 2358 Spiritum
1491 2290 1761 2353 similiter,
1798 2297 1852 2343 ct
1887 2285 2051 2341 cliicit

481 2383 783 2449 sapientes,
817 2396 881 2436 ac
913 2398 1008 2451 per
1038 2381 1212 2435 sancti
1249 2381 1483 2449 Spiritus
1514 2380 1883 2450 operationem
1922 2377 2051 2432 reli-

479 2472 630 2538 giuse
657 2471 989 2541 eloquentes.
1020 2473 1204 2541 itaque
1235 2472 1287 2525 in
1324 2470 1560 2525 Mattluei
1592 2471 1884 2541 Evangelio
1915 2469 2051 2523 dixit

480 2560 761 2630 discipulis
791 2561 903 2617 suis
933 2579 949 2617 :
986 2579 1004 2613 ι
1037 2562 1172 2617 Cum
1205 2562 1523 2617 tradiderint
1552 2575 1676 2624 vos,
1709 2561 1872 2616 nolite
1901 2561 2049 2631 cogi-

483 2661 596 2704 tare
616 2653 883 2721 quomodo
906 2662 996 2708 aut
1020 2654 1144 2724 quid
1169 2654 1459 2724 loquamini
1478 2672 1492 2720 ;
1513 2654 1728 2709 dabitur
1740 2655 1881 2709 enim
1901 2653 2053 2707 vobis

481 2741 535 2794 in
569 2742 653 2796 illa
688 2744 817 2797 liora
847 2745 976 2814 quid
1008 2746 1320 2815 loquamini.
1348 2744 1463 2801 Non
1496 2747 1642 2801 enim
1670 2762 1766 2802 vos
1796 2746 1929 2801 estis
1957 2744 2051 2814 qui

482 2832 802 2903 loquimini,
832 2838 924 2892 sed
956 2837 1189 2906 Spiritus
1220 2836 1396 2895 Patris
1419 2840 1583 2895 vestri
1614 2841 1704 2909 qui
1737 2838 1971 2909 loquitur
1998 2841 2051 2891 in

484 2926 640 3001 103
667 2927 815 2983 vobis
831 2929 896 2982 ⁸⁷.
928 2949 947 2982 ι
977 2929 1030 2983 lu
1062 2929 1219 2986 Luca:
1247 2941 1423 2986 autem
1456 2930 1746 3002 Evangelio
1772 2949 1786 2987 :
1814 2950 1832 2983 ι
1865 2931 2053 2985 Ponite

479 3035 609 3087 ergo
643 3021 696 3075 in
733 3021 987 3075 cordibus
1024 3024 1216 3078 vestris
1254 3039 1360 3078 non
1400 3025 1757 3094 prmmeditari
1793 3025 2045 3094 quemad-

478 3111 697 3164 modum
728 3113 1120 3180 respondeatis.
1145 3113 1257 3184 Ego
1281 3115 1423 3170 enim
1454 3116 1591 3170 dabo
1615 3116 1767 3170 vobis
1795 3132 1855 3171 os
1882 3125 1936 3170 et
1962 3131 2052 3170 sa-

479 3200 758 3273 pientiam,
785 3203 868 3256 cui
901 3219 1006 3257 non
1036 3214 1283 3272 poterunt
1312 3207 1687 3263 contradicere
1715 3218 1770 3261 et
1800 3209 2051 3262 resistere

478 3306 667 3346 omnes
708 3293 1005 3349 adversarii
1047 3296 1210 3350 vestri
1236 3296 1300 3350 ⁸³.
1358 3316 1376 3349 ι
1421 3297 1659 3353 Andisne
1700 3298 2052 3365 quemadmo-

481 3384 630 3446 dum,
666 3382 919 3452 loquente
953 3385 1004 3438 in
1043 3386 1173 3454 ipsis
1206 3398 1395 3442 sancto
1432 3388 1660 3456 Spiritu,
1688 3391 1799 3459 ipse
1833 3392 1924 3444 dat
1955 3390 2054 3445 os?

479 3484 558 3527 est
595 3474 740 3529 enim
774 3477 1041 3530 sermonis
1075 3477 1230 3531 dator
1265 3488 1449 3548 utpote
1495 3479 1733 3534 Verbum
1779 3489 1837 3534 et
1875 3478 2053 3550 Spiri-

481 3574 569 3616 tus
611 3565 863 3631 tributot',
902 3576 960 3617 ut
994 3566 1083 3634 qui
1124 3567 1269 3620 illum
1305 3570 1579 3638 proprium
1602 3569 1923 3625 naturaliter
1957 3573 2051 3624 lia-.-

481 3656 627 3721 beat,
662 3655 803 3710 sicut
833 3658 994 3711 etiam
1028 3658 1140 3725 ipse
1172 3657 1350 3713 Pater.
1382 3658 1580 3714 Eadem
1613 3662 1774 3728 igitur
1798 3671 2054 3731 operatur

480 3755 669 3800 sancta
702 3745 963 3810 Trinitas,
998 3758 1049 3803 et
1081 3764 1417 3819 quzecuuque
1468 3754 1695 3819 gesserit
1729 3768 1793 3807 ac
1826 3753 2054 3808 voluerit

480 3835 643 3891 Pater
673 3837 914 3903 edicere,
952 3840 1137 3894 eadem
1174 3852 1227 3895 et
1263 3840 1431 3896 Filius
1466 3844 1655 3898 eodem
1696 3845 1852 3899 modo
1886 3843 2052 3909 facit,

480 3928 839 4000 similiterque
882 3930 1116 4000 Spiritus
1156 3944 1400 3990 sanctus.
1440 3937 1677 4005 Singulis
1714 3952 1842 3991 vero
1884 3937 2054 4007 hypo-

480 4022 716 4076 stasibus
759 4023 996 4079 tribuere
1037 4028 1266 4080 seorsim
1309 4028 1653 4095 operationes
1695 4028 1888 4097 cuique
1929 4045 2055 4099 pro-

477 4112 648 4178 prius,
681 4113 816 4194 nihil
849 4123 931 4169 est
964 4115 1109 4171 aliud
1142 4133 1302 4186 quam
1340 4129 1447 4173 tres
1482 4121 1709 4174 seorsitn
1743 4130 1798 4175 et
1832 4134 2056 4189 prorsus

480 4203 620 4257 inter
648 4219 708 4258 se
740 4202 1031 4272 disjunctos
1062 4207 1190 4262 deos
1219 4210 1586 4277 pronuntiare.
1619 4209 1754 4264 Nam
1783 4210 1835 4264 in
1867 4221 2053 4269 sancta

479 4292 768 4360 Trinitate,
800 4296 888 4349 illa
922 4297 1185 4353 naturalis
1216 4299 1441 4353 unitatis
1472 4300 1609 4354 ratio
1636 4316 1795 4354 unam
1828 4316 2054 4370 prorsus

482 4386 533 4439 in
563 4387 813 4441 omnibus
839 4389 1094 4458 operibus
1122 4390 1415 4445 motionem
1442 4392 1696 4446 ostendit.
1721 4393 1873 4459 Quod
1900 4394 1944 4448 si
1973 4394 2057 4448 di-

2156 1933 2400 2006 μαθητάς
2419 1948 2432 1962 ·
2462 1931 2633 1995 οὑτως
2662 1928 2921 2000 ἡγιάσθαι
2943 1927 3122 1998 φαμὲν
3142 1928 3268 1988 τοὺς
3291 1924 3741 1993 ἐξειλεγμένουςο

2150 2026 2294 2080 οὑτω
2320 2023 2647 2095 γεγενῆσθαι
2679 2022 2935 2094 ῥήτορας,
2966 2018 3041 2082 ὡς
3074 2020 3139 2071 ἐκ
3175 2019 3302 2087 μιᾶς
3338 2016 3588 2085 δηλονότι
3620 2014 3750 2066 θεό-

2150 2136 2334 2190 τητος,
2362 2116 2512 2188 παρά
2543 2114 2754 2186 Πατρος
2799 2112 2865 2166 δι’
2894 2109 3025 2164 Υίοῦ
3067 2112 3124 2163 ἐν
3165 2108 3468 2178 Πνεύματι.
3507 2126 3524 2157 ι
3559 2107 3754 2177 Πάτερ

2150 2210 2260 2280 γὰρ
2290 2209 2436 2275 am,
2462 2207 2649 2277 φησὶν,
2674 2205 2897 2273 ἁγίασον
2924 2202 3122 2265 αὐτοὺς
3154 2200 3211 2253 ἐν
3232 2202 3298 2271 τῇ
3323 2197 3550 2269 ἀληθείᾳ
3578 2215 3691 2250 σου.
3720 2215 3745 2247 ι

2163 2300 2403 2371 Ἀγιάζει
2442 2300 2622 2352 τοίνυν
2650 2301 2686 2368 ή
2724 2295 2973 2366 ἀλήθεια,
3009 2292 3289 2349 τουτέστιν
3317 2294 3344 2344 6
3373 2289 3500 2354 Υἱός
3522 2306 3534 2319 ·
3568 2287 3752 2359 ἐνίησι

2150 2392 2209 2446 δὲ
2238 2394 2334 2447 καὶ
2356 2390 2556 2462 ὁμοίως
2585 2389 2679 2443 καὶ
2710 2385 3000 2455 ἀποφαίνει
3037 2384 3202 2451 σοφοὶ)
3216 2401 3255 2446 ς,
3290 2382 3384 2435 καὶ
3413 2382 3502 2435 διὰ
3524 2380 3621 2451 τῆς
3649 2378 3749 2432 τοῦ

2151 2484 2306 2553 ἁγίου
2339 2481 2652 2551 Πνεύματος
2700 2477 2810 2549 [Ζσ.
2838 2477 2900 2529 τὸ
2945 2477 3097 2544 ἀγιον
3127 2473 3378 2546 Πνεῦμα]
3435 2473 3746 2543 ἐνεργείας,

2152 2574 2413 2643 θεοφιλῶς
2449 2568 3021 2641 κατεγλωττισμένους
3070 2566 3198 2638 [ῖσ.
3236 2565 3750 2634 κατευγλωττισμὲ-

2152 2667 2480 2740 νους].Ἔφη
2506 2664 2635 2734 γοῦν
2672 2666 2729 2717 ἐν
2766 2662 2864 2733 μὲν
2894 2664 2960 2732 τῇ
3001 2659 3094 2713 τοῦ
3122 2658 3401 2714 Ματθαίου
3444 2658 3746 2727 συγγραφῇ

2153 2761 2290 2831 πρὸς
2317 2760 2441 2822 τοὺς
2471 2756 2669 2811 ἑαυτοῦ
2704 2753 2977 2827 μαθητὰς,
3020 2773 3038 2805 ι
3063 2753 3233 2806 Ὅταν
3272 2751 3330 2804 δὲ
3372 2748 3749 2820 παραδίδωσιν

2145 2845 2264 2919 [Im
2302 2847 2699 2921 παραδιδῶσιν]
2751 2848 2929 2916 ὑμᾶς,
2968 2844 3041 2915 μὴ
3090 2844 3464 2915 μεριμνήσητε
3515 2839 3658 2905 πῶς,
3709 2838 3749 2910 ἧ

2152 2943 2206 2997 τί
2234 2941 2535 3013 λαλήσητε·
2572 2940 2856 3011 δοθήσεται
2888 2940 2997 3008 γὰρ
3027 2939 3155 3008 ὑμῖν
3193 2938 3250 2989 ἐν
3287 2937 3470 3005 ἐκείνῃ
3500 2937 3568 3005 τῇ
3594 2932 3750 3003 ὥρᾳ,

2153 3036 2208 3090 τί
2238 3034 2533 3105 λαλήσετεο
2566 3034 2624 3087 ού
2660 3033 2769 3103 γὰρ
2799 3032 2954 3102 ὑμεῖς
3001 3033 3125 3084 ἐστε
3167 3032 3215 3083 οἱ
3263 3027 3573 3091 λαλοῦντες,
3603 3024 3751 3079 ἀλλά

2081 3162 2121 3218 C
2155 3126 2215 3181 τὸ
2263 3126 2486 3197 Πνεῦμα
2531 3124 2622 3179 τοῦ
2672 3123 2882 3218 Πατρός
2928 3121 3183 3218 ὑμῶν-τό
3225 3118 3419 3218 λαλοῦν
3445 3119 3504 3172 ὲν
3520 3119 3685 3218 ὑμῖν.
3724 3135 3751 3168 ιι

2158 3218 2255 3272 Διὰ
2286 3218 2343 3271 δέ
2380 3234 2444 3285 γε
2487 3217 2583 3286 τῆς
2614 3213 2708 3268 τοῦ
2744 3215 2955 3268 Λουκᾶ·
2989 3232 3006 3264 ι
3037 3213 3207 3266 Θέσθε
3239 3208 3332 3265 οὖν
3364 3213 3422 3264 ἐν
3450 3213 3571 3273 ταῖς
3599 3226 3755 3279 καρσ-

2155 3309 2294 3373 δίαις
2329 3305 2483 3378 ὑμῶν
2534 3305 2608 3378 μὴ
2640 3305 2977 3377 προμελετᾷν
3017 3303 3419 3374 ἀπολογηθῆναι
3440 3320 3455 3334 °
3487 3300 3600 3370 ἐγὼ
3633 3300 3759 3369 γὰρ

2155 3400 2311 3454 δώσω
2342 3401 2469 3471 ὑμῖν
2498 3400 2672 3469 στόμα
2713 3399 2807 3453 καὶ
2845 3398 3057 3466 σοφίαν,
3153 3397 3214 3451 οὑ
3258 3396 3579 3467 δυνήσονται
3614 3394 3759 3447 ἀντ-

2156 3495 2351 3556 ειπεῖν,
2383 3492 2416 3563 ἦ
2453 3493 2771 3563 ἀντιστῆναι
2808 3490 3007 3553 πάντες
3050 3490 3100 3542 οἱ
3131 3487 3495 3557 ἀντικείμενοι
3531 3486 3690 3555 ὑμῖν.
3733 3503 3757 3535 δ

2169 3584 2413 3647 Ἀκούεις
2441 3585 2588 3647 ὅπως
2619 3582 2905 3647 λαλοῦντος
2940 3585 2996 3635 ἐν
3023 3582 3205 3644 αὐτοῖς
3239 3578 3334 3633 τοῦ
3377 3580 3535 3648 ἀγίου
3567 3577 3763 3632 Πνεύ-

2160 3693 2347 3746 ματος,
2385 3675 2545 3738 αὑτὸς
2574 3674 2757 3728 δίδωσι
2791 3674 2850 3727 τὸ
2879 3672 3083 3743 stipat;
3116 3672 3279 3739 λόγου
3304 3670 3413 3741 γάρ
3439 3672 3557 3722 ἐστι
3578 3668 3765 3737 δοτὴρ

2156 3767 2231 3829 ὡς
2268 3767 2461 3835 Λόγος,
2497 3765 2593 3819 καὶ
2639 3765 2951 3836 Πνεύματος
2995 3766 3248 3835 χορηγὸς,
3280 3762 3383 3834 ὡς,
3408 3762 3539 3813 ἴδιον
3599 3759 3765 3828 ἔχων

2155 3857 2286 3912 αὑτὸ
2315 3855 2580 3925 φυσικῶς,
2613 3856 2753 3911 καθὰ
2785 3857 2881 3910 καὶ
2914 3856 3075 3917 αὑτὸς
3105 3857 3134 3907 6
3172 3853 3767 3925 Πατήρ.Ταυτοεργεῖ

2159 3949 2259 4020 μὲν
2293 3945 2385 4002 οὖν
2430 3953 2462 4019 ή
2509 3948 2641 4015 ἀγία
2672 3949 2864 4019 Τριὰς,
2895 3948 2989 4005 καὶ
3014 3946 3157 4017 ἀπερ
3195 3945 3261 4005 ἂν
3286 3943 3433 4015 δρώῃ
3480 3943 3576 3996 καὶ
3612 3942 3765 4011 βού-

2152 4040 2298 4093 λοιτο
2327 4038 2624 4110 κατορθοῦν
2657 4041 2686 4093 ό
2714 4038 2924 4109 Πατὴρ,
2955 4037 3128 4093 ταῦτα
3156 4037 3250 4093 καὶ
3281 4036 3309 4087 ὁ
3331 4034 3457 4096 Υἱὸς
3476 4033 3625 4085 κατά
3656 4032 3766 4084 τὸν

2157 4131 2271 4187 ῐσον
2312 4131 2542 4202 τρόπον’
2579 4131 2780 4200 ὁμοίως
2815 4130 2875 4187 δὲ
2902 4130 2994 4183 καὶ
3024 4129 3084 4183 τὸ
3113 4127 3357 4197 Πνεῦμα.
3387 4125 3462 4178 Τό
3510 4141 3577 4193 γε
3635 4125 3770 4194 μὴν

2156 4224 2259 4280 ἀνά
2310 4225 2473 4295 μέρος
2502 4223 2701 4276 διδόναι
2734 4223 2834 4285 τὰς
2867 4221 3146 4292 ἐνεργείας
3192 4220 3396 4289 ἐκάστη
3447 4216 3557 4270 τῶν
3607 4216 3771 4269 ὑπο-

2156 4317 2401 4375 στάσεων
2435 4315 2635 4380 ίδικῶς,
2662 4314 2814 4371 οὐδὲν
2844 4313 3034 4383 ἔτερόν
3061 4314 3231 4374 ἐστιν,
3257 4311 3290 4381 ἢ
3321 4311 3471 4380 τρεῖς
3498 4307 3607 4362 ἀνὰ
3651 4307 3773 4377 μέ·-

2159 4424 2249 4476 ρος
2275 4406 2367 4459 καὶ
2395 4404 2700 4476 όλοτρόπως
2741 4403 2987 4475 ἀλλήλων
3012 4401 3381 4473 διεστηκότας,
3409 4400 3775 4467 ἀποφαίνειν

479 4493 685 4543 camus,
718 4494 839 4534 cum
878 4496 981 4534 una
1020 4482 1322 4553 bypostasis
1359 4492 1602 4558 movetur
1632 4484 1697 4536 ad
1733 4499 1887 4553 opus,
1926 4484 2047 4539 reli-

2156 4496 2330 4559 θεούς.
2362 4498 2418 4549 '0
2456 4496 2553 4565 μὲν
2598 4496 2705 4566 γὰρ
2746 4495 2845 4565 τῆς
2887 4495 3121 4564 φυσικῆς
3165 4493 3411 4563 ἐνότητος
3443 4492 3604 4560 λόγος
3661 4491 3776 4545 ἐπὶ

479 4586 614 4636 quas
644 4572 774 4624 duas
804 4571 936 4625 nihil
962 4587 1142 4642 agere,
1174 4573 1445 4643 quomodo
1478 4574 1662 4642 negari
1696 4576 1893 4642 poterit
1922 4576 2049 4644 quin

480 4676 737 4729 corporea
757 4661 1043 4718 inducatur
1058 4666 1248 4729 sectio,
1268 4666 1651 4736 propemodum
1673 4664 1847 4720 locum
1868 4682 2055 4735 quem-

480 4754 602 4804 dam
647 4752 871 4820 singulis
914 4756 1297 4825 ltypostasibus
1340 4758 1606 4822 tribuens,
1648 4772 1713 4812 eo
1756 4757 1870 4826 ipso
1911 4759 2053 4829 quod

478 4854 633 4897 extra
678 4844 912 4914 reliquas
950 4856 1005 4900 et
1045 4846 1292 4916 altjuncta
1334 4851 1620 4920 cogitatur,
1660 4866 1763 4904 nou
1802 4865 1868 4904 eo
1911 4851 2051 4920 quod

479 4935 695 5006 proprie
725 4934 998 5001 subsistit,
1031 4938 1083 4992 ld
1114 4939 1257 4993 enim
1283 4955 1410 4995 vere
1440 4942 1662 5009 dicitur,
1694 4941 1787 4996 sed
1821 4944 1963 5012 quod
1996 4942 2048 4996 in

479 5025 737 5095 cujusque
765 5025 840 5080 rei
868 5026 1199 5095 diversitate,
1228 5030 1491 5087 rationem
1518 5047 1636 5101 qua:
1659 5033 1726 5087 ad
1752 5033 2052 5090 naturalem

480 5119 742 5172 unitatem
772 5117 990 5190 colligat
1038 5135 1143 5175 non
1176 5122 1413 5191 patitur?
1442 5123 1553 5180 Una
1584 5127 1727 5178 enim
1755 5126 2054 5181 divinitatis

479 5219 675 5266 natura
705 5210 758 5265 in
790 5220 978 5267 sancta
1010 5221 1062 5267 et
1094 5213 1536 5269 consubstantiali
1562 5214 1830 5269 Trinitate
1861 5216 2052 5277 intelli-

478 5301 642 5369 gitur.
670 5300 770 5357 Hic
804 5312 982 5359 autem
1025 5304 1197 5359 bonus
1229 5304 1308 5359 vir
1340 5305 1503 5361 Deum
1533 5305 1769 5363 Verbum
1807 5306 1914 5363 Deo
1950 5308 2052 5366 Pa-

479 5393 660 5464 trique
695 5396 1158 5453 consubstantiale
1196 5398 1418 5468 perinde
1450 5416 1513 5455 ac
1547 5400 1590 5455 si
1623 5400 1897 5470 ignoraret
1932 5415 2053 5455 esse

479 5480 680 5537 factum
707 5484 1002 5552 hominem,
1032 5504 1136 5543 non
1166 5490 1468 5560 abjicicndo
1495 5492 1637 5563 quod
1667 5492 1805 5547 Deus
1831 5500 1936 5558 est,
1960 5492 2052 5547 sed

480 5571 656 5643 patlus
689 5577 1013 5633 assumeudo
1049 5580 1189 5648 quod
1226 5595 1327 5634 non
1369 5592 1505 5648 erat,
1540 5582 1700 5635 audet
1736 5590 2049 5635 extenuare.

555 5748 599 5781 “
631 5748 646 5804 Ι
688 5751 812 5808 Cor.
850 5766 883 5815 ι,
928 5751 1016 5804 2-1.

2156 4590 2258 4659 τῆς
2282 4587 2445 4655 ἀγίας
2473 4586 2723 4657 Τριάδος,
2750 4586 2877 4657 μίαν
2912 4585 2974 4656 δή
3013 4602 3113 4638 που
3151 4586 3250 4654 τὴν
3290 4584 3373 4653 ἐφ’
3409 4583 3584 4641 ἅπασι
3636 4592 3778 4652 τοῖς

2158 4678 2455 4751 δρωμένοις
2485 4678 2773 4748 ἀποφαίνει
2802 4678 3033 4749 κίνησιν.
3074 4679 3133 4730 El
3163 4678 3222 4731 δὲ
3254 4677 3319 4747 δὴ
3346 4678 3637 4748 λέγοιμεν,
3679 4682 3781 4734 ὅτι

2160 4771 2289 4840 μιᾶς
2324 4770 2693 4833 ὑποστάσεως,
2723 4766 2832 4823 οἷον
2863 4771 2943 4832 είς
2971 4768 3108 4839 ἔργα
3141 4769 3528 4839 κεκινημένης,
3550 4770 3789 4841 ἀπρα-

2156 4860 2406 4929 κτήσειεν
2438 4858 2505 4911 ἂν
2542 4860 2595 4911 al
2626 4858 2739 4919 δύο,
2776 4856 2891 4920 πῶς
2919 4858 2980 4911 οὑ
3011 4861 3211 4927 παχεῖα
3238 4858 3377 4928 τομὴ
3413 4861 3791 4930 παρεισκρί-

2156 4967 2328 5013 νεται,
2362 4948 2527 5003 τόπον
2566 4948 2755 5019 ὥσπερ
2803 4950 2925 5005 τινὰ
2972 4948 3079 5002 τῶν
3126 4948 3478 5005 ὑποστάσεων
3532 4950 3791 5023 ἑκάστῃ

2162 5042 2425 5113 νέμουσα.
2454 5040 2534 5105 τὸ,
2569 5040 2674 5105 ἔξω
2710 5059 2770 5094 τε
2818 5041 2912 5096 καὶ
2952 5039 3452 5110 ἀπεσχοινισμένως
3499 5040 3793 5096 νοεῖσθαι

2163 5133 2270 5187 τῶν
2322 5132 2519 5197 ἄλλων,
2558 5133 2618 5185 οὑ
2672 5134 2813 5187 κατά
2858 5150 2920 5201 γε
2968 5132 3029 5185 τὸ
3074 5132 3342 5202 ὑπάρχειν
3399 5129 3787 5198 ίδιοστὰτως,

2158 5221 2317 5275 τοῦτο
2338 5221 2445 5293 γάρ
2469 5221 2669 5291 ἀληθές
2684 5239 2696 5253 ο
2726 5221 2838 5275 ἀλλ’
2864 5222 2939 5285 ὼς
2969 5223 3026 5274 ἐν
3048 5224 3114 5291 τῇ
3137 5222 3278 5275 κατά
3301 5220 3408 5273 πᾶν
3431 5220 3790 5293 ἑτερότητι,

2163 5313 2237 5383 μὴ
2275 5314 2576 5384 ἀνεχομένη
2619 5314 2775 5381 λόγου
2820 5314 2911 5367 τοῦ
2948 5313 3359 5385 συναγείροντος
3399 5314 3479 5375 είς
3508 5313 3799 5387 ἑνότητα

2160 5404 2395 5474 φυσικήν
2418 5422 2431 5468 ;
2456 5404 2569 5459 Μία
2588 5405 2696 5475 γὰρ
2721 5405 2971 5474 θεότητος
3003 5404 3165 5473 φύσις
3187 5405 3244 5455 ἐν
3272 5403 3405 5472 ἀγία
3430 5401 3525 5455 καὶ
3554 5404 3807 5472 ὁμοθυ-

2162 5491 2262 5562 σίῳ
2294 5494 2492 5545 νοεῖται
2526 5493 2735 5562 Τριάδι.
2753 5494 2812 5546 '0
2838 5492 2893 5544 δέ
2922 5490 3155 5562 χρηστὸς
3182 5489 3385 5552 οὑτοσὶ,
3420 5486 3512 5540 τὸν
3540 5488 3801 5557 ὁμοσύ-

2163 5595 2275 5631 σιον
2313 5578 2391 5648 τῷ
2416 5579 2535 5651 Θεῷ
2560 5583 2650 5634 καὶ
2680 5582 2853 5652 Πατρ“ι
2880 5582 3013 5633 Θεον
3040 5581 3228 5648 Λόγον,
3255 5578 3330 5642 ὼς
3358 5577 3460 5631 οὑκ
3479 5575 3669 5647 εἰδὼς
3700 5582 3809 5641 δτι

1095 5754 1135 5784 ⁸⁷
1173 5752 1357 5809 .llattlt.
1401 5770 1451 5819 π,
1495 5754 1576 5819 ιο,
1612 5754 1701 5808 20.
1781 5754 1823 5785 "
1859 5754 1988 5812 Luc.
2020 5770 2136 5823 ut,
2179 5754 2379 5825 Η,15.
