4014 6128
326 312 419 369 181

1357 315 1728 373 ADVERSUS
1766 316 2171 379 NESTORlUM
2210 321 2341 377 LIB.
2382 320 2468 375 IV.

3472 328 3580 383 582

334 424 556 491 γέγονεν
593 421 893 496 ἄνθρωπος,
925 425 987 480 οὗ
1031 427 1093 481 τὸ
1130 425 1268 511 εῖναι
1306 431 1439 495 Θεδς
1485 432 1897 504 ἀποϐεϐληκὼς,

2007 436 2136 490 Nam
2170 450 2291 492 cum
2320 447 2509 493 sancto
2540 434 2785 507 Spiritui,
2821 443 2879 492 ut
2905 434 3106 492 dictum
3137 444 3240 502 est,
3272 438 3570 507 patrocine-

341 514 715 586 προσειληφὼς
732 517 789 570 δὲ
819 518 1021 588 μᾶλλον
1043 522 1180 593 ὅπερ
1203 522 1305 575 οὐκ
1328 517 1417 593 ἦν,
1440 523 1904 595 κατασμικρύνειν

333 603 634 676 ἀποτολμᾷ.
687 606 1045 678 Συναγορεύει
1094 610 1196 679 μὲν
1243 610 1384 682 γάρ,
1437 611 1514 676 ὡς
1570 612 1801 683 εἴρηται,
1829 612 1907 683 τῷ

332 694 473 766 ἁγίῳ
500 695 792 767 Πνεῦματι,
825 700 1168 771 περιυϐρίζει
1197 702 1254 756 δέ
1282 703 1374 757 τὸν
1394 704 1544 771 Υίδν,
1565 705 1706 759 οὕτω
1734 706 1907 774 λέγων

334 785 468 853 πρός
494 801 646 848 τινας
670 786 779 840 τῶν
806 788 876 842 τὰ
908 789 1122 861 Ἀρείου
1150 795 1364 863 φρονεῖν
1394 795 1701 865 ᾑρημένων.

403 870 675 944 [Πλείονα,
723 878 880 946 φησὶ,
931 879 1030 951 τὴν
1078 883 1158 944 είς
1197 883 1363 936 αὐτὸν
1405 887 1905 953 κατασκευάζοντες

337 960 510 1035 ὓϐριν,
527 966 619 1018 καὶ
641 966 701 1020 τὸ
717 968 943 1040 Πνεῦμα
961 972 1059 1042 τῆς
1080 973 1229 1037 θείας
1250 976 1644 1046 ἀποτέμνοντες
1668 980 1902 1048 φύσεως,

334 1054 395 1105 τὸ
419 1053 516 1125 τὴν
556 1056 949 1132 ἀνθρωπότητα
975 1064 1140 1117 αὐτοῦ
1178 1065 1479 1121 διαπλάσαν
1504 1086 1518 1101 ·
1557 1087 1576 1120 ι
1607 1071 1680 1123 Τὸ
1713 1072 1821 1142 γὰρ
1848 1073 1906 1125 ἐν

332 1147 395 1214 τῇ
418 1147 622 1218 Μαρίᾳ,
638 1150 790 1219 φησὶ,
817 1152 1093 1223 γεννηθὲν,
1108 1156 1171 1208 ἐκ
1187 1154 1502 1228 Πνεύματός
1524 1161 1670 1213 ἐστιν
1692 1161 1899 1229 ἁγίουοο

331 1237 472 1290 κτιτά
504 1235 614 1307 [Ζσ.
650 1240 712 1292 τὸ
743 1240 908 1313 κατὰ]
945 1243 1284 1316 δικαιοσύνην
1311 1247 1375 1300 τὸ
1398 1247 1634 1302 πλασθὲν
1670 1250 1897 1304 ἀνέπλα-

334 1342 424 1379 σεν
469 1327 581 1399 [ισ.
605 1331 943 1405 άναπλάσαν]
967 1354 980 1367 ο
1024 1336 1411 1408 ιἙφανερώθη
1455 1340 1583 1410 γὰρ,
1615 1342 1799 1411 φησὶν,
1849 1344 1907 1396 ἐν

335 1417 499 1485 σαρκί
520 1431 537 1446 ⁵
556 1417 846 1489 ἐδικαιώθη
877 1422 935 1472 ἐν
960 1422 1261 1493 Πνεῦματιο
1306 1443 1326 1475 ι
1360 1425 1422 1478 τὸ
1437 1424 1654 1495 δαίμοσι
1675 1427 1905 1497 φοϐερὸν

334 1506 711 1578 ἐργασάμενον
733 1525 748 1539 ·
792 1527 811 1560 ι
832 1509 974 1577 Ἐγὼ
998 1513 1126 1582 γάρ,
1154 1515 1337 1582 φησὶν,
1373 1515 1431 1566 ἐν
1461 1514 1735 1587 Πνεῦματι
1769 1516 1904 1571 Θεοῦ

332 1597 584 1650 ἐκϐάλλω
612 1599 681 1652 τά
707 1600 977 1671 δαιμόνια*
1010 1622 1028 1655 ι
1059 1605 1124 1657 τὸ
1148 1605 1246 1676 τὴν
1274 1606 1440 1659 αὐτοῦ
1468 1608 1647 1678 σάρκα
1677 1626 1905 1681 πεποιη-

337 1686 502 1754 μένον
524 1689 675 1741 ναόν·
707 1709 725 1741 ι
755 1691 1026 1762 Τεθέαμαι
1059 1694 1186 1765 γάρ,
1215 1696 1369 1766 φησὶ,
1395 1696 1457 1749 τὸ
1484 1698 1708 1767 Πνεῦμα
1734 1715 1905 1751 κατα-

2009 535 2115 594 tur,
2155 527 2348 583 F’tlinm
2384 527 2543 584 allicit
2577 526 2805 598 injuria,
2838 528 2927 584 ubi
2963 528 3219 585 adversus
3252 530 3365 584 Arii
3405 541 3580 585 secta-

2005 624 2153 674 tores
2182 620 2253 674 ita
2289 620 2440 676 dicit.

2085 881 2347 955 [Νεετοιι.
2383 880 2663 951 Majorem,
2691 881 2885 948 inquit,
2913 881 2965 935 in
2995 880 3169 950 ipsum
3198 890 3470 936 struentes
3500 882 3578 936 iu-

2000 972 2225 1042 jnriam,
2250 981 2306 1027 et
2334 973 2592 1041 Spiritum
2623 986 2652 1024 a
2685 973 2864 1026 divina
2896 981 3085 1027 natura
3115 984 3453 1042 separantes,
3479 973 3572 1041 qui

2009 1064 2396 1118 lmmanitatem
2425 1065 2540 1134 ejus
2570 1064 2821 1118 formavit
2852 1081 2866 1117 :
2900 1082 2920 1116 ι
2953 1063 3106 1130 Quod
3130 1065 3273 1118 enim
3303 1066 3356 1119 in
3387 1065 3571 1129 Maria,
3632 1113 3655 1122 -

2005 1152 2199 1221 inquit,
2233 1165 2413 1206 uatum
2449 1163 2553 1217 est,
2589 1154 2654 1207 de
2684 1153 2888 1221 Spiritu
2920 1164 3106 1208 sancto
3135 1162 3216 1207 est
3240 1153 3451 1223 "pqui
3483 1168 3573 1207 se-

2004 1242 2236 1297 cundum
2268 1242 2535 1311 justitiam
2565 1244 2706 1311 quod
2740 1242 3026 1295 formatum
3062 1253 3181 1296 erat
3214 1243 3525 1297 reformavit
3553 1256 3571 1296 :

2011 1351 2031 1385 ι
2067 1333 2462 1388 Manifestatum
2494 1334 2636 1388 enim
2666 1342 2769 1390 est.
2801 1333 2994 1401 inquit,
3026 1334 3077 1386 in
3108 1348 3291 1393 carne,
3314 1332 3575 1402 jnstilica—

2006 1432 2117 1477 tum
2149 1434 2232 1479 est
2262 1426 2314 1479 itt
2337 1423 2541 1494 Spiritu
2566 1425 2640 1490 '°;
2670 1426 2759 1494 qui
2796 1432 2853 1477 ut
2882 1425 3160 1478 daemoniis
3190 1435 3333 1479 esset
3362 1423 3573 1478 terribi-

2007 1517 2071 1569 lis
2097 1515 2277 1570 ell’ecit
2307 1535 2319 1570 :
2355 1534 2375 1567 ι
2407 1516 2518 1587 Ego
2548 1517 2715 1577 enim,
2745 1514 2940 1583 inquit,
2971 1516 3023 1568 iu
3055 1516 3260 1581 Spiritu
3296 1514 3386 1567 Dei
3418 1512 3575 1580 ejicio

2005 1607 2372 1667 daemonia":
2418 1626 2437 1659 ι
2476 1609 2567 1675 qui
2609 1607 2751 1660 illius
2794 1622 3011 1661 carnem
3049 1605 3225 1661 el'l'ecit
3264 1604 3514 1674 templum
3558 1623 3571 1658 :

2012 1714 2030 1747 ι
2056 1695 2172 1750 Vidi
2201 1696 2369 1759 enim,
2400 1697 2594 1767 inquit,
2618 1696 2876 1763 Spiritum
2893 1696 3303 1750 descendentem
3335 1696 3575 1749 sicutco-

336 1774 521 1828 ϐαῖνον
551 1775 679 1831 ὡσεὶ
713 1781 1063 1851 περιστεράν,
1094 1783 1188 1836 καὶ
1216 1784 1522 1855 μεμένηκεν
1551 1787 1636 1838 ἐπ’
1670 1787 1855 1840 αὐτόν’
1879 1806 1896 1839 ι

2007 1790 2265 1852 lumbam,
2296 1797 2350 1840 et
2383 1786 2576 1840 mansit
2609 1801 2769 1855 super
2796 1801 2917 1841 cum
2943 1786 3023 1853 1';
3064 1808 3082 1838 υ
3117 1787 3208 1857 qui
3244 1786 3573 1854 assumptio-

333 1865 392 1917 τὸ
419 1867 519 1935 τὴν
551 1869 817 1941 ἀνάληψιν
847 1873 997 1943 αὑτῷ
1024 1876 1387 1945 χαρισάμενον
1410 1892 1423 1905 ’
1458 1894 1477 1929 ι
1501 1878 1906 1949 Ἐντειλάμενος

332 1957 461 2026 γὰρ,
500 1961 818 2030 φησὶ,ιτοῖς
863 1963 1042 2032 ἁγίοις
1087 1966 1425 2030 ἀποστόλοις,
1456 1967 1550 2032 οὓς
1600 1970 1901 2036 ἐξελέξατο,

329 2045 420 2098 διὰ
447 2046 764 2117 Πνεύματος
792 2052 970 2120 ἁγίου,
997 2052 1294 2125 ἀνελήφθη.
1317 2074 1335 2104 ι
1371 2055 1539 2110 Τοῦτο
1561 2058 1623 2129 δὴ
1655 2059 1718 2111 τὸ
1755 2059 1908 2130 τηλι-

333 2136 542 2207 καύτην
583 2141 807 2212 Χριστῷ
854 2148 1218 2217 χαρισάμενον
1264 2145 1439 2210 δόξαν,
1477 2149 1709 2220 Χριστοῦ
1737 2169 1905 2206 κατα·

332 2227 656 2293 σκευάζουσι
691 2233 923 2309 δοῦλον.]
1204 2236 1209 2240 ’

930 2376 1178 2432 ΚΕΦΑΛ.
1235 2380 1307 2434 1".

398 2502 473 2555 Τὸ
499 2504 594 2572 μὲν
612 2499 704 2558 οὖν
731 2505 831 2575 τῆς
858 2504 1006 2570 θείας
1032 2525 1088 2562 τε
1119 2510 1210 2563 καὶ
1234 2511 1517 2582 ἀκηράτου
1542 2513 1756 2582 φύσεως
1782 2515 1905 2568 ἀπο-

326 2593 545 2660 τέμνειν
563 2593 622 2646 τὸ
643 2595 869 2664 Πνεῦμα
898 2602 1262 2671 κατατολμᾷν,
1286 2601 1570 2674 μοχθηρᾶς
1600 2600 1740 2657 εἷναί
1762 2622 1903 2676 φημι

325 2686 426 2737 καὶ
475 2685 754 2758 ἀλιτηρίου
801 2689 1017 2759 φρενὸς,
1054 2692 1149 2744 καὶ
1181 2692 1317 2746 πολὺ
1353 2693 1449 2747 τοῦ
1480 2695 1686 2759 εἰκότος
1722 2695 1908 2766 ἐξῳκι-

328 2776 895 2847 σμὲνης.”ομοούσιον
922 2780 1029 2849 γάρ
1065 2782 1179 2833 ἐστι
1210 2781 1290 2852 τῷ
1317 2782 1438 2853 Θεῷ
1466 2784 1557 2838 καὶ
1596 2786 1787 2857 Πατρὶ,
1813 2786 1906 2840 καὶ

325 2869 440 2936 μὴν
468 2869 562 2920 καὶ
587 2868 741 2938 αὑτῷ
772 2868 851 2937 τῷ
878 2869 988 2935 Υίῷ
1006 2885 1020 2897 ·
1067 2872 1159 2924 καὶ
1206 2872 1338 2937 Θεὸς
1366 2872 1526 2940 εἶναι,
1555 2877 1647 2928 καὶ
1675 2877 1738 2930 ἐκ
1769 2876 1903 2930 Θεοῦ

322 2958 660 3012 πιστεύεται.
703 2961 915 3032 Χρῆναι
962 2962 1018 3014 δὲ
1063 2959 1216 3033 οἶμαι
1255 2965 1413 3018 ταυτὶ
1446 2965 1705 3036 μεθέντας
1737 2969 1817 3030 είς
1845 2969 1904 3019 τὸ

324 3048 525 3118 παρὸν,
561 3049 651 3102 τὸν
674 3052 733 3102 ἐν
760 3052 947 3121 χερσὶν
979 3053 1128 3120 ἡμῖν,
1164 3052 1688 3126 πολυπραγμονῆσαι
1724 3057 1900 3124 λόγον,

322 3140 417 3190 καὶ
432 3140 556 3191 ὅποι
577 3140 704 3193 ποτέ
724 3139 928 3209 βλέπει,
944 3142 1335 3212 νουνεχέστατα
1359 3145 1645 3199 κατιδεῖν,ι
1673 3144 1904 3198 Πλείονα

320 3232 457 3301 γὰρ,
503 3233 659 3301 φησὶ,
695 3231 794 3303 τὴν
826 3233 907 3295 είς
946 3234 1108 3286 αὑτὸν
1153 3232 1655 3299 κατασκευάζοντες
1703 3235 1860 3308 ὓϐριν
1885 3253 1899 3267 ο

319 3323 519 3390 δῆλον
534 3322 602 3376 δὲ
613 3322 701 3376 ὅτι
721 3324 825 3377 τὸν
837 3323 905 3377 ἐκ
922 3325 1068 3379 Θεοῦ
1083 3325 1310 3395 Πατρός
1326 3328 1539 3395 Λόγον*
1558 3328 1653 3380 καὶ
1665 3328 1727 3380 τὸ
1741 3328 1906 3381 Πνεῦ-

325 3431 400 3481 μα
436 3414 539 3483 τῆς
581 3413 731 3477 θείας
769 3414 1167 3486 ἀποτέμνοντες
1200 3415 1433 3485 φύσεως,
1468 3417 1529 3470 τὸ
1563 3419 1663 3488 τὴν
1691 3417 1903 3490 ἀνθρω-

320 3504 538 3575 πότητα
565 3503 730 3558 αὐτοῦ
744 3500 1064 3560 διαπλάσαν.
1090 3525 1108 3558 ι
1135 3507 1243 3578 Τὴν
1278 3503 1500 3574 τίνος,ὧ
1521 3508 1781 3578 βέλτιστε,
1798 3511 1906 3582 φὴς

318 3593 725 3647 διαπεπλάσθαι
748 3593 1138 3666 ἀνθρωπότητα
1157 3597 1246 3650 διὰ
1268 3598 1363 3652 τοῦ
1393 3599 1739 3671 Πνεῦματοςς
1766 3602 1905 3654 Καί-

320 3701 404 3737 τοι
439 3684 569 3748 τοὺς
600 3683 791 3753 λόγους
816 3687 948 3757 ἡμῖν
978 3686 1179 3755 ἀρτίως
1209 3689 1294 3741 ἐπ’
1319 3688 1469 3759 αὐτῷ
1498 3691 1795 3761 πεποίησαι
1826 3690 1903 3762 τῷ

322 3779 643 3846 Μονογενεί,
674 3780 769 3833 καὶ⁹
796 3781 861 3833 ἐκ
890 3778 1024 3832 Θεοῦ
1060 3778 1271 3852 Πατρός
1298 3782 1625 3855 άπορῤήτως
1649 3799 1905 3855 γεγεννη-

326 3870 514 3938 μένῳ·
550 3870 702 3924 θείαν
732 3870 843 3941 γάρ
878 3871 943 3940 δὴ
987 3871 1145 3940 φύσιν
1189 3872 1467 3943 ὠνόμαζες
1513 3875 1709 3928 αὐτόν·
1736 3876 1901 3930 αὐτοῦ

321 3958 378 4011 δέ
407 3955 565 4029 οἶμαι
596 3961 690 4013 καὶ
715 3961 812 4030 οὐχ
841 3960 1026 4038 ἐτέρου
1053 3963 1151 4031 τὴν
1186 3963 1584 4034 άνθρωπότητα
1608 3967 1732 4035 φής.
1759 3967 1901 4020 Οὐκ-

318 4050 415 4102 οῦν
444 4050 786 4121 διαμέμνησο
822 4048 933 4104 τῶν
965 4050 1189 4103 σεαυτοῦ
1220 4052 1444 4120 φωνῶν·
1475 4054 1610 4108 ίδίαν
1629 4056 1738 4127 γὰρ
1763 4053 1900 4111 εῖναι

320 4141 432 4208 φὴς
478 4136 573 4192 τοῦ
610 4140 787 4208 Λόγου
825 4139 923 4211 τὴν
956 4140 1133 4211 σάρκα
1160 4140 1336 4212 ψυχῆς
1368 4144 1594 4215 ἐνούσης
1619 4147 1755 4218 αὐτῇ
1800 4148 1899 4218 τῆς

320 4228 552 4301 λογικῆς
604 4230 885 4302 δηλονότι·
925 4231 1079 4284 ἔσται
1117 4230 1220 4301 γὰρ
1268 4232 1438 4296 οὕτως
1474 4236 1507 4305 ἡ
1547 4235 1899 4308 ἀνθρωπότης

317 4320 512 4374 αὑτοῦ.
540 4316 673 4376 Εἶτα
704 4322 840 4386 πῶς,
872 4320 1027 4392 εἴπερ
1060 4322 1207 4375 ἐστὶν
1232 4323 1291 4377 ἓν
1323 4326 1459 4393 μετά
1482 4328 1578 4396 τῆς
1609 4326 1739 4391 ἰδίας
1767 4345 1899 4397 σαρ-

320 4414 417 4475 κὸς
463 4416 494 4465 ὁ
535 4415 598 4467 ἐκ
643 4413 777 4467 Θεοῦ
809 4414 1023 4483 Πατρὸς
1054 4414 1245 4482 Λόγος,
1279 4417 1459 4485 ἰσχύος
1490 4413 1628 4470 εἶναι
1656 4418 1896 4488 νομίζεις

319 4502 493 4556 αὑτὸν
519 4501 616 4572 τῆς
638 4502 971 4573 θεοπρεποῦς
993 4504 1203 4569 ἐπιδεᾶ,
1234 4505 1325 4557 καὶ
1351 4504 1576 4576 φοϐερὸν
1601 4507 1762 4559 αὑτὸν
1788 4508 1898 4579 είρ-

2008 1892 2129 1931 netn
2162 1876 2235 1931 illi
2267 1875 2490 1946 largitus
2518 1884 2644 1942 est;
2684 1893 2702 1927 ι
2739 1874 3097 1945 Ρτιιξείρίειιιι,
3131 1876 3338 1946 inquit,
3370 1877 3574 1932 sanctis

2005 1968 2284 2036 apostolis,
2316 1981 2450 2035 quos
2474 1966 2657 2033 elegit.
2694 1981 2790 2034 per
2824 1966 3084 2035 Spiritum
3123 1976 3389 2034 sanctum,
3418 1967 3576 2038 104

2006 2067 2312 2127 assumptus
2345 2066 2427 2111 est
2450 2058 2517 2109 ".
2559 2075 2579 2107 ι
2618 2054 2769 2111 [tunc
2803 2058 2966 2126 igitur
2997 2060 3087 2129 qui
3124 2068 3324 2112 tantam
3359 2057 3576 2112 Christo

2006 2149 2230 2216 gloriam
2262 2148 2484 2220 largitus
2513 2158 2617 2215 est,
2648 2147 2846 2205 Christi
2880 2164 3094 2205 servum
3126 2147 3407 2222 emriuut.]

2653 2373 2806 2429 CAP.
2844 2371 2927 2429 Ill.

2076 2511 2291 2565 Audere
2320 2511 2534 2579 quidem
2563 2524 2592 2564 a
2623 2510 2805 2564 divina
2837 2509 2924 2561 illa
2960 2508 3355 2577 immortalique
3385 2517 3575 2562 natura

2007 2603 2270 2672 Spiritum
2300 2603 2643 2668 abscindere,
2675 2600 2906 2669 improbi
2936 2615 3058 2656 esse
3087 2610 3140 2655 et
3170 2600 3381 2655 scelesti
3411 2598 3573 2653 animi

2005 2709 2224 2757 censeo,
2247 2704 2300 2747 et
2329 2694 2487 2763 longo
2517 2692 2800 2748 intervallo
2829 2693 2896 2747 ab
2924 2707 2990 2746 eo
3020 2693 3159 2762 quod
3188 2689 3441 2745 convenit
3490 2701 3576 2743 τοι

2006 2786 2157 2839 ιηοιί.
2192 2784 2677 2839 Consubstantialis
2713 2791 2795 2837 est
2827 2783 2974 2836 enim
3016 2785 3121 2837 Deo
3157 2793 3207 2837 et
3243 2782 3412 2845 Patri,
3444 2770 3574 2848 quia

2006 2877 2167 2931 etiam
2196 2875 2293 2940 ipsi
2322 2890 2533 2942 quoque
2561 2875 2720 2935 Filio.
2746 2886 2799 2930 et
2826 2877 2965 2931 Deus
2992 2890 3110 2929 esse
3136 2885 3191 2928 et
3220 2888 3284 2925 ex
3317 2871 3429 2924 Deo
3453 2886 3575 2925 cre-

2007 2966 2167 3019 ditur.
2196 2962 2301 3017 Sed
2328 2974 2578 3032 oportere
2604 2965 2859 3028 arbitror,
2887 2965 2953 3020 iis
2980 2967 3044 3017 ad
3072 2973 3311 3029 praesens
3336 2957 3574 3019 omissis,

2007 3055 2168 3109 verba
2207 3071 2326 3124 qua:
2370 3070 2513 3110 nunc
2553 3064 2680 3108 sunt
2720 3056 2772 3109 in
2818 3055 3095 3117 manibus,
3139 3050 3478 3113 examinare,
3524 3057 3574 3103 et

2011 3159 2117 3213 quo
2163 3154 2406 3212 spectent
2441 3153 2692 3197 accurate
2741 3143 3067 3213 perspicere.
3103 3158 3123 3192 ι
3158 3138 3444 3204 Maiorem,
3497 3140 3573 3192 in-

2011 3237 2148 3307 quit,
2173 3238 2224 3291 iu
2253 3237 2424 3304 ipsum
2454 3243 2756 3290 statuentes
2783 3233 3033 3303 injuriatn
3060 3232 3333 3303 (nimirum
3367 3232 3419 3284 in
3443 3229 3577 3284 illud

2009 3343 2075 3382 ea:
2106 3327 2209 3381 Deo
2244 3326 2404 3381 Patre
2432 3325 2702 3397 Verbum),
2731 3335 2786 3380 et
2813 3324 3073 3391 Spiritum
3103 3340 3131 3377 a
3162 3323 3342 3377 divina
3376 3334 3572 3376 natura

2010 3417 2454 3487 scparantes,qui
2487 3416 2604 3486 ejus
2637 3416 3021 3470 humanitatem
3042 3413 3312 3467 formavit.
3338 3432 3358 3465 ι
3378 3412 3572 3477 Cujus-

2011 3520 2167 3572 nam,
2209 3508 2294 3558 vir
2335 3505 2575 3573 optime,
2620 3504 2825 3559 asseris
2867 3503 3254 3558 humanitatem
3299 3518 3328 3556 a
3374 3502 3574 3571 Spiritu

2010 3593 2335 3650 formatam?
2372 3596 2534 3664 Atqui
2581 3596 2778 3650 dudum
2820 3596 2886 3650 de
2926 3597 3043 3664 ipso
3084 3593 3373 3663 Unigenito
3413 3603 3467 3647 et
3508 3608 3575 3646 ex

2012 3684 2120 3739 Deo
2162 3685 2323 3740 Patre
2366 3686 2705 3742 ineﬂ'abiliter
2739 3696 2866 3741 nato
2897 3687 3060 3739 verba
3102 3684 3312 3740 feceras
3349 3701 3365 3738 :
3404 3685 3574 3753 ipsum

2008 3777 2152 3831 enim
2187 3777 2425 3831 divinam
2460 3786 2706 3831 naturam
2740 3776 3050 3846 appellabas
3082 3794 3096 3831 :
3131 3776 3301 3844 ipsius
3334 3789 3484 3844 ergo,
3517 3783 3571 3827 ut

2007 3869 2223 3936 Opinor,
2260 3884 2367 3922 nou
2402 3868 2624 3922 alterius
2659 3867 3046 3923 humanitatem
3081 3868 3239 3923 dicis.
3270 3865 3575 3920 Recordare

2008 3959 2173 4029 igitur
2196 3961 2482 4013 verborum
2512 3968 2724 4012 tuorum
2755 3977 2768 4012 :
2800 3959 3070 4027 propriam
3098 3958 3242 4012 enim
3269 3971 3388 4012 esse
3415 3956 3573 4010 Verbi

2008 4048 2159 4103 illam
2190 4064 2409 4102 carnem
2434 4048 2592 4111 dicis,
2615 4049 2791 4101 anima
2829 4047 3076 4100 rationali
3112 4046 3389 4116 praeditam
3422 4043 3573 4099 scili-

2006 4146 2093 4191 cet
2128 4156 2142 4192 :
2178 4137 2256 4191 sic
2294 4152 2526 4204 namque
2559 4137 2663 4191 erit
2694 4137 2818 4200 ejus
2846 4133 3172 4189 humanitas.
3210 4134 3372 4203 Atqui
3407 4134 3451 4187 si
3488 4133 3573 4202 ip-

2007 4242 2122 4282 sum
2149 4242 2212 4281 ex
2244 4228 2348 4281 Deo
2377 4226 2536 4281 Patre
2559 4225 2789 4283 Verbum
2816 4243 2981 4282 unum
3008 4233 3092 4281 est
3117 4241 3239 4281 cum
3265 4240 3361 4278 sua
3388 4239 3572 4288 carne,

2006 4321 2277 4390 quomodo
2304 4321 2497 4375 divinis
2520 4322 2728 4376 viribus
2756 4338 2878 4377 eum
2912 4322 3150 4391 indigere
3178 4328 3354 4389 putas,
3383 4327 3436 4372 et
3465 4327 3574 4372 ter-

2009 4415 2216 4467 ribilem
2249 4414 2526 4469 dtemoniis
2555 4429 2582 4466 a
2616 4413 2819 4483 Spiritu
2850 4422 3039 4468 sancto
3073 4412 3295 4474 factum,
3326 4420 3386 4464 ut
3418 4409 3508 4478 qui
3541 4426 3571 4461 a

2005 4517 2102 4558 sua
2130 4514 2320 4564 natura
2348 4505 2399 4558 id
2429 4521 2534 4559 non
2565 4515 2747 4575 posset
2773 4504 3016 4568 efﬁcere;
3043 4503 3228 4556 adbacc
3253 4501 3440 4565 etiam,
3472 4500 3573 4553 hoc

317 4592 530 4660 γάσθαι
561 4595 670 4654 τοῖς
701 4592 913 4663 δαίμοσι
938 4593 998 4647 τὸ
1037 4595 1265 4664 Πνεῦμα
1286 4595 1348 4647 τὸ
1385 4595 1557 4663 ἅγιον,
1591 4597 1665 4661 ὡς
1693 4598 1801 4651 ἀπό
1831 4615 1893 4666 γε

2007 4595 2181 4666 ipsum
2217 4612 2377 4664 posse
2410 4607 2693 4651 conterere
2728 4595 3009 4656 Satanam,
3042 4593 3196 4662 quasi
3231 4593 3297 4646 ab
3333 4591 3439 4646 alio
3472 4591 3569 4646 da-

313 4683 425 4751 τῆς
458 4681 597 4744 ιδίας
625 4681 833 4750 φύσεως
859 4684 959 4736 οὐκ
1007 4684 1198 4754 ἔχοντα
1240 4686 1397 4739 τοῦτο
1444 4686 1600 4757 δρᾷν·
1648 4688 1742 4741 καὶ⁹
1786 4688 1892 4760 μὴν

2007 4695 2134 4750 lum,
2168 4688 2362 4755 vixque
2393 4687 2533 4740 dono
2564 4683 2870 4751 acceptum?
2903 4685 2959 4737 Si
2995 4685 3160 4754 igitur
3192 4698 3297 4738 non
3330 4684 3570 4755 ignoras,

315 4774 418 4826 καὶ
456 4771 540 4836 τὸ,
571 4771 825 4826 δύνασθαι
871 4774 1172 4844 συντρίϐειν
1202 4774 1294 4827 τὸν
1337 4775 1600 4840 Σατανᾶν,
1631 4776 1707 4840 ὡς
1745 4777 1896 4831 ϐοτὸν

2007 4791 2258 4845 separare
2299 4775 2558 4844 Spiritum
2600 4792 2631 4830 a
2672 4776 2853 4830 divina
2897 4776 3014 4846 ejus
3058 4785 3280 4840 natura,
3327 4776 3572 4843 turpissi-

315 4865 457 4933 παρ’
479 4862 711 4935 ἐτέρου,
764 4863 858 4916 καὶ
906 4865 1055 4935 μόλις
1105 4865 1518 4935 ἐρανιζόμενονς
1548 4866 1611 4918 Εἰ
1659 4866 1757 4935 μὲν
1800 4863 1895 4921 οὖν

2007 4882 2150 4920 mum
2181 4866 2485 4921 habendum
2512 4882 2633 4921 esse
2659 4868 2886 4933 crimen,
2912 4876 2966 4922 et
2990 4868 3206 4936 quidem
3228 4865 3372 4934 jure,
3403 4866 3571 4934 ipsius

309 4949 478 5006 οἶσθα
507 4953 590 5006 ὅτι
623 4952 686 5005 τὸ
712 4953 1034 5024 ἀποτέμνειν
1064 4954 1126 5007 τὸ
1155 4953 1378 5025 Πνεῦμα
1406 4954 1507 5023 τῆς
1547 4954 1696 5018 θείας
1728 4957 1893 5010 αὑτοῦ

2007 4957 2185 5025 procul
2215 4957 2377 5012 dubio
2408 4956 2644 5028 Spiritus
2672 4967 2775 5023 est,
2803 4968 2864 5014 ut
2893 4960 2982 5029 qui
3013 4958 3457 5030 per-iuelTabilem
3488 4956 3567 5024 ip-

312 5044 559 5112 φύσεως,
597 5044 956 5118 ἐγκλημάτων
984 5046 1261 5116 αἴσχιστον
1293 5046 1375 5115 είη
1405 5044 1489 5111 ἂν,
1517 5045 1612 5099 καὶ
1643 5046 1784 5116 μάλα
1814 5047 1893 5099 εί-

2007 5049 2113 5102 sins
2147 5057 2392 5102 naturam
2429 5050 2703 5117 procedat,
2739 5058 2795 5105 et
2827 5050 2927 5120 ipsi
2946 5039 3032 5106 'sit
3064 5043 3564 5107 consubstantialls.

383 5227 432 5260 ”
468 5226 657 5282 Matth.
689 5241 727 5291 1,
756 5227 847 5282 20.
925 5226 971 5257 7“
1004 5226 1019 5279 l
1053 5226 1193 5280 Titn.
1232 5243 1312 5292 ιιι,
1342 5227 1427 5280 16.
1502 5226 1543 5256 ⁷¹
1578 5224 1764 5279 Matth.
1805 5240 1897 5290 tur,

2007 5265 2013 5277 .
2092 5227 2136 5257 ⁷⁸
2170 5225 2322 5283 Joan.
2358 5244 2395 5292 t,
2422 5227 2509 5284 32.
2589 5226 2636 5260 ⁷³
2661 5227 2781 5283 Act.
2818 5245 2858 5293 ι,
2894 5228 2947 5282 2.

1577 5398 1735 5454 ANT.
1780 5398 2051 5455 AGELLlI
2091 5401 2318 5458 NOTAE}.

386 5560 525 5635 (24)Δ
546 5558 640 5635 Sic
668 5554 1077 5635 distinguendus
1111 5554 1318 5610 videtur
1348 5554 1514 5635 locus.
1546 5563 1606 5606 ut
1649 5562 1770 5634 apte
1799 5569 1890 5635 ea:
1997 5557 2227 5611 ctioucm
2259 5555 2527 5635 improbat
2566 5551 2798 5635 Cyrillns
2830 5568 2950 5625 pag.
2992 5552 3115 5618 103,
3146 5561 3199 5609 et
3224 5548 3568 5610 ecclesiasti-

314 5625 409 5687 dat
460 5625 527 5683 ad
561 5626 797 5682 Nestorii
845 5625 1215 5696 sententiam_:
1250 5626 1495 5696 quamvis
1540 5625 1772 5696 pessima
1811 5625 1890 5696 _sit
1997 5641 2112 5681 cam
2146 5642 2207 5682 ac
2236 5627 2510 5696 vulgatam
2550 5625 2811 5690 sequitur.

318 5699 626 5766 distinctio,
657 5706 712 5752 et
747 5704 936 5751 contra
968 5709 1122 5748 usum
1166 5692 1449 5759 Ecclesia};
1495 5707 1655 5762 quam
1700 5693 1890 5748 distin-
