4014 6128
459 250 559 307 185

1439 252 1498 311 S.
1540 253 1811 310 CYRILLI
1849 255 2319 312 ALEXANDRINI
2359 257 2680 316 ARCIIIEP.

3603 232 3705 328 tsi

455 374 512 420 et
539 365 611 421 ita
645 365 868 424 minime
899 367 1130 439 indiguit
1162 370 1364 426 virtute
1391 370 1459 426 ab
1488 385 1555 427 eo
1583 371 1706 428 data
1726 412 1741 438 ,
1774 381 2023 443 tanquam

2135 375 2321 441 κότως,
2357 376 2523 430 αὐτοῦ
2553 378 2795 448 δηλονότι
2824 378 2885 432 τὸ
2907 379 3130 450 Πνεῦμά
3151 381 3319 449 ἐστιν,
3349 383 3423 447 ὡς
3447 384 3515 437 δι’
3537 386 3703 459 αὐτῆς

453 467 680 513 externa
719 470 773 515 et
815 462 1030 516 aliunde
1069 462 1239 517 ascita
1276 479 1292 519 :
1332 463 1424 519 sed
1466 473 1650 518 utetur
1684 466 1861 534 potius
1903 476 2023 522 tan-

455 563 616 617 quam
658 552 876 621 preprio
922 550 1144 621 Spiritu,
1185 562 1239 608 et
1277 569 1375 623 per
1407 554 1580 623 ipsum
1628 557 1921 612 terribilem
1965 575 2025 615 se

458 641 739 697 tlzemoniis
763 645 1028 699 ostendet.
1057 644 1150 699 Sin
1182 646 1273 701 tibi
1305 647 1480 714 placet
1504 662 1598 704 eos
1625 650 1715 717 qui
1745 661 2021 720 separant,

458 734 754 802 impietatis
785 735 1012 790 crimine
1045 736 1308 791 immunes
1340 740 1692 806 pronuntiare
1724 743 2025 809 :quomodo

458 827 614 880 nobis
642 825 840 880 dudum
871 842 964 882 eos
993 826 1220 898 injurios
1246 828 1552 898 appellans,
1581 839 1763 899 postea
1796 834 2023 901 teipsum

459 916 511 969 in
538 931 722 970 eorum
747 932 1028 971 numerum
1052 918 1251 973 referre
1266 935 1374 975 non
1396 921 1599 975 sentis?
1621 923 1885 991 siquidem
1909 925 2030 979 uni-

460 1017 571 1061 tum
594 1007 745 1062 carni
770 1008 895 1062 illud
917 1025 981 1063 ex
1009 1009 1114 1064 Deo
1138 1008 1295 1065 Patre
1313 1008 1548 1066 Verbum
1573 1013 1718 1068 velut
1743 1030 1906 1070 unum
1930 1016 2027 1070 ali-

458 1113 614 1165 quem
643 1113 673 1153 e
699 1107 882 1154 nostro
907 1115 1156 1165 numero,
1181 1112 1233 1155 et
1255 1101 1529 1171 vulgarem
1558 1119 1798 1173 prorsus,
1827 1105 2026 1161 auxilio

458 1189 631 1243 sancti
662 1188 896 1257 Spiritus
922 1191 1213 1262 indiguisse
1239 1193 1394 1257 dicis,
1429 1204 1487 1248 ttt
1514 1196 1769 1250 terribilis
1794 1196 2027 1251 immun-

460 1280 542 1334 dis
602 1281 757 1352 105
816 1281 1096 1351 spiritibus
1149 1284 1477 1340 videretur:
1542 1301 1664 1339 nam
1716 1289 1927 1342 etiamsi
1973 1290 2025 1343 in

461 1372 662 1439 Spiritu
705 1375 795 1428 Dei
824 1375 954 1429 dicit
982 1390 1042 1431 se
1074 1376 1276 1446 ejicere
1328 1378 1614 1443 daemonia,
1646 1396 1823 1435 annon
1858 1383 2025 1448 ipsam

459 1466 729 1519 sermonis
757 1467 1207 1534 dispensationem
1246 1470 1379 1526 satis
1417 1472 1786 1527 admirabilem
1846 1475 2028 1531 videre

460 1555 745 1623 oportuit?
777 1555 1082 1612 Judaaorum
1116 1560 1256 1613 enim
1294 1561 1459 1615 duces
1488 1578 1609 1616 cum
1641 1563 1825 1632 glorire
1860 1567 2027 1621 nostri

465 1646 762 1701 Salvatoris
794 1647 1118 1715 inviderent,
1148 1661 1203 1704 et
1233 1651 1284 1704 in
1322 1666 1441 1705 eum
1468 1667 1530 1706 os
1555 1652 1873 1709 eﬂ‘renatum
1901 1671 2026 1724 ape-

462 1735 656 1797 rirent,
710 1735 1088 1791 obtrectabant
1130 1738 1396 1806 infelices,
1444 1751 1752 1796 asserentes
1800 1757 1922 1796 eum
1973 1743 2024 1796 in

462 1821 763 1878 Beelzebub
804 1824 1046 1895 principe
1077 1826 1461 1881 daemoniorum
1503 1828 1704 1899 ejicere
1743 1832 2025 1887 daemonia.

466 1913 562 1968 llle
597 1929 748 1981 vero,
787 1916 946 1971 insita
980 1933 1110 1988 erga
1150 1933 1338 1974 omnes
1379 1935 1505 1976 usus
1529 1922 1934 1992 tranquillitate,
1972 1933 2030 1977 ut

443 2016 728 2075 ,errantes,
753 2016 913 2076 atque
941 2008 1041 2078 ipsi
1071 2009 1328 2065 dieaciter
1358 2012 1644 2067 detrahere
1667 2011 1925 2078 volentes,
1961 2014 2030 2069 ad

466 2098 742 2151 meliorem
789 2113 1008 2153 sensum
1064 2115 1127 2155 ac
1169 2102 1454 2157 veritatem
1491 2105 1661 2173 ipsam
1702 2107 2027 2172 traduceret,

462 2187 689 2256 gloriam
724 2196 933 2256 partam
972 2204 1038 2244 ex
1079 2190 1132 2242 vi
1181 2193 1492 2248 conterendi
1534 2193 1788 2249 Satanam
1832 2196 1905 2249 illi
1945 2211 2030 2250 se-

463 2280 698 2333 cundutn
732 2289 977 2334 naturam
1010 2280 1121 2337 Deo
1168 2284 1347 2351 potius
1378 2285 1674 2351 tribuebat,
1723 2287 1776 2341 in
1823 2287 2026 2358 Spirittt

464 2370 557 2424 Dei
611 2371 795 2426 dicens
854 2387 913 2427 se
959 2372 1234 2442 improbos
1295 2375 1516 2444 spiritus
1566 2377 1800 2445 ejicere;
1859 2393 2031 2447 neque

460 2459 696 2528 seipsum
747 2461 1020 2530 abnegans
1058 2459 1223 2516 Deum
1265 2477 1386 2518 esse
1418 2464 1715 2519 secundum
1755 2474 2026 2531 naturam,

462 2560 518 2603 et
563 2550 825 2619 Spiritum
870 2561 1116 2607 sanctum
1185 2554 1460 2624 proprium
1509 2554 1708 2609 habere
1756 2570 2027 2611 asserens.

464 2639 571 2697 Sed
619 2641 744 2710 quia
785 2643 1140 2712 congruebat,
1188 2654 1245 2699 et
1301 2644 1483 2699 divino
1527 2644 1759 2701 artiﬁcio
1808 2645 2027 2717 dignum

462 2741 582 2785 erat
626 2731 1022 2798 parricidarum
1070 2734 1166 2790 iras
1204 2737 1418 2801 cedere,
1450 2746 1505 2792 et
1540 2738 1814 2791 hominum
1848 2736 1938 2807 qui
1976 2738 2029 2791 in

463 2837 531 2878 eo
578 2821 1027 2892 olleudebantur,
1078 2829 1395 2885 occasiones
1443 2829 1771 2898 prwcidet‘e;
1822 2830 2031 2884 adorie-

461 2916 659 2972 bantur
698 2918 865 2983 enim,
900 2919 1142 2975 dicentes
1175 2938 1189 2975 :
1223 2939 1242 2973 ι
1273 2922 1349 2976 De
1384 2923 1524 2977 bono
1553 2938 1715 2991 opere
1759 2939 1862 2977 non
1899 2924 2032 2992 lapi-

2126 466 2313 535 προῖδν
2344 467 2440 535 τῆς
2487 467 2804 538 ἀπορρήτου
2836 468 3051 536 φύσεως
3081 469 3269 533 αὐτοῦ,
3300 471 3394 525 καὶ
3422 474 3703 543 ὀμοούσιον

2125 558 2291 627 αὐτῷ,
2323 559 2416 612 καὶ
2446 559 2544 611 οὐκ
2572 557 2638 611 ἂν
2663 559 2857 631 ἐδεήθη
2891 562 3143 633 καθάπερ
3188 563 3334 627 τινὸς
3372 564 3472 634 τῆς
3505 566 3702 632 ἔξωθέν

2123 664 2183 701 τε
2217 649 2305 701 καὶ
2334 650 2578 720 ὲπακτῆς
2611 650 2893 720 δυνάμεως
2920 651 3021 722 τῆς
3047 654 3177 724 παρ’
3207 655 3371 709 αὐτοῦ
3390 672 3404 687 ·
3439 659 3701 727 χρήσεται

2124 740 2180 792 δὲ
2208 740 2408 810 μᾶλλον
2429 741 2503 804 ὡς
2532 741 2647 811 ἰδίῳ
2675 742 2974 811 Πνεῦματι,
3003 744 3099 797 καὶ
3126 744 3355 816 φοϐερὸν
3380 747 3570 801 ἑαυτὸν
3590 752 3701 813 τοῖς

2125 831 2376 901 δαίμοσιν
2409 834 2680 901 ἀποφανεῖ
2701 832 2767 885 δι’
2795 833 2981 887 αὑτοῦ.
3013 834 3078 889 Εἰ
3111 835 3168 888 δέ
3200 854 3280 888 σοι
3309 837 3457 890 δοκεῖ
3484 838 3593 892 τῶν
3621 843 3698 904 εἰς

2126 923 2443 977 δυσσέϐειαν
2466 924 2826 995 ἐγκλημάτων
2850 926 3172 994 ἀποφαίνειν
3185 930 3555 998 ὴμοιρηκότας
3572 932 3699 996 τοὺς

2127 1016 2550 1085 ἀποτέμνοντας,
2588 1016 2705 1079 πῶς
2738 1018 2871 1086 ἡμῖν
2902 1018 3102 1088 ἀρτίως
3134 1019 3395 1090 ὑϐριστὰς
3416 1022 3699 1092 ὀνομάζεις

2130 1105 2238 1178 Ιῖσ.
2265 1103 2573 1177 ὠνόμαζες]
2617 1106 2844 1174 αὺτούς-ς
2882 1105 3014 1161 Εἶτα
3041 1110 3254 1173 τούτοις
3293 1113 3487 1165 σαυτὸν
3515 1112 3697 1184 ἐναρί-

2129 1201 2285 1271 θμιον
2318 1202 2419 1253 οὐκ
2447 1200 2676 1271 αἰσθάνῃ
2712 1200 2902 1265 ποιῶν,
2940 1202 3097 1273 εἴπερ
3126 1204 3389 1258 ἐνωθέντα
3422 1207 3584 1277 σαρκὶ
3606 1205 3699 1259 τὸν

2128 1293 2192 1345 ἐκ
2224 1291 2358 1344 Θεοῦ
2388 1292 2596 1362 Πατρὸς
2628 1293 2819 1359 Λόγον,
2857 1294 3106 1365 καθάπερ
3136 1294 3231 1349 ἕνα
3272 1297 3392 1349 τινὰ
3426 1297 3536 1349 τῶν
3564 1296 3702 1350 καθ’

2129 1383 2295 1453 ἡμᾶς,
2323 1382 2417 1435 καὶ
2442 1382 2618 1437 κοινὸν
2658 1382 2866 1447 ἀπλῶς,
2887 1384 2984 1455 τῆς
3013 1383 3107 1437 τοῦ
3136 1385 3450 1455 Πνεύματος
3478 1389 3701 1439 ἐπικου-

2131 1479 2252 1550 ρίας
2298 1475 2579 1546 δεδεῆσθαι
2626 1476 2753 1546 φὴς,
2789 1476 2875 1529 ἵνα
2934 1476 3161 1548 φοϐερὸς
3208 1481 3322 1541 τοῖς
3367 1479 3700 1549 ἀκαθάρτοις

2130 1567 2307 1638 ὁρῷτο
2334 1566 2655 1637 πνεύμασιν.
2681 1568 2743 1620 Εἰ
2774 1567 2885 1638 γὰρ
2909 1569 3000 1621 καὶ
3027 1570 3086 1622 ὲν
3115 1568 3389 1639 Πνεῦματι
3421 1571 3554 1624 Θεοῦ
3586 1587 3700 1641 φη-

2133 1681 2218 1717 σιν
2253 1664 2445 1717 ἑαυτὸν
2472 1662 2755 1716 ἐκϐάλλειν
2778 1664 2847 1717 τὰ
2881 1663 3154 1733 δαιμόνια,
3193 1664 3309 1726 πῶς
3333 1665 3431 1717 οὐκ
3464 1664 3571 1717 ἔδει
3604 1661 3702 1715 τοῦ

2130 1756 2286 1825 λόγου
2314 1754 2409 1825 τὴν
2435 1755 2746 1824 οἰκονομίαν
2770 1754 3095 1821 ἀξιάγαστον
3120 1749 3282 1806 οὖσαν
3309 1753 3469 1816 ἰδεῖν;
3501 1754 3563 1806 Οἱ
3598 1753 3701 1822 μὲν

2129 1847 2237 1919 γὰρ
2261 1846 2371 1901 τῶν
2402 1846 2668 1900 Ἰουδαίων
2695 1843 3025 1916 καθηγηταὶ,
3052 1847 3117 1915 τῇ
3145 1844 3237 1897 τοῦ
3261 1845 3511 1914 Σωτῆρος
3541 1840 3704 1913 ἡμῶν

2130 1938 2348 2009 εὐκλείᾳ
2379 1937 2811 2009 διεφθονηκότες,
2842 1937 2936 1989 καὶ
2966 1936 3246 1989 ἀπύλωτον
3283 1937 3369 1988 ἐπ’
3392 1932 3540 2003 αὐτῷ
3570 1933 3709 1986 διοι-

2129 2031 2352 2100 γνύντες
2380 2029 2574 2100 στόμα,
2602 2028 3009 2097 κατεφλυάρουν
3043 2027 3093 2079 οἱ
3122 2026 3366 2087 δείλαιοι,
3396 2024 3708 2091 φάσκοντες

2131 2122 2187 2174 ἐν
2218 2117 2548 2182 Βεελζεϐοὺλ
2586 2118 2806 2190 ἄρχοντι
2840 2114 2950 2168 τῶν
2982 2114 3275 2185 δαιμονίων
3319 2111 3600 2165 ἐκϐάλλειν
3631 2111 3707 2164 τὰ

2130 2210 2400 2279 δαιμόνια.
2441 2210 2497 2262 Ὀ
2529 2209 2586 2261 δὲ
2630 2212 2696 2278 τῇ
2744 2208 2968 2278 ὲμφύτῳ
3002 2206 3138 2278 πρὸς
3187 2204 3431 2267 ἅπαντας
3467 2202 3706 2273 γαληνό-

2131 2319 2251 2372 τητι
2283 2298 2639 2370 κεχρημένος,
2671 2299 2763 2352 καὶ
2796 2296 3055 2366 μεθιστὰς
3080 2300 3203 2358 τοὺς
3230 2293 3705 2363 πεπλανημένους,

2131 2394 2295 2464 ἤγουν
2344 2391 2733 2462 ἀθυροστομεῖν
2776 2388 3058 2451 ἐθέλοντας
3101 2387 3186 2439 ἐπ’
3234 2386 3410 2456 αὐτῷ,
3449 2385 3584 2456 πρὸς
3641 2382 3709 2439 τὸ

2131 2484 2350 2554 ἄμεινόν
2384 2499 2445 2535 τε
2474 2480 2569 2534 καὶ
2596 2479 2815 2549 ἀληθὲς,
2842 2478 2961 2547 Θεῷ
2988 2477 3050 2548 δὴ
3095 2476 3293 2547 μᾶλλον
3327 2474 3404 2545 τῷ
3432 2474 3574 2526 κατὰ.
3603 2472 3705 2541 φιῖ⁴

2134 2595 2236 2640 σιν,
2261 2574 2360 2645 τὴν
2399 2572 2492 2626 ἐπί
2521 2589 2584 2641 γε
2613 2571 2691 2641 τῷ
2716 2571 2974 2624 δύνασθαι
3005 2567 3312 2638 συντρίϐειν
3335 2565 3427 2618 τὸν
3455 2564 3705 2617 Σατανᾶν

2132 2665 2366 2722 ἀνετίθει
2389 2664 2577 2728 δόξαν,
2609 2664 2667 2715 ὲν
2695 2659 2975 2729 Πνεῦματι
3001 2658 3137 2711 Θεοῦ
3174 2658 3348 2726 λέγων
3377 2656 3445 2709 τὰ
3490 2653 3706 2724 πονηρά

2132 2757 2345 2813 διώκειν
2380 2757 2698 2827 πνεύματα’
2732 2755 2824 2807 καὶ
2866 2753 2964 2805 οὐκ
3014 2750 3117 2816 ἔξω
3166 2750 3334 2813 τιθεὶς
3368 2746 3558 2800 ἑαυτὸν
3608 2742 3704 2797 τοῦ

2134 2850 2276 2903 κατὰ
2304 2848 2464 2918 φύσιν
2491 2843 2628 2900 εἶναι
2657 2846 2806 2908 Θεὸν,
2838 2844 2932 2896 καὶ
2965 2843 3094 2895 ἴδιον
3121 2841 3264 2911 ἔχειν
3289 2840 3348 2894 τὸ
3384 2837 3614 2907 Πνεῦμα
3645 2835 3708 2889 τὸ

2136 2941 2309 3008 ἅγιον.
2344 2938 2561 3007 Ἐπειδὴ
2589 2937 2646 2989 δὲ
2671 2932 2738 3006 ἦν
2772 2935 3085 2999 ἀκόλουθον,
3119 2935 3212 2986 καὶ⁸
3249 2930 3589 3001 θεοπρεποῦς
3619 2928 3709 2980 εὐ-

462 3013 651 3067 tlamus
687 3020 757 3075 te,
791 3013 886 3068 sed
939 3016 1003 3067 de
1045 3013 1404 3082 blasphemia,
1442 3015 1569 3082 quia
1617 3023 1670 3068 tu
1715 3015 1875 3069 homo
1904 3031 2023 3070 cum

2135 3028 2542 3100 τεχνὶαςιάξιον,
2569 3028 2666 3089 τὰς
2698 3027 2805 3079 τῶν
2843 3025 3127 3095 φονώντων
3151 3022 3470 3092 ὑποτρέχειν
3504 3018 3707 3090 ὀργὰς,

464 3101 560 3166 sis,
592 3101 726 3155 lacis
770 3103 999 3171 teipsum
1042 3103 1208 3156 Deum
1230 3102 1315 3169 7‘;
1357 3122 1374 3155 ι
1413 3104 1551 3159 hanc
1580 3106 1648 3158 ob
1687 3121 1906 3160 causam
1939 3108 2030 3161 he-

465 3192 627 3261 nigne
679 3192 966 3247 admodum
1020 3194 1085 3247 ad
1143 3197 1419 3249 hominum
1468 3196 1644 3250 adhuc
1696 3197 2031 3251 inﬁrmorum

464 3299 684 3337 sensum
728 3299 789 3339 se
838 3300 1185 3355 componens,
1225 3286 1317 3342 Dei
1350 3286 1609 3356 Spiritum
1644 3289 1839 3357 inquit,
1887 3291 2036 3343 novit

467 3374 609 3427 cnim
646 3378 834 3443 probe,
885 3385 943 3431 ut
969 3376 1079 3444 jam
1111 3378 1242 3442 dixi,
1291 3380 1526 3449 seipsum
1574 3395 1695 3435 esse
1732 3396 1795 3435 ex
1842 3390 2031 3435 natura

470 3464 635 3518 Deum
672 3466 832 3519 simul
878 3481 999 3521 cum
1027 3465 1209 3532 Patre,
1242 3478 1297 3523 et
1342 3469 1523 3523 omnia
1554 3485 1675 3539 quae
1707 3470 1849 3523 illius
1887 3479 2029 3532 sunt,

468 3572 528 3611 se
568 3556 788 3620 habere,
828 3568 1186 3628 praeterquam
1239 3560 1290 3613 itl
1345 3560 1515 3615 solum
1550 3562 1691 3630 quod
1726 3572 1808 3616 est
1852 3561 2031 3615 Pater.

468 3652 658 3719 Itaque
694 3651 856 3706 etiam
894 3652 1107 3707 dicebat
1145 3653 1210 3708 ad
1251 3654 1397 3707 illum
1431 3674 1444 3709 :
1480 3674 1498 3706 ι
1528 3654 1718 3709 Omnia
1764 3669 1903 3717 mea,
1948 3666 2033 3707 tua

469 3751 614 3807 sunt,
649 3752 701 3796 et
739 3730 1003 3817 tua.mea,
1043 3754 1096 3798 et
1126 3744 1455 3813 glorillcatus
1488 3761 1606 3800 sttm
1643 3746 1694 3798 in
1739 3745 1872 3814 ipsis
1894 3746 1977 3811 7‘;
2012 3765 2030 3796 ι

469 3845 525 3889 et
558 3835 624 3888 ad
664 3849 761 3889 nos
794 3836 937 3904 ipsus
979 3853 1098 3889 cum
1129 3837 1194 3891 de
1228 3836 1429 3907 Spiritu
1471 3845 1659 3891 sancto
1687 3838 1849 3892 verba
1887 3836 2034 3890 facc-

471 3937 553 3981 ret
584 3945 597 3981 :
638 3946 657 3979 ι
686 3926 901 3991 Omnia,
936 3928 1133 3997 inquit,
1160 3944 1277 3997 qua:
1307 3930 1469 3984 habet
1498 3929 1682 3992 Pater,
1719 3945 1834 3984 mea
1861 3939 1987 3983 sunt
2019 3949 2031 3982 :

470 4027 753 4087 propterea
787 4018 897 4072 dixi
935 4021 1085 4073 vobis
1118 4020 1243 4088 quia
1289 4019 1356 4074 de
1401 4035 1522 4074 meo
1549 4021 1796 4089 accipiet,
1850 4030 1904 4075 et
1949 4036 2038 4073 an-

468 4110 738 4165 nuntiabit
765 4109 916 4165 vobis
935 4110 1003 4165 ".
1038 4130 1056 4161 ι
1090 4109 1159 4164 Ut
1187 4111 1330 4165 enim
1364 4112 1603 4180 procedit
1633 4125 1698 4165 ex
1730 4110 1890 4165 Patre
1915 4110 2038 4178 Spi-

470 4205 603 4259 ritus
652 4213 892 4267 sanctns,
936 4218 1055 4257 cum
1106 4204 1176 4256 ait
1214 4204 1384 4271 ipsius
1414 4204 1709 4258 secundum
1762 4212 2033 4268 naturam,

469 4297 658 4350 eodem
691 4310 905 4364 quoque
930 4295 1086 4349 modo
1111 4310 1207 4364 per
1232 4297 1402 4364 ipsum
1432 4295 1648 4360 Filium,
1680 4310 1798 4349 cum
1826 4296 1895 4350 sit
1916 4296 2035 4365 eius

2137 3122 2230 3177 καὶ
2266 3122 2360 3184 τὰς
2393 3122 2500 3174 τῶν
2531 3118 2614 3172 ἐπ’
2636 3116 2785 3187 αὐτῴ
2817 3114 3313 3185 σκανδαλιζομένων
3356 3109 3711 3180 περικόπτειν

2134 3213 2421 3283 ἀφορμάς·
2459 3208 2755 3278 ἐπεφύοντο
2808 3208 2917 3279 γὰρ
2974 3206 3255 3274 λέγοντες·
3302 3222 3321 3253 ί
3351 3202 3486 3271 Περὶ
3534 3194 3708 3251 καλοῦ

2136 3306 2297 3377 ἔργον
2326 3304 2384 3357 οὺ
2420 3300 2708 3372 λιθάζομέν
2744 3317 2824 3364 σε,
2867 3298 3001 3353 ἀλλὰ
3048 3297 3172 3367 περὶ
3211 3291 3557 3365 βλασφημίας
3579 3307 3593 3320 ·
3627 3291 3711 3342 ὅτι

2139 3399 2221 3462 σὺ,
2248 3396 2342 3450 ἄνθ
2353 3412 2526 3466 ρωπος
2548 3393 2643 3456 ὢν,
2669 3393 2837 3455 ποιεῖς
2865 3390 3087 3444 σεαυτὸν
3108 3389 3259 3440 Θεόν·
3275 3406 3294 3437 ι
3312 3384 3481 3453 ταύτῃ
3507 3399 3592 3436 τοι
3617 3383 3714 3435 καὶ

2138 3488 2274 3557 ἄγαν
2300 3487 2549 3550 ἀστείως,
2578 3488 2690 3548 τοῖς
2720 3480 3036 3537 ἀσθενοῦσιν
3061 3480 3139 3533 ἔτι
3175 3476 3711 3547 συγκαθιστάμενος,

2136 3576 2270 3629 Θεοῦ
2293 3576 2354 3628 τὸ
2376 3572 2593 3644 πνεῦμά
2618 3590 2779 3642 φησιν
2797 3590 2810 3602 ’
2840 3570 2947 3624 οἶδε
2979 3570 3088 3641 γὰρ
3112 3566 3270 3630 οἶδεν,
3293 3569 3367 3631 ὼς
3396 3567 3550 3636 ἔφην,
3582 3568 3711 3618 ἑαν-

2136 3670 2230 3723 τὸν
2282 3668 2412 3722 ὄντα
2460 3666 2618 3736 φύσει
2676 3665 2807 3717 Θεὸν
2854 3662 2991 3733 ὁμοῦ
3040 3660 3117 3730 τῷ
3173 3660 3568 3729 γεγεννηκότι,
3616 3656 3715 3710 καὶ

2138 3762 2315 3816 πάντα
2354 3759 2545 3830 ἔχοντα
2577 3757 2760 3821 αὐτοῦ,
2806 3755 2926 3825 δίχα
2975 3754 3135 3824 μόνον
3172 3752 3266 3804 τοῦ
3311 3747 3446 3803 εἶναι
3490 3748 3708 3818 Πατήρ.

2137 3856 2428 3923 Τοιγάρτοι
2468 3852 2563 3904 καὶ
2595 3850 2799 3918 ἔφασκε
2858 3848 2992 3918 πρὸς
3027 3846 3217 3905 αὐτὸν,
3260 3863 3278 3897 ι
3310 3846 3390 3897 ὅτι
3426 3843 3614 3895 Πάντα
3643 3838 3717 3893 τὰ

2138 3946 2266 4017 ὲμά,
2294 3944 2363 3998 σά
2390 3946 2528 4005 ἐστι,
2563 3942 2653 3995 καὶ
2681 3939 2750 3992 τὰ
2778 3938 2863 4001 σὰ,
2892 3937 3027 4007 ἐμά’
3055 3936 3146 3997 καὶ
3170 3934 3493 4002 δεδόξασμαι
3523 3933 3583 3984 ὲν
3617 3931 3717 3982 αὺ-

2136 4041 2267 4100 τοῖς.
2299 4054 2317 4087 ι
2364 4036 2469 4087 Καὶ
2510 4033 2645 4104 πρός
2691 4047 2754 4098 γε
2799 4030 2945 4099 ἡμᾶς
2986 4027 3177 4088 αὐτοὺς
3229 4024 3355 4093 περὶ
3400 4021 3495 4075 τοῦ
3550 4020 3718 4088 ἁγίου

2140 4125 2455 4195 Πνεῦματος
2485 4124 2609 4184 τοὺς
2636 4121 2825 4187 λόγους
2856 4116 3191 4186 ποιούμενος,
3231 4132 3248 4164 ι
3281 4114 3486 4174 Πάντα,
3518 4110 3718 4180 φησὶν,

2138 4218 2238 4269 ὅσα
2268 4214 2377 4284 ἔχει
2413 4215 2441 4264 ὁ
2487 4211 2691 4281 Πατὴρ,
2730 4209 2838 4278 ἐμὰ
2866 4212 3014 4259 ἐστι·
3046 4206 3131 4258 διὰ
3164 4205 3319 4257 τοῦτο
3354 4198 3506 4255 εἶπον
3548 4201 3719 4269 ὑμῖν,

2139 4309 2220 4361 ὅτι
2248 4308 2312 4358 ὲκ
2341 4302 2434 4356 τοῦ
2466 4301 2597 4372 ἐμοῦ
2640 4300 2868 4370 λήψεται
2895 4299 2987 4351 καὶ
3032 4296 3319 4363 ἀναγγελεῖ
3349 4296 3495 4363 ὑμῖν.
3526 4313 3545 4343 ›
3580 4293 3725 4343 ’Ὡσ-

471 4386 815 4449 naturaliter,
849 4385 1060 4454 ipsique
1090 4386 1586 4439 censubstantialis.
1622 4386 1761 4453 Ergo
1787 4389 2031 4454 quamvis

2142 4415 2247 4468 περ
2275 4397 2383 4466 γὰρ
2413 4394 2655 4467 πρόεισιν
2686 4396 2748 4445 ἐκ
2779 4391 2868 4444 τοῦ
2895 4391 3105 4461 Πατρός
3134 4390 3193 4441 τὸ
3224 4388 3446 4454 Πνεῦμα
3470 4386 3531 4437 τὸ
3555 4384 3722 4451 ἅγιον

470 4493 567 4546 per
598 4475 859 4545 Spiritum
884 4475 1243 4546 gloriﬁcatur,
1276 4477 1390 4545 ipse
1440 4487 1619 4530 tamen
1648 4476 1881 4546 seipsqu
1914 4485 2036 4531 tan—

471 4584 630 4636 quam
669 4583 765 4637 per
803 4569 1076 4638 proprium
1133 4566 1391 4637 Spiritqu
1431 4568 1737 4635 gloriﬁcare
1786 4566 2040 4637 intelligi-

476 4670 599 4721 tur;
633 4674 807 4726 neque
848 4674 911 4713 ea
967 4675 1054 4715 res
1090 4659 1160 4713 illi
1206 4660 1544 4714 extrinsecus
1595 4658 1833 4724 advenit,
1876 4659 2036 4711 etiam

473 4746 518 4799 si
554 4745 727 4799 iactus
766 4747 925 4799 homo
956 4748 1126 4801 nostri
1154 4749 1350 4802 similis
1376 4749 1641 4802 videatur.
1671 4748 2038 4803 Periculosum

475 4846 558 4891 est
586 4843 764 4890 autem
792 4837 858 4888 ad
893 4838 994 4890 hoc
1019 4839 1180 4890 etiam
1220 4839 1349 4892 illud
1385 4840 1565 4909 dicere
1592 4840 1657 4893 de
1693 4849 1884 4894 sancto
1916 4839 2036 4908 Spi-

478 4929 604 4994 ritu,
636 4933 727 4997 qnl
756 4943 975 4982 carnem
1011 4929 1179 4997 ipsius
1208 4928 1385 4984 ell'ecit
1420 4931 1673 4997 templum
1706 4949 1718 4984 :
1755 4940 1873 4986 erat
1896 4933 2038 4985 enim

476 5036 604 5075 caro
634 5018 850 5088 propria
879 5017 1061 5080 Verbi,
1116 5019 1275 5088 idque
1307 5020 1466 5089 paulo
1496 5031 1621 5073 ante
1670 5022 1786 5090 ipse
1830 5023 2044 5077 confes—

478 5127 568 5165 sus
607 5125 701 5177 es;
742 5111 909 5179 ipsius
953 5111 1095 5163 enim
1144 5126 1265 5165 esse
1313 5111 1700 5165 humanitatem
1744 5113 1950 5177 dixisti,
1988 5123 2043 5167 et

480 5203 735 5272 templum
769 5203 935 5271 ipsius
963 5202 1061 5256 fuit
1094 5214 1341 5257 sanctum
1374 5203 1497 5256 illud
1534 5219 1731 5272 corpus
1756 5220 1819 5259 ex
1853 5216 2042 5260 saneta

482 5293 700 5363 Virgine
745 5304 1038 5364 sumptum.
1076 5295 1234 5366 103
1258 5294 1513 5365 Proprius
1554 5297 1681 5350 item
1734 5297 1906 5364 ipsius
1957 5298 2045 5349 ille

480 5387 598 5454 t-jus
626 5385 879 5455 Spiritus,
913 5404 1085 5458 neque
1112 5404 1347 5456 unquam
1384 5388 1510 5442 illud
1542 5389 1632 5444 Dei
1669 5387 1901 5443 Verbum
1930 5390 2045 5441 sine

482 5496 579 5536 suo
611 5481 816 5548 Spiritu
854 5482 1184 5552 intelligitur.
1222 5481 1445 5535 Pl‘tt'slill
1475 5483 1634 5551 igitur
1659 5500 1720 5536 ac
1750 5481 2044 5548 sapientius

553 5657 597 5689 ⁷⁸
633 5655 785 5712 Joan.
827 5672 877 5716 κ,
924 5655 1007 5707 3'5.
1045 5657 1086 5683 ⁷⁸
1124 5655 1274 5709 Juan.
1318 5672 1446 5721 xm,
1492 5656 1569 5708 IO.

2141 4489 2303 4543 αὐτοῦ
2331 4486 2470 4540 κατὰ
2503 4484 2661 4553 φύσιν
2691 4483 2960 4553 ὑπάρχονο
2989 4482 3083 4534 καὶ
3113 4479 3255 4533 κατά
3279 4478 3370 4532 τὸν
3396 4479 3509 4530 ἴσον
3534 4475 3674 4528 τοῦτ
3696 4496 3723 4541 ρ

2138 4581 2338 4652 τρόπον
2376 4578 2469 4631 καὶ
2499 4577 2563 4629 δι’
2604 4574 2768 4628 αὑτοῦ
2806 4574 2898 4626 τοῦ
2934 4572 3086 4634 Υίοῦ,
3135 4570 3376 4638 φυσικῶς
3421 4569 3479 4621 ὃν
3517 4567 3722 4630 αὐτοῦ,

2142 4670 2234 4724 καὶ
2262 4667 2543 4739 ὀμοούσιον
2593 4665 2759 4735 αὐτῷ.
2787 4662 2993 4717 Οὐκοῦν
3023 4661 3124 4715 κᾶν
3162 4660 3449 4729 δοξάζηται
3489 4659 3577 4711 διὰ
3623 4657 3729 4709 τοῦ

2143 4760 2489 4829 Πνεύματος,
2530 4755 2690 4817 αὐτὸς
2741 4753 2947 4816 ἑαυτὸν,
2985 4752 3059 4814 ὡς
3106 4751 3173 4803 δι’
3218 4750 3346 4802 ἰδίου
3394 4748 3730 4819 ΙΙνεύματος

2142 4854 2339 4905 νοεῖται
2362 4846 2618 4912 δοξάζων,
2646 4845 2737 4898 καὶ
2763 4846 2858 4914 οὐχ
2886 4844 2959 4906 ὡς
2985 4842 3214 4913 θύραθεν
3237 4842 3296 4894 τὸ
3324 4843 3514 4911 χρῆμα
3543 4839 3727 4908 αὐτῷ,

2146 4939 2250 4993 κᾶν
2283 4941 2331 4992 εἰ
2363 4938 2535 5008 ὁρῷτο
2584 4934 2827 5003 γεγονὼς
2859 4932 3141 5002 ἄνθρωπος
3189 4932 3314 4983 καθ’
3342 4932 3508 5000 ἡμᾶς.
3555 4929 3727 4981 Ἀνα·

2150 5030 2370 5097 σφαλεὶς
2405 5028 2515 5099 [ἷσ.
2557 5024 2906 5096 Ἀνασφαλὲς]
2942 5024 2996 5076 δὲ
3025 5024 3157 5094 πρὸς
3186 5022 3357 5092 τούτῳ
3388 5024 3621 5075 κάκεῖνο
3654 5023 3731 5073 εἰ·

2147 5123 2265 5172 πεῖν
2296 5118 2422 5187 περὶ
2454 5116 2544 5169 τοῦ
2578 5115 2922 5183 Πνεῦματος,
2963 5114 3043 5177 τὸ,
3075 5113 3172 5183 τὴν
3202 5113 3379 5183 σάρκα
3407 5114 3505 5183 τὴν
3553 5110 3737 5165 αὑτοῖ⁹

2146 5208 2509 5278 πεποιημένον
2549 5206 2706 5258 ναόνο
2751 5201 2818 5273 ἦν
2866 5205 2963 5273 μὲν
2992 5203 3096 5274 γὰρ
3122 5205 3153 5273 ἡ
3184 5202 3318 5273 σὰρξ
3347 5202 3451 5255 ἰδία
3489 5202 3593 5257 τοῦ
3626 5203 3735 5255 Λό-

2149 5315 2265 5365 γου,
2303 5298 2397 5349 καὶ
2442 5295 2598 5349 τοῦτο
2642 5297 2771 5365 ἡμῖν
2819 5294 3018 5365 ἀρτίως
3056 5293 3468 5364 διωμολόγηκας
3516 5294 3740 5355 αὐτὸς*

2149 5386 2311 5439 αὑτοῦ
2356 5387 2463 5455 γὰρ
2508 5386 2639 5456 ἔφης
2673 5382 2939 5455 εἶναιτὴν
2990 5384 3414 5454 ἀνθρωπότητα,
3449 5385 3547 5437 καὶ
3605 5385 3741 5447 ναὸς

2149 5476 2307 5529 αὐτοῦ
2346 5478 2745 5547 κεχρημάτικεν
2792 5476 2848 5529 τὸ
2884 5478 2948 5530 ὲκ
2982 5477 3076 5546 τῆς
3106 5475 3263 5543 ἁγίας
3315 5475 3606 5545 Παρθένου
3643 5475 3746 5548 λη-

1648 5656 1691 5684 "
1729 5653 1878 5709 Juull.
1921 5668 2029 5719 χιι,
2062 5652 2143 5705 l5.
