4014 6128
299 286 393 342 135
1331 275 1706 332 ADVERSUS
1735 273 2139 332 NESTOBJUM
2178 275 2302 330 LIB.
2345 276 2434 333 IV.

3449 283 3549 340 l86

307 391 436 461 φυὲν
476 391 630 460 ἅγιον
677 391 859 462 σῶμα·
894 391 1024 444 ἴδιον
1055 389 1113 444 δὲ
1153 389 1310 444 πάλιν
1351 391 1516 446 αὐτοῦ
1560 393 1620 446 τὸ
1661 395 1867 464 Πνεῦμα

1983 403 2064 447 est
2099 393 2301 458 dicere,
2355 407 2552 462 corpus
2593 393 2808 462 quidem
2846 394 3102 464 templum
3135 409 3256 450 esse
3287 397 3446 452 Verbi
3494 410 3548 454 et

305 481 504 545 αὑτοῦ,
553 483 646 535 καὶ
693 482 790 535 οὐκ
841 481 905 534 ἂν
939 483 1111 533 νοοῖτο
1150 480 1367 534 πώποτε
1423 481 1544 552 δίχα
1599 483 1692 536 τοῦ
1747 485 1876 536 ἰδίου

307 571 616 642 Πνεύματος
643 575 671 626 6
711 575 774 626 ἐκ
811 571 944 626 θεοῦ
999 572 1212 642 Πατρός
1249 572 1440 641 Λόγος.
1471 574 1729 643 ’Λμεινον
1782 570 1876 628 οὖν

303 665 408 733 ἄρα
447 666 538 718 καὶ
582 663 906 732 σοφώτερον,
955 665 1080 718 ναὸν
1119 664 1217 734 μὲν
1263 663 1357 717 τοῦ
1407 665 1579 732 Λόγου
1614 665 1673 717 τὸ
1718 665 1877 735 σῶμα

302 754 499 822 λέγειν,
529 755 624 808 καὶ
660 755 794 808 ἰδίαν
828 753 994 807 αὑτοῦ
1027 754 1123 825 τὴν
1149 753 1329 824 σάρκα
1349 769 1362 784 ·
1395 755 1670 806 πιστεύειν
1709 754 1764 807 δὲ
1793 757 1875 808 ὅτι

307 847 546 900 σύνεστιν
591 847 678 898 ἀεὶ
715 845 792 918 τῷ
823 847 983 914 Λόγῳ
1013 847 1073 898 τὸ
1125 843 1348 915 Πνεῦμα
1386 844 1570 909 αὐτοῦ,
1623 844 1876 916 καθάπερ

304 937 491 1009 ἀμέλει
537 938 627 992 καὶ
659 935 806 1007 αὐτῷ
833 935 911 1008 τῷ
947 937 1140 1008 Πατρί.
1169 937 1282 989 Οὐκ
1316 936 1614 1006 ἀμώμητον
1645 936 1701 988 δὲ
1740 937 1874 1007 πρὸς

301 1027 467 1096 τούτῳ
518 1028 684 1098 φαίην
725 1027 813 1094 ἂν,
853 1027 934 1091 τὸ,
976 1027 1051 1089 ὡς
1094 1026 1182 1077 ἐπ’
1225 1023 1510 1094 ἀνθρώπου
1558 1024 1736 1078 κοινοῦ
1775 1025 1873 1096 τὴν

299 1120 563 1190 ἀνάληψιν
609 1119 759 1189 αὐτῷ
785 1119 885 1188 τὴν
917 1120 995 1181 είς
1047 1117 1273 1190 οὐρανὸν
1320 1115 1657 1188 δεδωρῆσθαι
1691 1116 1873 1185 λέγειν

299 1211 445 1282 παρὰ
471 1209 567 1264 τοῦ
611 1211 960 1280 Πνεύματος·
994 1207 1310 1272 ἐπιλέκτους
1353 1207 1450 1278 μὲν
1487 1209 1593 1278 γὰρ
1639 1208 1874 1260 ἐποιεῖτο

295 1305 418 1366 τοὺς
449 1301 698 1374 μαθητὰς
725 1302 812 1355 διὰ
844 1299 938 1354 τοῦ
987 1301 1144 1368 άγίου
1195 1300 1511 1368 Πνεῦματος
1531 1338 1546 1362 ,
1597 1299 1869 1372 ἀνελήφθη

294 1413 356 1466 γε
391 1397 498 1467 μὴν
525 1396 601 1460 ὡς
625 1395 756 1458 Θεός
773 1412 788 1428 ·
815 1393 913 1465 οὐχ
943 1394 1016 1458 ὡς
1049 1394 1178 1464 παρ’
1207 1393 1394 1463 ἑτέρου
1421 1392 1570 1445 δοτδν
1597 1391 1658 1445 τὸ
1684 1392 1872 1462 χρῆμα

293 1485 474 1540 λαϐών
499 1501 514 1514 ·
571 1486 733 1550 αὐτὸς
781 1485 837 1538 δὲ
875 1485 938 1556 δὴ
979 1485 1177 1556 μᾶλλον
1230 1483 1556 1557 πρωτόλειον
1589 1483 1778 1554 ὥσπερ
1819 1501 1872 1536 τι

291 1578 390 1648 τῆς
442 1576 792 1648 ἀνθρωπίνης
837 1577 1050 1645 φύσεως
1093 1575 1492 1644 ἀνανεωθείσης
1532 1577 1610 1638 εἰς
1654 1575 1868 1648 63:019-

295 1672 420 1726 σίαν
455 1670 590 1740 (εδ),
615 1669 926 1740 ὲμφανίσων
956 1669 1146 1721 ἑαυτὸν
1176 1666 1252 1738 τῷ
1279 1666 1396 1736 Θεῷ
1423 1667 1518 1719 καὶ
1549 1667 1744 1736 Πατρὶ,
1779 1667 1870 1719 καὶ

1979 483 2246 551 propriam
2291 483 2456 552 ipsius
2499 499 2715 538 carnem
2749 500 2763 538 :
2805 485 3030 540 credere
3071 486 3198 538 item
3234 487 3332 554 ipsi
3371 487 3548 544 Verho

1975 587 2189 639 semper
2237 575 2437 626 'adesse
2489 572 2747 642 Spiritum
2793 573 2984 642 ipsius,
3030 583 3086 628 ut
3142 577 3303 630 etiam
3363 581 3547 646 procul

1977 661 2143 716 dubio
2189 661 2358 716 Patri.
2413 664 2491 716 Ad
2539 665 2651 718 inec
2701 681 2874 734 neque
2917 665 3047 719 illud
3096 667 3306 730 quidem
3352 683 3548 721 vacare

1976 752 2129 820 culpa
2168 753 2420 817 dixerim,
2467 756 2611 822 quod
2649 763 2902 823 tanquam
2957 757 3024 810 de
3057 757 3329 810 communi
3363 757 3546 824 vulga-

1977 843 2133 910 rique
2157 843 2372 898 homine
2388 845 2484 909 ait,
2512 847 2939 913 assumptionem
2963 847 3013 898 in
3039 849 3233 900 caelum
3259 848 3358 916 ipsi
3379 847 3544 902 fuisse

1976 933 2116 988 dono
2144 936 2322 988 datam
2353 951 2382 990 a
2421 936 2626 1004 Spiritu
2663 955 2676 990 :
2711 953 2832 990 nam
2863 939 3024 1008 elegit
3055 939 3271 1008 quidem
3302 940 3545 1010 discipu-

1976 1022 2056 1078 los
2088 1039 2183 1092 per
2223 1023 2486 1093 Spiritum
2523 1036 2772 1080 sanctum
2795 1027 2864 1090 ⁷⁷,
2909 1028 3002 1081 sed
3033 1039 3346 1097 assumptus
3375 1037 3455 1083 est
3487 1037 3547 1083 ut

1975 1113 2138 1178 Deus,
2168 1130 2273 1168 non
2303 1117 2456 1184 ιιιιᾶδί
2503 1132 2621 1170 eam
2661 1132 2772 1170 rem
2803 1117 2870 1169 ab
2894 1117 2999 1170 alio
3031 1119 3210 1171 datam
3255 1121 3541 1188 acceperit,

1973 1207 2066 1260 sed
2098 1213 2156 1258 ut
2185 1203 2297 1274 ipse
2338 1205 2516 1274 potius
2548 1205 2706 1260 veluti
2737 1205 2990 1276 primitiae
3015 1209 3259 1276 quaedam
3293 1209 3544 1264 humanas

1973 1307 2179 1352 natura:
2211 1298 2262 1350 in
2299 1297 2758 1365 incorruptionem
2789 1308 3055 1353 renovata:
3093 1301 3330 1369 seipsum
3363 1310 3544 1355 osten-

1972 1388 2122 1442 deret
2166 1388 2272 1442 Deo
2303 1400 2356 1443 et
2391 1388 2556 1452 Patri,
2601 1400 2653 1442 et
2701 1391 2856 1444 inibis
2885 1390 3124 1443 initiaret
3161 1391 3300 1444 viam
3345 1407 3542 1445 novam

1971 1490 2023 1533 et
2079 1481 2384 1546 viventem,
2445 1481 2834 1550 ingredientem
2903 1482 2954 1535 iu
3014 1483 3267 1535 interiora
3320 1484 3544 1536 Velami-

1972 1573 2057 1627 nis
2077 1572 2150 1638 ⁷³,
2178 1591 2196 1624 ι
2230 1588 2337 1642 quo
2372 1587 2674 1642 przrcursor
2697 1587 2793 1640 pro
2821 1571 2972 1625 nobis
3013 1571 3289 1642 ingressus
3313 1587 3436 1626 esse
3465 1575 3544 1625 di-
3599 1599 3607 1604 -

1973 1666 2150 1730 citur,
2197 1661 2492 1718 secundum
2555 1661 2799 1717 ordinem
2855 1661 3244 1716 Melchisedech
3294 1662 3538 1732 pnntilex

291 1764 426 1834 ἡμῖν
454 1759 773 1828 ἐγκαινίζων
797 1761 915 1814 ὁδὸν
945 1759 1256 1831 πρόσφατον
1281 1759 1375 1811 καὶ
1406 1755 1609 1823 ζῶσαν,
1639 1756 1733 1808 καὶ
1763 1758 1867 1808 εἰσ-

1974 1755 2149 1809 l'actus
2193 1755 2244 1808 itt
2295 1765 2556 1808 aeternum
2579 1754 2646 1806 τ’.
2681 1773 2701 1806 ι
2753 1753 2809 1808 In
2857 1755 3133 1822 superiora
3176 1763 3356 1806 autem
3390 1756 3540 1809 eunti

290 1851 590 1922 ερχομένην
627 1852 705 1914 εἰς
749 1849 809 1904 τὸ
867 1849 1134 1919 ἐσώτερον
1191 1848 1284 1900 τοῦ
1338 1845 1868 1916 καταπετάσματος,

295 1965 312 1994 ι
339 1944 471 1996 ὅπου
503 1942 809 2014 πρόδρομος
832 1941 969 2011 ὑπὲρ
993 1940 1149 2011 ἡμῶν
1173 1939 1432 1993 εἰσελθεῖν
1459 1939 1697 2008 λέγεται,
1729 1936 1872 1991 κατὰ

286 2035 386 2104 τὴν
414 2034 568 2098 τάξιν
597 2033 928 2102 Μελχισεδὲκ
967 2032 1256 2102 ἀρχιερεὺς
1293 2031 1584 2100 γενόμενος
1613 2030 1693 2092 είς
1738 2029 1867 2092 τοὺς

287 2126 512 2188 αἰῶνας.
539 2145 558 2176 ι
589 2125 713 2178 Ὅτι
740 2124 798 2177 δὲ
829 2123 962 2194 πρὸς
990 2123 1059 2176 τὰ
1086 2121 1196 2176 ἄνω
1229 2121 1492 2193 βαδίζοντι
1517 2119 1595 2190 τῷ
1622 2118 1866 2191 Χριστῷ,

287 2217 457 2271 πάλιν
484 2217 786 2286 ἐνυπῆρχεν
809 2215 882 2278 ὼς
912 2214 1042 2267 ἴδιον
1069 2213 1232 2268 αὑτοῦ
1263 2213 1322 2265 τὸ
1345 2212 1571 2279 Πνεῦμα
1601 2211 1661 2265 τὸ
1689 2211 1868 2280 ἅγιον,

285 2306 388 2358 οὐκ
427 2305 491 2357 ἂν
524 2302 812 2357 ἐνδοιάσειέ
845 2319 948 2366 τις.
976 2302 1100 2366 Πῶς
1131 2299 1224 2355 οὖν
1259 2301 1322 2353 οὐ
1366 2301 1561 2364 δέδιας,
1591 2301 1710 2354 εἰπέ
1756 2317 1866 2370 μοι,

285 2396 465 2464 λέγειν
483 2394 711 2448 οεΤοῦ-εο
735 2393 800 2466 δὴ
825 2394 884 2447 τὸ
908 2393 1238 2464 τηλικαύτην
1261 2391 1480 2463 Χριστῴ
1503 2392 1870 2464 χαρισάμενον

285 2482 724 2556 δόξαν,Χριστοῦ
754 2486 1220 2550 κατασκευάζουσι
1249 2484 1486 2539 δοῦλον.)
1521 2487 1582 2538 Οἱ
1619 2485 1716 2553 μὲν
1752 2481 1872 2538 δοῦ-

287 2577 384 2629 λον
417 2578 545 2630 αὐτὸ
571 2577 1072 2642 κατασκευάζοντες
1109 2576 1202 2629 τοῦ
1231 2575 1489 2646 Χριστοῦ,
1521 2573 1869 2629 δυσσεϐοῦσιν

286 2665 760 2736 ὁμολογουμένως,
785 2665 878 2717 καὶ
907 2665 1068 2716 αὐτὸν
1098 2661 1426 2732 ἀτιμάζουσι
1465 2661 1556 2714 τὸν
1586 2658 1870 2729 ὁμοούσιον

286 2757 446 2828 αὐοῷ
491 2755 611 2826 Θεῷ
655 2755 847 2823 Λόγον,
889 2757 1000 2817 τοῖς
1031 2751 1422 2823 δουλοπρεπέσι
1457 2750 1868 2822 περιϐάλλοντες

287 2846 518 2916 μέτροις
559 2843 622 2897 τὸ
655 2843 786 2914 παρ’
812 2841 976 2897 αὐτοῦ
1018 2859 1078 2894 τε
1131 2843 1224 2894 καὶ
1263 2841 1320 2893 ἐν
1346 2839 1492 2910 αὐτῷ
1519 2843 1659 2896 κατὰ
1687 2840 1865 2910 φύσιν,

283 2937 382 2992 καὶ
425 2935 557 2989 ἴδιον
590 2934 786 2990 αὑτοῦ·
817 2935 876 2988 τὸ
902 2934 956 2987 δὲ
1005 2933 1322 3004 κεχαρίσθαι
1366 2931 1541 3002 λέγειν
1580 2933 1729 3004 αὐτῷ
1769 2933 1868 3006 τὴν

281 3027 443 3092 δῦξαν
467 3027 616 3096 παρά
638 3026 732 3078 τοῦ
757 3025 1088 3096 [πνεύματοες
1107 3024 1428 3095 ἀδελτηρίας
1451 3025 1566 3077 ἐστὶ
1589 3025 1690 3095 τῆς
1709 3025 1870 3096 ἐσκά·

280 3135 381 3190 της
413 3115 689 3182 ἀπόδειξις
720 3119 968 3188 ἐναργής.
1006 3117 1137 3186 Εἰκῆ
1166 3117 1222 3168 δὲ
1250 3115 1431 3187 άλώσῃ
1459 3115 1864 3187 πεφλυαρηκὼς

283 3212 340 3264 ὲν
367 3209 566 3278 τούτῳ,
611 3209 706 3262 καὶ
737 3209 798 3260 τὸ
827 3207 912 3261 ἐπ’
936 3206 1084 3277 αὐτῷ
1117 3209 1414 3279 μυστήριον
1445 3209 1506 3261 οὑ
1555 3207 1826 3279 νενοηκὼς
1846 3227 1860 3238 ·

287 3302 490 3371 μᾶλλον
511 3302 566 3356 δὲ
585 3300 766 3372 σαυτῷ
787 3302 880 3354 καὶ
902 3299 1110 3370 φρονῶ-ν)
1136 3300 1228 3353 καὶ
1257 3299 1429 3368 λέγων
1452 3300 1520 3353 τὰ
1541 3301 1778 3354 ἐναντία.
1799 3301 1864 3354 Et

283 3395 388 3465 γὰρ
439 3393 810 3454 πεπίστευκας
837 3393 916 3445 ὃτι
951 3391 1084 3454 Θεὸς
1117 3389 1192 3444 ὢν
1222 3394 1250 3444 ὀ
1281 3392 1448 3459 Λόγος
1479 3391 1667 3459 γέγονε
1699 3390 1862 3460 σάρξ·

282 3485 452 3539 αὑτοῦ
487 3485 596 3556 γὰρ
627 3483 764 3554 ἔφης
793 3478 932 3558 εἶναι
959 3483 1058 3554 τὴν
1091 3483 1517 3553 ἁνθρωπότητα·
1546 3482 1598 3535 τί
1632 3483 1724 3536 τὸν
1763 3483 1866 3551 τῆς

282 3577 438 3646 δόξης
475 3575 701 3646 Κύριον,
729 3575 802 3636 ὡς
837 3575 936 3627 οὒκ
968 3575 1160 3644 ἔχοντα
1189 3573 1348 3638 δόξαν
1383 3573 1542 3637 ἰδίαν,
1582 3575 1679 3644 τῆς
1712 3573 1866 3643 παρὰ

281 3667 373 3720 τοῦ
408 3667 724 3737 Πνεῦμα-ξος
755 3665 1038 3736 δεδεῆσθαι
1073 3666 1210 3736 φὴς,
1255 3665 1350 3718 καὶ
1388 3667 1446 3716 ὲν
1485 3667 1597 3728 τοῖς
1627 3666 1725 3735 τῆς
1753 3665 1868 3717 κτί-

283 3775 420 3821 σεως
463 3756 796 3828 καταλογίζῃ
834 3756 1072 3827 μέτροις,
1165 3757 1340 3810 πάντα
1369 3756 1518 3808 ἐστὶν
1552 3754 1754 3818 ἔξωθεν
1799 3755 1866 3808 τὰ

284 3845 392 3918 [ἴον.
422 3846 626 3911 ἔξωθέν
652 3845 737 3916 τε]
773 3847 865 3898 καὶ
893 3845 1053 3912 δοτά;
1087 3863 1105 3894 ι
1138 3846 1201 3898 Τί
1233 3845 1342 3916 γὰρ
1377 3845 1544 3916 ἔχεις,
1567 3844 1597 3897 ὃ
1621 3845 1722 3898 οὐκ
1746 3843 1868 3898 ἕλα-

281 3939 396 4002 6ες,
425 3957 450 3990 ι
479 3941 679 4007 πρέποι
703 3937 767 3990 ἂν
791 3936 1020 3990 ἀκοῦσαι
1043 3939 1107 4008 τῇ
1131 3937 1327 3990 κτίσει.
1356 3935 1517 3988 Ἀλλὰ
1541 3935 1650 4000 ναὶ,
1681 3937 1864 4004 φησὶν,

281 4031 524 4101 εὖρίσκω
551 4030 779 4096 λέγοντα
822 4029 912 4082 τὸν
949 4028 1320 4100 Ἐμμανουήλ·
1350 4047 1370 4080 ι
1408 4027 1616 4098 Πάτερ,
1645 4027 1868 4094 δόξασόν

282 4141 375 4176 σου
411 4123 504 4178 τὸν
539 4124 688 4176 Υίόν.
719 4143 736 4174 ι
772 4121 1002 4186 Οὐκοῦν,
1037 4121 1320 4194 προστίθει
1359 4120 1420 4174 τὸ
1461 4121 1670 4174 λεῖπον·
1710 4120 1868 4174 τοῦτο

282 4213 336 4266 δέ
365 4216 535 4276 ἐστιν,
573 4233 590 4266 ι
621 4213 739 4268 Ἵνα
777 4215 870 4267 καὶ
897 4216 924 4267 ὁ
952 4212 1080 4276 Υἱός
1121 4230 1216 4266 σου
1253 4209 1452 4284 δοξάσῃ
1489 4229 1568 4264 σε.
1597 4231 1616 4262 ι
1667 4213 1729 4266 Et
1767 4213 1866 4281 μὲν

282 4304 358 4366 ὡς
399 4305 558 4373 δόξης
601 4305 790 4358 ἐπιδεᾶ
835 4304 932 4374 τῆς
969 4303 1120 4374 παρὰ
1157 4305 1368 4376 Πατρὸς
1416 4303 1660 4372 ἐφίεσθαι
1707 4303 1864 4370 δόξης

1971 1847 2188 1902 Christo
2217 1847 2399 1900 itidem
2441 1845 2680 1900 adfuisse
2709 1844 2968 1914 Spiritum
3002 1854 3247 1898 sanctum
3282 1854 3538 1914 tanquam

1973 1939 2142 2008 ipsius
2170 1938 2466 2006 proprium,
2499 1951 2657 1991 nemo
2692 1952 2926 2004 unquam
2958 1937 3215 2006 ambigat.
3247 1937 3358 1990 Cur
3384 1952 3538 2004 ergo,

1969 2031 2058 2084 die
2085 2029 2234 2093 mihi,
2260 2043 2368 2082 non
2405 2028 2638 2080 metuisti
2674 2028 2856 2080 dicere
2889 2045 2902 2081 :
2933 2043 2950 2076 ι
2975 2025 3125 2079 llum:
3158 2041 3288 2094 ergo
3309 2027 3397 2095 qui
3423 2036 3542 2080 latt-

1975 2133 2081 2176 tant
2129 2122 2350 2177 Christo
2383 2121 2606 2189 largitus
2653 2130 2734 2176 est
2783 2121 3029 2189 gloriam,
3065 2119 3538 2181 Christi.setvnm

1971 2212 2245 2268 clliciunt?
2285 2230 2305 2263 ι
2340 2211 2473 2266 Nam
2503 2213 2592 2281 qui
2629 2212 2776 2266 illum
2818 2212 3021 2267 Christi
3071 2225 3283 2264 servum
3315 2209 3538 2274 l'acinnt,

1972 2321 2076 2360 non
2108 2305 2328 2360 dubium
2375 2314 2457 2360 est
2499 2305 2624 2373 quin
2661 2305 2770 2358 sint
2811 2305 2984 2373 impii,
3019 2315 3074 2356 et
3118 2303 3290 2372 ipsum
3324 2317 3540 2371 quoque

1973 2397 2045 2450 illi
2099 2395 2562 2451 consubstantiale
2599 2395 2692 2449 Dei
2743 2393 2976 2448 Verbum
3023 2395 3372 2460 dedecorent,
3413 2409 3538 2448 cum

1970 2489 2120 2544 illum
2147 2491 2236 2556 qui
2271 2498 2352 2542 est
2376 2488 2443 2542 ab
2475 2489 2610 2556 ipso,
2641 2497 2694 2542 et
2725 2488 2776 2540 in
2803 2488 2918 2555 ipso
2945 2489 3240 2540 secundum
3266 2496 3538 2549 naturam,

1970 2591 2024 2635 et
2075 2583 2245 2648 ipsius
2299 2583 2570 2649 preprius,
2628 2581 2808 2634 servili
2857 2592 3110 2632 mensura
3157 2577 3538 2632 circumdent:

1969 2683 2338 2727 verumtamen
2377 2673 2474 2740 ipsi
2517 2688 2544 2724 a
2575 2671 2782 2740 Spiritu
2819 2671 2960 2722 dono
2995 2669 3176 2722 datam
3223 2667 3390 2722 fuisse
3426 2670 3542 2736 glo-

1969 2767 2104 2820 riam
2154 2765 2358 2826 direre,
2409 2774 2665 2818 extrema:
2703 2763 2947 2817 stultitiae
2987 2763 3244 2816 indicium
3291 2771 3372 2816 est
3422 2763 3536 2815 evi-

1969 2855 2122 2909 dens.
2165 2855 2243 2907 Ac
2282 2853 2640 2920 nequidquam
2681 2851 2736 2904 in
2765 2851 2866 2904 hoc
2899 2857 3128 2910 nugatns
3157 2851 3539 2918 esse-depren-

1971 2932 2138 3009 deris,
2182 2953 2238 2999 et
2274 2944 2390 3012 ejus
2433 2943 2509 2996 rei
2548 2942 2862 3012 mysterium
2914 2939 3139 2994 minime
3186 2939 3538 3003 intellexisse,

1897 3061 1941 3121 ο
1975 3038 2084 3091 into
2118 3052 2247 3091 vero
2279 3037 2374 3090 tibi
2417 3036 2514 3104 ipsi
2551 3045 2606 3090 et
2655 3033 2878 3092 sentire,
2931 3041 2985 3086 et
3028 3032 3210 3085 dicere
3240 3032 3537 3084 contraria.

1971 3129 2102 3183 Nam
2157 3127 2202 3183 si
2251 3127 2427 3181 credis
2467 3128 2639 3196 ipsum
2698 3125 2956 3190 Verlmm,
3005 3139 3126 3176 cum
3183 3123 3324 3175 Dens
3369 3131 3534 3186 esset,

1969 3221 2166 3274 fartum
2195 3235 2318 3274 esse
2345 3234 2562 3273 carnem
2593 3217 2783 3289 (ipsius
2813 3217 2952 3269 cnint
2995 3231 3116 3269 esse
3149 3213 3538 3268 humanitatem

1967 3308 2210 3378 dixisti),
2266 3323 2364 3362 cur
2423 3308 2566 3360 illum
2618 3307 2800 3376 gloria:
2851 3304 3173 3368 Dominum,
3225 3304 3378 3372 quasi
3429 3318 3536 3357 non

1969 3400 2164 3454 haheat
2195 3415 2368 3462 suam,
2395 3399 2562 3466 gloria
2593 3414 2621 3451 a
2655 3399 2858 3466 Spiritu
2888 3398 3008 3450 data
3033 3398 3167 3451 dicis
3201 3396 3498 3465 indiguisse
3518 3437 3532 3456 .

1967 3503 2020 3545 et
2059 3507 2181 3545 eum
2235 3491 2379 3544 intra
2431 3504 2716 3544 mensuras
2763 3499 3042 3556 computus
3080 3499 3363 3552 creatnrzr,
3413 3501 3535 3556 quae

1968 3580 2148 3634 omnia
2188 3581 2532 3633 extrinsecus
2575 3579 2760 3642 habet,
2789 3589 2948 3645 atque
2981 3577 3219 3631 donata?
3255 3577 3534 3632 Creaturae

1969 3687 2200 3741 namque
2229 3671 2419 3726 audire
2457 3670 2712 3724 convenit
2741 3686 2756 3725 :
2793 3688 2810 3720 ι
2842 3669 2982 3736 Quid
3015 3669 3160 3724 enim
3204 3669 3534 3737 habes'quod

1967 3777 2073 3816 non
2111 3763 2362 3830 accepisti
2383 3761 2469 3815 ⁸⁰ἳ
2497 3781 2514 3812 ι
2559 3763 2627 3814 At
2657 3763 2822 3824 enim,
2865 3761 3058 3830 inquit,
3109 3761 3320 3828 reperio
3359 3761 3532 3827 ipsum

1968 3852 2282 3907 Emmanuel
2336 3852 2605 3906 dicentem
2667 3868 2680 3903 :
2739 3868 2755 3900 ι
2793 3849 2987 3915 Pater,
3044 3850 3282 3919 glorilica
3342 3849 3534 3903 Filium

1970 3956 2116 3999 tuum
2145 3962 2159 4010 ;
2191 3963 2210 3994 ι
2267 3959 2395 4012 ergo
2449 3942 2618 4007 adjice
2669 3943 2956 4005 reliquum,
3010 3943 3112 3993 hoc
3152 3950 3234 3994 est
3266 3960 3279 3992 :
3316 3959 3334 3990 ι
3373 3939 3440 3994 Ut
3483 3951 3540 3994 et

1966 4035 2134 4090 Filius
2185 4044 2306 4088 tuus
2350 4033 2614 4103 gloriﬁcet
2659 4041 2708 4086 te
2730 4033 2798 4086 “.
2832 4051 2850 4084 ι
2887 4033 3040 4100 107
3071 4031 3200 4083 Nam
3251 4033 3294 4083 si
3341 4030 3535 4082 Filiunt

1967 4127 2118 4198 quasi
2161 4125 2342 4194 gloria:
2391 4126 2742 4191 indigentem,
2790 4139 2820 4176 a
2873 4123 3036 4176 Patre
3075 4132 3265 4188 Optare
3309 4121 3536 4187 gloriam

1968 4220 2228 4280 allirmas,
2271 4217 2400 4286 quid
2443 4217 2656 4269 tandem
2690 4216 2837 4270 dices
2870 4231 2990 4269 cum
3036 4214 3368 4284 gloriﬁcatur
3394 4212 3535 4266 idem

1968 4313 2127 4368 Pater
2167 4328 2196 4365 a
2250 4311 2422 4366 Filio?
2451 4311 2586 4366 Num
2634 4310 2704 4363 ita
2745 4309 3098 4379 gloriﬁcatur,
3127 4307 3280 4376 quasi
3309 4307 3536 4378 gloriam

280 4393 594 4465 διισχυρίζῃ
642 4393 733 4448 τὸν
763 4395 912 4460 Υἱδν,
965 4395 1018 4447 τί
1077 4411 1204 4447 ποτε
1242 4394 1349 4465 ἄρα
1383 4393 1508 4464 φὴς,
1536 4395 1660 4446 ὅταν
1711 4393 1865 4457 δοξά-

1970 4423 2073 4460 ιιυιι
2111 4404 2326 4467 habeat,
2359 4413 2450 4457 aut
2479 4405 2546 4455 ah
2582 4403 2689 4455 alio
2715 4402 2816 4456 sibi
2851 4401 3010 4455 tribui
3055 4399 3330 4467 indigeat?
3355 4399 3540 4465 Apage

284 4499 450 4552 σηται
484 4483 580 4537 καί
603 4484 760 4547 αὐτὸς
792 4487 821 4538 6
852 4485 1040 4556 Πατὴρ
1068 4485 1216 4558 παρὰ
1247 4485 1338 4538 τοῦ
1371 4484 1524 4547 Υίοῦ,
1555 4481 1643 4556 ἆρ’
1671 4484 1746 4547 ὡς
1777 4484 1862 4536 δό-

283 4571 381 4637 ξαν
411 4573 514 4624 οὐκ
553 4573 712 4642 ἔχων,
743 4574 772 4645 ἧ
806 4577 900 4646 τῆς
933 4575 1060 4647 παρ’
1083 4578 1268 4648 ἐτέρου
1298 4576 1649 4649 δεδεημένος;
1683 4577 1862 4646 ἄπαγε

279 4667 382 4736 τῆς
419 4664 770 4730 δυσϐουλίας·
812 4668 1064 4740 τερθρεία
1115 4669 1223 4741 γὰρ
1264 4671 1363 4740 ἤδη
1407 4671 1566 4723 ταυτὶ⁵
1597 4669 1692 4723 καὶ
1740 4671 1864 4722 ἀνο-

281 4757 475 4826 σιότης
503 4757 740 4824 ἐννοιῶν,
771 4762 864 4812 καὶ
889 4760 1076 4830 ἕτερον
1099 4761 1272 4815 οὐδέν.
1311 4761 1374 4815 Ἦ
1401 4763 1498 4832 μὲν
1525 4761 1630 4833 γὰρ
1656 4761 1776 4814 θεία
1801 4778 1860 4813 τε

280 4848 370 4900 καὶ
398 4849 506 4902 τῶν
529 4848 666 4902 ὅλων
690 4851 946 4906 ἐπέκεινα
975 4852 1209 4922 φύσεων,
1243 4854 1355 4924 φῶς
1379 4855 1672 4926 ἀπρόσιτον
1698 4855 1860 4919 οἰκεῖ,

279 4939 370 4989 καὶ
406 4939 820 5006 κατεξουσιάζει
845 4943 954 4996 τῶν
993 4944 1151 5007 ὅλων,
1185 4947 1278 5000 καὶ
1303 4947 1460 5012 δόξαν
1493 4947 1730 5014 ἀνῆπται
1763 4946 1860 5017 τὴν

275 5030 416 5100 αὐτῇ
439 5049 502 5084 τε
528 5033 624 5086 καὶ
652 5033 792 5106 μόνῃ
819 5037 1274 5109 πρεπωδεστάτην
1295 5055 1310 5070 ·
1337 5037 1524 5110 ἐπειδὴ
1549 5038 1604 5091 δὲ
1637 5037 1858 5106 γέγονεν

342 5207 533 5282 "Act.
555 5227 592 5277 ι,
620 5211 656 5266 2
705 5230 858 5282 seqq.

280 5289 359 5345 v1,
385 5278 475 5334 l6.

1969 4495 2037 4548 ah
2073 4495 2178 4548 isto
2219 4493 2360 4546 tttalo
2399 4493 2626 4547 consilio
2661 4509 2672 4544 :
2705 4508 2860 4558 nugae
2891 4501 3018 4544 sunt
3071 4491 3202 4552 haec,
3237 4497 3290 4542 et
3335 4489 3540 4552 cogita-

1973 4589 2174 4641 lionunt
2209 4586 2479 4654 impietas,
2513 4585 2654 4636 aliud
2691 4594 2952 4649 prtetcrea
2994 4580 3146 4633 nihil.
3183 4577 3311 4632 Nam
3355 4579 3536 4632 divina

1973 4677 2062 4730 illa
2102 4686 2156 4729 et
2209 4677 2352 4728 ultra
2399 4688 2585 4726 Omnes
2663 4673 2796 4724 alias
2841 4683 3064 4722 naturas
3109 4671 3280 4723 lucem
3320 4670 3536 4738 quidem

1973 4767 2182 4820 habitat
2230 4759 2748 4824 inaccessibilem",
2797 4771 2851 4816 et
2901 4761 3211 4813 dominatur
3248 4759 3536 4824 universis,

1965 4863 2020 4908 et
2051 4854 2219 4922 gloria
2255 4862 2338 4906 est
2368 4851 2563 4904 amicta
2601 4850 2701 4916 ipsi
2740 4866 2802 4904 ac
2849 4849 2946 4903 soli
2977 4849 3356 4903 decentissima
3389 4865 3405 4902 :
3443 4847 3538 4902 sed

1966 4946 2090 5014 quia
2126 4943 2456 5010 unigenitum
2492 4942 2581 4996 Dei
2618 4941 2850 4996 Verbum
2894 4940 3096 4996 factum
3141 4951 3224 4994 est
3263 4941 3444 5002 homo,
3485 4947 3541 4990 ct

1966 5037 2138 5102 gratia
2174 5037 2262 5089 Dei
2293 5050 2387 5104 per
2414 5048 2634 5089 carnent
2681 5049 2830 5088 suam
2867 5049 2963 5104 pro
3011 5033 3262 5086 omnibus
3308 5039 3536 5082 mortem

935 5217 979 5246 ⁷⁸
1009 5215 1169 5270 Hebr.
1205 5233 1257 5283 Χ,
1288 5217 1356 5270 9.0
1389 5231 1536 5286 seqq.
1617 5217 1660 5243 ’⁸³
1695 5217 1856 5270 “ultr.

1969 5258 1974 5274 .
2005 5215 2092 5268 9.0.
2178 5216 2222 5245 ⁸ο
2253 5214 2269 5268 l
2300 5214 2422 5270 Cor.
2465 5230 2534 5278 tv,
2569 5215 2617 5268 τ’.
2695 5216 2737 5246 ⁸¹
2768 5213 2925 5268 .Ioan.
2965 5228 3097 5275 xvn,
3131 5212 3180 5264 l.
3257 5209 3302 5240 ⁸³
3334 5207 3352 5260 l
3393 5205 3538 5260 Tim.

1545 5439 1704 5496 ANT.
1747 5437 2016 5493 AGELLII
2055 5439 2284 5496 NOTAE.

349 5592 467 5655 (‘23)
504 5593 639 5648 Fere
676 5593 865 5648 iisdem
902 5594 1084 5648 vvrhis
1110 5593 1294 5650 Latine
1337 5596 1472 5650 dixit
1512 5597 1700 5651 beatus
1729 5597 1854 5648 Am-

309 5665 524 5718 brosius
553 5683 567 5717 :
623 5664 844 5718 Sacrum
875 5681 1058 5718 munus
1097 5682 1190 5732 pro
1237 5669 1490 5733 omnibus,
1519 5677 1566 5719 et
1597 5669 1744 5734 (μηδὲ
1782 5683 1864 5719 νει

1965 5607 2164 5676 parato:
2189 5596 2428 5664 quantum
2458 5593 2567 5646 liba
2607 5601 2827 5645 natum.
2857 5588 3018 5646 Libro
3053 5595 3115 5646 de
3154 5593 3259 5665 [ide
3305 5605 3538 5645 resima-

1972 5677 2177 5720 ctwms.
