4014 6128
415 273 519 331 187

1408 268 1466 323 5.
1510 265 1783 321 (ςγῐιιιιι
1835 261 2308 321 ALEXANDRINI
2346 262 2662 320 ARCIIIEP.

3554 267 3661 325 {88

417 398 536 441 erat
560 393 921 457 gustaturum.
952 394 1007 442 et
1037 385 1292 455 templum
1340 399 1495 441 suum
1535 394 1593 440 ut
1623 384 1764 441 Deus
1798 384 1977 439 viviﬁ-
2009 424 2015 447 ι

2118 383 2360 455 νθρωπος
2396 386 2424 437 ό
2458 382 2754 455 μονογενὴς
2801 383 2897 438 τοῦ
2944 384 3082 439 Θεοῦ
3134 386 3311 455 Λόγος
3332 425 3347 450 ,
3380 385 3569 458 ἔμελλε
3598 404 3661 442 τι

421 479 616 538 cando.
658 477 849 532 mortis
883 476 1298 549 inexpugnabile
1332 478 1495 531 rohur
1518 490 1852 539 cversurum,
1890 475 1990 530 ob-

425 568 596 622 tendit
620 568 837 636 quidem
875 581 1088 636 precum
1125 575 1184 621 ut
1226 567 1406 632 homo,
1444 574 1500 619 et
1546 558 1853 620 conse’ntire
1885 564 1987 618 sibi

427 655 640 712 Patrem
668 664 839 727 optat,
867 672 1017 711 suam
1055 657 1222 726 ipsius
1260 666 1505 711 naturam
1549 657 1605 709 in
1635 669 1757 709 eum
1788 661 1989 709 statum

426 747 836 803 transformanti
857 764 965 819 quo
1001 750 1149 818 prius
1175 758 1313 810 erat,
1345 757 1400 802 et
1433 747 1499 800 ad
1526 745 1989 812 incorruptionem

428 839 728 899 renovanti.
768 850 823 895 et
851 842 1039 895 mortis
1078 840 1290 908 laqueis
1319 839 1680 908 potentiorem
1724 836 1986 903 reddenti,

426 932 603 986 soluta
633 932 841 986 scilicet
875 932 1043 987 veteri
1082 932 1484 995 maledictione,
1515 914 1861 1000 vindictaque
1901 927 1989 982 illa

428 1036 546 1088 qua:
580 1021 809 1090 primum
853 1020 1085 1077 formato
1126 1023 1332 1077 homini
1376 1021 1552 1076 fuerat
1593 1021 1850 1089 irrogata.
1885 1018 1992 1089 Igi-

430 1121 517 1162 tur
547 1112 671 1181 quia
707 1112 871 1167 etiam
901 1114 1026 1167 dum
1061 1114 1275 1169 videtur
1297 1114 1351 1168 in
1386 1129 1569 1177 carne,
1614 1122 1807 1167 natura
1841 1125 1994 1165 vere-

427 1216 533 1270 que
562 1200 732 1258 Filius
761 1203 853 1258 Dei
884 1218 1006 1259 esse
1040 1206 1362 1275 praedicatur
1390 1222 1407 1259 :
1437 1222 1455 1255 ι
1486 1204 1760 1268 Glorilica,
1790 1202 1990 1273 inquit,

430 1304 600 1358 luunt,
632 1309 665 1350 ο
692 1294 872 1361 Pater,
915 1296 1127 1360 Filium,
1155 1315 1173 1348 ι
1212 1306 1463 1366 tanquam
1499 1297 1790 1361 hominem,
1822 1302 1995 1349 morte

427 1386 882 1456 corruptioneque
928 1387 1284 1457 potentiorem
1325 1389 1575 1453 reddens,
1610 1397 1668 1441 ut
1708 1394 1833 1441 tuus‘
1873 1400 1994 1441 esse

426 1477 706 1543 credatur,
740 1492 862 1532 cum
907 1479 979 1534 sit
1014 1479 1120 1533 vita
1153 1494 1252 1548 per
1284 1490 1530 1535 naturam
1563 1490 1622 1535 ut
1660 1480 1818 1543 Deus,
1849 1478 1994 1548 quod

429 1564 495 1616 ad
542 1564 773 1634 propriae
823 1578 1030 1621 natura:
1078 1558 1343 1624 rationem
1395 1571 1590 1623 attinet
1635 1586 1651 1623 :
1696 1578 1805 1622 tum
1849 1568 1993 1622 enim

432 1653 545 1722 ipse
570 1669 785 1726 quoque
813 1657 981 1713 Filius
1017 1668 1069 1713 te
1101 1659 1444 1728 gloriﬁcabit.
1476 1660 1673 1716 Gloriae
1705 1675 1889 1714 revera
1912 1667 1996 1715 est

434 1744 543 1799 Deo
588 1761 653 1800 ac
701 1746 873 1816 Patri,
914 1752 1040 1804 dum
1090 1768 1120 1806 a
1169 1751 1324 1807 nobis
1382 1753 1623 1807 creditur
1672 1753 1814 1821 quod
1868 1766 1990 1805 cum
2026 1734 2069 1790 Β

436 1835 574 1890 Deus
608 1837 682 1892 sit
720 1853 900 1902 verus,
942 1850 991 1897 et
1022 1842 1128 1897 vita
1169 1851 1225 1897 et
1252 1843 1548 1907 viviﬁcans,
1584 1857 1769 1913 parem
1797 1841 1896 1896 sibi
1929 1856 1993 1895 ac

434 1939 533 1994 per
560 1929 738 1982 omnia
769 1930 1026 1996 similem,
1051 1933 1496 2003 iuell‘abiliterque
1516 1942 1571 1989 et
1591 1948 1752 2002 supra
1780 1947 1994 1985 omnem

438 2016 847 2088 intelligentiam
893 2024 1077 2094 genuit
1124 2024 1343 2090 Filium,
1388 2025 1480 2096 qui
1528 2038 1634 2078 non
1674 2024 1775 2078 fuit
1821 2023 1997 2076 minor

434 2109 598 2163 etiam
639 2126 758 2175 cum
802 2114 854 2168 in
893 2128 1060 2171 carne
1090 2124 1247 2172 natus
1281 2126 1385 2182 est,
1416 2116 1511 2172 sed
1546 2122 1887 2185 przestautem
1929 2111 1996 2166 il-

436 2199 540 2252 lam
583 2204 957 2275 egregiamque
1010 2207 1271 2262 naturalis
1318 2206 1614 2261 nobilitatis
1670 2204 1772 2259 sibi
1824 2203 2000 2257 insita:

438 2291 891 2360 pulchritudinem
939 2297 1203 2369 integram
1255 2299 1476 2354 omnino
1513 2296 1772 2359 servavit,
1818 2295 1893 2348 ita
1945 2303 2004 2348 ut

438 2385 553 2455 ipse
588 2400 801 2456 quoque
832 2389 904 2444 sit
938 2388 1074 2453 vita,
1107 2397 1292 2458 utpote
1318 2404 1383 2444 ex
1414 2388 1545 2454 vita,
1573 2397 1629 2442 et
1657 2386 1840 2439 omnia
1880 2400 2004 2456 pos-

440 2477 533 2538 sit,
578 2485 631 2531 et
672 2477 789 2530 sine
835 2479 1018 2534 labore
1046 2480 1310 2549 perﬁciat,
1358 2488 1410 2533 et
1442 2480 1524 2534 his
1555 2480 1645 2549 qui
1685 2486 1809 2532 sunt
1844 2478 2003 2531 morti

444 2565 884 2636 eorruptionique
920 2558 1161 2633 obnoxii,
1204 2570 1663 2639 incorruptionem
1694 2569 1878 2623 (lauet.
1905 2565 2007 2635 lgi-

446 2666 531 2709 ιιιι·
560 2656 720 2711 etiam
768 2658 811 2712 si
840 2660 1132 2726 gloriﬁcari
1173 2660 1388 2716 dicatur
1430 2677 1459 2715 a
1492 2660 1651 2716 Patre
1685 2659 1875 2724 Filius,
1910 2658 2009 2712 bu-

449 2746 722 2801 manitatis
773 2764 1077 2804 mensuram
1124 2760 1355 2820 reputa:
1390 2765 1459 2805 ne
1501 2758 1623 2819 post
1657 2750 1909 2803 unionem
1956 2744 2008 2799 in

448 2842 553 2893 duo
579 2837 789 2895 dividas
828 2856 992 2894 unum
1038 2840 1336 2905 Christum,
1383 2849 1439 2897 et
1469 2841 1687 2906 Filium,
1723 2850 1779 2897 et
1822 2841 2012 2895 Domi-

450 2946 610 2994 num;
662 2931 757 2986 sed
809 2946 973 2985 unttm
1022 2932 1380 3002 eamdemque
1434 2932 1688 2987 similiter
1728 2944 1782 2988 et
1828 2933 2013 3002 gloriae

453 3018 734 3075 l).uninum
764 3031 819 3075 et
850 3020 1017 3076 Deum
1067 3022 1327 3091 intellige,
1360 3031 1411 3078 et
1442 3023 1667 3092 gloriam
1705 3024 2014 3079 humanitus

453 3113 829 3183 accipientem.
859 3114 1046 3182 Cogita
1077 3114 1221 3168 enim
1255 3114 1402 3168 illum
1431 3114 1532 3169 etsi
1566 3124 1756 3169 natura
1784 3131 2021 3185 vereque

458 3206 596 3260 lieus
642 3207 732 3268 sit,
782 3215 837 3260 et
879 3221 978 3260 rex
1024 3207 1397 3261 universorum
1430 3223 1494 3262 ac
1519 3206 1798 3275 Dominus,
1842 3219 2020 3264 tamen

456 3298 811 3352 constitutum
871 3312 995 3353 esse
1046 3313 1224 3368 regem
1276 3299 1420 3363 dici,
1470 3316 1592 3354 rum
1641 3300 1817 3356 iactus
1863 3303 2024 3357 homo

460 3389 629 3443 nostri
686 3389 879 3444 similis
928 3390 1227 3445 bumiliavit
1271 3391 1544 3462 seipsum,
1574 3393 1735 3463 108
1753 3401 1807 3447 et
1851 3393 2025 3449 factus

460 3490 545 3535 est
571 3481 829 3537 obediens
860 3481 969 3537 Deo
996 3492 1051 3537 et
1079 3481 1222 3537 Patri
1245 3481 1315 3551 ⁸³,
1350 3492 1406 3538 et
1442 3484 1720 3539 nobiscum
1761 3484 1861 3539 sub
1888 3485 2024 3554 lege.

464 3573 621 3629 Nullo
657 3573 823 3645 igitur
852 3575 1013 3631 modo
1044 3590 1165 3645 quae
1189 3575 1576 3630 exinanitionis
1602 3590 1870 3631 mensurte
1895 3591 2028 3630 cou-

465 3666 706 3732 veninnt.
766 3666 1037 3735 sapientes
1090 3666 1336 3722 homines
1381 3676 1435 3722 et
1484 3668 1687 3737 peritos
1736 3674 1791 3721 et
1831 3668 1883 3721 in
1926 3667 2031 3721 ﬁde

466 3757 817 3815 conﬁrmatos
842 3759 1267 3825 conturbabunt,
1304 3760 1398 3816 sed
1430 3775 1497 3815 ex
1529 3760 1594 3814 iis
1626 3760 1758 3829 ipsis
1790 3769 1843 3814 et
1869 3758 2030 3813 simul

468 3864 532 3904 ex
576 3850 659 3904 his
689 3865 809 3920 quae
842 3851 1037 3906 divinat
1085 3860 1291 3907 natura:
1330 3852 1683 3917 conveniunt,
1735 3855 1906 3920 ipsmn
1948 3849 2037 3905 Fi-

470 3943 598 3996 lium
632 3941 794 3998 Deum
840 3956 961 3998 esse
1009 3943 1257 3997 eumdem
1297 3952 1353 3997 et
1400 3943 1672 3997 hominem
1717 3952 2035 4012 agnoscent.

472 4033 581 4089 Sed
631 4033 778 4089 sanis
824 4033 1006 4089 verbis
1048 4050 1153 4089 non
1196 4033 1585 4101 acquiescit",
1615 4042 1671 4089 et
1714 4035 1780 4088 ad
1807 4033 2041 4088 eth-ena-

476 4136 586 4179 tum
618 4125 875 4197 impetum
918 4126 1207 4181 admodum
1244 4141 1467 4195 pronus,
1505 4127 1669 4181 stulte
1703 4126 1804 4180 sibi
1838 4125 2038 4194 placet,

475 4225 528 4271 et
556 4233 675 4287 quat
703 4217 819 4287 ipse
849 4227 901 4272 et
928 4218 1142 4286 quidem
1169 4220 1314 4273 solus
1334 4218 1545 4286 probat,
1563 4217 1658 4271 sed
1683 4225 1825 4271 recte
1844 4218 2044 4271 habere

475 4308 769 4374 existimat,
801 4324 865 4363 ea
900 4309 1177 4364 sentienda
1215 4319 1400 4364 censet
1433 4326 1446 4362 :
1480 4309 1657 4377 perdit
1690 4310 1851 4361 etiam
1885 4309 2042 4372 alios,

2086 475 2270 547 χάριτι
2305 473 2439 528 Θεοῦ
2473 475 2560 529 διὰ
2585 476 2682 546 τῆς
2719 475 2853 540 ἰδίας
2894 479 3095 550 σαρκὸς
3124 480 3265 552 ὑπὲρ
3299 482 3498 545 παντὸς
3528 480 3658 548 γεὺ-

2087 565 2284 619 σασθαι
2325 564 2574 630 θανάτου,
2616 567 2711 619 καὶ
2761 559 3092 639 δυσάντητον
3140 568 3303 623 αὑτοῦ
3368 571 3661 643 παραλύειν

2088 658 2307 728 κράτος,
2340 657 2681 728 ζωοποιήσας
2709 658 2783 721 ὡς
2810 658 2940 723 Θεὸς
2969 659 3060 713 τὸν
3092 660 3220 713 ἴδιον
3248 661 3393 724 ναὸν,
3425 663 3663 733 σκήπτε-

2086 766 2175 802 ται
2211 748 2311 818 τὴν
2353 746 2515 818 εὐχὴν
2564 747 2639 811 ὡς
2678 748 2998 821 ἄνθρωπος,
3030 752 3140 805 -καὶ
3182 753 3565 824 συνευδοκῆσαι
3611 753 3661 805 oi

2091 834 2339 910 βούλεται
2370 838 2459 891 τὸν
2508 839 2746 910 Πατέρα,
2788 840 2887 911 τὴν
2920 841 3084 895 αὑτοῦ
3122 842 3281 911 φύσιν
3328 844 3660 915 μετασκευά-

2090 931 2235 997 ζοντι
2261 931 2395 999 πρὸς
2417 931 2477 984 τὸ
2503 932 2596 985 ἀπ’
2617 932 2812 1003 ἀρχῆς,
2838 933 2933 986 καὶ
2961 933 3277 987 ἀνανεοῦντι
3306 936 3440 1006 πρὸς
3456 936 3664 1005 ἀφθαρ⁴

2092 1023 2233 1089 σίαν,
2256 1025 2348 1076 καὶ
2374 1023 2481 1075 τῶν
2501 1023 2593 1076 τοῦ
2617 1023 2849 1077 θανάτου
2878 1024 3091 1095 βρόχων
3113 1026 3464 1094 ἀποφαίνοντι
3491 1027 3667 1097 κρείτ-

2089 1132 2218 1170 τονα
2236 1130 2249 1145 °
2281 1114 2578 1185 λελυμένης
2601 1114 2844 1184 δηλονότι
2877 1116 2974 1186 τῆς
3002 1117 3235 1187 ἀρχαίας
3261 1118 3478 1187 ἐκείνης
3505 1117 3669 1187 ἀρᾶς,

2092 1205 2187 1258 καὶ
2215 1204 2317 1274 τῆς
2345 1204 2436 1257 ἐπὶ
2459 1203 2537 1274 τῷ
2570 1203 2987 1275 πρωτοπλάστῳ
3013 1204 3188 1276 δίκης.
3219 1206 3425 1259 Οὑκοῦν
3458 1205 3665 1275 ³ἐπειδή-

2094 1310 2200 1365 περ
2242 1294 2336 1347 καὶ¹
2382 1298 2441 1347 ὲν
2482 1293 2647 1366 σαρκὶ
2699 1293 3123 1365 καθορώμενος,
3173 1294 3299 1359 Υἱὸς
3342 1291 3478 1348 εἶναι
3529 1294 3665 1348 Θεοῦ

2095 1384 2421 1455 κηρύττεται
2471 1383 2630 1453 φύσει
2678 1400 2738 1436 τε
2795 1385 2887 1436 καὶ
2921 1384 3182 1456 ἀληθείᾳ,
3230 1403 3248 1436 ι
3281 1386 3510 1451 Δόξαςὸν
3548 1402 3673 1445 σου,

2095 1477 2280 1547 φησιν,
2317 1471 2362 1529 ὧ
2392 1475 2591 1546 Πάτερ,
2641 1474 2732 1528 τὸν
2765 1475 2950 1540 Υίὸν,›
2993 1476 3077 1540 ὠς
3100 1476 3402 1549 ἄνθρωπον,
3440 1476 3535 1529 καὶ
3568 1474 3669 1527 θα-

2094 1568 2251 1623 νάτου
2284 1567 2587 1638 κρείττονα,
2619 1569 2713 1623 xai.
2741 1569 2944 1639 φθορᾶς
2965 1568 3272 1639 ἀποφήνας,
3303 1568 3389 1623 ἵνα
3416 1568 3503 1631 σὸς
3528 1563 3671 1619 εἶναι

2097 1658 2438 1730 πιστεύηται,
2465 1658 2578 1731 ζωὴ
2608 1660 2748 1714 κατά
2774 1659 2933 1729 φύσιν
2962 1659 3221 1732 ὑπάρχων
3244 1660 3320 1724 ὡς
3345 1660 3496 1722 Θεὸς,
3526 1659 3669 1711 κατὰ

2097 1767 2161 1820 γε
2187 1751 2279 1804 τὸν
2322 1752 2422 1820 τῆς
2456 1750 2593 1816 ἰδίας
2639 1750 2854 1820 φύσεως
2884 1751 3043 1819 λόγον
3064 1767 3077 1782 °
3112 1750 3234 1804 τότε
3272 1751 3380 1821 γάρ
3417 1767 3475 1802 σε
3512 1751 3608 1803 καὶ⁹
3643 1751 3679 1801 ὁ

2099 1843 2228 1907 Υἱὸς
2266 1842 2498 1909 δοξάσει.
2529 1842 2665 1908 Δόξα
2705 1843 2918 1914 ἀληθῶς
2954 1842 3033 1913 τῷ
3069 1841 3187 1913 Θεῷ
3219 1843 3311 1895 καὶ
3350 1842 3548 1912 Πατρὶ,
3587 1841 3673 1903 τὸ,

2101 1933 2452 1989 πιστεύεσθαι
2480 1933 2615 2004 πρὸς
2639 1933 2818 2005 ἡμῶν,
2843 1935 2925 1987 ὅτι
2951 1933 3082 1996 Θεὸς
3109 1934 3369 2004 ὑπάρχων
3397 1930 3677 2002 ἀληθινὸς,

2103 2028 2198 2081 καὶ
2231 2024 2375 2095 ζωὴ,
2418 2026 2513 2079 καὶ
2555 2024 2836 2089 ζωοποιὸς,
2882 2023 2995 2079 ῐσον
3036 2042 3095 2078 τε
3137 2024 3229 2077 καὶ
3272 2025 3453 2093 ὅμοιον
3498 2021 3690 2089 ἑαυτῷ

2105 2115 2245 2169 κατά
2279 2116 2385 2168 πᾶν
2418 2113 2615 2179 ὁτιοῦν,
2661 2114 2984 2185 ἀπορῤήτως
3014 2130 3074 2166 τε
3110 2114 3203 2166 καὶ
3233 2113 3370 2183 ὑπὲρ
3400 2110 3546 2174 νοῦν,
3580 2112 3680 2163 ὲκ-

2104 2207 2294 2261 τέτοκε
2333 2206 2423 2259 τὸν
2455 2206 2602 2268 Υίὸν,
2633 2205 2694 2269 ὃς
2721 2201 2788 2277 ἦν
2817 2208 2917 2260 οὑκ
2949 2207 3005 2259 ὲν
3042 2206 3217 2276 μείοσι
3239 2243 3253 2266 ,
3305 2204 3398 2256 καὶ
3429 2204 3487 2255 ὲν
3517 2204 3687 2274 σαρκὶ⁵

2108 2297 2218 2370 [ῖσ.
2244 2295 2339 2350 καὶ
2371 2295 2453 2348 ὅτι
2500 2297 2557 2348 ὲν
2609 2294 2797 2366 σαρκὶ]
2850 2294 3075 2364 γέγονεν
3099 2309 3114 2324 ⁸
3147 2291 3284 2345 ἀλλά
3312 2291 3413 2361 τῆς
3453 2289 3691 2359 ἐνούσης

2109 2388 2257 2459 αὑτῷ
2287 2388 2517 2458 φυσικῆς
2546 2386 2822 2456 εὐγενείας
2842 2427 2856 2452 ,
2906 2381 3591 2455 ἀδιαλώϐητον.παντελιῖ›ς
3619 2381 3693 2432 τὸ

2112 2479 2384 2552 ὑπερφυὲς
2414 2478 2509 2532 καὶ⁵
2542 2477 2815 2549 ἐξαίρετον
2844 2475 3144 2530 διεσώσατο
3186 2475 3404 2539 κάλλος,
3437 2473 3548 2540 ζωὴ
3588 2474 3693 2524 καὶ

2113 2570 2273 2634 αὑτὸς
2303 2571 2562 2640 ὑπάρχων
2600 2567 2674 2631 ὡς
2718 2569 2782 2620 ὲκ
2816 2566 2980 2637 ζωῆς,
3025 2566 3204 2619 πάντα
3239 2580 3296 2616 τε
3346 2562 3543 2632 ἰσχύων
3590 2562 3690 2613 καὶ

2113 2662 2346 2732 ἀμογητὶ
2379 2658 2678 2730 κατορθῶν,
2703 2657 2795 2711 καὶ¹
2820 2660 2932 2720 τοῖς
2957 2655 3061 2710 ὑπὸ
3091 2654 3319 2709 θάνατον
3354 2653 3447 2706 καὶ
3475 2652 3687 2722 φθορὰν

2113 2755 2214 2824 τὴν
2229 2752 2531 2823 ἀφθαρσίαν
2547 2750 2907 2823 δωρούμενος.
2933 2747 3144 2802 Οὐκοῦν
3164 2747 3267 2800 κᾶν
3290 2747 3341 2799 εἱ
3362 2742 3697 2812 δοξάζεσθαι

2117 2846 2326 2914 λέγοιτο
2354 2843 2505 2914 παρά
2544 2841 2638 2899 τοῦ
2671 2842 2883 2912 Πατρός
2921 2842 2949 2893 ὀ
2977 2840 3135 2903 Υἱὸς,
3170 2838 3231 2891 τὸ
3263 2839 3360 2903 τῆς
3407 2835 3694 2906 ἀνθρωπό-

2117 2953 2278 3006 τητος
2306 2931 2621 3001 ἀναλογίζου
2657 2930 2884 3002 μέτρον·
2919 2928 2992 3000 μὴ
3020 2927 3279 2999 διατέμῃς
3314 2929 3390 2989 εἰς
3420 2925 3513 2979 δύο
3554 2925 3699 2994 μετά

2119 3028 2218 3099 τὴν
2253 3026 2468 3090 ἕνωσιν,
2510 3024 2600 3077 τὸν
2632 3023 2733 3076 ἕνα
2770 3021 3004 3092 Χριστὸν
3031 3021 3124 3074 καὶ
3165 3020 3291 3072 Υἱὸν
3332 3019 3426 3071 καὶ
3454 3016 3701 3086 Κύριον·

2120 3119 2234 3173 ἀλλ’
2260 3118 2355 3171 ἕνα
2390 3117 2483 3171 καὶ
2514 3114 2606 3169 τὸν
2638 3112 2802 3167 αὑτὸν
2831 3112 3031 3182 ὁμοίως
3081 3110 3227 3181 (26),
3276 3110 3369 3162 καὶ
3405 3108 3502 3178 τῆς
3535 3106 3700 3176 δόξης

2119 3207 2322 3280 Κύριον
2365 3206 2460 3261 καὶ
2501 3204 2655 3267 Θεὸν,
2684 3204 2779 3256 καὶ
2804 3202 2961 3268 δόξαν
2992 3200 3282 3270 δεχόμενον
3315 3195 3697 3267 ἀνθρωπίνως.

2135 3300 2337 3355 Ἐννόει
2366 3301 2475 3370 γὰρ
2519 3298 2621 3362 ὅτι,
2669 3295 2847 3348 καίτοι
2888 3294 3046 3362 φύσει
3100 3310 3159 3345 τε
3194 3290 3442 3362 ἀληθεία,
3477 3287 3612 3349 Θεός
3643 3304 3705 3337 τε

2127 3392 2220 3446 καὶ
2252 3390 2499 3462 βασιλεὺς
2523 3387 2632 3440 τῶν
2661 3386 2797 3440 ὅλων
2828 3383 3092 3453 ὑπάρχων
3136 3372 3232 3436 καὶ
3259 3379 3487 3451 Κύριος,
3521 3394 3708 3448 κεχει-

2132 3482 2462 3559 ροτονεῖσθαι
2497 3478 2717 3547 λέγεται
2751 3476 3024 3548 βασιλεὺς,
3071 3474 3159 3527 ὅτε
3196 3470 3317 3525 καθ’
3363 3470 3511 3540 ἡμᾶς
3536 3465 3707 3559 γενό-

2133 3557 2292 3647 μενος
2335 3574 2621 3644 ἄνθρωπος
2666 3567 3065 3623 τεταπείνωκεν
3098 3562 3309 3625 ἑαυτὸν,
3358 3560 3451 3613 καὶ
3485 3557 3720 3647 γέγονεν-

2133 3646 2373 3738 ὑπὴκοος
2403 3664 2481 3735 τῷ
2515 3661 2634 3733 Θεῷ
2664 3660 2761 3714 καὶ
2792 3658 2986 3728 Πατρὶ,
3017 3656 3113 3709 καὶ
3164 3653 3279 3724 μεθ’
3305 3650 3461 3722 ἡμῶν
3488 3648 3595 3701 ὑπὸ
3627 3646 3717 3699 νό-

2138 3777 2254 3831 μον.
2286 3755 2585 3827 Θορυϐήσει
2615 3753 2679 3824 δὴ
2706 3745 2799 3806 οὖν
2842 3750 2964 3803 κατ’
2988 3746 3180 3801 οὑδένα
3212 3743 3412 3814 τρόπον
3452 3740 3581 3831 τοὺς
3627 3754 3723 3790 σοι

2137 3828 2268 3921 φούς
2296 3864 2356 3901 τε
2387 3844 2481 3898 καλ⁸
2514 3842 2905 3912 ἐπιστήμονας,
2938 3836 3033 3890 καλ⁵
3065 3832 3388 3905 ἱδρυμένους
3419 3830 3475 3881 ὲν
3504 3828 3714 3921 πίστειΣ

2136 3915 2205 3995 τὰ
2240 3942 2352 4003 τοῖς
2395 3938 2494 4008 τῆς
2538 3932 2821 3995 κενώσεως
2863 3928 3142 4000 πρέποντα
3196 3924 3448 3996 μέτροις·
3495 3918 3614 3973 ἀλλ’
3660 3915 3728 3979 ἐξ

2140 4030 2315 4084 αὑτῶν
2355 4045 2415 4082 τε
2443 4025 2601 4098 ὁμοῦ,
2631 4024 2727 4079 καὶ
2767 4021 2876 4076 τῶν
2912 4022 2979 4090 τῇ
3011 4018 3131 4086 θείᾳ
3168 4014 3483 4086 πρεπόντων
3530 4010 3727 4078 φύσει,

2141 4120 2273 4174 Θεὸν
2316 4118 2444 4172 ὅντα
2476 4117 2568 4170 τὸν
2618 4113 2779 4167 αὑτὸν
2817 4112 2912 4165 καλ⁸
2948 4107 3233 4179 ἄνθρωπον
3286 4101 3723 4171 ὲπιγινὼσκουσι

2141 4212 2232 4266 τὸν
2264 4210 2409 4263 Υἱόν.
2448 4207 2606 4261 Ἀλλὰ
2640 4205 2748 4275 γὰρ
2797 4200 3094 4271 ὑγιαίνουσι
3132 4197 3231 4267 μὲν
3264 4196 3324 4248 οὑ
3353 4193 3727 4264 προσέρχεται

2144 4301 2319 4367 λόγοις
2336 4315 2350 4328 ’
2371 4293 2749 4355 ἀπονενευκὼς
2769 4291 2826 4343 δὲ
2849 4288 2967 4342 λίαν
2991 4288 3072 4350 εἰς
3098 4286 3157 4338 τὸ
3184 4284 3417 4355 ὲξήνιον,
3444 4280 3735 4339 ἀσυνέτως

478 4416 601 4454 cum
646 4410 845 4469 praeter
887 4400 974 4454 illa
1018 4416 1139 4469 qua:
1189 4400 1347 4464 dixit,
1401 4415 1564 4452 unum
1620 4400 1902 4452 Dominum
1954 4413 2015 4452 no

2118 4407 2122 4431 ι
2152 4388 2587 4462 περιαυτίζεται,
2631 4384 2726 4437 καὶ
2753 4382 2823 4435 τὰ
2854 4380 3001 4451 αὑτῷ
3035 4377 3130 4431 καὶ
3178 4377 3323 4446 μόνῳ
3356 4372 3622 4426 δοκοῦντά
3668 4386 3730 4421 τε

478 4504 650 4547 strum
675 4490 862 4547 Jcsum
894 4491 1168 4547 Christum
1210 4492 1264 4544 in
1296 4492 1399 4545 duo
1443 4489 1711 4554 dividens,
1756 4490 1917 4543 etiam
1952 4504 2050 4543 no-

479 4590 650 4636 strutn
678 4583 852 4653 ipsum
880 4583 1121 4637 divinum
1149 4580 1465 4651 mysterium
1489 4579 1872 4645 calumniatur,
1905 4579 1956 4631 in
1983 4593 2048 4633 eo

481 4673 624 4743 quod
654 4683 865 4729 recusat
891 4674 1169 4730 uobiscum
1199 4672 1469 4738 conﬁteri,
1506 4671 1782 4727 Christum
1825 4687 1930 4725 non
1970 4670 2047 4725 si-

483 4766 689 4819 militer
740 4773 903 4832 atque
946 4782 1109 4820 unum
1144 4782 1175 4822 e
1217 4766 1425 4821 sanctis
1466 4765 1746 4834 prophetis
1794 4774 1884 4818 aut
1916 4778 2048 4834 apo-

482 4852 639 4908 stolis
664 4860 719 4906 et
745 4854 1091 4922 evangelistis
1121 4853 1394 4909 Deiferum
1425 4853 1699 4907 hominem
1731 4852 1920 4915 fuisse.
1956 4851 2049 4906 sed

489 4943 654 4997 Deum
697 4941 970 4998 hominem
1011 4943 1234 5010 factum,
1266 4959 1329 4997 ac
1361 4958 1485 4999 vere
1531 4943 1885 5011 participasse
1930 4957 2049 4995 car-

488 5049 612 5088 netn
661 5041 719 5089 et
750 5032 1091 5102 sanguinem.
1129 5028 1220 5087 Sic
1262 5043 1443 5087 autem
1490 5047 1704 5086 rursum
1736 5031 1895 5096 dixit.
1928 5044 2050 5085 cum

491 5134 742 5197 tauquam
774 5139 840 5179 es
872 5135 1100 5195 persona
1139 5121 1340 5178 Christi
1372 5124 1530 5177 verba
1563 5129 1906 5191 proponeret:

2148 4460 2243 4537 καί
2270 4475 2327 4534 εῦ
2356 4477 2498 4548 ἔχειν
2524 4472 2913 4544 ὑπειλημμένα
2947 4471 3164 4542 φρονεῖν
3193 4465 3357 4530 ἀξιοῖ.
3391 4463 3646 4517 meum
3673 4460 3732 4512 δὲ

2149 4575 2244 4627 καὶ
2273 4571 2495 4642 ἑτέρους
2520 4566 2655 4638 πρὸς
2677 4560 2759 4628 οἷς
2786 4564 2892 4634 ἔφη
2918 4561 3125 4623 eam;
3152 4561 3230 4621 ei;
3253 4558 3347 4610 δύο
3373 4555 3466 4607 τὸν
3490 4554 3586 4607 'éva
3620 4549 3737 4605 Κύ-

2153 4681 2266 4737 ριον
2299 4660 2505 4732 Ἰησοῦν
2528 4659 2616 4713 τὸν
2644 4656 2899 4729 Χριστὸν,
2946 4653 3040 4707 καὶ
3088 4649 3326 4737 αὑτὸγτὸ
3366 4646 3529 4737 Ϋθεὶςον-
3568 4644 3740 4737 ἡμῶν

2154 4732 2503 4821 συκοφαντῶν
2546 4747 2864 4818 μυστήριον,
2912 4741 3020 4796 ἀπό
3055 4757 3118 4809 γε
3170 4736 3262 4790 τοῦ
3318 4736 3394 4805 μὴ
3438 4732 3741 4802 ἀνέχεσθαι

2160 4845 2278 4918 μεθ’
2305 4842 2461 4916 ἡμῶν
2505 4840 2807 4912 ὁμολογεῖν,
2854 4836 2938 4890 ὅτι
2972 4833 3097 4887 καθ’
3125 4830 3221 4882 ἕνα
3253 4827 3362 4899 [Ισ.
3390 4825 3569 4918 ὅτιᾼοὺ
3612 4821 3743 4918 καθ’·

2156 4910 2277 5009 ἕνα]
2323 4910 2431 4988 τῶν
2472 4910 2644 5001 ἀγίων
2695 4925 3013 5000 προφητῶν,
3062 4924 3230 4993 ἤγουν
3276 4910 3746 5009 ἀποστόλωνμκαὶ

2158 5000 2557 5096 εὐαγγεὶιιστῶν
2582 5020 2837 5091 θεοφόρος
2857 5015 2925 5089 ἦν
2951 5014 3046 5072 ἀνθ
3056 5028 3233 5085 ρωπος
3256 5010 3284 5061 ὁ
3310 5006 3543 5079 Χριστός
3563 5022 3577 5035 ·
3603 5000 3747 5096 Θεὸς

2158 5117 2214 5170 δὲ
2252 5092 2451 5188 μᾶλλον
2486 5112 2775 5183 γενόμενος
2821 5107 3126 5179 ἄνθρωπος,
3161 5097 3466 5172 μετέσχηκε
3496 5112 3555 5149 τε
3593 5092 3751 5148 κατά

490 5188 751 5295 ἀλήθειαν
776 5188 1008 5291 αῐμῖιτος
1051 5220 1146 5272 καὶ
1186 5218 1406 5291 σαρκός.
1434 5188 1580 5289 Ἐφτίι
1605 5188 1675 5270 at
1694 5214 1835 5270 οὑτω
1862 5215 2046 5281 πάλιν,
2085 5212 2160 5276 ὡς
2189 5214 2252 5265 ὲκ
2280 5210 2573 5282 προσώπου
2601 5202 2837 5277 Χριστοῦ
2865 5198 3181 5273 παρατιθεὶς
3212 5193 3271 5248 τὸ
3297 5188 3478 5263 ῥητόνο

589 5377 612 5411 ³
638 5377 869 5449 Philipp.
908 5393 969 5445 tt,
992 5375 1043 5432 8.
1123 5375 1168 5408 “
1195 5372 1213 5428 1
1246 5373 1386 5430 Tim.
1408 5388 1480 5437 τι,
1508 5372 1558 5425 3.

1755 5503 1914 5558 AN'I‘.
1955 5492 2228 5556 AGELLII
2270 5488 2495 5547 NOTAE.

576 5671 688 5745 (Ἅι)
727 5670 886 5727 Deest
925 5671 1169 5735 verbum,
1196 5677 1325 5739 puta
1375 5667 1503 5731 vézt,
1531 5664 1613 5719 vel
1666 5658 1943 5731 ὁμολόγει,
1974 5669 2015 5705 \‘t

2118 5647 2296 5719 tliquid
2345 5642 2537 5699 simile.
