4014 6128
362 307 457 366 191

1351 299 1407 353 S.
1450 296 1725 354 CYRILLI
1765 294 2235 354 ALEXANDRINI
2272 294 2589 351 ARCIIIEP.

3513 300 3623 353 ίθέ

362 426 415 479 lu
472 415 728 472 materias
773 413 1012 470 immittit
1062 413 1128 468 ad
1160 426 1295 483 quas
1333 413 1656 475 accesserit,
1706 412 1841 466 adeo
1879 419 1940 465 ut

2051 409 2266 482 δύναμιν
2295 413 2414 474 ταῖς
2448 409 2600 472 ῦλαις
2628 407 2834 479 ἐνίησιν
2859 404 2947 473 αἷς
2972 410 3037 465 ἄν
3065 410 3306 478 φαίνοιτο
3350 427 3613 480 προσομι-

360 524 552 581 aquam
589 509 760 578 ipsam
812 506 1023 561 tametsi
1074 520 1139 560 ex
1171 514 1362 558 natura
1414 518 1510 557 sua
1558 502 1807 572 frigidam
1832 544 1846 569 ,
1872 502 1939 556 ad

360 600 677 672 qualitatem
708 614 828 668 qua:
871 607 1063 667 prseter
1089 607 1331 650 naturam
1364 595 1528 663 ipsius
1554 601 1634 648 est
1656 631 1671 657 ,
1710 591 1941 646 transfe-

361 701 467 755 rat,
498 700 552 746 et
595 691 825 745 calidam
869 687 1030 742 faciat
1063 704 1082 752 ;
1115 687 1243 754 quid
1282 686 1508 748 mirum,
1551 698 1725 754 quove
1780 683 1938 737 modo

363 781 676 836 incredibile
709 780 984 840 videatur,
1011 777 1054 831 si
1077 779 1248 840 ipsum
1280 790 1347 829 ex
1378 774 1486 829 Deo
1515 773 1674 828 Patre
1706 773 1939 828 Verbum

366 888 489 928 cum
528 873 735 940 sitipsa
786 871 893 924 vita
924 869 1219 923 secundum
1267 875 1535 931 naturam,
1571 880 1790 920 carnem
1839 864 1940 919 sibi

367 965 569 1017 unitum
593 962 857 1015 viviﬁcam
890 959 1121 1013 reddidit
1150 959 1175 1012 ?
1203 959 1414 1027 prepria
1442 973 1673 1026 namque
1697 958 1813 1026 ejus
1836 967 1938 1023 est,

364 1061 419 1108 et
454 1066 555 1105 non
581 1050 806 1103 alterius
831 1048 1128 1117 cuiuspiam
1159 1049 1225 1102 ab
1244 1063 1309 1103 eo
1332 1048 1551 1112 diversi,
1590 1049 1681 1116 qui
1708 1049 1934 1101 seorsim

366 1143 693 1211 intelligatur
715 1180 730 1205 ,
761 1149 815 1197 et
844 1141 1243 1195 uniuseuostro
1273 1155 1497 1195 numero
1520 1140 1772 1194 hominis.
1806 1139 1939 1193 Cum

364 1242 543 1285 autem
583 1233 650 1285 ah
689 1230 773 1285 illa
806 1246 926 1285 cum
958 1231 1441 1301 corpure_mystica
1480 1246 1713 1299 veraque
1744 1231 1943 1284 unione

365 1325 635 1378 vivilicum
662 1322 751 1376 Dei
772 1319 1002 1375 Verbum
1024 1322 1344 1391 segregaris,
1368 1329 1421 1374 et
1442 1322 1660 1375 omnino
1674 1321 1943 1391 disiunxe-

367 1415 465 1480 ris,
486 1416 753 1485 quomodo
777 1415 950 1483 ipsum
973 1427 1168 1480 corpus
1186 1410 1360 1464 adhuc
1378 1409 1647 1464 viviﬁcum
1672 1410 1946 1464 ostendes?

368 1505 501 1573 Quis
531 1520 692 1575 porro
723 1505 810 1559 ille
835 1513 919 1559 est
948 1504 1038 1573 qui
1072 1502 1204 1558 dicit
1232 1516 1246 1553 :
1285 1519 1304 1553 ι
1338 1501 1438 1567 Qui
1466 1501 1943 1556 manducatmeam

368 1611 619 1662 carnem,
653 1607 706 1650 et
730 1596 866 1650 bibit
899 1609 1077 1649 meum
1126 1594 1441 1661 sanguinem
1469 1635 1488 1658 ,
1524 1593 1575 1646 in
1609 1607 1695 1646 me
1740 1602 1943 1657 manet,

369 1695 426 1741 et
464 1702 564 1756 ego
614 1687 666 1741 in
712 1686 815 1741 eo?
848 1705 866 1737 ι
906 1684 1039 1739 Nam
1082 1685 1128 1739 si
1174 1685 1347 1738 homo
1389 1684 1654 1752 quispiam
1692 1684 1941 1748 seorsim,

371 1786 426 1831 et
450 1793 552 1831 non
591 1778 770 1847 p0tius
804 1777 977 1845 ipsum
1009 1776 1100 1830 Dei
1135 1775 1366 1829 Verbum
1411 1775 1612 1828 factum
1650 1783 1732 1829 est
1772 1774 1945 1829 simile

371 1869 548 1933 nobis,
588 1884 673 1924 res
705 1870 818 1937 ipsa
851 1884 969 1937 quae
992 1868 1215 1937 geritur,
1251 1867 1714 1937 authropOpliagia
1738 1868 1862 1931 erit,
1894 1877 1945 1920 ct

372 1957 577 2012 inutilis
608 1959 829 2013 omnino
867 1958 955 2010 illa
992 1957 1349 2025 participatio.
1400 1955 1575 2025 Ipsum
1606 1958 1748 2011 enim
1788 1956 1946 2011 Chri-

372 2057 515 2103 stum
539 2049 802 2103 dicentem
820 2048 981 2101 audio
1008 2067 1021 2103 :
1049 2066 1068 2098 ι
1093 2047 1233 2102 Caro
1260 2063 1363 2102 non
1388 2047 1606 2116 prodest
1626 2046 1943 2115 quidquam,

374 2140 596 2208 spiritus
614 2149 695 2195 est
734 2141 822 2208 qui
850 2139 1083 2193 viviﬁcat
1109 2138 1153 2171 ’θ
1182 2140 1249 2192 ’⁸.
1290 2157 1310 2189 ι
1350 2138 1505 2205 Quod
1553 2140 1693 2192 enim
1726 2140 1793 2193 ad
1829 2140 1947 2208 ejus

372 2242 619 2286 naturam
665 2232 859 2285 attinet
879 2272 891 2292 ,
916 2231 1282 2300 corruptibilis
1329 2230 1543 2301 quidem
1589 2239 1670 2285 est
1699 2245 1828 2285 caro
1850 2271 1866 2296 ,
1895 2241 1950 2285 rt

373 2320 521 2377 nullo
553 2324 710 2375 mmlo
738 2322 1030 2377 virilicabit
1063 2322 1225 2384 alios,
1261 2337 1382 2376 cum
1440 2323 1762 2377 intrinsecus
1796 2322 1951 2393 (28)

374 2415 735 2482 corruptionis
785 2416 973 2469 morbo
1032 2416 1262 2470 laboret.
1320 2414 1545 2481 Quodsi
1577 2432 1772 2486 corpus
1822 2433 1947 2487 pro-

380 2505 556 2571 prium
598 2520 717 2559 esse
771 2505 940 2572 ipsius
996 2504 1151 2560 Verbi
1191 2506 1361 2571 dicis,
1385 2505 1510 2575 quid
1542 2516 1847 2574 portentose
1887 2524 1951 2563 ac

379 2603 583 2650 temere
617 2597 853 2667 loqueris
876 2638 890 2663 ,
932 2608 1093 2667 atque
1120 2599 1402 2653 contendis
1430 2614 1534 2652 non
1562 2614 1682 2654 esse
1726 2602 1947 2653 missum

378 2687 551 2755 ipsum
603 2703 666 2743 ex
714 2689 821 2744 Deo
872 2689 1031 2745 Patre
1066 2687 1296 2744 Verbum
1322 2730 1337 2755 ,
1371 2693 1464 2746 sed
1501 2692 1646 2745 illum
1684 2692 1947 2748 visibilem

378 2789 437 2833 ut
463 2779 532 2834 ab
560 2795 624 2835 eo
647 2781 938 2846 diversum,
966 2796 1059 2836 seu
1095 2796 1311 2837 carnem
1343 2783 1487 2837 illius
1518 2784 1677 2853 110
1703 2786 1953 2854 quamvis

380 2887 544 2925 unum
580 2872 848 2927 Christum
887 2875 1062 2928 divina
1117 2874 1392 2944 Scriptura
1427 2876 1624 2945 ubique
1673 2877 1948 2944 praedicet,

379 2975 433 3018 et
485 2967 754 3021 hominem
802 2967 969 3021 nostri
1021 2968 1249 3022 similem
1312 2968 1510 3022 far-tum
1548 2984 1670 3022 esse
1716 2968 1949 3024 Verbum

2040 499 2165 554 λοῦν
2192 518 2205 531 ·
2255 502 2349 554 καὶ
2396 500 2527 554 αὐτὸ
2575 500 2631 553 δὲ
2677 499 2738 553 τὸ
2786 500 2955 571 ὕδωρ.
3009 501 3185 554 καίτοι
3231 502 3435 571 ψυχρὸν
3476 503 3619 555 κατὰ

2042 590 2200 659 φύσιν
2236 591 2497 660 ὑπάρχον,
2546 590 2830 659 μεθίστησι
2868 590 3003 659 πρὸς
3045 590 3103 642 τὸ
3130 590 3282 661 παρά
3315 591 3493 660 φύσιν,
3521 592 3615 645 καὶ

2042 680 2242 751 θερμὸν
2268 678 2554 733 ἀποτελεῖ·
2582 680 2635 731 τί
2664 679 2725 732 τὸ
2762 680 3063 748 παράδοξον
3088 719 3102 743 ,
3145 681 3448 734 ἀπιστείτω
3482 681 3610 753 [Ισ.

2049 770 2367 842 ἀπιστοῖτο]
2391 771 2435 823 δ’
2467 770 2531 823 ἂν
2566 769 2708 824 κατά
2738 772 2861 825 τίνα
2914 772 3172 842 τρόπονὴ
3208 771 3331 842 [1σ,
3374 771 3459 843 εἰ]
3500 770 3615 842 ζωὴ

2042 864 2183 917 κατά
2212 863 2373 932 φύσιν
2399 862 2658 932 ὑπάρχων
2701 864 2729 915 ὁ
2774 864 2839 915 ὲκ
2886 863 3021 916 Θεοῦ
3067 864 3278 933 Πατρδς
3307 865 3476 932 Λόγος
3514 865 3615 933 τὴν

2042 954 2337 1007 ἑνωθεῖσαν
2378 950 2526 1021 αὐτῷ
2574 952 2775 1021 σάρκα,
2832 949 3092 1014 ξωοποιὸν
3126 953 3436 1021 ἀπέφηνεν;
3509 950 3619 1003 ἰδία

2041 1045 2148 1115 γάρ
2175 1046 2322 1096 ἐστιν
2355 1042 2519 1095 αὐτοῦ
2568 1041 2663 1094 καὶ
2714 1043 2814 1110 οὐχ
2850 1041 3036 1111 ἐτέρου
3083 1041 3226 1104 τινὸς
3278 1041 3407 1111 παρ’
3452 1040 3613 1094 αὐτὸν

2043 1136 2147 1190 ἀνὰ
2176 1135 2339 1205 μέρος
2366 1150 2425 1186 τε
2455 1133 2772 1201 νοουμένου,
2824 1134 2919 1187 καὶ
2957 1132 3067 1185 τῶν
3106 1134 3229 1186 καθ’
3278 1135 3423 1202 ἡμᾶς
3470 1134 3607 1196 ἑνός.

2055 1226 2397 1295 Ἀποστήσας
2421 1224 2476 1277 δὲ
2508 1224 2610 1293 τῆς
2646 1224 2782 1294 πρὸς
2809 1225 2870 1278 τὸ
2902 1225 3062 1294 σῶμα
3095 1228 3363 1295 μυστικῆς
3410 1241 3469 1279 τε
3519 1224 3614 1278 καὶ

2043 1317 2276 1387 ἀληθοῦς
2305 1315 2552 1379 ἑνώσεως
2589 1316 2680 1369 τὸν
2705 1316 2970 1381 ζωοποιδν
3001 1316 3095 1369 τοῦ
3135 1316 3270 1370 Θεοῦ
3302 1317 3493 1384 Λόγον,
3522 1315 3616 1368 καὶ

2043 1409 2249 1473 διιστὰς
2286 1408 2615 1478 ὁλοτρόπως,
2668 1407 2786 1471 πῶς
2829 1407 2895 1461 ἂν
2941 1407 3072 1460 αὐτὸ
3121 1407 3490 1472 καταδείξειας
3534 1407 3615 1460 ἔτι

2046 1501 2346 1568 ζωοποιόν;
2375 1500 2471 1562 Τίς
2495 1500 2550 1552 δὲ
2578 1496 2645 1571 ἦν
2675 1502 2703 1552 ὁ
2732 1499 2924 1567 λέγων,
2970 1518 2988 1551 t
3021 1499 3078 1553 ὐ
3106 1499 3332 1570 τρώγων
3375 1517 3477 1570 μου
3515 1500 3619 1569 τὴν

2047 1594 2243 1665 σάρκα,
2278 1593 2370 1645 καὶ
2402 1592 2569 1647 πίνων
2598 1608 2699 1661 μου
2734 1590 2793 1643 τὸ
2821 1586 2981 1660 αἷμα,
3021 1593 3078 1643 ὲν
3106 1591 3228 1660 ἐμοὶ
3258 1591 3426 1659 μένει,
3460 1588 3616 1655 κάγὼ

2046 1687 2103 1738 ὲν
2132 1685 2278 1754 αὐτῷ
2303 1701 2316 1749 ;
2350 1704 2366 1735 ι
2402 1686 2451 1737 εἰ
2478 1684 2575 1753 μὲν
2602 1680 2693 1737 οὖν
2719 1682 3003 1753 ἅνθρωπός
3026 1699 3110 1745 τις
3142 1682 3342 1746 ίδικῶς,
3375 1681 3469 1734 καὶ
3491 1679 3615 1749 οὐχ).

2044 1778 2109 1848 δὴ
2166 1777 2364 1847 μᾶλλον
2415 1777 2607 1845 γέγονε
2675 1774 2797 1828 καθ’
2843 1775 2989 1846 ἡμᾶς
3037 1774 3066 1825 ὁ
3106 1773 3200 1826 τοῦ
3237 1771 3372 1824 Θεοῦ
3418 1772 3613 1839 Λόγος,

2045 1869 2479 1941 ἀνθρωποφαγία
2514 1868 2573 1921 τὸ
2596 1868 2891 1938 δρώμενον,
2929 1868 3027 1920 καὶ
3052 1866 3307 1935 ἀνόνητος
3337 1863 3627 1925 παντελῶς

2047 1964 2081 2031 ἡ
2110 1959 2344 2031 μέθεξις.
2377 1959 2552 2013 Αὐτοῦ
2575 1958 2685 2030 γὰρ
2712 1959 2896 2013 ἀκούω
2928 1958 3178 2027 λέγοντος
3215 1956 3309 2010 τοῦ
3336 1954 3576 2027 Χριστοῦ
3599 1970 3614 1983 ·

2054 2072 2072 2105 ι
2095 2053 2159 2106 Ἦ
2188 2052 2323 2125 σάρξ
2348 2053 2447 2105 οὐκ
2478 2050 2679 2120 ώφελεί
2712 2051 2867 2104 οὐδέν
2887 2067 2901 2081 ⁸
2928 2050 2990 2104 τὸ
3013 2048 3231 2119 πνεῦμά
3263 2050 3377 2100 ἐστι
3401 2047 3462 2099 τὸ
3482 2046 3623 2110 ζωο-

2048 2143 2255 2198 ποιοῦν·
2286 2163 2305 2196 ›
2330 2147 2452 2198 ὅσον
2477 2144 2589 2215 γὰρ
2607 2139 2741 2216 ἦκεν
2767 2148 2847 2205 εἰς
2879 2142 3017 2196 ἰδίαν
3048 2142 3231 2210 φύσιν,
3269 2139 3484 2209 φθαρτὴ
3517 2135 3619 2206 μὲν

2049 2240 2082 2306 ἡ
2112 2237 2275 2307 σάρξ·
2324 2237 2649 2306 ζωοποιήσει
2689 2236 2744 2288 δὲ
2775 2236 2894 2288 κατ’
2924 2235 3116 2287 οὐδένα
3145 2233 3343 2302 τρόπον
3375 2231 3615 2299 ἑτέρους,

2047 2325 2260 2378 οἴκοθεν
2298 2326 2437 2395 αὐτὴ
2472 2325 2703 2378 νοσοῦσα
2740 2325 2839 2395 τὴν
2873 2323 3099 2394 φθοράν.
3134 2325 3196 2376 Εἰ
3236 2323 3292 2375 δὲ
3333 2320 3498 2374 αὑτοῦ
3524 2319 3629 2373 τοῦ

2048 2418 2222 2484 Λόγου
2254 2417 2315 2469 τὸ
2362 2416 2523 2486 σῶμα
2575 2417 2705 2470 [διον
2755 2411 2894 2468 εἶναι
2944 2415 3070 2485 φὴς.
3117 2414 3170 2467 τί
3218 2412 3482 2483 τερατεύῃ
3526 2412 3625 2463 καὶ

2049 2509 2439 2578 εἰκαιομυθεῖς,
2494 2508 2594 2560 οὐκ
2648 2507 2812 2560 αὐτὸν
2864 2505 3203 2561 ἀπεστάλθαι
3246 2505 3336 2558 τὸν
3380 2507 3443 2557 ὲκ
3485 2502 3625 2555 Θεοῦ

2050 2600 2261 2668 Πατρὸς
2303 2599 2473 2667 Λόγον
2523 2599 2945 2669 διατεινόμενον,
2998 2597 3112 2650 ἀλλ’
3160 2597 3234 2661 ὡς
3282 2595 3469 2666 ἔτερόν
3499 2610 3622 2648 τινα

2051 2678 2178 2760 παρ’
2205 2689 2389 2755 αὐτὸν,
2426 2689 2518 2741 τὸν
2546 2688 2841 2767 ὁρώμενον,
2888 2690 3006 2759 ἦτοι
3050 2689 3150 2758 τὴν
3194 2687 3376 2755 σάρκα
3414 2684 3578 2738 αὑτοῦ
3604 2698 3619 2712 ’

2050 2783 2227 2835 καίτοι
2266 2781 2503 2852 Χριστὸν
2548 2780 2645 2835 ἕνα
2696 2785 2795 2852 τῆς
2833 2781 3191 2834 θεοπνεύστου
3243 2780 3467 2852 Γραφῆς
3508 2778 3626 2831 δια·

2052 2872 2264 2941 6οώσης
2292 2873 2591 2943 πανταχοῦ,
2626 2874 2719 2927 καί
2746 2874 3030 2944 ἄνθρωπον
3052 2874 3172 2926 καθ’
3196 2875 3340 2944 ἡμᾶς
3370 2870 3629 2940 γενέσθαι

2051 2965 2142 3017 τὸν
2173 2964 2365 3033 Λόγον,
2394 2961 2454 3017 εὖ
2496 2963 2641 3033 μάλα
2672 2965 3178 3035 διαϐεϐαιουμένης,
3218 2965 3430 3033 καὶτῆς
3459 2961 3625 3032 όρθῆς

381 3071 597 3125 prorsus
622 3057 851 3111 allirmet
875 3096 890 3122 ,
920 3073 983 3111 ac
1029 3068 1187 3112 recta:
1228 3058 1347 3112 ildei
1392 3060 1612 3112 traditio
1636 3060 1718 3114 his
1744 3059 1943 3114 liuibus

2052 3057 2291 3119 πίστεως
2315 3055 2413 3126 τὴν
2442 3056 2740 3126 παράδοσιν
2762 3056 3093 3127 ὁριζομένης
3117 3058 3174 3110 ὲν
3205 3056 3448 3120 τούτοις
3486 3052 3627 3106 Ἀλλ’

378 3148 720 3203 contineatur
747 3148 770 3201 ?
806 3148 908 3201 Sed
942 3148 1104 3201 nimia
1129 3150 1414 3202 admodum
1450 3149 1710 3219 religione
1740 3166 1953 3218 permo-

381 3249 466 3293 tus
519 3239 817 3303 erubescit,
865 3250 921 3292 ut
972 3240 1263 3293 vrrisimile
1313 3242 1514 3303 est,de
1566 3243 1952 3298 exinanitionis

380 3343 663 3396 mensura,
699 3341 753 3384 et
783 3332 891 3387 Deo
938 3342 992 3384 et
1043 3329 1186 3384 Patri
1240 3342 1564 3385 coasteruum
1631 3331 1859 3398 Filium,
1899 3336 1951 3388 in

381 3420 567 3474 eadem
592 3435 711 3474 cum
736 3420 991 3475 Genitore
1012 3421 1178 3476 forma
1205 3433 1260 3477 et
1292 3425 1529 3478 omnium
1564 3441 1742 3480 rerum
1772 3443 1953 3496 acqua-

379 3511 560 3578 litate,
591 3512 880 3566 demissum
920 3515 985 3566 ad
1016 3513 1370 3568 humilitatem
1412 3516 1591 3569 videre
1637 3535 1738 3571 nun
1793 3522 1954 3573 susti-

382 3612 507 3668 net;
546 3611 761 3655 acrusat
808 3611 987 3655 autem
1040 3603 1529 3672 dispensationem,
1606 3617 1659 3662 et
1714 3609 1952 3663 divinum

379 3692 611 3745 fortasse
674 3692 990 3753 consilium,
1020 3702 1182 3762 atque
1234 3695 1613 3762 cogitationem
1665 3700 1954 3767 repreheno

379 3781 533 3833 sione
563 3795 753 3834 vacare
789 3796 892 3835 non
925 3783 1146 3850 patitur.
1195 3783 1423 3839 Simulat
1460 3788 1601 3841 enim
1633 3790 1736 3843 vim
1766 3794 1955 3845 verbo-

380 3888 497 3926 rum
565 3872 762 3927 Christi
825 3887 883 3928 se
941 3876 1263 3944 exquirere,
1302 3893 1381 3951 ,ac
1437 3880 1598 3934 veluti
1672 3884 1950 3937 ruminans

378 3962 797 4031 profunditatem
850 3968 1238 4023 sententiarum
1264 4009 1280 4034 ,
1319 3970 1513 4025 deinde
1559 3973 1700 4040 quod
1743 3990 1770 4025 a
1801 3976 1953 4031 nobis

379 4056 575 4110 dicitur
614 4073 678 4112 eo
707 4059 1008 4126 perducens
1031 4099 1046 4124 ,
1080 4060 1220 4115 sicut
1260 4062 1373 4130 ipse
1425 4073 1609 4133 putat,
1646 4075 1701 4119 ut
1724 4068 1953 4122 absurde

378 4154 433 4199 ct
491 4148 735 4216 imperite
771 4152 974 4204 dictum
1009 4153 1273 4208 videatur.
1311 4172 1331 4206 ι
1372 4153 1697 4221 Videamus,
1747 4159 1946 4225 inquit,

379 4238 623 4306 quisnam
660 4253 855 4307 przctcr
906 4245 1229 4297 sententiam
1272 4246 1699 4316 interpretetur:
1743 4269 1760 4300 ι
1802 4250 1952 4305 Sicut

387 4349 405 4379 s
436 4331 578 4384 misit
606 4348 689 4385 me
724 4332 907 4384 vivens
942 4333 1131 4397 l’atcr;
1170 4355 1188 4387 ι
1227 4352 1348 4387 nant
1376 4338 1623 4391 similiter
1653 4351 1813 4407 atque
1842 4343 1949 4405 ille,

386 4437 404 4470 ι
435 4435 533 4488 ego
563 4423 685 4475 vivo
724 4439 742 4473 ι
799 4423 938 4476 Deus
985 4421 1215 4476 Verbum
1262 4443 1280 4475 ι
1321 4436 1541 4496 promer
1583 4428 1792 4484 Patrem

387 4530 406 4563 ι
435 4513 522 4580 qui
547 4513 834 4568 manducat
874 4528 977 4575 me,
1011 4524 1065 4569 et
1090 4515 1178 4569 ille
1203 4517 1376 4583 vivet;
1420 4538 1437 4569 ι
1471 4535 1629 4588 quem
1658 4525 1949 4577 manduca-

382 4617 522 4664 mus,
546 4602 901 4666 divinitatem,
927 4619 992 4657 au
1019 4608 1279 4661 carnem?
1303 4628 1319 4658 ι
1356 4606 1489 4662 Num
1524 4611 1734 4664 tandem
1761 4616 1948 4678 sentis,

382 4708 490 4760 quo
518 4710 670 4746 mens
697 4703 785 4746 tua
813 4694 885 4746 sit
925 4695 1040 4749 loco
1077 4696 1101 4750 ?
1129 4714 1249 4751 nam
1282 4716 1338 4754 se
1363 4702 1582 4755 missum
1617 4719 1736 4757 esse
1770 4705 1952 4760 dicens

383 4783 559 4850 ipsum
593 4782 682 4835 Dei
723 4784 976 4849 Verbum,
1013 4806 1031 4837 ι
1065 4787 1126 4841 Et
1164 4791 1253 4857 qui
1284 4793 1567 4848 manducat
1620 4813 1723 4861 tne,
1756 4798 1948 4866 inquit,

383 4884 436 4927 et
478 4873 568 4927 ille
600 4874 760 4928 vivet.
815 4892 834 4925 ι
866 4873 1251 4935 Matiducamus
1290 4891 1469 4938 autem
1514 4900 1646 4952 nos,
1674 4902 1777 4941 non
1814 4889 1954 4956 quod

456 5027 505 5061 "
543 5029 601 5107 ὀγ
629 5027 787 5084 Joan.
819 5045 894 5097 rt,
930 5028 1019 5083 64.

2054 3152 2119 3204 ἐκ
2153 3150 2352 3221 πολλῆς
2379 3150 2518 3219 ἄγαν
2550 3150 2836 3213 εὐλαϐείας
2864 3149 3186 3221 ὲπερυθριᾷ,
3207 3148 3347 3202 κατά
3374 3149 3434 3202 τὸ
3459 3146 3631 3211 εἰκὸς,

2053 3246 2166 3304 τοῖς
2192 3242 2294 3312 τῆς
2321 3244 2605 3304 κενώσεως
2637 3243 2879 3313 μέτροις,
2912 3243 3005 3295 καὶ
3029 3242 3128 3295 οὐκ
3163 3242 3413 3312 ἀνέχεται
3437 3241 3527 3294 τὸν
3551 3239 3633 3311 τῷ

2055 3335 2173 3404 Θεῷ
2208 3337 2301 3389 καὶ
2341 3337 2515 3405 Πατρὶ
2566 3335 2836 3388 συναῖδιον
2873 3335 3023 3399 Υἱδν,
3071 3334 3162 3388 τὸν
3210 3336 3266 3388 ὲν
3308 3338 3490 3406 μορφῇ
3534 3334 3630 3388 καὶ

2058 3427 2261 3497 ἰσότητι
2299 3430 2364 3497 τῇ
2409 3427 2551 3480 κατά
2590 3429 2697 3481 πᾶν
2745 3427 2924 3481 ὁτιοῦν
2958 3427 3035 3495 τῷ
3086 3430 3465 3500 γεγεννηκότι,
3498 3428 3630 3481 καθ-

2057 3519 2280 3588 ιγμένον
2306 3519 2434 3572 ἰδεῖν
2464 3521 2545 3581 εἰς
2573 3520 2901 3573 ταπείνωσιν
2926 3534 2939 3545 ·
2980 3519 3251 3589 γράφεται
3274 3521 3330 3575 δὲ
3356 3522 3455 3594 τὴν
3488 3525 3632 3575 οἰκο-

2054 3608 2269 3677 νομίαν,
2316 3610 2408 3660 καὶ
2453 3608 2554 3678 τὴν
2602 3608 2752 3662 Θείαν
2814 3609 2955 3679 τάχα
3006 3626 3105 3661 που
3167 3609 3364 3680 βουλήν
3415 3627 3473 3663 τε
3536 3613 3630 3663 καί

2058 3700 2257 3770 σκῆψιν
2287 3700 2395 3771 (‘29)
2425 3701 2812 3754 ἀκαταιτίατον
2832 3703 2931 3755 οὐκ
2958 3703 3040 3773 ἐᾷ.
3062 3703 3369 3771 Σκήπτεται
3397 3701 3495 3771 μὲν
3520 3702 3636 3773 γὰρ

2056 3792 2528 3863 πολυπραγμονεῖν
2559 3791 2670 3844 τῶν
2716 3794 3024 3863 εἰρημένων
3066 3793 3215 3864 παρά
3256 3793 3492 3863 Χριστοῦ
3531 3793 3632 3864 τὴν

2052 3883 2299 3953 δύναμιν,
2350 3885 2442 3937 καὶ
2488 3878 2598 3937 οἷον
2638 3883 3108 3953 ἀναμασσώμενος
3151 3885 3213 3937 τὸ
3259 3885 3366 3937 τῶν
3411 3886 3633 3937 ἐννοιῶν

2056 3974 2252 4043 βάθος
2291 3970 2410 4028 εἶτα
2457 3974 2763 4046 περιιστὰς,
2804 3975 2879 4038 ὡς
2918 3976 3108 4041 οἴεται,
3159 3975 3249 4029 τὸν
3304 3978 3434 4046 παρ’
3476 3976 3632 4046 ἡμῶν

2054 4066 2230 4134 λόγον,
2278 4068 2359 4130 εἰς
2403 4067 2463 4120 τὸ
2509 4067 2754 4130 ἐκτόπως
2798 4085 2856 4120 τε
2884 4067 2979 4121 καὶ
3027 4067 3254 4138 ἀμαθῶς
3303 4068 3632 4136 πεποιῆσθαι

2054 4159 2552 4229 δοκεῖνΛιἽδωμεν,
2583 4160 2734 4229 φησί,
2766 4159 2847 4221 τίς
2879 4160 2906 4211 ὁ
2933 4159 3412 4230 παρερμηνεύωνί
3434 4158 3632 4221 Καθὼς

2061 4271 2078 4303 ι
2116 4250 2401 4303 ἀπέστειλέ
2435 4267 2500 4319 με
2533 4252 2560 4303 ό
2591 4250 2699 4314 ζῶν
2732 4251 2920 4320 Πατήρ
2945 4267 2993 4302 ⁸)
3031 4252 3152 4303 κατ’
3186 4252 3443 4315 ὲκεῖνον,ι
3477 4247 3633 4321 κάγὼ

2062 4360 2079 4392 ι
2116 4340 2211 4407 ζῶ,
2243 4360 2260 4391 ι
2284 4340 2311 4391 ὀ
2338 4341 2467 4403 Θεδς
2499 4339 2719 4407 Λόγος,‹
2747 4339 2832 4392 διὰ
2852 4340 2942 4391 τὸν
2966 4340 3207 4409 Πατέρα·
3226 4341 3319 4393 καὶ
3353 4340 3381 4390 ὁ
3403 4338 3632 4409 τρώγων

1827 4448 1840 4481 :
1900 4445 1953 4487 ct
1988 4417 2030 4471 ί)
2069 4450 2085 4481 ι
2115 4448 2202 4501 με,
2231 4431 2482 4493 κάκεῖνος
2507 4430 2784 4498 ζήσεται.»
2814 4428 2946 4482 Τίνα
2975 4429 3365 4501 ὲσθέομεν.τὴν
3379 4428 3630 4498 θεότητα,

2059 4520 2210 4592 ἢτὴν
2242 4521 2450 4592 adipata;
2484 4540 2502 4573 ι
2542 4516 2666 4592 *Δρ*
2702 4516 2793 4574 οῦν
2820 4520 3048 4591 αἰσθάνῃ
3075 4520 3258 4574 λοιπον
3276 4523 3398 4574 ὅποι
3431 4521 3558 4573 ποτε
3583 4516 3637 4573 εἰ

2060 4612 2313 4682 φρενῶν;
2362 4612 2700 4665 ἀπεστάλθαι
2738 4612 2847 4683 γὰρ
2893 4612 3063 4681 λέγων
3106 4612 3295 4664 ἑαυτὸν
3321 4614 3347 4664 ὁ
3376 4612 3468 4665 τοῦ
3496 4610 3629 4664 Θεοῦ

2058 4704 2255 4772 Λόγος,
2293 4722 2310 4755 t
2335 4704 2444 4756 Καὶ
2470 4706 2497 4756 ὁ
2520 4702 2749 4773 τρώγων
2778 4720 2865 4772 με,
2887 4707 3039 4772 φησι,
3069 4704 3318 4766 κάκεῖνος
3348 4703 3627 4773 ζήσεται.»

2060 4794 2356 4867 Ἒσθίομεν
2404 4796 2461 4848 δὲ
2500 4796 2681 4866 ἡμεῖς,
2732 4796 2793 4847 οὐ
2846 4784 2943 4865 τήν
2982 4794 3211 4865 θεότητα
3260 4791 3632 4855 δαπανῶντες,

2068 4889 2248 4959 ἄπαγε
2297 4889 2397 4959 τῆς
2444 4887 2785 4958 δυσϐουλίας,
2820 4885 2954 4939 ἀλλά
2985 4887 3086 4956 τὴν
3131 4884 3263 4938 ἰδίαν
3314 4883 3409 4938 τοῦ
3456 4883 3631 4949 Λόγου

1642 5165 1800 5222 ΑΝΤ.
1841 5167 2113 5224 AGELLII
2152 5169 2378 5225 ΝΟΤᾹΞ.

464 5327 577 5398 (28)
632 5328 958 5385 Intrinsecus
1030 5330 1212 5401 putavi
1273 5331 1577 5401 commode
1612 5330 1747 5384 verti
1822 5330 1963 5397 quod

391 5398 579 5450 Cra-re
632 5411 734 5463 est,
774 5398 1154 5468 otxoOsv,'quu
1194 5400 1450 5452 adverbio
1504 5400 1675 5453 utitur
1715 5415 1967 5453 nonnun-

393 5479 777 5537 quamauctor
804 5471 855 5537 in
904 5471 1003 5523 hac
1050 5470 1462 5537 signiﬁcatione,
1493 5479 1550 5521 ut
1586 5469 1679 5521 lib.
1721 5484 1793 5529 tv,
1843 5483 1965 5537 pag.

395 5538 505 5610 98_:
529 5536 739 5610 οἴκοθεν
769 5534 860 5590 οὖν
898 5540 1006 5609 ἄρα
1038 5534 1132 5591 καλ
1176 5539 1303 5610 παρ’
1338 5538 1501 5610 α-ὑτοῦ
1540 5540 1599 5591 τὸ
1631 5534 1967 5610 πνεῦμααῦ-

398 5605 517 5665 τοῦ,
543 5606 855 5677 intrinsecus
884 5605 1031 5677 erat)
1078 5610 1188 5673 ipso
1224 5605 1297 5661 est
1351 5607 1576 5677 Spiritus
1613 5605 1831 5674 cjus,”et
1860 5610 1962 5677 ἕως

400 5676 499 5729 οὐκ
541 5675 951 5744 είσκεκριμένον
1000 5676 1216 5743 ἔξωθεν,
1250 5677 1365 5730 ἀλλ’
1393 5675 1605 5731 ὀἴκοθεν
1640 5679 1750 5746 ἔχει
1790 5676 1879 5729 καὶ
1910 5678 1967 5741 ἐξ

2065 5329 2229 5405 αὑτοῦ
2255 5333 2316 5384 τὸ
2344 5333 2584 5402 ἐνεργεῖν
2608 5330 2863 5405 δύνασθαι
2882 5371 2896 5393 ,
2926 5334 3235 5405 intrinsecus
3258 5344 3305 5387 et
3332 5349 3397 5386 ea:
3433 5350 3489 5388 se
3516 5333 3636 5405 ipso

2066 5400 2218 5453 habet
2261 5411 2315 5453 ut
2353 5400 2559 5465 operari
2591 5414 2637 5454 et
2668 5402 2876 5469 efﬁcere
2900 5403 3079 5469 possit.

2140 5470 2250 5537 ('29)
2280 5470 2437 5524 Forte
2469 5471 2677 5538 σκέψιν,
2734 5472 3095 5538 cogitationem
3137 5483 3287 5538 utque
3332 5474 3634 5527 considera-

2068 5540 2278 5614 tionem,
2311 5552 2367 5614 ut
2399 5540 2534 5614 libro
2560 5553 2804 5614 St'tltletlll
2833 5541 3102 5614 pag._l‘20,
3132 5541 3317 5611 ἐπειδὴ
3341 5542 3397 5593 δὲ
3422 5543 3635 5614 χρηστά

2071 5610 2197 5676 περὶ
2222 5610 2377 5677 ἡμῶν
2409 5611 2436 5660 ὀ
2463 5609 2799 5677 Δημιουργὸς
2829 5610 3112 5676 ἐσκέψατο,
3135 5609 3404 5679 postquam
3422 5609 3633 5666 ’ᾶεήο-

2072 5679 2145 5730 bis
2181 5680 2264 5731 ille
2290 5680 2543 5732 Conditor
2571 5686 2784 5732 utctwru
2810 5680 3078 5747 cogitavit.
