4014 6128
281 290 373 350 193
1299 290 1664 348 ADVERSUS
1703 289 2108 349 NESTORIUM
2155 292 2281 347 LIB.
2317 296 2406 351 IV.
3426 302 3529 358 194

279 413 451 485 σάρκα
493 409 759 476 ζωοποιδν
801 414 1208 484 γεγενημένην,
1267 415 1350 469 ὃτι
1409 416 1632 486 γέγονεν
1683 416 1834 471 αὐτοί

1956 416 2125 486 ipsam
2162 417 2496 473 divinitatem
2527 432 2911 475 eonsumamus
2938 420 2957 490 (
2989 435 3161 491 apage
3190 423 3258 476 ab
3286 423 3387 478 ista
3422 425 3524 478 im-

278 507 473 572 ζῶντος
504 506 596 559 διὰ
613 505 703 558 τὸν
732 506 947 575 Πατέρα
973 522 987 537 ⁸
1020 507 1115 560 καὶ
1141 508 1239 578 οὐχ
1270 509 1352 563 ὅτι
1383 508 1507 579 [τον.
1535 511 1629 563 καὶ
1662 508 1847 581 οὗτοι]

277 595 373 648 πού
406 612 589 665 φαμεν
613 594 753 648 κατὰ
778 594 999 664 μέθεξιν
1039 596 1139 667 τὴν
1177 597 1397 665 ἔξωθεν,
1439 600 1532 653 καὶ
1573 601 1850 671 εἰσκεκρι-

280 686 451 755 μένως
494 683 882 748 ζωοποιεῖσθαι
932 685 1025 739 τὸν
1066 688 1240 756 Λόγον
1284 692 1437 760 παρὰ
1472 691 1567 744 τοῦ
1612 693 1845 761 Πατρδς,

277 775 412 846 ζωὴν
442 775 502 826 δὲ
548 775 752 840 μᾶλλον
790 775 931 830 κατὰ
973 776 1134 847 φύσιν
1177 773 1316 833 εἶναι
1353 780 1842 853 διαὸεΰαιούμεθα·

277 868 589 936 γεγέννηται
608 867 716 938 γὰρ
749 867 825 931 ὡς
858 869 921 921 ὲκ
951 868 1096 940 ζωῆς
1115 869 1209 924 τοῦ
1234 872 1462 942 Πατρός.
1494 875 1700 944 Ὅνπερ
1739 874 1846 946 γὰρ

277 957 466 1028 τρόπον
494 954 554 1009 τὸ
591 957 685 1024 τοῦ
725 957 881 1027 ἡλίου
939 960 1292 1031 πεμπόμενον
1335 962 1512 1026 σέλας,
1555 965 1604 1016 εί
1638 965 1846 1033 λέγοιτο

280 1048 425 1118 τυχὸν
454 1048 707 1121 λαμπρὸν
734 1046 873 1104 εἶναι
900 1050 990 1105 διὰ
1022 1052 1114 1104 τὸν
1154 1054 1500 1123 πεπομφότα,
1532 1057 1718 1127 ῆγουν,
1754 1057 1844 1113 τὸν

273 1140 327 1204 ἐξ
360 1134 420 1194 οὗ
452 1141 742 1211 πάρεστιν,
765 1142 832 1194 οὐ
872 1144 1013 1197 κατὰ
1047 1145 1265 1213 μέθεξιν
1298 1146 1412 1216 ἔχει
1443 1147 1504 1200 τὸ
1530 1144 1670 1202 εἶναι
1702 1148 1843 1219 λαμ-

274 1230 416 1302 πρδν,
456 1231 572 1285 ἀλλ’
607 1228 720 1285 οἷον
745 1235 811 1286 ὲκ
840 1236 1077 1304 φυσικῆς
1102 1237 1401 1305 εὐγενείας,
1428 1240 1488 1293 τὸ
1509 1239 1603 1295 τοῦ
1637 1259 1845 1312 πεπομ-

272 1322 441 1392 φότος,
505 1324 673 1394 ἦγουν
718 1326 1177 1397 ἀπαστράψαντος
1220 1328 1597 1401 πλεονέκτημα
1648 1337 1839 1403 φορτί’

268 1415 399 1466 κατὰ
422 1413 521 1467 τὸν
552 1415 686 1479 ι’σον,
713 1409 891 1485 οἶμαι,
922 1418 1097 1490 τούτῳ
1121 1419 1320 1490 τρόπον
1344 1438 1402 1473 τε
1429 1424 1523 1476 καὶ
1539 1423 1717 1492 λόγον,
1738 1424 1842 1477 κᾶν

266 1508 312 1559 εἰ
336 1506 484 1575 λέγοι
514 1507 615 1578 ζῇν
646 1508 841 1562 ἑαυτὸν
863 1510 892 1561 ό
920 1510 1044 1574 Υἱὸς
1068 1511 1152 1566 διὰ
1175 1513 1264 1566 τὸν
1288 1515 1527 1586 Πατέρα,
1560 1520 1842 1590 μαρτυρήα-

266 1616 401 1653 σειεν
434 1600 503 1654 ἂν
529 1600 706 1672 ἐαυτῷ
731 1602 829 1675 τὴν
860 1603 921 1655 ἐκ
952 1604 1160 1672 Πατρός
1187 1605 1488 1673 εὐγένειαν,
1524 1609 1617 1662 καὶ
1645 1612 1705 1662 οὐ
1728 1613 1840 1672 τοῖς

262 1690 444 1755 ἄλλοις
500 1693 791 1764 κτίσμασιν
846 1695 1067 1765 ἀναμὶξ,
1122 1698 1366 1768 ἐπακτήν
1406 1717 1467 1753 τε
1513 1702 1606 1754 καὶ
1640 1701 1838 1768 ἔξωθεν

259 1782 406 1854 ἔχειν
437 1784 757 1857 ὁμολογήσει
783 1786 885 1856 τὴν
918 1786 1086 1858 ζωήν.
1124 1789 1331 1860 Ὠσπερ
1362 1791 1419 1845 δὲ
1462 1793 1522 1846 τε»
1548 1794 1712 1848 αὑτοῦ
1739 1794 1835 1848 τοῦ

260 1875 437 1943 Λόγου
489 1875 646 1946 σῶμα
689 1878 951 1941 ζωοποιόν
1002 1882 1167 1947 ἐστιν,
1217 1881 1347 1935 ἴδιον
1392 1885 1557 1938 αὑτοῦ
1604 1903 1838 1958 ποιησα-

260 1966 424 2035 μένου
456 1967 575 2020 καθ’
599 1968 791 2021 ἕνωσιν
821 1969 998 2040 ἁληθῆ
1023 1970 1122 2041 τὴν
1152 1973 1291 2045 ὑπὲρ
1313 1975 1436 2029 νοῦν
1461 1994 1521 2029 τε
1546 1979 1639 2031 καὶ
1660 1980 1834 2048 λόγον·

257 2057 400 2111 οῦτω
450 2060 545 2112 καὶ
589 2062 749 2131 ἡμεῖς
781 2062 831 2114 οἱ
874 2063 932 2115 ἐν
978 2062 1194 2132 μεθέξει
1223 2069 1517 2139 γενοίμεθα
1548 2071 1647 2140 τῆς
1674 2073 1839 2141 ἁγίας

257 2151 488 2218 σαρκός,
531 2151 628 2203 καὶ
661 2152 894 2221 αἳματος
927 2154 1118 2218 αὐτοῦ,
1168 2159 1343 2230 πάντῃ
1387 2178 1445 2213 τε
1480 2164 1575 2217 καὶ
1621 2164 1840 2227 πάντως

256 2238 693 2311 ζωοποιοῦμεθα,
726 2245 981 2315 μένοντος
1021 2248 1079 2300 ἐν
1121 2251 1255 2320 ἡμῖν
1300 2251 1393 2304 τοῦ
1432 2254 1603 2322 Λόγου
1641 2254 1840 2319 θεῖκῶς

257 2333 380 2402 μὲν,
424 2334 514 2389 διὰ
545 2336 639 2390 τοῦ
666 2338 823 2405 ἁγίου
864 2339 1201 2410 Πνεύματος,
1249 2344 1604 2414 ἀνθρωπίνως
1642 2348 1699 2400 δὲ
1746 2344 1837 2414 αὖ,

253 2423 345 2477 διὰ
370 2425 474 2494 τῆς
500 2427 660 2495 ἁγίας
684 2428 892 2499 σαρκὸς
919 2432 1014 2484 καὶ
1050 2433 1141 2485 τοῦ
1173 2436 1351 2503 τιμίου
1394 2437 1647 2507 αἵματος.
1690 2440 1838 2492 Ἐπισ

252 2515 548 2584 ψηφιεῖται
572 2518 629 2571 δὲ
665 2515 745 2583 οἷς
770 2520 909 2592 ἔφην
936 2523 997 2576 τὸ
1024 2524 1223 2594 ἀληθὲς
1242 2526 1269 2577 ὁ
1295 2527 1584 2595 ἱερώτατος
1609 2531 1839 2595 Παῦλος,

253 2607 358 2661 ὡδὶ
409 2608 703 2679 γεγραφὼς
750 2615 864 2675 τοῖς
905 2614 963 2665 ὲν
1013 2615 1265 2685 Κορίνθῳ
1313 2620 1733 2674 πεπιστευκόσιν
1766 2624 1845 2686 είς

253 2698 350 2751 τὸν
388 2699 598 2769 Κύριον
631 2701 788 2771 ἡμῶν
847 2704 1057 2773 Ἰησοῦν
1093 2706 1184 2758 τὸν
1213 2708 1450 2778 Χριστόν
1473 2724 1486 2737 ⁸
1522 2729 1540 2762 ι
1580 2712 1666 2775 Ὠς
1712 2731 1843 2784 φρο-

251 2789 445 2859 νίμοις
476 2790 642 2858 λέγω,
674 2795 898 2864 κρίνατε
927 2795 1085 2865 ὑμεῖς
1110 2797 1136 2850 ὅ
1163 2816 1303 2869 φημι
1325 2816 1339 2830 '
1366 2801 1426 2854 τὸ
1459 2805 1714 2873 ποτήριον
1744 2808 1843 2880 τῆς

252 2880 522 2949 εὐλογίας
548 2881 577 2934 ὃ
602 2883 956 2955 εὐλογοῦμεν,
991 2888 1111 2958 οὐχὶ
1142 2891 1396 2944 κοινωνία
1424 2894 1535 2946 ἐστὶ
1556 2895 1647 2948 τοῦ
1677 2899 1842 2969 αἵμα-

252 2986 342 3032 τος
366 2970 468 3023 τοῦ
499 2972 737 3043 Χριστοῦ
759 2990 773 3038 ;
808 2977 900 3029 τὸν
928 2977 1092 3047 ἄρτον
1116 2977 1174 3032 ὃν
1200 2979 1434 3050 κλῶμεν,
1455 2984 1574 3055 οὑχὶ
1591 2990 1843 3045 κοινωνία

1952 509 2236 580 pietate),
2268 511 2361 565 sed
2410 509 2554 564 illam
2607 511 2879 581 propriam
2931 512 3091 566 Verbi
3135 528 3355 568 carnem
3413 515 3527 585 jam

1950 599 2216 653 viviticatn
2255 598 2498 654 eﬂ‘ectam
2526 642 2541 666 ,
2571 601 2695 669 quia
2728 601 2844 671 ejus
2872 603 3010 657 facta
3040 611 3142 670 est,
3175 604 3265 672 qui
3308 616 3531 673 propter

1948 688 2162 744 Patrem
2221 692 2351 745 vivit
2395 711 2408 746 :
2446 703 2501 746 et
2553 702 2703 748 certe
2755 710 2859 747 non
2930 695 3159 750 dicimus
3218 696 3523 752 extrinseea

1949 781 2356 849 participatione
2388 794 2444 838 et
2477 784 2768 838 adventitia
2806 785 3068 841 vivificari
3096 786 3331 842 Verbum
3366 802 3393 841 a
3419 786 3527 842 Pa-

1950 879 2052 931 tre,
2076 872 2168 923 sed
2207 871 2366 925 vitam
2407 873 2585 940 potius
2615 888 2710 941 per
2735 884 2983 929 naturam
3010 891 3132 933 esse
3153 876 3484 933 aﬂirtnamus
3509 896 3525 944 ;

1946 962 2158 1028 genitus
2200 971 2282 1016 est
2335 964 2479 1016 enim
2524 965 2591 1019 de
2638 965 2797 1022 Patre
2855 974 3114 1037 tanquam
3153 967 3222 1023 de
3268 969 3396 1023 vita.
3458 967 3529 1024 Ut

1946 1052 2088 1105 cnim
2125 1052 2356 1123 fulgor.a
2392 1055 2503 1109 sole
2538 1055 2769 1121 missus,
2811 1057 3022 1112 si’t‘orte
3052 1057 3366 1126 splendidus
3406 1073 3529 1113 esse

1945 1145 2156 1199 dicatur
2184 1156 2405 1215 propter
2438 1146 2760 1212 mittentem,
2790 1149 2870 1203 vel
2912 1159 3134 1216 propter
3165 1165 3287 1203 eum
3321 1164 3385 1203 ex
3416 1164 3527 1218 quo

1945 1235 2222 1302 provenit,
2256 1250 2359 1289 non
2393 1251 2455 1289 ex
2485 1238 2895 1306 participatione
2946 1240 3104 1293 habet
3134 1249 3187 1293 ut
3213 1238 3520 1305 splendeat,

1943 1329 2038 1380 sed
2062 1328 2456 1397 quodammodo
2488 1344 2551 1381 ex
2581 1330 2809 1383 naturali
2853 1331 3134 1384 nobilitate
3184 1330 3331 1384 illam
3360 1331 3525 1384 emit-

1945 1421 2106 1474 tentis
2150 1435 2244 1475 seu
2282 1420 2602 1488 fulgurantis
2644 1423 3014 1478 excellentiam
3050 1422 3258 1489 defert;
3300 1423 3525 1486 eodem,

1942 1514 2156 1580 opinor,
2189 1513 2371 1578 modo,
2403 1512 2705 1583 eademque
2750 1516 2957 1569 ratione
2996 1516 3210 1569 etiarnsi
3255 1516 3439 1570 vivere
3467 1528 3529 1569 se

1943 1606 2089 1659 dicat
2140 1604 2310 1659 Filius
2349 1616 2570 1674 propter
2622 1604 2876 1670 Patrem,
2914 1606 3014 1660 sibi
3050 1607 3194 1659 illam
3243 1621 3308 1661 ex
3358 1605 3526 1661 Patro

1942 1694 2275 1749 nobilitatem
2307 1710 2405 1748 suo
2434 1697 2741 1750 testimonio
2766 1697 3003 1750 vindicat
3027 1737 3041 1761 ,
3064 1712 3168 1751 non
3201 1698 3362 1768 vulgo
3387 1696 3524 1751 alia-

1895 1764 1911 1810 ³
1943 1802 2059 1840 rum
2096 1796 2466 1841 creaturarum
2508 1788 2772 1843 adtnistus
2812 1788 3075 1843 invectam
3103 1791 3523 1845 etextriuseeus

1939 1887 2145 1949 partam
2169 1878 2368 1933 habere
2388 1892 2446 1932 se
2469 1878 2630 1932 vitam
2656 1880 2871 1932 fatetur.
2899 1880 3364 1945 Quemadmodum
3383 1893 3517 1934 vero

1940 1970 2208 2023 viriﬁcum
2237 1980 2313 2023 est
2337 1969 2462 2022 illud
2494 1970 2660 2038 ipsius
2684 1970 2839 2024 Verbi
2859 1985 3073 2039 corpus,
3099 1971 3241 2040 quod
3261 1971 3361 2026 sibi
3385 1985 3520 2041 pro-

1941 2062 2117 2130 prium
2148 2059 2277 2115 fecit
2311 2076 2407 2129 per
2445 2076 2625 2114 veram
2666 2064 2913 2114 unionem
2938 2105 2950 2127 ,
2971 2077 3089 2129 qua:
3111 2072 3164 2115 et
3207 2062 3513 2130 intelligen-

1940 2153 2070 2207 tiam
2088 2161 2142 2207 et
2166 2167 2468 2207 sermonem
2495 2160 2711 2221 superat
2732 2190 2747 2216 ,
2780 2152 2975 2207 sienos
2998 2167 3213 2222 quoque
3248 2153 3340 2221 qui
3368 2152 3511 2208 iilius

1941 2254 2141 2299 sancta:
2179 2246 2362 2300 carnis
2397 2253 2452 2298 et
2488 2244 2766 2313 sanguinis
2795 2244 2910 2313 ejus
2942 2244 3353 2313 participatione
3386 2242 3524 2297 [τηε-

1941 2352 2084 2400 mur,
2116 2338 2336 2392 omnino
2362 2336 2722 2401 vivificamur,
2743 2350 2866 2390 cum
2891 2337 2943 2390 in
2968 2336 3124 2392 nobis
3148 2345 3363 2391 maneat
3386 2335 3519 2391 Ver-

1941 2429 2068 2484 bum
2091 2435 2194 2482 non
2218 2429 2391 2484 solum
2420 2427 2603 2482 divino
2630 2428 2790 2482 modo
2823 2443 2919 2496 per
2940 2438 3189 2482 sanctum
3234 2427 3519 2497 Spiritum,

1946 2522 2099 2591 111
2126 2535 2310 2575 verum
2346 2520 2511 2573 etiam
2543 2520 2797 2585 humano,
2832 2535 2927 2588 per
2943 2532 3185 2574 sanctam
3216 2518 3363 2573 illam
3395 2533 3518 2572 car-

1945 2629 2067 2668 nem
2125 2614 2534 2683 pretiosumque
2556 2612 2675 2682 ejus
2700 2614 3039 2683 sanguinem.
3067 2611 3192 2666 llazc
3228 2627 3348 2682 quae
3384 2611 3519 2675 dixi,

1940 2718 2069 2759 vera
2097 2718 2219 2759 esse
2254 2704 2444 2759 beatus
2474 2702 2668 2757 Paulus
2705 2719 2803 2758 suo
2825 2702 3081 2774 suﬂ’ragio
3108 2706 3417 2766 confirmat,
3442 2701 3523 2755 sic

1943 2800 2188 2855 scribens
2217 2800 2282 2852 ad
2302 2813 2395 2851 eos
2427 2799 2516 2867 qui
2557 2797 2803 2852 Corinthi
2850 2796 2902 2848 in
2956 2795 3241 2849 Dominum
3277 2804 3519 2848 nostrum

1942 2890 2126 2946 Jesum
2149 2889 2425 2943 Christum
2454 2888 2804 2943 conﬁdebant
2840 2897 2855 2940 :
2892 2905 2908 2937 ι
2946 2885 3226 2954 Tanquam
3286 2886 3524 2954 pruden-

1946 2981 2090 3035 tibus
2115 2980 2256 3045 dico,
2291 2978 2530 3047 jndicate
2555 2992 2654 3031 vos
2695 2977 2838 3046 quod
2870 2975 3033 3029 dico?
3082 2976 3233 3029 Calix
3295 2974 3523 3029 benedi-

251 3058 340 3112 τοῦ
375 3059 638 3131 σώματος
662 3063 757 3116 τοῦ
785 3066 1022 3136 Χριστοῦ
1067 3069 1245 3137 tactv;
1280 3071 1362 3124 ὅτι
1395 3069 1477 3137 εἷς
1512 3074 1695 3145 ἄρτος,
1743 3081 1834 3134 καὶ

1946 3073 2142 3127 etionis
2165 3072 2249 3125 cui
2279 3069 2671 3132 benedicitnus,
2709 3081 2888 3122 nonne
2940 3064 3359 3120 communicatio
3388 3079 3515 3120 san-

248 3151 313 3239 ἒν
344 3153 513 3224 σῶμα
557 3156 610 3207 οἱ
662 3156 847 3209 πολλοί
887 3160 1082 3228 ἐσμεν·
1126 3164 1175 3215 oi
1221 3164 1329 3235 γὰρ
1372 3167 1573 3232 πάντες
1623 3172 1685 3222 ὲκ
1741 3174 1836 3226 τοῦ

249 3242 366 3306 ἑνὸς
412 3244 589 3317 ἄρτου
638 3248 958 3319 μετέχομεν.
993 3271 1011 3303 ι
1069 3254 1383 3326 Πνεύματος
1435 3258 1536 3327 μὲν
1589 3260 1700 3333 γὰρ
1741 3263 1836 3316 τοῦ

248 3337 400 3403 ἁγίου
453 3341 885 3409 μετεσχηκότες,
944 3344 1094 3415 αὑτῷ
1132 3363 1189 3399 τε
1236 3348 1313 3419 τῷ
1361 3351 1577 3405 πάντων
1620 3355 1836 3428 Σωτῆρι

248 3428 486 3499 Χριστῷ,
522 3432 623 3485 καὶ
664 3432 918 3503 ἀλλήλοις
943 3438 1210 3508 ένούμεθα
1236 3459 1250 3472 θ
1288 3441 1565 3514 σύσσωμοι
1594 3446 1650 3500 δὲ
1698 3449 1837 3504 κατὰ

246 3518 432 3575 τοῦτόν
469 3524 649 3592 ἐσμεν
672 3523 765 3577 τὸν
798 3526 1020 3596 τρόπον,
1073 3547 1092 3579 ι
1120 3530 1201 3584 ὄτι
1246 3526 1326 3596 εἷς
1359 3534 1542 3605 ἄρτος,
1577 3538 1635 3590 ἐν
1675 3540 1836 3609 σῶμα

246 3610 291 3662 οἱ
325 3612 516 3666 πολλοί
554 3616 759 3684 ἐσμεν·
804 3618 855 3668 οί
898 3621 1007 3689 γὰρ
1045 3621 1246 3686 πάντες
1278 3626 1342 3678 ὲκ
1387 3625 1481 3679 τοῦ
1524 3628 1641 3692 ἑνὸς
1669 3631 1835 3698 ἄρτου

247 3705 611 3775 μετέχομεν.»
655 3707 843 3760 Συνδεῖ
870 3710 981 3780 γὰρ
1009 3711 1157 3780 ἡμᾶς
1182 3716 1259 3776 είς
1279 3715 1504 3787 ἑνότητα
1531 3719 1593 3771 τὸ
1614 3720 1671 3772 ὲν
1704 3722 1835 3791 ἡμῖν

246 3793 403 3864 σῶμα
432 3796 706 3868 Χριστοῦ,
748 3800 1078 3870 μεμέρισται
1122 3803 1179 3856 δὲ
1217 3807 1338 3859 κατ’
1382 3808 1570 3862 οὐδένα
1611 3811 1831 3880 τρόπον.

246 3887 367 3940 ’Ὁτι
394 3888 453 3943 δὲ
486 3890 578 3944 διὰ
613 3890 710 3944 τοῦ
753 3892 1006 3963 σώματος
1030 3897 1123 3949 τοῦ
1152 3899 1391 3970 Χριστοῦ
1429 3901 1566 3971 πρὸς
1610 3903 1835 3973 ἑνότητα

239 3976 338 4047 τὴν
376 3979 517 4049 πρὸς
552 3981 740 4044 αὐτὸν,
774 3983 868 4034 καὶ
895 3983 1029 4052 πρός
1064 4002 1126 4052 γε
1155 3990 1256 4057 τὴν
1283 3990 1363 4050 είς
1393 3989 1655 4060 ἀλλήλους
1703 4008 1827 4045 συν⁴

239 4068 544 4137 ενήγμεθα,
573 4069 910 4125 πιστώσεται
947 4077 1175 4143 γράφων
1199 4078 1227 4128 ὁ
1269 4078 1538 4148 μακάριος
1578 4081 1787 4147 Παῦλος
1814 4098 1829 4113 ’

244 4175 262 4207 ι
280 4160 488 4214 Τούτου
519 4163 690 4234 χάριν
719 4162 831 4232 ἐγὼ
850 4165 1060 4230 Παῦλος
1080 4169 1109 4218 ό
1135 4168 1357 4238 δέσμιος
1395 4172 1568 4242 Ἰησοῦ
1591 4176 1829 4246 Χριστοῦ

238 4250 379 4323 ὑπὲρ
410 4252 573 4322 ὑμῶν
612 4253 726 4306 τῶν
753 4254 941 4317 ἐθνῶν,
989 4256 1043 4309 εί
1066 4274 1130 4326 γε
1161 4260 1436 4328 ὴκούσατε
1480 4263 1580 4336 τὴν
1620 4268 1830 4322 οἰκονο-

237 4342 369 4409 μίαν
412 4344 515 4414 τῆς
576 4346 804 4416 χάριτος
842 4347 937 4400 τοῦ
981 4349 1116 4402 Θεοῦ
1165 4351 1265 4421 τῆς
1307 4352 1556 4426 δοθείσης
1608 4375 1697 4428 μοι
1748 4361 1830 4423 εἰς

1940 3166 2116 3236 guinis
2163 3163 2363 3218 Christi
2415 3162 2537 3217 es”
2588 3162 2740 3230 panis
2764 3174 2922 3229 quem
2973 3158 3293 3227 frangimus,
3345 3171 3523 3213 nonne

1940 3257 2368 3312 communicatio
2397 3255 2644 3325 corporis
2686 3253 2889 3309 Christi
2921 3250 3331 3317 estiQuoniam
3383 3263 3521 3304 unus

1940 3348 2096 3418 panis
2124 3358 2173 3402 et
2204 3363 2367 3403 unum
2392 3361 2589 3416 corpus
2626 3345 2773 3398 multi
2809 3358 3019 3402 sumus.
3057 3357 3247 3396 omnes
3273 3342 3415 3395 enim
3453 3340 3519 3394 de

1941 3456 2046 3496 uno
2073 3456 2208 3510 pane
2228 3440 2611 3511 participamus
2640 3438 2708 3491 ".
2746 3456 2764 3490 ι
2809 3435 3106 3505 Partieipes
3131 3449 3362 3503 namque
3391 3448 3519 3489 san-

1940 3534 2009 3587 cti
2041 3532 2279 3600 Spiritus
2302 3531 2501 3596 effecti,
2543 3540 2599 3585 et
2640 3530 2740 3599 ipsi
2784 3530 3022 3583 omnium
3058 3526 3325 3580 Salvatori
3358 3522 3519 3580 Chri-

1939 3637 2042 3690 sto,
2081 3628 2297 3681 etinter
2325 3641 2424 3679 nos
2453 3625 2704 3678 unimur:
2742 3619 3163 3691 concorporales
3214 3620 3377 3673 etiam
3407 3618 3511 3671 hoc

1938 3719 2098 3771 modo
2124 3733 2308 3773 sumus
2330 3755 2344 3780 ,
2378 3735 2396 3768 ι
2439 3717 2693 3786 quoniam
2720 3730 2858 3768 unus
2912 3714 3064 3784 panis
3126 3727 3288 3766 unum
3320 3724 3516 3778 corpus

1938 3809 2090 3862 multi
2150 3824 2392 3862 sumus:
2454 3822 2642 3861 omnes
2708 3806 2852 3860 enim
2894 3806 2960 3859 de
3028 3817 3136 3857 uno
3212 3816 3354 3871 pane
3392 3815 3518 3869 par-

1939 3901 2237 3968 tieipamus.
2287 3919 2305 3952 ι
2341 3899 2592 3967 Couligat
2623 3913 2855 3966 namque
2887 3911 2983 3949 nos
3010 3894 3076 3948 ad
3109 3894 3368 3947 unitatem
3392 3906 3514 3946 cor-

1936 4008 2037 4063 pus
2067 3992 2265 4045 Christi
2289 3993 2430 4058 quod
2461 4001 2544 4044 est
2576 3991 2626 4042 in
2658 3991 2831 4052 nobis,
2864 3999 3040 4054 neque
3073 3993 3153 4038 est
3203 3984 3311 4037 ullo
3354 3983 3515 4035 modo

1936 4084 2189 4138 divisum.
2224 4082 2393 4135 Porro
2427 4096 2521 4149 per
2554 4080 2753 4135 Christi
2779 4092 2977 4146 corpus
3005 4077 3071 4130 ad
3125 4077 3384 4129 unitatem
3415 4089 3512 4142 per

1934 4191 2095 4246 quam
2121 4184 2175 4229 et
2208 4191 2329 4228 cum
2368 4173 2485 4241 ipso
2532 4184 2585 4226 et
2607 4173 2748 4226 inter
2777 4185 2874 4224 nos
2907 4169 3205 4239 jttugitnur,
3254 4166 3513 4221 collectos

1933 4282 2053 4321 esse
2082 4267 2367 4321 continuat
2394 4266 2584 4319 beatus
2608 4262 2831 4326 Paulus,
2860 4277 2981 4316 cum
3011 4259 3201 4315 scribit
3228 4276 3241 4313 :
3277 4277 3296 4309 ι
3340 4257 3511 4327 Hujus

1935 4362 2009 4413 rei
2039 4359 2210 4426 gratia
2238 4374 2336 4428 ego
2351 4356 2548 4412 Paulus
2576 4358 2788 4410 vinctus
2814 4354 3013 4409 Christi
3048 4352 3173 4407 Jesu
3202 4365 3299 4420 pro
3357 4350 3511 4405 vobis

234 4430 403 4501 ὑμᾶς,
434 4433 521 4486 ὅτι
563 4437 689 4488 κατ’
726 4438 1067 4509 ἀποκάλυψιν
1093 4443 1394 4515 ἐγνωρίσθη
1426 4462 1517 4515 μοι
1538 4448 1597 4499 τὸ
1623 4453 1830 4521 μυστή-

1938 4451 2208 4519 gentibus,
2244 4450 2288 4505 si
2323 4459 2499 4503 tamen
2539 4450 2770 4503 audistis
2803 4445 3280 4514 dispensationem
3323 4443 3510 4510 gratia:

233 4540 374 4593 ριον,
427 4525 621 4589 καθὼς
677 4530 998 4601 προέγραψα
1039 4534 1096 4585 ἐν
1136 4534 1322 4605 ὀλίγῳ,
1366 4538 1504 4608 πρὸς
1544 4539 1571 4591 ὃ
1596 4540 1826 4595 δύνασθε

229 4614 713 4685 ἀναγινώσκοντες
737 4621 925 4691 νοῆσαι
958 4624 1055 4695 τὴν
1092 4624 1306 4678 σύνεσίν
1332 4644 1432 4697 μου
1450 4631 1507 4681 ἐν
1525 4631 1601 4701 τῷ
1625 4650 1827 4704 μυστηο

231 4705 331 4778 ρίῳ
360 4707 459 4761 τοῦ
489 4710 767 4780 Χριστοῦ·
814 4714 842 4766 ὃ
878 4715 1093 4784 ἑτέραις
1119 4720 1335 4785 γενεαῖς
1383 4721 1483 4774 οὐκ
1517 4722 1822 4796 ἐγνωρίσθη

227 4798 339 4860 τοῖς
366 4800 511 4864 υἱοῖς
553 4803 668 4854 τῶν
706 4804 1027 4873 ἀνθρώπων,
1069 4807 1145 4870 ὡς
1181 4807 1276 4863 νῦν
1322 4811 1679 4885 ἀπεκαλύφθη
1711 4818 1824 4879 τοῖς

230 4887 405 4956 ἁγίοις
426 4892 758 4957 ἀποστόλοις
787 4896 948 4949 αὐτοῦ
983 4899 1078 4951 καὶ
1109 4902 1418 4973 προφήταις
1437 4905 1495 4957 ὲν
1517 4905 1819 4975 Πνεύματι,

230 4974 369 5035 εἶναι
403 4983 474 5036 τὰ
508 4982 646 5055 ἔθνη
675 4985 1096 5058 συγκληρονόμα
1124 4992 1218 5043 καὶ
1252 4993 1536 5063 σύσσωμα,
1556 4997 1648 5049 καὶ
1672 4974 1821 5067 συμ-

233 5073 436 5146 μέτοχα
467 5075 572 5146 τῆς
603 5073 940 5145 ἐπαγγελίας
966 5083 1022 5132 ὲν
1057 5080 1296 5153 Χριστῷ.
1328 5104 1345 5135 ι
1398 5087 1613 5157 Ἐπειδὴ
1648 5089 1822 5161 δὲτὴν

230 5165 319 5218 τοῦ
357 5169 676 5238 μυστηρίου
718 5171 1018 5240 παράδοσίν
1041 5190 1100 5225 τε
1130 5175 1223 5227 καὶ
1247 5175 1472 5246 δύναμιν
1491 5179 1821 5249 ἠγνοηκότες

232 5255 284 5307 ὲν
312 5258 454 5328 ἀρχῇ
487 5259 607 5311 τῶν
640 5260 1043 5314 πιστευσάντων
1074 5264 1237 5327 τινὲς,
1268 5266 1373 5330 ἔξω
1395 5269 1692 5338 τρέπεσθαι
1726 5271 1821 5323 τοῦ

233 5348 434 5413 εἰκότος
470 5350 695 5422 ἤθελον,
726 5350 1046 5415 πανδαισίας
1068 5371 1127 5406 τε
1162 5357 1255 5408 καὶ
1295 5357 1644 5427 δημοθοινίας
1680 5361 1821 5433 πλη-

237 5441 445 5507 ροῦντες
492 5445 555 5495 ἐν
618 5443 960 5512 ἐκκλησίαις,
1012 5447 1125 5507 τοῖς
1169 5446 1325 5500 τοῦτο
1369 5450 1502 5520 δρᾷν
1549 5452 1818 5518 εἰωθόσιν,

232 5529 460 5602 ἐπετίμα
509 5532 752 5602 γράφων
798 5535 828 5585 ὁ
881 5535 1150 5604 μακάριος
1201 5537 1450 5600 Παῦλοςο
1499 5560 1517 5592 ι
1550 5543 1640 5614 Μὴ
1709 5545 1819 5615 γὰρ

295 5708 336 5739 ⁹¹
368 5708 388 5764 1
418 5708 552 5765 Cor.
593 5706 909 5775 Xl,16,i7.
987 5710 1031 5741 ⁹¹
1072 5710 1267 5780 Ephcs.
1320 5731 1397 5771 ιιι.
1445 5714 1560 5772 5-6.

1933 4541 2050 4605 Dei,
2083 4557 2203 4612 quae
2222 4543 2345 4596 data
2376 4552 2458 4595 est
2502 4541 2632 4595 mihi
2666 4541 2717 4592 in
2757 4554 2875 4600 vos,
2912 4536 3169 4605 quoniam
3212 4532 3507 4587 secundum

1934 4634 2321 4690 revelationem
2353 4642 2535 4686 notum
2569 4632 2698 4683 mihi
2738 4629 2937 4682 factum
2965 4637 3046 4681 est
3083 4631 3507 4684 sacramentum,

1932 4727 2071 4781 sicut
2100 4742 2259 4793 supra
2296 4724 2486 4791 scripsi
2520 4724 2570 4776 in
2593 4722 2765 4786 brevi,
2800 4732 2957 4789 prout
3004 4718 3232 4789 potestis
3271 4715 3509 4783 legentes

1932 4817 2236 4884 intelligere
2286 4813 2627 4881 prudentiam
2675 4827 2848 4865 meam
2897 4811 2948 4864 in
2997 4808 3253 4881 mysterio
3279 4805 3505 4867 Christi,

1933 4907 2073 4976 quod
2098 4907 2218 4960 aliis
2248 4905 2686 4975 generationibus
2723 4913 2925 4958 nonest
2973 4902 3210 4972 agnitum
3256 4898 3379 4953 filiis
3408 4898 3504 4950 ho-

1932 5000 2160 5065 minum,
2193 4998 2351 5052 sicuti
2385 5013 2531 5052 nunc
2560 4996 2856 5051 revelatum
2880 5004 2965 5049 est
3009 4993 3211 5049 sanctis
3245 4987 3504 5057 apostolis

1931 5091 2048 5160 ejus
2081 5101 2133 5146 et
2161 5092 2436 5162 prophetis
2464 5091 2515 5144 in
2550 5089 2778 5160 Spiritu,
2808 5097 2995 5158 gentes
3019 5101 3138 5140 esse
3172 5078 3501 5139 cohteredes,

1931 5182 2363 5250 concorporales,
2391 5192 2445 5235 et
2475 5180 2888 5248 comparticipcs
2907 5171 3284 5245 promissionis
3309 5166 3424 5234 ejus
3451 5166 3503 5219 in

1927 5274 2146 5328 Christo
2172 5273 2238 5326 θ’.
2275 5292 2294 5324 ι
2335 5274 2602 5338 Quoniam
2653 5286 2782 5324 vero
2810 5285 2839 5322 a
2880 5267 3149 5337 principio
3181 5259 3506 5316 uonnullicx

1925 5367 1993 5422 iis
2022 5366 2109 5434 qui
2133 5365 2500 5428 crediderant,
2528 5364 2690 5432 hujus
2726 5358 2971 5431 mysterii
3031 5355 3371 5410 traditionem
3438 5367 3504 5407 ac

1926 5456 2031 5509 vim
2063 5457 2394 5525 ignorantes,
2431 5455 2498 5507 ab
2531 5468 2595 5508 eo
2632 5452 2773 5519 quod
2814 5445 3173 5504 conveniebat
3233 5444 3506 5501 divertere

1923 5547 2191 5615 volebant,
2221 5559 2272 5603 et
2305 5545 2556 5603 omnibus
2581 5543 2822 5614 exposita
2878 5540 3125 5598 convivia
3158 5547 3212 5597 et
3257 5535 3504 5608 publicas

3664 3050 3693 3077 κ
