4014 6128
490 287 595 345 195

1479 285 1535 340 S.
1578 285 1848 341 CYRILLI
1883 281 2350 340 ALEXANDRINI
2391 280 2709 340 ARCIIIEP.

3639 277 3740 333 198

488 405 677 473 epulas
713 403 764 458 in
802 404 1046 460 ecclesiis
1075 404 1434 469 instruebant,
1469 405 1713 460 homines
1759 405 1849 473 qui
1885 406 1935 458 id
1977 404 2040 458 fa-

2155 403 2327 464 οἰκίας
2379 401 2478 453 οὐκ
2516 400 2666 470 ἔχετε
2715 399 2792 462 είς
2833 397 2892 450 τὸ
2936 396 3137 449 ἐσθίειν
3181 394 3274 449 καὶ
3323 395 3530 462 πίνειν;
3575 397 3739 468 ἢτὴν

489 511 614 550 cere
642 505 1056 555 consueverant,
1111 496 1358 565 objurgat
1415 498 1602 550 beatus
1646 495 1862 561 Paulus,
1915 497 2052 549 scri-

491 588 674 642 bens:
720 607 738 638 ι
782 586 1027 654 Nunquid
1084 588 1271 640 domos
1321 602 1426 641 non
1489 587 1700 641 habetis
1731 587 1794 640 ad
1828 587 2055 640 mandu-

487 680 719 731 candum
738 686 792 730 et
823 676 1149 730 bibendum?
1175 685 1269 730 aut
1300 676 1584 730 ecclesiam
1623 675 1715 729 Dei
1748 675 2054 730 contemni-

490 769 582 833 tis,
612 779 661 820 et
690 768 1017 821 confunditis
1044 782 1136 821 eos
1163 767 1251 835 qui
1279 783 1381 822 non
1413 767 1651 821 habent?
1681 767 1818 833 Quid
1870 767 2049 820 dicam

489 859 673 913 vobis?
694 857 928 910 Laudem
955 857 1117 910 vosin
1143 857 1281 911 hoc?
1306 872 1410 910 non
1434 857 1611 911 laudo.
1646 857 1757 924 Ego
1786 857 1928 910 enim
1956 871 2051 910 ac-

487 950 601 1016 cepi
633 964 661 1000 a
692 948 934 1013 Domino,
958 949 1101 1016 quod
1133 959 1186 1001 et
1213 949 1404 1002 tradidi
1435 949 1588 1003 vobis
1625 965 1640 1002 :
1669 949 1922 1016 quoniam
1946 948 2051 1002 Do-

487 1039 662 1091 minus
691 1036 845 1092 Jesns
879 1039 1128 1092 (lhristus
1159 1038 1211 1092 in
1245 1054 1346 1106 qua
1378 1049 1534 1092 nocte
1565 1038 1790 1091 traditus
1822 1046 1925 1100 est,
1953 1051 2051 1090 ac-

483 1129 623 1195 cepit
652 1143 864 1197 panem,
896 1141 951 1183 et
976 1133 1174 1197 gratias
1212 1145 1375 1200 agens
1407 1129 1588 1198 fregit,
1635 1138 1687 1183 et
1716 1129 1851 1183 dixit
1882 1144 1894 1180 :
1928 1129 2046 1183 Hoc

479 1227 562 1272 est
594 1231 788 1286 corpus
811 1232 1011 1281 meum,
1049 1217 1190 1288 quod
1221 1233 1319 1287 pro
1371 1218 1521 1272 vobis
1568 1236 1582 1271 :
1629 1223 1728 1272 hoc
1792 1217 1950 1271 facile
1992 1218 2049 1272 in

482 1323 654 1362 meam
683 1309 1546 1363 commemorationem.Similiter
1569 1319 1623 1361 et
1653 1309 1872 1362 calicem
1902 1318 2050 1378 post-

479 1415 638 1469 quam
672 1402 827 1470 112
861 1402 1121 1477 coenavit,
1145 1403 1330 1455 dicens
1360 1416 1374 1454 :
1414 1401 1510 1454 llic
1543 1402 1679 1456 calix
1718 1417 1910 1455 novum
1945 1403 2048 1456 Te-

478 1502 802 1547 stamentum
841 1504 924 1548 est
979 1493 1032 1547 in
1062 1508 1180 1548 meo
1210 1493 1470 1562 sanguine
1505 1511 1519 1546 :
1555 1493 1656 1548 hoc
1701 1491 1884 1557 facile,
1914 1508 2047 1560 quo-

480 1585 796 1653 tiescunque
847 1586 1055 1648 facilis,
1102 1585 1156 1638 in
1221 1601 1397 1639 meam
1455 1585 2042 1641 commemorationem.

479 1673 912 1744 Quotiescunque
945 1675 1337 1730 manducabitis
1377 1690 1564 1743 panem
1604 1675 1770 1738 hunc,
1825 1687 1879 1729 et
1918 1675 2047 1728 cali-

2154 491 2448 562 ἐκκλησίαν
2477 489 2570 542 τοῦ
2597 487 2729 541 Θεοῦ
2767 490 3180 556 καταφρονεῖτε,
3223 485 3314 539 καὶ
3349 488 3737 558 καταισχύνετε

2156 584 2278 646 τοὺς
2313 584 2388 651 μὴ
2421 581 2670 651 ἔχοντας
2717 580 2768 633 τί
2809 579 2947 632 εἴπω
2983 579 3140 648 ὑμῖν;
3179 579 3453 632 ἐπαινέσω
3504 581 3647 648 ὑμᾶς
3679 581 3736 631 ἐν

2153 671 2355 741 τούτῳ;
2403 671 2501 724 οὐκ
2542 669 2768 723 ἐπαινῶ.
2825 668 2967 736 Ἐγὼ
3013 669 3124 740 γὰρ
3161 668 3465 740 παρέλαϐον
3505 671 3611 723 άπὸ
3642 671 3734 724 τοῦ

2155 764 2380 833 Κυρίου,
2417 763 2444 815 ὃ
2468 761 2562 815 καὶ
2591 762 2886 831 παρέδωκα
2916 762 3077 829 ὑμῖν·
3128 763 3209 814 ὃτι
3238 763 3266 814 6
3293 762 3493 831 Κύριος
3532 759 3736 831 Ἰησοῦς

2154 853 2385 923 Χριστὸς
2413 855 2472 906 ὲν
2509 856 2572 924 τῇ
2599 853 2756 905 νυκτὶ
2859 851 3151 922 παρεδόθη,
3195 852 3385 905 ἔλαϐεν
3412 853 3594 922 ἄρτον,
3641 855 3737 908 καὶ

2153 945 2553 1014 εὐχαριστήσας
2593 943 2811 1008 ἔκλασε,
2845 944 2939 996 καὶ
2973 939 3096 996 εἷπε
3119 959 3136 977 ο
3173 943 3342 996 Τοῦτὸ
3377 944 3476 1013 μού
3521 947 3634 997 ἐστι
3675 945 3736 998 τὸ

2155 1036 2315 1106 σῶμα
2347 1035 2408 1088 τὸ
2437 1035 2577 1106 ὑπὲρ
2624 1033 2816 1104 ἡμῶν·
2866 1033 3026 1087 τοῦτο
3077 1037 3280 1088 ποιεῖτε
3331 1037 3410 1099 είς
3449 1037 3547 1106 τὴν
3594 1039 3732 1108 ἐμὴν

2153 1121 2478 1198 ἀνάμνησιν.
2538 1125 2811 1190 Ὡσαύτως
2845 1127 2941 1179 καὶ
2978 1126 3037 1179 τὸ
3081 1129 3338 1198 ποτήριον
3372 1129 3506 1197 μετὰ
3539 1129 3598 1180 τδ
3625 1130 3729 1182 δει-

2156 1221 2377 1289 πνῆσαι,
2419 1219 2595 1286 λέγων
2616 1236 2630 1249 ·
2662 1218 2832 1272 Τοῦτο
2855 1218 2915 1272 τὸ
2946 1219 3202 1290 ποτήριον
3231 1221 3262 1290 ἡ
3300 1220 3461 1290 καινὴ
3489 1221 3728 1290 Διαθῆκη

2150 1311 2317 1371 ἐστὶν,
2346 1311 2405 1363 ἐν
2429 1310 2506 1380 τῷ
2527 1311 2719 1381 αἵματι
2743 1311 2819 1381 τῷ
2845 1311 2994 1381 ἐμῷ·
3025 1310 3180 1364 τοῦτο
3204 1313 3427 1371 ποιεῖτε,
3456 1312 3641 1366 ὁσάκις
3669 1312 3731 1361 ἃν

2150 1404 2371 1464 ποιεῖτε,
2406 1403 2482 1466 εἰς
2509 1403 2608 1472 τὴν
2637 1402 2780 1473 ἐμὴν
2814 1401 3141 1470 ἀνάμνησιν.
3172 1400 3395 1462 Ὁσάκις
3423 1400 3488 1452 ἄν
3515 1399 3730 1469 ἐσθίητε

2149 1495 2240 1548 τὸν
2274 1495 2436 1565 ἄρτον
2465 1495 2674 1562 τοῦτον,
2709 1495 2804 1549 καὶ
2841 1493 2900 1547 τὸ
2929 1494 3189 1564 ποτήριον
3211 1493 3420 1562 πίνητε,
3446 1493 3536 1545 τὸν
3567 1492 3726 1545 05w:-

2147 1588 2365 1641 τοντοῦ
2392 1589 2598 1658 Κυρίου
2637 1586 3058 1655 καταγγέλλετε,
3099 1586 3258 1657 ἄχρις
3289 1579 3346 1639 οὗ
3391 1583 3575 1658 ἔλθῃ.»
3621 1586 3730 1638 Καὶ

2149 1679 2294 1733 θεῖον
2329 1681 2426 1750 μὲν
2460 1679 2623 1733 ὅτιτὸ
2655 1680 2973 1750 μυστήριον,
3013 1678 3106 1731 καὶ
3135 1677 3454 1747 ζωοποιὸςή
3493 1676 3729 1746 μέθεξις,

478 1781 595 1820 cem
642 1766 856 1828 bibetis,
889 1775 1115 1820 mortem
1167 1765 1377 1820 Domini
1436 1765 1822 1821 annuntiabitis
1876 1766 2040 1821 donec

2149 1772 2240 1824 καὶ
2272 1770 2370 1841 τὴς
2397 1771 2735 1840 ἀναιμάκτου
2766 1769 2995 1839 ταυτησὶ
3039 1767 3225 1830 θυσίας
3254 1769 3284 1838 ἡ
3310 1767 3538 1836 δύναμις
3578 1767 3730 1832 ποῖά

474 1855 740 1908 veniat".
779 1874 798 1908 ι
833 1857 907 1908 Ac
929 1855 1166 1909 divinum
1199 1856 1416 1925 quidem
1448 1856 1548 1910 hoc
1579 1871 1699 1910 esse
1731 1857 2040 1926 mysterium

475 1945 1053 2016 participationemqne
1075 1946 1190 2014 ejus
1221 1948 1514 2024 vivificam,
1553 1959 1604 2002 et
1635 1949 1928 2003 incruenta:
1951 1949 2043 2002 hu-

469 2037 559 2105 jus
586 2039 774 2094 hostiaa
796 2041 900 2093 vim
925 2040 1078 2107 longe
1102 2039 1190 2094 illo
1217 2039 1372 2107 legali
1405 2041 1551 2094 cultu
1583 2041 2036 2109 prmstantiorem,

476 2129 737 2198 perfacile
781 2140 861 2184 est
885 2131 1069 2184 videre
1094 2129 1174 2183 vel
1206 2130 1271 2184 ab
1297 2145 1361 2184 eo
1388 2130 1524 2199 ipso,
1561 2131 1704 2201 quod
1733 2131 1818 2185 illa
1851 2131 2041 2200 priscis

475 2221 785 2276 hominibus
833 2223 1038 2276 sancita
1084 2238 1180 2292 per
1232 2221 1436 2287 Mosen,
1498 2223 1689 2277 umbra
1768 2223 2039 2292 dicuntur,

474 2310 725 2367 Christus
771 2327 898 2368 vero
925 2313 1146 2382 ejusque
1175 2313 1381 2377 omnia,
1432 2315 1638 2369 veritas
1671 2314 2038 2383 appellantur;

475 2401 541 2454 ad
566 2417 793 2470 eamque
818 2419 932 2458 rem
961 2406 1382 2458 continuandam
1413 2407 1568 2458 nobis
1593 2406 1698 2459 erit
1736 2405 2042 2473 adiumento

473 2490 667 2545 beatus
689 2491 907 2558 Paulus,
939 2493 1030 2562 qui
1063 2494 1144 2547 sic
1183 2495 1438 2563 scripsit:
1487 2513 1504 2545 ι
1543 2493 1754 2548 lrritam
1806 2497 1927 2564 quis
1961 2495 2040 2548 fa-

473 2581 628 2636 ciens
648 2581 817 2650 legem
847 2582 996 2648 Mosi,
1023 2583 1141 2638 sine
1171 2583 1275 2638 ulla
1311 2585 1663 2640 miseratione
1715 2586 1925 2642 duobus
1955 2588 2039 2642 vel

476 2671 647 2727 tribus
678 2673 900 2729 testibus
927 2675 1154 2729 moritur
1179 2693 1192 2729 :
1217 2685 1416 2744 quanto
1435 2679 1604 2747 magis
1659 2680 1861 2747 putatis
1897 2681 2042 2734 dete-

477 2763 620 2818 riora
655 2766 848 2821 mereri
878 2767 1159 2837 supplicia,
1189 2768 1279 2837 qui
1307 2766 1500 2822 Filium
1550 2769 1643 2824 Dei
1693 2771 2041 2827 conculcave-

473 2855 562 2919 rit,
601 2865 655 2910 et
678 2857 991 2925 sanguinem
1023 2857 1352 2914 Testamenti
1403 2861 1664 2930 pollutum
1711 2861 1940 2925 duxerit,
1989 2863 2040 2917 in

471 2961 579 3015 quo
604 2947 970 3003 sanctificatus
993 2959 1094 3015 est,
1113 2959 1166 3004 et
1195 2951 1420 3020 Spiritui
1444 2955 1628 3020 gratiae
1656 2953 2039 3008 contumeliam

475 3038 658 3093 fecerit
685 3040 773 3094 "2
824 3058 843 3091 ι
909 3040 1152 3097 Edebant
1202 3045 1346 3098 enim
1415 3045 1489 3100 illi
1528 3054 1738 3100 veteres
1797 3045 2042 3099 homines

2147 1863 2282 1914 πολὺ
2319 1861 2419 1930 τῆς
2449 1862 2507 1914 ἐν
2537 1862 2686 1931 νόμῳ
2733 1859 2987 1930 λατρείας
3030 1859 3290 1928 ἀμείνων,
3344 1857 3733 1925 ἀταλαίπωρον

2150 1951 2295 2017 ἰδεῖν,
2336 1952 2430 2005 καὶ
2457 1952 2533 2014 ὡς
2564 1951 2672 2004 ἀπό
2710 1968 2773 2020 γε
2801 1950 2894 2003 τοῦ
2933 1949 3184 2018 λέγεσθαι
3216 1950 3374 2001 σκιὰν
3407 1948 3506 2018 μὲν
3543 1951 3732 2001 ἐκεῖνα

2145 2044 2213 2097 τά
2266 2044 2352 2097 διὰ
2411 2045 2654 2109 Μωσέως
2707 2047 2818 2108 τοῖς
2871 2044 3246 2116 ἀρχαιοτέροις
3302 2042 3729 2110 τεθεσπισμένα,

2145 2135 2382 2206 Χριστόν
2415 2152 2478 2204 γε
2523 2135 2630 2205 μὴν
2667 2131 2808 2188 εἶναι
2843 2136 2936 2188 καὶ
2976 2134 3047 2187 τὰ
3089 2133 3252 2186 αὑτοῦ
3292 2131 3390 2202 τὴν
3425 2131 3687 2201 ἀλήθειαν
3713 2147 3728 2162 ο

2149 2225 2474 2297 συλλήψεται
2524 2226 2581 2278 δὲ
2628 2227 2764 2296 πρὸς
2807 2225 2965 2279 τοῦτο
3017 2227 3148 2295 ἡμῖν
3197 2224 3290 2276 καὶ
3342 2225 3370 2276 6
3419 2221 3729 2290 σοφώτατος

2147 2313 2376 2379 Παῦλος,
2407 2314 2503 2368 ὡδὶ
2528 2314 2819 2386 γεγραφώς
2840 2331 2853 2345 ο
2883 2333 2902 2365 ι
2944 2315 3244 2382 Ἀθετὴσας
3272 2330 3354 2376 τις
3391 2312 3552 2382 νόμον
3596 2315 3727 2365 Μω-

2149 2405 2306 2470 σέως,
2348 2408 2518 2478 χωρὶς
2557 2406 2860 2476 οἰκτιρμῶν
2897 2407 2988 2458 ἐπὶ
3017 2406 3170 2458 δυσὶν
3201 2406 3234 2476 ἢ
3275 2406 3421 2477 τρισὶ
3464 2405 3728 2474 μάρτυσιν

2147 2495 2515 2566 ἀποθνήσκειο
2577 2495 2730 2564 πόσῳ
2789 2496 2997 2548 δοκεῖτε
3062 2495 3306 2566 χείρονος
3359 2493 3726 2565 ἀξιωθήσεται

2145 2585 2438 2656 τιμωρίας,
2470 2585 2498 2636 6
2530 2583 2619 2637 τὸν
2658 2585 2786 2639 Υἰδν
2811 2583 2903 2638 τοῦ
2935 2583 3070 2637 Θεοῦ
3107 2585 3519 2654 καταπατήσας,
3542 2584 3635 2636 καὶ
3666 2584 3728 2636 τλι

2147 2673 2287 2748 αἷμα
2305 2678 2405 2746 τῆς
2430 2677 2700 2747 Διαθὴκης
2725 2676 2901 2729 κοινὸν
2925 2677 3292 2747 ἡγησάμενος,
3313 2677 3370 2729 ἐν
3399 2670 3442 2743 ᾧ
3466 2677 3723 2745 ἡγιάσθη,

2151 2767 2246 2820 καὶ
2273 2767 2332 2818 τὸ
2364 2766 2588 2835 Πνεῦμα
2616 2766 2716 2834 τῆς
2747 2765 2968 2836 χάριτος
2997 2765 3316 2836 ἐνυϐρίσαςς
3338 2783 3356 2816 ι
3382 2765 3606 2818 Ἥσθιον
3629 2766 3727 2833 μὲν

2147 2859 2253 2930 γὰρ
2280 2861 2330 2912 οἱ
2356 2858 2523 2912 πάλαι
2551 2856 2913 2920 καταθύοντες
2957 2857 3048 2910 τὸν
3092 2857 3292 2926 ἀμνόν·
3342 2859 3373 2926 ή
3419 2857 3476 2910 δέ
3524 2874 3588 2925 γε
3629 2857 3727 2926 τῆς

2150 2948 2403 3021 βρώσεως
2455 2948 2722 3018 δύναμις,
2782 2948 2882 3001 οὐκ
2941 2951 3018 3012 εἰς
3075 2949 3235 3019 κόρον
3289 2948 3476 3011 ἁπλῶς
3529 2947 3729 3018 ἐχώρει

2148 3041 2401 3112 γαστρὸς,
2445 3040 2558 3094 ἀλλ’
2598 3041 2720 3094 οὐδὲ
2757 3041 2956 3111 ταύτης
2989 3041 3149 3095 ἓνεκα
3173 3042 3270 3111 τῆς
3302 3041 3480 3104 αἰτίας
3515 3041 3583 3093 τὰ
3625 3039 3728 3109 τῆς

470 3145 666 3197 agnum
704 3132 1040 3188 immolatum
1073 3137 1208 3189 :sed
1230 3136 1318 3190 illa
1349 3138 1430 3192 vis
1483 3137 1598 3203 ejus
1627 3151 1764 3192 esca:
1818 3153 1922 3191 non
1972 3138 2039 3192 ad

2144 3133 2334 3197 θυσίας
2377 3133 2735 3203 ἐπετηδεύετο
2782 3135 2922 3188 κατὰ
2964 3135 3160 3204 νόμον·
3203 3134 3318 3187 ἀλλ’
3368 3134 3456 3186 ἵνα
3489 3132 3725 3186 θανάτου

471 3223 774 3278 satietatem
807 3226 1010 3280 ventris
1039 3230 1410 3283 tantummodo
1459 3230 1702 3294 cedebat,
1765 3245 1937 3298 neque
1977 3245 2040 3284 ea

473 3311 539 3366 de
564 3327 726 3368 causa
756 3317 1094 3372 sacrificandi
1126 3319 1264 3374 ritus
1321 3321 1622 3375 sectmdum
1657 3322 1825 3392 legem
1857 3337 2042 3377 serva-

475 3404 660 3467 batur;
685 3405 778 3460 sed
814 3415 868 3460 ut
898 3417 1124 3463 mortem
1155 3411 1206 3462 in
1235 3409 1371 3465 alios
1395 3411 1738 3466 invadentem
1800 3413 1900 3481 ipsi
1947 3428 2039 3467 su-

472 3505 744 3563 perarent,
804 3507 857 3550 et
913 3501 1382 3554 exterminatorem
1455 3501 1797 3572 effugerent:
1858 3505 2040 3573 itaque

473 3591 628 3637 nocte
653 3599 756 3637 una
790 3585 1070 3640 interfecta
1105 3587 1616 3660 suntEgyptiornm
1647 3593 2034 3660 primogenita:

472 3671 549 3726 illi
568 3688 694 3727 vero
719 3677 857 3730 nuda
892 3676 1056 3746 figura
1085 3680 1296 3742 muniti,
1326 3680 1512 3734 soliab
1549 3696 1613 3735 ea
1657 3683 2032 3749 servabantur,

469 3772 526 3817 et
551 3765 793 3820 umbram
823 3769 1020 3823 auxilio
1051 3769 1331 3836 habentes,
1357 3772 1514 3826 etiam
1559 3773 1672 3842 ipsa
1711 3784 1881 3828 morte
1945 3790 2036 3829 su-

469 3856 710 3924 periores
740 3868 1048 3914 evaserunt.
1073 3860 1214 3930 Ergo
1243 3865 1634 3917 conservabant
1683 3865 1810 3933 ipsa:
1855 3865 2037 3936 figura:

467 3961 561 4002 eos
583 3949 672 4018 qui
701 3960 826 4004 ante
858 3965 954 4005 nos
981 3949 1218 4008 fuerunt.
1249 3951 1459 4020 Quanto
1494 3955 1662 4024 igitur
1726 3971 1814 4010 res
1841 3966 2037 4011 nostra;

467 4049 594 4093 sunt
616 4041 1046 4108 excellentiores,
1072 4044 1265 4112 quibus
1292 4045 1404 4114 ipsa
1436 4047 1653 4110 veritas,
1687 4047 1736 4100 id
1760 4058 1840 4101 est
1874 4047 2034 4102 Chri-

466 4139 606 4194 stus,
639 4131 841 4197 illuxit,
869 4145 1224 4204 sanctamque
1249 4152 1403 4190 suam
1443 4152 1661 4192 carnem
1713 4139 1778 4192 ad
1813 4139 2035 4208 partici-

468 4223 698 4290 pandum
733 4227 1014 4293 apposuit?
1059 4229 1330 4296 quomodo
1391 4230 1441 4283 id
1493 4245 1595 4284 non
1661 4231 1732 4284 sit
1784 4235 2034 4287 omnibus

466 4312 854 4380 perspicuum?
889 4314 1053 4371 Multo
1081 4333 1312 4386 namque
1343 4329 1466 4373 sunt
1496 4320 1682 4389 procul
1705 4323 1866 4376 dubio
1899 4337 2036 4390 prae-

2141 3225 2253 3286 τοῖς
2311 3223 2490 3286 ἄλλοις
2537 3224 2978 3286 ἐκπεπτωκότος,
3035 3223 3314 3292 κρείττους
3355 3239 3415 3274 τε
3467 3217 3578 3274 εἷεν
3627 3221 3722 3274 τοῦ

2097 3327 2100 3329 ‘
2142 3313 2334 3366 παθεῖν
2362 3314 2535 3377 αὐτοὶ,
2569 3313 2663 3368 καὶ
2683 3313 3108 3383 διαδιδράσκοιεν
3129 3313 3216 3364 τὸν
3233 3312 3581 3382 ὀλοθρευτήν.
3615 3311 3726 3364 Καὶ

2141 3401 2271 3470 γοῦν
2321 3403 2590 3473 ἀνῄρηται
2649 3403 2748 3474 μὲν
2805 3405 2862 3455 ἐν
2921 3405 3020 3474 μιᾷ
3075 3404 3230 3455 νυκτὶ
3277 3403 3345 3455 τά
3402 3401 3760 3472 πρωτότοκα’

2139 3495 2484 3561 Αἰγυπτίων·
2535 3495 2584 3546 οἱ
2635 3495 2691 3568 δέ
2736 3495 2830 3548 καὶ
2861 3494 3002 3563 ψιλῷ
3045 3495 3123 3564 τῷ
3156 3496 3305 3564 τόπῳ
3349 3492 3480 3564 [Ion
3522 3493 3719 3564 τύπῳ]

2138 3587 2551 3656 τετειχισμένοι,
2615 3587 2765 3655 μόνοι
2813 3588 2942 3657 παρ’
2992 3586 3200 3639 ἐκείνου
3258 3585 3561 3650 ἐσώζοντο,
3627 3586 3722 3638 καὶ

2139 3674 2398 3728 σύνοπλον
2442 3677 2656 3745 ἔχοντες
2711 3678 2809 3746 τὴν
2879 3677 3059 3741 σκιὰν,
3121 3677 3216 3730 καὶ
3272 3676 3436 3730 αὑτοῦ
3488 3677 3721 3730 θανάτου

2137 3767 2666 3837 κατευμεγεθοῦντες
2711 3769 3012 3837 ἐφαίνοντο.
3051 3767 3263 3822 Οὐκοῦν
3292 3768 3494 3831 ἔσωζον
3536 3760 3634 3838 μὲν
3671 3770 3721 3820 οί

2136 3859 2297 3912 τύποι
2327 3861 2452 3921 τοὺς
2476 3860 2581 3929 πρὸ
2605 3859 2784 3930 ἡμῶν.
2827 3861 2913 3912 Ἐν
2939 3861 3049 3913 τίσι
3088 3861 3145 3912 δέ
3166 3859 3275 3929 ἄρα
3300 3859 3366 3912 τὰ
3393 3859 3514 3912 καθ’
3549 3861 3716 3928 ἡμᾶς,

2135 3946 2217 4014 οἷς
2264 3950 2400 4022 αὐτὴ
2449 3949 2632 4004 λοιπὸν
2681 3950 2997 4021 ἐπέλαμψεν
3047 3951 3080 4021 ὴ
3136 3950 3404 4016 ἀλήθεια,
3469 3952 3721 4003 τουτέστι

2135 4041 2388 4112 Χριστὸς,
2429 4043 2528 4113 τὴν
2557 4041 2817 4107 ξωοποιδν
2847 4041 3043 4096 ἐαυτοῦ
3074 4042 3252 4112 σάρκα
3285 4039 3608 4112 παρατιθεὶς
3637 4041 3717 4102 είς

2139 4134 2387 4207 μέθεξιν;
2421 4134 2538 4198 πῶς
2563 4137 2662 4206 οὐχ
2685 4137 2890 4189 ἅπασιν
2919 4135 3179 4205 ἐναργές;
3210 4133 3352 4188 Πολὺ
3378 4134 3486 4204 γὰρ
3509 4132 3574 4202 δὴ
3603 4132 3721 4184 λίαν

2135 4229 2193 4279 ἐν
2217 4226 2486 4295 ἀμείνοσι,
2511 4225 2607 4279 καὶ
2637 4227 2694 4279 ἐν
2724 4230 2836 4290 τοῖς
2855 4227 2992 4294 ἄγαν
3019 4225 3457 4296 ὐπερκειμένοις.
3483 4225 3594 4276 Καὶ
3622 4225 3722 4292 τήν

2134 4335 2199 4385 γε
2229 4317 2325 4370 τοῦ
2354 4317 2653 4388 μυστηρίου
2679 4317 2910 4388 δύναμιν
2943 4316 3147 4386 ἐναργῆ
3179 4314 3442 4377 καθιστὰς
3467 4316 3495 4366 6
3516 4314 3719 4382 Κύριος

465 4403 830 4459 stantioresac
861 4407 1189 4474 superiores.
1219 4409 1395 4472 Atque
1419 4409 1578 4476 hujus
1633 4413 1873 4482 mysterii
1924 4415 2030 4467 vim

2144 4407 2292 4478 ἡμῶν
2337 4406 2545 4478 Ἰησοῦς
2575 4407 2604 4459 ὁ
2633 4409 2867 4478 Χριστός
2886 4423 2898 4436 ·
2931 4427 2948 4459 ι
2974 4407 3164 4478 Ἀμὴν,
3211 4408 3363 4477 φησὶ,
3394 4406 3539 4474 λέγω
3567 4407 3717 4474 ὑμῖν,

466 4494 837 4549 utdecfararet
864 4496 1121 4552 Dominus
1176 4511 1361 4552 n05ter
1406 4496 1563 4554 Jesus
1611 4501 1872 4564 Cbristus,
1911 4503 2030 4556 ait:

473 4602 492 4634 ι
523 4586 692 4640 Amen
733 4588 857 4643 dico
888 4591 1064 4655 vobis,
1095 4591 1184 4659 qui
1206 4592 1379 4646 credit
1409 4592 1459 4644 in
1496 4608 1602 4658 me,
1658 4593 1822 4648 habet
1873 4595 2034 4650 vitam

467 4685 745 4730 aeternam.
774 4678 881 4747 Ego
909 4696 1027 4734 sum
1053 4683 1209 4751 panis
1233 4682 1374 4737 vitaz.
1412 4682 1602 4738 Patres
1658 4685 1822 4740 vestri
1879 4701 2036 4741 man-

470 4762 1016 4820 ducaveruntmanna
1049 4769 1101 4822 in
1122 4771 1360 4834 deserto,
1393 4780 1448 4826 et
1499 4774 1692 4828 mortui
1746 4785 1872 4829 sunt
1901 4793 1914 4828 :
1948 4775 2036 4830 hic

469 4857 554 4902 est
576 4850 728 4918 panis
761 4851 826 4905 de
853 4853 989 4906 creto
1034 4857 1387 4921 descendens.
1435 4870 1492 4913 ut
1531 4861 1577 4916 si
1630 4862 1752 4930 quis
1803 4877 1866 4915 ex
1923 4863 2038 4931 ipso

469 4936 775 5007 manducet,
809 4957 913 4996 non
950 4945 1228 5001 moriatur.
1268 4949 1376 5018 Ego
1401 4964 1518 5003 sum
1574 4953 1728 5020 panis
1759 4953 1910 5006 vivus
1943 4953 2034 5021 qui

468 5031 534 5083 de
568 5031 707 5085 caelo
733 5033 1006 5088 descendi.
1067 5035 1121 5090 Si
1175 5039 1296 5108 quis
1353 5041 1756 5097 manducaverit
1807 5058 1872 5098 ex
1937 5045 2038 5100 hoc

470 5135 627 5189 pane,
661 5123 804 5178 vivet
842 5125 894 5178 in
927 5137 1228 5182 aeternum:
1269 5132 1496 5199 etpanis
1548 5147 1704 5201 quem
1735 5148 1834 5204 ego
1876 5135 2034 5199 dabo,

469 5225 597 5265 caro
630 5228 744 5267 mea
778 5223 859 5269 est
892 5231 987 5285 pro
1014 5220 1196 5274 mundi
1225 5221 1333 5274 vita
1363 5221 1430 5274 ".
1471 5239 1488 5273 ι
1520 5222 1650 5276 Nam
1684 5227 1806 5294 quia
1830 5240 1896 5278 ex
1947 5241 2040 5295 ge-

472 5315 599 5355 nere
626 5304 790 5359 lsrael
827 5307 934 5360 nati
958 5309 1023 5362 de
1054 5324 1250 5364 manna
1278 5312 1707 5381 suppeditatione
1736 5312 1916 5370 Mosen
1943 5315 2039 5368 ad-

471 5388 827 5456 mirabantur,
864 5395 1020 5466 113
1050 5402 1194 5466 quod
1263 5417 1386 5456 cum
1433 5416 1527 5472 per
1578 5403 1852 5458 desertum
1920 5404 2038 5474 ejus

473 5483 728 5548 temporis
751 5487 1054 5546 hominibus
1087 5492 1376 5548 demissum
1403 5493 1617 5562 fuisset,
1652 5505 1832 5566 typum
1869 5496 2039 5566 gessit

2143 4503 2172 4554 6
2194 4501 2465 4555 πιστεύων
2492 4502 2572 4564 είς
2598 4501 2718 4571 ἐμὲ,
2762 4501 2876 4571 ἔχει
2915 4499 3061 4572 ζωὴν
3096 4498 3335 4554 αἰώνιον.
3377 4497 3521 4568 Ἐγώ
3547 4502 3664 4570 είμι
3691 4501 3721 4553 6

2141 4590 2305 4660 ἄρτος
2342 4593 2439 4662 τῆς
2467 4591 2631 4660 ζωῆς.
2665 4594 2726 4645 Οἱ
2759 4591 2999 4662 πατέρες
3040 4591 3195 4661 ὑμῶν
3226 4592 3426 4659 ἔφαγον
3454 4591 3515 4645 τὸ
3545 4593 3719 4662 μάννα

2136 4685 2194 4737 ἐν
2222 4687 2289 4756 τῇ
2321 4686 2513 4756 ἐρήμῳ
2540 4685 2633 4736 καὶ
2659 4682 2928 4737 ἀπέθανον
2950 4701 2962 4712 ·
3008 4677 3161 4747 οὗτός
3191 4685 3338 4737 ἐστιν
3364 4685 3393 4736 6
3421 4682 3587 4755 ἄρτος
3607 4686 3635 4736 6
3658 4685 3721 4735 ἐκ

2135 4776 2231 4830 τοῦ
2261 4777 2488 4848 ούρανοῦ
2513 4776 2875 4842 καταὸαίνων,
2903 4777 2991 4828 [va
3032 4792 3116 4838 τις
3145 4775 3203 4842 ἐξ
3233 4774 3399 4834 αὐτοῦ
3429 4775 3604 4848 φάγῃ,
3628 4775 3721 4827 καὶ

2142 4867 2216 4937 μὴ
2265 4868 2535 4940 ἀποθάνῃ.
2593 4867 2733 4935 Ἐγώ
2773 4868 2890 4937 είμι
2929 4869 2957 4920 6
3013 4868 3176 4938 ἄρτος
3220 4869 3248 4920 6
3299 4867 3408 4930 ζῶν
3441 4868 3470 4920 6
3507 4869 3574 4920 ἐκ
3623 4864 3719 4919 τοῦ

2138 4959 2366 5028 ούρανοῦ
2421 4959 2686 5022 καταϐάς.
2760 4961 2888 5014 Ἐάν
2933 4977 3017 5023 τις
3059 4961 3124 5012 ἐκ
3175 4960 3365 5014 τούτου
3407 4960 3501 5013 τοῦ
3553 4961 3720 5028 ἄρτου

2141 5049 2310 5121 φάγῃ,
2351 5048 2578 5118 ζήσεται
2611 5051 2688 5111 εἰς
2710 5049 2800 5101 τὸν
2830 5049 3002 5102 αἰῶνα
3024 5065 3037 5077 °
3063 5050 3156 5103 καὶ
3185 5053 3214 5104 6
3238 5053 3402 5121 ἄρτος
3431 5051 3488 5105 δέ
3517 5052 3579 5104 6v
3608 5053 3722 5118 ἐγὼ

2139 5137 2315 5203 δώσω,
2366 5141 2399 5209 ἡ
2449 5139 2584 5208 σάρξ
2629 5139 2729 5208 μού
2784 5141 2997 5210 ἐστινὴ
3048 5141 3186 5213 ὑπὲρ
3232 5143 3329 5211 τῆς
3365 5142 3461 5195 τοῦ
3509 5143 3719 5212 κόσμου

2147 5228 2312 5299 ζωῆς.
2339 5249 2357 5281 ι
2413 5233 2629 5302 Ἐπειδὴ
2676 5233 2784 5302 γάρ
2813 5235 2861 5285 οἱ
2889 5232 2949 5298 ἐξ
2982 5233 3210 5302 αἵματος
3261 5235 3475 5305 Ἰσραὴλ
3515 5237 3722 5290 Mucia

2144 5321 2523 5392 κατεθήπεσαν
2565 5325 2654 5376 ἐπὶ
2684 5326 2749 5393 τῇ
2779 5323 2873 5377 τοῦ
2909 5324 3084 5393 μάννα
3117 5325 3370 5397 χορηγίᾳ,
3392 5324 3721 5394 καθιεμένου

2150 5411 2247 5480 μὲν
2285 5414 2396 5474 τοῖς
2423 5413 2680 5482 τηνικάδε
2735 5412 2875 5465 κατὰ
2920 5413 3018 5482 τὴν
3065 5413 3295 5484 ἔρημονο
3330 5413 3720 5485 ἀποπληροῦν-

2145 5515 2235 5561 τες
2273 5497 2392 5570 [ῑσ.
2419 5497 2898 5572 ἀποπληροῦντος]
2956 5500 3012 5554 δέ
3073 5499 3242 5554 τύπον
3293 5500 3392 5573 τῆς
3446 5499 3719 5571 μυστικῆς

545 5653 593 5688 "
617 5654 639 5710 ι
666 5654 790 5713 Cor.
824 5674 898 5724 χι,
926 5660 1112 5719 22-26.
1187 5671 1232 5705 "
1263 5667 1424 5726 llebr.
1471 5669 1633 5738 x,28,
1656 5669 1744 5726 29.
1821 5671 1867 5703 "
1899 5670 2053 5726 Joan.
2085 5685 2155 5743 vt,
2199 5671 2388 5730 67-52.
