4014 6128
271 303 363 361 {)7

1319 298 1690 356 ADVERSUS
1724 296 2124 356 NES‘TORlUM
2164 297 2293 355 LIB.
2332 298 2421 355 IV.

3409 295 3515 357 £98

268 420 517 489 εὐλογίας
543 435 557 448 ·
616 418 744 473 σκιά
799 418 906 491 γὰρ
948 419 976 472 6
1030 418 1194 491 νόμος
1224 436 1237 450 '
1290 422 1548 495 ταύτῃσι-οι
1590 425 1687 476 καὶ
1729 421 1836 477 liam

1954 422 2194 493 mysticae
2224 419 2650 477 benedictionis:
2705 418 2894 473 umbra
2945 433 3177 489 namque
3240 429 3358 475 erat
3391 422 3517 489 lex;

269 510 537 582 εὐτέχνως
575 510 604 562 6
635 508 836 580 Κύριος
863 510 1021 581 ἡμῶν
1067 512 1275 581 Ἰησοῦς
1306 513 1541 584 Χριστὸς
1570 530 1843 583 κατασμι-

269 601 452 672 κρύνει
492 602 583 653 τὸν
612 600 800 664 τύπον,
844 601 1163 671 μετασοϐῶν
1201 604 1281 666 είς
1315 603 1595 675 ἀλήθειαν.
1629 605 1705 658 Οὐ
1736 605 1844 676 γάρ

269 691 341 745 τοί
368 708 537 761 φησιν
574 691 783 754 ἐκεῖνος
815 687 957 744 εἶναι
988 691 1109 763 [ῑσ.
1277 694 1305 747 6
1332 696 1433 765 τῆς
1474 693 1621 764 ζωῆς
1658 694 1842 764 ἄρτος,

267 784 375 838 ἀλλ’
420 782 533 851 ἐγὼ
580 783 782 854 μᾶλλον
831 786 860 836 6
904 784 965 848 ἐξ
1014 785 1266 855 οὐρανοῦ,
1308 787 1403 839 καὶ
1455 769 1734 849 ζωοποιῶν
1776 785 1845 839 τά

270 877 463 939 πάντα,
502 876 599 929 καὶ
651 879 764 939 τοῖς
794 876 1068 929 ἐσθίουσιν
1108 878 1349 948 ἐμαυτὸν
1388 878 1572 944 ἐνιεὶς,
1616 878 1710 932 καὶ
1756 877 1846 932 διὰ

270 966 700 1043 ήςλένωθείσης
742 967 869 1037 ἐμοὶ
910 968 1143 1039 σαρκός·
1194 968 1222 1021 ὃ
1263 968 1327 1040 δὴ
1369 970 1463 1022 καὶ
1509 971 1844 1040 σαφέστερον

270 1057 432 1110 ἐποίει
472 1059 679 1127 λέγων·
739 1077 758 1110 ι
793 1058 965 1129 Ἀμὴν
1012 1059 1158 1129 λέγω
1205 1061 1354 1131 ὑμῖν,
1401 1060 1496 1115 ἐὰν
1527 1060 1601 1132 μὴ
1632 1061 1843 1129 φάγητε

268 1149 356 1216 τὴν
395 1149 572 1220 σάρκα
596 1149 690 1202 τοῦ
729 1147 856 1201 Υἱοῦ
890 1149 985 1202 τοῦ
1012 1149 1324 1222 ἀνθρώπου,
1361 1152 1455 1205 καὶ
1487 1153 1646 1223 πίητε
1676 1150 1842 1205 αὑτοῦ

266 1238 320 1291 τὸ
346 1233 510 1308 αἷμα,
538 1241 639 1293 οὐκ
671 1239 824 1310 ἐχετε
856 1239 1002 1312 ζωὴν
1038 1243 1097 1295 ἐν
1135 1243 1347 1305 ἑαυτοῖς
1371 1260 1384 1273 ·
1430 1246 1458 1297 6
1484 1242 1711 1314 τρώγων
1739 1261 1842 1314 μου

264 1327 354 1398 τὴν
382 1330 582 1400 σάρκα,
605 1330 700 1383 καὶ
715 1329 887 1383 πίνων
908 1347 1011 1400 μου
1034 1331 1095 1384 τὸ
1116 1325 1272 1401 αἷμα,
1298 1332 1410 1402 ἔχει
1431 1330 1577 1402 ζωὴν
1603 1332 1839 1398 αἰώνιον,

263 1416 414 1484 κάγὼ
442 1420 734 1489 ἀναστήσω
774 1420 938 1474 αὐτὸν
980 1422 1037 1474 ἐν
1074 1424 1139 1492 τῇ
1169 1423 1374 1496 ἐσχάτῃ
1403 1423 1606 1494 ἡμέρᾳ.
1642 1424 1707 1476 Ἠ
1737 1425 1842 1496 γὰρ

263 1508 395 1578 σάρξ
448 1526 552 1579 μου
605 1510 812 1581 ἀληθής
855 1512 974 1564 ἐστι
1017 1510 1249 1581 βρῶσις
1300 1515 1394 1567 καὶ
1433 1513 1495 1566 τὸ
1534 1509 1675 1585 αἷμά
1716 1532 1838 1585 μου,

258 1599 467 1670 ἀληθής
507 1601 625 1653 ἐστι
655 1602 831 1667 πόσις.
876 1604 934 1656 ’0
966 1604 1194 1675 τρώγων
1228 1622 1329 1676 μου
1364 1607 1463 1678 τὴν
1503 1607 1713 1677 σάρκα,
1747 1607 1842 1661 καὶ

258 1690 429 1744 πίνων
468 1708 569 1762 μου
594 1692 655 1745 τὸ
683 1686 842 1763 αἷμα,
886 1694 945 1748 ἐν
986 1696 1108 1765 ἐμοὶ
1159 1697 1331 1765 μένει,
1373 1695 1528 1765 κάγὼ
1563 1699 1620 1750 ἐν
1666 1697 1836 1768 αὐτῷ.

1950 512 2070 566 ideo
2095 511 2388 581 prudenter
2444 508 2732 564 admodum
2790 507 3048 562 Dominus
3116 515 3302 563 noster
3359 506 3522 564 Iesus

1946 586 2193 657 Christus
2217 610 2401 672 typum
2424 607 2764 665 extenuat,ut
2788 598 2854 653 ad
2880 599 3163 654 veritatem
3194 600 3520 655 transferat.

1945 692 2131 762 Neque
2159 692 2326 757 enim,
2353 691 2548 761 inquit,
2581 690 2671 745 ille
2694 689 2792 745 fuit
2847 691 3004 760 panis
3061 690 3207 756 vitae,
3266 692 3359 746 sed
3419 707 3524 762 ego

1946 784 2123 852 potius
2153 784 2243 850 qui
2276 781 2342 838 de
2367 781 2503 838 caelo
2533 796 2675 846 sum,
2704 792 2757 836 et
2790 783 2971 835 omnia
3007 782 3240 848 viviﬂco,
3273 791 3328 838 et
3358 798 3444 836 me
3470 785 3521 836 in

1947 876 2335 932 manducantes
2355 875 2516 930 etiam
2550 889 2646 944 per
2677 875 2882 929 unitam
2903 874 3034 928 mihi
3056 888 3277 929 carnem
3306 875 3519 929 insero:

1946 968 2092 1037 quod
2131 968 2293 1021 etiam
2325 966 2525 1020 clarius
2563 965 2816 1032 reddidit,
2850 964 3036 1019 dicens
3075 982 3089 1018 :
3132 981 3152 1014 ι
3183 963 3356 1018 Amen
3395 964 3520 1018 dico

1946 1059 2122 1126 vobis,
2159 1058 2259 1112 nisi
2281 1056 2732 1112 manducaveritis
2761 1071 2978 1110 carnem
3035 1053 3153 1109 Filii
3184 1055 3442 1118 hominis,
3467 1064 3524 1109 et

1945 1148 2194 1205 bihcritis
2234 1147 2351 1216 ejus
2403 1148 2740 1217 sanguinem,
2774 1161 2879 1200 non
2939 1145 3206 1200 habebitis
3251 1146 3418 1199 vitam
3465 1147 3520 1199 in

1946 1241 2118 1296 vobis.
2140 1239 2240 1306 Qui
2269 1240 2552 1294 manducat
2572 1253 2745 1293 meam
2776 1253 3019 1304 carnem,
3060 1247 3119 1292 et
3162 1237 3297 1292 bibit
3341 1251 3520 1291 meum

1943 1331 2280 1401 sanguinem,
2312 1329 2473 1386 habet
2501 1331 2666 1385 vitam
2715 1341 2996 1393 aeternam,
3028 1339 3083 1385 et
3141 1344 3241 1402 ego
3287 1330 3521 1384 resusci-

1946 1423 2070 1478 tabo
2093 1438 2213 1478 eum
2245 1424 2298 1477 in
2328 1423 2618 1499 noyissimo
2640 1423 2745 1477 die.
2785 1421 2917 1476 Nam
2947 1437 3074 1478 caro
3109 1437 3228 1477 mea
3250 1436 3375 1477 vere
3434 1429 3520 1477 est

1943 1517 2116 1582 cibus,
2144 1525 2196 1571 ct
2224 1516 2446 1584 sanguis
2476 1530 2626 1570 meus
2648 1530 2774 1570 vere
2803 1523 2889 1569 est
2915 1526 3091 1586 potus.
3135 1515 3236 1583 Qui
3289 1515 3518 1570 mandu-

1943 1617 2029 1664 cal
2059 1623 2230 1661 meam
2257 1621 2498 1672 carnem,
2532 1616 2581 1661 et
2604 1606 2739 1661 bibit
2769 1621 2945 1660 meum
2976 1606 3315 1674 sanguinem,
3349 1605 3401 1659 in
3433 1618 3520 1659 me

1943 1706 2147 1765 manet,
2176 1706 2228 1752 et
2263 1713 2359 1769 ego
2384 1699 2436 1751 in
2462 1712 2547 1751 co.
2587 1695 2741 1753 Sicut
2769 1698 2915 1752 misit
2941 1713 3026 1753 me
3048 1700 3233 1753 vivens
3266 1697 3445 1762 Pater,
3465 1703 3519 1751 et

259 1780 460 1845 Καθὼς
495 1783 777 1837 ἀπέστειλέ
806 1801 872 1855 με
904 1788 933 1839 6
958 1784 1067 1849 ζῶν
1093 1787 1300 1859 Πατὴρ,
1330 1787 1486 1856 κάγὼ
1518 1787 1595 1853 ζῶ
1619 1789 1707 1843 διά
1746 1789 1835 1842 τὸν

1939 1802 2035 1858 ego
2060 1787 2183 1843 vivo
2214 1795 2434 1857 propter
2460 1786 2705 1854 Patrem;
2743 1797 2797 1842 et
2847 1789 2935 1856 qui
2970 1788 3260 1842 manducet
3306 1802 3412 1850 me,
3463 1795 3519 1841 et

258 1873 497 1944 Πατέρα,
527 1876 619 1929 καὶ
645 1877 673 1927 6
689 1875 921 1947 τρώγων
944 1895 1032 1948 με,
1061 1879 1312 1942 κάκεῖνος
1336 1878 1580 1950 ζήσεται.
1597 1898 1614 1929 ι
1651 1878 1751 1932 Ἀθ
1762 1896 1840 1948 ρει

256 1963 318 2034 δὴ
365 1961 458 2018 οὖν
501 1966 648 2029 ὅπως
682 1968 740 2019 ἐν
771 1970 907 2038 ἡμῖν
951 1968 1122 2039 μένει,
1156 1971 1251 2022 καὶ
1298 1968 1503 2040 φθορᾶς
1547 1970 1842 2038 ἀποφαίνει

256 2055 592 2126 κρείττονας,
621 2059 733 2120 τοῖς
756 2059 1050 2130 ἡμετέροις
1070 2058 1315 2129 σώμασιν
1331 2060 1601 2129 ἐγκαθιεὶς
1624 2060 1838 2126 ἑαυτὸν,

252 2146 329 2209 ὡς
362 2146 520 2218 ἔφην,
567 2148 664 2200 καί
711 2148 799 2202 διὰ
839 2149 941 2219 τῆς
983 2150 1114 2214 ἰδίας
1152 2151 1373 2222 σαρκὸς,
1421 2154 1455 2223 ἢ
1501 2152 1593 2206 καὶ
1635 2152 1842 2223 ἀληθής

249 2238 373 2290 ἐστι
405 2237 630 2307 βρῶσις,
663 2239 763 2309 τῆς
789 2241 848 2292 ἐν
883 2240 1035 2311 νόμῳ
1067 2243 1246 2306 σκιᾶς,
1287 2243 1502 2312 καὶτῆς
1526 2246 1644 2296 κατ’
1669 2243 1844 2315 αὐτὴν

251 2327 511 2398 λατρείας
540 2331 639 2383 οὐκ
672 2331 906 2400 ἐχούσης
940 2332 1038 2404 τὴν
1069 2333 1350 2403 ἀλήθειαν.
1395 2336 1505 2389 Καὶ
1550 2338 1579 2389 6
1621 2336 1718 2407 μὲν
1743 2334 1841 2389 τοῦ

252 2422 555 2491 μυστηρίου
580 2421 759 2491 λόγος,
790 2423 996 2488 ἁπλοῦς
1031 2441 1092 2479 τε
1117 2425 1215 2479 καὶ
1244 2425 1471 2498 ἀληθὴς,
1498 2427 1560 2480 οὐ
1581 2428 1844 2492 ποικίλοις

247 2511 472 2564 ἐννοιῶν
509 2514 815 2584 εὑρήμασιν
844 2517 925 2578 είς
961 2516 1285 2588 ἀνοσιότητα
1330 2521 1840 2591 περιειργασμένος,

248 2602 468 2667 ἁπλοῦς
494 2603 570 2667 δὲ,
600 2606 673 2668 ὡς
708 2605 866 2678 ἐφην.
905 2600 1243 2679 Πιστεύομεν
1259 2610 1368 2682 γὰρ
1393 2612 1469 2675 ὡς
1496 2611 1575 2683 τῷ
1604 2611 1845 2682 τεχθέντι

246 2693 340 2747 διὰ
371 2694 471 2763 τῆς
499 2696 659 2763 ἁγίας
688 2697 975 2767 Παρθένου
1024 2697 1257 2770 σώματι,
1294 2701 1472 2773 ψυχὴν
1500 2702 1674 2773 ἔχοντι
1706 2706 1849 2774 λογι·

244 2785 378 2856 κὴν,
417 2785 623 2851 ένὼσας
663 2788 854 2841 ἐαυτὸν
881 2790 909 2842 6
940 2791 1005 2843 ἐκ
1027 2789 1162 2843 Θεοῦ
1196 2791 1406 2864 Πατρδς
1429 2794 1601 2863 Λόγος
1620 2812 1634 2825 ⁸
1667 2797 1842 2870 ἀπόῤ-

248 2882 422 2949 ρητος
460 2880 518 2931 δέ
552 2896 677 2944 που,
728 2881 821 2933 καὶ
858 2882 1097 2954 μυστικὴ
1144 2883 1361 2947 πάντως
1393 2886 1424 2956 ή
1464 2885 1655 2951 ἐνωσις
1706 2891 1842 2953 ζωο-

249 2967 406 3018 ποιὸν
435 2967 721 3039 ἀπέφηνεν
750 2969 902 3036 αὐτὸ,
936 2971 1049 3042 ζωὴ
1086 2971 1228 3025 κατὰ
1259 2973 1420 3042 φύσιν
1468 2976 1728 3047 ὑπάρχων
1766 2979 1843 3045 ὡς

1942 1879 2058 1948 ipse
2086 1879 2228 1933 vivet
2258 1879 2325 1932 ".
2365 1898 2384 1931 ι
2422 1877 2736 1950 Videigitur
2762 1877 3214 1949 quemadmodum
3272 1879 3324 1932 in
3362 1879 3516 1933 nobis

1942 1980 2122 2024 manet
2158 1978 2212 2024 et
2232 1971 2591 2040 corruptionis
2622 1971 2852 2025 victores
2874 1969 3057 2036 edicit,
3093 1972 3217 2025 dum
3244 1985 3303 2026 se
3336 1970 3388 2025 in
3421 1986 3518 2025 no-

1942 2064 2055 2108 stra
2076 2054 2311 2109 demittit
2330 2050 2670 2125 corpora,'ut
2704 2048 2834 2122 dixi,
2864 2060 3025 2113 etiam
3051 2072 3148 2128 per
3193 2074 3347 2114 suam
3391 2074 3516 2113 car-

1941 2162 2086 2212 nem,
2114 2163 2232 2217 qnte
2256 2162 2418 2203 verus
2437 2159 2521 2203 est
2551 2150 2730 2215 cibus,
2756 2166 2878 2205 cum
2904 2149 2990 2204 illa
3017 2150 3203 2220 legalis
3233 2150 3516 2215 umbra,et

1942 2240 2121 2295 cultus
2149 2242 2434 2311 peripsam
2463 2242 2765 2307 institutus,
2804 2259 2909 2299 non
2962 2242 3160 2298 habeat
3203 2244 3512 2297 veritatem.

1941 2332 2006 2387 Et
2036 2333 2278 2404 mysterii
2311 2335 2525 2403 quidem
2547 2336 2683 2390 ratio
2718 2335 2945 2405 simplex
2973 2344 3055 2391 est
3103 2351 3168 2390 ac
3224 2349 3375 2400 vera,
3407 2351 3512 2390 non

1940 2423 2105 2479 variis
2130 2424 2515 2495 cogitationum
2531 2427 2852 2481 commentis
2869 2428 2934 2481 ad
2967 2427 3298 2498 impietatem
3318 2429 3479 2498 exqui
3493 2456 3513 2469 -

1940 2517 2043 2571 site
2064 2517 2513 2586 composita,sed,
2546 2526 2603 2570 ut
2633 2516 3029 2588 dixi,simplex.
3055 2517 3338 2572 Credimus
3360 2534 3512 2573 nam-

1941 2622 2046 2677 que
2076 2607 2201 2661 illnd
2232 2622 2298 2661 ex
2336 2607 2445 2662 Deo
2477 2607 2635 2663 Patre
2663 2607 3056 2673 Verbum,cum
3089 2623 3148 2663 sc
3176 2609 3388 2679 corpori
3415 2624 3514 2679 per
3567 2645 3580 2656 .

1940 2708 2182 2754 sanctam
2209 2698 2485 2768 Virginem
2515 2700 2680 2766 edito,
2702 2700 3030 2770 habentiqne
3047 2700 3361 2754 rationalem
3392 2700 3477 2753 ani
3498 2728 3511 2740 -

1942 2806 2086 2845 mam
2120 2790 2366 2856 uniisset,
2399 2804 2519 2858 qua:
2541 2791 2667 2845 unio
2704 2790 2989 2845 ineﬂabills
3037 2807 3257 2861 prorsus
3298 2806 3360 2847 ac
3398 2807 3514 2863 my-

1940 2882 2072 2936 stica
2091 2880 2212 2947 fuit,
2242 2881 2415 2950 ipsum
2448 2896 2642 2950 corpus
2666 2880 2966 2935 reddidisse
2994 2881 3289 2948 vivificum,
3316 2884 3513 2951 quipr

1941 2987 2061 3027 cum
2092 2974 2351 3036 Verbum,
2375 2982 2559 3043 utpote
2582 2972 2748 3036 Deus,
2792 2973 2897 3026 vita
2920 2973 2990 3027 sit
3010 2975 3307 3027 secundum
3340 2984 3511 3028 natu-

250 3055 401 3159 Θεὸς,
433 3056 524 3109 ἵνα
555 3059 703 3160 ημᾶς
734 3059 928 3113 ἐαυτοῦ
958 3060 1218 3131 μετόχους
1248 3064 1548 3133 ἀποτελῶν,
1595 3086 1836 3141 πνευμα-

1945 3079 2082 3129 ram,
2106 3075 2163 3119 ut
2196 3080 2299 3119 nos
2331 3080 2435 3119 non
2464 3063 2689 3134 spiritali
2718 3072 2949 3129 tantum,
2982 3078 3166 3117 verum
3201 3064 3361 3119 etiam
3389 3079 3508 3119 cor-

249 3146 415 3210 τικῶς
461 3164 523 3199 τε
555 3146 673 3218 ἅμα
702 3150 798 3202 καὶ
829 3153 1177 3221 σωματικῶς,
1220 3155 1312 3207 καὶ
1344 3156 1552 3229 φθορᾶς
1582 3161 1835 3236 ἀποφήνῃ

248 3238 588 3309 κρείττονας,
626 3240 720 3292 καί
746 3241 846 3311 τῆς
880 3242 1154 3313 ἁμαρτίας
1186 3244 1278 3298 τὸν
1319 3249 1483 3317 νόμον
1516 3251 1606 3304 τὸν
1639 3254 1697 3306 ἐν
1725 3257 1837 3318 τοῖς

255 3327 437 3396 μέλεσι
464 3330 568 3399 τῆς
606 3332 807 3400 σαρκὸς
831 3336 1153 3406 καταργήσῃ
1195 3336 1263 3389 δι’
1299 3340 1516 3405 ἐαυτοῦ,
1548 3346 1835 3416 κατέκρινε

251 3419 345 3486 τὴν
374 3420 658 3490 ἁμαρτίαν
700 3424 758 3474 ἐν
806 3425 988 3495 σαρκὶ,
1044 3426 1186 3479 καθά
1215 3430 1541 3501 γέγραπται.
1596 3436 1837 3490 Ἀνδάνει

252 3509 323 3575 δὲ,
353 3508 539 3581 οἶμαι,
566 3516 725 3567 ταυτὶ
755 3516 874 3569 κατ’
896 3517 1086 3569 οὐδένα
1113 3519 1315 3587 τρόπον
1335 3522 1412 3591 τῷ
1428 3524 1536 3577 τῶν
1554 3526 1689 3579 νέων
1706 3529 1836 3598 ἡμῖν

253 3598 378 3671 εὑρη
388 3603 581 3671 μάτων
607 3602 966 3676 δογματιστῇ,
984 3605 1041 3668 6;
1064 3601 1152 3660 οἷά
1172 3625 1255 3672 τις
1279 3610 1477 3682 μόσχος
1500 3614 1836 3685 ἀτιμαγέλας

252 3692 340 3745 ἐπὶ
372 3694 537 3763 μόνον
568 3696 705 3748 ίεται
736 3697 794 3749 τὸ
824 3696 965 3751 κατὰ
1009 3698 1237 3770 γνώμην
1271 3702 1439 3772 αὐτῷ,
1492 3706 1583 3758 καὶ
1605 3708 1704 3778 τὴν
1739 3709 1834 3762 τοῦ

254 3787 563 3857 μυστηρίου
585 3787 816 3859 δύναμιν
844 3792 1297 3864 κατασμικρύνει,
1337 3794 1510 3864 λέγων
1538 3815 1552 3828 ·

319 3959 617 4031 [Ἄκουσον
664 3968 760 4021 καὶ
798 3968 878 4031 τὸ,
909 3969 1132 4041 Κύριος,
1169 3975 1300 4025 ποτὲ
1339 3974 1458 4043 μὲν,
1493 3975 1586 4028 ἐπὶ
1614 3976 1712 4046 τῆς
1739 3979 1832 4031 ἀν-

1940 3155 2109 3223 porali
2143 3155 2302 3210 modo
2333 3156 2414 3209 sui
2436 3156 2725 3225 participes
2742 3153 2985 3217 en‘ectos,
3008 3155 3353 3224 corruptiOue
3379 3168 3515 3225 prse-

1939 3228 2263 3298 stantiores‘
2318 3246 2589 3308 redderet,
2662 3254 2715 3298 et
2790 3253 3047 3298 evacuata
3105 3259 3201 3314 per
3274 3245 3512 3313 scipsum

1940 3337 2141 3403 peccati
2174 3336 2287 3405 lege
2305 3337 2356 3388 in
2377 3336 2634 3391 membris
2665 3335 2845 3389 carnis
2865 3336 3058 3404 posita,
3082 3338 3363 3390 damnaret
3385 3350 3511 3406 pec-

1938 3437 2116 3479 catum
2149 3427 2199 3479 iu
2227 3441 2411 3488 carne,
2444 3429 2584 3481 sicut
2614 3429 2875 3496 scriptum
2907 3437 2990 3481 est
3015 3427 3208 3482 ".Sed
3241 3427 3369 3490 haec,
3405 3427 3510 3482 nisi

1938 3514 2113 3581 fallor,
2153 3528 2338 3570 nostro
2397 3531 2656 3570 novorum
2688 3529 3118 3577 commentorum
3174 3518 3508 3589 dogmatistzc

1939 3606 2083 3661 nullo
2104 3609 2259 3661 modo
2288 3607 2616 3677 placenl,qui
2651 3618 2905 3680 tauquam
2939 3609 3138 3664 vitulus
3167 3619 3510 3678 contemptor

1936 3700 2284 3769 desertorque
2340 3701 2540 3770 gregis,
2615 3701 2773 3756 inid
2847 3701 3021 3757 solum
3104 3703 3280 3772 pergit
3364 3702 3509 3771 quod

1937 3790 2037 3843 sibi
2096 3791 2293 3859 placet,
2341 3803 2395 3845 ct
2435 3790 2594 3859 hujus
2643 3792 2880 3863 mystcrii
2940 3793 3046 3846 vim
3100 3792 3390 3859 imminuit,
3422 3792 3506 3847 di-

1936 3894 2065 3935 cens
2096 3899 2111 3935 τ

2008 3969 2276 4041 [Νεςτοιι.
2313 3971 2450 4025 Audi
2479 3972 2638 4025 etiam
2668 3973 2768 4026 hoc
2823 3987 3040 4035 nomen,
3103 3970 3346 4035 Domine,
3402 3973 3506 4025 ali--

250 4057 602 4129 ῠρωπότητος
635 4058 729 4111 τοῦ
756 4060 997 4129 Χριστοῦ
1015 4074 1030 4089 ⁸
1064 4064 1194 4116 ποτὲ
1219 4065 1299 4130 δὲ,
1335 4066 1428 4117 ἐπὶ
1452 4067 1551 4136 τῆς
1581 4067 1833 4139 θεότητος

1939 4064 2152 4130 quando
2182 4062 2248 4115 de
2280 4063 2613 4116 humanitate
2643 4062 2866 4128 Christi,
2901 4063 3191 4131 aliquando
3222 4062 3287 4116 dé
3311 4064 3507 4118 divini-

249 4147 415 4201 αὐτοῦ
438 4165 453 4179 ο
493 4150 630 4203 ποτὲ
659 4150 737 4213 δὲ,
763 4152 850 4203 ἐπ’
883 4153 1213 4224 ἀμφοτέρων
1246 4156 1516 4226 κείμενον
1557 4176 1574 4209 ι
1611 4160 1831 4226 Ὁσάκις

1939 4167 2044 4213 late
2060 4158 2197 4225 ejus,
2229 4158 2518 4228 aliquando
2549 4158 2614 4213 de
2645 4168 2879 4227 utroque
2908 4157 3166 4227 positum.
3206 4175 3225 4209 ι
3254 4157 3508 4224 Quaties-

248 4238 313 4291 ἂν
342 4239 568 4310 ἐσθίητε
597 4241 690 4294 τὸν
720 4243 883 4312 ἄρτον
910 4245 1123 4309 τοῦτον,
1156 4249 1250 4300 καὶ
1279 4248 1341 4302 τὸ
1387 4252 1646 4322 ποτήριον
1672 4254 1829 4309 τοῦτο

1939 4265 2150 4321 cunque
2205 4249 2599 4305 manducabitis
2621 4264 2813 4319 panem
2842 4249 3003 4311 hunc.
3061 4257 3116 4302 et
3169 4248 3394 4303 calicem
3427 4250 3508 4305 hio

250 4331 464 4403 πίνητε,
516 4333 609 4387 τὸν
657 4333 886 4389 θάνατον
938 4338 1032 4391 τοῦ
1083 4340 1289 4411 Κυρίου
1344 4345 1761 4412 καταγγέλλετε.
1805 4367 1823 4399 ι

1939 4344 2092 4408 hetis,
2122 4354 2347 4398 mortem
2382 4341 2589 4396 Domini
2627 4339 3016 4395 annuntinbitis
3032 4339 3099 4394 ’⁸.
3138 4359 3155 4390 ι
3184 4339 3345 4413 114
3369 4341 3503 4396 Audi

251 4422 524 4479 Ἄκουσον
567 4426 630 4478 ἐκ
676 4426 783 4480 τῶν
834 4432 1265 4502 προηγουμένων
1304 4434 1402 4504 τὴν
1447 4436 1686 4505 ἀμαθίαν
1717 4439 1828 4495 τῶν

1939 4448 2000 4488 ex
2049 4433 2475 4501 przecedentibus
2526 4432 2851 4502 imperitiam
2906 4431 3303 4500 objicientium,
3361 4435 3503 4500 quod

245 4513 653 4583 ἀντιτιθέντων,
703 4516 780 4580 ὡς
815 4518 1044 4590 ίσχυράν
1094 4521 1528 4588 ἀναγινώσκουσι
1577 4525 1670 4578 τοῦ
1724 4546 1828 4598 μυ-

1939 4522 2227 4578 maximam
2246 4539 2368 4579 esse
2398 4523 2753 4593 leganthujus
2787 4523 3030 4592 mysterii
3083 4521 3397 4589 utilitatem,
3448 4535 3504 4578 et

247 4601 476 4673 στηρίου
531 4605 631 4675 τὴν
681 4606 969 4676 ὠφέλειαν,
1026 4610 1121 4662 καὶ
1165 4611 1307 4673 τίνος
1360 4614 1474 4675 τοῖς
1518 4615 1827 4687 ἀνθρώποις

1939 4615 2091 4684 cujus
2109 4617 2678 4671 commemorationem
2712 4614 3019 4669 hominibus
3076 4612 3305 4667 aderat:
3341 4620 3504 4684 atque

245 4696 553 4768 παρέχεται
598 4699 697 4765 τὴν
740 4702 1080 4774 ἀνάμνησινο
1111 4687 1231 4756 ’καὶ
1288 4704 1520 4760 ἄκουσον
1568 4709 1641 4780 μὴ
1693 4710 1827 4779 ἐμοῦ

1939 4706 2058 4759 audi
2090 4722 2195 4759 non
2225 4721 2310 4760 mc
2343 4708 2455 4760 haec
2485 4707 2776 4768 dicentem,
2821 4707 2913 4758 sed
2959 4703 3176 4757 beatum
3231 4702 3501 4763 Paulum:

241 4786 413 4843 ταῦτα
440 4790 718 4858 λέγοντος,
752 4792 887 4846 ἀλλὰ
918 4794 1014 4847 τοῦ
1052 4796 1329 4868 μακαρίου
1361 4797 1608 4851 Παύλου*
1637 4820 1655 4851 ι
1680 4801 1830 4856 Ὁσά-

1941 4813 1960 4847 ‹
1997 4795 2431 4862 Quotiescunque
2461 4793 2852 4847 manducabitis
2878 4806 3068 4861 panem
3092 4793 3254 4848 hunc.
3311 4811 3331 4845 ι
3381 4792 3497 4849 Νοιι

242 4895 326 4942 κις
356 4880 582 4952 ἐσθίητε
619 4882 711 4936 τὸν
745 4884 911 4955 ἄρτον
934 4885 1143 4940 τοῦτον.
1181 4905 1200 4938 ι
1240 4888 1354 4940 Οὐκ
1386 4885 1560 4955 εἶπεν,
1594 4892 1824 4957 Ὂσὰκις

241 4968 304 5022 ἂν
333 4972 561 5045 ἐσθίητε
591 4972 688 5045 τὴν
733 4975 963 5047 θεότητα
992 4976 1228 5049 ταύτην
1259 4980 1450 5043 ὁσάκις
1494 4981 1560 5034 ἂν
1607 4982 1824 5053 ἐσθίητε

240 5061 326 5113 τὸν
359 5063 526 5134 ἄρτον
559 5064 769 5119 τοῦτον.
792 5067 970 5120 Βλέπε
998 5069 1126 5138 περὶ
1157 5069 1250 5122 τοῦ
1290 5071 1539 5141 σώματος
1559 5073 1706 5142 αὐτῷ
1731 5073 1822 5127 τοῦ

240 5153 564 5211 δεσποτικοῦ
609 5157 672 5210 τὸ
718 5160 1102 5229 προκείμενον.
1155 5180 1173 5213 ι
1223 5163 1447 5227 Ὁσάκις
1497 5164 1564 5217 ἂν
1605 5166 1822 5237 ἐσθίητε

240 5246 325 5297 τὸν
367 5246 538 5318 ἄρτον
585 5246 811 5312 τοῦτον,
852 5267 869 5297 ι
912 5243 972 5301 οὗ
1020 5253 1137 5303 ἐστι
1187 5251 1247 5304 τὸ
1296 5251 1457 5322 σῶμα
1504 5254 1818 5308 ἀντίτυπον.

244 5335 468 5408 Ἵδωμεν
498 5336 596 5393 οὖν
627 5340 773 5402 τίνος
803 5342 831 5392 6
858 5340 1115 5399 θάνατος’
1153 5362 1169 5393 ι
1220 5343 1438 5408 Ὁσάκις
1491 5344 1557 5398 ἂν
1602 5346 1820 5416 ἐσθίητε

242 5425 323 5479 τὸν
348 5428 518 5499 ἄρτον
548 5429 766 5491 τοῦτον.
799 5432 896 5484 καὶ
919 5431 979 5484 τὸ
1008 5433 1265 5502 ποτήριον
1297 5433 1461 5487 τοῦτο
1487 5435 1700 5505 πίνητε,
1726 5436 1816 5488 τὸν

244 5515 467 5573 θάνατον
510 5521 609 5574 τοῦ
656 5520 866 5592 Κυρίου
918 5523 1337 5591 καταγγέλλετε.
1371 5544 1388 5575 ι
1426 5526 1689 5579 ’Ἄκουσον
1725 5526 1818 5578 καί⁹

1934 4886 2071 4939 dixit
2108 4884 2780 4951 :Quotiesmanducabitis
2796 4883 3126 4938 divinitatem
3155 4885 3324 4949 hanc;
3360 4900 3498 4955 quo-

1934 4978 2032 5032 ties
2059 4976 2454 5033 manducabitis
2479 4992 2668 5044 panem
2700 4977 2862 5032 hunc.
2887 4974 3020 5031 Vide
3040 4977 3107 5032 de
3145 4993 3369 5046 corpore
3395 4977 3498 5031 Duo

1929 5069 2129 5124 minico
2153 5069 2226 5123 illi
2258 5083 2377 5125 esse
2407 5072 2739 5139 prepositum
2770 5087 2788 5125 :
2819 5086 2839 5121 ι
2876 5068 3320 5137 Quotiescunque
3343 5083 3498 5120 man-

1927 5161 2193 5217 ducabitis
2225 5177 2414 5231 panem
2473 5163 2635 5225 hunc,
2687 5179 2705 5211 ι
2746 5161 2899 5230 cujus
2943 5168 3026 5215 est
3077 5160 3250 5228 ipsum
3300 5170 3496 5224 corpus

1924 5255 2245 5325 antitypum.
2286 5254 2572 5308 Videamus
2602 5267 2732 5320 ergo
2762 5251 2921 5319 cujus
2968 5264 3149 5302 mors:
3179 5265 3196 5299 ι
3241 5247 3496 5313 Quoties-

1925 5359 2136 5414 cunque
2154 5344 2552 5399 manducabitis
2581 5357 2772 5411 panem
2802 5341 2968 5402 hunc,
2996 5345 3050 5391 et
3076 5336 3300 5391 calicem
3353 5336 3497 5391 hunc

1924 5438 2143 5502 bibulis,
2166 5446 2389 5491 mortem
2424 5434 2631 5489 Domini
2667 5430 3075 5486 annuntiabitis.
3108 5447 3126 5481 ι
3161 5430 3299 5483 Audi
3324 5429 3377 5483 in
3403 5445 3495 5484 se-

1922 5528 2212 5599 quentibus
2246 5528 2518 5599 apertius:
2560 5541 2578 5576 ι
2606 5522 2783 5580 Donec
2812 5522 2992 5580 veniat
3019 5522 3120 5578 υ.»
3154 5520 3285 5590 Quis
3316 5529 3496 5575 autem

305 5697 350 5731 "
375 5698 538 5755 Joan.
574 5715 645 5763 vi,
686 5696 883 5753 54-58.
960 5699 1004 5732 '7
1031 5696 1186 5756 Rom.
1219 5715 1335 5769 Vill,
1367 5703 1421 5761 3.
1499 5702 1546 5736 "
1577 5702 1597 5759 l
1628 5700 1754 5759 Cor.
1782 5716 1860 5771 XI,
1891 5702 1981 5760 26.
2059 5702 2103 5736 ⁸⁸
2126 5703 2256 5760 ibid.
