4014 6128
482 302 575 362 199

1470 292 1529 347 S.
1565 288 1841 347 εγιιιιιλ
1882 283 2347 341 ALEXANDRINI
2387 282 2706 340 ARCIHEP.

3617 291 3722 346 9.00

472 416 659 474 venit?
682 411 947 470 Videbunt
970 408 1163 467 Filium
1191 409 1425 466 hominis
1475 408 1779 463 venientem
1848 406 1900 461 in
1945 419 2041 458 nuo

2158 403 2207 455 ὲν
2232 405 2345 467 τοῖς
2374 404 2573 473 ἐφεξῆς
2600 402 2970 476 φανερώτερον
2992 419 3035 454 ἰ
3072 404 3266 474 Ἀχρις
3284 396 3345 458 οὗ
3383 403 3537 476 ἔλθῃ.
3575 423 3594 456 ι
3625 407 3721 470 Τίς

475 513 629 567 bibus
659 509 780 563 coeli
812 524 931 560 cum
966 505 1134 575 gloria
1168 502 1333 556 multa
1363 503 1418 555 ‘:
1455 509 1509 553 et
1540 498 1680 567 quod
1724 496 1900 566 majus
1940 503 2044 559 est,

473 613 599 656 ante
668 599 936 669 apostolos
992 596 1253 666 propheta
1331 591 1669 647 manifcsﬁus
1737 587 2045 643 venientem

474 693 729 757 ostendit,
759 703 809 745 et
840 691 1055 752 clamat,
1092 691 1156 740 de
1183 683 1381 740 Judaeis
1444 682 1629 734 dicens
1660 695 1675 732 :
1708 696 1727 729 ι
1780 677 2049 731 Videbunt

478 785 530 838 in
559 797 718 852 quem
758 785 1189 847 compunxerunt
1223 776 1266 828 ⁸.
1313 791 1331 824 ι
1392 771 1531 838 Quid
1575 766 1875 839 igiturillud
1905 780 2049 820 com-

478 882 728 944 punctum
759 868 878 923 cst?
910 866 1104 930 Latus;
1138 864 1276 919 latus
1313 876 1440 917 vero
1501 858 1745 927 corporis
1803 864 1907 923 est,
1941 869 2045 909 non

476 960 770 1018 divinitatis
800 957 820 1031 ]

1152 1219 1304 1276 CAP.
1338 1217 1422 1274 Vl.

553 1368 755 1426 Rursus
784 1385 912 1438 ergo
948 1381 1045 1421 nos
1087 1372 1299 1433 Oportet
1349 1357 1595 1414 veritatis
1642 1353 1911 1423 dogmatis
1955 1366 2051 1421 pa~

482 1461 991 1528 trocinari,ettuis,
1026 1458 1109 1510 vir
1140 1453 1377 1527 egregie,
1413 1452 1592 1507 verbis
1643 1449 1928 1513 obsistere,
1996 1455 2051 1500 et

479 1569 606 1610 ante
634 1567 826 1609 caetera
848 1551 1100 1606 studiosis
1126 1549 1253 1603 illud
1282 1544 1515 1617 pra-fari,
1569 1541 1662 1596 tibi
1692 1538 2049 1610 .propositnm

479 1660 623 1709 esse,
652 1646 703 1698 in
729 1645 889 1711 idque
924 1652 974 1695 tc
1003 1640 1285 1693 admodum
1312 1636 1432 1700 niti,
1471 1644 1528 1688 ut
1556 1634 1690 1686 duos
1744 1645 1931 1684 rursus
1965 1643 2051 1682 as-

2147 492 2205 546 δὲ
2231 495 2259 545 6
2289 495 2613 565 ἐρχόμενοςς
2651 513 2670 545 ι
2703 493 2962 564 Ὄψονται
2997 494 3088 547 τὸν
3121 493 3249 547 Υίδν
3285 494 3378 548 τοῦ
3432 495 3722 568 ἀνθρώπου

2150 585 2442 657 ἐρχόμενον
2474 588 2564 639 ἐπὶ
2594 586 2702 639 τῶν
2734 586 2976 654 νεφελῶν
3013 584 3109 639 τοῦ
3139 587 3371 657 οὐρανοῦ
3402 588 3542 656 μετά
3566 587 3723 659 δόξης

2149 676 2373 745 πολλῆς·
2390 679 2511 730 »καὶ
2536 677 2597 729 τὸ
2620 679 2683 747 δὴ
2711 677 2915 748 μεῖζον,
2934 677 3040 748 πρὸ
3067 678 3175 731 τῶν
3201 677 3511 732 ἀποστόλων
3537 678 3565 731 6
3596 696 3725 751 προ-

2151 769 2329 839 φήτης
2358 769 2689 840 σαφέστερον
2727 769 2817 824 τὸν
2862 772 3154 840 ἐρχόμενον
3187 770 3447 833 δείκνυσι,
3499 771 3594 824 καὶ
3633 770 3697 823 κέ

2151 872 2326 926 κραγε
2370 857 2499 926 περὶ
2539 859 2807 911 Ἰουδαίων
2854 857 3026 927 βοῶν’
3061 881 3077 909 ε
3113 859 3372 928 Ὄψονται
3419 861 3498 922 είς
3530 859 3590 911 ὃν
3633 857 3695 924 ἐξ

2152 949 2471 1019 εκέντησαν.
2509 969 2527 1001 ι
2563 950 2659 1014 Τίς
2703 946 2795 1002 οὖν
2826 952 2975 1003 ἐστιν
3004 952 3031 1003 6
3059 950 3373 1018 κεντηθείς⁶
3414 953 3446 1022 ὴ
3482 951 3721 1024 πλευρά·

2152 1039 2363 1114 πλευρά
2395 1040 2472 1109 δὲ,
2511 1039 2781 1111 σώματος,
2812 1042 2871 1093 οὐ
2905 1041 3160 1112 θεότητός
3188 1039 3375 1113 satu]

2739 1221 2991 1274 ιιιςιιιΑΑ.
3036 1221 3124 1288 (τ’.

2222 1358 2314 1409 Δεῖ
2336 1357 2399 1427 δὴ
2424 1356 2584 1410 πάλιν
2613 1357 2760 1427 ἡμᾶς
2788 1358 2900 1417 τοῖς
2926 1355 3027 1425 τῆς
3057 1354 3313 1424 ἀληθείας
3336 1356 3569 1425 δόγμασι
3600 1375 3725 1412 συνο

2152 1454 2347 1517 ειπεῖν,
2378 1450 2473 1503 καὶ
2500 1453 2611 1512 τοῖς
2639 1452 2771 1513 σοῖς,
2821 1443 2865 1501 ὦ
2892 1442 3064 1513 οὗτος,
3091 1449 3474 1519 ἀντιφέρεσθαι
3508 1450 3718 1517 λόγοις·

2155 1544 2247 1596 καὶ
2290 1542 2395 1614 πρό
2444 1558 2508 1610 γε
2551 1540 2657 1594 τῶν
2700 1541 2879 1623 ἀλλων
2910 1542 3019 1603 τοῖς
3067 1540 3518 1613 φιλακροάμοσιν,
3547 1542 3725 1594 ἐκεῖνο

2154 1637 2364 1700 εἰπεῖν,
2412 1636 2493 1688 ὃτι
2544 1651 2621 1687 σοι
2674 1633 2911 1695 σκοπὸς,
2962 1631 3057 1685 καὶ
3088 1632 3173 1684 διά
3205 1632 3441 1700 σπουδῆς
3488 1632 3725 1685 τέθειται

482 1752 631 1791 seras
647 1735 914 1793 Christos,
941 1731 1133 1800 quibus
1165 1729 1390 1784 scorsim
1416 1723 1702 1781 conveniat
1730 1719 2051 1775 dominatio-

2163 1726 2395 1798 πολλῆς,
2440 1725 2533 1778 δύο
2563 1725 2626 1795 δὴ
2655 1724 2814 1776 πάλιν
2862 1724 3140 1793 ἀποφῆναι
3182 1724 3449 1792 Χριστοὺς
3471 1763 3485 1788 ,
3521 1717 3601 1785 οἷς
3634 1722 3727 1776 καὶ

483 1828 567 1882 nis
619 1825 928 1895 appellatio.
980 1821 1131 1888 Quod
1207 1826 1386 1874 autem
1438 1814 1842 1885 imperitissimo
1903 1809 2048 1864 inid

483 1919 797 1981 contendas,
837 1932 941 1971 non
975 1912 1356 1968 multolabore
1406 1926 1436 1963 a
1464 1906 1648 1963 nobis
1713 1904 2046 1960 ostendetur.

483 2011 616 2065 Nam
664 2010 912 2078 agedum,
943 2020 1174 2074 expone,
1224 2018 1423 2073 quaeso,
1490 2014 1776 2070 quemnam
1826 1996 2051 2051 deﬁnias

483 2104 779 2163 Christum,
813 2102 963 2167 cujus
982 2111 1034 2153 et
1094 2097 1479 2151 humanitatem
1551 2102 1606 2145 et
1643 2090 1898 2144 deitatem
1930 2101 2051 2141 esse

483 2196 656 2248 dicis:
689 2193 956 2261 siquidem
996 2190 1122 2243 illud
1147 2203 1209 2241 ex
1237 2187 1341 2239 Deo
1374 2185 1530 2237 Patre
1581 2180 1836 2247 Verbum,
1866 2188 2050 2248 aperte

483 2287 739 2340 fateberis
768 2284 1016 2338 emndem
1038 2297 1158 2335 esse
1181 2281 1343 2334 ctiam
1374 2277 1646 2331 hominem
1675 2272 1877 2342 :ipsius
1905 2270 2047 2324 enim

482 2393 601 2431 esse
632 2376 1015 2429 humanitatem
1044 2371 1227 2425 dixisti
1270 2386 1283 2422 :
1325 2369 1409 2421 sin
1436 2368 1583 2422 illum
1630 2380 1695 2420 ex
1734 2361 1972 2430 Virgine,
1995 2371 2053 2415 ut

485 2468 598 2537 ipse
627 2468 849 2528 ass-eris,
878 2464 1126 2518 eumdem
1151 2459 1498 2514 nihilominus
1545 2470 1665 2509 esse
1687 2454 1849 2508 etiam
1887 2452 2050 2504 Deum

486 2559 863 2629 pronuntiasse
892 2553 1277 2608 convinceris:
1313 2550 1477 2617 ipsius
1531 2547 1674 2599 enim
1710 2558 1833 2599 esse
1869 2540 2052 2595 dixisti

483 2646 949 2701 ctiautdeitatcm.
1008 2640 1253 2709 Undique
1314 2639 1478 2709 igitur
1527 2634 1835 2704 compulsus
1887 2634 2051 2688 etiam

485 2737 682 2791 invitus
744 2737 809 2791 ad
858 2736 1167 2797 veritatem,
1224 2745 1387 2784 unum
1452 2729 1730 2782 nohiscmu
1795 2724 2054 2779 conﬁtere

484 2826 754 2881 Christum
789 2833 842 2878 et
873 2824 1188 2887 Dominum;
1227 2820 1555 2889 sicnamque
1585 2816 1765 2872 dicere
1796 2815 2051 2871 desines:

489 2934 508 2968 ι
529 2918 663 2970 Audi
691 2917 850 2970 ctiam
872 2917 971 2969 hoc
996 2929 1212 2976 numen,
1237 2914 1513 2976 Dominus,
1542 2911 1828 2979 aliquando
1858 2910 1923 2964 de
1955 2910 2047 2964 hu.

484 3011 745 3064 manitate
772 3007 998 3071 Christi,
1057 3004 1347 3074 aliquando
1407 3004 1474 3057 de
1529 3002 1811 3055 divinitate
1863 3000 2054 3068 ipsius,

2156 1819 2261 1873 ἀνά
2307 1818 2472 1888 μέρος
2504 1817 2794 1887 ἀρμόσειεν
2845 1814 2910 1867 ἂν
2946 1816 2977 1885 ἡ
3010 1814 3108 1884 τῆς
3158 1814 3476 1884 κυριότητος
3508 1813 3724 1882 κλῆσις.

2167 1905 2544 1977 Ἀμαθέστατα
2591 1904 2647 1957 δὲ
2687 1904 2782 1956 καὶ
2848 1903 2987 1973 πρός
3035 1919 3098 1970 γε
3143 1902 3298 1955 τοῦτο
3348 1901 3464 1964 ίὼν,
3513 1903 3577 1957 οὐ
3632 1902 3732 1953 σὺν

2155 1998 2340 2070 ἱδρῶτι
2386 1995 2583 2069 μακρῷ
2623 1995 2757 2066 πρὸς
2806 1994 2960 2065 ἡμῶν
3011 1993 3368 2063 δειχθήσεται.
3411 1993 3547 2063 Φέρε
3596 1991 3730 2062 γὰρ,

2154 2091 2416 2161 ἐρωμένῳ
2442 2090 2667 2160 φράσον,
2701 2090 2853 2140 ποῖον
2883 2087 2993 2157 ἄρα
3018 2086 3227 2157 διορίζῃ
3254 2085 3507 2157 Χριστὸν,
3545 2080 3605 2139 οὗ
3634 2085 3733 2137 καὶ

2154 2184 2255 2253 τὴν
2285 2180 2685 2252 ἀνθρωπότητα
2712 2179 2805 2230 καὶ
2838 2178 2937 2247 μέν
2967 2194 3047 2230 τοι
3080 2177 3176 2229 καὶ
3201 2174 3298 2246 τὴν
3330 2174 3558 2245 θεότητα
3587 2171 3734 2227 εἶναι

2154 2274 2290 2342 φής·
2321 2273 2370 2324 εί
2404 2271 2501 2341 μὲν
2554 2269 2641 2322 τὸν
2671 2271 2735 2322 ὲκ
2762 2267 2893 2320 Θεοῦ
2924 2267 3135 2338 Πατρός
3167 2266 3361 2334 Λόγον.
3398 2264 3736 2335 διωμολόγη-

2155 2381 2256 2427 κας
2297 2361 2541 2434 ἐναργῶς
2574 2362 2663 2414 τὸν
2699 2360 2860 2413 αὑτὸν
2892 2356 3031 2412 εἶναι
3074 2359 3168 2410 καὶ
3208 2357 3525 2427 ἄνθρωπον·
3560 2357 3729 2410 αὑτοῦ

2154 2456 2264 2526 γὰρ
2294 2455 2428 2525 ἔφης
2455 2454 2551 2525 τὴν
2587 2452 2982 2524 ἀνθρωπότητα
3002 2465 3015 2479 ⁸
3054 2453 3103 2504 εἰ
3148 2451 3204 2504 δὲ
3234 2450 3323 2504 τὸν
3357 2452 3420 2503 ὲκ
3449 2451 3548 2519 τῆς
3584 2450 3732 2519 Παρ-

2156 2546 2308 2601 θένου
2363 2545 2506 2599 κατά
2556 2544 2653 2611 σὲ,
2691 2544 2781 2597 τόν
2826 2544 2986 2598 αὐτὸν
3033 2544 3183 2597 οὐδὲν
3220 2538 3382 2614 ἦττον
3415 2541 3597 2612 ἀλώσῃ
3637 2543 3732 2594 καὶ

2155 2638 2285 2691 Θεὸν
2319 2636 2602 2707 ἀποφήνας
2624 2654 2637 2667 ·
2686 2636 2849 2689 αὑτοῦ
2880 2637 2986 2708 γάρ
3015 2635 3151 2705 ἔφης
3180 2630 3320 2688 εἶναι
3355 2635 3447 2685 καὶ
3480 2632 3579 2703 τὴν
3610 2633 3732 2685 θεό-

2155 2745 2311 2798 τητα.
2338 2726 2678 2796 Πανταχόθεν
2706 2726 2770 2796 δὴ
2795 2723 2887 2779 οὖν
2918 2724 3341 2793 συνωθούμενος,
3372 2723 3467 2776 καὶ
3495 2723 3730 2792 ἀϐουλή-

2156 2836 2265 2884 τως
2294 2821 2374 2882 είς
2402 2818 2680 2890 ἀλήθειαν,
2713 2819 2808 2872 ἕνα
2836 2817 2955 2888 μεθ’
2998 2816 3153 2888 ἡμῶν
3197 2816 3446 2886 ὁμολόγει
3493 2816 3730 2885 Χριστὸν

2159 2914 2257 2968 καὶ
2289 2914 2513 2984 Κύριον.
2555 2909 2820 2981 Πεπαύσῃ
2847 2909 2954 2980 γάρ
2978 2908 3122 2962 οὕτω
3151 2906 3345 2976 λέγων’
3365 2906 3655 2960 «Ἄκουσον
3674 2907 3733 2960 δὲ

2159 3008 2252 3060 καὶ
2276 3008 2358 3072 τὸ,
2388 3005 2613 3075 Κύριος,
2643 3002 2774 3055 ποτὲ
2800 3004 2921 3073 μὲν,
2951 3002 3043 3054 ἐπὶ
3064 3001 3159 3071 τῆς
3189 3000 3608 3072 ἀνθρωπότητος
3638 2998 3729 3054 τοῦ

484 3104 772 3174 aliquando
804 3103 869 3155 de
897 3110 1125 3164 utroque
1155 3098 1389 3162 positum
1421 3112 1477 3148 ε»
1529 3111 1654 3149 nam
1689 3096 1776 3149 tibi
1807 3110 1947 3148 unus
1971 3102 2051 3148 est

2163 3099 2432 3169 Χριστοῦι
2466 3099 2596 3152 ποτὲ
2624 3096 2701 3162 δὲ,
2732 3098 2824 3149 ἐπὶ
2849 3096 2947 3164 τῆς
2981 3093 3233 3163 θεότητος
3263 3093 3425 3146 αὑτοῦ
3445 3110 3459 3124 ο
3494 3094 3625 3146 ποτὲ
3651 3092 3730 3159 δὲ,

486 3195 673 3258 Filius,
709 3193 978 3261 quomodo
1009 3190 1186 3244 locum
1214 3189 1439 3253 habeat,
1468 3190 1533 3241 de
1565 3197 1794 3255 utroque
1832 3185 2053 3240 dicere?

486 3286 622 3349 Quid
654 3294 831 3335 autem
860 3290 943 3336 est
969 3280 1109 3349 quod
1138 3279 1282 3333 rides
1344 3293 1438 3332 eos
1480 3278 1571 3347 qui
1622 3278 1862 3330 divinum
1922 3275 2048 3330 illud

488 3373 801 3443 mysterium
835 3380 1074 3424 nostrum
1102 3370 1460 3431 admirantur,
1481 3368 1798 3436 impiissime
1818 3367 2008 3421 dicens
2032 3381 2050 3422 :

494 3486 511 3517 ε
552 3466 991 3531 Quotiescunque
1025 3462 1418 3517 manducabitis
1442 3476 1630 3529 panem
1663 3462 1824 3524 hunc,
1847 3466 1900 3513 et
1917 3458 2051 3513 cali-

495 3575 513 3607 ι
553 3571 665 3608 rem
688 3555 827 3608 hunc
869 3554 1083 3618 bibctis,
1106 3566 1331 3606 mortem
1358 3551 1563 3606 Domini
1593 3550 2001 3604 anuuutiabitis.
2025 3568 2045 3602 ι

493 3644 650 3715 115
682 3647 901 3698 Autlicx
938 3643 1364 3714 prmccdeutibus
1417 3642 1740 3711 imperitiam
1792 3642 2052 3710 objicien-

492 3733 792 3804 tium,qnud
808 3735 1094 3788 maximam
1108 3749 1225 3788 esse
1238 3733 1413 3802 legant
1429 3734 1667 3804 mystcrii
1684 3733 1841 3802 hujus
1857 3732 2055 3786 utilita-

490 3838 618 3889 tem,
632 3840 682 3881 et
700 3827 851 3894 cujus
874 3827 1181 3880 hominibus
1199 3826 1766 3879 commemorationem
1786 3823 2000 3879 afferat.
2026 3842 2045 3876 ι

486 3919 627 3973 Nihil
661 3934 789 3987 ergo
819 3917 1019 3987 egregii
1062 3915 1224 3970 habet
1271 3916 1549 3970 incruenta
1601 3914 1687 3967 illa
1724 3916 1964 3981 victima,
1998 3924 2053 3969 et

485 4013 732 4079 exiguam
764 4009 1051 4062 admodum
1077 4006 1360 4060 utilitatem
1384 4006 1560 4072 affert,
1591 4015 1645 4060 et
1674 4007 1918 4060 utilitatis
1944 4006 2050 4059 vim

484 4102 783 4158 continebit
815 4115 982 4170 usque
1013 4115 1075 4154 eo
1106 4100 1385 4164 duntaxat,
1418 4108 1475 4152 ut
1503 4099 1881 4152 annuntiemus
1910 4114 2054 4151 mor—-

487 4205 590 4250 tem
620 4195 877 4258 hominis,
910 4202 966 4248 et
996 4193 1153 4246 unius
1186 4206 1217 4246 e
1245 4202 1429 4245 nostro
1461 4204 1684 4244 utnnero
1721 4204 2051 4244 conmemo-

487 4288 749 4341 rationem
780 4284 1063 4338 faciamus.
1092 4281 1350 4336 Mentitur
1380 4296 1509 4351 ergo
1542 4282 1670 4334 dum
1709 4282 1835 4334 illud
1874 4280 2049 4333 virili-

485 4391 606 4431 cum
638 4376 766 4430 dicit
797 4375 886 4444 qui
920 4374 1136 4427 mentiri
1172 4389 1276 4426 non
1314 4372 1482 4434 novit,
1516 4371 1617 4424 hoc
1654 4382 1736 4424 est
1759 4370 2002 4425 Christus
2033 4387 2047 4423 :

2159 3191 2246 3244 ἐπ’
2279 3191 2603 3261 ἀμφοτέρων
2640 3189 2917 3258 κείμενον·
2952 3205 2971 3237 ι
3000 3185 3128 3239 ἔνθα
3154 3191 3261 3255 γὰρ
3283 3184 3408 3247 Υἱὸς
3443 3179 3546 3248 εἷς,
3581 3189 3733 3239 ποῖον

2159 3280 2224 3335 ἂν
2271 3281 2384 3351 ἔχοι
2423 3281 2587 3333 τόπον
2635 3279 2717 3345 τὸ,
2749 3278 2835 3331 ἐπ’
2872 3279 3073 3347 ἀμφοῖν
3119 3279 3322 3343 εἰπεῖν;
3356 3277 3735 3348 Καταμειδιᾷς

2157 3372 2494 3426 δὲ’ἀνθότου
2540 3370 2652 3424 τῶν
2694 3370 2755 3423 τὸ
2790 3369 2931 3423 θεῖον
2975 3368 3130 3440 ἡμῶν
3162 3367 3588 3436 τεθαυμακότων
3635 3385 3737 3438 μυ-

2162 3466 2405 3535 στήριον,
2446 3462 2788 3516 ἀνοσιώτατα
2832 3460 3036 3528 λέγων·
3076 3478 3095 3512 t
3136 3460 3359 3522 Ὁσάκις
3401 3459 3467 3513 ἂν
3515 3459 3736 3529 ἐσθίητε

2165 3574 2183 3608 ι
2210 3556 2299 3609 τὸν
2316 3555 2477 3625 ἄρτον
2496 3554 2704 3618 τοῦτον,
2734 3553 2827 3606 καὶ
2856 3552 2916 3605 τὸ
2942 3552 3197 3622 ποτήριον
3227 3550 3386 3604 τοῦτο
3403 3551 3617 3621 πίνητε,
3641 3550 3735 3604 τὸν

2166 3666 2183 3699 ι
2198 3648 2427 3701 θάνατον
2445 3645 2538 3700 τοῦ
2557 3645 2764 3716 Κυρίου
2784 3645 3177 3713 καταγγέλλετε
3198 3661 3245 3710 ς»
3258 3644 3523 3696 ’Ἄκουσον
3539 3646 3606 3697 ὲκ
3626 3642 3737 3696 τῶν

2159 3740 2587 3811 προηγουμένων
2629 3738 2731 3808 τὴν
2788 3738 3027 3807 ἀμαθίαν
3079 3736 3186 3790 τῶν
3249 3734 3597 3801 ἀντιθέντων,
3655 3734 3736 3797 ὼς

2163 3830 2389 3901 ίσχυράν
2451 3828 2883 3897 ἀναγινώσκουσι
2928 3827 3020 3880 τοῦ
3082 3825 3381 3896 μυστηρίου
3439 3825 3542 3896 τὴν
3590 3824 3736 3891 ὠφέ-

2158 3923 2327 3987 λειαν,
2383 3921 2478 3975 καὶ
2544 3921 2688 3983 τίνος
2740 3921 2853 3982 τοῖς
2916 3918 3223 3987 ἀνθρώποις
3282 3916 3585 3985 παρέχεται
3633 3914 3732 3985 τὴν

2160 4016 2488 4085 ἀνάμνησιν.
2526 4031 2544 4064 ι
2581 4012 2750 4066 Οὐδὲν
2780 4007 2873 4064 οὖν
2898 4011 3004 4083 ἄρα
3034 4010 3094 4063 τὸ
3125 4007 3401 4079 ἐξαίρετον
3430 4008 3530 4077 τῆς
3573 4009 3735 4061 om-

2163 4108 2371 4177 μάκτου
2419 4106 2608 4168 θυσίας
2629 4147 2644 4171 ,
2676 4104 2861 4175 ὄνησις
2892 4104 2948 4156 δὲ
2994 4101 3189 4171 κομιδῆ
3238 4100 3469 4172 σμικρὰ,
3499 4100 3597 4153 καὶ
3633 4102 3735 4169 τῆς

2160 4198 2427 4268 ὠφελείας
2456 4197 2553 4268 τὴν
2597 4198 2827 4267 δύναμιν
2882 4196 3226 4266 περιποιήσει
3254 4195 3393 4264 τάχα
3428 4210 3531 4246 που
3569 4193 3736 4263 μέχρι

2159 4290 2223 4360 δὴ
2272 4290 2434 4359 μόνου
2480 4289 2572 4342 τοῦ
2617 4288 2971 4356 καταγγείλαι
3020 4287 3109 4340 τὸν
3156 4284 3443 4355 ἀνθρώπου
3480 4284 3734 4349 θάνατον,

2162 4381 2258 4433 καὶ
2289 4380 2396 4433 τῶν
2423 4380 2546 4433 καθ’
2572 4381 2721 4450 ἡμᾶς
2764 4379 2880 4442 ἑνὸς
2912 4377 3238 4449 ποιήσασθαι
3279 4376 3376 4447 τὴν
3404 4376 3732 4446 ἀνάμνησιν.

484 4470 689 4539 decepti
715 4483 813 4522 nos
844 4468 1006 4521 etiam
1038 4481 1245 4528 sumus,
1279 4479 1468 4517 vanam
1513 4466 1577 4517 de
1622 4464 1712 4517 illo
1744 4464 2050 4532 opinionem

2168 4473 2375 4529 Οὐκοῦν
2411 4472 2751 4540 διαψεύδεται
2785 4469 3049 4534 ζωοποιὺν
3091 4469 3220 4521 αὐτὸ
3264 4468 3456 4535 λέγων,
3486 4469 3516 4520 6
3541 4467 3737 4535 ψεύδε-

483 4562 774 4628 habentes;
807 4575 948 4615 nunc
988 4559 1148 4613 etiam
1185 4572 1309 4614 sero
1345 4559 1429 4611 vix
1468 4557 1680 4610 tandem
1721 4559 1787 4611 ad
1816 4559 2059 4614 veritatis

486 4655 847 4709 inventionem
878 4654 1121 4723 perducti
1140 4666 1347 4717 suums,
1373 4650 1457 4705 ubi
1493 4651 1543 4704 in
1576 4660 1699 4705 tuos
1729 4653 1826 4705 bos
1849 4666 2059 4705 sermo-

486 4759 583 4799 nes
630 4744 939 4797 incidimus.
990 4743 1095 4797 Sed
1150 4744 1246 4797 tibi
1291 4745 1429 4797 hanc
1475 4744 1802 4798 sententiam
1841 4738 2062 4812 cligenti

485 4834 859 4908 propheticum
907 4835 1034 4888 illud
1068 4848 1099 4886 a
1146 4834 1301 4890 nobis
1338 4835 1606 4891 referetur
1653 4856 1667 4891 :
1705 4856 1722 4889 ι
1765 4837 1902 4893 Ecce
1953 4852 2058 4893 non

484 4939 609 4986 sunt
634 4928 777 4985 oculi
803 4929 881 4984 tui
914 4944 1093 4998 neque
1121 4945 1214 4984 cor
1243 4940 1389 4983 tuum
1416 4931 1612 4983 bonum
1635 4928 1677 4984 ³.
1713 4948 1731 4981 ι
1760 4929 1875 4983 Νοιι
1911 4928 2054 4984 enim

486 5017 757 5088 intelligit,
791 5019 917 5071 dum
954 5019 1338 5071 annuntiamus
1368 5016 1566 5072 Christi
1607 5030 1857 5085 mortem,
1891 5028 1946 5072 et
1976 5017 2057 5071 in-

484 5125 647 5180 super
686 5110 804 5178 ejus
838 5109 1289 5164 resurrectionem
1334 5108 1676 5174 couﬁtemur,
1705 5118 1759 5162 et
1795 5125 1861 5163 ex
1891 5125 1953 5163 ea
1995 5125 2055 5166 re

486 5201 870 5271 perfectionem
904 5201 1025 5256 ﬁdei
1049 5201 1454 5270 consequimur,
1480 5201 1674 5255 deinde
1694 5201 1888 5257 divinae
1915 5202 2061 5256 illius

485 5305 689 5350 natura:
717 5293 1010 5365 participes
1043 5293 1219 5349 effecti
1244 5293 1289 5359 ⁸,
1318 5294 1652 5349 consortium
1685 5295 1912 5350 unitatis
1944 5295 2061 5366 ejus

484 5386 857 5454 adipiscimur,
905 5387 1222 5455 spiritaliter
1266 5386 1428 5442 simul
1457 5396 1513 5441 et
1547 5388 1907 5457 corporaliter
1934 5402 2063 5441 san-

484 5475 708 5529 ctiﬁcari
776 5490 841 5532 ac
875 5477 1157 5534 viviﬁcari.
1199 5497 1218 5530 ι
1261 5477 1490 5549 Oportet
1522 5478 1665 5534 enim
1709 5477 2062 5549 corruptibile

2164 4566 2288 4620 σθαι
2320 4565 2394 4636 μὴ
2428 4564 2606 4629 εἰδὼς,
2638 4562 2885 4617 τουτέστι
2910 4562 3141 4633 Χριστός
3160 4578 3174 4593 °
3201 4558 3651 4630 πεφενακίσμεθα
3674 4559 3734 4613 δὲ

2162 4660 2256 4713 καὶ
2280 4660 2463 4729 ἡμεῖς,
2494 4656 2707 4711 εἰκαίαν
2754 4655 2965 4724 ἔχοντες
2991 4653 3079 4707 ἐπ’
3105 4651 3253 4721 αὐτῷ
3281 4650 3379 4722 τὴν
3404 4649 3594 4714 δόξαν·
3631 4667 3735 4703 πε-

2162 4750 2516 4822 ποδηγήμεθα
2539 4749 2596 4801 δὲ
2628 4749 2723 4803 νῦν
2755 4747 2855 4815 ὀψέ
2883 4763 3011 4799 ποτε
3038 4745 3131 4798 καὶ
3156 4744 3310 4814 μόλις
3337 4743 3419 4805 είς
3472 4740 3736 4812 ἀληθείας

2163 4843 2411 4914 εὕρεσιν,
2467 4841 2705 4894 τουτοισὶ
2758 4842 2872 4902 τοῖς
2925 4840 3035 4899 σοῖς
3095 4834 3477 4907 περιτυχόντες
3530 4833 3733 4901 λόγοις.

2178 4935 2340 4988 Ἀλλά
2368 4951 2451 4987 σοι
2483 4935 2637 4988 ταυτὶ
2668 4933 2888 5002 φρονεῖν
2915 4929 3196 5001 ᾑρημένῳ,
3230 4927 3367 4997 πρὸς
3390 4924 3549 4996 ἡμῶν
3581 4924 3734 4993 είρηο

2162 5040 2251 5081 ται
2277 5027 2338 5079 τὸ
2361 5027 2449 5079 διὰ
2479 5026 2579 5095 τῆς
2610 5026 2886 5094 προφήτου
2916 5021 3101 5089 φωνῆς
3122 5036 3135 5051 ·
3177 5037 3196 5070 ι
3221 5019 3349 5072 Ἰδοὺ
3382 5019 3483 5072 οὐκ
3512 5018 3652 5071 εἰσὶν
3680 5014 3735 5069 οἱ

2162 5117 2430 5187 ὀφθαλμοί
2476 5133 2592 5180 σου,
2643 5114 2764 5167 οὐδὲ
2803 5116 2835 5182 ή
2868 5112 3064 5183 καρδία
3108 5127 3202 5164 σου
3241 5109 3399 5180 καλή.
3439 5128 3458 5161 ι
3505 5109 3736 5177 Συνίησι

2156 5212 2267 5283 γὰρ
2291 5210 2563 5280 οὐδαμῶς,
2614 5210 2695 5262 ὅτι
2747 5206 2838 5260 τὸν
2873 5206 3102 5261 θάνατον
3138 5203 3598 5271 καταγγέλλοντες
3633 5199 3733 5254 τοῦ

2159 5302 2416 5374 Χριστοῦ,
2467 5300 2996 5373 προσομολογοῦντες
3040 5298 3098 5350 δὲ
3141 5298 3240 5366 τὴν
3277 5296 3598 5360 ἀνάστασιν,
3638 5295 3737 5347 καὶ

2157 5393 2256 5465 τὴν
2307 5395 2366 5446 ὲν
2413 5394 2596 5447 πίστει
2643 5391 2921 5445 τελείωσιν
2962 5389 3049 5443 διά
3095 5388 3285 5441 τούτου
3333 5384 3735 5456 κερδαίνοντες,

2160 5478 2281 5537 εἶτα
2307 5483 2404 5553 τῆς
2434 5482 2585 5544 θείας
2615 5481 2781 5534 αὐτοῦ
2803 5479 3016 5549 φύσεως
3041 5475 3284 5532 κοινωνοὶ
3310 5473 3620 5544 γεγονότες,
3640 5470 3741 5525 καὶ

566 5696 578 5725 ¹
609 5698 798 5754 Matth.
832 5701 1087 5769 xxiv,50.
1162 5704 1182 5734 ²
1214 5702 1442 5757 Ζιειιςιι.
1482 5718 1575 5767 ιιι,
1611 5703 1696 5761 to.
1776 5705 2014 5764 ’Jcrem.
2047 5724 2051 5763 1

2158 5708 2294 5778 ιιι.
2374 5705 2393 5738 ι
2424 5705 2463 5761 ιι
2492 5704 2608 5759 Pcl.
2641 5718 2680 5768 ι,
2716 5703 2771 5758 ι.
