4014 6128
300 282 388 360 ιρι
1256 332 1261 337 .
1311 292 1685 352 aovsnsus
1722 278 2129 354 Νεδτοιιιωι
2168 248 2300 357 ιιιῖ.
2350 300 2409 353 v.
3036 272 3041 273 ί
3418 294 3530 365 eos

297 415 378 467 διὰ
404 410 499 465 τοῦ
547 409 869 481 μεταλαχεῖν
900 409 1000 477 τῆς
1030 409 1166 480 πρὸς
1199 410 1362 464 αὐτὸν
1389 411 1657 482 ἑνότητός,
1700 428 1864 476 πνευ-

1967 415 2072 470 hoc
2100 416 2323 472 induere
2345 416 2824 484 incorruptionem,
2856 426 2909 469 et
2930 399 3155 471 mortale
3181 418 3282 472 hoc
3305 412 3529 475 induere

299 503 543 575 ματικῶς
575 518 635 553 τε
669 501 783 571 ἅμα
814 501 906 553 καὶ
955 500 1286 570 σωματικῶς
1337 499 1711 572 ἁγιαζόμεθα,
1761 503 1858 556 καὶ

1963 505 2417 562 immortalitatem
2437 507 2481 559 '.
2523 526 2544 560 a
2592 504 2967 562 lndumentum
3002 515 3182 561 autem
3210 509 3276 562 de
3304 508 3443 564 caelo
3475 512 3531 565 et

300 586 722 663 ζωοποιούμεθα.
773 610 793 643 ι
823 594 916 644 Δεῖ
947 592 1056 662 γὰρ
1082 592 1144 644 τὸ
1175 591 1414 663 φθαρτὸν
1442 593 1600 646 τοῦτο
1633 593 1860 646 ἐνδύσα-

1958 596 2369 667 incorruptibile
2397 606 2452 653 et
2482 597 2939 655 immortalitatem
2974 598 3214 655 elﬁciens
3240 599 3415 656 factus
3445 610 3532 656 est

284 689 417 757 _05Gt
458 686 788 755 ἀφθαρσίαν,
840 686 936 739 καὶ
981 685 1042 737 τὸ
1088 684 1282 755 θνητὸν
1330 686 1488 739 τοῦτο
1539 685 1859 740 ἐνδύσασθαι

1961 688 2116 744 nobis
2138 689 2420 756 Christus;
2451 691 2593 758 quod
2623 690 2969 746 beatissimus
3002 690 3201 745 Paulus
3224 691 3525 756 conﬁrmat,

298 777 612 832 ἀθανασίαν.
644 777 916 847 »Ἄμφιον
935 775 993 829 δὲ
1023 776 1085 828 τὸ
1119 774 1178 841 ἐξ
1199 777 1259 829 οὐ
1270 777 1432 847 ρανοῦ
1460 778 1552 830 καὶ
1580 774 1861 845 ἄφθαρτον

1942 794 2104 847 Jmnc
2124 781 2339 850 quidem
2361 782 2609 836 scribens
2637 792 2653 834 τ
2689 799 2708 833 ι
2737 782 2943 837 lnduite
2972 781 3256 837 Dominum
3286 793 3527 858 npstrnnt

299 870 380 923 καὶ
408 862 709 930 ἀθανάσίας
735 866 1098 937 ἐμποιητικὸν
1123 868 1351 935 γέγονεν
1380 870 1511 938 ήμίν
1534 869 1565 921 6
1582 867 1822 939 Χριστός
1842 881 1855 894 ·

1959 867 2142 925 desum
2183 869 2457 926 Christum
2494 872 2550 936 σς
2596 890 2617 922 ι
2665 888 2807 926 nunc
2840 885 2970 927 vero
3014 889 3030 927 :
3070 890 3092 924 ι
3121 873 3439 942 Quicunque
3475 873 3528 926 in

300 962 379 1014 ttat
415 960 749 1013 πιστώσεται
782 960 1011 1030 γράφων
1050 960 1080 1011 6
1115 958 1405 1029 ἱερώτατος
1446 959 1657 1022 Παῦλος
1678 975 1691 988 ·
1729 958 1859 1012 ποτὲ

1958 957 2233 1015 Christum
2261 962 2512 1030 baptizati
2542 962 2700 1028 estis,
2723 961 3001 1018 Christum
3041 963 3292 1019 induistis
3317 964 3377 1031 ";
3409 982 3429 1015 ι
3464 964 3530 1017 il=

298 1053 420 1124 μὲν,
471 1052 556 1104 ὃτι
612 1069 631 1101 ι
672 1049 996 1103 Ἐνδύσασθε
1045 1051 1136 1102 τὸν
1182 1050 1388 1121 Κύριον
1439 1050 1594 1120 ήμῶν
1653 1049 1859 1120 Ἰησοῦν

1960 1050 2067 1105 lum
2101 1053 2194 1122 qui
2235 1054 2490 1109 divinitus
2516 1064 2750 1124 vereque
2784 1055 2958 1110 dicit:
2994 1073 3013 1106 ε
3051 1055 3160 1124 Ego
3190 1071 3308 1110 sum
3349 1070 3530 1109 resur-

294 1143 521 1215 Χριστόν
542 1158 556 1173 ο
592 1162 611 1195 a
647 1142 738 1195 ὁτὲ
769 1142 827 1195 δὲ
854 1137 945 1206 αὖ,
980 1160 999 1193 ι
1039 1141 1194 1194 Ὅσοι
1222 1142 1332 1211 γὰρ
1361 1142 1440 1205 εἰς
1467 1140 1703 1211 Χριστὸν
1734 1140 1861 1193 ἐϐα-

1959 1144 2129 1199 rectio
2155 1152 2210 1199 et
2233 1144 2340 1200 vita
2364 1144 2408 1200 ⁸.
2444 1145 2562 1200 »Δὰ
2586 1147 2700 1201 haec
2728 1145 2861 1201 nihil
2885 1147 3112 1211 veritus,
3148 1146 3529 1202 exsecrabilio-

295 1235 575 1305 πτίσθητε,
608 1233 846 1304 Χριστὸν
876 1230 1218 1297 ἐνεδύσασθε,
1254 1250 1273 1284 ι
1300 1231 1391 1285 τὸν
1423 1230 1747 1303 θεοπρεπῶς
1770 1230 1858 1283 λέ-

1959 1249 2072 1289 rem
2102 1236 2264 1289 etiam
2294 1236 2679 1306 blasphemiam
2708 1238 2975 1303 enuntiat,
3019 1238 3278 1308 adjiciens
3307 1257 3320 1291 :
3353 1237 3527 1310 [Audi

293 1344 449 1395 γοντα
482 1326 579 1380 καὶ
607 1323 844 1395 ἀληθῶς·
882 1342 901 1376 ι
940 1324 1081 1392 Ἐγώ
1112 1325 1227 1394 εἰμι
1274 1325 1308 1394 ἡ
1340 1323 1636 1387 ἀνάστασις
1679 1322 1774 1376 καὶ
1822 1323 1857 1393 ἡ

1958 1338 2064 1379 non
2098 1340 2181 1379 me
2201 1326 2314 1381 hazc
2346 1327 2638 1391 dicentem,
2670 1328 2765 1383 sed
2790 1328 3005 1383 beatum
3037 1328 3258 1383 Paulum
3292 1347 3307 1386 :
3339 1346 3358 1379 ι
3383 1325 3528 1395 Quo-

294 1418 421 1488 ζωή.
456 1435 478 1468 ι
527 1415 672 1485 Πρὸς
704 1414 769 1485 δὴ
799 1414 868 1468 τὰ
900 1413 1078 1467 τοιάδε
1111 1411 1434 1475 καταδείσας
1466 1411 1635 1475 οὐδὲν,
1668 1410 1856 1481 βδελυ-

1961 1418 2273 1484 tiescunque
2325 1419 2716 1475 manducabitis
2757 1432 2950 1489 panem
2993 1420 3159 1484 hunc,
3198 1437 3216 1470 ι
3262 1417 3415 1486 cujus
3443 1424 3527 1472 est

292 1509 539 1580 ρωτέραν
569 1507 655 1560 ἐτι
687 1506 785 1577 τὴν
812 1504 1134 1588 δυσφημίαν
1168 1503 1480 1572 ἀποφαίνει,
1506 1500 1818 1573 προστιθείς
1838 1516 1853 1531 ο

1957 1506 2130 1575 ipsum
2159 1522 2352 1575 corpus
2376 1507 2696 1579 antitypum.
2720 1510 2839 1565 Jam
2876 1511 3037 1580 igitur
3059 1510 3341 1566 videamus
3371 1510 3525 1578 cujus

289 1601 585 1671 j'Axouaov
616 1597 695 1668 μὴ
723 1597 856 1667 ἐμοῦ
883 1596 1055 1649 ταῦτα
1079 1595 1346 1663 λέγοντος,
1383 1593 1521 1648 ἀλλὰ
1555 1591 1648 1646 τοῦ
1682 1609 1856 1663 μακα-

1956 1605 2039 1650 est
2056 1611 2251 1651 mors.c
2279 1596 2716 1670 Quotiescunque
2740 1601 3140 1657 manducabltis
3153 1615 3345 1672 panem
3360 1601 3523 1666 hunc,

290 1692 412 1762 ρίου
461 1688 700 1742 Παύλουσ
754 1707 772 1740 ι
814 1688 1033 1750 Ὁσάκις
1078 1687 1124 1740 δ’
1168 1687 1234 1741 ἂν
1287 1686 1505 1756 ἐσθίητε
1552 1685 1642 1738 τὸν
1689 1684 1854 1755 ἄρτον

1956 1696 2011 1739 et
2043 1686 2267 1740 calicem
2301 1689 2443 1742 hunc
2470 1688 2692 1755 hihetis,
2717 1697 2944 1746 mortem
2988 1689 3200 1746 Domini
3230 1689 3524 1745 annuntia-

291 1782 500 1843 τοῦτον,
532 1800 551 1832 ι
596 1772 658 1833 οὗ
705 1783 820 1833 ἐστι
866 1779 926 1832 τὸ
956 1778 1118 1849 σῶμα
1147 1777 1454 1831 ἀντίτυπον.
1490 1775 1717 1846 Ἰδωμεν
1761 1773 1856 1828 οῦν

1961 1775 2088 1828 bitis
2118 1794 2132 1829 :
2166 1794 2186 1827 ι
2211 1778 2335 1831 audi
2361 1778 2606 1834 etiamin
2634 1747 3269 1851 sequentibusapertius,
3302 1800 3322 1833 ι
3348 1781 3526 1836 Donec

290 1872 402 1926 ἀπὸ
439 1871 627 1925 τούτου
673 1872 817 1932 τίνος
844 1871 874 1923 6
915 1868 1166 1931 θάνατος.
1215 1886 1233 1918 ι
1273 1867 1496 1929 Ὁσάκις
1528 1866 1594 1920 ἂν
1637 1864 1855 1935 ἐσθίητε

1961 1864 2160 1919 veniat.
2190 1882 2212 1917 ι
2244 1866 2375 1933 Quis
2405 1878 2587 1924 autem
2626 1871 2813 1927 venit?
2846 1889 2866 1924 ι
2896 1871 3162 1928 Videbunt
3192 1872 3388 1927 Filium
3426 1873 3524 1928 Ιιοι

290 1966 380 2019 τδν
406 1966 571 2036 ἄρτον
590 1963 799 2026 τοῦτον,
829 1961 925 2015 καὶ
946 1959 1008 2013 τὸ
1042 1961 1298 2028 ποτήριον
1329 1957 1487 2011 τοῦτο
1516 1956 1729 2028 πίνητε,
1763 1959 1858 2009 τὸν

1964 1955 2125 2010 minis
2175 1958 2481 2014 venientem
2541 1961 2596 2015 in
2648 1963 2883 2018 nubibus
2933 1964 3053 2019 cmli
3113 1979 3234 2019 cum
3266 1964 3525 2033 claritate

290 2057 521 2111 θάνατον
548 2054 643 2108 τοῦ
671 2053 878 2123 Κυρίου
908 2050 1306 2119 καταγγέλλετε
1324 2066 1340 2082 ο
1376 2068 1396 2101 a
1428 2048 1658 2102 ἄκουσον
1681 2048 1777 2103 καὶ
1800 2049 1856 2100 ἐν

1965 2059 2156 2115 magna
2188 2064 2204 2100 :
2240 2065 2273 2098 r
2289 2057 2368 2112 et,
2413 2052 2559 2119 quod
2593 2053 2767 2122 majus
2795 2062 2897 2117 est,
2930 2062 3055 2111 ante
3087 2050 3355 2125 apostolos
3400 2066 3532 2125 pro-r

284 2150 404 2209 τοῖς
445 2145 641 2216 ἐφεξῆς
688 2143 1099 2213 φανερώτερον,
1149 2160 1168 2192 ι
1202 2143 1392 2212 Ἀχρις
1422 2135 1485 2194 οῦ
1517 2141 1663 2210 ἔλθῃ.
1701 2159 1720 2192 ι
1761 2140 1858 2202 Τίς

1964 2134 2124 2201 pheta
2158 2137 2492 2193 manifestius
2520 2141 2823 2196 venientem
2845 2143 3104 2210 ostendit,
3136 2153 3190 2199 et
3219 2143 3435 2208 clamat,
3460 2145 3526 2198 de

285 2233 384 2290 οὖν
414 2239 446 2289 6
470 2235 800 2307 ἐρχόμενοςς
841 2251 861 2285 ι
895 2235 1155 2303 Ὄψονται
1181 2232 1273 2284 τὸν
1302 2232 1425 2284 Υίὸν
1448 2230 1542 2284 τοῦ
1568 2229 1856 2302 ἀνθρώπου

1963 2222 2162 2280 Judaeis
2181 2226 2367 2283 dicens
2392 2245 2407 2282 :
2442 2246 2463 2281 ι
2495 2228 2764 2287 Videbunt
2786 2233 2840 2288 in
2863 2246 3023 2304 quem
3041 2243 3488 2305 compnnxernnt.
3503 2253 3521 2287 ι

285 2329 588 2398 ἐρχόμενον
621 2328 714 2381 ἐπὶ
738 2326 847 2379 τῶν
879 2324 1116 2396 νεφελῶν
1138 2322 1234 2377 τοῦ
1262 2322 1491 2394 ούρανοῦ
1537 2324 1675 2392 μετὰ
1700 2319 1859 2391 δόξης

1965 2311 2242 2378 Quodnam
2274 2316 2440 2387 igitur
2471 2319 2599 2375 illud
2633 2331 3012 2392 compunctum
3048 2324 3174 2380 est?
3204 2323 3407 2380 Latus:
3445 2323 3526 2379 la-

284 2419 528 2489 πολλῆς·
571 2436 591 2469 a
625 2419 721 2470 καὶ
758 2417 819 2470 τδ
857 2417 922 2487 δὴ
957 2415 1165 2487 μεῖζον,
1218 2416 1248 2466 ὁ
1288 2415 1571 2485 προφήτης
1610 2411 1715 2482 πρὸ
1747 2409 1859 2464 τῶν

1967 2413 2051 2461 tus
2071 2420 2199 2461 vero
2222 2411 2466 2480 corporis
2480 2422 2584 2477 est,
2604 2426 2707 2467 non
2742 2414 3088 2487 divinitatis.]
3109 2416 3314 2487 Exigua
3338 2425 3417 2472 est
3431 2416 3524 2486 ἰδίε-

281 2508 603 2563 ἀποστόλων
636 2507 968 2577 σαφέστερον
990 2507 1082 2559 τὸν
1110 2506 1403 2577 ἐρχόμενον
1448 2503 1690 2557 δείκνυσι
1717 2541 1732 2568 ,
1763 2499 1860 2554 καὶ⁸

1966 2505 2073 2563 tur,
2107 2499 2267 2570 116
2289 2510 2345 2555 ut
2370 2502 2499 2568 dixi,
2519 2503 2817 2562 incruenta:
2831 2507 3263 2577 hostiteutilitas,
3283 2510 3409 2579 quia
3443 2510 3532 2564 ni-

280 2601 537 2675 κέκραγε
562 2602 690 2669 περὶ
725 2600 996 2654 Ἰουδαίων
1033 2598 1168 2669 βοῶν
1188 2616 1201 2628 ·
1236 2618 1255 2650 ι
1289 2597 1550 2667 Ὄψονται
1578 2597 1659 2659 εἰς
1683 2595 1742 2647 ὃν
1770 2592 1859 2657 ἐξ·

1966 2590 2162 2644 mirum
2187 2591 2268 2646 fus
2298 2607 2403 2648 non
2422 2606 2507 2649 εει
2534 2603 2593 2649 ut
2615 2596 2778 2651 simul
2807 2612 2928 2653 cum
2954 2613 3117 2655 carne
3144 2601 3304 2655 etiam
3332 2602 3529 2656 divinld

274 2692 618 2762 εκέντησαν.
652 2711 671 2742 ι
708 2692 806 2753 Τίς
850 2689 942 2745 οῦν
971 2693 1118 2744 ἐστιν
1145 2694 1173 2745 6
1206 2691 1520 2772 κεγτηθείςς
1555 2691 1589 2761 ή
1618 2688 1856 2760 πλευρά’

1966 2678 2094 2734 tatis
2140 2689 2335 2736 natura
2368 2692 2749 2739 consumatur:
2770 2696 2943 2753 neque
2976 2699 3041 2743 ea
3077 2688 3384 2745 obtinemus
3410 2706 3527 2760 quae

281 2784 511 2855 πλευρὰ
542 2782 598 2835 δὲ
629 2782 898 2853 σώματος,
927 2784 988 2835 οὐ
1013 2770 1472 2856 θεότητόςνέστιλ
1501 2782 1716 2854 Σμικρὰ
1746 2799 1858 2836 τοι·

1963 2778 2091 2825 sunt
2134 2770 2509 2840 impossibilia,
2544 2783 2602 2827 nt
2632 2774 2765 2843 ipsa:
2790 2776 3105 2844 incorporea
3146 2792 3341 2834 natura
3385 2782 3528 2835 nuda

278 2874 521 2945 γαροῦν,
557 2874 635 2937 ὼς
682 2872 839 2945 ἔφην,
868 2875 967 2944 τῆς
995 2875 1330 2946 ἁναιμάκτου
1375 2874 1561 2938 θυσίας
1587 2877 1619 2945 ή
1650 2874 1854 2945 ὄνησις,

1963 2875 2265 2916 vescamur.
2313 2862 2418 2918 Sed
2459 2862 2656 2918 oblitus
2706 2864 2837 2919 mihi
2869 2867 3064 2922 videris
3103 2869 3243 2922 haud
3281 2878 3525 2924 naturam

276 2970 364 3023 ’ὅτι
394 2967 545 3036 τάχα
570 2982 674 3019 που
705 2965 780 3037 μὴ
815 2967 1039 3034 γέγονεν
1067 2967 1289 3035 ἐφικτὸν
1306 2965 1441 3037 ὁμοῦ
1470 2968 1536 3037 τῇ
1570 2966 1735 3037 σαρκὶ
1763 2967 1858 3019 καὶ

1964 2953 2265 3009 divinitatis
2323 2955 2377 3008 id
2420 2968 2542 3010 esse
2597 2955 2743 3025 quod
2804 2955 2857 3010 in
2904 2958 3109 3013 sanctis
3162 2957 3525 3016 Ecclesiarnm

279 3066 379 3135 την
424 3064 531 3129 τῆς
568 3062 821 3132 θεότητος
868 3059 1209 3114 δαπανᾶσθαι
1261 3060 1452 3130 φύσιν⁸
1503 3060 1585 3113 ὅτι
1630 3059 1706 3131 μὴ
1747 3058 1858 3114 τῶν

1964 3045 2162 3101 mensis
2193 3046 2527 3116 proponitur,
2564 3047 2657 3101 sed
2708 3048 2985 3118 proprium
3028 3063 3224 3120 corpus
3258 3051 3417 3107 Verbi
3460 3068 3527 3108 ex

279 3155 590 3226 ἀμηχάνων
613 3153 1057 3225 κεκρατήκαμεν,
1082 3152 1297 3207 ἐδεστὸν
1323 3151 1535 3223 ἔχοντες
1568 3150 1774 3223 γυμνὸν
1795 3151 1859 3205 τὸ

1962 3135 2123 3193 Patre
2151 3138 2339 3208 geniti,
2371 3140 2513 3207 quod
2546 3136 2780 3194 Verbum
2802 3154 2870 3194 ex
2899 3150 3091 3196 natura
3135 3151 3191 3196 et
3226 3158 3353 3198 vere
3382 3144 3520 3199 Deus

278 3247 604 3318 ἀσώματον.
647 3245 1029 3314 Ἐπιλελῆσθαι
1074 3244 1131 3297 δέ
1185 3262 1273 3315 μοι
1300 3244 1499 3321 δοκεῖς,
1532 3243 1610 3308 ὡς
1654 3244 1858 3315 ἥκιστα

1956 3239 2063 3287 est.
2117 3229 2226 3285 Cur
2268 3231 2435 3302 igitur
2479 3231 2657 3286 omnia
2693 3232 3000 3301 confundis,
3053 3233 3528 3309 imprudenterque

282 3339 379 3408 μὲν
426 3337 691 3408 θεότητος
725 3336 886 3405 φύσις
913 3336 1032 3388 ἐστὶ
1060 3335 1122 3388 τὸ
1154 3334 1514 3405 προκείμενον
1564 3335 1622 3386 ἐν
1670 3332 1859 3401 ἁγίαις

1954 3321 2271 3388 permisces,
2298 3335 2493 3391 panem
2539 3321 2692 3377 illum
2723 3323 2791 3379 de
2833 3322 2994 3389 cmlo,
3024 3333 3081 3379 et
3113 3326 3279 3381 vitam
3324 3330 3526 3394 mundo

279 3428 590 3496 τραπέζαις
621 3424 976 3495 Ἑκκλησιῶν,
994 3423 1133 3495 πλὴν
1164 3423 1292 3478 ἴδιον
1317 3422 1476 3493 σῶμα
1504 3421 1598 3475 τοῦ
1620 3422 1687 3475 ἐκ
1719 3418 1857 3475 Θεοῦ

1957 3414 2174 3468 dantem
2209 3414 2595 3485 pr0pemodum
2628 3414 2793 3469 etiam
2834 3415 3103 3483 deridens,
3142 3420 3284 3487 quod
3319 3421 3525 3476 theolo-

278 3518 496 3585 [ἰατρὸς
557 3516 755 3583 φύντος
793 3514 990 3581 Λόγου,
1019 3512 1150 3577 Θεὸς
1173 3512 1231 3565 δὲ
1256 3514 1416 3584 φύσει
1464 3512 1558 3565 καὶ
1586 3512 1802 3581 ἀληθῶς
1830 3513 1859 3564 6

1958 3520 2144 3575 gorum
2175 3522 2308 3561 voce
2337 3521 2443 3560 non
2477 3506 2548 3562 sit
2575 3506 2828 3563 divinitas
2854 3506 3249 3579 nuncupatum,
3285 3515 3379 3567 sed
3406 3529 3529 3568 cor—

276 3605 474 3672 Λόγος.
503 3604 580 3657 Τί
606 3604 788 3657 τοίνυν
820 3603 1066 3666 ἃπαντας
1095 3602 1207 3675 [τσ.
1238 3601 1479 3675 ἅπαντα]
1500 3604 1740 3673 συγχεῖς,
1764 3602 1860 3654 καὶ

1958 3610 2059 3664 pus
2084 3596 2267 3666 potius
2306 3597 2452 3653 illius
2479 3599 2570 3668 qui
2608 3609 2829 3668 propter
2875 3614 2973 3655 nos
3009 3610 3092 3656 est
3134 3603 3295 3658 homo
3328 3602 3524 3673 factus,

275 3697 566 3773 ἀσυνέτως
591 3695 880 3765 διακυκᾷς,
906 3694 999 3747 τὸν
1029 3693 1192 3765 ἄρτον
1225 3694 1356 3764 ἡμῖν
1382 3693 1473 3746 τὸν
1511 3693 1572 3757 ἐξ
1604 3691 1857 3762 οὐρανοῦ,

1959 3683 2064 3739 hoc
2089 3694 2194 3750 est,
2222 3687 2365 3741 illius
2385 3702 2452 3741 ex
2476 3687 2635 3742 Patre
2660 3688 2862 3744 Verbi?
2886 3688 3002 3744 Jam
3037 3706 3168 3747 vero
3198 3693 3347 3749 dicas
3366 3695 3526 3750 velim

275 3787 371 3839 καὶ
400 3787 559 3859 ζωὴν
588 3786 796 3839 διδόντα
824 3784 902 3856 τῷ
930 3785 1121 3855 κόσμῳ
1145 3784 1427 3855 μονονουχὶ
1454 3784 1547 3837 καὶ
1566 3783 1856 3850 διαγελῶν,

1958 3788 2120 3843 quam
2152 3776 2223 3829 oh
2248 3790 2465 3832 causam
2493 3776 2715 3832 omnino
2746 3791 2946 3848 corpus
2984 3779 3318 3837 Dominicum
3337 3798 3524 3849 vocas,

271 3879 355 3931 ὅτι
392 3880 469 3948 μὴ
506 3877 707 3948 θεότης
727 3876 1042 3946 ὠνόμασται
1069 3877 1155 3929 διὰ
1181 3875 1281 3944 τῆς
1311 3875 1417 3928 τῶν
1444 3873 1723 3946 θεηγόρων
1748 3889 1856 3941 φω-

1958 3866 2005 3921 si
2041 3881 2145 3921 non
2173 3868 2411 3921 divinum
2440 3881 2560 3922 esse
2590 3868 2751 3933 nosti,
2788 3882 2853 3923 ac
2881 3869 3048 3938 ipsius
3083 3871 3210 3938 Dei;
3247 3889 3372 3929 nam
3409 3890 3526 3929 ser-

271 3968 395 4037 νῆς,
424 3969 599 4038 σῶμα
620 3968 676 4020 δὲ
713 3967 913 4037 μᾶλλον
942 3966 1034 4020 τοῦ
1066 3967 1133 4020 δι’
1169 3968 1318 4037 ἡμᾶς
1351 3965 1856 4036 ἐνηνθρωπηκότος,

1957 3959 2113 4012 viunt
2136 3958 2352 4027 quidem
2373 3957 2550 4011 omnia
2578 3956 2917 4013 Conditori'.
2944 3959 3049 4014 Sed
3075 3962 3217 4014 enim
3250 3976 3353 4015 non
3384 3973 3528 4018 recte

267 4062 588 4124 τουτέστιν,
628 4058 720 4111 τοῦ
771 4060 836 4110 ἐκ
884 4057 1019 4110 Θεοῦ
1071 4057 1287 4127 ιῙατρὸς
1336 4057 1548 4124 Λόγου;
1602 4054 1766 4127 Σῶμα
1801 4055 1852 4111 δὲ

1957 4050 2161 4105 habent
2197 4063 2318 4119 qua:
2366 4049 2422 4101 in
2458 4049 2640 4101 animo
2671 4062 2877 4114 versas,
2905 4060 2959 4105 et
3000 4051 3173 4121 ipsum
3216 4052 3526 4108 Emmanuel

270 4149 619 4203 Δεσποτικὺν
648 4147 867 4202 ἀνθότου
900 4149 986 4220 δὴ,
1016 4149 1248 4219 φράσον,
1277 4146 1565 4217 ὀνομάζεις
1606 4146 1772 4212 ὅλως,
1809 4150 1855 4200 εί

1960 4138 2233 4193 hominem
2264 4151 2387 4191 esse
2407 4136 2678 4191 Deiferum
2701 4145 2932 4207 prorsus
2950 4141 3148 4196 credis.
3178 4140 3379 4197 Deinde
3406 4157 3529 4198 sen-

273 4240 350 4310 μὴ
387 4242 540 4294 θεῖον
575 4235 732 4293 οἶσθα
778 4240 870 4291 καὶ
914 4237 1069 4291 Θεοῦ.
1139 4237 1311 4290 Δοῦλα
1351 4239 1460 4308 γὰρ
1498 4236 1713 4291 ἅπαντα
1759 4234 1857 4289 τοῦ

1961 4228 2146 4283 tentiis
2173 4243 2237 4281 ac
2277 4226 2479 4290 verbis,
2519 4241 2637 4296 quae
2677 4243 2798 4283 cum
2843 4229 3043 4298 pietate
3070 4230 3354 4300 conjuncta
3379 4244 3524 4301 sunt,

269 4333 672 4402 πεποιηκότος.
713 4329 872 4382 Ἀλλὰ
898 4328 1007 4400 γὰρ
1026 4329 1126 4381 οὐκ
1157 4326 1331 4399 ὀρθῶς
1353 4328 1466 4399 ἔχει
1497 4343 1581 4380 σοι
1617 4325 1689 4379 τὰ
1716 4324 1854 4379 κατὰ

1959 4319 2184 4374 omnino
2221 4317 2502 4388 neglectis,
2555 4318 2703 4373 illum
2751 4320 2992 4378 veritatis
3034 4338 3249 4379 sacrum
3293 4326 3527 4381 admini-

263 4423 360 4476 τὸν
393 4421 555 4485 νοῦν,
605 4420 886 4492 ἄνθρωπον
919 4418 977 4472 δὲ
1011 4414 1148 4472 εῖναι
1181 4418 1554 4481 πεπίστευκας
1598 4416 1848 4487 θεοφόρον

1962 4422 2133 4467 strum
2152 4410 2286 4481 (50),
2304 4412 2452 4465 illum
2477 4411 2773 4483 sapientem
2798 4415 3149 4471 architectum
3172 4424 3227 4471 et
3251 4418 3526 4474 doctorem

266 4513 467 4576 ἁπλῶς
495 4513 597 4565 τὸν
633 4510 1001 4582 Ἐμμανουήλ.
1028 4505 1162 4564 Εἶτα
1191 4509 1302 4563 τῶν
1328 4511 1408 4572 είς
1450 4507 1732 4561 εὐσέϐειαν
1770 4509 1851 4559 ἐν-

1962 4503 2225 4573 gentium,
2249 4517 2465 4559 sacrum
2495 4518 2685 4559 revera
2718 4513 2773 4559 et
2807 4506 3264 4574 sapientissimum
3300 4507 3526 4564 Paulum

266 4603 436 4657 νοιῶν
484 4619 551 4656 τε
570 4602 684 4656 -καὶ
728 4602 902 4670 λόγων
936 4602 1233 4673 ἀφειδήσας
1287 4600 1585 4669 παντελῶς,
1629 4602 1723 4654 τὸν
1759 4601 1851 4670 τῆς

1962 4592 2056 4647 tibi
2100 4592 2453 4648 calumnianti
2482 4591 2599 4647 fore
2647 4593 3021 4648 auxiliatorem
3055 4604 3232 4664 putas,
3265 4597 3389 4652 dum
3416 4598 3525 4653 vim

262 4694 539 4763 ἀληθείας
571 4692 879 4764 ἱερουργδν,
914 4691 1005 4746 τὸν
1055 4692 1216 4761 σοφὸν
1260 4693 1614 4763 ἀρχιτέκτονα
1650 4691 1746 4744 καὶ
1780 4689 1847 4743 δι-

1959 4697 2145 4739 corum
2168 4698 2288 4753 quae
2310 4693 2436 4738 sunt
2453 4683 2522 4737 ab
2543 4697 2610 4738 eo
2635 4690 2782 4738 recte
2801 4684 3119 4755 sincereque
3134 4687 3300 4752 dicta,
3318 4702 3347 4741 a
3376 4699 3527 4746 recta

261 4786 552 4841 δάσκαλον
583 4784 698 4837 τῶν
727 4783 918 4849 ἐθνῶν,
934 4784 1027 4837 τὸν
1059 4783 1203 4855 ἱερὸν
1222 4784 1438 4855 ἀληθῶς
1461 4783 1555 4839 καὶΙ
1580 4783 1846 4851 πάνσοφον

1960 4782 2293 4849 probataque
2313 4779 2396 4832 via
2414 4779 2722 4848 detorques.
2745 4781 3030 4837 Videamus
3049 4785 3217 4849 enim,
3244 4784 3440 4855 inquit,
3461 4802 3524 4842 ex

261 4880 491 4933 Παῦλον
567 4876 795 4935 ἔσεσθαί
857 4893 939 4929 σοι
1012 4876 1360 4947 συλλήπτορα
1429 4874 1846 4944 συκοφαντοῦντι

1962 4872 2088 4933 hoc,
2122 4870 2278 4939 cujus
2307 4869 2379 4923 sit
2420 4884 2566 4923 mors
2595 4887 2609 4923 :
2641 4888 2659 4920 ι
2699 4870 2879 4926 Donec
2908 4873 3125 4942 veniat;
3169 4891 3187 4927 ι
3212 4879 3338 4946 quis
3366 4890 3526 4945 porro

262 4973 618 5043 προσδοκᾷς,
644 4971 743 5039 τῆς
772 4971 853 5032 είς
882 4968 1010 5022 εὐθὺ
1040 4972 1135 5022 καὶ
1157 4968 1537 5038 δοκιμωτάτης
1565 4968 1847 5037 ἀποφέρων

1964 4972 2045 5015 est
2068 4963 2159 5029 qui
2188 4959 2375 5014 venit!
2403 4957 2704 5016 «Videbunt
2734 4962 2786 5016 in
2819 4977 2980 5033 quem
3011 4975 3459 5035 eompunxerunt.
3499 4983 3518 5015 ι

260 5065 406 5130 ὁδοῦ,
445 5064 566 5116 τῶν
599 5059 780 5132 ὀρθῶς
811 5076 872 5112 τε
916 5061 1006 5113 καὶ
1042 5058 1345 5129 ἀκιδδήλως
1386 5060 1691 5128 εἰρημένων
1725 5060 1845 5126 παρ¹

1964 5053 2154 5108 Veniet
2180 5052 2342 5119 igitur
2367 5052 2411 5107 is
2435 5054 2524 5121 qui
2555 5068 2620 5107 ex
2649 5054 2881 5108 humana
2923 5055 3232 5109 conditione
3271 5053 3526 5108 sustinuit

262 5157 430 5210 αὐτοῦ
459 5157 571 5227 τὴν
602 5153 858 5221 δύναμιν.
889 5151 1112 5220 Ἷδωμεν
1152 5151 1293 5222 γὰρ,
1321 5151 1505 5219 φησὶν,
1534 5149 1640 5202 ἀπὸ
1664 5149 1847 5200 τούτου

1967 5152 2215 5205 mortem,
2235 5149 2289 5193 et
2306 5142 2562 5196 divinitus
2588 5144 2903 5208 resurrexit,
2928 5144 3095 5211 quiin
3125 5144 3320 5198 caelum
3342 5142 3523 5208 rediit,

332 5314 356 5347 '
389 5314 411 5368 Ι
439 5314 586 5368 Cur.
616 5325 709 5375 xv,
736 5308 826 5363 55.
904 5307 926 5339 ⁸
954 5307 1109 5360 Rom.
1149 5320 1270 5370 XIII,
1301 5305 1387 5359 Η.
1464 5308 1481 5336 ⁷
1540 5305 1715 5359 Galat.
1750 5321 1834 5364 ιιι.
1864 5302 1917 5355 ΞΤ

1540 5305 1715 5359 Galat.
1750 5321 1834 5364 ιιι.
1864 5302 1956 5357 27.
2030 5301 2223 5356 “Joan.
2268 5317 2341 5355 χι.
2380 5301 2469 5353 25.
2546 5304 2564 5333 °
2600 5301 2740 5354 Psal.
2766 5316 2949 5361 cxvtu,
2979 5300 3068 5353 91.

1536 5446 1692 5511 ΑΝΤ.
1734 5455 2001 5511 AGELLII
2043 5444 2269 5507 Nor-13.

324 5605 441 5676 (30)
486 5599 984 5676 Veritatis-sacrum
1010 5594 1395 5676 administrant.
1426 5594 1560 5650 Nam
1593 5596 1644 5649 in
1667 5606 1848 5675 extrc-
1958 5595 2207 5676 ﬁcanti-In
2241 5590 2681 5676 Erzrngelinntrse
2719 5587 2889 5676 ipsum
2924 5589 3060 5645 dixit
3090 5588 3399 5659 Apostolus,
3424 5585 3525 5639 hoc

258 5656 643 5745 mavlipistola
665 5670 728 5720 ad
762 5665 1055 5728 Romanos,
1084 5665 1509 5721 sanctiiicantcm
1556 5681 1649 5719 seu
1680 5664 1843 5720 sacri-

1366 5676 1509 5721 ntcm
1556 5681 1649 5719 seu
1680 5664 1846 5720 sacri-
1954 5673 2054 5728 est,
2089 5660 2472 5729 ἱερουργοῦντα
2509 5658 2563 5709 τὸ
2604 5656 2948 5723 Εὔα-(γέλων.

614 5761 891 5821 ΡΔτειοι..
937 5755 1027 5817 Gn
1041 5802 1054 5818 .
1109 5758 1377 5817 LXXVI.
3139 5741 3166 5805 ἲ
