  <div class='ocr_page' id='page_1' title='image "/cluster/home/n/w/nwhite01/storage/ocr_20150623/76/mdp.39015013094878/109.png"; bbox 0 0 4014 6128; ppageno 0'>
   <div class='ocr_carea' id='block_1_1' title="bbox 491 302 594 359">
    <p class='ocr_par' dir='ltr' id='par_1_1' title="bbox 491 302 594 359">
     <span class='ocr_line' id='line_1_1' title="bbox 491 302 594 359; baseline -0.019 0"><span class='ocrx_word' id='word_1_1' title='bbox 491 302 594 359; x_wconf 78' lang='grc'><strong>205</strong></span> 
     </span>
    </p>
   </div>
   <div class='ocr_carea' id='block_1_2' title="bbox 1520 300 2742 361">
    <p class='ocr_par' dir='ltr' id='par_1_2' title="bbox 1520 300 2742 361">
     <span class='ocr_line' id='line_1_2' title="bbox 1520 300 2742 361; baseline 0.004 -5"><span class='ocrx_word' id='word_1_2' title='bbox 1520 305 1572 356; x_wconf 92' lang='lat' dir='ltr'><strong>S.</strong></span> <span class='ocrx_word' id='word_1_3' title='bbox 1618 302 1880 358; x_wconf 64' lang='lat' dir='ltr'><strong>(LYllllLl</strong></span> <span class='ocrx_word' id='word_1_4' title='bbox 1923 300 2387 358; x_wconf 69' lang='lat' dir='ltr'><strong>ALEXANDBINI</strong></span> <span class='ocrx_word' id='word_1_5' title='bbox 2428 302 2742 361; x_wconf 69' lang='lat' dir='ltr'><strong>AHCIIIEP.</strong></span> 
     </span>
    </p>
   </div>
   <div class='ocr_carea' id='block_1_3' title="bbox 3634 302 3737 363">
    <p class='ocr_par' dir='ltr' id='par_1_3' title="bbox 3634 302 3737 363">
     <span class='ocr_line' id='line_1_3' title="bbox 3634 302 3737 363; baseline -0.01 0"><span class='ocrx_word' id='word_1_6' title='bbox 3634 302 3737 363; x_wconf 61' lang='lat'><strong>205</strong></span> 
     </span>
    </p>
   </div>
   <div class='ocr_carea' id='block_1_4' title="bbox 492 397 2056 493">
    <p class='ocr_par' dir='ltr' id='par_1_4' title="bbox 492 397 2056 487">
     <span class='ocr_line' id='line_1_4' title="bbox 492 397 2056 487; baseline 0.001 -19"><span class='ocrx_word' id='word_1_7' title='bbox 492 418 582 484; x_wconf 80' lang='lat' dir='ltr'><strong>qui</strong></span> <span class='ocrx_word' id='word_1_8' title='bbox 605 417 764 471; x_wconf 80' lang='lat' dir='ltr'><strong>etiam</strong></span> <span class='ocrx_word' id='word_1_9' title='bbox 791 415 1078 470; x_wconf 67' lang='lat' dir='ltr'><strong>ineliabilis</strong></span> <span class='ocrx_word' id='word_1_10' title='bbox 1101 417 1320 472; x_wconf 87' lang='lat' dir='ltr'><strong>deitatis</strong></span> <span class='ocrx_word' id='word_1_11' title='bbox 1340 428 1565 487; x_wconf 86' lang='lat' dir='ltr'><strong>augusta</strong></span> <span class='ocrx_word' id='word_1_12' title='bbox 1597 417 1891 471; x_wconf 73' lang='lat' dir='ltr'><strong>decoratur</strong></span> <span class='ocrx_word' id='word_1_13' title='bbox 1912 397 2056 479; x_wconf 71' lang='lat' dir='ltr'><strong>sede,</strong></span> 
     </span>
    </p>
   </div>
   <div class='ocr_carea' id='block_1_5' title="bbox 2159 397 3739 493">
    <p class='ocr_par' dir='ltr' id='par_1_5' title="bbox 2167 414 3739 493">
     <span class='ocr_line' id='line_1_5' title="bbox 2167 414 3739 493; baseline 0.004 -24"><span class='ocrx_word' id='word_1_14' title='bbox 2167 419 2311 484; x_wconf 63' lang='grc' dir='ltr'>τί;ιος</span> <span class='ocrx_word' id='word_1_15' title='bbox 2347 421 2373 471; x_wconf 85' lang='lat'><strong>6</strong></span> <span class='ocrx_word' id='word_1_16' title='bbox 2407 419 2657 482; x_wconf 80' lang='grc' dir='ltr'>θάνατος.</span> <span class='ocrx_word' id='word_1_17' title='bbox 2708 439 2723 469; x_wconf 78' lang='grc' dir='ltr'>ι</span> <span class='ocrx_word' id='word_1_18' title='bbox 2759 423 2950 490; x_wconf 86' lang='grc' dir='ltr'>Ἀχρις</span> <span class='ocrx_word' id='word_1_19' title='bbox 2981 414 3042 472; x_wconf 74' lang='grc' dir='ltr'>οὗ</span> <span class='ocrx_word' id='word_1_20' title='bbox 3085 421 3235 493; x_wconf 75' lang='grc' dir='ltr'>ἔλθῃ.</span> <span class='ocrx_word' id='word_1_21' title='bbox 3275 439 3294 472; x_wconf 69' lang='grc' dir='ltr'><strong>ο</strong></span> <span class='ocrx_word' id='word_1_22' title='bbox 3326 423 3418 486; x_wconf 86' lang='grc' dir='ltr'>Τίς</span> <span class='ocrx_word' id='word_1_23' title='bbox 3442 422 3498 476; x_wconf 80' lang='grc' dir='ltr'><strong>δέ</strong></span> <span class='ocrx_word' id='word_1_24' title='bbox 3527 426 3674 478; x_wconf 84' lang='grc' dir='ltr'>ἐστιν</span> <span class='ocrx_word' id='word_1_25' title='bbox 3710 426 3739 476; x_wconf 91' lang='lat'><strong>6</strong></span> 
     </span>
    </p>
   </div>
   <div class='ocr_carea' id='block_1_6' title="bbox 489 507 2058 574">
    <p class='ocr_par' dir='ltr' id='par_1_6' title="bbox 489 507 2058 574">
     <span class='ocr_line' id='line_1_6' title="bbox 489 507 2058 574; baseline -0.001 -12"><span class='ocrx_word' id='word_1_26' title='bbox 489 520 542 563; x_wconf 85' lang='lat' dir='ltr'><strong>et</strong></span> <span class='ocrx_word' id='word_1_27' title='bbox 591 525 711 564; x_wconf 89' lang='lat' dir='ltr'><strong>cum</strong></span> <span class='ocrx_word' id='word_1_28' title='bbox 760 508 922 562; x_wconf 85' lang='lat' dir='ltr'><strong>Patre</strong></span> <span class='ocrx_word' id='word_1_29' title='bbox 963 509 1231 574; x_wconf 90' lang='lat' dir='ltr'><strong>considet,</strong></span> <span class='ocrx_word' id='word_1_30' title='bbox 1277 507 1758 563; x_wconf 81' lang='lat' dir='ltr'><strong>circumstantibus</strong></span> <span class='ocrx_word' id='word_1_31' title='bbox 1803 508 2058 562; x_wconf 87' lang='lat' dir='ltr'><strong>nimirum</strong></span> 
     </span>
    </p>
   </div>
   <div class='ocr_carea' id='block_1_7' title="bbox 489 598 2059 670">
    <p class='ocr_par' dir='ltr' id='par_1_7' title="bbox 489 598 2059 670">
     <span class='ocr_line' id='line_1_7' title="bbox 489 598 2059 670; baseline -0.003 -14"><span class='ocrx_word' id='word_1_32' title='bbox 489 601 797 670; x_wconf 89' lang='lat' dir='ltr'><strong>Seraphim,</strong></span> <span class='ocrx_word' id='word_1_33' title='bbox 820 611 872 656; x_wconf 91' lang='lat' dir='ltr'><strong>et</strong></span> <span class='ocrx_word' id='word_1_34' title='bbox 897 600 1166 669; x_wconf 89' lang='lat' dir='ltr'><strong>supremis</strong></span> <span class='ocrx_word' id='word_1_35' title='bbox 1219 599 1328 655; x_wconf 89' lang='lat' dir='ltr'><strong>illis</strong></span> <span class='ocrx_word' id='word_1_36' title='bbox 1374 598 1696 665; x_wconf 79' lang='lat' dir='ltr'><strong>Virtutibus,</strong></span> <span class='ocrx_word' id='word_1_37' title='bbox 1752 613 2059 654; x_wconf 87' lang='lat' dir='ltr'><strong>mensuram</strong></span> 
     </span>
    </p>
   </div>
   <div class='ocr_carea' id='block_1_8' title="bbox 487 688 2061 761">
    <p class='ocr_par' dir='ltr' id='par_1_8' title="bbox 487 688 2061 761">
     <span class='ocr_line' id='line_1_8' title="bbox 487 688 2061 761; baseline -0.004 -12"><span class='ocrx_word' id='word_1_38' title='bbox 487 710 600 750; x_wconf 74' lang='lat' dir='ltr'><strong>suae</strong></span> <span class='ocrx_word' id='word_1_39' title='bbox 628 693 926 756; x_wconf 84' lang='lat' dir='ltr'><strong>servitutis,</strong></span> <span class='ocrx_word' id='word_1_40' title='bbox 959 707 1061 761; x_wconf 86' lang='lat' dir='ltr'><strong>qua</strong></span> <span class='ocrx_word' id='word_1_41' title='bbox 1095 691 1166 744; x_wconf 87' lang='lat' dir='ltr'><strong>illi</strong></span> <span class='ocrx_word' id='word_1_42' title='bbox 1202 690 1590 759; x_wconf 87' lang='lat' dir='ltr'><strong>subjectisunt,</strong></span> <span class='ocrx_word' id='word_1_43' title='bbox 1626 705 1730 744; x_wconf 91' lang='lat' dir='ltr'><strong>non</strong></span> <span class='ocrx_word' id='word_1_44' title='bbox 1765 688 2061 760; x_wconf 81' lang='lat' dir='ltr'><strong>ignoranti-</strong></span> 
     </span>
    </p>
   </div>
   <div class='ocr_carea' id='block_1_9' title="bbox 489 771 2057 850">
    <p class='ocr_par' dir='ltr' id='par_1_9' title="bbox 489 771 2057 850">
     <span class='ocr_line' id='line_1_9' title="bbox 489 771 2057 850; baseline -0.003 -12"><span class='ocrx_word' id='word_1_45' title='bbox 489 787 608 850; x_wconf 86' lang='lat' dir='ltr'><strong>bus,</strong></span> <span class='ocrx_word' id='word_1_46' title='bbox 642 785 891 838; x_wconf 84' lang='lat' dir='ltr'><strong>omnibus</strong></span> <span class='ocrx_word' id='word_1_47' title='bbox 915 784 1077 836; x_wconf 89' lang='lat' dir='ltr'><strong>etiam</strong></span> <span class='ocrx_word' id='word_1_48' title='bbox 1115 781 1480 835; x_wconf 86' lang='lat' dir='ltr'><strong>Potestatibus</strong></span> <span class='ocrx_word' id='word_1_49' title='bbox 1507 780 1654 834; x_wconf 89' lang='lat' dir='ltr'><strong>illum</strong></span> <span class='ocrx_word' id='word_1_50' title='bbox 1687 771 2057 845; x_wconf 76' lang='lat' dir='ltr'><strong>adurentibus,</strong></span> 
     </span>
    </p>
   </div>
   <div class='ocr_carea' id='block_1_10' title="bbox 495 872 2058 939">
    <p class='ocr_par' dir='ltr' id='par_1_10' title="bbox 495 872 2058 939">
     <span class='ocr_line' id='line_1_10' title="bbox 495 872 2058 939; baseline 0.001 -15"><span class='ocrx_word' id='word_1_51' title='bbox 495 875 790 930; x_wconf 75' lang='lat' dir='ltr'><strong>Virtutibus</strong></span> <span class='ocrx_word' id='word_1_52' title='bbox 836 873 998 927; x_wconf 89' lang='lat' dir='ltr'><strong>etiam</strong></span> <span class='ocrx_word' id='word_1_53' title='bbox 1049 888 1112 926; x_wconf 87' lang='lat' dir='ltr'><strong>ac</strong></span> <span class='ocrx_word' id='word_1_54' title='bbox 1158 872 1620 926; x_wconf 87' lang='lat' dir='ltr'><strong>Dominationibus</strong></span> <span class='ocrx_word' id='word_1_55' title='bbox 1662 889 1678 926; x_wconf 92' lang='lat'><strong>:</strong></span> <span class='ocrx_word' id='word_1_56' title='bbox 1728 889 1746 923; x_wconf 80' lang='grc' dir='ltr'>ι</span> <span class='ocrx_word' id='word_1_57' title='bbox 1783 872 1881 939; x_wconf 90' lang='lat' dir='ltr'><strong>ipsi</strong></span> <span class='ocrx_word' id='word_1_58' title='bbox 1914 873 2058 926; x_wconf 87' lang='lat' dir='ltr'><strong>enim</strong></span> 
     </span>
    </p>
   </div>
   <div class='ocr_carea' id='block_1_11' title="bbox 485 963 2060 1033">
    <p class='ocr_par' dir='ltr' id='par_1_11' title="bbox 485 963 2060 1033">
     <span class='ocr_line' id='line_1_11' title="bbox 485 963 2060 1033; baseline -0.003 -13"><span class='ocrx_word' id='word_1_59' title='bbox 485 982 645 1020; x_wconf 44' lang='lat' dir='ltr'><strong>on‘ine</strong></span> <span class='ocrx_word' id='word_1_60' title='bbox 663 981 798 1033; x_wconf 76' lang='lat' dir='ltr'><strong>genu</strong></span> <span class='ocrx_word' id='word_1_61' title='bbox 818 963 1085 1028; x_wconf 84' lang='lat' dir='ltr'><strong>ﬂectetur,</strong></span> <span class='ocrx_word' id='word_1_62' title='bbox 1100 965 1342 1018; x_wconf 87' lang='lat' dir='ltr'><strong>etomnis</strong></span> <span class='ocrx_word' id='word_1_63' title='bbox 1358 964 1533 1030; x_wconf 82' lang='lat' dir='ltr'><strong>lingua</strong></span> <span class='ocrx_word' id='word_1_64' title='bbox 1554 963 1913 1028; x_wconf 83' lang='lat' dir='ltr'><strong>conﬁtebitur,</strong></span> <span class='ocrx_word' id='word_1_65' title='bbox 1933 963 2060 1032; x_wconf 85' lang='lat' dir='ltr'><strong>quia</strong></span> 
     </span>
    </p>
   </div>
   <div class='ocr_carea' id='block_1_12' title="bbox 489 1053 2056 1123">
    <p class='ocr_par' dir='ltr' id='par_1_12' title="bbox 489 1053 2056 1123">
     <span class='ocr_line' id='line_1_12' title="bbox 489 1053 2056 1123; baseline -0.003 -13"><span class='ocrx_word' id='word_1_66' title='bbox 489 1057 742 1110; x_wconf 84' lang='lat' dir='ltr'><strong>Dominus</strong></span> <span class='ocrx_word' id='word_1_67' title='bbox 775 1054 953 1120; x_wconf 82' lang='lat' dir='ltr'><strong>Jesus,</strong></span> <span class='ocrx_word' id='word_1_68' title='bbox 983 1053 1033 1107; x_wconf 91' lang='lat' dir='ltr'><strong>in</strong></span> <span class='ocrx_word' id='word_1_69' title='bbox 1060 1054 1280 1123; x_wconf 81' lang='lat' dir='ltr'><strong>gloriam</strong></span> <span class='ocrx_word' id='word_1_70' title='bbox 1307 1054 1398 1108; x_wconf 85' lang='lat' dir='ltr'><strong>Dei</strong></span> <span class='ocrx_word' id='word_1_71' title='bbox 1422 1053 1597 1108; x_wconf 88' lang='lat' dir='ltr'><strong>Patris</strong></span> <span class='ocrx_word' id='word_1_72' title='bbox 1628 1053 1700 1120; x_wconf 73' lang='lat'><strong>‘°;</strong></span> <span class='ocrx_word' id='word_1_73' title='bbox 1727 1073 1745 1105; x_wconf 76' lang='grc' dir='ltr'>ι</span> <span class='ocrx_word' id='word_1_74' title='bbox 1780 1062 1835 1108; x_wconf 91' lang='lat' dir='ltr'><strong>et</strong></span> <span class='ocrx_word' id='word_1_75' title='bbox 1860 1053 2056 1120; x_wconf 85' lang='lat' dir='ltr'><strong>veniet,</strong></span> 
     </span>
    </p>
   </div>
   <div class='ocr_carea' id='block_1_13' title="bbox 486 1142 2058 1212">
    <p class='ocr_par' dir='ltr' id='par_1_13' title="bbox 486 1142 2058 1212">
     <span class='ocr_line' id='line_1_13' title="bbox 486 1142 2058 1212; baseline -0.001 -14"><span class='ocrx_word' id='word_1_76' title='bbox 486 1155 542 1198; x_wconf 91' lang='lat' dir='ltr'><strong>ut</strong></span> <span class='ocrx_word' id='word_1_77' title='bbox 575 1145 710 1209; x_wconf 84' lang='lat' dir='ltr'><strong>dixi,</strong></span> <span class='ocrx_word' id='word_1_78' title='bbox 742 1160 846 1198; x_wconf 91' lang='lat' dir='ltr'><strong>non</strong></span> <span class='ocrx_word' id='word_1_79' title='bbox 877 1146 928 1196; x_wconf 90' lang='lat' dir='ltr'><strong>in</strong></span> <span class='ocrx_word' id='word_1_80' title='bbox 963 1152 1145 1197; x_wconf 88' lang='lat' dir='ltr'><strong>nostra</strong></span> <span class='ocrx_word' id='word_1_81' title='bbox 1173 1143 1477 1198; x_wconf 84' lang='lat' dir='ltr'><strong>humilitate</strong></span> <span class='ocrx_word' id='word_1_82' title='bbox 1504 1152 1851 1212; x_wconf 91' lang='lat' dir='ltr'><strong>conspectus,</strong></span> <span class='ocrx_word' id='word_1_83' title='bbox 1883 1143 1978 1197; x_wconf 87' lang='lat' dir='ltr'><strong>sed</strong></span> <span class='ocrx_word' id='word_1_84' title='bbox 2006 1142 2058 1196; x_wconf 92' lang='lat' dir='ltr'><strong>in</strong></span> 
     </span>
    </p>
   </div>
   <div class='ocr_carea' id='block_1_14' title="bbox 409 1233 2058 1309">
    <p class='ocr_par' dir='ltr' id='par_1_14' title="bbox 409 1233 2058 1309">
     <span class='ocr_line' id='line_1_14' title="bbox 409 1233 2058 1309; baseline -0.002 -20"><span class='ocrx_word' id='word_1_85' title='bbox 409 1251 428 1266; x_wconf 67' lang='grc' dir='ltr'><strong><em>ί</em></strong></span> <span class='ocrx_word' id='word_1_86' title='bbox 483 1237 652 1309; x_wconf 77' lang='lat' dir='ltr'><strong>gloria</strong></span> <span class='ocrx_word' id='word_1_87' title='bbox 679 1234 999 1300; x_wconf 83' lang='lat' dir='ltr'><strong>divinitatis,</strong></span> <span class='ocrx_word' id='word_1_88' title='bbox 1034 1233 1171 1289; x_wconf 72' lang='lat' dir='ltr'><strong>caelo</strong></span> <span class='ocrx_word' id='word_1_89' title='bbox 1231 1233 1550 1303; x_wconf 83' lang='lat' dir='ltr'><strong>superisque</strong></span> <span class='ocrx_word' id='word_1_90' title='bbox 1605 1233 1889 1302; x_wconf 89' lang='lat' dir='ltr'><strong>spiritibus</strong></span> <span class='ocrx_word' id='word_1_91' title='bbox 1935 1246 2058 1287; x_wconf 87' lang='lat' dir='ltr'><strong>eum</strong></span> 
     </span>
    </p>
   </div>
   <div class='ocr_carea' id='block_1_15' title="bbox 483 1321 2058 1394">
    <p class='ocr_par' dir='ltr' id='par_1_15' title="bbox 483 1321 2058 1394">
     <span class='ocr_line' id='line_1_15' title="bbox 483 1321 2058 1394; baseline -0.004 -14"><span class='ocrx_word' id='word_1_92' title='bbox 483 1326 827 1394; x_wconf 88' lang='lat' dir='ltr'><strong>stipantibus,</strong></span> <span class='ocrx_word' id='word_1_93' title='bbox 857 1334 911 1376; x_wconf 90' lang='lat' dir='ltr'><strong>et</strong></span> <span class='ocrx_word' id='word_1_94' title='bbox 935 1323 1032 1392; x_wconf 89' lang='lat' dir='ltr'><strong>ipsi</strong></span> <span class='ocrx_word' id='word_1_95' title='bbox 1061 1332 1118 1375; x_wconf 93' lang='lat' dir='ltr'><strong>ut</strong></span> <span class='ocrx_word' id='word_1_96' title='bbox 1144 1323 1274 1387; x_wconf 92' lang='lat' dir='ltr'><strong>Deo,</strong></span> <span class='ocrx_word' id='word_1_97' title='bbox 1319 1337 1381 1375; x_wconf 89' lang='lat' dir='ltr'><strong>ac</strong></span> <span class='ocrx_word' id='word_1_98' title='bbox 1412 1321 1568 1390; x_wconf 82' lang='lat' dir='ltr'><strong>Regi,</strong></span> <span class='ocrx_word' id='word_1_99' title='bbox 1605 1330 1659 1374; x_wconf 90' lang='lat' dir='ltr'><strong>et</strong></span> <span class='ocrx_word' id='word_1_100' title='bbox 1682 1323 2058 1376; x_wconf 88' lang='lat' dir='ltr'><strong>universorum</strong></span> 
     </span>
    </p>
   </div>
   <div class='ocr_carea' id='block_1_16' title="bbox 484 1413 2059 1484">
    <p class='ocr_par' dir='ltr' id='par_1_16' title="bbox 484 1413 2059 1484">
     <span class='ocr_line' id='line_1_16' title="bbox 484 1413 2059 1484; baseline -0.003 -12"><span class='ocrx_word' id='word_1_101' title='bbox 484 1419 712 1472; x_wconf 91' lang='lat' dir='ltr'><strong>Domino</strong></span> <span class='ocrx_word' id='word_1_102' title='bbox 759 1415 1153 1471; x_wconf 86' lang='lat' dir='ltr'><strong>assistentibus.</strong></span> <span class='ocrx_word' id='word_1_103' title='bbox 1206 1413 1262 1468; x_wconf 91' lang='lat' dir='ltr'><strong>Si</strong></span> <span class='ocrx_word' id='word_1_104' title='bbox 1319 1413 1484 1484; x_wconf 82' lang='lat' dir='ltr'><strong>igitur</strong></span> <span class='ocrx_word' id='word_1_105' title='bbox 1517 1429 1620 1468; x_wconf 93' lang='lat' dir='ltr'><strong>non</strong></span> <span class='ocrx_word' id='word_1_106' title='bbox 1667 1413 1832 1467; x_wconf 87' lang='lat' dir='ltr'><strong>estin</strong></span> <span class='ocrx_word' id='word_1_107' title='bbox 1874 1428 2059 1479; x_wconf 81' lang='lat' dir='ltr'><strong>carne,</strong></span> 
     </span>
    </p>
   </div>
   <div class='ocr_carea' id='block_1_17' title="bbox 485 1501 2060 1574">
    <p class='ocr_par' dir='ltr' id='par_1_17' title="bbox 485 1501 2060 1574">
     <span class='ocr_line' id='line_1_17' title="bbox 485 1501 2060 1574; baseline -0.003 -10"><span class='ocrx_word' id='word_1_108' title='bbox 485 1514 588 1565; x_wconf 86' lang='lat' dir='ltr'><strong>hoc</strong></span> <span class='ocrx_word' id='word_1_109' title='bbox 619 1518 722 1574; x_wconf 89' lang='lat' dir='ltr'><strong>est,</strong></span> <span class='ocrx_word' id='word_1_110' title='bbox 753 1525 858 1564; x_wconf 90' lang='lat' dir='ltr'><strong>non</strong></span> <span class='ocrx_word' id='word_1_111' title='bbox 893 1509 1053 1562; x_wconf 92' lang='lat' dir='ltr'><strong>homo</strong></span> <span class='ocrx_word' id='word_1_112' title='bbox 1085 1506 1286 1561; x_wconf 80' lang='lat' dir='ltr'><strong>factum</strong></span> <span class='ocrx_word' id='word_1_113' title='bbox 1327 1516 1412 1561; x_wconf 90' lang='lat' dir='ltr'><strong>est</strong></span> <span class='ocrx_word' id='word_1_114' title='bbox 1457 1501 1763 1562; x_wconf 52' lang='lat' dir='ltr'><strong>Dei&#39;Patris</strong></span> <span class='ocrx_word' id='word_1_115' title='bbox 1799 1505 2060 1573; x_wconf 83' lang='lat' dir='ltr'><strong>Verbum,</strong></span> 
     </span>
    </p>
   </div>
   <div class='ocr_carea' id='block_1_18' title="bbox 484 1597 2062 1667">
    <p class='ocr_par' dir='ltr' id='par_1_18' title="bbox 484 1597 2062 1667">
     <span class='ocr_line' id='line_1_18' title="bbox 484 1597 2062 1667; baseline -0.003 -11"><span class='ocrx_word' id='word_1_116' title='bbox 484 1603 577 1656; x_wconf 89' lang='lat' dir='ltr'><strong>sed</strong></span> <span class='ocrx_word' id='word_1_117' title='bbox 640 1601 801 1655; x_wconf 90' lang='lat' dir='ltr'><strong>homo</strong></span> <span class='ocrx_word' id='word_1_118' title='bbox 856 1597 1070 1663; x_wconf 72' lang='lat' dir='ltr'><strong>Deiter,</strong></span> <span class='ocrx_word' id='word_1_119' title='bbox 1138 1597 1279 1651; x_wconf 88' lang='lat' dir='ltr'><strong>latus</strong></span> <span class='ocrx_word' id='word_1_120' title='bbox 1331 1612 1650 1667; x_wconf 89' lang='lat' dir='ltr'><strong>corporeum</strong></span> <span class='ocrx_word' id='word_1_121' title='bbox 1709 1598 1952 1664; x_wconf 87' lang='lat' dir='ltr'><strong>habens,</strong></span> <span class='ocrx_word' id='word_1_122' title='bbox 2006 1607 2062 1653; x_wconf 91' lang='lat' dir='ltr'><strong>et</strong></span> 
     </span>
    </p>
   </div>
   <div class='ocr_carea' id='block_1_19' title="bbox 489 1688 2060 1762">
    <p class='ocr_par' dir='ltr' id='par_1_19' title="bbox 489 1688 2060 1762">
     <span class='ocr_line' id='line_1_19' title="bbox 489 1688 2060 1762; baseline -0.001 -17"><span class='ocrx_word' id='word_1_123' title='bbox 489 1691 646 1762; x_wconf 77' lang='lat'><strong>117</strong></span> <span class='ocrx_word' id='word_1_124' title='bbox 702 1690 1176 1759; x_wconf 88' lang='lat' dir='ltr'><strong>compunctionem</strong></span> <span class='ocrx_word' id='word_1_125' title='bbox 1221 1688 1406 1743; x_wconf 90' lang='lat' dir='ltr'><strong>lateris</strong></span> <span class='ocrx_word' id='word_1_126' title='bbox 1439 1704 1651 1760; x_wconf 84' lang='lat' dir='ltr'><strong>passus,</strong></span> <span class='ocrx_word' id='word_1_127' title='bbox 1695 1694 1964 1760; x_wconf 85' lang='lat' dir='ltr'><strong>quomodo</strong></span> <span class='ocrx_word' id='word_1_128' title='bbox 2007 1693 2060 1745; x_wconf 93' lang='lat' dir='ltr'><strong>in</strong></span> 
     </span>
    </p>
   </div>
   <div class='ocr_carea' id='block_1_20' title="bbox 2165 510 3738 583">
    <p class='ocr_par' dir='ltr' id='par_1_20' title="bbox 2165 510 3738 583">
     <span class='ocr_line' id='line_1_20' title="bbox 2165 510 3738 583; baseline 0.004 -23"><span class='ocrx_word' id='word_1_129' title='bbox 2165 510 2490 580; x_wconf 87' lang='grc' dir='ltr'>ἐρχόμενος;</span> <span class='ocrx_word' id='word_1_130' title='bbox 2529 530 2546 560; x_wconf 77' lang='grc' dir='ltr'>ι</span> <span class='ocrx_word' id='word_1_131' title='bbox 2588 514 2846 580; x_wconf 74' lang='grc' dir='ltr'>Ὄψονται</span> <span class='ocrx_word' id='word_1_132' title='bbox 2877 512 2957 573; x_wconf 84' lang='grc' dir='ltr'>εἰς</span> <span class='ocrx_word' id='word_1_133' title='bbox 3001 512 3059 564; x_wconf 79' lang='grc' dir='ltr'><strong>ὃν</strong></span> <span class='ocrx_word' id='word_1_134' title='bbox 3109 511 3486 583; x_wconf 83' lang='grc' dir='ltr'>ἐξεκέντησαν.</span> <span class='ocrx_word' id='word_1_135' title='bbox 3527 533 3544 565; x_wconf 79' lang='grc' dir='ltr'>ι</span> <span class='ocrx_word' id='word_1_136' title='bbox 3582 515 3738 578; x_wconf 78' lang='grc' dir='ltr'><strong>Ἥξει</strong></span> 
     </span>
    </p>
   </div>
   <div class='ocr_carea' id='block_1_21' title="bbox 2163 602 3737 674">
    <p class='ocr_par' dir='ltr' id='par_1_21' title="bbox 2163 602 3737 674">
     <span class='ocr_line' id='line_1_21' title="bbox 2163 602 3737 674; baseline 0.003 -20"><span class='ocrx_word' id='word_1_137' title='bbox 2163 603 2364 668; x_wconf 82' lang='grc' dir='ltr'><strong>τοίνυν,</strong></span> <span class='ocrx_word' id='word_1_138' title='bbox 2412 605 2440 655; x_wconf 97' lang='lat'><strong>6</strong></span> <span class='ocrx_word' id='word_1_139' title='bbox 2481 602 2771 665; x_wconf 80' lang='grc' dir='ltr'>πεπονθὼς</span> <span class='ocrx_word' id='word_1_140' title='bbox 2810 603 2908 673; x_wconf 91' lang='grc' dir='ltr'><strong>μέν</strong></span> <span class='ocrx_word' id='word_1_141' title='bbox 2947 603 3038 655; x_wconf 83' lang='grc' dir='ltr'>τὸν</span> <span class='ocrx_word' id='word_1_142' title='bbox 3087 603 3316 674; x_wconf 85' lang='grc' dir='ltr'>θάνατον</span> <span class='ocrx_word' id='word_1_143' title='bbox 3359 604 3737 674; x_wconf 68' lang='grc' dir='ltr'>ἀνθρωπίνως,</span> 
     </span>
    </p>
   </div>
   <div class='ocr_carea' id='block_1_22' title="bbox 2164 676 3738 763">
    <p class='ocr_par' dir='ltr' id='par_1_22' title="bbox 2164 676 3738 763">
     <span class='ocr_line' id='line_1_22' title="bbox 2164 676 3738 763; baseline 0.002 -18"><span class='ocrx_word' id='word_1_144' title='bbox 2164 693 2531 763; x_wconf 72' lang='grc' dir='ltr'><strong>ἐγηγερμένος</strong></span> <span class='ocrx_word' id='word_1_145' title='bbox 2565 693 2621 746; x_wconf 83' lang='grc' dir='ltr'><strong>δὲ</strong></span> <span class='ocrx_word' id='word_1_146' title='bbox 2653 676 2846 756; x_wconf 64' lang='grc' dir='ltr'>θεῖκιῖἷς</span> <span class='ocrx_word' id='word_1_147' title='bbox 2866 711 2880 724; x_wconf 73' lang='grc' dir='ltr'><strong>ο</strong></span> <span class='ocrx_word' id='word_1_148' title='bbox 2923 695 3291 762; x_wconf 81' lang='grc' dir='ltr'>ἀναφοιτήσας</span> <span class='ocrx_word' id='word_1_149' title='bbox 3319 694 3375 746; x_wconf 86' lang='grc' dir='ltr'>δὲ</span> <span class='ocrx_word' id='word_1_150' title='bbox 3411 696 3504 748; x_wconf 70' lang='grc' dir='ltr'><strong>καὶ</strong></span> <span class='ocrx_word' id='word_1_151' title='bbox 3539 698 3619 758; x_wconf 90' lang='grc' dir='ltr'><strong>εἰς</strong></span> <span class='ocrx_word' id='word_1_152' title='bbox 3644 697 3738 748; x_wconf 83' lang='grc' dir='ltr'><strong>οὑ-</strong></span> 
     </span>
    </p>
   </div>
   <div class='ocr_carea' id='block_1_23' title="bbox 2167 783 3740 856">
    <p class='ocr_par' dir='ltr' id='par_1_23' title="bbox 2167 783 3740 856">
     <span class='ocr_line' id='line_1_23' title="bbox 2167 783 3740 856; baseline 0.001 -21"><span class='ocrx_word' id='word_1_153' title='bbox 2167 784 2364 852; x_wconf 80' lang='grc' dir='ltr'>ρανοὺς</span> <span class='ocrx_word' id='word_1_154' title='bbox 2387 825 2400 846; x_wconf 93' lang='grc'><strong>,</strong></span> <span class='ocrx_word' id='word_1_155' title='bbox 2424 783 2482 846; x_wconf 87' lang='grc' dir='ltr'><strong>ὃς</strong></span> <span class='ocrx_word' id='word_1_156' title='bbox 2519 786 2612 847; x_wconf 69' lang='grc' dir='ltr'><strong>καὶ</strong></span> <span class='ocrx_word' id='word_1_157' title='bbox 2639 785 2750 844; x_wconf 79' lang='grc' dir='ltr'>τοῖς</span> <span class='ocrx_word' id='word_1_158' title='bbox 2774 783 2875 851; x_wconf 82' lang='grc' dir='ltr'>τῆς</span> <span class='ocrx_word' id='word_1_159' title='bbox 2902 784 3144 852; x_wconf 73' lang='grc' dir='ltr'>ἀρρήτου</span> <span class='ocrx_word' id='word_1_160' title='bbox 3171 783 3425 854; x_wconf 86' lang='grc' dir='ltr'><strong>θεότητος</strong></span> <span class='ocrx_word' id='word_1_161' title='bbox 3452 784 3740 856; x_wconf 78' lang='grc' dir='ltr'><strong>ἐναϐρύνε-</strong></span> 
     </span>
    </p>
   </div>
   <div class='ocr_carea' id='block_1_24' title="bbox 2163 871 3738 942">
    <p class='ocr_par' dir='ltr' id='par_1_24' title="bbox 2163 871 3738 942">
     <span class='ocr_line' id='line_1_24' title="bbox 2163 871 3738 942; baseline -0.001 -17"><span class='ocrx_word' id='word_1_162' title='bbox 2163 889 2252 925; x_wconf 89' lang='grc' dir='ltr'>ται</span> <span class='ocrx_word' id='word_1_163' title='bbox 2281 871 2496 935; x_wconf 86' lang='grc' dir='ltr'><strong>θώκοις,</strong></span> <span class='ocrx_word' id='word_1_164' title='bbox 2534 873 2626 924; x_wconf 74' lang='grc' dir='ltr'><strong>καὶ</strong></span> <span class='ocrx_word' id='word_1_165' title='bbox 2659 871 2966 941; x_wconf 85' lang='grc' dir='ltr'>συνεδρεύει</span> <span class='ocrx_word' id='word_1_166' title='bbox 3002 871 3079 941; x_wconf 84' lang='grc' dir='ltr'>τῷ</span> <span class='ocrx_word' id='word_1_167' title='bbox 3115 871 3314 942; x_wconf 77' lang='grc' dir='ltr'><strong>Πατρὶ,</strong></span> <span class='ocrx_word' id='word_1_168' title='bbox 3354 872 3738 942; x_wconf 83' lang='grc' dir='ltr'><strong>περιεστώτων</strong></span> 
     </span>
    </p>
   </div>
   <div class='ocr_carea' id='block_1_25' title="bbox 2164 963 3743 1035">
    <p class='ocr_par' dir='ltr' id='par_1_25' title="bbox 2164 963 3743 1035">
     <span class='ocr_line' id='line_1_25' title="bbox 2164 963 3743 1035; baseline 0 -19"><span class='ocrx_word' id='word_1_169' title='bbox 2164 965 2222 1017; x_wconf 72' lang='grc' dir='ltr'>ἐν</span> <span class='ocrx_word' id='word_1_170' title='bbox 2252 963 2437 1035; x_wconf 83' lang='grc' dir='ltr'><strong>κύκλῳ</strong></span> <span class='ocrx_word' id='word_1_171' title='bbox 2468 965 2708 1034; x_wconf 83' lang='grc' dir='ltr'>δηλονότι</span> <span class='ocrx_word' id='word_1_172' title='bbox 2730 965 2846 1017; x_wconf 72' lang='grc' dir='ltr'><strong>’τῶν</strong></span> <span class='ocrx_word' id='word_1_173' title='bbox 2873 965 3124 1035; x_wconf 71' lang='grc' dir='ltr'>Σεραφὶμ</span> <span class='ocrx_word' id='word_1_174' title='bbox 3147 1005 3161 1029; x_wconf 96' lang='grc'><strong>,</strong></span> <span class='ocrx_word' id='word_1_175' title='bbox 3197 965 3289 1016; x_wconf 69' lang='grc' dir='ltr'><strong>καὶ</strong></span> <span class='ocrx_word' id='word_1_176' title='bbox 3337 964 3445 1016; x_wconf 84' lang='grc' dir='ltr'>τῶν</span> <span class='ocrx_word' id='word_1_177' title='bbox 3475 966 3743 1018; x_wconf 81' lang='grc' dir='ltr'><strong>ἀνωτάτω</strong></span> 
     </span>
    </p>
   </div>
   <div class='ocr_carea' id='block_1_26' title="bbox 2162 1049 3741 1122">
    <p class='ocr_par' dir='ltr' id='par_1_26' title="bbox 2162 1049 3741 1122">
     <span class='ocr_line' id='line_1_26' title="bbox 2162 1049 3741 1122; baseline -0.003 -17"><span class='ocrx_word' id='word_1_178' title='bbox 2162 1054 2476 1122; x_wconf 87' lang='grc' dir='ltr'>Δυνάμεων,</span> <span class='ocrx_word' id='word_1_179' title='bbox 2504 1054 2603 1105; x_wconf 84' lang='grc' dir='ltr'><strong>οὐκ</strong></span> <span class='ocrx_word' id='word_1_180' title='bbox 2623 1052 2930 1120; x_wconf 84' lang='grc' dir='ltr'><strong>ἀγνοουσῶν</strong></span> <span class='ocrx_word' id='word_1_181' title='bbox 2953 1053 3052 1120; x_wconf 81' lang='grc' dir='ltr'><strong>τῆς</strong></span> <span class='ocrx_word' id='word_1_182' title='bbox 3084 1051 3175 1103; x_wconf 84' lang='grc' dir='ltr'>ὑπ’</span> <span class='ocrx_word' id='word_1_183' title='bbox 3209 1049 3386 1102; x_wconf 82' lang='grc' dir='ltr'>αὐτῶν</span> <span class='ocrx_word' id='word_1_184' title='bbox 3410 1049 3652 1113; x_wconf 81' lang='grc' dir='ltr'><strong>δουλείας</strong></span> <span class='ocrx_word' id='word_1_185' title='bbox 3679 1051 3741 1100; x_wconf 73' lang='grc' dir='ltr'>τὸ</span> 
     </span>
    </p>
   </div>
   <div class='ocr_carea' id='block_1_27' title="bbox 2165 1141 3739 1215">
    <p class='ocr_par' dir='ltr' id='par_1_27' title="bbox 2165 1141 3739 1215">
     <span class='ocr_line' id='line_1_27' title="bbox 2165 1141 3739 1215; baseline -0.003 -17"><span class='ocrx_word' id='word_1_186' title='bbox 2165 1145 2388 1214; x_wconf 83' lang='grc' dir='ltr'><strong>μέτρον·</strong></span> <span class='ocrx_word' id='word_1_187' title='bbox 2412 1143 2823 1215; x_wconf 85' lang='grc' dir='ltr'>προσκυνούσης</span> <span class='ocrx_word' id='word_1_188' title='bbox 2845 1161 2903 1196; x_wconf 91' lang='grc' dir='ltr'>τε</span> <span class='ocrx_word' id='word_1_189' title='bbox 2930 1142 3078 1212; x_wconf 81' lang='grc' dir='ltr'>αὐτῷ</span> <span class='ocrx_word' id='word_1_190' title='bbox 3105 1141 3492 1205; x_wconf 83' lang='grc' dir='ltr'>κα“ιἘξο·.›σίας</span> <span class='ocrx_word' id='word_1_191' title='bbox 3518 1141 3739 1208; x_wconf 76' lang='grc' dir='ltr'>ἁπάσης</span> 
     </span>
    </p>
   </div>
   <div class='ocr_carea' id='block_1_28' title="bbox 2163 1231 3741 1304">
    <p class='ocr_par' dir='ltr' id='par_1_28' title="bbox 2163 1231 3741 1304">
     <span class='ocr_line' id='line_1_28' title="bbox 2163 1231 3741 1304; baseline -0.004 -16"><span class='ocrx_word' id='word_1_192' title='bbox 2163 1235 2455 1304; x_wconf 84' lang='grc' dir='ltr'><strong>Δυνάμεώς</strong></span> <span class='ocrx_word' id='word_1_193' title='bbox 2492 1252 2553 1288; x_wconf 87' lang='grc' dir='ltr'>τε</span> <span class='ocrx_word' id='word_1_194' title='bbox 2587 1235 2682 1288; x_wconf 72' lang='grc' dir='ltr'>καὶ</span> <span class='ocrx_word' id='word_1_195' title='bbox 2731 1233 3101 1304; x_wconf 71' lang='grc' dir='ltr'><strong>κυριότητοςο</strong></span> <span class='ocrx_word' id='word_1_196' title='bbox 3144 1251 3163 1284; x_wconf 74' lang='grc' dir='ltr'>ι</span> <span class='ocrx_word' id='word_1_197' title='bbox 3201 1233 3412 1303; x_wconf 76' lang='grc' dir='ltr'>κάμψει</span> <span class='ocrx_word' id='word_1_198' title='bbox 3446 1233 3554 1302; x_wconf 85' lang='grc' dir='ltr'><strong>γὰρ</strong></span> <span class='ocrx_word' id='word_1_199' title='bbox 3587 1231 3741 1301; x_wconf 85' lang='grc' dir='ltr'><strong>αὑτῷ</strong></span> 
     </span>
    </p>
   </div>
   <div class='ocr_carea' id='block_1_29' title="bbox 2162 1321 3738 1394">
    <p class='ocr_par' dir='ltr' id='par_1_29' title="bbox 2162 1321 3738 1394">
     <span class='ocr_line' id='line_1_29' title="bbox 2162 1321 3738 1394; baseline -0.003 -15"><span class='ocrx_word' id='word_1_200' title='bbox 2162 1329 2271 1380; x_wconf 85' lang='grc' dir='ltr'>πᾶν</span> <span class='ocrx_word' id='word_1_201' title='bbox 2310 1321 2460 1394; x_wconf 83' lang='grc' dir='ltr'>γόνυ,</span> <span class='ocrx_word' id='word_1_202' title='bbox 2519 1326 2614 1380; x_wconf 76' lang='grc' dir='ltr'>καὶ</span> <span class='ocrx_word' id='word_1_203' title='bbox 2661 1327 2809 1378; x_wconf 80' lang='grc' dir='ltr'>πᾶσα</span> <span class='ocrx_word' id='word_1_204' title='bbox 2849 1324 3071 1393; x_wconf 86' lang='grc' dir='ltr'>γλῶσσα</span> <span class='ocrx_word' id='word_1_205' title='bbox 3122 1323 3613 1393; x_wconf 82' lang='grc' dir='ltr'>ἐξομολογήσεται,</span> <span class='ocrx_word' id='word_1_206' title='bbox 3653 1324 3738 1375; x_wconf 73' lang='grc' dir='ltr'>ὅτι</span> 
     </span>
    </p>
   </div>
   <div class='ocr_carea' id='block_1_30' title="bbox 2164 1413 3738 1491">
    <p class='ocr_par' dir='ltr' id='par_1_30' title="bbox 2164 1413 3738 1491">
     <span class='ocr_line' id='line_1_30' title="bbox 2164 1413 3738 1491; baseline -0.004 -19"><span class='ocrx_word' id='word_1_207' title='bbox 2164 1421 2370 1491; x_wconf 82' lang='grc' dir='ltr'>Κύριος</span> <span class='ocrx_word' id='word_1_208' title='bbox 2384 1417 2609 1490; x_wconf 81' lang='grc' dir='ltr'>Ἰησοῦς,</span> <span class='ocrx_word' id='word_1_209' title='bbox 2635 1420 2715 1481; x_wconf 89' lang='grc' dir='ltr'>είς</span> <span class='ocrx_word' id='word_1_210' title='bbox 2743 1417 2899 1482; x_wconf 80' lang='grc' dir='ltr'>δόξαν</span> <span class='ocrx_word' id='word_1_211' title='bbox 2926 1415 3061 1469; x_wconf 88' lang='grc' dir='ltr'>Θεοῦ</span> <span class='ocrx_word' id='word_1_212' title='bbox 3085 1415 3525 1487; x_wconf 76' lang='grc' dir='ltr'><strong>Πατρός.›”Ηξει</strong></span> <span class='ocrx_word' id='word_1_213' title='bbox 3548 1413 3626 1479; x_wconf 84' lang='grc' dir='ltr'><strong>δὲ,</strong></span> <span class='ocrx_word' id='word_1_214' title='bbox 3661 1416 3738 1477; x_wconf 83' lang='grc' dir='ltr'><strong>ὡς</strong></span> 
     </span>
    </p>
   </div>
   <div class='ocr_carea' id='block_1_31' title="bbox 2163 1507 3739 1582">
    <p class='ocr_par' dir='ltr' id='par_1_31' title="bbox 2163 1507 3739 1582">
     <span class='ocr_line' id='line_1_31' title="bbox 2163 1507 3739 1582; baseline -0.003 -20"><span class='ocrx_word' id='word_1_215' title='bbox 2163 1510 2322 1582; x_wconf 76' lang='grc' dir='ltr'>ἔφην,</span> <span class='ocrx_word' id='word_1_216' title='bbox 2347 1513 2446 1564; x_wconf 83' lang='grc' dir='ltr'><strong>οὐκ</strong></span> <span class='ocrx_word' id='word_1_217' title='bbox 2473 1509 2530 1564; x_wconf 82' lang='grc' dir='ltr'>ἐν</span> <span class='ocrx_word' id='word_1_218' title='bbox 2556 1529 2619 1578; x_wconf 89' lang='grc' dir='ltr'>γε</span> <span class='ocrx_word' id='word_1_219' title='bbox 2643 1513 2710 1580; x_wconf 81' lang='grc' dir='ltr'>τῇ</span> <span class='ocrx_word' id='word_1_220' title='bbox 2744 1508 2865 1562; x_wconf 81' lang='grc' dir='ltr'>καθ’</span> <span class='ocrx_word' id='word_1_221' title='bbox 2902 1510 3050 1578; x_wconf 78' lang='grc' dir='ltr'><strong>ἡμᾶς</strong></span> <span class='ocrx_word' id='word_1_222' title='bbox 3085 1507 3530 1578; x_wconf 77' lang='grc' dir='ltr'>σμικροπρεπείᾳ</span> <span class='ocrx_word' id='word_1_223' title='bbox 3557 1507 3739 1576; x_wconf 76' lang='grc' dir='ltr'>φαινό·</span> 
     </span>
    </p>
   </div>
   <div class='ocr_carea' id='block_1_32' title="bbox 2169 1598 3739 1673">
    <p class='ocr_par' dir='ltr' id='par_1_32' title="bbox 2169 1598 3739 1673">
     <span class='ocr_line' id='line_1_32' title="bbox 2169 1598 3739 1673; baseline -0.004 -17"><span class='ocrx_word' id='word_1_224' title='bbox 2169 1620 2346 1673; x_wconf 89' lang='grc' dir='ltr'>μενος,</span> <span class='ocrx_word' id='word_1_225' title='bbox 2379 1604 2438 1654; x_wconf 92' lang='grc' dir='ltr'>ἐν</span> <span class='ocrx_word' id='word_1_226' title='bbox 2477 1601 2698 1672; x_wconf 79' lang='grc' dir='ltr'><strong>εὐκλείᾳ</strong></span> <span class='ocrx_word' id='word_1_227' title='bbox 2725 1601 2782 1652; x_wconf 82' lang='grc' dir='ltr'><strong>δέ</strong></span> <span class='ocrx_word' id='word_1_228' title='bbox 2823 1599 3024 1670; x_wconf 78' lang='grc' dir='ltr'>μᾶλλον</span> <span class='ocrx_word' id='word_1_229' title='bbox 3054 1602 3120 1671; x_wconf 77' lang='grc' dir='ltr'>τῇ</span> <span class='ocrx_word' id='word_1_230' title='bbox 3151 1598 3624 1669; x_wconf 84' lang='grc' dir='ltr'>θεοπρεπεστάτῃ,</span> <span class='ocrx_word' id='word_1_231' title='bbox 3651 1598 3739 1649; x_wconf 78' lang='lat' dir='ltr'><strong>6o-</strong></span> 
     </span>
    </p>
   </div>
   <div class='ocr_carea' id='block_1_33' title="bbox 2168 1689 3738 1765">
    <p class='ocr_par' dir='ltr' id='par_1_33' title="bbox 2168 1689 3738 1765">
     <span class='ocr_line' id='line_1_33' title="bbox 2168 1689 3738 1765; baseline -0.005 -17"><span class='ocrx_word' id='word_1_232' title='bbox 2168 1693 2530 1765; x_wconf 79' lang='grc' dir='ltr'>ρυφοροῦντος</span> <span class='ocrx_word' id='word_1_233' title='bbox 2562 1691 2795 1763; x_wconf 81' lang='grc' dir='ltr'><strong>οὐρανοῦ</strong></span> <span class='ocrx_word' id='word_1_234' title='bbox 2829 1692 2923 1745; x_wconf 71' lang='grc' dir='ltr'>καὶ</span> <span class='ocrx_word' id='word_1_235' title='bbox 2968 1692 3077 1744; x_wconf 79' lang='grc' dir='ltr'>τῶν</span> <span class='ocrx_word' id='word_1_236' title='bbox 3127 1693 3238 1746; x_wconf 86' lang='grc' dir='ltr'><strong>ἄνω</strong></span> <span class='ocrx_word' id='word_1_237' title='bbox 3291 1691 3613 1760; x_wconf 78' lang='grc' dir='ltr'><strong>πνευμάτων</strong></span> <span class='ocrx_word' id='word_1_238' title='bbox 3660 1689 3738 1752; x_wconf 84' lang='grc' dir='ltr'>ὡς</span> 
     </span>
    </p>
   </div>
   <div class='ocr_carea' id='block_1_34' title="bbox 486 1776 2056 1854">
    <p class='ocr_par' dir='ltr' id='par_1_34' title="bbox 486 1781 2056 1852">
     <span class='ocr_line' id='line_1_34' title="bbox 486 1781 2056 1852; baseline -0.004 -11"><span class='ocrx_word' id='word_1_239' title='bbox 486 1787 614 1841; x_wconf 83' lang='lat' dir='ltr'><strong>sede</strong></span> <span class='ocrx_word' id='word_1_240' title='bbox 655 1797 922 1852; x_wconf 63' lang='lat' dir='ltr'><strong>supremae</strong></span> <span class='ocrx_word' id='word_1_241' title='bbox 975 1781 1273 1836; x_wconf 85' lang='lat' dir='ltr'><strong>divinitatis</strong></span> <span class='ocrx_word' id='word_1_242' title='bbox 1317 1781 1672 1850; x_wconf 88' lang='lat' dir='ltr'><strong>conspicitur,</strong></span> <span class='ocrx_word' id='word_1_243' title='bbox 1703 1782 1851 1835; x_wconf 91' lang='lat' dir='ltr'><strong>velut</strong></span> <span class='ocrx_word' id='word_1_244' title='bbox 1897 1797 2056 1850; x_wconf 90' lang='lat' dir='ltr'><strong>quar-</strong></span> 
     </span>
    </p>
   </div>
   <div class='ocr_carea' id='block_1_35' title="bbox 2159 1776 3735 1854">
    <p class='ocr_par' dir='ltr' id='par_1_35' title="bbox 2161 1779 3735 1854">
     <span class='ocr_line' id='line_1_35' title="bbox 2161 1779 3735 1854; baseline -0.004 -17"><span class='ocrx_word' id='word_1_245' title='bbox 2161 1784 2280 1854; x_wconf 83' lang='grc' dir='ltr'>Θεῷ</span> <span class='ocrx_word' id='word_1_246' title='bbox 2311 1799 2368 1837; x_wconf 90' lang='grc' dir='ltr'>τε</span> <span class='ocrx_word' id='word_1_247' title='bbox 2396 1784 2489 1836; x_wconf 72' lang='grc' dir='ltr'><strong>καὶ</strong></span> <span class='ocrx_word' id='word_1_248' title='bbox 2517 1781 2754 1845; x_wconf 78' lang='grc' dir='ltr'><strong>Βασιλεῖ,</strong></span> <span class='ocrx_word' id='word_1_249' title='bbox 2785 1782 2877 1834; x_wconf 70' lang='grc' dir='ltr'>καὶ</span> <span class='ocrx_word' id='word_1_250' title='bbox 2904 1780 2983 1850; x_wconf 84' lang='grc' dir='ltr'>τῷ</span> <span class='ocrx_word' id='word_1_251' title='bbox 3011 1781 3119 1832; x_wconf 86' lang='grc' dir='ltr'>τῶν</span> <span class='ocrx_word' id='word_1_252' title='bbox 3147 1779 3285 1833; x_wconf 79' lang='grc' dir='ltr'>ὅλων</span> <span class='ocrx_word' id='word_1_253' title='bbox 3307 1781 3555 1851; x_wconf 80' lang='grc' dir='ltr'>Δεσπότῃ</span> <span class='ocrx_word' id='word_1_254' title='bbox 3587 1796 3735 1848; x_wconf 87' lang='grc' dir='ltr'>παρ-</span> 
     </span>
    </p>
   </div>
   <div class='ocr_carea' id='block_1_36' title="bbox 488 1873 2058 1941">
    <p class='ocr_par' dir='ltr' id='par_1_36' title="bbox 488 1873 2058 1941">
     <span class='ocr_line' id='line_1_36' title="bbox 488 1873 2058 1941; baseline -0.004 -8"><span class='ocrx_word' id='word_1_255' title='bbox 488 1889 575 1933; x_wconf 91' lang='lat' dir='ltr'><strong>tus</strong></span> <span class='ocrx_word' id='word_1_256' title='bbox 624 1877 778 1931; x_wconf 88' lang='lat' dir='ltr'><strong>nobis</strong></span> <span class='ocrx_word' id='word_1_257' title='bbox 835 1875 976 1928; x_wconf 90' lang='lat' dir='ltr'><strong>Deus</strong></span> <span class='ocrx_word' id='word_1_258' title='bbox 1013 1873 1232 1941; x_wconf 87' lang='lat' dir='ltr'><strong>quidam</strong></span> <span class='ocrx_word' id='word_1_259' title='bbox 1288 1886 1479 1926; x_wconf 85' lang='lat' dir='ltr'><strong>recens</strong></span> <span class='ocrx_word' id='word_1_260' title='bbox 1519 1880 1638 1941; x_wconf 88' lang='lat' dir='ltr'><strong>post</strong></span> <span class='ocrx_word' id='word_1_261' title='bbox 1662 1882 1906 1926; x_wconf 90' lang='lat' dir='ltr'><strong>sanctam</strong></span> <span class='ocrx_word' id='word_1_262' title='bbox 1938 1873 2058 1927; x_wconf 85' lang='lat' dir='ltr'><strong>Tri-</strong></span> 
     </span>
    </p>
   </div>
   <div class='ocr_carea' id='block_1_37' title="bbox 487 1963 2056 2033">
    <p class='ocr_par' dir='ltr' id='par_1_37' title="bbox 487 1963 2056 2033">
     <span class='ocr_line' id='line_1_37' title="bbox 487 1963 2056 2033; baseline -0.006 -8"><span class='ocrx_word' id='word_1_263' title='bbox 487 1971 708 2025; x_wconf 88' lang='lat' dir='ltr'><strong>nitatem</strong></span> <span class='ocrx_word' id='word_1_264' title='bbox 772 1963 1187 2022; x_wconf 82' lang='lat' dir='ltr'><strong>eﬂ‘ectus?Non</strong></span> <span class='ocrx_word' id='word_1_265' title='bbox 1257 1963 1445 2017; x_wconf 88' lang='lat' dir='ltr'><strong>horres</strong></span> <span class='ocrx_word' id='word_1_266' title='bbox 1519 1963 1701 2018; x_wconf 89' lang='lat' dir='ltr'><strong>dicere</strong></span> <span class='ocrx_word' id='word_1_267' title='bbox 1784 1963 2056 2033; x_wconf 80' lang='lat' dir='ltr'><strong>vulgarem</strong></span> 
     </span>
    </p>
   </div>
   <div class='ocr_carea' id='block_1_38' title="bbox 487 2053 2060 2126">
    <p class='ocr_par' dir='ltr' id='par_1_38' title="bbox 487 2053 2060 2126">
     <span class='ocr_line' id='line_1_38' title="bbox 487 2053 2060 2126; baseline -0.008 -8"><span class='ocrx_word' id='word_1_268' title='bbox 487 2062 781 2126; x_wconf 83' lang='lat' dir='ltr'><strong>hominem,</strong></span> <span class='ocrx_word' id='word_1_269' title='bbox 808 2067 1072 2114; x_wconf 78' lang='lat' dir='ltr'><strong>creaturae</strong></span> <span class='ocrx_word' id='word_1_270' title='bbox 1097 2055 1299 2110; x_wconf 90' lang='lat' dir='ltr'><strong>cultum</strong></span> <span class='ocrx_word' id='word_1_271' title='bbox 1327 2055 1686 2110; x_wconf 81' lang='lat' dir='ltr'><strong>exhibendum</strong></span> <span class='ocrx_word' id='word_1_272' title='bbox 1711 2053 2060 2124; x_wconf 82' lang='lat' dir='ltr'><strong>excogitans?</strong></span> 
     </span>
    </p>
   </div>
   <div class='ocr_carea' id='block_1_39' title="bbox 486 2145 2058 2222">
    <p class='ocr_par' dir='ltr' id='par_1_39' title="bbox 486 2145 2058 2222">
     <span class='ocr_line' id='line_1_39' title="bbox 486 2145 2058 2222; baseline -0.008 -12"><span class='ocrx_word' id='word_1_273' title='bbox 486 2152 704 2222; x_wconf 82' lang='lat' dir='ltr'><strong>Ergone</strong></span> <span class='ocrx_word' id='word_1_274' title='bbox 753 2148 1028 2205; x_wconf 86' lang='lat' dir='ltr'><strong>veteribus</strong></span> <span class='ocrx_word' id='word_1_275' title='bbox 1073 2147 1282 2217; x_wconf 78' lang='lat' dir='ltr'><strong>laqueis</strong></span> <span class='ocrx_word' id='word_1_276' title='bbox 1315 2147 1617 2201; x_wconf 89' lang='lat' dir='ltr'><strong>detinemur</strong></span> <span class='ocrx_word' id='word_1_277' title='bbox 1646 2146 1669 2199; x_wconf 88' lang='lat'><strong>?</strong></span> <span class='ocrx_word' id='word_1_278' title='bbox 1701 2161 1902 2215; x_wconf 90' lang='lat' dir='ltr'><strong>ergone</strong></span> <span class='ocrx_word' id='word_1_279' title='bbox 1949 2145 2058 2199; x_wconf 89' lang='lat' dir='ltr'><strong>Deo</strong></span> 
     </span>
    </p>
   </div>
   <div class='ocr_carea' id='block_1_40' title="bbox 486 2237 2059 2316">
    <p class='ocr_par' dir='ltr' id='par_1_40' title="bbox 486 2237 2059 2316">
     <span class='ocr_line' id='line_1_40' title="bbox 486 2237 2059 2316; baseline -0.006 -17"><span class='ocrx_word' id='word_1_280' title='bbox 486 2244 736 2316; x_wconf 86' lang='lat' dir='ltr'><strong>injuriam</strong></span> <span class='ocrx_word' id='word_1_281' title='bbox 785 2241 968 2296; x_wconf 87' lang='lat' dir='ltr'><strong>intulit</strong></span> <span class='ocrx_word' id='word_1_282' title='bbox 1018 2249 1072 2294; x_wconf 89' lang='lat' dir='ltr'><strong>et</strong></span> <span class='ocrx_word' id='word_1_283' title='bbox 1121 2239 1401 2294; x_wconf 89' lang='lat' dir='ltr'><strong>nobiscum</strong></span> <span class='ocrx_word' id='word_1_284' title='bbox 1451 2252 1637 2292; x_wconf 90' lang='lat' dir='ltr'><strong>errore</strong></span> <span class='ocrx_word' id='word_1_285' title='bbox 1692 2237 1917 2292; x_wconf 88' lang='lat' dir='ltr'><strong>seducta</strong></span> <span class='ocrx_word' id='word_1_286' title='bbox 1972 2244 2059 2290; x_wconf 87' lang='lat' dir='ltr'><strong>est</strong></span> 
     </span>
    </p>
   </div>
   <div class='ocr_carea' id='block_1_41' title="bbox 483 2326 2055 2397">
    <p class='ocr_par' dir='ltr' id='par_1_41' title="bbox 483 2326 2055 2397">
     <span class='ocr_line' id='line_1_41' title="bbox 483 2326 2055 2397; baseline -0.005 -7"><span class='ocrx_word' id='word_1_287' title='bbox 483 2344 664 2390; x_wconf 80' lang='lat' dir='ltr'><strong>sancta</strong></span> <span class='ocrx_word' id='word_1_288' title='bbox 713 2333 800 2388; x_wconf 92' lang='lat' dir='ltr'><strong>illa</strong></span> <span class='ocrx_word' id='word_1_289' title='bbox 864 2329 1153 2385; x_wconf 89' lang='lat' dir='ltr'><strong>multitudo</strong></span> <span class='ocrx_word' id='word_1_290' title='bbox 1203 2342 1556 2396; x_wconf 85' lang='lat' dir='ltr'><strong>supernorum</strong></span> <span class='ocrx_word' id='word_1_291' title='bbox 1617 2327 1958 2397; x_wconf 87' lang='lat' dir='ltr'><strong>spirituum?</strong></span> <span class='ocrx_word' id='word_1_292' title='bbox 1997 2326 2055 2382; x_wconf 83' lang='lat' dir='ltr'><strong>Si</strong></span> 
     </span>
    </p>
   </div>
   <div class='ocr_carea' id='block_1_42' title="bbox 487 2419 2060 2488">
    <p class='ocr_par' dir='ltr' id='par_1_42' title="bbox 487 2419 2060 2488">
     <span class='ocr_line' id='line_1_42' title="bbox 487 2419 2060 2488; baseline -0.003 -8"><span class='ocrx_word' id='word_1_293' title='bbox 487 2428 653 2482; x_wconf 68' lang='lat' dir='ltr'><strong>veteri</strong></span> <span class='ocrx_word' id='word_1_294' title='bbox 705 2439 892 2480; x_wconf 89' lang='lat' dir='ltr'><strong>errore</strong></span> <span class='ocrx_word' id='word_1_295' title='bbox 945 2421 1156 2477; x_wconf 85' lang='lat' dir='ltr'><strong>liberati</strong></span> <span class='ocrx_word' id='word_1_296' title='bbox 1213 2435 1399 2474; x_wconf 91' lang='lat' dir='ltr'><strong>sumus</strong></span> <span class='ocrx_word' id='word_1_297' title='bbox 1445 2420 1502 2473; x_wconf 90' lang='lat' dir='ltr'><strong>in</strong></span> <span class='ocrx_word' id='word_1_298' title='bbox 1557 2435 1624 2473; x_wconf 88' lang='lat' dir='ltr'><strong>eo</strong></span> <span class='ocrx_word' id='word_1_299' title='bbox 1671 2419 1813 2488; x_wconf 87' lang='lat' dir='ltr'><strong>quod</strong></span> <span class='ocrx_word' id='word_1_300' title='bbox 1851 2421 2060 2476; x_wconf 86' lang='lat' dir='ltr'><strong>servire</strong></span> 
     </span>
    </p>
   </div>
   <div class='ocr_carea' id='block_1_43' title="bbox 485 2509 2060 2582">
    <p class='ocr_par' dir='ltr' id='par_1_43' title="bbox 485 2509 2060 2582">
     <span class='ocr_line' id='line_1_43' title="bbox 485 2509 2060 2582; baseline -0.005 -11"><span class='ocrx_word' id='word_1_301' title='bbox 485 2527 750 2572; x_wconf 74' lang='lat' dir='ltr'><strong>creatura:</strong></span> <span class='ocrx_word' id='word_1_302' title='bbox 782 2523 1036 2582; x_wconf 89' lang='lat' dir='ltr'><strong>tanquam</strong></span> <span class='ocrx_word' id='word_1_303' title='bbox 1097 2524 1209 2564; x_wconf 84' lang='lat' dir='ltr'><strong>rem</strong></span> <span class='ocrx_word' id='word_1_304' title='bbox 1267 2509 1486 2578; x_wconf 88' lang='lat' dir='ltr'><strong>impiam</strong></span> <span class='ocrx_word' id='word_1_305' title='bbox 1523 2509 1910 2575; x_wconf 85' lang='lat' dir='ltr'><strong>recusavimus,</strong></span> <span class='ocrx_word' id='word_1_306' title='bbox 1961 2524 2060 2566; x_wconf 94' lang='lat' dir='ltr'><strong>cur</strong></span> 
     </span>
    </p>
   </div>
   <div class='ocr_carea' id='block_1_44' title="bbox 488 2598 2054 2667">
    <p class='ocr_par' dir='ltr' id='par_1_44' title="bbox 488 2598 2054 2667">
     <span class='ocr_line' id='line_1_44' title="bbox 488 2598 2054 2667; baseline -0.003 -7"><span class='ocrx_word' id='word_1_307' title='bbox 488 2621 584 2660; x_wconf 87' lang='lat' dir='ltr'><strong>nos</strong></span> <span class='ocrx_word' id='word_1_308' title='bbox 629 2605 682 2657; x_wconf 93' lang='lat' dir='ltr'><strong>in</strong></span> <span class='ocrx_word' id='word_1_309' title='bbox 718 2611 898 2656; x_wconf 84' lang='lat' dir='ltr'><strong>vetera</strong></span> <span class='ocrx_word' id='word_1_310' title='bbox 941 2600 1168 2656; x_wconf 90' lang='lat' dir='ltr'><strong>crimina</strong></span> <span class='ocrx_word' id='word_1_311' title='bbox 1213 2598 1455 2667; x_wconf 82' lang='lat' dir='ltr'><strong>conjicis,</strong></span> <span class='ocrx_word' id='word_1_312' title='bbox 1488 2608 1544 2654; x_wconf 91' lang='lat' dir='ltr'><strong>et</strong></span> <span class='ocrx_word' id='word_1_313' title='bbox 1569 2599 2054 2656; x_wconf 78' lang='lat' dir='ltr'><strong>elﬁcishominico-</strong></span> 
     </span>
    </p>
   </div>
   <div class='ocr_carea' id='block_1_45' title="bbox 487 2689 2058 2753">
    <p class='ocr_par' dir='ltr' id='par_1_45' title="bbox 487 2689 2058 2753">
     <span class='ocr_line' id='line_1_45' title="bbox 487 2689 2058 2753; baseline -0.002 -3"><span class='ocrx_word' id='word_1_314' title='bbox 487 2697 602 2753; x_wconf 83' lang='lat' dir='ltr'><strong>las?</strong></span> <span class='ocrx_word' id='word_1_315' title='bbox 623 2696 731 2751; x_wconf 87' lang='lat' dir='ltr'><strong>Nos</strong></span> <span class='ocrx_word' id='word_1_316' title='bbox 754 2696 898 2750; x_wconf 91' lang='lat' dir='ltr'><strong>cnim</strong></span> <span class='ocrx_word' id='word_1_317' title='bbox 923 2694 1124 2748; x_wconf 86' lang='lat' dir='ltr'><strong>scimus</strong></span> <span class='ocrx_word' id='word_1_318' title='bbox 1151 2702 1203 2746; x_wconf 92' lang='lat' dir='ltr'><strong>et</strong></span> <span class='ocrx_word' id='word_1_319' title='bbox 1221 2692 1492 2747; x_wconf 88' lang='lat' dir='ltr'><strong>credimus</strong></span> <span class='ocrx_word' id='word_1_320' title='bbox 1513 2691 1642 2747; x_wconf 89' lang='lat' dir='ltr'><strong>illud</strong></span> <span class='ocrx_word' id='word_1_321' title='bbox 1671 2705 1736 2746; x_wconf 80' lang='lat' dir='ltr'><strong>ex</strong></span> <span class='ocrx_word' id='word_1_322' title='bbox 1762 2692 1871 2747; x_wconf 90' lang='lat' dir='ltr'><strong>Deo</strong></span> <span class='ocrx_word' id='word_1_323' title='bbox 1896 2689 2058 2747; x_wconf 90' lang='lat' dir='ltr'><strong>Patre</strong></span> 
     </span>
    </p>
   </div>
   <div class='ocr_carea' id='block_1_46' title="bbox 489 2782 2056 2852">
    <p class='ocr_par' dir='ltr' id='par_1_46' title="bbox 489 2782 2056 2852">
     <span class='ocr_line' id='line_1_46' title="bbox 489 2782 2056 2852; baseline -0.004 -9"><span class='ocrx_word' id='word_1_324' title='bbox 489 2788 718 2843; x_wconf 84' lang='lat' dir='ltr'><strong>Verbum</strong></span> <span class='ocrx_word' id='word_1_325' title='bbox 776 2800 990 2840; x_wconf 85' lang='lat' dir='ltr'><strong>carnem</strong></span> <span class='ocrx_word' id='word_1_326' title='bbox 1051 2795 1106 2838; x_wconf 92' lang='lat' dir='ltr'><strong>et</strong></span> <span class='ocrx_word' id='word_1_327' title='bbox 1151 2782 1470 2852; x_wconf 83' lang='lat' dir='ltr'><strong>sanguinem</strong></span> <span class='ocrx_word' id='word_1_328' title='bbox 1504 2782 1873 2851; x_wconf 85' lang='lat' dir='ltr'><strong>assumpsisse</strong></span> <span class='ocrx_word' id='word_1_329' title='bbox 1908 2799 1922 2836; x_wconf 90' lang='lat'><strong>:</strong></span> <span class='ocrx_word' id='word_1_330' title='bbox 1959 2785 2056 2838; x_wconf 84' lang='lat' dir='ltr'><strong>sed</strong></span> 
     </span>
    </p>
   </div>
   <div class='ocr_carea' id='block_1_47' title="bbox 485 2874 2056 2950">
    <p class='ocr_par' dir='ltr' id='par_1_47' title="bbox 485 2874 2056 2950">
     <span class='ocr_line' id='line_1_47' title="bbox 485 2874 2056 2950; baseline -0.003 -17"><span class='ocrx_word' id='word_1_331' title='bbox 485 2881 610 2950; x_wconf 82' lang='lat' dir='ltr'><strong>quia</strong></span> <span class='ocrx_word' id='word_1_332' title='bbox 665 2878 963 2949; x_wconf 89' lang='lat' dir='ltr'><strong>permansit</strong></span> <span class='ocrx_word' id='word_1_333' title='bbox 1017 2875 1180 2937; x_wconf 87' lang='lat' dir='ltr'><strong>idem,</strong></span> <span class='ocrx_word' id='word_1_334' title='bbox 1231 2889 1424 2943; x_wconf 86' lang='lat' dir='ltr'><strong>nempe</strong></span> <span class='ocrx_word' id='word_1_335' title='bbox 1477 2874 1638 2938; x_wconf 86' lang='lat' dir='ltr'><strong>Deus,</strong></span> <span class='ocrx_word' id='word_1_336' title='bbox 1687 2886 1839 2927; x_wconf 87' lang='lat' dir='ltr'><strong>suam</strong></span> <span class='ocrx_word' id='word_1_337' title='bbox 1893 2889 2056 2944; x_wconf 89' lang='lat' dir='ltr'><strong>supra</strong></span> 
     </span>
    </p>
   </div>
   <div class='ocr_carea' id='block_1_48' title="bbox 483 2966 2055 3036">
    <p class='ocr_par' dir='ltr' id='par_1_48' title="bbox 483 2966 2055 3036">
     <span class='ocr_line' id='line_1_48' title="bbox 483 2966 2055 3036; baseline -0.005 -8"><span class='ocrx_word' id='word_1_338' title='bbox 483 2973 662 3028; x_wconf 87' lang='lat' dir='ltr'><strong>omnia</strong></span> <span class='ocrx_word' id='word_1_339' title='bbox 693 2968 1206 3025; x_wconf 79' lang='lat' dir='ltr'><strong>excellentissimam</strong></span> <span class='ocrx_word' id='word_1_340' title='bbox 1257 2966 1572 3036; x_wconf 84' lang='lat' dir='ltr'><strong>dignitatem</strong></span> <span class='ocrx_word' id='word_1_341' title='bbox 1618 2967 1854 3020; x_wconf 87' lang='lat' dir='ltr'><strong>servavit</strong></span> <span class='ocrx_word' id='word_1_342' title='bbox 1891 2967 2055 3021; x_wconf 88' lang='lat' dir='ltr'><strong>etiam</strong></span> 
     </span>
    </p>
   </div>
   <div class='ocr_carea' id='block_1_49' title="bbox 483 3055 2055 3133">
    <p class='ocr_par' dir='ltr' id='par_1_49' title="bbox 483 3055 2055 3133">
     <span class='ocr_line' id='line_1_49' title="bbox 483 3055 2055 3133; baseline -0.005 -14"><span class='ocrx_word' id='word_1_343' title='bbox 483 3079 604 3118; x_wconf 90' lang='lat' dir='ltr'><strong>cum</strong></span> <span class='ocrx_word' id='word_1_344' title='bbox 624 3062 846 3133; x_wconf 87' lang='lat' dir='ltr'><strong>perinde</strong></span> <span class='ocrx_word' id='word_1_345' title='bbox 866 3075 929 3112; x_wconf 90' lang='lat' dir='ltr'><strong>ac</strong></span> <span class='ocrx_word' id='word_1_346' title='bbox 960 3073 1060 3114; x_wconf 88' lang='lat' dir='ltr'><strong>nos</strong></span> <span class='ocrx_word' id='word_1_347' title='bbox 1107 3065 1255 3132; x_wconf 82' lang='lat' dir='ltr'><strong>esset</strong></span> <span class='ocrx_word' id='word_1_348' title='bbox 1298 3055 1354 3110; x_wconf 88' lang='lat' dir='ltr'><strong>in</strong></span> <span class='ocrx_word' id='word_1_349' title='bbox 1401 3071 1586 3113; x_wconf 91' lang='lat' dir='ltr'><strong>carne.</strong></span> <span class='ocrx_word' id='word_1_350' title='bbox 1636 3055 1807 3112; x_wconf 91' lang='lat' dir='ltr'><strong>Porro</strong></span> <span class='ocrx_word' id='word_1_351' title='bbox 1830 3073 1952 3112; x_wconf 90' lang='lat' dir='ltr'><strong>cum</strong></span> <span class='ocrx_word' id='word_1_352' title='bbox 1985 3058 2055 3112; x_wconf 84' lang='lat' dir='ltr'><strong>sit</strong></span> 
     </span>
    </p>
   </div>
   <div class='ocr_carea' id='block_1_50' title="bbox 485 3147 2053 3217">
    <p class='ocr_par' dir='ltr' id='par_1_50' title="bbox 485 3147 2053 3217">
     <span class='ocr_line' id='line_1_50' title="bbox 485 3147 2053 3217; baseline -0.006 -7"><span class='ocrx_word' id='word_1_353' title='bbox 485 3157 625 3211; x_wconf 89' lang='lat' dir='ltr'><strong>Deus</strong></span> <span class='ocrx_word' id='word_1_354' title='bbox 683 3150 1034 3206; x_wconf 85' lang='lat' dir='ltr'><strong>nihilominus</strong></span> <span class='ocrx_word' id='word_1_355' title='bbox 1063 3150 1164 3202; x_wconf 92' lang='lat' dir='ltr'><strong>hoc</strong></span> <span class='ocrx_word' id='word_1_356' title='bbox 1195 3157 1435 3216; x_wconf 86' lang='lat' dir='ltr'><strong>tempore</strong></span> <span class='ocrx_word' id='word_1_357' title='bbox 1492 3162 1654 3217; x_wconf 88' lang='lat' dir='ltr'><strong>quam</strong></span> <span class='ocrx_word' id='word_1_358' title='bbox 1690 3147 1856 3203; x_wconf 80' lang='lat' dir='ltr'><strong>fuerit</strong></span> <span class='ocrx_word' id='word_1_359' title='bbox 1901 3149 2053 3216; x_wconf 88' lang='lat' dir='ltr'><strong>olim,</strong></span> 
     </span>
    </p>
   </div>
   <div class='ocr_carea' id='block_1_51' title="bbox 484 3239 2054 3317">
    <p class='ocr_par' dir='ltr' id='par_1_51' title="bbox 484 3239 2054 3317">
     <span class='ocr_line' id='line_1_51' title="bbox 484 3239 2054 3317; baseline -0.003 -19"><span class='ocrx_word' id='word_1_360' title='bbox 484 3246 732 3317; x_wconf 87' lang='lat' dir='ltr'><strong>quamvis</strong></span> <span class='ocrx_word' id='word_1_361' title='bbox 779 3245 940 3297; x_wconf 89' lang='lat' dir='ltr'><strong>homo</strong></span> <span class='ocrx_word' id='word_1_362' title='bbox 993 3240 1192 3302; x_wconf 81' lang='lat' dir='ltr'><strong>factus,</strong></span> <span class='ocrx_word' id='word_1_363' title='bbox 1227 3247 1406 3293; x_wconf 86' lang='lat' dir='ltr'><strong>tamen</strong></span> <span class='ocrx_word' id='word_1_364' title='bbox 1440 3239 1684 3294; x_wconf 88' lang='lat' dir='ltr'><strong>serviens</strong></span> <span class='ocrx_word' id='word_1_365' title='bbox 1712 3240 1815 3294; x_wconf 84' lang='lat' dir='ltr'><strong>sibi</strong></span> <span class='ocrx_word' id='word_1_366' title='bbox 1856 3242 2054 3294; x_wconf 73' lang='lat' dir='ltr'><strong>cmlum</strong></span> 
     </span>
    </p>
   </div>
   <div class='ocr_carea' id='block_1_52' title="bbox 486 3331 2053 3402">
    <p class='ocr_par' dir='ltr' id='par_1_52' title="bbox 486 3331 2053 3402">
     <span class='ocr_line' id='line_1_52' title="bbox 486 3331 2053 3402; baseline -0.004 -12"><span class='ocrx_word' id='word_1_367' title='bbox 486 3337 670 3401; x_wconf 81' lang='lat' dir='ltr'><strong>habet,</strong></span> <span class='ocrx_word' id='word_1_368' title='bbox 708 3335 1140 3402; x_wconf 85' lang='lat' dir='ltr'><strong>adorantemque</strong></span> <span class='ocrx_word' id='word_1_369' title='bbox 1169 3342 1370 3385; x_wconf 85' lang='lat' dir='ltr'><strong>terram</strong></span> <span class='ocrx_word' id='word_1_370' title='bbox 1397 3348 1414 3398; x_wconf 87' lang='lat'><strong>;</strong></span> <span class='ocrx_word' id='word_1_371' title='bbox 1443 3331 1716 3400; x_wconf 77' lang='lat' dir='ltr'><strong>scriptum</strong></span> <span class='ocrx_word' id='word_1_372' title='bbox 1748 3341 1833 3386; x_wconf 91' lang='lat' dir='ltr'><strong>est</strong></span> <span class='ocrx_word' id='word_1_373' title='bbox 1859 3333 2001 3386; x_wconf 91' lang='lat' dir='ltr'><strong>enim</strong></span> <span class='ocrx_word' id='word_1_374' title='bbox 2039 3350 2053 3385; x_wconf 84' lang='lat'><strong>:</strong></span> 
     </span>
    </p>
   </div>
   <div class='ocr_carea' id='block_1_53' title="bbox 491 3420 2058 3490">
    <p class='ocr_par' dir='ltr' id='par_1_53' title="bbox 491 3420 2058 3490">
     <span class='ocr_line' id='line_1_53' title="bbox 491 3420 2058 3490; baseline -0.001 -12"><span class='ocrx_word' id='word_1_375' title='bbox 491 3443 511 3478; x_wconf 71' lang='grc' dir='ltr'>ι</span> <span class='ocrx_word' id='word_1_376' title='bbox 545 3423 728 3479; x_wconf 88' lang='lat' dir='ltr'><strong>Laude</strong></span> <span class='ocrx_word' id='word_1_377' title='bbox 783 3421 1000 3477; x_wconf 90' lang='lat' dir='ltr'><strong>Domini</strong></span> <span class='ocrx_word' id='word_1_378' title='bbox 1033 3420 1193 3490; x_wconf 84' lang='lat' dir='ltr'><strong>plena</strong></span> <span class='ocrx_word' id='word_1_379' title='bbox 1249 3429 1332 3477; x_wconf 86' lang='lat' dir='ltr'><strong>est</strong></span> <span class='ocrx_word' id='word_1_380' title='bbox 1385 3429 1579 3486; x_wconf 89' lang='lat' dir='ltr'><strong>terra;</strong></span> <span class='ocrx_word' id='word_1_381' title='bbox 1617 3421 1834 3490; x_wconf 90' lang='lat' dir='ltr'><strong>operuit</strong></span> <span class='ocrx_word' id='word_1_382' title='bbox 1888 3421 2058 3476; x_wconf 71' lang='lat' dir='ltr'><strong>caelos</strong></span> 
     </span>
    </p>
   </div>
   <div class='ocr_carea' id='block_1_54' title="bbox 486 3510 2056 3587">
    <p class='ocr_par' dir='ltr' id='par_1_54' title="bbox 486 3510 2056 3587">
     <span class='ocr_line' id='line_1_54' title="bbox 486 3510 2056 3587; baseline -0.001 -17"><span class='ocrx_word' id='word_1_383' title='bbox 486 3517 654 3587; x_wconf 80' lang='lat' dir='ltr'><strong>gloria</strong></span> <span class='ocrx_word' id='word_1_384' title='bbox 693 3526 804 3581; x_wconf 86' lang='lat' dir='ltr'><strong>tua,</strong></span> <span class='ocrx_word' id='word_1_385' title='bbox 843 3514 1068 3569; x_wconf 89' lang='lat' dir='ltr'><strong>Domine</strong></span> <span class='ocrx_word' id='word_1_386' title='bbox 1101 3514 1166 3565; x_wconf 73' lang='grc' dir='ltr'><strong>η.</strong></span> <span class='ocrx_word' id='word_1_387' title='bbox 1205 3531 1225 3564; x_wconf 73' lang='grc' dir='ltr'>ι</span> <span class='ocrx_word' id='word_1_388' title='bbox 1266 3510 1348 3567; x_wconf 84' lang='grc' dir='ltr'>Τυ</span> <span class='ocrx_word' id='word_1_389' title='bbox 1377 3527 1508 3568; x_wconf 92' lang='lat' dir='ltr'><strong>vero</strong></span> <span class='ocrx_word' id='word_1_390' title='bbox 1539 3525 1570 3568; x_wconf 93' lang='lat' dir='ltr'><strong>e</strong></span> <span class='ocrx_word' id='word_1_391' title='bbox 1625 3513 1898 3568; x_wconf 87' lang='lat' dir='ltr'><strong>contrario</strong></span> <span class='ocrx_word' id='word_1_392' title='bbox 1930 3529 2056 3569; x_wconf 90' lang='lat' dir='ltr'><strong>eum</strong></span> 
     </span>
    </p>
   </div>
   <div class='ocr_carea' id='block_1_55' title="bbox 487 3601 2056 3676">
    <p class='ocr_par' dir='ltr' id='par_1_55' title="bbox 487 3601 2056 3676">
     <span class='ocr_line' id='line_1_55' title="bbox 487 3601 2056 3676; baseline -0.003 -15"><span class='ocrx_word' id='word_1_393' title='bbox 487 3609 579 3676; x_wconf 91' lang='lat' dir='ltr'><strong>qui</strong></span> <span class='ocrx_word' id='word_1_394' title='bbox 633 3614 780 3660; x_wconf 89' lang='lat' dir='ltr'><strong>tanta</strong></span> <span class='ocrx_word' id='word_1_395' title='bbox 809 3613 898 3658; x_wconf 82' lang='lat' dir='ltr'><strong>est.</strong></span> <span class='ocrx_word' id='word_1_396' title='bbox 941 3611 995 3659; x_wconf 90' lang='lat' dir='ltr'><strong>et</strong></span> <span class='ocrx_word' id='word_1_397' title='bbox 1029 3611 1239 3657; x_wconf 73' lang='lat' dir='ltr'><strong>naturae</strong></span> <span class='ocrx_word' id='word_1_398' title='bbox 1271 3611 1326 3657; x_wconf 89' lang='lat' dir='ltr'><strong>et</strong></span> <span class='ocrx_word' id='word_1_399' title='bbox 1359 3601 1546 3671; x_wconf 74' lang='lat' dir='ltr'><strong>gloria:</strong></span> <span class='ocrx_word' id='word_1_400' title='bbox 1585 3601 1956 3671; x_wconf 86' lang='lat' dir='ltr'><strong>amplitudine,</strong></span> <span class='ocrx_word' id='word_1_401' title='bbox 1989 3617 2056 3656; x_wconf 76' lang='lat' dir='ltr'><strong>ex</strong></span> 
     </span>
    </p>
   </div>
   <div class='ocr_carea' id='block_1_56' title="bbox 485 3692 2058 3760">
    <p class='ocr_par' dir='ltr' id='par_1_56' title="bbox 485 3692 2058 3760">
     <span class='ocr_line' id='line_1_56' title="bbox 485 3692 2058 3760; baseline -0.003 -8"><span class='ocrx_word' id='word_1_402' title='bbox 485 3698 652 3753; x_wconf 89' lang='lat' dir='ltr'><strong>nimia</strong></span> <span class='ocrx_word' id='word_1_403' title='bbox 703 3696 918 3751; x_wconf 84' lang='lat' dir='ltr'><strong>inscitia</strong></span> <span class='ocrx_word' id='word_1_404' title='bbox 973 3708 1084 3749; x_wconf 92' lang='lat' dir='ltr'><strong>non</strong></span> <span class='ocrx_word' id='word_1_405' title='bbox 1143 3694 1329 3758; x_wconf 84' lang='lat' dir='ltr'><strong>vides;</strong></span> <span class='ocrx_word' id='word_1_406' title='bbox 1359 3694 1544 3748; x_wconf 77' lang='lat' dir='ltr'><strong>dixisti</strong></span> <span class='ocrx_word' id='word_1_407' title='bbox 1582 3695 1724 3749; x_wconf 91' lang='lat' dir='ltr'><strong>enim</strong></span> <span class='ocrx_word' id='word_1_408' title='bbox 1762 3692 1935 3760; x_wconf 85' lang='lat' dir='ltr'><strong>:Quis</strong></span> <span class='ocrx_word' id='word_1_409' title='bbox 1973 3704 2058 3750; x_wconf 87' lang='lat' dir='ltr'><strong>est</strong></span> 
     </span>
    </p>
   </div>
   <div class='ocr_carea' id='block_1_57' title="bbox 398 3784 2056 3859">
    <p class='ocr_par' dir='ltr' id='par_1_57' title="bbox 398 3784 2056 3859">
     <span class='ocr_line' id='line_1_57' title="bbox 398 3784 2056 3859; baseline -0.002 -16"><span class='ocrx_word' id='word_1_410' title='bbox 398 3789 405 3797; x_wconf 83' lang='lat'>&#39;</span> <span class='ocrx_word' id='word_1_411' title='bbox 485 3790 576 3859; x_wconf 92' lang='lat' dir='ltr'><strong>qui</strong></span> <span class='ocrx_word' id='word_1_412' title='bbox 616 3789 765 3843; x_wconf 91' lang='lat' dir='ltr'><strong>venit</strong></span> <span class='ocrx_word' id='word_1_413' title='bbox 792 3787 815 3840; x_wconf 84' lang='lat'><strong>?</strong></span> <span class='ocrx_word' id='word_1_414' title='bbox 847 3805 865 3838; x_wconf 82' lang='grc' dir='ltr'>ι</span> <span class='ocrx_word' id='word_1_415' title='bbox 892 3785 1160 3840; x_wconf 83' lang='lat' dir='ltr'><strong>Videbunt</strong></span> <span class='ocrx_word' id='word_1_416' title='bbox 1187 3784 1379 3840; x_wconf 89' lang='lat' dir='ltr'><strong>Filium</strong></span> <span class='ocrx_word' id='word_1_417' title='bbox 1407 3785 1642 3840; x_wconf 90' lang='lat' dir='ltr'><strong>hominis</strong></span> <span class='ocrx_word' id='word_1_418' title='bbox 1668 3787 1969 3840; x_wconf 86' lang='lat' dir='ltr'><strong>venientem</strong></span> <span class='ocrx_word' id='word_1_419' title='bbox 2003 3785 2056 3840; x_wconf 84' lang='lat' dir='ltr'><strong>in</strong></span> 
     </span>
    </p>
   </div>
   <div class='ocr_carea' id='block_1_58' title="bbox 486 3880 2088 3949">
    <p class='ocr_par' dir='ltr' id='par_1_58' title="bbox 486 3880 2088 3949">
     <span class='ocr_line' id='line_1_58' title="bbox 486 3880 2088 3949; baseline -0.003 -12"><span class='ocrx_word' id='word_1_420' title='bbox 486 3882 720 3937; x_wconf 90' lang='lat' dir='ltr'><strong>nubibus</strong></span> <span class='ocrx_word' id='word_1_421' title='bbox 743 3880 865 3935; x_wconf 39' lang='lat' dir='ltr'><strong>cabli</strong></span> <span class='ocrx_word' id='word_1_422' title='bbox 894 3881 987 3945; x_wconf 77' lang='lat'><strong>&quot;;</strong></span> <span class='ocrx_word' id='word_1_423' title='bbox 1035 3899 1056 3932; x_wconf 72' lang='grc' dir='ltr'>ι</span> <span class='ocrx_word' id='word_1_424' title='bbox 1117 3888 1372 3948; x_wconf 87' lang='lat' dir='ltr'><strong>tanquam</strong></span> <span class='ocrx_word' id='word_1_425' title='bbox 1424 3880 1633 3935; x_wconf 89' lang='lat' dir='ltr'><strong>scilicet</strong></span> <span class='ocrx_word' id='word_1_426' title='bbox 1696 3891 1942 3934; x_wconf 89' lang='lat' dir='ltr'><strong>metuens</strong></span> <span class='ocrx_word' id='word_1_427' title='bbox 1989 3894 2088 3949; x_wconf 54' lang='lat' dir='ltr'><strong>ne.</strong></span> 
     </span>
    </p>
   </div>
   <div class='ocr_carea' id='block_1_59' title="bbox 484 3969 2057 4043">
    <p class='ocr_par' dir='ltr' id='par_1_59' title="bbox 484 3969 2057 4043">
     <span class='ocr_line' id='line_1_59' title="bbox 484 3969 2057 4043; baseline -0.001 -17"><span class='ocrx_word' id='word_1_428' title='bbox 484 3973 606 4043; x_wconf 91' lang='lat' dir='ltr'><strong>quis</strong></span> <span class='ocrx_word' id='word_1_429' title='bbox 653 3971 922 4028; x_wconf 80' lang='lat' dir='ltr'><strong>diﬂideret</strong></span> <span class='ocrx_word' id='word_1_430' title='bbox 985 3970 1184 4026; x_wconf 90' lang='lat' dir='ltr'><strong>dicenti</strong></span> <span class='ocrx_word' id='word_1_431' title='bbox 1224 3969 1422 4025; x_wconf 86' lang='lat' dir='ltr'><strong>Filium</strong></span> <span class='ocrx_word' id='word_1_432' title='bbox 1476 3970 1712 4026; x_wconf 89' lang='lat' dir='ltr'><strong>hominis</strong></span> <span class='ocrx_word' id='word_1_433' title='bbox 1765 3986 1889 4025; x_wconf 89' lang='lat' dir='ltr'><strong>eum</strong></span> <span class='ocrx_word' id='word_1_434' title='bbox 1936 3985 2057 4025; x_wconf 87' lang='lat' dir='ltr'><strong>esse</strong></span> 
     </span>
    </p>
   </div>
   <div class='ocr_carea' id='block_1_60' title="bbox 484 4063 2060 4136">
    <p class='ocr_par' dir='ltr' id='par_1_60' title="bbox 484 4063 2060 4136">
     <span class='ocr_line' id='line_1_60' title="bbox 484 4063 2060 4136; baseline -0.003 -17"><span class='ocrx_word' id='word_1_435' title='bbox 484 4065 576 4136; x_wconf 90' lang='lat' dir='ltr'><strong>qui</strong></span> <span class='ocrx_word' id='word_1_436' title='bbox 604 4064 784 4130; x_wconf 89' lang='lat' dir='ltr'><strong>venit,</strong></span> <span class='ocrx_word' id='word_1_437' title='bbox 815 4075 868 4119; x_wconf 90' lang='lat' dir='ltr'><strong>et</strong></span> <span class='ocrx_word' id='word_1_438' title='bbox 890 4064 1204 4134; x_wconf 84' lang='lat' dir='ltr'><strong>prophetico</strong></span> <span class='ocrx_word' id='word_1_439' title='bbox 1234 4063 1544 4119; x_wconf 89' lang='lat' dir='ltr'><strong>testimonio</strong></span> <span class='ocrx_word' id='word_1_440' title='bbox 1571 4064 1866 4119; x_wconf 82' lang='lat' dir='ltr'><strong>conﬁrmas</strong></span> <span class='ocrx_word' id='word_1_441' title='bbox 1897 4077 2060 4132; x_wconf 74' lang='lat' dir='ltr'><strong>argu-</strong></span> 
     </span>
    </p>
   </div>
   <div class='ocr_carea' id='block_1_61' title="bbox 485 4152 2057 4224">
    <p class='ocr_par' dir='ltr' id='par_1_61' title="bbox 485 4152 2057 4224">
     <span class='ocr_line' id='line_1_61' title="bbox 485 4152 2057 4224; baseline -0.003 -13"><span class='ocrx_word' id='word_1_442' title='bbox 485 4165 746 4211; x_wconf 89' lang='lat' dir='ltr'><strong>mentum.</strong></span> <span class='ocrx_word' id='word_1_443' title='bbox 783 4154 1054 4224; x_wconf 84' lang='lat' dir='ltr'><strong>Scriptum</strong></span> <span class='ocrx_word' id='word_1_444' title='bbox 1109 4169 1232 4210; x_wconf 89' lang='lat' dir='ltr'><strong>esse</strong></span> <span class='ocrx_word' id='word_1_445' title='bbox 1282 4167 1517 4223; x_wconf 86' lang='lat' dir='ltr'><strong>namque</strong></span> <span class='ocrx_word' id='word_1_446' title='bbox 1564 4153 1688 4209; x_wconf 89' lang='lat' dir='ltr'><strong>ais:</strong></span> <span class='ocrx_word' id='word_1_447' title='bbox 1721 4171 1740 4205; x_wconf 77' lang='grc' dir='ltr'>ι</span> <span class='ocrx_word' id='word_1_448' title='bbox 1786 4152 2057 4208; x_wconf 85' lang='lat' dir='ltr'><strong>Videbunt</strong></span> 
     </span>
    </p>
   </div>
   <div class='ocr_carea' id='block_1_62' title="bbox 485 4242 2057 4317">
    <p class='ocr_par' dir='ltr' id='par_1_62' title="bbox 485 4242 2057 4317">
     <span class='ocr_line' id='line_1_62' title="bbox 485 4242 2057 4317; baseline -0.004 -15"><span class='ocrx_word' id='word_1_449' title='bbox 485 4249 538 4302; x_wconf 94' lang='lat' dir='ltr'><strong>in</strong></span> <span class='ocrx_word' id='word_1_450' title='bbox 569 4263 728 4317; x_wconf 90' lang='lat' dir='ltr'><strong>quem</strong></span> <span class='ocrx_word' id='word_1_451' title='bbox 751 4255 1190 4315; x_wconf 78' lang='lat' dir='ltr'><strong>compunxerunt</strong></span> <span class='ocrx_word' id='word_1_452' title='bbox 1218 4244 1262 4276; x_wconf 82' lang='grc'><strong>¹³</strong></span> <span class='ocrx_word' id='word_1_453' title='bbox 1291 4261 1308 4310; x_wconf 87' lang='lat'><strong>;</strong></span> <span class='ocrx_word' id='word_1_454' title='bbox 1355 4261 1376 4296; x_wconf 68' lang='grc' dir='ltr'><strong>ν</strong></span> <span class='ocrx_word' id='word_1_455' title='bbox 1403 4253 1459 4298; x_wconf 89' lang='lat' dir='ltr'><strong>et</strong></span> <span class='ocrx_word' id='word_1_456' title='bbox 1486 4243 1628 4310; x_wconf 89' lang='lat' dir='ltr'><strong>quod</strong></span> <span class='ocrx_word' id='word_1_457' title='bbox 1661 4253 1919 4313; x_wconf 70' lang='lat' dir='ltr'><strong>praeterea</strong></span> <span class='ocrx_word' id='word_1_458' title='bbox 1941 4242 2057 4311; x_wconf 87' lang='lat' dir='ltr'><strong>ipse</strong></span> 
     </span>
    </p>
   </div>
   <div class='ocr_carea' id='block_1_63' title="bbox 486 4331 2054 4406">
    <p class='ocr_par' dir='ltr' id='par_1_63' title="bbox 486 4331 2054 4406">
     <span class='ocr_line' id='line_1_63' title="bbox 486 4331 2054 4406; baseline -0.004 -15"><span class='ocrx_word' id='word_1_459' title='bbox 486 4338 683 4406; x_wconf 86' lang='lat' dir='ltr'><strong>putasti</strong></span> <span class='ocrx_word' id='word_1_460' title='bbox 733 4351 854 4393; x_wconf 89' lang='lat' dir='ltr'><strong>esse</strong></span> <span class='ocrx_word' id='word_1_461' title='bbox 904 4335 971 4390; x_wconf 88' lang='lat' dir='ltr'><strong>ad</strong></span> <span class='ocrx_word' id='word_1_462' title='bbox 1018 4335 1422 4402; x_wconf 77' lang='lat' dir='ltr'><strong>coarguendum</strong></span> <span class='ocrx_word' id='word_1_463' title='bbox 1481 4331 1707 4398; x_wconf 81' lang='lat' dir='ltr'><strong>ﬁrmius,</strong></span> <span class='ocrx_word' id='word_1_464' title='bbox 1742 4333 2054 4401; x_wconf 84' lang='lat' dir='ltr'><strong>impruden-</strong></span> 
     </span>
    </p>
   </div>
   <div class='ocr_carea' id='block_1_64' title="bbox 2160 1866 3738 1944">
    <p class='ocr_par' dir='ltr' id='par_1_64' title="bbox 2160 1866 3738 1944">
     <span class='ocr_line' id='line_1_64' title="bbox 2160 1866 3738 1944; baseline -0.004 -18"><span class='ocrx_word' id='word_1_465' title='bbox 2160 1873 2491 1944; x_wconf 90' lang='grc' dir='ltr'>εστηκότων.</span> <span class='ocrx_word' id='word_1_466' title='bbox 2532 1873 2702 1941; x_wconf 80' lang='grc' dir='ltr'><strong>Εἴπερ</strong></span> <span class='ocrx_word' id='word_1_467' title='bbox 2747 1866 2839 1924; x_wconf 85' lang='grc' dir='ltr'><strong>οὖν</strong></span> <span class='ocrx_word' id='word_1_468' title='bbox 2890 1871 3037 1922; x_wconf 88' lang='grc' dir='ltr'>ἐστιν</span> <span class='ocrx_word' id='word_1_469' title='bbox 3084 1871 3184 1922; x_wconf 78' lang='grc' dir='ltr'><strong>οὐκ</strong></span> <span class='ocrx_word' id='word_1_470' title='bbox 3215 1871 3271 1922; x_wconf 83' lang='grc' dir='ltr'>ἐν</span> <span class='ocrx_word' id='word_1_471' title='bbox 3307 1870 3471 1939; x_wconf 71' lang='grc' dir='ltr'>σαρκὶ</span> <span class='ocrx_word' id='word_1_472' title='bbox 3505 1868 3738 1938; x_wconf 77' lang='grc' dir='ltr'>μᾶλλον,</span> 
     </span>
    </p>
   </div>
   <div class='ocr_carea' id='block_1_65' title="bbox 2158 1960 3736 2035">
    <p class='ocr_par' dir='ltr' id='par_1_65' title="bbox 2158 1960 3736 2035">
     <span class='ocr_line' id='line_1_65' title="bbox 2158 1960 3736 2035; baseline -0.003 -18"><span class='ocrx_word' id='word_1_473' title='bbox 2158 1965 2327 2035; x_wconf 80' lang='grc' dir='ltr'>ήγουν</span> <span class='ocrx_word' id='word_1_474' title='bbox 2358 1963 2644 2034; x_wconf 86' lang='grc' dir='ltr'>ἄνθρωπος</span> <span class='ocrx_word' id='word_1_475' title='bbox 2672 1960 2909 2031; x_wconf 83' lang='grc' dir='ltr'>γεγονὼς</span> <span class='ocrx_word' id='word_1_476' title='bbox 2934 1965 2962 2014; x_wconf 92' lang='lat'><strong>6</strong></span> <span class='ocrx_word' id='word_1_477' title='bbox 2991 1961 3084 2014; x_wconf 81' lang='grc' dir='ltr'><strong>τοῦ</strong></span> <span class='ocrx_word' id='word_1_478' title='bbox 3123 1960 3258 2014; x_wconf 85' lang='grc' dir='ltr'>Θεοῦ</span> <span class='ocrx_word' id='word_1_479' title='bbox 3291 1961 3507 2030; x_wconf 83' lang='grc' dir='ltr'>Πατρδς</span> <span class='ocrx_word' id='word_1_480' title='bbox 3535 1960 3736 2027; x_wconf 84' lang='grc' dir='ltr'>Λόγος,</span> 
     </span>
    </p>
   </div>
   <div class='ocr_carea' id='block_1_66' title="bbox 2158 2054 3739 2129">
    <p class='ocr_par' dir='ltr' id='par_1_66' title="bbox 2158 2054 3739 2129">
     <span class='ocr_line' id='line_1_66' title="bbox 2158 2054 3739 2129; baseline -0.002 -18"><span class='ocrx_word' id='word_1_481' title='bbox 2158 2059 2442 2129; x_wconf 81' lang='grc' dir='ltr'>ἄνθρωπος</span> <span class='ocrx_word' id='word_1_482' title='bbox 2486 2057 2542 2109; x_wconf 84' lang='grc' dir='ltr'>δὲ</span> <span class='ocrx_word' id='word_1_483' title='bbox 2569 2057 2836 2127; x_wconf 78' lang='grc' dir='ltr'>Θεοφόρος</span> <span class='ocrx_word' id='word_1_484' title='bbox 2871 2055 3113 2127; x_wconf 87' lang='grc' dir='ltr'>πλευρὰν</span> <span class='ocrx_word' id='word_1_485' title='bbox 3158 2055 3294 2125; x_wconf 78' lang='grc' dir='ltr'>ἔχων</span> <span class='ocrx_word' id='word_1_486' title='bbox 3322 2054 3573 2124; x_wconf 85' lang='grc' dir='ltr'>σώματος</span> <span class='ocrx_word' id='word_1_487' title='bbox 3597 2097 3610 2120; x_wconf 95' lang='grc'><strong>,</strong></span> <span class='ocrx_word' id='word_1_488' title='bbox 3641 2055 3739 2108; x_wconf 78' lang='grc' dir='ltr'><strong>καὶ</strong></span> 
     </span>
    </p>
   </div>
   <div class='ocr_carea' id='block_1_67' title="bbox 2160 2145 3735 2218">
    <p class='ocr_par' dir='ltr' id='par_1_67' title="bbox 2160 2145 3735 2218">
     <span class='ocr_line' id='line_1_67' title="bbox 2160 2145 3735 2218; baseline -0.002 -16"><span class='ocrx_word' id='word_1_489' title='bbox 2160 2149 2457 2218; x_wconf 82' lang='grc' dir='ltr'><strong>ὑπομείνας</strong></span> <span class='ocrx_word' id='word_1_490' title='bbox 2490 2147 2588 2218; x_wconf 82' lang='grc' dir='ltr'><strong>τὴν</strong></span> <span class='ocrx_word' id='word_1_491' title='bbox 2621 2146 2982 2216; x_wconf 78' lang='grc' dir='ltr'>διακέντησιν,</span> <span class='ocrx_word' id='word_1_492' title='bbox 3033 2146 3148 2208; x_wconf 86' lang='grc' dir='ltr'>πῶς</span> <span class='ocrx_word' id='word_1_493' title='bbox 3179 2147 3234 2197; x_wconf 92' lang='grc' dir='ltr'>ἐν</span> <span class='ocrx_word' id='word_1_494' title='bbox 3269 2145 3481 2216; x_wconf 87' lang='grc' dir='ltr'>θρόνοις</span> <span class='ocrx_word' id='word_1_495' title='bbox 3510 2147 3735 2216; x_wconf 76' lang='grc' dir='ltr'>ὁρᾶται,</span> 
     </span>
    </p>
   </div>
   <div class='ocr_carea' id='block_1_68' title="bbox 2157 2236 3738 2313">
    <p class='ocr_par' dir='ltr' id='par_1_68' title="bbox 2157 2236 3738 2313">
     <span class='ocr_line' id='line_1_68' title="bbox 2157 2236 3738 2313; baseline -0.004 -19"><span class='ocrx_word' id='word_1_496' title='bbox 2157 2243 2256 2313; x_wconf 84' lang='grc' dir='ltr'>τῆς</span> <span class='ocrx_word' id='word_1_497' title='bbox 2274 2241 2536 2294; x_wconf 82' lang='grc' dir='ltr'><strong>ἀνωτάτω</strong></span> <span class='ocrx_word' id='word_1_498' title='bbox 2563 2238 2811 2306; x_wconf 80' lang='grc' dir='ltr'><strong>θεότητος</strong></span> <span class='ocrx_word' id='word_1_499' title='bbox 2836 2237 3092 2307; x_wconf 80' lang='grc' dir='ltr'>τέταρτος</span> <span class='ocrx_word' id='word_1_500' title='bbox 3111 2236 3300 2306; x_wconf 81' lang='grc' dir='ltr'>ὥσπερ</span> <span class='ocrx_word' id='word_1_501' title='bbox 3327 2251 3408 2299; x_wconf 90' lang='grc' dir='ltr'>τις</span> <span class='ocrx_word' id='word_1_502' title='bbox 3435 2237 3568 2306; x_wconf 87' lang='grc' dir='ltr'>ήμῖν</span> <span class='ocrx_word' id='word_1_503' title='bbox 3593 2240 3738 2306; x_wconf 67' lang='grc' dir='ltr'>μετὰ</span> 
     </span>
    </p>
   </div>
   <div class='ocr_carea' id='block_1_69' title="bbox 2158 2328 3781 2404">
    <p class='ocr_par' dir='ltr' id='par_1_69' title="bbox 2158 2328 3781 2404">
     <span class='ocr_line' id='line_1_69' title="bbox 2158 2328 3781 2404; baseline -0.002 -18"><span class='ocrx_word' id='word_1_504' title='bbox 2158 2336 2257 2404; x_wconf 82' lang='grc' dir='ltr'><strong>τὴν</strong></span> <span class='ocrx_word' id='word_1_505' title='bbox 2304 2333 2464 2401; x_wconf 81' lang='grc' dir='ltr'>ἁγίαν</span> <span class='ocrx_word' id='word_1_506' title='bbox 2498 2331 2702 2400; x_wconf 82' lang='grc' dir='ltr'><strong>Τριάδα</strong></span> <span class='ocrx_word' id='word_1_507' title='bbox 2751 2330 3059 2400; x_wconf 83' lang='grc' dir='ltr'><strong>πρόσφατος</strong></span> <span class='ocrx_word' id='word_1_508' title='bbox 3089 2329 3220 2391; x_wconf 75' lang='grc' dir='ltr'>Θεὸς</span> <span class='ocrx_word' id='word_1_509' title='bbox 3249 2329 3730 2398; x_wconf 74' lang='grc' dir='ltr'><strong>ἀναδεδειγμένοςς</strong></span> <span class='ocrx_word' id='word_1_510' title='bbox 3778 2328 3781 2329; x_wconf 46' lang='grc'><strong><em>⁷</em></strong></span> 
     </span>
    </p>
   </div>
   <div class='ocr_carea' id='block_1_70' title="bbox 2159 2404 3734 2489">
    <p class='ocr_par' dir='ltr' id='par_1_70' title="bbox 2159 2404 3734 2489">
     <span class='ocr_line' id='line_1_70' title="bbox 2159 2404 3734 2489; baseline -0.004 -13"><span class='ocrx_word' id='word_1_511' title='bbox 2159 2423 2232 2476; x_wconf 83' lang='grc' dir='ltr'><strong>Οὐ</strong></span> <span class='ocrx_word' id='word_1_512' title='bbox 2286 2421 2710 2488; x_wconf 85' lang='grc' dir='ltr'>καταπέφρικας</span> <span class='ocrx_word' id='word_1_513' title='bbox 2765 2419 2941 2472; x_wconf 80' lang='grc' dir='ltr'>κοινὸν</span> <span class='ocrx_word' id='word_1_514' title='bbox 2991 2404 3300 2489; x_wconf 75' lang='grc' dir='ltr'>ἄνθρωπον,</span> <span class='ocrx_word' id='word_1_515' title='bbox 3333 2421 3398 2488; x_wconf 80' lang='grc' dir='ltr'><strong>τῇ</strong></span> <span class='ocrx_word' id='word_1_516' title='bbox 3445 2420 3624 2472; x_wconf 87' lang='grc' dir='ltr'>κτίσει</span> <span class='ocrx_word' id='word_1_517' title='bbox 3671 2421 3734 2471; x_wconf 73' lang='grc' dir='ltr'><strong>τδ</strong></span> 
     </span>
    </p>
   </div>
   <div class='ocr_carea' id='block_1_71' title="bbox 2159 2508 3732 2582">
    <p class='ocr_par' dir='ltr' id='par_1_71' title="bbox 2159 2508 3732 2582">
     <span class='ocr_line' id='line_1_71' title="bbox 2159 2508 3732 2582; baseline -0.004 -15"><span class='ocrx_word' id='word_1_518' title='bbox 2159 2514 2324 2577; x_wconf 76' lang='grc' dir='ltr'>σέϐας</span> <span class='ocrx_word' id='word_1_519' title='bbox 2349 2512 2610 2576; x_wconf 82' lang='grc' dir='ltr'>ἐπινοῶν;</span> <span class='ocrx_word' id='word_1_520' title='bbox 2644 2508 2756 2582; x_wconf 83' lang='grc' dir='ltr'><strong>ἆρα</strong></span> <span class='ocrx_word' id='word_1_521' title='bbox 2780 2514 2892 2574; x_wconf 88' lang='grc' dir='ltr'>τοῖς</span> <span class='ocrx_word' id='word_1_522' title='bbox 2938 2510 3189 2581; x_wconf 84' lang='grc' dir='ltr'>ἀρχαίοις</span> <span class='ocrx_word' id='word_1_523' title='bbox 3239 2509 3575 2580; x_wconf 83' lang='grc' dir='ltr'>ἐνισχήμεθα</span> <span class='ocrx_word' id='word_1_524' title='bbox 3609 2509 3732 2580; x_wconf 70' lang='grc' dir='ltr'><strong>βρόο</strong></span> 
     </span>
    </p>
   </div>
   <div class='ocr_carea' id='block_1_72' title="bbox 2157 2600 3730 2677">
    <p class='ocr_par' dir='ltr' id='par_1_72' title="bbox 2157 2600 3730 2677">
     <span class='ocr_line' id='line_1_72' title="bbox 2157 2600 3730 2677; baseline -0.006 -18"><span class='ocrx_word' id='word_1_525' title='bbox 2157 2623 2302 2677; x_wconf 90' lang='grc' dir='ltr'>χοις;</span> <span class='ocrx_word' id='word_1_526' title='bbox 2339 2600 2450 2674; x_wconf 83' lang='grc' dir='ltr'><strong>ἆρα</strong></span> <span class='ocrx_word' id='word_1_527' title='bbox 2478 2602 2878 2672; x_wconf 79' lang='grc' dir='ltr'>πεπαρῴνηκεν</span> <span class='ocrx_word' id='word_1_528' title='bbox 2924 2604 3001 2664; x_wconf 87' lang='grc' dir='ltr'><strong>είς</strong></span> <span class='ocrx_word' id='word_1_529' title='bbox 3050 2601 3205 2665; x_wconf 81' lang='grc' dir='ltr'>Θεὸν,</span> <span class='ocrx_word' id='word_1_530' title='bbox 3243 2601 3336 2654; x_wconf 72' lang='grc' dir='ltr'><strong>καὶ</strong></span> <span class='ocrx_word' id='word_1_531' title='bbox 3385 2600 3730 2670; x_wconf 79' lang='grc' dir='ltr'>πεπλάνηται</span> 
     </span>
    </p>
   </div>
   <div class='ocr_carea' id='block_1_73' title="bbox 2161 2690 3732 2778">
    <p class='ocr_par' dir='ltr' id='par_1_73' title="bbox 2161 2690 3732 2778">
     <span class='ocr_line' id='line_1_73' title="bbox 2161 2690 3732 2778; baseline -0.004 -30"><span class='ocrx_word' id='word_1_532' title='bbox 2161 2694 2280 2766; x_wconf 90' lang='grc' dir='ltr'>μεθ’</span> <span class='ocrx_word' id='word_1_533' title='bbox 2311 2692 2490 2764; x_wconf 84' lang='grc' dir='ltr'>ἡμῶν,</span> <span class='ocrx_word' id='word_1_534' title='bbox 2523 2693 2556 2762; x_wconf 84' lang='grc' dir='ltr'>ὴ</span> <span class='ocrx_word' id='word_1_535' title='bbox 2587 2693 2718 2768; x_wconf 79' lang='grc' dir='ltr'>ἁγία</span> <span class='ocrx_word' id='word_1_536' title='bbox 2747 2691 2856 2778; x_wconf 68' lang='grc' dir='ltr'>τῶν</span> <span class='ocrx_word' id='word_1_537' title='bbox 2886 2691 2998 2744; x_wconf 84' lang='grc' dir='ltr'><strong>ἄνω</strong></span> <span class='ocrx_word' id='word_1_538' title='bbox 3025 2690 3354 2761; x_wconf 83' lang='grc' dir='ltr'>πνευμάτων</span> <span class='ocrx_word' id='word_1_539' title='bbox 3382 2690 3632 2760; x_wconf 75' lang='grc' dir='ltr'>πληθύς;</span> <span class='ocrx_word' id='word_1_540' title='bbox 3668 2691 3732 2744; x_wconf 79' lang='lat' dir='ltr'><strong>El.</strong></span> 
     </span>
    </p>
   </div>
   <div class='ocr_carea' id='block_1_74' title="bbox 2155 2781 3730 2856">
    <p class='ocr_par' dir='ltr' id='par_1_74' title="bbox 2155 2781 3730 2856">
     <span class='ocr_line' id='line_1_74' title="bbox 2155 2781 3730 2856; baseline -0.004 -17"><span class='ocrx_word' id='word_1_541' title='bbox 2155 2786 2255 2855; x_wconf 85' lang='grc' dir='ltr'>τῆς</span> <span class='ocrx_word' id='word_1_542' title='bbox 2289 2785 2521 2856; x_wconf 87' lang='grc' dir='ltr'><strong>ἀρχαίας</strong></span> <span class='ocrx_word' id='word_1_543' title='bbox 2564 2785 2779 2852; x_wconf 80' lang='grc' dir='ltr'><strong>ἀπάτης</strong></span> <span class='ocrx_word' id='word_1_544' title='bbox 2813 2782 3266 2853; x_wconf 76' lang='grc' dir='ltr'>ἐκλελυτρώμεθα</span> <span class='ocrx_word' id='word_1_545' title='bbox 3291 2823 3305 2846; x_wconf 95' lang='grc'><strong>,</strong></span> <span class='ocrx_word' id='word_1_546' title='bbox 3341 2781 3403 2835; x_wconf 77' lang='grc' dir='ltr'><strong>τὸ</strong></span> <span class='ocrx_word' id='word_1_547' title='bbox 3435 2785 3502 2851; x_wconf 82' lang='grc' dir='ltr'><strong>τῇ</strong></span> <span class='ocrx_word' id='word_1_548' title='bbox 3553 2783 3730 2834; x_wconf 80' lang='grc' dir='ltr'>κτίσει</span> 
     </span>
    </p>
   </div>
   <div class='ocr_carea' id='block_1_75' title="bbox 2157 2870 3733 2946">
    <p class='ocr_par' dir='ltr' id='par_1_75' title="bbox 2157 2870 3733 2946">
     <span class='ocr_line' id='line_1_75' title="bbox 2157 2870 3733 2946; baseline -0.002 -18"><span class='ocrx_word' id='word_1_549' title='bbox 2157 2875 2440 2946; x_wconf 86' lang='grc' dir='ltr'>λατρεύειν</span> <span class='ocrx_word' id='word_1_550' title='bbox 2464 2875 2539 2938; x_wconf 84' lang='grc' dir='ltr'><strong>ὡς</strong></span> <span class='ocrx_word' id='word_1_551' title='bbox 2560 2873 2818 2936; x_wconf 78' lang='grc' dir='ltr'><strong>δυσσεϐὲς</strong></span> <span class='ocrx_word' id='word_1_552' title='bbox 2845 2873 3294 2944; x_wconf 79' lang='grc' dir='ltr'>παραιτούμενοι,</span> <span class='ocrx_word' id='word_1_553' title='bbox 3327 2873 3378 2925; x_wconf 89' lang='grc' dir='ltr'>τί</span> <span class='ocrx_word' id='word_1_554' title='bbox 3401 2870 3564 2926; x_wconf 85' lang='grc' dir='ltr'>πάλιν</span> <span class='ocrx_word' id='word_1_555' title='bbox 3585 2873 3733 2942; x_wconf 77' lang='grc' dir='ltr'>ἡμᾶς</span> 
     </span>
    </p>
   </div>
   <div class='ocr_carea' id='block_1_76' title="bbox 2155 2965 3736 3036">
    <p class='ocr_par' dir='ltr' id='par_1_76' title="bbox 2155 2965 3736 3036">
     <span class='ocr_line' id='line_1_76' title="bbox 2155 2965 3736 3036; baseline -0.001 -18"><span class='ocrx_word' id='word_1_556' title='bbox 2155 2970 2267 3030; x_wconf 86' lang='grc' dir='ltr'>τοῖς</span> <span class='ocrx_word' id='word_1_557' title='bbox 2310 2967 2559 3036; x_wconf 84' lang='grc' dir='ltr'>ἀρχαίοις</span> <span class='ocrx_word' id='word_1_558' title='bbox 2604 2966 2944 3035; x_wconf 82' lang='grc' dir='ltr'>ἐγκλήμασιν</span> <span class='ocrx_word' id='word_1_559' title='bbox 2978 2965 3140 3026; x_wconf 77' lang='grc' dir='ltr'>ἐνιεὶς</span> <span class='ocrx_word' id='word_1_560' title='bbox 3173 2965 3495 3033; x_wconf 84' lang='grc' dir='ltr'>ἀποφαίνεις</span> <span class='ocrx_word' id='word_1_561' title='bbox 3527 2965 3736 3033; x_wconf 86' lang='grc' dir='ltr'>ἀνθρω-</span> 
     </span>
    </p>
   </div>
   <div class='ocr_carea' id='block_1_77' title="bbox 2160 3055 3736 3128">
    <p class='ocr_par' dir='ltr' id='par_1_77' title="bbox 2160 3055 3736 3128">
     <span class='ocr_line' id='line_1_77' title="bbox 2160 3055 3736 3128; baseline -0.002 -17"><span class='ocrx_word' id='word_1_562' title='bbox 2160 3058 2470 3128; x_wconf 75' lang='grc' dir='ltr'>πολάτραςς</span> <span class='ocrx_word' id='word_1_563' title='bbox 2518 3057 2711 3127; x_wconf 83' lang='grc' dir='ltr'><strong>Ἡμεῖς</strong></span> <span class='ocrx_word' id='word_1_564' title='bbox 2744 3056 2844 3126; x_wconf 87' lang='grc' dir='ltr'><strong>μὲν</strong></span> <span class='ocrx_word' id='word_1_565' title='bbox 2879 3055 2988 3126; x_wconf 83' lang='grc' dir='ltr'><strong>γὰρ</strong></span> <span class='ocrx_word' id='word_1_566' title='bbox 3023 3057 3182 3125; x_wconf 71' lang='grc' dir='ltr'>ἴσμεν</span> <span class='ocrx_word' id='word_1_567' title='bbox 3233 3056 3326 3108; x_wconf 76' lang='grc' dir='ltr'><strong>καὶ</strong></span> <span class='ocrx_word' id='word_1_568' title='bbox 3357 3055 3736 3108; x_wconf 79' lang='grc' dir='ltr'>πεπιστεύκα-</span> 
     </span>
    </p>
   </div>
   <div class='ocr_carea' id='block_1_78' title="bbox 2162 3147 3734 3219">
    <p class='ocr_par' dir='ltr' id='par_1_78' title="bbox 2162 3147 3734 3219">
     <span class='ocr_line' id='line_1_78' title="bbox 2162 3147 3734 3219; baseline -0.001 -18"><span class='ocrx_word' id='word_1_569' title='bbox 2162 3166 2281 3219; x_wconf 88' lang='grc' dir='ltr'>μεν,</span> <span class='ocrx_word' id='word_1_570' title='bbox 2308 3148 2390 3201; x_wconf 85' lang='grc' dir='ltr'>ὄτι</span> <span class='ocrx_word' id='word_1_571' title='bbox 2423 3148 2645 3216; x_wconf 79' lang='grc' dir='ltr'>γέγονεν</span> <span class='ocrx_word' id='word_1_572' title='bbox 2672 3150 2729 3200; x_wconf 87' lang='grc' dir='ltr'>ἐν</span> <span class='ocrx_word' id='word_1_573' title='bbox 2757 3148 3060 3218; x_wconf 74' lang='grc' dir='ltr'>προσλήψει</span> <span class='ocrx_word' id='word_1_574' title='bbox 3098 3147 3301 3218; x_wconf 89' lang='grc' dir='ltr'>σαρκός</span> <span class='ocrx_word' id='word_1_575' title='bbox 3343 3164 3403 3200; x_wconf 91' lang='grc' dir='ltr'>τε</span> <span class='ocrx_word' id='word_1_576' title='bbox 3435 3148 3530 3200; x_wconf 75' lang='grc' dir='ltr'>καὶ</span> <span class='ocrx_word' id='word_1_577' title='bbox 3562 3148 3734 3217; x_wconf 80' lang='grc' dir='ltr'>αἵμα-</span> 
     </span>
    </p>
   </div>
   <div class='ocr_carea' id='block_1_79' title="bbox 2157 3237 3735 3310">
    <p class='ocr_par' dir='ltr' id='par_1_79' title="bbox 2157 3237 3735 3310">
     <span class='ocr_line' id='line_1_79' title="bbox 2157 3237 3735 3310; baseline -0.003 -18"><span class='ocrx_word' id='word_1_578' title='bbox 2157 3257 2246 3304; x_wconf 90' lang='grc' dir='ltr'>τος</span> <span class='ocrx_word' id='word_1_579' title='bbox 2273 3241 2301 3292; x_wconf 88' lang='grc' dir='ltr'>ὁ</span> <span class='ocrx_word' id='word_1_580' title='bbox 2331 3242 2394 3292; x_wconf 86' lang='grc' dir='ltr'><strong>ἐκ</strong></span> <span class='ocrx_word' id='word_1_581' title='bbox 2426 3239 2560 3292; x_wconf 81' lang='grc' dir='ltr'>Θεοῦ</span> <span class='ocrx_word' id='word_1_582' title='bbox 2593 3237 2806 3310; x_wconf 85' lang='grc' dir='ltr'>Πατρός</span> <span class='ocrx_word' id='word_1_583' title='bbox 2836 3239 3008 3307; x_wconf 87' lang='grc' dir='ltr'>Λόγος</span> <span class='ocrx_word' id='word_1_584' title='bbox 3028 3255 3041 3267; x_wconf 91' lang='grc'><strong>·</strong></span> <span class='ocrx_word' id='word_1_585' title='bbox 3088 3239 3277 3310; x_wconf 80' lang='grc' dir='ltr'>ἐπειδὴ</span> <span class='ocrx_word' id='word_1_586' title='bbox 3327 3239 3384 3292; x_wconf 87' lang='grc' dir='ltr'><strong>δὲ</strong></span> <span class='ocrx_word' id='word_1_587' title='bbox 3421 3238 3735 3309; x_wconf 76' lang='grc' dir='ltr'>μεμένηκεν</span> 
     </span>
    </p>
   </div>
   <div class='ocr_carea' id='block_1_80' title="bbox 2157 3312 3736 3404">
    <p class='ocr_par' dir='ltr' id='par_1_80' title="bbox 2157 3312 3736 3404">
     <span class='ocr_line' id='line_1_80' title="bbox 2157 3312 3736 3404; baseline 0 -21"><span class='ocrx_word' id='word_1_588' title='bbox 2157 3333 2185 3383; x_wconf 93' lang='lat'><strong>6</strong></span> <span class='ocrx_word' id='word_1_589' title='bbox 2215 3333 2380 3395; x_wconf 84' lang='grc' dir='ltr'>αὐτὸς</span> <span class='ocrx_word' id='word_1_590' title='bbox 2413 3398 2426 3404; x_wconf 20' lang='grc' dir='ltr'><strong>δ’</strong></span> <span class='ocrx_word' id='word_1_591' title='bbox 2442 3331 2685 3400; x_wconf 82' lang='grc' dir='ltr'>δηλονότι</span> <span class='ocrx_word' id='word_1_592' title='bbox 2727 3331 2878 3394; x_wconf 80' lang='grc' dir='ltr'>Θεὸς,</span> <span class='ocrx_word' id='word_1_593' title='bbox 2925 3332 3025 3400; x_wconf 76' lang='grc' dir='ltr'>τῆς</span> <span class='ocrx_word' id='word_1_594' title='bbox 3071 3312 3297 3400; x_wconf 72' lang='grc' dir='ltr'>ἐνούσης</span> <span class='ocrx_word' id='word_1_595' title='bbox 3339 3331 3482 3384; x_wconf 84' lang='grc' dir='ltr'>κατὰ</span> <span class='ocrx_word' id='word_1_596' title='bbox 3513 3314 3736 3385; x_wconf 83' lang='grc' dir='ltr'>πάντων</span> 
     </span>
    </p>
   </div>
   <div class='ocr_carea' id='block_1_81' title="bbox 2157 3418 3737 3492">
    <p class='ocr_par' dir='ltr' id='par_1_81' title="bbox 2157 3418 3737 3492">
     <span class='ocr_line' id='line_1_81' title="bbox 2157 3418 3737 3492; baseline 0.001 -20"><span class='ocrx_word' id='word_1_597' title='bbox 2157 3419 2432 3492; x_wconf 83' lang='grc' dir='ltr'><strong>ὑπεροχῆς</strong></span> <span class='ocrx_word' id='word_1_598' title='bbox 2461 3419 2521 3472; x_wconf 86' lang='grc' dir='ltr'><strong>τὸ</strong></span> <span class='ocrx_word' id='word_1_599' title='bbox 2549 3419 2768 3489; x_wconf 80' lang='grc' dir='ltr'>ἀξίωμα</span> <span class='ocrx_word' id='word_1_600' title='bbox 2794 3418 3118 3472; x_wconf 83' lang='grc' dir='ltr'>διεσώσατο·</span> <span class='ocrx_word' id='word_1_601' title='bbox 3174 3419 3378 3490; x_wconf 81' lang='grc' dir='ltr'>καίπερ</span> <span class='ocrx_word' id='word_1_602' title='bbox 3427 3418 3502 3472; x_wconf 82' lang='grc' dir='ltr'><strong>ὢν</strong></span> <span class='ocrx_word' id='word_1_603' title='bbox 3553 3419 3737 3490; x_wconf 82' lang='grc' dir='ltr'>σάρκα</span> 
     </span>
    </p>
   </div>
   <div class='ocr_carea' id='block_1_82' title="bbox 2158 3507 3734 3586">
    <p class='ocr_par' dir='ltr' id='par_1_82' title="bbox 2158 3507 3734 3586">
     <span class='ocr_line' id='line_1_82' title="bbox 2158 3507 3734 3586; baseline 0 -22"><span class='ocrx_word' id='word_1_604' title='bbox 2158 3510 2238 3583; x_wconf 84' lang='grc' dir='ltr'><strong>[ἐν</strong></span> <span class='ocrx_word' id='word_1_605' title='bbox 2266 3509 2452 3583; x_wconf 81' lang='grc' dir='ltr'><strong>σαρκὶ]</strong></span> <span class='ocrx_word' id='word_1_606' title='bbox 2483 3511 2604 3564; x_wconf 81' lang='grc' dir='ltr'>καθ’</span> <span class='ocrx_word' id='word_1_607' title='bbox 2632 3512 2803 3586; x_wconf 79' lang='grc' dir='ltr'><strong>ῄμᾶς.</strong></span> <span class='ocrx_word' id='word_1_608' title='bbox 2835 3511 2966 3574; x_wconf 82' lang='grc' dir='ltr'><strong>Θεὸς</strong></span> <span class='ocrx_word' id='word_1_609' title='bbox 2988 3511 3045 3563; x_wconf 84' lang='grc' dir='ltr'><strong>δὲ</strong></span> <span class='ocrx_word' id='word_1_610' title='bbox 3067 3510 3348 3580; x_wconf 85' lang='grc' dir='ltr'><strong>ὑπάρχων,</strong></span> <span class='ocrx_word' id='word_1_611' title='bbox 3367 3510 3520 3563; x_wconf 79' lang='grc' dir='ltr'><strong>οὐδὲν</strong></span> <span class='ocrx_word' id='word_1_612' title='bbox 3543 3507 3734 3583; x_wconf 82' lang='grc' dir='ltr'>ἦττον,</span> 
     </span>
    </p>
   </div>
   <div class='ocr_carea' id='block_1_83' title="bbox 2157 3602 3736 3675">
    <p class='ocr_par' dir='ltr' id='par_1_83' title="bbox 2157 3602 3736 3675">
     <span class='ocr_line' id='line_1_83' title="bbox 2157 3602 3736 3675; baseline -0.001 -19"><span class='ocrx_word' id='word_1_613' title='bbox 2157 3602 2190 3674; x_wconf 83' lang='grc' dir='ltr'>ἢ</span> <span class='ocrx_word' id='word_1_614' title='bbox 2222 3603 2389 3658; x_wconf 82' lang='grc' dir='ltr'>πάλαι</span> <span class='ocrx_word' id='word_1_615' title='bbox 2436 3604 2529 3656; x_wconf 75' lang='grc' dir='ltr'>καὶ</span> <span class='ocrx_word' id='word_1_616' title='bbox 2560 3602 2674 3666; x_wconf 82' lang='grc' dir='ltr'>νῦν,</span> <span class='ocrx_word' id='word_1_617' title='bbox 2723 3604 2826 3657; x_wconf 78' lang='grc' dir='ltr'>κᾶν</span> <span class='ocrx_word' id='word_1_618' title='bbox 2856 3605 2906 3656; x_wconf 86' lang='grc' dir='ltr'>εί</span> <span class='ocrx_word' id='word_1_619' title='bbox 2937 3604 3160 3672; x_wconf 79' lang='grc' dir='ltr'>γέγονεν</span> <span class='ocrx_word' id='word_1_620' title='bbox 3187 3603 3495 3673; x_wconf 80' lang='grc' dir='ltr'>ἄνθρωπος,</span> <span class='ocrx_word' id='word_1_621' title='bbox 3525 3602 3736 3675; x_wconf 81' lang='grc' dir='ltr'>λάτρην</span> 
     </span>
    </p>
   </div>
   <div class='ocr_carea' id='block_1_84' title="bbox 2156 3694 3736 3766">
    <p class='ocr_par' dir='ltr' id='par_1_84' title="bbox 2156 3694 3736 3766">
     <span class='ocr_line' id='line_1_84' title="bbox 2156 3694 3736 3766; baseline 0 -18"><span class='ocrx_word' id='word_1_622' title='bbox 2156 3695 2270 3765; x_wconf 78' lang='grc' dir='ltr'>ἔχει</span> <span class='ocrx_word' id='word_1_623' title='bbox 2299 3698 2390 3748; x_wconf 86' lang='grc' dir='ltr'>τὸν</span> <span class='ocrx_word' id='word_1_624' title='bbox 2413 3695 2640 3766; x_wconf 76' lang='grc' dir='ltr'>οὐρανὸν</span> <span class='ocrx_word' id='word_1_625' title='bbox 2671 3696 2762 3748; x_wconf 79' lang='grc' dir='ltr'>καὶ</span> <span class='ocrx_word' id='word_1_626' title='bbox 2796 3695 3208 3765; x_wconf 79' lang='grc' dir='ltr'>προσκυνοῦσαν</span> <span class='ocrx_word' id='word_1_627' title='bbox 3231 3694 3328 3764; x_wconf 83' lang='grc' dir='ltr'>τὴν</span> <span class='ocrx_word' id='word_1_628' title='bbox 3359 3695 3465 3765; x_wconf 80' lang='grc' dir='ltr'><strong>γῆν</strong></span> <span class='ocrx_word' id='word_1_629' title='bbox 3487 3711 3500 3724; x_wconf 74' lang='grc' dir='ltr'><strong><em>ο</em></strong></span> <span class='ocrx_word' id='word_1_630' title='bbox 3529 3697 3736 3764; x_wconf 83' lang='grc' dir='ltr'>γέγρα-</span> 
     </span>
    </p>
   </div>
   <div class='ocr_carea' id='block_1_85' title="bbox 2159 3786 3730 3860">
    <p class='ocr_par' dir='ltr' id='par_1_85' title="bbox 2159 3786 3730 3860">
     <span class='ocr_line' id='line_1_85' title="bbox 2159 3786 3730 3860; baseline -0.004 -16"><span class='ocrx_word' id='word_1_631' title='bbox 2159 3802 2291 3840; x_wconf 79' lang='grc' dir='ltr'>πται</span> <span class='ocrx_word' id='word_1_632' title='bbox 2316 3786 2444 3857; x_wconf 79' lang='grc' dir='ltr'>γὰρ,</span> <span class='ocrx_word' id='word_1_633' title='bbox 2479 3789 2560 3840; x_wconf 83' lang='grc' dir='ltr'>ὅτι</span> <span class='ocrx_word' id='word_1_634' title='bbox 2596 3808 2613 3840; x_wconf 77' lang='grc' dir='ltr'>ι</span> <span class='ocrx_word' id='word_1_635' title='bbox 2655 3789 2764 3860; x_wconf 84' lang='grc' dir='ltr'><strong>Τῆς</strong></span> <span class='ocrx_word' id='word_1_636' title='bbox 2797 3789 3057 3852; x_wconf 75' lang='grc' dir='ltr'><strong>αἰνέσεως</strong></span> <span class='ocrx_word' id='word_1_637' title='bbox 3084 3788 3290 3859; x_wconf 81' lang='grc' dir='ltr'>Κυρίου</span> <span class='ocrx_word' id='word_1_638' title='bbox 3322 3789 3538 3859; x_wconf 81' lang='grc' dir='ltr'>πλήρης</span> <span class='ocrx_word' id='word_1_639' title='bbox 3569 3792 3600 3860; x_wconf 85' lang='grc' dir='ltr'><strong>ή</strong></span> <span class='ocrx_word' id='word_1_640' title='bbox 3632 3789 3730 3858; x_wconf 86' lang='grc' dir='ltr'><strong>γῆ·</strong></span> 
     </span>
    </p>
   </div>
   <div class='ocr_carea' id='block_1_86' title="bbox 2158 3878 3732 3951">
    <p class='ocr_par' dir='ltr' id='par_1_86' title="bbox 2158 3878 3732 3951">
     <span class='ocr_line' id='line_1_86' title="bbox 2158 3878 3732 3951; baseline 0.001 -21"><span class='ocrx_word' id='word_1_641' title='bbox 2158 3878 2428 3948; x_wconf 76' lang='grc' dir='ltr'><strong>ἐκάλυψεν</strong></span> <span class='ocrx_word' id='word_1_642' title='bbox 2476 3879 2738 3948; x_wconf 83' lang='grc' dir='ltr'>οὐρανοὺς</span> <span class='ocrx_word' id='word_1_643' title='bbox 2764 3881 2798 3949; x_wconf 84' lang='grc' dir='ltr'>ὴ</span> <span class='ocrx_word' id='word_1_644' title='bbox 2829 3881 2997 3950; x_wconf 84' lang='grc' dir='ltr'>ἀρετή</span> <span class='ocrx_word' id='word_1_645' title='bbox 3031 3896 3146 3945; x_wconf 93' lang='grc' dir='ltr'>σου,</span> <span class='ocrx_word' id='word_1_646' title='bbox 3185 3879 3380 3951; x_wconf 81' lang='grc' dir='ltr'>Κύριε,</span> <span class='ocrx_word' id='word_1_647' title='bbox 3420 3898 3438 3930; x_wconf 72' lang='grc' dir='ltr'>ι</span> <span class='ocrx_word' id='word_1_648' title='bbox 3473 3878 3546 3932; x_wconf 69' lang='grc' dir='ltr'>Σὺ</span> <span class='ocrx_word' id='word_1_649' title='bbox 3578 3879 3636 3932; x_wconf 80' lang='grc' dir='ltr'>δὲ</span> <span class='ocrx_word' id='word_1_650' title='bbox 3665 3879 3732 3948; x_wconf 78' lang='grc' dir='ltr'><strong>δὴ</strong></span> 
     </span>
    </p>
   </div>
   <div class='ocr_carea' id='block_1_87' title="bbox 2159 3968 3733 4040">
    <p class='ocr_par' dir='ltr' id='par_1_87' title="bbox 2159 3968 3733 4040">
     <span class='ocr_line' id='line_1_87' title="bbox 2159 3968 3733 4040; baseline -0.001 -18"><span class='ocrx_word' id='word_1_651' title='bbox 2159 3971 2320 4024; x_wconf 87' lang='grc' dir='ltr'>πάλιν</span> <span class='ocrx_word' id='word_1_652' title='bbox 2354 3970 2444 4023; x_wconf 83' lang='grc' dir='ltr'>τὸν</span> <span class='ocrx_word' id='word_1_653' title='bbox 2474 3970 2645 4033; x_wconf 77' lang='grc' dir='ltr'>οὕτως</span> <span class='ocrx_word' id='word_1_654' title='bbox 2696 3970 2888 4040; x_wconf 76' lang='grc' dir='ltr'>ἔχοντα</span> <span class='ocrx_word' id='word_1_655' title='bbox 2936 3970 3150 4040; x_wconf 78' lang='grc' dir='ltr'><strong>φύσεώς</strong></span> <span class='ocrx_word' id='word_1_656' title='bbox 3193 3987 3252 4023; x_wconf 89' lang='grc' dir='ltr'>τε</span> <span class='ocrx_word' id='word_1_657' title='bbox 3294 3971 3388 4024; x_wconf 68' lang='grc' dir='ltr'>καὶ</span> <span class='ocrx_word' id='word_1_658' title='bbox 3432 3968 3624 4040; x_wconf 81' lang='grc' dir='ltr'>δόξης,</span> <span class='ocrx_word' id='word_1_659' title='bbox 3669 3973 3733 4022; x_wconf 86' lang='grc' dir='ltr'><strong>ἐκ</strong></span> 
     </span>
    </p>
   </div>
   <div class='ocr_carea' id='block_1_88' title="bbox 2159 4060 3733 4133">
    <p class='ocr_par' dir='ltr' id='par_1_88' title="bbox 2159 4060 3733 4133">
     <span class='ocr_line' id='line_1_88' title="bbox 2159 4060 3733 4133; baseline 0 -21"><span class='ocrx_word' id='word_1_660' title='bbox 2159 4060 2360 4131; x_wconf 81' lang='grc' dir='ltr'>πολλῆς</span> <span class='ocrx_word' id='word_1_661' title='bbox 2390 4061 2530 4129; x_wconf 81' lang='grc' dir='ltr'>ἄγαν</span> <span class='ocrx_word' id='word_1_662' title='bbox 2552 4060 2902 4133; x_wconf 80' lang='grc' dir='ltr'>ἀϐελτηρίας,</span> <span class='ocrx_word' id='word_1_663' title='bbox 2934 4061 3032 4130; x_wconf 86' lang='grc' dir='ltr'><strong>οὐχ</strong></span> <span class='ocrx_word' id='word_1_664' title='bbox 3065 4063 3217 4132; x_wconf 82' lang='grc' dir='ltr'>όρᾷς.</span> <span class='ocrx_word' id='word_1_665' title='bbox 3251 4061 3429 4131; x_wconf 80' lang='grc' dir='ltr'>Ἐφης</span> <span class='ocrx_word' id='word_1_666' title='bbox 3456 4061 3569 4130; x_wconf 85' lang='grc' dir='ltr'><strong>γὰρ</strong></span> <span class='ocrx_word' id='word_1_667' title='bbox 3596 4060 3679 4120; x_wconf 84' lang='grc' dir='ltr'>τίς</span> <span class='ocrx_word' id='word_1_668' title='bbox 3705 4062 3733 4112; x_wconf 87' lang='grc' dir='ltr'>ὁ</span> 
     </span>
    </p>
   </div>
   <div class='ocr_carea' id='block_1_89' title="bbox 2159 4151 3735 4222">
    <p class='ocr_par' dir='ltr' id='par_1_89' title="bbox 2159 4151 3735 4222">
     <span class='ocr_line' id='line_1_89' title="bbox 2159 4151 3735 4222; baseline 0 -19"><span class='ocrx_word' id='word_1_669' title='bbox 2159 4151 2476 4222; x_wconf 87' lang='grc' dir='ltr'>ἐρχόμενος;</span> <span class='ocrx_word' id='word_1_670' title='bbox 2529 4169 2547 4202; x_wconf 79' lang='grc' dir='ltr'>ι</span> <span class='ocrx_word' id='word_1_671' title='bbox 2581 4152 2839 4221; x_wconf 71' lang='grc' dir='ltr'>Ὄψονται</span> <span class='ocrx_word' id='word_1_672' title='bbox 2887 4152 2978 4204; x_wconf 82' lang='grc' dir='ltr'>τὸν</span> <span class='ocrx_word' id='word_1_673' title='bbox 3014 4153 3142 4205; x_wconf 79' lang='grc' dir='ltr'>Υἱὸν</span> <span class='ocrx_word' id='word_1_674' title='bbox 3171 4151 3264 4204; x_wconf 86' lang='grc' dir='ltr'><strong>τοῦ</strong></span> <span class='ocrx_word' id='word_1_675' title='bbox 3305 4151 3600 4222; x_wconf 84' lang='grc' dir='ltr'>ἀνθρώπου</span> <span class='ocrx_word' id='word_1_676' title='bbox 3642 4153 3735 4220; x_wconf 77' lang='grc' dir='ltr'><strong>ἐρ·</strong></span> 
     </span>
    </p>
   </div>
   <div class='ocr_carea' id='block_1_90' title="bbox 2158 4241 3736 4312">
    <p class='ocr_par' dir='ltr' id='par_1_90' title="bbox 2158 4241 3736 4312">
     <span class='ocr_line' id='line_1_90' title="bbox 2158 4241 3736 4312; baseline -0.001 -18"><span class='ocrx_word' id='word_1_677' title='bbox 2158 4243 2384 4312; x_wconf 87' lang='grc' dir='ltr'>χόμενον</span> <span class='ocrx_word' id='word_1_678' title='bbox 2415 4245 2503 4295; x_wconf 71' lang='grc' dir='ltr'>ἐπὶ</span> <span class='ocrx_word' id='word_1_679' title='bbox 2531 4243 2640 4296; x_wconf 81' lang='grc' dir='ltr'><strong>τῶν</strong></span> <span class='ocrx_word' id='word_1_680' title='bbox 2668 4243 2906 4312; x_wconf 82' lang='grc' dir='ltr'>νεφελῶν</span> <span class='ocrx_word' id='word_1_681' title='bbox 2935 4243 3029 4296; x_wconf 86' lang='grc' dir='ltr'><strong>τοῦ</strong></span> <span class='ocrx_word' id='word_1_682' title='bbox 3062 4242 3294 4312; x_wconf 83' lang='grc' dir='ltr'>οὐρανοῦ</span> <span class='ocrx_word' id='word_1_683' title='bbox 3315 4259 3329 4273; x_wconf 71' lang='grc' dir='ltr'><strong>ο</strong></span> <span class='ocrx_word' id='word_1_684' title='bbox 3367 4261 3384 4293; x_wconf 70' lang='grc' dir='ltr'>ι</span> <span class='ocrx_word' id='word_1_685' title='bbox 3418 4241 3612 4310; x_wconf 86' lang='grc' dir='ltr'>ὥσπερ</span> <span class='ocrx_word' id='word_1_686' title='bbox 3647 4241 3736 4293; x_wconf 78' lang='grc' dir='ltr'><strong>δε-</strong></span> 
     </span>
    </p>
   </div>
   <div class='ocr_carea' id='block_1_91' title="bbox 2157 4322 3736 4406">
    <p class='ocr_par' dir='ltr' id='par_1_91' title="bbox 2157 4322 3736 4406">
     <span class='ocr_line' id='line_1_91' title="bbox 2157 4322 3736 4406; baseline 0 -22"><span class='ocrx_word' id='word_1_687' title='bbox 2157 4332 2285 4396; x_wconf 87' lang='grc' dir='ltr'>διὼς</span> <span class='ocrx_word' id='word_1_688' title='bbox 2315 4333 2390 4404; x_wconf 84' lang='grc' dir='ltr'>μὴ</span> <span class='ocrx_word' id='word_1_689' title='bbox 2420 4334 2530 4404; x_wconf 83' lang='grc' dir='ltr'><strong>ἄρα</strong></span> <span class='ocrx_word' id='word_1_690' title='bbox 2548 4352 2632 4398; x_wconf 90' lang='grc' dir='ltr'>τις</span> <span class='ocrx_word' id='word_1_691' title='bbox 2660 4322 3016 4406; x_wconf 82' lang='grc' dir='ltr'>ἀπιστήσειεν</span> <span class='ocrx_word' id='word_1_692' title='bbox 3045 4335 3171 4386; x_wconf 83' lang='grc' dir='ltr'>Υίὸν</span> <span class='ocrx_word' id='word_1_693' title='bbox 3202 4333 3489 4404; x_wconf 84' lang='grc' dir='ltr'>ἀνθρώπου</span> <span class='ocrx_word' id='word_1_694' title='bbox 3519 4333 3736 4400; x_wconf 77' lang='grc' dir='ltr'>λέγοντι</span> 
     </span>
    </p>
   </div>
   <div class='ocr_carea' id='block_1_92' title="bbox 485 4424 2056 4498">
    <p class='ocr_par' dir='ltr' id='par_1_92' title="bbox 485 4424 2054 4498">
     <span class='ocr_line' id='line_1_92' title="bbox 485 4424 2054 4498; baseline -0.006 -13"><span class='ocrx_word' id='word_1_695' title='bbox 485 4431 696 4485; x_wconf 87' lang='lat' dir='ltr'><strong>tissime</strong></span> <span class='ocrx_word' id='word_1_696' title='bbox 726 4427 988 4498; x_wconf 84' lang='lat' dir='ltr'><strong>adjiciens</strong></span> <span class='ocrx_word' id='word_1_697' title='bbox 1016 4444 1030 4480; x_wconf 90' lang='lat'><strong>:</strong></span> <span class='ocrx_word' id='word_1_698' title='bbox 1057 4425 1321 4492; x_wconf 85' lang='lat' dir='ltr'><strong>Quidnam</strong></span> <span class='ocrx_word' id='word_1_699' title='bbox 1361 4432 1467 4491; x_wconf 86' lang='lat' dir='ltr'><strong>est,</strong></span> <span class='ocrx_word' id='word_1_700' title='bbox 1524 4424 1726 4493; x_wconf 85' lang='lat' dir='ltr'><strong>inquis,</strong></span> <span class='ocrx_word' id='word_1_701' title='bbox 1755 4424 1884 4478; x_wconf 86' lang='lat' dir='ltr'><strong>illud</strong></span> <span class='ocrx_word' id='word_1_702' title='bbox 1907 4439 2054 4479; x_wconf 84' lang='lat' dir='ltr'><strong>com-</strong></span> 
     </span>
    </p>
   </div>
   <div class='ocr_carea' id='block_1_93' title="bbox 2159 4424 3734 4498">
    <p class='ocr_par' dir='ltr' id='par_1_93' title="bbox 2159 4424 3734 4497">
     <span class='ocr_line' id='line_1_93' title="bbox 2159 4424 3734 4497; baseline 0.001 -22"><span class='ocrx_word' id='word_1_703' title='bbox 2159 4424 2249 4476; x_wconf 78' lang='grc' dir='ltr'><strong>τὸν</strong></span> <span class='ocrx_word' id='word_1_704' title='bbox 2284 4425 2596 4495; x_wconf 85' lang='grc' dir='ltr'>ἐρχόμενον.</span> <span class='ocrx_word' id='word_1_705' title='bbox 2639 4427 2747 4478; x_wconf 76' lang='grc' dir='ltr'><strong>Καὶ</strong></span> <span class='ocrx_word' id='word_1_706' title='bbox 2801 4429 3114 4497; x_wconf 82' lang='grc' dir='ltr'>προφητικῇ</span> <span class='ocrx_word' id='word_1_707' title='bbox 3171 4426 3446 4496; x_wconf 65' lang='grc' dir='ltr'>μαρτυρίᾳ</span> <span class='ocrx_word' id='word_1_708' title='bbox 3489 4425 3734 4495; x_wconf 78' lang='grc' dir='ltr'>βεϐαιοῖς</span> 
     </span>
    </p>
   </div>
   <div class='ocr_carea' id='block_1_94' title="bbox 484 4512 2055 4590">
    <p class='ocr_par' dir='ltr' id='par_1_94' title="bbox 484 4512 2055 4590">
     <span class='ocr_line' id='line_1_94' title="bbox 484 4512 2055 4590; baseline -0.005 -15"><span class='ocrx_word' id='word_1_709' title='bbox 484 4530 744 4590; x_wconf 90' lang='lat' dir='ltr'><strong>punctum</strong></span> <span class='ocrx_word' id='word_1_710' title='bbox 775 4517 799 4571; x_wconf 82' lang='lat'><strong>?</strong></span> <span class='ocrx_word' id='word_1_711' title='bbox 826 4517 991 4571; x_wconf 86' lang='lat' dir='ltr'><strong>Latus</strong></span> <span class='ocrx_word' id='word_1_712' title='bbox 1017 4532 1034 4580; x_wconf 85' lang='lat'><strong>;</strong></span> <span class='ocrx_word' id='word_1_713' title='bbox 1056 4515 1197 4569; x_wconf 89' lang='lat' dir='ltr'><strong>latus</strong></span> <span class='ocrx_word' id='word_1_714' title='bbox 1240 4529 1369 4569; x_wconf 82' lang='lat' dir='ltr'><strong>vero</strong></span> <span class='ocrx_word' id='word_1_715' title='bbox 1419 4512 1666 4581; x_wconf 85' lang='lat' dir='ltr'><strong>corporis</strong></span> <span class='ocrx_word' id='word_1_716' title='bbox 1690 4521 1792 4575; x_wconf 82' lang='lat' dir='ltr'><strong>est,</strong></span> <span class='ocrx_word' id='word_1_717' title='bbox 1829 4527 1897 4565; x_wconf 89' lang='lat' dir='ltr'><strong>an</strong></span> <span class='ocrx_word' id='word_1_718' title='bbox 1918 4513 2055 4567; x_wconf 76' lang='lat' dir='ltr'><strong>divi-</strong></span> 
     </span>
    </p>
   </div>
   <div class='ocr_carea' id='block_1_95' title="bbox 484 4599 2051 4676">
    <p class='ocr_par' dir='ltr' id='par_1_95' title="bbox 484 4599 2051 4676">
     <span class='ocr_line' id='line_1_95' title="bbox 484 4599 2051 4676; baseline -0.006 -11"><span class='ocrx_word' id='word_1_719' title='bbox 484 4609 712 4666; x_wconf 71' lang='lat' dir='ltr'><strong>uitatis?</strong></span> <span class='ocrx_word' id='word_1_720' title='bbox 738 4608 842 4662; x_wconf 87' lang='lat' dir='ltr'><strong>Sed</strong></span> <span class='ocrx_word' id='word_1_721' title='bbox 869 4608 916 4663; x_wconf 91' lang='lat' dir='ltr'><strong>si</strong></span> <span class='ocrx_word' id='word_1_722' title='bbox 941 4609 1030 4676; x_wconf 85' lang='lat' dir='ltr'><strong>qui</strong></span> <span class='ocrx_word' id='word_1_723' title='bbox 1051 4615 1236 4661; x_wconf 78' lang='lat' dir='ltr'><strong>essent</strong></span> <span class='ocrx_word' id='word_1_724' title='bbox 1283 4603 1375 4674; x_wconf 91' lang='lat' dir='ltr'><strong>qui</strong></span> <span class='ocrx_word' id='word_1_725' title='bbox 1402 4603 1665 4668; x_wconf 86' lang='lat' dir='ltr'><strong>dicerent,</strong></span> <span class='ocrx_word' id='word_1_726' title='bbox 1691 4602 1786 4656; x_wconf 90' lang='lat' dir='ltr'><strong>Dei</strong></span> <span class='ocrx_word' id='word_1_727' title='bbox 1815 4599 2051 4657; x_wconf 87' lang='lat' dir='ltr'><strong>Verbum</strong></span> 
     </span>
    </p>
   </div>
   <div class='ocr_carea' id='block_1_96' title="bbox 487 4692 2050 4756">
    <p class='ocr_par' dir='ltr' id='par_1_96' title="bbox 487 4692 2050 4756">
     <span class='ocr_line' id='line_1_96' title="bbox 487 4692 2050 4756; baseline -0.006 -2"><span class='ocrx_word' id='word_1_728' title='bbox 487 4716 592 4754; x_wconf 91' lang='lat' dir='ltr'><strong>non</strong></span> <span class='ocrx_word' id='word_1_729' title='bbox 653 4697 854 4751; x_wconf 79' lang='lat' dir='ltr'><strong>factum</strong></span> <span class='ocrx_word' id='word_1_730' title='bbox 910 4696 1079 4752; x_wconf 77' lang='lat' dir='ltr'><strong>fuisse</strong></span> <span class='ocrx_word' id='word_1_731' title='bbox 1131 4696 1405 4750; x_wconf 85' lang='lat' dir='ltr'><strong>hominem</strong></span> <span class='ocrx_word' id='word_1_732' title='bbox 1465 4693 1638 4749; x_wconf 79' lang='lat' dir='ltr'><strong>nostri</strong></span> <span class='ocrx_word' id='word_1_733' title='bbox 1671 4692 1924 4756; x_wconf 85' lang='lat' dir='ltr'><strong>similem,</strong></span> <span class='ocrx_word' id='word_1_734' title='bbox 1958 4693 2050 4746; x_wconf 86' lang='lat' dir='ltr'><strong>sed</strong></span> 
     </span>
    </p>
   </div>
   <div class='ocr_carea' id='block_1_97' title="bbox 485 4784 2051 4856">
    <p class='ocr_par' dir='ltr' id='par_1_97' title="bbox 485 4784 2051 4856">
     <span class='ocr_line' id='line_1_97' title="bbox 485 4784 2051 4856; baseline -0.004 -12"><span class='ocrx_word' id='word_1_735' title='bbox 485 4791 552 4844; x_wconf 82' lang='lat' dir='ltr'><strong>ad</strong></span> <span class='ocrx_word' id='word_1_736' title='bbox 577 4788 822 4843; x_wconf 89' lang='lat' dir='ltr'><strong>homines</strong></span> <span class='ocrx_word' id='word_1_737' title='bbox 838 4789 927 4856; x_wconf 91' lang='lat' dir='ltr'><strong>qui</strong></span> <span class='ocrx_word' id='word_1_738' title='bbox 958 4795 1083 4842; x_wconf 90' lang='lat' dir='ltr'><strong>sunt</strong></span> <span class='ocrx_word' id='word_1_739' title='bbox 1117 4787 1171 4841; x_wconf 90' lang='lat' dir='ltr'><strong>iu</strong></span> <span class='ocrx_word' id='word_1_740' title='bbox 1195 4787 1356 4842; x_wconf 91' lang='lat' dir='ltr'><strong>terris</strong></span> <span class='ocrx_word' id='word_1_741' title='bbox 1415 4786 1700 4841; x_wconf 86' lang='lat' dir='ltr'><strong>advenisse</strong></span> <span class='ocrx_word' id='word_1_742' title='bbox 1726 4784 1863 4839; x_wconf 89' lang='lat' dir='ltr'><strong>nuda</strong></span> <span class='ocrx_word' id='word_1_743' title='bbox 1897 4799 2051 4839; x_wconf 90' lang='lat' dir='ltr'><strong>usum</strong></span> 
     </span>
    </p>
   </div>
   <div class='ocr_carea' id='block_1_98' title="bbox 485 4880 2049 4948">
    <p class='ocr_par' dir='ltr' id='par_1_98' title="bbox 485 4880 2049 4948">
     <span class='ocr_line' id='line_1_98' title="bbox 485 4880 2049 4948; baseline -0.004 -11"><span class='ocrx_word' id='word_1_744' title='bbox 485 4881 787 4945; x_wconf 86' lang='lat' dir='ltr'><strong>divinitate,</strong></span> <span class='ocrx_word' id='word_1_745' title='bbox 841 4887 933 4933; x_wconf 90' lang='lat' dir='ltr'><strong>aut</strong></span> <span class='ocrx_word' id='word_1_746' title='bbox 984 4880 1050 4932; x_wconf 89' lang='lat' dir='ltr'><strong>ad</strong></span> <span class='ocrx_word' id='word_1_747' title='bbox 1081 4880 1254 4933; x_wconf 89' lang='lat' dir='ltr'><strong>visum</strong></span> <span class='ocrx_word' id='word_1_748' title='bbox 1311 4896 1373 4932; x_wconf 85' lang='lat' dir='ltr'><strong>ac</strong></span> <span class='ocrx_word' id='word_1_749' title='bbox 1397 4881 1658 4948; x_wconf 78' lang='lat' dir='ltr'><strong>speciem,</strong></span> <span class='ocrx_word' id='word_1_750' title='bbox 1701 4887 1756 4933; x_wconf 89' lang='lat' dir='ltr'><strong>et</strong></span> <span class='ocrx_word' id='word_1_751' title='bbox 1799 4889 2049 4948; x_wconf 86' lang='lat' dir='ltr'><strong>tanquam</strong></span> 
     </span>
    </p>
   </div>
   <div class='ocr_carea' id='block_1_99' title="bbox 486 4969 2053 5036">
    <p class='ocr_par' dir='ltr' id='par_1_99' title="bbox 486 4969 2053 5036">
     <span class='ocr_line' id='line_1_99' title="bbox 486 4969 2053 5036; baseline -0.003 -8"><span class='ocrx_word' id='word_1_752' title='bbox 486 4975 539 5028; x_wconf 92' lang='lat' dir='ltr'><strong>in</strong></span> <span class='ocrx_word' id='word_1_753' title='bbox 571 4972 785 5035; x_wconf 89' lang='lat' dir='ltr'><strong>umbra,</strong></span> <span class='ocrx_word' id='word_1_754' title='bbox 819 4977 878 5024; x_wconf 91' lang='lat' dir='ltr'><strong>ut</strong></span> <span class='ocrx_word' id='word_1_755' title='bbox 921 4970 1245 5036; x_wconf 83' lang='lat' dir='ltr'><strong>quibusdam</strong></span> <span class='ocrx_word' id='word_1_756' title='bbox 1304 4970 1483 5036; x_wconf 88' lang='lat' dir='ltr'><strong>impiis</strong></span> <span class='ocrx_word' id='word_1_757' title='bbox 1525 4969 1798 5024; x_wconf 63' lang='lat' dir='ltr'><strong>haereticis</strong></span> <span class='ocrx_word' id='word_1_758' title='bbox 1851 4970 2053 5025; x_wconf 89' lang='lat' dir='ltr'><strong>sentire</strong></span> 
     </span>
    </p>
   </div>
   <div class='ocr_carea' id='block_1_100' title="bbox 487 5056 2056 5125">
    <p class='ocr_par' dir='ltr' id='par_1_100' title="bbox 487 5056 2056 5125">
     <span class='ocr_line' id='line_1_100' title="bbox 487 5056 2056 5125; baseline -0.001 -13"><span class='ocrx_word' id='word_1_759' title='bbox 487 5063 660 5115; x_wconf 84' lang='lat' dir='ltr'><strong>visum</strong></span> <span class='ocrx_word' id='word_1_760' title='bbox 722 5069 830 5121; x_wconf 87' lang='lat' dir='ltr'><strong>est,</strong></span> <span class='ocrx_word' id='word_1_761' title='bbox 863 5057 1092 5111; x_wconf 88' lang='lat' dir='ltr'><strong>haberes</strong></span> <span class='ocrx_word' id='word_1_762' title='bbox 1153 5056 1386 5123; x_wconf 86' lang='lat' dir='ltr'><strong>aliquam</strong></span> <span class='ocrx_word' id='word_1_763' title='bbox 1446 5056 1710 5125; x_wconf 87' lang='lat' dir='ltr'><strong>ejusmodi</strong></span> <span class='ocrx_word' id='word_1_764' title='bbox 1770 5058 2056 5112; x_wconf 83' lang='lat' dir='ltr'><strong>ratiocina-</strong></span> 
     </span>
    </p>
   </div>
   <div class='ocr_carea' id='block_1_101' title="bbox 487 5144 2052 5206">
    <p class='ocr_par' dir='ltr' id='par_1_101' title="bbox 487 5144 2052 5206">
     <span class='ocr_line' id='line_1_101' title="bbox 487 5144 2052 5206; baseline -0.004 -2"><span class='ocrx_word' id='word_1_765' title='bbox 487 5151 648 5206; x_wconf 84' lang='lat' dir='ltr'><strong>tionis</strong></span> <span class='ocrx_word' id='word_1_766' title='bbox 705 5146 1081 5203; x_wconf 78' lang='lat' dir='ltr'><strong>construenda:</strong></span> <span class='ocrx_word' id='word_1_767' title='bbox 1128 5144 1466 5198; x_wconf 89' lang='lat' dir='ltr'><strong>occasionem</strong></span> <span class='ocrx_word' id='word_1_768' title='bbox 1522 5145 1660 5197; x_wconf 92' lang='lat' dir='ltr'><strong>haud</strong></span> <span class='ocrx_word' id='word_1_769' title='bbox 1719 5145 2052 5198; x_wconf 88' lang='lat' dir='ltr'><strong>absurdam:</strong></span> 
     </span>
    </p>
   </div>
   <div class='ocr_carea' id='block_1_102' title="bbox 479 5235 2058 5310">
    <p class='ocr_par' dir='ltr' id='par_1_102' title="bbox 479 5235 2058 5310">
     <span class='ocr_line' id='line_1_102' title="bbox 479 5235 2058 5310; baseline -0.004 -14"><span class='ocrx_word' id='word_1_770' title='bbox 479 5242 590 5310; x_wconf 86' lang='lat' dir='ltr'><strong>jam</strong></span> <span class='ocrx_word' id='word_1_771' title='bbox 649 5256 776 5295; x_wconf 85' lang='lat' dir='ltr'><strong>vero</strong></span> <span class='ocrx_word' id='word_1_772' title='bbox 823 5255 943 5294; x_wconf 92' lang='lat' dir='ltr'><strong>cum</strong></span> <span class='ocrx_word' id='word_1_773' title='bbox 1003 5235 1310 5306; x_wconf 62' lang='lat' dir='ltr'><strong>praedicatio</strong></span> <span class='ocrx_word' id='word_1_774' title='bbox 1369 5235 1610 5288; x_wconf 86' lang='lat' dir='ltr'><strong>veritatis</strong></span> <span class='ocrx_word' id='word_1_775' title='bbox 1663 5235 1946 5304; x_wconf 89' lang='lat' dir='ltr'><strong>perspicue</strong></span> <span class='ocrx_word' id='word_1_776' title='bbox 2001 5244 2058 5289; x_wconf 92' lang='lat' dir='ltr'><strong>et</strong></span> 
     </span>
    </p>
   </div>
   <div class='ocr_carea' id='block_1_103' title="bbox 484 5324 2052 5400">
    <p class='ocr_par' dir='ltr' id='par_1_103' title="bbox 484 5324 2052 5400">
     <span class='ocr_line' id='line_1_103' title="bbox 484 5324 2052 5400; baseline -0.004 -15"><span class='ocrx_word' id='word_1_777' title='bbox 484 5334 760 5386; x_wconf 89' lang='lat' dir='ltr'><strong>evidenter</strong></span> <span class='ocrx_word' id='word_1_778' title='bbox 794 5332 967 5400; x_wconf 90' lang='lat' dir='ltr'><strong>ipsum</strong></span> <span class='ocrx_word' id='word_1_779' title='bbox 1001 5329 1093 5382; x_wconf 88' lang='lat' dir='ltr'><strong>Dei</strong></span> <span class='ocrx_word' id='word_1_780' title='bbox 1128 5326 1360 5381; x_wconf 89' lang='lat' dir='ltr'><strong>Verbum</strong></span> <span class='ocrx_word' id='word_1_781' title='bbox 1391 5341 1608 5379; x_wconf 88' lang='lat' dir='ltr'><strong>carnem</strong></span> <span class='ocrx_word' id='word_1_782' title='bbox 1648 5324 1849 5379; x_wconf 82' lang='lat' dir='ltr'><strong>factum</strong></span> <span class='ocrx_word' id='word_1_783' title='bbox 1886 5327 2052 5390; x_wconf 91' lang='lat' dir='ltr'><strong>dicat,</strong></span> 
     </span>
    </p>
   </div>
   <div class='ocr_carea' id='block_1_104' title="bbox 482 5415 2054 5482">
    <p class='ocr_par' dir='ltr' id='par_1_104' title="bbox 482 5415 2054 5482">
     <span class='ocr_line' id='line_1_104' title="bbox 482 5415 2054 5482; baseline -0.003 -6"><span class='ocrx_word' id='word_1_784' title='bbox 482 5431 537 5476; x_wconf 86' lang='lat' dir='ltr'><strong>et</strong></span> <span class='ocrx_word' id='word_1_785' title='bbox 564 5421 726 5474; x_wconf 82' lang='lat' dir='ltr'><strong>fuisse</strong></span> <span class='ocrx_word' id='word_1_786' title='bbox 753 5419 922 5474; x_wconf 88' lang='lat' dir='ltr'><strong>nostri</strong></span> <span class='ocrx_word' id='word_1_787' title='bbox 952 5419 1203 5482; x_wconf 84' lang='lat' dir='ltr'><strong>similem,</strong></span> <span class='ocrx_word' id='word_1_788' title='bbox 1235 5423 1290 5470; x_wconf 86' lang='lat' dir='ltr'><strong>et</strong></span> <span class='ocrx_word' id='word_1_789' title='bbox 1310 5415 1501 5469; x_wconf 80' lang='lat' dir='ltr'><strong>Filium</strong></span> <span class='ocrx_word' id='word_1_790' title='bbox 1533 5416 1784 5479; x_wconf 91' lang='lat' dir='ltr'><strong>hominis,</strong></span> <span class='ocrx_word' id='word_1_791' title='bbox 1813 5425 1867 5470; x_wconf 91' lang='lat' dir='ltr'><strong>et</strong></span> <span class='ocrx_word' id='word_1_792' title='bbox 1891 5431 2054 5472; x_wconf 89' lang='lat' dir='ltr'><strong>carne</strong></span> 
     </span>
    </p>
   </div>
   <div class='ocr_carea' id='block_1_105' title="bbox 485 5509 2051 5580">
    <p class='ocr_par' dir='ltr' id='par_1_105' title="bbox 485 5509 2051 5580">
     <span class='ocr_line' id='line_1_105' title="bbox 485 5509 2051 5580; baseline -0.003 -16"><span class='ocrx_word' id='word_1_793' title='bbox 485 5519 702 5579; x_wconf 86' lang='lat' dir='ltr'><strong>propter</strong></span> <span class='ocrx_word' id='word_1_794' title='bbox 733 5525 830 5564; x_wconf 92' lang='lat' dir='ltr'><strong>nos</strong></span> <span class='ocrx_word' id='word_1_795' title='bbox 861 5526 1096 5580; x_wconf 89' lang='lat' dir='ltr'><strong>passum,</strong></span> <span class='ocrx_word' id='word_1_796' title='bbox 1130 5512 1313 5578; x_wconf 91' lang='lat' dir='ltr'><strong>sicque</strong></span> <span class='ocrx_word' id='word_1_797' title='bbox 1341 5519 1623 5562; x_wconf 91' lang='lat' dir='ltr'><strong>venturum</strong></span> <span class='ocrx_word' id='word_1_798' title='bbox 1668 5517 1724 5560; x_wconf 92' lang='lat' dir='ltr'><strong>ut</strong></span> <span class='ocrx_word' id='word_1_799' title='bbox 1758 5511 1811 5562; x_wconf 89' lang='lat' dir='ltr'><strong>in</strong></span> <span class='ocrx_word' id='word_1_800' title='bbox 1854 5509 2051 5562; x_wconf 66' lang='lat' dir='ltr'><strong>coelum</strong></span> 
     </span>
    </p>
   </div>
   <div class='ocr_carea' id='block_1_106' title="bbox 520 5681 1686 5750">
    <p class='ocr_par' dir='ltr' id='par_1_106' title="bbox 520 5681 1686 5750">
     <span class='ocr_line' id='line_1_106' title="bbox 520 5681 1686 5750; baseline -0.001 -12"><span class='ocrx_word' id='word_1_801' title='bbox 520 5683 562 5714; x_wconf 83' lang='lat'>“</span> <span class='ocrx_word' id='word_1_802' title='bbox 591 5681 823 5750; x_wconf 82' lang='lat' dir='ltr'><strong>Philipp.</strong></span> <span class='ocrx_word' id='word_1_803' title='bbox 856 5699 916 5747; x_wconf 90' lang='lat' dir='ltr'><strong>tt,</strong></span> <span class='ocrx_word' id='word_1_804' title='bbox 951 5682 1035 5748; x_wconf 83' lang='lat' dir='ltr'><strong>l0,</strong></span> <span class='ocrx_word' id='word_1_805' title='bbox 1065 5683 1148 5737; x_wconf 80' lang='grc' dir='ltr'>ιι.</span> <span class='ocrx_word' id='word_1_806' title='bbox 1227 5683 1266 5714; x_wconf 80' lang='grc'>¹¹</span> <span class='ocrx_word' id='word_1_807' title='bbox 1299 5681 1603 5749; x_wconf 84' lang='lat' dir='ltr'><strong>llabac.ttt,</strong></span> <span class='ocrx_word' id='word_1_808' title='bbox 1633 5683 1686 5737; x_wconf 85' lang='grc'><strong>’5.</strong></span> 
     </span>
    </p>
   </div>
   <div class='ocr_carea' id='block_1_107' title="bbox 2159 4514 3733 4588">
    <p class='ocr_par' dir='ltr' id='par_1_107' title="bbox 2159 4514 3733 4588">
     <span class='ocr_line' id='line_1_107' title="bbox 2159 4514 3733 4588; baseline 0.002 -22"><span class='ocrx_word' id='word_1_809' title='bbox 2159 4514 2258 4584; x_wconf 80' lang='grc' dir='ltr'><strong>τὴν</strong></span> <span class='ocrx_word' id='word_1_810' title='bbox 2295 4515 2594 4582; x_wconf 80' lang='grc' dir='ltr'>ἁπόδειξιν’</span> <span class='ocrx_word' id='word_1_811' title='bbox 2628 4517 2936 4588; x_wconf 79' lang='grc' dir='ltr'>γεγράφθαι</span> <span class='ocrx_word' id='word_1_812' title='bbox 2975 4518 3083 4588; x_wconf 85' lang='grc' dir='ltr'>γὰρ</span> <span class='ocrx_word' id='word_1_813' title='bbox 3116 4518 3258 4588; x_wconf 83' lang='grc' dir='ltr'>φής·</span> <span class='ocrx_word' id='word_1_814' title='bbox 3296 4534 3316 4568; x_wconf 70' lang='grc' dir='ltr'>ι</span> <span class='ocrx_word' id='word_1_815' title='bbox 3351 4517 3614 4585; x_wconf 78' lang='grc' dir='ltr'><strong>Ὄψονται</strong></span> <span class='ocrx_word' id='word_1_816' title='bbox 3653 4518 3733 4579; x_wconf 80' lang='grc' dir='ltr'>είς</span> 
     </span>
    </p>
   </div>
   <div class='ocr_carea' id='block_1_108' title="bbox 2164 4598 3734 4678">
    <p class='ocr_par' dir='ltr' id='par_1_108' title="bbox 2164 4598 3734 4678">
     <span class='ocr_line' id='line_1_108' title="bbox 2164 4598 3734 4678; baseline 0.004 -27"><span class='ocrx_word' id='word_1_817' title='bbox 2164 4598 2222 4651; x_wconf 83' lang='grc' dir='ltr'><strong>ὃν</strong></span> <span class='ocrx_word' id='word_1_818' title='bbox 2269 4599 2662 4674; x_wconf 81' lang='grc' dir='ltr'>ἐξεκέντησαν·</span> <span class='ocrx_word' id='word_1_819' title='bbox 2699 4623 2718 4654; x_wconf 73' lang='grc' dir='ltr'>ι</span> <span class='ocrx_word' id='word_1_820' title='bbox 2776 4606 2871 4658; x_wconf 77' lang='grc' dir='ltr'>καὶ</span> <span class='ocrx_word' id='word_1_821' title='bbox 2902 4605 2963 4657; x_wconf 78' lang='grc' dir='ltr'>τὸ</span> <span class='ocrx_word' id='word_1_822' title='bbox 2995 4606 3087 4658; x_wconf 77' lang='grc' dir='ltr'><strong>ἐπὶ</strong></span> <span class='ocrx_word' id='word_1_823' title='bbox 3125 4604 3351 4666; x_wconf 83' lang='grc' dir='ltr'>τούτων,</span> <span class='ocrx_word' id='word_1_824' title='bbox 3408 4605 3599 4678; x_wconf 83' lang='grc' dir='ltr'>ὥσπερ</span> <span class='ocrx_word' id='word_1_825' title='bbox 3640 4602 3734 4659; x_wconf 78' lang='grc' dir='ltr'>οὖν</span> 
     </span>
    </p>
   </div>
   <div class='ocr_carea' id='block_1_109' title="bbox 2158 4691 3732 4768">
    <p class='ocr_par' dir='ltr' id='par_1_109' title="bbox 2158 4691 3732 4768">
     <span class='ocr_line' id='line_1_109' title="bbox 2158 4691 3732 4768; baseline 0.005 -26"><span class='ocrx_word' id='word_1_826' title='bbox 2158 4691 2372 4764; x_wconf 80' lang='grc' dir='ltr'>ᾠήθης,</span> <span class='ocrx_word' id='word_1_827' title='bbox 2430 4696 2508 4758; x_wconf 90' lang='grc' dir='ltr'>είς</span> <span class='ocrx_word' id='word_1_828' title='bbox 2562 4697 2816 4766; x_wconf 83' lang='grc' dir='ltr'>ἐλέγχους</span> <span class='ocrx_word' id='word_1_829' title='bbox 2875 4697 3289 4768; x_wconf 73' lang='grc' dir='ltr'>εὐσθενέστερον</span> <span class='ocrx_word' id='word_1_830' title='bbox 3341 4697 3732 4752; x_wconf 84' lang='grc' dir='ltr'><strong>ἀσυνετώτατα</strong></span> 
     </span>
    </p>
   </div>
   <div class='ocr_carea' id='block_1_110' title="bbox 2161 4785 3734 4860">
    <p class='ocr_par' dir='ltr' id='par_1_110' title="bbox 2161 4785 3734 4860">
     <span class='ocr_line' id='line_1_110' title="bbox 2161 4785 3734 4860; baseline 0.004 -25"><span class='ocrx_word' id='word_1_831' title='bbox 2161 4785 2507 4855; x_wconf 86' lang='grc' dir='ltr'>προστιθείς·</span> <span class='ocrx_word' id='word_1_832' title='bbox 2541 4788 2637 4851; x_wconf 87' lang='grc' dir='ltr'><strong>Τίς</strong></span> <span class='ocrx_word' id='word_1_833' title='bbox 2667 4785 2759 4842; x_wconf 84' lang='grc' dir='ltr'>οὖν</span> <span class='ocrx_word' id='word_1_834' title='bbox 2794 4790 2948 4853; x_wconf 81' lang='grc' dir='ltr'>ἐστι,</span> <span class='ocrx_word' id='word_1_835' title='bbox 3001 4789 3184 4860; x_wconf 77' lang='grc' dir='ltr'>φησὶν,</span> <span class='ocrx_word' id='word_1_836' title='bbox 3227 4792 3255 4842; x_wconf 91' lang='lat'><strong>6</strong></span> <span class='ocrx_word' id='word_1_837' title='bbox 3305 4789 3619 4859; x_wconf 77' lang='grc' dir='ltr'>κεντηθείςς</span> <span class='ocrx_word' id='word_1_838' title='bbox 3668 4791 3734 4842; x_wconf 83' lang='grc' dir='ltr'><strong>Ἦ</strong></span> 
     </span>
    </p>
   </div>
   <div class='ocr_carea' id='block_1_111' title="bbox 2161 4873 3731 4950">
    <p class='ocr_par' dir='ltr' id='par_1_111' title="bbox 2161 4873 3731 4950">
     <span class='ocr_line' id='line_1_111' title="bbox 2161 4873 3731 4950; baseline 0.005 -25"><span class='ocrx_word' id='word_1_839' title='bbox 2161 4873 2398 4944; x_wconf 73' lang='grc' dir='ltr'>πλευρὰο</span> <span class='ocrx_word' id='word_1_840' title='bbox 2453 4877 2660 4947; x_wconf 84' lang='grc' dir='ltr'>πλευρά</span> <span class='ocrx_word' id='word_1_841' title='bbox 2712 4877 2770 4932; x_wconf 85' lang='grc' dir='ltr'>δὲ</span> <span class='ocrx_word' id='word_1_842' title='bbox 2823 4877 3072 4949; x_wconf 85' lang='grc' dir='ltr'>σώματός</span> <span class='ocrx_word' id='word_1_843' title='bbox 3135 4883 3304 4945; x_wconf 89' lang='grc' dir='ltr'>ἐστιν,</span> <span class='ocrx_word' id='word_1_844' title='bbox 3358 4880 3390 4948; x_wconf 73' lang='grc' dir='ltr'>ἢ</span> <span class='ocrx_word' id='word_1_845' title='bbox 3436 4881 3731 4950; x_wconf 85' lang='grc' dir='ltr'>θεότητος;</span> 
     </span>
    </p>
   </div>
   <div class='ocr_carea' id='block_1_112' title="bbox 2170 4967 3732 5042">
    <p class='ocr_par' dir='ltr' id='par_1_112' title="bbox 2170 4967 3732 5042">
     <span class='ocr_line' id='line_1_112' title="bbox 2170 4967 3732 5042; baseline 0.006 -24"><span class='ocrx_word' id='word_1_846' title='bbox 2170 4967 2307 5020; x_wconf 83' lang='grc' dir='ltr'>Ἀλλ’</span> <span class='ocrx_word' id='word_1_847' title='bbox 2343 4972 2391 5022; x_wconf 83' lang='grc' dir='ltr'>εί</span> <span class='ocrx_word' id='word_1_848' title='bbox 2442 4970 2538 5039; x_wconf 85' lang='grc' dir='ltr'><strong>μὲν</strong></span> <span class='ocrx_word' id='word_1_849' title='bbox 2581 4967 2723 5041; x_wconf 85' lang='grc' dir='ltr'>ἦσαν</span> <span class='ocrx_word' id='word_1_850' title='bbox 2766 4973 2910 5035; x_wconf 84' lang='grc' dir='ltr'>τινὲς</span> <span class='ocrx_word' id='word_1_851' title='bbox 2937 4975 2984 5025; x_wconf 73' lang='grc' dir='ltr'><strong>οἱ</strong></span> <span class='ocrx_word' id='word_1_852' title='bbox 3016 4972 3285 5040; x_wconf 81' lang='grc' dir='ltr'>λέγοντες,</span> <span class='ocrx_word' id='word_1_853' title='bbox 3335 4975 3410 5037; x_wconf 83' lang='grc' dir='ltr'>ὡς</span> <span class='ocrx_word' id='word_1_854' title='bbox 3434 4976 3496 5027; x_wconf 79' lang='grc' dir='ltr'>οὐ</span> <span class='ocrx_word' id='word_1_855' title='bbox 3535 4975 3732 5042; x_wconf 78' lang='grc' dir='ltr'>γέγονε</span> 
     </span>
    </p>
   </div>
   <div class='ocr_carea' id='block_1_113' title="bbox 2158 5059 3736 5152">
    <p class='ocr_par' dir='ltr' id='par_1_113' title="bbox 2158 5059 3736 5152">
     <span class='ocr_line' id='line_1_113' title="bbox 2158 5059 3736 5152; baseline 0.004 -40"><span class='ocrx_word' id='word_1_856' title='bbox 2158 5059 2279 5152; x_wconf 66' lang='grc' dir='ltr'>καθ’</span> <span class='ocrx_word' id='word_1_857' title='bbox 2310 5061 2475 5152; x_wconf 2' lang='grc' dir='ltr'>,ἡμᾶς</span> <span class='ocrx_word' id='word_1_858' title='bbox 2503 5060 2788 5152; x_wconf 77' lang='grc' dir='ltr'><strong>ἄνθρωπος</strong></span> <span class='ocrx_word' id='word_1_859' title='bbox 2825 5065 2853 5115; x_wconf 92' lang='lat'><strong>6</strong></span> <span class='ocrx_word' id='word_1_860' title='bbox 2882 5063 2976 5116; x_wconf 81' lang='grc' dir='ltr'><strong>τοῦ</strong></span> <span class='ocrx_word' id='word_1_861' title='bbox 3007 5065 3141 5118; x_wconf 77' lang='grc' dir='ltr'>Θεοῦ</span> <span class='ocrx_word' id='word_1_862' title='bbox 3168 5065 3338 5152; x_wconf 36' lang='grc' dir='ltr'>λόγος</span> <span class='ocrx_word' id='word_1_863' title='bbox 3357 5081 3371 5094; x_wconf 81' lang='grc'><strong>’</strong></span> <span class='ocrx_word' id='word_1_864' title='bbox 3399 5067 3736 5135; x_wconf 76' lang='grc' dir='ltr'>ἐπεφοίτησε</span> 
     </span>
    </p>
   </div>
   <div class='ocr_carea' id='block_1_114' title="bbox 2157 5148 3738 5226">
    <p class='ocr_par' dir='ltr' id='par_1_114' title="bbox 2157 5148 3738 5226">
     <span class='ocr_line' id='line_1_114' title="bbox 2157 5148 3738 5226; baseline 0.004 -26"><span class='ocrx_word' id='word_1_865' title='bbox 2157 5148 2213 5200; x_wconf 78' lang='grc' dir='ltr'>δὲ</span> <span class='ocrx_word' id='word_1_866' title='bbox 2244 5151 2358 5212; x_wconf 88' lang='grc' dir='ltr'>τοῖς</span> <span class='ocrx_word' id='word_1_867' title='bbox 2385 5151 2475 5202; x_wconf 79' lang='grc' dir='ltr'><strong>ἐπὶ</strong></span> <span class='ocrx_word' id='word_1_868' title='bbox 2503 5151 2626 5219; x_wconf 80' lang='grc' dir='ltr'>γῆς,</span> <span class='ocrx_word' id='word_1_869' title='bbox 2667 5155 2849 5223; x_wconf 65' lang='grc' dir='ltr'>γομνῇ</span> <span class='ocrx_word' id='word_1_870' title='bbox 2877 5156 2940 5222; x_wconf 81' lang='grc' dir='ltr'>τῇ</span> <span class='ocrx_word' id='word_1_871' title='bbox 2973 5148 3530 5225; x_wconf 73' lang='grc' dir='ltr'>θεότητιχρώμενος,</span> <span class='ocrx_word' id='word_1_872' title='bbox 3562 5158 3738 5226; x_wconf 73' lang='grc' dir='ltr'>ἤγουν</span> 
     </span>
    </p>
   </div>
   <div class='ocr_carea' id='block_1_115' title="bbox 2156 5239 3737 5314">
    <p class='ocr_par' dir='ltr' id='par_1_115' title="bbox 2156 5239 3737 5314">
     <span class='ocr_line' id='line_1_115' title="bbox 2156 5239 3737 5314; baseline 0.005 -24"><span class='ocrx_word' id='word_1_873' title='bbox 2156 5241 2213 5290; x_wconf 87' lang='grc' dir='ltr'>ἐν</span> <span class='ocrx_word' id='word_1_874' title='bbox 2240 5239 2457 5308; x_wconf 80' lang='grc' dir='ltr'>δοκήσει</span> <span class='ocrx_word' id='word_1_875' title='bbox 2483 5243 2576 5293; x_wconf 75' lang='grc' dir='ltr'><strong>καὶ</strong></span> <span class='ocrx_word' id='word_1_876' title='bbox 2611 5241 2686 5303; x_wconf 73' lang='grc' dir='ltr'>ὡς</span> <span class='ocrx_word' id='word_1_877' title='bbox 2725 5245 2780 5295; x_wconf 84' lang='grc' dir='ltr'>ἐν</span> <span class='ocrx_word' id='word_1_878' title='bbox 2816 5246 2962 5313; x_wconf 76' lang='grc' dir='ltr'>σκιᾷ,</span> <span class='ocrx_word' id='word_1_879' title='bbox 3011 5245 3151 5298; x_wconf 73' lang='grc' dir='ltr'>καθὰ</span> <span class='ocrx_word' id='word_1_880' title='bbox 3184 5249 3399 5314; x_wconf 80' lang='grc' dir='ltr'>φρονεῖν</span> <span class='ocrx_word' id='word_1_881' title='bbox 3433 5245 3580 5312; x_wconf 73' lang='grc' dir='ltr'>ἔδοξέ</span> <span class='ocrx_word' id='word_1_882' title='bbox 3619 5263 3737 5299; x_wconf 84' lang='grc' dir='ltr'>τισι</span> 
     </span>
    </p>
   </div>
   <div class='ocr_carea' id='block_1_116' title="bbox 2154 5331 3736 5408">
    <p class='ocr_par' dir='ltr' id='par_1_116' title="bbox 2154 5331 3736 5408">
     <span class='ocr_line' id='line_1_116' title="bbox 2154 5331 3736 5408; baseline 0.006 -26"><span class='ocrx_word' id='word_1_883' title='bbox 2154 5331 2264 5382; x_wconf 80' lang='grc' dir='ltr'><strong>τῶν</strong></span> <span class='ocrx_word' id='word_1_884' title='bbox 2316 5332 2545 5383; x_wconf 83' lang='grc' dir='ltr'>ἀνοσίων</span> <span class='ocrx_word' id='word_1_885' title='bbox 2589 5335 2900 5402; x_wconf 83' lang='grc' dir='ltr'>αἱρετικῶν,</span> <span class='ocrx_word' id='word_1_886' title='bbox 2949 5331 3016 5406; x_wconf 81' lang='grc' dir='ltr'><strong>ἦν</strong></span> <span class='ocrx_word' id='word_1_887' title='bbox 3063 5337 3127 5389; x_wconf 81' lang='grc' dir='ltr'><strong>ἄν</strong></span> <span class='ocrx_word' id='word_1_888' title='bbox 3182 5353 3263 5388; x_wconf 91' lang='grc' dir='ltr'>σοι</span> <span class='ocrx_word' id='word_1_889' title='bbox 3310 5338 3582 5406; x_wconf 76' lang='grc' dir='ltr'>πρόφασις</span> <span class='ocrx_word' id='word_1_890' title='bbox 3633 5341 3736 5408; x_wconf 83' lang='grc' dir='ltr'><strong>τῆς</strong></span> 
     </span>
    </p>
   </div>
   <div class='ocr_carea' id='block_1_117' title="bbox 2155 5421 3738 5499">
    <p class='ocr_par' dir='ltr' id='par_1_117' title="bbox 2155 5421 3738 5499">
     <span class='ocr_line' id='line_1_117' title="bbox 2155 5421 3738 5499; baseline 0.006 -28"><span class='ocrx_word' id='word_1_891' title='bbox 2155 5422 2368 5473; x_wconf 80' lang='grc' dir='ltr'><strong>τοιᾶσδε</strong></span> <span class='ocrx_word' id='word_1_892' title='bbox 2405 5421 2512 5473; x_wconf 78' lang='grc' dir='ltr'><strong>τῶν</strong></span> <span class='ocrx_word' id='word_1_893' title='bbox 2559 5423 2732 5488; x_wconf 79' lang='grc' dir='ltr'>λόγων</span> <span class='ocrx_word' id='word_1_894' title='bbox 2780 5427 3146 5495; x_wconf 79' lang='grc' dir='ltr'>κατασκευῆς,</span> <span class='ocrx_word' id='word_1_895' title='bbox 3184 5428 3282 5478; x_wconf 73' lang='grc' dir='ltr'>οὐκ</span> <span class='ocrx_word' id='word_1_896' title='bbox 3313 5428 3418 5492; x_wconf 78' lang='grc' dir='ltr'>ἔξω</span> <span class='ocrx_word' id='word_1_897' title='bbox 3458 5433 3738 5499; x_wconf 79' lang='grc' dir='ltr'>τρέχουσα</span> 
     </span>
    </p>
   </div>
   <div class='ocr_carea' id='block_1_118' title="bbox 2155 5509 3735 5591">
    <p class='ocr_par' dir='ltr' id='par_1_118' title="bbox 2155 5509 3735 5591">
     <span class='ocr_line' id='line_1_118' title="bbox 2155 5509 3735 5591; baseline 0.008 -31"><span class='ocrx_word' id='word_1_898' title='bbox 2155 5509 2248 5561; x_wconf 79' lang='grc' dir='ltr'><strong>τοῦ</strong></span> <span class='ocrx_word' id='word_1_899' title='bbox 2296 5511 2536 5572; x_wconf 80' lang='grc' dir='ltr'><strong>εἰκότος’</strong></span> <span class='ocrx_word' id='word_1_900' title='bbox 2588 5514 2772 5584; x_wconf 75' lang='grc' dir='ltr'>ἐπειδὴ</span> <span class='ocrx_word' id='word_1_901' title='bbox 2807 5515 2860 5567; x_wconf 83' lang='grc' dir='ltr'>δὲ</span> <span class='ocrx_word' id='word_1_902' title='bbox 2911 5516 2970 5566; x_wconf 80' lang='grc' dir='ltr'>τὸ</span> <span class='ocrx_word' id='word_1_903' title='bbox 3007 5517 3106 5585; x_wconf 78' lang='grc' dir='ltr'><strong>τῆς</strong></span> <span class='ocrx_word' id='word_1_904' title='bbox 3153 5519 3408 5587; x_wconf 81' lang='grc' dir='ltr'>ἀληθείας</span> <span class='ocrx_word' id='word_1_905' title='bbox 3440 5523 3735 5591; x_wconf 77' lang='grc' dir='ltr'>κήρυγμα,</span> 
     </span>
    </p>
   </div>
   <div class='ocr_carea' id='block_1_119' title="bbox 1766 5683 2970 5756">
    <p class='ocr_par' dir='ltr' id='par_1_119' title="bbox 1766 5683 2970 5756">
     <span class='ocr_line' id='line_1_119' title="bbox 1766 5683 2970 5756; baseline 0.007 -21"><span class='ocrx_word' id='word_1_906' title='bbox 1766 5686 1807 5716; x_wconf 82' lang='grc'>¹¹</span> <span class='ocrx_word' id='word_1_907' title='bbox 1839 5683 2026 5739; x_wconf 83' lang='lat' dir='ltr'><strong>Matth.</strong></span> <span class='ocrx_word' id='word_1_908' title='bbox 2071 5700 2216 5750; x_wconf 76' lang='lat' dir='ltr'><strong>xxiv,</strong></span> <span class='ocrx_word' id='word_1_909' title='bbox 2256 5687 2341 5740; x_wconf 84' lang='lat'><strong>&#39;50.</strong></span> <span class='ocrx_word' id='word_1_910' title='bbox 2426 5686 2718 5742; x_wconf 79' lang='lat' dir='ltr'><strong>&quot;Zachar.</strong></span> <span class='ocrx_word' id='word_1_911' title='bbox 2745 5705 2848 5756; x_wconf 77' lang='lat' dir='ltr'><strong>xu,</strong></span> <span class='ocrx_word' id='word_1_912' title='bbox 2885 5691 2970 5744; x_wconf 76' lang='grc' dir='ltr'><strong>Η).</strong></span> 
     </span>
    </p>
   </div>
  </div>
