4014 6128
289 385 396 457 tos

1348 373 1715 447 An‘vsusus
1756 370 2154 446 Nl-ZSTORIUM
2191 373 2317 444 LIB.
2364 375 2428 444 ν.
3426 379 3531 443 €206

295 514 483 582 σαφῶς
514 525 571 565 τε
602 511 696 565 καὶ
727 509 969 581 ἐναργῶς
996 509 1087 562 τὸν
1110 508 1203 562 τοῦ
1226 508 1358 573 Θεοῦ
1391 511 1560 576 Λόγον
1597 511 1774 580 σάρκα
1797 526 1858 562 τε

1966 509 2227 576 ascendit,
2260 519 2316 563 ut
2351 507 2523 580 angeli
2567 519 2696 560 voce
2749 497 3000 560 testatum
3043 513 3124 558 est
3157 503 3219 570 “*,
3267 509 3528 573 quosnam

291 603 567 672 γενέσθαι,
601 603 768 672 φησὶ,
804 601 1144 672 χρηματίσαι
1187 601 1245 653 δὲ
1277 602 1398 654 καθ’
1431 603 1578 671 ἡμᾶς
1606 603 1699 655 καὶ
1729 602 1858 656 Υἰδν

291 691 602 762 ἀνθρώπου,
630 693 721 744 καὶ
752 691 946 744 παθεῖν
978 690 1119 760 ὑπὲρ
1143 690 1299 760 ἡμῶν
1332 689 1493 760 σαρκί
1519 705 1530 718 ·
1569 689 1861 758 ἀφίξεσθαι

288 785 344 838 δὲ
372 785 465 837 καὶ
492 783 666 848 οὕτως
697 784 886 846 αὑτὸν,
908 783 983 847 ὼς
1010 783 1352 851 ἀναϐέϐηκεν
1375 784 1454 844 είς
1487 782 1576 834 τὸν
1608 782 1856 852 οὐρανόν·

293 873 429 948 [καὶ]
465 877 606 929 κατὰ
639 876 737 946 τὴν
768 874 864 928 τοῦ
894 874 1128 942 ἀγγέλου
1160 875 1364 942 φωνὴν,
1399 873 1532 944 πρὸς
1563 872 1712 936 τίνας
1744 873 1860 926 δια-

293 968 617 1036 τεινόμενος,
651 966 773 1020 εἰπέ
804 984 914 1037 μοι,
942 967 1036 1018 καὶ
1057 965 1156 1034 τὴν
1180 965 1323 1027 τίνος
1353 964 1510 1030 δόξαν
1534 964 1862 1034 κατακιεδη-

289 1059 457 1111 λεύων
489 1058 564 1119 ὡς
595 1057 784 1128 ἀμαθῆ
813 1058 909 1110 καὶ
936 1056 1233 1126 ἀσύφηλον,
1262 1055 1547 1125 ἄνθρωπον
1574 1057 1704 1125 ἡμῖν
1727 1057 1862 1107 ἀπο-

291 1149 453 1218 φῆναι.
501 1149 827 1216 φιλονεικεῖς
865 1148 956 1201 τὸν
1001 1149 1331 1218 ἐρχόμενον,
1376 1147 1618 1218 πλευρὰν
1666 1147 1862 1217 ἔχοντα

291 1240 610 1310 σωματικὴν
628 1282 643 1307 ,
672 1241 772 1309 τὴν
804 1242 872 1310 τῇ
904 1239 1073 1311 λόγχῃ
1100 1239 1558 1309 διανενυγμένην;
1592 1239 1752 1293 Ἀλλά
1781 1257 1861 1292 σοι

292 1331 512 1392 σκοπὸς,
555 1331 630 1393 ὡς
661 1329 819 1401 ἔφην,
849 1330 1130 1400 ἄνθρωπον
1160 1331 1292 1399 ἡμῖν
1313 1329 1604 1400 Θεοφόρον,
1623 1331 1717 1382 καὶ
1741 1331 1862 1399 οὐχὶ

287 1422 352 1493 δὴ
401 1423 603 1492 μᾶλλον
647 1422 780 1475 Θεὸν
809 1421 1262 1491 ὲνηνθρωπηκότα
1292 1461 1306 1486 ,
1345 1420 1745 1490 παρακομίζειν
1783 1424 1860 1483 είς

291 1515 456 1584 μέσον
489 1514 582 1567 τὸν
622 1514 991 1583 Ἐμμανουήλ.
1027 1513 1218 1581 Γέγονε
1254 1512 1360 1583 γὰρ
1393 1513 1676 1583 ἄνθρωπος
1708 1515 1736 1566 ὁ
1768 1513 1860 1566 τοῦ

286 1603 424 1655 Θεοῦ
452 1603 622 1670 Λόγος
643 1617 658 1632 ⁸
688 1602 780 1654 καὶ
810 1603 993 1664 πίστις
1011 1601 1104 1671 ἥδε
1132 1604 1251 1664 ταῖς
1282 1604 1452 1672 ἱεραῖς
1471 1618 1532 1654 τε
1562 1602 1657 1654 καὶ
1687 1601 1862 1665 θείαις

289 1690 669 1760 συμϐαίνουσα
699 1690 738 1742 Γ
743 1692 940 1760 ραφαῖς
962 1729 975 1751 ,
1023 1690 1117 1742 καὶ
1143 1689 1247 1760 τῆς
1275 1689 1640 1758 ἀποστολικῆς
1668 1707 1730 1743 τε
1769 1691 1862 1742 καὶ

287 1781 654 1852 εὐαγγελικῆς
714 1780 1059 1850 παραδόσεως
1113 1779 1334 1841 σκοπὸς,
1390 1779 1469 1839 είς
1517 1779 1651 1830 αὐτὸ
1702 1777 1860 1831 τοῦτο

1963 614 2260 669 oppugnas,
2317 600 2403 653 dic
2452 599 2602 663 mihi,
2661 599 2880 668 cujusve
2924 596 3230 665 opinionem
3277 607 3531 664 tanquam

1964 692 2182 747 stultam
2209 698 2265 746 et
2295 691 2530 758 ineptam
2570 689 2861 757 improbas,
2894 702 3016 742 cum
3063 701 3186 741 eum
3233 686 3326 754 qui
3359 686 3528 749 venit,

1965 764 2238 838 hominem
2261 796 2385 838 esse
2419 781 2575 836 nobis
2630 781 2791 852 118
2845 778 3131 836 ostendere
3161 778 3368 842 niteris,
3409 791 3534 832 cor-

1966 889 2186 944 poreum
2209 874 2352 929 latus
2387 873 2672 928 habentem
2720 873 2905 927 lancea
2962 870 3389 940 compunctum?
3427 867 3535 924 Sed

1970 965 2063 1019 tibi
2102 966 2433 1035 propositum
2467 973 2570 1030 est,
2599 973 2656 1018 ut
2703 964 2834 1028 dixi,
2873 963 3044 1032 ipsum
3081 961 3395 1016 Emmanuel
3435 962 3534 1014 ho-

1966 1059 2165 1114 minem
2197 1058 2355 1113 nobis
2389 1058 2655 1112 Deiferum
2685 1057 2737 1110 in
2770 1056 3006 1110 medium
3053 1057 3368 1124 producere,
3425 1069 3530 1109 nou

1965 1149 2130 1204 Deum
2181 1151 2452 1206 hominem
2499 1151 2739 1205 factum:
2775 1165 2899 1203 nam
2951 1150 3124 1220 ipsum
3159 1149 3249 1203 Dei
3299 1147 3532 1202 Verbum

1966 1238 2165 1293 factum
2219 1252 2299 1295 est
2353 1241 2516 1295 homo
2547 1259 2560 1294 :
2594 1242 2814 1310 lucoque
2848 1239 2980 1295 ildes
3018 1255 3142 1294 cum
3189 1239 3358 1294 sacris
3388 1239 3528 1292 divi-

1966 1329 2158 1399 nisque
2179 1328 2402 1386 Litteris
2429 1331 2701 1400 congruit,
2734 1338 2791 1384 et
2839 1329 3147 1399 apostolica:
3172 1327 3533 1398 evangelicae-

1966 1431 2072 1486 que
2123 1418 2424 1474 traditionis
2471 1434 2665 1490 secpus
2718 1420 2771 1474 iu
2830 1421 2930 1475 hoc
2976 1422 3149 1489 ipsum
3207 1419 3399 1474 tendit.
3452 1416 3534 1472 Tu

1966 1522 2096 1562 vero
2133 1523 2322 1565 rursus
2367 1511 2474 1566 alio
2519 1525 2734 1581 quoque
2760 1512 2918 1567 modo
2951 1513 3107 1567 nobis
3134 1520 3382 1581 portenta
3413 1525 3537 1565 ver-

1968 1601 2161 1652 borum
2192 1615 2401 1655 narras.
2453 1600 2690 1657 Simulus
2714 1603 2856 1656 enim
2901 1618 2996 1658 eos
3031 1603 3423 1672 reprehendere
3441 1603 3535 1670 qui

1967 1693 2149 1747 carnis
2191 1693 2597 1763 divinitatisque
2659 1705 2908 1747 naturam
2936 1694 2988 1747 in
3013 1709 3172 1747 unam
3209 1694 3538 1763 permiscent

1968 1783 2282 1845 essentiam,
2309 1781 2524 1837 tametsi
2557 1797 2715 1837 nemo
2758 1782 2851 1848 sit,
2898 1791 2957 1835 ut
3011 1783 3228 1852 Opinor,
3292 1782 3384 1851 qui
3430 1782 3536 1836 iSIa

291 1873 642 1927 συντείνεται.
693 1872 764 1923 Σὺ
798 1871 854 1923 δὲ
891 1871 954 1940 δὴ
995 1869 1179 1934 πάλιν,
1215 1868 1311 1921 καὶ
1343 1868 1465 1921 καθ’
1512 1867 1696 1936 ἕτερον
1723 1868 1857 1938 ήμῖν

1966 1871 2267 1934 confundat,
2308 1884 2402 1926 aut
2424 1874 2566 1928 inter
2589 1889 2646 1928 se
2670 1876 3041 1930 commiscent.
3067 1873 3253 1943 Itaque
3282 1874 3419 1929 dicis
3450 1892 3463 1927 :

285 1964 554 2035 τερατεύῃ
599 1951 835 2035 τρόπον’
872 1965 1090 2033 σκήπτῃ
1141 1963 1239 2033 μὲν
1289 1962 1396 2032 γὰρ
1445 1963 1702 2032 ἐπιτιμᾷν
1734 1963 1848 2024 τοῖς
1889 1964 1968 2026 είς
2015 1965 2144 2033 μίαν
2209 1965 2609 2038 κατακιρνῶσιν
2659 1968 2868 2034 οὐσίαν,
2928 1969 3026 2038 τήν
3056 1983 3114 2019 τε
3147 1965 3248 2035 τῆς
3295 1965 3531 2037 σαρκὸς,

285 2058 384 2113 καὶ
427 2059 526 2127 τὴν
568 2060 665 2129 τῆς
698 2059 950 2128 θεότητος
983 2059 1176 2126 φύσιν
1216 2058 1389 2110 καίτοι
1459 2058 1688 2127 μηδενὸς
1733 2057 1885 2120 ὄντος
1923 2058 2060 2110 ὥστε
2101 2055 2276 2129 οἶμαι,
2323 2061 2481 2113 ταυτί⁸
2528 2061 2866 2130 συγχέοντος,
2915 2061 3053 2130 μήτε
3109 2059 3219 2130 μὴν
3261 2059 3536 2130 ’ἀλλήλοις

287 2156 672 2227 συμφύροντος
692 2172 706 2185 ’
743 2157 837 2208 καὶ
867 2155 932 2224 δὴ
967 2158 1061 2208 καὶ
1091 2155 1196 2225 φής
1225 2173 1238 2184 ·

365 2247 542 2320 [Διατί
578 2249 654 2312 δὲ,
707 2249 801 2300 καὶ
845 2247 920 2310 ὡς
960 2246 1161 2315 ἀρτίως
1191 2245 1480 2315 ἠκούομεν,
1530 2246 1854 2317 ἀμφοτέροιν

2033 2241 2274 2297 Nssron.
2306 2241 2454 2312 [Cur
2483 2251 2661 2297 autem
2694 2242 2880 2307 etiam,
2909 2251 2968 2295 ut
2998 2241 3157 2310 paulu
3190 2251 3315 2297 ante
3347 2243 3534 2300 audies

283 2341 434 2394 κατά
465 2339 526 2392 σὲ
555 2337 912 2408 κεκραμένων
934 2376 947 2399 ,
979 2337 1007 2388 ὁ
1041 2335 1246 2407 Κύριος
1280 2337 1378 2408 τὴν
1420 2336 1512 2390 τοῦ
1558 2338 1856 2408 μυστηρίου

1966 2329 2174 2394 bamus,
2220 2329 2266 2384 si
2297 2340 2546 2400 utraque,
2579 2340 2636 2383 ut
2687 2341 2739 2384 tu
2767 2330 3030 2399 opinaris,
3060 2331 3344 2386 commista
3377 2343 3534 2400 sunt,

282 2431 522 2500 δύναμιν
555 2433 667 2494 τοῖς
705 2429 974 2500 μαθηταῖς
1005 2427 1347 2498 παραδιδοὺς,
1393 2427 1535 2481 οὕτω
1560 2429 1722 2498 φησί;
1772 2428 1862 2480 λα-

281 2520 406 2572 ϐὼν
435 2521 526 2571 τὸν
563 2520 745 2586 ἄρτον,
774 2518 869 2570 καὶ
896 2518 1316 2588 εὐχαριστήσας,
1348 2517 1512 2569 ἔδωκε
1541 2521 1655 2580 τοῖς
1685 2517 1859 2587 μαθη-

279 2612 416 2672 ταῖς
449 2607 634 2672 αὐτοῦ,
661 2608 836 2675 λέγων
857 2625 870 2637 ο
904 2626 922 2659 ι
956 2608 1182 2668 Λάϐετε,
1215 2608 1418 2676 φάγετε
1445 2608 1679 2669 πάντες·
1709 2608 1862 2660 τοῦτο

280 2701 416 2769 γάρ
451 2698 550 2767 μού
582 2700 699 2751 ἐστι
725 2699 788 2750 τὸ
815 2697 1028 2767 σῶμα.»
1064 2698 1212 2750 Διατί
1248 2699 1320 2768 μὴ
1350 2695 1491 2761 εἷπε,
1521 2697 1690 2750 Τοῦτό
1719 2700 1862 2752 ἐστιν

278 2792 318 2860 ἠ
363 2789 566 2860 θεότης
607 2805 708 2859 μου
735 2791 768 2858 ἡ
798 2788 939 2858 ὑπὲρ
973 2788 1125 2858 ὑμῶν
1151 2787 1430 2858 κλωμένη;
1467 2789 1577 2842 Καὶ
1617 2790 1776 2842 πάλιν
1805 2792 1864 2843 τὸ

278 2880 559 2949 ποτήριον
609 2879 718 2932 τῶν
766 2879 1083 2949 μυστηρίων
1127 2877 1318 2941 διδοὺς,
1361 2880 1458 2932 ούκ
1507 2877 1660 2934 εἶπε·
1697 2882 1865 2935 Τοῦτό

277 2963 439 3023 ἐστιν
461 2973 494 3039 ὴ
520 2969 766 3040 θεότηςή
798 2971 936 3040 ὑπὲρ
965 2970 1117 3040 ὑμῶν
1144 2971 1460 3040 ἐκχεομένη·
1483 2971 1636 3034 ἀλλὰ,
1658 2992 1676 3023 ι
1695 2974 1866 3026 Τοῦτό

1966 2423 2226 2477 Dominus
2258 2433 2445 2477 uoster
2488 2438 2607 2478 cum
2645 2423 2887 2493 mysterii
2947 2424 3050 2477 vim
3102 2424 3380 2494 discipulis
3425 2436 3536 2481 tra-

1964 2516 2132 2578 deret,
2179 2516 2258 2569 sic
2303 2516 2435 2570 dicit
2469 2534 2482 2569 :
2519 2533 2536 2566 ι
2572 2515 2832 2582 Accipite,
2857 2515 3122 2569 comedite
3167 2529 3354 2571 omnes
3389 2539 3400 2572 :
3435 2517 3535 2573 hoc

1967 2612 2049 2656 est
2078 2603 2220 2657 enim
2250 2617 2444 2672 corpus
2470 2619 2642 2656 meum
2669 2587 2756 2657 ιιι
2787 2621 2806 2654 ι
2832 2619 2930 2658 cur
2966 2620 3070 2658 non
3097 2604 3228 2660 dixit
3259 2623 3273 2660 :
3315 2605 3427 2661 Hoc
3454 2617 3536 2662 est

1968 2692 2220 2746 divinitas
2252 2707 2366 2746 mea
2403 2707 2520 2762 quae
2545 2707 2642 2760 pro
2671 2693 2823 2748 vobis
2848 2688 3116 2763 frangitur
3143 2696 3166 2749 ἲ
3195 2697 3536 2767 Rursumque

1968 2799 2090 2839 cum
2143 2784 2391 2852 poculum
2443 2782 2825 2853 mysteriorum
2865 2784 3040 2849 daret,
3067 2800 3171 2838 non
3201 2786 3336 2841 dixit
3370 2806 3384 2841 :
3423 2787 3536 2844 Hoc

1970 2884 2052 2930 est
2082 2875 2334 2928 divinitas
2364 2886 2484 2943 qua:
2525 2887 2623 2942 pro
2670 2873 2822 2927 vobis
2845 2872 3158 2939 effunditur,
3193 2875 3291 2930 sed
3327 2894 3340 2930 :
3382 2893 3401 2927 ι
3433 2875 3533 2932 llic

1969 2977 2054 3022 est
2093 2967 2312 3035 sanguis
2337 2979 2487 3020 meus
2510 2965 2600 3033 qui
2627 2979 2726 3034 pro
2753 2963 2903 3019 vobis
2945 2963 3313 3020 eii‘uuditurin
3346 2968 3535 3024 remis"-

277 3063 402 3115 km
439 3061 500 3113 τὸ
532 3055 674 3131 αἷμά
725 3077 826 3130 μου
872 3061 932 3114 τὸ
972 3062 1109 3132 ὑπὲρ
1155 3060 1308 3131 ὑμῶν
1353 3062 1744 3134 ὲκχυνόμενονη
1787 3067 1863 3128 εἰς

1971 3060 2174 3114 sionem
2199 3068 2539 3129 peccatorum
2575 3057 2637 3111 ⁸⁸.
2671 3055 2726 3128 ι]

279 3154 488 3220 ἄφεσιν
517 3127 915 3224 ἀμαρτιιῦν.›]
1080 3127 1091 3132 ⁷
1195 3127 1206 3131 -
1339 3158 1351 3174 ’
1421 3127 1450 3132 Π
1554 3127 1565 3134 ⁷
1734 3127 1739 3129 γ
1850 3127 1936 3184 γε

895 3265 1146 3321 ΚΕΦΑΛ.
1189 3265 1262 3317 Z'.

2649 3249 2802 3312 CAP.
2837 3247 2948 3310 νη.

2037 3377 2303 3460 Perquam
2337 3391 2559 3446 stultum
2611 3405 2743 3454 sane
2792 3405 2915 3446 esse
2957 3390 3023 3446 iis
3076 3393 3348 3448 adversari
3397 3396 3534 3452 velle

1967 3482 2055 3552 qui
2074 3482 2203 3536 nulli
2239 3491 2382 3547 sunt,
2407 3491 2459 3537 et
2483 3482 2678 3539 frustra
2701 3483 3044 3550 contendere,
3071 3483 3234 3555 idque
3266 3487 3332 3541 ad
3360 3502 3532 3558 oppu-

1967 3575 2237 3643 gnandum
2271 3590 2485 3629 sumere
2530 3577 2672 3645 quod
2731 3575 2962 3632 fortasse
3019 3578 3225 3633 nemini
3287 3595 3526 3649 unquam

351 3394 486 3447 Ὅτι
519 3394 621 3463 μὲν
639 3392 732 3448 οὖν
760 3394 953 3466 εὔηθες
975 3396 1175 3466 κομιδῆ
1199 3398 1259 3450 τὸ
1282 3399 1662 3471 ἀντιτετάχθαι
1689 3402 1865 3455 δοκεῖν

272 3487 388 3546 τοῖς
430 3484 537 3536 οὐκ
571 3480 721 3537 οὖσιν
758 3483 929 3550 ὅλως,
968 3487 1060 3537 καὶ
1091 3485 1408 3554 ἀντεξάγειν
1438 3487 1561 3556 είκῆ
1589 3528 1604 3552 ,
1632 3488 1868 3558 ,δεχομέ-

274 3589 406 3636 νους
435 3577 523 3636 εἰς
553 3575 871 3627 ἀντίστασιν
927 3575 989 3627 τὸ
1029 3575 1219 3645 μηδενί
1264 3591 1366 3628 που
1398 3577 1542 3647 τάχα
1572 3578 1796 3644 δοκοῦν,
1831 3579 1864 3649 ἢ

272 3668 531 3732 φρονεῖν,
565 3664 597 3733 ἢ
625 3664 828 3731 λέγειν,
861 3665 979 3728 πῶς
1008 3666 1105 3736 οὐχ
1138 3667 1341 3722 ἅπασιν
1365 3669 1628 3738 ὲναργές;
1660 3670 1722 3721 El
1756 3670 1866 3739 γὰρ

269 3751 336 3821 δή
389 3771 484 3816 τις
525 3754 700 3806 ἕλοιτο
733 3755 1086 3823 φιλονεικεῖν,
1137 3759 1218 3809 ὅτι
1261 3758 1335 3828 μὴ
1370 3758 1532 3820 ἵππος
1574 3759 1693 3810 ἐστὶ
1726 3757 1867 3812 κατὰ

270 3843 450 3910 φύσιν
483 3845 512 3894 ὁ
550 3843 713 3910 βοῦς,
752 3845 888 3915 μήτε
922 3845 1028 3915 μὴν
1067 3848 1096 3898 ὁ
1131 3847 1416 3918 ἄνθρωπος
1473 3850 1672 3914 ἵππος,
1711 3848 1868 3901 τοῦτο

265 3935 535 4002 φρονεῖν,
564 3933 596 4002 ἢ
626 3934 805 4001 λέγειν
837 3935 1164 4005 ἀνεχομένου
1191 3938 1439 4008 μηδενὸς,
1469 3939 1588 4002 πῶς
1616 3940 1676 3993 ού
1703 3957 1865 3994 κατα·

263 4014 586 4092 γέλαστος,
618 4026 711 4078 καὶ
740 4028 875 4096 πρός
902 4043 966 4094 γε
995 4027 1167 4098 τούτῳ
1200 4030 1573 4100 είκαιόμυθος,
1618 4033 1696 4094 είς
1725 4032 1865 4102 ἀέρα

260 4115 508 4186 δαίρων,
556 4117 649 4168 καὶ
693 4117 978 4172 πυκτεύων
1022 4120 1107 4170 ἐπ’
1138 4118 1354 4189 ἀδήλοις
1377 4161 1392 4184 ,
1444 4122 1538 4172 καὶ
1569 4122 1656 4174 ἐπ’
1689 4122 1863 4177 ούδενὶ

259 4207 380 4260 τῶν
434 4207 824 4277 προκειμένων
859 4209 1090 4280 ἱδρῶτας
1139 4211 1317 4281 ἐαυτῷ
1363 4214 1457 4266 καὶ
1506 4214 1695 4278 πόνους
1739 4217 1856 4268 ὲπι-

257 4299 452 4364 νοῶν;
489 4300 707 4369 Χρῆναι
738 4300 846 4369 γὰρ
874 4300 1053 4368 ἔγωγέ
1079 4318 1220 4371 φημι
1275 4304 1704 4372 προῦποκεῖσθαί
1727 4323 1778 4359 τι
1803 4306 1863 4357 τὸ

255 4389 716 4460 ὡμολογημένον
737 4406 749 4418 ·
789 4391 854 4442 ἵν’
885 4393 942 4444 ὲν
977 4393 1166 4462 κόσμῳ
1199 4393 1263 4463 δὴ
1299 4393 1416 4446 τότε
1443 4395 1512 4446 τὰ
1542 4398 1671 4465 παρ’
1704 4396 1862 4465 ἡμῶν

251 4481 672 4548 ἀντεπάγοιτο.
706 4482 852 4550 Πλὴν
883 4484 1057 4535 ἐκεῖνο
1086 4483 1255 4553 ἴωμεν
1305 4483 1423 4556 [ἵσ.
1457 4486 1739 4558 εἴπωμεν]
1769 4503 1780 4514 ·
1811 4490 1859 4540 εἰ

256 4571 363 4638 μὲν
394 4571 521 4640 γάρ
553 4588 639 4633 τις
669 4567 737 4641 ἦν
767 4573 795 4623 ὁ
823 4574 988 4640 φάναι
1019 4573 1252 4643 τολμῶν,
1301 4577 1382 4638 είς
1425 4577 1524 4646 τὴν
1573 4577 1714 4631 κατὰ
1747 4578 1858 4647 (51)

246 4659 350 4712 τοῦ
408 4659 687 4729 σώματος
737 4662 1203 4731 μεταπεποιῆσθαι
1255 4663 1415 4731 φύσιν
1469 4665 1559 4718 τὸν
1611 4667 1675 4717 ὲκ
1723 4664 1857 4718 θεοῖ

249 4751 466 4817 Λόγον,
528 4751 828 4820 ἐπαιτιῷτό
853 4769 936 4815 τις
983 4753 1048 4805 ἂν
1081 4753 1175 4806 καὶ
1208 4752 1351 4823 μάλα
1385 4754 1630 4821 εἰκότως,
1663 4756 1745 4808 ὅτι
1783 4758 1857 4825 μὴ

245 4842 474 4906 μᾶλλον
511 4840 630 4908 ἔφη
654 4839 715 4892 τὸ
746 4839 904 4911 σῶμα
935 4842 1139 4906 διδούς
1174 4844 1403 4909 Λάϐετε,
1442 4845 1666 4913 φάγετε,
1700 4846 1857 4898 τοῦτο

245 4933 357 5001 μού
387 4935 564 4984 ἐστιν
589 4933 624 5001 ἡ
648 4931 839 5004 θεότης
870 4936 902 5004 ἡ
932 4935 1072 5004 ὑπὲρ
1099 4935 1256 5006 ὑμῶν
1282 4935 1560 5008 κλωμένη,
1579 4941 1671 4991 καὶ
1699 4939 1858 4991 τοῦτό

240 5027 404 5079 ἐστιν
443 5026 516 5078 οὐ
553 5024 622 5076 τὸ
647 5019 788 5094 αἷμά
815 5042 915 5094 μου
953 5025 1174 5094 μᾶλλον,
1206 5023 1322 5079 ἀλλ’
1356 5029 1388 5097 ἡ
1429 5026 1620 5097 θεότης
1648 5030 1678 5097 ἡ
1718 5028 1857 5097 ὑπὲρ

242 5117 411 5186 ὑμῶν
448 5112 797 5187 ἐκχεομένη.
839 5118 1050 5188 Ἐπειδὴ
1085 5118 1143 5170 δὲ
1169 5118 1300 5181 Θεὸς
1333 5117 1411 5172 ὣν
1442 5120 1471 5172 ὁ
1502 5120 1698 5187 Λόγος,
1730 5121 1860 5174 ῐδιον

239 5209 579 5278 ἐποιήσατο
609 5207 772 5277 σῶμα
807 5207 866 5260 τὸ
895 5209 956 5258 ὲκ
982 5207 1256 5275 γυναικὸς,
1316 5210 1621 5272 ἀλλοίωσιν,
1659 5211 1691 5281 ἢ
1734 5227 1858 5279 τρο-

241 5307 356 5368 πην
417 5300 706 5368 οωεμίαν
756 5298 1226 5367 ὑπομεμενηκὼς,
1275 5300 1388 5364 πῶς
1436 5302 1533 5353 οὐκ
1579 5302 1683 5354 ἔδει
1725 5301 1860 5370 πρὸς

1967 3757 2124 3813 nibus
2168 3772 2290 3813 esse
2322 3757 2442 3827 quis
2473 3756 2679 3827 neget?
2712 3756 2846 3812 Nam
2890 3758 2937 3812 si
2971 3763 3094 3827 quis
3139 3760 3270 3815 velit
3307 3772 3532 3818 conten-

1968 3845 2109 3901 tiose
2153 3845 2393 3901 refutare
2422 3848 2614 3902 bovem
2657 3861 2764 3902 non
2814 3861 2936 3901 esse
2980 3862 3045 3901 ex
3080 3858 3269 3903 natura
3308 3864 3530 3919 equum,

1967 3951 2139 4007 neque
2165 3938 2440 3992 hominem
2498 3951 2717 4006 equum,
2774 3936 2987 3993 nemine
3027 3937 3080 3991 id
3125 3939 3396 3994 sentiente
3437 3951 3532 3995 aut

1964 4028 2196 4092 dicente,
2230 4044 2412 4084 nonne
2457 4029 2527 4083 sit
2563 4029 2842 4094 ridiculus,
2897 4039 2950 4084 et
3001 4041 3260 4100 praeterea
3305 4047 3532 4101 nugator

1965 4133 2154 4182 vanus,
2186 4133 2366 4173 aerem
2427 4119 2740 4184 verberans,
2779 4129 2835 4175 et
2870 4136 3112 4190 pugnans
3151 4123 3205 4177 in
3235 4123 3524 4192 incertum,

1965 4224 2018 4265 et
2046 4210 2188 4265 nulla
2256 4225 2314 4264 re
2370 4210 2642 4278 "proposita
2700 4211 2802 4267 sibi
2856 4212 3135 4270 molestias
3190 4229 3256 4270 ac
3313 4215 3530 4272 labores

1965 4315 2243 4356 assumens
2268 4301 2291 4354 ?
2315 4299 2576 4369 Oportere
2597 4303 2739 4358 enim
2767 4303 3012 4373 equidem
3047 4313 3198 4376 puto,
3233 4306 3383 4376 prius
3412 4322 3531 4375 pro-

1967 4393 2200 4460 positum
2251 4407 2372 4448 esse
2429 4393 2629 4463 aliquid
2662 4395 2714 4449 in
2741 4395 3014 4461 confesso,
3069 4406 3126 4451 ut
3182 4397 3287 4452 rite
3348 4408 3458 4452 tum
3498 4414 3529 4453 a

1970 4483 2122 4536 nobis
2183 4482 2438 4539 refutatio
2521 4487 3321 4557 subjungatur;verumtamen
3400 4489 3532 4544 illud

1966 4572 2249 4628 dicendum
2314 4576 2528 4630 videtur
2560 4595 2573 4630 :
2605 4593 2728 4632 nam
2765 4578 2810 4632 si
2835 4586 2978 4632 esset
3010 4578 3099 4645 qui
3137 4577 3320 4634 dicere
3360 4580 3530 4636 aude-

1966 4673 2066 4728 ret,
2098 4665 2268 4735 ipsum
2295 4665 2393 4722 Dei
2432 4665 2668 4722 Verbum
2721 4669 2774 4721 in
2833 4668 3075 4738 corporis
3127 4681 3374 4726 naturam
3408 4687 3531 4729 esse

1967 4767 2250 4822 mutatum,
2285 4769 2563 4814 accusaret
2586 4759 2869 4828 quispiam,
2898 4771 2952 4815 et
2980 4762 3191 4834 quidem
3212 4763 3354 4833 jure,
3386 4766 3532 4834 quod

1969 4863 2076 4902 non
2113 4850 2339 4904 dixisset
2377 4865 2495 4904 cum
2554 4865 2750 4918 corpus
2796 4852 2949 4908 daret
2980 4869 2993 4905 :
3023 4855 3282 4923 Accipite,
3307 4857 3532 4910 mandu-

1966 4947 2106 5004 cate,
2131 4940 2231 4994 hoc
2259 4949 2342 4993 est
2369 4955 2484 4994 mea
2527 4941 2785 4996 divinitas
2817 4957 2939 5012 quae
3004 4958 3102 5012 pro
3134 4945 3288 4998 vobis
3329 4943 3531 5011 frangi-

1970 5039 2074 5094 tur,
2107 5031 2279 5086 ethoc
2300 5039 2384 5085 est
2408 5045 2514 5086 non
2541 5033 2760 5100 sanguis
2802 5046 2976 5097 meus,
3011 5034 3103 5087 sed
3126 5032 3380 5086 divinitas
3409 5043 3530 5098 quae

1968 5135 2063 5188 pro
2117 5119 2269 5174 vobis
2331 5119 2623 5178 eﬂ'unditur
2650 5138 2664 5174 :
2691 5137 2833 5176 nunc
2876 5137 3005 5175 vero
3040 5135 3162 5174 cum
3193 5120 3366 5186 ipsum
3395 5118 3532 5172 Ven

1969 5211 2114 5274 bum,
2152 5211 2293 5278 quod
2335 5212 2472 5267 Deus
2500 5222 2636 5275 erat,
2666 5213 2941 5280 proprium
2979 5211 3086 5264 sibi
3129 5209 3320 5261 fecerit
3373 5208 3530 5278 119

1968 5315 2162 5369 corpus
2194 5313 2373 5356 natum
2396 5317 2461 5358 ex
2510 5302 2754 5369 muliere,
2797 5317 2972 5372 neque
3000 5300 3160 5355 ullam
3204 5308 3294 5353 aut
3333 5299 3533 5356 altera-

1896 4453 1942 4511 D

317 5462 364 5491 ⁸⁸
396 5461 542 5512 Act.
579 5455 734 5519 1,“.
808 5455 850 5486 “
880 5455 1066 5510 Matth.
1108 5454 1363 5514 “v.96.
1444 5453 1484 5485 ⁸⁸
1519 5456 1646 5509 ibid.
1672 5455 1761 5508 27.

1545 5605 1701 5660 ANT.
1749 5607 2013 5660 AGliLLll
2056 5605 2282 5660 ΝΟΤΑο.

307 5769 434 5842 (Si)
464 5760 814 5832 Prmpositio
848 5760 983 5813 κατά
1021 5762 1230 5813 videtur
1260 5774 1609 5828 supervacua.

1967 3677 2060 3720 aut
2081 3669 2304 3732 sentire,
2340 3677 2434 3722 aut
2462 3667 2638 3738 eloqui
2696 3667 2871 3722 visum
2903 3677 3007 3735 est,
3039 3671 3384 3739 perspicuum
3415 3687 3533 3726 om-
3599 3681 3618 3696 κ
