4014 6128
473 375 577 430 207

1465 369 1520 424 S.
1563 369 1827 425 CYRlLLl
1869 367 2331 426 ALEXANDRINI
2369 371 2684 428 ARCHIEP.

3608 374 3713 432 208

477 492 699 552 tionem,
734 496 826 540 aut
875 487 1228 541 mutationem
1273 482 1576 556 pertulerit,
1629 487 1899 555 quomodo
1939 500 2044 541 non

2147 489 2295 557 ἡμᾶς
2338 489 2400 541 οὐ
2451 487 2850 557 ψευδοεποῦντα
2905 487 3102 558 λέγειν,
3131 491 3213 544 ὅτι
3257 492 3304 542 «Ὗ
3333 490 3564 557 Λάϐετε,
3617 493 3715 561 φάη

475 594 688 649 acqnum
767 578 868 631 fuit
933 578 1049 632 sine
1108 578 1214 632 ullo
1271 579 1548 632 mendacio
1601 577 1754 631 nobis
1812 579 2042 633 dicere:

391 689 393 692 ‘
482 688 500 721 ι
533 669 796 738 Accipite,
826 669 1114 734 comedite,
1141 669 1243 723 hoc
1268 677 1350 724 est
1377 683 1575 738 corpus
1606 685 1782 723 meum
1809 669 1832 722 ?
1863 688 1881 720 ι
1910 667 2043 724 Cum

479 769 658 814 autem
719 767 862 813 esset
912 758 1022 810 vita
1065 766 1319 827 tanquam
1371 757 1534 822 Deus,
1569 759 1733 812 vitam
1769 758 1929 813 simul
1991 769 2047 812 et

477 850 747 903 viviﬂcum
780 847 911 901 illud
958 845 1156 901 etl‘ecil.
1207 845 1377 916 Igitur
1402 848 1447 902 si
1483 848 1758 918 paululum
1805 849 1872 902 ad
1903 846 2046 902 veri-

481 949 646 993 tatem
666 935 965 1005 aspexeris,
987 946 1040 991 te
1069 938 1184 1006 ipse
1220 941 1286 992 de
1320 939 1754 1008 supervacuitate
1779 940 2045 994 sermonis

2148 595 2294 646 γετε,
2341 579 2500 632 τοῦτό
2529 579 2630 650 μού
2665 581 2779 632 ἐστι
2805 579 2866 632 τὸ
2900 579 3091 650 σῶμας
3132 600 3151 632 ι
3187 581 3308 652 Ζωὴ
3353 581 3412 634 δὲ
3455 581 3717 653 ὑπάρχων

2147 670 2221 732 ὡς
2258 669 2409 735 Θεὸς,
2441 668 2585 740 ζωὴν
2616 671 2707 722 καὶ
2752 669 3015 734 ζωοποιὸν
3041 672 3321 742 ἀπέφηνεν
3347 673 3498 726 αύτό.
3528 674 3714 744 Βραχὺ

2145 762 2436 833 τοιγαροῦν
2479 762 2766 831 ἀναμύσας
2812 763 2951 834 πρὸς
2981 763 3041 816 τὸ
3087 765 3306 835 ἀληθὲς,
3359 761 3717 835 αύτὸ,οἷμαι,

2147 853 2288 906 κατά
2340 852 2566 906 σεαυτοῦ
2614 852 2676 905 τὸ
2730 853 2980 923 περιττὸν
3027 857 3107 919 είς
3161 855 3352 923 λόγους
3414 855 3716 926 καθοριεῖς,

2149 942 2486 1014 βατταρίζων
2550 944 2858 1013 πανταχοῦ,
2925 946 3020 998 καὶ
3090 949 3204 1011 τοῖς
3273 949 3375 1018 τῆς
3436 946 3719 1009 εὐσεϐείας

477 1028 776 1092 accusabis,
858 1041 983 1082 cum
1054 1029 1253 1098 ubique
1323 1034 1564 1100 nngeris,
1641 1040 1695 1084 et
1759 1031 2044 1084 adversum

478 1121 727 1190 dogmata
756 1120 974 1189 pietatis
1005 1131 1154 1174 tuum
1180 1122 1322 1176 hunc
1344 1123 1704 1177 adulteratum
1737 1121 2045 1177 molestum-
2072 1162 2074 1165 ι

477 1225 581 1279 que
606 1225 910 1266 sermonem
961 1211 1335 1282 imprudenter
1373 1228 1634 1283 opponas.

737 1343 1139 1432 TOMUS
1214 1346 1784 1449 QUINTUS.

2431 1271 2813 1424 ΤΟΜΟΣ
2873 1337 3451 1424 ΠΕΜΠΤΟΣ.

548 1491 823 1546 Gloriatur
877 1491 1066 1546 beatus
1095 1489 1294 1544 Paulus
1327 1489 1393 1544 de
1421 1489 1623 1545 Christi
1684 1492 2046 1560 passionibus,

2233 1490 2680 1561 Ἐπισεμνύνεται
2722 1491 2820 1560 μὲν
2848 1492 2876 1543 ὀ
2914 1491 3198 1554 θεσπέσιος
3224 1491 3434 1555 Παῦλος
3473 1494 3588 1554 τοῖς
3620 1508 3721 1543 πα·

395 1651 406 1662 .
477 1593 532 1637 et
563 1584 639 1636 ait
691 1596 835 1636 nunc
874 1582 1133 1648 quidem:
1165 1599 1183 1632 ι
1222 1580 1350 1634 Mihi
1378 1582 1521 1636 absit
1570 1582 1814 1652 gloriari,
1858 1585 1959 1639 nisi
1992 1585 2046 1640 in

2151 1580 2357 1653 θήμασι
2423 1582 2518 1635 τοῦ
2583 1583 2857 1654 Χριστοῦ,
2924 1583 3016 1637 καί
3070 1600 3234 1652 φησι,
3294 1583 3382 1636 6τέ
3430 1583 3570 1654 μὲν,
3638 1584 3722 1635 ὄτι

479 1688 644 1728 cruce
667 1673 890 1739 Christi,
929 1687 1022 1742 per
1064 1687 1220 1741 quem
1290 1674 1421 1727 mihi
1468 1674 1699 1729 mundus
1759 1676 2049 1733 cruciﬁxus

2157 1694 2174 1726 ι
2198 1674 2354 1744 Ἐμοὶ
2387 1675 2483 1744 μὲν
2519 1674 2620 1746 [δὲ]
2657 1676 2730 1746 μὴ
2761 1676 2971 1745 γένοιτο
2995 1676 3318 1745 καυχᾶσθαι,
3349 1677 3397 1728 εί
3438 1676 3513 1748 μὴ
3552 1678 3610 1728 ἐν
3645 1677 3724 1747 τῷ

480 1776 584 1832 est,
606 1775 661 1820 et
682 1781 782 1835 ego
813 1767 1010 1819 mundo
1049 1766 1128 1832 17;
1169 1785 1188 1816 ι
1217 1780 1358 1820 nunc
1399 1780 1630 1821 rursus:
1667 1786 1686 1818 ι
1744 1767 1859 1822 Non
1903 1769 2044 1823 enim

2153 1762 2373 1833 σταυρῷ
2395 1765 2487 1816 τοῦ
2510 1765 2768 1836 Χριστοῦ,
2793 1765 2859 1817 δι’
2891 1760 2949 1818 οὗ
2979 1767 3101 1834 ἐμοὶ
3132 1766 3334 1834 κόσμος
3358 1767 3722 1837 ἐσταύρωται,

387 1869 396 1882 '
480 1859 740 1913 erubesco
775 1856 1121 1927 Evangelium
1145 1875 1161 1925 ;
1189 1857 1360 1912 virtus
1382 1860 1530 1912 enim
1573 1860 1665 1913 Dei
1710 1868 1794 1913 est
1823 1860 1875 1913 in
1904 1860 2048 1913 salu-

2149 1852 2304 1920 κάγὼ
2465 1832 2682 1924 κόσμῳ·
2727 1874 2744 1906 ι
2771 1855 2860 1908 ότέ
2919 1855 2973 1907 δὲ
3001 1832 3067 1909 αὖ
3094 1872 3106 1885 ·
3145 1876 3164 1906 ι
3315 1856 3422 1927 γὰρ
3456 1832 3726 1925 ἐπαισχύ-

484 1959 588 2003 tein
639 1949 784 2002 omni
827 1947 1094 2012 credenti,
1129 1945 1314 2002 Judaeo
1371 1949 1600 2018 primum
1623 1959 1676 2004 et
1705 1950 1892 2005 Graeco
1923 1950 1986 2004 ¹⁸.
2023 1968 2040 2002 ι

2150 1961 2311 2014 νομαι
2335 1944 2394 1998 τὸ
2409 1946 2758 2014 Εὐαγγέλιον·
2787 1946 3017 2018 δύναμις
3045 1949 3152 2018 γὰρ
3181 1948 3314 2001 Θεοῦ
3344 1950 3490 2001 ἐστιν
3516 1950 3597 2010 είς
3622 1965 3729 1999 σω-

479 2043 655 2110 Atque
689 2041 913 2098 inhunc
952 2041 1169 2095 modum
1213 2041 1302 2096 ille
1334 2041 1416 2094 vir
1455 2041 1658 2111 Spiritu
1714 2043 1804 2098 Dei
1855 2043 2048 2112 plenus

2147 2037 2343 2108 τηρίαν
2375 2039 2541 2090 παντὶ
2565 2037 2641 2108 τῷ
2673 2039 3000 2101 πιστεύοντι,
3047 2040 3283 2109 Ἰουδαίῳ
3308 2057 3364 2094 τε
3399 2039 3602 2111 πρώτῳ
3632 2040 3729 2110 κοιὶζ

479 2147 532 2188 et
557 2133 655 2187 sibi
687 2133 1025 2187 sentiendum
1061 2133 1338 2197 censebat,
1363 2142 1418 2190 et
1447 2142 1673 2189 caeteros
1701 2135 2041 2190 imbuendos.

2153 2127 2394 2196 Ἕλληνι.
2433 2117 2451 2178 ὁ
2504 2127 2639 2180 ‘AD.’
2674 2123 2773 2181 ὧδε
2813 2129 2908 2198 μὲν
2941 2129 2969 2181 ὁ
2993 2129 3441 2201 Πνευματοφόρος
3471 2130 3627 2200 ἠξίου
3667 2147 3728 2182 τε

478 2223 665 2293 Neque
713 2222 859 2277 enim
915 2222 1031 2278 haec
1082 2222 1286 2278 frustra
1339 2225 1582 2293 scripsit,
1638 2226 1731 2279 sed
1785 2235 1842 2279 ut
1891 2227 2046 2282 nobis

2151 2219 2369 2288 φρονεῖν
2404 2217 2586 2284 αὐτὸς,
2618 2219 2712 2271 καὶ
2759 2219 2864 2290 μὴν
2911 2221 3004 2273 καὶ
3036 2221 3259 2290 ἐτέρους
3323 2223 3727 2290 μυσταγωγεῖν.

2147 1035 2415 1107 δόγμασιν
2449 1037 2724 1100 ἀσυνέτως
2748 1038 3072 1102 ἀντανιστάς
3105 1040 3198 1093 τὸν
3235 1041 3565 1111 παράσημον
3595 1058 3718 1093 του.

2147 1127 2262 1182 τονὶ
2297 1127 2392 1181 καὶ
2425 1127 2640 1197 ἀτερπῆ
2680 1146 2772 1183 σου
2804 1128 2982 1198 λόγον.

480 2314 854 2384 persuaderet,
900 2322 958 2368 ut
989 2314 1362 2384 integritatem
1388 2315 1507 2386 ejus
1552 2330 1671 2385 quae
1713 2317 1769 2370 in
1813 2315 1904 2370 illo
1932 2328 2051 2373 erat

481 2405 601 2460 tidei
661 2403 941 2457 studentes
997 2402 1264 2467 aemulari,
1321 2403 1388 2458 de
1459 2402 1661 2458 Christi
1708 2405 2050 2472 passionibus

479 2495 790 2564 gloriemur.
815 2492 919 2546 Sed
949 2492 1191 2546 nonnulli
1217 2493 1281 2546 dc
1299 2507 1459 2546 cruce
1482 2493 1682 2548 Christi
1700 2496 2047 2561 erubescunt,

480 2595 537 2640 et
562 2584 876 2638 doctoribus
903 2583 993 2651 qui
1030 2597 1126 2650 per
1146 2582 1331 2636 orbem
1385 2593 1653 2638 terrarum
1696 2587 2045 2654 exstiterunt,

481 2681 606 2748 quia
659 2676 933 2732 contraria
979 2676 1189 2730 sentire
1233 2673 1460 2741 malunt,
1507 2676 1668 2746 impie
1719 2677 2048 2744 resistendo,

479 2771 682 2828 Christi
731 2769 1010 2840 passiones
1055 2767 1441 2838 prOpemodum
1496 2766 1729 2823 irrident
1758 2769 1964 2833 miseri,
1993 2779 2048 2824 et

479 2865 806 2919 erubescunt
830 2859 1034 2915 Christi
1081 2857 1460 2929 Evangelium,
1496 2874 1618 2914 cum
1649 2859 1869 2915 Judaica
1909 2861 2045 2915 stul-

482 2955 596 3008 titia
629 2955 903 3014 laborent,
952 2960 1006 3006 et
1048 2949 1154 3005 illis
1185 2948 1327 3002 nulla
1372 2965 1438 3004 ex
1468 2959 1626 3020 parte
1673 2952 1785 3006 sint
1833 2951 2048 3004 inscitia

447 3033 788 3100 inferiores.
843 3042 989 3097 Crux
1045 3055 1279 3109 namque
1346 3041 1643 3096 Salvatoris
1717 3041 1886 3095 nostri
1939 3039 2046 3095 illis

2148 2305 2399 2376 Γέγραφε
2431 2305 2540 2376 γὰρ
2576 2307 2635 2358 ού
2664 2307 2859 2376 μάτην,
2895 2307 3010 2360 ἀλλ’
3047 2308 3133 2362 ἵνα
3161 2310 3309 2380 ἡμᾶς
3333 2309 3604 2380 ἀναπείσῃ
3628 2309 3728 2378 τῆς

2149 2397 2374 2467 ἐνούσης
2397 2398 2544 2468 αὐτῷ
2563 2397 2798 2462 πίστεως
2821 2399 2918 2470 τὴν
2935 2399 3200 2472 ὀρθότητα
3223 2401 3418 2472 ζηλοῦν
3448 2404 3728 2472 ᾑρημένος

2155 2488 2262 2561 [ἴσ.
2295 2489 2623 2562 ᾑρημένους]
2690 2493 2804 2554 τοῖς
2855 2491 3091 2563 Χριστοῦ
3136 2493 3453 2564 παθήμασιν
3495 2495 3729 2566 ἐναϐρύ-

2151 2581 2356 2636 νεσθαι.
2385 2581 2782 2653 Ἀπερυθριῶσι
2801 2582 2857 2635 δέ
2875 2600 3018 2646 τινες
3034 2583 3112 2654 τῷ
3129 2586 3366 2654 σταυρῷ,
3390 2586 3482 2639 καὶ
3504 2589 3613 2648 τοῖς
3631 2604 3728 2653 γε-

2148 2674 2331 2742 γονόσι
2356 2677 2468 2738 τοῖς
2503 2673 2613 2745 [Ζσ.
2637 2673 2758 2745 τῆς]
2792 2675 2880 2743 ὑφ’
2909 2675 3042 2745 ἡλίῳ
3063 2679 3466 2745 μυσταγωγοῖς,
3492 2679 3727 2740 ἀνοσίως

2153 2765 2698 2837 ἀντανιστάμενοιδιά
2712 2764 2806 2819 τοῦ
2826 2768 3039 2837 φρονεῖν
3059 2767 3274 2821 ἑλέσθαι
3296 2769 3364 2822 τὰ
3380 2769 3613 2832 ἐναντία,
3639 2787 3729 2838 μο-

2152 2858 2359 2928 νονουχὶ
2378 2857 2800 2928 καταμειδιῶσιν
2824 2859 2872 2910 οἱ
2905 2858 3130 2921 τάλανες
3152 2860 3255 2912 τῶν
3278 2860 3514 2930 Χριστοῦ
3553 2863 3728 2930 παθη-

2152 2949 2359 3018 μάτων,
2389 2949 2806 3018 αίσχύνονταίτε
2840 2949 2899 3002 τὸ
2917 2950 3266 3018 Εὑαγγέλιον,
3310 2951 3603 3021 Ἰουδαῖκὴν
3635 2970 3729 3005 νο-

2151 3040 2368 3103 σοῦντες
2386 3040 2646 3110 ἀμαθίαν,
2671 3042 2874 3110 καὶτῆς
2901 3041 3123 3095 ἐκείνων
3145 3043 3472 3114 ἀϐελτηρίας
3499 3044 3618 3097 κατ’
3638 3046 3730 3096 οὐ·

479 3138 620 3192 facta
656 3148 739 3191 est
759 3133 1074 3190 scandalum
1108 3149 1121 3184 :
1165 3134 1348 3199 itaque
1375 3147 1497 3186 cum
1531 3132 1682 3186 illum
1709 3133 1831 3187 vitae
1861 3141 2046 3187 aucto-

2148 3130 2272 3183 δένα
2293 3117 2489 3201 τρόπον
2512 3131 2841 3218 (ἡττώμενοι.
2883 3133 3076 3200 Γέγονε
3098 3134 3206 3204 γὰρ
3223 3135 3403 3198 αὐτοῖς
3428 3136 3728 3188 σκάνδαλον

480 3243 595 3282 rem
629 3227 866 3296 legisque
897 3223 1056 3276 tinem
1109 3221 1254 3292 ligno
1304 3221 1551 3277 sutiixum
1611 3215 1877 3288 riderent,
1919 3239 2050 3294 qna-

485 3319 687 3373 tiebant
715 3316 972 3370 adversus
998 3328 1120 3368 eum
1152 3327 1319 3367 exosa
1349 3313 1457 3368 Deo
1485 3313 1687 3384 capita,
1718 3314 1870 3369 nullo
1893 3316 2050 3370 modo

482 3411 648 3465 Deum
681 3421 870 3463 revera
897 3420 1018 3460 esse
1040 3406 1326 3461 credentes
1359 3406 1449 3474 qui
1480 3407 1640 3460 homo
1679 3405 1856 3462 factus
1887 3416 2046 3473 esset,

483 3508 645 3568 atque
688 3497 755 3551 ad
807 3493 1229 3550 exinanitionem
1276 3494 1789 3561 descendisset;sed
1826 3496 1926 3549 rati
1953 3512 2048 3564 po-

485 3591 590 3646 tius
635 3602 798 3644 unum
853 3586 1218 3657 promiscuee
1253 3593 1440 3639 nostro
1498 3598 1721 3638 numero
1777 3585 2049 3640 hominem

481 3683 630 3739 illum
659 3695 798 3746 esse,
825 3689 880 3734 et
907 3687 1161 3748 tanquam
1197 3693 1263 3732 ex
1293 3677 1436 3732 malo
1464 3677 1643 3732 cordis
1677 3675 1760 3731 sui
1794 3677 2053 3731 thesauro

479 3773 816 3847 proferentes
843 3770 983 3826 mala
1015 3771 1080 3837 ",
1115 3769 1368 3824 dicebant
1401 3786 1415 3822 :
1460 3787 1478 3820 ‹
1511 3767 1612 3834 Qui
1645 3769 1882 3824 destruis
1918 3777 2049 3824 tem-

477 3867 626 3938 plum
677 3865 792 3929 Dei,
822 3872 877 3918 et
911 3863 964 3916 in
1013 3861 1186 3916 tribus
1239 3859 1429 3915 diebus
1452 3859 1692 3914 aediﬁcas
1717 3859 1866 3927 illud,
1900 3859 2046 3915 salva

480 3963 820 4030 temetipsum
846 3976 860 4014 :
883 3958 928 4014 si
945 3955 1113 4012 Filius
1137 3955 1231 4010 Dei
1260 3970 1340 4021 es,
1365 3957 1635 4012 descende
1657 3956 1724 4012 de
1747 3971 1906 4011 cruce
1923 3956 1988 4011 '°.
2021 3974 2041 4008 ι

476 4054 543 4110 Et
591 4057 782 4108 iterum
811 4070 826 4106 :
862 4070 881 4104 ι
923 4050 1072 4104 Alios
1117 4049 1296 4104 salvos
1332 4049 1480 4115 fecit,
1541 4049 1780 4118 seipsum
1815 4065 1919 4104 non
1946 4063 2043 4118 po-

479 4156 583 4202 test
612 4146 817 4200 salvum
876 4140 1101 4195 facere:
1136 4141 1180 4194 si
1240 4154 1334 4193 rex
1393 4139 1553 4194 Israel
1603 4149 1706 4204 est,
1756 4139 2047 4194 descendat

475 4251 619 4290 nunc
648 4235 712 4288 de
735 4245 915 4294 cruce,
941 4241 996 4284 et
1023 4230 1306 4284 credemus
1338 4229 1497 4298 120
1528 4230 1580 4284 in
1607 4246 1731 4285 eum
1758 4231 1826 4286 “.
1869 4250 1887 4282 ›
1925 4229 2041 4284 Νοη

475 4328 618 4382 enim
689 4324 858 4386 illum,
898 4330 957 4375 ut
993 4320 1150 4375 modo
1203 4320 1334 4385 dixi,
1394 4319 1561 4374 Deum
1606 4336 1729 4376 esse
1781 4322 2044 4392 putabant

475 4419 774 4474 secundum
835 4422 1108 4479 naturam,
1161 4426 1338 4480 neque
1377 4411 1470 4464 Dei
1498 4422 1551 4465 et
1578 4411 1753 4467 Patris
1783 4429 1907 4469 vere
1950 4414 2041 4469 Fi-

476 4511 631 4576 lium,
667 4511 761 4564 sed
785 4507 852 4562 de
885 4521 945 4561 se
977 4503 1295 4575 praedicare,
1341 4510 1396 4555 et
1441 4502 1700 4556 audacter
1745 4505 2042 4561 divinitatis
2075 4488 2122 4546 D

475 4601 783 4670 Opinionem
831 4597 934 4652 sibi
979 4607 1254 4666 arrogare.
1319 4591 1504 4661 Itaque
1552 4607 1693 4648 nunc
1753 4593 2040 4649 dicebant:

483 4710 501 4743 ι
538 4693 612 4745 De
645 4690 790 4744 bono
815 4702 978 4757 opere
1003 4701 1110 4742 non
1133 4685 1436 4755 lapidamus
1465 4693 1538 4749 te,
1579 4685 1675 4740 sed
1698 4685 1762 4740 de
1791 4686 2042 4755 blasphe-

478 4781 609 4843 mia,
629 4779 753 4847 quia
783 4789 836 4831 tu
864 4779 1022 4832 homo
1039 4792 1162 4832 cum
1180 4777 1276 4840 sis,
1300 4775 1436 4832 facis
1467 4777 1695 4846 teipsum
1723 4776 1979 4845 Deum“;
2010 4797 2028 4830 ι

478 4884 626 4928 nunc
682 4868 748 4922 ad
791 4867 1018 4921 Pilatum
1062 4867 1421 4932 adducebant,
1477 4877 1533 4922 et
1582 4869 1824 4940 cruciﬁgi
1884 4885 2042 4940 roga-

474 4968 605 5021 bant
626 4963 671 4996 ”
699 4977 714 5027 ;
761 4959 953 5014 deinde
978 4973 1099 5012 cum
1127 4958 1196 5012 ab
1219 4973 1284 5012 eo
1309 4969 1752 5028 exposcerentur,
1792 4970 1849 5015 ut
1882 4969 2043 5016 tanta:

474 5057 732 5110 adversus
757 5065 882 5107 eum
917 5047 1304 5104 malevolentiae
1338 5064 1533 5104 causas
1572 5051 1866 5119 edicerent,
1900 5052 2042 5108 illico

474 5141 826 5205 accusabant,
858 5148 914 5194 et
960 5137 1269 5193 clamabant
1306 5137 1548 5194 dicentes
1580 5157 1594 5192 :
1624 5160 1640 5192 ι
1678 5141 1812 5206 Quia
1845 5141 2038 5197 Filium

473 5235 566 5290 Dei
591 5250 650 5290 se
683 5234 809 5288 fecit
835 5231 899 5284 “.
933 5248 953 5282 ι
985 5228 1182 5284 Verum
1241 5240 1369 5282 ecce
1411 5229 1512 5283 hoc
1549 5244 1762 5299 quoque
1797 5240 2038 5300 tempore

473 5342 577 5380 non
595 5327 660 5380 ab
687 5323 962 5389 Israelitis,
987 5333 1162 5390 neque
1192 5336 1221 5374 a
1245 5319 1586 5376 multitudine
1619 5321 2035 5391 Pharisaeorum,

545 5465 584 5495 "
611 5461 784 5517 Galal.
822 5478 893 5527 vr,
935 5462 1021 5529 14,
1100 5459 1142 5492 ¹⁸
1178 5460 1333 5516 Rom.
1378 5475 1415 5522 ι,
1451 5461 1538 5517 16.
1616 5464 1658 5496 ¹⁹
1697 5463 1886 5519 Matth.
1921 5480 2015 5527 xu,
2061 5463 2150 5517 55.

472 5534 560 5588 35.
638 5534 683 5564 "
708 5532 861 5586 Joan.
894 5548 1008 5597 xu,
1036 5533 1088 5585 6.
1166 5533 1212 5562 “
1250 5529 1381 5587 ibid.
1408 5529 1462 5584 7.

2149 3224 2176 3276 ὁ
2204 3221 2296 3274 τοῦ
2325 3205 2571 3293 Σωτῆρὸς
2603 3223 2853 3293 σταυρόςσ
2884 3225 2976 3276 καὶ
3007 3224 3137 3292 γοῦν
3160 3225 3236 3294 τῷ
3264 3226 3405 3295 ξύλῳ
3437 3228 3729 3298 προσηλω-

2150 3314 2307 3367 θέντα
2339 3313 2623 3382 βλέποντες
2640 3315 2730 3367 τὸν
2757 3315 2853 3383 τῆς
2882 3315 3024 3383 ζωῆς
3059 3316 3318 3386 ἀρχηγὸν,
3341 3317 3401 3368 τὸ
3429 3317 3522 3370 τοῦ
3559 3320 3730 3386 νόμου

2147 3404 2315 3467 τέλος,
2352 3403 2522 3456 ἔσειον
2571 3405 2666 3473 μὲν
2705 3405 2788 3455 ἐπ’
2823 3403 2970 3472 αύτῴ
2990 3402 3090 3466 τὰς
3141 3404 3416 3474 θεομισείς
3458 3407 3732 3474 κεφαλὰς,

2147 3497 2208 3549 ού
2232 3498 2362 3549 Θεὸν
2397 3492 2535 3548 εἶναι
2559 3496 2902 3559 πιστεύοντες
2925 3497 3142 3568 ἀληθῶς
3174 3498 3640 3568 ἐνηνθρωπηκότα
3668 3516 3730 3552 τε

2147 3588 2242 3641 καὶ
2268 3586 2598 3656 καθιγμένον
2629 3588 2707 3650 είς
2739 3587 2986 3649 κένωσιν,
3019 3587 3254 3658 οίόμενοι
3282 3587 3338 3640 δέ
3373 3588 3594 3658 μᾶλλον,
3632 3590 3732 3642 ἕνα

2145 3679 2254 3733 τῶν
2298 3679 2420 3732 καθ’
2458 3681 2602 3749 ἡμᾶς
2655 3679 2938 3750 ἄνθρωπον
2992 3679 3176 3743 ἁπλῶς
3214 3680 3479 3751 ὑπάρχειν
3513 3683 3724 3734 αὐτόν’

2148 3771 2385 3841 ἔφασκον
2414 3771 2496 3834 δὲ,
2542 3771 2616 3833 ὼς
2647 3772 2710 3823 ἐκ
2743 3770 2980 3840 πονηροῦ
3019 3771 3294 3841 θησαυροῦ
3341 3773 3440 3841 τῆς
3491 3773 3730 3842 καρδίας

2147 3865 2324 3917 αὐτῶν
2358 3865 2721 3935 προφέροντες
2765 3862 2834 3916 τὰ
2871 3864 3110 3933 πονηρά*
3155 3883 3173 3913 ι
3223 3864 3280 3916 Ὀ
3315 3864 3600 3917 καταλύων
3629 3866 3726 3917 τὸν

2146 3957 2270 4009 ναὸν
2297 3957 2390 4010 τοῦ
2420 3955 2574 4018 Θεοῦ,
2611 3955 2702 4007 καὶ
2726 3957 2783 4008 ἐν
2823 3957 3002 4025 τρισὶν
3032 3955 3264 4026 ἡμέραις
3295 3956 3597 4025 οἰκοδομῶν
3628 3959 3731 4009 αὺ-

2144 4046 2256 4110 τὸν,
2291 4045 2465 4102 σῶσον
2506 4044 2748 4096 σεαυτόν·
2781 4046 2829 4096 εἱ
2863 4045 2986 4108 Υἱὸς
3025 4040 3074 4096 εἴ
3101 4045 3196 4097 τοῦ
3230 4045 3383 4105 Θεοῦ,
3424 4049 3518 4098 καὶ
3552 4049 3730 4099 κα·ιεὶ⁴

2146 4135 2271 4206 6ηθι
2298 4137 2406 4189 ἀπὸ
2430 4136 2520 4188 τοῦ
2557 4135 2809 4205 σταυροῦ.
2843 4155 2859 4186 ι
2888 4138 2995 4188 Καὶ
3029 4137 3191 4189 πάλιν
3213 4153 3224 4166 ·
3256 4157 3274 4186 ‹
3315 4137 3540 4200 ’Ἄλλους
3582 4138 3728 4189 ἐσω-

2147 4245 2256 4293 σεν,
2304 4227 2493 4280 ἐαυτὸν
2524 4227 2586 4278 ού
2620 4225 2840 4279 δύναται
2877 4228 3044 4280 σῶσαι
3073 4244 3086 4256 ⁸
3126 4231 3172 4281 εί
3217 4227 3468 4297 βασιλεὺς
3506 4229 3732 4298 Ἰσραήλ

2143 4321 2282 4381 ἐστι,
2331 4317 2618 4371 καταϐάτω
2655 4316 2751 4371 νῦν
2789 4318 2894 4369 ἀπὸ
2940 4319 3034 4370 τοῦ
3063 4318 3319 4387 σταυροῦ,
3363 4320 3456 4372 καὶ
3498 4320 3730 4372 πιστεύ-

2145 4427 2307 4480 σομεν
2364 4410 2448 4462 ἐπ’
2498 4409 2679 4462 αὐτόν.
2714 4427 2731 4458 ι
2766 4409 2839 4460 Ού
2883 4410 3115 4480 γάρτοι,
3151 4411 3401 4481 καθάπερ
3463 4411 3599 4480 ἐφην
3631 4413 3732 4481 ἀρ·

2145 4501 2293 4566 τίως,
2330 4499 2458 4552 Θεὸν
2499 4499 2668 4569 ᾤοντο
2696 4497 2836 4550 κατά
2870 4498 3028 4566 φύσιν
3057 4500 3324 4570 ὑπάρχειν
3369 4499 3557 4565 αὐτὸν,
3595 4500 3732 4553 οὔτε

2147 4593 2254 4662 μὴν
2285 4591 2408 4646 Υίὸν
2434 4592 2648 4662 ἀληθῶς
2675 4593 2767 4644 τοῦ
2801 4592 2935 4645 Θεοῦ
2963 4593 3055 4645 καὶ
3092 4593 3325 4664 Πατρός*
3376 4591 3734 4663 περιαυτίζε-

2146 4684 2266 4735 σθαι
2295 4683 2352 4735 δὲ
2404 4682 2601 4752 μᾶλλον
2649 4683 2741 4734 καὶ
2770 4682 2868 4752 τὴν
2909 4683 3006 4753 τῆς
3048 4682 3298 4752 Θεότητος
3347 4683 3505 4748 δόξαν
3541 4683 3733 4749 ἐαυτῴ

2155 4775 2481 4846 προσνέμειν
2537 4775 2870 4844 ἀποτολμᾷν.
2917 4774 3228 4844 Τοιγάρτοι,
3284 4775 3413 4826 ποτέ
3453 4774 3551 4844 μὲν
3597 4774 3734 4841 ἔφα-

2147 4883 2308 4921 σκον*
2343 4886 2360 4917 ι
2397 4868 2531 4937 Περὶ
2577 4863 2744 4919 καλοῦ
2791 4865 2952 4936 ἔργου
2988 4867 3046 4918 οὺ
3105 4864 3396 4935 λιθάζομέν
3449 4881 3530 4927 σε,
3583 4865 3737 4917 ἀλλὰ

2147 4960 2274 5030 περὶ
2309 4959 2676 5030 βλασφημίας,
2711 4963 2795 5012 ὅτι
2828 4959 2891 5011 σὺ
2922 4957 3205 5028 ἄνθρωπος
3234 4957 3329 5020 ὢν,
3367 4960 3541 5020 ποιεῖς
3564 4973 3738 5009 σεαυ-

2143 5048 2233 5101 τὸν
2261 5049 2411 5102 Θεὸν.
2449 5067 2467 5100 ι
2501 5049 2636 5100 Ποτέ
2671 5047 2726 5100 δὲ
2757 5047 2970 5117 Πιλάτῳ
3001 5046 3297 5118 προσῆγον,
3323 5046 3417 5098 καὶ
3453 5045 3736 5114 σταυροῦ-

2146 5142 2269 5193 σθαι
2305 5139 2664 5210 παρεκάλουν.
2695 5135 2828 5191 Εἶτα
2850 5139 2950 5208 τῆς
2973 5138 3058 5190 ἐπ’
3085 5137 3232 5207 αὐτῷ
3265 5137 3588 5204 σκαιότητος
3626 5136 3738 5196 τὰς

2143 5233 2321 5294 αἰτίας
2362 5233 2533 5283 είπεῖν
2583 5229 2977 5300 ἐξαιτούμενοι,
3025 5229 3363 5299 κατηγόρουν
3405 5228 3591 5290 εὐθὺς,
3631 5227 3738 5279 καὶ

2145 5325 2638 5394 κατακεκράγησαν
2691 5323 2798 5393 (5‘2)
2842 5322 3112 5391 λέγοντες,
3167 5341 3186 5372 ι
3223 5322 3346 5373 Ὅτι
3395 5319 3527 5371 Υίὸν
3578 5317 3737 5370 Θεοῦ

2952 5465 2996 5494 ¹¹
3029 5461 3159 5517 ibid.
3202 5461 3292 5515 42.

2244 5464 2289 5495 ²⁰
2331 5464 2521 5518 Matth.
2556 5480 2726 5530 χχιιι,
2757 5463 2844 5518 40.
2952 5465 2996 5494 ¹¹
3029 5461 3159 5517 ibid.
3202 5461 3292 5515 42.
3395 5460 3442 5490 “
3472 5459 3639 5514 .loan.
3678 5475 3738 5523 ει,

1705 5639 1886 5710 ,ΑΝΤ.
1929 5640 2195 5696 AGELLH
2241 5641 2465 5696 Noras.

543 5758 654 5829 (3'2)
683 5755 926 5809 Fortasse
964 5756 1266 5825 legendum,
1299 5755 1766 5822 κατακεκρᾶγατι.
