  <div class='ocr_page' id='page_1' title='image "/cluster/home/n/w/nwhite01/storage/ocr_20150623/76/mdp.39015013094878/112.png"; bbox 0 0 4014 6128; ppageno 0'>
   <div class='ocr_carea' id='block_1_1' title="bbox 296 4988 308 5019">
    <p class='ocr_par' dir='ltr' id='par_1_1' title="bbox 296 4988 308 5019">
     <span class='ocr_line' id='line_1_1' title="bbox 296 4988 308 5019; baseline 0 0"><span class='ocrx_word' id='word_1_1' title='bbox 296 4988 308 5019; x_wconf 71' lang='grc' dir='ltr'><strong>ι</strong></span> 
     </span>
    </p>
   </div>
   <div class='ocr_carea' id='block_1_2' title="bbox 342 244 451 302">
    <p class='ocr_par' dir='ltr' id='par_1_2' title="bbox 342 244 451 302">
     <span class='ocr_line' id='line_1_2' title="bbox 342 244 451 302; baseline 0.037 -4"><span class='ocrx_word' id='word_1_2' title='bbox 342 244 451 302; x_wconf 75' lang='grc'><strong>209</strong></span> 
     </span>
    </p>
   </div>
   <div class='ocr_carea' id='block_1_3' title="bbox 1409 238 2490 299">
    <p class='ocr_par' dir='ltr' id='par_1_3' title="bbox 1409 238 2490 299">
     <span class='ocr_line' id='line_1_3' title="bbox 1409 238 2490 299; baseline -0.001 -3"><span class='ocrx_word' id='word_1_3' title='bbox 1409 241 1783 299; x_wconf 78' lang='lat' dir='ltr'><strong>ADVERSUS</strong></span> <span class='ocrx_word' id='word_1_4' title='bbox 1822 238 2231 296; x_wconf 75' lang='lat' dir='ltr'><strong>NESTORIUM</strong></span> <span class='ocrx_word' id='word_1_5' title='bbox 2269 238 2395 296; x_wconf 77' lang='lat' dir='ltr'><strong>LIB.</strong></span> <span class='ocrx_word' id='word_1_6' title='bbox 2430 241 2490 295; x_wconf 68' lang='grc' dir='ltr'><strong>γ.</strong></span> 
     </span>
    </p>
   </div>
   <div class='ocr_carea' id='block_1_4' title="bbox 3508 239 3611 299">
    <p class='ocr_par' dir='ltr' id='par_1_4' title="bbox 3508 239 3611 299">
     <span class='ocr_line' id='line_1_4' title="bbox 3508 239 3611 299; baseline -0.058 0"><span class='ocrx_word' id='word_1_7' title='bbox 3508 239 3611 299; x_wconf 71' lang='lat' dir='ltr'><strong>2M</strong></span> 
     </span>
    </p>
   </div>
   <div class='ocr_carea' id='block_1_5' title="bbox 349 362 1940 437">
    <p class='ocr_par' dir='ltr' id='par_1_5' title="bbox 349 362 1937 437">
     <span class='ocr_line' id='line_1_5' title="bbox 349 362 1937 437; baseline -0.001 -19"><span class='ocrx_word' id='word_1_8' title='bbox 349 366 544 420; x_wconf 74' lang='grc' dir='ltr'>ιαυτὸν</span> <span class='ocrx_word' id='word_1_9' title='bbox 574 364 851 437; x_wconf 73' lang='grc' dir='ltr'>ἐποίησεν.</span> <span class='ocrx_word' id='word_1_10' title='bbox 894 382 914 417; x_wconf 82' lang='grc' dir='ltr'><strong>ι</strong></span> <span class='ocrx_word' id='word_1_11' title='bbox 957 362 1099 418; x_wconf 80' lang='grc' dir='ltr'>Ἀλλ’</span> <span class='ocrx_word' id='word_1_12' title='bbox 1128 365 1239 418; x_wconf 75' lang='grc' dir='ltr'>ἰδοὺ</span> <span class='ocrx_word' id='word_1_13' title='bbox 1269 364 1335 436; x_wconf 81' lang='grc' dir='ltr'>δὴ</span> <span class='ocrx_word' id='word_1_14' title='bbox 1366 365 1459 419; x_wconf 74' lang='grc' dir='ltr'>καὶ</span> <span class='ocrx_word' id='word_1_15' title='bbox 1486 365 1581 419; x_wconf 85' lang='grc' dir='ltr'><strong>νῦν</strong></span> <span class='ocrx_word' id='word_1_16' title='bbox 1603 364 1665 418; x_wconf 78' lang='grc' dir='ltr'>οὗ</span> <span class='ocrx_word' id='word_1_17' title='bbox 1690 364 1846 435; x_wconf 88' lang='grc' dir='ltr'>παρά</span> <span class='ocrx_word' id='word_1_18' title='bbox 1873 380 1937 432; x_wconf 86' lang='grc' dir='ltr'><strong>γε</strong></span> 
     </span>
    </p>
   </div>
   <div class='ocr_carea' id='block_1_6' title="bbox 2041 362 3609 437">
    <p class='ocr_par' dir='ltr' id='par_1_6' title="bbox 2041 363 3609 434">
     <span class='ocr_line' id='line_1_6' title="bbox 2041 363 3609 434; baseline -0.001 -16"><span class='ocrx_word' id='word_1_19' title='bbox 2041 364 2135 418; x_wconf 91' lang='lat' dir='ltr'><strong>sed</strong></span> <span class='ocrx_word' id='word_1_20' title='bbox 2188 363 2256 418; x_wconf 89' lang='lat' dir='ltr'><strong>ab</strong></span> <span class='ocrx_word' id='word_1_21' title='bbox 2302 364 2370 419; x_wconf 90' lang='lat' dir='ltr'><strong>iis</strong></span> <span class='ocrx_word' id='word_1_22' title='bbox 2402 364 2493 434; x_wconf 85' lang='lat' dir='ltr'><strong>qui</strong></span> <span class='ocrx_word' id='word_1_23' title='bbox 2533 363 2783 419; x_wconf 87' lang='lat' dir='ltr'><strong>videntur</strong></span> <span class='ocrx_word' id='word_1_24' title='bbox 2817 379 2941 422; x_wconf 88' lang='lat' dir='ltr'><strong>esse</strong></span> <span class='ocrx_word' id='word_1_25' title='bbox 2970 363 3289 433; x_wconf 77' lang='lat' dir='ltr'><strong>Christiani,</strong></span> <span class='ocrx_word' id='word_1_26' title='bbox 3322 374 3376 421; x_wconf 92' lang='lat' dir='ltr'><strong>et</strong></span> <span class='ocrx_word' id='word_1_27' title='bbox 3406 366 3457 418; x_wconf 89' lang='lat' dir='ltr'><strong>in</strong></span> <span class='ocrx_word' id='word_1_28' title='bbox 3496 379 3609 417; x_wconf 85' lang='lat' dir='ltr'><strong>ma-</strong></span> 
     </span>
    </p>
   </div>
   <div class='ocr_carea' id='block_1_7' title="bbox 349 454 1939 529">
    <p class='ocr_par' dir='ltr' id='par_1_7' title="bbox 349 454 1939 529">
     <span class='ocr_line' id='line_1_7' title="bbox 349 454 1939 529; baseline -0.003 -18"><span class='ocrx_word' id='word_1_29' title='bbox 349 458 461 512; x_wconf 82' lang='grc' dir='ltr'><strong>τῶν</strong></span> <span class='ocrx_word' id='word_1_30' title='bbox 492 458 555 522; x_wconf 76' lang='grc' dir='ltr'>ἐξ</span> <span class='ocrx_word' id='word_1_31' title='bbox 594 456 834 529; x_wconf 84' lang='grc' dir='ltr'>Ἰσραὴλ,</span> <span class='ocrx_word' id='word_1_32' title='bbox 862 454 987 510; x_wconf 76' lang='grc' dir='ltr'>οὗτε</span> <span class='ocrx_word' id='word_1_33' title='bbox 1029 457 1136 527; x_wconf 80' lang='grc' dir='ltr'>μὴν</span> <span class='ocrx_word' id='word_1_34' title='bbox 1168 457 1267 527; x_wconf 84' lang='grc' dir='ltr'>τῆς</span> <span class='ocrx_word' id='word_1_35' title='bbox 1310 457 1419 510; x_wconf 83' lang='grc' dir='ltr'><strong>τῶν</strong></span> <span class='ocrx_word' id='word_1_36' title='bbox 1444 455 1755 526; x_wconf 62' lang='grc' dir='ltr'>Φαρισαίων</span> <span class='ocrx_word' id='word_1_37' title='bbox 1802 455 1939 525; x_wconf 84' lang='grc' dir='ltr'>πλη-</span> 
     </span>
    </p>
   </div>
   <div class='ocr_carea' id='block_1_8' title="bbox 354 544 1937 621">
    <p class='ocr_par' dir='ltr' id='par_1_8' title="bbox 354 544 1937 621">
     <span class='ocr_line' id='line_1_8' title="bbox 354 544 1937 621; baseline 0 -20"><span class='ocrx_word' id='word_1_38' title='bbox 354 548 503 613; x_wconf 84' lang='grc' dir='ltr'>θύος,</span> <span class='ocrx_word' id='word_1_39' title='bbox 543 549 660 604; x_wconf 81' lang='grc' dir='ltr'>ἀλλ’</span> <span class='ocrx_word' id='word_1_40' title='bbox 693 552 755 603; x_wconf 85' lang='grc' dir='ltr'><strong>έκ</strong></span> <span class='ocrx_word' id='word_1_41' title='bbox 803 549 913 603; x_wconf 90' lang='grc' dir='ltr'><strong>τῶν</strong></span> <span class='ocrx_word' id='word_1_42' title='bbox 939 548 1244 603; x_wconf 77' lang='grc' dir='ltr'><strong>δοκούντων</strong></span> <span class='ocrx_word' id='word_1_43' title='bbox 1275 544 1414 603; x_wconf 78' lang='grc' dir='ltr'>εἶναι</span> <span class='ocrx_word' id='word_1_44' title='bbox 1445 549 1806 621; x_wconf 80' lang='grc' dir='ltr'><strong>Χριστιανῶν,</strong></span> <span class='ocrx_word' id='word_1_45' title='bbox 1843 549 1937 602; x_wconf 74' lang='grc' dir='ltr'>καὶ</span> 
     </span>
    </p>
   </div>
   <div class='ocr_carea' id='block_1_9' title="bbox 249 636 1939 713">
    <p class='ocr_par' dir='ltr' id='par_1_9' title="bbox 249 636 1939 713">
     <span class='ocr_line' id='line_1_9' title="bbox 249 636 1939 713; baseline 0.002 -23"><span class='ocrx_word' id='word_1_46' title='bbox 249 687 253 690; x_wconf 74' lang='grc'><strong>,</strong></span> <span class='ocrx_word' id='word_1_47' title='bbox 353 636 701 707; x_wconf 76' lang='grc' dir='ltr'><strong>τεταγμένων</strong></span> <span class='ocrx_word' id='word_1_48' title='bbox 730 639 788 692; x_wconf 82' lang='grc' dir='ltr'>ὲν</span> <span class='ocrx_word' id='word_1_49' title='bbox 818 636 1181 705; x_wconf 82' lang='grc' dir='ltr'><strong>διδασκάλοις,</strong></span> <span class='ocrx_word' id='word_1_50' title='bbox 1216 639 1311 692; x_wconf 72' lang='grc' dir='ltr'>καὶ</span> <span class='ocrx_word' id='word_1_51' title='bbox 1334 641 1392 693; x_wconf 80' lang='grc' dir='ltr'>ὲν</span> <span class='ocrx_word' id='word_1_52' title='bbox 1416 642 1529 704; x_wconf 88' lang='grc' dir='ltr'>τοῖς</span> <span class='ocrx_word' id='word_1_53' title='bbox 1547 640 1647 713; x_wconf 82' lang='grc' dir='ltr'>τὴν</span> <span class='ocrx_word' id='word_1_54' title='bbox 1674 640 1824 694; x_wconf 90' lang='grc' dir='ltr'>θείαν</span> <span class='ocrx_word' id='word_1_55' title='bbox 1849 640 1939 693; x_wconf 88' lang='grc' dir='ltr'>λα-</span> 
     </span>
    </p>
   </div>
   <div class='ocr_carea' id='block_1_10' title="bbox 353 724 1936 802">
    <p class='ocr_par' dir='ltr' id='par_1_10' title="bbox 353 724 1936 802">
     <span class='ocr_line' id='line_1_10' title="bbox 353 724 1936 802; baseline 0.004 -23"><span class='ocrx_word' id='word_1_56' title='bbox 353 727 539 798; x_wconf 89' lang='grc' dir='ltr'>χοῦσιν</span> <span class='ocrx_word' id='word_1_57' title='bbox 571 729 904 799; x_wconf 78' lang='grc' dir='ltr'><strong>ἱερουργίαν,</strong></span> <span class='ocrx_word' id='word_1_58' title='bbox 933 728 1003 783; x_wconf 88' lang='grc' dir='ltr'><strong>τά</strong></span> <span class='ocrx_word' id='word_1_59' title='bbox 1026 724 1120 783; x_wconf 75' lang='grc' dir='ltr'>ἴσα</span> <span class='ocrx_word' id='word_1_60' title='bbox 1148 731 1377 802; x_wconf 80' lang='grc' dir='ltr'>πάσχων</span> <span class='ocrx_word' id='word_1_61' title='bbox 1404 733 1616 802; x_wconf 82' lang='grc' dir='ltr'>ὁρᾶται.</span> <span class='ocrx_word' id='word_1_62' title='bbox 1662 733 1936 785; x_wconf 79' lang='grc' dir='ltr'>’Δπιστεϊ-</span> 
     </span>
    </p>
   </div>
   <div class='ocr_carea' id='block_1_11' title="bbox 350 820 1936 894">
    <p class='ocr_par' dir='ltr' id='par_1_11' title="bbox 350 820 1936 894">
     <span class='ocr_line' id='line_1_11' title="bbox 350 820 1936 894; baseline 0.003 -22"><span class='ocrx_word' id='word_1_63' title='bbox 350 836 441 873; x_wconf 85' lang='grc' dir='ltr'><strong>ται</strong></span> <span class='ocrx_word' id='word_1_64' title='bbox 466 820 593 891; x_wconf 85' lang='grc' dir='ltr'>γάρ,</span> <span class='ocrx_word' id='word_1_65' title='bbox 625 822 708 875; x_wconf 84' lang='grc' dir='ltr'>ὅτι</span> <span class='ocrx_word' id='word_1_66' title='bbox 749 822 845 876; x_wconf 73' lang='grc' dir='ltr'>καὶ</span> <span class='ocrx_word' id='word_1_67' title='bbox 877 822 1011 888; x_wconf 81' lang='grc' dir='ltr'>Θεὸς</span> <span class='ocrx_word' id='word_1_68' title='bbox 1040 824 1181 878; x_wconf 89' lang='grc' dir='ltr'><strong>κατά</strong></span> <span class='ocrx_word' id='word_1_69' title='bbox 1217 824 1380 894; x_wconf 89' lang='grc' dir='ltr'>φύσιν</span> <span class='ocrx_word' id='word_1_70' title='bbox 1424 825 1596 891; x_wconf 75' lang='grc' dir='ltr'>ἐστὶν,</span> <span class='ocrx_word' id='word_1_71' title='bbox 1622 820 1705 890; x_wconf 79' lang='grc' dir='ltr'><strong>είς</strong></span> <span class='ocrx_word' id='word_1_72' title='bbox 1751 841 1811 878; x_wconf 89' lang='grc' dir='ltr'><strong>τε</strong></span> <span class='ocrx_word' id='word_1_73' title='bbox 1841 825 1936 878; x_wconf 71' lang='grc' dir='ltr'>καὶ</span> 
     </span>
    </p>
   </div>
   <div class='ocr_carea' id='block_1_12' title="bbox 357 913 1937 988">
    <p class='ocr_par' dir='ltr' id='par_1_12' title="bbox 357 913 1937 988">
     <span class='ocr_line' id='line_1_12' title="bbox 357 913 1937 988; baseline 0.003 -23"><span class='ocrx_word' id='word_1_74' title='bbox 357 913 512 982; x_wconf 79' lang='grc' dir='ltr'>μόνος</span> <span class='ocrx_word' id='word_1_75' title='bbox 540 915 635 967; x_wconf 66' lang='grc' dir='ltr'>καὶ</span> <span class='ocrx_word' id='word_1_76' title='bbox 667 913 886 984; x_wconf 89' lang='grc' dir='ltr'>ἀληθῶς</span> <span class='ocrx_word' id='word_1_77' title='bbox 920 914 1050 979; x_wconf 85' lang='grc' dir='ltr'>Υἱδς</span> <span class='ocrx_word' id='word_1_78' title='bbox 1082 915 1177 970; x_wconf 90' lang='grc' dir='ltr'><strong>τοῦ</strong></span> <span class='ocrx_word' id='word_1_79' title='bbox 1212 915 1349 969; x_wconf 89' lang='grc' dir='ltr'>Θεοῦ</span> <span class='ocrx_word' id='word_1_80' title='bbox 1396 917 1493 970; x_wconf 73' lang='grc' dir='ltr'>καὶ</span> <span class='ocrx_word' id='word_1_81' title='bbox 1529 918 1763 988; x_wconf 83' lang='grc' dir='ltr'><strong>Πατρός.</strong></span> <span class='ocrx_word' id='word_1_82' title='bbox 1797 915 1937 988; x_wconf 88' lang='grc' dir='ltr'>Πρό-</span> 
     </span>
    </p>
   </div>
   <div class='ocr_carea' id='block_1_13' title="bbox 354 1004 1933 1085">
    <p class='ocr_par' dir='ltr' id='par_1_13' title="bbox 354 1004 1933 1085">
     <span class='ocr_line' id='line_1_13' title="bbox 354 1004 1933 1085; baseline 0.002 -27"><span class='ocrx_word' id='word_1_83' title='bbox 354 1022 514 1073; x_wconf 72' lang='grc' dir='ltr'>φασις</span> <span class='ocrx_word' id='word_1_84' title='bbox 536 1004 594 1058; x_wconf 84' lang='grc' dir='ltr'>δὲ</span> <span class='ocrx_word' id='word_1_85' title='bbox 630 1004 734 1074; x_wconf 79' lang='grc' dir='ltr'>τῆς</span> <span class='ocrx_word' id='word_1_86' title='bbox 769 1008 856 1085; x_wconf 50' lang='lat' dir='ltr'><strong>sit?</strong></span> <span class='ocrx_word' id='word_1_87' title='bbox 887 1005 1039 1076; x_wconf 84' lang='grc' dir='ltr'><strong>αύτῷ</strong></span> <span class='ocrx_word' id='word_1_88' title='bbox 1056 1006 1121 1078; x_wconf 82' lang='grc' dir='ltr'>δὴ</span> <span class='ocrx_word' id='word_1_89' title='bbox 1156 1005 1331 1077; x_wconf 84' lang='grc' dir='ltr'>τούτῳ</span> <span class='ocrx_word' id='word_1_90' title='bbox 1361 1007 1685 1071; x_wconf 75' lang='grc' dir='ltr'>δυσϐουλίας</span> <span class='ocrx_word' id='word_1_91' title='bbox 1732 1009 1933 1071; x_wconf 84' lang='grc' dir='ltr'>αὐτοῖς,</span> 
     </span>
    </p>
   </div>
   <div class='ocr_carea' id='block_1_14' title="bbox 350 1096 1934 1171">
    <p class='ocr_par' dir='ltr' id='par_1_14' title="bbox 350 1096 1934 1171">
     <span class='ocr_line' id='line_1_14' title="bbox 350 1096 1934 1171; baseline 0.001 -19"><span class='ocrx_word' id='word_1_92' title='bbox 350 1097 412 1153; x_wconf 81' lang='grc' dir='ltr'>τὸ</span> <span class='ocrx_word' id='word_1_93' title='bbox 438 1096 629 1150; x_wconf 83' lang='grc' dir='ltr'>παθεῖν</span> <span class='ocrx_word' id='word_1_94' title='bbox 654 1096 874 1151; x_wconf 80' lang='grc' dir='ltr'>ἑλέσθαι</span> <span class='ocrx_word' id='word_1_95' title='bbox 900 1098 1065 1170; x_wconf 74' lang='grc' dir='ltr'>σαρκὶ</span> <span class='ocrx_word' id='word_1_96' title='bbox 1093 1100 1186 1153; x_wconf 82' lang='grc' dir='ltr'>τὸν</span> <span class='ocrx_word' id='word_1_97' title='bbox 1216 1099 1284 1152; x_wconf 58' lang='grc' dir='ltr'>δα</span> <span class='ocrx_word' id='word_1_98' title='bbox 1313 1101 1462 1171; x_wconf 76' lang='grc' dir='ltr'>ἡμᾶς</span> <span class='ocrx_word' id='word_1_99' title='bbox 1506 1099 1735 1155; x_wconf 88' lang='grc' dir='ltr'>θάνατον</span> <span class='ocrx_word' id='word_1_100' title='bbox 1761 1116 1776 1130; x_wconf 83' lang='lat'><strong><em>°</em></strong></span> <span class='ocrx_word' id='word_1_101' title='bbox 1812 1100 1934 1153; x_wconf 86' lang='grc' dir='ltr'>καί-</span> 
     </span>
    </p>
   </div>
   <div class='ocr_carea' id='block_1_15' title="bbox 350 1187 1934 1262">
    <p class='ocr_par' dir='ltr' id='par_1_15' title="bbox 350 1187 1934 1262">
     <span class='ocr_line' id='line_1_15' title="bbox 350 1187 1934 1262; baseline 0.002 -21"><span class='ocrx_word' id='word_1_102' title='bbox 350 1205 431 1241; x_wconf 88' lang='grc' dir='ltr'><strong>τοι</strong></span> <span class='ocrx_word' id='word_1_103' title='bbox 459 1187 548 1242; x_wconf 84' lang='grc' dir='ltr'><strong>διά</strong></span> <span class='ocrx_word' id='word_1_104' title='bbox 577 1188 738 1242; x_wconf 89' lang='grc' dir='ltr'>τοῦτο</span> <span class='ocrx_word' id='word_1_105' title='bbox 779 1189 1112 1260; x_wconf 87' lang='grc' dir='ltr'>καθιγμένον</span> <span class='ocrx_word' id='word_1_106' title='bbox 1150 1193 1230 1256; x_wconf 83' lang='grc' dir='ltr'><strong>είς</strong></span> <span class='ocrx_word' id='word_1_107' title='bbox 1274 1191 1506 1245; x_wconf 81' lang='grc' dir='ltr'>κένωσιν</span> <span class='ocrx_word' id='word_1_108' title='bbox 1551 1190 1934 1262; x_wconf 80' lang='grc' dir='ltr'>οἰκονομικῶς,</span> 
     </span>
    </p>
   </div>
   <div class='ocr_carea' id='block_1_16' title="bbox 351 1279 1935 1357">
    <p class='ocr_par' dir='ltr' id='par_1_16' title="bbox 351 1279 1935 1357">
     <span class='ocr_line' id='line_1_16' title="bbox 351 1279 1935 1357; baseline 0.003 -26"><span class='ocrx_word' id='word_1_109' title='bbox 351 1279 440 1332; x_wconf 83' lang='grc' dir='ltr'>ἵνα</span> <span class='ocrx_word' id='word_1_110' title='bbox 471 1281 567 1333; x_wconf 71' lang='grc' dir='ltr'>καὶ</span> <span class='ocrx_word' id='word_1_111' title='bbox 614 1279 804 1334; x_wconf 80' lang='grc' dir='ltr'>παθὼν</span> <span class='ocrx_word' id='word_1_112' title='bbox 841 1281 983 1352; x_wconf 76' lang='grc' dir='ltr'>ὑπὲρ</span> <span class='ocrx_word' id='word_1_113' title='bbox 1023 1282 1182 1353; x_wconf 82' lang='grc' dir='ltr'>ἡμῶν</span> <span class='ocrx_word' id='word_1_114' title='bbox 1210 1284 1398 1354; x_wconf 70' lang='grc' dir='ltr'>σαρκὶ,</span> <span class='ocrx_word' id='word_1_115' title='bbox 1454 1285 1784 1357; x_wconf 85' lang='grc' dir='ltr'>καταργήσῃ</span> <span class='ocrx_word' id='word_1_116' title='bbox 1837 1282 1935 1337; x_wconf 89' lang='grc' dir='ltr'><strong>τοῦ</strong></span> 
     </span>
    </p>
   </div>
   <div class='ocr_carea' id='block_1_17' title="bbox 351 1371 1936 1447">
    <p class='ocr_par' dir='ltr' id='par_1_17' title="bbox 351 1371 1936 1447">
     <span class='ocr_line' id='line_1_17' title="bbox 351 1371 1936 1447; baseline 0.003 -23"><span class='ocrx_word' id='word_1_117' title='bbox 351 1371 584 1425; x_wconf 73' lang='grc' dir='ltr'>θανάτου</span> <span class='ocrx_word' id='word_1_118' title='bbox 634 1373 699 1425; x_wconf 87' lang='grc' dir='ltr'><strong>τὺ</strong></span> <span class='ocrx_word' id='word_1_119' title='bbox 748 1374 972 1444; x_wconf 85' lang='grc' dir='ltr'>κράτος,</span> <span class='ocrx_word' id='word_1_120' title='bbox 1009 1375 1104 1429; x_wconf 79' lang='grc' dir='ltr'>ἆτε</span> <span class='ocrx_word' id='word_1_121' title='bbox 1152 1375 1217 1447; x_wconf 79' lang='grc' dir='ltr'>δὴ</span> <span class='ocrx_word' id='word_1_122' title='bbox 1270 1376 1532 1447; x_wconf 80' lang='grc' dir='ltr'>ὑπάρχων</span> <span class='ocrx_word' id='word_1_123' title='bbox 1582 1376 1723 1429; x_wconf 73' lang='grc' dir='ltr'>κατὰ</span> <span class='ocrx_word' id='word_1_124' title='bbox 1774 1376 1936 1443; x_wconf 87' lang='grc' dir='ltr'>φύσιν</span> 
     </span>
    </p>
   </div>
   <div class='ocr_carea' id='block_1_18' title="bbox 351 1459 1937 1537">
    <p class='ocr_par' dir='ltr' id='par_1_18' title="bbox 351 1459 1937 1537">
     <span class='ocr_line' id='line_1_18' title="bbox 351 1459 1937 1537; baseline 0.004 -25"><span class='ocrx_word' id='word_1_125' title='bbox 351 1459 486 1532; x_wconf 81' lang='grc' dir='ltr'>ζωὴ,</span> <span class='ocrx_word' id='word_1_126' title='bbox 524 1462 614 1514; x_wconf 75' lang='grc' dir='ltr'><strong>καὶ</strong></span> <span class='ocrx_word' id='word_1_127' title='bbox 635 1464 700 1515; x_wconf 75' lang='grc' dir='ltr'>ἐκ</span> <span class='ocrx_word' id='word_1_128' title='bbox 720 1460 867 1533; x_wconf 78' lang='grc' dir='ltr'>ζωῆς</span> <span class='ocrx_word' id='word_1_129' title='bbox 889 1464 1098 1532; x_wconf 83' lang='grc' dir='ltr'>άναφὺς</span> <span class='ocrx_word' id='word_1_130' title='bbox 1128 1464 1222 1519; x_wconf 87' lang='grc' dir='ltr'><strong>τοῦ</strong></span> <span class='ocrx_word' id='word_1_131' title='bbox 1252 1465 1388 1519; x_wconf 90' lang='grc' dir='ltr'>Θεοῦ</span> <span class='ocrx_word' id='word_1_132' title='bbox 1408 1467 1502 1520; x_wconf 72' lang='grc' dir='ltr'>καὶ</span> <span class='ocrx_word' id='word_1_133' title='bbox 1524 1466 1755 1537; x_wconf 85' lang='grc' dir='ltr'>Πατρός.</span> <span class='ocrx_word' id='word_1_134' title='bbox 1792 1468 1937 1520; x_wconf 85' lang='grc' dir='ltr'>Κατ-</span> 
     </span>
    </p>
   </div>
   <div class='ocr_carea' id='block_1_19' title="bbox 348 1549 1931 1625">
    <p class='ocr_par' dir='ltr' id='par_1_19' title="bbox 348 1549 1931 1625">
     <span class='ocr_line' id='line_1_19' title="bbox 348 1549 1931 1625; baseline 0.004 -24"><span class='ocrx_word' id='word_1_135' title='bbox 348 1549 684 1621; x_wconf 78' lang='grc' dir='ltr'>ηρῤὠστησε</span> <span class='ocrx_word' id='word_1_136' title='bbox 745 1553 856 1621; x_wconf 76' lang='grc' dir='ltr'><strong>γάρ</strong></span> <span class='ocrx_word' id='word_1_137' title='bbox 918 1553 952 1624; x_wconf 74' lang='grc' dir='ltr'>ἡ</span> <span class='ocrx_word' id='word_1_138' title='bbox 1005 1552 1293 1625; x_wconf 82' lang='grc' dir='ltr'>ἀνθρώπου</span> <span class='ocrx_word' id='word_1_139' title='bbox 1341 1555 1503 1624; x_wconf 80' lang='grc' dir='ltr'>φύσις</span> <span class='ocrx_word' id='word_1_140' title='bbox 1551 1557 1654 1625; x_wconf 78' lang='grc' dir='ltr'>τὴν</span> <span class='ocrx_word' id='word_1_141' title='bbox 1701 1554 1931 1625; x_wconf 84' lang='grc' dir='ltr'>φθοράν,</span> 
     </span>
    </p>
   </div>
   <div class='ocr_carea' id='block_1_20' title="bbox 350 1640 1931 1724">
    <p class='ocr_par' dir='ltr' id='par_1_20' title="bbox 350 1640 1931 1724">
     <span class='ocr_line' id='line_1_20' title="bbox 350 1640 1931 1724; baseline 0.004 -32"><span class='ocrx_word' id='word_1_142' title='bbox 350 1640 430 1704; x_wconf 82' lang='grc' dir='ltr'><strong>ὡς</strong></span> <span class='ocrx_word' id='word_1_143' title='bbox 455 1641 516 1693; x_wconf 81' lang='grc' dir='ltr'><strong>έν</strong></span> <span class='ocrx_word' id='word_1_144' title='bbox 539 1641 760 1713; x_wconf 78' lang='grc' dir='ltr'>ἀπαρχῇ</span> <span class='ocrx_word' id='word_1_145' title='bbox 786 1642 880 1696; x_wconf 75' lang='grc' dir='ltr'>καὶ</span> <span class='ocrx_word' id='word_1_146' title='bbox 909 1643 1035 1716; x_wconf 77' lang='grc' dir='ltr'>ῥίζῃ</span> <span class='ocrx_word' id='word_1_147' title='bbox 1058 1646 1125 1715; x_wconf 76' lang='grc' dir='ltr'>τῇ</span> <span class='ocrx_word' id='word_1_148' title='bbox 1150 1644 1364 1718; x_wconf 81' lang='grc' dir='ltr'>πρώτῃ,</span> <span class='ocrx_word' id='word_1_149' title='bbox 1397 1645 1697 1712; x_wconf 82' lang='grc' dir='ltr'>τουτέστιν,</span> <span class='ocrx_word' id='word_1_150' title='bbox 1741 1645 1931 1724; x_wconf 62' lang='grc' dir='ltr'>Ἀράμ.</span> 
     </span>
    </p>
   </div>
   <div class='ocr_carea' id='block_1_21' title="bbox 2038 454 3612 527">
    <p class='ocr_par' dir='ltr' id='par_1_21' title="bbox 2038 454 3612 527">
     <span class='ocr_line' id='line_1_21' title="bbox 2038 454 3612 527; baseline -0.001 -17"><span class='ocrx_word' id='word_1_151' title='bbox 2038 455 2329 523; x_wconf 79' lang='lat' dir='ltr'><strong>gistrorum</strong></span> <span class='ocrx_word' id='word_1_152' title='bbox 2368 471 2594 512; x_wconf 89' lang='lat' dir='ltr'><strong>numero</strong></span> <span class='ocrx_word' id='word_1_153' title='bbox 2641 466 2953 523; x_wconf 76' lang='lat' dir='ltr'><strong>censentur,</strong></span> <span class='ocrx_word' id='word_1_154' title='bbox 2992 468 3049 514; x_wconf 92' lang='lat' dir='ltr'><strong>et</strong></span> <span class='ocrx_word' id='word_1_155' title='bbox 3091 473 3278 514; x_wconf 89' lang='lat' dir='ltr'><strong>eorum</strong></span> <span class='ocrx_word' id='word_1_156' title='bbox 3313 457 3404 527; x_wconf 90' lang='lat' dir='ltr'><strong>qui</strong></span> <span class='ocrx_word' id='word_1_157' title='bbox 3438 454 3612 511; x_wconf 75' lang='lat' dir='ltr'><strong>sortiti</strong></span> 
     </span>
    </p>
   </div>
   <div class='ocr_carea' id='block_1_22' title="bbox 2038 546 3616 615">
    <p class='ocr_par' dir='ltr' id='par_1_22' title="bbox 2038 546 3616 615">
     <span class='ocr_line' id='line_1_22' title="bbox 2038 546 3616 615; baseline 0.001 -15"><span class='ocrx_word' id='word_1_158' title='bbox 2038 555 2166 600; x_wconf 90' lang='lat' dir='ltr'><strong>sunt</strong></span> <span class='ocrx_word' id='word_1_159' title='bbox 2225 546 2393 601; x_wconf 81' lang='lat' dir='ltr'><strong>divini</strong></span> <span class='ocrx_word' id='word_1_160' title='bbox 2440 550 2731 603; x_wconf 83' lang='lat' dir='ltr'><strong>sacerdotii</strong></span> <span class='ocrx_word' id='word_1_161' title='bbox 2796 565 3015 615; x_wconf 87' lang='lat' dir='ltr'><strong>munus,</strong></span> <span class='ocrx_word' id='word_1_162' title='bbox 3074 551 3263 606; x_wconf 87' lang='lat' dir='ltr'><strong>eadem</strong></span> <span class='ocrx_word' id='word_1_163' title='bbox 3344 548 3616 604; x_wconf 88' lang='lat' dir='ltr'><strong>sustinere</strong></span> 
     </span>
    </p>
   </div>
   <div class='ocr_carea' id='block_1_23' title="bbox 2037 620 3613 709">
    <p class='ocr_par' dir='ltr' id='par_1_23' title="bbox 2037 620 3613 709">
     <span class='ocr_line' id='line_1_23' title="bbox 2037 620 3613 709; baseline 0 -15"><span class='ocrx_word' id='word_1_164' title='bbox 2037 638 2389 709; x_wconf 81' lang='lat' dir='ltr'><strong>conspicitur.</strong></span> <span class='ocrx_word' id='word_1_165' title='bbox 2444 637 2559 694; x_wconf 84' lang='lat' dir='ltr'><strong>Non</strong></span> <span class='ocrx_word' id='word_1_166' title='bbox 2612 620 2756 695; x_wconf 70' lang='lat' dir='ltr'><strong>enim</strong></span> <span class='ocrx_word' id='word_1_167' title='bbox 2787 640 2928 697; x_wconf 84' lang='lat' dir='ltr'><strong>Deus</strong></span> <span class='ocrx_word' id='word_1_168' title='bbox 2970 656 3094 697; x_wconf 90' lang='lat' dir='ltr'><strong>esse</strong></span> <span class='ocrx_word' id='word_1_169' title='bbox 3126 640 3421 697; x_wconf 84' lang='lat' dir='ltr'><strong>secundum</strong></span> <span class='ocrx_word' id='word_1_170' title='bbox 3460 648 3613 694; x_wconf 86' lang='lat' dir='ltr'><strong>natu-</strong></span> 
     </span>
    </p>
   </div>
   <div class='ocr_carea' id='block_1_24' title="bbox 2037 731 3611 797">
    <p class='ocr_par' dir='ltr' id='par_1_24' title="bbox 2037 731 3611 797">
     <span class='ocr_line' id='line_1_24' title="bbox 2037 731 3611 797; baseline -0.001 -12"><span class='ocrx_word' id='word_1_171' title='bbox 2037 745 2178 797; x_wconf 87' lang='lat' dir='ltr'><strong>ram,</strong></span> <span class='ocrx_word' id='word_1_172' title='bbox 2199 739 2254 785; x_wconf 89' lang='lat' dir='ltr'><strong>et</strong></span> <span class='ocrx_word' id='word_1_173' title='bbox 2274 745 2414 786; x_wconf 89' lang='lat' dir='ltr'><strong>unus</strong></span> <span class='ocrx_word' id='word_1_174' title='bbox 2441 743 2494 788; x_wconf 90' lang='lat' dir='ltr'><strong>et</strong></span> <span class='ocrx_word' id='word_1_175' title='bbox 2520 731 2666 788; x_wconf 87' lang='lat' dir='ltr'><strong>solus</strong></span> <span class='ocrx_word' id='word_1_176' title='bbox 2688 742 2742 787; x_wconf 90' lang='lat' dir='ltr'><strong>et</strong></span> <span class='ocrx_word' id='word_1_177' title='bbox 2764 747 2889 788; x_wconf 91' lang='lat' dir='ltr'><strong>vere</strong></span> <span class='ocrx_word' id='word_1_178' title='bbox 2914 733 3006 788; x_wconf 86' lang='lat' dir='ltr'><strong>Dei</strong></span> <span class='ocrx_word' id='word_1_179' title='bbox 3032 741 3086 789; x_wconf 90' lang='lat' dir='ltr'><strong>et</strong></span> <span class='ocrx_word' id='word_1_180' title='bbox 3107 732 3282 787; x_wconf 85' lang='lat' dir='ltr'><strong>Patris</strong></span> <span class='ocrx_word' id='word_1_181' title='bbox 3307 731 3478 786; x_wconf 85' lang='lat' dir='ltr'><strong>Filius</strong></span> <span class='ocrx_word' id='word_1_182' title='bbox 3496 745 3611 785; x_wconf 79' lang='lat' dir='ltr'><strong>cre-</strong></span> 
     </span>
    </p>
   </div>
   <div class='ocr_carea' id='block_1_25' title="bbox 2038 822 3613 894">
    <p class='ocr_par' dir='ltr' id='par_1_25' title="bbox 2038 822 3613 894">
     <span class='ocr_line' id='line_1_25' title="bbox 2038 822 3613 894; baseline -0.003 -15"><span class='ocrx_word' id='word_1_183' title='bbox 2038 822 2183 879; x_wconf 87' lang='lat' dir='ltr'><strong>ditur</strong></span> <span class='ocrx_word' id='word_1_184' title='bbox 2215 838 2231 877; x_wconf 92' lang='lat'><strong>:</strong></span> <span class='ocrx_word' id='word_1_185' title='bbox 2262 837 2560 893; x_wconf 90' lang='lat' dir='ltr'><strong>eorumque</strong></span> <span class='ocrx_word' id='word_1_186' title='bbox 2585 824 2638 878; x_wconf 90' lang='lat' dir='ltr'><strong>in</strong></span> <span class='ocrx_word' id='word_1_187' title='bbox 2676 825 2779 880; x_wconf 87' lang='lat' dir='ltr'><strong>hac</strong></span> <span class='ocrx_word' id='word_1_188' title='bbox 2805 840 2862 880; x_wconf 91' lang='lat' dir='ltr'><strong>re</strong></span> <span class='ocrx_word' id='word_1_189' title='bbox 2892 825 3132 894; x_wconf 73' lang='lat' dir='ltr'><strong>perﬁdia:</strong></span> <span class='ocrx_word' id='word_1_190' title='bbox 3153 838 3319 879; x_wconf 88' lang='lat' dir='ltr'><strong>causa</strong></span> <span class='ocrx_word' id='word_1_191' title='bbox 3347 833 3428 877; x_wconf 88' lang='lat' dir='ltr'><strong>est</strong></span> <span class='ocrx_word' id='word_1_192' title='bbox 3473 822 3613 891; x_wconf 89' lang='lat' dir='ltr'><strong>quod</strong></span> 
     </span>
    </p>
   </div>
   <div class='ocr_carea' id='block_1_26' title="bbox 2036 913 3613 987">
    <p class='ocr_par' dir='ltr' id='par_1_26' title="bbox 2036 913 3613 987">
     <span class='ocr_line' id='line_1_26' title="bbox 2036 913 3613 987; baseline -0.002 -17"><span class='ocrx_word' id='word_1_193' title='bbox 2036 924 2267 971; x_wconf 87' lang='lat' dir='ltr'><strong>mortem</strong></span> <span class='ocrx_word' id='word_1_194' title='bbox 2294 925 2516 985; x_wconf 86' lang='lat' dir='ltr'><strong>propter</strong></span> <span class='ocrx_word' id='word_1_195' title='bbox 2540 931 2637 971; x_wconf 86' lang='lat' dir='ltr'><strong>nos</strong></span> <span class='ocrx_word' id='word_1_196' title='bbox 2673 932 2837 971; x_wconf 87' lang='lat' dir='ltr'><strong>carne</strong></span> <span class='ocrx_word' id='word_1_197' title='bbox 2890 918 2999 987; x_wconf 89' lang='lat' dir='ltr'><strong>pati</strong></span> <span class='ocrx_word' id='word_1_198' title='bbox 3034 916 3289 981; x_wconf 90' lang='lat' dir='ltr'><strong>voluerit,</strong></span> <span class='ocrx_word' id='word_1_199' title='bbox 3358 913 3613 985; x_wconf 82' lang='lat' dir='ltr'><strong>quamvis</strong></span> 
     </span>
    </p>
   </div>
   <div class='ocr_carea' id='block_1_27' title="bbox 2036 1006 3614 1078">
    <p class='ocr_par' dir='ltr' id='par_1_27' title="bbox 2036 1006 3614 1078">
     <span class='ocr_line' id='line_1_27' title="bbox 2036 1006 3614 1078; baseline -0.001 -17"><span class='ocrx_word' id='word_1_200' title='bbox 2036 1020 2099 1061; x_wconf 88' lang='lat' dir='ltr'><strong>ea</strong></span> <span class='ocrx_word' id='word_1_201' title='bbox 2131 1006 2198 1061; x_wconf 89' lang='lat' dir='ltr'><strong>de</strong></span> <span class='ocrx_word' id='word_1_202' title='bbox 2228 1021 2391 1063; x_wconf 84' lang='lat' dir='ltr'><strong>causa</strong></span> <span class='ocrx_word' id='word_1_203' title='bbox 2418 1008 2814 1078; x_wconf 87' lang='lat' dir='ltr'><strong>dispensatorie</strong></span> <span class='ocrx_word' id='word_1_204' title='bbox 2846 1009 2912 1064; x_wconf 91' lang='lat' dir='ltr'><strong>ad</strong></span> <span class='ocrx_word' id='word_1_205' title='bbox 2939 1009 3360 1064; x_wconf 81' lang='lat' dir='ltr'><strong>exinanitionetn</strong></span> <span class='ocrx_word' id='word_1_206' title='bbox 3393 1009 3614 1061; x_wconf 83' lang='lat' dir='ltr'><strong>descen-</strong></span> 
     </span>
    </p>
   </div>
   <div class='ocr_carea' id='block_1_28' title="bbox 2037 1093 3616 1168">
    <p class='ocr_par' dir='ltr' id='par_1_28' title="bbox 2037 1093 3616 1168">
     <span class='ocr_line' id='line_1_28' title="bbox 2037 1093 3616 1168; baseline 0 -20"><span class='ocrx_word' id='word_1_207' title='bbox 2037 1094 2177 1148; x_wconf 86' lang='lat' dir='ltr'><strong>derit</strong></span> <span class='ocrx_word' id='word_1_208' title='bbox 2222 1093 2290 1155; x_wconf 76' lang='grc'><strong>³⁸.</strong></span> <span class='ocrx_word' id='word_1_209' title='bbox 2349 1104 2410 1150; x_wconf 85' lang='grc' dir='ltr'><strong>ιιι</strong></span> <span class='ocrx_word' id='word_1_210' title='bbox 2452 1110 2620 1151; x_wconf 90' lang='lat' dir='ltr'><strong>carne</strong></span> <span class='ocrx_word' id='word_1_211' title='bbox 2667 1112 2765 1168; x_wconf 90' lang='lat' dir='ltr'><strong>pro</strong></span> <span class='ocrx_word' id='word_1_212' title='bbox 2825 1099 2982 1153; x_wconf 90' lang='lat' dir='ltr'><strong>nobis</strong></span> <span class='ocrx_word' id='word_1_213' title='bbox 3038 1113 3251 1168; x_wconf 87' lang='lat' dir='ltr'><strong>passus,</strong></span> <span class='ocrx_word' id='word_1_214' title='bbox 3312 1099 3616 1152; x_wconf 85' lang='lat' dir='ltr'><strong>destrueret</strong></span> 
     </span>
    </p>
   </div>
   <div class='ocr_carea' id='block_1_29' title="bbox 2038 1186 3615 1259">
    <p class='ocr_par' dir='ltr' id='par_1_29' title="bbox 2038 1186 3615 1259">
     <span class='ocr_line' id='line_1_29' title="bbox 2038 1186 3615 1259; baseline 0.002 -21"><span class='ocrx_word' id='word_1_215' title='bbox 2038 1186 2227 1241; x_wconf 89' lang='lat' dir='ltr'><strong>mortis</strong></span> <span class='ocrx_word' id='word_1_216' title='bbox 2257 1187 2542 1256; x_wconf 86' lang='lat' dir='ltr'><strong>imperium</strong></span> <span class='ocrx_word' id='word_1_217' title='bbox 2574 1191 2644 1253; x_wconf 69' lang='grc' dir='ltr'>η,</span> <span class='ocrx_word' id='word_1_218' title='bbox 2683 1198 2867 1259; x_wconf 86' lang='lat' dir='ltr'><strong>utpote</strong></span> <span class='ocrx_word' id='word_1_219' title='bbox 2895 1206 3018 1245; x_wconf 89' lang='lat' dir='ltr'><strong>cum</strong></span> <span class='ocrx_word' id='word_1_220' title='bbox 3071 1192 3179 1245; x_wconf 88' lang='lat' dir='ltr'><strong>vita</strong></span> <span class='ocrx_word' id='word_1_221' title='bbox 3238 1199 3382 1245; x_wconf 88' lang='lat' dir='ltr'><strong>esset</strong></span> <span class='ocrx_word' id='word_1_222' title='bbox 3422 1203 3615 1244; x_wconf 84' lang='lat' dir='ltr'><strong>secun-</strong></span> 
     </span>
    </p>
   </div>
   <div class='ocr_carea' id='block_1_30' title="bbox 2039 1272 3614 1349">
    <p class='ocr_par' dir='ltr' id='par_1_30' title="bbox 2039 1272 3614 1349">
     <span class='ocr_line' id='line_1_30' title="bbox 2039 1272 3614 1349; baseline 0.004 -22"><span class='ocrx_word' id='word_1_223' title='bbox 2039 1272 2164 1327; x_wconf 89' lang='lat' dir='ltr'><strong>dum</strong></span> <span class='ocrx_word' id='word_1_224' title='bbox 2188 1283 2465 1343; x_wconf 84' lang='lat' dir='ltr'><strong>naturam,</strong></span> <span class='ocrx_word' id='word_1_225' title='bbox 2500 1284 2554 1331; x_wconf 90' lang='lat' dir='ltr'><strong>et</strong></span> <span class='ocrx_word' id='word_1_226' title='bbox 2574 1291 2641 1332; x_wconf 84' lang='lat' dir='ltr'><strong>ex</strong></span> <span class='ocrx_word' id='word_1_227' title='bbox 2674 1279 2804 1345; x_wconf 83' lang='lat' dir='ltr'><strong>vita,</strong></span> <span class='ocrx_word' id='word_1_228' title='bbox 2829 1279 2929 1335; x_wconf 90' lang='lat' dir='ltr'><strong>hoc</strong></span> <span class='ocrx_word' id='word_1_229' title='bbox 2963 1290 3065 1345; x_wconf 89' lang='lat' dir='ltr'><strong>est,</strong></span> <span class='ocrx_word' id='word_1_230' title='bbox 3092 1281 3207 1349; x_wconf 90' lang='lat' dir='ltr'><strong>ipso</strong></span> <span class='ocrx_word' id='word_1_231' title='bbox 3234 1279 3346 1334; x_wconf 89' lang='lat' dir='ltr'><strong>Deo</strong></span> <span class='ocrx_word' id='word_1_232' title='bbox 3374 1294 3438 1333; x_wconf 91' lang='lat' dir='ltr'><strong>ac</strong></span> <span class='ocrx_word' id='word_1_233' title='bbox 3456 1279 3614 1334; x_wconf 79' lang='lat' dir='ltr'><strong>Patre</strong></span> 
     </span>
    </p>
   </div>
   <div class='ocr_carea' id='block_1_31' title="bbox 2036 1364 3614 1443">
    <p class='ocr_par' dir='ltr' id='par_1_31' title="bbox 2036 1364 3614 1443">
     <span class='ocr_line' id='line_1_31' title="bbox 2036 1364 3614 1443; baseline 0.003 -24"><span class='ocrx_word' id='word_1_234' title='bbox 2036 1366 2255 1421; x_wconf 89' lang='lat' dir='ltr'><strong>editus:</strong></span> <span class='ocrx_word' id='word_1_235' title='bbox 2289 1364 2567 1424; x_wconf 72' lang='lat' dir='ltr'><strong>hominum</strong></span> <span class='ocrx_word' id='word_1_236' title='bbox 2606 1370 2804 1441; x_wconf 86' lang='lat' dir='ltr'><strong>quippe</strong></span> <span class='ocrx_word' id='word_1_237' title='bbox 2849 1384 3041 1427; x_wconf 87' lang='lat' dir='ltr'><strong>natura</strong></span> <span class='ocrx_word' id='word_1_238' title='bbox 3073 1381 3331 1443; x_wconf 88' lang='lat' dir='ltr'><strong>tanquam</strong></span> <span class='ocrx_word' id='word_1_239' title='bbox 3362 1373 3419 1427; x_wconf 86' lang='lat' dir='ltr'><strong>in</strong></span> <span class='ocrx_word' id='word_1_240' title='bbox 3461 1371 3614 1426; x_wconf 91' lang='lat' dir='ltr'><strong>initio</strong></span> 
     </span>
    </p>
   </div>
   <div class='ocr_carea' id='block_1_32' title="bbox 2036 1456 3612 1533">
    <p class='ocr_par' dir='ltr' id='par_1_32' title="bbox 2036 1456 3612 1533">
     <span class='ocr_line' id='line_1_32' title="bbox 2036 1456 3612 1533; baseline 0.006 -24"><span class='ocrx_word' id='word_1_241' title='bbox 2036 1456 2320 1527; x_wconf 82' lang='lat' dir='ltr'><strong>primaque</strong></span> <span class='ocrx_word' id='word_1_242' title='bbox 2369 1461 2572 1524; x_wconf 87' lang='lat' dir='ltr'><strong>radice,</strong></span> <span class='ocrx_word' id='word_1_243' title='bbox 2624 1463 2726 1517; x_wconf 90' lang='lat' dir='ltr'><strong>hoc</strong></span> <span class='ocrx_word' id='word_1_244' title='bbox 2771 1464 2935 1518; x_wconf 84' lang='lat' dir='ltr'><strong>estin</strong></span> <span class='ocrx_word' id='word_1_245' title='bbox 2984 1465 3177 1530; x_wconf 78' lang='lat' dir='ltr'><strong>Adam,</strong></span> <span class='ocrx_word' id='word_1_246' title='bbox 3245 1464 3612 1533; x_wconf 87' lang='lat' dir='ltr'><strong>corruptionis</strong></span> 
     </span>
    </p>
   </div>
   <div class='ocr_carea' id='block_1_33' title="bbox 2034 1546 3611 1621">
    <p class='ocr_par' dir='ltr' id='par_1_33' title="bbox 2034 1546 3611 1621">
     <span class='ocr_line' id='line_1_33' title="bbox 2034 1546 3611 1621; baseline 0.001 -22"><span class='ocrx_word' id='word_1_247' title='bbox 2034 1547 2228 1600; x_wconf 87' lang='lat' dir='ltr'><strong>morbo</strong></span> <span class='ocrx_word' id='word_1_248' title='bbox 2278 1546 2651 1605; x_wconf 81' lang='lat' dir='ltr'><strong>laboraverat.</strong></span> <span class='ocrx_word' id='word_1_249' title='bbox 2707 1548 2809 1605; x_wconf 89' lang='lat' dir='ltr'><strong>Ubi</strong></span> <span class='ocrx_word' id='word_1_250' title='bbox 2858 1551 3000 1607; x_wconf 90' lang='lat' dir='ltr'><strong>enim</strong></span> <span class='ocrx_word' id='word_1_251' title='bbox 3052 1566 3152 1621; x_wconf 86' lang='lat' dir='ltr'><strong>per</strong></span> <span class='ocrx_word' id='word_1_252' title='bbox 3192 1548 3611 1606; x_wconf 87' lang='lat' dir='ltr'><strong>inobedientiam</strong></span> 
     </span>
    </p>
   </div>
   <div class='ocr_carea' id='block_1_34' title="bbox 2039 1636 3616 1713">
    <p class='ocr_par' dir='ltr' id='par_1_34' title="bbox 2039 1636 3616 1713">
     <span class='ocr_line' id='line_1_34' title="bbox 2039 1636 3616 1713; baseline 0.001 -22"><span class='ocrx_word' id='word_1_253' title='bbox 2039 1636 2398 1707; x_wconf 77' lang='lat' dir='ltr'><strong>legislatorem</strong></span> <span class='ocrx_word' id='word_1_254' title='bbox 2424 1651 2480 1695; x_wconf 91' lang='lat' dir='ltr'><strong>et</strong></span> <span class='ocrx_word' id='word_1_255' title='bbox 2503 1641 2672 1696; x_wconf 90' lang='lat' dir='ltr'><strong>Deum</strong></span> <span class='ocrx_word' id='word_1_256' title='bbox 2695 1642 2939 1710; x_wconf 84' lang='lat' dir='ltr'><strong>oﬂ&#39;endit,</strong></span> <span class='ocrx_word' id='word_1_257' title='bbox 2993 1653 3047 1697; x_wconf 93' lang='lat' dir='ltr'><strong>et</strong></span> <span class='ocrx_word' id='word_1_258' title='bbox 3067 1645 3157 1713; x_wconf 90' lang='lat' dir='ltr'><strong>qui</strong></span> <span class='ocrx_word' id='word_1_259' title='bbox 3189 1644 3337 1696; x_wconf 91' lang='lat' dir='ltr'><strong>illum</strong></span> <span class='ocrx_word' id='word_1_260' title='bbox 3387 1650 3444 1696; x_wconf 92' lang='lat' dir='ltr'><strong>ut</strong></span> <span class='ocrx_word' id='word_1_261' title='bbox 3471 1649 3616 1696; x_wconf 85' lang='lat' dir='ltr'><strong>esset</strong></span> 
     </span>
    </p>
   </div>
   <div class='ocr_carea' id='block_1_35' title="bbox 365 1724 1940 1806">
    <p class='ocr_par' dir='ltr' id='par_1_35' title="bbox 365 1728 1937 1806">
     <span class='ocr_line' id='line_1_35' title="bbox 365 1728 1937 1806; baseline 0.003 -23"><span class='ocrx_word' id='word_1_262' title='bbox 365 1728 590 1799; x_wconf 78' lang='grc' dir='ltr'>Ἐπειδὴ</span> <span class='ocrx_word' id='word_1_263' title='bbox 620 1730 726 1800; x_wconf 83' lang='grc' dir='ltr'>γὰρ</span> <span class='ocrx_word' id='word_1_264' title='bbox 761 1731 1170 1804; x_wconf 85' lang='grc' dir='ltr'>προσκέκρουκε</span> <span class='ocrx_word' id='word_1_265' title='bbox 1193 1733 1282 1787; x_wconf 84' lang='grc' dir='ltr'><strong>διὰ</strong></span> <span class='ocrx_word' id='word_1_266' title='bbox 1308 1736 1407 1805; x_wconf 80' lang='grc' dir='ltr'>τῆς</span> <span class='ocrx_word' id='word_1_267' title='bbox 1430 1735 1719 1806; x_wconf 86' lang='grc' dir='ltr'>παρακοῆς</span> <span class='ocrx_word' id='word_1_268' title='bbox 1746 1733 1822 1804; x_wconf 83' lang='grc' dir='ltr'>τῷ</span> <span class='ocrx_word' id='word_1_269' title='bbox 1850 1751 1937 1787; x_wconf 88' lang='grc' dir='ltr'>νο-</span> 
     </span>
    </p>
   </div>
   <div class='ocr_carea' id='block_1_36' title="bbox 2041 1724 3611 1806">
    <p class='ocr_par' dir='ltr' id='par_1_36' title="bbox 2041 1730 3611 1800">
     <span class='ocr_line' id='line_1_36' title="bbox 2041 1730 3611 1800; baseline 0.002 -17"><span class='ocrx_word' id='word_1_270' title='bbox 2041 1730 2391 1800; x_wconf 82' lang='lat' dir='ltr'><strong>produxerat,</strong></span> <span class='ocrx_word' id='word_1_271' title='bbox 2448 1734 2635 1787; x_wconf 85' lang='lat' dir='ltr'><strong>statim</strong></span> <span class='ocrx_word' id='word_1_272' title='bbox 2685 1737 2785 1790; x_wconf 90' lang='lat' dir='ltr'><strong>sub</strong></span> <span class='ocrx_word' id='word_1_273' title='bbox 2842 1735 3131 1791; x_wconf 83' lang='lat' dir='ltr'><strong>maledicto</strong></span> <span class='ocrx_word' id='word_1_274' title='bbox 3184 1735 3306 1799; x_wconf 78' lang='lat' dir='ltr'><strong>fuit,</strong></span> <span class='ocrx_word' id='word_1_275' title='bbox 3350 1741 3405 1789; x_wconf 91' lang='lat' dir='ltr'><strong>et</strong></span> <span class='ocrx_word' id='word_1_276' title='bbox 3452 1732 3611 1787; x_wconf 88' lang='lat' dir='ltr'><strong>morti</strong></span> 
     </span>
    </p>
   </div>
   <div class='ocr_carea' id='block_1_37' title="bbox 358 1820 1939 1899">
    <p class='ocr_par' dir='ltr' id='par_1_37' title="bbox 358 1820 1939 1899">
     <span class='ocr_line' id='line_1_37' title="bbox 358 1820 1939 1899; baseline 0.007 -28"><span class='ocrx_word' id='word_1_277' title='bbox 358 1820 560 1892; x_wconf 83' lang='grc' dir='ltr'>μοθέτῃ</span> <span class='ocrx_word' id='word_1_278' title='bbox 594 1821 688 1875; x_wconf 78' lang='grc' dir='ltr'>καὶ</span> <span class='ocrx_word' id='word_1_279' title='bbox 716 1822 833 1893; x_wconf 81' lang='grc' dir='ltr'><strong>Θεῷ</strong></span> <span class='ocrx_word' id='word_1_280' title='bbox 871 1824 1012 1894; x_wconf 75' lang='grc'>(55),</span> <span class='ocrx_word' id='word_1_281' title='bbox 1044 1826 1136 1879; x_wconf 74' lang='grc' dir='ltr'>καὶ</span> <span class='ocrx_word' id='word_1_282' title='bbox 1163 1827 1560 1895; x_wconf 81' lang='grc' dir='ltr'>παρενεγκόντι</span> <span class='ocrx_word' id='word_1_283' title='bbox 1585 1826 1721 1898; x_wconf 82' lang='grc' dir='ltr'>πρὸς</span> <span class='ocrx_word' id='word_1_284' title='bbox 1760 1826 1939 1899; x_wconf 83' lang='grc' dir='ltr'>ῦπαρ-</span> 
     </span>
    </p>
   </div>
   <div class='ocr_carea' id='block_1_38' title="bbox 353 1904 1938 1990">
    <p class='ocr_par' dir='ltr' id='par_1_38' title="bbox 353 1904 1938 1990">
     <span class='ocr_line' id='line_1_38' title="bbox 353 1904 1938 1990; baseline 0.005 -28"><span class='ocrx_word' id='word_1_285' title='bbox 353 1911 457 1976; x_wconf 80' lang='grc' dir='ltr'>ξιν,</span> <span class='ocrx_word' id='word_1_286' title='bbox 499 1911 771 1983; x_wconf 72' lang='grc' dir='ltr'>ἐπάρατος</span> <span class='ocrx_word' id='word_1_287' title='bbox 802 1909 871 1985; x_wconf 74' lang='grc' dir='ltr'>ἦν</span> <span class='ocrx_word' id='word_1_288' title='bbox 900 1904 1086 1982; x_wconf 75' lang='grc' dir='ltr'>εύθὺς,</span> <span class='ocrx_word' id='word_1_289' title='bbox 1117 1917 1211 1970; x_wconf 81' lang='grc' dir='ltr'>καὶ</span> <span class='ocrx_word' id='word_1_290' title='bbox 1257 1916 1492 1972; x_wconf 83' lang='grc' dir='ltr'>θανάτου</span> <span class='ocrx_word' id='word_1_291' title='bbox 1541 1918 1772 1990; x_wconf 84' lang='grc' dir='ltr'>κάτοχος</span> <span class='ocrx_word' id='word_1_292' title='bbox 1794 1935 1810 1950; x_wconf 76' lang='lat'>&#39;</span> <span class='ocrx_word' id='word_1_293' title='bbox 1842 1919 1938 1974; x_wconf 79' lang='grc' dir='ltr'>καὶ</span> 
     </span>
    </p>
   </div>
   <div class='ocr_carea' id='block_1_39' title="bbox 272 1996 1935 2083">
    <p class='ocr_par' dir='ltr' id='par_1_39' title="bbox 272 1996 1935 2083">
     <span class='ocr_line' id='line_1_39' title="bbox 272 1996 1935 2083; baseline 0.006 -29"><span class='ocrx_word' id='word_1_294' title='bbox 272 1996 289 2005; x_wconf 74' lang='grc'><strong>”</strong></span> <span class='ocrx_word' id='word_1_295' title='bbox 354 2002 744 2071; x_wconf 75' lang='grc' dir='ltr'>βεϐασίλευκεν</span> <span class='ocrx_word' id='word_1_296' title='bbox 780 2007 809 2058; x_wconf 97' lang='lat'><strong>6</strong></span> <span class='ocrx_word' id='word_1_297' title='bbox 847 2004 1076 2070; x_wconf 85' lang='grc' dir='ltr'>θάνατος</span> <span class='ocrx_word' id='word_1_298' title='bbox 1107 2008 1214 2060; x_wconf 75' lang='grc' dir='ltr'><strong>ἀπὸ</strong></span> <span class='ocrx_word' id='word_1_299' title='bbox 1258 2009 1429 2080; x_wconf 77' lang='grc' dir='ltr'>’Δδάμ</span> <span class='ocrx_word' id='word_1_300' title='bbox 1476 2010 1637 2083; x_wconf 89' lang='grc' dir='ltr'>μέχρι</span> <span class='ocrx_word' id='word_1_301' title='bbox 1670 2012 1935 2077; x_wconf 81' lang='grc' dir='ltr'>Μωσέως,</span> 
     </span>
    </p>
   </div>
   <div class='ocr_carea' id='block_1_40' title="bbox 350 2093 1941 2173">
    <p class='ocr_par' dir='ltr' id='par_1_40' title="bbox 350 2093 1941 2173">
     <span class='ocr_line' id='line_1_40' title="bbox 350 2093 1941 2173; baseline 0.008 -29"><span class='ocrx_word' id='word_1_302' title='bbox 350 2093 738 2164; x_wconf 78' lang='grc' dir='ltr'>ὲκτεινομένης</span> <span class='ocrx_word' id='word_1_303' title='bbox 772 2097 853 2159; x_wconf 86' lang='grc' dir='ltr'><strong>είς</strong></span> <span class='ocrx_word' id='word_1_304' title='bbox 897 2096 1046 2150; x_wconf 76' lang='grc' dir='ltr'>ἀπαν</span> <span class='ocrx_word' id='word_1_305' title='bbox 1078 2098 1141 2151; x_wconf 77' lang='grc' dir='ltr'>τὸ</span> <span class='ocrx_word' id='word_1_306' title='bbox 1169 2098 1228 2165; x_wconf 75' lang='grc' dir='ltr'><strong>ἐξ</strong></span> <span class='ocrx_word' id='word_1_307' title='bbox 1264 2100 1428 2154; x_wconf 82' lang='grc' dir='ltr'>αὑτοῦ</span> <span class='ocrx_word' id='word_1_308' title='bbox 1469 2102 1690 2173; x_wconf 88' lang='grc' dir='ltr'>σπέρμα</span> <span class='ocrx_word' id='word_1_309' title='bbox 1729 2120 1791 2156; x_wconf 88' lang='grc' dir='ltr'><strong>τε</strong></span> <span class='ocrx_word' id='word_1_310' title='bbox 1843 2103 1941 2158; x_wconf 69' lang='grc' dir='ltr'>καὶ</span> 
     </span>
    </p>
   </div>
   <div class='ocr_carea' id='block_1_41' title="bbox 350 2185 1941 2268">
    <p class='ocr_par' dir='ltr' id='par_1_41' title="bbox 350 2185 1941 2268">
     <span class='ocr_line' id='line_1_41' title="bbox 350 2185 1941 2268; baseline 0.009 -32"><span class='ocrx_word' id='word_1_311' title='bbox 350 2185 534 2252; x_wconf 84' lang='grc' dir='ltr'>γένος,</span> <span class='ocrx_word' id='word_1_312' title='bbox 570 2189 670 2257; x_wconf 78' lang='grc' dir='ltr'>τῆς</span> <span class='ocrx_word' id='word_1_313' title='bbox 697 2188 792 2240; x_wconf 70' lang='grc' dir='ltr'><strong>ἐπὶ</strong></span> <span class='ocrx_word' id='word_1_314' title='bbox 835 2188 973 2259; x_wconf 83' lang='grc' dir='ltr'>τῷδε</span> <span class='ocrx_word' id='word_1_315' title='bbox 1003 2189 1177 2260; x_wconf 83' lang='grc' dir='ltr'>δίκης.</span> <span class='ocrx_word' id='word_1_316' title='bbox 1226 2192 1410 2263; x_wconf 76' lang='grc' dir='ltr'>Ῥίζης</span> <span class='ocrx_word' id='word_1_317' title='bbox 1439 2194 1546 2267; x_wconf 79' lang='grc' dir='ltr'><strong>γὰρ</strong></span> <span class='ocrx_word' id='word_1_318' title='bbox 1584 2194 1775 2268; x_wconf 89' lang='grc' dir='ltr'>ῶσπερ</span> <span class='ocrx_word' id='word_1_319' title='bbox 1806 2197 1941 2251; x_wconf 88' lang='grc' dir='ltr'>ἀνα-</span> 
     </span>
    </p>
   </div>
   <div class='ocr_carea' id='block_1_42' title="bbox 352 2275 1940 2355">
    <p class='ocr_par' dir='ltr' id='par_1_42' title="bbox 352 2275 1940 2355">
     <span class='ocr_line' id='line_1_42' title="bbox 352 2275 1940 2355; baseline 0.009 -28"><span class='ocrx_word' id='word_1_320' title='bbox 352 2275 556 2344; x_wconf 77' lang='grc' dir='ltr'>φύντες</span> <span class='ocrx_word' id='word_1_321' title='bbox 603 2276 875 2350; x_wconf 82' lang='grc' dir='ltr'>φθαρτῆς,</span> <span class='ocrx_word' id='word_1_322' title='bbox 914 2279 1145 2352; x_wconf 74' lang='grc' dir='ltr'>φθαρτοὶ</span> <span class='ocrx_word' id='word_1_323' title='bbox 1183 2284 1277 2337; x_wconf 81' lang='grc' dir='ltr'>καὶ</span> <span class='ocrx_word' id='word_1_324' title='bbox 1323 2285 1504 2355; x_wconf 78' lang='grc' dir='ltr'>ἡμεῖς,</span> <span class='ocrx_word' id='word_1_325' title='bbox 1552 2287 1645 2339; x_wconf 73' lang='grc' dir='ltr'>καὶ</span> <span class='ocrx_word' id='word_1_326' title='bbox 1684 2289 1798 2351; x_wconf 84' lang='grc' dir='ltr'>τοῖς</span> <span class='ocrx_word' id='word_1_327' title='bbox 1844 2287 1940 2341; x_wconf 87' lang='grc' dir='ltr'><strong>τοῦ</strong></span> 
     </span>
    </p>
   </div>
   <div class='ocr_carea' id='block_1_43' title="bbox 353 2366 1942 2451">
    <p class='ocr_par' dir='ltr' id='par_1_43' title="bbox 353 2366 1942 2451">
     <span class='ocr_line' id='line_1_43' title="bbox 353 2366 1942 2451; baseline 0.008 -31"><span class='ocrx_word' id='word_1_328' title='bbox 353 2366 588 2429; x_wconf 84' lang='grc' dir='ltr'>θανάτου</span> <span class='ocrx_word' id='word_1_329' title='bbox 655 2370 876 2441; x_wconf 82' lang='grc' dir='ltr'>βρόχοις</span> <span class='ocrx_word' id='word_1_330' title='bbox 928 2372 1278 2444; x_wconf 63' lang='grc' dir='ltr'>ὲνισχημένοι</span> <span class='ocrx_word' id='word_1_331' title='bbox 1334 2376 1680 2451; x_wconf 78' lang='grc' dir='ltr'>διετελοῦμεν</span> <span class='ocrx_word' id='word_1_332' title='bbox 1731 2380 1782 2432; x_wconf 81' lang='lat' dir='ltr'><strong>oi</strong></span> <span class='ocrx_word' id='word_1_333' title='bbox 1833 2378 1942 2433; x_wconf 88' lang='grc' dir='ltr'>δεί-</span> 
     </span>
    </p>
   </div>
   <div class='ocr_carea' id='block_1_44' title="bbox 352 2457 1943 2543">
    <p class='ocr_par' dir='ltr' id='par_1_44' title="bbox 352 2457 1943 2543">
     <span class='ocr_line' id='line_1_44' title="bbox 352 2457 1943 2543; baseline 0.009 -32"><span class='ocrx_word' id='word_1_334' title='bbox 352 2457 518 2513; x_wconf 79' lang='grc' dir='ltr'>λαιοι.</span> <span class='ocrx_word' id='word_1_335' title='bbox 562 2461 786 2532; x_wconf 81' lang='grc' dir='ltr'>Ἐπειδὴ</span> <span class='ocrx_word' id='word_1_336' title='bbox 812 2462 871 2515; x_wconf 83' lang='grc' dir='ltr'>δὲ</span> <span class='ocrx_word' id='word_1_337' title='bbox 914 2466 1129 2535; x_wconf 86' lang='grc' dir='ltr'>χρηστά</span> <span class='ocrx_word' id='word_1_338' title='bbox 1170 2467 1301 2537; x_wconf 79' lang='grc' dir='ltr'>περὶ</span> <span class='ocrx_word' id='word_1_339' title='bbox 1343 2469 1502 2539; x_wconf 83' lang='grc' dir='ltr'>ἡμῶν</span> <span class='ocrx_word' id='word_1_340' title='bbox 1534 2470 1563 2522; x_wconf 89' lang='lat'><strong>6</strong></span> <span class='ocrx_word' id='word_1_341' title='bbox 1610 2469 1943 2543; x_wconf 83' lang='grc' dir='ltr'>δημιουργὸς</span> 
     </span>
    </p>
   </div>
   <div class='ocr_carea' id='block_1_45' title="bbox 353 2550 1943 2635">
    <p class='ocr_par' dir='ltr' id='par_1_45' title="bbox 353 2550 1943 2635">
     <span class='ocr_line' id='line_1_45' title="bbox 353 2550 1943 2635; baseline 0.011 -31"><span class='ocrx_word' id='word_1_342' title='bbox 353 2552 649 2623; x_wconf 76' lang='grc' dir='ltr'>ἐσκέψατο,</span> <span class='ocrx_word' id='word_1_343' title='bbox 689 2555 787 2608; x_wconf 70' lang='grc' dir='ltr'>καὶ</span> <span class='ocrx_word' id='word_1_344' title='bbox 813 2555 1170 2628; x_wconf 83' lang='grc' dir='ltr'>ἀνῃρημένης</span> <span class='ocrx_word' id='word_1_345' title='bbox 1197 2560 1294 2629; x_wconf 84' lang='grc' dir='ltr'>τῆς</span> <span class='ocrx_word' id='word_1_346' title='bbox 1327 2550 1533 2632; x_wconf 80' lang='grc' dir='ltr'>φθορᾶς</span> <span class='ocrx_word' id='word_1_347' title='bbox 1561 2564 1943 2635; x_wconf 81' lang='grc' dir='ltr'>άναστοιχειῶ-</span> 
     </span>
    </p>
   </div>
   <div class='ocr_carea' id='block_1_46' title="bbox 354 2644 1943 2725">
    <p class='ocr_par' dir='ltr' id='par_1_46' title="bbox 354 2644 1943 2725">
     <span class='ocr_line' id='line_1_46' title="bbox 354 2644 1943 2725; baseline 0.008 -28"><span class='ocrx_word' id='word_1_348' title='bbox 354 2660 452 2697; x_wconf 88' lang='grc' dir='ltr'><strong>σαι</strong></span> <span class='ocrx_word' id='word_1_349' title='bbox 494 2644 630 2714; x_wconf 82' lang='grc' dir='ltr'>πρὸς</span> <span class='ocrx_word' id='word_1_350' title='bbox 679 2645 740 2698; x_wconf 84' lang='grc' dir='ltr'>τὸ</span> <span class='ocrx_word' id='word_1_351' title='bbox 778 2646 873 2698; x_wconf 85' lang='grc' dir='ltr'><strong>ἀπ’</strong></span> <span class='ocrx_word' id='word_1_352' title='bbox 922 2646 1099 2717; x_wconf 77' lang='grc' dir='ltr'>ἀρχῆς</span> <span class='ocrx_word' id='word_1_353' title='bbox 1140 2649 1241 2720; x_wconf 77' lang='grc' dir='ltr'>τὴν</span> <span class='ocrx_word' id='word_1_354' title='bbox 1282 2650 1571 2723; x_wconf 81' lang='grc' dir='ltr'>ἀνθρώπου</span> <span class='ocrx_word' id='word_1_355' title='bbox 1608 2654 1770 2723; x_wconf 86' lang='grc' dir='ltr'>φύσιν</span> <span class='ocrx_word' id='word_1_356' title='bbox 1817 2655 1943 2725; x_wconf 75' lang='grc' dir='ltr'>ἠθέ-</span> 
     </span>
    </p>
   </div>
   <div class='ocr_carea' id='block_1_47' title="bbox 351 2733 1944 2817">
    <p class='ocr_par' dir='ltr' id='par_1_47' title="bbox 351 2733 1944 2817">
     <span class='ocr_line' id='line_1_47' title="bbox 351 2733 1944 2817; baseline 0.009 -30"><span class='ocrx_word' id='word_1_357' title='bbox 351 2733 495 2804; x_wconf 78' lang='grc' dir='ltr'>λησε</span> <span class='ocrx_word' id='word_1_358' title='bbox 523 2750 536 2764; x_wconf 76' lang='grc'><strong><em>⁸</em></strong></span> <span class='ocrx_word' id='word_1_359' title='bbox 593 2734 751 2806; x_wconf 73' lang='grc' dir='ltr'>ῥίζαν</span> <span class='ocrx_word' id='word_1_360' title='bbox 800 2734 992 2808; x_wconf 85' lang='grc' dir='ltr'>ῶσπερ</span> <span class='ocrx_word' id='word_1_361' title='bbox 1030 2739 1163 2808; x_wconf 74' lang='grc' dir='ltr'>ἡμῖν</span> <span class='ocrx_word' id='word_1_362' title='bbox 1207 2740 1481 2814; x_wconf 81' lang='grc' dir='ltr'>έπήνθησε</span> <span class='ocrx_word' id='word_1_363' title='bbox 1516 2744 1793 2817; x_wconf 85' lang='grc' dir='ltr'>δευτέραν,</span> <span class='ocrx_word' id='word_1_364' title='bbox 1845 2748 1944 2802; x_wconf 81' lang='grc' dir='ltr'>οὐκ</span> 
     </span>
    </p>
   </div>
   <div class='ocr_carea' id='block_1_48' title="bbox 354 2825 1943 2911">
    <p class='ocr_par' dir='ltr' id='par_1_48' title="bbox 354 2825 1943 2911">
     <span class='ocr_line' id='line_1_48' title="bbox 354 2825 1943 2911; baseline 0.01 -32"><span class='ocrx_word' id='word_1_365' title='bbox 354 2825 706 2896; x_wconf 80' lang='grc' dir='ltr'>ἁνεχομένην</span> <span class='ocrx_word' id='word_1_366' title='bbox 736 2827 1063 2899; x_wconf 82' lang='grc' dir='ltr'>κρατεῖσθαι</span> <span class='ocrx_word' id='word_1_367' title='bbox 1088 2830 1324 2903; x_wconf 85' lang='grc' dir='ltr'>θανάτῳ,</span> <span class='ocrx_word' id='word_1_368' title='bbox 1349 2836 1439 2888; x_wconf 81' lang='grc' dir='ltr'><strong>τὸν</strong></span> <span class='ocrx_word' id='word_1_369' title='bbox 1465 2836 1558 2889; x_wconf 78' lang='grc' dir='ltr'>ἕνα</span> <span class='ocrx_word' id='word_1_370' title='bbox 1599 2837 1803 2909; x_wconf 83' lang='grc' dir='ltr'>Κύριον</span> <span class='ocrx_word' id='word_1_371' title='bbox 1838 2840 1943 2911; x_wconf 86' lang='grc' dir='ltr'>Ἰη-</span> 
     </span>
    </p>
   </div>
   <div class='ocr_carea' id='block_1_49' title="bbox 353 2913 1942 2994">
    <p class='ocr_par' dir='ltr' id='par_1_49' title="bbox 353 2913 1942 2994">
     <span class='ocr_line' id='line_1_49' title="bbox 353 2913 1942 2994; baseline 0.007 -25"><span class='ocrx_word' id='word_1_372' title='bbox 353 2913 490 2969; x_wconf 85' lang='grc' dir='ltr'>σοῦν</span> <span class='ocrx_word' id='word_1_373' title='bbox 522 2914 615 2967; x_wconf 82' lang='grc' dir='ltr'>τὸν</span> <span class='ocrx_word' id='word_1_374' title='bbox 636 2915 896 2985; x_wconf 82' lang='grc' dir='ltr'>Χριστὸν,</span> <span class='ocrx_word' id='word_1_375' title='bbox 926 2917 1195 2983; x_wconf 86' lang='grc' dir='ltr'>τουτέστι,</span> <span class='ocrx_word' id='word_1_376' title='bbox 1233 2920 1323 2974; x_wconf 84' lang='grc' dir='ltr'>τὸν</span> <span class='ocrx_word' id='word_1_377' title='bbox 1353 2922 1417 2976; x_wconf 83' lang='grc' dir='ltr'>ὲκ</span> <span class='ocrx_word' id='word_1_378' title='bbox 1444 2925 1542 2994; x_wconf 82' lang='grc' dir='ltr'>τῆς</span> <span class='ocrx_word' id='word_1_379' title='bbox 1572 2924 1758 2991; x_wconf 86' lang='grc' dir='ltr'>οὐσίας</span> <span class='ocrx_word' id='word_1_380' title='bbox 1782 2926 1942 2980; x_wconf 82' lang='grc' dir='ltr'>αὑτοῦ</span> 
     </span>
    </p>
   </div>
   <div class='ocr_carea' id='block_1_50' title="bbox 349 3005 1940 3090">
    <p class='ocr_par' dir='ltr' id='par_1_50' title="bbox 349 3005 1940 3090">
     <span class='ocr_line' id='line_1_50' title="bbox 349 3005 1940 3090; baseline 0.009 -32"><span class='ocrx_word' id='word_1_381' title='bbox 349 3005 491 3059; x_wconf 84' lang='grc' dir='ltr'>Θεὸν</span> <span class='ocrx_word' id='word_1_382' title='bbox 526 3006 724 3076; x_wconf 87' lang='grc' dir='ltr'>Λόγον,</span> <span class='ocrx_word' id='word_1_383' title='bbox 754 3007 879 3062; x_wconf 86' lang='grc' dir='ltr'>καθ’</span> <span class='ocrx_word' id='word_1_384' title='bbox 922 3009 1073 3081; x_wconf 75' lang='grc' dir='ltr'>ἡμᾶς</span> <span class='ocrx_word' id='word_1_385' title='bbox 1106 3012 1396 3084; x_wconf 88' lang='grc' dir='ltr'>γενόμενον</span> <span class='ocrx_word' id='word_1_386' title='bbox 1426 3014 1737 3090; x_wconf 68' lang='grc' dir='ltr'>ἄνθρωπον,</span> <span class='ocrx_word' id='word_1_387' title='bbox 1782 3018 1940 3088; x_wconf 85' lang='grc' dir='ltr'>γενό-</span> 
     </span>
    </p>
   </div>
   <div class='ocr_carea' id='block_1_51' title="bbox 353 3104 1939 3185">
    <p class='ocr_par' dir='ltr' id='par_1_51' title="bbox 353 3104 1939 3185">
     <span class='ocr_line' id='line_1_51' title="bbox 353 3104 1939 3185; baseline 0.008 -30"><span class='ocrx_word' id='word_1_388' title='bbox 353 3121 521 3175; x_wconf 82' lang='grc' dir='ltr'>μενον</span> <span class='ocrx_word' id='word_1_389' title='bbox 537 3104 602 3158; x_wconf 76' lang='grc' dir='ltr'>ἐκ</span> <span class='ocrx_word' id='word_1_390' title='bbox 626 3105 905 3172; x_wconf 85' lang='grc' dir='ltr'>γυναικός.</span> <span class='ocrx_word' id='word_1_391' title='bbox 936 3107 1012 3160; x_wconf 81' lang='grc' dir='ltr'><strong>Οὐ</strong></span> <span class='ocrx_word' id='word_1_392' title='bbox 1037 3107 1148 3180; x_wconf 87' lang='grc' dir='ltr'><strong>γάρ</strong></span> <span class='ocrx_word' id='word_1_393' title='bbox 1174 3127 1255 3163; x_wconf 82' lang='grc' dir='ltr'><strong>τοι</strong></span> <span class='ocrx_word' id='word_1_394' title='bbox 1283 3110 1557 3184; x_wconf 84' lang='grc' dir='ltr'>Θεοφόρον</span> <span class='ocrx_word' id='word_1_395' title='bbox 1587 3106 1728 3167; x_wconf 77' lang='grc' dir='ltr'>εἶναί</span> <span class='ocrx_word' id='word_1_396' title='bbox 1760 3130 1939 3185; x_wconf 84' lang='grc' dir='ltr'>φαμεν</span> 
     </span>
    </p>
   </div>
   <div class='ocr_carea' id='block_1_52' title="bbox 350 3195 1942 3277">
    <p class='ocr_par' dir='ltr' id='par_1_52' title="bbox 350 3195 1942 3277">
     <span class='ocr_line' id='line_1_52' title="bbox 350 3195 1942 3277; baseline 0.006 -26"><span class='ocrx_word' id='word_1_397' title='bbox 350 3195 647 3267; x_wconf 77' lang='grc' dir='ltr'>ἄνθρωπον</span> <span class='ocrx_word' id='word_1_398' title='bbox 692 3197 902 3264; x_wconf 84' lang='grc' dir='ltr'>ἅπλῶς,</span> <span class='ocrx_word' id='word_1_399' title='bbox 943 3198 1079 3253; x_wconf 85' lang='grc' dir='ltr'><strong>ἀλλά</strong></span> <span class='ocrx_word' id='word_1_400' title='bbox 1123 3201 1446 3274; x_wconf 80' lang='grc' dir='ltr'>αὐτόχρημα</span> <span class='ocrx_word' id='word_1_401' title='bbox 1489 3204 1633 3258; x_wconf 83' lang='grc' dir='ltr'>κατὰ</span> <span class='ocrx_word' id='word_1_402' title='bbox 1683 3204 1942 3277; x_wconf 76' lang='grc' dir='ltr'>ἀλήθειαν</span> 
     </span>
    </p>
   </div>
   <div class='ocr_carea' id='block_1_53' title="bbox 349 3285 1943 3370">
    <p class='ocr_par' dir='ltr' id='par_1_53' title="bbox 349 3285 1943 3370">
     <span class='ocr_line' id='line_1_53' title="bbox 349 3285 1943 3370; baseline 0.006 -31"><span class='ocrx_word' id='word_1_403' title='bbox 349 3286 444 3340; x_wconf 77' lang='grc' dir='ltr'><strong>τὸν</strong></span> <span class='ocrx_word' id='word_1_404' title='bbox 480 3289 550 3340; x_wconf 82' lang='grc' dir='ltr'>ἐκ</span> <span class='ocrx_word' id='word_1_405' title='bbox 598 3285 734 3341; x_wconf 88' lang='grc' dir='ltr'>Θεοῦ</span> <span class='ocrx_word' id='word_1_406' title='bbox 778 3289 952 3358; x_wconf 87' lang='grc' dir='ltr'>Λόγον</span> <span class='ocrx_word' id='word_1_407' title='bbox 996 3290 1241 3363; x_wconf 76' lang='grc' dir='ltr'>ἡνῶσθαι</span> <span class='ocrx_word' id='word_1_408' title='bbox 1291 3295 1479 3366; x_wconf 71' lang='grc' dir='ltr'>σαρκὶ,</span> <span class='ocrx_word' id='word_1_409' title='bbox 1514 3297 1604 3351; x_wconf 80' lang='grc' dir='ltr'>ἵνά</span> <span class='ocrx_word' id='word_1_410' title='bbox 1651 3298 1750 3370; x_wconf 82' lang='grc' dir='ltr'>τὴν</span> <span class='ocrx_word' id='word_1_411' title='bbox 1805 3298 1943 3352; x_wconf 88' lang='grc' dir='ltr'>ἰδίαν</span> 
     </span>
    </p>
   </div>
   <div class='ocr_carea' id='block_1_54' title="bbox 348 3379 1945 3461">
    <p class='ocr_par' dir='ltr' id='par_1_54' title="bbox 348 3379 1945 3461">
     <span class='ocr_line' id='line_1_54' title="bbox 348 3379 1945 3461; baseline 0.009 -30"><span class='ocrx_word' id='word_1_412' title='bbox 348 3379 538 3453; x_wconf 79' lang='grc' dir='ltr'>ψυχὴν</span> <span class='ocrx_word' id='word_1_413' title='bbox 570 3380 832 3445; x_wconf 87' lang='grc' dir='ltr'>τεθεικὼς</span> <span class='ocrx_word' id='word_1_414' title='bbox 866 3382 1006 3454; x_wconf 82' lang='grc' dir='ltr'>ὑπὲρ</span> <span class='ocrx_word' id='word_1_415' title='bbox 1037 3384 1218 3453; x_wconf 86' lang='grc' dir='ltr'>ήμῶν,</span> <span class='ocrx_word' id='word_1_416' title='bbox 1243 3386 1339 3441; x_wconf 76' lang='grc' dir='ltr'>καὶ</span> <span class='ocrx_word' id='word_1_417' title='bbox 1375 3386 1501 3452; x_wconf 79' lang='grc' dir='ltr'>δοὺς</span> <span class='ocrx_word' id='word_1_418' title='bbox 1525 3388 1602 3461; x_wconf 83' lang='grc' dir='ltr'>τῷ</span> <span class='ocrx_word' id='word_1_419' title='bbox 1635 3389 1853 3461; x_wconf 86' lang='grc' dir='ltr'>θανάτῳ</span> <span class='ocrx_word' id='word_1_420' title='bbox 1881 3390 1945 3445; x_wconf 77' lang='grc' dir='ltr'>τὸ</span> 
     </span>
    </p>
   </div>
   <div class='ocr_carea' id='block_1_55' title="bbox 351 3470 1945 3554">
    <p class='ocr_par' dir='ltr' id='par_1_55' title="bbox 351 3470 1945 3554">
     <span class='ocr_line' id='line_1_55' title="bbox 351 3470 1945 3554; baseline 0.008 -30"><span class='ocrx_word' id='word_1_421' title='bbox 351 3470 562 3525; x_wconf 66' lang='grc' dir='ltr'>ἑαυτοῦ</span> <span class='ocrx_word' id='word_1_422' title='bbox 600 3471 759 3542; x_wconf 87' lang='grc' dir='ltr'>σῶμα</span> <span class='ocrx_word' id='word_1_423' title='bbox 802 3473 872 3526; x_wconf 87' lang='grc' dir='ltr'>δι’</span> <span class='ocrx_word' id='word_1_424' title='bbox 900 3476 1046 3546; x_wconf 82' lang='grc' dir='ltr'>ἡμᾶς</span> <span class='ocrx_word' id='word_1_425' title='bbox 1077 3477 1460 3548; x_wconf 77' lang='grc' dir='ltr'>οἰκονομικῶς,</span> <span class='ocrx_word' id='word_1_426' title='bbox 1528 3474 1649 3535; x_wconf 77' lang='grc' dir='ltr'>εἶτα</span> <span class='ocrx_word' id='word_1_427' title='bbox 1696 3484 1945 3554; x_wconf 79' lang='grc' dir='ltr'>κρεῖττον</span> 
     </span>
    </p>
   </div>
   <div class='ocr_carea' id='block_1_56' title="bbox 352 3563 1945 3643">
    <p class='ocr_par' dir='ltr' id='par_1_56' title="bbox 352 3563 1945 3643">
     <span class='ocr_line' id='line_1_56' title="bbox 352 3563 1945 3643; baseline 0.006 -27"><span class='ocrx_word' id='word_1_428' title='bbox 352 3563 490 3617; x_wconf 77' lang='grc' dir='ltr'>αὐτὸ</span> <span class='ocrx_word' id='word_1_429' title='bbox 524 3564 626 3634; x_wconf 82' lang='grc' dir='ltr'>τῆς</span> <span class='ocrx_word' id='word_1_430' title='bbox 664 3564 873 3635; x_wconf 83' lang='grc' dir='ltr'>φθορᾶς</span> <span class='ocrx_word' id='word_1_431' title='bbox 910 3566 1199 3638; x_wconf 83' lang='grc' dir='ltr'>ἀποφήνας</span> <span class='ocrx_word' id='word_1_432' title='bbox 1221 3568 1329 3631; x_wconf 66' lang='grc' dir='ltr'>διὰ,</span> <span class='ocrx_word' id='word_1_433' title='bbox 1351 3571 1453 3640; x_wconf 79' lang='grc' dir='ltr'>τῆς</span> <span class='ocrx_word' id='word_1_434' title='bbox 1486 3572 1551 3625; x_wconf 81' lang='grc' dir='ltr'>ὲκ</span> <span class='ocrx_word' id='word_1_435' title='bbox 1579 3575 1790 3643; x_wconf 79' lang='grc' dir='ltr'>νεκρῶν</span> <span class='ocrx_word' id='word_1_436' title='bbox 1814 3573 1945 3629; x_wconf 86' lang='grc' dir='ltr'>ἀνα-</span> 
     </span>
    </p>
   </div>
   <div class='ocr_carea' id='block_1_57' title="bbox 355 3654 1946 3734">
    <p class='ocr_par' dir='ltr' id='par_1_57' title="bbox 355 3654 1946 3734">
     <span class='ocr_line' id='line_1_57' title="bbox 355 3654 1946 3734; baseline 0.004 -25"><span class='ocrx_word' id='word_1_437' title='bbox 355 3654 631 3719; x_wconf 82' lang='grc' dir='ltr'>στάσεως,</span> <span class='ocrx_word' id='word_1_438' title='bbox 661 3654 1081 3727; x_wconf 78' lang='grc' dir='ltr'>πληροφορήσας</span> <span class='ocrx_word' id='word_1_439' title='bbox 1106 3660 1216 3730; x_wconf 60' lang='lat' dir='ltr'><strong>[Ion</strong></span> <span class='ocrx_word' id='word_1_440' title='bbox 1248 3660 1664 3734; x_wconf 82' lang='grc' dir='ltr'>πληροφορήσῃ]</span> <span class='ocrx_word' id='word_1_441' title='bbox 1695 3662 1946 3733; x_wconf 87' lang='grc' dir='ltr'>σύμπαν-</span> 
     </span>
    </p>
   </div>
   <div class='ocr_carea' id='block_1_58' title="bbox 353 3747 1946 3825">
    <p class='ocr_par' dir='ltr' id='par_1_58' title="bbox 353 3747 1946 3825">
     <span class='ocr_line' id='line_1_58' title="bbox 353 3747 1946 3825; baseline 0.006 -26"><span class='ocrx_word' id='word_1_442' title='bbox 353 3762 455 3811; x_wconf 89' lang='grc' dir='ltr'><strong>τας</strong></span> <span class='ocrx_word' id='word_1_443' title='bbox 488 3747 623 3810; x_wconf 82' lang='grc' dir='ltr'>τοὺς</span> <span class='ocrx_word' id='word_1_444' title='bbox 651 3750 732 3810; x_wconf 86' lang='grc' dir='ltr'><strong>είς</strong></span> <span class='ocrx_word' id='word_1_445' title='bbox 762 3748 926 3802; x_wconf 80' lang='grc' dir='ltr'>αὑτὸν</span> <span class='ocrx_word' id='word_1_446' title='bbox 972 3751 1349 3816; x_wconf 80' lang='grc' dir='ltr'>πιστεύοντας,</span> <span class='ocrx_word' id='word_1_447' title='bbox 1382 3754 1464 3806; x_wconf 81' lang='grc' dir='ltr'>ὅτι</span> <span class='ocrx_word' id='word_1_448' title='bbox 1500 3754 1596 3807; x_wconf 65' lang='grc' dir='ltr'><strong>καὶ¹</strong></span> <span class='ocrx_word' id='word_1_449' title='bbox 1632 3755 1783 3825; x_wconf 78' lang='grc' dir='ltr'>ἡμᾶς</span> <span class='ocrx_word' id='word_1_450' title='bbox 1821 3757 1946 3823; x_wconf 84' lang='grc' dir='ltr'>έγε-</span> 
     </span>
    </p>
   </div>
   <div class='ocr_carea' id='block_1_59' title="bbox 358 3838 1944 3918">
    <p class='ocr_par' dir='ltr' id='par_1_59' title="bbox 358 3838 1944 3918">
     <span class='ocr_line' id='line_1_59' title="bbox 358 3838 1944 3918; baseline 0.006 -28"><span class='ocrx_word' id='word_1_451' title='bbox 358 3840 466 3906; x_wconf 81' lang='grc' dir='ltr'><strong>ρεί,</strong></span> <span class='ocrx_word' id='word_1_452' title='bbox 492 3838 594 3891; x_wconf 74' lang='grc' dir='ltr'>καὶ</span> <span class='ocrx_word' id='word_1_453' title='bbox 618 3839 879 3910; x_wconf 87' lang='grc' dir='ltr'>ἀμείνους</span> <span class='ocrx_word' id='word_1_454' title='bbox 904 3842 1174 3912; x_wconf 81' lang='grc' dir='ltr'>ἀποφανεῖ</span> <span class='ocrx_word' id='word_1_455' title='bbox 1201 3843 1310 3899; x_wconf 89' lang='grc' dir='ltr'><strong>τῶν</strong></span> <span class='ocrx_word' id='word_1_456' title='bbox 1332 3845 1427 3898; x_wconf 88' lang='grc' dir='ltr'><strong>τοῦ</strong></span> <span class='ocrx_word' id='word_1_457' title='bbox 1450 3846 1684 3899; x_wconf 87' lang='grc' dir='ltr'>θανάτου</span> <span class='ocrx_word' id='word_1_458' title='bbox 1709 3847 1944 3918; x_wconf 89' lang='grc' dir='ltr'>δεσμῶν,</span> 
     </span>
    </p>
   </div>
   <div class='ocr_carea' id='block_1_60' title="bbox 358 3928 1948 4005">
    <p class='ocr_par' dir='ltr' id='par_1_60' title="bbox 358 3928 1948 4005">
     <span class='ocr_line' id='line_1_60' title="bbox 358 3928 1948 4005; baseline 0.007 -25"><span class='ocrx_word' id='word_1_459' title='bbox 358 3928 458 3984; x_wconf 80' lang='grc' dir='ltr'>καὶ</span> <span class='ocrx_word' id='word_1_460' title='bbox 489 3928 594 3997; x_wconf 84' lang='grc' dir='ltr'><strong>τῆς</strong></span> <span class='ocrx_word' id='word_1_461' title='bbox 624 3928 831 4001; x_wconf 77' lang='grc' dir='ltr'>φθορᾶς</span> <span class='ocrx_word' id='word_1_462' title='bbox 871 3931 1093 4001; x_wconf 83' lang='grc' dir='ltr'>ἀρκύων</span> <span class='ocrx_word' id='word_1_463' title='bbox 1133 3932 1289 4003; x_wconf 86' lang='grc' dir='ltr'>ὀλίγα</span> <span class='ocrx_word' id='word_1_464' title='bbox 1338 3937 1790 4005; x_wconf 85' lang='grc' dir='ltr'>πεφροντικότας.</span> <span class='ocrx_word' id='word_1_465' title='bbox 1833 3938 1948 3991; x_wconf 86' lang='grc' dir='ltr'><strong>Ἐν-</strong></span> 
     </span>
    </p>
   </div>
   <div class='ocr_carea' id='block_1_61' title="bbox 2039 1820 3613 1897">
    <p class='ocr_par' dir='ltr' id='par_1_61' title="bbox 2039 1820 3613 1897">
     <span class='ocr_line' id='line_1_61' title="bbox 2039 1820 3613 1897; baseline 0.003 -23"><span class='ocrx_word' id='word_1_466' title='bbox 2039 1820 2316 1888; x_wconf 85' lang='lat' dir='ltr'><strong>subjectus</strong></span> <span class='ocrx_word' id='word_1_467' title='bbox 2348 1841 2362 1878; x_wconf 90' lang='lat'>:</span> <span class='ocrx_word' id='word_1_468' title='bbox 2394 1835 2449 1880; x_wconf 93' lang='lat' dir='ltr'><strong>et</strong></span> <span class='ocrx_word' id='word_1_469' title='bbox 2497 1826 2741 1897; x_wconf 80' lang='lat' dir='ltr'><strong>regnavit</strong></span> <span class='ocrx_word' id='word_1_470' title='bbox 2799 1841 2947 1883; x_wconf 83' lang='lat' dir='ltr'><strong>mors</strong></span> <span class='ocrx_word' id='word_1_471' title='bbox 3004 1828 3072 1883; x_wconf 86' lang='lat' dir='ltr'><strong>ab</strong></span> <span class='ocrx_word' id='word_1_472' title='bbox 3102 1827 3275 1882; x_wconf 84' lang='lat' dir='ltr'><strong>Adam</strong></span> <span class='ocrx_word' id='word_1_473' title='bbox 3330 1840 3501 1897; x_wconf 90' lang='lat' dir='ltr'><strong>usque</strong></span> <span class='ocrx_word' id='word_1_474' title='bbox 3545 1826 3613 1881; x_wconf 79' lang='lat' dir='ltr'><strong>ad</strong></span> 
     </span>
    </p>
   </div>
   <div class='ocr_carea' id='block_1_62' title="bbox 2038 1912 3611 1989">
    <p class='ocr_par' dir='ltr' id='par_1_62' title="bbox 2038 1912 3611 1989">
     <span class='ocr_line' id='line_1_62' title="bbox 2038 1912 3611 1989; baseline -0.001 -21"><span class='ocrx_word' id='word_1_475' title='bbox 2038 1912 2220 1971; x_wconf 82' lang='lat' dir='ltr'><strong>Mosen</strong></span> <span class='ocrx_word' id='word_1_476' title='bbox 2251 1916 2321 1981; x_wconf 81' lang='lat'><strong>&quot;,</strong></span> <span class='ocrx_word' id='word_1_477' title='bbox 2358 1930 2477 1971; x_wconf 92' lang='lat' dir='ltr'><strong>cum</strong></span> <span class='ocrx_word' id='word_1_478' title='bbox 2521 1916 2640 1985; x_wconf 86' lang='lat' dir='ltr'><strong>ejus</strong></span> <span class='ocrx_word' id='word_1_479' title='bbox 2688 1918 2934 1989; x_wconf 77' lang='lat' dir='ltr'><strong>criminis</strong></span> <span class='ocrx_word' id='word_1_480' title='bbox 2987 1933 3149 1988; x_wconf 55' lang='lat' dir='ltr'><strong>perna</strong></span> <span class='ocrx_word' id='word_1_481' title='bbox 3197 1918 3250 1972; x_wconf 91' lang='lat' dir='ltr'><strong>in</strong></span> <span class='ocrx_word' id='word_1_482' title='bbox 3302 1917 3611 1972; x_wconf 85' lang='lat' dir='ltr'><strong>universum</strong></span> 
     </span>
    </p>
   </div>
   <div class='ocr_carea' id='block_1_63' title="bbox 2039 2007 3609 2079">
    <p class='ocr_par' dir='ltr' id='par_1_63' title="bbox 2039 2007 3609 2079">
     <span class='ocr_line' id='line_1_63' title="bbox 2039 2007 3609 2079; baseline 0 -18"><span class='ocrx_word' id='word_1_483' title='bbox 2039 2022 2106 2061; x_wconf 83' lang='lat' dir='ltr'><strong>ex</strong></span> <span class='ocrx_word' id='word_1_484' title='bbox 2144 2007 2233 2063; x_wconf 93' lang='lat' dir='ltr'><strong>illo</strong></span> <span class='ocrx_word' id='word_1_485' title='bbox 2262 2021 2446 2063; x_wconf 81' lang='lat' dir='ltr'><strong>semen</strong></span> <span class='ocrx_word' id='word_1_486' title='bbox 2473 2023 2535 2063; x_wconf 90' lang='lat' dir='ltr'><strong>ac</strong></span> <span class='ocrx_word' id='word_1_487' title='bbox 2555 2023 2725 2079; x_wconf 75' lang='lat' dir='ltr'><strong>genus</strong></span> <span class='ocrx_word' id='word_1_488' title='bbox 2754 2010 3142 2069; x_wconf 80' lang='lat' dir='ltr'><strong>extenderetur</strong></span> <span class='ocrx_word' id='word_1_489' title='bbox 3170 2028 3185 2064; x_wconf 91' lang='lat'><strong>:</strong></span> <span class='ocrx_word' id='word_1_490' title='bbox 3214 2025 3336 2064; x_wconf 81' lang='lat' dir='ltr'><strong>nam</strong></span> <span class='ocrx_word' id='word_1_491' title='bbox 3368 2009 3515 2065; x_wconf 89' lang='lat' dir='ltr'><strong>velut</strong></span> <span class='ocrx_word' id='word_1_492' title='bbox 3540 2010 3609 2062; x_wconf 78' lang='lat' dir='ltr'><strong>ex</strong></span> 
     </span>
    </p>
   </div>
   <div class='ocr_carea' id='block_1_64' title="bbox 2041 2100 3615 2172">
    <p class='ocr_par' dir='ltr' id='par_1_64' title="bbox 2041 2100 3615 2172">
     <span class='ocr_line' id='line_1_64' title="bbox 2041 2100 3615 2172; baseline -0.001 -19"><span class='ocrx_word' id='word_1_493' title='bbox 2041 2109 2296 2170; x_wconf 86' lang='lat' dir='ltr'><strong>corrupta</strong></span> <span class='ocrx_word' id='word_1_494' title='bbox 2351 2100 2535 2155; x_wconf 83' lang='lat' dir='ltr'><strong>radice</strong></span> <span class='ocrx_word' id='word_1_495' title='bbox 2569 2101 2703 2167; x_wconf 88' lang='lat' dir='ltr'><strong>nati,</strong></span> <span class='ocrx_word' id='word_1_496' title='bbox 2759 2102 3151 2170; x_wconf 85' lang='lat' dir='ltr'><strong>corruptibiles</strong></span> <span class='ocrx_word' id='word_1_497' title='bbox 3182 2101 3285 2172; x_wconf 88' lang='lat' dir='ltr'><strong>ipsi</strong></span> <span class='ocrx_word' id='word_1_498' title='bbox 3314 2114 3529 2170; x_wconf 87' lang='lat' dir='ltr'><strong>quoque</strong></span> <span class='ocrx_word' id='word_1_499' title='bbox 3557 2108 3615 2154; x_wconf 89' lang='lat' dir='ltr'><strong>et</strong></span> 
     </span>
    </p>
   </div>
   <div class='ocr_carea' id='block_1_65' title="bbox 2042 2192 3613 2265">
    <p class='ocr_par' dir='ltr' id='par_1_65' title="bbox 2042 2192 3613 2265">
     <span class='ocr_line' id='line_1_65' title="bbox 2042 2192 3613 2265; baseline -0.001 -15"><span class='ocrx_word' id='word_1_500' title='bbox 2042 2196 2237 2250; x_wconf 88' lang='lat' dir='ltr'><strong>mortis</strong></span> <span class='ocrx_word' id='word_1_501' title='bbox 2291 2194 2504 2264; x_wconf 87' lang='lat' dir='ltr'><strong>laqueis</strong></span> <span class='ocrx_word' id='word_1_502' title='bbox 2558 2194 2839 2251; x_wconf 87' lang='lat' dir='ltr'><strong>constricti</strong></span> <span class='ocrx_word' id='word_1_503' title='bbox 2899 2194 3348 2265; x_wconf 88' lang='lat' dir='ltr'><strong>permanebamus</strong></span> <span class='ocrx_word' id='word_1_504' title='bbox 3409 2192 3613 2248; x_wconf 88' lang='lat' dir='ltr'><strong>miseri.</strong></span> 
     </span>
    </p>
   </div>
   <div class='ocr_carea' id='block_1_66' title="bbox 2040 2284 3614 2356">
    <p class='ocr_par' dir='ltr' id='par_1_66' title="bbox 2040 2284 3614 2356">
     <span class='ocr_line' id='line_1_66' title="bbox 2040 2284 3614 2356; baseline -0.003 -13"><span class='ocrx_word' id='word_1_505' title='bbox 2040 2286 2233 2343; x_wconf 86' lang='lat' dir='ltr'><strong>Postea</strong></span> <span class='ocrx_word' id='word_1_506' title='bbox 2270 2301 2399 2342; x_wconf 86' lang='lat' dir='ltr'><strong>vero</strong></span> <span class='ocrx_word' id='word_1_507' title='bbox 2446 2302 2608 2356; x_wconf 88' lang='lat' dir='ltr'><strong>quam</strong></span> <span class='ocrx_word' id='word_1_508' title='bbox 2665 2288 2732 2342; x_wconf 89' lang='lat' dir='ltr'><strong>de</strong></span> <span class='ocrx_word' id='word_1_509' title='bbox 2762 2288 2918 2342; x_wconf 91' lang='lat' dir='ltr'><strong>nobis</strong></span> <span class='ocrx_word' id='word_1_510' title='bbox 2946 2287 3037 2342; x_wconf 87' lang='lat' dir='ltr'><strong>ille</strong></span> <span class='ocrx_word' id='word_1_511' title='bbox 3088 2287 3337 2342; x_wconf 87' lang='lat' dir='ltr'><strong>conditor</strong></span> <span class='ocrx_word' id='word_1_512' title='bbox 3390 2284 3614 2340; x_wconf 83' lang='lat' dir='ltr'><strong>meliora</strong></span> 
     </span>
    </p>
   </div>
   <div class='ocr_carea' id='block_1_67' title="bbox 2041 2378 3616 2450">
    <p class='ocr_par' dir='ltr' id='par_1_67' title="bbox 2041 2378 3616 2450">
     <span class='ocr_line' id='line_1_67' title="bbox 2041 2378 3616 2450; baseline -0.001 -16"><span class='ocrx_word' id='word_1_513' title='bbox 2041 2379 2317 2450; x_wconf 79' lang='lat' dir='ltr'><strong>cogitavit,</strong></span> <span class='ocrx_word' id='word_1_514' title='bbox 2336 2387 2389 2432; x_wconf 88' lang='lat' dir='ltr'><strong>et</strong></span> <span class='ocrx_word' id='word_1_515' title='bbox 2422 2378 2773 2448; x_wconf 88' lang='lat' dir='ltr'><strong>corruptione</strong></span> <span class='ocrx_word' id='word_1_516' title='bbox 2819 2378 3030 2434; x_wconf 88' lang='lat' dir='ltr'><strong>sublata</strong></span> <span class='ocrx_word' id='word_1_517' title='bbox 3070 2379 3329 2444; x_wconf 88' lang='lat' dir='ltr'><strong>hominis,</strong></span> <span class='ocrx_word' id='word_1_518' title='bbox 3363 2388 3616 2433; x_wconf 88' lang='lat' dir='ltr'><strong>naturam</strong></span> 
     </span>
    </p>
   </div>
   <div class='ocr_carea' id='block_1_68' title="bbox 2043 2469 3620 2540">
    <p class='ocr_par' dir='ltr' id='par_1_68' title="bbox 2043 2469 3620 2540">
     <span class='ocr_line' id='line_1_68' title="bbox 2043 2469 3620 2540; baseline -0.001 -15"><span class='ocrx_word' id='word_1_519' title='bbox 2043 2469 2342 2527; x_wconf 82' lang='lat' dir='ltr'><strong>reformare</strong></span> <span class='ocrx_word' id='word_1_520' title='bbox 2369 2470 2434 2525; x_wconf 90' lang='lat' dir='ltr'><strong>ad</strong></span> <span class='ocrx_word' id='word_1_521' title='bbox 2471 2469 2712 2540; x_wconf 88' lang='lat' dir='ltr'><strong>priorem</strong></span> <span class='ocrx_word' id='word_1_522' title='bbox 2743 2479 2945 2525; x_wconf 86' lang='lat' dir='ltr'><strong>statum</strong></span> <span class='ocrx_word' id='word_1_523' title='bbox 2973 2470 3163 2534; x_wconf 91' lang='lat' dir='ltr'><strong>voluit,</strong></span> <span class='ocrx_word' id='word_1_524' title='bbox 3199 2470 3436 2525; x_wconf 87' lang='lat' dir='ltr'><strong>radicem</strong></span> <span class='ocrx_word' id='word_1_525' title='bbox 3484 2484 3620 2539; x_wconf 81' lang='lat' dir='ltr'><strong>quo-</strong></span> 
     </span>
    </p>
   </div>
   <div class='ocr_carea' id='block_1_69' title="bbox 2043 2554 3621 2630">
    <p class='ocr_par' dir='ltr' id='par_1_69' title="bbox 2043 2554 3621 2630">
     <span class='ocr_line' id='line_1_69' title="bbox 2043 2554 3621 2630; baseline -0.001 -14"><span class='ocrx_word' id='word_1_526' title='bbox 2043 2561 2332 2616; x_wconf 89' lang='lat' dir='ltr'><strong>dammodo</strong></span> <span class='ocrx_word' id='word_1_527' title='bbox 2368 2561 2526 2617; x_wconf 83' lang='lat' dir='ltr'><strong>nobis</strong></span> <span class='ocrx_word' id='word_1_528' title='bbox 2558 2554 3062 2630; x_wconf 53' lang='lat' dir='ltr'><strong>alteram&#39;protulit,</strong></span> <span class='ocrx_word' id='word_1_529' title='bbox 3087 2574 3205 2629; x_wconf 64' lang='grc' dir='ltr'>ποτε</span> <span class='ocrx_word' id='word_1_530' title='bbox 3250 2560 3422 2615; x_wconf 89' lang='lat' dir='ltr'><strong>teneri</strong></span> <span class='ocrx_word' id='word_1_531' title='bbox 3443 2569 3621 2615; x_wconf 88' lang='lat' dir='ltr'><strong>morte</strong></span> 
     </span>
    </p>
   </div>
   <div class='ocr_carea' id='block_1_70' title="bbox 2045 2650 3620 2721">
    <p class='ocr_par' dir='ltr' id='par_1_70' title="bbox 2045 2650 3620 2721">
     <span class='ocr_line' id='line_1_70' title="bbox 2045 2650 3620 2721; baseline -0.002 -14"><span class='ocrx_word' id='word_1_532' title='bbox 2045 2666 2149 2707; x_wconf 89' lang='lat' dir='ltr'><strong>non</strong></span> <span class='ocrx_word' id='word_1_533' title='bbox 2187 2659 2390 2721; x_wconf 89' lang='lat' dir='ltr'><strong>posset,</strong></span> <span class='ocrx_word' id='word_1_534' title='bbox 2448 2651 2620 2718; x_wconf 87' lang='lat' dir='ltr'><strong>illum,</strong></span> <span class='ocrx_word' id='word_1_535' title='bbox 2650 2652 2895 2721; x_wconf 85' lang='lat' dir='ltr'><strong>inquam,</strong></span> <span class='ocrx_word' id='word_1_536' title='bbox 2924 2666 3088 2706; x_wconf 89' lang='lat' dir='ltr'><strong>unum</strong></span> <span class='ocrx_word' id='word_1_537' title='bbox 3122 2651 3405 2706; x_wconf 89' lang='lat' dir='ltr'><strong>Dominum</strong></span> <span class='ocrx_word' id='word_1_538' title='bbox 3435 2650 3620 2705; x_wconf 78' lang='lat' dir='ltr'><strong>Jesutn</strong></span> 
     </span>
    </p>
   </div>
   <div class='ocr_carea' id='block_1_71' title="bbox 2042 2741 3620 2813">
    <p class='ocr_par' dir='ltr' id='par_1_71' title="bbox 2042 2741 3620 2813">
     <span class='ocr_line' id='line_1_71' title="bbox 2042 2741 3620 2813; baseline -0.002 -14"><span class='ocrx_word' id='word_1_539' title='bbox 2042 2744 2344 2811; x_wconf 85' lang='lat' dir='ltr'><strong>Christum,</strong></span> <span class='ocrx_word' id='word_1_540' title='bbox 2376 2744 2481 2798; x_wconf 89' lang='lat' dir='ltr'><strong>hoc</strong></span> <span class='ocrx_word' id='word_1_541' title='bbox 2505 2753 2606 2808; x_wconf 90' lang='lat' dir='ltr'><strong>est,</strong></span> <span class='ocrx_word' id='word_1_542' title='bbox 2644 2743 2796 2797; x_wconf 93' lang='lat' dir='ltr'><strong>illum</strong></span> <span class='ocrx_word' id='word_1_543' title='bbox 2847 2758 2913 2798; x_wconf 79' lang='lat' dir='ltr'><strong>ex</strong></span> <span class='ocrx_word' id='word_1_544' title='bbox 2945 2743 3114 2813; x_wconf 88' lang='lat' dir='ltr'><strong>ipsius</strong></span> <span class='ocrx_word' id='word_1_545' title='bbox 3159 2743 3394 2798; x_wconf 84' lang='lat' dir='ltr'><strong>essentia</strong></span> <span class='ocrx_word' id='word_1_546' title='bbox 3449 2741 3620 2798; x_wconf 88' lang='lat' dir='ltr'><strong>Deum</strong></span> 
     </span>
    </p>
   </div>
   <div class='ocr_carea' id='block_1_72' title="bbox 2044 2830 3623 2888">
    <p class='ocr_par' dir='ltr' id='par_1_72' title="bbox 2044 2830 3623 2888">
     <span class='ocr_line' id='line_1_72' title="bbox 2044 2830 3623 2888; baseline -0.001 0"><span class='ocrx_word' id='word_1_547' title='bbox 2044 2834 2285 2888; x_wconf 78' lang='lat' dir='ltr'><strong>Verbum</strong></span> <span class='ocrx_word' id='word_1_548' title='bbox 2346 2833 2413 2887; x_wconf 89' lang='lat' dir='ltr'><strong>ad</strong></span> <span class='ocrx_word' id='word_1_549' title='bbox 2450 2843 2692 2887; x_wconf 88' lang='lat' dir='ltr'><strong>nostram</strong></span> <span class='ocrx_word' id='word_1_550' title='bbox 2741 2832 3150 2887; x_wconf 86' lang='lat' dir='ltr'><strong>similitudinem</strong></span> <span class='ocrx_word' id='word_1_551' title='bbox 3196 2830 3398 2887; x_wconf 76' lang='lat' dir='ltr'><strong>factum</strong></span> <span class='ocrx_word' id='word_1_552' title='bbox 3443 2830 3623 2886; x_wconf 85' lang='lat' dir='ltr'><strong>homi-</strong></span> 
     </span>
    </p>
   </div>
   <div class='ocr_carea' id='block_1_73' title="bbox 2045 2921 3623 2993">
    <p class='ocr_par' dir='ltr' id='par_1_73' title="bbox 2045 2921 3623 2993">
     <span class='ocr_line' id='line_1_73' title="bbox 2045 2921 3623 2993; baseline -0.002 -13"><span class='ocrx_word' id='word_1_553' title='bbox 2045 2940 2193 2990; x_wconf 90' lang='lat' dir='ltr'><strong>nem,</strong></span> <span class='ocrx_word' id='word_1_554' title='bbox 2226 2923 2433 2978; x_wconf 78' lang='lat' dir='ltr'><strong>factum</strong></span> <span class='ocrx_word' id='word_1_555' title='bbox 2477 2937 2546 2979; x_wconf 80' lang='lat' dir='ltr'><strong>ex</strong></span> <span class='ocrx_word' id='word_1_556' title='bbox 2603 2922 2832 2978; x_wconf 88' lang='lat' dir='ltr'><strong>muliere</strong></span> <span class='ocrx_word' id='word_1_557' title='bbox 2851 2923 2918 2978; x_wconf 84' lang='lat'><strong>“.</strong></span> <span class='ocrx_word' id='word_1_558' title='bbox 2949 2921 3135 2993; x_wconf 84' lang='lat' dir='ltr'><strong>Neque</strong></span> <span class='ocrx_word' id='word_1_559' title='bbox 3168 2923 3311 2977; x_wconf 90' lang='lat' dir='ltr'><strong>enim</strong></span> <span class='ocrx_word' id='word_1_560' title='bbox 3348 2921 3623 2978; x_wconf 85' lang='lat' dir='ltr'><strong>Deil‘erum</strong></span> 
     </span>
    </p>
   </div>
   <div class='ocr_carea' id='block_1_74' title="bbox 2044 3011 3623 3085">
    <p class='ocr_par' dir='ltr' id='par_1_74' title="bbox 2044 3011 3623 3085">
     <span class='ocr_line' id='line_1_74' title="bbox 2044 3011 3623 3085; baseline -0.004 -13"><span class='ocrx_word' id='word_1_561' title='bbox 2044 3030 2167 3072; x_wconf 88' lang='lat' dir='ltr'><strong>esse</strong></span> <span class='ocrx_word' id='word_1_562' title='bbox 2192 3014 2466 3070; x_wconf 82' lang='lat' dir='ltr'><strong>hominem</strong></span> <span class='ocrx_word' id='word_1_563' title='bbox 2503 3013 2813 3085; x_wconf 90' lang='lat' dir='ltr'><strong>promiscue</strong></span> <span class='ocrx_word' id='word_1_564' title='bbox 2851 3013 3111 3079; x_wconf 87' lang='lat' dir='ltr'><strong>dicimus,</strong></span> <span class='ocrx_word' id='word_1_565' title='bbox 3142 3014 3234 3068; x_wconf 88' lang='lat' dir='ltr'><strong>sed</strong></span> <span class='ocrx_word' id='word_1_566' title='bbox 3277 3011 3404 3068; x_wconf 87' lang='lat' dir='ltr'><strong>illud</strong></span> <span class='ocrx_word' id='word_1_567' title='bbox 3448 3012 3623 3082; x_wconf 88' lang='lat' dir='ltr'><strong>ipsum</strong></span> 
     </span>
    </p>
   </div>
   <div class='ocr_carea' id='block_1_75' title="bbox 2042 3104 3628 3165">
    <p class='ocr_par' dir='ltr' id='par_1_75' title="bbox 2042 3104 3628 3165">
     <span class='ocr_line' id='line_1_75' title="bbox 2042 3104 3628 3165; baseline -0.004 0"><span class='ocrx_word' id='word_1_568' title='bbox 2042 3108 2341 3165; x_wconf 86' lang='lat' dir='ltr'><strong>secundum</strong></span> <span class='ocrx_word' id='word_1_569' title='bbox 2400 3108 2688 3162; x_wconf 79' lang='lat' dir='ltr'><strong>veritatem</strong></span> <span class='ocrx_word' id='word_1_570' title='bbox 2734 3122 2802 3161; x_wconf 80' lang='lat' dir='ltr'><strong>ex</strong></span> <span class='ocrx_word' id='word_1_571' title='bbox 2854 3107 2964 3161; x_wconf 91' lang='lat' dir='ltr'><strong>Deo</strong></span> <span class='ocrx_word' id='word_1_572' title='bbox 3022 3104 3252 3162; x_wconf 79' lang='lat' dir='ltr'><strong>Verbum</strong></span> <span class='ocrx_word' id='word_1_573' title='bbox 3287 3105 3439 3160; x_wconf 83' lang='lat' dir='ltr'><strong>carni</strong></span> <span class='ocrx_word' id='word_1_574' title='bbox 3499 3105 3628 3159; x_wconf 91' lang='lat' dir='ltr'><strong>uni-.</strong></span> 
     </span>
    </p>
   </div>
   <div class='ocr_carea' id='block_1_76' title="bbox 2045 3196 3627 3270">
    <p class='ocr_par' dir='ltr' id='par_1_76' title="bbox 2045 3196 3627 3270">
     <span class='ocr_line' id='line_1_76' title="bbox 2045 3196 3627 3270; baseline -0.003 -14"><span class='ocrx_word' id='word_1_575' title='bbox 2045 3210 2156 3257; x_wconf 86' lang='lat' dir='ltr'><strong>tum</strong></span> <span class='ocrx_word' id='word_1_576' title='bbox 2184 3200 2374 3265; x_wconf 76' lang='lat' dir='ltr'><strong>fuisse,</strong></span> <span class='ocrx_word' id='word_1_577' title='bbox 2402 3207 2461 3254; x_wconf 91' lang='lat' dir='ltr'><strong>ut</strong></span> <span class='ocrx_word' id='word_1_578' title='bbox 2492 3198 2716 3270; x_wconf 85' lang='lat' dir='ltr'><strong>propria</strong></span> <span class='ocrx_word' id='word_1_579' title='bbox 2733 3197 2916 3252; x_wconf 82' lang='lat' dir='ltr'><strong>anima</strong></span> <span class='ocrx_word' id='word_1_580' title='bbox 2934 3211 3034 3267; x_wconf 89' lang='lat' dir='ltr'><strong>pro</strong></span> <span class='ocrx_word' id='word_1_581' title='bbox 3062 3196 3216 3252; x_wconf 91' lang='lat' dir='ltr'><strong>nobis</strong></span> <span class='ocrx_word' id='word_1_582' title='bbox 3241 3196 3435 3265; x_wconf 86' lang='lat' dir='ltr'><strong>posita,</strong></span> <span class='ocrx_word' id='word_1_583' title='bbox 3452 3205 3507 3250; x_wconf 93' lang='lat' dir='ltr'><strong>et</strong></span> <span class='ocrx_word' id='word_1_584' title='bbox 3528 3209 3627 3251; x_wconf 90' lang='lat' dir='ltr'><strong>suo</strong></span> 
     </span>
    </p>
   </div>
   <div class='ocr_carea' id='block_1_77' title="bbox 2029 3289 3627 3363">
    <p class='ocr_par' dir='ltr' id='par_1_77' title="bbox 2029 3289 3627 3363">
     <span class='ocr_line' id='line_1_77' title="bbox 2029 3289 3627 3363; baseline 0.001 -20"><span class='ocrx_word' id='word_1_585' title='bbox 2029 3308 2274 3363; x_wconf 87' lang='lat' dir='ltr'><strong>.corpore</strong></span> <span class='ocrx_word' id='word_1_586' title='bbox 2333 3292 2545 3348; x_wconf 88' lang='lat' dir='ltr'><strong>ratione</strong></span> <span class='ocrx_word' id='word_1_587' title='bbox 2598 3289 2994 3361; x_wconf 88' lang='lat' dir='ltr'><strong>dispensatoria</strong></span> <span class='ocrx_word' id='word_1_588' title='bbox 3044 3289 3207 3346; x_wconf 88' lang='lat' dir='ltr'><strong>morti</strong></span> <span class='ocrx_word' id='word_1_589' title='bbox 3253 3297 3476 3358; x_wconf 87' lang='lat' dir='ltr'><strong>propter</strong></span> <span class='ocrx_word' id='word_1_590' title='bbox 3528 3302 3627 3344; x_wconf 80' lang='lat' dir='ltr'><strong>nos</strong></span> 
     </span>
    </p>
   </div>
   <div class='ocr_carea' id='block_1_78' title="bbox 2048 3379 3623 3453">
    <p class='ocr_par' dir='ltr' id='par_1_78' title="bbox 2048 3379 3623 3453">
     <span class='ocr_line' id='line_1_78' title="bbox 2048 3379 3623 3453; baseline -0.004 -15"><span class='ocrx_word' id='word_1_591' title='bbox 2048 3383 2204 3453; x_wconf 70' lang='lat'><strong>121</strong></span> <span class='ocrx_word' id='word_1_592' title='bbox 2228 3380 2411 3437; x_wconf 89' lang='lat' dir='ltr'><strong>oblato</strong></span> <span class='ocrx_word' id='word_1_593' title='bbox 2439 3398 2455 3450; x_wconf 89' lang='lat'><strong>;</strong></span> <span class='ocrx_word' id='word_1_594' title='bbox 2488 3380 2689 3436; x_wconf 86' lang='lat' dir='ltr'><strong>deinde</strong></span> <span class='ocrx_word' id='word_1_595' title='bbox 2736 3394 2834 3449; x_wconf 86' lang='lat' dir='ltr'><strong>per</strong></span> <span class='ocrx_word' id='word_1_596' title='bbox 2888 3379 3346 3435; x_wconf 85' lang='lat' dir='ltr'><strong>resurrectionem</strong></span> <span class='ocrx_word' id='word_1_597' title='bbox 3376 3393 3443 3433; x_wconf 77' lang='lat' dir='ltr'><strong>ex</strong></span> <span class='ocrx_word' id='word_1_598' title='bbox 3474 3393 3623 3433; x_wconf 77' lang='lat' dir='ltr'><strong>mor—</strong></span> 
     </span>
    </p>
   </div>
   <div class='ocr_carea' id='block_1_79' title="bbox 2046 3470 3627 3542">
    <p class='ocr_par' dir='ltr' id='par_1_79' title="bbox 2046 3470 3627 3542">
     <span class='ocr_line' id='line_1_79' title="bbox 2046 3470 3627 3542; baseline -0.002 -13"><span class='ocrx_word' id='word_1_599' title='bbox 2046 3474 2154 3530; x_wconf 90' lang='lat' dir='ltr'><strong>tuis</strong></span> <span class='ocrx_word' id='word_1_600' title='bbox 2189 3473 2399 3530; x_wconf 83' lang='lat' dir='ltr'><strong>victore</strong></span> <span class='ocrx_word' id='word_1_601' title='bbox 2429 3472 2794 3542; x_wconf 87' lang='lat' dir='ltr'><strong>corruptionis</strong></span> <span class='ocrx_word' id='word_1_602' title='bbox 2822 3470 3039 3537; x_wconf 74' lang='lat' dir='ltr'><strong>eﬂ‘ecto,</strong></span> <span class='ocrx_word' id='word_1_603' title='bbox 3061 3471 3311 3527; x_wconf 90' lang='lat' dir='ltr'><strong>omnibus</strong></span> <span class='ocrx_word' id='word_1_604' title='bbox 3345 3473 3397 3525; x_wconf 94' lang='lat' dir='ltr'><strong>in</strong></span> <span class='ocrx_word' id='word_1_605' title='bbox 3431 3486 3491 3526; x_wconf 90' lang='lat' dir='ltr'><strong>se</strong></span> <span class='ocrx_word' id='word_1_606' title='bbox 3512 3484 3627 3526; x_wconf 89' lang='lat' dir='ltr'><strong>cre-</strong></span> 
     </span>
    </p>
   </div>
   <div class='ocr_carea' id='block_1_80' title="bbox 2047 3564 3626 3631">
    <p class='ocr_par' dir='ltr' id='par_1_80' title="bbox 2047 3564 3626 3631">
     <span class='ocr_line' id='line_1_80' title="bbox 2047 3564 3626 3631; baseline -0.005 -8"><span class='ocrx_word' id='word_1_607' title='bbox 2047 3567 2301 3624; x_wconf 89' lang='lat' dir='ltr'><strong>dentibus</strong></span> <span class='ocrx_word' id='word_1_608' title='bbox 2339 3566 2499 3622; x_wconf 83' lang='lat' dir='ltr'><strong>ﬁdem</strong></span> <span class='ocrx_word' id='word_1_609' title='bbox 2541 3566 2772 3631; x_wconf 83' lang='lat' dir='ltr'><strong>faceret,</strong></span> <span class='ocrx_word' id='word_1_610' title='bbox 2822 3565 2941 3631; x_wconf 59' lang='lat' dir='ltr'><strong>fore</strong></span> <span class='ocrx_word' id='word_1_611' title='bbox 2972 3574 3030 3619; x_wconf 92' lang='lat' dir='ltr'><strong>ut</strong></span> <span class='ocrx_word' id='word_1_612' title='bbox 3059 3580 3156 3619; x_wconf 93' lang='lat' dir='ltr'><strong>nos</strong></span> <span class='ocrx_word' id='word_1_613' title='bbox 3191 3565 3353 3619; x_wconf 84' lang='lat' dir='ltr'><strong>etiam</strong></span> <span class='ocrx_word' id='word_1_614' title='bbox 3407 3564 3626 3625; x_wconf 84' lang='lat' dir='ltr'><strong>excitet,</strong></span> 
     </span>
    </p>
   </div>
   <div class='ocr_carea' id='block_1_81' title="bbox 2048 3651 3627 3723">
    <p class='ocr_par' dir='ltr' id='par_1_81' title="bbox 2048 3651 3627 3723">
     <span class='ocr_line' id='line_1_81' title="bbox 2048 3651 3627 3723; baseline -0.006 -9"><span class='ocrx_word' id='word_1_615' title='bbox 2048 3674 2112 3716; x_wconf 90' lang='lat' dir='ltr'><strong>ac</strong></span> <span class='ocrx_word' id='word_1_616' title='bbox 2145 3660 2335 3715; x_wconf 88' lang='lat' dir='ltr'><strong>mortis</strong></span> <span class='ocrx_word' id='word_1_617' title='bbox 2372 3657 2602 3714; x_wconf 86' lang='lat' dir='ltr'><strong>vinculis</strong></span> <span class='ocrx_word' id='word_1_618' title='bbox 2633 3657 2823 3713; x_wconf 88' lang='lat' dir='ltr'><strong>reddat</strong></span> <span class='ocrx_word' id='word_1_619' title='bbox 2851 3656 3127 3723; x_wconf 82' lang='lat' dir='ltr'><strong>fortiores,</strong></span> <span class='ocrx_word' id='word_1_620' title='bbox 3162 3663 3217 3709; x_wconf 86' lang='lat' dir='ltr'><strong>et</strong></span> <span class='ocrx_word' id='word_1_621' title='bbox 3265 3651 3627 3723; x_wconf 84' lang='lat' dir='ltr'><strong>corruptionis</strong></span> 
     </span>
    </p>
   </div>
   <div class='ocr_carea' id='block_1_82' title="bbox 2050 3747 3626 3822">
    <p class='ocr_par' dir='ltr' id='par_1_82' title="bbox 2050 3747 3626 3822">
     <span class='ocr_line' id='line_1_82' title="bbox 2050 3747 3626 3822; baseline -0.006 -15"><span class='ocrx_word' id='word_1_622' title='bbox 2050 3753 2187 3808; x_wconf 89' lang='lat' dir='ltr'><strong>retia</strong></span> <span class='ocrx_word' id='word_1_623' title='bbox 2222 3751 2691 3822; x_wconf 89' lang='lat' dir='ltr'><strong>parvipendentes.</strong></span> <span class='ocrx_word' id='word_1_624' title='bbox 2725 3748 2837 3804; x_wconf 81' lang='lat' dir='ltr'><strong>Hac</strong></span> <span class='ocrx_word' id='word_1_625' title='bbox 2862 3749 2930 3804; x_wconf 90' lang='lat' dir='ltr'><strong>de</strong></span> <span class='ocrx_word' id='word_1_626' title='bbox 2955 3764 3122 3804; x_wconf 92' lang='lat' dir='ltr'><strong>causa</strong></span> <span class='ocrx_word' id='word_1_627' title='bbox 3156 3747 3372 3803; x_wconf 88' lang='lat' dir='ltr'><strong>beatum</strong></span> <span class='ocrx_word' id='word_1_628' title='bbox 3410 3759 3626 3816; x_wconf 87' lang='lat' dir='ltr'><strong>quoque</strong></span> 
     </span>
    </p>
   </div>
   <div class='ocr_carea' id='block_1_83' title="bbox 2048 3839 3619 3913">
    <p class='ocr_par' dir='ltr' id='par_1_83' title="bbox 2048 3839 3619 3913">
     <span class='ocr_line' id='line_1_83' title="bbox 2048 3839 3619 3913; baseline -0.006 -15"><span class='ocrx_word' id='word_1_629' title='bbox 2048 3843 2275 3899; x_wconf 87' lang='lat' dir='ltr'><strong>Paulum</strong></span> <span class='ocrx_word' id='word_1_630' title='bbox 2304 3852 2435 3913; x_wconf 91' lang='lat' dir='ltr'><strong>puto</strong></span> <span class='ocrx_word' id='word_1_631' title='bbox 2466 3842 2682 3913; x_wconf 89' lang='lat' dir='ltr'><strong>plurimi</strong></span> <span class='ocrx_word' id='word_1_632' title='bbox 2704 3840 2898 3913; x_wconf 75' lang='lat' dir='ltr'><strong>fecisse</strong></span> <span class='ocrx_word' id='word_1_633' title='bbox 2935 3851 2992 3896; x_wconf 92' lang='lat' dir='ltr'><strong>et</strong></span> <span class='ocrx_word' id='word_1_634' title='bbox 3029 3839 3267 3894; x_wconf 84' lang='lat' dir='ltr'><strong>maxime</strong></span> <span class='ocrx_word' id='word_1_635' title='bbox 3295 3839 3619 3893; x_wconf 88' lang='lat' dir='ltr'><strong>admiratum</strong></span> 
     </span>
    </p>
   </div>
   <div class='ocr_carea' id='block_1_84' title="bbox 2051 3927 3623 3991">
    <p class='ocr_par' dir='ltr' id='par_1_84' title="bbox 2051 3927 3623 3991">
     <span class='ocr_line' id='line_1_84' title="bbox 2051 3927 3623 3991; baseline -0.006 -1"><span class='ocrx_word' id='word_1_636' title='bbox 2051 3934 2220 3991; x_wconf 81' lang='lat' dir='ltr'><strong>fuisse</strong></span> <span class='ocrx_word' id='word_1_637' title='bbox 2246 3934 2341 3989; x_wconf 89' lang='lat' dir='ltr'><strong>Dei</strong></span> <span class='ocrx_word' id='word_1_638' title='bbox 2365 3944 2420 3989; x_wconf 88' lang='lat' dir='ltr'><strong>et</strong></span> <span class='ocrx_word' id='word_1_639' title='bbox 2445 3933 2626 3989; x_wconf 89' lang='lat' dir='ltr'><strong>Patris</strong></span> <span class='ocrx_word' id='word_1_640' title='bbox 2664 3934 2716 3986; x_wconf 92' lang='lat' dir='ltr'><strong>in</strong></span> <span class='ocrx_word' id='word_1_641' title='bbox 2752 3947 2851 3988; x_wconf 88' lang='lat' dir='ltr'><strong>nos</strong></span> <span class='ocrx_word' id='word_1_642' title='bbox 2899 3932 3245 3986; x_wconf 90' lang='lat' dir='ltr'><strong>charitatem.</strong></span> <span class='ocrx_word' id='word_1_643' title='bbox 3295 3927 3442 3982; x_wconf 80' lang='lat' dir='ltr'><strong>Dixit</strong></span> <span class='ocrx_word' id='word_1_644' title='bbox 3479 3928 3623 3981; x_wconf 91' lang='lat' dir='ltr'><strong>enim</strong></span> 
     </span>
    </p>
   </div>
   <div class='ocr_carea' id='block_1_85' title="bbox 355 4012 1940 4098">
    <p class='ocr_par' dir='ltr' id='par_1_85' title="bbox 355 4012 1940 4088">
     <span class='ocr_line' id='line_1_85' title="bbox 355 4012 1940 4088; baseline 0.008 -20"><span class='ocrx_word' id='word_1_645' title='bbox 355 4016 558 4070; x_wconf 86' lang='grc' dir='ltr'>τεῦθεν</span> <span class='ocrx_word' id='word_1_646' title='bbox 587 4012 741 4088; x_wconf 76' lang='grc' dir='ltr'>οἶμαί</span> <span class='ocrx_word' id='word_1_647' title='bbox 763 4036 867 4072; x_wconf 91' lang='grc' dir='ltr'><strong>που</strong></span> <span class='ocrx_word' id='word_1_648' title='bbox 904 4021 1108 4075; x_wconf 76' lang='grc' dir='ltr'>καὶτὸν</span> <span class='ocrx_word' id='word_1_649' title='bbox 1141 4022 1428 4079; x_wconf 82' lang='grc' dir='ltr'>θεσπέσιον</span> <span class='ocrx_word' id='word_1_650' title='bbox 1457 4026 1668 4080; x_wconf 85' lang='grc' dir='ltr'>Παῦλον</span> <span class='ocrx_word' id='word_1_651' title='bbox 1699 4029 1757 4080; x_wconf 87' lang='grc' dir='ltr'><strong>έν</strong></span> <span class='ocrx_word' id='word_1_652' title='bbox 1788 4030 1940 4083; x_wconf 70' lang='grc' dir='ltr'>παντὶ</span> 
     </span>
    </p>
   </div>
   <div class='ocr_carea' id='block_1_86' title="bbox 2041 4012 3629 4098">
    <p class='ocr_par' dir='ltr' id='par_1_86' title="bbox 2052 4016 3629 4098">
     <span class='ocr_line' id='line_1_86' title="bbox 2052 4016 3629 4098; baseline -0.008 -15"><span class='ocrx_word' id='word_1_653' title='bbox 2052 4028 2155 4083; x_wconf 86' lang='lat' dir='ltr'><strong>hoc</strong></span> <span class='ocrx_word' id='word_1_654' title='bbox 2185 4029 2387 4082; x_wconf 88' lang='lat' dir='ltr'><strong>modo:</strong></span> <span class='ocrx_word' id='word_1_655' title='bbox 2419 4043 2438 4077; x_wconf 81' lang='grc' dir='ltr'><strong>ι</strong></span> <span class='ocrx_word' id='word_1_656' title='bbox 2476 4024 2615 4092; x_wconf 84' lang='lat' dir='ltr'><strong>Quid</strong></span> <span class='ocrx_word' id='word_1_657' title='bbox 2646 4038 2780 4093; x_wconf 80' lang='lat' dir='ltr'><strong>ergo</strong></span> <span class='ocrx_word' id='word_1_658' title='bbox 2815 4023 3054 4078; x_wconf 89' lang='lat' dir='ltr'><strong>dicemus</strong></span> <span class='ocrx_word' id='word_1_659' title='bbox 3090 4022 3158 4075; x_wconf 88' lang='lat' dir='ltr'><strong>ad</strong></span> <span class='ocrx_word' id='word_1_660' title='bbox 3193 4020 3307 4073; x_wconf 84' lang='lat' dir='ltr'><strong>haec</strong></span> <span class='ocrx_word' id='word_1_661' title='bbox 3336 4018 3361 4071; x_wconf 66' lang='grc' dir='ltr'><strong><em>Ἰ</em></strong></span> <span class='ocrx_word' id='word_1_662' title='bbox 3399 4016 3466 4098; x_wconf 63' lang='lat' dir='ltr'><strong>Si</strong></span> <span class='ocrx_word' id='word_1_663' title='bbox 3491 4018 3629 4072; x_wconf 91' lang='lat' dir='ltr'><strong>Deus</strong></span> 
     </span>
    </p>
   </div>
   <div class='ocr_carea' id='block_1_87' title="bbox 358 4108 1940 4192">
    <p class='ocr_par' dir='ltr' id='par_1_87' title="bbox 358 4108 1940 4192">
     <span class='ocr_line' id='line_1_87' title="bbox 358 4108 1940 4192; baseline 0.009 -31"><span class='ocrx_word' id='word_1_664' title='bbox 358 4108 644 4162; x_wconf 83' lang='grc' dir='ltr'>ποιεῖσθαι</span> <span class='ocrx_word' id='word_1_665' title='bbox 686 4110 830 4182; x_wconf 85' lang='grc' dir='ltr'>λόγῳ</span> <span class='ocrx_word' id='word_1_666' title='bbox 878 4113 972 4165; x_wconf 78' lang='grc' dir='ltr'>καὶ</span> <span class='ocrx_word' id='word_1_667' title='bbox 1003 4114 1263 4186; x_wconf 86' lang='grc' dir='ltr'>θαύματι,</span> <span class='ocrx_word' id='word_1_668' title='bbox 1294 4117 1389 4170; x_wconf 87' lang='grc' dir='ltr'><strong>τοῦ</strong></span> <span class='ocrx_word' id='word_1_669' title='bbox 1423 4117 1561 4170; x_wconf 87' lang='grc' dir='ltr'>Θεοῦ</span> <span class='ocrx_word' id='word_1_670' title='bbox 1607 4121 1701 4173; x_wconf 74' lang='grc' dir='ltr'>καὶ</span> <span class='ocrx_word' id='word_1_671' title='bbox 1736 4123 1940 4192; x_wconf 82' lang='grc' dir='ltr'>Πατρὸς</span> 
     </span>
    </p>
   </div>
   <div class='ocr_carea' id='block_1_88' title="bbox 2041 4108 3629 4192">
    <p class='ocr_par' dir='ltr' id='par_1_88' title="bbox 2051 4109 3629 4190">
     <span class='ocr_line' id='line_1_88' title="bbox 2051 4109 3629 4190; baseline -0.008 -17"><span class='ocrx_word' id='word_1_672' title='bbox 2051 4133 2151 4190; x_wconf 92' lang='lat' dir='ltr'><strong>pro</strong></span> <span class='ocrx_word' id='word_1_673' title='bbox 2195 4117 2373 4183; x_wconf 88' lang='lat' dir='ltr'><strong>nobis,</strong></span> <span class='ocrx_word' id='word_1_674' title='bbox 2423 4117 2546 4186; x_wconf 88' lang='lat' dir='ltr'><strong>quis</strong></span> <span class='ocrx_word' id='word_1_675' title='bbox 2598 4124 2787 4171; x_wconf 90' lang='lat' dir='ltr'><strong>contra</strong></span> <span class='ocrx_word' id='word_1_676' title='bbox 2822 4128 2920 4168; x_wconf 93' lang='lat' dir='ltr'><strong>nos</strong></span> <span class='ocrx_word' id='word_1_677' title='bbox 2952 4112 2977 4166; x_wconf 80' lang='lat'><strong>?</strong></span> <span class='ocrx_word' id='word_1_678' title='bbox 3008 4112 3101 4182; x_wconf 90' lang='lat' dir='ltr'><strong>qui</strong></span> <span class='ocrx_word' id='word_1_679' title='bbox 3128 4111 3344 4180; x_wconf 90' lang='lat' dir='ltr'><strong>proprio</strong></span> <span class='ocrx_word' id='word_1_680' title='bbox 3371 4109 3508 4162; x_wconf 87' lang='lat' dir='ltr'><strong>Filio</strong></span> <span class='ocrx_word' id='word_1_681' title='bbox 3530 4123 3629 4163; x_wconf 90' lang='lat' dir='ltr'><strong>suo</strong></span> 
     </span>
    </p>
   </div>
   <div class='ocr_carea' id='block_1_89' title="bbox 359 4201 1940 4285">
    <p class='ocr_par' dir='ltr' id='par_1_89' title="bbox 359 4201 1940 4285">
     <span class='ocr_line' id='line_1_89' title="bbox 359 4201 1940 4285; baseline 0.006 -29"><span class='ocrx_word' id='word_1_682' title='bbox 359 4201 462 4269; x_wconf 86' lang='grc' dir='ltr'>τὴν</span> <span class='ocrx_word' id='word_1_683' title='bbox 488 4204 577 4264; x_wconf 87' lang='grc' dir='ltr'><strong>εἰς</strong></span> <span class='ocrx_word' id='word_1_684' title='bbox 596 4204 743 4273; x_wconf 76' lang='grc' dir='ltr'>ἡμᾶς</span> <span class='ocrx_word' id='word_1_685' title='bbox 769 4204 1012 4275; x_wconf 88' lang='grc' dir='ltr'>ἀγάπην.</span> <span class='ocrx_word' id='word_1_686' title='bbox 1049 4208 1196 4277; x_wconf 86' lang='grc' dir='ltr'>Ἔφη</span> <span class='ocrx_word' id='word_1_687' title='bbox 1234 4209 1342 4281; x_wconf 89' lang='grc' dir='ltr'><strong>γὰρ</strong></span> <span class='ocrx_word' id='word_1_688' title='bbox 1368 4201 1471 4277; x_wconf 68' lang='grc' dir='ltr'>ὧδε</span> <span class='ocrx_word' id='word_1_689' title='bbox 1494 4227 1508 4240; x_wconf 92' lang='grc'><strong>·</strong></span> <span class='ocrx_word' id='word_1_690' title='bbox 1544 4231 1563 4263; x_wconf 80' lang='grc' dir='ltr'><strong>ι</strong></span> <span class='ocrx_word' id='word_1_691' title='bbox 1589 4212 1653 4264; x_wconf 88' lang='grc' dir='ltr'>Τί</span> <span class='ocrx_word' id='word_1_692' title='bbox 1680 4208 1772 4267; x_wconf 80' lang='grc' dir='ltr'>οὖν</span> <span class='ocrx_word' id='word_1_693' title='bbox 1798 4214 1940 4285; x_wconf 78' lang='grc' dir='ltr'>ἐροῦ-</span> 
     </span>
    </p>
   </div>
   <div class='ocr_carea' id='block_1_90' title="bbox 2041 4201 3628 4285">
    <p class='ocr_par' dir='ltr' id='par_1_90' title="bbox 2054 4201 3628 4279">
     <span class='ocr_line' id='line_1_90' title="bbox 2054 4201 3628 4279; baseline -0.009 -12"><span class='ocrx_word' id='word_1_694' title='bbox 2054 4224 2160 4266; x_wconf 89' lang='lat' dir='ltr'><strong>non</strong></span> <span class='ocrx_word' id='word_1_695' title='bbox 2191 4207 2453 4279; x_wconf 90' lang='lat' dir='ltr'><strong>pepercit,</strong></span> <span class='ocrx_word' id='word_1_696' title='bbox 2486 4207 2580 4263; x_wconf 92' lang='lat' dir='ltr'><strong>sed</strong></span> <span class='ocrx_word' id='word_1_697' title='bbox 2610 4222 2708 4277; x_wconf 90' lang='lat' dir='ltr'><strong>pro</strong></span> <span class='ocrx_word' id='word_1_698' title='bbox 2725 4206 2882 4261; x_wconf 87' lang='lat' dir='ltr'><strong>nobis</strong></span> <span class='ocrx_word' id='word_1_699' title='bbox 2907 4204 3156 4259; x_wconf 87' lang='lat' dir='ltr'><strong>omnibus</strong></span> <span class='ocrx_word' id='word_1_700' title='bbox 3183 4201 3405 4256; x_wconf 91' lang='lat' dir='ltr'><strong>tradidit</strong></span> <span class='ocrx_word' id='word_1_701' title='bbox 3430 4202 3628 4269; x_wconf 87' lang='lat' dir='ltr'><strong>ipsum,</strong></span> 
     </span>
    </p>
   </div>
   <div class='ocr_carea' id='block_1_91' title="bbox 367 4292 1940 4381">
    <p class='ocr_par' dir='ltr' id='par_1_91' title="bbox 367 4293 1940 4381">
     <span class='ocr_line' id='line_1_91' title="bbox 367 4293 1940 4381; baseline 0.009 -37"><span class='ocrx_word' id='word_1_702' title='bbox 367 4308 471 4361; x_wconf 82' lang='grc' dir='ltr'><strong>μεν</strong></span> <span class='ocrx_word' id='word_1_703' title='bbox 507 4293 651 4364; x_wconf 82' lang='grc' dir='ltr'>πρὸς</span> <span class='ocrx_word' id='word_1_704' title='bbox 690 4294 896 4363; x_wconf 75' lang='grc' dir='ltr'>ταῦτας</span> <span class='ocrx_word' id='word_1_705' title='bbox 954 4299 1019 4350; x_wconf 82' lang='grc' dir='ltr'><strong>Εἰ</strong></span> <span class='ocrx_word' id='word_1_706' title='bbox 1061 4301 1090 4352; x_wconf 91' lang='lat'><strong>6</strong></span> <span class='ocrx_word' id='word_1_707' title='bbox 1138 4299 1272 4364; x_wconf 80' lang='grc' dir='ltr'>Θεὸς</span> <span class='ocrx_word' id='word_1_708' title='bbox 1300 4301 1439 4375; x_wconf 81' lang='grc' dir='ltr'>ὑπὲρ</span> <span class='ocrx_word' id='word_1_709' title='bbox 1482 4304 1659 4375; x_wconf 85' lang='grc' dir='ltr'>ήμῶν,</span> <span class='ocrx_word' id='word_1_710' title='bbox 1697 4306 1782 4381; x_wconf 81' lang='grc' dir='ltr'><strong>τίς</strong></span> <span class='ocrx_word' id='word_1_711' title='bbox 1824 4305 1940 4360; x_wconf 67' lang='grc' dir='ltr'>καθ¹</span> 
     </span>
    </p>
   </div>
   <div class='ocr_carea' id='block_1_92' title="bbox 2041 4292 3628 4381">
    <p class='ocr_par' dir='ltr' id='par_1_92' title="bbox 2054 4292 3628 4371">
     <span class='ocr_line' id='line_1_92' title="bbox 2054 4292 3628 4371; baseline -0.006 -16"><span class='ocrx_word' id='word_1_712' title='bbox 2054 4300 2326 4371; x_wconf 89' lang='lat' dir='ltr'><strong>quomodo</strong></span> <span class='ocrx_word' id='word_1_713' title='bbox 2356 4316 2463 4355; x_wconf 91' lang='lat' dir='ltr'><strong>non</strong></span> <span class='ocrx_word' id='word_1_714' title='bbox 2490 4300 2653 4355; x_wconf 89' lang='lat' dir='ltr'><strong>etiam</strong></span> <span class='ocrx_word' id='word_1_715' title='bbox 2690 4313 2811 4353; x_wconf 89' lang='lat' dir='ltr'><strong>cum</strong></span> <span class='ocrx_word' id='word_1_716' title='bbox 2859 4298 2974 4368; x_wconf 89' lang='lat' dir='ltr'><strong>ipso</strong></span> <span class='ocrx_word' id='word_1_717' title='bbox 3029 4296 3208 4351; x_wconf 88' lang='lat' dir='ltr'><strong>omnia</strong></span> <span class='ocrx_word' id='word_1_718' title='bbox 3253 4292 3409 4348; x_wconf 90' lang='lat' dir='ltr'><strong>nobis</strong></span> <span class='ocrx_word' id='word_1_719' title='bbox 3460 4292 3628 4346; x_wconf 90' lang='lat' dir='ltr'><strong>dona-</strong></span> 
     </span>
    </p>
   </div>
   <div class='ocr_carea' id='block_1_93' title="bbox 364 4382 1940 4468">
    <p class='ocr_par' dir='ltr' id='par_1_93' title="bbox 364 4382 1940 4468">
     <span class='ocr_line' id='line_1_93' title="bbox 364 4382 1940 4468; baseline 0.01 -33"><span class='ocrx_word' id='word_1_720' title='bbox 364 4382 571 4452; x_wconf 71' lang='grc' dir='ltr'>ἠμῶν;</span> <span class='ocrx_word' id='word_1_721' title='bbox 599 4384 657 4448; x_wconf 84' lang='grc' dir='ltr'>ὃς</span> <span class='ocrx_word' id='word_1_722' title='bbox 685 4403 749 4455; x_wconf 91' lang='grc' dir='ltr'><strong>γε</strong></span> <span class='ocrx_word' id='word_1_723' title='bbox 780 4386 877 4441; x_wconf 88' lang='grc' dir='ltr'><strong>τοῦ</strong></span> <span class='ocrx_word' id='word_1_724' title='bbox 908 4389 1040 4443; x_wconf 85' lang='grc' dir='ltr'>ίδίου</span> <span class='ocrx_word' id='word_1_725' title='bbox 1070 4391 1200 4445; x_wconf 82' lang='grc' dir='ltr'>Υἱοῦ</span> <span class='ocrx_word' id='word_1_726' title='bbox 1236 4393 1335 4447; x_wconf 85' lang='grc' dir='ltr'>οὐκ</span> <span class='ocrx_word' id='word_1_727' title='bbox 1369 4395 1644 4464; x_wconf 74' lang='grc' dir='ltr'>ἐφείσατο,</span> <span class='ocrx_word' id='word_1_728' title='bbox 1670 4396 1783 4450; x_wconf 87' lang='grc' dir='ltr'>ἀλλ’</span> <span class='ocrx_word' id='word_1_729' title='bbox 1814 4398 1940 4468; x_wconf 67' lang='grc' dir='ltr'>ύπὲε</span> 
     </span>
    </p>
   </div>
   <div class='ocr_carea' id='block_1_94' title="bbox 2041 4382 3632 4468">
    <p class='ocr_par' dir='ltr' id='par_1_94' title="bbox 2057 4384 3632 4461">
     <span class='ocr_line' id='line_1_94' title="bbox 2057 4384 3632 4461; baseline -0.01 -11"><span class='ocrx_word' id='word_1_730' title='bbox 2057 4395 2140 4451; x_wconf 90' lang='lat' dir='ltr'><strong>bit</strong></span> <span class='ocrx_word' id='word_1_731' title='bbox 2168 4394 2214 4427; x_wconf 71' lang='grc' dir='ltr'><strong>υ</strong></span> <span class='ocrx_word' id='word_1_732' title='bbox 2240 4393 2263 4448; x_wconf 73' lang='grc' dir='ltr'>τ</span> <span class='ocrx_word' id='word_1_733' title='bbox 2299 4413 2319 4447; x_wconf 80' lang='grc' dir='ltr'><strong>ι</strong></span> <span class='ocrx_word' id='word_1_734' title='bbox 2354 4392 2616 4461; x_wconf 85' lang='lat' dir='ltr'><strong>Quamvis</strong></span> <span class='ocrx_word' id='word_1_735' title='bbox 2649 4391 2794 4446; x_wconf 87' lang='lat' dir='ltr'><strong>enim</strong></span> <span class='ocrx_word' id='word_1_736' title='bbox 2827 4386 3208 4459; x_wconf 88' lang='lat' dir='ltr'><strong>quamplurimi</strong></span> <span class='ocrx_word' id='word_1_737' title='bbox 3239 4384 3486 4440; x_wconf 89' lang='lat' dir='ltr'><strong>homines</strong></span> <span class='ocrx_word' id='word_1_738' title='bbox 3516 4398 3632 4453; x_wconf 77' lang='lat' dir='ltr'><strong>gra-</strong></span> 
     </span>
    </p>
   </div>
   <div class='ocr_carea' id='block_1_95' title="bbox 361 4473 1940 4557">
    <p class='ocr_par' dir='ltr' id='par_1_95' title="bbox 361 4473 1940 4557">
     <span class='ocr_line' id='line_1_95' title="bbox 361 4473 1940 4557; baseline 0.009 -32"><span class='ocrx_word' id='word_1_739' title='bbox 361 4473 532 4543; x_wconf 74' lang='grc' dir='ltr'>ήμῶν</span> <span class='ocrx_word' id='word_1_740' title='bbox 578 4475 797 4531; x_wconf 87' lang='grc' dir='ltr'>πάντων</span> <span class='ocrx_word' id='word_1_741' title='bbox 849 4480 1166 4550; x_wconf 87' lang='grc' dir='ltr'>παρέδωκεν</span> <span class='ocrx_word' id='word_1_742' title='bbox 1194 4484 1376 4550; x_wconf 82' lang='grc' dir='ltr'>αὐτὸν,</span> <span class='ocrx_word' id='word_1_743' title='bbox 1412 4486 1529 4549; x_wconf 89' lang='grc' dir='ltr'><strong>πῶς</strong></span> <span class='ocrx_word' id='word_1_744' title='bbox 1569 4487 1690 4557; x_wconf 80' lang='grc' dir='ltr'>οὐχὶ</span> <span class='ocrx_word' id='word_1_745' title='bbox 1732 4488 1827 4541; x_wconf 73' lang='grc' dir='ltr'><strong>καὶ</strong></span> <span class='ocrx_word' id='word_1_746' title='bbox 1852 4489 1940 4541; x_wconf 73' lang='lat' dir='ltr'><strong>oin</strong></span> 
     </span>
    </p>
   </div>
   <div class='ocr_carea' id='block_1_96' title="bbox 2041 4473 3632 4557">
    <p class='ocr_par' dir='ltr' id='par_1_96' title="bbox 2057 4478 3632 4555">
     <span class='ocr_line' id='line_1_96' title="bbox 2057 4478 3632 4555; baseline -0.01 -14"><span class='ocrx_word' id='word_1_747' title='bbox 2057 4487 2130 4541; x_wconf 83' lang='lat' dir='ltr'><strong>tia</strong></span> <span class='ocrx_word' id='word_1_748' title='bbox 2180 4494 2237 4541; x_wconf 91' lang='lat' dir='ltr'><strong>et</strong></span> <span class='ocrx_word' id='word_1_749' title='bbox 2284 4486 2573 4555; x_wconf 90' lang='lat' dir='ltr'><strong>adoptione</strong></span> <span class='ocrx_word' id='word_1_750' title='bbox 2612 4483 2782 4539; x_wconf 84' lang='lat' dir='ltr'><strong>simus</strong></span> <span class='ocrx_word' id='word_1_751' title='bbox 2808 4481 2900 4535; x_wconf 74' lang='lat' dir='ltr'><strong>lilii</strong></span> <span class='ocrx_word' id='word_1_752' title='bbox 2929 4478 3142 4550; x_wconf 85' lang='lat' dir='ltr'><strong>(vocati</strong></span> <span class='ocrx_word' id='word_1_753' title='bbox 3176 4489 3407 4544; x_wconf 82' lang='lat' dir='ltr'><strong>namque</strong></span> <span class='ocrx_word' id='word_1_754' title='bbox 3444 4487 3632 4527; x_wconf 91' lang='lat' dir='ltr'><strong>sumus</strong></span> 
     </span>
    </p>
   </div>
   <div class='ocr_carea' id='block_1_97' title="bbox 361 4565 1940 4645">
    <p class='ocr_par' dir='ltr' id='par_1_97' title="bbox 361 4565 1940 4645">
     <span class='ocr_line' id='line_1_97' title="bbox 361 4565 1940 4645; baseline 0.01 -28"><span class='ocrx_word' id='word_1_755' title='bbox 361 4565 518 4635; x_wconf 82' lang='grc' dir='ltr'>αὑτῴ</span> <span class='ocrx_word' id='word_1_756' title='bbox 543 4566 617 4618; x_wconf 86' lang='grc' dir='ltr'><strong>τά</strong></span> <span class='ocrx_word' id='word_1_757' title='bbox 650 4569 832 4622; x_wconf 87' lang='grc' dir='ltr'>πάντα</span> <span class='ocrx_word' id='word_1_758' title='bbox 881 4572 1013 4642; x_wconf 82' lang='grc' dir='ltr'>ἡμῖν</span> <span class='ocrx_word' id='word_1_759' title='bbox 1054 4574 1378 4645; x_wconf 86' lang='grc' dir='ltr'>χαρίσεται;</span> <span class='ocrx_word' id='word_1_760' title='bbox 1419 4595 1439 4628; x_wconf 78' lang='grc' dir='ltr'><strong>ι</strong></span> <span class='ocrx_word' id='word_1_761' title='bbox 1473 4578 1664 4632; x_wconf 82' lang='grc' dir='ltr'>Καίτοι</span> <span class='ocrx_word' id='word_1_762' title='bbox 1710 4578 1940 4632; x_wconf 83' lang='grc' dir='ltr'>πλεῖστοι</span> 
     </span>
    </p>
   </div>
   <div class='ocr_carea' id='block_1_98' title="bbox 2041 4565 3631 4645">
    <p class='ocr_par' dir='ltr' id='par_1_98' title="bbox 2057 4566 3631 4642">
     <span class='ocr_line' id='line_1_98' title="bbox 2057 4566 3631 4642; baseline -0.01 -9"><span class='ocrx_word' id='word_1_763' title='bbox 2057 4579 2153 4642; x_wconf 90' lang='lat' dir='ltr'><strong>dii,</strong></span> <span class='ocrx_word' id='word_1_764' title='bbox 2186 4586 2241 4632; x_wconf 92' lang='lat' dir='ltr'><strong>et</strong></span> <span class='ocrx_word' id='word_1_765' title='bbox 2284 4576 2378 4631; x_wconf 83' lang='lat' dir='ltr'><strong>ﬁlii</strong></span> <span class='ocrx_word' id='word_1_766' title='bbox 2410 4575 2623 4631; x_wconf 84' lang='lat' dir='ltr'><strong>Excelsi</strong></span> <span class='ocrx_word' id='word_1_767' title='bbox 2669 4587 2859 4629; x_wconf 87' lang='lat' dir='ltr'><strong>omnes</strong></span> <span class='ocrx_word' id='word_1_768' title='bbox 2883 4571 2986 4640; x_wconf 60' lang='grc' dir='ltr'><strong>³ε’),</strong></span> <span class='ocrx_word' id='word_1_769' title='bbox 3022 4582 3161 4625; x_wconf 86' lang='lat' dir='ltr'><strong>unus</strong></span> <span class='ocrx_word' id='word_1_770' title='bbox 3194 4577 3371 4620; x_wconf 88' lang='lat' dir='ltr'><strong>tamen</strong></span> <span class='ocrx_word' id='word_1_771' title='bbox 3403 4574 3459 4620; x_wconf 89' lang='lat' dir='ltr'><strong>et</strong></span> <span class='ocrx_word' id='word_1_772' title='bbox 3483 4566 3631 4619; x_wconf 92' lang='lat' dir='ltr'><strong>solus</strong></span> 
     </span>
    </p>
   </div>
   <div class='ocr_carea' id='block_1_99' title="bbox 365 4656 1940 4740">
    <p class='ocr_par' dir='ltr' id='par_1_99' title="bbox 365 4657 1940 4740">
     <span class='ocr_line' id='line_1_99' title="bbox 365 4657 1940 4740; baseline 0.009 -31"><span class='ocrx_word' id='word_1_773' title='bbox 365 4657 471 4727; x_wconf 79' lang='grc' dir='ltr'>μὲν</span> <span class='ocrx_word' id='word_1_774' title='bbox 500 4658 646 4724; x_wconf 83' lang='grc' dir='ltr'>ὅσοι,</span> <span class='ocrx_word' id='word_1_775' title='bbox 675 4661 859 4731; x_wconf 84' lang='grc' dir='ltr'>χάριτί</span> <span class='ocrx_word' id='word_1_776' title='bbox 885 4679 944 4715; x_wconf 87' lang='grc' dir='ltr'><strong>τε</strong></span> <span class='ocrx_word' id='word_1_777' title='bbox 975 4665 1070 4717; x_wconf 76' lang='grc' dir='ltr'><strong>καὶ</strong></span> <span class='ocrx_word' id='word_1_778' title='bbox 1106 4666 1247 4719; x_wconf 88' lang='grc' dir='ltr'><strong>κατά</strong></span> <span class='ocrx_word' id='word_1_779' title='bbox 1277 4667 1425 4721; x_wconf 88' lang='grc' dir='ltr'>θέσιν</span> <span class='ocrx_word' id='word_1_780' title='bbox 1468 4670 1574 4722; x_wconf 84' lang='grc' dir='ltr'>υίοί</span> <span class='ocrx_word' id='word_1_781' title='bbox 1594 4686 1608 4699; x_wconf 90' lang='grc'><strong>·</strong></span> <span class='ocrx_word' id='word_1_782' title='bbox 1638 4668 1940 4740; x_wconf 79' lang='grc' dir='ltr'>κεκλήμεθα</span> 
     </span>
    </p>
   </div>
   <div class='ocr_carea' id='block_1_100' title="bbox 2041 4656 3633 4740">
    <p class='ocr_par' dir='ltr' id='par_1_100' title="bbox 2056 4656 3633 4729">
     <span class='ocr_line' id='line_1_100' title="bbox 2056 4656 3633 4729; baseline -0.008 -6"><span class='ocrx_word' id='word_1_783' title='bbox 2056 4670 2148 4724; x_wconf 87' lang='lat' dir='ltr'><strong>ille</strong></span> <span class='ocrx_word' id='word_1_784' title='bbox 2174 4678 2259 4725; x_wconf 89' lang='lat' dir='ltr'><strong>est</strong></span> <span class='ocrx_word' id='word_1_785' title='bbox 2290 4668 2586 4723; x_wconf 88' lang='lat' dir='ltr'><strong>secundum</strong></span> <span class='ocrx_word' id='word_1_786' title='bbox 2633 4674 2909 4727; x_wconf 90' lang='lat' dir='ltr'><strong>naturam,</strong></span> <span class='ocrx_word' id='word_1_787' title='bbox 2965 4660 3187 4729; x_wconf 86' lang='lat' dir='ltr'><strong>ejusque</strong></span> <span class='ocrx_word' id='word_1_788' title='bbox 3237 4658 3508 4729; x_wconf 85' lang='lat' dir='ltr'><strong>proprius,</strong></span> <span class='ocrx_word' id='word_1_789' title='bbox 3543 4656 3633 4710; x_wconf 91' lang='lat' dir='ltr'><strong>ille</strong></span> 
     </span>
    </p>
   </div>
   <div class='ocr_carea' id='block_1_101' title="bbox 361 4746 1940 4828">
    <p class='ocr_par' dir='ltr' id='par_1_101' title="bbox 361 4746 1940 4828">
     <span class='ocr_line' id='line_1_101' title="bbox 361 4746 1940 4828; baseline 0.006 -28"><span class='ocrx_word' id='word_1_790' title='bbox 361 4746 477 4817; x_wconf 75' lang='grc' dir='ltr'>γὰρ</span> <span class='ocrx_word' id='word_1_791' title='bbox 508 4748 651 4811; x_wconf 76' lang='grc' dir='ltr'>θεοὶ,</span> <span class='ocrx_word' id='word_1_792' title='bbox 696 4750 790 4803; x_wconf 79' lang='grc' dir='ltr'>καὶ</span> <span class='ocrx_word' id='word_1_793' title='bbox 828 4752 935 4805; x_wconf 78' lang='grc' dir='ltr'>υἱοὶ</span> <span class='ocrx_word' id='word_1_794' title='bbox 975 4753 1231 4824; x_wconf 77' lang='grc' dir='ltr'>Ὑψίστου</span> <span class='ocrx_word' id='word_1_795' title='bbox 1266 4756 1495 4820; x_wconf 86' lang='grc' dir='ltr'>πάντες·</span> <span class='ocrx_word' id='word_1_796' title='bbox 1527 4751 1608 4820; x_wconf 83' lang='grc' dir='ltr'>εἷς</span> <span class='ocrx_word' id='word_1_797' title='bbox 1645 4757 1701 4810; x_wconf 85' lang='grc' dir='ltr'>δὲ</span> <span class='ocrx_word' id='word_1_798' title='bbox 1732 4759 1827 4812; x_wconf 73' lang='grc' dir='ltr'><strong>καὶ</strong></span> <span class='ocrx_word' id='word_1_799' title='bbox 1855 4757 1940 4828; x_wconf 79' lang='lat' dir='ltr'><strong>p.6-</strong></span> 
     </span>
    </p>
   </div>
   <div class='ocr_carea' id='block_1_102' title="bbox 2041 4746 3632 4828">
    <p class='ocr_par' dir='ltr' id='par_1_102' title="bbox 2056 4750 3632 4824">
     <span class='ocr_line' id='line_1_102' title="bbox 2056 4750 3632 4824; baseline -0.011 -12"><span class='ocrx_word' id='word_1_800' title='bbox 2056 4758 2311 4812; x_wconf 84' lang='lat' dir='ltr'><strong>nitnirum</strong></span> <span class='ocrx_word' id='word_1_801' title='bbox 2347 4770 2416 4810; x_wconf 72' lang='lat' dir='ltr'><strong>ex</strong></span> <span class='ocrx_word' id='word_1_802' title='bbox 2450 4756 2566 4824; x_wconf 90' lang='lat' dir='ltr'><strong>ipso</strong></span> <span class='ocrx_word' id='word_1_803' title='bbox 2599 4752 2742 4807; x_wconf 90' lang='lat' dir='ltr'><strong>Deus</strong></span> <span class='ocrx_word' id='word_1_804' title='bbox 2779 4750 3038 4816; x_wconf 77' lang='lat' dir='ltr'><strong>Verbum,</strong></span> <span class='ocrx_word' id='word_1_805' title='bbox 3094 4760 3160 4804; x_wconf 79' lang='lat' dir='ltr'><strong>eo</strong></span> <span class='ocrx_word' id='word_1_806' title='bbox 3221 4762 3433 4818; x_wconf 87' lang='lat' dir='ltr'><strong>quoque</strong></span> <span class='ocrx_word' id='word_1_807' title='bbox 3495 4756 3632 4800; x_wconf 80' lang='lat' dir='ltr'><strong>tem-</strong></span> 
     </span>
    </p>
   </div>
   <div class='ocr_carea' id='block_1_103' title="bbox 361 4838 1940 4918">
    <p class='ocr_par' dir='ltr' id='par_1_103' title="bbox 361 4842 1940 4916">
     <span class='ocr_line' id='line_1_103' title="bbox 361 4842 1940 4916; baseline 0.006 -23"><span class='ocrx_word' id='word_1_808' title='bbox 361 4855 454 4903; x_wconf 80' lang='grc' dir='ltr'><strong>νος</strong></span> <span class='ocrx_word' id='word_1_809' title='bbox 502 4843 535 4895; x_wconf 87' lang='lat'><strong>6</strong></span> <span class='ocrx_word' id='word_1_810' title='bbox 589 4842 731 4896; x_wconf 87' lang='grc' dir='ltr'><strong>κατά</strong></span> <span class='ocrx_word' id='word_1_811' title='bbox 783 4842 946 4912; x_wconf 84' lang='grc' dir='ltr'>φύσιν</span> <span class='ocrx_word' id='word_1_812' title='bbox 976 4848 1071 4901; x_wconf 69' lang='grc' dir='ltr'>καὶ</span> <span class='ocrx_word' id='word_1_813' title='bbox 1106 4847 1234 4910; x_wconf 79' lang='grc' dir='ltr'>ἴδιος</span> <span class='ocrx_word' id='word_1_814' title='bbox 1274 4847 1464 4913; x_wconf 82' lang='grc' dir='ltr'>αὐτοῦ,</span> <span class='ocrx_word' id='word_1_815' title='bbox 1505 4850 1803 4914; x_wconf 85' lang='grc' dir='ltr'>τουτέστιν,</span> <span class='ocrx_word' id='word_1_816' title='bbox 1838 4852 1866 4903; x_wconf 90' lang='lat'><strong>6</strong></span> <span class='ocrx_word' id='word_1_817' title='bbox 1894 4851 1940 4916; x_wconf 78' lang='grc' dir='ltr'><strong>ἐξ</strong></span> 
     </span>
    </p>
   </div>
   <div class='ocr_carea' id='block_1_104' title="bbox 2041 4838 3628 4918">
    <p class='ocr_par' dir='ltr' id='par_1_104' title="bbox 2059 4838 3628 4918">
     <span class='ocr_line' id='line_1_104' title="bbox 2059 4838 3628 4918; baseline -0.008 -15"><span class='ocrx_word' id='word_1_818' title='bbox 2059 4862 2189 4918; x_wconf 89' lang='lat' dir='ltr'><strong>pore</strong></span> <span class='ocrx_word' id='word_1_819' title='bbox 2214 4863 2335 4902; x_wconf 93' lang='lat' dir='ltr'><strong>cum</strong></span> <span class='ocrx_word' id='word_1_820' title='bbox 2362 4846 2537 4901; x_wconf 82' lang='lat' dir='ltr'><strong>factus</strong></span> <span class='ocrx_word' id='word_1_821' title='bbox 2565 4855 2649 4900; x_wconf 87' lang='lat' dir='ltr'><strong>est</strong></span> <span class='ocrx_word' id='word_1_822' title='bbox 2677 4859 2826 4899; x_wconf 90' lang='lat' dir='ltr'><strong>caro.</strong></span> <span class='ocrx_word' id='word_1_823' title='bbox 2865 4843 2956 4901; x_wconf 83' lang='lat' dir='ltr'><strong>Sic</strong></span> <span class='ocrx_word' id='word_1_824' title='bbox 2993 4858 3226 4913; x_wconf 87' lang='lat' dir='ltr'><strong>namque</strong></span> <span class='ocrx_word' id='word_1_825' title='bbox 3258 4843 3431 4910; x_wconf 87' lang='lat' dir='ltr'><strong>ipsum</strong></span> <span class='ocrx_word' id='word_1_826' title='bbox 3464 4838 3628 4893; x_wconf 87' lang='lat' dir='ltr'><strong>etiam</strong></span> 
     </span>
    </p>
   </div>
   <div class='ocr_carea' id='block_1_105' title="bbox 398 4993 1940 5121">
    <p class='ocr_par' dir='ltr' id='par_1_105' title="bbox 398 4993 1938 5121">
     <span class='ocr_line' id='line_1_105' title="bbox 436 4993 1938 5067; baseline 0.004 -20"><span class='ocrx_word' id='word_1_827' title='bbox 436 4995 487 5028; x_wconf 78' lang='grc'><strong>⁸⁸</strong></span> <span class='ocrx_word' id='word_1_828' title='bbox 530 4993 765 5063; x_wconf 84' lang='lat' dir='ltr'><strong>Philipp.</strong></span> <span class='ocrx_word' id='word_1_829' title='bbox 810 5009 870 5057; x_wconf 89' lang='grc' dir='ltr'><strong>ιι,</strong></span> <span class='ocrx_word' id='word_1_830' title='bbox 906 4996 960 5051; x_wconf 85' lang='lat'><strong>&#39;7.</strong></span> <span class='ocrx_word' id='word_1_831' title='bbox 1036 4998 1085 5029; x_wconf 80' lang='grc'><strong>⁸⁸</strong></span> <span class='ocrx_word' id='word_1_832' title='bbox 1112 4996 1276 5054; x_wconf 85' lang='lat' dir='ltr'><strong>Hebr.</strong></span> <span class='ocrx_word' id='word_1_833' title='bbox 1312 5016 1372 5063; x_wconf 87' lang='lat' dir='ltr'><strong>ll,</strong></span> <span class='ocrx_word' id='word_1_834' title='bbox 1411 4999 1499 5054; x_wconf 81' lang='grc' dir='ltr'>ιι.</span> <span class='ocrx_word' id='word_1_835' title='bbox 1559 5000 1602 5032; x_wconf 73' lang='grc' dir='ltr'><strong>’τ</strong></span> <span class='ocrx_word' id='word_1_836' title='bbox 1634 4999 1792 5054; x_wconf 84' lang='lat' dir='ltr'><strong>Rom.</strong></span> <span class='ocrx_word' id='word_1_837' title='bbox 1831 5016 1881 5067; x_wconf 83' lang='lat' dir='ltr'><strong>v,</strong></span> <span class='ocrx_word' id='word_1_838' title='bbox 1918 5001 1938 5053; x_wconf 86' lang='lat' dir='ltr'><strong>l</strong></span> 
     </span>
     <span class='ocr_line' id='line_1_106' title="bbox 398 5064 903 5121; baseline -0.004 -2"><span class='ocrx_word' id='word_1_839' title='bbox 398 5065 479 5121; x_wconf 83' lang='lat'><strong>6:</strong></span> <span class='ocrx_word' id='word_1_840' title='bbox 509 5064 679 5121; x_wconf 78' lang='lat' dir='ltr'><strong>Joan.</strong></span> <span class='ocrx_word' id='word_1_841' title='bbox 717 5081 774 5121; x_wconf 76' lang='grc' dir='ltr'><strong>ι.</strong></span> <span class='ocrx_word' id='word_1_842' title='bbox 816 5066 903 5118; x_wconf 73' lang='grc'><strong>54.</strong></span> 
     </span>
    </p>
   </div>
   <div class='ocr_carea' id='block_1_106' title="bbox 2041 4993 3630 5121">
    <p class='ocr_par' dir='ltr' id='par_1_106' title="bbox 2082 4994 3630 5065">
     <span class='ocr_line' id='line_1_107' title="bbox 2082 4994 3630 5065; baseline -0.009 -8"><span class='ocrx_word' id='word_1_843' title='bbox 2082 5001 2128 5032; x_wconf 78' lang='grc'><strong>’⁸</strong></span> <span class='ocrx_word' id='word_1_844' title='bbox 2157 5000 2330 5056; x_wconf 88' lang='lat' dir='ltr'><strong>Galat.</strong></span> <span class='ocrx_word' id='word_1_845' title='bbox 2365 5017 2434 5065; x_wconf 84' lang='lat' dir='ltr'><strong>tv,</strong></span> <span class='ocrx_word' id='word_1_846' title='bbox 2462 4998 2516 5053; x_wconf 70' lang='grc'><strong>4.</strong></span> <span class='ocrx_word' id='word_1_847' title='bbox 2595 4998 2639 5028; x_wconf 83' lang='grc'><strong>¹⁹</strong></span> <span class='ocrx_word' id='word_1_848' title='bbox 2678 4998 2837 5056; x_wconf 81' lang='lat' dir='ltr'><strong>Rom.</strong></span> <span class='ocrx_word' id='word_1_849' title='bbox 2861 5013 2981 5064; x_wconf 82' lang='lat' dir='ltr'><strong>vm,</strong></span> <span class='ocrx_word' id='word_1_850' title='bbox 3022 4997 3110 5050; x_wconf 72' lang='lat'><strong>3|.</strong></span> <span class='ocrx_word' id='word_1_851' title='bbox 3190 4998 3234 5028; x_wconf 77' lang='grc' dir='ltr'><strong>³ο</strong></span> <span class='ocrx_word' id='word_1_852' title='bbox 3261 4994 3403 5049; x_wconf 87' lang='lat' dir='ltr'><strong>Psal.</strong></span> <span class='ocrx_word' id='word_1_853' title='bbox 3440 5007 3630 5055; x_wconf 75' lang='lat' dir='ltr'><strong>mm,</strong></span> 
     </span>
    </p>
   </div>
   <div class='ocr_carea' id='block_1_107' title="bbox 463 5081 903 5131">
    <p class='ocr_par' dir='ltr' id='par_1_107' title="bbox 463 5081 903 5131">
     <span class='ocr_line' id='line_1_108' title="bbox 463 5081 903 5131; baseline -0.009 -9"><span class='ocrx_word' id='word_1_854' title='bbox 463 5081 679 5131; x_wconf 78' lang='lat' dir='ltr'><strong>;Joan.</strong></span> <span class='ocrx_word' id='word_1_855' title='bbox 717 5081 774 5131; x_wconf 76' lang='grc' dir='ltr'>ι,</span> <span class='ocrx_word' id='word_1_856' title='bbox 816 5081 903 5118; x_wconf 58' lang='lat' dir='ltr'><strong>os.</strong></span> 
     </span>
    </p>
   </div>
   <div class='ocr_carea' id='block_1_108' title="bbox 1639 5218 2382 5276">
    <p class='ocr_par' dir='ltr' id='par_1_108' title="bbox 1639 5218 2382 5276">
     <span class='ocr_line' id='line_1_109' title="bbox 1639 5218 2382 5276; baseline 0.004 -3"><span class='ocrx_word' id='word_1_857' title='bbox 1639 5220 1796 5275; x_wconf 80' lang='lat' dir='ltr'><strong>ANT.</strong></span> <span class='ocrx_word' id='word_1_858' title='bbox 1839 5219 2112 5276; x_wconf 83' lang='lat' dir='ltr'><strong>AGELLH</strong></span> <span class='ocrx_word' id='word_1_859' title='bbox 2150 5218 2382 5276; x_wconf 68' lang='lat' dir='ltr'><strong>NOTAE.</strong></span> 
     </span>
    </p>
   </div>
   <div class='ocr_carea' id='block_1_109' title="bbox 439 5370 3631 5448">
    <p class='ocr_par' dir='ltr' id='par_1_109' title="bbox 439 5370 3631 5448">
     <span class='ocr_line' id='line_1_110' title="bbox 439 5370 3631 5448; baseline -0.004 -15"><span class='ocrx_word' id='word_1_860' title='bbox 439 5378 564 5448; x_wconf 76' lang='lat'><strong>(&#39;53)</strong></span> <span class='ocrx_word' id='word_1_861' title='bbox 598 5376 669 5430; x_wconf 90' lang='lat' dir='ltr'><strong>De</strong></span> <span class='ocrx_word' id='word_1_862' title='bbox 732 5382 957 5448; x_wconf 74' lang='lat' dir='ltr'><strong>peccato</strong></span> <span class='ocrx_word' id='word_1_863' title='bbox 997 5375 1224 5448; x_wconf 76' lang='lat' dir='ltr'><strong>originis</strong></span> <span class='ocrx_word' id='word_1_864' title='bbox 1269 5376 1339 5448; x_wconf 80' lang='lat' dir='ltr'><strong>ita</strong></span> <span class='ocrx_word' id='word_1_865' title='bbox 1392 5385 1578 5448; x_wconf 85' lang='lat' dir='ltr'><strong>aperte</strong></span> <span class='ocrx_word' id='word_1_866' title='bbox 1622 5376 1859 5441; x_wconf 86' lang='lat' dir='ltr'><strong>disserit,</strong></span> <span class='ocrx_word' id='word_1_867' title='bbox 1891 5389 1951 5431; x_wconf 93' lang='lat' dir='ltr'><strong>ut</strong></span> <span class='ocrx_word' id='word_1_868' title='bbox 2059 5380 2141 5433; x_wconf 91' lang='lat' dir='ltr'><strong>his</strong></span> <span class='ocrx_word' id='word_1_869' title='bbox 2178 5394 2295 5445; x_wconf 79' lang='lat' dir='ltr'><strong>qu:e</strong></span> <span class='ocrx_word' id='word_1_870' title='bbox 2340 5386 2527 5433; x_wconf 86' lang='lat' dir='ltr'><strong>contra</strong></span> <span class='ocrx_word' id='word_1_871' title='bbox 2580 5376 2781 5444; x_wconf 81' lang='lat' dir='ltr'><strong>Pelagii</strong></span> <span class='ocrx_word' id='word_1_872' title='bbox 2830 5373 3112 5448; x_wconf 75' lang='lat' dir='ltr'><strong>opiniones</strong></span> <span class='ocrx_word' id='word_1_873' title='bbox 3165 5379 3426 5448; x_wconf 52' lang='lat' dir='ltr'><strong>pugnant,</strong></span> <span class='ocrx_word' id='word_1_874' title='bbox 3471 5381 3522 5421; x_wconf 80' lang='lat' dir='ltr'><strong>et</strong></span> <span class='ocrx_word' id='word_1_875' title='bbox 3580 5370 3631 5420; x_wconf 87' lang='lat' dir='ltr'><strong>in</strong></span> 
     </span>
    </p>
   </div>
   <div class='ocr_carea' id='block_1_110' title="bbox 365 5439 3630 5517">
    <p class='ocr_par' dir='ltr' id='par_1_110' title="bbox 365 5439 3630 5517">
     <span class='ocr_line' id='line_1_111' title="bbox 365 5439 3630 5517; baseline -0.004 -15"><span class='ocrx_word' id='word_1_876' title='bbox 365 5439 489 5506; x_wconf 67' lang='lat' dir='ltr'><strong>fere</strong></span> <span class='ocrx_word' id='word_1_877' title='bbox 517 5439 882 5514; x_wconf 63' lang='lat' dir='ltr'><strong>Augustinum</strong></span> <span class='ocrx_word' id='word_1_878' title='bbox 912 5439 1375 5517; x_wconf 46' lang='lat' dir='ltr'><strong>legere—videaris,</strong></span> <span class='ocrx_word' id='word_1_879' title='bbox 1407 5439 1495 5515; x_wconf 80' lang='lat' dir='ltr'><strong>qui</strong></span> <span class='ocrx_word' id='word_1_880' title='bbox 1533 5445 1648 5517; x_wconf 86' lang='lat' dir='ltr'><strong>ejus</strong></span> <span class='ocrx_word' id='word_1_881' title='bbox 1678 5439 1947 5500; x_wconf 69' lang='lat' dir='ltr'><strong>aetatevi-</strong></span> <span class='ocrx_word' id='word_1_882' title='bbox 2058 5439 2405 5517; x_wconf 77' lang='lat' dir='ltr'><strong>proceSsioue</strong></span> <span class='ocrx_word' id='word_1_883' title='bbox 2444 5449 2676 5514; x_wconf 81' lang='lat' dir='ltr'><strong>Spiritus</strong></span> <span class='ocrx_word' id='word_1_884' title='bbox 2713 5439 2928 5517; x_wconf 32' lang='lat' dir='ltr'><strong>isancii,</strong></span> <span class='ocrx_word' id='word_1_885' title='bbox 2969 5457 3131 5510; x_wconf 88' lang='lat' dir='ltr'><strong>quem</strong></span> <span class='ocrx_word' id='word_1_886' title='bbox 3169 5439 3204 5494; x_wconf 62' lang='grc' dir='ltr'><strong>ιι</strong></span> <span class='ocrx_word' id='word_1_887' title='bbox 3243 5439 3377 5517; x_wconf 80' lang='lat' dir='ltr'><strong>Filio</strong></span> <span class='ocrx_word' id='word_1_888' title='bbox 3421 5454 3630 5517; x_wconf 72' lang='lat' dir='ltr'><strong>quoque</strong></span> 
     </span>
    </p>
   </div>
   <div class='ocr_carea' id='block_1_111' title="bbox 367 5508 3630 5586">
    <p class='ocr_par' dir='ltr' id='par_1_111' title="bbox 367 5508 3630 5586">
     <span class='ocr_line' id='line_1_112' title="bbox 367 5508 3630 5586; baseline -0.002 -15"><span class='ocrx_word' id='word_1_889' title='bbox 367 5523 442 5575; x_wconf 73' lang='lat' dir='ltr'><strong>xit</strong></span> <span class='ocrx_word' id='word_1_890' title='bbox 470 5535 487 5582; x_wconf 91' lang='lat'><strong>;</strong></span> <span class='ocrx_word' id='word_1_891' title='bbox 529 5508 695 5586; x_wconf 54' lang='lat' dir='ltr'><strong>ittq&#39;ue</strong></span> <span class='ocrx_word' id='word_1_892' title='bbox 726 5530 831 5568; x_wconf 87' lang='lat' dir='ltr'><strong>non</strong></span> <span class='ocrx_word' id='word_1_893' title='bbox 861 5508 1031 5568; x_wconf 53' lang='lat' dir='ltr'><strong>solu&#39;nt</strong></span> <span class='ocrx_word' id='word_1_894' title='bbox 1052 5516 1115 5569; x_wconf 72' lang='lat' dir='ltr'><strong>in</strong></span> <span class='ocrx_word' id='word_1_895' title='bbox 1159 5517 1260 5586; x_wconf 81' lang='lat' dir='ltr'><strong>hoc</strong></span> <span class='ocrx_word' id='word_1_896' title='bbox 1291 5508 1539 5581; x_wconf 79' lang='lat' dir='ltr'><strong>dogmate</strong></span> <span class='ocrx_word' id='word_1_897' title='bbox 1561 5508 1756 5570; x_wconf 51' lang='lat' dir='ltr'><strong>&#39;videre</strong></span> <span class='ocrx_word' id='word_1_898' title='bbox 1799 5517 1947 5578; x_wconf 88' lang='lat' dir='ltr'><strong>licet,</strong></span> <span class='ocrx_word' id='word_1_899' title='bbox 2059 5508 2349 5585; x_wconf 79' lang='lat' dir='ltr'><strong>procedere</strong></span> <span class='ocrx_word' id='word_1_900' title='bbox 2380 5508 2577 5572; x_wconf 69' lang='lat' dir='ltr'><strong>asset-it</strong></span> <span class='ocrx_word' id='word_1_901' title='bbox 2610 5524 2666 5567; x_wconf 91' lang='lat' dir='ltr'><strong>ut</strong></span> <span class='ocrx_word' id='word_1_902' title='bbox 2699 5508 3051 5582; x_wconf 80' lang='lat' dir='ltr'><strong>Augustinus,</strong></span> <span class='ocrx_word' id='word_1_903' title='bbox 3088 5524 3142 5566; x_wconf 92' lang='lat' dir='ltr'><strong>ut</strong></span> <span class='ocrx_word' id='word_1_904' title='bbox 3174 5512 3453 5576; x_wconf 75' lang='lat' dir='ltr'><strong>superiore</strong></span> <span class='ocrx_word' id='word_1_905' title='bbox 3497 5508 3630 5558; x_wconf 64' lang='lat' dir='ltr'><strong>illam</strong></span> 
     </span>
    </p>
   </div>
   <div class='ocr_carea' id='block_1_112' title="bbox 370 5585 1940 5643">
    <p class='ocr_par' dir='ltr' id='par_1_112' title="bbox 370 5585 1940 5643">
     <span class='ocr_line' id='line_1_113' title="bbox 370 5585 1940 5643; baseline -0.004 0"><span class='ocrx_word' id='word_1_906' title='bbox 370 5585 675 5643; x_wconf 68' lang='lat' dir='ltr'><strong>niaximum</strong></span> <span class='ocrx_word' id='word_1_907' title='bbox 726 5587 868 5638; x_wconf 87' lang='lat' dir='ltr'><strong>inter</strong></span> <span class='ocrx_word' id='word_1_908' title='bbox 898 5586 1034 5639; x_wconf 86' lang='lat' dir='ltr'><strong>duos</strong></span> <span class='ocrx_word' id='word_1_909' title='bbox 1083 5587 1182 5638; x_wconf 88' lang='lat' dir='ltr'><strong>hos</strong></span> <span class='ocrx_word' id='word_1_910' title='bbox 1232 5585 1423 5640; x_wconf 86' lang='lat' dir='ltr'><strong>Patres</strong></span> <span class='ocrx_word' id='word_1_911' title='bbox 1471 5601 1592 5639; x_wconf 79' lang='lat' dir='ltr'><strong>esse</strong></span> <span class='ocrx_word' id='word_1_912' title='bbox 1636 5587 1940 5640; x_wconf 88' lang='lat' dir='ltr'><strong>consensio-</strong></span> 
     </span>
    </p>
   </div>
   <div class='ocr_carea' id='block_1_113' title="bbox 2041 5585 2337 5643">
    <p class='ocr_par' dir='ltr' id='par_1_113' title="bbox 2060 5591 2337 5643">
     <span class='ocr_line' id='line_1_114' title="bbox 2060 5591 2337 5643; baseline 0 0"><span class='ocrx_word' id='word_1_913' title='bbox 2060 5591 2337 5643; x_wconf 77' lang='lat' dir='ltr'><strong>disseruit.</strong></span> 
     </span>
    </p>
   </div>
   <div class='ocr_carea' id='block_1_114' title="bbox 370 5655 1949 5724">
    <p class='ocr_par' dir='ltr' id='par_1_114' title="bbox 370 5655 1949 5724">
     <span class='ocr_line' id='line_1_115' title="bbox 370 5655 1949 5724; baseline -0.003 -11"><span class='ocrx_word' id='word_1_914' title='bbox 370 5666 525 5723; x_wconf 73' lang='lat' dir='ltr'><strong>nem,</strong></span> <span class='ocrx_word' id='word_1_915' title='bbox 564 5672 747 5709; x_wconf 83' lang='lat' dir='ltr'><strong>verum</strong></span> <span class='ocrx_word' id='word_1_916' title='bbox 805 5655 965 5709; x_wconf 77' lang='lat' dir='ltr'><strong>etiam</strong></span> <span class='ocrx_word' id='word_1_917' title='bbox 1001 5657 1059 5709; x_wconf 78' lang='lat' dir='ltr'><strong>in</strong></span> <span class='ocrx_word' id='word_1_918' title='bbox 1099 5655 1281 5710; x_wconf 82' lang='lat' dir='ltr'><strong>multis</strong></span> <span class='ocrx_word' id='word_1_919' title='bbox 1307 5656 1449 5720; x_wconf 87' lang='lat' dir='ltr'><strong>aliis,</strong></span> <span class='ocrx_word' id='word_1_920' title='bbox 1480 5671 1541 5710; x_wconf 87' lang='lat' dir='ltr'><strong>ac</strong></span> <span class='ocrx_word' id='word_1_921' title='bbox 1591 5655 1857 5724; x_wconf 54' lang='lat' dir='ltr'><strong>praecipue</strong></span> <span class='ocrx_word' id='word_1_922' title='bbox 1899 5657 1949 5708; x_wconf 88' lang='lat' dir='ltr'><strong>iu</strong></span> 
     </span>
    </p>
   </div>
  </div>
