  <div class='ocr_page' id='page_1' title='image "/cluster/home/n/w/nwhite01/storage/ocr_20150623/76/mdp.39015013094878/113.png"; bbox 0 0 4014 6128; ppageno 0'>
   <div class='ocr_carea' id='block_1_1' title="bbox 382 218 479 271">
    <p class='ocr_par' dir='ltr' id='par_1_1' title="bbox 382 218 479 271">
     <span class='ocr_line' id='line_1_1' title="bbox 382 218 479 271; baseline 0 0"><span class='ocrx_word' id='word_1_1' title='bbox 382 218 479 271; x_wconf 73' lang='lat' dir='ltr'><strong>2H</strong></span> 
     </span>
    </p>
   </div>
   <div class='ocr_carea' id='block_1_2' title="bbox 1369 209 2604 278">
    <p class='ocr_par' dir='ltr' id='par_1_2' title="bbox 1369 209 2604 278">
     <span class='ocr_line' id='line_1_2' title="bbox 1369 209 2604 278; baseline 0.01 -13"><span class='ocrx_word' id='word_1_2' title='bbox 1369 211 1424 265; x_wconf 87' lang='lat' dir='ltr'><strong>S.</strong></span> <span class='ocrx_word' id='word_1_3' title='bbox 1469 209 1736 265; x_wconf 72' lang='lat' dir='ltr'><strong>CYllllJJ</strong></span> <span class='ocrx_word' id='word_1_4' title='bbox 1782 209 2243 268; x_wconf 78' lang='lat' dir='ltr'><strong>ALEXANDRINI</strong></span> <span class='ocrx_word' id='word_1_5' title='bbox 2287 219 2604 278; x_wconf 74' lang='lat' dir='ltr'><strong>ARCHIEP.</strong></span> 
     </span>
    </p>
   </div>
   <div class='ocr_carea' id='block_1_3' title="bbox 2535 142 2572 173">
    <p class='ocr_par' dir='ltr' id='par_1_3' title="bbox 2535 142 2572 173">
     <span class='ocr_line' id='line_1_3' title="bbox 2535 142 2572 173; baseline 0 0"><span class='ocrx_word' id='word_1_6' title='bbox 2535 142 2572 173; x_wconf 61' lang='grc' dir='ltr'><em>θ</em></span> 
     </span>
    </p>
   </div>
   <div class='ocr_carea' id='block_1_4' title="bbox 3524 212 3632 268">
    <p class='ocr_par' dir='ltr' id='par_1_4' title="bbox 3524 212 3632 268">
     <span class='ocr_line' id='line_1_4' title="bbox 3524 212 3632 268; baseline -0.019 0"><span class='ocrx_word' id='word_1_7' title='bbox 3524 212 3632 268; x_wconf 63' lang='grc' dir='ltr'><strong>ξιξ</strong></span> 
     </span>
    </p>
   </div>
   <div class='ocr_carea' id='block_1_5' title="bbox 384 330 1965 411">
    <p class='ocr_par' dir='ltr' id='par_1_5' title="bbox 384 330 1943 403">
     <span class='ocr_line' id='line_1_5' title="bbox 384 330 1943 403; baseline -0.003 -15"><span class='ocrx_word' id='word_1_8' title='bbox 384 350 481 403; x_wconf 92' lang='lat' dir='ltr'><strong>pro</strong></span> <span class='ocrx_word' id='word_1_9' title='bbox 532 334 781 388; x_wconf 89' lang='lat' dir='ltr'><strong>omnibus</strong></span> <span class='ocrx_word' id='word_1_10' title='bbox 813 333 996 388; x_wconf 87' lang='lat' dir='ltr'><strong>datum</strong></span> <span class='ocrx_word' id='word_1_11' title='bbox 1042 333 1297 397; x_wconf 85' lang='lat' dir='ltr'><strong>dicimus,</strong></span> <span class='ocrx_word' id='word_1_12' title='bbox 1345 341 1404 386; x_wconf 91' lang='lat' dir='ltr'><strong>ut</strong></span> <span class='ocrx_word' id='word_1_13' title='bbox 1461 335 1572 402; x_wconf 79' lang='lat' dir='ltr'><strong>ipse</strong></span> <span class='ocrx_word' id='word_1_14' title='bbox 1626 333 1782 402; x_wconf 86' lang='lat' dir='ltr'><strong>plane</strong></span> <span class='ocrx_word' id='word_1_15' title='bbox 1824 330 1943 384; x_wconf 78' lang='lat' dir='ltr'><strong>ait:</strong></span> 
     </span>
    </p>
   </div>
   <div class='ocr_carea' id='block_1_6' title="bbox 2068 330 3634 411">
    <p class='ocr_par' dir='ltr' id='par_1_6' title="bbox 2068 331 3634 411">
     <span class='ocr_line' id='line_1_6' title="bbox 2068 331 3634 411; baseline 0.008 -23"><span class='ocrx_word' id='word_1_16' title='bbox 2068 339 2216 392; x_wconf 86' lang='grc' dir='ltr'>ιύτοῦ</span> <span class='ocrx_word' id='word_1_17' title='bbox 2251 341 2381 405; x_wconf 83' lang='grc' dir='ltr'><strong>Θεὸς</strong></span> <span class='ocrx_word' id='word_1_18' title='bbox 2423 343 2615 411; x_wconf 81' lang='grc' dir='ltr'>Λόγος,</span> <span class='ocrx_word' id='word_1_19' title='bbox 2653 343 2746 394; x_wconf 73' lang='grc' dir='ltr'><strong>καὶ</strong></span> <span class='ocrx_word' id='word_1_20' title='bbox 2779 341 2866 393; x_wconf 76' lang='grc' dir='ltr'>ὅτε</span> <span class='ocrx_word' id='word_1_21' title='bbox 2911 338 3103 407; x_wconf 84' lang='grc' dir='ltr'>γέγονε</span> <span class='ocrx_word' id='word_1_22' title='bbox 3136 334 3291 404; x_wconf 77' lang='grc' dir='ltr'>σάρξι</span> <span class='ocrx_word' id='word_1_23' title='bbox 3331 331 3488 386; x_wconf 60' lang='grc' dir='ltr'><strong>Οὕτω</strong></span> <span class='ocrx_word' id='word_1_24' title='bbox 3521 331 3634 400; x_wconf 71' lang='grc' dir='ltr'><strong>γὰρ</strong></span> 
     </span>
    </p>
   </div>
   <div class='ocr_carea' id='block_1_7' title="bbox 389 423 1948 490">
    <p class='ocr_par' dir='ltr' id='par_1_7' title="bbox 389 423 1948 490">
     <span class='ocr_line' id='line_1_7' title="bbox 389 423 1948 490; baseline 0.002 -15"><span class='ocrx_word' id='word_1_25' title='bbox 389 445 406 475; x_wconf 73' lang='grc' dir='ltr'><strong>σ</strong></span> <span class='ocrx_word' id='word_1_26' title='bbox 443 425 534 489; x_wconf 86' lang='lat' dir='ltr'><strong>Sic</strong></span> <span class='ocrx_word' id='word_1_27' title='bbox 562 425 702 480; x_wconf 85' lang='lat' dir='ltr'><strong>Deus</strong></span> <span class='ocrx_word' id='word_1_28' title='bbox 735 425 922 481; x_wconf 81' lang='lat' dir='ltr'><strong>dilexit</strong></span> <span class='ocrx_word' id='word_1_29' title='bbox 950 426 1228 489; x_wconf 86' lang='lat' dir='ltr'><strong>mundum,</strong></span> <span class='ocrx_word' id='word_1_30' title='bbox 1260 432 1318 476; x_wconf 93' lang='lat' dir='ltr'><strong>ut</strong></span> <span class='ocrx_word' id='word_1_31' title='bbox 1344 423 1538 477; x_wconf 88' lang='lat' dir='ltr'><strong>Filium</strong></span> <span class='ocrx_word' id='word_1_32' title='bbox 1569 438 1723 476; x_wconf 90' lang='lat' dir='ltr'><strong>suum</strong></span> <span class='ocrx_word' id='word_1_33' title='bbox 1760 423 1948 490; x_wconf 83' lang='lat' dir='ltr'><strong>unige-</strong></span> 
     </span>
    </p>
   </div>
   <div class='ocr_carea' id='block_1_8' title="bbox 385 515 1949 586">
    <p class='ocr_par' dir='ltr' id='par_1_8' title="bbox 385 515 1949 586">
     <span class='ocr_line' id='line_1_8' title="bbox 385 515 1949 586; baseline 0 -18"><span class='ocrx_word' id='word_1_34' title='bbox 385 517 556 570; x_wconf 90' lang='lat' dir='ltr'><strong>nitum</strong></span> <span class='ocrx_word' id='word_1_35' title='bbox 609 517 784 581; x_wconf 89' lang='lat' dir='ltr'><strong>daret,</strong></span> <span class='ocrx_word' id='word_1_36' title='bbox 827 526 881 570; x_wconf 89' lang='lat' dir='ltr'><strong>ut</strong></span> <span class='ocrx_word' id='word_1_37' title='bbox 933 519 1110 586; x_wconf 86' lang='lat' dir='ltr'><strong>omnis</strong></span> <span class='ocrx_word' id='word_1_38' title='bbox 1147 517 1235 586; x_wconf 88' lang='lat' dir='ltr'><strong>qui</strong></span> <span class='ocrx_word' id='word_1_39' title='bbox 1285 517 1460 570; x_wconf 88' lang='lat' dir='ltr'><strong>credit</strong></span> <span class='ocrx_word' id='word_1_40' title='bbox 1503 515 1554 568; x_wconf 94' lang='lat' dir='ltr'><strong>in</strong></span> <span class='ocrx_word' id='word_1_41' title='bbox 1601 515 1797 582; x_wconf 89' lang='lat' dir='ltr'><strong>ipsum,</strong></span> <span class='ocrx_word' id='word_1_42' title='bbox 1845 529 1949 568; x_wconf 89' lang='lat' dir='ltr'><strong>non</strong></span> 
     </span>
    </p>
   </div>
   <div class='ocr_carea' id='block_1_9' title="bbox 384 585 1953 675">
    <p class='ocr_par' dir='ltr' id='par_1_9' title="bbox 384 585 1953 675">
     <span class='ocr_line' id='line_1_9' title="bbox 384 585 1953 675; baseline 0 -15"><span class='ocrx_word' id='word_1_43' title='bbox 384 617 593 674; x_wconf 91' lang='lat' dir='ltr'><strong>pereat,</strong></span> <span class='ocrx_word' id='word_1_44' title='bbox 635 608 726 662; x_wconf 91' lang='lat' dir='ltr'><strong>sed</strong></span> <span class='ocrx_word' id='word_1_45' title='bbox 769 607 966 662; x_wconf 85' lang='lat' dir='ltr'><strong>habeat</strong></span> <span class='ocrx_word' id='word_1_46' title='bbox 998 585 1444 662; x_wconf 17' lang='lat' dir='ltr'><strong>vitamiazternam</strong></span> <span class='ocrx_word' id='word_1_47' title='bbox 1471 606 1535 658; x_wconf 84' lang='grc'><strong>³¹.</strong></span> <span class='ocrx_word' id='word_1_48' title='bbox 1568 623 1588 657; x_wconf 71' lang='grc' dir='ltr'><strong>ι</strong></span> <span class='ocrx_word' id='word_1_49' title='bbox 1633 604 1953 675; x_wconf 84' lang='lat' dir='ltr'><strong>Unigenitus</strong></span> 
     </span>
    </p>
   </div>
   <div class='ocr_carea' id='block_1_10' title="bbox 386 696 1953 770">
    <p class='ocr_par' dir='ltr' id='par_1_10' title="bbox 386 696 1953 770">
     <span class='ocr_line' id='line_1_10' title="bbox 386 696 1953 770; baseline -0.001 -19"><span class='ocrx_word' id='word_1_50' title='bbox 386 707 468 752; x_wconf 88' lang='lat' dir='ltr'><strong>est</strong></span> <span class='ocrx_word' id='word_1_51' title='bbox 506 715 633 770; x_wconf 84' lang='lat' dir='ltr'><strong>ergo</strong></span> <span class='ocrx_word' id='word_1_52' title='bbox 666 699 757 754; x_wconf 90' lang='lat' dir='ltr'><strong>ille</strong></span> <span class='ocrx_word' id='word_1_53' title='bbox 785 701 942 755; x_wconf 89' lang='lat' dir='ltr'><strong>datus</strong></span> <span class='ocrx_word' id='word_1_54' title='bbox 978 719 990 753; x_wconf 92' lang='lat'>:</span> <span class='ocrx_word' id='word_1_55' title='bbox 1025 715 1144 753; x_wconf 88' lang='lat' dir='ltr'><strong>nam</strong></span> <span class='ocrx_word' id='word_1_56' title='bbox 1179 699 1351 753; x_wconf 88' lang='lat' dir='ltr'><strong>solum</strong></span> <span class='ocrx_word' id='word_1_57' title='bbox 1381 707 1465 754; x_wconf 86' lang='lat' dir='ltr'><strong>est</strong></span> <span class='ocrx_word' id='word_1_58' title='bbox 1504 713 1567 753; x_wconf 84' lang='lat' dir='ltr'><strong>ex</strong></span> <span class='ocrx_word' id='word_1_59' title='bbox 1620 697 1712 752; x_wconf 86' lang='lat' dir='ltr'><strong>Dei</strong></span> <span class='ocrx_word' id='word_1_60' title='bbox 1748 696 1953 751; x_wconf 88' lang='lat' dir='ltr'><strong>Patris-</strong></span> 
     </span>
    </p>
   </div>
   <div class='ocr_carea' id='block_1_11' title="bbox 387 781 1951 858">
    <p class='ocr_par' dir='ltr' id='par_1_11' title="bbox 387 781 1951 858">
     <span class='ocr_line' id='line_1_11' title="bbox 387 781 1951 858; baseline -0.001 -16"><span class='ocrx_word' id='word_1_61' title='bbox 387 804 492 858; x_wconf 88' lang='lat' dir='ltr'><strong>que</strong></span> <span class='ocrx_word' id='word_1_62' title='bbox 520 798 701 843; x_wconf 90' lang='lat' dir='ltr'><strong>natum</strong></span> <span class='ocrx_word' id='word_1_63' title='bbox 750 791 986 845; x_wconf 73' lang='lat' dir='ltr'><strong>essentia</strong></span> <span class='ocrx_word' id='word_1_64' title='bbox 1020 789 1147 843; x_wconf 91' lang='lat' dir='ltr'><strong>illud</strong></span> <span class='ocrx_word' id='word_1_65' title='bbox 1181 805 1244 843; x_wconf 86' lang='lat' dir='ltr'><strong>ex</strong></span> <span class='ocrx_word' id='word_1_66' title='bbox 1274 806 1338 844; x_wconf 91' lang='lat' dir='ltr'><strong>eo</strong></span> <span class='ocrx_word' id='word_1_67' title='bbox 1371 781 1428 843; x_wconf 85' lang='lat' dir='ltr'><strong>et</strong></span> <span class='ocrx_word' id='word_1_68' title='bbox 1477 789 1528 842; x_wconf 91' lang='lat' dir='ltr'><strong>in</strong></span> <span class='ocrx_word' id='word_1_69' title='bbox 1578 801 1644 843; x_wconf 90' lang='lat' dir='ltr'><strong>eo</strong></span> <span class='ocrx_word' id='word_1_70' title='bbox 1691 789 1951 844; x_wconf 78' lang='lat' dir='ltr'><strong>Verbum.</strong></span> 
     </span>
    </p>
   </div>
   <div class='ocr_carea' id='block_1_12' title="bbox 390 879 1952 950">
    <p class='ocr_par' dir='ltr' id='par_1_12' title="bbox 390 879 1952 950">
     <span class='ocr_line' id='line_1_12' title="bbox 390 879 1952 950; baseline -0.002 -17"><span class='ocrx_word' id='word_1_71' title='bbox 390 879 497 935; x_wconf 89' lang='lat' dir='ltr'><strong>Sed</strong></span> <span class='ocrx_word' id='word_1_72' title='bbox 529 882 650 950; x_wconf 86' lang='lat' dir='ltr'><strong>quia</strong></span> <span class='ocrx_word' id='word_1_73' title='bbox 689 880 889 935; x_wconf 76' lang='lat' dir='ltr'><strong>factum</strong></span> <span class='ocrx_word' id='word_1_74' title='bbox 942 889 1024 936; x_wconf 92' lang='lat' dir='ltr'><strong>est</strong></span> <span class='ocrx_word' id='word_1_75' title='bbox 1067 883 1250 946; x_wconf 91' lang='lat' dir='ltr'><strong>homo,</strong></span> <span class='ocrx_word' id='word_1_76' title='bbox 1301 896 1365 937; x_wconf 87' lang='lat' dir='ltr'><strong>ea</strong></span> <span class='ocrx_word' id='word_1_77' title='bbox 1419 881 1486 936; x_wconf 90' lang='lat' dir='ltr'><strong>de</strong></span> <span class='ocrx_word' id='word_1_78' title='bbox 1540 895 1701 936; x_wconf 86' lang='lat' dir='ltr'><strong>causa</strong></span> <span class='ocrx_word' id='word_1_79' title='bbox 1750 881 1802 934; x_wconf 88' lang='lat' dir='ltr'><strong>in</strong></span> <span class='ocrx_word' id='word_1_80' title='bbox 1831 895 1952 934; x_wconf 88' lang='lat' dir='ltr'><strong>eum</strong></span> 
     </span>
    </p>
   </div>
   <div class='ocr_carea' id='block_1_13' title="bbox 388 954 1952 1034">
    <p class='ocr_par' dir='ltr' id='par_1_13' title="bbox 388 954 1952 1034">
     <span class='ocr_line' id='line_1_13' title="bbox 388 954 1952 1034; baseline -0.001 -8"><span class='ocrx_word' id='word_1_81' title='bbox 388 954 683 1034; x_wconf 79' lang='lat' dir='ltr'><strong>credimus,</strong></span> <span class='ocrx_word' id='word_1_82' title='bbox 707 971 850 1027; x_wconf 91' lang='lat' dir='ltr'><strong>illius</strong></span> <span class='ocrx_word' id='word_1_83' title='bbox 877 973 1170 1028; x_wconf 87' lang='lat' dir='ltr'><strong>secundum</strong></span> <span class='ocrx_word' id='word_1_84' title='bbox 1222 989 1440 1028; x_wconf 88' lang='lat' dir='ltr'><strong>carnem</strong></span> <span class='ocrx_word' id='word_1_85' title='bbox 1489 973 1692 1027; x_wconf 90' lang='lat' dir='ltr'><strong>obitam</strong></span> <span class='ocrx_word' id='word_1_86' title='bbox 1726 982 1952 1027; x_wconf 90' lang='lat' dir='ltr'><strong>mortem</strong></span> 
     </span>
    </p>
   </div>
   <div class='ocr_carea' id='block_1_14' title="bbox 389 1063 1952 1130">
    <p class='ocr_par' dir='ltr' id='par_1_14' title="bbox 389 1063 1952 1130">
     <span class='ocr_line' id='line_1_14' title="bbox 389 1063 1952 1130; baseline 0.003 -16"><span class='ocrx_word' id='word_1_87' title='bbox 389 1063 800 1126; x_wconf 84' lang='lat' dir='ltr'><strong>annuntiautes,</strong></span> <span class='ocrx_word' id='word_1_88' title='bbox 822 1073 877 1118; x_wconf 91' lang='lat' dir='ltr'><strong>et</strong></span> <span class='ocrx_word' id='word_1_89' title='bbox 913 1065 1070 1118; x_wconf 89' lang='lat' dir='ltr'><strong>simul</strong></span> <span class='ocrx_word' id='word_1_90' title='bbox 1105 1066 1556 1120; x_wconf 79' lang='lat' dir='ltr'><strong>resurrectionem</strong></span> <span class='ocrx_word' id='word_1_91' title='bbox 1584 1064 1902 1120; x_wconf 82' lang='lat' dir='ltr'><strong>conﬁtentes</strong></span> <span class='ocrx_word' id='word_1_92' title='bbox 1937 1081 1952 1130; x_wconf 90' lang='lat'>;</span> 
     </span>
    </p>
   </div>
   <div class='ocr_carea' id='block_1_15' title="bbox 389 1153 1956 1222">
    <p class='ocr_par' dir='ltr' id='par_1_15' title="bbox 389 1153 1956 1222">
     <span class='ocr_line' id='line_1_15' title="bbox 389 1153 1956 1222; baseline 0.001 -14"><span class='ocrx_word' id='word_1_93' title='bbox 389 1153 635 1208; x_wconf 90' lang='lat' dir='ltr'><strong>eumdem</strong></span> <span class='ocrx_word' id='word_1_94' title='bbox 685 1155 918 1210; x_wconf 88' lang='lat' dir='ltr'><strong>scientes</strong></span> <span class='ocrx_word' id='word_1_95' title='bbox 950 1165 1001 1210; x_wconf 94' lang='lat' dir='ltr'><strong>et</strong></span> <span class='ocrx_word' id='word_1_96' title='bbox 1049 1165 1176 1211; x_wconf 90' lang='lat' dir='ltr'><strong>ante</strong></span> <span class='ocrx_word' id='word_1_97' title='bbox 1225 1156 1420 1210; x_wconf 62' lang='lat' dir='ltr'><strong>saecula</strong></span> <span class='ocrx_word' id='word_1_98' title='bbox 1451 1154 1956 1222; x_wconf 81' lang='lat' dir='ltr'><strong>Filium,etextre-</strong></span> 
     </span>
    </p>
   </div>
   <div class='ocr_carea' id='block_1_16' title="bbox 389 1244 1958 1316">
    <p class='ocr_par' dir='ltr' id='par_1_16' title="bbox 389 1244 1958 1316">
     <span class='ocr_line' id='line_1_16' title="bbox 389 1244 1958 1316; baseline 0.002 -19"><span class='ocrx_word' id='word_1_99' title='bbox 389 1244 492 1299; x_wconf 89' lang='lat' dir='ltr'><strong>mis</strong></span> <span class='ocrx_word' id='word_1_100' title='bbox 523 1246 856 1314; x_wconf 85' lang='lat' dir='ltr'><strong>temporibus</strong></span> <span class='ocrx_word' id='word_1_101' title='bbox 891 1247 1286 1315; x_wconf 86' lang='lat' dir='ltr'><strong>dispensatorie</strong></span> <span class='ocrx_word' id='word_1_102' title='bbox 1321 1247 1958 1316; x_wconf 89' lang='lat' dir='ltr'><strong>hominem,passumque</strong></span> 
     </span>
    </p>
   </div>
   <div class='ocr_carea' id='block_1_17' title="bbox 388 1338 1954 1405">
    <p class='ocr_par' dir='ltr' id='par_1_17' title="bbox 388 1338 1954 1405">
     <span class='ocr_line' id='line_1_17' title="bbox 388 1338 1954 1405; baseline 0.006 -19"><span class='ocrx_word' id='word_1_103' title='bbox 388 1345 608 1405; x_wconf 87' lang='lat' dir='ltr'><strong>propter</strong></span> <span class='ocrx_word' id='word_1_104' title='bbox 634 1351 731 1392; x_wconf 92' lang='lat' dir='ltr'><strong>nos</strong></span> <span class='ocrx_word' id='word_1_105' title='bbox 769 1348 993 1393; x_wconf 87' lang='lat' dir='ltr'><strong>mortem</strong></span> <span class='ocrx_word' id='word_1_106' title='bbox 1030 1354 1212 1405; x_wconf 88' lang='lat' dir='ltr'><strong>carne,</strong></span> <span class='ocrx_word' id='word_1_107' title='bbox 1241 1350 1296 1394; x_wconf 90' lang='lat' dir='ltr'><strong>et</strong></span> <span class='ocrx_word' id='word_1_108' title='bbox 1325 1340 1616 1394; x_wconf 78' lang='lat' dir='ltr'><strong>excitatum</strong></span> <span class='ocrx_word' id='word_1_109' title='bbox 1643 1353 1672 1391; x_wconf 88' lang='lat' dir='ltr'><strong>a</strong></span> <span class='ocrx_word' id='word_1_110' title='bbox 1704 1338 1954 1396; x_wconf 90' lang='lat' dir='ltr'><strong>mortuis.</strong></span> 
     </span>
    </p>
   </div>
   <div class='ocr_carea' id='block_1_18' title="bbox 392 1425 1958 1500">
    <p class='ocr_par' dir='ltr' id='par_1_18' title="bbox 392 1425 1958 1500">
     <span class='ocr_line' id='line_1_18' title="bbox 392 1425 1958 1500; baseline 0.002 -19"><span class='ocrx_word' id='word_1_111' title='bbox 392 1425 496 1483; x_wconf 88' lang='lat' dir='ltr'><strong>Sed</strong></span> <span class='ocrx_word' id='word_1_112' title='bbox 546 1429 730 1485; x_wconf 88' lang='lat' dir='ltr'><strong>nescio</strong></span> <span class='ocrx_word' id='word_1_113' title='bbox 753 1433 1021 1499; x_wconf 90' lang='lat' dir='ltr'><strong>quomodo</strong></span> <span class='ocrx_word' id='word_1_114' title='bbox 1053 1432 1140 1486; x_wconf 85' lang='lat' dir='ltr'><strong>hic</strong></span> <span class='ocrx_word' id='word_1_115' title='bbox 1174 1430 1481 1486; x_wconf 71' lang='lat' dir='ltr'><strong>Judaaorum</strong></span> <span class='ocrx_word' id='word_1_116' title='bbox 1512 1431 1752 1486; x_wconf 71' lang='lat' dir='ltr'><strong>stultitia:</strong></span> <span class='ocrx_word' id='word_1_117' title='bbox 1778 1440 1958 1500; x_wconf 88' lang='lat' dir='ltr'><strong>patro-</strong></span> 
     </span>
    </p>
   </div>
   <div class='ocr_carea' id='block_1_19' title="bbox 389 1521 1956 1595">
    <p class='ocr_par' dir='ltr' id='par_1_19' title="bbox 389 1521 1956 1595">
     <span class='ocr_line' id='line_1_19' title="bbox 389 1521 1956 1595; baseline 0.003 -23"><span class='ocrx_word' id='word_1_118' title='bbox 389 1533 492 1574; x_wconf 86' lang='lat' dir='ltr'><strong>nus</strong></span> <span class='ocrx_word' id='word_1_119' title='bbox 522 1521 722 1577; x_wconf 88' lang='lat' dir='ltr'><strong>nostris</strong></span> <span class='ocrx_word' id='word_1_120' title='bbox 761 1523 942 1579; x_wconf 84' lang='lat' dir='ltr'><strong>verbis</strong></span> <span class='ocrx_word' id='word_1_121' title='bbox 986 1524 1333 1595; x_wconf 81' lang='lat' dir='ltr'><strong>indignatur;</strong></span> <span class='ocrx_word' id='word_1_122' title='bbox 1371 1539 1496 1578; x_wconf 91' lang='lat' dir='ltr'><strong>nam</strong></span> <span class='ocrx_word' id='word_1_123' title='bbox 1531 1537 1742 1578; x_wconf 88' lang='lat' dir='ltr'><strong>rursum</strong></span> <span class='ocrx_word' id='word_1_124' title='bbox 1785 1522 1956 1577; x_wconf 78' lang='lat' dir='ltr'><strong>dixit:</strong></span> 
     </span>
    </p>
   </div>
   <div class='ocr_carea' id='block_1_20' title="bbox 461 1783 1962 1858">
    <p class='ocr_par' dir='ltr' id='par_1_20' title="bbox 461 1783 1962 1858">
     <span class='ocr_line' id='line_1_20' title="bbox 461 1783 1962 1858; baseline 0.003 -21"><span class='ocrx_word' id='word_1_125' title='bbox 461 1783 698 1841; x_wconf 65' lang='lat' dir='ltr'><strong>Nesa‘on.</strong></span> <span class='ocrx_word' id='word_1_126' title='bbox 729 1786 904 1858; x_wconf 73' lang='lat' dir='ltr'><strong>[Quod</strong></span> <span class='ocrx_word' id='word_1_127' title='bbox 943 1788 994 1841; x_wconf 92' lang='lat' dir='ltr'><strong>in</strong></span> <span class='ocrx_word' id='word_1_128' title='bbox 1043 1788 1323 1844; x_wconf 88' lang='lat' dir='ltr'><strong>nativitate</strong></span> <span class='ocrx_word' id='word_1_129' title='bbox 1364 1802 1427 1842; x_wconf 79' lang='lat' dir='ltr'><strong>ex</strong></span> <span class='ocrx_word' id='word_1_130' title='bbox 1459 1787 1658 1843; x_wconf 86' lang='lat' dir='ltr'><strong>Christi</strong></span> <span class='ocrx_word' id='word_1_131' title='bbox 1700 1787 1962 1857; x_wconf 75' lang='lat' dir='ltr'><strong>genitrice</strong></span> 
     </span>
    </p>
   </div>
   <div class='ocr_carea' id='block_1_21' title="bbox 393 1874 1960 1949">
    <p class='ocr_par' dir='ltr' id='par_1_21' title="bbox 393 1874 1960 1949">
     <span class='ocr_line' id='line_1_21' title="bbox 393 1874 1960 1949; baseline 0.003 -22"><span class='ocrx_word' id='word_1_132' title='bbox 393 1874 614 1944; x_wconf 76' lang='lat' dir='ltr'><strong>Virgine</strong></span> <span class='ocrx_word' id='word_1_133' title='bbox 646 1877 828 1931; x_wconf 89' lang='lat' dir='ltr'><strong>divina</strong></span> <span class='ocrx_word' id='word_1_134' title='bbox 859 1878 1139 1945; x_wconf 87' lang='lat' dir='ltr'><strong>Scriptura</strong></span> <span class='ocrx_word' id='word_1_135' title='bbox 1169 1889 1334 1949; x_wconf 84' lang='lat' dir='ltr'><strong>ponat</strong></span> <span class='ocrx_word' id='word_1_136' title='bbox 1365 1878 1486 1932; x_wconf 86' lang='lat' dir='ltr'><strong>Filii</strong></span> <span class='ocrx_word' id='word_1_137' title='bbox 1529 1893 1746 1942; x_wconf 90' lang='lat' dir='ltr'><strong>nomen,</strong></span> <span class='ocrx_word' id='word_1_138' title='bbox 1779 1876 1960 1932; x_wconf 86' lang='lat' dir='ltr'><strong>decla-</strong></span> 
     </span>
    </p>
   </div>
   <div class='ocr_carea' id='block_1_22' title="bbox 392 1965 1962 2037">
    <p class='ocr_par' dir='ltr' id='par_1_22' title="bbox 392 1965 1962 2037">
     <span class='ocr_line' id='line_1_22' title="bbox 392 1965 1962 2037; baseline 0.001 -19"><span class='ocrx_word' id='word_1_139' title='bbox 392 1965 651 2020; x_wconf 84' lang='lat' dir='ltr'><strong>ravimus.</strong></span> <span class='ocrx_word' id='word_1_140' title='bbox 679 1967 816 2021; x_wconf 87' lang='lat' dir='ltr'><strong>Audi</strong></span> <span class='ocrx_word' id='word_1_141' title='bbox 843 1967 976 2037; x_wconf 87' lang='lat' dir='ltr'><strong>jam,</strong></span> <span class='ocrx_word' id='word_1_142' title='bbox 1011 1970 1137 2023; x_wconf 90' lang='lat' dir='ltr'><strong>etin</strong></span> <span class='ocrx_word' id='word_1_143' title='bbox 1179 1979 1374 2036; x_wconf 87' lang='lat' dir='ltr'><strong>morte,</strong></span> <span class='ocrx_word' id='word_1_144' title='bbox 1414 1969 1583 2023; x_wconf 89' lang='lat' dir='ltr'><strong>sicubi</strong></span> <span class='ocrx_word' id='word_1_145' title='bbox 1622 1969 1834 2022; x_wconf 88' lang='lat' dir='ltr'><strong>tandem</strong></span> <span class='ocrx_word' id='word_1_146' title='bbox 1872 1968 1962 2022; x_wconf 88' lang='lat' dir='ltr'><strong>Dei</strong></span> 
     </span>
    </p>
   </div>
   <div class='ocr_carea' id='block_1_23' title="bbox 393 2057 1962 2126">
    <p class='ocr_par' dir='ltr' id='par_1_23' title="bbox 393 2057 1962 2126">
     <span class='ocr_line' id='line_1_23' title="bbox 393 2057 1962 2126; baseline 0.003 -18"><span class='ocrx_word' id='word_1_147' title='bbox 393 2069 590 2109; x_wconf 87' lang='lat' dir='ltr'><strong>nomen</strong></span> <span class='ocrx_word' id='word_1_148' title='bbox 614 2064 695 2110; x_wconf 93' lang='lat' dir='ltr'><strong>est</strong></span> <span class='ocrx_word' id='word_1_149' title='bbox 719 2057 972 2125; x_wconf 87' lang='lat' dir='ltr'><strong>positum,</strong></span> <span class='ocrx_word' id='word_1_150' title='bbox 1003 2065 1057 2110; x_wconf 87' lang='lat' dir='ltr'><strong>ut</strong></span> <span class='ocrx_word' id='word_1_151' title='bbox 1085 2058 1390 2126; x_wconf 88' lang='lat' dir='ltr'><strong>passibilem</strong></span> <span class='ocrx_word' id='word_1_152' title='bbox 1415 2058 1579 2111; x_wconf 90' lang='lat' dir='ltr'><strong>Deum</strong></span> <span class='ocrx_word' id='word_1_153' title='bbox 1604 2057 1921 2112; x_wconf 88' lang='lat' dir='ltr'><strong>inducamus</strong></span> <span class='ocrx_word' id='word_1_154' title='bbox 1947 2073 1962 2111; x_wconf 86' lang='lat'><strong>;</strong></span> 
     </span>
    </p>
   </div>
   <div class='ocr_carea' id='block_1_24' title="bbox 400 2143 1964 2218">
    <p class='ocr_par' dir='ltr' id='par_1_24' title="bbox 400 2143 1964 2218">
     <span class='ocr_line' id='line_1_24' title="bbox 400 2143 1964 2218; baseline 0.003 -20"><span class='ocrx_word' id='word_1_155' title='bbox 400 2163 418 2198; x_wconf 80' lang='grc' dir='ltr'>ι</span> <span class='ocrx_word' id='word_1_156' title='bbox 455 2143 588 2200; x_wconf 89' lang='lat' dir='ltr'><strong>Cum</strong></span> <span class='ocrx_word' id='word_1_157' title='bbox 628 2145 830 2201; x_wconf 89' lang='lat' dir='ltr'><strong>inimici</strong></span> <span class='ocrx_word' id='word_1_158' title='bbox 861 2161 1123 2212; x_wconf 89' lang='lat' dir='ltr'><strong>essemus,</strong></span> <span class='ocrx_word' id='word_1_159' title='bbox 1169 2148 1360 2218; x_wconf 80' lang='lat' dir='ltr'><strong>inquit,</strong></span> <span class='ocrx_word' id='word_1_160' title='bbox 1401 2147 1736 2202; x_wconf 78' lang='lat' dir='ltr'><strong>reconciliati</strong></span> <span class='ocrx_word' id='word_1_161' title='bbox 1777 2162 1964 2204; x_wconf 89' lang='lat' dir='ltr'><strong>sumus</strong></span> 
     </span>
    </p>
   </div>
   <div class='ocr_carea' id='block_1_25' title="bbox 394 2235 1966 2311">
    <p class='ocr_par' dir='ltr' id='par_1_25' title="bbox 394 2235 1966 2311">
     <span class='ocr_line' id='line_1_25' title="bbox 394 2235 1966 2311; baseline 0.004 -21"><span class='ocrx_word' id='word_1_162' title='bbox 394 2235 505 2290; x_wconf 87' lang='lat' dir='ltr'><strong>Deo</strong></span> <span class='ocrx_word' id='word_1_163' title='bbox 530 2251 626 2306; x_wconf 87' lang='lat' dir='ltr'><strong>per</strong></span> <span class='ocrx_word' id='word_1_164' title='bbox 656 2247 882 2297; x_wconf 83' lang='lat' dir='ltr'><strong>mortem</strong></span> <span class='ocrx_word' id='word_1_165' title='bbox 910 2238 1031 2294; x_wconf 84' lang='lat' dir='ltr'><strong>Filii</strong></span> <span class='ocrx_word' id='word_1_166' title='bbox 1054 2239 1169 2308; x_wconf 89' lang='lat' dir='ltr'><strong>ejus</strong></span> <span class='ocrx_word' id='word_1_167' title='bbox 1190 2240 1254 2293; x_wconf 74' lang='grc'><strong>³³.</strong></span> <span class='ocrx_word' id='word_1_168' title='bbox 1296 2258 1314 2293; x_wconf 77' lang='grc' dir='ltr'><strong>ι</strong></span> <span class='ocrx_word' id='word_1_169' title='bbox 1351 2239 1467 2295; x_wconf 84' lang='grc' dir='ltr'>Νοη</span> <span class='ocrx_word' id='word_1_170' title='bbox 1510 2240 1665 2306; x_wconf 85' lang='lat' dir='ltr'><strong>dixit,</strong></span> <span class='ocrx_word' id='word_1_171' title='bbox 1699 2256 1795 2311; x_wconf 92' lang='lat' dir='ltr'><strong>per</strong></span> <span class='ocrx_word' id='word_1_172' title='bbox 1822 2256 1966 2296; x_wconf 90' lang='lat' dir='ltr'><strong>mor-</strong></span> 
     </span>
    </p>
   </div>
   <div class='ocr_carea' id='block_1_26' title="bbox 395 2327 865 2401">
    <p class='ocr_par' dir='ltr' id='par_1_26' title="bbox 395 2327 865 2401">
     <span class='ocr_line' id='line_1_26' title="bbox 395 2327 865 2401; baseline 0.006 -21"><span class='ocrx_word' id='word_1_173' title='bbox 395 2336 501 2381; x_wconf 87' lang='lat' dir='ltr'><strong>tem</strong></span> <span class='ocrx_word' id='word_1_174' title='bbox 533 2327 624 2383; x_wconf 91' lang='lat' dir='ltr'><strong>Dei</strong></span> <span class='ocrx_word' id='word_1_175' title='bbox 657 2327 865 2401; x_wconf 82' lang='lat' dir='ltr'><strong>Verbi.]</strong></span> 
     </span>
    </p>
   </div>
   <div class='ocr_carea' id='block_1_27' title="bbox 1061 2469 1296 2526">
    <p class='ocr_par' dir='ltr' id='par_1_27' title="bbox 1061 2469 1296 2526">
     <span class='ocr_line' id='line_1_27' title="bbox 1061 2469 1296 2526; baseline -0.013 0"><span class='ocrx_word' id='word_1_176' title='bbox 1061 2469 1213 2526; x_wconf 82' lang='lat' dir='ltr'><strong>CAP.</strong></span> <span class='ocrx_word' id='word_1_177' title='bbox 1257 2471 1296 2523; x_wconf 94' lang='grc' dir='ltr'><strong>Ι.</strong></span> 
     </span>
    </p>
   </div>
   <div class='ocr_carea' id='block_1_28' title="bbox 469 2577 1963 2650">
    <p class='ocr_par' dir='ltr' id='par_1_28' title="bbox 469 2577 1963 2650">
     <span class='ocr_line' id='line_1_28' title="bbox 469 2577 1963 2650; baseline 0.003 -20"><span class='ocrx_word' id='word_1_178' title='bbox 469 2577 666 2632; x_wconf 74' lang='lat' dir='ltr'><strong>Verum</strong></span> <span class='ocrx_word' id='word_1_179' title='bbox 693 2594 826 2634; x_wconf 90' lang='lat' dir='ltr'><strong>sane</strong></span> <span class='ocrx_word' id='word_1_180' title='bbox 862 2579 1118 2650; x_wconf 89' lang='lat' dir='ltr'><strong>scriptum</strong></span> <span class='ocrx_word' id='word_1_181' title='bbox 1158 2580 1288 2636; x_wconf 91' lang='lat' dir='ltr'><strong>illud</strong></span> <span class='ocrx_word' id='word_1_182' title='bbox 1315 2587 1435 2635; x_wconf 89' lang='lat' dir='ltr'><strong>est:</strong></span> <span class='ocrx_word' id='word_1_183' title='bbox 1470 2598 1487 2631; x_wconf 78' lang='grc' dir='ltr'><strong>ι</strong></span> <span class='ocrx_word' id='word_1_184' title='bbox 1529 2579 1714 2635; x_wconf 84' lang='lat' dir='ltr'><strong>Justus</strong></span> <span class='ocrx_word' id='word_1_185' title='bbox 1745 2581 1884 2650; x_wconf 88' lang='lat' dir='ltr'><strong>perit</strong></span> <span class='ocrx_word' id='word_1_186' title='bbox 1911 2580 1963 2635; x_wconf 93' lang='lat' dir='ltr'><strong>in</strong></span> 
     </span>
    </p>
   </div>
   <div class='ocr_carea' id='block_1_29' title="bbox 393 2669 1969 2740">
    <p class='ocr_par' dir='ltr' id='par_1_29' title="bbox 393 2669 1969 2740">
     <span class='ocr_line' id='line_1_29' title="bbox 393 2669 1969 2740; baseline 0 -16"><span class='ocrx_word' id='word_1_187' title='bbox 393 2669 599 2736; x_wconf 71' lang='lat' dir='ltr'><strong>iustitia</strong></span> <span class='ocrx_word' id='word_1_188' title='bbox 627 2685 722 2725; x_wconf 87' lang='lat' dir='ltr'><strong>sua</strong></span> <span class='ocrx_word' id='word_1_189' title='bbox 746 2671 810 2724; x_wconf 88' lang='grc'><strong>³³.</strong></span> <span class='ocrx_word' id='word_1_190' title='bbox 849 2687 868 2721; x_wconf 84' lang='grc'><strong>›</strong></span> <span class='ocrx_word' id='word_1_191' title='bbox 908 2669 1040 2724; x_wconf 82' lang='lat' dir='ltr'><strong>Nam</strong></span> <span class='ocrx_word' id='word_1_192' title='bbox 1070 2670 1230 2724; x_wconf 84' lang='lat' dir='ltr'><strong>etiam</strong></span> <span class='ocrx_word' id='word_1_193' title='bbox 1267 2672 1480 2724; x_wconf 88' lang='lat' dir='ltr'><strong>lirmum</strong></span> <span class='ocrx_word' id='word_1_194' title='bbox 1509 2671 1829 2740; x_wconf 89' lang='lat' dir='ltr'><strong>quandoque</strong></span> <span class='ocrx_word' id='word_1_195' title='bbox 1859 2669 1969 2724; x_wconf 87' lang='lat' dir='ltr'><strong>ani-</strong></span> 
     </span>
    </p>
   </div>
   <div class='ocr_carea' id='block_1_30' title="bbox 398 2761 1968 2831">
    <p class='ocr_par' dir='ltr' id='par_1_30' title="bbox 398 2761 1968 2831">
     <span class='ocr_line' id='line_1_30' title="bbox 398 2761 1968 2831; baseline 0.002 -17"><span class='ocrx_word' id='word_1_196' title='bbox 398 2777 569 2828; x_wconf 88' lang='lat' dir='ltr'><strong>mum,</strong></span> <span class='ocrx_word' id='word_1_197' title='bbox 605 2762 672 2815; x_wconf 92' lang='lat' dir='ltr'><strong>ab</strong></span> <span class='ocrx_word' id='word_1_198' title='bbox 707 2776 770 2816; x_wconf 90' lang='lat' dir='ltr'><strong>eo</strong></span> <span class='ocrx_word' id='word_1_199' title='bbox 798 2763 940 2831; x_wconf 89' lang='lat' dir='ltr'><strong>quod</strong></span> <span class='ocrx_word' id='word_1_200' title='bbox 969 2776 1178 2831; x_wconf 73' lang='lat' dir='ltr'><strong>:equum</strong></span> <span class='ocrx_word' id='word_1_201' title='bbox 1214 2771 1316 2827; x_wconf 90' lang='lat' dir='ltr'><strong>est,</strong></span> <span class='ocrx_word' id='word_1_202' title='bbox 1350 2761 1545 2816; x_wconf 82' lang='lat' dir='ltr'><strong>avertit</strong></span> <span class='ocrx_word' id='word_1_203' title='bbox 1580 2763 1742 2817; x_wconf 87' lang='lat' dir='ltr'><strong>homo</strong></span> <span class='ocrx_word' id='word_1_204' title='bbox 1775 2763 1839 2816; x_wconf 86' lang='lat' dir='ltr'><strong>ad</strong></span> <span class='ocrx_word' id='word_1_205' title='bbox 1872 2776 1968 2817; x_wconf 89' lang='lat' dir='ltr'><strong>uo-</strong></span> 
     </span>
    </p>
   </div>
   <div class='ocr_carea' id='block_1_31' title="bbox 397 2853 1967 2927">
    <p class='ocr_par' dir='ltr' id='par_1_31' title="bbox 397 2853 1967 2927">
     <span class='ocr_line' id='line_1_31' title="bbox 397 2853 1967 2927; baseline 0 -19"><span class='ocrx_word' id='word_1_206' title='bbox 397 2857 623 2910; x_wconf 89' lang='lat' dir='ltr'><strong>cendum</strong></span> <span class='ocrx_word' id='word_1_207' title='bbox 643 2853 1255 2927; x_wconf 69' lang='lat' dir='ltr'><strong>compositus(34),cum</strong></span> <span class='ocrx_word' id='word_1_208' title='bbox 1276 2853 1520 2909; x_wconf 85' lang='lat' dir='ltr'><strong>utilitatis</strong></span> <span class='ocrx_word' id='word_1_209' title='bbox 1541 2855 1771 2923; x_wconf 88' lang='lat' dir='ltr'><strong>speciem</strong></span> <span class='ocrx_word' id='word_1_210' title='bbox 1791 2854 1967 2909; x_wconf 85' lang='lat' dir='ltr'><strong>laten-</strong></span> 
     </span>
    </p>
   </div>
   <div class='ocr_carea' id='block_1_32' title="bbox 399 2947 1968 3017">
    <p class='ocr_par' dir='ltr' id='par_1_32' title="bbox 399 2947 1968 3017">
     <span class='ocr_line' id='line_1_32' title="bbox 399 2947 1968 3017; baseline 0 -17"><span class='ocrx_word' id='word_1_211' title='bbox 399 2957 482 3003; x_wconf 88' lang='lat' dir='ltr'><strong>ter</strong></span> <span class='ocrx_word' id='word_1_212' title='bbox 510 2948 706 3004; x_wconf 89' lang='lat' dir='ltr'><strong>induit.</strong></span> <span class='ocrx_word' id='word_1_213' title='bbox 742 2948 902 3003; x_wconf 89' lang='lat' dir='ltr'><strong>Putat</strong></span> <span class='ocrx_word' id='word_1_214' title='bbox 943 2948 1088 3002; x_wconf 92' lang='lat' dir='ltr'><strong>enim</strong></span> <span class='ocrx_word' id='word_1_215' title='bbox 1124 2949 1267 3002; x_wconf 92' lang='lat' dir='ltr'><strong>baud</strong></span> <span class='ocrx_word' id='word_1_216' title='bbox 1310 2948 1655 3003; x_wconf 88' lang='lat' dir='ltr'><strong>mediocriter</strong></span> <span class='ocrx_word' id='word_1_217' title='bbox 1697 2962 1755 3002; x_wconf 93' lang='lat' dir='ltr'><strong>se</strong></span> <span class='ocrx_word' id='word_1_218' title='bbox 1798 2947 1968 3017; x_wconf 90' lang='lat' dir='ltr'><strong>pieta-</strong></span> 
     </span>
    </p>
   </div>
   <div class='ocr_carea' id='block_1_33' title="bbox 397 3039 1966 3109">
    <p class='ocr_par' dir='ltr' id='par_1_33' title="bbox 397 3039 1966 3109">
     <span class='ocr_line' id='line_1_33' title="bbox 397 3039 1966 3109; baseline 0 -15"><span class='ocrx_word' id='word_1_219' title='bbox 397 3049 506 3094; x_wconf 91' lang='lat' dir='ltr'><strong>tem</strong></span> <span class='ocrx_word' id='word_1_220' title='bbox 547 3040 742 3107; x_wconf 90' lang='lat' dir='ltr'><strong>colere,</strong></span> <span class='ocrx_word' id='word_1_221' title='bbox 779 3042 903 3095; x_wconf 92' lang='lat' dir='ltr'><strong>dum</strong></span> <span class='ocrx_word' id='word_1_222' title='bbox 935 3040 988 3095; x_wconf 89' lang='lat' dir='ltr'><strong>id</strong></span> <span class='ocrx_word' id='word_1_223' title='bbox 1021 3040 1342 3095; x_wconf 78' lang='lat' dir='ltr'><strong>conﬁrmare</strong></span> <span class='ocrx_word' id='word_1_224' title='bbox 1371 3039 1563 3094; x_wconf 89' lang='lat' dir='ltr'><strong>nititur</strong></span> <span class='ocrx_word' id='word_1_225' title='bbox 1591 3040 1732 3109; x_wconf 89' lang='lat' dir='ltr'><strong>quod</strong></span> <span class='ocrx_word' id='word_1_226' title='bbox 1778 3053 1966 3094; x_wconf 89' lang='lat' dir='ltr'><strong>omnes</strong></span> 
     </span>
    </p>
   </div>
   <div class='ocr_carea' id='block_1_34' title="bbox 398 3129 1967 3192">
    <p class='ocr_par' dir='ltr' id='par_1_34' title="bbox 398 3129 1967 3192">
     <span class='ocr_line' id='line_1_34' title="bbox 398 3129 1967 3192; baseline -0.006 0"><span class='ocrx_word' id='word_1_227' title='bbox 398 3135 724 3192; x_wconf 82' lang='lat' dir='ltr'><strong>conﬁtentur</strong></span> <span class='ocrx_word' id='word_1_228' title='bbox 758 3149 771 3186; x_wconf 90' lang='lat'>:</span> <span class='ocrx_word' id='word_1_229' title='bbox 800 3141 854 3189; x_wconf 92' lang='lat' dir='ltr'><strong>et</strong></span> <span class='ocrx_word' id='word_1_230' title='bbox 884 3134 989 3188; x_wconf 87' lang='lat' dir='ltr'><strong>hac</strong></span> <span class='ocrx_word' id='word_1_231' title='bbox 1019 3134 1085 3186; x_wconf 91' lang='lat' dir='ltr'><strong>de</strong></span> <span class='ocrx_word' id='word_1_232' title='bbox 1115 3145 1277 3185; x_wconf 88' lang='lat' dir='ltr'><strong>causa</strong></span> <span class='ocrx_word' id='word_1_233' title='bbox 1305 3129 1437 3184; x_wconf 90' lang='lat' dir='ltr'><strong>dicit</strong></span> <span class='ocrx_word' id='word_1_234' title='bbox 1465 3129 1612 3183; x_wconf 92' lang='lat' dir='ltr'><strong>illum</strong></span> <span class='ocrx_word' id='word_1_235' title='bbox 1637 3143 1704 3184; x_wconf 83' lang='lat' dir='ltr'><strong>ex</strong></span> <span class='ocrx_word' id='word_1_236' title='bbox 1731 3129 1838 3184; x_wconf 91' lang='lat' dir='ltr'><strong>Deo</strong></span> <span class='ocrx_word' id='word_1_237' title='bbox 1865 3129 1967 3184; x_wconf 84' lang='lat' dir='ltr'><strong>Pa-</strong></span> 
     </span>
    </p>
   </div>
   <div class='ocr_carea' id='block_1_35' title="bbox 399 3219 1970 3291">
    <p class='ocr_par' dir='ltr' id='par_1_35' title="bbox 399 3219 1970 3291">
     <span class='ocr_line' id='line_1_35' title="bbox 399 3219 1970 3291; baseline -0.003 -11"><span class='ocrx_word' id='word_1_238' title='bbox 399 3234 484 3280; x_wconf 87' lang='lat' dir='ltr'><strong>tre</strong></span> <span class='ocrx_word' id='word_1_239' title='bbox 532 3225 732 3280; x_wconf 85' lang='lat' dir='ltr'><strong>Filium</strong></span> <span class='ocrx_word' id='word_1_240' title='bbox 795 3240 862 3279; x_wconf 82' lang='lat' dir='ltr'><strong>ex</strong></span> <span class='ocrx_word' id='word_1_241' title='bbox 914 3232 1104 3278; x_wconf 89' lang='lat' dir='ltr'><strong>natura</strong></span> <span class='ocrx_word' id='word_1_242' title='bbox 1166 3237 1261 3277; x_wconf 86' lang='lat' dir='ltr'><strong>sua</strong></span> <span class='ocrx_word' id='word_1_243' title='bbox 1323 3222 1481 3291; x_wconf 82' lang='lat' dir='ltr'><strong>longe</strong></span> <span class='ocrx_word' id='word_1_244' title='bbox 1539 3235 1569 3273; x_wconf 93' lang='lat' dir='ltr'><strong>a</strong></span> <span class='ocrx_word' id='word_1_245' title='bbox 1624 3219 1970 3290; x_wconf 87' lang='lat' dir='ltr'><strong>passionibus</strong></span> 
     </span>
    </p>
   </div>
   <div class='ocr_carea' id='block_1_36' title="bbox 399 3305 1967 3387">
    <p class='ocr_par' dir='ltr' id='par_1_36' title="bbox 399 3305 1967 3387">
     <span class='ocr_line' id='line_1_36' title="bbox 399 3305 1967 3387; baseline -0.002 -14"><span class='ocrx_word' id='word_1_246' title='bbox 399 3305 608 3384; x_wconf 83' lang='lat' dir='ltr'><strong>abesse,</strong></span> <span class='ocrx_word' id='word_1_247' title='bbox 647 3318 804 3387; x_wconf 74' lang='lat'><strong>122</strong></span> <span class='ocrx_word' id='word_1_248' title='bbox 828 3325 884 3372; x_wconf 91' lang='lat' dir='ltr'><strong>et</strong></span> <span class='ocrx_word' id='word_1_249' title='bbox 911 3317 1107 3372; x_wconf 90' lang='lat' dir='ltr'><strong>tentari</strong></span> <span class='ocrx_word' id='word_1_250' title='bbox 1140 3325 1312 3370; x_wconf 89' lang='lat' dir='ltr'><strong>morte</strong></span> <span class='ocrx_word' id='word_1_251' title='bbox 1339 3323 1400 3368; x_wconf 92' lang='lat' dir='ltr'><strong>ut</strong></span> <span class='ocrx_word' id='word_1_252' title='bbox 1427 3315 1593 3370; x_wconf 91' lang='lat' dir='ltr'><strong>Deum</strong></span> <span class='ocrx_word' id='word_1_253' title='bbox 1627 3313 1776 3368; x_wconf 87' lang='lat' dir='ltr'><strong>nullo</strong></span> <span class='ocrx_word' id='word_1_254' title='bbox 1805 3315 1967 3370; x_wconf 91' lang='lat' dir='ltr'><strong>modo</strong></span> 
     </span>
    </p>
   </div>
   <div class='ocr_carea' id='block_1_37' title="bbox 399 3403 1965 3483">
    <p class='ocr_par' dir='ltr' id='par_1_37' title="bbox 399 3403 1965 3483">
     <span class='ocr_line' id='line_1_37' title="bbox 399 3403 1965 3483; baseline -0.004 -16"><span class='ocrx_word' id='word_1_255' title='bbox 399 3425 582 3483; x_wconf 85' lang='lat' dir='ltr'><strong>posse,</strong></span> <span class='ocrx_word' id='word_1_256' title='bbox 609 3427 733 3465; x_wconf 89' lang='lat' dir='ltr'><strong>nam</strong></span> <span class='ocrx_word' id='word_1_257' title='bbox 763 3412 878 3480; x_wconf 92' lang='lat' dir='ltr'><strong>ipsa</strong></span> <span class='ocrx_word' id='word_1_258' title='bbox 901 3411 1011 3465; x_wconf 88' lang='lat' dir='ltr'><strong>vita</strong></span> <span class='ocrx_word' id='word_1_259' title='bbox 1040 3410 1227 3479; x_wconf 89' lang='lat' dir='ltr'><strong>utique</strong></span> <span class='ocrx_word' id='word_1_260' title='bbox 1254 3409 1436 3478; x_wconf 87' lang='lat' dir='ltr'><strong>aliquo</strong></span> <span class='ocrx_word' id='word_1_261' title='bbox 1463 3409 1622 3463; x_wconf 91' lang='lat' dir='ltr'><strong>modo</strong></span> <span class='ocrx_word' id='word_1_262' title='bbox 1642 3403 1965 3462; x_wconf 62' lang='lat' dir='ltr'><strong>‘morerelur.</strong></span> 
     </span>
    </p>
   </div>
   <div class='ocr_carea' id='block_1_38' title="bbox 402 3498 1967 3574">
    <p class='ocr_par' dir='ltr' id='par_1_38' title="bbox 402 3498 1967 3574">
     <span class='ocr_line' id='line_1_38' title="bbox 402 3498 1967 3574; baseline -0.004 -15"><span class='ocrx_word' id='word_1_263' title='bbox 402 3503 508 3559; x_wconf 90' lang='lat' dir='ltr'><strong>Sed</strong></span> <span class='ocrx_word' id='word_1_264' title='bbox 549 3513 812 3574; x_wconf 85' lang='lat' dir='ltr'><strong>repugnat</strong></span> <span class='ocrx_word' id='word_1_265' title='bbox 843 3511 1018 3558; x_wconf 89' lang='lat' dir='ltr'><strong>tamen</strong></span> <span class='ocrx_word' id='word_1_266' title='bbox 1047 3502 1208 3556; x_wconf 89' lang='lat' dir='ltr'><strong>etiam</strong></span> <span class='ocrx_word' id='word_1_267' title='bbox 1237 3516 1378 3556; x_wconf 91' lang='lat' dir='ltr'><strong>nunc</strong></span> <span class='ocrx_word' id='word_1_268' title='bbox 1401 3499 1654 3555; x_wconf 76' lang='lat' dir='ltr'><strong>Ecclesize</strong></span> <span class='ocrx_word' id='word_1_269' title='bbox 1683 3498 1967 3570; x_wconf 77' lang='lat' dir='ltr'><strong>dogmatis,</strong></span> 
     </span>
    </p>
   </div>
   <div class='ocr_carea' id='block_1_39' title="bbox 401 3589 1971 3664">
    <p class='ocr_par' dir='ltr' id='par_1_39' title="bbox 401 3589 1971 3664">
     <span class='ocr_line' id='line_1_39' title="bbox 401 3589 1971 3664; baseline -0.003 -14"><span class='ocrx_word' id='word_1_270' title='bbox 401 3594 546 3650; x_wconf 91' lang='lat' dir='ltr'><strong>illam</strong></span> <span class='ocrx_word' id='word_1_271' title='bbox 575 3594 850 3664; x_wconf 87' lang='lat' dir='ltr'><strong>Unigeniti</strong></span> <span class='ocrx_word' id='word_1_272' title='bbox 891 3609 1012 3648; x_wconf 90' lang='lat' dir='ltr'><strong>cum</strong></span> <span class='ocrx_word' id='word_1_273' title='bbox 1049 3599 1214 3648; x_wconf 75' lang='lat' dir='ltr'><strong>carne</strong></span> <span class='ocrx_word' id='word_1_274' title='bbox 1247 3591 1701 3662; x_wconf 87' lang='lat' dir='ltr'><strong>dispensationem</strong></span> <span class='ocrx_word' id='word_1_275' title='bbox 1747 3589 1971 3645; x_wconf 90' lang='lat' dir='ltr'><strong>omnino</strong></span> 
     </span>
    </p>
   </div>
   <div class='ocr_carea' id='block_1_40' title="bbox 402 3680 1972 3757">
    <p class='ocr_par' dir='ltr' id='par_1_40' title="bbox 402 3680 1972 3757">
     <span class='ocr_line' id='line_1_40' title="bbox 402 3680 1972 3757; baseline -0.006 -11"><span class='ocrx_word' id='word_1_276' title='bbox 402 3695 779 3750; x_wconf 86' lang='lat' dir='ltr'><strong>contemnens,</strong></span> <span class='ocrx_word' id='word_1_277' title='bbox 814 3693 868 3742; x_wconf 90' lang='lat' dir='ltr'><strong>et</strong></span> <span class='ocrx_word' id='word_1_278' title='bbox 897 3686 1029 3740; x_wconf 91' lang='lat' dir='ltr'><strong>tanti</strong></span> <span class='ocrx_word' id='word_1_279' title='bbox 1079 3685 1324 3757; x_wconf 80' lang='lat' dir='ltr'><strong>mysterii</strong></span> <span class='ocrx_word' id='word_1_280' title='bbox 1370 3682 1787 3754; x_wconf 79' lang='lat' dir='ltr'><strong>profunditatem</strong></span> <span class='ocrx_word' id='word_1_281' title='bbox 1820 3680 1972 3736; x_wconf 89' lang='lat' dir='ltr'><strong>nullo</strong></span> 
     </span>
    </p>
   </div>
   <div class='ocr_carea' id='block_1_41' title="bbox 401 3771 1972 3841">
    <p class='ocr_par' dir='ltr' id='par_1_41' title="bbox 401 3771 1972 3841">
     <span class='ocr_line' id='line_1_41' title="bbox 401 3771 1972 3841; baseline -0.002 -13"><span class='ocrx_word' id='word_1_282' title='bbox 401 3775 562 3829; x_wconf 90' lang='lat' dir='ltr'><strong>modo</strong></span> <span class='ocrx_word' id='word_1_283' title='bbox 591 3772 962 3829; x_wconf 68' lang='lat' dir='ltr'><strong>considerans.</strong></span> <span class='ocrx_word' id='word_1_284' title='bbox 1006 3773 1167 3829; x_wconf 88' lang='lat' dir='ltr'><strong>Certe</strong></span> <span class='ocrx_word' id='word_1_285' title='bbox 1210 3773 1254 3828; x_wconf 92' lang='lat' dir='ltr'><strong>si</strong></span> <span class='ocrx_word' id='word_1_286' title='bbox 1298 3771 1383 3828; x_wconf 87' lang='lat' dir='ltr'><strong>vel</strong></span> <span class='ocrx_word' id='word_1_287' title='bbox 1416 3772 1516 3841; x_wconf 85' lang='lat' dir='ltr'><strong>ipsi</strong></span> <span class='ocrx_word' id='word_1_288' title='bbox 1561 3771 1972 3840; x_wconf 81' lang='lat' dir='ltr'><strong>exquireremus</strong></span> 
     </span>
    </p>
   </div>
   <div class='ocr_carea' id='block_1_42' title="bbox 400 3863 1972 3936">
    <p class='ocr_par' dir='ltr' id='par_1_42' title="bbox 400 3863 1972 3936">
     <span class='ocr_line' id='line_1_42' title="bbox 400 3863 1972 3936; baseline -0.003 -18"><span class='ocrx_word' id='word_1_289' title='bbox 400 3865 704 3936; x_wconf 88' lang='lat' dir='ltr'><strong>qualisnam</strong></span> <span class='ocrx_word' id='word_1_290' title='bbox 745 3866 816 3921; x_wconf 90' lang='lat' dir='ltr'><strong>sit</strong></span> <span class='ocrx_word' id='word_1_291' title='bbox 844 3865 933 3920; x_wconf 88' lang='lat' dir='ltr'><strong>illa</strong></span> <span class='ocrx_word' id='word_1_292' title='bbox 976 3863 1136 3921; x_wconf 80' lang='lat' dir='ltr'><strong>Verbi</strong></span> <span class='ocrx_word' id='word_1_293' title='bbox 1183 3872 1396 3932; x_wconf 90' lang='lat' dir='ltr'><strong>natura,</strong></span> <span class='ocrx_word' id='word_1_294' title='bbox 1427 3863 1512 3917; x_wconf 92' lang='lat' dir='ltr'><strong>vel</strong></span> <span class='ocrx_word' id='word_1_295' title='bbox 1541 3865 1586 3918; x_wconf 82' lang='lat' dir='ltr'><strong>si</strong></span> <span class='ocrx_word' id='word_1_296' title='bbox 1627 3863 1748 3918; x_wconf 90' lang='lat' dir='ltr'><strong>aliis</strong></span> <span class='ocrx_word' id='word_1_297' title='bbox 1778 3876 1972 3932; x_wconf 88' lang='lat' dir='ltr'><strong>rogan-</strong></span> 
     </span>
    </p>
   </div>
   <div class='ocr_carea' id='block_1_43' title="bbox 401 3953 1974 4023">
    <p class='ocr_par' dir='ltr' id='par_1_43' title="bbox 401 3953 1974 4023">
     <span class='ocr_line' id='line_1_43' title="bbox 401 3953 1974 4023; baseline -0.001 -15"><span class='ocrx_word' id='word_1_298' title='bbox 401 3956 544 4009; x_wconf 88' lang='lat' dir='ltr'><strong>tibus</strong></span> <span class='ocrx_word' id='word_1_299' title='bbox 590 3970 653 4011; x_wconf 87' lang='lat' dir='ltr'><strong>ac</strong></span> <span class='ocrx_word' id='word_1_300' title='bbox 707 3955 919 4011; x_wconf 90' lang='lat' dir='ltr'><strong>discere</strong></span> <span class='ocrx_word' id='word_1_301' title='bbox 979 3953 1318 4023; x_wconf 87' lang='lat' dir='ltr'><strong>cupientibus</strong></span> <span class='ocrx_word' id='word_1_302' title='bbox 1364 3966 1780 4022; x_wconf 82' lang='lat' dir='ltr'><strong>exponeremus,</strong></span> <span class='ocrx_word' id='word_1_303' title='bbox 1829 3960 1974 4006; x_wconf 84' lang='lat' dir='ltr'><strong>esset</strong></span> 
     </span>
    </p>
   </div>
   <div class='ocr_carea' id='block_1_44' title="bbox 400 4044 1974 4115">
    <p class='ocr_par' dir='ltr' id='par_1_44' title="bbox 400 4044 1974 4115">
     <span class='ocr_line' id='line_1_44' title="bbox 400 4044 1974 4115; baseline 0 -18"><span class='ocrx_word' id='word_1_304' title='bbox 400 4044 584 4115; x_wconf 88' lang='lat' dir='ltr'><strong>procul</strong></span> <span class='ocrx_word' id='word_1_305' title='bbox 650 4045 811 4100; x_wconf 89' lang='lat' dir='ltr'><strong>dubio</strong></span> <span class='ocrx_word' id='word_1_306' title='bbox 879 4059 1217 4115; x_wconf 88' lang='lat' dir='ltr'><strong>consequens</strong></span> <span class='ocrx_word' id='word_1_307' title='bbox 1280 4059 1346 4100; x_wconf 89' lang='lat' dir='ltr'><strong>ac</strong></span> <span class='ocrx_word' id='word_1_308' title='bbox 1399 4045 1812 4106; x_wconf 84' lang='lat' dir='ltr'><strong>necessarium,</strong></span> <span class='ocrx_word' id='word_1_309' title='bbox 1876 4057 1974 4113; x_wconf 85' lang='lat' dir='ltr'><strong>per</strong></span> 
     </span>
    </p>
   </div>
   <div class='ocr_carea' id='block_1_45' title="bbox 400 4135 1974 4207">
    <p class='ocr_par' dir='ltr' id='par_1_45' title="bbox 400 4135 1974 4207">
     <span class='ocr_line' id='line_1_45' title="bbox 400 4135 1974 4207; baseline -0.003 -15"><span class='ocrx_word' id='word_1_310' title='bbox 400 4150 589 4192; x_wconf 82' lang='lat' dir='ltr'><strong>Omnes</strong></span> <span class='ocrx_word' id='word_1_311' title='bbox 629 4137 903 4204; x_wconf 87' lang='lat' dir='ltr'><strong>sapientes</strong></span> <span class='ocrx_word' id='word_1_312' title='bbox 936 4151 1202 4207; x_wconf 85' lang='lat' dir='ltr'><strong>verasque</strong></span> <span class='ocrx_word' id='word_1_313' title='bbox 1239 4135 1538 4205; x_wconf 82' lang='lat' dir='ltr'><strong>sententias</strong></span> <span class='ocrx_word' id='word_1_314' title='bbox 1575 4135 1816 4190; x_wconf 88' lang='lat' dir='ltr'><strong>studiose</strong></span> <span class='ocrx_word' id='word_1_315' title='bbox 1848 4147 1974 4203; x_wconf 89' lang='lat' dir='ltr'><strong>per-</strong></span> 
     </span>
    </p>
   </div>
   <div class='ocr_carea' id='block_1_46' title="bbox 401 4210 1975 4289">
    <p class='ocr_par' dir='ltr' id='par_1_46' title="bbox 401 4210 1975 4289">
     <span class='ocr_line' id='line_1_46' title="bbox 401 4210 1975 4289; baseline -0.001 -10"><span class='ocrx_word' id='word_1_316' title='bbox 401 4227 688 4288; x_wconf 77' lang='lat' dir='ltr'><strong>currendo.</strong></span> <span class='ocrx_word' id='word_1_317' title='bbox 727 4227 931 4281; x_wconf 91' lang='lat' dir='ltr'><strong>nullum</strong></span> <span class='ocrx_word' id='word_1_318' title='bbox 963 4243 1082 4282; x_wconf 90' lang='lat' dir='ltr'><strong>esse</strong></span> <span class='ocrx_word' id='word_1_319' title='bbox 1107 4228 1264 4281; x_wconf 89' lang='lat' dir='ltr'><strong>morti</strong></span> <span class='ocrx_word' id='word_1_320' title='bbox 1293 4227 1358 4279; x_wconf 89' lang='lat' dir='ltr'><strong>ad</strong></span> <span class='ocrx_word' id='word_1_321' title='bbox 1394 4225 1540 4280; x_wconf 89' lang='lat' dir='ltr'><strong>illam</strong></span> <span class='ocrx_word' id='word_1_322' title='bbox 1568 4210 1842 4280; x_wconf 85' lang='lat' dir='ltr'><strong>accessum</strong></span> <span class='ocrx_word' id='word_1_323' title='bbox 1868 4265 1882 4289; x_wconf 94' lang='lat'><strong>,</strong></span> <span class='ocrx_word' id='word_1_324' title='bbox 1917 4235 1975 4280; x_wconf 89' lang='lat' dir='ltr'><strong>et</strong></span> 
     </span>
    </p>
   </div>
   <div class='ocr_carea' id='block_1_47' title="bbox 2051 421 3630 503">
    <p class='ocr_par' dir='ltr' id='par_1_47' title="bbox 2051 421 3630 503">
     <span class='ocr_line' id='line_1_47' title="bbox 2051 421 3630 503; baseline -0.004 -24"><span class='ocrx_word' id='word_1_325' title='bbox 2051 428 2214 481; x_wconf 88' lang='grc' dir='ltr'>αὐτὸν</span> <span class='ocrx_word' id='word_1_326' title='bbox 2254 433 2347 483; x_wconf 78' lang='grc' dir='ltr'><strong>καὶ</strong></span> <span class='ocrx_word' id='word_1_327' title='bbox 2391 433 2530 503; x_wconf 80' lang='grc' dir='ltr'>ὑπὲρ</span> <span class='ocrx_word' id='word_1_328' title='bbox 2565 433 2780 486; x_wconf 85' lang='grc' dir='ltr'>πάντων</span> <span class='ocrx_word' id='word_1_329' title='bbox 2807 427 3050 482; x_wconf 83' lang='grc' dir='ltr'><strong>δεδόσθαι</strong></span> <span class='ocrx_word' id='word_1_330' title='bbox 3104 425 3306 494; x_wconf 83' lang='grc' dir='ltr'>φαμὲν,</span> <span class='ocrx_word' id='word_1_331' title='bbox 3343 421 3491 476; x_wconf 87' lang='grc' dir='ltr'><strong>καθά</strong></span> <span class='ocrx_word' id='word_1_332' title='bbox 3535 421 3630 473; x_wconf 81' lang='grc' dir='ltr'>καὶ</span> 
     </span>
    </p>
   </div>
   <div class='ocr_carea' id='block_1_48' title="bbox 2053 511 3629 594">
    <p class='ocr_par' dir='ltr' id='par_1_48' title="bbox 2053 511 3629 594">
     <span class='ocr_line' id='line_1_48' title="bbox 2053 511 3629 594; baseline -0.007 -20"><span class='ocrx_word' id='word_1_333' title='bbox 2053 522 2214 585; x_wconf 91' lang='grc' dir='ltr'>αὐτός</span> <span class='ocrx_word' id='word_1_334' title='bbox 2248 523 2348 575; x_wconf 90' lang='grc' dir='ltr'><strong>πού</strong></span> <span class='ocrx_word' id='word_1_335' title='bbox 2379 541 2542 594; x_wconf 82' lang='grc' dir='ltr'>φησιν</span> <span class='ocrx_word' id='word_1_336' title='bbox 2566 540 2579 552; x_wconf 90' lang='grc'><strong>·</strong></span> <span class='ocrx_word' id='word_1_337' title='bbox 2617 543 2635 574; x_wconf 76' lang='grc' dir='ltr'>ι</span> <span class='ocrx_word' id='word_1_338' title='bbox 2673 522 2828 575; x_wconf 81' lang='grc' dir='ltr'>Οὐτω</span> <span class='ocrx_word' id='word_1_339' title='bbox 2858 520 2965 590; x_wconf 84' lang='grc' dir='ltr'>γὰρ</span> <span class='ocrx_word' id='word_1_340' title='bbox 2995 517 3282 587; x_wconf 75' lang='grc' dir='ltr'>ἠγάπησεν</span> <span class='ocrx_word' id='word_1_341' title='bbox 3317 515 3344 566; x_wconf 94' lang='lat'><strong>6</strong></span> <span class='ocrx_word' id='word_1_342' title='bbox 3378 513 3509 576; x_wconf 86' lang='grc' dir='ltr'>Θεὸς</span> <span class='ocrx_word' id='word_1_343' title='bbox 3540 511 3629 564; x_wconf 87' lang='grc' dir='ltr'><strong>τὸν</strong></span> 
     </span>
    </p>
   </div>
   <div class='ocr_carea' id='block_1_49' title="bbox 2054 605 3629 684">
    <p class='ocr_par' dir='ltr' id='par_1_49' title="bbox 2054 605 3629 684">
     <span class='ocr_line' id='line_1_49' title="bbox 2054 605 3629 684; baseline -0.006 -19"><span class='ocrx_word' id='word_1_344' title='bbox 2054 613 2279 684; x_wconf 81' lang='grc' dir='ltr'>κόσμον,</span> <span class='ocrx_word' id='word_1_345' title='bbox 2311 615 2450 668; x_wconf 82' lang='grc' dir='ltr'>ὥστε</span> <span class='ocrx_word' id='word_1_346' title='bbox 2493 615 2584 668; x_wconf 90' lang='grc' dir='ltr'><strong>τὸν</strong></span> <span class='ocrx_word' id='word_1_347' title='bbox 2615 614 2741 668; x_wconf 83' lang='grc' dir='ltr'>Υἱὸν</span> <span class='ocrx_word' id='word_1_348' title='bbox 2781 611 2947 667; x_wconf 89' lang='grc' dir='ltr'>αὐτοῦ</span> <span class='ocrx_word' id='word_1_349' title='bbox 2983 610 3075 664; x_wconf 91' lang='grc' dir='ltr'><strong>τὸν</strong></span> <span class='ocrx_word' id='word_1_350' title='bbox 3113 609 3374 678; x_wconf 82' lang='grc' dir='ltr'><strong>μονογενῆ</strong></span> <span class='ocrx_word' id='word_1_351' title='bbox 3406 605 3629 662; x_wconf 77' lang='grc' dir='ltr'>ἔδωκεν.</span> 
     </span>
    </p>
   </div>
   <div class='ocr_carea' id='block_1_50' title="bbox 2055 695 3633 771">
    <p class='ocr_par' dir='ltr' id='par_1_50' title="bbox 2055 695 3633 771">
     <span class='ocr_line' id='line_1_50' title="bbox 2055 695 3633 771; baseline -0.005 -15"><span class='ocrx_word' id='word_1_352' title='bbox 2055 704 2142 757; x_wconf 85' lang='grc' dir='ltr'><strong>ἵνα</strong></span> <span class='ocrx_word' id='word_1_353' title='bbox 2174 707 2280 770; x_wconf 84' lang='grc' dir='ltr'>πᾶς</span> <span class='ocrx_word' id='word_1_354' title='bbox 2309 707 2336 759; x_wconf 81' lang='lat'><strong>6</strong></span> <span class='ocrx_word' id='word_1_355' title='bbox 2369 705 2636 759; x_wconf 81' lang='grc' dir='ltr'><strong>πιστεύων</strong></span> <span class='ocrx_word' id='word_1_356' title='bbox 2663 707 2743 768; x_wconf 88' lang='grc' dir='ltr'><strong>εἰς</strong></span> <span class='ocrx_word' id='word_1_357' title='bbox 2771 703 2932 757; x_wconf 88' lang='grc' dir='ltr'>αὐτὸν</span> <span class='ocrx_word' id='word_1_358' title='bbox 2964 702 3039 771; x_wconf 82' lang='grc' dir='ltr'>μὴ</span> <span class='ocrx_word' id='word_1_359' title='bbox 3069 699 3358 768; x_wconf 78' lang='grc' dir='ltr'><strong>ἀπόληται,</strong></span> <span class='ocrx_word' id='word_1_360' title='bbox 3391 696 3504 750; x_wconf 85' lang='grc' dir='ltr'>ἀλλ’</span> <span class='ocrx_word' id='word_1_361' title='bbox 3532 695 3633 765; x_wconf 80' lang='grc' dir='ltr'><strong>ἔχῃ</strong></span> 
     </span>
    </p>
   </div>
   <div class='ocr_carea' id='block_1_51' title="bbox 2056 787 3630 865">
    <p class='ocr_par' dir='ltr' id='par_1_51' title="bbox 2056 787 3630 865">
     <span class='ocr_line' id='line_1_51' title="bbox 2056 787 3630 865; baseline -0.006 -17"><span class='ocrx_word' id='word_1_362' title='bbox 2056 793 2201 865; x_wconf 81' lang='grc' dir='ltr'>ζωὴν</span> <span class='ocrx_word' id='word_1_363' title='bbox 2234 795 2470 849; x_wconf 82' lang='grc' dir='ltr'>αἰώνιον,</span> <span class='ocrx_word' id='word_1_364' title='bbox 2513 816 2529 848; x_wconf 78' lang='grc' dir='ltr'><strong>ι</strong></span> <span class='ocrx_word' id='word_1_365' title='bbox 2569 795 2879 864; x_wconf 81' lang='grc' dir='ltr'>Μονογενὴς</span> <span class='ocrx_word' id='word_1_366' title='bbox 2913 792 3010 864; x_wconf 76' lang='grc' dir='ltr'>μὲν</span> <span class='ocrx_word' id='word_1_367' title='bbox 3032 787 3124 845; x_wconf 78' lang='grc' dir='ltr'><strong>οὐν</strong></span> <span class='ocrx_word' id='word_1_368' title='bbox 3152 793 3180 844; x_wconf 89' lang='lat'><strong>6</strong></span> <span class='ocrx_word' id='word_1_369' title='bbox 3216 789 3393 852; x_wconf 90' lang='grc' dir='ltr'>δοθείς</span> <span class='ocrx_word' id='word_1_370' title='bbox 3413 804 3426 818; x_wconf 80' lang='lat'><strong>&#39;</strong></span> <span class='ocrx_word' id='word_1_371' title='bbox 3456 787 3630 854; x_wconf 78' lang='grc' dir='ltr'>ἀνέφυ</span> 
     </span>
    </p>
   </div>
   <div class='ocr_carea' id='block_1_52' title="bbox 2056 878 3634 958">
    <p class='ocr_par' dir='ltr' id='par_1_52' title="bbox 2056 878 3634 958">
     <span class='ocr_line' id='line_1_52' title="bbox 2056 878 3634 958; baseline -0.006 -18"><span class='ocrx_word' id='word_1_372' title='bbox 2056 885 2165 957; x_wconf 85' lang='grc' dir='ltr'><strong>γὰρ</strong></span> <span class='ocrx_word' id='word_1_373' title='bbox 2199 887 2357 957; x_wconf 84' lang='grc' dir='ltr'>μόνος</span> <span class='ocrx_word' id='word_1_374' title='bbox 2392 891 2456 942; x_wconf 88' lang='grc' dir='ltr'><strong>ἐκ</strong></span> <span class='ocrx_word' id='word_1_375' title='bbox 2499 888 2598 958; x_wconf 82' lang='grc' dir='ltr'><strong>τῆς</strong></span> <span class='ocrx_word' id='word_1_376' title='bbox 2624 887 2715 941; x_wconf 83' lang='grc' dir='ltr'><strong>τοῦ</strong></span> <span class='ocrx_word' id='word_1_377' title='bbox 2748 881 2883 939; x_wconf 83' lang='grc' dir='ltr'>Θέοῦ</span> <span class='ocrx_word' id='word_1_378' title='bbox 2922 886 3015 939; x_wconf 71' lang='grc' dir='ltr'><strong>καὶ</strong></span> <span class='ocrx_word' id='word_1_379' title='bbox 3041 883 3256 954; x_wconf 89' lang='grc' dir='ltr'>Πατρὸς</span> <span class='ocrx_word' id='word_1_380' title='bbox 3292 881 3479 944; x_wconf 78' lang='grc' dir='ltr'>οὐσίας</span> <span class='ocrx_word' id='word_1_381' title='bbox 3514 881 3542 932; x_wconf 94' lang='lat'><strong>6</strong></span> <span class='ocrx_word' id='word_1_382' title='bbox 3573 878 3634 944; x_wconf 75' lang='grc' dir='ltr'><strong>ἐξ</strong></span> 
     </span>
    </p>
   </div>
   <div class='ocr_carea' id='block_1_53' title="bbox 2055 969 3634 1048">
    <p class='ocr_par' dir='ltr' id='par_1_53' title="bbox 2055 969 3634 1048">
     <span class='ocr_line' id='line_1_53' title="bbox 2055 969 3634 1048; baseline -0.006 -18"><span class='ocrx_word' id='word_1_383' title='bbox 2055 977 2218 1030; x_wconf 86' lang='grc' dir='ltr'>αὐτοῦ</span> <span class='ocrx_word' id='word_1_384' title='bbox 2249 995 2306 1030; x_wconf 88' lang='grc' dir='ltr'><strong>τε</strong></span> <span class='ocrx_word' id='word_1_385' title='bbox 2337 979 2430 1031; x_wconf 67' lang='grc' dir='ltr'>καὶ</span> <span class='ocrx_word' id='word_1_386' title='bbox 2458 979 2516 1031; x_wconf 84' lang='grc' dir='ltr'><strong>ἐν</strong></span> <span class='ocrx_word' id='word_1_387' title='bbox 2545 977 2694 1048; x_wconf 85' lang='grc' dir='ltr'>αὐτῷ</span> <span class='ocrx_word' id='word_1_388' title='bbox 2730 977 2920 1045; x_wconf 80' lang='grc' dir='ltr'>Λόγος.</span> <span class='ocrx_word' id='word_1_389' title='bbox 2963 973 3184 1044; x_wconf 81' lang='grc' dir='ltr'><strong>Ἐπειδὴ</strong></span> <span class='ocrx_word' id='word_1_390' title='bbox 3207 973 3265 1025; x_wconf 78' lang='grc' dir='ltr'><strong>δὲ.</strong></span> <span class='ocrx_word' id='word_1_391' title='bbox 3294 971 3518 1039; x_wconf 81' lang='grc' dir='ltr'>γέγονεν</span> <span class='ocrx_word' id='word_1_392' title='bbox 3543 969 3634 1022; x_wconf 82' lang='grc' dir='ltr'>ἀν-</span> 
     </span>
    </p>
   </div>
   <div class='ocr_carea' id='block_1_54' title="bbox 2059 1061 3633 1142">
    <p class='ocr_par' dir='ltr' id='par_1_54' title="bbox 2059 1061 3633 1142">
     <span class='ocr_line' id='line_1_54' title="bbox 2059 1061 3633 1142; baseline -0.006 -19"><span class='ocrx_word' id='word_1_393' title='bbox 2059 1070 2297 1140; x_wconf 86' lang='grc' dir='ltr'>θρωπος,</span> <span class='ocrx_word' id='word_1_394' title='bbox 2321 1069 2495 1142; x_wconf 80' lang='grc' dir='ltr'>ταύτῃ</span> <span class='ocrx_word' id='word_1_395' title='bbox 2523 1087 2602 1124; x_wconf 86' lang='grc' dir='ltr'><strong>τοι</strong></span> <span class='ocrx_word' id='word_1_396' title='bbox 2631 1068 2730 1138; x_wconf 80' lang='grc' dir='ltr'>τὴν</span> <span class='ocrx_word' id='word_1_397' title='bbox 2767 1071 2847 1132; x_wconf 87' lang='grc' dir='ltr'><strong>είς</strong></span> <span class='ocrx_word' id='word_1_398' title='bbox 2884 1067 3046 1121; x_wconf 88' lang='grc' dir='ltr'>αὐτὸν</span> <span class='ocrx_word' id='word_1_399' title='bbox 3081 1063 3384 1134; x_wconf 80' lang='grc' dir='ltr'>ποιούμεθα</span> <span class='ocrx_word' id='word_1_400' title='bbox 3427 1061 3633 1124; x_wconf 83' lang='grc' dir='ltr'>πίστιν,</span> 
     </span>
    </p>
   </div>
   <div class='ocr_carea' id='block_1_55' title="bbox 2057 1154 3636 1232">
    <p class='ocr_par' dir='ltr' id='par_1_55' title="bbox 2057 1154 3636 1232">
     <span class='ocr_line' id='line_1_55' title="bbox 2057 1154 3636 1232; baseline -0.008 -17"><span class='ocrx_word' id='word_1_401' title='bbox 2057 1161 2149 1215; x_wconf 88' lang='grc' dir='ltr'><strong>τὸν</strong></span> <span class='ocrx_word' id='word_1_402' title='bbox 2183 1161 2325 1214; x_wconf 80' lang='grc' dir='ltr'>κατὰ</span> <span class='ocrx_word' id='word_1_403' title='bbox 2357 1161 2533 1232; x_wconf 82' lang='grc' dir='ltr'>σάρκα</span> <span class='ocrx_word' id='word_1_404' title='bbox 2566 1161 2794 1214; x_wconf 87' lang='grc' dir='ltr'>θάνατον</span> <span class='ocrx_word' id='word_1_405' title='bbox 2823 1158 2986 1212; x_wconf 88' lang='grc' dir='ltr'>αὐτοῦ</span> <span class='ocrx_word' id='word_1_406' title='bbox 3026 1154 3509 1222; x_wconf 79' lang='grc' dir='ltr'>καταγγέλλοντες,</span> <span class='ocrx_word' id='word_1_407' title='bbox 3542 1154 3636 1204; x_wconf 69' lang='grc' dir='ltr'><strong>καὶ</strong></span> 
     </span>
    </p>
   </div>
   <div class='ocr_carea' id='block_1_56' title="bbox 2059 1243 3635 1322">
    <p class='ocr_par' dir='ltr' id='par_1_56' title="bbox 2059 1243 3635 1322">
     <span class='ocr_line' id='line_1_56' title="bbox 2059 1243 3635 1322; baseline -0.008 -16"><span class='ocrx_word' id='word_1_408' title='bbox 2059 1244 2444 1322; x_wconf 83' lang='grc' dir='ltr'>ὁμολογοῦντες</span> <span class='ocrx_word' id='word_1_409' title='bbox 2490 1251 2586 1321; x_wconf 80' lang='grc' dir='ltr'><strong>τὴν</strong></span> <span class='ocrx_word' id='word_1_410' title='bbox 2621 1252 2916 1304; x_wconf 78' lang='grc' dir='ltr'>ἀνάστασιν</span> <span class='ocrx_word' id='word_1_411' title='bbox 2939 1265 2950 1277; x_wconf 91' lang='grc'><strong>·</strong></span> <span class='ocrx_word' id='word_1_412' title='bbox 2982 1247 3071 1300; x_wconf 83' lang='grc' dir='ltr'><strong>τὸν</strong></span> <span class='ocrx_word' id='word_1_413' title='bbox 3109 1247 3270 1300; x_wconf 85' lang='grc' dir='ltr'>αὐτὸν</span> <span class='ocrx_word' id='word_1_414' title='bbox 3310 1245 3510 1306; x_wconf 79' lang='grc' dir='ltr'>εἰδότες</span> <span class='ocrx_word' id='word_1_415' title='bbox 3542 1243 3635 1295; x_wconf 65' lang='grc' dir='ltr'>καὶ</span> 
     </span>
    </p>
   </div>
   <div class='ocr_carea' id='block_1_57' title="bbox 2060 1333 3636 1412">
    <p class='ocr_par' dir='ltr' id='par_1_57' title="bbox 2060 1333 3636 1412">
     <span class='ocr_line' id='line_1_57' title="bbox 2060 1333 3636 1412; baseline -0.007 -18"><span class='ocrx_word' id='word_1_416' title='bbox 2060 1341 2388 1412; x_wconf 81' lang='grc' dir='ltr'>προαιώνιον</span> <span class='ocrx_word' id='word_1_417' title='bbox 2421 1341 2569 1404; x_wconf 85' lang='grc' dir='ltr'>Υἰὸν,</span> <span class='ocrx_word' id='word_1_418' title='bbox 2600 1341 2694 1394; x_wconf 70' lang='grc' dir='ltr'><strong>καὶ</strong></span> <span class='ocrx_word' id='word_1_419' title='bbox 2724 1341 2784 1393; x_wconf 84' lang='grc' dir='ltr'><strong>ἐν</strong></span> <span class='ocrx_word' id='word_1_420' title='bbox 2826 1340 3074 1410; x_wconf 79' lang='grc' dir='ltr'>ἐσχάτοις</span> <span class='ocrx_word' id='word_1_421' title='bbox 3108 1339 3320 1406; x_wconf 85' lang='grc' dir='ltr'>καιροῖς</span> <span class='ocrx_word' id='word_1_422' title='bbox 3347 1333 3636 1404; x_wconf 84' lang='grc' dir='ltr'>ἄνθρωπον</span> 
     </span>
    </p>
   </div>
   <div class='ocr_carea' id='block_1_58' title="bbox 2060 1425 3640 1504">
    <p class='ocr_par' dir='ltr' id='par_1_58' title="bbox 2060 1425 3640 1504">
     <span class='ocr_line' id='line_1_58' title="bbox 2060 1425 3640 1504; baseline -0.007 -17"><span class='ocrx_word' id='word_1_423' title='bbox 2060 1434 2439 1504; x_wconf 80' lang='grc' dir='ltr'>οἰκονομικῶς,</span> <span class='ocrx_word' id='word_1_424' title='bbox 2484 1434 2723 1488; x_wconf 84' lang='grc' dir='ltr'>παθόντα</span> <span class='ocrx_word' id='word_1_425' title='bbox 2767 1449 2825 1484; x_wconf 89' lang='grc' dir='ltr'><strong>τε</strong></span> <span class='ocrx_word' id='word_1_426' title='bbox 2869 1431 3031 1501; x_wconf 75' lang='grc' dir='ltr'>σαρκὶ</span> <span class='ocrx_word' id='word_1_427' title='bbox 3076 1429 3140 1482; x_wconf 81' lang='grc' dir='ltr'>δι’</span> <span class='ocrx_word' id='word_1_428' title='bbox 3172 1429 3318 1498; x_wconf 79' lang='grc' dir='ltr'>ἡμᾶς</span> <span class='ocrx_word' id='word_1_429' title='bbox 3350 1426 3441 1479; x_wconf 87' lang='grc' dir='ltr'><strong>τὸν</strong></span> <span class='ocrx_word' id='word_1_430' title='bbox 3469 1425 3640 1478; x_wconf 55' lang='grc' dir='ltr'>θάναφι</span> 
     </span>
    </p>
   </div>
   <div class='ocr_carea' id='block_1_59' title="bbox 2061 1513 3637 1595">
    <p class='ocr_par' dir='ltr' id='par_1_59' title="bbox 2061 1513 3637 1595">
     <span class='ocr_line' id='line_1_59' title="bbox 2061 1513 3637 1595; baseline -0.006 -19"><span class='ocrx_word' id='word_1_431' title='bbox 2061 1541 2171 1589; x_wconf 91' lang='grc' dir='ltr'>τον,</span> <span class='ocrx_word' id='word_1_432' title='bbox 2204 1526 2297 1577; x_wconf 79' lang='grc' dir='ltr'><strong>καὶ</strong></span> <span class='ocrx_word' id='word_1_433' title='bbox 2319 1524 2686 1595; x_wconf 78' lang='grc' dir='ltr'>ἐγηγερμένον</span> <span class='ocrx_word' id='word_1_434' title='bbox 2712 1525 2775 1577; x_wconf 83' lang='grc' dir='ltr'><strong>ἐκ</strong></span> <span class='ocrx_word' id='word_1_435' title='bbox 2796 1523 3024 1591; x_wconf 87' lang='grc' dir='ltr'>νεκρῶν.</span> <span class='ocrx_word' id='word_1_436' title='bbox 3063 1519 3204 1572; x_wconf 79' lang='grc' dir='ltr'>Ἀλλ’</span> <span class='ocrx_word' id='word_1_437' title='bbox 3240 1521 3340 1572; x_wconf 89' lang='grc' dir='ltr'><strong>οὐκ</strong></span> <span class='ocrx_word' id='word_1_438' title='bbox 3367 1513 3462 1569; x_wconf 75' lang='grc' dir='ltr'>οἷδ’</span> <span class='ocrx_word' id='word_1_439' title='bbox 3489 1517 3637 1578; x_wconf 83' lang='grc' dir='ltr'>ὅπως</span> 
     </span>
    </p>
   </div>
   <div class='ocr_carea' id='block_1_60' title="bbox 2062 1609 3638 1690">
    <p class='ocr_par' dir='ltr' id='par_1_60' title="bbox 2062 1609 3638 1690">
     <span class='ocr_line' id='line_1_60' title="bbox 2062 1609 3638 1690; baseline -0.007 -19"><span class='ocrx_word' id='word_1_440' title='bbox 2062 1621 2174 1680; x_wconf 81' lang='grc' dir='ltr'>τοῖς</span> <span class='ocrx_word' id='word_1_441' title='bbox 2207 1619 2336 1690; x_wconf 76' lang='grc' dir='ltr'>παρ’</span> <span class='ocrx_word' id='word_1_442' title='bbox 2371 1618 2526 1689; x_wconf 76' lang='grc' dir='ltr'>ἡμῶν</span> <span class='ocrx_word' id='word_1_443' title='bbox 2571 1617 2900 1687; x_wconf 81' lang='grc' dir='ltr'>ὲπασχάλλει</span> <span class='ocrx_word' id='word_1_444' title='bbox 2928 1614 3109 1682; x_wconf 81' lang='grc' dir='ltr'>λόγοις</span> <span class='ocrx_word' id='word_1_445' title='bbox 3148 1614 3175 1666; x_wconf 97' lang='lat'><strong>6</strong></span> <span class='ocrx_word' id='word_1_446' title='bbox 3221 1615 3318 1682; x_wconf 80' lang='grc' dir='ltr'><strong>τῆς</strong></span> <span class='ocrx_word' id='word_1_447' title='bbox 3363 1609 3638 1663; x_wconf 73' lang='grc' dir='ltr'>Ἰουδαίων</span> 
     </span>
    </p>
   </div>
   <div class='ocr_carea' id='block_1_61' title="bbox 2066 1704 3454 1781">
    <p class='ocr_par' dir='ltr' id='par_1_61' title="bbox 2066 1704 3454 1781">
     <span class='ocr_line' id='line_1_61' title="bbox 2066 1704 3454 1781; baseline -0.006 -19"><span class='ocrx_word' id='word_1_448' title='bbox 2066 1709 2306 1779; x_wconf 79' lang='grc' dir='ltr'>ἀμαθίας</span> <span class='ocrx_word' id='word_1_449' title='bbox 2336 1711 2632 1780; x_wconf 84' lang='grc' dir='ltr'>συνήγορος</span> <span class='ocrx_word' id='word_1_450' title='bbox 2653 1725 2666 1738; x_wconf 85' lang='grc'><strong>·</strong></span> <span class='ocrx_word' id='word_1_451' title='bbox 2696 1707 2804 1781; x_wconf 75' lang='grc' dir='ltr'><strong>ἐφη</strong></span> <span class='ocrx_word' id='word_1_452' title='bbox 2843 1705 2950 1775; x_wconf 79' lang='grc' dir='ltr'><strong>γάρ</strong></span> <span class='ocrx_word' id='word_1_453' title='bbox 2981 1704 3174 1759; x_wconf 83' lang='grc' dir='ltr'>πάλιν·</span> <span class='ocrx_word' id='word_1_454' title='bbox 3450 1711 3454 1714; x_wconf 81' lang='lat'>&#39;</span> 
     </span>
    </p>
   </div>
   <div class='ocr_carea' id='block_1_62' title="bbox 2136 1791 3640 1872">
    <p class='ocr_par' dir='ltr' id='par_1_62' title="bbox 2136 1791 3640 1872">
     <span class='ocr_line' id='line_1_62' title="bbox 2136 1791 3640 1872; baseline -0.009 -18"><span class='ocrx_word' id='word_1_455' title='bbox 2136 1800 2280 1872; x_wconf 83' lang='grc' dir='ltr'>[Ὅτι</span> <span class='ocrx_word' id='word_1_456' title='bbox 2321 1801 2418 1870; x_wconf 83' lang='grc' dir='ltr'><strong>μὲν</strong></span> <span class='ocrx_word' id='word_1_457' title='bbox 2444 1796 2535 1855; x_wconf 80' lang='grc' dir='ltr'><strong>οὗν</strong></span> <span class='ocrx_word' id='word_1_458' title='bbox 2559 1799 2652 1853; x_wconf 74' lang='grc' dir='ltr'><strong>ἐπὶ</strong></span> <span class='ocrx_word' id='word_1_459' title='bbox 2682 1799 2782 1867; x_wconf 82' lang='grc' dir='ltr'>τῆς</span> <span class='ocrx_word' id='word_1_460' title='bbox 2824 1799 3127 1866; x_wconf 86' lang='grc' dir='ltr'>γεννήσεως</span> <span class='ocrx_word' id='word_1_461' title='bbox 3152 1794 3249 1863; x_wconf 83' lang='grc' dir='ltr'>τῆς</span> <span class='ocrx_word' id='word_1_462' title='bbox 3283 1795 3344 1844; x_wconf 88' lang='grc' dir='ltr'><strong>ἐκ</strong></span> <span class='ocrx_word' id='word_1_463' title='bbox 3379 1791 3477 1858; x_wconf 75' lang='grc' dir='ltr'>τῆς</span> <span class='ocrx_word' id='word_1_464' title='bbox 3503 1791 3640 1859; x_wconf 68' lang='grc' dir='ltr'>Χρισ</span> 
     </span>
    </p>
   </div>
   <div class='ocr_carea' id='block_1_63' title="bbox 2066 1881 3642 1963">
    <p class='ocr_par' dir='ltr' id='par_1_63' title="bbox 2066 1881 3642 1963">
     <span class='ocr_line' id='line_1_63' title="bbox 2066 1881 3642 1963; baseline -0.009 -17"><span class='ocrx_word' id='word_1_465' title='bbox 2066 1893 2318 1946; x_wconf 81' lang='grc' dir='ltr'>στοτόκου</span> <span class='ocrx_word' id='word_1_466' title='bbox 2366 1890 2638 1963; x_wconf 82' lang='grc' dir='ltr'>Παρθένου</span> <span class='ocrx_word' id='word_1_467' title='bbox 2665 1889 2848 1959; x_wconf 84' lang='grc' dir='ltr'>τίθησι</span> <span class='ocrx_word' id='word_1_468' title='bbox 2891 1888 2969 1951; x_wconf 90' lang='grc' dir='ltr'><strong>τὸ,</strong></span> <span class='ocrx_word' id='word_1_469' title='bbox 3005 1887 3156 1947; x_wconf 80' lang='grc' dir='ltr'>Υἱός,</span> <span class='ocrx_word' id='word_1_470' title='bbox 3191 1887 3223 1954; x_wconf 83' lang='grc' dir='ltr'>ἡ</span> <span class='ocrx_word' id='word_1_471' title='bbox 3257 1884 3375 1936; x_wconf 86' lang='grc' dir='ltr'>θεία</span> <span class='ocrx_word' id='word_1_472' title='bbox 3423 1881 3642 1951; x_wconf 64' lang='grc' dir='ltr'>Γραφὴ,</span> 
     </span>
    </p>
   </div>
   <div class='ocr_carea' id='block_1_64' title="bbox 2063 1972 3641 2056">
    <p class='ocr_par' dir='ltr' id='par_1_64' title="bbox 2063 1972 3641 2056">
     <span class='ocr_line' id='line_1_64' title="bbox 2063 1972 3641 2056; baseline -0.01 -18"><span class='ocrx_word' id='word_1_473' title='bbox 2063 1984 2463 2056; x_wconf 86' lang='grc' dir='ltr'>δεδηλώκαμεν.</span> <span class='ocrx_word' id='word_1_474' title='bbox 2499 1983 2764 2036; x_wconf 81' lang='grc' dir='ltr'>Ἀκουσον</span> <span class='ocrx_word' id='word_1_475' title='bbox 2808 1980 2865 2033; x_wconf 83' lang='grc' dir='ltr'>δὲ</span> <span class='ocrx_word' id='word_1_476' title='bbox 2900 1979 2993 2031; x_wconf 70' lang='grc' dir='ltr'><strong>καὶ</strong></span> <span class='ocrx_word' id='word_1_477' title='bbox 3042 1977 3135 2029; x_wconf 67' lang='grc' dir='ltr'>ἐπὶ</span> <span class='ocrx_word' id='word_1_478' title='bbox 3161 1972 3253 2028; x_wconf 86' lang='grc' dir='ltr'><strong>τοῦ</strong></span> <span class='ocrx_word' id='word_1_479' title='bbox 3295 1973 3548 2037; x_wconf 80' lang='grc' dir='ltr'>θανάτου,</span> <span class='ocrx_word' id='word_1_480' title='bbox 3592 1974 3641 2023; x_wconf 82' lang='grc' dir='ltr'><strong>εἰ</strong></span> 
     </span>
    </p>
   </div>
   <div class='ocr_carea' id='block_1_65' title="bbox 2063 2062 3644 2144">
    <p class='ocr_par' dir='ltr' id='par_1_65' title="bbox 2063 2062 3644 2144">
     <span class='ocr_line' id='line_1_65' title="bbox 2063 2062 3644 2144; baseline -0.01 -15"><span class='ocrx_word' id='word_1_481' title='bbox 2063 2078 2180 2129; x_wconf 74' lang='grc' dir='ltr'>ἔστι</span> <span class='ocrx_word' id='word_1_482' title='bbox 2226 2075 2354 2128; x_wconf 82' lang='grc' dir='ltr'><strong>ποτέ</strong></span> <span class='ocrx_word' id='word_1_483' title='bbox 2392 2074 2642 2144; x_wconf 87' lang='grc' dir='ltr'>κείμενος</span> <span class='ocrx_word' id='word_1_484' title='bbox 2685 2073 2714 2124; x_wconf 88' lang='grc' dir='ltr'>ὁ</span> <span class='ocrx_word' id='word_1_485' title='bbox 2746 2070 2898 2134; x_wconf 87' lang='grc' dir='ltr'>Θεός,</span> <span class='ocrx_word' id='word_1_486' title='bbox 2943 2068 3030 2120; x_wconf 87' lang='grc' dir='ltr'><strong>ἴνα</strong></span> <span class='ocrx_word' id='word_1_487' title='bbox 3080 2064 3321 2133; x_wconf 87' lang='grc' dir='ltr'>παθητὸν</span> <span class='ocrx_word' id='word_1_488' title='bbox 3365 2063 3456 2116; x_wconf 85' lang='grc' dir='ltr'><strong>τὸν</strong></span> <span class='ocrx_word' id='word_1_489' title='bbox 3506 2062 3644 2114; x_wconf 83' lang='grc' dir='ltr'>Θεὸν</span> 
     </span>
    </p>
   </div>
   <div class='ocr_carea' id='block_1_66' title="bbox 2066 2151 3644 2235">
    <p class='ocr_par' dir='ltr' id='par_1_66' title="bbox 2066 2151 3644 2235">
     <span class='ocr_line' id='line_1_66' title="bbox 2066 2151 3644 2235; baseline -0.01 -16"><span class='ocrx_word' id='word_1_490' title='bbox 2066 2167 2480 2235; x_wconf 77' lang='grc' dir='ltr'>εἰσαγάγωμεν·</span> <span class='ocrx_word' id='word_1_491' title='bbox 2516 2181 2533 2213; x_wconf 79' lang='grc' dir='ltr'>ι</span> <span class='ocrx_word' id='word_1_492' title='bbox 2586 2162 2824 2231; x_wconf 69' lang='grc' dir='ltr'>Ἐχθροί,</span> <span class='ocrx_word' id='word_1_493' title='bbox 2859 2158 3060 2228; x_wconf 68' lang='grc' dir='ltr'>φησὶν,</span> <span class='ocrx_word' id='word_1_494' title='bbox 3107 2157 3256 2217; x_wconf 69' lang='grc' dir='ltr'>ὄντες</span> <span class='ocrx_word' id='word_1_495' title='bbox 3297 2151 3644 2223; x_wconf 83' lang='grc' dir='ltr'>κατηλλάγη-</span> 
     </span>
    </p>
   </div>
   <div class='ocr_carea' id='block_1_67' title="bbox 2069 2239 3646 2326">
    <p class='ocr_par' dir='ltr' id='par_1_67' title="bbox 2069 2239 3646 2326">
     <span class='ocr_line' id='line_1_67' title="bbox 2069 2239 3646 2326; baseline -0.009 -18"><span class='ocrx_word' id='word_1_496' title='bbox 2069 2272 2168 2326; x_wconf 86' lang='grc' dir='ltr'><strong>μεν</strong></span> <span class='ocrx_word' id='word_1_497' title='bbox 2195 2254 2272 2324; x_wconf 84' lang='grc' dir='ltr'>τῷ</span> <span class='ocrx_word' id='word_1_498' title='bbox 2296 2253 2413 2324; x_wconf 86' lang='grc' dir='ltr'>Θεῷ</span> <span class='ocrx_word' id='word_1_499' title='bbox 2438 2252 2525 2306; x_wconf 83' lang='grc' dir='ltr'><strong>διὰ</strong></span> <span class='ocrx_word' id='word_1_500' title='bbox 2549 2251 2644 2304; x_wconf 89' lang='grc' dir='ltr'><strong>τοῦ</strong></span> <span class='ocrx_word' id='word_1_501' title='bbox 2680 2249 2908 2302; x_wconf 87' lang='grc' dir='ltr'>θανάτου</span> <span class='ocrx_word' id='word_1_502' title='bbox 2941 2245 3035 2299; x_wconf 85' lang='grc' dir='ltr'><strong>τοῦ</strong></span> <span class='ocrx_word' id='word_1_503' title='bbox 3067 2242 3198 2297; x_wconf 87' lang='grc' dir='ltr'>Υἱοῦ</span> <span class='ocrx_word' id='word_1_504' title='bbox 3233 2241 3421 2296; x_wconf 90' lang='grc' dir='ltr'>αὐτοῦ.</span> <span class='ocrx_word' id='word_1_505' title='bbox 3472 2260 3489 2292; x_wconf 76' lang='grc' dir='ltr'><strong>ι</strong></span> <span class='ocrx_word' id='word_1_506' title='bbox 3530 2239 3646 2294; x_wconf 80' lang='grc' dir='ltr'>Οὐκ</span> 
     </span>
    </p>
   </div>
   <div class='ocr_carea' id='block_1_68' title="bbox 2067 2333 3255 2411">
    <p class='ocr_par' dir='ltr' id='par_1_68' title="bbox 2067 2333 3255 2411">
     <span class='ocr_line' id='line_1_68' title="bbox 2067 2333 3255 2411; baseline -0.013 -9"><span class='ocrx_word' id='word_1_507' title='bbox 2067 2345 2209 2411; x_wconf 82' lang='grc' dir='ltr'>εἷπε,</span> <span class='ocrx_word' id='word_1_508' title='bbox 2237 2346 2325 2402; x_wconf 85' lang='grc' dir='ltr'>διὰ</span> <span class='ocrx_word' id='word_1_509' title='bbox 2350 2345 2441 2399; x_wconf 91' lang='grc' dir='ltr'><strong>τοῦ</strong></span> <span class='ocrx_word' id='word_1_510' title='bbox 2477 2345 2706 2398; x_wconf 79' lang='grc' dir='ltr'>θανάτου</span> <span class='ocrx_word' id='word_1_511' title='bbox 2731 2340 2825 2394; x_wconf 90' lang='grc' dir='ltr'><strong>τοῦ</strong></span> <span class='ocrx_word' id='word_1_512' title='bbox 2853 2339 2988 2392; x_wconf 82' lang='grc' dir='ltr'>Θεοῦ</span> <span class='ocrx_word' id='word_1_513' title='bbox 3025 2333 3255 2406; x_wconf 88' lang='grc' dir='ltr'>Λόγου.]</span> 
     </span>
    </p>
   </div>
   <div class='ocr_carea' id='block_1_69' title="bbox 2662 2470 3032 2530">
    <p class='ocr_par' dir='ltr' id='par_1_69' title="bbox 2662 2470 3032 2530">
     <span class='ocr_line' id='line_1_69' title="bbox 2662 2470 3032 2530; baseline -0.011 0"><span class='ocrx_word' id='word_1_514' title='bbox 2662 2470 2910 2530; x_wconf 71' lang='grc' dir='ltr'><strong>ΚΕΦΑΛ.</strong></span> <span class='ocrx_word' id='word_1_515' title='bbox 2953 2477 3032 2528; x_wconf 79' lang='lat' dir='ltr'><strong>A&#39;.</strong></span> 
     </span>
    </p>
   </div>
   <div class='ocr_carea' id='block_1_70' title="bbox 2150 2581 3645 2667">
    <p class='ocr_par' dir='ltr' id='par_1_70' title="bbox 2150 2581 3645 2667">
     <span class='ocr_line' id='line_1_70' title="bbox 2150 2581 3645 2667; baseline -0.013 -16"><span class='ocrx_word' id='word_1_516' title='bbox 2150 2595 2376 2667; x_wconf 82' lang='grc' dir='ltr'>Ἀληθές</span> <span class='ocrx_word' id='word_1_517' title='bbox 2407 2595 2486 2647; x_wconf 86' lang='grc' dir='ltr'><strong>ὅτι</strong></span> <span class='ocrx_word' id='word_1_518' title='bbox 2514 2593 2654 2646; x_wconf 88' lang='grc' dir='ltr'><strong>κατά</strong></span> <span class='ocrx_word' id='word_1_519' title='bbox 2681 2590 2742 2644; x_wconf 88' lang='grc' dir='ltr'><strong>τὸ</strong></span> <span class='ocrx_word' id='word_1_520' title='bbox 2773 2585 3162 2661; x_wconf 84' lang='grc' dir='ltr'>γεγραμμένον</span> <span class='ocrx_word' id='word_1_521' title='bbox 3188 2582 3332 2636; x_wconf 80' lang='grc' dir='ltr'>ἐστί·</span> <span class='ocrx_word' id='word_1_522' title='bbox 3369 2601 3386 2632; x_wconf 75' lang='grc' dir='ltr'>ι</span> <span class='ocrx_word' id='word_1_523' title='bbox 3427 2581 3645 2641; x_wconf 76' lang='grc' dir='ltr'>Δίκαιος</span> 
     </span>
    </p>
   </div>
   <div class='ocr_carea' id='block_1_71' title="bbox 2068 2670 3653 2759">
    <p class='ocr_par' dir='ltr' id='par_1_71' title="bbox 2068 2670 3653 2759">
     <span class='ocr_line' id='line_1_71' title="bbox 2068 2670 3653 2759; baseline -0.012 -16"><span class='ocrx_word' id='word_1_524' title='bbox 2068 2689 2441 2759; x_wconf 78' lang='grc' dir='ltr'>ἀπολλύμενος</span> <span class='ocrx_word' id='word_1_525' title='bbox 2487 2687 2544 2738; x_wconf 85' lang='grc' dir='ltr'><strong>ἐν</strong></span> <span class='ocrx_word' id='word_1_526' title='bbox 2593 2682 2784 2753; x_wconf 88' lang='grc' dir='ltr'>δικαίῳ</span> <span class='ocrx_word' id='word_1_527' title='bbox 2831 2677 3078 2738; x_wconf 63' lang='grc' dir='ltr'>αὐτοῦ.)</span> <span class='ocrx_word' id='word_1_528' title='bbox 3120 2675 3414 2746; x_wconf 85' lang='grc' dir='ltr'>Ἀποφέρει</span> <span class='ocrx_word' id='word_1_529' title='bbox 3463 2674 3520 2726; x_wconf 85' lang='grc' dir='ltr'><strong>δέ</strong></span> <span class='ocrx_word' id='word_1_530' title='bbox 3553 2670 3653 2725; x_wconf 82' lang='grc' dir='ltr'><strong>τοῦ</strong></span> 
     </span>
    </p>
   </div>
   <div class='ocr_carea' id='block_1_72' title="bbox 2068 2763 3654 2846">
    <p class='ocr_par' dir='ltr' id='par_1_72' title="bbox 2068 2763 3654 2846">
     <span class='ocr_line' id='line_1_72' title="bbox 2068 2763 3654 2846; baseline -0.014 -10"><span class='ocrx_word' id='word_1_531' title='bbox 2068 2782 2296 2846; x_wconf 86' lang='grc' dir='ltr'>εἰκότος,</span> <span class='ocrx_word' id='word_1_532' title='bbox 2328 2779 2423 2832; x_wconf 76' lang='grc' dir='ltr'>καὶ</span> <span class='ocrx_word' id='word_1_533' title='bbox 2448 2777 2538 2830; x_wconf 86' lang='grc' dir='ltr'><strong>τὸν</strong></span> <span class='ocrx_word' id='word_1_534' title='bbox 2579 2772 2638 2830; x_wconf 79' lang='grc' dir='ltr'><strong>εὖ</strong></span> <span class='ocrx_word' id='word_1_535' title='bbox 2681 2773 2953 2844; x_wconf 74' lang='grc' dir='ltr'>βεϐηκότα</span> <span class='ocrx_word' id='word_1_536' title='bbox 3000 2769 3145 2832; x_wconf 89' lang='grc' dir='ltr'>νοῦν,</span> <span class='ocrx_word' id='word_1_537' title='bbox 3172 2768 3272 2838; x_wconf 84' lang='grc' dir='ltr'><strong>τὴν</strong></span> <span class='ocrx_word' id='word_1_538' title='bbox 3314 2765 3406 2819; x_wconf 88' lang='grc' dir='ltr'><strong>τοῦ</strong></span> <span class='ocrx_word' id='word_1_539' title='bbox 3442 2763 3654 2833; x_wconf 62' lang='grc' dir='ltr'>συμφέη</span> 
     </span>
    </p>
   </div>
   <div class='ocr_carea' id='block_1_73' title="bbox 2071 2855 3648 2945">
    <p class='ocr_par' dir='ltr' id='par_1_73' title="bbox 2071 2855 3648 2945">
     <span class='ocr_line' id='line_1_73' title="bbox 2071 2855 3648 2945; baseline -0.013 -18"><span class='ocrx_word' id='word_1_540' title='bbox 2071 2889 2255 2945; x_wconf 91' lang='grc' dir='ltr'>ροντος</span> <span class='ocrx_word' id='word_1_541' title='bbox 2288 2870 2506 2942; x_wconf 85' lang='grc' dir='ltr'>δόκησιν</span> <span class='ocrx_word' id='word_1_542' title='bbox 2533 2867 2843 2938; x_wconf 82' lang='grc' dir='ltr'>ὑποτρέχων</span> <span class='ocrx_word' id='word_1_543' title='bbox 2881 2862 2992 2917; x_wconf 74' lang='grc' dir='ltr'>ἔσθ’</span> <span class='ocrx_word' id='word_1_544' title='bbox 3016 2863 3126 2923; x_wconf 85' lang='grc' dir='ltr'>ὅτε,</span> <span class='ocrx_word' id='word_1_545' title='bbox 3159 2860 3220 2914; x_wconf 87' lang='grc' dir='ltr'><strong>τὸ</strong></span> <span class='ocrx_word' id='word_1_546' title='bbox 3247 2858 3495 2928; x_wconf 71' lang='grc' dir='ltr'>πεφυκὸς</span> <span class='ocrx_word' id='word_1_547' title='bbox 3529 2855 3648 2908; x_wconf 84' lang='grc' dir='ltr'>ἀδι-</span> 
     </span>
    </p>
   </div>
   <div class='ocr_carea' id='block_1_74' title="bbox 2071 2947 3651 3030">
    <p class='ocr_par' dir='ltr' id='par_1_74' title="bbox 2071 2947 3651 3030">
     <span class='ocr_line' id='line_1_74' title="bbox 2071 2947 3651 3030; baseline -0.013 -13"><span class='ocrx_word' id='word_1_548' title='bbox 2071 2965 2206 3018; x_wconf 84' lang='grc' dir='ltr'>κεῖν.</span> <span class='ocrx_word' id='word_1_549' title='bbox 2240 2962 2424 3015; x_wconf 83' lang='grc' dir='ltr'>Οἵεται</span> <span class='ocrx_word' id='word_1_550' title='bbox 2459 2959 2556 3030; x_wconf 85' lang='grc' dir='ltr'>μὲν</span> <span class='ocrx_word' id='word_1_551' title='bbox 2585 2957 2693 3029; x_wconf 85' lang='grc' dir='ltr'><strong>γὰρ</strong></span> <span class='ocrx_word' id='word_1_552' title='bbox 2721 2957 2779 3009; x_wconf 91' lang='grc' dir='ltr'><strong>οὐ</strong></span> <span class='ocrx_word' id='word_1_553' title='bbox 2823 2953 3060 3026; x_wconf 88' lang='grc' dir='ltr'>μετρίως</span> <span class='ocrx_word' id='word_1_554' title='bbox 3090 2951 3353 3014; x_wconf 67' lang='grc' dir='ltr'>ειῦσεὸετν,</span> <span class='ocrx_word' id='word_1_555' title='bbox 3388 2947 3451 3000; x_wconf 88' lang='grc' dir='ltr'><strong>τὸ</strong></span> <span class='ocrx_word' id='word_1_556' title='bbox 3481 2948 3651 2999; x_wconf 80' lang='grc' dir='ltr'>πᾶσιν</span> 
     </span>
    </p>
   </div>
   <div class='ocr_carea' id='block_1_75' title="bbox 2070 3038 3648 3124">
    <p class='ocr_par' dir='ltr' id='par_1_75' title="bbox 2070 3038 3648 3124">
     <span class='ocr_line' id='line_1_75' title="bbox 2070 3038 3648 3124; baseline -0.012 -17"><span class='ocrx_word' id='word_1_557' title='bbox 2070 3051 2498 3124; x_wconf 84' lang='grc' dir='ltr'>ὁμολογούμενον</span> <span class='ocrx_word' id='word_1_558' title='bbox 2521 3048 2809 3122; x_wconf 82' lang='grc' dir='ltr'>κρατύνειν</span> <span class='ocrx_word' id='word_1_559' title='bbox 2830 3044 3142 3116; x_wconf 79' lang='grc' dir='ltr'>ἐπιχειρῶν·</span> <span class='ocrx_word' id='word_1_560' title='bbox 3162 3042 3333 3111; x_wconf 78' lang='grc' dir='ltr'>ταύτῃ</span> <span class='ocrx_word' id='word_1_561' title='bbox 3348 3057 3428 3094; x_wconf 88' lang='grc' dir='ltr'><strong>τοι</strong></span> <span class='ocrx_word' id='word_1_562' title='bbox 3448 3038 3648 3104; x_wconf 88' lang='grc' dir='ltr'>λέγων,</span> 
     </span>
    </p>
   </div>
   <div class='ocr_carea' id='block_1_76' title="bbox 2069 3128 3654 3212">
    <p class='ocr_par' dir='ltr' id='par_1_76' title="bbox 2069 3128 3654 3212">
     <span class='ocr_line' id='line_1_76' title="bbox 2069 3128 3654 3212; baseline -0.011 -13"><span class='ocrx_word' id='word_1_563' title='bbox 2069 3147 2149 3199; x_wconf 87' lang='grc' dir='ltr'>ὃτι</span> <span class='ocrx_word' id='word_1_564' title='bbox 2176 3144 2318 3198; x_wconf 86' lang='grc' dir='ltr'>κατὰ</span> <span class='ocrx_word' id='word_1_565' title='bbox 2368 3143 2530 3212; x_wconf 80' lang='grc' dir='ltr'>φύσιν</span> <span class='ocrx_word' id='word_1_566' title='bbox 2579 3136 3001 3204; x_wconf 17' lang='grc' dir='ltr'>ἰδίαννὲπέκεινά</span> <span class='ocrx_word' id='word_1_567' title='bbox 3032 3136 3090 3188; x_wconf 85' lang='grc' dir='ltr'><strong>τέ</strong></span> <span class='ocrx_word' id='word_1_568' title='bbox 3135 3137 3252 3187; x_wconf 82' lang='grc' dir='ltr'>ἐστι</span> <span class='ocrx_word' id='word_1_569' title='bbox 3311 3130 3526 3190; x_wconf 86' lang='grc' dir='ltr'>παθῶν,</span> <span class='ocrx_word' id='word_1_570' title='bbox 3556 3128 3654 3182; x_wconf 73' lang='grc' dir='ltr'><strong>καὶ</strong></span> 
     </span>
    </p>
   </div>
   <div class='ocr_carea' id='block_1_77' title="bbox 2069 3222 3650 3305">
    <p class='ocr_par' dir='ltr' id='par_1_77' title="bbox 2069 3222 3650 3305">
     <span class='ocr_line' id='line_1_77' title="bbox 2069 3222 3650 3305; baseline -0.011 -15"><span class='ocrx_word' id='word_1_571' title='bbox 2069 3236 2301 3290; x_wconf 87' lang='grc' dir='ltr'>θανάτου</span> <span class='ocrx_word' id='word_1_572' title='bbox 2331 3235 2596 3305; x_wconf 85' lang='grc' dir='ltr'>κρείττων</span> <span class='ocrx_word' id='word_1_573' title='bbox 2625 3232 2697 3295; x_wconf 89' lang='grc' dir='ltr'>ὼς</span> <span class='ocrx_word' id='word_1_574' title='bbox 2727 3231 2859 3294; x_wconf 85' lang='grc' dir='ltr'>Θεὸς</span> <span class='ocrx_word' id='word_1_575' title='bbox 2887 3232 2915 3284; x_wconf 91' lang='lat'><strong>6</strong></span> <span class='ocrx_word' id='word_1_576' title='bbox 2947 3229 3011 3281; x_wconf 84' lang='grc' dir='ltr'><strong>ἐκ</strong></span> <span class='ocrx_word' id='word_1_577' title='bbox 3040 3225 3173 3280; x_wconf 82' lang='grc' dir='ltr'>Θεοῦ</span> <span class='ocrx_word' id='word_1_578' title='bbox 3214 3223 3426 3292; x_wconf 75' lang='grc' dir='ltr'>[ἰατρὸς</span> <span class='ocrx_word' id='word_1_579' title='bbox 3452 3222 3650 3290; x_wconf 84' lang='grc' dir='ltr'>Λόγος·</span> 
     </span>
    </p>
   </div>
   <div class='ocr_carea' id='block_1_78' title="bbox 2069 3311 3655 3396">
    <p class='ocr_par' dir='ltr' id='par_1_78' title="bbox 2069 3311 3655 3396">
     <span class='ocr_line' id='line_1_78' title="bbox 2069 3311 3655 3396; baseline -0.012 -14"><span class='ocrx_word' id='word_1_580' title='bbox 2069 3326 2288 3396; x_wconf 86' lang='grc' dir='ltr'>τεθναίη</span> <span class='ocrx_word' id='word_1_581' title='bbox 2315 3327 2422 3396; x_wconf 86' lang='grc' dir='ltr'><strong>γὰρ</strong></span> <span class='ocrx_word' id='word_1_582' title='bbox 2447 3325 2512 3377; x_wconf 84' lang='grc' dir='ltr'>ἂν</span> <span class='ocrx_word' id='word_1_583' title='bbox 2537 3322 2680 3376; x_wconf 86' lang='grc' dir='ltr'>κατά</span> <span class='ocrx_word' id='word_1_584' title='bbox 2707 3339 2828 3375; x_wconf 87' lang='grc' dir='ltr'>τινα</span> <span class='ocrx_word' id='word_1_585' title='bbox 2851 3321 3051 3391; x_wconf 88' lang='grc' dir='ltr'>τρόπον</span> <span class='ocrx_word' id='word_1_586' title='bbox 3077 3320 3109 3388; x_wconf 85' lang='grc' dir='ltr'>ἡ</span> <span class='ocrx_word' id='word_1_587' title='bbox 3143 3316 3255 3386; x_wconf 85' lang='grc' dir='ltr'><strong>ζωή</strong></span> <span class='ocrx_word' id='word_1_588' title='bbox 3279 3333 3292 3347; x_wconf 86' lang='grc'><strong>·</strong></span> <span class='ocrx_word' id='word_1_589' title='bbox 3319 3311 3655 3385; x_wconf 84' lang='grc' dir='ltr'>προσκρούει</span> 
     </span>
    </p>
   </div>
   <div class='ocr_carea' id='block_1_79' title="bbox 2072 3404 3657 3488">
    <p class='ocr_par' dir='ltr' id='par_1_79' title="bbox 2072 3404 3657 3488">
     <span class='ocr_line' id='line_1_79' title="bbox 2072 3404 3657 3488; baseline -0.009 -18"><span class='ocrx_word' id='word_1_590' title='bbox 2072 3435 2135 3486; x_wconf 89' lang='grc' dir='ltr'><strong>γε</strong></span> <span class='ocrx_word' id='word_1_591' title='bbox 2168 3417 2271 3488; x_wconf 83' lang='grc' dir='ltr'><strong>μὴν</strong></span> <span class='ocrx_word' id='word_1_592' title='bbox 2292 3417 2446 3488; x_wconf 74' lang='grc' dir='ltr'>οὐδέν</span> <span class='ocrx_word' id='word_1_593' title='bbox 2476 3410 2639 3486; x_wconf 85' lang='grc' dir='ltr'>ἦττον</span> <span class='ocrx_word' id='word_1_594' title='bbox 2669 3413 2762 3467; x_wconf 69' lang='grc' dir='ltr'><strong>καὶ</strong></span> <span class='ocrx_word' id='word_1_595' title='bbox 2804 3410 2899 3465; x_wconf 87' lang='grc' dir='ltr'><strong>νῦν</strong></span> <span class='ocrx_word' id='word_1_596' title='bbox 2926 3413 3039 3474; x_wconf 87' lang='grc' dir='ltr'>τοῖς</span> <span class='ocrx_word' id='word_1_597' title='bbox 3079 3410 3178 3479; x_wconf 81' lang='grc' dir='ltr'><strong>τῆς</strong></span> <span class='ocrx_word' id='word_1_598' title='bbox 3214 3406 3542 3476; x_wconf 84' lang='grc' dir='ltr'>Ἐκκλησίας</span> <span class='ocrx_word' id='word_1_599' title='bbox 3569 3404 3657 3458; x_wconf 88' lang='grc' dir='ltr'>δό-</span> 
     </span>
    </p>
   </div>
   <div class='ocr_carea' id='block_1_80' title="bbox 2071 3497 3657 3578">
    <p class='ocr_par' dir='ltr' id='par_1_80' title="bbox 2071 3497 3657 3578">
     <span class='ocr_line' id='line_1_80' title="bbox 2071 3497 3657 3578; baseline -0.009 -15"><span class='ocrx_word' id='word_1_600' title='bbox 2071 3527 2268 3578; x_wconf 90' lang='grc' dir='ltr'>γμασι,</span> <span class='ocrx_word' id='word_1_601' title='bbox 2295 3508 2394 3578; x_wconf 86' lang='grc' dir='ltr'>τῆς</span> <span class='ocrx_word' id='word_1_602' title='bbox 2427 3507 2564 3577; x_wconf 87' lang='grc' dir='ltr'><strong>μετά</strong></span> <span class='ocrx_word' id='word_1_603' title='bbox 2593 3505 2796 3576; x_wconf 87' lang='grc' dir='ltr'>σαρκὸς</span> <span class='ocrx_word' id='word_1_604' title='bbox 2825 3502 3135 3573; x_wconf 89' lang='grc' dir='ltr'>οἰκονομίας</span> <span class='ocrx_word' id='word_1_605' title='bbox 3168 3499 3260 3554; x_wconf 91' lang='grc' dir='ltr'><strong>τοῦ</strong></span> <span class='ocrx_word' id='word_1_606' title='bbox 3308 3497 3657 3565; x_wconf 88' lang='grc' dir='ltr'>Μονογενοῦς</span> 
     </span>
    </p>
   </div>
   <div class='ocr_carea' id='block_1_81' title="bbox 2071 3588 3652 3670">
    <p class='ocr_par' dir='ltr' id='par_1_81' title="bbox 2071 3588 3652 3670">
     <span class='ocr_line' id='line_1_81' title="bbox 2071 3588 3652 3670; baseline -0.008 -16"><span class='ocrx_word' id='word_1_607' title='bbox 2071 3602 2150 3664; x_wconf 89' lang='grc' dir='ltr'><strong>είς</strong></span> <span class='ocrx_word' id='word_1_608' title='bbox 2181 3600 2327 3654; x_wconf 74' lang='grc' dir='ltr'>ἅπαν</span> <span class='ocrx_word' id='word_1_609' title='bbox 2374 3597 2708 3670; x_wconf 81' lang='grc' dir='ltr'>ὴφειδηκὼς,</span> <span class='ocrx_word' id='word_1_610' title='bbox 2761 3595 2853 3650; x_wconf 73' lang='lat' dir='ltr'><strong>mi.</strong></span> <span class='ocrx_word' id='word_1_611' title='bbox 2885 3593 2978 3649; x_wconf 85' lang='grc' dir='ltr'><strong>τοῦ</strong></span> <span class='ocrx_word' id='word_1_612' title='bbox 3023 3593 3323 3665; x_wconf 76' lang='grc' dir='ltr'>μυστηρίου</span> <span class='ocrx_word' id='word_1_613' title='bbox 3361 3591 3424 3644; x_wconf 90' lang='grc' dir='ltr'><strong>τὸ</strong></span> <span class='ocrx_word' id='word_1_614' title='bbox 3485 3588 3652 3660; x_wconf 83' lang='grc' dir='ltr'>βάθος</span> 
     </span>
    </p>
   </div>
   <div class='ocr_carea' id='block_1_82' title="bbox 2072 3669 3650 3761">
    <p class='ocr_par' dir='ltr' id='par_1_82' title="bbox 2072 3669 3650 3761">
     <span class='ocr_line' id='line_1_82' title="bbox 2072 3669 3650 3761; baseline -0.009 -15"><span class='ocrx_word' id='word_1_615' title='bbox 2072 3695 2193 3746; x_wconf 89' lang='grc' dir='ltr'>κατ’</span> <span class='ocrx_word' id='word_1_616' title='bbox 2226 3669 2416 3745; x_wconf 84' lang='grc' dir='ltr'>οὐδένα</span> <span class='ocrx_word' id='word_1_617' title='bbox 2459 3669 2659 3761; x_wconf 76' lang='grc' dir='ltr'>τρόπον</span> <span class='ocrx_word' id='word_1_618' title='bbox 2687 3687 2903 3742; x_wconf 86' lang='grc' dir='ltr'>ἐννοῶν.</span> <span class='ocrx_word' id='word_1_619' title='bbox 2935 3687 2997 3740; x_wconf 89' lang='grc' dir='ltr'>Εἰ</span> <span class='ocrx_word' id='word_1_620' title='bbox 3037 3688 3132 3756; x_wconf 83' lang='grc' dir='ltr'><strong>μέν</strong></span> <span class='ocrx_word' id='word_1_621' title='bbox 3155 3681 3463 3750; x_wconf 78' lang='grc' dir='ltr'>ἐξετάζοιτο</span> <span class='ocrx_word' id='word_1_622' title='bbox 3511 3680 3650 3751; x_wconf 85' lang='grc' dir='ltr'>πρὸς</span> 
     </span>
    </p>
   </div>
   <div class='ocr_carea' id='block_1_83' title="bbox 2073 3771 3651 3852">
    <p class='ocr_par' dir='ltr' id='par_1_83' title="bbox 2073 3771 3651 3852">
     <span class='ocr_line' id='line_1_83' title="bbox 2073 3771 3651 3852; baseline -0.01 -18"><span class='ocrx_word' id='word_1_623' title='bbox 2073 3780 2232 3852; x_wconf 84' lang='grc' dir='ltr'>ήμῶν</span> <span class='ocrx_word' id='word_1_624' title='bbox 2263 3780 2423 3834; x_wconf 90' lang='grc' dir='ltr'>ὁποία</span> <span class='ocrx_word' id='word_1_625' title='bbox 2442 3779 2524 3840; x_wconf 89' lang='grc' dir='ltr'><strong>τίς</strong></span> <span class='ocrx_word' id='word_1_626' title='bbox 2557 3780 2703 3830; x_wconf 87' lang='grc' dir='ltr'>ἐστιν</span> <span class='ocrx_word' id='word_1_627' title='bbox 2734 3779 2766 3847; x_wconf 80' lang='grc' dir='ltr'>ἡ</span> <span class='ocrx_word' id='word_1_628' title='bbox 2792 3775 2886 3829; x_wconf 92' lang='grc' dir='ltr'><strong>τοῦ</strong></span> <span class='ocrx_word' id='word_1_629' title='bbox 2909 3774 3080 3841; x_wconf 86' lang='grc' dir='ltr'>Λόγου</span> <span class='ocrx_word' id='word_1_630' title='bbox 3109 3772 3290 3841; x_wconf 85' lang='grc' dir='ltr'>φύσις,</span> <span class='ocrx_word' id='word_1_631' title='bbox 3317 3772 3485 3842; x_wconf 70' lang='grc' dir='ltr'>ἧγουν</span> <span class='ocrx_word' id='word_1_632' title='bbox 3515 3771 3651 3840; x_wconf 85' lang='grc' dir='ltr'>ἐρω-</span> 
     </span>
    </p>
   </div>
   <div class='ocr_carea' id='block_1_84' title="bbox 2077 3859 3650 3944">
    <p class='ocr_par' dir='ltr' id='par_1_84' title="bbox 2077 3859 3650 3944">
     <span class='ocr_line' id='line_1_84' title="bbox 2077 3859 3650 3944; baseline -0.008 -19"><span class='ocrx_word' id='word_1_633' title='bbox 2077 3872 2256 3944; x_wconf 86' lang='grc' dir='ltr'>μένοις</span> <span class='ocrx_word' id='word_1_634' title='bbox 2298 3871 2393 3925; x_wconf 78' lang='grc' dir='ltr'>καὶ</span> <span class='ocrx_word' id='word_1_635' title='bbox 2441 3869 2738 3938; x_wconf 87' lang='grc' dir='ltr'>ἁναμαθεῖν</span> <span class='ocrx_word' id='word_1_636' title='bbox 2784 3867 3056 3920; x_wconf 81' lang='grc' dir='ltr'>ἐθέλουσιν</span> <span class='ocrx_word' id='word_1_637' title='bbox 3098 3865 3324 3935; x_wconf 78' lang='grc' dir='ltr'>ἑτέροις,</span> <span class='ocrx_word' id='word_1_638' title='bbox 3367 3862 3516 3932; x_wconf 81' lang='grc' dir='ltr'>ἡμᾶς</span> <span class='ocrx_word' id='word_1_639' title='bbox 3567 3859 3650 3922; x_wconf 82' lang='grc' dir='ltr'>ἐξ·</span> 
     </span>
    </p>
   </div>
   <div class='ocr_carea' id='block_1_85' title="bbox 2073 3951 3660 4034">
    <p class='ocr_par' dir='ltr' id='par_1_85' title="bbox 2073 3951 3660 4034">
     <span class='ocr_line' id='line_1_85' title="bbox 2073 3951 3660 4034; baseline -0.007 -20"><span class='ocrx_word' id='word_1_640' title='bbox 2073 3951 2324 4034; x_wconf 80' lang='grc' dir='ltr'>ηγείσθαι</span> <span class='ocrx_word' id='word_1_641' title='bbox 2355 3960 2457 4032; x_wconf 86' lang='grc' dir='ltr'>χρή</span> <span class='ocrx_word' id='word_1_642' title='bbox 2484 3977 2497 3990; x_wconf 75' lang='grc' dir='ltr'><strong><em>ο</em></strong></span> <span class='ocrx_word' id='word_1_643' title='bbox 2538 3956 2604 4029; x_wconf 83' lang='grc' dir='ltr'>ἦν</span> <span class='ocrx_word' id='word_1_644' title='bbox 2634 3959 2697 4028; x_wconf 85' lang='grc' dir='ltr'>δή</span> <span class='ocrx_word' id='word_1_645' title='bbox 2735 3974 2836 4010; x_wconf 88' lang='grc' dir='ltr'><strong>που</strong></span> <span class='ocrx_word' id='word_1_646' title='bbox 2869 3955 3086 4018; x_wconf 87' lang='grc' dir='ltr'>πάντως</span> <span class='ocrx_word' id='word_1_647' title='bbox 3112 3953 3402 4008; x_wconf 86' lang='grc' dir='ltr'>ἀκόλουθόν</span> <span class='ocrx_word' id='word_1_648' title='bbox 3447 3971 3508 4005; x_wconf 90' lang='grc' dir='ltr'><strong>τε</strong></span> <span class='ocrx_word' id='word_1_649' title='bbox 3561 3952 3660 4004; x_wconf 73' lang='grc' dir='ltr'>καὶ</span> 
     </span>
    </p>
   </div>
   <div class='ocr_carea' id='block_1_86' title="bbox 2075 4040 3660 4125">
    <p class='ocr_par' dir='ltr' id='par_1_86' title="bbox 2075 4040 3660 4125">
     <span class='ocr_line' id='line_1_86' title="bbox 2075 4040 3660 4125; baseline -0.011 -17"><span class='ocrx_word' id='word_1_650' title='bbox 2075 4055 2393 4125; x_wconf 85' lang='grc' dir='ltr'>ἀναγκαῖον,</span> <span class='ocrx_word' id='word_1_651' title='bbox 2432 4051 2519 4105; x_wconf 80' lang='grc' dir='ltr'>διὰ</span> <span class='ocrx_word' id='word_1_652' title='bbox 2552 4051 2732 4120; x_wconf 87' lang='grc' dir='ltr'>πάσης</span> <span class='ocrx_word' id='word_1_653' title='bbox 2760 4048 2966 4111; x_wconf 88' lang='grc' dir='ltr'>ἐννοίας</span> <span class='ocrx_word' id='word_1_654' title='bbox 3005 4046 3175 4114; x_wconf 77' lang='grc' dir='ltr'>σοφῆς</span> <span class='ocrx_word' id='word_1_655' title='bbox 3205 4061 3265 4097; x_wconf 91' lang='grc' dir='ltr'><strong>τε</strong></span> <span class='ocrx_word' id='word_1_656' title='bbox 3297 4044 3392 4096; x_wconf 70' lang='grc' dir='ltr'><strong>καὶ</strong></span> <span class='ocrx_word' id='word_1_657' title='bbox 3418 4040 3660 4111; x_wconf 78' lang='grc' dir='ltr'>ἀληθοῦς</span> 
     </span>
    </p>
   </div>
   <div class='ocr_carea' id='block_1_87' title="bbox 2062 4131 3665 4210">
    <p class='ocr_par' dir='ltr' id='par_1_87' title="bbox 2062 4131 3665 4210">
     <span class='ocr_line' id='line_1_87' title="bbox 2062 4131 3665 4210; baseline -0.011 -11"><span class='ocrx_word' id='word_1_658' title='bbox 2062 4147 2216 4199; x_wconf 87' lang='grc' dir='ltr'>-ἰέναι</span> <span class='ocrx_word' id='word_1_659' title='bbox 2264 4142 2684 4206; x_wconf 79' lang='grc' dir='ltr'>σπουδάζοντας,</span> <span class='ocrx_word' id='word_1_660' title='bbox 2737 4139 3030 4210; x_wconf 82' lang='grc' dir='ltr'>ἀπρόσιτον</span> <span class='ocrx_word' id='word_1_661' title='bbox 3078 4133 3246 4205; x_wconf 80' lang='grc' dir='ltr'>αὐτὴν</span> <span class='ocrx_word' id='word_1_662' title='bbox 3299 4131 3377 4201; x_wconf 82' lang='grc' dir='ltr'>τῷ</span> <span class='ocrx_word' id='word_1_663' title='bbox 3437 4131 3665 4198; x_wconf 74' lang='grc' dir='ltr'>θανάτῳ</span> 
     </span>
    </p>
   </div>
   <div class='ocr_carea' id='block_1_88' title="bbox 2075 4222 3662 4298">
    <p class='ocr_par' dir='ltr' id='par_1_88' title="bbox 2075 4222 3662 4298">
     <span class='ocr_line' id='line_1_88' title="bbox 2075 4222 3662 4298; baseline -0.011 -7"><span class='ocrx_word' id='word_1_664' title='bbox 2075 4237 2360 4297; x_wconf 85' lang='grc' dir='ltr'>δεικνύειν,</span> <span class='ocrx_word' id='word_1_665' title='bbox 2390 4235 2484 4288; x_wconf 68' lang='grc' dir='ltr'><strong>καὶ</strong></span> <span class='ocrx_word' id='word_1_666' title='bbox 2511 4232 2698 4286; x_wconf 82' lang='grc' dir='ltr'>παθῶν</span> <span class='ocrx_word' id='word_1_667' title='bbox 2727 4233 2808 4294; x_wconf 89' lang='grc' dir='ltr'><strong>εἰς</strong></span> <span class='ocrx_word' id='word_1_668' title='bbox 2834 4231 2978 4284; x_wconf 76' lang='grc' dir='ltr'>ἅπαν</span> <span class='ocrx_word' id='word_1_669' title='bbox 3016 4225 3462 4298; x_wconf 85' lang='grc' dir='ltr'>ἀπηλλαγμένην.</span> <span class='ocrx_word' id='word_1_670' title='bbox 3503 4222 3662 4276; x_wconf 78' lang='grc' dir='ltr'>Ἐπεὶ</span> 
     </span>
    </p>
   </div>
   <div class='ocr_carea' id='block_1_89' title="bbox 401 4316 1965 4400">
    <p class='ocr_par' dir='ltr' id='par_1_89' title="bbox 401 4316 1965 4386">
     <span class='ocr_line' id='line_1_89' title="bbox 401 4316 1965 4386; baseline -0.001 -17"><span class='ocrx_word' id='word_1_671' title='bbox 401 4317 454 4369; x_wconf 89' lang='lat' dir='ltr'><strong>in</strong></span> <span class='ocrx_word' id='word_1_672' title='bbox 477 4318 787 4371; x_wconf 86' lang='lat' dir='ltr'><strong>universum</strong></span> <span class='ocrx_word' id='word_1_673' title='bbox 812 4333 840 4370; x_wconf 90' lang='lat' dir='ltr'><strong>a</strong></span> <span class='ocrx_word' id='word_1_674' title='bbox 866 4316 1208 4386; x_wconf 86' lang='lat' dir='ltr'><strong>passionibus</strong></span> <span class='ocrx_word' id='word_1_675' title='bbox 1228 4330 1346 4369; x_wconf 88' lang='lat' dir='ltr'><strong>esse</strong></span> <span class='ocrx_word' id='word_1_676' title='bbox 1369 4323 1629 4369; x_wconf 89' lang='lat' dir='ltr'><strong>remotam</strong></span> <span class='ocrx_word' id='word_1_677' title='bbox 1659 4316 1965 4370; x_wconf 89' lang='lat' dir='ltr'><strong>ostendere.</strong></span> 
     </span>
    </p>
   </div>
   <div class='ocr_carea' id='block_1_90' title="bbox 2068 4316 3664 4400">
    <p class='ocr_par' dir='ltr' id='par_1_90' title="bbox 2075 4317 3664 4400">
     <span class='ocr_line' id='line_1_90' title="bbox 2075 4317 3664 4400; baseline -0.01 -16"><span class='ocrx_word' id='word_1_678' title='bbox 2075 4332 2130 4384; x_wconf 88' lang='grc' dir='ltr'><strong>δέ</strong></span> <span class='ocrx_word' id='word_1_679' title='bbox 2159 4332 2187 4384; x_wconf 93' lang='lat'><strong>6</strong></span> <span class='ocrx_word' id='word_1_680' title='bbox 2209 4331 2308 4400; x_wconf 75' lang='grc' dir='ltr'>τῆς</span> <span class='ocrx_word' id='word_1_681' title='bbox 2345 4327 2812 4399; x_wconf 86' lang='grc' dir='ltr'>ἐνανθρωπήσεως</span> <span class='ocrx_word' id='word_1_682' title='bbox 2841 4322 3042 4395; x_wconf 88' lang='grc' dir='ltr'>τρόπος</span> <span class='ocrx_word' id='word_1_683' title='bbox 3075 4321 3288 4374; x_wconf 89' lang='grc' dir='ltr'>δίδωσιν</span> <span class='ocrx_word' id='word_1_684' title='bbox 3315 4317 3463 4389; x_wconf 80' lang='grc' dir='ltr'>αὐτῷ</span> <span class='ocrx_word' id='word_1_685' title='bbox 3492 4317 3556 4369; x_wconf 91' lang='grc' dir='ltr'>τὸ</span> <span class='ocrx_word' id='word_1_686' title='bbox 3593 4334 3664 4384; x_wconf 88' lang='grc' dir='ltr'><strong>γε</strong></span> 
     </span>
    </p>
   </div>
   <div class='ocr_carea' id='block_1_91' title="bbox 402 4404 1973 4476">
    <p class='ocr_par' dir='ltr' id='par_1_91' title="bbox 402 4404 1973 4476">
     <span class='ocr_line' id='line_1_91' title="bbox 402 4404 1973 4476; baseline -0.001 -16"><span class='ocrx_word' id='word_1_687' title='bbox 402 4408 673 4473; x_wconf 79' lang='lat' dir='ltr'><strong>Quoniam</strong></span> <span class='ocrx_word' id='word_1_688' title='bbox 710 4423 839 4462; x_wconf 89' lang='lat' dir='ltr'><strong>vero</strong></span> <span class='ocrx_word' id='word_1_689' title='bbox 868 4409 1058 4462; x_wconf 89' lang='lat' dir='ltr'><strong>modus</strong></span> <span class='ocrx_word' id='word_1_690' title='bbox 1083 4421 1190 4476; x_wconf 92' lang='lat' dir='ltr'><strong>quo</strong></span> <span class='ocrx_word' id='word_1_691' title='bbox 1214 4406 1305 4460; x_wconf 91' lang='lat' dir='ltr'><strong>ille</strong></span> <span class='ocrx_word' id='word_1_692' title='bbox 1333 4404 1507 4460; x_wconf 79' lang='lat' dir='ltr'><strong>factus</strong></span> <span class='ocrx_word' id='word_1_693' title='bbox 1537 4416 1619 4459; x_wconf 91' lang='lat' dir='ltr'><strong>est</strong></span> <span class='ocrx_word' id='word_1_694' title='bbox 1650 4406 1829 4470; x_wconf 79' lang='lat' dir='ltr'><strong>homo,</strong></span> <span class='ocrx_word' id='word_1_695' title='bbox 1859 4405 1973 4460; x_wconf 76' lang='lat' dir='ltr'><strong>elli-</strong></span> 
     </span>
    </p>
   </div>
   <div class='ocr_carea' id='block_1_92' title="bbox 401 4495 1976 4569">
    <p class='ocr_par' dir='ltr' id='par_1_92' title="bbox 401 4495 1976 4569">
     <span class='ocr_line' id='line_1_92' title="bbox 401 4495 1976 4569; baseline -0.002 -18"><span class='ocrx_word' id='word_1_696' title='bbox 401 4500 511 4563; x_wconf 86' lang='lat' dir='ltr'><strong>cit,</strong></span> <span class='ocrx_word' id='word_1_697' title='bbox 566 4499 708 4569; x_wconf 88' lang='lat' dir='ltr'><strong>quod</strong></span> <span class='ocrx_word' id='word_1_698' title='bbox 766 4498 833 4552; x_wconf 90' lang='lat' dir='ltr'><strong>ad</strong></span> <span class='ocrx_word' id='word_1_699' title='bbox 885 4497 1124 4552; x_wconf 87' lang='lat' dir='ltr'><strong>rationes</strong></span> <span class='ocrx_word' id='word_1_700' title='bbox 1166 4495 1585 4566; x_wconf 79' lang='lat' dir='ltr'><strong>dispensationis</strong></span> <span class='ocrx_word' id='word_1_701' title='bbox 1634 4497 1858 4561; x_wconf 88' lang='lat' dir='ltr'><strong>attinet,</strong></span> <span class='ocrx_word' id='word_1_702' title='bbox 1917 4503 1976 4550; x_wconf 94' lang='lat' dir='ltr'><strong>ut</strong></span> 
     </span>
    </p>
   </div>
   <div class='ocr_carea' id='block_1_93' title="bbox 401 4587 1972 4656">
    <p class='ocr_par' dir='ltr' id='par_1_93' title="bbox 401 4587 1972 4656">
     <span class='ocr_line' id='line_1_93' title="bbox 401 4587 1972 4656; baseline -0.001 -15"><span class='ocrx_word' id='word_1_703' title='bbox 401 4589 614 4643; x_wconf 89' lang='lat' dir='ltr'><strong>etiamsi</strong></span> <span class='ocrx_word' id='word_1_704' title='bbox 657 4602 823 4644; x_wconf 91' lang='lat' dir='ltr'><strong>carne</strong></span> <span class='ocrx_word' id='word_1_705' title='bbox 873 4591 1010 4644; x_wconf 89' lang='lat' dir='ltr'><strong>mori</strong></span> <span class='ocrx_word' id='word_1_706' title='bbox 1039 4589 1190 4655; x_wconf 84' lang='lat' dir='ltr'><strong>velit,</strong></span> <span class='ocrx_word' id='word_1_707' title='bbox 1246 4587 1381 4643; x_wconf 92' lang='lat' dir='ltr'><strong>nihil</strong></span> <span class='ocrx_word' id='word_1_708' title='bbox 1427 4588 1480 4642; x_wconf 91' lang='lat' dir='ltr'><strong>in</strong></span> <span class='ocrx_word' id='word_1_709' title='bbox 1517 4587 1731 4656; x_wconf 88' lang='lat' dir='ltr'><strong>propria</strong></span> <span class='ocrx_word' id='word_1_710' title='bbox 1785 4597 1972 4640; x_wconf 87' lang='lat' dir='ltr'><strong>natura</strong></span> 
     </span>
    </p>
   </div>
   <div class='ocr_carea' id='block_1_94' title="bbox 404 4669 1977 4752">
    <p class='ocr_par' dir='ltr' id='par_1_94' title="bbox 404 4669 1977 4752">
     <span class='ocr_line' id='line_1_94' title="bbox 404 4669 1977 4752; baseline 0.002 -21"><span class='ocrx_word' id='word_1_711' title='bbox 404 4680 681 4748; x_wconf 87' lang='lat' dir='ltr'><strong>patiatur;</strong></span> <span class='ocrx_word' id='word_1_712' title='bbox 713 4695 812 4735; x_wconf 88' lang='lat' dir='ltr'><strong>cur</strong></span> <span class='ocrx_word' id='word_1_713' title='bbox 843 4669 941 4736; x_wconf 83' lang='lat' dir='ltr'><strong>nos</strong></span> <span class='ocrx_word' id='word_1_714' title='bbox 967 4683 1167 4751; x_wconf 80' lang='lat' dir='ltr'><strong>spolias</strong></span> <span class='ocrx_word' id='word_1_715' title='bbox 1195 4681 1576 4752; x_wconf 89' lang='lat' dir='ltr'><strong>pulcherrimis</strong></span> <span class='ocrx_word' id='word_1_716' title='bbox 1601 4681 1977 4752; x_wconf 57' lang='lat' dir='ltr'><strong>ornamentisf.l</strong></span> 
     </span>
    </p>
   </div>
   <div class='ocr_carea' id='block_1_95' title="bbox 402 4758 1973 4841">
    <p class='ocr_par' dir='ltr' id='par_1_95' title="bbox 402 4758 1973 4841">
     <span class='ocr_line' id='line_1_95' title="bbox 402 4758 1973 4841; baseline 0.001 -14"><span class='ocrx_word' id='word_1_717' title='bbox 402 4773 612 4827; x_wconf 82' lang='lat' dir='ltr'><strong>Audisti</strong></span> <span class='ocrx_word' id='word_1_718' title='bbox 651 4789 884 4841; x_wconf 88' lang='lat' dir='ltr'><strong>namque</strong></span> <span class='ocrx_word' id='word_1_719' title='bbox 913 4758 1177 4830; x_wconf 84' lang='lat' dir='ltr'><strong>dicentem</strong></span> <span class='ocrx_word' id='word_1_720' title='bbox 1207 4790 1221 4826; x_wconf 90' lang='lat'><strong>:</strong></span> <span class='ocrx_word' id='word_1_721' title='bbox 1264 4793 1283 4826; x_wconf 78' lang='grc' dir='ltr'><strong>ι</strong></span> <span class='ocrx_word' id='word_1_722' title='bbox 1313 4773 1506 4829; x_wconf 85' lang='lat' dir='ltr'><strong>Pastor</strong></span> <span class='ocrx_word' id='word_1_723' title='bbox 1535 4774 1710 4830; x_wconf 88' lang='lat' dir='ltr'><strong>bonus</strong></span> <span class='ocrx_word' id='word_1_724' title='bbox 1738 4774 1973 4828; x_wconf 89' lang='lat' dir='ltr'><strong>animam</strong></span> 
     </span>
    </p>
   </div>
   <div class='ocr_carea' id='block_1_96' title="bbox 405 4864 1978 4936">
    <p class='ocr_par' dir='ltr' id='par_1_96' title="bbox 405 4864 1978 4936">
     <span class='ocr_line' id='line_1_96' title="bbox 405 4864 1978 4936; baseline 0.003 -19"><span class='ocrx_word' id='word_1_725' title='bbox 405 4879 561 4917; x_wconf 88' lang='lat' dir='ltr'><strong>suam</strong></span> <span class='ocrx_word' id='word_1_726' title='bbox 601 4864 755 4932; x_wconf 91' lang='lat' dir='ltr'><strong>ponit</strong></span> <span class='ocrx_word' id='word_1_727' title='bbox 796 4879 895 4932; x_wconf 87' lang='lat' dir='ltr'><strong>pro</strong></span> <span class='ocrx_word' id='word_1_728' title='bbox 924 4867 1115 4920; x_wconf 84' lang='lat' dir='ltr'><strong>nvibus</strong></span> <span class='ocrx_word' id='word_1_729' title='bbox 1147 4867 1213 4920; x_wconf 75' lang='lat'><strong>“.</strong></span> <span class='ocrx_word' id='word_1_730' title='bbox 1255 4885 1272 4916; x_wconf 75' lang='grc' dir='ltr'><strong>ι</strong></span> <span class='ocrx_word' id='word_1_731' title='bbox 1307 4865 1475 4936; x_wconf 81' lang='lat' dir='ltr'><strong>Igitur</strong></span> <span class='ocrx_word' id='word_1_732' title='bbox 1531 4867 1742 4921; x_wconf 90' lang='lat' dir='ltr'><strong>etiamsi</strong></span> <span class='ocrx_word' id='word_1_733' title='bbox 1787 4881 1978 4935; x_wconf 87' lang='lat' dir='ltr'><strong>passus</strong></span> 
     </span>
    </p>
   </div>
   <div class='ocr_carea' id='block_1_97' title="bbox 404 4956 1979 5028">
    <p class='ocr_par' dir='ltr' id='par_1_97' title="bbox 404 4956 1979 5028">
     <span class='ocr_line' id='line_1_97' title="bbox 404 4956 1979 5028; baseline 0 -16"><span class='ocrx_word' id='word_1_734' title='bbox 404 4972 526 5013; x_wconf 87' lang='lat' dir='ltr'><strong>esse</strong></span> <span class='ocrx_word' id='word_1_735' title='bbox 555 4957 789 5020; x_wconf 85' lang='lat' dir='ltr'><strong>dicatur,</strong></span> <span class='ocrx_word' id='word_1_736' title='bbox 819 4956 1204 5025; x_wconf 85' lang='lat' dir='ltr'><strong>impassibilem</strong></span> <span class='ocrx_word' id='word_1_737' title='bbox 1239 4959 1484 5011; x_wconf 90' lang='lat' dir='ltr'><strong>novimus</strong></span> <span class='ocrx_word' id='word_1_738' title='bbox 1523 4967 1585 5010; x_wconf 91' lang='lat' dir='ltr'><strong>ut</strong></span> <span class='ocrx_word' id='word_1_739' title='bbox 1635 4958 1822 5024; x_wconf 91' lang='lat' dir='ltr'><strong>Deum,</strong></span> <span class='ocrx_word' id='word_1_740' title='bbox 1855 4972 1979 5028; x_wconf 89' lang='lat' dir='ltr'><strong>pas-</strong></span> 
     </span>
    </p>
   </div>
   <div class='ocr_carea' id='block_1_98' title="bbox 410 5046 1980 5116">
    <p class='ocr_par' dir='ltr' id='par_1_98' title="bbox 410 5046 1980 5116">
     <span class='ocr_line' id='line_1_98' title="bbox 410 5046 1980 5116; baseline 0.001 -15"><span class='ocrx_word' id='word_1_741' title='bbox 410 5064 527 5101; x_wconf 88' lang='lat' dir='ltr'><strong>sum</strong></span> <span class='ocrx_word' id='word_1_742' title='bbox 566 5063 690 5103; x_wconf 80' lang='lat' dir='ltr'><strong>vero</strong></span> <span class='ocrx_word' id='word_1_743' title='bbox 727 5062 845 5104; x_wconf 87' lang='lat' dir='ltr'><strong>esse</strong></span> <span class='ocrx_word' id='word_1_744' title='bbox 887 5055 1112 5101; x_wconf 88' lang='lat' dir='ltr'><strong>mortem</strong></span> <span class='ocrx_word' id='word_1_745' title='bbox 1150 5046 1540 5116; x_wconf 81' lang='lat' dir='ltr'><strong>dispensatorie</strong></span> <span class='ocrx_word' id='word_1_746' title='bbox 1571 5063 1662 5102; x_wconf 90' lang='lat' dir='ltr'><strong>sua</strong></span> <span class='ocrx_word' id='word_1_747' title='bbox 1705 5063 1869 5103; x_wconf 79' lang='lat' dir='ltr'><strong>carne</strong></span> <span class='ocrx_word' id='word_1_748' title='bbox 1898 5049 1980 5103; x_wconf 81' lang='lat' dir='ltr'><strong>di—</strong></span> 
     </span>
    </p>
   </div>
   <div class='ocr_carea' id='block_1_99' title="bbox 405 5139 1981 5210">
    <p class='ocr_par' dir='ltr' id='par_1_99' title="bbox 405 5139 1981 5210">
     <span class='ocr_line' id='line_1_99' title="bbox 405 5139 1981 5210; baseline 0.001 -14"><span class='ocrx_word' id='word_1_749' title='bbox 405 5142 598 5206; x_wconf 88' lang='lat' dir='ltr'><strong>cimus,</strong></span> <span class='ocrx_word' id='word_1_750' title='bbox 630 5151 707 5207; x_wconf 90' lang='lat' dir='ltr'><strong>ut,</strong></span> <span class='ocrx_word' id='word_1_751' title='bbox 769 5152 943 5198; x_wconf 87' lang='lat' dir='ltr'><strong>morte</strong></span> <span class='ocrx_word' id='word_1_752' title='bbox 1010 5139 1238 5202; x_wconf 76' lang='lat' dir='ltr'><strong>Calcata,</strong></span> <span class='ocrx_word' id='word_1_753' title='bbox 1282 5150 1334 5195; x_wconf 92' lang='lat' dir='ltr'><strong>et</strong></span> <span class='ocrx_word' id='word_1_754' title='bbox 1380 5155 1666 5210; x_wconf 86' lang='lat' dir='ltr'><strong>resurgens</strong></span> <span class='ocrx_word' id='word_1_755' title='bbox 1710 5153 1981 5210; x_wconf 87' lang='lat' dir='ltr'><strong>quatenus</strong></span> 
     </span>
    </p>
   </div>
   <div class='ocr_carea' id='block_1_100' title="bbox 2075 4407 3668 4492">
    <p class='ocr_par' dir='ltr' id='par_1_100' title="bbox 2075 4407 3668 4492">
     <span class='ocr_line' id='line_1_100' title="bbox 2075 4407 3668 4492; baseline -0.013 -17"><span class='ocrx_word' id='word_1_756' title='bbox 2075 4416 2209 4492; x_wconf 82' lang='grc' dir='ltr'>ἧκον</span> <span class='ocrx_word' id='word_1_757' title='bbox 2235 4421 2314 4484; x_wconf 91' lang='grc' dir='ltr'><strong>εἰς</strong></span> <span class='ocrx_word' id='word_1_758' title='bbox 2339 4419 2464 4481; x_wconf 85' lang='grc' dir='ltr'><strong>τούς</strong></span> <span class='ocrx_word' id='word_1_759' title='bbox 2489 4417 2589 4487; x_wconf 80' lang='grc' dir='ltr'><strong>τῆς</strong></span> <span class='ocrx_word' id='word_1_760' title='bbox 2616 4412 2926 4484; x_wconf 86' lang='grc' dir='ltr'>οἰκονομίας</span> <span class='ocrx_word' id='word_1_761' title='bbox 2949 4411 3163 4479; x_wconf 86' lang='grc' dir='ltr'>λόγους,</span> <span class='ocrx_word' id='word_1_762' title='bbox 3188 4408 3249 4461; x_wconf 89' lang='grc' dir='ltr'><strong>τὸ</strong></span> <span class='ocrx_word' id='word_1_763' title='bbox 3277 4407 3379 4460; x_wconf 86' lang='grc' dir='ltr'><strong>κᾶν</strong></span> <span class='ocrx_word' id='word_1_764' title='bbox 3408 4409 3458 4459; x_wconf 88' lang='grc' dir='ltr'><strong>εἰ</strong></span> <span class='ocrx_word' id='word_1_765' title='bbox 3481 4407 3668 4457; x_wconf 75' lang='grc' dir='ltr'>ἕλοιτο</span> 
     </span>
    </p>
   </div>
   <div class='ocr_carea' id='block_1_101' title="bbox 2076 4497 3660 4578">
    <p class='ocr_par' dir='ltr' id='par_1_101' title="bbox 2076 4497 3660 4578">
     <span class='ocr_line' id='line_1_101' title="bbox 2076 4497 3660 4578; baseline -0.012 -14"><span class='ocrx_word' id='word_1_766' title='bbox 2076 4511 2329 4564; x_wconf 87' lang='grc' dir='ltr'>τεθνάναι</span> <span class='ocrx_word' id='word_1_767' title='bbox 2377 4507 2559 4578; x_wconf 69' lang='grc' dir='ltr'>σαρκὶ,</span> <span class='ocrx_word' id='word_1_768' title='bbox 2597 4505 2759 4575; x_wconf 81' lang='grc' dir='ltr'>μηδὲν</span> <span class='ocrx_word' id='word_1_769' title='bbox 2809 4504 2886 4566; x_wconf 82' lang='grc' dir='ltr'><strong>εἰς</strong></span> <span class='ocrx_word' id='word_1_770' title='bbox 2937 4501 3071 4554; x_wconf 88' lang='grc' dir='ltr'>ἰδίαν</span> <span class='ocrx_word' id='word_1_771' title='bbox 3109 4500 3399 4568; x_wconf 83' lang='grc' dir='ltr'>ὑπομεῖναι</span> <span class='ocrx_word' id='word_1_772' title='bbox 3453 4497 3660 4563; x_wconf 70' lang='grc' dir='ltr'>φύσι-ι’</span> 
     </span>
    </p>
   </div>
   <div class='ocr_carea' id='block_1_102' title="bbox 2078 4589 3667 4666">
    <p class='ocr_par' dir='ltr' id='par_1_102' title="bbox 2078 4589 3667 4666">
     <span class='ocr_line' id='line_1_102' title="bbox 2078 4589 3667 4666; baseline -0.013 -11"><span class='ocrx_word' id='word_1_773' title='bbox 2078 4603 2130 4654; x_wconf 89' lang='grc' dir='ltr'><strong>τί</strong></span> <span class='ocrx_word' id='word_1_774' title='bbox 2158 4601 2266 4654; x_wconf 88' lang='grc' dir='ltr'><strong>τῶν</strong></span> <span class='ocrx_word' id='word_1_775' title='bbox 2294 4599 2594 4653; x_wconf 83' lang='grc' dir='ltr'>καλλίστων</span> <span class='ocrx_word' id='word_1_776' title='bbox 2624 4596 2771 4666; x_wconf 83' lang='grc' dir='ltr'>ἡμᾶς</span> <span class='ocrx_word' id='word_1_777' title='bbox 2823 4593 3159 4663; x_wconf 84' lang='grc' dir='ltr'>αὐχημάτων</span> <span class='ocrx_word' id='word_1_778' title='bbox 3193 4590 3547 4657; x_wconf 82' lang='grc' dir='ltr'>ἀποστερεῖς;</span> <span class='ocrx_word' id='word_1_779' title='bbox 3575 4589 3667 4636; x_wconf 86' lang='grc' dir='ltr'><strong>Δι-</strong></span> 
     </span>
    </p>
   </div>
   <div class='ocr_carea' id='block_1_103' title="bbox 2085 4678 3667 4758">
    <p class='ocr_par' dir='ltr' id='par_1_103' title="bbox 2085 4678 3667 4758">
     <span class='ocr_line' id='line_1_103' title="bbox 2085 4678 3667 4758; baseline -0.012 -12"><span class='ocrx_word' id='word_1_780' title='bbox 2085 4691 2291 4746; x_wconf 89' lang='grc' dir='ltr'>επύθου</span> <span class='ocrx_word' id='word_1_781' title='bbox 2324 4691 2432 4758; x_wconf 84' lang='grc' dir='ltr'><strong>γὰρ</strong></span> <span class='ocrx_word' id='word_1_782' title='bbox 2453 4689 2720 4755; x_wconf 89' lang='grc' dir='ltr'>λέγοντος,</span> <span class='ocrx_word' id='word_1_783' title='bbox 2752 4704 2769 4736; x_wconf 74' lang='grc' dir='ltr'>ι</span> <span class='ocrx_word' id='word_1_784' title='bbox 2794 4682 2851 4736; x_wconf 86' lang='grc' dir='ltr'>Ὀ</span> <span class='ocrx_word' id='word_1_785' title='bbox 2876 4683 3079 4752; x_wconf 84' lang='grc' dir='ltr'>ποιμὴν</span> <span class='ocrx_word' id='word_1_786' title='bbox 3105 4682 3133 4734; x_wconf 84' lang='grc' dir='ltr'>ὁ</span> <span class='ocrx_word' id='word_1_787' title='bbox 3163 4679 3326 4742; x_wconf 88' lang='grc' dir='ltr'>καλὸς</span> <span class='ocrx_word' id='word_1_788' title='bbox 3354 4679 3450 4748; x_wconf 83' lang='grc' dir='ltr'><strong>τὴν</strong></span> <span class='ocrx_word' id='word_1_789' title='bbox 3481 4678 3667 4747; x_wconf 74' lang='grc' dir='ltr'>ψυχὴν</span> 
     </span>
    </p>
   </div>
   <div class='ocr_carea' id='block_1_104' title="bbox 2081 4767 3667 4850">
    <p class='ocr_par' dir='ltr' id='par_1_104' title="bbox 2081 4767 3667 4850">
     <span class='ocr_line' id='line_1_104' title="bbox 2081 4767 3667 4850; baseline -0.011 -14"><span class='ocrx_word' id='word_1_790' title='bbox 2081 4783 2278 4838; x_wconf 89' lang='grc' dir='ltr'>ἐαυτοῦ</span> <span class='ocrx_word' id='word_1_791' title='bbox 2328 4785 2540 4850; x_wconf 85' lang='grc' dir='ltr'>τίθησιν</span> <span class='ocrx_word' id='word_1_792' title='bbox 2582 4778 2725 4847; x_wconf 87' lang='grc' dir='ltr'><strong>ὐπέρ</strong></span> <span class='ocrx_word' id='word_1_793' title='bbox 2758 4774 2868 4828; x_wconf 86' lang='grc' dir='ltr'><strong>τῶν</strong></span> <span class='ocrx_word' id='word_1_794' title='bbox 2907 4773 3215 4844; x_wconf 80' lang='grc' dir='ltr'>προϐάτων.</span> <span class='ocrx_word' id='word_1_795' title='bbox 3252 4789 3270 4822; x_wconf 78' lang='grc' dir='ltr'><strong>ι</strong></span> <span class='ocrx_word' id='word_1_796' title='bbox 3313 4770 3525 4824; x_wconf 84' lang='grc' dir='ltr'>Οὐκοῦν</span> <span class='ocrx_word' id='word_1_797' title='bbox 3557 4767 3667 4820; x_wconf 77' lang='grc' dir='ltr'>κᾶν</span> 
     </span>
    </p>
   </div>
   <div class='ocr_carea' id='block_1_105' title="bbox 2082 4862 3668 4940">
    <p class='ocr_par' dir='ltr' id='par_1_105' title="bbox 2082 4862 3668 4940">
     <span class='ocr_line' id='line_1_105' title="bbox 2082 4862 3668 4940; baseline -0.011 -12"><span class='ocrx_word' id='word_1_798' title='bbox 2082 4877 2129 4928; x_wconf 91' lang='grc' dir='ltr'><strong>εἰ</strong></span> <span class='ocrx_word' id='word_1_799' title='bbox 2159 4874 2369 4940; x_wconf 86' lang='grc' dir='ltr'>λέγοιτο</span> <span class='ocrx_word' id='word_1_800' title='bbox 2401 4871 2613 4930; x_wconf 86' lang='grc' dir='ltr'>παθεῖν,</span> <span class='ocrx_word' id='word_1_801' title='bbox 2641 4865 2825 4935; x_wconf 86' lang='grc' dir='ltr'>ἀπαθῆ</span> <span class='ocrx_word' id='word_1_802' title='bbox 2858 4865 2954 4936; x_wconf 86' lang='grc' dir='ltr'><strong>μὲν</strong></span> <span class='ocrx_word' id='word_1_803' title='bbox 2979 4865 3137 4934; x_wconf 84' lang='grc' dir='ltr'>ῐσμεν</span> <span class='ocrx_word' id='word_1_804' title='bbox 3158 4863 3232 4926; x_wconf 83' lang='grc' dir='ltr'>ὡς</span> <span class='ocrx_word' id='word_1_805' title='bbox 3272 4862 3428 4924; x_wconf 84' lang='grc' dir='ltr'>Θεὸν,</span> <span class='ocrx_word' id='word_1_806' title='bbox 3456 4877 3668 4913; x_wconf 78' lang='grc' dir='ltr'>πεπονο</span> 
     </span>
    </p>
   </div>
   <div class='ocr_carea' id='block_1_106' title="bbox 2084 4953 3668 5032">
    <p class='ocr_par' dir='ltr' id='par_1_106' title="bbox 2084 4953 3668 5032">
     <span class='ocr_line' id='line_1_106' title="bbox 2084 4953 3668 5032; baseline -0.011 -14"><span class='ocrx_word' id='word_1_807' title='bbox 2084 4966 2238 5018; x_wconf 86' lang='grc' dir='ltr'>θέναι</span> <span class='ocrx_word' id='word_1_808' title='bbox 2269 4965 2322 5016; x_wconf 85' lang='grc' dir='ltr'><strong>δέ</strong></span> <span class='ocrx_word' id='word_1_809' title='bbox 2351 4980 2528 5032; x_wconf 84' lang='grc' dir='ltr'>φαμεν</span> <span class='ocrx_word' id='word_1_810' title='bbox 2562 4956 2919 5029; x_wconf 80' lang='grc' dir='ltr'>οἰκονομικῶς</span> <span class='ocrx_word' id='word_1_811' title='bbox 2953 4956 3061 5026; x_wconf 82' lang='grc' dir='ltr'>ἰδίᾳ</span> <span class='ocrx_word' id='word_1_812' title='bbox 3093 4955 3259 5026; x_wconf 73' lang='grc' dir='ltr'>σαρκὶ</span> <span class='ocrx_word' id='word_1_813' title='bbox 3287 4953 3378 5006; x_wconf 88' lang='grc' dir='ltr'><strong>τὸν</strong></span> <span class='ocrx_word' id='word_1_814' title='bbox 3407 4953 3668 5011; x_wconf 83' lang='grc' dir='ltr'>θάνατον,</span> 
     </span>
    </p>
   </div>
   <div class='ocr_carea' id='block_1_107' title="bbox 2084 5043 3669 5124">
    <p class='ocr_par' dir='ltr' id='par_1_107' title="bbox 2084 5043 3669 5124">
     <span class='ocr_line' id='line_1_107' title="bbox 2084 5043 3669 5124; baseline -0.01 -16"><span class='ocrx_word' id='word_1_815' title='bbox 2084 5058 2173 5110; x_wconf 78' lang='grc' dir='ltr'><strong>ἵνα</strong></span> <span class='ocrx_word' id='word_1_816' title='bbox 2207 5056 2454 5124; x_wconf 81' lang='grc' dir='ltr'>πατήσας</span> <span class='ocrx_word' id='word_1_817' title='bbox 2484 5053 2664 5115; x_wconf 84' lang='grc' dir='ltr'>αὐτὸν,</span> <span class='ocrx_word' id='word_1_818' title='bbox 2696 5050 2788 5104; x_wconf 78' lang='grc' dir='ltr'><strong>καὶ</strong></span> <span class='ocrx_word' id='word_1_819' title='bbox 2818 5045 3208 5118; x_wconf 86' lang='grc' dir='ltr'>ἐγηγερμένος,</span> <span class='ocrx_word' id='word_1_820' title='bbox 3241 5043 3374 5097; x_wconf 86' lang='grc' dir='ltr'>καθὸ</span> <span class='ocrx_word' id='word_1_821' title='bbox 3414 5043 3669 5111; x_wconf 68' lang='grc' dir='ltr'>πέφυκεν</span> 
     </span>
    </p>
   </div>
   <div class='ocr_carea' id='block_1_108' title="bbox 2085 5130 3672 5215">
    <p class='ocr_par' dir='ltr' id='par_1_108' title="bbox 2085 5130 3672 5215">
     <span class='ocr_line' id='line_1_108' title="bbox 2085 5130 3672 5215; baseline -0.011 -17"><span class='ocrx_word' id='word_1_822' title='bbox 2085 5143 2219 5198; x_wconf 81' lang='grc' dir='ltr'>εἰναι</span> <span class='ocrx_word' id='word_1_823' title='bbox 2247 5146 2360 5213; x_wconf 77' lang='grc' dir='ltr'><strong>ζωὴ</strong></span> <span class='ocrx_word' id='word_1_824' title='bbox 2383 5145 2475 5197; x_wconf 72' lang='grc' dir='ltr'>καὶ</span> <span class='ocrx_word' id='word_1_825' title='bbox 2503 5141 2784 5206; x_wconf 76' lang='grc' dir='ltr'>ξωοποιὸς,</span> <span class='ocrx_word' id='word_1_826' title='bbox 2807 5133 3273 5215; x_wconf 58' lang='grc' dir='ltr'><strong>μεταστοιχιειώσῖδ⁸</strong></span> <span class='ocrx_word' id='word_1_827' title='bbox 3296 5133 3432 5204; x_wconf 84' lang='grc' dir='ltr'>πρὸς</span> <span class='ocrx_word' id='word_1_828' title='bbox 3457 5130 3672 5202; x_wconf 67' lang='grc' dir='ltr'>ἀφθαρ-</span> 
     </span>
    </p>
   </div>
   <div class='ocr_carea' id='block_1_109' title="bbox 476 5296 1965 5369">
    <p class='ocr_par' dir='ltr' id='par_1_109' title="bbox 476 5296 1965 5369">
     <span class='ocr_line' id='line_1_109' title="bbox 476 5296 1965 5369; baseline 0.004 -21"><span class='ocrx_word' id='word_1_829' title='bbox 476 5297 516 5327; x_wconf 88' lang='grc'><strong>³¹</strong></span> <span class='ocrx_word' id='word_1_830' title='bbox 553 5296 711 5351; x_wconf 84' lang='lat' dir='ltr'><strong>.luan.</strong></span> <span class='ocrx_word' id='word_1_831' title='bbox 749 5314 832 5366; x_wconf 82' lang='grc' dir='ltr'>ιιι,</span> <span class='ocrx_word' id='word_1_832' title='bbox 877 5296 972 5369; x_wconf 25' lang='grc'><strong>16..</strong></span> <span class='ocrx_word' id='word_1_833' title='bbox 1043 5297 1088 5326; x_wconf 79' lang='grc'><strong>³¹</strong></span> <span class='ocrx_word' id='word_1_834' title='bbox 1119 5297 1274 5351; x_wconf 78' lang='lat' dir='ltr'><strong>Rom.</strong></span> <span class='ocrx_word' id='word_1_835' title='bbox 1310 5312 1362 5361; x_wconf 79' lang='grc' dir='ltr'><strong>ι’,</strong></span> <span class='ocrx_word' id='word_1_836' title='bbox 1395 5298 1480 5352; x_wconf 76' lang='grc'><strong>10.</strong></span> <span class='ocrx_word' id='word_1_837' title='bbox 1563 5299 1607 5328; x_wconf 83' lang='grc'><strong>³³</strong></span> <span class='ocrx_word' id='word_1_838' title='bbox 1650 5299 1826 5356; x_wconf 85' lang='lat' dir='ltr'><strong>Eccle.</strong></span> <span class='ocrx_word' id='word_1_839' title='bbox 1872 5318 1965 5362; x_wconf 84' lang='lat' dir='ltr'><strong>vn,</strong></span> 
     </span>
    </p>
   </div>
   <div class='ocr_carea' id='block_1_110' title="bbox 2068 5296 2572 5369">
    <p class='ocr_par' dir='ltr' id='par_1_110' title="bbox 2068 5299 2572 5364">
     <span class='ocr_line' id='line_1_110' title="bbox 2068 5299 2572 5364; baseline 0 -12"><span class='ocrx_word' id='word_1_840' title='bbox 2068 5333 2089 5352; x_wconf 59' lang='grc' dir='ltr'><strong>η.</strong></span> <span class='ocrx_word' id='word_1_841' title='bbox 2166 5299 2379 5352; x_wconf 66' lang='lat' dir='ltr'><strong>&quot;Imm.</strong></span> <span class='ocrx_word' id='word_1_842' title='bbox 2403 5316 2454 5364; x_wconf 69' lang='grc' dir='ltr'>Χ,</span> <span class='ocrx_word' id='word_1_843' title='bbox 2488 5300 2572 5352; x_wconf 85' lang='grc' dir='ltr'><strong>Η.</strong></span> 
     </span>
    </p>
   </div>
   <div class='ocr_carea' id='block_1_111' title="bbox 1675 5453 2398 5508">
    <p class='ocr_par' dir='ltr' id='par_1_111' title="bbox 1675 5453 2398 5508">
     <span class='ocr_line' id='line_1_111' title="bbox 1675 5453 2398 5508; baseline 0 -3"><span class='ocrx_word' id='word_1_844' title='bbox 1675 5454 1832 5507; x_wconf 70' lang='grc' dir='ltr'>ΛΝΤ.</span> <span class='ocrx_word' id='word_1_845' title='bbox 1866 5453 2132 5508; x_wconf 77' lang='lat' dir='ltr'><strong>AGELLII</strong></span> <span class='ocrx_word' id='word_1_846' title='bbox 2170 5454 2398 5507; x_wconf 74' lang='lat' dir='ltr'><strong>NOT/E.</strong></span> 
     </span>
    </p>
   </div>
   <div class='ocr_carea' id='block_1_112' title="bbox 480 5611 2432 5678">
    <p class='ocr_par' dir='ltr' id='par_1_112' title="bbox 480 5611 2432 5678">
     <span class='ocr_line' id='line_1_112' title="bbox 480 5611 2432 5678; baseline -0.004 -10"><span class='ocrx_word' id='word_1_847' title='bbox 480 5612 586 5678; x_wconf 43' lang='lat'><strong>1,33)</strong></span> <span class='ocrx_word' id='word_1_848' title='bbox 621 5611 804 5662; x_wconf 58' lang='lat' dir='ltr'><strong>Melius</strong></span> <span class='ocrx_word' id='word_1_849' title='bbox 858 5612 1082 5676; x_wconf 58' lang='lat' dir='ltr'><strong>fortasse</strong></span> <span class='ocrx_word' id='word_1_850' title='bbox 1129 5623 1446 5673; x_wconf 61' lang='lat' dir='ltr'><strong>verteretur,</strong></span> <span class='ocrx_word' id='word_1_851' title='bbox 1481 5613 1616 5676; x_wconf 78' lang='lat' dir='ltr'><strong>quod</strong></span> <span class='ocrx_word' id='word_1_852' title='bbox 1655 5623 1835 5667; x_wconf 73' lang='lat' dir='ltr'><strong>simple</strong></span> <span class='ocrx_word' id='word_1_853' title='bbox 1875 5623 2060 5663; x_wconf 75' lang='lat' dir='ltr'><strong>natura</strong></span> <span class='ocrx_word' id='word_1_854' title='bbox 2096 5616 2307 5666; x_wconf 70' lang='lat' dir='ltr'><strong>uarium</strong></span> <span class='ocrx_word' id='word_1_855' title='bbox 2345 5623 2432 5672; x_wconf 56' lang='lat' dir='ltr'><strong>est.</strong></span> 
     </span>
    </p>
   </div>
  </div>
