4014 6128
320 241 421 298 213

1286 195 1295 206 ’
1367 227 1741 284 Αονειιευε
1779 227 2180 283 nesromum
2223 228 2352 284 LIB.
2398 229 2461 282 ν.

3373 267 3377 272 τ
3446 235 3553 288 ειι

324 359 442 412 σίαν
473 355 533 409 τὸ
563 355 777 424 θανάτῳ
824 349 1278 422 τυραννούμενον,
1310 350 1574 412 τουτέστι,
1610 349 1670 400 τὸ
1704 347 1884 416 σῶμα.

2002 357 2182 418 suapte
2217 359 2408 403 natura
2450 350 2556 402 vita
2589 357 2671 402 cst
2699 363 2759 403 ac
2791 348 3097 410 viviticans,
3135 346 3452 402 reformaret
3488 354 3554 403 ad

323 451 480 503 Οὕτω
507 463 567 500 τε
602 447 695 498 καὶ
737 448 812 508 εἰς
841 445 986 514 ἡμᾶς
1014 445 1046 513 η
1083 440 1174 496 τοῦ
1217 441 1635 511 κατορθώματος
1675 439 1890 508 διατρέ-

324 557 403 612 χει
436 539 685 609 δύναμις,
731 539 810 598 είς
850 536 996 589 ἅπαν
1044 536 1393 603 ἐκτεινομένη
1446 531 1504 584 τὸ
1551 531 1728 599 γένος.
1779 529 1888 583 Καὶ

323 633 451 701 γοῦν
486 635 514 684 ὁ
547 629 828 691 θεσπέσιος
871 626 1082 689 Παῦλος
1105 644 1116 657 ·
1155 643 1175 677 ι
1224 624 1364 693 Ἐγὼ
1391 625 1480 678 διὰ
1514 624 1701 694 νόμου,
1733 624 1885 694 φησι,

321 724 466 792 νόμῳ
509 720 798 780 ἀπέθανον,
834 718 923 771 ἵνα
947 717 1066 786 Θεῷ
1113 718 1263 783 ζήσω
1288 733 1301 746 ·
1334 713 1552 787 Χριστῷ
1598 713 1888 767 συνεσταύ-

324 825 519 879 ρωμαι.
549 806 635 860 Ζῶ
654 806 731 867 δὲ,
757 805 940 858 οὐκέτι
981 804 1111 872 ἐγὼ,
1149 804 1214 875 ζῇ
1245 803 1301 856 δέ
1325 805 1383 856 ἐν
1409 805 1533 873 ἐμοὶ
1558 803 1586 855 ὁ
1617 803 1850 873 Χριστός
1873 821 1885 834 ·

323 896 364 968 ᾧ
394 900 450 951 δέ
503 898 600 952 νῦν
630 898 731 963 ζῶ,
767 899 824 950 ἐν
873 897 1056 949 πίστει
1098 895 1194 961 ζῶ,
1226 897 1284 950 ἐν
1317 895 1482 967 σαρκὶ
1511 898 1577 965 τῇ
1624 895 1716 948 τοῦ
1756 895 1887 948 Υἰοῦ

323 992 410 1044 τοῦ
436 989 570 1043 Θεοῦ
597 989 692 1042 τοῦ
721 988 1107 1057 ἀγαπήσαντός
1147 1004 1234 1058 με,
1267 988 1361 1040 καὶ
1392 986 1724 1057 παραδόντος
1759 989 1888 1039 ἐαυ-

323 1084 404 1135 τὸν
445 1083 584 1154 ὑπὲρ
612 1081 770 1151 ἐμοῦ.
799 1082 910 1133 Οὐκ
939 1080 1116 1134 ἀθετῶ
1141 1079 1238 1150 τὴν
1267 1080 1426 1150 χάριν
1445 1079 1538 1132 τοῦ
1568 1078 1725 1132 Θεοῦ.
1762 1098 1780 1130 ι
1815 1080 1890 1131 Οὐ

321 1172 422 1244 γὰρ
470 1170 551 1224 ἔτι
584 1170 684 1241 τὴν
735 1171 871 1224 ἰδίαν
912 1169 1185 1240 διαζῶμεν
1216 1168 1382 1241 ζωὴν,
1416 1171 1515 1242 τὴν
1559 1169 1797 1242 Χριστοῦ
1835 1171 1892 1224 δέ

324 1263 544 1332 μᾶλλον,
590 1263 685 1314 καὶ
739 1261 887 1315 ἐστιν
933 1261 1154 1333 ἀληθὲς,
1182 1262 1256 1324 ὡς
1291 1281 1307 1312 ι
1338 1256 1433 1326 Εἷς
1481 1263 1620 1333 ὑπὲρ
1675 1263 1891 1316 πάντων

321 1353 614 1416 ἀπέθανεν,
652 1354 739 1406 ἵνα
766 1353 816 1406 oi
848 1352 1047 1416 ζῶντες
1079 1354 1272 1423 μηκέτι
1297 1354 1509 1416 ἑαυτοῖς
1537 1353 1722 1418 ζῶσιν,
1757 1354 1894 1408 ἀλλὰ

321 1446 394 1515 τῷ
430 1446 574 1517 ὑπὲρ
605 1445 786 1499 αὐτῶν
830 1443 1178 1509 ἀποθανόντι,
1223 1446 1315 1499 καὶ
1359 1445 1658 1517 ἐγερθέντι.
1697 1466 1715 1498 ι
1759 1448 1895 1518 Πρὶν

322 1537 422 1606 μὲν
445 1539 556 1607 γὰρ
579 1537 708 1606 ἡμῖν
747 1535 1051 1606 ἐπιλάμψαι
1074 1536 1166 1602 τὸν
1206 1537 1467 1608 μονογενῆ
1498 1536 1592 1590 τοῦ
1632 1537 1766 1592 Θεοῦ
1802 1537 1896 1592 Λό-

320 1643 442 1694 γον,
479 1627 690 1698 ἀμαθίᾳ
720 1627 813 1682 καὶ
854 1627 1029 1696 σκότῳ
1074 1629 1492 1700 κεκρατημένοι,
1531 1630 1746 1682 καὶτὸν
1791 1631 1893 1700 τῆς

321 1720 596 1789 ἁμαρτίας
625 1719 838 1789 ἔχοντες
869 1719 1052 1788 ζυγὸν,
1078 1720 1170 1772 καὶ
1195 1720 1527 1786 ἀνάπτοντες
1554 1723 1786 1786 ἀνοσίως
1822 1724 1887 1792 τῇ

321 1810 500 1864 κτίσει
527 1813 586 1863 τὸ
617 1810 798 1876 σέϐας,
832 1811 982 1882 παρὰ
1010 1809 1102 1864 τὸν
1130 1811 1356 1883 κτίστην
1384 1813 1479 1866 καὶ
1509 1814 1759 1885 ποιητὴν,
1798 1816 1891 1867 καὶ

319 1903 430 1954 πᾶν
453 1896 593 1965 εἶδος
621 1901 957 1972 φαυλότητος
997 1902 1416 1974 ἀνεπιπλήκτως
1462 1904 1890 1972 ἐπιτηδεύοντες,

318 1991 397 2042 ἐν·
426 1991 706 2046 διαστάσει
765 1991 1104 2061 διετελοῦμεν
1152 1994 1200 2044 oi
1249 1993 1498 2058 τάλανες,
1546 1994 1716 2065 ἐχθρὰ
1759 2012 1893 2066 φρο-

317 2082 540 2144 νοῦντες
587 2082 755 2152 αὐτῷ.
808 2081 1249 2153 Κατηλλάγμεθα
1296 2083 1352 2136 δὲ
1391 2085 1478 2137 διὰ
1517 2085 1610 2138 τοῦ
1660 2086 1892 2140 θανάτου

315 2172 411 2224 τοῦ
476 2172 607 2224 Υίοῦ
675 2173 878 2236 αὑτοῦ,
941 2173 1081 2226 καθὰ
1134 2175 1464 2244 γέγραπται.
1515 2179 1586 2230 Σὺ
1624 2177 1680 2230 δὲ
1734 2179 1894 2232 πάλιν

313 2266 376 2316 ἐν
429 2265 649 2334 σμικρῷ
699 2265 992 2333 πεποίησαι
1039 2265 1198 2336 λόγῳ,
1246 2267 1306 2320 τὸ
1349 2268 1580 2338 ἁληθές”
1616 2271 1711 2322 καὶ
1759 2270 1897 2340 ἀχά·-

315 2353 466 2408 λινον
522 2357 602 2419 είς
655 2355 929 2425 ἐξιτηλίαν
975 2356 1291 2426 ἀποφαίνων
1339 2360 1472 2430 ἡμῖν
1524 2359 1616 2413 τὸν
1668 2359 1895 2413 σεαυτοῦ

317 2445 519 2514 λόγον,
586 2447 956 2519 κατηλλάχθαι
1019 2448 1124 2519 φὴς
1191 2449 1268 2520 τῷ
1337 2450 1456 2521 Θεῷ
1503 2452 1594 2505 τὸν
1659 2453 1896 2523 κόσμον,

315 2537 381 2590 ού
417 2537 511 2592 διὰ
549 2555 613 2606 γε
643 2538 739 2591 τοῦ
767 2540 1122 2607 Μονογενοῦς,
1167 2541 1435 2606 τουτέστι,
1470 2543 1562 2594 τοῦ
1596 2545 1661 2596 ἐκ
1690 2544 1899 2615 Πατρδς

318 2628 527 2695 φύντος
561 2630 754 2697 Λόγου.
798 2630 1037 2682 Ἀκούων
1076 2631 1132 2684 δέ
1181 2631 1413 2685 θάνατον
1445 2632 1536 2684 τοῦ
1589 2633 1740 2698 Υἱοῦ,
1784 2630 1900 2688 εἶτα

321 2719 666 2790 βασανίζων,
706 2721 781 2783 ὡς
820 2721 943 2785 οἴει,
991 2721 1200 2784 λεπτῶς
1247 2722 1348 2785 τὰς
1377 2723 1470 2776 τοῦ
1501 2723 1759 2798 θεηγόρου
1791 2744 1899 2796 φω-

319 2812 450 2875 νὰς,
493 2811 555 2864 οὐ
591 2812 908 2876 κατέδεισας
945 2814 1150 2866 είπετν·
1189 2811 1324 2884 [Οὐκ
1371 2811 1496 2883 ἔφη,
1545 2814 1631 2869 διὰ
1671 2817 1763 2869 τοῦ
1803 2817 1902 2870 Θα-

317 2903 493 2955 νάτου
521 2901 615 2955 τοῦ
651 2902 786 2956 Θεοῦ
824 2903 1046 2973 Λόγου.]
1081 2900 1211 2956 Εἶτα
1241 2903 1358 2967 πῶς
1383 2899 1471 2975 ἦν,
1506 2905 1626 2958 είπέ
1664 2924 1776 2977 μοι,
1813 2925 1898 2961 σου

1992 439 2448 508 incorruptionem
2478 440 2528 494 id
2562 440 2703 508 quod
2730 441 2918 494 mortis
2949 439 3228 510 tyrannide
3253 439 3554 504 tenebatur,

1992 529 2042 584 id
2073 539 2155 586 est
2188 545 2402 600 corpus.
2434 528 2510 584 Ita
2546 529 2598 584 in
2628 544 2726 584 nos
2759 530 2902 599 ipsos
2931 543 3142 599 quoque
3167 531 3246 584 vis
3275 529 3390 599 ejus
3429 546 3558 600 ope-

1992 623 2068 676 ris
2099 624 2360 688 recurrit,
2400 623 2521 677 dum
2558 622 2612 676 in
2661 623 2970 676 universum
3017 637 3184 690 genus
3229 623 3557 676 extenditur.

1991 715 2059 768 Et
2105 724 2255 771 certe
2297 715 2487 771 beatus
2523 714 2722 770 Paulus
2753 715 2829 769 ait
2861 732 2875 767 :
2909 733 2927 766 ι
2955 715 3065 783 Ego
3107 729 3203 784 per
3237 714 3409 784 legem
3457 715 3560 786 legi

1992 818 2237 863 mortuus
2267 824 2407 874 sum,
2450 817 2508 861 ut
2550 808 2724 862 vivam
2758 809 2906 862 Deo:
2957 807 3173 862 Christo
3214 807 3376 861 simul
3411 810 3560 864 cruci

1992 901 2234 954 conﬁxus
2265 915 2405 954 sum.
2451 898 2577 953 Vivo
2601 908 2799 965 autem,
2823 900 2930 968 jam
2964 914 3069 952 non
3097 912 3228 966 ego,
3264 900 3394 953 vivit
3434 915 3563 954 vero

1993 990 2049 1045 in
2081 1005 2165 1046 me
2189 991 2456 1046 Christus.
2487 990 2639 1057 Quod
2665 1005 2790 1046 vero
2833 1005 2972 1044 nunc
3006 989 3146 1055 vivo,
3186 990 3240 1044 in
3285 991 3388 1045 ﬁde
3417 992 3560 1056 vivo,

1993 1081 2047 1135 in
2079 1096 2245 1136 carne
2283 1081 2371 1136 illa
2400 1082 2520 1137 Filii
2555 1081 2684 1147 Dei,
2720 1083 2812 1152 qui
2865 1081 3056 1136 dilexit
3100 1098 3212 1146 me,
3249 1093 3303 1136 et
3349 1084 3566 1138 tradidit

1994 1174 2341 1242 semetipsum
2383 1188 2483 1244 pro
2520 1189 2625 1228 me.
2659 1173 2773 1229 Non
2816 1173 3008 1239 abjicio
3045 1175 3273 1244 gratiam
3324 1173 3414 1227 Dei
3435 1174 3499 1225 ³⁵.
3540 1193 3558 1226 ι

1993 1264 2108 1319 Νοη
2133 1265 2277 1320 enim
2299 1266 2410 1336 jam
2435 1268 2649 1336 prapria
2682 1267 2909 1320 vivimus
2933 1266 3061 1329 vita,
3099 1266 3194 1320 sed
3225 1265 3445 1329 Christi,
3475 1279 3566 1320 νο-
3639 1273 3642 1276 ’

1996 1372 2222 1426 rumque
2266 1357 2391 1412 illud
2430 1367 2535 1423 est,
2567 1375 2586 1408 ι
2623 1358 2801 1414 Unum
2837 1373 2934 1426 pro
2980 1358 3230 1412 omnibus
3272 1368 3562 1420 mortuum,

1994 1456 2054 1501 ut
2091 1448 2183 1517 qui
2212 1449 2420 1512 vivunt,
2453 1464 2557 1502 non
2584 1448 2694 1519 jam
2737 1449 2837 1504 sibi
2881 1451 3076 1512 vivant,
3120 1448 3212 1502 sed
3261 1449 3310 1502 ei
3341 1447 3428 1516 qui
3470 1461 3568 1516 pro

1997 1536 2128 1602 ipsis
2168 1545 2411 1591 mortuus
2466 1545 2566 1602 est,
2603 1546 2657 1592 et
2705 1537 3090 1593 resurrexit“.
3141 1556 3162 1590 ι
3211 1537 3370 1591 Prius
3420 1539 3563 1590 enim

1997 1643 2158 1698 quam
2195 1629 2476 1698 effulgeret
2535 1631 2689 1684 nobis
2739 1630 2865 1683 illud
2908 1631 3242 1699 unigenitum
3299 1630 3390 1683 Dei
3432 1629 3566 1682 Ver—

1995 1721 2162 1786 bum,
2213 1721 2425 1776 inscitia
2477 1729 2532 1776 et
2589 1722 2824 1776 tenebris
2864 1721 3213 1787 tenebamur,
3258 1728 3312 1774 et
3359 1721 3563 1788 peccati

1991 1812 2122 1883 jugo
2153 1813 2346 1882 pressi.
2395 1821 2450 1867 et
2481 1820 2744 1868 creaturae
2789 1811 2990 1866 cultum
3029 1809 3189 1878 impie
3234 1811 3561 1876 tribuentes,

1999 1902 2186 1957 relicto
2209 1913 2455 1958 creatore
2483 1911 2642 1971 atque
2675 1901 2888 1970 Opiﬁce,
2924 1910 2975 1955 et
3003 1916 3166 1955 omne
3205 1899 3565 1967 improbitatis

2000 2010 2169 2063 genus
2195 1995 2364 2050 libere
2395 2004 2684 2060 sectantes,
2719 1996 2772 2048 in
2806 1994 3074 2048 discordia
3109 1993 3292 2047 miseri
3332 1991 3566 2061 degeba-

2002 2103 2144 2150 mus,
2177 2101 2296 2156 quae
2335 2086 2408 2141 illi
2445 2085 2660 2140 inimica
2688 2094 2844 2140 erant
2873 2094 3221 2153 expetentes;
3255 2082 3347 2136 sed
3377 2096 3569 2136 recon-

2001 2177 2167 2231 ciliati
2209 2192 2397 2232 sumus
2433 2191 2530 2246 per
2577 2184 2803 2231 mortem
2854 2173 2972 2229 Filii
3023 2176 3159 2243 ejus,
3211 2185 3266 2228 ut
3307 2174 3567 2242 scriptum

2001 2281 2085 2326 est
2109 2271 2174 2325 ³⁷.
2211 2270 2292 2325 Tu
2333 2285 2462 2325 vero
2490 2279 2708 2332 contra,
2746 2269 2950 2323 minimi
2995 2267 3127 2322 facis
3159 2268 3479 2330 veritatem,
3513 2275 3570 2320 et

2005 2374 2152 2419 tuum
2180 2376 2484 2419 sermonem
2517 2361 2580 2415 ad
2618 2361 2909 2416 vanitatem
2938 2359 3198 2414 effrenato
3234 2374 3394 2413 cursu
3433 2373 3569 2426 pra:-

2003 2456 2217 2524 cipitem
2251 2453 2548 2522 proferens,
2583 2453 2836 2506 mundum
2871 2466 2990 2506 esse
3027 2452 3136 2506 Deo
3169 2452 3568 2506 reconciliatum

2006 2547 2226 2611 asseris,
2260 2545 2416 2615 123
2450 2560 2552 2599 non
2585 2554 2763 2599 tamen
2793 2558 2886 2612 per
2927 2543 3293 2611 Unigenitum,
3320 2543 3419 2596 hoc
3451 2553 3570 2606 est,

2005 2652 2101 2708 per
2133 2636 2366 2691 Verbum
2391 2650 2459 2689 ex
2481 2633 2641 2687 Patre
2669 2635 2927 2703 genitum.
2957 2632 3060 2686 Sed
3092 2631 3315 2686 audiens
3343 2641 3569 2704 mortem

2005 2727 2148 2793 Filii,
2177 2727 2367 2782 deinde
2397 2725 2577 2780 verbis
2621 2724 2858 2792 Apostoli
2893 2724 3181 2787 subtiliter,
3222 2733 3280 2775 ut
3323 2724 3438 2792 ipse
3477 2737 3574 2790 pu-

2011 2830 2112 2882 tas,
2147 2815 2492 2880 examinatis,
2525 2828 2630 2867 non
2655 2828 2713 2866 es
2747 2813 2950 2866 veritus
2980 2813 3160 2866 dicere
3191 2829 3204 2863 :
3248 2811 3384 2883 [Non
3416 2813 3570 2877 dixit,

2009 2923 2106 2978 per
2142 2918 2369 2962 mortem
2415 2905 2508 2960 Dei
2550 2901 2762 2974 Verbi.]
2793 2903 2950 2971 Atqui
2998 2901 3266 2970 quomodo
3311 2903 3571 2972 ejusmodi

318 2992 456 3058 φὺς,
524 2991 726 3061 μᾶλλον
789 2993 846 3046 δὲ
910 2994 1027 3057 πῶς
1079 2995 1175 3064 οὐχ
1234 2995 1450 3066 ἀπάσης
1509 2998 1899 3070 ἐμόροντησίας

2010 2999 2186 3054 oratio
2215 2998 2506 3068 prudenter
2533 2994 2714 3050 eﬂ‘erri
2758 2993 3059 3064 potuisset?
3107 2993 3216 3046 imo
3266 3009 3391 3046 vero
3438 3011 3572 3062 quo-

319 3083 583 3152 ἔμπλεως
610 3086 638 3138 ό
673 3084 877 3138 τοιόσδε
911 3085 1100 3154 λόγος;
1127 3085 1352 3154 Θανάτῳ
1382 3087 1490 3158 γὰρ
1515 3089 1742 3160 κάτοχον
1772 3093 1903 3144 ἁπο-

320 3173 501 3243 φῆναι
542 3173 642 3246 τὴν
673 3172 838 3246 ζωὴν,
875 3175 992 3240 πῶς
1027 3172 1095 3248 ἦν
1128 3177 1448 3245 ἀκόλουθον;
1489 3180 1610 3232 εἰπέ
1642 3199 1733 3250 μοι
1759 3198 1773 3213 ο
1812 3182 1906 3234 καὶ

317 3266 422 3335 τῆς
448 3265 525 3318 τὰ
551 3265 730 3320 πάντα
760 3267 1127 3338 ζωογονούσης
1159 3269 1374 3339 φύσεως
1407 3273 1779 3342 κατηγορῆσαι
1809 3273 1906 3343 τὴν

322 3355 566 3428 φθορὰν,
601 3357 719 3420 πῶς
763 3358 863 3411 οὐκ
907 3359 1253 3431 ἀπόπληκτον
1288 3361 1504 3432 κομιδῇ,
1546 3362 1639 3416 καὶ
1686 3363 1782 3433 τῆς
1827 3365 1906 3426 είς

320 3448 476 3517 λῆξιν
507 3448 754 3519 ἡκούσης
785 3449 1094 3522 δυσφημίας
1136 3451 1414 3522 ἐπίϐλημα
1443 3453 1556 3523 ('55)
1591 3455 1786 3522 γένοιτ’
1815 3457 1904 3522 ἂν,

321 3540 418 3592 καὶ
453 3539 611 3606 μάλα
644 3540 899 3607 είκότως;
931 3541 1136 3596 Οὐκοῦν
1167 3543 1367 3614 ἥκιστα
1397 3544 1496 3614 μὲν
1526 3545 1643 3608 ταῖς
1682 3548 1799 3609 σαῖς
1827 3547 1906 3610 είς

318 3629 485 3684 τοῦτο
509 3621 910 3702 περιεργείαις,
939 3633 1110 3704 ἧγουν
1130 3635 1529 3705 εἰκαιομυθίαις
1551 3639 1578 3689 ό
1605 3637 1715 3690 τῶν
1736 3638 1906 3705 ἁγίων

319 3721 520 3777 ἕπεται
557 3725 714 3788 νοῦςο
749 3723 855 3780 οἶδε
884 3727 961 3792 δέ,
997 3724 1105 3782 οἶδε
1159 3728 1397 3782 παθόντα
1447 3729 1613 3799 σαρκὶ
1655 3729 1722 3782 δι’
1763 3731 1906 3799 ἡμᾶς

318 3813 415 3868 τόν
442 3818 549 3868 τοῦ
608 3817 742 3870 Θεοῦ
780 3819 972 3886 Λόγον,
1019 3821 1114 3873 καὶ
1156 3820 1234 3892 τῷ
1268 3820 1482 3892 θανάτῳ
1510 3821 1606 3875 τοῦ
1643 3822 1772 3876 ἰδίου
1805 3820 1908 3874 σώε-

323 3918 502 3970 ματος
546 3905 849 3975 κεκληκότα
872 3908 960 3960 τὸν
989 3908 1192 3979 κόσμον
1217 3911 1296 3972 είς
1326 3909 1635 3978 διαλλαγὰς
1653 3911 1749 3974 τὰς
1772 3913 1906 3982 πρός

319 3991 386 4058 γέ
419 4009 574 4062 φημι
600 3994 690 4046 τὸν
714 3996 772 4047 ἐν
791 3999 900 4059 τοῖς
922 3997 1170 4066 οὐρανοῖς
1200 3999 1438 4070 Πατέρα.
1478 4001 1585 4054 Καὶ
1626 3999 1755 4068 γοῦν
1800 4001 1904 4072 ἔφη

320 4099 432 4134 που
466 4083 610 4153 πρὸς
639 4084 736 4136 ἕνα
765 4087 872 4138 τῶν
896 4087 1066 4153 ἁγίων
1086 4089 1341 4159 μαθητῶν
1363 4091 1490 4153 τοὺς
1508 4089 1693 4158 λόγους
1722 4091 1906 4144 ποιού-

320 4190 521 4242 μενος-
582 4191 601 4225 ι
657 4175 795 4243 Ἐγώ
846 4181 960 4246 εξμι
1007 4178 1210 4248 ήόδὸς,
1255 4180 1347 4232 καὶ
1397 4181 1428 4248 ή
1479 4179 1702 4250 ἀλήθεια
1745 4182 1838 4236 καὶ
1871 4184 1904 4252 ἡ

318 4264 466 4334 ζωὴ,
499 4264 602 4317 καὶ
631 4265 804 4328 οὐδεὶς
834 4266 1049 4336 ἔρχεται
1097 4268 1231 4336 πρὸς
1267 4268 1356 4320 τὸν
1383 4268 1601 4338 Πατέρα
1631 4271 1678 4322 εί
1719 4269 1795 4340 μὴ
1837 4269 1905 4322 δι’

2009 3091 2167 3145 modo
2213 3103 2318 3143 non
2363 3101 2585 3143 summae
2638 3085 2828 3141 fuisset
2874 3084 3096 3138 insaniae
3142 3085 3339 3153 plena?
3401 3085 3576 3153 Ipsam

2005 3183 2150 3238 enim
2187 3181 2350 3234 vitam
2383 3179 2541 3235 morti
2579 3178 2866 3233 obnoxiam
2892 3177 3093 3243 dicere,
3140 3177 3408 3246 quomodo
3443 3176 3576 3229 fuis-

1979 3281 2109 3350 ‘set,
2143 3287 2271 3342 rogo
2303 3281 2376 3336 te,
2403 3268 2781 3338 consequens?
2820 3276 2872 3322 et
2921 3267 2988 3322 de
3036 3278 3225 3322 natura
3269 3268 3578 3322 viviﬁcante

2005 3364 2204 3429 omnia,
2222 3362 2617 3432 corruptionem
2633 3360 2935 3422 enuntiare,
2949 3360 3218 3428 quomodo
3233 3375 3336 3414 non
3355 3376 3578 3414 summa:

2007 3453 2286 3509 dementia:
2308 3452 2475 3507 fuisse
2511 3460 2564 3506 et
2591 3465 2815 3506 summae
2846 3449 3190 3520 blasphemiae
3231 3451 3434 3504 crimen
3458 3450 3579 3519 jure

2005 3543 2356 3599 censeretur?
2375 3541 2490 3597 Non
2509 3556 2638 3612 ergo
2666 3541 2775 3597 tuis
2793 3541 2845 3594 in
2865 3541 2964 3596 hac
2991 3557 3047 3596 re
3071 3541 3476 3603 subtilitatibus,
3498 3540 3575 3594 vel

2007 3635 2158 3690 vanis
2187 3635 2570 3705 nugationibus
2591 3674 2607 3700 ,
2642 3645 2950 3688 sanctorum
2984 3633 3222 3688 virorum
3252 3633 3462 3686 animus
3494 3648 3580 3684 as-

2006 3727 2257 3791 seutitur,
2272 3726 2364 3781 sed
2393 3723 2645 3794 intelligit
2670 3739 2892 3793 prorsus
2911 3723 3004 3778 Dei
3028 3723 3259 3778 Verbum
3279 3738 3440 3776 carne
3458 3739 3579 3791 pro-

2005 3827 2124 3890 pter
2149 3833 2246 3874 nos
2273 3833 2521 3886 passum;
2546 3826 2599 3869 et
2622 3824 2792 3870 morte
2829 3815 3028 3885 proprii
3053 3815 3296 3884 corporis
3320 3813 3575 3867 mundum

2005 3911 2072 3963 ad
2103 3907 2554 3963 reconciliandam
2586 3920 2707 3959 cum
2737 3905 2897 3959 Patre
2935 3905 3024 3972 qui
3074 3904 3144 3958 in
3175 3904 3326 3958 caelis
3363 3914 3443 3957 est
3486 3918 3577 3968 pa-

2006 4015 2144 4062 cem,
2177 4011 2418 4051 vocasse.
2446 3997 2630 4064 Itaque
2659 4011 2782 4050 cum
2812 3994 3094 4063 quemdam
3125 4009 3154 4048 e
3185 3995 3382 4047 sanctis
3424 3983 3580 4046 disci-

2008 4090 2144 4159 pulis
2177 4087 2561 4156 alloqueretur,
2592 4085 2726 4138 dixit
2753 4101 2767 4140 :
2814 4101 2832 4135 ι
2865 4083 2977 4154 Ego
3006 4098 3122 4137 sum
3154 4085 3266 4146 via,
3298 4083 3494 4136 veritas
3524 4092 3576 4136 et

2007 4181 2197 4244 vita,et
2217 4191 2374 4232 nemo
2389 4176 2536 4231 venit
2553 4176 2618 4229 ad
2648 4174 2862 4229 Patrem
2889 4175 2990 4229 nisi
3016 4190 3110 4243 per
3131 4190 3213 4228 me
3235 4174 3298 4226 ³³.
3329 4193 3344 4224 ι
3365 4174 3577 4228 Veritas

2009 4279 2191 4323 autem
2217 4276 2270 4321 et
2294 4268 2402 4328 yita
2435 4277 2490 4322 et
2537 4268 2622 4322 via
2663 4268 2922 4337 [quisnam
2970 4266 3040 4320 sit
3089 4265 3244 4330 alius,
3287 4266 3386 4317 nisi
3446 4265 3575 4317 illud

319 4353 484 4424 ἐμοῦ.
532 4373 555 4405 ι
610 4355 859 4426 Ἀλήθεια
889 4357 966 4419 δὲ,
998 4359 1089 4410 καὶ
1124 4357 1257 4429 ζωὴ,
1289 4359 1379 4411 καὶ
1406 4360 1542 4424 ὁδὸς,
1576 4360 1658 4424 τίς
1698 4359 1764 4414 ἂν
1793 4361 1899 4415 ἐτε-

2017 4360 2250 4414 Verbum
2282 4373 2347 4413 ex
2371 4357 2530 4414 Patre
2556 4363 2820 4430 genitum,
2863 4358 3073 4412 tametsi
3109 4356 3274 4410 nostri
3305 4355 3474 4408 simile
3508 4356 3580 4408 sit

319 4461 416 4514 ρος
444 4446 560 4514 εἴη,
601 4447 752 4514 παρά
796 4464 857 4514 γε
886 4449 975 4516 τὸν
1020 4452 1084 4502 ἐκ
1125 4449 1258 4502 Θεοῦ
1286 4451 1456 4520 φύντα
1501 4452 1702 4520 Λόγον,
1730 4455 1778 4505 εί
1818 4454 1910 4506 καὶ

317 4536 518 4602 γέγονε
558 4535 682 4588 καθ’
715 4539 858 4607 ἡμᾶς
892 4539 1102 4611 μορφὴν
1133 4540 1318 4594 δούλου
1357 4541 1556 4595 λαὸών.
1595 4543 1712 4596 ’Ότι
1742 4542 1798 4596 δὲ
1841 4541 1907 4594 δι’

313 4626 487 4681 αὐτοῦ
522 4627 680 4690 θείας
727 4628 940 4698 φύσεως
986 4632 1412 4704 ἀποδεδείγμεθα
1442 4635 1706 4698 κοινωνοὶ,
1740 4635 1834 4686 καὶ
1860 4636 1910 4687 οἱ

315 4717 453 4769 ποτέ
514 4717 676 4780 ὄντες
728 4721 976 4791 μακρὰν,
1035 4723 1336 4793 γεγόναμεν
1385 4725 1572 4793 ἐγγὺς,
1632 4726 1910 4794 ἐνούμενοι

316 4808 603 4876 σχετικῶς
639 4809 704 4863 δι’
737 4809 900 4863 αὑτοῦ
927 4812 1004 4882 τῷ
1044 4813 1240 4882 Πατρὶ,
1272 4815 1364 4866 καὶ
1403 4815 1510 4884 μὴν
1540 4816 1632 4868 καὶ
1663 4815 1910 4885 ἀλλήλοις

313 4902 393 4962 ὡς
447 4904 509 4955 ἐν
552 4902 739 4954 πίστει
788 4904 884 4973 μιᾷ
929 4903 1022 4955 καὶ
1061 4903 1330 4972 ὁμοψυχίᾳ
1376 4903 1464 4956 διὰ
1507 4903 1568 4955 τὸ
1616 4903 1733 4968 ἐνὸς
1781 4921 1909 4973 μετ-

315 4995 628 5065 εσχηκέναι
658 4995 988 5064 πνεύματος,
1022 4993 1181 5056 αὐτὸς
1205 4993 1562 5060 τπιστώσεται,
1584 4993 1754 5062 λέγων
1778 4996 1912 5065 πρὸς

2016 4451 2216 4506 factum
2256 4451 2398 4506 servi
2446 4449 2616 4506 forma
2649 4449 2944 4519 suscepta?
2981 4447 3111 4502 Esse
3146 4457 3321 4499 autem
3361 4461 3454 4498 nos
3486 4461 3579 4512 per

2017 4544 2192 4615 ipsum
2222 4542 2441 4598 eﬂ'ectos
2472 4544 2663 4598 divinae
2688 4550 2896 4596 naturae
2931 4546 3208 4594 consortes
3237 4536 3301 4601 ”,
3331 4546 3383 4589 ct
3411 4535 3579 4589 factos

2016 4651 2183 4705 prope
2222 4637 2311 4704 qui
2352 4636 2507 4702 longe
2537 4633 2665 4686 olim
2713 4645 2950 4693 eramus,
2986 4630 3107 4681 dum
3142 4642 3236 4696 per
3270 4629 3440 4695 ipsum
3477 4623 3577 4676 Pa-

2017 4727 2084 4780 tri
2111 4741 2206 4795 per
2236 4726 2486 4780 aﬂ’ectum
2514 4734 2568 4778 et
2596 4722 3003 4785 habitudinem,
3037 4729 3195 4788 atque
3238 4719 3398 4772 etiam
3442 4718 3582 4770 inter
3677 4742 3688 4753 ο

2017 4832 2118 4872 nos
2141 4833 2235 4885 per
2264 4831 2424 4870 unam
2457 4816 2613 4870 ﬁdem
2638 4824 2691 4869 et
2716 4813 3060 4868 concordiam
3085 4812 3321 4874 unimur,
3348 4826 3411 4864 eo
3439 4810 3578 4876 quod

2016 4923 2203 4963 sumus
2243 4909 2399 4962 unius
2429 4907 2648 4977 spiritus
2683 4904 2810 4959 facti
2843 4905 3150 4973 participes,
3182 4904 3292 4971 ipse
3317 4902 3472 4954 ﬁdem
3503 4899 3580 4951 l'a-

2021 4999 2146 5063 ciet,
2171 4997 2356 5052 dicens
2387 4998 2451 5052 ad
2489 4997 2702 5053 Patrem
2744 5011 2809 5050 ac
2842 4995 3006 5050 Deum
3036 4994 3124 5062 qui
3171 5001 3254 5045 est
3298 4990 3351 5043 in
3385 4987 3534 5040 cmlis
3563 5002 3586 5044 ξ,

395 5174 441 5206 ³⁵
481 5172 668 5228 Galat.
715 5189 774 5236 ll,
814 5172 1001 5227 19-21.
1077 5172 1122 5203 ³⁸
1153 5171 1196 5226 ll
1234 5173 1358 5227 Cor.
1390 5189 1441 5239 v,
1483 5173 1566 5227 15.
1636 5175 1677 5205 ³⁷
1721 5175 1876 5227 llum.

2003 5173 2088 5229 10.
2164 5174 2208 5205 ³⁸
2247 5174 2404 5229 Joan.
2433 5192 2544 5241 xw,
2577 5176 2627 5228 6.
2709 5175 2751 5205 '°
2783 5172 2824 5227 Il
2864 5173 3006 5228 Petr.
3044 5187 3081 5234 ι,
3121 5169 3175 5222 4.

1608 5326 1762 5381 ΑΝΤ.
1807 5326 2078 5382 AGELLII
2122 5325 2353 5381 ΝΟΤΑΞ.

397 5488 518 5556 (55)
561 5485 722 5537 Forte
770 5485 1067 5554 ἐπίκλημα,
1100 5483 1200 5537 hoc
1243 5496 1324 5538 est
1368 5486 1603 5556 crimen;
1636 5486 1791 5556 haud
1821 5486 1902 5538 in-

325 5554 480 5610 sucta
520 5574 613 5608 am
635 5557 734 5607 turi
766 5571 890 5617 vox,
922 5572 1024 5622 qua
1073 5557 1238 5622 utitur
1274 5556 1323 5605 in
1367 5554 1463 5607 hac
1509 5555 1905 5620 significatione

327 5630 431 5686 hoc
471 5632 669 5680 eodem
721 5627 872 5691 libro,
920 5620 1039 5692 pug.
1091 5620 1208 5689 152,
1242 5624 1520 5695 ἐπίκλημα
1562 5626 1616 5676 δὲ
1676 5625 1903 5676 ποιεῖταί

2012 5503 2151 5538 τισιν
2178 5486 2251 5549 ὡς
2278 5486 2376 5553 τῆς
2423 5480 2680 5553 ἀληθείας
2731 5482 3100 5550 κατειρηκόσι,
3133 5480 3448 5553 quibusdam
3492 5496 3584 5550 pro

2014 5558 2228 5609 crimine
2264 5551 2442 5623 objicit
2470 5551 2620 5618 quasi
2649 5553 2894 5601 adversus
2924 5551 3187 5605 veritatem
3214 5552 3468 5604 dixerim.
