4014 6128
442 279 545 336 215

1432 282 1487 328 s.
1531 257 1801 326 evrum
1845 270 2308 326 ALEXANDRINI
2351 268 2670 326 menter.

3594 250 3698 308 216

453 416 469 445 ι
514 395 625 447 Non
665 409 760 462 pro
798 393 883 447 his
927 401 1130 448 tantum
1185 408 1338 463 rogo,
1381 394 1474 446 sed
1510 393 1669 445 etiam
1695 408 1788 460 pro
1821 391 1885 444 iis
1931 389 2017 458 qui

2147 392 2213 444 ’ὃν
2234 394 2290 444 ἐν
2320 392 2568 460 οὐρανοῖς
2602 387 2818 457 Ηατέρα
2851 385 2938 438 καὶ
2967 381 3098 434 Θεόν
3123 397 3134 408 ·
3173 396 3190 428 ι
3234 378 3307 429 Οὐ
3342 375 3467 446 rte-pl.
3498 375 3700 428 τούτων

446 489 795 542 crediderunt
836 497 1054 556 propter
1109 500 1412 540 sermonem
1461 499 1646 537 eorum
1693 483 1743 535 in
1800 499 1904 543 me,
1961 490 2017 534 ιιι

447 592 638 631 omnes
667 593 830 633 unum
864 577 994 638 sint,
1031 575 1172 629 sicut
1207 585 1284 638 tu,
1322 575 1504 637 Pater,
1540 573 1591 625 iu
1620 587 1726 636 me,
1764 581 1935 640 etego
1963 571 2015 624 in

453 681 526 733 te,
557 677 612 721 ut
648 673 808 721 etiam
847 667 946 736 ipsi
991 667 1042 718 in
1094 666 1248 719 nobis
1283 679 1447 718 unum
1497 664 1642 715 sint:
1692 673 1751 714 ut
1791 663 2019 715 mundus

450 761 662 822 credat,
696 758 818 827 quia
851 766 904 810 tu
938 771 1021 810 me
1055 756 1272 811 misisti.
1305 756 1370 809 Et
1397 771 1497 824 ego
1525 754 1822 808 claritatem
1860 751 2018 820 quam

453 852 645 906 dedisti
679 850 831 911 mihi,
885 849 1005 902 dedi
1053 849 1154 913 eis,
1217 857 1274 901 ut
1330 847 1441 901 sint
1493 862 1681 908 unum,
1736 846 1874 898 sicut
1925 856 2022 896 nos

453 960 640 1007 unum,
678 952 733 996 et
759 955 856 1010 ego
886 941 939 993 in
980 940 1077 1005 eis,
1108 950 1162 993 et
1190 949 1243 993 tu
1280 941 1332 992 in
1371 952 1474 1003 me,
1524 949 1581 990 ιιι
1615 937 1725 989 sint
1766 947 2022 986 consum-

454 1035 581 1088 mati
618 1035 669 1087 in
705 1047 868 1086 unum
895 1031 961 1085 ⁸⁸.
1011 1051 1027 1081 ι
1083 1028 1324 1098 lntellige
1360 1029 1523 1097 igitur
1557 1025 1698 1096 quod
1747 1025 1862 1093 ipse
1901 1022 2022 1091 qui-

455 1127 572 1180 dem
620 1126 672 1177 in
721 1138 820 1179 suo
869 1123 1030 1177 Patre
1075 1123 1144 1176 sit
1191 1121 1527 1185 naturaliter,
1589 1117 1852 1171 mediator
1899 1107 2026 1166 vero

455 1229 615 1284 atque
667 1215 985 1270 conciliator
1033 1213 1376 1278 constitutus,
1429 1227 1494 1267 eo
1535 1210 1675 1280 quod
1729 1208 1902 1262 factus
1946 1215 2027 1260 est

455 1307 611 1359 nobis
644 1305 854 1359 similis.
891 1303 946 1357 In
991 1304 1142 1357 nobis
1183 1311 1287 1364 est,
1336 1313 1445 1355 tum
1487 1315 1581 1369 per
1615 1315 1766 1354 suam
1809 1311 2024 1352 carnem

459 1413 580 1468 quae
614 1413 709 1451 nos
741 1396 977 1451 viviticat
1010 1398 1060 1449 in
1121 1395 1330 1463 spiritu,
1381 1403 1492 1447 tum
1542 1407 1639 1461 per
1695 1390 2026 1445 consortium

459 1486 766 1542 sanctitatis
819 1485 957 1553 ejus,
996 1485 1248 1539 nimirum
1301 1499 1420 1536 eam
1455 1496 1573 1550 quae
1626 1495 1721 1548 per
1770 1479 2027 1548 Spiritum

459 1585 707 1631 sanctum
748 1574 1061 1643 acquiritur.
1100 1573 1339 1628 Postulat
1370 1581 1548 1625 autem
1573 1586 1602 1622 a
1643 1569 1804 1622 Patre
1850 1566 2029 1636 gloria!

461 1682 528 1721 ac
564 1666 774 1720 decoris
800 1665 936 1727 loco,
962 1674 1027 1719 ut
1051 1680 1202 1720 suam
1231 1664 1387 1718 nobis
1415 1674 1659 1717 naturam
1691 1663 2027 1731 perspicuam

2118 483 2174 536 δὲ
2211 481 2397 552 ἐρωτῶ
2449 481 2626 550 μόνον,
2663 477 2797 530 ἀλλὰ
2831 475 2924 527 καλ⁹
2971 471 3096 541 περὶ
3144 467 3250 520 τῶν
3300 464 3702 517 πιστευσάντων

2120 574 2208 627 διὰ
2254 572 2346 625 τοῦ
2381 572 2538 638 λόγου
2583 567 2762 622 αὐτῶν
2806 566 2885 627 εἰς
2927 563 3046 632 ἐμὲ,
3085 561 3170 612 ἵνα
3221 573 3423 618 παντες
3468 554 3526 606 ἓν
3575 547 3699 614 ὦσι,

2122 662 2305 725 καθὼς
2328 664 2413 725 σὺ,
2440 662 2644 729 Πάτερ,
2675 660 2730 710 ἐν
2754 655 2895 724 ἐμοὶ,
2920 651 3074 721 κάγὼ
3104 653 3160 703 ἐν
3190 663 3290 702 σοι·
3313 649 3397 712 ἵνα
3427 647 3522 700 καὶ⁵
3549 645 3702 699 αὐτοὶ

2123 757 2179 807 ἐν
2216 757 2349 826 ἡμῖν
2383 752 2439 804 ἓν
2477 746 2629 812 ὦσιν,
2663 749 2750 801 ἵνα
2781 748 2810 799 ὁ
2841 745 3044 814 κόσμος
3077 740 3364 809 πιστεύσῃ,
3399 740 3481 791 ὅτι
3527 737 3591 789 σύ
3638 753 3704 804 με

2123 845 2482 907 ἀπέστειλαςο
2534 840 2688 908 κάγὼ
2731 841 2830 908 τὴν
2863 836 3021 900 δόξαν
3052 836 3117 905 ἢν
3164 832 3403 894 δέδωκάς
3454 847 3566 900 μοι,
3615 828 3706 880 δές

2124 941 2271 992 δωκα
2305 937 2506 998 αὐτοῖς,
2540 935 2627 986 ἵνα
2656 925 2786 984 ὦσιν
2823 928 2900 988 ἓν,
2942 924 3125 987 καθὼς
3157 926 3319 994 ἡμεῖς
3353 921 3429 984 ἓν,
3461 919 3618 988 κάγὼ
3649 922 3706 972 ἐν

2126 1032 2328 1093 αὐτοῖς,
2361 1027 2548 1080 καὶσὺ
2598 1024 2656 1076 ἐν
2701 1021 2844 1090 ἐμοὶ,
2892 1019 2979 1071 ἵνα
3023 1011 3124 1069 ὦσι
3168 1011 3578 1080 τετελειωμένοι
3629 1012 3706 1070 εἰς

2127 1123 2203 1176 ἕν.
2249 1139 2265 1171 ι
2301 1118 2463 1176 Σὺνες
2494 1109 2586 1168 οῦν
2618 1109 2993 1178 ὃπως,,αὺτὸς
3041 1107 3139 1177 μὲν
3191 1105 3303 1156 ἔστι
3357 1101 3598 1171 φυσικῶς
3648 1102 3705 1150 ἐν

2127 1213 2204 1283 τῷ
2243 1213 2354 1280 ἰδίῳ
2403 1207 2600 1278 Πατρὶ,
2647 1203 2870 1275 μεσίτης
2912 1201 2969 1254 δὲ
3012 1198 3105 1250 καὶ
3144 1195 3472 1263 διαλλακτὴς
3515 1192 3707 1245 ἀποδε-

2127 1303 2406 1373 δειγμένος
2433 1299 2519 1352 διὰ
2557 1297 2648 1350 τοῦ
2682 1294 2954 1365 γενέσθαι,
2974 1291 3094 1344 καθ’
3123 1289 3269 1357 ἡμᾶς
3291 1302 3303 1314 ’
3325 1287 3381 1337 ἐν
3407 1286 3538 1353 ἡμῖν
3570 1284 3705 1342 ἐστι,

2129 1396 2216 1450 διά
2248 1372 2305 1447 τε
2337 1393 2436 1462 τῆς
2470 1390 2606 1452 ἰδίας
2647 1387 2846 1458 σαρκὸς
2881 1381 3250 1449 ζωοποιούσης
3279 1378 3424 1447 ἡμᾶς
3455 1377 3511 1426 ἐν
3548 1372 3708 1424 πνεύ-

2134 1505 2284 1558 ματι,
2316 1461 2409 1537 καί
2437 1482 2524 1536 διὰ
2570 1480 2668 1534 τοῦ
2707 1477 3027 1550 μεταλαχείν
3063 1473 3164 1543 τῆς
3195 1471 3479 1539 ἁγιότητος
3519 1461 3708 1522 αὐτοῦ,

2130 1557 2286 1648 δῆλον
2318 1577 2373 1629 δὲ
2415 1576 2497 1627 ὅτι
2545 1571 2704 1626 πάλιν
2743 1571 2841 1640 τῆς
2885 1567 2972 1621 διὰ
3021 1566 3115 1618 τοῦ
3164 1563 3319 1631 ἁγίου
3367 1557 3706 1627 ῐινεύματος,

2133 1672 2284 1724 Αἰτεῖ
2316 1669 2370 1722 δὲ
2411 1667 2486 1729 ὠς
2519 1664 2674 1730 δόξαν
2707 1662 2852 1731 παρὰ
2903 1659 3116 1732 Πατρὺς
3146 1655 3206 1707 τὸ
3250 1653 3348 1722 τὴν
3397 1649 3530 1703 ἰδίαν
3575 1648 3711 1717 ἡμῖν

462 1755 650 1817 faciat,
684 1753 828 1825 quod
862 1753 1072 1808 scilicet
1122 1753 1191 1808 sit
1237 1753 1566 1819 vivificator,
1595 1762 1649 1806 et
1687 1751 2032 1820 corruptione

2147 1761 2338 1832 ἐναργῆ
2379 1757 2718 1824 καταστῆσαι
2758 1753 2940 1823 φύσιν,
2971 1751 3054 1804 ὅτι
3091 1766 3150 1800 τε
3182 1747 3266 1815 εἴη
3303 1742 3584 1808 ζωοποιδς,
3617 1741 3714 1793 καὶ

463 1847 710 1917 superior
739 1856 993 1916 tanquam
1030 1848 1189 1910 Deus,
1233 1847 1412 1915 itaque
1449 1859 1638 1900 rursus
1660 1844 1794 1898 dixit
1828 1861 1840 1896 :
1873 1864 1890 1895 ι
1923 1843 2032 1910 Ego

465 1950 519 1995 te
543 1939 830 1994 clariﬁcavi
863 1951 1025 2006 super
1065 1946 1287 2002 terram,
1320 1937 1480 2009 124
1507 1951 1641 2007 opus
1663 1934 2032 1991 consummavi

464 2031 609 2101 quod
637 2029 834 2086 dedisti
866 2029 999 2083 mihi
1042 2039 1098 2082 ut
1137 2029 1328 2083 faciam
1363 2047 1377 2084 :
1407 2039 1462 2083 et
1502 2044 1642 2082 nunc
1671 2027 1902 2083 clariflca
1953 2040 2035 2078 me

466 2133 543 2185 tu,
583 2123 759 2188 Pater,
803 2123 943 2190 apud
977 2120 1352 2189 temetipsum,
1395 2119 1638 2174 claritate
1679 2134 1839 2187 quam
1876 2117 2032 2170 habui

468 2225 758 2284 antequam
791 2215 1022 2268 mundus
1050 2213 1224 2278 fieret,
1271 2213 1408 2283 apud
1442 2221 1491 2266 te
1520 2212 1584 2264 “.
1622 2232 1640 2263 ι
1677 2209 1824 2279 Opus
1857 2217 2035 2262 autem

469 2318 902 2361 consummatum
931 2319 1120 2359 sumus
1143 2317 1262 2368 nos,
1294 2312 1549 2372 tanquam
1573 2304 1624 2356 in
1650 2303 1763 2370 ipso
1787 2309 1839 2354 et
1863 2301 2037 2367 primo

469 2399 752 2452 vincentes
791 2376 1227 2466 corruptionem,
1262 2403 1317 2448 et
1343 2394 1617 2449 calcantes
1643 2392 1834 2447 mortis
1865 2391 2037 2460 impe-

474 2489 638 2552 rium,
686 2489 886 2541 revixit
938 2489 1081 2541 enim
1137 2501 1200 2540 ex
1250 2485 1502 2548 mortuis,
1539 2483 1818 2538 universos
1867 2483 1922 2535 in
1983 2493 2040 2536 se

475 2582 777 2635 continens.
808 2579 912 2635 Sed
945 2589 997 2632 tu
1027 2581 1141 2634 haec
1171 2581 1333 2635 verba
1351 2579 1423 2638 .in
1452 2577 1608 2630 aliam
1636 2576 1863 2631 fortasse
1886 2572 2041 2628 intel-

476 2672 752 2742 ligentiam
789 2672 1138 2740 detorquens,
1183 2686 1286 2724 non
1318 2672 1383 2724 de
1408 2670 1517 2724 Deo
1546 2668 1722 2723 Verbo
1745 2667 1861 2721 haec
1886 2663 2044 2719 intel-

478 2764 688 2834 ligenda
717 2779 930 2829 censes,
966 2765 1058 2818 sed
1089 2762 1271 2816 abillo
1302 2759 1575 2824 auferens,
1609 2769 1663 2815 et
1698 2757 1926 2814 seorsim
1958 2771 2045 2811 se-

477 2871 675 2926 parans
702 2871 822 2908 eum
856 2855 945 2922 qui
973 2863 1053 2908 est
1076 2855 1142 2908 de
1177 2860 1360 2907 sancta
1394 2851 1615 2922 Virgine
1646 2849 1888 2918 genitus,
1925 2853 2046 2900 tan-

478 2962 636 3016 quam
679 2944 840 2998 alium
873 2945 1065 3007 filium,
1093 2944 1168 2998 illi
1201 2945 1316 2999 haec
1357 2943 1483 2996 talia
1521 2941 1810 2996 convenire
1843 2947 1892 2991 et
1933 2938 2048 3006 ipse
2078 2973 2084 2984 ι

2134 1854 2338 1924 φθορᾶς
2391 1849 2631 1920 ἀμείνων
2672 1846 2747 1909 ὼς
2793 1845 2946 1906 Θεός.
3005 1842 3116 1895 Καὶ
3166 1838 3299 1907 γοῦν
3346 1835 3447 1904 ἔφη
3509 1834 3710 1886 πάλινι

2139 1923 2158 1997 ι
2205 1943 2346 2011 Ἐγώ
2377 1959 2434 1994 σε
2473 1939 2698 2002 ἐδόξασα
2719 1936 2810 1990 ἐπὶ
2838 1935 2940 2002 τῆς
2965 1934 3089 2003 γῆς,
3120 1930 3179 1982 τὸ
3211 1928 3365 1998 ἔργον
3397 1923 3713 1983 τελειώσας,

2133 2035 2162 2088 ὃ
2191 2033 2427 2095 δέδωκάς
2469 2047 2559 2100 μοι
2593 2030 2679 2083 ἵνα
2725 2027 2970 2096 ποιήσω·
3021 2022 3116 2075 καὶ
3149 2021 3243 2073 νῦν
3271 2015 3488 2081 δόξασόν
3523 2031 3591 2083 με
3624 2013 3713 2070 σὺ,

2137 2127 2343 2196 Πάτερ,
2372 2122 2520 2192 παρὰ
2570 2118 2778 2188 σεαυτῷ
2809 2120 2872 2188 τῇ
2904 2115 3029 2186 δόξῃ
3165 2108 3310 2180 εἶχον
3355 2107 3461 2178 πρὸ
3490 2103 3585 2157 τοῦ
3623 2102 3720 2153 τὸν

2139 2194 2345 2286 κόσμον
2377 2209 2538 2273 εἶναι,
2577 2209 2728 2281 παρὰ
2762 2209 2864 2261 σοι.
2905 2226 2923 2259 ι
2969 2207 3170 2276 Ἔργον
3203 2201 3259 2254 δὲ
3297 2194 3720 2286 τετελειωμένον

2139 2303 2509 2374 ἐσμιένήμεῖς,
2538 2300 2613 2363 ὡς
2647 2301 2703 2351 ἐν
2731 2295 2880 2365 αὑτῷ
2920 2294 3014 2348 καὶ
3045 2289 3246 2362 πρώτῳ
3282 2287 3540 2346 νικῶντες
3584 2281 3719 2351 φθον

2144 2372 2260 2469 ράν,
2304 2372 2485 2448 καὶτὸ
2521 2391 2614 2444 τοῦ
2656 2390 2889 2443 θανάτου
2921 2383 3216 2445 πατοῦντες
3252 2381 3484 2450 κράτοςο
3521 2372 3723 2428 ἀνεϐίω

2139 2463 2247 2557 γὰρ
2296 2486 2361 2537 ἐκ
2397 2480 2627 2553 νεκρῶν,
2657 2479 2865 2540 πάντας
2913 2476 3050 2544 ἔχων
3096 2475 3152 2525 ἐν
3200 2469 3400 2538 ἐαυτῷ.
3447 2464 3588 2518 Ἀλλ’
3631 2463 3721 2529 ἐφ’

2142 2579 2333 2649 ἐτέρας
2363 2577 2492 2637 ἴσως
2522 2573 2731 2633 ἐννοίας
2785 2564 3134 2638 ἀποκομίζων
3168 2564 3230 2616 τὸ
3264 2559 3573 2632 εἰρημένον,
3620 2557 3728 2608 οὒκ,

2142 2645 2246 2724 ἐπί-
2279 2685 2341 2736 γε
2385 2666 2473 2719 τοῦ
2513 2664 2647 2718 Θεοῦ
2696 2662 2870 2728 Λόγου
2916 2658 3074 2710 ταυτὶ
3120 2656 3184 2725 δὴ
3242 2653 3436 2724 χρῆναι
3483 2645 3722 2703 νοεῖσθαι

2145 2759 2323 2830 φαμέν
2358 2757 2468 2829 [ἴον.
2501 2754 2604 2825 φὴς
2632 2751 2783 2824 μέν]’
2819 2749 3110 2818 ἀποφέρων
3140 2747 3196 2799 δὲ
3241 2743 3404 2798 αὐτοῦ
3429 2742 3524 2795 καὶ
3552 2740 3724 2800 τιθεὶς

2145 2851 2247 2906 ἀνὰ
2276 2849 2438 2920 μέρος
2465 2847 2558 2900 τὸν
2607 2847 2671 2898 ἐκ
2695 2844 2794 2912 τῆς
2817 2841 2978 2909 ἁγίας
3008 2837 3288 2907 Παρθένου
3323 2832 3724 2902 γεγεννημένον

2146 2943 2222 3006 ὼς
2264 2942 2448 3010 ἓτερον
2478 2938 2613 3000 υἱὸν,
2648 2933 2796 3005 αὐτῷ
2844 2932 2912 2985 τὰ
2959 2929 3137 2984 τοιάδε
3181 2927 3412 2999 πρέπειν
3453 2940 3514 2976 τε
3563 2921 3726 2983 αὐτὸς

479 3037 733 3102 atlirmas,
783 3044 838 3092 et
892 3036 1010 3090 aliis
1043 3045 1097 3088 et
1143 3035 1307 3089 etiam
1346 3032 1672 3102 persuadere
1718 3028 1964 3096 conaris,
1993 3033 2046 3079 ut

2148 3033 2464 3095 διαὸεὸαιοῖ,
2503 3029 2596 3083 καὶ
2628 3027 2732 3098 μὴν
2761 3025 2854 3078 καὶ
2893 3023 3109 3092 ἐτέρους
3137 3018 3450 3074 ἀναπείθειν
3504 3013 3725 3084 ἐπείγῃ.

478 3127 668 3182 eadem
704 3137 879 3180 tecum
908 3133 964 3178 et
994 3123 1232 3178 sentiant
1263 3130 1318 3175 et
1347 3123 1653 3190 loquantur.
1682 3120 1757 3173 Ac
1787 3120 1942 3187 plane
1972 3115 2050 3169 di-

479 3231 594 3282 sca,
627 3215 964 3284 unigenitum
1003 3214 1094 3268 Dei
1122 3197 1525 3276 Verbum,icum
1561 3212 1631 3265 sit
1664 3210 1917 3264 Dominus
1939 3207 2053 3277 glo-

483 3309 599 3370 aiat.
633 3321 906 3375 nunquam
937 3310 1190 3373 tauquam
1227 3303 1409 3373 gloriae
1440 3304 1677 3370 inopem,
1711 3301 1855 3354 illam
1890 3312 1920 3352 a
1955 3299 2053 3352 Pa-

483 3405 570 3456 ilre
595 3399 762 3452 fuisse
795 3397 1112 3466 petiturum.
1153 3396 1352 3464 Accipe
1393 3396 1558 3464 igitur
1588 3395 1748 3448 etiam
1779 3409 1808 3446 a
1855 3393 2049 3446 nobis:

488 3490 533 3543 si
567 3504 670 3542 non
717 3488 892 3558 ipsum
925 3501 1048 3542 esse
1079 3486 1213 3541 dicis
1240 3486 1389 3541 illum
1415 3500 1480 3540 ex
1503 3484 1613 3540 Deo
1641 3485 1930 3540 secundum
1963 3498 2056 3535 na-

490 3594 664 3634 turam
689 3579 883 3633 Filium
912 3579 1268 3647 unigenitum,
1301 3577 1392 3648 qui
1423 3577 1475 3631 in
1517 3577 1602 3631 his
1626 3576 1804 3631 verbis
1832 3574 2056 3644 gloriam

491 3688 520 3739 a
551 3670 712 3724 Patre
742 3670 993 3739 postulet,
1044 3670 1165 3738 quis
1217 3683 1348 3739 ergo
1392 3668 1478 3722 ille
1521 3677 1638 3722 erat
1665 3667 1755 3736 qui
1797 3665 2054 3719 diccbat:

461 3783 518 3819 ,ι
574 3762 827 3818 Clarifica
887 3777 973 3816 me
1029 3761 1276 3815 claritate
1327 3775 1487 3828 quam
1548 3758 1709 3813 habui
1767 3766 2058 3824 antequam

495 3854 726 3910 mundus
761 3855 934 3919 fieret,
966 3853 1104 3923 apud
1143 3853 1240 3907 te?
1281 3870 1300 3903 ›
1333 3852 1428 3906 Dic
1460 3865 1589 3921 ergo
1620 3850 1752 3904 mihi
1773 3889 1788 3913 ,
1827 3861 2058 3917 quonam

493 3953 652 4008 modo
685 3951 775 4006 ille
807 3965 872 4005 ex
898 3959 1084 4006 sancta
1102 3948 1344 4018 Virgine,
1374 3948 1555 4010 homo,
1587 3953 1646 3998 ut
1683 3953 1736 3998 tu
1771 3940 2023 4011 intelligis
2044 3979 2058 4004 ,

491 4047 716 4102 seorsim
786 4045 1020 4115 positus,
1065 4053 1188 4097 ante
1236 4040 1492 4095 mundum
1544 4036 1702 4092 erat?
1750 4036 1940 4088 Annon
1986 4030 2063 4086 illi

491 4139 806 4194 saeculorum
851 4136 1119 4192 conditori
1159 4133 1411 4190 convenit
1458 4131 1656 4184 mundo
1703 4128 2061 4196 antiquiorem

492 4231 691 4284 habere
742 4227 1171 4288 subsistentiam,
1227 4232 1284 4278 et
1331 4223 1478 4276 Patri
1522 4219 1887 4275 coasternam?
1919 4227 2064 4272 certe

493 4338 655 4379 nemo
702 4335 867 4389 sanus
913 4318 1193 4374 dubitarit.
1255 4314 1478 4379 Quando
1527 4326 1655 4381 ergo
1713 4310 2062 4379 semetipsum

2076 3077 2118 3134 C

2151 3124 2325 3180 ταῦτά
2362 3123 2472 3196 [ἴον.
2522 3119 2716 3191 ταυτά]
2758 3136 2839 3171 σοι
2887 3116 3103 3188 φρονεῖν
3145 3113 3240 3166 καὶ
3285 3111 3489 3179 λέγειν.
3553 3106 3731 3176 Ἐρεῖς

2153 3220 2208 3272 δέ
2235 3236 2336 3271 που
2366 3195 2602 3277 πάντως,
2634 3213 2716 3265 ὅτι
2743 3211 2844 3280 τῆς
2868 3207 3024 3277 δόξης
3045 3204 3246 3274 Κύριος
3273 3203 3348 3254 ὢν
3379 3203 3406 3255 6
3431 3195 3729 3269 μονογενὴς

2154 3311 2246 3364 τοῦ
2272 3308 2407 3362 Θεοῦ
2442 3307 2632 3373 Λόγος,
2663 3303 2762 3356 οὐκ
2803 3303 2867 3355 ἂν
2901 3301 2976 3362 ὼς
3003 3297 3159 3366 δόξης
3198 3294 3459 3364 ὑπάρχων
3489 3288 3729 3356 ἐπιδεὴς.

2155 3403 2386 3472 ἐζήτησε
2417 3397 2514 3469 τὴν
2545 3395 2696 3465 παρὰ
2736 3391 2972 3462 Πατρός.
3005 3389 3201 3441 ’Ἄκουε
3240 3385 3419 3438 τοίνυν
3457 3382 3551 3434 καὶ
3593 3376 3734 3448 πρὸς

2155 3467 2339 3562 ἡμῶν·
2373 3489 2421 3541 εἰ
2455 3467 2528 3558 μὴ
2569 3483 2730 3539 αὐτὸν
2761 3478 2900 3536 εἶναι
2938 3478 3044 3550 φὴς
3073 3477 3164 3529 τὸν
3199 3477 3262 3527 ἐκ
3289 3470 3423 3525 Θεοῦ
3461 3469 3605 3523 κατὰ
3633 3467 3735 3535 φῦ-

2159 3557 2242 3638 σιν
2271 3582 2401 3635 Υῐὸν
2439 3557 2720 3650 μονογενῆ,
2760 3572 2918 3640 δόξαν
2963 3573 3020 3623 ἐν
3047 3568 3256 3628 τούτοις
3290 3561 3546 3616 αἰτοῦντα
3581 3557 3735 3626 παρὰ

2157 3678 2250 3730 τοῦ
2282 3673 2528 3743 Πατρδς,
2565 3669 2648 3732 τίς
2683 3663 2752 3737 ἦν
2785 3668 2814 3720 ὁ
2843 3665 3036 3732 λέγων,
3079 3681 3098 3713 ι
3135 3657 3366 3723 Δόξασόν
3407 3670 3475 3725 με
3506 3655 3572 3722 τῇ
3605 3651 3736 3743 δόξῃ

2159 3764 2192 3841 ᾖ
2219 3763 2362 3838 εἶχον
2518 3760 2612 3814 τοῦ
2650 3759 2741 3811 τὸν
2770 3757 2973 3826 κόσμον
3001 3750 3161 3816 εἶναι,
3207 3747 3358 3818 παρὰ
3397 3745 3512 3808 σοί;
3555 3762 3573 3794 ι
3609 3740 3736 3801 Πῶς

2159 3833 2443 3920 οὖν,ἐὶπέ
2463 3870 2571 3923 μοι,
2599 3848 2933 3920 προκόσμιος
2957 3845 2986 3897 6
3009 3843 3204 3910 ἐκκτῆς
3248 3838 3410 3906 ἁγίας
3452 3833 3734 3923 Παρθένου

2161 3949 2301 4003 κατὰ
2331 3946 2388 4000 σὲ
2417 3922 2704 4013 νοούμενος
2733 3939 2827 3992 ἄνθ
2839 3953 3015 4006 ρωπος
3045 3932 3225 3995 ἰδικῶς
3249 3948 3264 3996 ;
3303 3929 3430 3998 Ἆρ’
3455 3925 3576 3994 οὐχὶ
3603 3922 3738 3993 πρέ-

2163 4057 2253 4091 ποι
2285 4037 2349 4090 ἂν
2383 4034 2458 4105 τῷ
2500 4033 2606 4085 τῶν
2639 4029 2848 4083 αἰώνων
2877 4021 3213 4095 δημιουργῷ,
3244 4019 3323 4083 τὸ,
3359 4013 3738 4088 πρεσϐυτέραν

2163 4128 2308 4197 ἔχειν
2353 4124 2446 4177 τοῦ
2495 4123 2702 4190 κόσμου
2749 4117 2846 4186 τὴν
2894 4110 3145 4183 ὓπαρξιν,
3200 4109 3295 4161 καὶ
3349 4102 3616 4157 συναῖδιον
3661 4097 3739 4166 τῷ

2164 4193 2368 4288 Πατρί;
2397 4213 2510 4267 ἀλλ’
2541 4212 2640 4264 οὐκ
2684 4208 2750 4262 ἂν
2781 4204 3074 4260 ἐνδοιάσειέ
3123 4218 3204 4263 τις
3250 4197 3357 4250 τῶν
3403 4193 3462 4248 εὖ
3521 4195 3739 4263 φρονεῖν

2166 4282 2452 4361 εἰωθότων.
2485 4304 2610 4356 Ὅτε
2636 4300 2812 4352 τοίνυν
2843 4295 3030 4350 ἐαυτὸν
3060 4292 3333 4345 κεκένωκε
3375 4285 3586 4358 μορφὴν
3616 4282 3740 4337 δού-

495 4415 814 4475 cxinanivit,
841 4413 1070 4480 formam
1108 4408 1247 4462 servi
1279 4405 1548 4474 accipiens
1565 4401 1650 4469 ιτ,
1687 4413 1797 4456 tum
1835 4401 2046 4469 deniqut

2166 4402 2256 4453 λου
2294 4395 2494 4458 λαϐὼν,
2533 4394 2652 4447 τότε
2682 4392 2766 4460 δὴ,
2800 4389 2921 4442 τότε
2954 4386 3048 4439 καὶ
3081 4386 3160 4446 εἰς
3208 4381 3307 4451 τὴν
3335 4377 3560 4432 ἐνοῦσαν
3590 4373 3742 4441 αὐτῷ

494 4509 656 4562 etiam
691 4507 755 4559 ad
781 4520 898 4558 eam
935 4503 1159 4571 gloriam
1189 4513 1310 4568 qua:
1339 4497 1440 4553 sibi
1479 4495 1774 4550 secundum
1821 4500 2063 4544 naturam

497 4603 689 4663 inerat,
716 4615 836 4652 cum
872 4597 1019 4649 unita
1047 4594 1146 4650 sibi
1186 4604 1399 4661 quoque
1438 4601 1602 4643 carne
1647 4584 1825 4639 redire
1855 4582 2064 4643 volens,

497 4699 797 4758 opportune
847 4686 1026 4741 dixit:
1058 4703 1077 4734 ι
1119 4683 1367 4739 Clarifica
1432 4693 1517 4734 me
1577 4685 1654 4740 tu,
1715 4673 1894 4737 Pater,
1927 4670 2065 4740 apud

501 4779 838 4846 temetipsum
861 4776 1106 4828 claritate
1153 4789 1313 4843 quam
1358 4771 1522 4826 habui
1565 4769 1873 4837 priusquam
1909 4779 2065 4816 mun-

499 4878 599 4926 dus
631 4878 794 4932 esset,
823 4869 962 4938 apud
991 4877 1069 4932 te;
1110 4875 1170 4918 ut
1209 4865 1442 4920 mundus
1491 4861 1676 4916 credat
1721 4859 1842 4927 quia
1894 4866 1948 4910 tu
1981 4870 2066 4908 me

500 4958 718 5014 misisti.
759 4955 821 5010 Et
849 4970 949 5025 ego
976 4955 1274 5008 claritatem
1307 4968 1471 5022 quam
1513 4950 1708 5004 dedisti
1753 4948 1908 5010 mihi,
1942 4943 2063 4999 dedi

497 5054 598 5115 eis,
635 5059 691 5104 ut
716 5051 826 5104 sint
855 5062 1041 5111 unum,
1081 5046 1222 5100 sicut
1253 5059 1350 5097 nos
1384 5056 1571 5096 unum.
1607 5041 1718 5108 Ego
1747 5039 1798 5092 in
1831 5037 1979 5106 ipsis,
2011 5045 2066 5088 et

499 5144 638 5194 tuin
677 5155 800 5204 me;
850 5147 908 5192 ut
948 5135 1058 5191 sint
1099 5133 1454 5188 consummati
1501 5131 1554 5184 in
1598 5145 1764 5184 unutn
1791 5129 1854 5182 ".
1898 5144 1919 5178 ι
1967 5125 2068 5200 Per

501 5235 673 5302 ipsum
712 5233 877 5301 igitur
907 5226 1397 5284 reconciliationem
1440 5223 1745 5291 accepimus
1773 5239 1785 5274 :
1822 5221 1892 5272 ita
1924 5218 2067 5271 enim

500 5342 634 5394 opus
656 5323 1048 5379 consummavit
1085 5319 1225 5390 quod
1264 5317 1410 5374 dedit
1444 5317 1542 5386 ipsi
1594 5315 1656 5367 ad
1693 5325 2074 5368 consumman-

504 5417 627 5468 dum
667 5417 843 5470 Pater.
887 5418 1224 5469 Assertorem
1271 5423 1511 5464 meorum
1551 5407 1839 5460 verborum
1883 5417 2072 5456 rursus

503 5506 685 5559 citabo
713 5506 926 5560 beatum
953 5504 1175 5556 Paulum
1199 5504 1274 5560 ita
1297 5501 1625 5559 scribentem
1660 5497 1726 5550 ad
1755 5506 1976 5558 vocatos
2005 5507 2069 5547 ex

584 5681 622 5714 ³⁸³
664 5678 820 5732 ⁵Ῐυςιιι.
865 5693 992 5737 XVII,
1037 5678 1226 5728 ‘20-‘25.
1307 5676 1345 5704 “
1392 5676 1516 5728 iltitl.
1553 5676 1582 5729 4
1615 5674 1665 5723 Si.

1748 5674 1788 5702 δ’
1819 5669 2049 5736 Philipp.
2089 5683 2145 5730 tt,
2185 5667 2237 5721 6.

2127 4479 2134 4488 “
2169 4489 2310 4545 κατὰ
2337 4487 2496 4556 φύσιν
2524 4481 2882 4550 ἀναφοιτῆσαι
2911 4474 3066 4539 δόξαν
3100 4471 3320 4533 ἐθέλων,
3354 4469 3446 4521 καὶ
3475 4466 3614 4536 μετὰ
3645 4463 3744 4530 τῆς

2168 4553 2457 4649 ἐνωθείσης
2485 4575 2631 4645 αὐτῷ
2659 4571 2857 4642 σαρκὸς
2898 4568 2989 4622 ἐπὶ
3013 4562 3206 4634 καιροῦ
3242 4577 3407 4649 (post:
3441 4578 3492 4649 «_
3510 4553 3745 4622 Δόξασόν

2171 4690 2237 4743 με
2284 4673 2368 4734 σὺ,
2406 4645 2608 4736 Πάτερ,
2651 4663 2801 4732 παρὰ
2846 4656 3057 4727 σεαυτῷ
3088 4657 3156 4725 τῇ
3189 4652 3316 4724 δόξῃ
3441 4645 3588 4743 εἶχον
3637 4645 3747 4715 πρὸ

2166 4761 2260 4815 τοῦ
2294 4760 2382 4813 τὸν
2423 4757 2625 4825 κόσμον
2672 4746 2813 4804 εἶναι
2859 4744 3010 4816 παρὰ
3060 4744 3160 4806 σοὶ,
3194 4744 3282 4795 ἵνα
3329 4743 3356 4792 6
3403 4737 3606 4804 κόσμος
3650 4751 3744 4786 πι-

2175 4853 2372 4921 στεύσῃ
2406 4850 2488 4902 ὅτι
2520 4846 2582 4898 σύ
2618 4860 2684 4913 με
2724 4837 3079 4898 άπέστειλας’
3117 4831 3272 4901 κάγὼ
3313 4831 3412 4900 τὴν
3457 4827 3615 4893 δόξαν
3663 4825 3731 4894 ἣν

2169 4943 2406 5003 δέδωκάς
2443 4955 2553 5008 μοι,
2603 4934 2811 4987 δέδωκα
2859 4929 3061 4990 αὐτοῖς,
3111 4927 3200 4979 ἵνα
3243 4917 3376 4976 ὦσιν
3425 4920 3503 4980 ἓν,
3555 4915 3746 4978 καθὼς

2170 5035 2333 5105 ἡμεῖς
2362 5001 2456 5084 ἐν;
2506 5027 2616 5096 ἐγὼ
2651 5027 2708 5078 ἐν
2750 5023 2930 5084 αὐτοῖς
2976 5019 3071 5073 καὶ
3115 5017 3178 5070 σὺ
3231 5017 3289 5068 ἐν
3339 5013 3483 5083 ἐμοὶ,
3518 5010 3609 5062 ἵνα
3642 5001 3749 5060 ὦσι

2171 5120 2579 5192 τετελειωμένοι
2612 5117 2692 5179 εἰς
2723 5115 2801 5167 ἓν.
2833 5132 2851 5164 ι
2879 5112 2953 5164 Δι’
2983 5107 3146 5163 αὑτοῦ
3177 5103 3461 5174 τοιγαροῦν
3483 5100 3584 5171 τὴν
3614 5114 3749 5152 κατι

2172 5215 2412 5285 αλλαγὴν
2441 5212 2774 5282 ὲσχὴκαμεν·
2805 5204 3122 5258 τετελείωκε
3155 5199 3263 5268 γὰρ
3294 5195 3436 5249 οὕτω
3467 5194 3527 5246 τὸ
3559 5192 3749 5262 ἔργον,

2172 5294 2210 5368 δ’
2223 5309 2451 5361 δέδωκεν
2480 5300 2627 5371 αὐτῷ
2657 5302 2734 5362 εἰς
2758 5297 3030 5350 τελείωσιν
3078 5296 3106 5346 6
3153 5291 3356 5359 Πατήρ.
3391 5285 3753 5354 Συλλήπτορα

2173 5397 2229 5449 δὲ
2271 5397 2379 5449 τῶν
2411 5393 2558 5462 ἐμῶν
2587 5391 2760 5456 λόγων
2789 5389 3084 5455 ποιήσομαι
3132 5380 3292 5432 πάλιν
3330 5377 3420 5429 τὸν
3453 5374 3754 5444 ἱερώτατον

2176 5489 2407 5551 Παῦλον,
2438 5485 2532 5538 ὡδὶ
2559 5480 2870 5551 γεγραφότα
2900 5480 3007 5540 τοῖς
3046 5476 3104 5539 ἐξ
3154 5472 3321 5528 ἐθνῶν
3349 5467 3719 5548 κεκλημένοις
3739 5478 3753 5493 ⁸

2315 5664 2356 5694 ⁸³
2383 5661 2538 5715 Joan.
2575 5674 2705 5721 xm,
2738 5653 2986 5720 ii,‘2l-23.
