4014 6128
324 328 420 391 ΞΠ

1368 324 1741 380 Αῡνειιδιε
1780 325 2190 384 NESTORIUM
2230 325 2357 380 LIB.
2400 326 2464 382 ν.

3464 325 3572 384 918

330 470 351 505 ο
381 448 523 505 Νυνὶ
548 447 605 502 δὲ
630 449 688 503 έν
713 445 929 519 Χριστῷ
968 446 1143 515 Ἰησοῦ
1180 447 1340 518 ὑμεῖς
1370 447 1419 500 oi
1454 449 1581 501 ποτὲ
1613 447 1763 511 ὄντες
1795 464 1884 516 μα-

1999 441 2292 519 gentibus':
2325 467 2344 500 ι
2390 446 2543 501 Nunc
2590 452 2770 500 autem
2815 442 2869 499 in
2918 443 3135 499 Christo
3174 443 3300 498 Jesu
3351 459 3444 499 vos
3483 442 3571 512 qui

325 540 485 612 κρὰν,
526 537 818 608 ἐγενήθητε
850 537 1016 605 ἐγγὺς
1056 539 1114 589 έν
1150 536 1231 607 τῷ
1280 536 1474 607 αἵματι
1505 538 1599 589 τοῦ
1635 538 1895 607 Χριστοῦ.

322 632 493 696 Αὐτὸς
521 631 627 699 γάρ
651 631 796 685 ἐστιν
826 630 859 698 ἠ
894 629 1083 699 εἰρήνη
1127 626 1305 697 ἡμῶν,
1347 631 1375 681 ὁ
1405 630 1635 698 ποιήσας
1674 628 1743 681 τὰ
1789 629 1899 698 ἁμ-

324 723 522 793 φότερα
561 722 655 774 ἓν·
700 721 882 773 καὶτὸ
913 721 1229 792 μεσότοιχον
1271 719 1363 773 τοῦ
1410 719 1666 791 φραγμοῦ
1708 720 1896 785 λύσας,

320 814 415 884 τὴν
455 813 656 884 ἔχθραν
699 814 758 865 ὲν
785 815 851 882 τῇ
885 813 1053 876 σαρκὶ
1099 810 1284 876 αὐτοῦ,
1314 811 1409 864 τὸν
1452 811 1617 881 νόμον
1656 812 1765 864 τῶν
1808 812 1897 864 ἐν·

322 904 483 959 τολῶν
513 905 571 955 ὲν
619 904 853 974 δόγμασι
897 904 1277 976 καταργήσας,
1317 903 1404 956 ἵνα
1435 903 1564 969 τοὺς
1606 902 1699 957 δύο
1737 904 1896 976 κτίσῃ

322 997 375 1048 ἐν
410 994 566 1064 αὑτῴ
598 995 677 1057 είς
724 995 823 1047 ἕνα
869 994 1055 1047 καινὸν
1105 992 1411 1063 ἄνθρωπον,
1450 995 1619 1047 ποιῶν
1650 997 1894 1066 εἰρήνην,

322 1087 404 1138 καὶ
441 1085 863 1156 ἀποκαταλλάξῃ
913 1085 1040 1148 τοὺς
1083 1086 1425 1155 ἀμφοτέρους
1469 1087 1524 1138 έν
1570 1085 1649 1138 ἐνὶ
1682 1086 1896 1156 σώματι

317 1175 387 1246 τῷ
423 1176 545 1246 Θεῷ
573 1176 661 1229 διὰ
691 1176 785 1229 τοῦ
834 1175 1090 1246 σταυροῦ,
1125 1175 1453 1233 ἀποκτείνας
1478 1175 1577 1247 τὴν
1607 1175 1805 1247 ἔχθραν
1837 1178 1893 1228 ὲν

318 1268 482 1339 αὐτῷ.
523 1269 635 1322 Kal.
687 1267 858 1321 ἐλθὼν
909 1267 1301 1336 εὐηγγελίσατο
1340 1267 1563 1338 εἰρήνην
1608 1267 1734 1336 ὑμίν
1782 1269 1893 1329 τοῖς

320 1363 559 1434 μακρὰν,
609 1362 708 1414 καὶ
759 1362 871 1423 τοῖς
920 1359 1113 1427 ἐγγύς
1154 1379 1174 1411 ι
1208 1359 1317 1414 Καὶ
1349 1360 1454 1430 μὴν
1480 1359 1574 1411 καὶ
1628 1358 1890 1429 ἑτέρωθι·

322 1470 340 1502 ι
394 1450 791 1517 Δικαιωθέντες
844 1444 936 1503 οὖν
989 1451 1054 1503 ὲκ
1104 1451 1369 1512 πίστεως,
1421 1449 1645 1519 είρήνην
1692 1448 1890 1518 ἔχομεν

318 1544 454 1613 πρὸς
504 1544 597 1596 τὸν
647 1541 780 1595 Θεὸν
826 1541 914 1594 διὰ
942 1539 1035 1599 τοῦ
1084 1541 1288 1611 Κυρίου
1337 1540 1495 1611 ήμῶν
1551 1538 1722 1610 Ἰησοῦ
1753 1540 1887 1609 Χρι-

226 1704 233 1709 η
316 1632 469 1687 στοῦ.
515 1653 533 1683 ι
568 1633 777 1686 Οὐκοῦν
809 1631 1232 1702 κατηλλάγμεθα
1279 1629 1357 1699 τῷ
1404 1627 1525 1699 Θεῷ
1573 1630 1665 1683 καὶ
1712 1628 1889 1701 Πατρὶ

309 1726 405 1780 διὰ
454 1723 551 1779 τοῦ
604 1724 832 1777 θανάτου
865 1723 957 1776 τοῦ
1006 1721 1137 1775 Υίοῦ
1190 1719 1380 1784 αὐτοῦ,
1416 1720 1885 1791 καταργήσαντος,

2005 541 2171 594 eratis
2218 541 2407 611 longe,
2457 538 2584 593 facti
2612 537 2762 592 'estis
2811 550 2976 605 prope
3020 537 3071 589 in
3111 524 3374 603 sanguine
3410 535 3573 589 Chri-

2003 632 2093 686 sti.
2155 631 2273 700 ipse
2324 639 2408 685 est
2444 629 2586 684 enim
2640 643 2742 697 pax
2785 638 2990 703 nostra,
3034 627 3123 696 qui
3178 626 3303 679 fecit
3348 637 3578 693 utraque

2003 740 2204 787 unum;
2267 734 2321 778 et
2382 723 2614 777 medium
2680 721 2939 792 parietem
3003 719 3251 773 maceria:
3317 725 3573 783 solvens,

2001 812 2314 866 inimicitias
2376 812 2427 865 in
2505 825 2667 865 carne
2741 825 2877 873 sua,
2958 809 3124 879 legem
3195 813 3574 863 mandatorum

2000 904 2054 958 in
2117 902 2351 958 decretis
2408 917 2712 968 evacuans,
2770 911 2833 963 ut
2888 905 3025 955 duos
3085 902 3280 956 condat
3337 901 3390 956 in
3460 901 3576 969 ipso

1998 995 2052 1049 in
2086 1010 2247 1048 unum
2283 1010 2476 1048 novum
2524 996 2820 1059 hominem,
2869 993 3074 1049 iaciens
3125 1008 3336 1062 pacem,
3397 1004 3450 1046 et
3490 1008 3576 1048 re-

1997 1086 2247 1141 conciliet
2288 1085 2445 1159 125
2473 1087 2661 1140 ambos
2696 1086 2746 1139 in
2776 1100 2881 1139 uno
2906 1100 3136 1154 corpore
3175 1086 3282 1138 Deo
3314 1099 3413 1151 per
3450 1099 3574 1137 cru—

1996 1193 2136 1242 cem,
2171 1178 2508 1232 interficiens
2552 1175 2861 1231 inimicitias
2907 1178 2959 1230 in
3000 1172 3309 1243 semetipso.
3369 1174 3434 1228 Et
3481 1190 3575 1228 ve-

1978 1270 2151 1323 ‘niens
2191 1267 2580 1335 evangelizavit
2627 1282 2810 1335 pacem
2858 1268 3011 1320 vobis
3038 1266 3125 1333 qui
3176 1265 3335 1331 longe
3374 1262 3570 1329 fuistis,

1991 1370 2047 1416 et
2085 1361 2176 1430 qui
2209 1375 2377 1431 prope
2409 1359 2473 1413 ⁸⁵.
2506 1378 2524 1409 ι
2546 1359 2848 1425 Quinetiam
2888 1357 3013 1411 alibi
3049 1373 3061 1410 ε
3101 1375 3119 1407 ι
3148 1355 3434 1410 iustificati
3468 1354 3573 1422 igi-

1994 1446 2082 1506 tur
2104 1466 2171 1507 ex
2195 1452 2318 1515 iide,
2349 1467 2535 1521 pacem
2573 1452 2831 1505 habemus
2858 1450 2925 1504 ad
2966 1450 3127 1503 Deum
3167 1464 3261 1518 per
3288 1448 3571 1501 Dominum

1993 1552 2238 1598 nostrum
2290 1541 2473 1598 Jesum
2523 1542 2800 1597 Christum
2842 1542 2908 1593 “.
2948 1559 2968 1593 ι
3017 1541 3183 1611 Igitur
3233 1539 3568 1594 reconciliati

1988 1651 2177 1692 sumus
2223 1634 2337 1691 Deo
2370 1647 2427 1690 et
2471 1635 2617 1690 Patri
2668 1651 2763 1703 per
2814 1642 3041 1688 mortem
3098 1631 3215 1687 Filii
3269 1631 3403 1698 eius,
3442 1646 3573 1685 eva-

1990 1736 2188 1782 cuante
2220 1742 2285 1782 eo
2319 1727 2399 1782 vel
2428 1726 2786 1781 iuterliciente
2821 1724 3132 1778 inimicitias
3166 1724 3218 1777 in
3246 1738 3407 1775 carne
3449 1737 3569 1789 sua,

314 1818 488 1898 ἧγουν
510 1815 920 1879 ἀποκτείναντος
955 1815 1053 1885 τὴν
1081 1813 1280 1898 ἔχθραν
1311 1815 1368 1865 ἐν
1397 1814 1462 1883 τῇ
1498 1812 1661 1883 σαρκὶ
1700 1810 1884 1874 αὐτοῦ,

1988 1818 2137 1889 juxta
2172 1832 2448 1873 sacrarum
2478 1816 2808 1871 Litterarum
2841 1814 3020 1868 tidem.
3063 1813 3141 1867 Tu
3187 1827 3316 1867 vero
3350 1813 3568 1880 dispen-

312 1890 457 1964 τατά
498 1924 562 1976 γε
600 1907 700 1978 τὴν
737 1907 924 1960 πίστιν
959 1905 1067 1959 τῶν
1116 1890 1279 1975 ἱερῶν
1303 1903 1673 1975 Γραμμὰτων.
1709 1902 1884 1955 ’Δναι-

1989 1909 2213 1965 sationis
2246 1910 2486 1963 rationes
2536 1908 2767 1971 evertis,
2815 1914 2871 1961 et
2920 1920 3140 1960 recusas
3190 1903 3441 1959 confiteri
3478 1903 3569 1957 Dei

226 1996 229 1999 λ
315 2000 429 2071 ρεῖς
454 2000 512 2053 δὲ
541 2000 667 2061 τοὺς
696 1998 891 2065 λόγους
929 1997 1031 2066 τῆς
1061 1995 1373 2065 οἰκονομίας
1419 1992 1600 2058 αὐτὸς,
1630 1992 1724 2047 καὶ
1754 1994 1884 2061 ὁμο-

1989 2001 2223 2057 Verhum
2265 2014 2364 2070 pro
2403 1999 2559 2054 nobis
2590 2013 2754 2053 carne
2791 2011 3032 2066 passum,
3074 1996 3397 2050 commentis
3442 1994 3566 2064 qui-

312 2092 488 2160 λογεῖν
521 2092 622 2143 οὐκ
659 2088 851 2153 ἀξιοῖς,
884 2088 969 2140 ὅτι
1008 2086 1174 2156 σαρκὶ
1203 2083 1470 2138 πέπονθεν
1505 2084 1644 2154 ὑπὲρ
1673 2082 1831 2154 ἡμῶν
1861 2084 1884 2136 ὁ

1989 2093 2219 2147 busdam
2256 2092 2522 2161 imperitis
2550 2106 2680 2145 usus
2708 2108 2721 2143 :
2749 2104 2942 2143 nomen
2968 2089 3109 2143 enim
3143 2085 3472 2150 Filii,Verbo
3500 2101 3569 2141 ex

309 2181 407 2235 τοῦ
441 2180 577 2235 Θεοῦ
610 2181 803 2247 Λόγος,
840 2175 1230 2247 εὑρεσιλογίαις
1262 2174 1403 2227 τισὶν
1435 2173 1712 2236 ὰσυνέτοις
1743 2173 1884 2244 χρώ-

1992 2182 2109 2239 Deo
2135 2183 2318 2253 genito
2368 2198 2432 2237 ac
2468 2182 2623 2237 nobis
2677 2181 2805 2251 ipsis
2860 2194 3149 2235 commune
3200 2192 3323 2233 esse
3375 2179 3559 2232 dicis:

314 2287 508 2352 μενοςο
564 2270 743 2324 κοινὸν
787 2268 897 2339 γὰρ
939 2267 1108 2337 ὕνομα
1152 2267 1257 2336 φὴς
1302 2264 1378 2334 τῷ
1429 2266 1493 2317 ὲκ
1542 2264 1680 2317 Θεοῦ
1732 2265 1884 2332 φύντι

1992 2274 2188 2330 deinde
2217 2278 2479 2328 bonorum
2517 2274 2570 2326 in
2608 2287 2708 2328 nos
2754 2272 3072 2327 collatorum
3107 2270 3253 2323 illum
3305 2284 3425 2325 esse
3465 2285 3564 2323 au-

309 2365 492 2435 Δόγῳ,
523 2365 616 2417 καὶ
652 2364 785 2432 ἡμῖν
810 2361 1015 2423 αὐτοῖς,
1035 2359 1116 2423 τὸ,
1148 2357 1297 2420 Υἱός.
1331 2352 1463 2410 Εἶτα
1495 2356 1601 2409 τῶν
1633 2357 1714 2418 είς
1741 2357 1884 2426 ἡμᾶς

1991 2374 2197 2419 ctorem
2256 2379 2475 2433 negans,
2532 2378 2628 2432 per
2687 2376 2845 2431 quem
2885 2360 3076 2415 salvati
3135 2375 3345 2425 sumus,
3401 2360 3566 2414 Deum

309 2454 616 2529 γεγονότων
649 2450 896 2520 ἀγαθῶν,
932 2449 1104 2519 ἀεργῆ
1140 2446 1401 2510 καθιστὰς
1443 2446 1554 2511 τὸν,
1586 2447 1652 2499 δι’
1696 2440 1757 2499 οὗ
1800 2464 1887 2499 σε·

312 2544 579 2614 σὼσμεθα
621 2543 754 2596 Θεὸν
784 2542 976 2609 Λόγον,
1005 2539 1078 2601 ὼς
1126 2538 1297 2608 ἑτέρῳ
1328 2538 1456 2607 παρ’
1484 2535 1773 2590 αὺτὺνκκαὶ
1800 2535 1892 2588 ἰδι-

310 2634 429 2697 κῶς
462 2634 734 2703 νοουμένῳ
758 2632 868 2685 τῶν
897 2630 1019 2682 καθ’
1049 2630 1192 2698 ἡμᾶς
1222 2628 1323 2689 ἑνὶ,
1352 2628 1421 2678 τὰ
1449 2626 1531 2695 ἐφ’
1565 2621 1645 2688 οἷς
1680 2624 1891 2691 δοξάζε-

305 2742 405 2777 ται
437 2720 896 2794 προσνενεμηκὼς
925 2718 1108 2785 ἁλώσῃ
1154 2716 1359 2785 σαφῶς.
1405 2714 1518 2768 Οἴει
1545 2714 1601 2767 δέ
1646 2732 1729 2767 σοι
1760 2714 1893 2784 πρὸς

309 2813 598 2879 ἀπόδειξιν
627 2808 701 2866 ὧν
735 2812 874 2880 ἔφην
895 2809 1004 2881 [ἷσ.
1029 2807 1210 2879 EVM].
1234 2808 1327 2860 καὶ
1357 2806 1461 2877 μὴν
1490 2807 1582 2859 καὶ
1612 2807 1882 2877 πεφρόνη-

301 2921 415 2967 κας
445 2903 546 2956 οὐκ
569 2902 766 2972 ὀρθῶς,
792 2901 1126 2971 ἀποχρήσειν
1152 2895 1211 2951 εὖ
1243 2897 1391 2967 μάλα
1418 2897 1515 2968 τὴν
1542 2898 1881 2968 ὁμωνυμίανο

302 2995 403 3048 οὐκ
433 2993 636 3046 ἐννοῶν
661 2992 746 3045 ὅτι
774 2990 881 3044 κᾶν
914 2991 1024 3053 τοῖς
1058 2988 1199 3041 κατὰ
1240 2986 1400 3055 φύσιν
1428 2982 1567 3041 εἷναί
1598 3004 1652 3040 τι
1695 2986 1891 3058 λαχοῦ-

305 3101 410 3148 σιν,
449 3080 762 3152 ὁμωνύμως
791 3079 955 3149 ἕτερα
982 3077 1207 3147 λέγηται
1235 3074 1342 3129 τῶν
1389 3075 1557 3130 ὄντων
1583 3060 1727 3140 τινὰ,
1768 3076 1892 3146 οὐχὶ

302 3173 510 3243 ταύτης
548 3173 712 3225 ἕνεκα
754 3170 856 3240 τῆς
890 3169 1067 3231 αἰτίας
1112 3167 1373 3235 ὲξωστέον
1403 3166 1473 3219 τὰ
1521 3166 1665 3220 κατὰ
1698 3165 1881 3235 φύσιν,

303 3262 687 3336 περιτιθέντας
710 3261 799 3316 ἀεὶ
834 3259 903 3315 τὰ
945 3259 1141 3324 αὐτῶν,
1178 3262 1291 3323 τοῖς
1322 3259 1464 3313 κατὰ
1510 3258 1682 3323 θέσιν,
1726 3260 1760 3331 ἢ
1796 3260 1886 3331 μί-

246 3344 249 3347 ’
306 3373 493 3428 μησιν.
529 3358 627 3408 Δεῖ
653 3355 735 3421 δὲ,
768 3348 947 3423 οἴμαι,
977 3352 1075 3416 τὰς
1096 3351 1203 3405 τῶν
1220 3352 1514 3423 δρωμένων
1545 3352 1633 3407 ἀεὶ
1658 3352 1887 3423 δοκιμόμ

304 3448 489 3513 ζεσθαι
538 3444 756 3516 φύσεις,
792 3444 884 3498 καὶ
922 3439 1003 3507 οἷς
1052 3444 1117 3497 ἂν
1150 3443 1386 3514 μάλιστα
1420 3442 1621 3515 πρέποι
1654 3443 1884 3515 προσνέ-

306 3557 424 3610 μειν
472 3540 642 3593 αὐτὰ.
676 3531 825 3598 Οἶον,
863 3534 995 3607 φέρε
1045 3536 1238 3597 εἰπεῖν,
1273 3533 1410 3611 ,Θεὸς
1441 3533 1750 3605 ὠνόμασται
1794 3531 1888 3587 καὶ

301 3632 415 3686 ἐστι
457 3630 614 3686 κατὰ
658 3628 914 3700 ἀλήθειαν
961 3626 990 3678 ι
1032 3627 1255 3696 Πατήρ*
1298 3644 1317 3677 ι
1369 3626 1456 3692 Ἐξ
1488 3624 1654 3679 αὐτοῦ
1687 3626 1745 3678 δὲ
1793 3625 1886 3678 και

303 3726 457 3779 πᾶσα
487 3722 723 3794 πατριὰ,
764 3721 820 3774 ἐν
857 3736 916 3774 τε
967 3716 1181 3789 οὐρανῷ
1229 3716 1323 3771 καὶ
1365 3716 1460 3769 ἐπὶ
1491 3715 1594 3786 γῆς
1622 3713 1884 3784 ὀνομάζε-

300 3832 410 3881 ται,
450 3835 469 3866 ι
510 3815 661 3869 κατὰ
697 3812 758 3866 τὸ
795 3809 1196 3882 γεγραμμένον.
1247 3809 1385 3861 Ἀλλ’
1420 3809 1531 3861 είσὶ
1581 3807 1676 3860 καὶ
1703 3806 1884 3876 ἕτεροι

276 3907 556 3979 ,σαρκικοί
615 3921 675 3956 τε
731 3904 862 3973 ἡμῖν
908 3901 1003 3954 καὶ
1050 3902 1410 3969 πνευματικοὶ
1460 3897 1713 3966 πατέρες.
1752 3892 1879 3968 ’Ἆρ’

275 3994 412 4062 οὖν.
446 4000 500 4052 ετ
521 4016 577 4052 τι
602 3996 816 4065 λέγοιτο
841 3993 950 4047 τῶν
981 3992 1469 4063 θεοπρεπεστάτων
1497 3989 1625 4065 περὶ
1640 3987 1730 4041 τοῦ
1747 3986 1880 4041 Θεοῦ

301 4089 395 4141 καὶ
440 4087 703 4160 Πατρὸς,
764 4082 1053 4156 ἀρμόσειεν
1092 4080 1159 4134 ἂν
1212 4079 1307 4133 καὶ
1366 4081 1479 4141 τοῖς
1533 4075 1674 4130 κατὰ
1736 4075 1883 4129 θέσιν

298 4180 397 4250 τὴν
425 4180 603 4249 αὐτὴν
650 4175 844 4245 ἐκείνῳ
887 4172 1112 4243 λαχοῦσι
1146 4170 1357 4241 κλῆσιν,
1393 4169 1486 4224 καὶ
1528 4169 1556 4220 ὁ
1597 4166 1697 4236 τῆς
1738 4169 1884 4237 ὁμω-

297 4271 494 4341 νυμίας
547 4269 759 4341 τρόπος
801 4265 908 4323 τῶν
947 4262 1097 4337 αὑτῷ
1155 4262 1248 4315 καὶ
1293 4262 1438 4334 μόνῳ
1496 4258 1879 4337 πρεπωδεστά-

296 4376 404 4413 των
446 4359 708 4426 ὲξώσειεν
761 4355 826 4409 ἂν
875 4354 1073 4420 αὐτόν;
1124 4352 1318 4426 Καίτοι
1367 4351 1484 4415 πῶς
1531 4352 1630 4420 οὐχ
1679 4350 1881 4403 ἅπασιν

1996 2456 2251 2520 Verbum,
2283 2464 2536 2525 tanquam
2558 2454 2714 2509 alteri
2746 2453 2813 2507 ab
2840 2453 2928 2507 illo
2952 2464 3006 2507 et
3034 2454 3262 2508 seorsim
3291 2452 3568 2506 intellecto

1963 2548 2083 2600 .uni
2118 2562 2181 2602 ex
2211 2557 2399 2602 nostro
2430 2561 2673 2610 numero,
2705 2559 2766 2599 ea
2808 2551 3029 2614 propter
3061 2559 3180 2613 qum
3212 2544 3564 2612 gloriﬁcatur,

1995 2639 2233 2693 tribuere
2271 2649 2457 2708 aperte
2486 2635 2905 2706 deprehenderis
2933 2654 2946 2690 :
2980 2650 3043 2690 ac
3070 2644 3226 2706 putas
3253 2636 3317 2687 ad
3347 2649 3407 2688 ea
3433 2649 3566 2688 con-

1995 2729 2253 2783 lirmanda
2282 2744 2401 2797 qua;
2427 2728 2631 2792 dixisti,
2661 2738 2715 2781 et
2753 2742 2871 2796 quae
2914 2741 3018 2780 non
3052 2734 3201 2781 recte
3243 2726 3433 2788 sentis,
3470 2724 3563 2779 tibi

1992 2820 2128 2874 satis
2171 2833 2441 2888 superque
2495 2817 2731 2871 futuram
2774 2818 2946 2883 ipsam
2983 2817 3411 2887 homonymiam;
3460 2831 3565 2869 non

1992 2913 2282 2966 advertens
2310 2909 2477 2964 etiam
2512 2908 2555 2963 si
2596 2908 2717 2961 cum
2750 2907 2815 2960 iis
2847 2922 2964 2975 qua:
2993 2907 3287 2959 secundum
3319 2915 3563 2958 naturam

1993 3005 2194 3058 habent
2241 3009 2297 3056 ut
2331 3002 2441 3056 sint
2474 2997 2697 3068 aliquid,
2754 2996 3020 3052 nonnullae
3062 2997 3182 3049 aliae
3237 3011 3324 3049 res
3375 2996 3565 3051 eodem

1994 3093 2213 3146 nomine
2246 3100 2526 3154 vocentur,
2565 3105 2672 3143 non
2715 3103 2779 3143 ca
2825 3090 2894 3143 de
2933 3103 3098 3143 causa
3138 3087 3225 3140 illa
3253 3087 3565 3156 expellenda

1992 3198 2114 3239 esse
2152 3197 2272 3252 quae
2309 3191 2435 3236 sunt
2472 3183 2766 3235 secundum
2799 3186 3044 3232 naturam
3085 3177 3296 3232 illorum
3324 3179 3565 3248 propria,
3600 3244 3605 3249 η

1994 3272 2060 3326 iis
2092 3286 2303 3340 semper
2346 3271 2632 3326 tribuendo
2664 3284 2782 3339 quae
2825 3284 2891 3323 ex
2922 3268 3189 3338 positione
3222 3276 3315 3322 aut
3342 3282 3409 3324 ex
3441 3268 3566 3322 imi-

1995 3362 2197 3417 tatione
2242 3363 2494 3418 dicuntur
2535 3381 2550 3417 :
2598 3362 2690 3416 sed
2724 3369 2958 3431 oportet,
3006 3368 3065 3415 ut
3115 3361 3327 3431 opinor,
3374 3374 3563 3415 eorum

1992 3466 2110 3521 qute
2136 3460 2398 3521 geruntur
2430 3451 2638 3521 exquiri
2667 3460 2912 3515 naturas,
2941 3458 2994 3505 et
3017 3464 3079 3504 ea
3107 3450 3306 3518 quibus
3334 3449 3566 3503 maxime

1991 3542 2265 3606 convenit,
2298 3542 2614 3597 attribuere.
2649 3541 2810 3597 Verbi
2846 3540 3043 3608 gratia,
3070 3540 3231 3594 Pater
3264 3540 3380 3608 ipse
3405 3548 3566 3595 estet

1991 3632 2296 3702 appellatur
2326 3633 2506 3689 Deus:
2540 3651 2559 3684 ι
2590 3632 2666 3686 Ex
2705 3633 2818 3702 ipso
2850 3641 3027 3685 autem
3058 3631 3219 3685 etiam
3250 3631 3427 3685 omnis
3467 3645 3559 3698 pa-

1991 3722 2218 3777 ternitas
2245 3722 2295 3775 in
2322 3722 2458 3777 cmlo
2478 3730 2534 3775 et
2564 3721 2617 3775 in
2650 3730 2790 3775 terra
2816 3722 3147 3785 nominatur,
3177 3740 3197 3773 ι
3228 3729 3285 3774 ut
3305 3721 3563 3787 scriptum

1990 3823 2072 3867 est
2097 3812 2187 3866 “‘.
2225 3811 2363 3866 Sunt
2387 3827 2514 3867 vero
2539 3812 2697 3865 nobis
2730 3812 2821 3865 alii
2846 3821 2901 3868 et
2935 3812 3178 3866 carnales
3206 3822 3260 3865 et
3292 3811 3564 3877 spiritales

1990 3912 2192 3972 patres.
2218 3900 2358 3956 Num
2384 3903 2545 3973 igitur
2574 3902 2619 3954 si
2644 3901 2772 3971 quid
2801 3915 2865 3955 ex
2892 3903 2973 3955 his
3002 3917 3119 3970 qum
3144 3903 3374 3955 maxime
3399 3901 3562 3955 Deum

1988 3993 2202 4058 decent,
2239 3994 2306 4047 de
2341 3993 2451 4046 Deo
2497 4002 2560 4046 ac
2608 3990 2765 4045 Patre
2809 3992 3044 4057 dicatur,
3095 3993 3233 4046 idem
3282 3996 3560 4048 conveniet

1988 4085 2054 4143 iis
2093 4084 2182 4152 qui
2224 4084 2517 4137 secundum
2557 4082 2881 4152 positionem
2917 4083 3162 4135 eamdem
3190 4096 3312 4135 cum
3336 4082 3424 4134 illo
3449 4097 3564 4136 sor-

1987 4175 2070 4230 titi
2101 4183 2228 4228 sunt
2252 4173 2684 4245 appellationem,
2718 4180 2771 4225 et
2797 4171 3154 4242 homonymia:
3184 4182 3367 4239 tropus
3390 4174 3560 4240 ipsum

1990 4267 2056 4321 iis
2083 4266 2336 4336 spoliabit
2380 4280 2499 4333 quae
2546 4263 2619 4318 illi
2669 4272 2721 4317 et
2766 4262 2867 4318 soli
2919 4263 3152 4317 maxime
3196 4263 3561 4318 conveniunt!

1988 4358 2146 4426 Atqui
2183 4356 2454 4426 quomodo
2489 4370 2596 4409 non
2650 4355 2723 4408 sit
2770 4354 3020 4410 omnibus
3055 4350 3419 4424 perspicuum,
3467 4358 3561 4410 ah-
3606 4394 3615 4397 -

297 4424 547 4521 eam},
581 4450 664 4512 ὡς
705 4446 929 4501 ἔκτοπόν
978 4462 1038 4500 τε
1084 4444 1177 4497 καὶ
1212 4424 1429 4513 ’ἀπηχὲς
1473 4440 1554 4505 τὸ,
1586 4434 1690 4493 ὧδέ
1731 4456 1883 4499 τινας

1988 4447 2209 4501 surdum
2242 4460 2362 4504 esse
2387 4456 2440 4502 et
2461 4446 2721 4500 absonum
2749 4447 2958 4515 aliquos
2982 4461 3011 4501 e
3042 4449 3242 4501 nostris
3262 4449 3340 4502 sic
3363 4449 3562 4503 sentire

294 4540 399 4605 τῶν
448 4542 508 4595 ὲν
557 4542 697 4610 ἡμῖν
735 4536 949 4590 ἑλέσθαι
981 4537 1219 4610 φρονεῖν,
1264 4533 1303 4603 ἢ
1336 4532 1552 4600 λέγειν;
1588 4531 1653 4584 Τί
1697 4531 1880 4591 τοίνυν

293 4636 423 4702 ἡμῖν
472 4633 575 4703 τὴν
631 4629 949 4701 ὁμωνυμίαν
997 4624 1278 4693 ἀειλογῶν,
1328 4622 1625 4700 τὸνῇφύσει
1670 4640 1730 4675 τε
1785 4623 1881 4682 καὶ

294 4715 510 4792 ἆληθῶς
548 4721 843 4792 ἀτιμάζεις
878 4718 1039 4783 Υἱόν;
1070 4718 1177 4769 τῶν
1209 4718 1285 4780 είς
1318 4717 1467 4787 ἡμᾶς
1499 4713 1873 4785 εὐεργετημά-

290 4815 398 4868 τῶν
425 4815 534 4881 ἔξω
562 4830 632 4867 τε
657 4811 847 4877 τιθεὶς,
882 4811 976 4864 καὶ
1005 4808 1281 4878 ἀλλότριον
1320 4805 1635 4874 ἀποφαίνων
1655 4822 1668 4835 ·
1698 4805 1875 4864 καίτοι

291 4905 408 4962 δέον
448 4904 739 4971 συλλέγειν
772 4903 849 4966 είς
877 4900 1067 4954 ἕνωσιν
1102 4898 1139 4952 ἃ.
1175 4898 1382 4968 διιστᾷν
1424 4895 1730 4966 ὁλοτρόπως
1775 4896 1876 4949 οὐκ

293 4996 575 5069 ἐρυθριᾷς,
609 4996 711 5049 ἕνα
736 5011 796 5046 τε
826 4994 965 5047 νοεῖν
1012 4990 1149 5063 μετὰ
1176 4988 1274 5058 τῆς
1317 4989 1452 5051 ίδίας
1480 4986 1642 5040 αὐτοῦ
1676 4986 1877 5056 σαρκός

292 5093 379 5144 τὸν
413 5093 479 5144 ὲκ
505 5087 652 5143 Θεοῦ
685 5085 897 5155 Πατρὸς
930 5082 1121 5152 Λόγον.
1167 5079 1410 5159 ’ἱδρῶτος
1441 5079 1550 5150 γὰρ
1591 5075 1735 5130 οὕτω
1771 5094 1877 5146 μα-

292 5182 423 5253 κροῦ
450 5182 661 5237 σαυτὸν
687 5175 1037 5242 ἀπαλλάξεις,
1066 5173 1202 5246 ὀρθά
1227 5190 1285 5225 τε
1310 5168 1687 5241 πεφρονηκὼς,
1718 5168 1874 5221 ἐπαι-

292 5275 491 5346 νεθήσῃ
522 5272 719 5326 λοιπόν
742 5287 757 5301 ο
791 5270 886 5321 καὶ
913 5268 1114 5336 ἥκιστα
1157 5266 1254 5336 μὲν
1299 5263 1547 5333 παθητὴν
1575 5263 1721 5330 ἐρεῖς
1771 5261 1871 5331 τὴν

294 5363 521 5435 θεότητα
553 5362 652 5416 τοῦ
696 5356 1039 5426 Μονογενοῐς
1065 5373 1077 5384 ·
1122 5354 1476 5425 ὁμολογήσεις
1518 5351 1576 5404 δὲ
1608 5352 1704 5403 σὺν
1738 5351 1871 5419 ἡμῖν

291 5457 370 5515 ὃτι
402 5458 518 5526 ζωὴ
545 5456 647 5509 καὶ
678 5451 938 5518 ζωοποιὺς
973 5448 1110 5503 κατὰ
1143 5449 1303 5517 φύσιν
1337 5447 1477 5511 ἐστὶ,
1510 5442 1605 5496 καὶ
1643 5442 1748 5512 μὴν
1778 5442 1870 5494 καὶ

294 5546 490 5610 παντὸς
534 5544 799 5597 ἐπέκεινα
838 5540 1060 5602 πάθους.
1106 5534 1237 5593 Εἶτα
1276 5537 1550 5607 παθούσης
1601 5538 1697 5608 τῆς
1735 5538 1868 5588 ἑνω-

360 5722 628 5794 “Epltcs.
673 5739 706 5776 ll
752 5723 927 5775 15-17.
1008 5723 1049 5751 ⁸⁷⁸
1089 5722 1242 5776 Boni.
1278 5737 1328 5775 ι’,
1362 5721 1402 5769 l.
1486 5718 1546 5745 ⁸³⁸
1589 5717 1779 5782 Ιτῖιιιιιντκ.

1982 4554 2047 4594 ac
2081 4538 2223 4608 loqui
2257 4537 2435 4593 velle?
2464 4537 2575 4594 Cur
2610 4538 2773 4609 igitur
2802 4539 2957 4592 nobis
2985 4539 3383 4607 homonymiam
3419 4541 3559 4594 assi-

1981 4632 2085 4686 due
2112 4639 2386 4699 repetens,
2418 4627 2567 4682 illum
2593 4644 2657 4683 ex
2684 4639 2877 4699 natura
2914 4643 3151 4698 vereque
3176 4628 3370 4684 Filium
3397 4631 3559 4685 dede-

1979 4735 2157 4787 coras,
2183 4727 2240 4771 ut
2266 4718 2654 4775 beneﬁciorum
2685 4718 2737 4771 in
2766 4733 2865 4773 nos
2901 4717 3222 4790 collatorum
3254 4736 3359 4775 non
3390 4722 3557 4779 fuisse

1979 4810 2131 4864 illum
2160 4817 2437 4867 auctorem
2455 4822 2692 4876 asseras,
2712 4806 2781 4863 et
2813 4810 3401 4881 alienuntpronunties,
3429 4830 3553 4869 cum

1980 4901 2236 4972 colligere
2266 4900 2321 4956 in
2354 4901 2609 4957 unionem
2641 4902 2893 4968 deberes;
2917 4919 3037 4972 quae
3069 4906 3291 4961 omnino
3316 4907 3559 4962 dividere

1982 5007 2088 5047 non
2129 4992 2429 5058 erubescis,
2457 5003 2513 5048 et
2543 5008 2706 5048 unum
2739 4991 3038 5065 intelligere
3065 5012 3186 5050 cum
3220 4996 3388 5064 ipsius
3432 5012 3554 5064 pro-

1982 5084 2103 5152 pria
2137 5098 2302 5139 carne
2336 5085 2511 5153 ipsum
2546 5099 2610 5139 ex
2641 5086 2749 5140 Deo
2779 5085 2941 5140 Patre
2964 5086 3233 5141 Verbum?
3263 5087 3372 5140 Hoc
3402 5102 3554 5140 natu-

1980 5190 2085 5246 que
2135 5175 2177 5229 si
2226 5175 2412 5242 lacies,
2458 5185 2508 5230 te
2542 5177 2717 5247 ipsum
2765 5178 2933 5231 multo
2976 5177 3161 5231 labore
3198 5176 3469 5240 liberabis,
3499 5188 3554 5231 et

1972 5267 2198 5335 posthac
2235 5277 2381 5323 recte
2413 5268 2655 5322 sentiens
2686 5267 3012 5330 laudaberis,
3051 5282 3223 5334 neque
3258 5266 3364 5320 ullo
3394 5273 3553 5324 modo

1971 5358 2308 5413 divinitatem
2354 5360 2515 5429 126
2560 5357 2834 5426 Unigeniti
2878 5359 3183 5426 passibilem
3233 5358 3402 5422 dices,
3456 5363 3549 5416 sed

1972 5450 2249 5524 nobiscum
2302 5449 2558 5504 fateberis
2590 5448 2737 5500 illum
2779 5460 2835 5502 et
2885 5450 3045 5500 vitam
3087 5460 3142 5502 et
3185 5450 3546 5506 viviﬁcantem

1971 5554 2036 5593 ex
2084 5547 2274 5592 natura
2300 5551 2443 5602 esse,
2474 5546 2631 5604 atque
2655 5537 2820 5591 etiam
2849 5538 3004 5604 longe
3033 5538 3099 5591 ab
3126 5541 3270 5593 omni
3297 5541 3548 5607 passione

1825 5732 1903 5772 lll.
1941 5717 2025 5769 13.
