4014 6128
444 261 554 315 ΞΝ)

1481 259 1540 316 S.
1582 260 1855 316 CYRILLI
1895 260 2362 316 ALEXANDRINI
2400 258 2721 316 ARCHIEP.

3595 255 3698 310 220

449 385 738 429 remotum.
781 369 986 430 Deinde
1031 389 1151 429 cum
1188 389 1342 443 paSsa
1379 385 1522 430 esset
1551 377 1648 446 ipsi
1684 379 1827 432 unita
1875 394 2026 442 caro,

2134 378 2315 448 θείσης
2347 377 2494 447 αύτῷ
2525 376 2746 448 σαρκὸς,
2783 373 2964 446 χάριτι
2993 373 3151 438 Θεοῦ,
3195 372 3337 427 κατά
3369 369 3430 424 τὸ
3458 387 3702 442 γεγραμ-

448 468 620 536 gratia
650 465 767 532 Dei,
793 467 931 520 sicut
960 466 1220 535 scriptum
1248 477 1349 527 est,
1379 483 1475 536 pro
1503 469 1754 522 omnibus
1791 471 2026 539 gustavit

450 571 678 615 mortem
707 559 754 590 “
784 577 797 614 :
834 567 892 613 ut
925 574 1045 614 cum
1079 559 1336 626 templum
1371 573 1526 612 suum
1555 570 1729 613 morte
1753 575 1872 630 qua:
1910 577 2024 614 om-

451 664 545 704 nes
572 650 662 718 qui
695 649 748 703 in
783 649 940 703 terris
979 657 1106 703 sunt
1149 649 1374 712 vicerat,
1416 647 1612 704 fortius
1652 665 1716 704 ac
1757 653 2025 720 potentius

451 739 793 802 reddidisset,
835 739 1088 808 primitiae
1121 739 1502 792 dormientium
1527 751 1672 795 esset
1696 740 1786 806 ⁸⁸⁸,
1815 751 1868 796 et
1912 744 2024 809 pri-

452 832 752 900 mogenitus
792 844 858 884 ex
897 829 1124 882 mortuis
1148 829 1235 894 ‘7;
1289 831 1708 885 transmittendo
1750 842 1927 886 autem
1972 835 2025 888 in

451 934 548 972 nos
597 933 810 988 quoque
853 933 970 972 eam
1021 919 1252 986 gratiam
1299 930 1557 986 tanquam
1607 937 1744 976 unus
1785 938 1850 977 ac
1881 923 2026 978 solus

449 1007 616 1062 Filius
639 1017 693 1062 et
717 1017 1008 1077 antequam
1033 1017 1178 1062 esset
1204 1009 1363 1062 homo
1385 1009 1582 1074 factus,
1603 1021 1657 1065 et
1677 1022 2024 1082 posteaquam

410 1106 532 1158 ,est
571 1097 765 1161 factus,
808 1096 1057 1151 Salvator
1103 1098 1490 1167 appellaretur,
1541 1109 1597 1156 et
1653 1103 2025 1158 universorum

449 1187 711 1243 liberator
753 1207 766 1244 :
803 1204 1035 1259 cumque
1080 1205 1108 1243 a
1156 1200 1410 1259 peccato,
1450 1200 1508 1245 ut
1554 1192 1686 1259 dixi,
1741 1194 2027 1249 liberasset

448 1295 636 1335 inanes
661 1280 751 1348 qui
777 1281 829 1334 in
852 1295 975 1334 eum
1003 1281 1311 1347 crederent,
1337 1297 1444 1350 pax
1468 1283 1620 1336 ﬁeret
1644 1283 1710 1337 iis
1730 1285 1818 1352 qui
1850 1285 2024 1354 longe,

448 1379 502 1423 et
534 1370 598 1423 iis
622 1370 712 1440 qui
752 1385 939 1440 prope,
988 1372 1351 1428 reconciliatis
1386 1387 1482 1442 per
1515 1388 1573 1428 se
1603 1373 1776 1442 ipsum
1823 1375 1932 1429 Deo
1965 1391 2027 1430 ac

449 1459 594 1513 Patri
624 1461 689 1515 iis
722 1453 826 1530 qui'
849 1460 977 1514 olim
1013 1471 1281 1515 creatura:
1322 1463 1646 1528 servierant,
1687 1473 1739 1520 et
1779 1480 1872 1534 per
1901 1481 2025 1535 pec-

449 1561 628 1604 catutn
670 1551 775 1606 Deo
798 1551 1040 1604 omnium
1074 1553 1279 1621 optimo
1305 1562 1458 1607 erant
1485 1554 1794 1609 initnici.At
1822 1571 1950 1608 vero
1974 1557 2024 1609 in

450 1641 585 1694 duos
617 1641 809 1694 iterum
863 1640 998 1694 ﬁlios
1033 1641 1278 1696 dividens
1310 1659 1472 1695 unum
1523 1643 1807 1698 Dominum
1841 1643 2023 1700 Jesum

452 1729 751 1794 Christum,
784 1731 865 1785 sic
901 1731 1012 1786 fere
1042 1731 1174 1786 dicit
1204 1751 1218 1786 :

524 1840 759 1895 Νεετοιι.
794 1843 964 1912 [Audi
997 1844 1156 1898 etiam
1181 1842 1322 1897 aliud
1349 1843 1588 1910 ipsorum
1623 1847 2026 1902 testimonium:

457 1949 474 1981 ι
511 1931 566 1985 Si
600 1932 742 1985 enim
780 1935 1173 2001 cognovissent,
1214 1953 1484 2006 nunquam
1521 1939 1800 1994 Dominum
1846 1944 2030 2011 gloriae

451 2023 848 2077 cruciﬁxissent
870 2024 937 2078 δ’.
969 2045 987 2076 ι
1023 2026 1158 2080 Ecce
1192 2027 1476 2083 Dominum
1515 2030 1697 2100 gloriae
1727 2033 1874 2086 dicit.
1910 2033 2029 2087 Non

451 2116 530 2168 sic
568 2115 802 2184 appellat
830 2116 1242 2186 humanitatem,
1267 2121 1361 2174 sed
1398 2121 1752 2176 divinitatem.
1789 2123 1902 2178 Hoc
1933 2140 2031 2179 au-

451 2215 555 2259 tt-m
583 2216 666 2260 est
705 2207 983 2262 hominum
1018 2224 1281 2263 summam
1316 2210 1459 2266 illam
1485 2213 1884 2282 copulationetn
1919 2216 2030 2271 dis-

452 2304 514 2348 ιι·-
599 2296 801 2350 utinm.
847 2297 979 2352 Cum
1023 2300 1166 2352 enim
1205 2299 1360 2363 dicis,
1396 2300 1538 2353 hunc
1566 2317 1670 2354 non
1698 2316 1818 2354 esse
1848 2301 2030 2354 Domi-

451 2403 538 2438 mt'
630 2389 774 2440 .dum
798 2402 941 2451 esse,
965 2398 1018 2442 ttt
1045 2389 1242 2441 nudum
1275 2389 1546 2444 hominem
1577 2390 1708 2444 lacis
1733 2391 2025 2446 Christum.

452 2464 588 2543 ῥά...
615 2493 743 2546 ergo
761 2479 860 2531 sub
878 2478 1250 2532 ecclesiastica
1281 2494 1508 2548 persona
1544 2481 1699 2541 dicis,
1739 2481 1989 2535 harretice
2005 2482 2045 2556 ἲ,

455 2565 786 2622 Dutuinusne
825 2579 907 2621 est
937 2569 1102 2621 etiam
1137 2569 1254 2638 ipse
1285 2573 1468 2636 homo,
1505 2585 1571 2623 an
1609 2572 1812 2625 secus?
1835 2573 1879 2625 si
1910 2573 2030 2640 qui-

454 2661 574 2715 t'ent
607 2659 882 2727 Dominus,
917 2661 1325 2718 con'tmunicant
1354 2662 1496 2716 inter
1510 2677 1568 2716 se
1597 2678 1716 2732 (ιιιιι⁵
1736 2664 2025 2732 dicuntur;

454 2752 538 2804 sin
570 2752 768 2817 minus,
803 2752 908 2805 noli
943 2763 995 2804 ιιι
1029 2768 1149 2806 cum
1199 2757 1396 2808 nudum
1437 2770 1497 2808 ac
1524 2755 1822 2826 simplicem
1855 2756 2023 2810 homi-

455 2855 578 2895 nem
605 2839 876 2895 Christum
911 2841 1096 2909 facias,
1137 2843 1267 2897 mihi
1301 2845 1401 2898 hoc
1428 2846 2024 2918 prohrumimpingere.

453 2930 658 2986 Deinde
684 2933 812 2986 dicit
841 2953 854 2988 :
884 2934 1178 2988 Audiamus
1205 2935 1422 2989 beatum
1446 2936 1673 2990 Paulum
1709 2948 1894 3008 aperte
1920 2939 2027 2993 cla-

2130 470 2306 538 μένον,
2333 469 2468 541 ὑπὲρ
2493 467 2693 530 παντὸς
2714 467 2974 535 ἐγεύσατο
3005 466 3236 520 θανάτου
3258 482 3270 495 ·
3296 465 3404 530 ἵνα,
3436 461 3530 516 τοῦ
3568 461 3700 514 πάν-

2125 577 2222 623 τας
2271 558 2608 626 νενικηκότος
2650 557 2777 620 τοὺς
2820 558 2912 610 ἐπὶ
2939 558 3036 628 τῆς
3085 557 3189 626 γῆς
3221 556 3310 608 τὸν
3357 554 3550 608 ἑαυτοῦ
3573 554 3700 607 ναδν

2125 653 2408 722 ἀποφήνας
2461 649 2766 720 κρείττονα,
2819 648 3132 720 χρηματίσῃ
3187 648 3286 718 μὲν
3335 645 3564 716 ἀπαρχὴ
3594 645 3700 696 τῶν

2127 741 2556 812 κεκοιμημένων,
2574 739 2667 792 καὶ
2699 738 3040 810 πρωτότοκος
3062 739 3125 790 ἐκ
3154 737 3362 804 νεκρῶν
3377 753 3390 765 ⁸
3413 735 3702 806 παραπέμ.

2128 851 2242 886 πων
2267 832 2323 885 δὲ
2350 831 2443 884 καὶ
2479 831 2558 894 είς
2581 831 2727 900 ἡμᾶς
2760 829 2857 900 τὴν
2891 829 3074 899 χάριν,
3115 827 3189 890 ὡς
3210 821 3292 889 εἷς
3325 843 3384 879 τε
3411 826 3505 878 καὶ
3543 825 3701 894 μόνος

2128 923 2386 994 ὑπάρχων
2408 922 2534 985 Tib;
2562 921 2654 974 καὶ
2688 920 2794 992 πρὸ
2826 921 2924 990 τῆς
2951 918 3432 990 ἐνανθρωπήσεως,
3463 918 3555 970 καὶ
3583 915 3699 984 μετ’

2134 1016 2303 1084 αὐτὴν
2352 1015 2430 1067 ἐτι
2477 1013 2665 1085 Σωτὴρ
2719 1012 3081 1083 ὀνομάζηται,
3130 1012 3222 1064 καὶ
3269 1009 3545 1080 λυτρωτὴς
3593 1008 3700 1061 τῶν

2127 1107 2263 1161 ὅλων
2283 1123 2295 1136 ·
2323 1102 2442 1160 εἶτα
2466 1107 2561 1176 τῆς
2597 1105 2886 1175 ἁμαρτίας,
2915 1105 2990 1167 ώς
3031 1104 3186 1172 ἔφην,
3211 1101 3509 1170 ἐλευθερῶν
3530 1100 3701 1152 ἃπαν-

2125 1215 2222 1262 τας
2270 1199 2394 1261 τοὺς
2441 1199 2521 1261 είς
2573 1197 2736 1250 αὑτὸν
2792 1195 3165 1258 πιστεύοντας,
3225 1195 3415 1264 εἰρήνη
3474 1193 3699 1260 γένηται

2127 1292 2238 1354 τοῖς
2276 1287 2510 1360 μακρὰν,
2547 1287 2781 1350 καὶτοῖς
2827 1288 3013 1355 ἐγγὺς,
3051 1285 3429 1338 καταλλάττων
3463 1283 3528 1335 δι’
3574 1283 3698 1335 ἐαυ-

2126 1383 2219 1436 τοῦ
2265 1383 2343 1453 τῷ
2373 1381 2490 1453 Θεῷ
2535 1382 2628 1436 καὶ
2663 1381 2837 1452 Πατρὶ
2876 1383 3004 1444 τοὺς
3047 1381 3214 1434 πάλαι
3252 1380 3318 1449 τῇ
3348 1377 3524 1430 κτίσει
3548 1376 3701 1428 λελα-

2127 1474 2442 1544 τρευκότας,
2492 1475 2584 1528 καὶ
2634 1473 2722 1526 διὰ
2770 1473 2870 1542 τῆς
2908 1471 3175 1542 ἁμαρτίας
3225 1469 3576 1542 ἐχθρεύοντας
3624 1466 3700 1537 τῷ

2129 1565 2428 1635 παναγάθῳ
2469 1564 2612 1634 Θεῷ.
2673 1563 2813 1617 Ἀλλ’
2851 1564 2930 1626 είς
2969 1562 3134 1616 δυάδα
3179 1561 3341 1615 πάλιν
3375 1560 3503 1612 υἱῶν
3535 1577 3701 1612 κατα-

2133 1655 2369 1727 μερίξων
2398 1657 2488 1718 τὸν
2524 1655 2622 1709 ἕνα
2663 1655 2869 1727 Κύριον
2919 1653 3127 1726 Ἰησοῦν
3162 1652 3415 1726 Χριστὸν,
3453 1646 3554 1704 ῶδέ
3599 1650 3699 1704 πού

2133 1764 2294 1817 φησιν
2315 1765 2329 1780 ο

2201 1857 2490 1929 [Ἄκουσον
2532 1857 2627 1912 καὶ
2666 1857 2765 1928 τὴν
2798 1856 2966 1927 ἄλλην
2997 1855 3175 1909 αὐτῶν
3224 1855 3542 1926 μαρτυρίαν.
3583 1873 3602 1906 ι
3640 1855 3703 1906 Et

2131 1952 2238 2021 γὰρ
2274 1949 2534 2019 ἔγνωσαν,
2574 1950 2674 2002 οὐκ
2711 1947 2776 2002 ἂν
2812 1949 2900 2002 τὸν
2949 1947 3154 2017 Κύριον
3185 1950 3280 2016 τῆς
3310 1946 3461 2014 δόξης
3503 1945 3700 1998 ἐσταύ-

2133 2059 2334 2114 ρωσαν.
2376 2060 2393 2092 ι
2435 2041 2564 2094 Ἰδοὺ
2589 2039 2792 2110 Κύριον
2817 2039 2915 2110 τῆς
2941 2037 3096 2109 δόξης
3120 2038 3287 2106 λέγει.
3321 2026 3399 2090 Ού
3424 2037 3579 2089 καλεῖ
3607 2035 3702 2106 τὴν

2132 2132 2548 2203 άνθρωπότητα,
2583 2130 2718 2183 ἀλλά
2752 2129 2851 2200 τὴν
2899 2129 3146 2198 θεότητα.
3180 2129 3348 2181 Τοῦτο
3376 2129 3432 2181 δέ
3465 2131 3578 2181 ἐστι
3610 2129 3705 2181 καὶ

2129 2223 2482 2276 διασπώντων
2528 2222 2626 2293 τὴν
2675 2222 2971 2291 συνάφειαν
3017 2219 3116 2290 τὴν
3153 2220 3388 2290 ἀκριϐἦο
3437 2221 3566 2273 ὅταν
3597 2221 3705 2288 γὰρ

2129 2315 2306 2378 λέγεις
2350 2315 2431 2366 ὅτι
2473 2307 2626 2375 οὗτος
2667 2312 2764 2381 μὲν
2811 2313 2913 2364 οὐκ
2959 2310 3075 2363 ἔστι
3125 2310 3348 2381 Κύριος,
3399 2311 3605 2372 ἐκεῖνος
3649 2308 3707 2360 δὲ

2129 2404 2355 2474 Κύριος,
2393 2405 2457 2457 σὺ
2500 2403 2654 2472 ψιλὸν
2683 2402 2968 2472 ἄνθρωπον
2999 2403 3169 2464 ποιεῖς
3213 2401 3301 2453 τὸν
3336 2399 3590 2470 Χριστόν.
3643 2396 3708 2451 Τί

2127 2489 2220 2547 οὖν
2254 2494 2431 2562 λέγεις
2471 2495 2528 2546 ἐν
2571 2475 3005 2561 ἐκκλησιαστικῷ
3044 2489 3394 2566 προσωπείῳ,
3431 2485 3704 2558 αἱρετικές

2130 2584 2331 2656 Κύριος
2363 2585 2457 2637 καὶ
2486 2585 2514 2636 6
2555 2582 2859 2653 ἅνθρωπος,
2897 2581 2929 2651 ἢ
2962 2579 3064 2646 οὖ;
3116 2582 3176 2633 Εἰ
3226 2581 3324 2650 μὲν
3361 2573 3452 2632 οὖν
3483 2576 3704 2646 Κύριος,

2131 2677 2376 2728 κοινωνεί
2409 2673 2476 2728 τὰ
2505 2673 2772 2744 λεγόμενα
2804 2673 2915 2743 (56)
2937 2688 2950 2700 ⁸
2991 2674 3040 2725 εί
3079 2672 3135 2726 δὲ
3177 2673 3236 2724 οὐ
3269 2670 3494 2741 Κύριος,
3534 2667 3608 2738 μὴ
3644 2669 3708 2720 σὺ

2128 2766 2281 2833 ψιλὸν
2308 2766 2591 2836 ἄνθρωπον
2618 2765 2708 2818 τὸν
2742 2765 2975 2836 Χριστὸν
3009 2764 3198 2827 ποιῶν,
3240 2763 3364 2833 ἐμοὶ
3408 2759 3706 2832 πρόστριθε

2127 2860 2218 2912 τὸν
2249 2855 2568 2928 ὁνειδισμόν.
2603 2851 2737 2908 Εἶτά
2779 2871 2945 2924 φησιν
2968 2870 2982 2884 ·
3025 2854 3368 2923 Ἀκούσωμεν
3393 2850 3486 2904 τοῦ
3531 2864 3707 2921 μακα-

2132 2950 2247 3022 ρίου
2275 2949 2489 3002 Παύλου
2519 2945 2768 3018 φανερῶς
2802 2946 3155 3020 κεκραγότος,
3191 2945 3272 3006 τις
3311 2945 3458 2996 ἐστιν
3483 2942 3511 2994 6
3547 2958 3710 2993 σταυ-

456 3035 711 3089 tnantem,
763 3027 1008 3093 quisnam
1057 3027 1126 3081 sit
1173 3026 1264 3080 ille
1317 3026 1629 3083 cruciﬁxus.
1683 3031 1820 3083 Audi
1869 3031 2031 3100 igitur

2137 3041 2348 3113 ρωθείς.
2407 3042 2670 3094 ’Ἄκουσον
2720 3039 2899 3093 τοίνυν
2950 3035 3303 3108 φανερώτατα
3347 3035 3448 3102 τῆς
3493 3033 3706 3102 φωνῆς·

456 3116 796 3182 apertissime
827 3116 942 3184 ejus
971 3131 1158 3171 vocem
1191 3137 1203 3171 :
1237 3134 1256 3168 ι
1290 3111 1502 3171 Etenim
1535 3119 1828 3173 cruciﬁxus
1867 3129 2034 3174 estex

457 3206 794 3268 inﬁrmitate,
828 3206 922 3260 sed
958 3206 1089 3260 vivit
1133 3221 1201 3261 ex
1249 3208 1452 3261 virtute
1495 3208 1587 3262 Dei
1615 3208 1681 3262 δ’.
1718 3227 1735 3260 ι
1775 3208 1831 3263 Si
1862 3211 2036 3265 cruci-

459 3295 599 3349 ﬁxus
620 3305 785 3350 estex
807 3296 1138 3362 inﬁrmitate,
1157 3297 1281 3368 quis
1302 3297 1607 3354 inﬁrmatus
1628 3309 1729 3366 est,
1754 3300 2038 3356 hmretice?

462 3387 619 3441 illene
649 3386 791 3442 Deus
825 3387 1053 3442 Verbum
1073 3389 1130 3463 ?]

1121 3569 1272 3626 CAP.
1313 3570 1376 3627 11.

529 3719 728 3775 Fertur
759 3721 811 3776 in
848 3723 1112 3778 absurdas
1161 3726 1483 3789 sententias,
1531 3736 1584 3781 et
1637 3726 1688 3784 in
1735 3728 2038 3798 improbum

459 3827 700 3877 sensum,
747 3813 854 3866 vim
905 3815 1150 3883 mysterii
1201 3815 1348 3870 nullo
1402 3821 1561 3872 modo
1611 3819 1936 3891 intelligens,
1983 3830 2041 3874 ut

461 3904 590 3958 mihi
621 3904 851 3966 videtur,
887 3906 979 3959 sed
1009 3921 1103 3959 sua
1133 3917 1438 3960 commenta
1471 3909 1667 3978 ubique
1699 3926 1951 3979 sequens,
1979 3927 2041 3966 ac

377 3985 386 3992 ’
459 3994 689 4050 fortasse
744 4007 1009 4062 metuens,
1065 4013 1133 4053 ne
1179 3999 1454 4069 quidpiam
1507 4004 1646 4071 quod
1695 4013 1897 4058 rectum
1945 4014 2039 4058 aut

460 4102 645 4141 verum
677 4087 768 4150 sit,
803 4087 884 4141 vel
917 4089 1138 4150 sentire,
1174 4091 1254 4144 vel
1283 4091 1460 4160 eloqui
1491 4095 1860 4150 convincatur.
1897 4095 2041 4164 Obji-

459 4179 529 4228 t'il
559 4177 704 4232 enim
730 4178 856 4240 sibi,
877 4190 931 4230 ut
964 4178 1078 4246 ipse
1111 4178 1285 4248 lingit,
1305 4183 1733 4237 orthodoxorum
1765 4186 2040 4239 hominum

460 4283 620 4323 voces
662 4284 676 4319 :
724 4270 818 4323 sed
867 4273 1046 4324 denuo
1095 4270 1184 4324 illa
1227 4287 1427 4340 ponere
1467 4275 1887 4343 deprehenditur
1924 4292 2042 4345 qum

2141 3150 2160 3183 ι
2197 3133 2306 3185 Καὶ
2335 3131 2442 3204 γὰρ
2467 3131 2806 3203 ἐσταυρώθη,
2835 3133 3021 3203 φησιν,
3053 3133 3110 3198 ἐξ
3142 3129 3446 3192 ἀσθενείας,
3481 3125 3619 3180 ἀλλὰ
3644 3122 3710 3196 ζῇ

2135 3224 2199 3276 ἐκ
2241 3223 2537 3293 δυνάμεως,
2565 3224 2723 3280 Θεοῦ.
2767 3243 2785 3274 ι
2831 3225 2894 3277 Et
2933 3221 3254 3293 ἐσταυρώθη
3304 3222 3362 3288 ἐξ
3404 3219 3712 3285 ἀσθενείας,

2133 3314 2218 3378 τίς
2249 3313 2565 3385 ἠσθένησεν,
2597 3316 2874 3386 αίρετικέ;
2907 3317 2934 3369 6
2967 3315 3098 3378 Θεὸς
3126 3314 3294 3381 Λόγος
3315 3312 3356 3385 ;]

2745 3577 2994 3630 ΚΕΦΑΛ.
3038 3578 3106 3633 B'.

2221 3729 2641 3801 Ἀποκομίζεται
2703 3730 2782 3792 είς
2843 3729 3050 3792 ἐννοίας
3117 3729 3414 3794 ἐκτύπους,
3481 3729 3578 3782 καὶ
3631 3729 3714 3792 είς

2138 3823 2392 3893 ἀδόκιμον
2447 3820 2594 3888 νοῦν,
2651 3819 2752 3891 τὴν
2801 3819 2894 3873 τοῦ
2959 3821 3255 3892 μυστηρίου
3315 3820 3545 3891 δύναμιν
3592 3823 3711 3874 κατ’

2139 3914 2327 3968 ούδὲνα
2363 3913 2562 3984 τρόπον
2601 3913 2825 3976 συνιεὶς,
2885 3911 2960 3974 ὥς
3002 3928 3064 3980 γε
3122 3929 3213 3982 μοι
3254 3913 3525 3980 φαίνεται,
3576 3912 3713 3982 μᾶλ-

2139 4005 2228 4058 λον
2274 4005 2331 4057 δέ
2379 4021 2460 4056 τοι
2517 4003 2664 4066 ἰδίοις
2719 4002 3030 4072 σκέμμασιν
3098 4001 3364 4071 ἑπόμενος
3413 4001 3713 4072 πανταχοῦ,

2141 4097 2232 4149 καὶ
2279 4095 2418 4164 τάχα
2469 4111 2567 4146 που
2623 4093 2828 4155 δεδιὼς,
2891 4092 2964 4162 μὴ
3017 4093 3126 4160 ἄρα
3176 4110 3229 4144 τι
3278 4093 3386 4144 τῶν
3437 4094 3516 4156 είς
3560 4092 3720 4163 ὀρθό-

2140 4202 2308 4255 τητα,
2354 4185 2386 4255 ἢ
2431 4183 2705 4253 ἀλήθειαν,
2752 4183 2784 4254 ἢ
2835 4183 3214 4253 πεφρονηκὼς,
3263 4182 3294 4251 ἦ
3335 4182 3529 4250 λέγων,
3583 4182 3716 4252 ἁλῷ.

2155 4274 2528 4344 Ἀντανίστησι
2582 4276 2681 4344 μὲν
2721 4274 2829 4344 γὰρ
2878 4273 3073 4345 ἐαυτῷ,
3116 4273 3364 4341 καθάπερ
3399 4269 3493 4325 οὖν
3524 4273 3717 4333 οἴεται,

461 4375 621 4413 nemo
658 4370 800 4413 recte
850 4361 994 4413 circa
1048 4362 1207 4415 ﬁdem
1244 4363 1550 4428 ingrediens
1599 4369 1822 4418 alterum
1860 4369 2032 4421 dicere

2139 4363 2237 4425 τὰς
2292 4362 2399 4415 τῶν
2447 4362 2742 4434 ὁρθοδόξων
2792 4362 2997 4430 φωνὰς,
3058 4362 3448 4431 καταφιιιρᾶται
3500 4360 3559 4412 δὲ
3609 4360 3719 4412 rcit-

461 4459 758 4518 pateretur.
805 4450 940 4504 Nam
977 4452 1260 4507 Dominum
1295 4455 1480 4524 gloriae
1525 4456 1680 4525 127
1727 4457 1874 4510 illum
1914 4473 2038 4512 cru-

461 4541 681 4594 ciﬁxum
711 4555 830 4595 esse
873 4541 1122 4607 dicimus,
1156 4551 1212 4597 et
1245 4553 1328 4598 est
1363 4548 1656 4599 secundum
1690 4546 1970 4599 veritatem
2021 4564 2035 4600 :

464 4630 558 4683 sed
587 4645 708 4683 cum
741 4631 1073 4686 individuum
1116 4629 1167 4689 et
1199 4650 1366 4689 unum
1400 4649 1520 4688 cum
1559 4636 1703 4688 unita
1747 4636 1846 4690 sibi
1875 4651 2040 4692 carne

464 4718 645 4772 anima
686 4722 930 4776 rationali
973 4725 1194 4791 praedita
1230 4727 1406 4796 ipsum
1456 4727 1546 4780 Dei
1593 4727 1828 4781 Verbum
1875 4743 2043 4798 agno-

468 4824 721 4874 scamus,
760 4809 932 4878 ipsum
972 4827 1092 4866 esse
1138 4814 1365 4871 dicimus
1408 4817 1498 4885 qui
1553 4819 1751 4888 proprii
1799 4819 2042 4886 corporis

467 4910 728 4968 tanquam
773 4901 1178 4958 immaculatum
1234 4906 1582 4969 sacriﬁcium,
1631 4919 1685 4963 et
1728 4908 2043 4963 odoratissi-

471 5003 613 5042 tuam
652 4988 887 5043 hostiam
917 5003 976 5043 se
1012 4989 1187 5060 ipsum
1233 4993 1343 5048 Deo
1373 5003 1426 5048 et
1464 4993 1610 5048 Patri
1638 4997 1850 5059 obtulit,
1884 5013 1946 5051 ac
1986 4996 2045 5050 li-

470 5098 576 5153 gno
602 5082 741 5154 quod
771 5081 1055 5136 adversum
1081 5098 1177 5137 nos
1198 5094 1314 5138 erat
1339 5085 1755 5156 chirographum
1789 5087 2040 5144 aﬂixit”.

469 5178 630 5232 Certe
657 5190 754 5245 per
782 5188 971 5229 vocem
1007 5174 1173 5232 David
1206 5191 1328 5231 eum
1365 5177 1628 5233 dicentem
1657 5181 1844 5234 audire
1873 5179 1996 5234 licet
2024 5197 2038 5233 :

2142 4453 2224 4505 ὶιν
2269 4453 2453 4506 ἐκεῖνα
2502 4453 2693 4518 τιθεὶς,
2747 4452 2782 4506 ἃ
2833 4454 3022 4524 μηδεὶς
3069 4452 3289 4505 πώποτε
3337 4451 3445 4504 τῶν
3489 4451 3722 4520 ὀρθοπο-

2142 4545 2249 4598 δεῖν
2297 4527 2563 4598 εἰωθότων
2622 4547 2748 4616 περὶ
2791 4545 2890 4616 τὴν
2946 4544 3150 4608 πίστιν,
3203 4543 3304 4596 κᾶν
3346 4543 3475 4610 γοῦν
3532 4542 3720 4610 ἐτέρου

2143 4635 2389 4705 λέγοντος
2423 4635 2710 4706 ἀνάσχοιτο
2754 4635 2838 4688 ἄν.
2894 4635 3096 4704 Κύριον
3149 4635 3249 4704 μὲν
3280 4635 3386 4704 γὰρ
3422 4635 3523 4702 τῆς
3563 4633 3724 4700 δόξης

2142 4727 2233 4780 τὸν
2277 4727 2691 4796 ἐσταυρωμένον
2733 4722 2870 4778 εἷναί
2899 4743 3097 4796 φαμεν,
3131 4726 3223 4778 καὶ
3259 4724 3376 4777 ἔστι
3417 4724 3559 4775 κατά
3587 4723 3723 4791 ἁλή-

2147 4817 2325 4870 θειανο
2373 4816 2680 4888 ἀδιαίρετον
2721 4815 2779 4869 δὲ
2813 4818 2906 4870 καὶ
2948 4817 3044 4869 ἕνα
3091 4815 3234 4887 μετά
3279 4816 3380 4884 τῆς
3425 4813 3725 4882 ἐνωθείσης

2148 4907 2297 4978 αὐτῷ
2326 4908 2527 4978 σαρκὸς
2570 4907 2749 4977 ψυχὴν
2787 4907 3018 4978 ἐχούσης
3069 4908 3167 4978 τὴν
3213 4907 3439 4976 λογικὴν
3485 4905 3576 4957 τὸν
3623 4903 3724 4956 τοῦ

2147 4998 2282 5052 Θεοῦ
2329 4999 2500 5066 Λόγον
2527 4996 3010 5066 ἐπιγινώσκοντες,
3049 4999 3211 5051 αὐτὸν
3245 4993 3384 5050 εἶναί
3412 5013 3595 5064 φαμεν
3628 4995 3725 5047 τὸν

2147 5087 2238 5142 τοῦ
2281 5089 2410 5141 ίδίου
2437 5088 2686 5159 σώματος
2720 5088 2795 5152 ὼς
2826 5090 3056 5160 ἄμωμον
3089 5091 3303 5159 ἱερεῖον,
3342 5089 3437 5141 καὶ
3475 5085 3728 5156 εύοσμώ-

2148 5197 2308 5234 τατον
2335 5179 2502 5250 θῦμα,
2523 5181 2972 5251 προσκομίσαντα
3003 5180 3101 5250 μὲν
3136 5180 3347 5242 ἑαυτὸν,
3370 5180 3449 5250 τῷ
3477 5178 3597 5248 Θεῷ
3627 5179 3729 5230 καὶ

510 5327 560 5360 ⁸⁸
601 5328 766 5385 Hebr.
791 5345 852 5396 ll,
887 5331 942 5387 9.
1020 5333 1088 5364 ⁸⁸⁸
1119 5333 1136 5387 l
1167 5333 1293 5388 Cor.
1323 5347 1412 5398 xv,
1440 5331 1532 5389 20.
1603 5333 1646 5366 ⁵⁷
1678 5335 1884 5390 Coloss.
1929 5350 1968 5402 t,
2011 5335 2032 5388 l

2170 5333 2254 5386 “'l
2287 5334 2410 5387 Cor.
2443 5348 2505 5396 tt,
2532 5333 2584 5387 8.
2662 5333 2706 5366 ⁸⁹
2738 5334 2777 5386 l!
2807 5334 2930 5388 Cor.
2960 5349 3081 5396 xm,
3103 5334 3150 5386 4.
3229 5331 3274 5364 ⁸⁸
3299 5333 3512 5387 Coloss.
3547 5349 3607 5394 tt,
3630 5331 3726 5387 ﬂ.

1737 5486 1894 5541 ΑΝΤ.
1943 5485 2210 5541 AGELHI
2255 5487 2486 5540 NOTAE.

552 5641 667 5708 (56)
710 5642 930 5695 ΙΗῘΟΓῘΙΙΞ
979 5657 1078 5710 ιιειε
1156 5641 1252 5695 HD
1301 5643 1452 5707 dixit,
1511 5643 1719 5713 συνᾴδει
1779 5642 1842 5694 τὰ
1895 5642 2032 5713 λεγόλ

2134 5661 2178 5706 ει,
2207 5643 2535 5695 consentiunt
2568 5659 2680 5711 qua:
2712 5643 2978 5695 dicuntur.
