4014 6128
303 261 383 320 ﬁl

1332 254 1719 314 ADVEREUS
1756 255 2165 315 NESTORIUM
2205 258 2334 317 LIB.
2380 259 2442 316 V.

3432 265 3541 324 22!

304 367 497 439 Πατρίο
538 365 969 439 προσηλώσαντα
1019 366 1075 420 δὲ
1112 367 1190 438 τῷ
1219 366 1394 438 ξύλῳ,
1442 368 1502 422 τὸ
1531 368 1654 423 καθ’
1700 369 1857 439 ἡμῶν

1966 390 1985 421 ι
2023 370 2361 427 Sacrificium
2400 385 2452 429 et
2485 374 2810 429 oblationem
2857 377 3102 442 noluisti,
3134 392 3330 446 corpus
3359 391 3540 435 autem

306 459 673 531 χειρόγραφον.
702 457 856 511 ΙἸἓίστι
895 456 1026 527 γοῦν
1062 458 1291 513 ἀκοῦσαι
1331 459 1582 528 λέγοντος
1619 459 1710 513 διά
1743 477 1856 529 φωο

304 551 389 620 γῆς
414 549 512 602 τοῦ
544 548 737 603 Δαϐίδ·
779 568 798 600 ι
825 548 1028 605 Θυσίαν
1054 550 1151 604 καὶ
1183 550 1498 624 προσφορὰν
1529 553 1630 605 οὑκ
1658 551 1854 622 ήθέλη-

307 658 408 705 σας,
446 640 606 710 σῶμα
634 640 690 695 δὲ
743 641 1062 712 κατηρτίσω
1111 658 1236 711 μοι·
1281 642 1714 713 ὁλοκαυτώματα
1760 640 1857 696 καὶ

304 731 412 804 περὶ
469 733 748 805 ἁμαρτίας
789 733 891 786 οὑκ
937 732 1270 803 ηὑδόκησας,
1309 735 1431 788 τότε
1472 731 1658 789 εἷπον·
1715 733 1853 787 Ἰδοὺ

303 824 429 893 ήκω·
458 823 522 876 ἐν
547 822 793 892 κεφαλίδι
824 821 1032 893 βιϐλίου
1063 823 1372 894 γέγραπται
1398 823 1529 895 περὶ
1571 822 1728 894 ἐμοῦ,
1759 822 1854 877 τοῦ

272 956 279 965 .
306 915 532 985 ποιῆσαι,
553 917 583 969 6
602 915 756 981 Θεὸς,
795 914 858 968 τὺ
888 914 1103 985 θέλημά
1133 932 1281 968 σου.»
1305 915 1721 987 ’Δπρακτούσης
1751 914 1855 986 ήδη

302 1005 389 1075 τῆς
422 1005 564 1060 κατά
597 1004 762 1073 νόμον
795 1004 1037 1075 ἐντολῆς,
1076 1004 1174 1058 καὶ
1214 1004 1527 1076 τελειούσης
1555 1004 1728 1067 οὐδὲν,
1760 1003 1857 1058 καὶ

304 1095 638 1167 ἁνεθελήτους
689 1095 905 1166 ἔχοντος
948 1094 1040 1150 τοῦ
1082 1094 1221 1149 Θεοῦ
1266 1095 1359 1149 καὶ
1394 1095 1609 1167 Πατρὸς
1645 1094 1746 1158 τάς
1786 1093 1856 1148 δι’

303 1186 536 1257 αἱμάτων
564 1186 791 1253 θυσίας,
826 1186 989 1258 σῶμα
1032 1185 1392 1259 κατηρτίσθαι
1447 1186 1611 1255 φησὶν
1655 1184 1852 1255 ἐαυτῷ,

304 1276 381 1331 ἶνα
413 1277 515 1346 τῆς
568 1278 825 1333 ἀπάντων
854 1278 1127 1348 σωτηρίας
1174 1277 1272 1331 καὶ
1305 1278 1450 1347 ζωῆς
1497 1276 1856 1345 ἀντάλλαγμα

297 1368 409 1432 δοὺς
433 1366 607 1438 αὑτῷ,
640 1368 851 1431 πάντας
901 1367 1169 1438 ἐξέληται,
1198 1369 1292 1421 καὶ
1329 1367 1561 1422 θανάτου
1590 1366 1686 1421 καὶ
1727 1366 1857 1437 φθο-

299 1460 410 1530 ρᾶς,
448 1459 545 1513 καὶ
595 1459 732 1529 πρός
761 1476 825 1527 γε
871 1459 1048 1529 τούτῳ
1074 1459 1167 1513 καὶ
1198 1459 1505 1530 ἁμαρτιῶν.
1547 1458 1720 1512 Αὑτὸν
1761 1456 1854 1513 οὖν

294 1552 397 1622 ἄρα
430 1552 611 1622 φαμὲν
639 1552 730 1606 τὸν
760 1551 989 1605 ἐκΘεοῦ
1024 1550 1235 1622 [ἰατρὸς
1280 1553 1452 1621 Λόγον
1498 1550 1715 1606 ἑλέσθαι
1759 1552 1855 1604 καὶ

295 1642 484 1695 παθεῖν
524 1642 666 1712 ὑπὲρ
691 1640 845 1712 ήμῶν
874 1641 1056 1713 σαρκὶ,
1094 1642 1236 1717 κατά
1263 1641 1363 1705 τὰς
1390 1643 1632 1712 Γραφάς.
1663 1640 1852 1707 Οὕτως

291 1736 436 1805 ἡμᾶς
472 1734 973 1805 μεμυστὰγώγηκεν
1005 1737 1034 1788 6
1062 1733 1350 1805 ἱερώτατος
1374 1734 1605 1798 Παῦλος·
1626 1752 1644 1786 ι
1674 1732 1772 1798 Ὃς
1798 1734 1856 1787 ἐν

295 1830 472 1899 μορφῇ
523 1826 657 1879 Θεοῦ
712 1827 992 1898 ὑπάρχων,
1027 1830 1126 1893 οὑχ
1166 1828 1461 1897 ἁρπαγμὸν
1512 1828 1759 1899 ἡγήσατο
1796 1826 1857 1880 τὸ

290 1913 423 1973 εἶναι
463 1917 555 1972 ica
577 1917 727 1988 Θεῷ·
760 1918 877 1972 ἀλλ’
915 1919 1108 1973 ἑαυτὸν
1140 1919 1399 1986 ἐκένωσε,
1434 1920 1649 1990 μορφὴν
1670 1918 1856 1972 δούλου

290 2010 485 2078 λαϐὼν,
513 2013 570 2065 ἐν
597 2010 906 2083 ὁμοιώματι
937 2011 1240 2083 ἀνθρώπων
1264 2013 1577 2081 γενόμενος,
1604 2013 1697 2064 καὶ
1726 2012 1853 2082 σχή-

292 2119 418 2173 ματι
465 2102 707 2172 εὑρεθεὶς
740 2103 818 2167 ώς
870 2104 1177 2175 ἄνθρωπος.
1212 2103 1618 2159 ’Ἔταπείνωσεν
1666 2103 1857 2158 ἑαυτὸν

288 2195 576 2264 γενόμενος
607 2195 849 2266 ὑπήκοος
877 2196 1039 2267 μέχρι
1067 2197 1321 2259 θανάτου,
1352 2198 1586 2253 θανάτου
1609 2198 1664 2252 δέ
1696 2216 1859 2252 σταυ-

287 2284 380 2359 ροῦ
404 2301 420 2315 ·
443 2285 527 2338 διὸ
546 2287 640 2339 καὶ
666 2288 695 2339 6
725 2286 858 2350 Θεὸς
880 2287 1045 2342 αὑτὸν
1074 2288 1455 2359 ὑπερύψωσεν.
1492 2307 1514 2340 ι
1548 2290 1739 2361 ’Δθρει
1768 2289 1855 2360 δὴ,

283 2378 430 2440 ὅπως
453 2377 495 2429 6
518 2378 576 2430 ἐν
607 2379 790 2450 μορφῇ
815 2378 912 2431 τοῦ
941 2378 1079 2433 Θεοῦ
1110 2380 1205 2433 καὶ
1239 2379 1453 2452 Πατρὸς
1487 2380 1749 2452 ὑπάρχων
1779 2381 1857 2445 ὡς

280 2467 434 2530 Θεὸς,
470 2469 501 2520 6
538 2468 825 2538 χαρακτὴρ
858 2468 960 2537 τῆς
992 2469 1341 2533 ὑποστάσεως
1376 2469 1562 2533 αὑτοῦ,
1601 2472 1693 2524 καὶ
1734 2471 1857 2524 κατ’

281 2559 476 2611 οὐδένα
507 2560 709 2625 τρόπον
735 2559 1237 2632 μειονεκτοὺμενος,
1258 2562 1472 2632 ἰσότητι
1492 2565 1558 2633 τῇ
1580 2563 1721 2617 κατά
1750 2565 1858 2617 πᾶν

277 2647 486 2713 ὁτιοῦν,
514 2648 774 2719 ὑπάρχων
807 2665 868 2701 τε
913 2650 1009 2702 καὶ
1041 2649 1351 2719 νοούμενος,
1380 2652 1691 2705 κεκένωκεν
1730 2652 1857 2706 sau-

273 2739 395 2799 τον,
427 2738 529 2792 καὶ
570 2739 811 2808 καθῆκεν
844 2739 1035 2793 ἐαυτὸν
1073 2740 1215 2794 ἑκὼν
1241 2743 1319 2803 είς
1349 2741 1694 2795 ταπείνωσιν.
1727 2738 1858 2797 Εἶτα

273 2828 361 2891 τίς
394 2828 466 2881 ἂν
493 2828 580 2898 εἴη
613 2830 822 2900 φράσον
862 2831 891 2883 6
922 2832 1021 2900 τῆς
1050 2833 1330 2894 κενώσεως
1361 2833 1581 2902 τρόπος,
1606 2833 1858 2888 τεταπεί-

272 2935 444 2971 νωται
488 2919 550 2971 δὲ
585 2921 756 2984 ὅπως,
813 2921 1030 2991 μορφὴν
1073 2921 1261 2974 δούλου
1294 2920 1496 2987 λαϐὼν,
1552 2923 1646 2976 καὶ
1694 2924 1856 2996 μέχρι

1959 464 2234 534 perfecisti
2286 466 2418 520 mihi
2475 484 2490 521 :
2540 467 2850 523 holocausta
2896 478 2952 525 et
3006 484 3105 540 pro
3151 480 3376 539 peccato
3434 487 3540 527 non

1955 555 2270 626 placuerunt
2314 558 2432 622 libi,
2469 568 2597 615 tunc
2635 560 2749 633 dixi
2792 577 2809 615 :
2851 560 2991 616 Ecce
3039 561 3219 625 venio,
3259 561 3311 615 in
3365 561 3542 629 capite

1954 645 2074 701 libri
2100 646 2363 717 scriptum
2387 657 2472 703 est
2494 651 2560 705 de
2578 665 2683 717 me,
2700 659 2757 704 ut
2785 650 3001 717 iaciam,
3020 650 3193 717 Deus,
3210 650 3539 705 voluntatem

1958 745 2101 792 tuam
2129 737 2199 791 ⁸¹.
2239 756 2260 790 ι
2295 736 2438 792 Nihil
2471 752 2668 809 agente
2703 739 2814 808 iam
2873 740 3008 811 legis
3046 741 3301 795 mandato
3328 749 3383 795 et
3406 741 3534 794 nihil

1956 827 2292 898 perﬁciente,
2328 840 2385 883 et
2425 829 2533 883 Deo
2563 846 2627 884 ac
2660 829 2824 884 Patre
2863 831 2974 901 jam
3019 832 3234 885 nolente
3281 838 3539 884 cruentas

1957 918 2183 985 hostias,
2232 934 2427 988 corpus
2473 919 2574 974 sibi
2610 919 2911 987 perfectum
2949 918 3102 985 dicit,
3147 931 3227 986 ut,
3259 921 3437 990 seipso
3483 920 3537 975 in

1954 1009 2194 1080 pretium
2227 1008 2421 1065 salutis
2450 1023 2515 1066 ac
2560 1010 2683 1064 vitae
2730 1010 3108 1065 universorum
3152 1011 3299 1076 dato,
3344 1024 3535 1066 omnes

1955 1109 2012 1157 et
2035 1115 2067 1155 a
2101 1101 2292 1156 mortis
2319 1103 2692 1171 corruptione,
2742 1111 2796 1158 et
2834 1103 3058 1171 insuper
3090 1118 3119 1156 a
3151 1102 3389 1172 peccatis
3422 1102 3534 1157 eri-

1956 1199 2129 1260 peret.
2176 1189 2356 1259 Ipsum
2390 1189 2554 1261 igitur
2584 1191 2819 1246 dicimus
2860 1205 2928 1245 ex
2969 1190 3079 1246 Deo
3111 1189 3271 1244 Patre
3304 1188 3538 1243 Verbum

1956 1283 2194 1338 voluisse
2219 1283 2379 1337 etiam
2404 1297 2501 1352 pro
2531 1282 2686 1339 nobis
2710 1297 2872 1337 carne
2894 1283 3029 1351 pati,
3055 1282 3356 1338 secundum
3385 1280 3533 1335 Scri-

1955 1382 2145 1443 pturas
2169 1373 2236 1428 ".
2267 1373 2360 1429 Sic
2416 1389 2514 1430 nos
2540 1373 2731 1428 imbuit
2759 1374 3101 1428 beatissimus
3119 1373 3317 1428 Paulus
3348 1391 3360 1426 :
3385 1390 3404 1423 ι
3430 1371 3535 1440 Qui

1956 1478 2079 1519 cum
2114 1463 2173 1519 in
2215 1462 2387 1517 forma
2424 1462 2516 1518 Dei
2561 1472 2729 1527 esset,
2778 1476 2883 1517 non
2935 1464 3175 1534 rapinam
3231 1462 3533 1516 arbitratus

1956 1566 2039 1612 est
2071 1570 2191 1610 esse
2215 1570 2277 1611 se
2314 1554 2576 1624 azqualem
2613 1555 2725 1610 Deo
2764 1572 2780 1609 :
2825 1556 2920 1611 sed
2956 1555 3305 1623 semetipsum
3350 1554 3534 1608 exina-

1956 1646 2116 1713 nivit,
2145 1645 2373 1701 formam
2403 1646 2545 1701 servi
2577 1647 2873 1716 accipiens,
2909 1647 2962 1701 in
2994 1645 3401 1701 similitudinem
3434 1644 3534 1698 ho-

1957 1740 2164 1794 minum
2199 1724 2393 1803 factus,
2424 1745 2479 1793 et
2514 1736 2701 1792 habitu
2744 1738 2996 1793 inventus
3035 1745 3093 1792 ut
3124 1738 3305 1791 homo.
3346 1734 3535 1790 Humi-

1959 1827 2110 1883 liavit
2130 1828 2481 1899 semetipsum
2507 1828 2682 1886 factus
2708 1829 2965 1886 obediens
2991 1844 3160 1898 usque
3186 1829 3253 1883 ad
3279 1837 3535 1892 mortem,

1960 1929 2191 1975 mortem
2223 1929 2402 1977 autem
2433 1921 2631 1978 erucis.
2659 1920 2890 1990 Propter
2911 1922 3053 1992 quod
3084 1931 3139 1975 et
3165 1919 3306 1975 Deus
3330 1918 3537 1973 exalta-

1959 2012 2037 2067 vit
2064 2011 2214 2066 illum
2235 2011 2304 2066 ⁸³.
2342 2030 2363 2064 ι
2391 2011 2688 2069 Considera
2705 2013 2890 2083 igitur,
2911 2022 2966 2066 ut
2985 2013 3030 2066 is
3047 2013 3136 2080 qui
3164 2012 3216 2064 in
3241 2010 3411 2065 forma
3439 2009 3533 2065 Dei

1959 2112 2014 2157 et
2046 2101 2223 2157 Patris
2244 2110 2365 2156 erat
2393 2110 2577 2171 utpote
2602 2101 2766 2168 Deus,
2796 2101 2885 2155 ille
2915 2105 3199 2155 character
3233 2116 3327 2154 seu
3367 2100 3534 2169 ﬁgura

1960 2193 2278 2249 substantia:
2320 2193 2437 2262 ejus
2475 2193 2547 2256 5‘,
2581 2201 2638 2248 et
2675 2194 2766 2261 qui
2809 2191 2954 2246 nullo
2995 2192 3155 2247 modo
3187 2193 3363 2246 minor
3396 2203 3536 2256 erat,

1959 2298 2081 2341 cum
2124 2299 2221 2354 per
2247 2286 2427 2339 omnia
2460 2285 2532 2340 sit
2562 2294 2617 2341 et
2651 2284 2985 2354 intelligatur
3016 2284 3263 2354 aequalis,
3288 2284 3536 2337 exinani-

1959 2376 2093 2431 verit
2125 2376 2495 2444 semetipsum,
2521 2385 2577 2431 et
2609 2376 2664 2430 in
2698 2375 3060 2430 humilitatem
3090 2383 3279 2444 sponte
3297 2375 3534 2430 demise-

1959 2467 2052 2523 rit.
2081 2465 2199 2522 Jam
2236 2467 2485 2536 quisnam
2525 2468 2597 2522 sit
2639 2466 3026 2522 exinanitionis
3061 2467 3274 2530 modus,
3303 2481 3535 2535 expone,

1958 2559 2228 2630 quomodo
2253 2559 2417 2613 etiam
2466 2558 2538 2613 sit
2577 2558 2893 2614 humiliatus
2939 2557 3171 2612 formam
3206 2557 3348 2613 servi
3378 2559 3538 2612 «acci-

1957 2655 2130 2721 piens,
2157 2659 2211 2704 et
2243 2664 2416 2719 usque
2442 2650 2508 2703 ad
2541 2658 2770 2705 mortem
2803 2648 2980 2703 factus
2999 2648 3275 2714 ohetliens,
3307 2657 3535 2701 mortem

1957 2753 2136 2797 autem
2176 2741 2373 2795 crucis.
2412 2739 2603 2794 Ann‘on
2663 2749 2751 2795 est
2790 2739 3039 2794 omnibus
3069 2739 3311 2804 evidens,
3356 2739 3408 2792 id
3439 2737 3541 2793 bu-

1957 2835 2154 2889 miliari
2189 2833 2334 2904 quod
2375 2830 2609 2900 sublime
2650 2830 2742 2897 sit,
2789 2846 2896 2887 non
2930 2832 3073 2898 quod
3111 2832 3439 2884 intrinsecus
3482 2838 3540 2885 et

1955 2943 2021 2981 ex
2054 2935 2247 2979 natura
2270 2922 2602 2978 submissum
2629 2930 2685 2975 et
2725 2921 2969 2977 humile?
2995 2922 3068 2985 id,
3101 2921 3202 2975 nisi
3233 2921 3410 2987 fallor,
3443 2930 3505 2977 ex

278 3008 510 3062 θανάτου
549 3008 790 3077 γεγονὼς
824 3010 1064 3082 ὑπήκοος
1086 3051 1102 3075 ,
1140 3011 1368 3067 θανάτου
1401 3013 1459 3065 δὲ
1500 3012 1758 3084 σταυροῦ.
1782 3015 1854 3067 Ἢ

1960 3018 2175 3077 inaniri.
2212 3015 2374 3084 quod.
2399 3014 2615 3084 plenum
2656 3013 2746 3079 sit,
2798 3022 2855 3069 et
2897 3013 3098 3068 nullius
3136 3012 3213 3067 rei
3261 3011 3542 3082 indigeat?

275 3101 369 3171 οὑχ
400 3100 616 3154 ἅπασιν
649 3102 899 3172 ἐναργὲς,
933 3103 1014 3155 ὅτι
1046 3104 1396 3157 ταπεινοῦται
1427 3104 1489 3157 τὸ
1526 3105 1750 3174 ὑψηλὸν,
1789 3107 1850 3160 οὑ

276 3189 334 3241 τὸ
356 3189 577 3243 οἴκοθέν
624 3207 685 3243 τε
734 3191 833 3244 καὶ
866 3192 1112 3260 φυσικῶς
1160 3194 1219 3245 ἐν
1273 3194 1465 3262 ὑφέσει
1498 3211 1557 3247 τε
1607 3195 1855 3264 ὑπάρχον

276 3282 364 3334 καὶ
383 3282 905 3352 τεταπεινωμένονς
934 3282 1184 3340 κενοῦται
1226 3285 1306 3350 δὲ,
1340 3280 1518 3356 οἶμαι,
1547 3286 1609 3340 τὺ
1648 3285 1855 3357 πλῆρες

278 3373 540 3444 ὑπάρχον,
575 3375 673 3427 καὶ
700 3373 1023 3445 δεδεημένον
1051 3375 1203 3429 οὐδέν
1227 3392 1241 3405 ·
1281 3375 1497 3445 δέχεται
1529 3377 1623 3430 καὶ
1664 3376 1853 3430 δούλου

278 3465 511 3536 μορφήν,
543 3464 612 3518 τὸ
648 3464 755 3534 πρὸ
781 3465 954 3534 αὐτῆς
986 3465 1268 3537 ἐλεύθερον
1292 3467 1435 3521 κατά
1474 3467 1670 3535 φύσιν·
1704 3467 1855 3539 εὑρί-

277 3571 460 3610 σκεται
494 3558 555 3611 δὲ
605 3557 706 3610 καὶ
736 3557 1021 3627 ἄνθρωπος
1055 3558 1084 3611 6
1119 3558 1195 3629 μὴ
1225 3559 1384 3612 τοῦτο
1426 3560 1689 3631 ὑπάρχων
1721 3560 1855 3632 πρὶν

272 3648 355 3702 ὅτε
384 3649 486 3703 οὑκ
513 3647 586 3721 ἦν
607 3647 878 3720 εὑρεθείς.
897 3649 992 3712 Τίς
1013 3643 1105 3704 οὖν
1133 3651 1241 3721 ἄρα
1260 3652 1404 3705 ἐστὶν
1427 3655 1455 3706 6
1481 3651 1682 3722 ὑψηλὸς
1709 3651 1854 3706 κατά

272 3739 430 3807 φύσιν
475 3742 573 3795 καὶ⁵
630 3741 824 3804 καθεὶς
866 3741 1057 3795 ἑαυτὸν
1088 3743 1170 3804 εἰς
1209 3744 1578 3807 ταπείνωσιν;
1609 3745 1694 3806 τίς
1733 3744 1794 3798 δέ
1826 3745 1855 3798 6

268 3830 506 3903 πλήρης,
532 3834 627 3888 ἵνα
652 3832 838 3901 νοῆται
870 3834 1278 3904 κεκενωμένος;
1305 3835 1386 3898 τίς
1418 3838 1445 3889 6
1475 3835 1584 3889 τῶν
1611 3837 1712 3908 τῆς
1732 3836 1854 3889 δου-

267 3925 418 3988 λείας
447 3927 718 3981 ἐπέκεινα
752 3926 985 3997 μέτρων,
1022 3928 1110 3980 (va
1142 3927 1368 3998 λέγηται
1415 3929 1631 4001 μορφὴν
1664 3929 1879 3985 δούλου,

268 4013 479 4083 λασεῖν;
521 4020 612 4083 τίς
666 4012 872 4071 οὐχ’ὢν
895 4018 1185 4089 πρότερον,
1228 4021 1350 4073 καθ’
1393 4022 1542 4091 ἡμᾶς
1570 4020 1855 4092 ἅνθρωπος

265 4108 421 4162 τοῦτο
459 4108 740 4182 εὑρῆσθαι
763 4109 1017 4178 λέγεται;
1051 4112 1207 4164 ταυτὶ
1250 4110 1356 4179 γὰρ
1381 4106 1538 4181 οἶμαι
1583 4112 1690 4165 τῶν
1728 4104 1879 4167 καθί

267 4197 414 4266 ἡμᾶς
443 4199 527 4252 ἐνὶ
548 4199 655 4252 καὶ
675 4197 944 4270 ἀνθρώπῳ
965 4199 1131 4268 κοινῷ
1164 4200 1489 4270 προσνέμειν
1516 4203 1849 4274 ἀποτολμᾷν,

266 4286 461 4357 εὔηθες
496 4289 567 4343 ἂν
613 4287 732 4360 εἴη,
759 4291 853 4341 καὶ
882 4289 981 4358 τῆς
1026 4290 1253 4344 ἀπασῶν
1299 4292 1534 4364 ἐσχάτης
1563 4295 1854 4357 ἀσυνεσίας

1959 3108 2088 3162 illud
2117 3107 2281 3161 etiam
2321 3106 2568 3174 accipere
2594 3105 2734 3159 servi
2773 3104 3024 3169 formam,
3055 3104 3198 3173 quod
3229 3113 3356 3159 ante
3391 3104 3536 3158 illam

1958 3201 2123 3256 fuerit
2151 3200 2447 3255 secundum
2484 3209 2734 3255 naturam
2764 3200 3034 3255 liberum?
3059 3201 3210 3255 illum
3237 3201 3401 3255 etiam
3437 3199 3539 3254 ho-

1958 3288 2157 3342 minem
2206 3287 2465 3350 inveniri,
2492 3288 2583 3357 qui
2635 3288 2688 3343 id
2735 3304 2842 3345 non
2873 3298 2991 3346 erat
3036 3290 3348 3360 priusquam
3393 3299 3538 3346 esset

1957 3378 2248 3433 inventus?
2272 3377 2405 3445 Quis
2430 3393 2561 3450 ergo
2595 3379 2687 3436 ille
2713 3388 2797 3436 est
2828 3381 3123 3436 secundum
3165 3392 3413 3436 naturam
3446 3397 3538 3436 su-

1958 3470 2159 3534 blimis,
2192 3470 2284 3541 qui
2323 3486 2382 3526 se
2427 3472 2601 3541 ipsum
2638 3473 2706 3526 ad
2750 3471 3112 3528 humilitatem
3152 3472 3384 3540 deiecit?
3415 3474 3537 3542 quis

1955 3560 2119 3616 etiam
2170 3561 2380 3629 plenus,
2411 3568 2470 3615 ut
2496 3562 2804 3617 exinanitus
2856 3576 2975 3618 esse
3009 3561 3380 3632 intelligatur?
3414 3562 3538 3631 quis

1958 3651 2100 3707 ultra
2138 3652 2418 3708 servitutis
2456 3652 2620 3723 128
2667 3666 2976 3717 mensuras,
3024 3654 3345 3708 ubdicatur
3390 3652 3533 3708 servi

1958 3743 2186 3799 formam
2218 3743 2533 3813 accepisse?
2557 3744 2683 3813 quis
2716 3758 2836 3797 cum
2870 3743 3031 3799 homo
3065 3742 3215 3813 prius
3247 3742 3416 3797 nostri
3456 3740 3533 3795 si-

1958 3835 2104 3891 milis
2134 3849 2239 3890 non
2270 3842 2435 3903 esset,
2472 3835 2524 3889 id
2554 3835 2805 3890 inventus
2833 3848 2954 3889 esse
2987 3833 3224 3889 dicitur?
3249 3834 3365 3889 haec
3387 3832 3534 3889 enim

1959 3929 2050 3984 uni
2084 3944 2151 3984 ex
2185 3939 2376 3984 nostro
2402 3942 2630 3983 numero
2655 3937 2711 3983 et
2740 3928 2946 3996 vulgari
2980 3929 3182 3982 homini
3216 3928 3415 3982 audere
3435 3928 3535 3981 tri-

1958 4022 2147 4084 buere,
2198 4024 2422 4076 stultum
2474 4021 2566 4083 sit,
2603 4029 2658 4074 et
2700 4029 2958 4074 extremae
2994 4020 3233 4074 omnium
3284 4020 3537 4072 amentia.-

1958 4128 2148 4169 revera
2198 4113 2414 4182 plenum
2459 4129 2473 4166 :
2519 4111 2840 4167 convenient
2883 4119 3062 4165 autem
3119 4111 3397 4181 aptissime
3456 4109 3536 4163 illi

1960 4219 2226 4273 suprema:
2264 4211 2489 4259 naturae.
2532 4203 2638 4258 Sed
2671 4203 2802 4257 illud
2835 4203 2926 4258 Dei
2961 4204 3197 4259 Verbum
3245 4218 3310 4258 ex
3364 4202 3536 4257 nimia

1960 4311 2088 4365 erga
2138 4310 2237 4350 nos
2286 4294 2618 4366 benignitate
2647 4305 2811 4366 atque
2862 4296 3147 4352 clementia
3196 4295 3393 4351 obtulit
3433 4311 3537 4366 pro

264 4378 563 4450 ἂπίμεστον
602 4381 857 4450 ἀληθῶς·
888 4382 1123 4451 ἁρμόσει
1149 4383 1192 4434 δ’
1228 4383 1294 4438 ἂν
1331 4386 1424 4438 καὶ
1448 4385 1593 4454 μάλα
1630 4387 1856 4449 εἰκότως

1961 4386 2115 4440 nobis
2154 4387 2429 4456 proprium
2460 4401 2681 4456 corpus.
2717 4395 2772 4441 et
2812 4397 3031 4458 accepta
3073 4388 3211 4447 servi
3249 4388 3418 4439 forma
3455 4385 3534 4439 la-

262 4473 327 4541 τῇ
353 4471 663 4543 ὑπερτάτῳ
699 4470 880 4539 φύσει.
922 4472 1063 4526 Ἀλλ’
1085 4475 1115 4526 6
1152 4474 1248 4543 μὲν
1271 4472 1365 4527 τοῦ
1389 4475 1521 4527 Θεοῦ
1555 4475 1746 4543 Λόγος,
1786 4475 1851 4529 ἐκ

266 4561 465 4633 πολλῆς
490 4567 641 4632 ἄγαν
670 4564 769 4631 τῆς
789 4565 871 4626 είς
895 4565 1043 4633 ἡμᾶς
1065 4564 1401 4636 ἡμερότητος
1420 4566 1516 4619 καὶ
1542 4566 1732 4634 φιλανθ
1743 4584 1849 4637 ρω-

263 4654 392 4717 πίας
420 4656 880 4726 προσκεκόμικεν
909 4656 1049 4728 ὑπὲρ
1081 4657 1240 4728 ήμῶν
1271 4657 1333 4710 τὸ
1366 4657 1496 4712 ἴδιον
1528 4659 1721 4728 σῶμα,
1756 4659 1852 4712 καὶ

265 4747 479 4817 μορφὴν
519 4748 724 4801 δούλου
753 4746 953 4813 λαϐὼν,
988 4748 1210 4816 γέγονεν
1242 4748 1480 4820 ὑπήκοος
1500 4749 1576 4820 τῷ
1601 4750 1720 4821 Θεῷ
1756 4751 1851 4803 καὶ

261 4836 434 4907 Πατρὶ
469 4837 645 4909 μέχρι
685 4836 940 4902 θανάτου,
967 4839 1061 4891 καὶ
1089 4838 1191 4892 οὑκ
1218 4839 1525 4909 ἀπόϐλητον
1552 4840 1851 4909 ἐποιήσατο

260 4925 318 4978 τὸ
344 4927 546 4981 παθεῖν
583 4926 812 4980 ἐλέσθαι
846 4928 1030 4998 σαρκὶ,
1062 4928 1240 4981 καίτοι
1278 4927 1375 4999 τὴν
1404 4928 1565 4997 φύσιν
1590 4929 1848 4999 ὑπάρχων

260 5021 475 5093 ἀπαθὴς
497 5022 580 5085 ὡς
616 5022 757 5084 Θεός
782 5036 795 5049 ·
822 5021 1122 5090 ἐπερυθριᾷ
1146 5036 1209 5088 γε
1241 5019 1344 5092 μὴν
1370 5019 1643 5081 ἀσυνέτως
1666 5020 1850 5072 οὑτοσὶ

259 5112 365 5174 τοῖς
396 5113 546 5182 ὑπὲρ
602 5111 771 5183 ἡμῶν
815 5110 1303 5180 θεοπρεπεστάτοις
1332 5110 1496 5164 αὑτοῦ
1539 5110 1844 5180 σκέμμασι,

261 5204 349 5257 καὶ
379 5207 557 5275 τιμᾷν
592 5204 878 5272 οίόμενος,
913 5201 1115 5255 ἀδικεῖ·
1164 5202 1429 5274 ἀποφέρει
1470 5202 1567 5268 μὲν
1596 5201 1705 5272 γὰρ
1753 5199 1846 5253 τοῦ

260 5294 448 5349 παθεῖν
474 5295 677 5358 αὑτὸν,
707 5295 885 5346 καίτοι
909 5293 1135 5362 μηδενὸς
1162 5294 1348 5366 ἐτέρου
1374 5294 1566 5347 παθεῖν
1594 5293 1847 5361 λέγοντος

259 5386 331 5448 εἰς
363 5387 505 5439 ἰδίαν
543 5386 721 5454 φύσιν
743 5399 757 5413 ·
798 5384 900 5437 οὑκ
946 5384 1256 5439 αἰσθάνεται
1280 5386 1336 5439 δὲ
1375 5387 1457 5439 ὅτι
1491 5385 1718 5455 Σωτῆρα
1752 5383 1846 5436 καὶ

261 5474 556 5549 ᾼυτρωτὴν
585 5476 699 5529 οὐκ
721 5476 940 5546 ἐφίησιν
964 5476 1125 5528 αὑτὸν
1153 5475 1527 5547 ὁμολογεῖσθαι
1555 5475 1661 5528 τῶν
1682 5474 1841 5539 ὅλων,

346 5650 386 5685 ⁸·¹
416 5653 571 5720 Psal.
605 5667 806 5716 xxxix,
843 5651 941 5705 7-9
971 5668 982 5715 ;
1010 5650 1170 5705 llehr.
1208 5667 1269 5713 λι.
1308 5650 1419 5705 5-7.

1957 4488 2076 4532 ctus
2108 4487 2192 4533 est
2235 4477 2344 4532 Deo
2370 4488 2426 4533 et
2471 4476 2617 4532 Patri
2648 4478 2907 4534 obediens
2940 4493 3112 4545 usque
3149 4478 3214 4530 ad
3258 4488 3481 4530 mortem
3513 4494 3528 4530 :

1958 4582 2057 4621 nec
2090 4566 2462 4635 refugientium
2493 4566 2705 4622 censuit
2730 4566 3021 4635 quominus
3049 4579 3212 4618 carne
3243 4580 3338 4633 pro
3375 4564 3537 4617 nobis

1958 4658 2066 4727 pati
2124 4657 2301 4723 vellet,
2335 4656 2582 4724 quamvis
2608 4664 2667 4709 ut
2701 4656 2844 4710 Deus
2872 4662 3017 4709 esset
3047 4653 3341 4707 secundmn
3372 4662 3530 4706 nulu-

1960 4763 2072 4801 ram
2112 4744 2477 4816 impassihilis.
2536 4744 2643 4799 Iste
2688 4758 2820 4799 vero
2849 4744 3014 4798 stulte
3058 4743 3123 4797 de
3168 4743 3369 4797 divinis
3413 4741 3534 4811 ejus

1955 4850 2177 4910 propter
2219 4851 2318 4890 nos
2349 4835 2591 4890 consiliis
2618 4835 2908 4901 erubescit,
2961 4843 3014 4890 et
3057 4849 3216 4901 quem
3263 4834 3534 4888 honorare

1952 4946 2012 4985 se
2040 4927 2339 4993 existimat,
2373 4926 2537 4982 allicit
2586 4927 2782 4997 injuria
2817 4945 2831 4981 :
2865 4942 2987 4981 nam
3021 4942 3049 4979 a
3082 4927 3333 4995 passione
3380 4925 3530 4978 illum

1953 5021 2163 5087 eximit,
2201 5019 2413 5073 tametsi
2464 5033 2625 5074 nemo
2672 5019 2820 5072 illum
2859 5020 2909 5072 in
2947 5032 3042 5071 sua
3079 5031 3269 5069 natura
3307 5028 3527 5082 passum

1955 5115 2134 5170 dicat:
2167 5126 2267 5166 nec
2298 5112 2460 5165 sentit
2498 5125 2557 5165 se
2589 5111 2875 5181 prohibere
2910 5124 2977 5163 ne
3008 5107 3157 5160 illum
3189 5104 3527 5158 Salvatorem

1955 5217 2008 5260 et
2036 5203 2444 5270 Redemptorem
2471 5203 2841 5254 universorum
2878 5198 3253 5258 conlileamur,
3280 5192 3322 5244 si
3363 5192 3407 5245 is
3433 5205 3530 5258 per

1956 5311 2114 5364 quem
2151 5293 2362 5358 salvati,
2393 5303 2447 5345 et
2477 5307 2570 5359 per
2601 5296 2753 5355 cujus
2783 5284 3145 5343 venerandam
3188 5294 3404 5335 crucem
3446 5294 3529 5333 re-

1954 5384 2152 5453 dempti
2199 5398 2404 5444 sumus,
2437 5383 2572 5435 alter
2605 5381 2673 5433 ab
2705 5380 2795 5431 illo
2833 5379 2903 5430 sit
2941 5373 3158 5442 proprie
3183 5388 3246 5426 ac
3295 5371 3525 5427 sem-sim

1954 5475 2120 5530 Filius
2156 5484 2209 5527 et
2236 5473 2511 5526 Dominus.
2547 5470 2623 5523 Ac
2646 5469 2689 5522 si
2718 5478 2800 5521 est
2828 5471 2988 5520 homo
3033 5463 3281 5533 simplex,
3315 5471 3370 5517 et
3413 5477 3530 5516 non

1515 5646 1557 5679 ⁸⁸
1597 5649 1783 5703 ll'ctr.
1825 5663 1896 5708 Iv.
1936 5650 1983 5700 1.
2062 5648 2105 5679 ⁸³
2134 5646 2365 5713 Philipp.
2401 5660 2462 5706 ιι,
2496 5644 2610 5696 6-9.
2692 5642 2735 5673 ”
2768 5639 2930 5694 llehr.
2966 5656 3003 5696 ι,
3038 5641 3092 5693 5.
