4014 6128
467 273 572 332 ηδ
1465 266 1520 320 S.
1557 262 1831 320 CYRILLI
1871 257 2336 314 ALEXANDRINI
2371 255 2698 313 ARCHIEP.
3612 245 3721 300 ιιι

469 391 524 446 in
561 392 793 446 humana
826 388 996 444 forma
1032 386 1204 454 ipsum
1239 397 1303 438 ex
1339 381 1444 434 Deo
1480 381 1640 434 Patre
1679 377 1907 431 Verbum
1941 391 2036 446 ap-

2146 374 2298 444 εἴπερ
2331 374 2479 427 ἐστὶν
2502 373 2690 444 ἕτερος
2713 367 2845 440 παρ’
2874 364 3037 422 αὐτὸν
3069 360 3272 425 ἰδικῶς,
3308 358 3399 413 καὶ
3423 357 3527 411 ἀνά
3556 359 3721 429 μέρος

471 485 671 551 paruit,
699 483 943 550 prodeat,
979 476 1227 530 ostendat
1253 481 1309 526 et
1347 472 1399 525 in
1429 473 1598 524 forma
1629 471 1802 538 ipsum
1835 482 1955 522 esse
1989 476 2042 520 et

2149 467 2271 529 Υἱὸς
2295 467 2387 519 καὶ
2412 464 2635 533 Κύριος,
2657 465 2685 516 6
2703 462 2770 514 δι’
2803 451 2864 513 οῦ
2895 454 3231 527 σεσώσμεθα,
3263 452 3357 505 καὶ
3385 449 3723 522 ὲκλελυτρώ-

469 539 779 642 aequalitate
810 569 984 625 Patris
1008 567 1025 636 (
1048 583 1152 620 non
1183 565 1325 617 enim
1352 563 1594 630 rapinam
1627 559 1923 613 arbitratus
1959 567 2042 610 est

2147 559 2284 628 μεθα
2319 558 2406 610 διά
2451 555 2548 608 τοῦ
2581 553 2766 623 τιμίου
2804 546 3063 618 σταυροῦ.
3101 544 3212 597 Καὶ
3258 544 3415 610 εἴπερ
3449 539 3596 593 ἐστὶν
3629 540 3722 593 ἄν-

469 681 594 721 esse
637 683 694 720 se
729 655 985 731 mqttalem
1033 655 1199 725 Deo),
1227 663 1280 707 et
1335 663 1592 718 praeterea
1643 641 1796 703 servi‘
1817 648 2040 700 formam

2146 650 2360 720 θρωπος
2395 647 2602 709 ἁπλῶς,
2643 645 2739 698 καὶ
2787 643 2905 711 οὐχὶ
2951 639 3015 709 δὴ
3061 636 3260 707 μᾶλλον
3307 635 3364 687 ὲν
3406 631 3723 703 ἀνθρωπεία

469 759 764 826 accepisse,
789 766 1042 821 tauquam
1075 764 1176 800 non
1221 743 1469 798 habuerit
1513 740 1825 808 aliquando,
1874 749 1926 792 et
1951 754 2042 790 ex-

2148 741 2326 809 μορφῇ
2370 737 2627 806 πεφηνὼς
2663 737 2690 788 6
2741 735 2804 786 ὲκ
2849 730 2982 784 Θεοῦ
3033 727 3244 796 Πατρὸς
3292 726 3483 792 Λόγος,
3516 724 3718 794 ἡκέτω,

470 849 734 900 tnanitum
799 844 986 903 fuisse,
1023 850 1080 892 ut
1127 837 1214 905 qui
1269 835 1320 887 iu
1362 832 1575 900 prapria
1618 841 1804 882 natura
1871 828 2042 894 pleni-

2146 828 2425 890 δεικνύτω,
2457 827 2551 879 καὶ
2586 827 2642 877 ὲν
2677 824 2855 894 μορφῇ
2895 819 2988 873 τοῦ
3025 817 3236 888 Πατρός
3275 816 3588 884 ὑπάρχοντα
3619 814 3720 863 αύ-

471 939 709 990 tudinetn
757 902 1029 988 habuerit.
1074 902 1206 982 Nam
1241 927 1430 980 beatus
1465 922 1662 975 Paulus
1693 922 1838 974 illum
1872 920 1959 986 qui
1991 918 2042 971 itt

2146 918 2254 980 τὸν,
2304 919 2394 970 καὶ
2438 918 2620 986 μέντοι
2672 915 2766 967 καὶ
2815 914 2872 963 ὲν
2906 909 3110 977 ἰσότητι
3138 924 3149 937 ·
3185 907 3246 958 ού
3282 904 3391 974 γὰρ
3425 902 3721 973 ἀρπαγμδν

467 1026 637 1078 forma
677 1036 729 1078 et
759 1026 810 1077 in
859 1023 1170 1090 :eqnalitate
1221 1017 1395 1070 Patris
1431 1024 1570 1079 erat,
1621 1013 1820 1066 factum
1878 1012 2042 1064 fuisse

2146 1012 2389 1080 ἡγήσατο
2424 1009 2485 1061 τὸ
2520 1004 2658 1060 εἶναι
2689 1003 2784 1058 ἶσα
2831 1001 2948 1071 Θεῷ
2969 1019 2984 1033 ·
3013 1001 3107 1052 καὶ
3156 997 3381 1068 προσέτι
3415 995 3591 1064 τούτῳ
3623 993 3724 1064 τὴν

467 1119 540 1173 illi
577 1117 912 1170 obedientem
949 1113 1076 1166 dicit
1108 1113 1267 1164 etiam
1313 1123 1481 1175 usque
1512 1107 1576 1158 ad
1612 1111 1857 1167 mortem,
1899 1118 2042 1155 mor-

2146 1100 2238 1153 τοῦ
2267 1100 2453 1154 δούλου
2480 1097 2713 1151 λαϐόντα
2737 1093 2968 1165 μορφὴν,
2991 1090 3064 1152 ὼς
3086 1089 3185 1141 οὐκ
3211 1087 3405 1157 ἔχοντά
3432 1103 3564 1139 ποτε
3587 1103 3600 1115 ⁸
3627 1085 3723 1137 καὶ

467 1219 575 1263 tem
607 1217 786 1260 autem
823 1205 1020 1259 crucis.
1053 1205 1134 1254 An
1179 1215 1285 1254 non
1328 1197 1607 1267 perspicua
1641 1204 1720 1246 est
1753 1193 2042 1246 sententia-

2148 1197 2205 1247 ὲν
2229 1191 2454 1244 κενώσει
2481 1187 2867 1259 γεγενημένον,
2893 1184 2968 1246 ώς
2999 1183 3055 1235 ἐν
3085 1182 3189 1251 ἰδία
3217 1179 3372 1247 φύσει
3398 1178 3632 1248 λαχόντα
3661 1177 3723 1228 τὸ

466 1316 586 1354 rum
612 1299 727 1367 ejus
753 1293 1101 1350 absurditas?
1128 1292 1258 1346 Cum
1282 1303 1409 1343 vero
1438 1287 1624 1340 beatus
1649 1285 1843 1338 Paulus
1871 1284 2042 1351 ipsum

2146 1284 2370 1353 πλῆρες.
2410 1283 2467 1334 '0
2496 1281 2686 1350 γάρτοι
2732 1274 3022 1335 θεσπέσιος
3052 1272 3286 1335 Παῦλος,
3331 1271 3422 1324 τὸν
3454 1273 3510 1322 ὲν
3537 1270 3718 1340 μορφῇ

468 1391 784 1444 cruciﬁxum
809 1373 993 1455 glOriae
1029 1383 1309 1437 Dominum
1339 1375 1647 1446 appellet”,
1679 1388 1834 1426 nemo
1865 1372 2042 1440 utique

2146 1373 2240 1427 καὶ¹
2269 1372 2472 1442 ἰσότητι
2519 1371 2613 1424 τοῦ
2667 1366 2803 1422 Θεοῦ
2870 1366 2965 1420 καλ⁵
3002 1365 3234 1434 Πατρός,
3261 1360 3512 1430 γενέσθαι
3557 1359 3724 1428 φησιν

467 1483 691 1540 assere],
728 1493 834 1530 non
871 1475 1021 1527 illum
1057 1472 1240 1524 dicere
1271 1466 1684 1523 humanitatem.
1723 1462 1819 1515 sed
1844 1460 2042 1513 divini-

2147 1467 2386 1536 ὑπήκοον
2415 1463 2562 1532 αύτῷ
2594 1461 2686 1515 καὶ
2724 1460 2883 1530 μέχρι
2917 1457 3168 1518 Θανάτου,
3200 1454 3433 1507 θανάτου
3466 1451 3524 1504 δὲ
3558 1468 3721 1504 σταυ·

470 1578 654 1624 tatcm.
684 1567 861 1622 Unum
886 1565 1028 1618 enim
1062 1563 1293 1615 fatemur
1325 1559 1622 1620 Christum,
1654 1565 1706 1608 et
1736 1552 1952 1617 Filium,
1994 1560 2042 1606 et

2149 1557 2262 1628 ροῦ.
2294 1552 2418 1626 ’Ἆρ’
2467 1556 2566 1607 οὐκ
2599 1550 2831 1622 ἐναργὴς
2865 1551 2898 1618 ἡ
2935 1548 3042 1601 τῶν
3091 1545 3309 1599 ἐννοιῶν
3341 1543 3578 1607 ἀτοπίας
3608 1540 3719 1594 Κύ-

471 1660 760 1714 Dominum
789 1657 974 1725 gloria:
1004 1655 1176 1720 ipsum
1209 1666 1274 1705 ex
1309 1651 1417 1704 Deo
1462 1649 1617 1702 Patre
1645 1645 1882 1699 Verbum
1921 1659 2042 1712 pro-

2149 1665 2261 1719 ριον
2299 1647 2356 1700 δὲ
2392 1647 2490 1716 τῆς
2516 1645 2676 1714 δόξης
2729 1640 3089 1711 ὀνομάζοντος
3116 1639 3251 1708 ἡμῖν
3301 1634 3395 1689 τοῦ
3447 1633 3722 1705 μακαρίου

469 1761 590 1820 pter
615 1764 711 1802 nos
735 1747 1006 1802 hominem
1036 1745 1258 1807 factum,
1295 1750 1348 1795 et
1370 1754 1531 1793 carne
1554 1747 1772 1808 propter
1803 1751 1901 1790 nos
1924 1751 2042 1802 pas-

2149 1739 2361 1793 Παύλου
2399 1738 2490 1790 τὸν
2517 1733 2953 1806 ἐσταυρωμένον,
2979 1729 3113 1800 φαίη
3146 1728 3211 1782 ἂν
3237 1725 3432 1788 οὐδείς’
3463 1724 3538 1777 Ού
3569 1722 3721 1791 λέγει

470 1855 612 1905 sum,
662 1837 956 1891 secundum
999 1833 1328 1900 Scripturas.
1369 1830 1747 1908 Verumtamen
1790 1826 1929 1880 haud
1971 1826 2042 1878 le-

2147 1831 2245 1901 τὴν
2275 1828 2687 1900 ἀνθρωπότητα,
2714 1825 2849 1878 ἀλλά
2872 1823 2970 1892 τὴν
2993 1821 3242 1888 θεότητα.
3275 1817 3412 1870 Ἕνα
3438 1813 3548 1884 γὰρ
3583 1814 3718 1882 ὁμο-

471 1929 610 1981 viter
640 1927 963 1980 criminatus
1000 1938 1091 1978 eos
1139 1923 1232 1990 qui
1288 1923 1393 1974 Deo
1440 1902 1616 1972 Verbo
1665 1916 2042 1972 dominationis

2147 1921 2412 1990 λογοῦμεν
2460 1917 2696 1988 Χριστὸν
2736 1916 2829 1969 καὶ
2863 1914 3016 1975 Υἱδν,
3047 1911 3144 1965 καὶ
3179 1911 3280 1980 τῆς
3310 1907 3467 1987 δόξης
3511 1902 3730 1976 Κύριον

472 2029 666 2067 nomen
707 2014 968 2074 tribuunt,
1000 2023 1050 2064 et
1078 2013 1143 2064 ab
1175 2011 1510 2064 humanitate
1534 2009 1662 2062 illud
1694 2006 1964 2068 auferunt,
1989 2013 2042 2058 ut

2146 1985 2236 2066 τὸν
2257 1985 2324 2065 ἐ-,κ⁷
2335 2010 2468 2064 Θεοῦ
2500 1985 2710 2078 Πατρὸς
2731 2007 2900 2074 Λόγον
2926 2002 3082 2058 ὲνανθ
3093 2001 3249 2073 ρωπή
3260 1985 3427 2053 σαντα
3453 1997 3519 2050 δι’
3546 1997 3726 2068 ἡμᾶς,

471 2109 560 2175 qui
591 2121 880 2170 stnumam,
920 2117 978 2160 ut
1002 2107 1114 2172 ipse
1151 2101 1716 2182 dicit,eopulatiouem
1742 2097 2042 2150 distrahere

2147 2101 2385 2154 παθόντα
2406 2115 2465 2151 τε
2495 2098 2634 2168 ὑπὲρ
2657 2095 2812 2166 ἡμῶν
2838 2094 2931 2148 καὶ
2956 2091 3142 2163 σαρκὶ,
3173 2089 3315 2144 κατά
3343 2087 3443 2151 τάς
3473 2086 3720 2158 Γραφάς.

472 2197 666 2258 velint;
691 2195 841 2261 quasi
868 2208 1052 2247 eorum
1083 2176 1594 2259 qumdiiitoblitus,
1619 2183 1767 2237 illum
1791 2198 1954 2236 unum
1990 2183 2042 2236 in

2147 2192 2291 2262 Πλὴν
2319 2192 2379 2243 ού
2411 2189 2643 2261 μετρίως
2665 2185 3116 2254 καταιτιώμενος,
3145 2181 3217 2243 ὡς
3242 2179 3341 2250 τὴν
3372 2176 3572 2248 ἀκριϐῆ
3599 2193 3730 2228 συν-

471 2289 575 2340 duo
608 2287 908 2340 distrahere
950 2283 1373 2354 deprehenditur
1405 2280 1569 2333 etiam
1611 2278 1677 2331 de
1713 2276 1800 2330 illa
1834 2289 2042 2329 summa

2146 2284 2356 2349 ἀφειαν,
2390 2279 2532 2332 καθά
2561 2293 2726 2346 φησιν
2756 2274 2942 2336 αὐτὸς,
2980 2271 3212 2340 διασπᾷν
3256 2267 3558 2326 ἐθέλοντας,
3593 2264 3724 2323 τοὺς

475 2377 634 2447 129
665 2378 1021 2440 copulatione,
1051 2386 1104 2428 ut
1134 2375 1246 2440 ipse
1274 2357 1424 2433 dicit,
1461 2384 1647 2438 parum
1686 2381 1892 2422 curare.
1909 2366 2042 2420 Nam

2146 2371 2516 2441 ἀπονέμοντας
2552 2368 2649 2438 μὲν
2681 2365 2760 2435 τῷ
2805 2362 2924 2433 Θεῷ
2967 2362 3127 2430 Λόγῳ
3156 2361 3215 2411 τὸ
3251 2359 3351 2428 τῆς
3397 2354 3726 2427 κυριότητος

472 2469 720 2535 imperite
752 2477 901 2530 rogat
928 2484 939 2518 :
971 2466 1300 2518 Dominusne
1352 2470 1435 2515 est
1459 2461 1618 2514 etiam
1643 2458 1822 2521 homo,
1855 2453 1927 2510 an
1953 2472 2040 2511 se-

2146 2462 2333 2531 ὄνομα,
2358 2461 2457 2529 τῆς
2480 2475 2543 2526 γε
2579 2456 2683 2528 μὴν
2716 2452 3137 2535 ἀνθρωπότητος
3161 2448 3535 2519 ἁποφέροντας
3571 2443 3724 2514 αὐτῷ

474 2559 680 2611 cus?si
710 2559 924 2624 quidem
963 2568 1040 2610 est
1072 2555 1347 2615 Dominus,
1381 2549 1498 2622 qua:
1519 2547 1779 2604 dicuntur
1811 2563 2042 2603 consen-

2146 2553 2254 2624 [ιον.
2282 2549 2458 2620 ait-:6],
2500 2547 2752 2614 καθάπερ
2777 2545 2857 2606 εἰς
2902 2541 3073 2612 λήθην
3103 2534 3178 2593 ὧν
3220 2539 3324 2607 ἔφη
3353 2537 3556 2601 πεσὼν,
3598 2534 3718 2586 δια-

479 2644 639 2695 tiuut.
669 2643 803 2710 Ergo
829 2642 895 2705 si,
935 2655 990 2694 ut
1025 2654 1110 2695 tua
1148 2642 1308 2695 habet
1343 2640 1532 2693 inscita
1591 2639 1906 2702 sciscitatio,
1937 2639 2042 2691 Do-

2148 2645 2289 2714 σπᾷν
2315 2643 2395 2704 εἰς
2425 2639 2518 2692 δύο
2545 2636 2938 2707 καταφωρᾶται
2963 2632 3053 2685 τὸν
3082 2633 3197 2696 ἕνα,
3221 2629 3434 2697 καὶτῆς
3455 2624 3722 2696 ἀκριϐοῦς

2146 2736 2264 2792 κατ’
2311 2733 2472 2788 αὑτὸν
2512 2729 2804 2797 συναφείας
2855 2727 3008 2794 ὀλίγα
3059 2721 3456 2795 πεφροντικώς.
3510 2718 3726 2789 Ἐρωτᾷ

2147 2825 2254 2896 γὰρ
2283 2823 2538 2893 ἀμαθῶςο
2575 2819 2780 2890 Κύριος
2813 2818 2906 2871 καὶ
2942 2820 2971 2870 6
3000 2815 3304 2886 ἄνθρωπος,
3339 2812 3372 2879 ἢ
3401 2808 3496 2874 ob;
3534 2809 3583 2860 et
3623 2807 3724 2876 μὲν

2145 2894 2237 2966 οὖν
2263 2913 2486 2981 Κύριος,
2528 2909 2744 2979 συνᾴδει
2795 2905 2865 2961 τὰ
2905 2905 3193 2974 λεγόμενα.
3229 2898 3460 2962 Οὐκοῦν,
3495 2899 3546 2950 εἰ
3579 2894 3726 2950 κατὰ

2145 3001 2242 3071 τὴν
2266 3000 2362 3070 σὴν
2389 2997 2643 3052 ἀσύνετον
2666 2994 2881 3058 πεῦσιν,
2905 2992 3104 3063 Κύριος
3141 2991 3236 3060 μὲν
3263 2990 3292 3041 ό
3313 2988 3481 3052 Λόγος
3514 2985 3726 3047 ἱδικῶς,

2146 3092 2348 3162 Κύριος
2381 3090 2435 3141 δὲ
2478 3090 2572 3142 καὶ
2602 3091 2630 3141 6
2662 3085 2968 3156 ἄνθρωπος,
2996 3081 3087 3134 δύο
3118 3098 3220 3133 που
3261 3080 3477 3139 πάντως
3517 3075 3568 3128 οἱ
3620 3073 3724 3127 κύ-

2149 3198 2273 3252 ριοι,
2302 3179 2397 3231 καὶ
2422 3178 2548 3231 υἱοί.
2579 3177 2791 3244 Ὀνήσει
2817 3173 2882 3242 δὴ
2910 3167 3002 3224 οὖν
3025 3170 3124 3239 τῆς
3145 3166 3404 3238 ἀκριϐοῦς
3426 3163 3726 3231 συναφείας

2144 3269 2178 3337 ἡ
2207 3266 2432 3335 δύναμις
2464 3262 2811 3318 κατἰούδένα
2854 3259 3054 3330 τρόπον
3095 3259 3223 3320 τοὺς
3263 3253 3723 3314 πεπιστευκότας,

2146 3359 2225 3421 εἷς
2249 3374 2312 3425 γε
2340 3357 2401 3409 τὸ
2437 3355 2635 3426 χρῆναι
2663 3355 2801 3406 νοεῖν
2842 3351 2940 3404 ἕνα
2985 3347 3221 3420 Χριστὸν
3255 3347 3349 3400 καὶ
3379 3344 3588 3415 Κύριον
3627 3343 3727 3397 καὶ

2146 3449 2274 3503 Υἱδν
2299 3448 2434 3519 μετὰ
2459 3447 2559 3515 τῆς
2589 3443 2882 3514 ὲνωθείσης
2917 3440 3064 3510 αὐτῷ
3095 3438 3314 3509 σαρκός.
3346 3434 3726 3506 Προκειμένου

2145 3541 2252 3610 γὰρ
2277 3540 2374 3592 καὶ
2401 3534 2825 3606 παρενεχθέντος
2862 3533 2967 3595 εἰς·
2978 3531 3140 3602 μέσον
3169 3528 3264 3581 τοῦ
3303 3526 3597 3597 προσώπου
3626 3525 3725 3577 τοῦ

2158 3628 2524 3702 Ἐμμανουὴλ,
2547 3626 2648 3680 κᾶν
2679 3626 2731 3678 ετ
2748 3642 2852 3687 τιςκ
2868 3623 3155 3693 ἄνθρωπον
3185 3619 3353 3686 λέγοι,
3378 3617 3470 3669 τὸν
3493 3619 3557 3670 ἐκ
3584 3614 3736 3668 Θεοῦ.

2147 3724 2360 3794 Πατρός
2387 3722 2557 3788 Λόγον
2602 3716 2814 3789 μορφὴν
2859 3714 3050 3768 δούλου.
3081 3711 3316 3765 λαϐόντα
3347 3707 3598 3778 νοοῦμεν.
3628 3708 3729 3760 καὶ

2145 3820 2209 3872 ὲκ
2236 3819 2343 3870 τῶν
2385 3816 2480 3884 τῆς
2509 3810 2790 3872 κενώσεως
2823 3808 3038 3879 μέτρων
3079 3802 3368 3874 δηλοῦσθαι
3418 3818 3605 3871 φαμεν
3626 3816 3640 3828 '
3674 3802 3727 3852 ει

2145 3908 2202 3967 δὲ
2233 3908 2296 3978 δὴ
2314 3906 2406 3958 καὶ
2434 3903 2565 3955 Θεὸν
2595 3898 2876 3970 μονογενῆ,
2904 3896 2994 3949 τὸν
3023 3895 3184 3949 αὐτὸν
3203 3889 3341 3945 εἴναι
3372 3889 3728 3951 πιστεύοντες

2147 4000 2256 4072 [ιον.
2287 3991 2634 4064 πιστεύομεν]
2673 3987 3131 4061 ἐνηνθρωπηκότα
3173 4001 3234 4039 τε
3264 3983 3365 4054 ἤδη
3400 3981 3496 4034 καὶ
3527 3997 3728 4051 σεσαρ-

2146 4089 2410 4160 κωμένον.
2452 4086 2611 4138 Ἀλλά
2640 4084 2767 4154 γὰρ,
2802 4081 2877 4144 ὡς
2910 4080 3066 4149 ἔφην,
3091 4079 3171 4131 ἐνὶ
3196 4075 3260 4144 δὴ
3288 4074 3384 4127 καλ⁷
3418 4073 3586 4144 μόνῳ,
3632 4073 3742 4125 καὶΔ

474 4192 725 4236 nameuta
771 4183 926 4236 nuda:
980 4189 1246 4234 creatura:
1291 4180 1673 4249 circumpouit.
1723 4180 1813 4234 Ait
1861 4183 2038 4235 enim:

2149 4179 2331 4240 ἰδικῶς
2365 4176 2641 4246 νοουμένῳ
2671 4171 2821 4241 παρὰ
2845 4171 2935 4222 τὸν
2977 4170 3041 4220 ὲκ
3066 4165 3278 4236 Πατρός
3311 4163 3482 4230 Λόγον
3516 4160 3732 4231 ἀνθρώ-

476 4269 795 4341 [Audiamus
871 4272 1084 4325 beatum
1147 4269 1369 4322 Paulum
1448 4278 1629 4337 aperte
1694 4271 2042 4334 clamantem,

2147 4290 2254 4341 πῳ,
2281 4267 2604 4340 προσνέμων
2637 4264 2738 4333 τῆς
2773 4261 2910 4332 μετὰ
2939 4257 3140 4328 σαρκὸς
3162 4253 3474 4323 οἰκονομίας
3496 4251 3566 4304 τὰ
3595 4268 3733 4305 κατ-

476 4364 724 4431 quisnam
754 4363 824 4415 sit
854 4361 942 4415 ille
965 4361 1256 4414 cruciﬁxus
1289 4378 1300 4413 :
1357 4359 1568 4414 Etenim
1614 4363 1902 4415 cruciﬁxus
1957 4375 2040 4418 est

2146 4363 2461 4435 ορθώματα,
2509 4358 2604 4412 καὶ
2649 4356 2811 4410 αὐτὸν
2848 4353 2988 4424 ὑπὲρ
3038 4349 3194 4421 ἡμῶν
3245 4345 3537 4416 ὑπομεῖναί
3588 4359 3730 4414 φησι

473 4466 536 4504 ex
563 4452 892 4515 inﬁrmitate,
917 4452 1009 4521 sed
1044 4450 1173 4502 vivit
1197 4464 1263 4502 ex
1297 4449 1497 4503 virtute
1531 4448 1669 4521 Dei.]
1720 4452 1851 4516 Quis
1888 4455 2039 4508 inﬁr-

2146 4456 2396 4526 σταυρὸν,
2415 4449 2550 4504 εἷναί
2588 4466 2646 4502 τε
2674 4449 2771 4518 τῆς
2803 4445 2958 4513 δόξης
2985 4437 3424 4494 διαϐεϐαιοῦνται
3453 4435 3566 4507 [Im
3602 4435 3738 4490 6m—

474 4552 650 4596 matus
683 4553 785 4607 est,
819 4541 1108 4596 ltaaretice?
1152 4541 1312 4595 illene
1385 4541 1524 4595 Deus
1581 4541 1816 4597 Verbum
1844 4545 2040 4601 ?lnﬁr—

2146 4546 2458 4602 ϐεϐαιοῦται
2490 4542 2508 4614 ]
2535 4540 2763 4611 Κύριον,
2789 4534 2983 4606 γυμνῷ
3008 4532 3265 4600 κτίσματι
3294 4527 3596 4598 περιτιθεὶς
3626 4526 3748 4596 τῆς-

476 4633 679 4686 mitatis
706 4634 920 4700 quidem
953 4633 1131 4688 omnis
1166 4647 1386 4702 prorsus
1415 4647 1608 4702 expers
1635 4648 1665 4686 a
1721 4635 1876 4690 nobis
1917 4652 2035 4692 cre-

2146 4638 2403 4694 ἁνωτάτω
2430 4633 2642 4702 φύσεως
2673 4629 2743 4682 τά
2765 4621 3232 4698 αὐχήματα.Φησὶ
3249 4620 3376 4690 γάρ’
3409 4617 3746 4690 [Ἄκούσω-⁴

473 4722 618 4774 ditur
646 4722 770 4774 illud
805 4736 868 4774 ex
906 4723 1014 4776 Deo
1057 4724 1214 4778 Patre
1266 4723 1526 4778 Verbum.
1593 4725 1713 4794 Ipse
1758 4738 1840 4782 est
1893 4729 2038 4783 enim

2149 4747 2247 4800 μεν
2273 4725 2364 4779 τοῦ
2413 4721 2682 4795 μακαρίου
2716 4718 2930 4774 Παύλου
2967 4714 3218 4784 φανερῶς
3253 4709 3609 4778 κεκραγότος,
3642 4707 3733 4770 τίς

477 4812 732 4866 Dominus
748 4813 1033 4866 Virtutum.
1059 4813 1162 4867 Sed
1187 4826 1362 4869 tamen
1388 4816 1514 4870 illud
1545 4831 1784 4886 expone;
1815 4821 2041 4877 metuis-

2146 4798 2288 4874 εστιν
2325 4820 2353 4870 6
2381 4811 2815 4884 ἐσταυρωμένος
2847 4807 2958 4862 Καὶ
2990 4805 3099 4876 γὰρ
3126 4801 3448 4872 ἐσταυρώθη
3479 4799 3539 4865 ἐξ
3565 4798 3736 4852 ἀσθε-

475 4919 540 4956 ne
571 4904 637 4958 de
663 4919 728 4958 eo
761 4903 1092 4958 inﬁrmitatis
1113 4920 1307 4960 nomen
1339 4907 1607 4974 accipere?
1626 4925 1785 4978 quam
1813 4911 1883 4965 ob
1908 4927 2040 4966 cau-

2146 4911 2310 4973 νείας,
2345 4906 2480 4972 ἀλλά
2518 4906 2583 4975 ζῇ
2624 4904 2690 4956 ὲκ
2721 4901 3005 4970 δυνάμεως
3037 4894 3225 4967 Θεοῦ.]
3257 4893 3353 4957 Τίς
3377 4892 3688 4962 ἠσθένησεν
3714 4909 3733 4956 ;

474 4995 623 5048 sam?
660 5010 780 5049 cum
821 4995 907 5049 illa
933 5009 1027 5062 per
1058 5009 1276 5048 carnem
1313 4995 1646 5064 dispensatio
1667 5000 1816 5053 illum
1837 5002 2041 5058 eximat

2146 5003 2169 5055 ό
2195 5002 2326 5063 Θεὸς
2355 4993 2845 5067 Λόγος,αἱρετικέ;
2886 4988 3194 5048 Ἀσθενείας
3251 4985 3348 5055 μὲν
3381 4978 3474 5037 οῦν
3503 4982 3735 5052 ἁπάσης

474 5089 540 5142 ab
576 5089 789 5158 injuria,
823 5087 1036 5142 etiamsi
1095 5087 1367 5156 quidpiam
1391 5103 1578 5156 passus
1603 5104 1722 5144 esse
1739 5092 1949 5147 dicatur
1971 5110 2038 5148 ex

2146 5094 2408 5164 ἀμέτοχος
2455 5087 2734 5150 παντελῶς
2766 5088 2794 5138 6
2836 5085 2900 5137 ὲκ
2945 5079 3083 5134 Θεοῦ
3126 5077 3340 5148 Πατρός
3370 5075 3544 5140 Λόγος
3587 5075 3738 5144 πρὸς

476 5181 560 5234 his
579 5194 751 5250 quaee
784 5188 975 5232 natura
1002 5178 1170 5249 ipsius
1201 5187 1253 5233 et
1275 5178 1446 5247 gloria
1494 5190 1619 5233 sunt
1657 5181 1869 5236 aliena?
1903 5183 2037 5237 Nam

2146 5184 2301 5255 ἡμῶν
2333 5179 2473 5236 εἶναι
2501 5179 2832 5235 πιστεύεται.
2859 5175 3030 5236 Αὐτὸς
3059 5173 3167 5240 γάρ
3197 5172 3341 5224 ἐστιν
3374 5170 3403 5221 6
3426 5167 3533 5221 τῶν
3565 5167 3740 5219 δυνά-

476 5272 517 5323 si
541 5286 661 5324 cum
688 5272 833 5326 dives
877 5280 1042 5334 esset,
1090 5284 1294 5339 pauper
1326 5269 1498 5323 factus
1528 5281 1611 5324 est
1645 5271 1690 5302 ⁵⁸
1714 5309 1729 5336 ,
1786 5282 1841 5327 et
1866 5272 2039 5330 factus

2151 5292 2296 5343 μεων
2324 5272 2548 5342 Κύριος.
2580 5269 2726 5339 Πλὴν
2748 5269 2923 5320 ἐκεῖνο
2962 5263 3197 5333 φράσον·
3228 5259 3404 5320 δέδιας
3437 5258 3527 5309 ἐπ’
3557 5255 3746 5309 αὑτοῦ

2075 1701 2122 1760 Β

474 2734 653 2786 minus
679 2742 762 2787 est
788 2733 957 2800 ipsum
983 2732 1216 2786 Verbum
1243 2731 1472 2785 seorsim
1515 2745 1577 2784 ac
1596 2730 1832 2799 proprie,
1860 2729 2043 2784 Domi-

473 2839 574 2879 nus
595 2825 757 2879 etiam
789 2825 902 2893 ipse
934 2825 1224 2888 humo,duo
1247 2821 1434 2891 procul
1461 2820 1622 2875 dubio
1645 2830 1808 2874 erunt
1837 2819 2040 2874 domini

473 2930 536 2970 ac
557 2917 668 2970 ﬁlii.
697 2916 852 2970 Nullo
877 2931 1005 2985 ergo
1026 2917 1183 2970 modo
1211 2916 1290 2968 vis
1321 2923 1426 2969 tuae
1470 2914 1629 2967 istius
1687 2926 1913 2966 summa:
1948 2926 2040 2966 co-

473 3006 765 3072 pulatiouis
809 3004 1152 3058 credentibus
1182 3002 1423 3071 proderit
1462 3011 1612 3055 certe
1640 3001 1707 3054 ad
1735 3000 2040 3069 intelligen-

479 3099 605 3150 dum
639 3112 802 3148 unum
859 3095 1131 3149 Christum
1194 3102 1249 3147 et
1303 3093 1588 3147 Dominum
1622 3102 1677 3148 et
1708 3092 1899 3146 Filium
1921 3107 2042 3147 cum

474 3174 625 3240 uui'ta
651 3186 752 3240 sibi
783 3200 966 3238 carne.
1001 3183 1284 3252 Proposita
1338 3196 1569 3251 namque
1629 3191 1684 3237 et
1721 3183 1772 3236 in
1809 3183 2042 3237 medium

475 3277 688 3346 prolata
715 3274 1085 3328 Emmanuelis
1137 3288 1391 3342 persona,
1463 3273 1577 3327 sive
1606 3272 1729 3341 quis
1767 3272 2041 3327 hominem

479 3367 642 3431 dicat,
679 3367 853 3434 ipsum
887 3379 950 3418 ex
983 3365 1089 3418 Deo
1134 3363 1296 3417 Patre
1327 3362 1559 3417 Verbum
1619 3362 1843 3418 formam
1905 3364 2044 3419 servi

479 3455 780 3524 sumpsisse
806 3455 1174 3522 intelligimus,
1187 3461 1242 3508 et
1265 3466 1330 3507 ex
1367 3455 1636 3508 mensuris
1663 3453 2047 3508 exinanitionis

478 3546 748 3600 declarari
779 3546 1038 3608 dicimus;
1076 3545 1187 3600 sive
1237 3545 1401 3598 etiam
1457 3545 1623 3598 Deum
1685 3545 2042 3612 unigenitum,

478 3639 726 3692 eumdem
759 3653 879 3692 esse
905 3636 1464 3691 credimushominem
1491 3636 1601 3705 jam
1643 3634 1841 3689 factum
1881 3645 1935 3689 et
1959 3636 2042 3688 in-

476 3737 781 3781 carnatum.
817 3727 921 3780 Sed
957 3727 1121 3789 enim,
1153 3725 1366 3790 utdixi,
1405 3725 1494 3778 uni
1543 3740 1607 3779 ac
1661 3725 1758 3780 soli
1816 3726 2042 3788 homini,

479 3828 533 3872 et
568 3817 837 3872 intellecto
857 3817 1078 3871 seorsim
1110 3818 1177 3869 ab
1211 3816 1300 3869 illo
1316 3831 1379 3870 ex
1399 3815 1559 3870 Patre
1587 3815 1763 3870 Verbo
1799 3817 2045 3871 tribuens

477 3909 619 3964 itlius
646 3923 766 3963 cum
785 3921 949 3962 carne
995 3907 1410 3977 dispensationis
1433 3923 1619 3974 opera,
1674 3917 1726 3961 et
1757 3909 1927 3978 ipsum
1951 3924 2044 3963 su-

477 4001 737 4056 stinuisse
766 4015 862 4070 pro
919 3997 1072 4054 nobis
1126 4015 1341 4054 crucem
1369 4000 1580 4063 asserit,
1629 4009 1682 4054 et
1711 4015 1831 4056 esse
1861 4001 2046 4070 gloriae

479 4093 760 4146 Dominum
795 4091 1041 4154 aﬁirmat,
1067 4099 1121 4143 et
1151 4105 1414 4159 suprema:
1444 4091 1683 4144 omnium
1717 4099 1923 4145 natura:
1955 4107 2045 4145 or-

476 5368 557 5413 est
586 5361 757 5414 nostri
783 5361 975 5415 similis
1010 5359 1183 5414 forma
1216 5359 1356 5411 servi
1380 5367 1646 5425 suscepta,
1699 5361 1910 5414 etiamsi
1960 5363 2042 5415 di-

479 5452 947 5508 caturiuﬁrmatus
979 5468 1044 5506 ex
1086 5450 1441 5516 humanitate,
1493 5451 1626 5504 nihil
1664 5452 1880 5508 absurdi
1937 5463 2039 5520 est,

551 5634 596 5664 "
630 5631 791 5684 lCor.
835 5648 895 5686 tt.
939 5632 991 5686 8.
1065 5633 1110 5663 “
1143 5631 1181 5684 ll
1223 5631 1346 5686 Cor.
1380 5647 1494 5697 \‘lll,
1529 5633 1579 5685 9.

2147 5365 2206 5416 τὸ
2247 5363 2346 5431 τῆς
2382 5360 2662 5422 ἀσθενείας
2701 5359 2871 5428 ὄνομα
2899 5355 3112 5417 λαϐεῖν;
3147 5351 3236 5403 διὰ
3286 5348 3448 5402 ποίαν
3499 5348 3692 5400 αἰτίαν
3717 5363 3748 5411 ς,

2150 5455 2326 5511 καίτοι
2373 5455 2471 5524 τῆς
2507 5453 2643 5524 μετὰ
2678 5449 2877 5521 σαρκὸς
2914 5443 3224 5514 οἰκονομίας
3263 5440 3356 5493 τοῦ
3388 5437 3754 5507 κατεψέκθαι»
