4014 6128
329 305 422 364 225

1367 306 1739 364 ADVERSUS
1775 305 2184 364 NES'I'ORIUM
2226 308 2354 363 ΗΒ.
2399 308 2464 361 Υ.

3457 309 3566 362 ἓὲϐ

326 430 428 483 δεῖν
449 424 557 490 ἔξω
575 424 810 494 τιθεὶσης
838 422 1020 489 αὑτὸν,
1045 423 1148 478 κάν
1171 426 1221 478 εί
1251 424 1463 495 λέγοιτό
1484 444 1536 480 τι
1564 427 1755 480 παθεῖν
1779 425 1882 479 τῶν

1988 437 2046 481 ιιι
2071 427 2216 480 illum
2245 429 2334 495 qui
2364 427 2512 479 dives
2533 435 2670 491 erat,
2689 438 2977 493 pauperem
3000 424 3198 479 factum
3223 426 3564 493 consideres,

330 517 421 570 ὃσα
449 516 569 568 ἐστὶ
594 514 744 585 παρά
786 531 851 582 γε
887 513 986 585 τὴν
1023 513 1189 568 αὐτοῦ
1225 513 1388 582 φύσιν
1414 533 1474 568 τε
1496 516 1586 569 καὶ
1622 515 1777 581 δόξαν
1797 533 1811 545 ·
1839 516 1889 567 εἰ

330 609 429 678 γὰρ
454 606 710 667 πλούσιος
748 605 824 658 ὣν
854 605 1192 676 ὲπτώχευσε,
1230 609 1325 660 καὶ
1356 608 1547 676 γέγονε
1589 608 1709 662 καθ’
1742 608 1891 678 ἡμᾶς

331 697 534 768 μορφὴν
557 696 741 749 δούλου
767 696 972 756 λαὸὼν,
995 694 1104 750 κᾶν
1122 699 1172 750 εἰ
1194 697 1489 768 ἀσθενῆσαι
1513 699 1724 766 λέγοιτο
1753 697 1892 750 κατά

327 789 380 842 τὺ
405 787 767 857 ἀνθρώπινον,
800 788 863 839 τὸ
910 788 1139 850 ἀπεικὸς
1171 789 1346 851 οὐδὲν,
1377 790 1464 842 ἵνα
1505 789 1891 859 πτωχεύσαντα

330 878 525 949 θεωρῇς
548 879 639 933 τὸν
686 879 963 944 πλούσιον,
1007 881 1065 932 ὲν
1093 880 1422 933 ταπεινώσει
1456 880 1549 933 τὸν
1578 880 1802 950 ὑψηλὸν,
1832 881 1889 932 ὲν

327 972 384 1040 τῇ
410 968 529 1021 καθ’
569 970 715 1039 ἡμᾶς
765 969 1023 1039 ἀσθενείᾳ
1061 970 1152 1023 τὸν
1184 970 1293 1024 τῶν
1323 971 1606 1040 δυνάμεων
1660 969 1881 1040 Κύριον.

328 1060 704 1130 Τεθαύμασται
733 1060 790 1114 δὲ
820 1061 916 1115 καὶ
937 1061 1026 1114 διὰ
1055 1061 1217 1114 τοῦτο
1242 1063 1304 1114 τὸ
1329 1061 1459 1132 περὶ
1483 1059 1649 1114 αὑτοῦ
1678 1061 1887 1131 μυστή-

325 1165 448 1219 ριον.
482 1148 614 1212 Πῶς
657 1149 766 1220 γὰρ
794 1151 889 1203 καὶ
941 1151 1196 1212 πεινῆσαι
1239 1150 1475 1218 λέγεται,
1521 1150 1698 1204 καίτοι
1741 1149 1886 1218 ζωῆς

323 1240 471 1310 ἄρτος
500 1241 769 1311 ὑπάρχων
809 1241 992 1306 αὐτὸς,
1022 1242 1116 1294 καὶ
1150 1243 1214 1294 ὲκ
1246 1240 1340 1294 τοῦ
1369 1241 1597 1310 οὐρανοῦ
1621 1239 1884 1303 καταϐὰς,

323 1330 406 1383 καὶ
438 1330 587 1401 ζωὴν
614 1331 790 1394 διδοὺς
813 1332 890 1401 τῷ
923 1334 1147 1402 κόσμῳ;
1179 1332 1300 1385 τίνα
1331 1331 1530 1403 τρόπον
1559 1330 1887 1383 κεκοπίακεν

1992 518 2142 571 illutn
2178 518 2463 570 sublimem
2496 519 2547 570 in
2584 517 2906 582 humilitate,
2955 517 3106 571 illum
3156 515 3414 570 virtutum
3454 517 3562 573 Do-

1998 609 2277 663 minmnin
2313 620 2503 687 nostra
2542 608 2873 663 inﬁrmitate.
2935 607 3109 662 Habet
3161 618 3340 663 autem
3399 610 3564 661 etiam

1992 701 2094 753 bac
2115 713 2183 752 ex
2236 708 2387 765 parte
2427 697 2839 753 admirationem
2885 698 3002 766 ejus
3052 698 3387 768 mysterium.
3430 696 3565 751 Nam

1992 790 2262 858 quomodo
2291 790 2500 844 esurire
2532 791 2746 854 dicitur,
2774 805 2896 845 cum
2933 792 3045 858 ipse
3103 789 3174 844 sit
3228 789 3382 857 panis
3418 789 3562 852 vitae,

1991 889 2092 934 ete
2117 880 2255 933 ctelo
2284 881 2648 943 descenderit,
2680 888 2735 933 et
2767 880 2932 933 vitam
2964 880 3055 933 det
3082 879 3281 931 mundo
3309 875 3400 928 ³τῖ
3433 890 3565 943 quo-

1993 967 2152 1022 modo
2178 966 2433 1037 fatigatus
2464 976 2631 1021 estex
2659 967 2872 1033 itinere,
2905 970 2996 1038 qui
3050 981 3149 1022 suo
3185 965 3388 1035 Spiritu
3436 965 3565 1019 soli-

1992 1056 2088 1113 dat
2115 1058 2284 1113 caelos
2313 1058 2361 1091 ⁵⁸
2386 1058 2409 1111 2
2437 1058 2541 1113 Sed
2564 1074 2673 1113 non
2728 1058 2891 1120 teres.
2946 1068 3004 1112 ut
3039 1056 3331 1113 verisimile
3383 1065 3485 1119 est,
3519 1057 3563 1111 si

1993 1148 2106 1204 ha:c
2135 1149 2200 1203 de
2230 1149 2347 1218 ipso
2375 1146 2668 1218 Unigenito
2722 1150 2993 1204 dicantur.
3043 1147 3201 1218 130
3263 1146 3428 1215 Atqui
3473 1157 3561 1200 tua

1992 1239 2157 1293 verba
2178 1240 2447 1295 curiosius
2469 1241 2750 1310 inquirens
2773 1243 3008 1309 reperio,
3067 1243 3117 1295 in
3150 1239 3345 1309 quibus
3373 1249 3561 1307 aperte

1992 1330 2149 1393 dicis,
2183 1341 2437 1401 tanquam
2466 1347 2532 1386 ex
2566 1348 2795 1402 persona
2833 1331 3138 1403 Unigenitiz:

320 1425 380 1475 ὲκ
400 1424 495 1493 τῆς
529 1424 854 1496 ὁδοιπορίας,
888 1426 916 1477 ὁ
938 1425 1014 1494 τῷ
1046 1419 1172 1495 ’ἰδίῳ
1206 1426 1483 1496 Πνεῦματι
1520 1425 1756 1495 στερεῶν
1814 1422 2111 1493 copam/06;];
2147 1424 2285 1477 Ἀλλ’
2322 1428 2423 1480 οὐκ
2449 1426 2612 1498 ἀνέξῃ
2647 1428 2789 1482 κατά
2812 1427 2873 1481 τὸ
2935 1428 3101 1492 εἰκὸς,
3132 1430 3183 1481 εἰ
3243 1427 3372 1499 περὶ
3395 1426 3561 1482 αὐτοῦ

319 1516 525 1585 λέγοιτο
548 1518 704 1570 ταυτὶ
725 1518 820 1571 τοῦ
844 1519 1199 1586 Μονογενοῦς.
1225 1520 1402 1574 καίτοι
1419 1523 1544 1584 τοὺς
1612 1521 1737 1583 σοὺς
1803 1518 2335 1592 πολυπραγμονήσας
2372 1522 2563 1591 λόγους
2585 1523 2826 1594 εὑρίσκω
2850 1523 3112 1592 λέγοντας
3138 1525 3345 1594 σαφῶς,
3376 1526 3452 1589 ὡς
3495 1525 3561 1579 ἐκ

319 1608 613 1679 προσώπου
646 1607 738 1661 τοῦ
770 1608 1121 1675 Μονογενοῦς·

390 1702 541 1773 [Ὅτι
578 1701 755 1774 μορφὴ
778 1702 912 1755 Θεοῦ
938 1704 1221 1774 ὑπάρχων,
1249 1704 1461 1775 μορφὴν
1486 1704 1882 1776 περιϐέϐλημαι

2061 1698 2298 1755 Nssron.
2322 1698 2520 1770 [Quod,
2550 1716 2672 1755 cum
2693 1702 2796 1755 sim
2825 1700 2918 1756 Dei
2939 1701 3134 1768 forma,
3163 1705 3304 1758 servi
3332 1705 3560 1763 formam

318 1792 503 1846 δούλου
525 1809 538 1822 '
571 1795 652 1846 ὅτι
675 1794 806 1857 Θεὸς
835 1795 1005 1861 Λόγος
1034 1794 1131 1858 ῶν,
1159 1798 1217 1848 ἐν
1251 1796 1415 1866 σαρκὶ
1438 1795 1781 1867 καθορῶμαι·
1803 1797 1884 1848 ὃτι

314 1883 591 1948 δεσπόζων
619 1883 713 1936 τοῦ
754 1885 978 1949 παντὸς,
1028 1884 1403 1955 πτωχεύοντος
1440 1885 1508 1938 δι’
1537 1887 1683 1955 ἡμᾶς
1730 1902 1885 1955 περι-

318 1974 586 2044 ϐέϐλημαι
635 1975 955 2046 πρόσωπον
997 1977 1080 2030 ὅτι
1131 1975 1330 2030 πεινῶν
1380 1976 1624 2046 ὁρατῶς,
1667 1976 1885 2049 χορηγῶ

315 2069 427 2130 τοῖς
458 2067 684 2121 πεινῶσι
712 2067 968 2139 τροφήνῙ.

918 2205 1170 2260 ΚΕΦΔΛ.
1211 2206 1287 2259 I".

382 2340 512 2406 Πῶς
536 2337 649 2408 οὖν,
677 2341 821 2407 εἰπὲ,
848 2340 912 2394 τὸ
940 2341 1038 2410 τῆς
1066 2339 1349 2402 ἀσθενείας
1369 2338 1540 2408 ὄνομα
1562 2337 1768 2402 δεδιὼς,
1791 2339 1885 2392 καὶ

311 2432 666 2502 ἀποκομίζων
695 2430 885 2497 αὐτοῦ,
918 2432 1020 2485 κᾶν
1045 2434 1073 2486 ὁ
1097 2432 1199 2501 τῆς
1235 2431 1547 2500 οἰκονομίας
1579 2431 1653 2500 μὴ
1690 2429 1879 2499 βούλη-

309 2540 406 2578 ται
444 2525 621 2594 λόγος,
662 2526 825 2579 αὐτὸν
868 2525 1004 2593 ἔφης
1050 2526 1240 2594 πεινῇν
1291 2523 1389 2592 μὲν
1444 2521 1675 2590 ὁρατῶς,
1719 2521 1886 2590 ἤγουν

311 2615 701 2684 ἀνθρωπίνως,
746 2616 1001 2685 χορηγεῖν
1043 2612 1099 2664 δὲ
1131 2610 1328 2672 θεῖκῶς
1365 2611 1476 2670 τοῖς
1508 2607 1729 2660 πεινῶσι
1761 2625 1885 2678 τροσ

311 2707 459 2776 ςιήν;
514 2702 639 2776 Ἆρ’
689 2705 790 2757 οὐκ
839 2702 1119 2764 ἀσθενείας
1154 2701 1352 2772 τρόπον
1396 2694 1536 2751 εἶναι
1573 2700 1676 2768 φὴς
1707 2697 1791 2759 τὸ,
1828 2700 1886 2750 ὲν

309 2796 498 2867 ἐνδείᾳ
532 2795 786 2864 γενέσθαι
807 2797 1036 2864 τροφῆς,
1072 2794 1163 2845 καὶ
1202 2792 1455 2861 πεινῆσαι
1485 2790 1732 2857 λέγεσθαι
1763 2790 1883 2843 καθ’

305 2891 492 2957 ἡμᾶςς
544 2888 703 2941 Ἀλλὰ
739 2889 853 2950 τοῖς
905 2886 1143 2938 ἐθέλουσι
1194 2883 1501 2952 φιλοψογεῖν
1545 2881 1883 2946 ἀντιτάξεται

307 2981 547 3048 γενικῶς
581 2978 691 3050 [Ian
718 2976 1003 3049 γεννικῶς]
1034 2978 1135 3047 τῆς
1166 2976 1516 3045 οἰκονομίαςό
1539 2976 1755 3044 τρόπος.
1793 2974 1885 3026 Δεῖ

1986 1791 2136 1845 indui
2168 1808 2182 1844 :
2220 1793 2387 1860 quod,
2415 1807 2536 1847 cum
2572 1792 2673 1847 sim
2692 1791 2832 1846 Deus
2858 1790 3113 1857 Verbum,
3145 1794 3199 1848 in
3232 1810 3395 1851 carne
3427 1814 3560 1852 eon-

1984 1863 2222 1947 spicior:
2252 1882 2418 1950 quod,
2450 1896 2571 1935 cum
2604 1882 2975 1936 universitatis
2996 1883 3096 1937 sim
3129 1880 3411 1946 Dominus.
3432 1903 3559 1956 per-

1983 1986 2170 2027 sonam
2197 1972 2444 2039 pauperis
2461 1981 2679 2041 pr0pter
2709 1987 2806 2026 vos
2847 1973 3037 2027 indui:
3073 1977 3238 2044 quod,
3292 1992 3410 2030 cum
3435 1994 3560 2032 esu-

1984 2062 2121 2121 riam
2167 2062 2474 2130 vlsibiliter,
2515 2064 2879 2120 esurientibus
2919 2065 3101 2120 cibum
3154 2067 3555 2140 subministh

2616 2198 2767 2254 CAP.
2826 2199 2909 2254 Ill.

2053 2333 2334 2400 Quomodo
2368 2333 2545 2405 igitur,
2585 2351 2791 2404 quaeso,
2824 2353 2945 2392 cum
2982 2338 3314 2394 inﬁrmitatis
3355 2358 3551 2396 nomen

1983 2433 2214 2491 metuas,
2246 2435 2303 2481 et
2356 2427 2425 2481 ab
2459 2442 2524 2481 eo
2578 2427 2828 2494 auferas,
2877 2431 3088 2485 etiamsi
3141 2431 3561 2500 dispensationis

1984 2515 2122 2570 ratio
2150 2526 2433 2586 repugnet,
2459 2518 2631 2588 ipsum
2663 2519 2798 2573 dicis
2843 2521 3051 2575 esurire
3108 2522 3393 2576 visibiliter
3460 2540 3554 2579 seu

1984 2607 2313 2673 humanitus,
2364 2609 2778 2665 subministrare
2832 2620 3011 2666 tamen
3067 2613 3327 2669 divinitus
3375 2618 3556 2671 cibum

1983 2697 2382 2753 esurientibus?
2408 2701 2502 2754 An.
2517 2715 2647 2756 vero
2674 2703 3003 2757 inﬁrmitatis
3034 2720 3203 2774 genus
3228 2722 3349 2761 esse
3391 2726 3555 2779 negas

1984 2789 2126 2857 quod
2159 2789 2279 2843 cibo
2307 2788 2558 2859 indiguit,
2614 2793 2834 2859 etquod
2878 2795 3087 2847 esurire
3128 2797 3325 2850 dicitur
3370 2811 3558 2855 nostro

1984 2879 2172 2933 more?
2200 2880 2305 2934 Sed
2333 2881 2642 2950 vituperare
2680 2884 2983 2939 volentibus
3006 2887 3116 2953 ipse
3137 2888 3558 2955 dispensationis

1984 2970 2175 3024 modus
2196 2970 2408 3025 fortiter
2438 2973 2679 3027 obsistet.
2712 2972 2968 3042 Cogimur
2995 2990 3124 3045 ergo
3174 2978 3255 3031 vel
3311 2979 3355 3032 si
3406 2980 3555 3036 illum

306 3075 486 3126 τοίνυν
520 3074 691 3143 ἡμᾶς,
727 3072 760 3141 ἢ
810 3071 1027 3123 πάντων
1073 3069 1235 3122 αὑτὸν
1265 3068 1372 3120 τῶν
1424 3066 1774 3136 ἀνθρωπίνως
1818 3081 1878 3117 τε

1985 3063 2050 3117 ab
2065 3064 2315 3118 omnibus
2343 3078 2460 3131 quae
2489 3079 2554 3118 ex
2591 3064 2825 3120 humana
2858 3066 3170 3123 conditione
3195 3078 3252 3123 et
3273 3070 3558 3127 humiliter

307 3163 398 3215 καὶ
442 3161 879 3232 σμικροπρεπῶς
933 3160 1236 3230 είρημένων
1277 3159 1744 3227 ἀποκομίζοντας,
1788 3157 1882 3209 ἁν-

308 3254 511 3325 θρώπῳ
561 3252 705 3323 ψιλῷ
758 3251 1093 3321 περιτιθέναι
1143 3249 1213 3303 τὰ
1266 3249 1442 3302 τοιάδε
1493 3248 1603 3301 τῶν
1658 3246 1877 3299 παθῶν-

308 3345 471 3414 ᾒγσυν
497 3342 911 3412 ἐννενοηκότας.
945 3343 1027 3395 ὅτι
1054 3341 1185 3404 Θεδς
1214 3338 1309 3400 ὣνν
1340 3340 1530 3409 γέγονε
1559 3338 1680 3391 καθ’
1711 3338 1879 3408 ἡμᾶς»

307 3434 491 3506 ἀπαθῆ
527 3437 633 3506 μὲν
675 3435 940 3506 ὑπάρχειν
977 3434 1139 3488 αὐτὸν
1167 3433 1470 3502 ὁμολογεῖν,
1503 3430 1647 3483 κατά
1690 3445 1753 3497 γε
1786 3429 1883 3499 τὴν

306 3528 400 3598 τῆς
433 3527 698 3599 θεότητος
730 3526 925 3595 φύσινο
967 3524 1160 3578 παθεῖν
1202 3524 1259 3577 δὲ
1297 3522 1433 3593 πρὸς
1477 3521 1651 3592 τούτῳ
1680 3521 1879 3587 λέγειν,

306 3619 399 3689 τὴν
436 3618 585 3690 ὑπὲρ
620 3617 777 3688 ἡμῶν
806 3616 1112 3680 ἀσθένειαν,
1142 3615 1284 3669 κατά
1311 3614 1373 3667 τὸ
1402 3613 1761 3690 ἀνθρώπινον,
1787 3616 1882 3668 καὶ

307 3684 447 3763 κατὰ
497 3684 577 3780 γε,
620 3684 718 3779 την
753 3708 933 3778 σάρκα
977 3706 1140 3777 φημί.
1196 3705 1348 3758 Ἐπεὶ
1388 3704 1593 3776 φράσον
1635 3684 1883 3782 ἐρομένῳ

307 3800 490 3864 πάλιν,
518 3798 908 3869 ἐσταυρῶσθαι
945 3814 1107 3868 φησιν
1150 3797 1311 3849 αὑτὸν
1341 3796 1399 3861 ἐξ
1432 3796 1716 3857 ἀσθενείας
1739 3798 1767 3848 ό
1795 3795 1883 3848 θε-

306 3889 527 3953 σπέσιος
560 3889 779 3952 Παῦλος
798 3903 812 3917 ·
845 3887 1112 3958 ἀποφέρει
1140 3887 1197 3940 δὲ
1223 3886 1382 3949 αὐτὸς
1411 3885 1506 3938 τοῦ
1548 3884 1682 3937 Θεοῦ
1708 3884 1881 3953 Λόγου

310 3980 368 4031 τὸ
392 3980 609 4050 χρῆμα.
637 3978 852 4050 μικρὸν,
876 3974 1029 4049 οἶμαί
1066 3994 1192 4041 που,
1220 3978 1313 4031 καὶ
1341 3976 1597 4039 δυσκλεὲς
1627 3972 1763 4030 εἶναι
1794 3978 1881 4031 λέ-

302 4084 431 4134 γων,
464 4072 561 4124 καὶ
593 4071 702 4123 οὐκ
726 4068 873 4134 ἄξιον
910 4069 1074 4122 αὑτοῦ
1099 4085 1112 4098 ⁸
1159 4069 1346 4138 ἓτερος
1379 4062 1472 4119 οὖν
1508 4068 1633 4137 παρ’
1666 4068 1826 4120 αὐτὸν
1855 4070 1883 4120 ό

303 4160 748 4230 ἐσταυρωμένος,
778 4159 835 4211 ὃν
865 4160 957 4211 καὶ
984 4159 1080 4227 τῆς
1116 4157 1275 4226 δόξης
1297 4156 1502 4225 Κύριον
1527 4158 1555 4208 ὁ
1585 4157 1722 4221 θεῖος
1750 4159 1881 4227 ἡμῖν

306 4251 674 4320 μυσταγωγὸς
724 4250 1022 4312 ἀποκαλεῖ,
1065 4249 1275 4315 λέγων·
1308 4267 1325 4299 ι
1368 4246 1430 4300 Εἰ
1470 4248 1577 4318 γὰρ
1614 4248 1878 4317 ἔγνωσαν,

302 4341 401 4393 οὐκ
432 4338 497 4393 ἂν
523 4341 623 4395 τὸν
653 4339 855 4409 Κύριον
880 4339 977 4408 τῆς
1007 4338 1165 4405 δόξης
1192 4336 1563 4408 ἐσταύρωσαν.
1590 4357 1607 4389 ι
1632 4336 1700 4390 ’Δ
1712 4341 1759 4408 ρ’
1788 4336 1880 4392 οὖν

306 4433 586 4502 μεμένηκε
633 4433 735 4501 τῆς
766 4430 920 4499 δόξης
962 4430 1167 4499 Κύριος
1201 4430 1229 4480 ό
1259 4427 1524 4498 ὴθετικὼς
1574 4428 1683 4499 [Ion
1719 4429 1881 4498 ἡσθε-

302 4523 528 4597 νηκὼς],
560 4524 665 4578 καὶ
692 4524 754 4575 τὸ
774 4521 1028 4584 δυσκλεὲς
1048 4521 1113 4590 δὴ
1141 4520 1320 4585 τοῦτο,
1348 4520 1442 4573 κα)⁸
1471 4522 1881 4592 σμικροπρεπὲς

304 4616 604 4686 ὑπομείνας
641 4613 813 4675 πάθος
840 4630 855 4678 ;
898 4613 959 4664 Ei
1012 4611 1109 4681 μὲν
1142 4608 1235 4664 οὖν
1267 4612 1593 4680 μεμένηκεν,
1625 4612 1879 4681 οὐδεμίαν

302 4705 411 4775 ἔχει
436 4704 535 4758 τοῦ
561 4701 912 4759 ἀσθενεῖσθαι
939 4699 1162 4770 ζημίαν.
1195 4698 1315 4761 Πῶς
1344 4695 1436 4752 οὖν
1468 4698 1644 4760 δέδιας
1669 4700 1759 4752 τὸν
1783 4698 1878 4752 τοῦ

300 4796 433 4850 Θεοῦ
462 4797 647 4865 Λόγον
673 4797 732 4848 ἐν
758 4792 967 4855 τούτοις
1003 4792 1258 4860 γενέσθαι
1282 4792 1461 4859 λέγειν
1483 4792 1839 4861 οἰκονομικῶς
1862 4809 1876 4857 ;

305 4889 363 4940 Ei
394 4888 453 4942 δὲ
486 4884 807 4941 ἀπώλισθεν
834 4884 1047 4955 ἀληθῶς
1071 4882 1164 4936 τοῦ
1193 4883 1457 4953 ὑπάρχειν
1491 4881 1571 4934 ἔτι
1594 4882 1695 4952 τῆς
1721 4882 1880 4952 δόξης

303 4981 527 5052 Κύριος,
561 4973 673 5033 ὧδέ
709 4993 769 5029 τε
806 4975 948 5046 ἔχειν
976 4975 1133 5029 τοῦτο
1180 4974 1578 5029 διαϐεϐαιοῦται
1619 4992 1721 5039 τις,
1748 4975 1877 5027 δυσ-

306 5072 519 5134 σεϐείας
559 5073 667 5139 τῆς
711 5070 972 5122 ἀνωτάτω
1017 5068 1111 5121 καὶ
1144 5067 1289 5137 μάλα
1346 5068 1570 5130 είκότως
1618 5067 1881 5136 ὑπομενεῖ

308 5167 395 5235 τὴν
418 5168 678 5238 γραφήν·
711 5162 995 5231 «Κάμπτει
1022 5162 1128 5232 γὰρ
1149 5161 1295 5232 αὐτῷ
1315 5163 1421 5214 πᾶν
1437 5160 1585 5228 γόνυ,
1613 5161 1703 5211 καὶ
1729 5159 1879 5210 πᾶσα

309 5258 525 5326 ramosa
580 5257 1056 5327 ἐξομολογήσεται,
1106 5254 1187 5306 ὃτι
1237 5252 1437 5322 Κύριος
1503 5251 1707 5321 Ἰησοῦς
1746 5250 1882 5319 Χρι-

309 5351 427 5414 στὸς
473 5352 557 5413 εἰς
601 5349 767 5413 δόξαν
805 5346 939 5399 Θεοῦ
975 5345 1206 5415 Πατρός.
1242 5363 1263 5395 ι
1316 5341 1721 5413 Κατευρύνεται
1771 5339 1879 5410 γὰρ

304 5442 522 5513 ἁπάεης
571 5441 822 5511 τῆςιὺπ’
856 5437 1083 5509 οὐρανὸν
1130 5437 1162 5507 ὴ
1209 5435 1333 5500 δόξα
1380 5433 1639 5505 Χριστοῦ,
1684 5433 1880 5485 παθόν-

306 5550 390 5598 τος
436 5535 583 5604 ὑπὲρ
636 5531 795 5602 ἡμῶν
831 5531 1024 5599 σαρκὶ,
1083 5528 1225 5580 καθὰ
1281 5526 1595 5587 πλειστάκις
1650 5525 1880 5592 εἰρήκα-

383 5706 609 5769 "Joan.
636 5724 711 5773 v1,
741 5709 926 5762 ⁵5551.
1026 5708 1071 5737 ⁸⁸
1093 5706 1193 5759 .lub
1222 5721 1366 5772 xxvi,
1416 5705 1494 5757 15-

1573 5703 1617 5733 "
1652 5700 1689 5752 ll
1716 5700 1840 5753 Cor.
1878 5717 1995 5766 Mil,
2025 5702 2076 5755 4.
2135 5704 2176 5730 θο
2208 5701 2223 5752 1
2260 5700 2385 5753 Cor.
2417 5715 2476 5762 ιι,
2499 5699 2549 5751 8.

1982 3156 2125 3227 dicta
2149 3165 2293 3220 sunt,
2316 3159 2556 3213 eximere
2576 3158 2847 3229 volumus,
2867 3160 3009 3214 nudo
3032 3161 3236 3216 homini
3269 3162 3367 3217 has
3422 3179 3552 3232 pas-

1981 3247 2161 3303 siones
2190 3249 2465 3305 tribuere:
2493 3250 2576 3304 vel
2607 3252 2650 3305 si
2676 3251 2982 3321 cogitamus
3033 3251 3208 3321 ilium,
3243 3268 3365 3307 cum
3417 3253 3560 3311 Deus

1981 3338 2350 3402 esset,l'actum
2380 3355 2499 3396 esse
2522 3345 2690 3397 nostri
2721 3343 2975 3405 similem,
3005 3342 3256 3399 conﬁteri
3281 3360 3403 3401 esse
3430 3348 3554 3416 qui-

1983 3431 2103 3485 dem
2132 3431 2485 3499 impatibilem
2508 3446 2579 3486 ex
2593 3443 2783 3488 natura
2814 3434 3136 3501 divinitatis,
3178 3438 3269 3490 sed
3292 3449 3555 3505 praeterea

1982 3521 2166 3578 dicere
2195 3535 2413 3592 passum
2432 3538 2553 3579 esse
2580 3540 2677 3592 pro
2707 3524 2875 3595 nobis,
2914 3525 3287 3583 inﬁrmitatem
3335 3544 3399 3583 ex
3455 3530 3557 3583 hu-

1983 3625 2141 3665 mana
2172 3623 2392 3679 natura,
2420 3613 2672 3668 nimirum
2691 3630 2756 3668 ex
2780 3616 3089 3671 conditione
3114 3621 3312 3674 carnis.
3332 3620 3553 3687 Alioqui

1982 3717 2191 3774 expone
2216 3706 2450 3774 roganti,
2475 3706 2518 3760 si
2538 3705 2732 3773 placet.
2792 3704 3123 3761 Crucitixum
3165 3708 3314 3762 illum
3353 3724 3420 3765 ex
3471 3711 3555 3764 in-

1983 3792 2236 3848 ﬁrmitate
2262 3795 2391 3848 dicit
2416 3796 2604 3849 beatus
2633 3794 2831 3849 Paulus
2856 3795 2935 3860 ";
2970 3809 3189 3851 amovet
3223 3808 3404 3851 autem
3439 3799 3556 3867 ipse

1983 3885 2119 3940 hanc
2151 3902 2262 3941 rem
2287 3902 2316 3940 a
2341 3886 2450 3941 Deo
2485 3887 2684 3949 Verbo,
2712 3888 2851 3954 quod
2874 3888 3120 3956 exiguam
3153 3903 3273 3941 esse
3313 3898 3367 3941 et
3393 3889 3553 3941 vilem

1982 3976 2148 4041 dicat,
2180 3989 2315 4031 eteo
2344 3979 2640 4045 indignam.
2659 3979 2809 4030 Alius
2840 3994 2968 4047 ergo
2996 3981 3099 4032 erit
3128 3982 3194 4034 ab
3218 3996 3283 4033 eo
3320 3982 3408 4034 ille
3428 3997 3555 4035 cru-

1982 4066 2195 4127 ciﬁxus,
2227 4081 2384 4133 quem
2413 4068 2576 4119 etiam
2604 4066 2788 4135 gloria:
2844 4067 3132 4120 Dominum
3187 4070 3400 4123 divinus
3467 4070 3556 4126 ille

1982 4159 2243 4226 magister
2267 4157 2522 4226 appellat,
2557 4158 2776 4213 dicens:
2811 4177 2829 4209 ι
2868 4157 2924 4211 Si
2953 4160 3097 4213 enim
3146 4162 3551 4230 cognovissent,

1982 4262 2253 4315 nunquam
2286 4247 2571 4301 Dominum
2602 4247 2788 4316 gloriae
2815 4250 3219 4305 cruciﬁxissent
3247 4251 3314 4305 ⁸⁸.
3358 4272 3378 4305 ι
3413 4252 3552 4309 Num

1983 4352 2113 4407 ergo
2132 4339 2328 4392 mansit
2359 4338 2616 4395 Dominus
2637 4341 2821 4407 gloriae
2880 4341 2970 4410 qui
3014 4342 3318 4399 inﬁrmatus
3348 4355 3448 4411 est,
3501 4358 3600 4401 ει·

1987 4429 2075 4497 qui
2103 4428 2590 4486 adeoindecentem
2643 4441 2695 4485 et
2722 4432 2978 4487 humilem
3035 4433 3344 4501 passionem
3389 4439 3554 4492 susti-

1988 4520 2144 4574 nuit?
2172 4519 2227 4574 Si
2260 4522 2475 4586 mansit,
2509 4521 2707 4575 nullam
2736 4538 2801 4577 ex
2830 4538 2894 4576 eo
2920 4523 3060 4592 quod
3099 4523 3402 4580 inﬁrmatus
3447 4537 3549 4594 est,

1980 4608 2246 4678 jacturam
2271 4611 2418 4666 fecit.
2452 4610 2562 4664 Cur
2591 4625 2719 4680 ergo
2749 4612 2942 4665 metuis
2973 4611 3175 4678 dicere,
3198 4613 3291 4668 Dei
3323 4613 3552 4672 Verbum

1985 4702 2051 4755 ad
2082 4702 2195 4755 hate
2224 4701 2615 4771 dispensatoria
2636 4701 2847 4756 ratione
2894 4701 3279 4759 descendisse?
3325 4704 3419 4761 Sin
3465 4724 3552 4762 rc-

1985 4806 2112 4846 vera
2147 4793 2380 4861 perdidit
2413 4807 2480 4847 ne
2513 4803 2657 4849 esset
2695 4793 2831 4847 ultra
2855 4807 2947 4847 rex
2988 4793 3193 4863 gloriae,
3224 4806 3278 4851 et
3306 4791 3409 4857 ,sic
3440 4815 3551 4853 rem

1984 4899 2045 4940 se
2100 4885 2302 4939 habere
2355 4885 2622 4954 quispiam
2682 4886 2912 4950 asserit,
2976 4901 3202 4943 summa
3262 4889 3553 4956 impietatis

1985 4976 2188 5032 crimen
2217 4977 2409 5032 merito
2435 4977 2747 5034 sustinebit.
2788 4996 2807 5030 ι
2839 4977 3102 5033 Flectitur
3133 4980 3277 5033 enim
3305 4980 3404 5046 ipsi
3436 4996 3548 5032 οιιι-

1986 5082 2054 5122 ne
2080 5083 2241 5137 genu,
2273 5078 2329 5123 et
2350 5070 2535 5124 omnis
2560 5069 2739 5138 lingua
2792 5070 3139 5125 conﬁtebitur
3185 5070 3311 5136 quia
3368 5070 3548 5122 Domi-

1991 5173 2093 5212 nus
2126 5156 2282 5214 Jesus
2308 5160 2580 5227 Christus,
2620 5161 2674 5214 in
2712 5160 2935 5229 gloriam
2976 5161 3069 5214 Dei
3092 5159 3267 5212 Patris
3291 5157 3353 5209 “.
3397 5177 3415 5209 ι
3454 5157 3552 5213 Per

1985 5251 2296 5304 universum
2327 5253 2469 5304 enim
2508 5252 2694 5306 orbem
2753 5262 3017 5305 terrarum
3086 5247 3342 5301 dilatatur
3381 5249 3550 5317 gloria

1983 5340 2317 5410 Cbristi,qui
2349 5357 2537 5410 passus
2565 5351 2647 5396 est
2702 5357 2800 5411 pro
2856 5342 3012 5395 nobis
3069 5354 3255 5402 carne.
3313 5351 3369 5395 ut
3412 5357 3551 5410 saepe

1986 5433 2238 5487 diximus.
2264 5433 2395 5486 Cum
2435 5434 2595 5502 igitur
2629 5434 2782 5485 audis
2811 5433 3082 5486 hominem
3127 5432 3329 5502 Spiritu
3362 5443 3551 5505 sancto

1988 5524 2433 5592 plenumdiccrc:
2474 5543 2492 5573 ι
2532 5522 2838 5576 Crucilixns
2871 5534 2953 5577 est
2986 5540 3048 5577 ex
3080 5525 3419 5589 infirmitate,
3456 5524 3550 5578 sed

2629 5700 2669 5729 θ’
2708 5701 2934 5770 Philipp.
2981 5721 3041 5768 ιι,
3078 5706 3157 5756 ll).
