4014 6128
452 281 557 336 227

1439 289 1494 342 S.
1536 285 1810 343 CVlllLLl
1853 283 2320 342 ALEXANDRINI
2359 284 2683 342 ARCHIEP.

3593 286 3704 350 228

453 397 587 449 vivit
609 409 672 448 ex
700 395 896 450 virtute
930 395 1057 464 Dei;
1092 415 1111 448 ι
1143 398 1227 468 pie
1247 397 1450 453 dictum
1475 399 1882 470 intellige.l\'am
1903 416 2009 470 pas

2131 415 2249 468 μεν.
2303 400 2468 452 Ὅταν
2520 394 2614 452 οῦν
2655 397 2894 470 ἀκούσῃς
2947 399 3038 452 τοῦ
3104 402 3556 472 Πνευματοφόρου
3615 403 3706 458 λέ-

453 500 574 539 sum
607 487 739 540 dicit
763 489 1092 554 humanitus,
1122 493 1372 558 quamvis
1403 501 1650 546 naturam
1675 493 1828 562 131
1856 495 2022 548 babe-

451 588 532 630 ret
565 593 786 646 prorsus
809 595 837 630 a
860 580 1115 647 patiendo
1148 593 1430 636 remotam.
1465 583 1710 653 Cumque
1734 587 1814 640 sic
1843 601 1901 640 se
1926 586 2023 640 ha-

450 667 622 733 beret,
650 670 910 723 inﬁrmari
943 685 1157 725 carnem
1178 674 1454 738 sustinuit,
1476 684 1528 726 et
1557 677 2018 732 lmmanitusmori

450 776 571 814 cum
603 761 973 826 sustinuisset,
1011 763 1270 818 divinitus
1321 766 1812 834 revixit,cumipse
1863 781 2018 822 suum

452 852 773 905 viviﬁcasset
801 853 1076 921 templum,
1102 865 1285 923 utpote
1315 856 1486 911 virtus
1530 855 1729 910 Patris.
1759 858 1917 913 Certe
1939 859 2022 914 in-

447 940 752 1008 stantejam
791 952 1031 1011 tempore
1049 960 1157 1016 quo
1186 961 1401 1000 crucem
1433 963 1527 1016 pro
1557 949 1712 1003 nobis
1745 958 1860 1004 erat
1890 951 2020 1006 sub-

449 1034 645 1098 iturus,
677 1034 867 1091 abiens
907 1038 1105 1103 oravit,
1147 1039 1368 1094 dicens:
1407 1059 1424 1092 ι
1455 1039 1634 1108 Pater,
1670 1042 1715 1096 si
1757 1043 2014 1111 possibile

445 1133 548 1191 est,
577 1134 819 1180 transeat
858 1142 887 1180 a
927 1143 1014 1182 me
1068 1128 1206 1182 calix
1233 1130 1354 1184 iste.
1394 1148 1412 1181 ι
1451 1130 1849 1199 Adjecitetiam
1888 1133 2018 1188 illud

446 1217 511 1268 ad
547 1217 703 1270 linem
732 1219 1000 1273 orationis
1035 1236 1050 1273 :
1096 1238 1116 1272 ι
1155 1219 1544 1276 Verumtamen
1589 1237 1692 1278 non
1727 1224 1869 1279 sicut
1915 1238 2018 1293 ego

445 1305 586 1367 volo.
615 1307 708 1360 sed
739 1307 879 1361 sicut
913 1316 966 1362 tu
991 1311 1059 1363 ".
1091 1327 1112 1362 ι
1151 1308 1412 1376 Quoniam
1435 1326 1566 1366 vero
1594 1313 1783 1378 semel,
1826 1329 2017 1384 quam-

444 1412 523 1450 vis
564 1398 910 1466 omnipotens
945 1398 1175 1456 Verbum
1211 1417 1274 1457 ac
1305 1403 1444 1459 Deus
1469 1415 1631 1470 esset,
1663 1416 1903 1461 nostram
1930 1406 2017 1462 in-

445 1487 758 1543 ﬁrmitatem
791 1490 977 1546 subire
997 1494 1205 1559 statuit,
1237 1495 1362 1548 lacti
1404 1511 1626 1550 causam
1652 1506 1710 1551 ut
1742 1498 2010 1563 redderet,

441 1595 654 1634 summo
684 1582 1104 1650 dispensationis
1133 1585 1356 1639 consilio
1387 1586 1461 1640 ait
1493 1603 1506 1640 :
1568 1605 1586 1637 ι
1621 1586 1858 1656 Spiritus
1893 1587 2015 1658 qui-

442 1673 562 1727 dem
596 1684 894 1743 promptus,
921 1690 1048 1731 caro
1079 1685 1257 1732 autem
1295 1679 1506 1732 inlirma
1532 1679 1596 1733 ⁸³.
1638 1699 1657 1732 ι
1717 1679 2012 1736 Considera

443 1765 606 1834 igitur
635 1775 692 1819 ut
715 1767 846 1821 nihil
881 1769 992 1837 ipse
1021 1768 1285 1836 deiectus,
1323 1786 1504 1839 neque
1548 1772 1712 1827 etiam
1777 1772 2011 1829 inﬁrmi-
2044 1745 2086 1798 Β

443 1867 606 1912 tatem
635 1860 688 1912 in
721 1874 870 1914 suam
906 1871 1151 1915 naturam
1177 1863 1494 1932 suscipiens,
1532 1866 1801 1920 concessit
1858 1867 2010 1922 carni

439 1961 538 2015 per
570 1962 694 2001 suas
725 1945 970 2018 proprias
1000 1950 1141 2019 leges
1173 1964 1434 2021 pergere:
1491 1962 1546 2007 et
1598 1953 1768 2021 ipsius
1807 1969 1871 2008 ea
1926 1969 2012 2010 res

401 2016 407 2023 ’
437 2037 657 2107 dicitur,
701 2016 983 2109 propterea
1011 2016 1151 2110 quod
1173 2016 1464 2113 ‘pro'prium
1492 2053 1576 2099 est
1618 2016 1737 2115 ejus
1788 2059 2008 2116 corpus.

438 2128 604 2198 igitur
631 2131 902 2187 hominem
932 2134 1148 2202 quidem
1181 2136 1354 2204 ipsum
1402 2136 1555 2191 nobis
1609 2137 1847 2192 OStendit
1892 2138 2010 2208 ipsa

437 2219 618 2271 carnis
656 2220 966 2286 inlirmitas,
1013 2223 1106 2276 sed
1141 2224 1306 2276 Deum
1372 2225 1704 2281 inﬁrmitatis
1763 2228 2008 2305 ignarum

437 2310 750 2377 agnovimus
783 2312 832 2364 iu
863 2327 927 2366 eo
951 2315 1093 2381 quod
1119 2325 1344 2369 mortem
1380 2317 1522 2370 haud
1581 2325 1664 2372 est
1697 2331 2006 2387 perpessus,

437 2409 546 2453 eta
594 2401 812 2468 proprio
863 2417 1090 2470 corpore
1132 2407 1532 2474 corruptionem
1614 2408 1828 2476 repulit.
1890 2407 2007 2463 Vita

440 2502 672 2555 namque
689 2497 770 2541 est
806 2497 860 2542 et
887 2490 1060 2545 virtus
1083 2491 1282 2547 Patris.
1318 2493 1450 2546 Nam
1483 2497 1625 2564 quod
1657 2497 1798 2551 illam
1841 2498 1893 2552 in
1924 2498 2009 2554 his

439 2581 600 2632 rebus
635 2579 1006 2636 infirmitatem
1040 2585 1303 2639 insuetam
1333 2586 1436 2642 sibi
1463 2596 1518 2642 et
1570 2589 2005 2657 involuntariam,

438 2667 630 2722 fecerit
665 2669 1024 2725 voluntariam
1066 2674 1116 2727 in
1147 2673 1238 2729 Dei
1267 2685 1322 2730 et
1347 2675 1519 2732 Patris
1541 2679 1899 2747 beneplacito,
1946 2689 2007 2733 ut

437 2759 640 2812 salvmu
666 2759 866 2816 faceret
895 2767 1080 2819 orbem
1119 2776 1405 2831 terrarum,
1466 2767 1684 2825 docebit
1721 2770 1834 2842 ipse
1881 2786 2002 2826 cunt

437 2851 565 2903 dicit
601 2867 614 2902 :
645 2870 664 2903 ι
702 2852 836 2919 Quia
876 2855 1126 2910 descendi
1151 2857 1216 2911 de
1247 2861 1407 2925 cwlo,
1445 2877 1550 2916 non
1583 2872 1640 2914 ut
1669 2862 1859 2916 faciam
1909 2877 2005 2917 vo-

436 2939 699 2995 luntatem
756 2959 955 3010 meant,
1013 2948 1109 3001 sed
1171 2949 1500 3004 voluntatem
1563 2952 1680 3021 ejus
1720 2953 1812 3021 qui
1860 2953 2007 3008 misit

436 3049 520 3088 me
554 3053 568 3090 :
602 3047 660 3089 ut
680 3051 841 3092 omne
863 3041 1003 3106 quod
1024 3041 1217 3094 dedisti
1246 3043 1398 3108 mihi,
1439 3059 1545 3096 non
1576 3046 1795 3114 perdam
1823 3060 1886 3100 ex
1914 3063 1999 3112 eo,

434 3127 528 3180 sed
554 3130 868 3184 resuscitem
897 3129 1029 3182 illud
1079 3131 1132 3183 in
1179 3133 1472 3187 novissimo
1535 3134 1623 3188 die
1668 3135 1733 3191 “.
1774 3155 1794 3188 ι
1837 3139 2000 3208 Atqui

435 3233 672 3287 quonam
705 3220 887 3285 modo,
918 3221 962 3276 si
995 3222 1212 3292 quidem
1241 3224 1378 3278 bona
1415 3235 1499 3278 est
1530 3223 1710 3281 Patris
1732 3229 2002 3294 voluntas,

436 3307 661 3361 alteram
692 3317 868 3363 tamen
890 3310 1079 3376 procul
1112 3310 1276 3367 dubio
1297 3313 1492 3368 bonam
1525 3317 1798 3385 propriam
1817 3332 1876 3372 se
1906 3319 1998 3373 ha.

434 3397 568 3453 bere
589 3399 657 3453 ab
703 3399 793 3453 illa
823 3401 1091 3456 diversam
1117 3403 1448 3459 voluntatem
1474 3407 1607 3460 dicit
1637 3406 1851 3463 Filius?
1871 3409 2004 3464 Nam

435 3489 478 3540 si
511 3490 690 3543 minus
719 3500 800 3545 est
829 3492 1022 3557 bonus,
1068 3495 1342 3562 quomodo
1385 3497 1560 3566 imago
1602 3500 1714 3568 jam
1746 3511 1798 3555 et
1835 3501 2006 3571 ligura

435 3577 548 3645 ejus
565 3580 848 3634 creditur?
877 3583 1144 3650 quomodo
1180 3584 1306 3638 item
1339 3600 1470 3640 vere
1503 3587 1645 3642 dicet
1675 3604 1689 3641 :
1743 3607 1763 3640 ι
1809 3589 1918 3658 Ego
1954 3601 2006 3645 et

438 3670 597 3723 Pater
628 3687 790 3726 unum
815 3687 1004 3728 sumus
1021 3673 1106 3728 “‘l
1136 3693 1154 3726 ι
1183 3684 1282 3730 et:
1325 3695 1343 3728 ι
1386 3677 1486 3743 Qui
1544 3679 1679 3734 vidit
1722 3696 1837 3748 tne,
1872 3682 2009 3736 vidit

432 3771 488 3816 et
513 3761 728 3818 Patrem
763 3765 848 3818 “?
886 3783 906 3816 ι
941 3765 1126 3835 Neque
1152 3768 1292 3822 enim
1321 3771 1604 3838 quisquam
1641 3771 1692 3825 in
1747 3772 1887 3827 haud
1909 3775 2005 3829 bo-

435 3863 504 3904 no
535 3851 710 3906 videat
741 3868 863 3907 eum
899 3855 991 3924 qui
1015 3872 1079 3911 ex
1109 3865 1301 3911 natura
1331 3859 1400 3913 sit
1426 3859 1618 3915 bonus.
1649 3862 1811 3931 Atqui
1835 3864 2008 3919 bonus

433 3941 600 3997 Filius
621 3958 690 3998 ex
720 3945 862 4000 bono
895 3957 1117 4003 exortus
1149 3959 1234 4003 est
1255 3947 1436 4013 Patre,
1468 3963 1658 4021 estque
1690 3952 1805 4020 ejus
1826 3953 2006 4024 imago

433 4033 576 4087 nulla
607 4033 663 4086 in
695 4050 754 4090 re
783 4035 851 4089 ab
871 4050 936 4091 eo
964 4038 1206 4094 varians.
1229 4039 1473 4105 Quanam
1511 4042 1672 4112 igitur
1728 4044 2007 4099 voluntate

430 4125 614 4178 relicta
650 4142 810 4196 quant
845 4143 997 4184 suam
1027 4146 1148 4186 esse
1185 4132 1403 4200 fatetur,
1455 4133 1632 4190 Patris
1662 4135 1995 4192 voluntatem

428 4230 487 4270 se
516 4217 709 4272 iecisse
748 4220 911 4274 dicit?
943 4220 1181 4290 Propria
1235 4225 1415 4290 carnis
1470 4236 1644 4280 morte
1680 4225 2006 4282 liberaturus

428 4322 544 4363 erat
571 4327 692 4364 mox
723 4325 818 4366 eos
862 4327 891 4365 a
921 4325 1094 4367 tnorte
1122 4315 1216 4383 qui
1251 4315 1324 4366 illi
1354 4325 1509 4369 erant
1541 4315 1782 4382 obnoxii,
1819 4317 1872 4370 id
1920 4328 2003 4371 est

429 4417 546 4455 nos.
590 4401 697 4456 Sed
731 4403 832 4458 hoc
858 4404 1032 4473 ipsqu
1062 4405 1196 4458 mori
1221 4421 1388 4461 carne
1436 4415 1590 4474 turpe
1617 4417 1758 4470 erat,
1791 4418 1845 4462 et
1872 4409 1996 4474 sibi,
2034 4437 2076 4492 ο

429 4501 486 4545 ut
500 4491 611 4559 jatn
642 4495 776 4561 dixi,
801 4496 1069 4550 insuetum
1109 4507 1165 4550 et
1220 4496 1630 4567 refugiendum:
1676 4499 1726 4552 id
1786 4515 2000 4568 quoque

430 4594 610 4636 nostra
643 4601 804 4640 causa
836 4588 1091 4642 sustinuit
1151 4589 1202 4642 in
1243 4589 1577 4657 beneplacito
1609 4588 1806 4642 Patris.
1840 4590 1996 4659 132

430 4672 659 4728 Noverat
689 4678 831 4730 enim
859 4681 1064 4748 Optime
1095 4682 1138 4736 si
1169 4691 1390 4751 propter
1425 4679 1609 4736 carnis
1655 4696 1768 4737 suae
1794 4685 1998 4749 passio-

431 4783 525 4820 nes
561 4769 830 4822 modicum
865 4771 1356 4842 fuissetinglorius,
1386 4787 1448 4827 se
1489 4787 1674 4827 omnes
1703 4773 1768 4826 ad
1795 4782 1992 4826 statum

430 4858 585 4925 longe
613 4863 1041 4927 praestantiorem
1081 4864 1458 4918 transferendo
1480 4865 1856 4920 liberaturum.
1880 4883 1898 4916 ι
1939 4865 1996 4920 Si

428 4953 548 5020 quis
576 4952 720 5006 enim
746 4951 798 5004 in
829 4952 1069 5016 Christo,
1105 4969 1238 5008 nova
1267 4964 1512 5007 creatura
1538 4976 1553 5009 :
1585 4963 1764 5009 vetera
1810 4966 1997 5010 trans-

430 5044 628 5110 ierunt,
696 5059 822 5099 ecce
850 5044 989 5098 facta
1009 5056 1134 5098 sunt
1177 5046 1358 5099 omnia
1410 5060 1568 5112 nova,
1608 5064 1628 5098 ι
1671 5048 1809 5100 sicut
1855 5049 1999 5102 scri-

431 5149 577 5205 ptum
608 5147 691 5191 est
723 5138 789 5189 ".
852 5137 1117 5190 Divinitus
1175 5136 1338 5204 igitur
1374 5138 1646 5206 inspirata:
1704 5136 2000 5208 Scriptura

429 5232 701 5283 Christum
730 5245 896 5283 unum
926 5238 980 5282 et
1013 5227 1208 5280 Filium
1235 5238 1288 5281 et
1315 5227 1600 5282 Dominum
1636 5229 1834 5281 tnundo
1857 5244 1994 5297 prae-

429 5317 633 5382 dicant,
675 5332 727 5374 et
753 5322 923 5388 ipsum
958 5334 1078 5372 esse
1100 5329 1346 5372 asserunt
1384 5317 1532 5370 illum
1586 5318 1768 5388 gloria:
1823 5316 1998 5371 Domi-

434 5428 592 5477 num;
625 5413 881 5480 illumque
905 5422 1124 5480 pr0pter
1158 5425 1257 5464 nos
1285 5427 1314 5464 a
1346 5409 1546 5465 Judais
1569 5411 1744 5464 illatas
1774 5409 1998 5474 injurias

436 5505 732 5557 voluntarie
759 5505 1098 5570 sustinuisse,
1127 5514 1462 5571 mortemque
1495 5503 1548 5556 in
1600 5502 1746 5571 ligno
1783 5502 1996 5568 dispen-

505 5685 547 5715 “
579 5682 769 5737 Matth.
803 5697 950 5748 ιχνι,
983 5684 1071 5738 59.
1147 5681 1192 5717 ⁸³
1220 5682 1346 5738 ibid.
1370 5681 1458 5734 ιι.

1565 5681 1610 5713 ⁸⁸
1633 5678 1786 5733 Joan.
1819 5695 1890 5742 γι,
1919 5679 2106 5732 ὖὸοὸδ.

2124 505 2344 556 γοντοςο
2394 508 2411 539 ι
2451 486 2802 558 Ἐσταυρὼθη
2857 487 2918 552 ἐξ
2967 488 3296 555 ἀσθενείας,
3336 490 3472 544 ἀλλὰ
3523 491 3589 563 ζῇ
3636 494 3705 547 ὲκ

2122 580 2402 650 δυνάμεως
2444 581 2602 646 Θεοῦ,
2644 601 2663 634 ι
2707 580 2863 644 σύνες
2901 581 3158 645 εὐσεϐῶς.
3203 584 3540 638 Πεπονθέναι
3592 585 3705 656 γὰρ

2123 671 2480 742 ἀνθρωπίνως
2530 673 2693 743 φησὶν
2750 672 2931 735 αὐτὸν,
2964 673 3140 726 καίτοι
3193 674 3290 746 τὴν
3348 675 3509 743 φύσιν
3547 677 3702 746 έχον-

2122 779 2190 814 τα
2237 762 2329 815 τοῦ
2379 762 2572 824 παθεῖν
2621 762 2876 816 ἐπέκεινα
2935 764 3234 828 παντελῶς.
3279 767 3458 837 Ἔχων
3495 768 3553 820 δὲ
3609 768 3704 820 οῦ-

2119 865 2248 913 τως,
2281 849 2612 920 ἀσθενούσης
2661 851 2918 920 ἠνέσχετο
2960 853 3058 922 τῆς
3111 854 3332 924 σαρκὸς,
3375 855 3466 907 καὶ
3514 855 3704 910 παθὼν

2119 937 2476 1006 ἀνθρωπίνως
2511 937 2572 990 τὸ
2600 939 2911 1003 ἀποθανεῖν,
2945 940 3145 994 ἀνεϐίω
3179 941 3398 1006 θεῖκῶς,
3428 943 3705 1015 ζωοποιή-

2121 1045 2219 1092 σας
2247 1028 2339 1082 τὸν
2383 1027 2578 1082 ἑαυτοῦ
2609 1028 2735 1081 ναὸν
2764 1029 2946 1094 αὐτὸς,
2976 1030 3054 1094 ὡς
3079 1030 3310 1104 δύναμις
3334 1033 3429 1086 τοῦ
3458 1035 3700 1105 Πατρός.

2120 1119 2230 1172 Καὶ
2259 1117 2389 1186 γοῦν
2434 1119 2784 1188 ἐνεστηκότος
2827 1118 2928 1190 ῆδη
2971 1119 3066 1173 τοῦ
3101 1120 3319 1193 καιροῦ,
3352 1122 3474 1176 καθ’
3500 1123 3559 1176 ὃν
3591 1125 3702 1178 ἔδει

2118 1210 2212 1264 τὸν
2257 1211 2396 1282 ὑπὲρ
2427 1210 2584 1282 ἡμῶν
2633 1212 2922 1282 ὑπομεῖναι
2965 1214 3215 1285 σταυρὸν,
3255 1213 3506 1270 ἀπελθὼν
3533 1233 3704 1288 προσ-

2118 1302 2355 1372 ηύξατο,
2402 1303 2573 1370 λέγων
2600 1319 2612 1332 ·
2670 1321 2688 1354 ι
2739 1304 2952 1373 Πάτερ,
2995 1307 3043 1358 εἰ
3089 1306 3334 1374 δυνατὸν,
3383 1307 3702 1378 παρελθέτω

2118 1395 2212 1447 ἀπ’
2239 1394 2372 1465 ἐμοῦ
2402 1395 2464 1447 τὸ
2494 1397 2747 1466 ποτήριον
2772 1398 2950 1453 τοῦτο.
2989 1416 3007 1448 ι
3049 1398 3363 1468 Προσετίθει
3398 1399 3454 1454 δὲ
3484 1399 3708 1465 τούτοις

2116 1485 2207 1538 ἐπὶ
2233 1486 2377 1539 τέλει
2401 1485 2502 1556 τῆς
2535 1488 2844 1558 προσευχῆς
2864 1506 2879 1523 ·
2917 1507 2937 1540 ι
2978 1488 3124 1560 Πλὴν
3155 1489 3252 1560 οὑχ
3279 1489 3354 1554 ὡς
3397 1491 3509 1559 ἐγὼ
3525 1490 3694 1560 θέλω,

2115 1579 2230 1632 ἀλλ’
2261 1579 2335 1642 ὡς
2379 1579 2466 1633 σύ.
2502 1598 2519 1630 ι
2569 1581 2788 1650 Ἐπειδὴ
2822 1582 2877 1634 δὲ
2913 1581 3078 1649 ἅπαξ,
3102 1583 3278 1637 καίτοι
3310 1585 3594 1655 παναλκὴς
3620 1585 3700 1640 ὢν

2115 1671 2288 1739 Λόγος
2321 1673 2415 1724 καὶ
2460 1671 2614 1735 Θεὸς,
2647 1673 2742 1725 καὶ
2782 1675 2839 1725 ὲν
2869 1675 2933 1744 τῇ
2961 1673 3084 1726 καθ’
3115 1676 3264 1744 ἡμᾶς
3297 1676 3554 1748 ἀσθενείᾳ
3601 1694 3700 1745 γε·

2117 1762 2302 1816 νέσθαι
2327 1763 2660 1833 νενόμισται,
2684 1763 2783 1835 τὴν
2813 1764 2906 1816 τοῦ
2935 1765 3256 1835 πράγματος
3287 1767 3464 1820 αἰτίαν
3505 1769 3698 1823 ἀποδιδ

2115 1850 2260 1916 δοὺς,
2289 1853 2758 1922 οἰκονομικώτατά
2791 1868 2960 1924 φησι·
3009 1875 3027 1906 ι
3066 1855 3139 1908 Τὸ
3173 1856 3272 1926 μὲν
3305 1857 3521 1928 πνεῦμα
3553 1860 3693 1930 πρόδ

2117 1941 2308 2012 θύμον,
2345 1943 2377 2012 ἡ
2419 1942 2477 1995 δὲ
2530 1943 2665 2012 σὰρξ
2705 1943 2954 2015 ἀσθενής.
2996 1963 3014 1997 ι
3066 1945 3254 2016 Ἀθρει
3295 1946 3358 2016 δὴ
3406 1943 3498 2002 οὗν
3542 1949 3696 2015 ὅπως

2116 2033 2265 2086 οὐδὲν
2299 2034 2562 2102 καθυφεὶς
2608 2035 2792 2100 αὐτὸς,
2824 2035 2946 2088 οὕτε
2997 2037 3104 2107 μὴν
3137 2039 3218 2101 εἰς
3261 2037 3396 2092 ἰδίαν
3442 2040 3604 2108 φύσιν
3633 2042 3697 2095 τὸ

2115 2121 2413 2192 ἀσθενῆσαι
2461 2122 2670 2187 παθὼν,
2718 2125 3109 2196 συγκεχώρηκε
3151 2129 3215 2198 τῇ
3259 2130 3422 2199 σαρκί
3468 2131 3562 2183 καὶ
3605 2131 3694 2185 διὰ

2115 2215 2222 2269 τῶν
2246 2216 2462 2269 οἰκείων
2490 2215 2598 2287 [τον.
2636 2214 2803 2288 ἰδίων]
2847 2216 2979 2269 ἰέναι
3012 2217 3227 2288 νόμων·
3276 2220 3370 2273 καὶ
3415 2221 3578 2275 αὑτοῦ
3631 2223 3696 2277 τὸ

2115 2309 2304 2378 χρῆμα
2338 2307 2576 2373 λέγεται,
2606 2306 2774 2360 διάτοι
2802 2307 2863 2360 τὸ
2894 2307 3022 2361 ἴδιον
3053 2304 3192 2363 εἰναι
3217 2311 3277 2364 τὸ
3306 2310 3465 2381 σῶμα
3500 2312 3689 2365 αὑτοῦ.

2115 2395 2322 2451 υύκοῦν
2385 2398 2670 2468 ἄνθρωπον
2723 2398 2822 2468 μὲν
2885 2400 3010 2469 ἡμῖν
3073 2401 3353 2473 ἀπέφηνεν
3400 2403 3563 2457 αὑτὸν
3630 2402 3694 2456 τὸ

2112 2489 2409 2558 ἀσθενῆσαι
2457 2489 2597 2542 κατά
2629 2488 2727 2559 τὴν
2769 2489 2968 2561 σάρκα,
3001 2491 3135 2544 Θεόν
3178 2509 3242 2560 γε
3293 2493 3402 2563 μὴν
3443 2493 3690 2547 ἀσθενεῖν

2112 2579 2211 2633 οὐκ
2253 2580 2428 2649 είδότα
2468 2581 2526 2632 τὸ
2564 2579 2638 2650 μὴ
2676 2581 3008 2650 ἀνασχέσθαι
3047 2581 3302 2648 θανάτου,
3355 2585 3450 2638 καί
3483 2586 3690 2638 ἀποσο-

2115 2670 2276 2740 ϐῆσαι
2308 2673 2407 2742 τὴν
2438 2672 2644 2741 φθορὰν
2674 2671 2766 2724 τοῦ
2797 2672 2925 2726 ἰδίου
2959 2675 3230 2743 σώματος.
3267 2676 3388 2748 Ζωὴ
3419 2676 3527 2746 γάρ
3570 2677 3688 2730 ἐστι

2113 2763 2206 2814 καὶ
2246 2762 2474 2832 δύναμις
2519 2762 2611 2815 τοῦ
2641 2750 2872 2832 Πατρός,
2901 2763 3023 2818 ’Ότι
3059 2767 3166 2836 γὰρ
3209 2767 3454 2837 ἀσυνήθη
3499 2785 3559 2819 τε
3592 2769 3687 2820 καὶ

2111 2854 2430 2924 ἀνεθέλητον
2469 2850 2634 2907 οὖσαν
2663 2855 2812 2924 αὐτῷ
2838 2855 2936 2926 τὴν
2961 2856 3017 2908 ἐν
3045 2874 3106 2924 γε
3139 2858 3351 2921 τούτοις
3376 2857 3683 2920 ἀσθένειαν,

2111 2945 2411 3014 ἐποιήσατο
2470 2945 2700 3016 θελητὴν
2747 2947 2804 2999 ὲν
2851 2947 3070 3018 εὐδοκία
3123 2947 3218 3000 τοῦ
3269 2948 3404 3001 Θεοῦ
3448 2949 3542 3002 καὶ
3575 2949 3684 3002 Πα-

2109 3036 2257 3104 τρδςν
2286 3037 2370 3089 ἵνα
2404 3037 2552 3110 σώσῃ
2580 3041 2680 3109 τὴν
2713 3041 2804 3092 ὑπ’
2843 3042 3092 3112 οὐρανὸν,
3140 3041 3344 3108 διδάξει
3380 3041 3556 3110 λέγων
3581 3041 3682 3094 αὺ-

2107 3129 2228 3191 τός·
2267 3147 2286 3180 ι
2329 3112 2451 3182 Ὅτι
2501 3131 2853 3202 καταϐέϐηκα
2897 3133 2963 3185 ὲκ
3004 3131 3098 3185 τοῦ
3137 3131 3403 3203 ούρανοῦ,
3453 3132 3550 3200 οὐχ
3595 3133 3684 3185 ἴνα

2107 3220 2244 3274 ποιῶ
2272 3220 2333 3274 τὸ
2365 3220 2574 3291 θέλημα
2604 3222 2665 3275 τὸ
2695 3220 2846 3292 ἐμὸν,
2881 3223 3017 3277 ἀλλά
3059 3224 3120 3276 τὸ
3170 3223 3382 3294 θέλημα
3417 3222 3514 3276 τοῦ
3542 3223 3684 3293 πέμ-

2104 3309 2303 3378 ψαντός
2339 3327 2438 3380 με·
2474 3312 2556 3364 ἵνα
2601 3313 2710 3364 πᾶν
2744 3312 2772 3364 ὃ
2800 3312 3037 3376 δέδωκάς
3084 3329 3174 3382 μοι
3222 3311 3298 3382 μὴ
3337 3311 3586 3366 ἀπολέσω
3624 3312 3684 3376 ἐξ

2106 3400 2292 3465 αὑτοῦ,
2319 3400 2456 3454 ἀλλά
2495 3402 2782 3473 ἀναστήσω
2816 3403 2951 3456 αὐτὸ
2984 3405 3040 3456 ὲν
3074 3406 3140 3473 τῇ
3169 3403 3374 3473 ἐσχάτῃ
3412 3402 3617 3474 ἡμέρᾳ.
3656 3421 3676 3452 ι

2106 3490 2296 3544 Καίτοι
2350 3489 2500 3554 πῶς,
2553 3493 2709 3563 εἴπερ
2761 3494 2908 3546 ἐστὶν
2955 3493 3159 3562 ἀγαθὸν
3207 3493 3269 3546 τὸ
3321 3493 3535 3564 θέλημα
3585 3493 3682 3546 τοῦ

2106 3583 2338 3652 Πατρὸς,
2387 3583 2588 3650 ἀγαθὸν
2631 3585 2687 3636 δὲ
2733 3585 2950 3649 πάντως
2991 3585 3120 3638 ἴδιον
3165 3585 3311 3656 ἔχειν
3351 3587 3446 3638 καὶ
3491 3585 3681 3654 ἕτερον

2105 3671 2257 3742 παρά
2288 3670 2447 3724 τοῦτο
2493 3671 2706 3743 θέλημά
2751 3691 2915 3743 φησιν
2965 3674 3156 3727 ἑαυτὸν
3199 3675 3228 3727 ὁ
3273 3675 3430 3739 Υἰός;
3478 3675 3543 3727 Εἰ
3572 3673 3682 3743 γάρ

2109 3763 2183 3833 μὴ
2215 3764 2362 3816 ἐστιν
2389 3763 2613 3831 ἀγαθὸς,
2649 3763 2764 3827 πῶς
2791 3764 2952 3817 εἰκὼν
2981 3765 3060 3818 ἔτι
3087 3767 3179 3819 καὶ
3203 3764 3490 3836 χαρακτὴρ
3516 3763 3679 3817 αὑτοῦ

2106 3855 2448 3922 πιστεύεται;
2486 3854 2604 3918 πῶς
2629 3855 2686 3909 δὲ
2719 3856 3006 3926 ἀληθεύσει
3045 3855 3247 3924 λέγων·
3295 3875 3314 3908 ι
3364 3854 3505 3924 Ἐγὼ
3533 3854 3627 3906 καὶ
3651 3854 3681 3906 ό

2105 3947 2296 4017 Πατὴρ
2325 3949 2384 4000 ἓν
2411 3949 2610 4018 ὲσμεν;
2647 3965 2666 3997 ι
2698 3947 2823 4000 καί·
2859 3966 2877 3998 ι
2925 3947 2981 4000 ’0
3010 3945 3269 4016 ἑωρακὼς
3303 3947 3424 4018 ἐμὲ,
3466 3945 3680 4018 ἑώρακε

2103 4040 2196 4093 τὸν
2243 4039 2495 4109 Πατέρα;
2537 4059 2555 4092 ι
2591 4041 2664 4092 Οὐ
2712 4041 2821 4110 γάρ
2851 4039 2908 4092 ἐν
2948 4056 3013 4108 γε
3056 4038 3132 4108 τῷ
3168 4039 3243 4110 μὴ
3273 4037 3487 4109 ἀγαθῷ,
3543 4056 3679 4092 κατ-

2104 4131 2342 4200 αθρήσαι
2364 4147 2446 4192 τις
2480 4129 2546 4183 ἂν
2587 4129 2678 4182 τὸν
2710 4129 2910 4197 ἀγαθὸν
2958 4128 3101 4182 κατὰ
3130 4131 3308 4198 φύσιν.
3369 4128 3530 4182 Ἀλλά
3574 4129 3678 4199 μὴν

2103 4222 2303 4289 ἀγαθὸς
2335 4223 2362 4273 ὁ
2386 4221 2533 4284 Υἱὸς,
2569 4220 2628 4284 ἐξ
2671 4220 2878 4290 ἀγαθοῦ
2927 4221 3134 4292 πέφηνε
3165 4220 3260 4274 τοῦ
3308 4221 3546 4291 Πατρδς,
3585 4220 3676 4272 καὶ

2104 4313 2250 4365 ἐστιν
2293 4311 2455 4365 εἰκὼν
2482 4313 2901 4383 ἀπαράλλακτος
2947 4312 3110 4366 αὐτοῦ
3153 4311 3293 4364 κατά
3323 4314 3432 4365 πᾶν
3475 4311 3677 4368 ὁτιοῦν.

2105 4407 2260 4470 Ποῖον
2311 4400 2403 4457 οὖν
2452 4403 2559 4474 ἀρα
2611 4404 2822 4475 θέλημα
2870 4403 3278 4473 παρεὶς,“ὃπερ
3324 4399 3465 4454 εἷναί
3515 4398 3678 4472 φησιν

2107 4495 2324 4556 ἑαυτοῦ,
2357 4495 2694 4566 πεπραχέναι
2731 4494 2864 4564 φησί
2895 4494 2956 4546 τὸ
3002 4492 3094 4546 τοῦ
3143 4493 3391 4562 Πατρός;
3445 4491 3678 4561 Ἔμελλε

2104 4588 2181 4656 τῷ
2221 4585 2440 4656 θανάτῳ
2467 4587 2566 4656 τῆς
2613 4587 2746 4649 ἰδίας
2787 4585 2987 4657 σαρκὸς
3033 4585 3400 4638 ἀπαλλάττειν
3445 4583 3676 4637 θανάτου

2101 4682 2225 4744 τοὺς
2254 4679 2344 4730 ὑπ’
2374 4677 2537 4732 αὐτοῦ
2575 4677 2884 4747 γεγονότας,
2913 4676 3190 4745 τομτέστιν
3221 4677 3388 4746 ἡμᾶς.
3438 4674 3577 4726 Ἀλλ’
3611 4669 3678 4744 ῆν

2101 4771 2163 4824 τὸ
2193 4770 2444 4825 τεθνάναι
2478 4769 2642 4839 σαρκί
2690 4767 2968 4832 δυσκλεὲς,
2999 4766 3268 4838 ἀσύνηθές
3296 4783 3378 4830 τε,
3409 4766 3485 4828 ὼς
3515 4765 3678 4836 ἔφην,

2104 4865 2197 4917 καὶ
2226 4863 2612 4934 ἀπηχθημένον
2644 4861 2810 4931 αὐτῷ.
2863 4859 3280 4930 ’Υπομεμένηκε
3307 4859 3367 4911 δὲ
3405 4855 3680 4910 καὶτοῦτο

2101 4953 2166 5006 δι’
2198 4954 2344 5024 ἡμᾶς
2377 4955 2432 5005 ὲν
2465 4952 2682 5023 εὐδοκία
2706 4951 2800 5004 τοῦ
2831 4951 3068 5028 Πατρός,
3089 4950 3242 5021 ᾜδει
3277 4949 3409 5019 γὰρ,
3431 4948 3550 5018 ᾔδει
3586 4948 3680 5000 καὶ

2107 5043 2252 5114 μάλα
2282 5043 2488 5112 σαφῶς,
2527 5043 2611 5096 ὅτι
2648 5042 2757 5096 τῶν
2785 5042 2886 5111 τῆς
2921 5042 3122 5113 σαρκὸς
3151 5041 3314 5094 ἕνεκα
3347 5038 3538 5092 παθῶν
3567 5036 3682 5090 ἀδο-

2104 5136 2275 5207 ξήσας
2306 5134 2504 5206 βραχὺ,
2539 5133 2793 5187 διασώσει
2821 5134 3163 5203 σύμπαντας,
3194 5133 3287 5185 ἐπὶ
3312 5128 3679 5198 τὺ’ἀσυγκρί-

2102 5243 2210 5290 τως
2259 5227 2478 5296 ἄμεινον
2530 5225 2808 5294 μεθιστὰς.
2849 5244 2868 5276 ι
2912 5225 2977 5276 El.’
3021 5242 3106 5287 τις
3156 5224 3264 5293 γὰρ
3322 5224 3380 5274 ὲν
3431 5221 3679 5291 Χριστῷ,

2103 5320 2263 5390 καινὴ
2301 5319 2506 5380 κτίσις·
2540 5317 2608 5370 τὰ
2653 5318 2852 5387 ἀρχαῖα
2882 5314 3179 5386 παρῆλθεν,
3219 5313 3326 5366 ἰδοὺ
3373 5314 3565 5380 γέγονε
3611 5310 3682 5363 τὰ

2105 5409 2282 5461 πάντα
2329 5409 2510 5471 καινὰ,
2555 5426 2573 5458 ι
2616 5407 2758 5460 καθά
2787 5406 3114 5476 γέγραπται.
3151 5406 3214 5456 Ai
3264 5405 3371 5474 μὲν
3414 5399 3507 5455 οὖν
3557 5401 3682 5455 θεό-

2106 5516 2358 5551 πνευστοι
2390 5499 2619 5566 Γραφαί,
2654 5496 2885 5568 Χριστὸν
2916 5497 3011 5550 ἕνα
3040 5497 3132 5548 καὶ
3163 5495 3287 5548 Υἱὸν
3337 5494 3431 5548 καὶ
3475 5492 3683 5562 Κύριον

3174 5673 3214 5704 ⁸⁷
3252 5672 3292 5725 Il
3331 5672 3457 5726 Cor.
3501 5687 3551 5734 γ,
3595 5668 3684 5722 l7.

2215 5678 2258 5708 ⁸⁸
2293 5675 2317 5728 ,1
2345 5693 2424 5729 mn
2460 5691 2571 5741 xw,
2603 5675 2690 5730 '50.
2787 5676 2830 5706 “
2862 5675 2990 5729 ibid.
3019 5676 3070 5729 9.
