4014 6128
312 240 423 308 29.9
1377 241 1751 301 ADVERSUS
1789 240 2193 299 NESTORIUM
2235 239 2364 297 LIB.
2410 240 2469 295 ν.
3465 242 3576 295 250

316 366 397 437 τῷ
431 366 627 439 κόσμῳ
672 363 1111 439 διακηρύττουσι,
1143 362 1235 416 καὶ
1267 360 1429 416 αὐτὸν
1472 356 1611 414 εἷναί
1646 377 1777 428 φασι
1804 359 1896 414 τὸν

2011 361 2210 414 satorie
2242 357 2549 427 pertulisse,
2579 369 2685 410 non
2707 361 2764 408 ut
2790 352 3066 408 nobiseum
3100 363 3404 410 remaneret
3429 370 3571 410 mor-

316 458 421 526 τῆς
448 456 608 527 δόξης
640 455 839 527 Κύριον
860 471 877 486 ο
901 455 995 508 καὶ
1028 453 1127 517 τὰς
1159 454 1223 506 ὲκ
1252 451 1358 505 τῶν
1405 450 1673 504 Ἰουδαίων
1700 467 1894 521 παροι-

2011 463 2142 510 .uus,
2163 448 2278 509 sed,
2302 456 2359 499 nt
2384 459 2572 499 everso
2605 444 2697 499 illo
2724 444 2972 498 omnibus
2998 442 3396 512 inexpugnabili
3423 456 3566 497 mor-

320 551 445 613 νίας
486 549 717 603 ἐθελοντὶ
744 549 1029 617 ὑπομεῖναι
1070 545 1139 598 δι’
1170 545 1314 615 ἡμᾶς
1335 560 1349 573 ·
1384 541 1674 613 ἀνατλῆναι
1703 558 1762 595 τε
1800 541 1895 594 τὸν

2016 540 2333 608 isimperio,
2368 549 2617 593 naturam
2645 538 2881 593 hominis
2902 537 2968 591 ad
2992 536 3451 606 incorruptionem
3483 551 3571 591 re-

322 644 417 695 ἐπὶ
452 639 610 706 ξύλου
643 640 869 694 θάνατον
906 635 1286 707 οἰκονομικῶς,
1321 636 1419 706 οὐχ
1451 635 1536 687 ἵνα
1577 633 1696 705 μεθ’
1736 631 1894 704 ἡμῶν

2011 642 2236 687 vocaret.
2268 630 2411 685 Deus
2445 631 2587 685 enim
2613 638 2732 683 erat
2772 630 2824 682 in
2847 641 3031 684 carne.
3066 626 3172 681 lste
3195 640 3322 681 vero
3354 640 3566 680 rursum

267 790 276 799 _
323 730 591 802 ἀπομείνῃ
630 728 838 800 νεκρὸς,
890 726 1007 780 ἀλλ’
1040 726 1128 779 τνα
1170 725 1231 777 τὸ
1264 725 1398 778 πᾶσι
1426 723 1760 793 δυσάντητον
1800 717 1898 774 τοῦ

2011 724 2321 780 occasiones
2346 739 2507 776 unum
2537 722 2591 775 in
2622 722 2727 777 duo
2753 719 3022 774 dividendi
3048 718 3282 786 undique
3328 715 3431 770 sibi
3453 714 3569 771 col-

324 823 555 877 θανάτου
587 818 898 881 καταλύσας
927 816 1150 887 κράτος.
1187 814 1496 886 ἀνακομίσῃ
1522 812 1659 885 πρὸς
1683 812 1899 883 ἀφθαρ-

2011 815 2172 884 ligere
2205 813 2457 876 moliens,
2488 812 2689 867 frustra
2726 812 2813 865 bis
2841 819 3103 881 repugnat
3123 809 3214 880 qui
3255 808 3386 862 nulli
3415 816 3571 869 sunt,

327 914 446 967 σίαν
490 912 590 982 τὴν
626 908 915 982 ἀνθρώπου
954 907 1137 977 φύσιν.
1184 906 1315 970 Θεὸς
1358 906 1467 975 γὰρ
1495 901 1587 976 ἦν’
1612 908 1671 958 ὲν
1715 903 1899 974 σαρκί.

2011 905 2266 976 quosdam
2297 906 2462 959 etiam
2494 904 2818 959 criminatur
2847 903 3002 972 quasi
3059 896 3319 956 adversus
3371 903 3572 956 verita-

327 1003 522 1056 Οὑτοσὶ
558 1002 615 1056 δὲ
653 1000 817 1055 πάλιν
848 998 1103 1071 ἀφορμὰς
1150 996 1246 1051 τοῦ
1292 997 1546 1068 διορίζειν
1575 998 1655 1059 εἰς
1686 995 1782 1049 δύο
1807 994 1901 1049 τὸν

2011 1005 2111 1051 tem
2136 995 2392 1061 dixerint,
2425 1005 2479 1048 et
2507 993 2707 1050 Christi
2743 993 2985 1064 mysterii
3008 993 3272 1049 rationem
3302 992 3575 1046 adultera-

324 1093 416 1146 ἕνα
453 1092 789 1164 πανταχόθεν
817 1090 997 1160 ἐαυτῷ
1029 1088 1373 1160 συναγείρειν
1410 1087 1723 1158 ἐπιχειρῶν,
1750 1088 1901 1139 ἀντι-

2011 1088 2130 1150 rint,
2166 1086 2500 1157 Itaquedicit
2531 1100 2545 1137 :
2582 1116 2593 1126 ο

325 1185 548 1256 φέρεται
596 1185 696 1254 μὲν
726 1182 851 1253 είκῆ
879 1184 993 1245 τοῖς
1033 1180 1132 1233 οὐκ
1159 1175 1311 1233 οὖσιν
1342 1179 1499 1243 ὅλως,
1568 1178 1848 1250 ἐπίκλημα
1874 1177 1933 1231 δὲ
2007 1178 2242 1232 ποιεῖταί
2291 1193 2436 1232 τισιν
2477 1178 2552 1242 ὡς
2590 1177 2689 1248 τῆς
2737 1175 2998 1249 ἀληθείας
3046 1177 3421 1251 κατειρηκόσι,
3472 1171 3572 1231 καὶ

325 1274 759 1346 παρασημαίνειν
792 1272 1034 1355 ὲθὲλρυσι
1069 1270 1163 1325 τοῦ
1199 1270 1499 1342 μυστηρίου
1533 1270 1624 1324 τὸν
1668 1271 1890 1340 τρόπον,
1929 1268 2022 1322 καί
2051 1283 2238 1338 φησιν·

399 1360 633 1434 [Ἡδέως
661 1365 728 1419 ἂν
754 1363 991 1419 ἐνταῦθα
1015 1362 1124 1416 τῶν
1146 1361 1438 1434 αἱρετικῶν
1464 1360 1765 1432 ἐπυθόμην,
1786 1359 1896 1414 τῶν

323 1475 421 1533 την
446 1460 545 1531 τῆς
591 1458 862 1526 θεότητος,
898 1456 993 1508 καὶ
1018 1457 1116 1524 τῆς
1158 1453 1573 1525 ἀνθρωπύτητος
1601 1451 1783 1521 φύσιν,
1817 1452 1898 1514 είς

327 1552 458 1622 μίαν
506 1545 958 1618 κατακιρνώντων
992 1545 1199 1612 οὐσίαν,
1257 1545 1343 1608 τίς
1392 1545 1541 1597 ἐστιν
1593 1541 1824 1596 ἐνταῦθα
1870 1540 1900 1593 6

2067 1358 2304 1415 Nasum.
2340 1357 2622 1430 [Libenter
2648 1358 2752 1415 hoc
2790 1358 2909 1415 loco
2942 1358 3572 1430 haereticosinterrogem

1997 1448 2088 1517 qui
2126 1448 2425 1503 divinitatis
2466 1448 2929 1519 humanitatisque
2961 1460 3211 1505 naturam
3280 1450 3334 1504 in
3406 1466 3572 1505 unam

1996 1540 2350 1595 commiscent
2371 1541 2686 1603 essentiam,
2713 1541 2961 1610 quisnam
2990 1540 3061 1595 sit
3088 1540 3182 1609 qui
3218 1555 3360 1594 nunc
3389 1557 3416 1593 a
3443 1556 3573 1610 pro-

325 1642 484 1713 παρά
531 1639 626 1692 τοῦ
673 1638 929 1713 προδότου
948 1640 1061 1702 τοῖς
1122 1637 1397 1699 Ἰουδαίοις
1438 1634 1895 1706 παραδιδόμενος·

2011 1628 2174 1684 :litore
2209 1626 2409 1683 Iudaeis
2452 1628 2701 1682 traditur.
2739 1627 2798 1682 Si
2831 1629 2977 1681 enim
3008 1629 3290 1682 aniborum
3317 1637 3398 1682 est
3433 1627 3574 1681 facta

322 1733 374 1785 εἰ
397 1732 512 1803 γὰρ
538 1731 730 1802 κρᾶσις
757 1729 1078 1801 ἀμφοτέρων
1099 1727 1414 1798 γεγένηται,
1441 1726 1725 1795 ἀμφότερα
1749 1721 1899 1792 παρά

321 1822 438 1875 τῶν
490 1820 754 1874 Ἰουδαίων
782 1818 1212 1889 συγκατεσχέθη,
1238 1817 1335 1871 καὶ
1371 1818 1399 1870 6
1424 1816 1556 1879 Θεὸς
1588 1814 1781 1883 Λόγος,
1808 1814 1902 1868 καὶ

322 1916 358 1984 η
389 1914 494 1983 τῆς
531 1912 947 1982 ἀνθρωπότητος
988 1912 1175 1979 φύσις.
1212 1910 1309 1972 Τίς
1344 1909 1401 1962 δέ
1431 1911 1578 1961 ἐστιν
1617 1909 1646 1961 6
1675 1906 1769 1960 καὶ
1800 1905 1901 1976 τὴν

322 2003 542 2073 σφαγὴν
565 2001 898 2072 ύπομείνας;
951 1999 1356 2071 Ἀναγκὰζομαι
1382 1997 1689 2070 χρήσασθαι
1716 2014 1901 2052 κατω-

318 2095 507 2164 τέροις
535 2091 732 2160 λόγοις,
767 2090 841 2167 ὡς
877 2092 1012 2144 πᾶσι
1040 2087 1291 2158 γενέσθαι
1318 2089 1380 2144 τὺ
1406 2089 1695 2159 λεγόμενον
1720 2087 1899 2159 δῆλον.

319 2185 465 2256 Περὶ
494 2183 614 2236 τίνα
658 2181 728 2235 τὰ
768 2182 869 2252 τῆς
896 2181 1166 2255 πράξεως,
1213 2182 1334 2235 είπέ
1381 2198 1491 2252 μοι,
1526 2180 1899 2253 συμϐέϐηκεν;

315 2276 384 2328 Εἰ
420 2274 527 2345 μὲν
564 2272 674 2343 γὰρ
722 2273 851 2343 περὶ
875 2272 973 2344 τὴν
1002 2274 1101 2342 τῆς
1134 2273 1385 2344 θεότητος
1429 2274 1612 2343 φύσιν,
1639 2273 1755 2336 πῶς
1793 2273 1899 2343 ἀμ-

315 2362 536 2432 φότερα
582 2361 876 2431 συγκιρνᾷν
926 2361 1303 2433 κατατολμᾷςσ
1335 2362 1444 2414 Καὶ
1486 2359 1597 2432 [ιον.
1629 2359 1701 2432 εἰ]
1736 2359 1905 2431 μεμέ-

314 2469 499 2524 νηκεν
533 2452 562 2502 6
595 2451 730 2514 Θεδς
764 2452 1133 2521 ἀκατάσχετος
1172 2454 1285 2515 τοῖς
1342 2450 1637 2516 Ἰουδαίοις,
1685 2452 1778 2504 καὶ
1806 2453 1904 2520 τῆς

313 2542 556 2612 σφαγῆς
587 2542 648 2595 οὐ
695 2542 1058 2613 κεκοινώνηκε
1090 2545 1156 2613 τῇ
1200 2543 1383 2612 σαρκὶ,
1424 2541 1606 2606 πόθεν,
1654 2541 1772 2594 sine
1794 2559 1909 2611 μοι,

313 2632 697 2702 παρεισάγεις
728 2632 828 2704 τὴν
868 2635 1063 2704 κρᾶσιν
1084 2631 1126 2703 ς]

952 2802 1198 2856 ΚΕΦΛΛ.
1241 2806 1313 2856 Δ¹.

382 2892 457 2944 Εἰ
492 2891 599 2961 μὲν
629 2885 721 2944 οὖν
747 2891 891 2955 τινές
917 2893 1053 2944 εἰσιν
1070 2893 1117 2944 οἱ
1145 2893 1244 2962 τὴν
1278 2892 1386 2946 τῶν
1405 2892 1618 2963 φύσεων
1636 2895 1715 2959 είς
1742 2895 1908 2968 ἀλλή-

2000 1718 2323 1783 commistio,
2358 1718 2519 1774 ambo
2542 1718 2755 1773 simula
2802 1716 3005 1773 Iudaeis
3031 1720 3245 1773 detenta
3299 1727 3447 1784 sunt,
3520 1728 3576 1772 et
3692 1735 3703 1747 ·

2003 1812 2143 1867 Deus
2169 1810 2426 1876 Verbum,
2447 1819 2503 1865 et
2534 1811 2887 1866 humanitatis
2917 1819 3129 1865 natura.
3157 1808 3292 1876 Quis
3327 1825 3457 1866 vero
3488 1818 3576 1865 est

2001 1902 2200 1958 caedem
2231 1902 2465 1971 passus?
2485 1901 2663 1973 Cogor
2730 1901 3113 1959 humilioribus
3147 1902 3332 1957 verbis
3359 1901 3459 1965 uti,
3516 1908 3578 1955 ut

2000 1993 2250 2071 omnibus
2277 1993 2420 2061 quod
2477 1993 2705 2047 dicimus
2729 1993 3074 2063 perspicuum
3106 1991 3221 2047 flat.
3269 1991 3324 2046 ln
3386 2006 3575 2061 quem,

2001 2095 2224 2155 rogote,
2260 2084 2429 2153 ipsius
2458 2093 2623 2154 gestae
2653 2084 2737 2137 rei
2777 2082 2976 2137 cecidit
3008 2082 3184 2138 actio?
3236 2080 3293 2137 Si
3326 2083 3377 2136 in
3405 2083 3574 2151 ipsam

2003 2176 2296 2231 divinitatis
2354 2184 2622 2237 naturam,
2677 2174 2947 2244 quomodo
2995 2183 3289 2242 utrumque
3344 2173 3575 2229 commi-

2002 2281 2154 2323 scere
2183 2267 2385 2322 audes?
2412 2267 2469 2321 Si
2511 2266 2865 2321 mansitDeus
2899 2267 2969 2321 ita
3001 2274 3115 2320 uta
3168 2263 3367 2320 ludatis
3402 2265 3575 2319 teneri

2002 2373 2111 2414 non
2143 2364 2346 2427 posset,
2374 2367 2429 2413 et
2461 2358 2515 2412 in
2539 2358 2701 2413 caedis
2740 2357 3090 2427 perpessione
3140 2356 3337 2411 nullam
3390 2356 3578 2411 habuit

2002 2467 2124 2508 cum
2149 2467 2313 2507 carne
2327 2452 2662 2515 societatem,
2684 2447 3578 2520 undenam,rogo,commistioncm

2005 2543 2216 2600 inducis
2230 2542 2273 2615 τ]

2663 2764 2813 2820 CAP.
2848 2763 2941 2821 IV.

2081 2897 2139 2953 Si
2174 2898 2267 2969 qui
2310 2906 2434 2952 sunt
2465 2895 2555 2966 qui
2586 2904 2900 2951 naturarum
2938 2895 3138 2950 factum
3176 2894 3314 2949 inter
3346 2909 3407 2949 se
3444 2909 3577 2953 cou-

307 3000 413 3048 Αας
445 2985 724 3054 ἀνάχυσιν
744 2984 1070 3053 γεγενῆσθαι
1100 2984 1370 3053 λέγοντες,
1395 2987 1489 3040 καὶ
1507 2986 1598 3041 τὸν
1619 2988 1908 3058 ἀνέφικτον

2011 2989 2284 3046 fusionem
2323 2991 2525 3053 dicant,
2560 2988 2831 3057 Verbique
2880 2997 3131 3043 naturam
3183 2987 3581 3057 impossibilem

305 3078 627 3145 ὑπομεῖναι
676 3074 912 3145 φυρμὸν,
954 3075 1047 3128 καὶ
1086 3075 1184 3146 τὴν
1218 3078 1298 3140 είς
1332 3076 1510 3147 σάρκα
1543 3078 1750 3148 τροπὴν
1796 3097 1902 3133 πα-

305 3169 427 3221 θεῖν
468 3165 743 3220 δύνασθαι
792 3165 1176 3237 διατεινόμενοι
1225 3169 1326 3237 τὴν
1362 3168 1458 3221 τοῦ
1504 3168 1680 3237 Λόγου
1718 3170 1903 3239 φύσιν,

300 3259 488 3331 ἤγουν
519 3259 610 3321 εἰς
641 3256 870 3327 θεότητα
905 3258 1289 3329 μταχωρῆσαί
1327 3274 1458 3312 ποτε
1490 3260 1588 3330 τὴν
1620 3260 1907 3315 ὲνωθεῖσαν

302 3348 465 3418 αὑτῷ
522 3347 737 3417 σάρκα,
785 3348 1188 3420 διημαρτήκασι
1233 3349 1522 3419 τάληθοῦς,
1563 3352 1660 3403 καὶ
1712 3350 1908 3421 φρενὸς

300 3438 413 3502 ἔξω
459 3437 764 3507 γεγονότες
795 3436 982 3507 ὀρθῆς,
1021 3437 1219 3507 μᾶλλον
1257 3438 1313 3490 δὲ
1346 3437 1442 3509 τὴν
1484 3439 1709 3492 ἀπασῶν
1742 3439 1908 3508 ἐσχά-

296 3543 403 3596 την
433 3525 741 3588 νοσοῦντες
771 3525 1189 3597 ἐμϐροντησίαν,
1214 3526 1534 3581 ἀκούσονται
1555 3527 1691 3598 πρὸς
1717 3528 1871 3598 ἡμῶν
1890 3543 1905 3558 ο

302 3636 322 3669 ι
363 3617 680 3673 Πλανᾶσθε
718 3617 793 3687 μὴ
828 3617 1025 3679 ειδότες
1052 3617 1150 3678 τὰς
1178 3617 1418 3687 Γραφάς,
1453 3617 1708 3689 μηδὲητὴν
1750 3618 1908 3671 δύνα-

295 3726 399 3780 μιν
424 3709 537 3763 τοῦ
571 3706 740 3761 Θεοῦ.
782 3725 802 3757 ι
845 3707 1199 3779 Ἀκράδαντος
1226 3706 1336 3778 γὰρ
1377 3710 1411 3777 η
1442 3706 1536 3761 τοῦ
1565 3707 1702 3761 Θεοῦ
1734 3707 1907 3775 Λόγου

291 3800 499 3868 φύσις,
540 3799 649 3851 καὶ
693 3796 904 3868 τροπῆς
951 3797 1052 3850 οὐκ
1095 3792 1234 3850 οἶδεν
1285 3797 1641 3867 ἀποσκίασμα
1685 3796 1904 3851 παθεῖν’

291 3889 476 3959 σαρκὶ
507 3886 572 3940 δὲ
607 3874 711 3939 κᾶἱ
741 3884 931 3955 αἵματι
963 3885 1394 3955 κεκοινωνηκὼς,
1430 3886 1526 3938 καὶ
1559 3884 1910 3956 μετεσχηκὼς

286 3984 516 4055 ὁμοίως
538 3982 695 4052 ἡμῖν
720 3977 830 4032 τῶν
852 3977 1051 4043 αὐτῶν,
1077 3976 1221 4030 καθὰ
1247 3977 1577 4047 γέγραπται,
1606 3977 1910 4047 μεμένηκεν

286 4075 316 4128 6
337 4074 547 4135 αὑτός.
573 4073 645 4125 Εἰ
672 4069 733 4122 δὲ
764 4068 1007 4123 ἀπασοῦν
1031 4085 1117 4132 τις
1141 4067 1249 4121 τῶν
1275 4070 1386 4131 τοῖς
1417 4069 1578 4138 ίεροίς
1610 4067 1909 4139 ἐντεθραμ-

2007 3079 2330 3135 sustinuisse
2352 3081 2680 3143 mistionem,
2713 3089 2766 3134 et
2806 3080 2859 3133 in
2919 3093 3136 3133 carnem
3186 3079 3449 3133 demutari
3477 3097 3578 3150 po-

2009 3171 2176 3223 tuisse
2193 3169 2540 3235 contemlunt,
2574 3168 2653 3224 vel
2685 3170 2888 3223 unitam
2919 3168 2993 3222 illi
3026 3182 3245 3222 carnem
3281 3171 3493 3225 tandem
3527 3170 3582 3225 in

2008 3262 2341 3317 divinitatem
2422 3261 2703 3327 transisse,
2769 3260 2804 3315 ii
2858 3261 3115 3317 aberrant
3188 3274 3219 3314 a
3268 3274 3420 3323 vero,
3452 3269 3508 3315 et
3549 3275 3577 3313 a

2010 3364 2159 3409 recto
2199 3366 2356 3406 sensu
2407 3351 2566 3422 longe
2599 3351 2813 3417 remoti,
2864 3351 2974 3407 imo
3019 3365 3147 3404 vero
3209 3359 3451 3404 extrema
3486 3351 3582 3405 de-

2011 3442 2209 3496 mentia
2257 3441 2586 3516 laborantes,
2643 3443 2867 3497 audiant
2930 3457 2959 3494 a
3005 3441 3208 3496 nobis:
3273 3459 3292 3493 (
3332 3440 3570 3509 Erratis,

2009 3532 2311 3586 nescientes
2358 3530 2692 3599 Scripturas,
2765 3545 2938 3600 neque
2989 3531 3241 3586 virtutem
3303 3532 3396 3587 Dei
3434 3532 3502 3587 ⁸⁸.
3557 3551 3576 3585 ν

2010 3617 2330 3675 Inconcussa
2397 3628 2478 3675 est
2535 3620 2680 3675 enim
2738 3620 2828 3674 illa
2883 3619 2980 3676 Dei
3047 3618 3212 3677 Verbi
3269 3631 3482 3687 natura,
3527 3633 3582 3677 et

2010 3711 2397 3766 vicissitudinis
2438 3711 2908 3766 obumbrationem
2982 3713 3093 3782 pati
3146 3715 3322 3768 nescit
3371 3713 3455 3765 '9:
3486 3715 3585 3769 sed

2014 3801 2169 3872 133
2217 3817 2337 3857 cum
2395 3802 2542 3855 carni
2596 3810 2649 3854 et
2697 3803 2942 3871 sanguini
3000 3804 3486 3868 communicasset,
3529 3812 3587 3858 et

2010 3894 2322 3948 earumdem
2358 3893 2613 3946 similiter
2639 3906 2703 3945 ac
2735 3907 2832 3946 nos
2862 3893 3132 3961 particeps
3162 3904 3307 3948 esset
3334 3893 3579 3957 ell‘ectus,

2012 3992 2071 4036 ut
2099 3981 2358 4048 scriptum
2397 3981 2574 4043 est",
2617 3980 2815 4034 mansit
2850 3982 3014 4034 idem.
3063 3981 3214 4047 Quod
3257 3983 3305 4037 si
3354 3983 3587 4052 quisque

2011 4073 2066 4126 in
2096 4070 2267 4123 sacris
2312 4068 2531 4124 Litteris
2569 4068 2826 4124 educatus
2856 4069 3010 4125 nefas
3050 4080 3203 4141 putat
3236 4071 3321 4125 vel
3359 4073 3583 4129 auribus

288 4158 884 4234 μένωνΤράμμασιν
922 4157 1326 4228 ἀπηχθημένων
1356 4157 1465 4229 lla.
1500 4154 1908 4229 ἀπηχθημένον]

2014 4169 2220 4214 tantum
2265 4160 2531 4227 accipere,
2582 4161 2633 4214 in
2675 4160 2764 4215 illo
2822 4162 3107 4231 Unigenito
3165 4163 3328 4217 ullam
3379 4161 3578 4219 factam

284 4258 551 4309 ποιεῖται
568 4253 665 4319 τὸ,
694 4252 797 4305 κάν
826 4250 957 4320 γοῦν
972 4249 1203 4305 ἀκοῦσαι
1231 4250 1412 4318 μόνον,
1445 4250 1535 4302 ἐπὶ
1554 4248 1646 4303 τοῦ
1670 4251 1908 4318 Μονογε-

2013 4267 2135 4308 esse
2185 4253 2559 4317 mutationem,
2615 4269 2712 4308 cur
2765 4263 2871 4309 tam
2928 4266 3110 4326 turpes
3165 4258 3485 4322 sententias,
3527 4268 3582 4313 et

284 4346 424 4411 νοῦς
452 4342 807 4417 πεπρᾶχθαι
833 4319 932 4412 τὴν
949 4341 1177 4414 τροπὴν,
1208 4341 1347 4393 me
1365 4340 1535 4406 οὕτως
1564 4341 1787 4412 αἰσχρὰ,
1818 4341 1908 4394 καὶ

2017 4344 2177 4407 unico
2214 4344 2281 4396 ab
2320 4343 2573 4398 omnibus
2630 4344 2887 4416 suffragio
2933 4345 3218 4401 damnatas
3259 4356 3309 4401 et
3360 4348 3585 4404 omnino

286 4441 396 4510 μιᾷ
419 4440 495 4509 τῇ
542 4436 717 4507 ποιρά
739 4435 955 4487 πάντων
997 4434 1162 4504 ψήφῳ
1198 4432 1637 4502 κατεγνωσμένα,
1660 4434 1751 4486 καὶ
1776 4433 1908 4486 ἀπό-

2018 4433 2272 4503 rejectas,
2308 4443 2560 4504 tanquam
2608 4450 2763 4491 veras
2795 4452 2857 4491 ac
2904 4436 3140 4506 prolatas
3188 4439 3488 4507 accipiens,
3525 4440 3586 4493 il—

283 4528 479 4599 ϐλητα
512 4525 843 4589 παντελῶς,
874 4526 949 4588 ὡς
974 4525 1150 4595 ἀληθῆ
1191 4525 1285 4578 καὶ
1314 4525 1575 4595 εἰρημένα
1602 4514 1908 4595 δεχόμενος,

2016 4524 2128 4579 lum
2178 4526 2557 4594 impartibilem
2614 4527 2855 4582 dividere
2916 4529 3078 4579 etiam
3136 4537 3258 4597 post
3335 4527 3584 4584 unionem

282 4621 469 4691 πειρᾷ
497 4619 842 4687 διατέμνειν
869 4617 958 4669 τὸν
983 4617 1300 4688 ἀμέριστον,
1334 4615 1425 4668 καὶ
1454 4614 1611 4668 τοῦτο
1652 4616 1789 4685 μετὰ
1814 4616 1908 4687 τὴν

2019 4617 2277 4670 conaris?
2319 4616 2451 4670 Nam
2496 4618 2540 4671 si
2591 4632 2718 4671 vere
2771 4618 2983 4671 discere
3033 4619 3219 4686 cupias
3253 4621 3503 4688 quisnam
3555 4637 3584 4675 a

283 4711 538 4775 ἕνωσιν;
576 4710 653 4764 El
686 4700 887 4778 γὰρ’δὴ
921 4707 1061 4760 κατὰ
1088 4707 1346 4776 ἀλήθειαν
1372 4706 1512 4759 ἕλοιο
1545 4705 1732 4777 μαθεῖν
1757 4706 1841 4768 τίς
1888 4707 1908 4758 ἐ

2018 4705 2294 4773 proditore
2319 4703 2522 4761 ludat-is
2573 4709 2802 4761 traditus
2846 4706 3027 4773 fuerit,
3075 4718 3131 4763 et
3175 4710 3375 4765 eadem
3422 4712 3586 4767 susti-

284 4804 449 4872 παρά
493 4801 603 4854 τοῦ
647 4798 921 4870 προδότου
971 4801 1082 4862 τοῖς
1140 4800 1411 4862 Ἰουδαίοις
1467 4799 1908 4869 παραδιδόμενος,

2022 4794 2223 4858 nuerit,
2255 4793 2403 4849 clare
2433 4796 2655 4850 audies:
2683 4796 2776 4851 llle
2802 4811 2940 4852 unus
2969 4810 3022 4852 et
3053 4798 3201 4853 solus
3234 4797 3505 4866 Christus,
3532 4813 3586 4856 et

283 4895 385 4947 καὶ
417 4893 531 4961 τὴν
579 4887 821 4957 σφαγὴν
854 4888 1168 4958 ὑπομείνας,
1210 4888 1420 4961 ἀκούσῃ
1466 4890 1685 4957 σαφῶςο
1734 4890 1792 4942 '0
1833 4883 1908 4952 εἷς

2019 4884 2208 4949 Filius,
2241 4893 2295 4940 et
2327 4885 2606 4954 Dominus,
2644 4889 2748 4943 hoc
2784 4898 2904 4956 est,
2938 4890 3066 4944 illud
3110 4906 3174 4944 ex
3214 4891 3322 4944 Deo
3351 4890 3585 4944 Verbum

282 4985 387 5038 καὶ
423 4984 609 5054 μόνος
648 4978 919 5049 Χριστὸς,
952 4979 1046 5031 καὶ
1073 4978 1221 5041 Υἱὸς,
1256 4980 1350 5031 καὶ
1392 4978 1615 5049 Κύριος,
1645 4978 1913 5045 τουτέστι,

284 5075 519 5147 μορφὴν
547 5072 772 5126 δούλου
799 5068 977 5121 λαϐὼν
1009 5071 1036 5122 6
1068 5071 1131 5121 ἐκ
1166 5068 1301 5122 Θεοῦ
1334 5069 1524 5137 Λόγος,
1562 5069 1916 5140 ὲνανθρωπή-

285 5185 390 5232 σας
424 5185 492 5221 τε
548 5164 662 5218 καὶ
715 5161 1162 5229 σεσαρκωμένος.
1204 5161 1456 5231 Πέπρατο
1492 5161 1590 5230 μὲν
1619 5159 1727 5230 γὰρ
1767 5159 1918 5229 παρὰ

282 5256 384 5309 τοῦ
433 5253 743 5328 προδότου
781 5251 891 5311 τοῖς
946 5250 1213 5304 Ἰουδαίων
1258 5249 1625 5321 καθηγηταῖς·
1656 5249 1750 5302 καὶ
1787 5266 1919 5301 κατ-

284 5349 475 5420 είχετο
516 5346 633 5419 μὲν
684 5338 1075 5409 ἀνθρωπίνως,
1126 5341 1207 5392 ὅτι
1232 5341 1323 5394 καὶ
1359 5341 1646 5410 ἄνθρωπος
1676 5336 1743 5410 ἧν
1775 5338 1914 5409 μετά

282 5440 380 5493 τοῦ
412 5443 623 5512 μεῖναι
654 5431 840 5493 Θεός·
876 5430 1072 5500 ἤλεγχε
1098 5430 1153 5483 δὲ
1199 5430 1395 5495 θεῖκῶς
1421 5432 1530 5484 τῶν
1573 5430 1910 5500 κατεχόντων

2018 4974 2160 5043 quod
2190 4975 2332 5029 servi
2363 4976 2588 5031 formam
2638 4981 2867 5046 accepit,
2905 4990 2960 5033 et
2993 4981 3151 5034 homo
3182 4981 3377 5033 factum
3425 4988 3508 5033 est
3534 4990 3588 5033 et

2024 5065 2383 5121 incarnatum.
2413 5067 2674 5122 Venditus
2699 5082 2780 5124 est
2825 5072 2967 5124 enim
2998 5086 3027 5123 a
3058 5072 3331 5138 proditore
3360 5072 3589 5125 ducibus

2019 5155 2324 5211 Judasorum
2356 5168 2408 5212 et
2436 5160 2667 5213 humana
2705 5160 3008 5213 conditione
3037 5162 3320 5212 tenebatur
3345 5160 3584 5227 quidem,

2023 5263 2145 5301 nam
2173 5257 2227 5302 et
2257 5249 2416 5303 homo
2452 5262 2566 5304 erat
2607 5251 2677 5303 ita
2711 5260 2769 5303 ut
2807 5251 2962 5303 simul
2996 5259 3237 5302 maneret
3272 5249 3414 5302 Deus
3447 5267 3460 5303 :
3492 5253 3587 5305 sed

2024 5348 2198 5391 tamen
2229 5353 2292 5391 ex
2342 5341 2519 5392 divina
2563 5339 2874 5395 conditione
2913 5341 3158 5405 coarguit
3198 5354 3385 5393 eorum
3432 5340 3586 5393 inlir-

2020 5428 2259 5482 mitatem
2293 5443 2321 5481 a
2372 5430 2565 5496 quibus
2618 5429 2918 5481 tenebatur.
2971 5428 3135 5496 quue
3184 5429 3337 5484 nobis
3377 5430 3586 5501 perspi-

360 5616 409 5650 ⁸⁸
431 5612 654 5668 Matth.
708 5617 862 5666 χιιι,
893 5603 981 5667 29,
1056 5604 1099 5636 "
1127 5603 1242 5658 .lac.
1278 5622 1314 5668 ι,
1348 5605 1433 5658 l7.
1511 5606 1556 5636 ⁷ο
1595 5604 1757 5659 llebr.
1789 5620 1849 5664 ιι,
1896 5603 1979 5656 Η.
