4014 6128
445 275 544 335 εει

1471 272 1528 322 S.
1571 267 1846 322 CYllILLl
1889 266 2354 322 ALEXANDRINI
2395 266 2712 321 ARCHIEP.

3586 260 3692 326 25!

448 405 606 446 cuum
643 389 770 442 facit
817 389 1007 443 beatus
1035 387 1368 458 evangelista
1399 385 1634 440 Joannes
1665 385 1758 454 qui
1794 387 1847 438 in
1884 387 2026 439 hunc

2136 385 2288 438 αὑτὸν
2335 386 2435 456 τὴν
2485 385 2785 438 ἀσθένειαν.
2844 381 2951 436 Καὶ
2993 381 3151 434 τοῦτο
3200 381 3331 451 ἡμῖν
3379 381 3699 452 καθίστησιν

447 483 664 536 nitidum
709 481 966 548 scripsit:
1008 499 1029 532 ι
1061 478 1228 534 Judas
1268 495 1397 548 ergo
1424 494 1546 532 cum
1590 476 1889 545 accepisset
1930 489 2020 528 co-

448 575 683 633 hortem.
724 582 778 627 et
829 587 857 624 a
907 572 1253 640 pontiﬁcibus
1297 581 1348 624 et
1394 569 1680 622 Phariszeis
1724 567 2022 632 ministros,

449 666 596 719 venit
633 664 760 716 illuc
789 677 911 716 cum
943 662 1166 716 laternis
1215 669 1268 714 et
1315 659 1521 714 facibus
1554 670 1606 713 et
1641 661 1828 713 armis.
1871 658 2026 712 Jesns

449 767 579 822 ergo
623 754 800 806 sciens
831 751 1009 804 omnia
1042 764 1160 818 qua:
1201 758 1618 802 ventura-erant
1671 764 1833 817 super
1869 763 2023 813 eum,

450 845 713 911 processit
759 851 813 895 et
852 841 988 893 dixit
1031 841 1149 894 eis:
1195 838 1368 905 Quem
1408 840 1691 909 quaeritis?
1737 839 2027 908 respoade-

453 942 578 985 runt
611 932 660 984 ei
695 946 708 980 :
741 929 923 984 Jesum
973 927 1334 984 Nazarenam.
1384 928 1526 983 Dicit
1564 931 1642 984 eis
1672 928 1865 984 Jesus:
1915 929 2027 999 Ego

452 1038 593 1075 sunt.
631 1020 820 1076 Stabat
854 1030 908 1076 et
936 1019 1105 1075 Judas
1137 1021 1227 1089 qui
1263 1023 1509 1075 tradebat
1539 1037 1682 1085 enm,
1725 1035 1844 1074 cum
1871 1022 2023 1090 ipsis.

447 1111 524 1166 Ut
549 1127 676 1180 ergo
713 1113 851 1166 dixit
880 1113 981 1174 eis,
1019 1111 1126 1179 Ego
1162 1127 1301 1176 sum,
1340 1114 1589 1165 abierunt
1622 1123 1939 1176 retrorsum,
1975 1121 2029 1165 et

453 1203 765 1256 ceciderunt
797 1202 850 1256 in
892 1212 1094 1256 terram
1118 1201 1184 1264 τί,
1225 1220 1243 1252 ι
1273 1203 1442 1255 Audis
1475 1211 1533 1255 ut
1571 1202 1822 1256 collectos
1853 1217 1882 1254 a
1913 1215 2030 1270 pro-

454 1293 627 1346 ditore
677 1292 876 1346 milites
911 1293 1174 1347 adversus
1217 1307 1367 1344 suam
1421 1292 1646 1359 gloriam
1693 1292 1874 1346 extolli
1922 1307 2027 1345 non

453 1385 618 1438 sinat.
649 1383 780 1436 Nam
813 1398 870 1438 se
905 1385 1076 1452 ipsum
1105 1383 1318 1445 obtulit,
1349 1384 1534 1436 dicens
1567 1400 1580 1434 :
1621 1401 1637 1432 ι
1683 1383 1790 1452 Ego
1821 1398 1970 1447 sum;
2005 1401 2022 1432 ι

456 1475 534 1528 illi
567 1489 694 1528 vero
727 1476 793 1528 ad
827 1475 995 1528 solam
1036 1475 1151 1542 ejus
1187 1490 1372 1530 vocem
1419 1475 1603 1528 fractis
1641 1476 1846 1528 viribus
1876 1476 2028 1528 abie-

456 1578 582 1619 runt
625 1578 946 1620 retrorsum.
987 1566 1102 1620 Non
1151 1566 1316 1620 fuisse
1360 1579 1538 1619 autem
1591 1581 1774 1619 eorum
1825 1566 2029 1620 viribus

455 1656 706 1711 eﬂ'ectnm
734 1668 794 1711 ut
823 1672 946 1710 eum
977 1667 1241 1720 tenerent,
1281 1663 1373 1711 sed
1404 1673 1526 1711 cum
1562 1664 1770 1724 tempus
1803 1665 1857 1708 et
1891 1671 2026 1725 Opus

2122 476 2349 546 ἐναργὲς
2398 479 2426 529 6
2474 475 2760 538 θεσπέσιος
2825 473 3215 542 εύαγγελιστὴς
3283 472 3554 541 Ἰωάννης,
3604 473 3703 526 ὡδὶ

2123 565 2414 636 γεγραφώς
2438 583 2451 595 ·
2494 581 2511 616 ι
2561 567 2618 618 '0
2644 561 2736 618 οὖν
2768 563 2966 626 Ἰούδας
2988 563 3168 615 λαϐὼν
3194 561 3292 632 τὴν
3326 563 3575 632 σπεῖραν,
3607 564 3704 615 καὶ

2126 659 2190 709 ὲκ
2214 656 2322 708 τῶν
2351 656 2673 726 ἀρχιερέων,
2711 657 2804 708 καὶ
2843 658 2906 710 ὲκ
2932 653 3039 707 τῶν
3065 654 3371 724 Φαρισαίων
3398 653 3700 724 ὑπηρέτας,

2127 747 2347 817 ἔρχεται
2375 729 2493 799 ἐκεῖ
2528 747 2666 816 μετὰ
2695 746 2879 814 φανῶν
2915 745 3006 797 καὶ
3035 743 3334 813 λαμπάδων
3370 743 3463 796 καὶ
3501 744 3701 796 ὃπλωνι

2139 835 2349 906 Ἰησοῦς
2377 834 2600 897 δὲείὸὼς
2622 836 2799 887 πάντα
2830 835 2900 886 τὰ
2933 833 3203 904 ἐρχόμενα
3257 834 3342 886 ἐπ’
3393 833 3576 896 αὐτὸν,
3613 835 3704 898 εξ-

2125 922 2472 984 ελθῶν,εῐπεν
2487 927 2685 989 αὐτοῖς·
2706 925 2837 978 Τίνα
2858 925 3069 996 ζητεῖτε
3085 942 3100 990 ;
3119 925 3523 996 Ἀπεκρίθησαν
3535 926 3704 994 αὐτῷ·

2141 1019 2345 1089 Ἰησοῦν
2367 1020 2456 1071 τὸν
2481 1018 2818 1089 Ναζωραῖον.
2845 1020 3006 1086 Λέγει
3038 1020 3232 1079 αὐτοῖς
3256 1019 3284 1070 6
3303 1018 3529 1088 Ἰησοῦςο
3561 1017 3706 1085 Ἐγὼ

2127 1111 2260 1179 εἰμι.
2299 1111 2556 1179 Είστήκει
2599 1109 2692 1161 καὶ
2739 1107 2934 1170 Ἰούδας
2967 1111 2994 1160 6
3038 1107 3360 1176 παραδιδοὺς
3386 1106 3548 1161 αὑτὸν
3586 1107 3704 1174 μετ’

2126 1198 2328 1253 αὐτῶν.
2363 1199 2448 1261 Ὠς
2482 1194 2575 1251 οὗν
2604 1193 2756 1250 εἶπεν
2783 1197 2987 1261 αὐτοῖς,
3014 1196 3094 1248 ὅτι
3119 1194 3262 1264 Ἐγώ
3293 1199 3428 1266 εἰμι,
3462 1195 3706 1266 ἀπῆλθον

2127 1291 2206 1350 είς
2239 1287 2305 1340 τὰ
2356 1288 2548 1351 ὀπίσω,
2593 1288 2686 1340 καὶ
2723 1286 2919 1339 ἔπεσον
2962 1286 3153 1356 χαμαί.
3197 1307 3216 1339 ι
3264 1286 3523 1350 Ἀκούεις,
3554 1287 3704 1348 ὅπως

2129 1379 2660 1449 κατασοϐαρεύεσθαι
2717 1378 2812 1447 μὲν
2857 1376 2958 1446 τῆς
3001 1369 3132 1448 παρ’
3185 1376 3334 1446 αὐτῷ
3383 1376 3562 1447 δόξης,
3600 1378 3706 1430 οὐκ.

2129 1471 2192 1538 ἐᾷ
2217 1470 2339 1532 τοὺς
2367 1469 2515 1541 παρὰ
2542 1469 2634 1522 τοῦ
2667 1467 2928 1536 προδότου
2961 1467 3404 1535 συνειλεγμένους
3429 1483 3442 1496 ·
3475 1484 3708 1539 προσκε-

2130 1559 2324 1625 κόμικε
2377 1559 2474 1626 μὲν
2521 1558 2627 1628 γὰρ
2659 1556 2870 1621 ἑαυτὸν,
2907 1556 2988 1621 τὸ,
3025 1573 3044 1607 ι
3097 1555 3236 1623 Ἐγώ
3265 1557 3379 1624 είμι
3426 1574 3445 1606 ι
3490 1555 3702 1623 λέγων·

2131 1649 2179 1699 οί
2205 1647 2260 1698 δὲ
2290 1647 2382 1699 καὶ
2418 1647 2553 1716 πρὸς
2584 1647 2749 1717 μόνην
2779 1647 3136 1716 ἁτονήσαντες
3168 1645 3266 1715 τὴν
3293 1646 3494 1717 φωνὴν,
3529 1647 3706 1717 ἀπῖχλά

459 1746 562 1800 fuit
589 1757 816 1801 mortem
848 1756 1040 1816 sponte
1071 1763 1167 1815 pro
1208 1748 1367 1802 nobis
1403 1746 1707 1810 admisisse,
1739 1745 2029 1800 conﬁrma-

2136 1737 2220 1788 θον
2257 1738 2335 1799 εἰς
2378 1735 2446 1788 τὰ
2474 1737 2668 1790 ὀπίσω.
2711 1755 2728 1786 ι
2767 1737 2887 1788 Ὅτι
2926 1736 2983 1788 δὲ
3015 1735 3136 1804 οὐχὶ
3172 1736 3270 1804 τῆς
3303 1737 3480 1790 αὐτῶν
3523 1739 3708 1808 ίσχύος

457 1834 537 1888 vit
574 1835 802 1888 dicens:
864 1852 883 1885 ι
924 1834 1206 1904 Tanquam
1254 1835 1318 1888 ad
1366 1833 1626 1886 latronem
1673 1832 1862 1885 existis
1906 1845 2030 1884 cum

458 1914 650 1993 gladiis
689 1933 744 1979 et
810 1923 1045 1979 fustibus
1091 1923 1546 1993 comprehendere
1595 1936 1725 1975 me:
1795 1920 2033 1988 quotidie

461 2017 514 2069 itt
546 2015 742 2085 templo
795 2016 1043 2069 sedebam
1090 2015 1313 2074 docens,
1359 2024 1412 2066 et
1462 2028 1564 2065 non
1624 2028 1708 2065 tne
1760 2011 2029 2086 tenuistis.

464 2106 574 2161 Hoc
607 2116 782 2161 autem
819 2116 989 2161 totum
1030 2105 1229 2160 factum
1273 2115 1444 2159 estut
1492 2103 1843 2173 implerentur
1885 2099 2034 2157 Scri-

459 2206 632 2264 ptura:
661 2198 1043 2266 prophetarum
1071 2198 1136 2248 ".
1178 2215 1196 2247 ι
1238 2196 1388 2262 Quod
1414 2195 1554 2248 enim
1607 2193 1728 2247 olim
1768 2194 2032 2263 praedixe-

466 2298 548 2340 rat
581 2301 673 2355 per
704 2287 999 2355 pr0phetas
1030 2296 1246 2340 sanctos
1269 2325 1284 2350 ,
1321 2288 1420 2339 hoc
1455 2284 1692 2352 implevit
1725 2297 1844 2336 cum
1876 2295 1933 2336 se
1967 2281 2032 2335 ad

462 2376 880 2428 exinanitionetn
912 2375 1106 2444 dcjecit
1138 2375 1225 2428 ille
1249 2375 1338 2442 qui
1382 2387 1544 2443 supra
1573 2387 1785 2426 onmem
1823 2379 2034 2424 creatu-

467 2483 580 2520 ram
617 2476 756 2526 erat,
793 2475 846 2520 et
879 2467 1065 2519 habitu
1100 2466 1348 2518 inventus
1383 2474 1466 2518 est
1500 2471 1556 2516 ut
1601 2463 1781 2528 homo,
1810 2461 1898 2515 ille
1942 2459 2033 2528 qui

466 2558 519 2611 in
549 2557 718 2610 fet'tna
749 2566 870 2609 erat
897 2566 950 2608 et
985 2555 1292 2623 aequalitate
1321 2552 1498 2606 Patris
1519 2552 1584 2606 ⁷³.
1616 2549 1727 2605 Cur
1754 2563 1882 2620 ergo
1910 2551 2036 2604 sitn-

468 2647 748 2716 pliciorutn
785 2644 942 2716 134
979 2646 1200 2698 auribus
1226 2643 1495 2697 mistionis
1529 2656 1723 2696 nomen
1746 2640 2036 2698 obtrudere

468 2736 714 2798 moliens,
768 2717 1084 2788 miraculum
1142 2732 1313 2786 violas
1371 2732 1513 2787 illius
1553 2747 1672 2786 cum
1709 2746 1871 2786 carne
1917 2731 2029 2786 dis—

470 2826 840 2896 pensationis?
884 2842 1058 2894 neque
1105 2825 1248 2878 enim
1293 2825 1480 2878 attinet
1513 2825 1706 2877 acerbe
1751 2833 1806 2876 et
1849 2837 2037 2891 aspere

469 2920 521 2974 in
574 2919 804 2974 medium
859 2918 1239 2986 irrumpentent
1317 2915 1518 2977 dicere,
1557 2913 1696 2968 Num
1729 2913 1898 2983 ipsum
1945 2913 2036 2966 Dei

473 3011 702 3066 Verbum
741 3011 1016 3064 detentum
1052 3007 1176 3061 est?
1224 3023 1348 3060 nunt
1394 3005 1592 3059 cmdem
1624 3019 1875 3072 perpessa
1920 3005 2033 3072 ipsa

468 3100 766 3154 divinitatis
791 3097 1023 3151 natura?
1060 3097 1343 3148 Enimvero
1392 3108 1494 3146 non
1525 3109 1589 3146 ex
1622 3093 1788 3146 nimia
1823 3093 2036 3161 imperi-

469 3193 542 3245 tia
568 3202 617 3245 te
653 3192 765 3244 haec
800 3189 1004 3253 dicere,
1030 3187 1156 3239 hinc
1181 3185 1376 3250 disces,
1441 3185 1732 3252 etquidem
1761 3181 2032 3238 facillime.

469 3281 881 3334 Consnmtnatos
908 3290 1028 3330 esse
1059 3276 1286 3328 dicimus
1318 3284 1533 3327 sanctos
1563 3284 1845 3344 martyres,
1882 3289 2038 3343 para-

474 3383 556 3427 tos
581 3371 758 3424 omnia
802 3370 978 3438 potius
1029 3368 1254 3437 perpeti,
1288 3379 1344 3421 nt
1383 3370 1580 3422 bonum
1611 3377 1882 3422 certamen
1917 3382 2036 3422 cer-

473 3472 679 3525 tantes,
725 3475 940 3513 cursum
996 3467 1470 3520 oonsutnmantes,
1531 3458 1689 3510 (idem
1731 3465 2034 3519 servantes.

471 3556 702 3609 debitam
755 3555 978 3607 sincera:
1035 3554 1085 3605 in
1137 3551 1413 3605 Christum
1459 3550 1731 3605 dilectioni
1781 3565 2034 3604 coronam

470 3656 928 3713 consequerentur
958 3645 1022 3696 ".
1060 3643 1113 3696 Si
1143 3644 1264 3710 quis
1292 3643 1452 3710 igitur
1487 3643 1708 3711 prodeat
1745 3653 1797 3696 et
1837 3650 1988 3712 roget
2021 3657 2035 3694 :

471 3737 604 3790 Cum
653 3747 960 3789 sanctorum
1021 3745 1244 3801 corpora
1301 3733 1442 3786 ferro
1495 3733 1890 3797 lacerabantur,
1947 3741 2041 3786 aut

470 3826 926 3879 consumebantur
960 3825 1088 3892 igni,
1122 3833 1217 3875 aut
1253 3839 1372 3876 cum
1410 3823 1642 3891 primttm
1690 3823 2041 3877 tradebantur

472 3919 842 3980 incarcerem,
886 3932 1010 3968 num
1051 3914 1210 3968 simul
1240 3900 1381 3968 cum
1423 3913 1737 3981 corporibus
1770 3913 2040 3967 constrin-

472 4010 736 4078 gebantur
788 4007 1027 4061 animae?
1077 4021 1200 4060 nutu
1250 4007 1413 4059 etiam
1467 4005 1568 4058 illa:
1619 4005 1728 4074 igni
1784 4020 1845 4058 ac
1895 4003 2040 4058 ferro

471 4100 938 4154 conﬁciebantur?
1000 4111 1148 4152 certe
1200 4099 1432 4152 dicimus
1478 4112 1571 4151 eas
1629 4113 1659 4151 a
1721 4096 2040 4165 corporibus

470 4193 673 4245 alienas
718 4191 907 4255 fuisse,
959 4205 1082 4244 cum
1129 4191 1263 4243 nihil
1311 4189 1575 4258 ejusmodi
1636 4189 1950 4258 injuriarnnt
1987 4189 2040 4241 in

469 4301 622 4341 suam
655 4285 990 4353 susciperent
1036 4282 1460 4336 naturam.Num
1495 4283 1675 4349 igitur,
1705 4295 1908 4349 qumso,
1942 4283 2041 4335 hac

2131 1829 2290 1900 ἔργον
2318 1825 2385 1899 ἦν
2409 1830 2469 1882 τὸ
2517 1832 2811 1899 κατασχεῖν
2841 1829 3021 1895 αὑτὸν,
3052 1829 3167 1882 ἀλλ’
3197 1830 3273 1893 ὡς
3317 1832 3376 1882 ὲν
3402 1833 3578 1904 καιρῷ
3609 1833 3708 1885 καὶ

2131 1920 2290 1990 χρείᾳ
2320 1920 2412 1974 τὸν
2445 1919 2585 1989 ὑπὲρ
2623 1919 2777 1990 ἡμῶν
2823 1919 3050 1974 θάνατον
3078 1921 3314 1973 ἐποιεῖτο
3344 1922 3704 1992 παραδεκτὺν,

2131 2009 2589 2082 πεπληροφόρηκε
2619 2010 2824 2078 λέγων·
2872 2030 2889 2062 ι
2948 2011 3036 2075 Ὠς
3084 2013 3177 2063 ἐπὶ
3218 2011 3418 2084 λῃστὴν
3452 2011 3706 2082 ἐξήλθετε

2135 2099 2272 2170 μετὰ
2306 2099 2588 2170 μαχαιρῶν
2633 2101 2727 2154 καὶ
2760 2101 2930 2164 ξύλων
2961 2100 3238 2155 συλλαϐεῖν
3271 2117 3372 2171 με·
3418 2101 3540 2155 καθ’
3568 2104 3709 2172 ἡμέ-

2136 2204 2232 2258 ραν
2264 2190 2319 2240 ὲν
2355 2188 2430 2258 τῷ
2459 2188 2587 2260 ἱερῷ
2615 2189 2953 2262 ἐκαθεζόμην
2977 2189 3259 2257 διδάσκων,
3291 2193 3385 2244 καὶ
3414 2192 3512 2244 ούκ
3541 2193 3708 2262 ἔκρα-

2132 2280 2330 2350 τήσατέ
2369 2297 2456 2350 με.
2510 2281 2680 2334 Τοῦτο
2717 2281 2774 2334 δὲ
2814 2283 2932 2335 ὅλον
2966 2283 3185 2351 γέγονεν
3217 2283 3303 2336 ἵνα
3345 2283 3706 2353 πληρωθῶσιν

2133 2372 2188 2422 αἱ
2232 2371 2444 2442 Γραφαὶ
2480 2372 2588 2425 τῶν
2639 2375 2948 2444 προφητῶν.
2987 2395 3004 2426 ι
3051 2377 3117 2428 Ὃ
3162 2375 3290 2443 γὰρ.
3308 2375 3473 2428 πάλαι
3521 2377 3706 2446 προεί-

2137 2477 2268 2530 ρηκε
2307 2460 2392 2514 διὰ
2422 2464 2714 2534 προφητῶν
2749 2465 2936 2533 ἁγίων,
2971 2465 3129 2518 τοῦτο
3156 2466 3486 2537 πεπλήρωκε
3517 2466 3705 2529 καθεὶς

2133 2550 2321 2603 ἑαυτὸν
2372 2553 2451 2613 είς
2495 2552 2724 2606 κένωσιν
2772 2556 2800 2606 6
2847 2555 2986 2624 ὑπὲρ
3023 2557 3200 2608 πᾶσαν
3233 2558 3332 2626 τὴν
3367 2554 3562 2620 κτίσιν,
3611 2556 3705 2608 καὶ

2138 2643 2377 2711 σχήματι
2428 2643 2670 2713 εὑρεθεὶς
2720 2645 2795 2709 ὼς
2845 2645 3148 2716 ἄνθρωπος,
3197 2650 3224 2700 6
3262 2649 3317 2700 ὲν
3371 2651 3554 2719 μορφῇ
3612 2648 3706 2699 καὶ

2139 2731 2344 2801 ίσότητι
2404 2731 2497 2784 τοῦ
2539 2733 2771 2804 Πατρός.
2858 2735 3104 2788 Ἀνθότου
3165 2736 3228 2807 δὴ
3281 2733 3373 2790 οὖν
3426 2739 3545 2800 ταῖς
3595 2736 3704 2790 τῶν

2135 2822 2518 2893 ἁπλουστέρων
2542 2823 2754 2888 ἀκοαῖς,
2789 2826 2849 2878 τὸ
2881 2828 2978 2896 τῆς
3010 2828 3258 2899 κράσεως
3286 2828 3453 2898 ὄνομα
3481 2845 3706 2900 παρεισδ

2139 2913 2343 2982 κρίνειν
2399 2915 2730 2986 ἐπιχειρῶν,
2787 2917 2886 2988 τῆς
2945 2920 3080 2988 μετά
3133 2920 3332 2988 σαρκὸς
3400 2921 3708 2989 οἰκονομίας

2138 3005 2340 3066 ἀδικεῖς
2383 3005 2443 3058 τὸ
2485 3006 2702 3078 θαῦμα;
2743 3010 2800 3061 οὐ
2835 3010 2942 3080 γάρ
2973 3027 3053 3062 τοι
3103 3013 3368 3081 προσήκει
3403 3013 3612 3081 πικρῶς
3647 3029 3708 3066 τε

2139 3097 2234 3149 καὶ
2267 3098 2489 3167 ἀπηνῶς
2523 3099 2602 3162 είς
2647 3103 2809 3170 μέσον
2850 3104 2984 3154 ίέναι
3033 3102 3293 3170 λέγοντα’
3327 3097 3474 3174 1rApa
3517 3103 3546 3154 ὁ
3575 3105 3708 3167 Θεὸς

2137 3187 2306 3255 Λόγος
2335 3189 2633 3259 κατεσχέθη
2660 3207 2674 3256 ;
2708 3187 2817 3257 ἆρα
2847 3192 2945 3260 τὴν
2977 3191 3193 3262 σφαγὴν
3226 3191 3518 3262 ὑπέμεινεν
3546 3195 3580 3264 ή
3609 3195 3710 3265 τῆς

2138 3275 2390 3346 θεότητος
2439 3279 2633 3347 φύσις;
2688 3281 2810 3333 Ὅτι
2869 3281 2969 3334 οὐκ
3023 3280 3132 3352 [τσ.
3167 3282 3288 3335 Ὅτι
3337 3281 3417 3354 δὲ]
3453 3283 3512 3349 ἐξ
3547 3285 3709 3356 ἀκρι-
3772 3267 3778 3278 Ἰ

2138 3365 2264 3429 ϐοῦς
2297 3367 2534 3437 ἀμαθίας
2568 3369 2634 3423 τὰ
2666 3371 2841 3423 τοιάδε
2879 3372 3006 3441 φὴς,
3042 3373 3289 3426 ἐντεῦθεν
3324 3373 3445 3444 εἴσῃ
3481 3391 3564 3427 τοι
3613 3377 3710 3430 καὶ

2142 3455 2286 3524 μάλα
2305 3457 2519 3527 ῥᾳδίως.
2554 3458 2944 3513 Τετελειῶσθαί
2977 3479 3155 3530 φαμεν
3183 3465 3308 3526 τοὺς
3336 3464 3530 3532 ἁγίους
3560 3466 3712 3535 papa»

2138 3562 2341 3616 τυρας,
2406 3549 2580 3602 πάντα
2633 3550 2822 3604 παθεῖν
2871 3553 3196 3622 ἑλομένους,
3253 3555 3340 3608 ἵνα
3391 3556 3481 3608 τὸν
3545 3558 3712 3611 καλὸν

2140 3637 2326 3705 ἀγῶνα
2370 3639 2788 3709 ἀγωνισάμενοι,
2838 3642 2929 3695 τὸν
2981 3644 3179 3714 δρόμον
3221 3645 3557 3711 τελέσαντες,
3611 3647 3713 3716 τὴν

2140 3730 2319 3783 πίστιν
2342 3734 2699 3802 τηρήσαντες,
2731 3735 2823 3787 τὸν
2852 3736 2951 3804 τῆς
2985 3739 3065 3800 είς
3103 3738 3334 3808 Χριστὸν
3357 3741 3711 3810 γνησιότητος

2140 3821 2507 3893 ἀναδήσωνται
2540 3824 2818 3894 στέφανον.
2856 3823 2980 3898 Ἆρ’
3013 3824 3105 3882 οὖν
3138 3829 3192 3882 εἴ
3219 3847 3302 3893 τις
3335 3829 3510 3902 ἔροιτο
3539 3848 3713 3902 προσο

2145 3912 2238 3968 ιών
2265 3932 2280 3946 ο
2317 3917 2444 3969 Ὅτε
2490 3917 2558 3969 τὰ
2605 3918 2712 3970 τῶν
2760 3918 2930 3986 ἁγίων
2965 3921 3191 3991 σώματα
3225 3910 3425 3994 σιδήρῳ
3460 3924 3712 3990 κατεξαί-

2141 4022 2310 4070 νοντο,
2347 4007 2514 4076 ἡγουν
2555 4007 2916 4078 δεδαπάνηντο
2949 4014 3099 4081 πυρὶ,
3143 4011 3175 4081 ἢ
3211 4014 3302 4064 καὶ
3340 4014 3421 4065 ὅτι
3457 4011 3568 4084 [Ζσ.
3598 4013 3710 4086 ὅτε]

2141 4100 2237 4169 τὴν
2281 4099 2454 4169 ἀρχὴν
2504 4099 2775 4169 δεσμῶται
2819 4102 3124 4169 γεγόνασιν,
3170 4098 3280 4172 ἆρα
3330 4106 3442 4165 τοῖς
3494 4109 3712 4174 σώμασι

2144 4189 2644 4260 συγκατείρχθησαν
2677 4193 2730 4242 ai
2769 4191 2970 4260 ψυχαί;
3004 4189 3113 4262 ἆρα
3141 4194 3393 4261 γεγόνασι
3429 4197 3524 4247 καὶ
3554 4192 3712 4249 αὗται

2145 4280 2310 4349 πυρὸς
2340 4279 2496 4348 ἔργον
2530 4282 2623 4333 καὶ
2656 4281 2871 4349 ξίφους;
2916 4285 3091 4336 καίτοι
3125 4286 3301 4370 φαμὲν
3333 4287 3502 4349 αὐτὰς
3537 4288 3712 4340 ἁπαλά

471 4380 535 4431 de
562 4391 721 4429 causa
761 4385 1009 4441 expertes
1041 4383 1202 4424 erunt
1224 4385 1564 4432 coronarunt,
1597 4371 1720 4435 quia
1748 4384 2033 4438 corporum

2141 4371 2429 4424 λάττεσθαι
2461 4373 2570 4424 τῶν
2602 4375 2886 4444 σωμάτων,
2913 4376 3021 4428 τῶν
3050 4376 3305 4429 τοιούτων
3334 4379 3526 4430 αἰκιῶν
3561 4379 3712 4432 οὐδὲν

470 4470 730 4538 supplicia
764 4481 869 4521 acu
907 4476 1034 4518 sunt
1060 4462 1372 4533 perpessae?
1401 4461 1562 4529 Atqui
1594 4462 1901 4530 praedicatio
1937 4477 2024 4515 ve-

474 4563 649 4615 ritatis
681 4575 784 4613 non
822 4573 919 4612 eas
949 4556 1185 4610 excludit
1229 4570 1258 4608 a
1291 4554 1558 4623 passione,
1590 4567 1713 4606 cum
1757 4568 1851 4607 sua
1889 4555 2036 4622 ipso-

473 4669 590 4704 rum
628 4665 852 4717 corpora
884 4651 993 4700 sint
1030 4662 1209 4714 passa,
1245 4661 1348 4700 non
1392 4645 1640 4698 aliorum.
1697 4643 1928 4697 Stultum
1960 4654 2041 4698 est

476 4733 638 4804 igitur
676 4735 912 4788 Studiose
955 4733 1286 4801 percontari,
1323 4747 1449 4786 num
1501 4730 1803 4784 divinitatis
1847 4740 2038 4784 natura

476 4840 576 4876 una
607 4839 726 4876 cum
765 4837 927 4875 carne
967 4822 1042 4876 sit
1080 4823 1299 4886 tradita,
1331 4829 1424 4875 aut
1456 4823 1633 4876 vincta
1673 4821 1899 4877 nexibus
1943 4819 2039 4875 Ju-

474 4918 732 4980 da-orum,
781 4925 874 4967 aut
915 4916 1114 4967 caedem
1163 4912 1331 4982 ipsam
1378 4927 1679 4980 perpessa:
1715 4911 1808 4966 sed
1856 4913 2040 4981 pietati

475 5009 652 5077 potius
701 5011 956 5061 convenit
999 5004 1270 5074 cogitare,
1319 5003 1552 5059 Verbum
1610 5007 1783 5074 ipsum
1821 5006 2043 5060 omnino

472 5101 576 5155 sibi
603 5101 816 5168 quidem
872 5110 1124 5166 tanquam
1174 5096 1416 5166 proprias
1456 5096 1731 5150 vindicare
1765 5097 2043 5166 passiones

473 5207 592 5260 qua:
627 5192 774 5244 carni
815 5191 1146 5254 acciderunt,
1177 5189 1271 5242 sed
1313 5187 1573 5241 mansisse
1619 5197 1797 5241 tamen
1841 5189 2041 5258 impas-

473 5284 626 5337 sibile
660 5294 912 5351 tanquam
952 5285 1139 5348 Deum,
1183 5291 1432 5335 caeterum
1474 5281 1611 5333 haud
1659 5283 1775 5334 sine
1806 5282 2042 5350 patiente

475 5387 718 5439 corpore.
750 5373 846 5429 Hie
879 5390 1004 5429 vero
1045 5375 1208 5428 rebus
1262 5382 1412 5424 tanta
1463 5388 1582 5424 cntn
1638 5371 2040 5440 dispensatione

476 5464 657 5531 gestis,
715 5467 1065 5521 absurditatis
1131 5466 1337 5520 crimen
1394 5463 1656 5524 inurens,
1712 5471 1764 5514 et
1821 5477 2036 5515 sursqu

2138 4467 2216 4527 εἰς
2265 4464 2399 4518 ἰδίαν
2449 4465 2823 4535 ὑπομενούσας
2859 4467 3039 4535 φύσιν.
3088 4464 3224 4538 'Ap’.
3258 4465 3373 4535 οὖν,
3425 4469 3548 4521 είπέ
3598 4487 3709 4538 μοι,

2139 4552 2341 4621 ταύτης
2391 4553 2552 4608 ἕνεκα
2597 4556 2695 4626 τῆς
2743 4555 2918 4619 αἰτίας
2968 4556 3222 4626 ἀμέτοχοι
3269 4558 3378 4609 τῶν
3431 4559 3708 4624 στεφάνων

2140 4644 2248 4698 εἷεν
2297 4645 2380 4710 ἂν,
2414 4646 2495 4698 ὅτι
2545 4646 2618 4717 μὴ
2671 4648 2968 4721 πεπόνθασι
3009 4649 3076 4701 τὰ
3107 4650 3334 4718 σώματα
3365 4649 3474 4719 [Ian
3521 4650 3706 4718 σώμα-

2139 4734 2284 4806 τος];
2328 4735 2466 4787 Ἀλλ’
2493 4737 2520 4788 ὅ
2550 4751 2612 4804 γε
2639 4737 2737 4806 τῆς
2761 4737 3016 4805 ἀληθείας
3040 4738 3214 4806 λόγος,
3245 4739 3341 4790 οὐκ
3375 4737 3479 4804 ἔξω
3525 4739 3708 4806 τίθησι

2140 4824 2234 4876 τοῦ
2267 4823 2456 4877 παθεῖν
2505 4825 2700 4886 αὐτούς
2735 4825 2844 4897 [ισ.
2885 4826 3108 4898 αὺτάς]·
3148 4826 3449 4880 πεπόνθασι
3477 4827 3586 4896 γὰρ
3645 4828 3714 4881 τὰ

2141 4914 2342 4980 αὐτῶν,
2387 4915 2482 4967 καὶ
2529 4915 2589 4966 οὐ
2637 4916 2706 4967 τὰ
2753 4916 2954 4986 ἐτέρων
2987 4917 3255 4986 σωμάτων
3290 4915 3397 4986 [ῑσ.
3437 4914 3711 4988 σώματα].

2154 5005 2386 5074 Ἀμαθὲς
2408 5001 2498 5058 οὖν
2529 5007 2635 5076 ἄρα
2662 5006 2723 5059 τὸ
2748 5005 3200 5060 διαπυνθάνεσθαι
3231 5007 3425 5075 φιλεῖν,
3458 5008 3506 5058 εί
3536 5022 3717 5076 παρα-

2143 5098 2348 5151 δέδοται
2403 5098 2543 5167 μετὰ
2589 5098 2688 5167 τῆς
2742 5099 2941 5169 σαρκὸς
2992 5101 3024 5169 ἡ
3082 5101 3181 5169 τῆς
3229 5098 3481 5168 θεότητος
3528 5099 3714 5167 φύσις,

2142 5190 2310 5258 ἧγουν
2341 5189 2596 5258 ἐνεσχέθη
2626 5193 2735 5252 τοῖς
2778 5191 3042 5259 Ἰουδαίων
3074 5191 3306 5261 βρόχοις,
3338 5193 3370 5260 ἢ
3405 5191 3499 5244 καὶ
3545 5193 3716 5260 αὐτὴν

2142 5271 2399 5347 ὑπέμεινε
2427 5283 2526 5346 τὴν
2566 5281 2781 5350 σφαγήν
2806 5298 2818 5309 ·
2872 5282 3092 5344 εὐσεϐὲς
3143 5283 3201 5334 δὲ
3239 5283 3436 5352 μᾶλλον
3489 5285 3715 5347 ἐννοεῖν,

2140 5373 2220 5424 ὅτι
2251 5374 2426 5441 πάντη
2448 5393 2503 5429 τε
2523 5377 2613 5427 καὶ
2646 5378 2861 5439 πάντως
2893 5377 3230 5430 οἰκειώσεται
3265 5379 3362 5445 μὲν
3391 5378 3417 5428 6
3447 5379 3620 5444 Λόγος
3651 5380 3721 5431 τὰ

2141 5467 2205 5531 τῇ
2265 5464 2368 5533 tat;
2432 5469 2592 5533 σαρκὶ
2649 5468 3029 5536 συμϐεϐηκότα
3083 5467 3265 5535 πάθη·
3323 5469 3605 5539 μεμένηκε
3663 5472 3724 5522 ξι

552 5645 588 5676 ”
621 5643 779 5698 Joan.
806 5658 960 5707 xrtn,
984 5650 1098 5698 U-b.
1176 5647 1220 5676 ⁷³
1253 5645 1438 5699 Matth.
1476 5659 1621 5709 xxrt,
1646 5643 1834 5696 55-56.
1914 5644 1955 5672 ⁷³
1995 5641 2032 5694 Ρ

2138 5658 2222 5711 pp.
2265 5659 2323 5708 ll,
2359 5645 2471 5696 6-8.
2549 5646 2591 5675 ⁷⁸
2621 5647 2658 5699 ll
2698 5645 2933 5698 Titnotlt.
2976 5663 3042 5710 tr,
3083 5647 3133 5708 7,
3179 5647 3229 5700 8.
