4014 6128
304 288 393 347 εδδ
1361 272 1732 332 Αοιειιδυε
1767 272 1870 328 NE:

1976 270 2174 331 )RIUM
2214 271 2347 327 ιλιι.
2386 271 2454 330 ν.

3444 270 3551 328 934

305 398 511 469 ἀπαθὴς
539 395 620 460 ὡς
663 393 814 461 Θεδς,
842 392 981 465 πλὴν
1006 392 1108 446 οὐκ
1146 388 1254 458 ἔξω
1296 388 1391 443 τοῦ
1420 389 1719 459 πάσχοντος
1757 385 1866 440 σώ-

1976 385 2226 441 deorsum
2260 384 2564 451 inculcans,
2597 398 2700 439 non
2735 398 2854 439 csse
2885 398 2915 436 a
2938 396 3207 452 quoquam
3238 383 3551 445 dicendum.

308 507 486 562 ματος.
519 487 696 550 Αὐτὸς
721 486 776 539 δὲ
803 485 870 539 τὰ
895 483 1069 547 οὕτως
1095 480 1453 552 οἰκονομικῶς
1500 478 1866 551 πεπραγμένα

1977 477 2279 533 divinitatis
2334 484 2586 531 naturam
2632 490 2754 531 esse
2802 478 3005 532 cmdem
3051 490 3386 546 perpessum,
3444 476 3551 530 vim

302 582 405 642 τοῖς
454 579 556 649 τῆς
607 576 834 639 ἀτοπίας
886 573 1228 644 ἐγκλήμασιν
1274 571 1458 634 ἐνιεὶς,
1509 568 1622 623 ἄνω
1663 585 1724 622 τε
1774 568 1870 623 καὶ

1976 568 2110 622 tanti
2159 566 2405 639 mysterii
2467 567 2520 622 in
2579 566 2853 622 hominem
2927 567 3154 623 seorsim
3217 581 3281 622 ac
3336 568 3553 637 proprie

304 671 446 725 κάτω
482 668 680 735 λέγων,
717 667 791 739 μὴ
829 664 894 736 δὴ
924 665 1124 737 χρῆναι
1156 662 1291 733 πρός
1315 678 1461 725 τινος
1488 661 1587 731 τὴν
1615 659 1714 730 τῆς
1739 658 1872 712 820-

302 775 451 831 τητος
482 756 645 827 φύσιν
681 756 970 827 ὑπομεῖναι
998 753 1256 824 λέγεσθαι
1293 752 1392 825 τὴν
1437 749 1668 823 σφαγὴν,
1719 765 1875 821 περι-

308 852 505 922 ίστησιν
556 847 786 912 ἀνοσίως
823 847 903 911 εἰς
949 846 1238 918 ἄνθρωπον
1289 843 1474 908 nemo;
1519 842 1613 897 τοῦ
1663 857 1868 913 μυστη-

1973 674 2183 715 summa
2214 674 2337 714 cum
2371 659 2651 730 impietate
2693 658 2923 730 redigit,
2957 660 3241 731 ipsumque
3267 659 3400 715 dicit
3431 674 3554 715 esse

1974 748 2315 817 crueillxum,
2346 760 2402 807 et
2421 751 2514 821 qui
2546 757 2777 805 mortem
2801 764 2900 821 pro
2929 749 3115 805 mundi
3169 750 3269 803 vita
3317 747 3553 820 pertule-

1977 840 2067 896 rit.
2096 840 2276 897 Audio
2305 855 2543 912 namque
2577 841 2727 897 illum
2764 855 2955 898 rursus
2983 841 3039 896 in
3073 840 3179 896 alia
3212 839 3552 911 expositione

309 941 407 1015 ρίου
440 938 540 1010 τὴν
582 937 847 1008 δύναμιν·
880 937 977 991 καὶ
1000 936 1164 991 αὑτὸν
1196 931 1338 989 εἶναι
1383 950 1517 1007 φησι
1544 931 1636 986 τὸν
1678 932 1875 985 ἐσταυ-
1974 932 2197 988 dicere:

306 1034 557 1107 ρωμένον,
583 1033 679 1089 καὶ
710 1033 802 1087 τὸν
837 1032 978 1104 ὑπὲρ
999 1032 1102 1104 τῆς
1142 1031 1236 1086 τοῦ
1251 1031 1475 1103 ικόσμου
1509 1029 1658 1101 ζωῆς
1686 1025 1992 1082 ἀνατλάντα
2021 1024 2267 1084 θάνατον.
2314 1027 2523 1083 ’Δκούω
2558 1028 2668 1101 γὰρ
2702 1027 2976 1099 λέγοντος,
3009 1027 3068 1081 ἐν
3095 1025 3353 1098 ἐξηγήσει
3390 1024 3552 1081 πάλιν

303 1130 554 1298 ἑἮῗξὲιτος
614 1224 644 1277 0
688 1222 781 1277 τὸν
829 1221 1118 1277 ἀκάνθινον
1162 1220 1521 1293 περιθέμενος
1567 1219 1830 1289 στέφανον
1853 1233 1871 1253 .

298 1309 440 1382 οὗτος
466 1317 497 1368 0
520 1316 702 1386 λέγων
724 1332 739 1347 ο
780 1334 802 1366 ι
829 1313 938 1367 Θεέ
976 1331 1105 1385 μου,
1130 1312 1233 1366 Θεέ
1266 1329 1391 1384 μου,
1437 1313 1526 1367 ῖνα
1571 1310 1624 1365 τί
1668 1327 1747 1383 με’
1778 1312 1874 1379 ἐγ-

300 1407 614 1475 κατέλιπεςς
674 1424 696 1459 ι
759 1402 912 1469 οὗτος
974 1407 1004 1460 0
1056 1406 1356 1478 τριήμερον
1427 1403 1688 1475 τελευτὴν
1742 1402 1875 1458 ὑπο-

295 1498 528 1574 μείνας.]

887 1624 1141 1688 ΚΕΦΔΛ.
1187 1631 1268 1689 E’.

2043 1211 2284 1271 Nesroa.
2312 1212 2437 1287 [llic
2466 1213 2555 1270 ille
2571 1254 2589 1281 ,
2614 1213 2701 1269 cui
2728 1212 2916 1285 spinea
2942 1225 3142 1270 corona
3170 1208 3549 1281 circumposita

1975 1306 2099 1372 fuit,
2133 1305 2223 1362 hic
2252 1305 2341 1361 ille
2380 1306 2472 1376 qui
2518 1305 2695 1361 dixit:
2734 1323 2753 1357 ι
2802 1305 2944 1361 Deus
2979 1318 3169 1368 meus,
3201 1302 3343 1358 Deus
3376 1316 3548 1364 meus,

1977 1406 2039 1453 ut
2072 1398 2201 1468 quid
2228 1413 2315 1453 me
2341 1396 2815 1469 dereliquisti‘l'H
2849 1397 2939 1453 hic
2966 1395 3058 1454 ille
3074 1396 3169 1467 qui
3202 1402 3429 1451 mortem
3459 1391 3554 1447 tri-

1979 1494 2218 1545 duanam
2242 1486 2545 1560 sustinuit.]

2630 1619 2787 1677 CAP.
2831 1620 2898 1679 ν.

367 1756 676 1836 ’Ἐπόμενος
730 1764 829 1837 μὲν
881 1760 974 1820 οὖν
1025 1763 1188 1830 αὐτὸς
1235 1764 1315 1838 τῷ
1367 1762 1485 1839 ἰδῑῳ
1535 1768 1758 1839 σκοπῷ,
1805 1771 1870 1826 τὰ

2043 1752 2166 1826 ipse
2189 1755 2404 1826 quidem
2444 1770 2600 1813 suum
2637 1766 2855 1814 secutus
2884 1758 3218 1829 propositum
3249 1757 3362 1814 ltazc
3385 1756 3550 1824 dicit;

290 1854 468 1909 τοιάδε
528 1856 693 1926 φησίν
714 1872 730 1886 ’
792 1858 954 1928 ἡμεῖς
1000 1856 1059 1911 δὲ
1110 1856 1260 1927 αὐτῷ
1308 1858 1616 1930 σοφώτερόν
1666 1877 1725 1914 τε
1760 1863 1878 1916 ,καὶ

288 1946 651 2018 ἀληθέστερον
722 1946 1064 2019 ἐπιδείξομεν
1132 1947 1229 2002 τὸν
1322 1950 1706 2023 Ἐμμανουὴλ,
1783 1954 1877 2008 τὸν

289 2035 382 2088 τοῦ
431 2036 637 2107 κόσμου
683 2028 889 2101 παντὸς
940 2038 1162 2109 σωτῆρα
1198 2039 1293 2093 καὶ
1326 2039 1627 2112 λυίφωτήν.
1674 2042 1875 2113 Γέγονε

287 2128 424 2198 γάρ,
445 2128 520 2191 ὡς
541 2117 642 2198 ἤδη
668 2127 987 2190 πλειστάκις
1016 2130 1260 2200 εἴπομεν,
1284 2129 1420 2204 σὰρξ
1446 2133 1475 2185 ό
1500 2133 1694 2201 Λόγος,
1716 2134 1878 2205 σῶμα

282 2215 421 2290 ita]
454 2216 584 2270 [διον
646 2216 1053 2288 ποιησάμενος,
1099 2216 1162 2270 τὸ
1208 2217 1435 2288 πάσχειν
1487 2219 1649 2285 εἰδὸς,
1686 2221 1872 2286 αἰκίας

283 2324 346 2362 τε
374 2302 477 2362 καὶ
505 2296 758 2373 θάνατον,
791 2307 1023 2361 δέδωκεν
1053 2308 1191 2380 ὑπὲρ
1218 2308 1251 2379 ἢ
1260 2308 1377 2380 μῶν
1397 2309 1551 2376 αὐτὸ,
1584 2313 1699 2377 καὶ,
1729 2312 1877 2366 καθά

285 2417 463 2472 φησιν
495 2401 522 2453 0
548 2400 833 2464 Θεσπέσιος
859 2399 1092 2464 Παῦλος,
1127 2400 1389 2471 ὑπέμεινε
1419 2400 1653 2472 σταυρὸν
1685 2400 1877 2473 αἰσχύ.

283 2506 388 2561 νης
424 2492 875 2561 καταφρονήσας.
901 2491 973 2542 Ἢ
1005 2490 1115 2560 γὰρ
1147 2491 1246 2544 οὐκ
1284 2490 1539 2562 αἰσχύνη,
1571 2492 1667 2547 καὶ
1711 2493 1874 2546 οἰονεί

280 2597 372 2643 ⁴τις
406 2580 654 2651 ἐντροπὴ
684 2579 763 2649 τῷ
796 2576 1089 2634 πανσθενεῖ
1115 2582 1210 2635 καὶ
1242 2580 1493 2652 ζωοποιῷ
1512 2624 1529 2651 ,
1559 2583 1655 2637 καὶ
1684 2583 1876 2637 παθῶν

279 2670 565 2725 ἐπέκεινα
594 2672 814 2743 λαχόντι
836 2666 933 2741 τὴν
964 2672 1145 2740 φύσιν,
1169 2668 1230 2726 τὸ
1256 2674 1315 2741 ἐξ
1347 2674 1697 2746 ἀνθρωπίνης
1718 2675 1877 2730 ἀσθε-

279 2762 450 2827 νείας
483 2761 871 2833 σταυρωθῆναι
909 2763 1105 2827 δοκεῖν,
1140 2765 1235 2819 καὶ
1277 2767 1335 2845 ἐν
1375 2764 1590 2836 θανάτῳ
1621 2766 1874 2835 γενέσθαι

278 2852 437 2908 κατὰ
487 2852 587 2923 τὴν
623 2853 830 2925 σάρκα;
887 2855 997 2907 Καί
1048 2854 1177 2924 γοῦν
1217 2854 1246 2907 0
1278 2856 1440 2920 αὑτός
1472 2850 1573 2911 πού
1609 2876 1741 2930 φησι
1783 2856 1871 2914 διὰ

278 2945 480 3016 φωνῆς
525 2944 751 2998 Ἡσαΐου
769 2962 785 2977 ο
823 2964 842 2995 ι
877 2946 980 2999 Τὸν
1009 2941 1187 3022 νῶτόν⁴
1204 2964 1308 3016 μου
1338 2947 1544 3004 δέδωκα
1573 2952 1653 3015 εἰς
1670 2953 1872 3024 μάστι-

279 3042 422 3101 γας,
459 3031 567 3096 τὰς
611 3032 670 3087 δὲ
709 3033 982 3102 -σιαγόνας
1029 3052 1133 3105 μου
1171 3037 1251 3096 εἰς
1305 3036 1655 3109 ῤαίσματα’
1707 3040 1769 3093 τὸ
1820 3040 1873 3094 δὲ

1977 1856 2035 1903 at
2104 1862 2203 1905 nos
2262 1847 2337 1904 illi
2400 1848 2704 1918 sapientius
2761 1863 2828 1905 ac
2896 1849 3080 1906 verius
3141 1849 3549 1905 Emmanuelem

1976 1941 2344 2007 ostendemus,
2377 1940 2562 1995 mundi
2593 1941 2758 1996 totius
2784 1940 3107 1999 salvatorem
3147 1960 3211 1997 ac
3246 1943 3549 2014 redempto-

1980 2047 2115 2088 rem.
2145 2031 2383 2088 Verbum
2430 2031 2589 2103 135
2627 2033 2809 2099 enim,
2853 2041 2917 2088 ut
2954 2032 3067 2104 jam
3113 2049 3255 2105 εωρο
3291 2035 3546 2099 diximus.

1977 2136 2106 2178 caro
2144 2120 2345 2177 factum
2375 2132 2479 2188 est,
2512 2136 2747 2193 cumque
2797 2137 2996 2192 corpus
3023 2127 3303 2196 proprium
3335 2125 3550 2181 effecis-

1977 2223 2061 2270 set
2089 2213 2237 2287 quod
2264 2223 2447 2283 posset
2476 2213 2703 2285 injurias
2736 2229 2801 2269 ac
2838 2224 3068 2271 mortem
3112 2217 3244 2286 pati,
3287 2216 3418 2273 illud
3452 2232 3551 2288 pro

1978 2304 2134 2361 nobis
2162 2304 2332 2371 dedit,
2360 2314 2437 2374 et,
2462 2314 2521 2360 ut
2546 2304 2621 2360 sit
2642 2305 2833 2361 beatus
2864 2303 3085 2374 Paulus,
3118 2322 3338 2365 erucem
3382 2311 3550 2365 susti-

1978 2393 2095 2449 nuit
2127 2393 2444 2450 confusione
2471 2402 2775 2466 contempta
2795 2396 2862 2453 7'.
2887 2396 3028 2464 Quid
3051 2397 3195 2453 enim
3213 2398 3238 2454 ἰ
3259 2414 3367 2456 non
3389 2399 3552 2456 dedc-

1977 2500 2071 2541 cus
2100 2494 2203 2551 est,
2236 2494 2294 2542 et
2321 2486 2566 2557 qumdam
2602 2502 2770 2559 prope
2798 2487 3049 2546 confusio
3080 2490 3158 2547 illi
3193 2492 3549 2563 omnipotenti

1975 2585 2030 2631 ct
2057 2576 2371 2643 viviﬁcanli,
2406 2584 2463 2632 et
2498 2586 2750 2633 naturam
2795 2578 3017 2636 habenti
3052 2590 3313 2638 remotam
3354 2596 3385 2639 a
3426 2597 3553 2654 pas-

1974 2669 2239 2735 sionibus,
2280 2682 2345 2724 ex
2375 2668 2611 2723 humana
2643 2668 2962 2727 inﬁrmitate
2993 2673 3173 2743 putari
3208 2672 3548 2733 cruciﬁxum.
3594 2689 3611 2699 ‘

1974 2769 2029 2817 et
2078 2769 2304 2815 mortem
2345 2762 2644 2816 secundum
2692 2778 2907 2820 carnem
2964 2765 3321 2836 perpessum?
3365 2764 3552 2839 itaque

1976 2852 2089 2921 ipse
2115 2851 2272 2922 plane
2298 2850 2427 2908 dicit
2456 2866 2551 2923 per
2593 2867 2778 2908 vocem
2811 2854 3006 2910 Isaias:
3048 2874 3068 2908 ι
3104 2857 3328 2911 Dor-sum
3369 2871 3548 2911 meum
3616 2910 3627 2919 κ

1972 2942 2096 2996 dedi
2128 2941 2181 2996 in
2205 2940 2443 3012 ﬂagella,
2473 2948 2527 2996 et
2546 2941 2798 2998 maxillas
2833 2957 2982 2998 meas
3008 2942 3074 2997 ad
3100 2941 3282 3013 alapas
3310 2961 3324 2997 :
3355 2942 3547 2998 faciem

1976 3042 2154 3088 autem
2180 3046 2356 3086 meam
2385 3044 2491 3086 non
2521 3031 2694 3087 averti
2714 3047 2746 3088 a
2775 3031 3087 3088 confusione
3115 3043 3395 3103 sputorum
3420 3032 3492 3088 '".
3522 3051 3544 3086 ι

277 3123 585 3195 ’πρόσωπόν
622 3139 725 3194 μου
772 3124 873 3177 οὐκ
921 3125 1251 3197 ἀπέστρεψα
1295 3127 1402 3181 ἀπὸ
1448 3128 1716 3201 αἰσχύνης
1768 3133 1869 3202 ἐμ-

1976 3125 2042 3180 Et
2069 3124 2262 3180 iterum
2290 3138 2305 3175 :
2344 3141 2363 3175 ι
2402 3122 2528 3181 ldeo
2561 3138 2666 3179 non
2697 3139 2815 3181 sum
2846 3124 3135 3192 confusus,
3167 3125 3260 3182 sed
3286 3126 3437 3197 posui
3471 3126 3550 3181 fu—

278 3214 651 3286 πτυσμάτων.
680 3233 698 3266 ι
722 3211 830 3268 Καὶ
856 3214 1035 3269 πάλιν·
1068 3236 1085 3268 ι
1110 3218 1208 3270 Διά
1233 3217 1387 3273 τοῦτο
1413 3216 1512 3273 οὒκ
1541 3221 1868 3294 ἐνετράπην,

276 3301 392 3355 ἀλλ’
440 3301 628 3374 ἔθηκα
676 3302 739 3356 τὸ
782 3304 1077 3374 πρόσωπόν
1130 3323 1233 3376 μου
1264 3306 1342 3371 ὡς
1376 3309 1602 3378 στερεὰν
1636 3310 1869 3382 πέτραν,

277 3394 372 3446 καὶ
418 3393 606 3462 ἔγνων
649 3393 732 3447 ὅτι
773 3393 836 3448 οὗ
886 3396 959 3468 μὴ
1006 3398 1423 3468 καταισχυνθῶ,
1477 3400 1558 3454 ὅτι
1596 3401 1806 3471 ἐγγίζει
1843 3404 1872 3456 0

273 3484 592 3550 δικαιώσας
649 3503 738 3557 με.
776 3505 796 3538 ι
833 3485 998 3541 Ὅσον
1045 3489 1146 3558 μὲν
1186 3489 1294 3561 γὰρ
1343 3486 1479 3564 ἧκεν
1536 3490 1615 3557 εἰς
1663 3509 1727 3562 γε
1774 3494 1872 3558 τὰς

286 3575 593 3650 Ἑλλήνων,
619 3576 713 3631 καὶ
735 3577 923 3649 μέντοι
959 3580 1052 3632 καὶ
1085 3580 1355 3633 Ἰουδαίων
1386 3583 1609 3647 ἀνοσίας
1645 3585 1869 3654 ἀγέλας,

272 3668 589 3723 σκάνδαλόν
612 3686 674 3722 τε
694 3669 831 3741 ὁμοῦ
870 3670 960 3724 καὶ
994 3668 1175 3742 μωρία
1207 3672 1515 3743 νενόμισται
1544 3670 1605 3728 τὸ
1631 3668 1870 3747 Χριστοῦ

274 3762 597 3832 μυστήριον
619 3776 635 3790 ’
667 3761 1069 3831 ’καταμειδιῶσι
1092 3762 1200 3834 γάρ
1226 3762 1276 3816 οἰ
1301 3763 1529 3828 τάλανες
1556 3763 1653 3818 ατοῦ
1687 3765 1870 3835 τιμίου

268 3854 560 3926 σταυροῦ*
609 3853 884 3925 ἐκϐέϐηκε
928 3853 985 3908 δέ
1029 3852 1130 3924 τῆς
1172 3854 1438 3927 δοκούσης
1475 3854 1660 3920 αὐτοῖς
1710 3857 1872 3911 ἀσθε-

264 3944 419 4009 νείας
466 3945 540 3998 τὸ
578 3943 763 4015 πέρας
796 3946 877 4008 εἰς
921 3945 1170 4009 εὐκλείας
1221 3945 1453 4016 δύναμιν
1505 3943 1606 4018 τῆς
1656 3947 1872 4018 ἀληθῶς

262 4032 796 4106 θεοπρεπεστὰτης.
827 4035 1267 4108 Μεμαρτύρηται
1304 4038 1414 4109 γὰρ
1449 4037 1539 4091 διὰ
1568 4039 1667 4110 τῆς
1692 4040 1755 4094 ἐκ
1782 4058 1868 4094 νε-

261 4132 416 4200 κρῶν
466 4131 842 4194 ἀναστάσεως
868 4171 882 4196 ,
916 4131 1000 4183 ὅτι
1028 4148 1088 4183 τε
1128 4132 1214 4202 εἴη
1245 4130 1400 4196 Θεὸς,
1440 4134 1532 4187 καὶ
1562 4133 1694 4187 Θεοῦ
1728 4135 1869 4189 κατὰ

258 4220 539 4291 ἀλήθειαν
587 4221 762 4284 Υἱὸς,
811 4222 887 4285 ὡς
935 4222 1169 4276 θανάτου
1219 4223 1482 4292 κρείττων
1516 4225 1608 4277 καὶ
1641 4226 1866 4298 φθορᾶς,

258 4313 357 4365 καὶ
406 4311 559 4381 ὁμοῦ
593 4311 679 4382 τῷ
726 4312 1083 4384 Γεγεννηκότι
1114 4317 1503 4385 προσκυνεῖται
1545 4319 1694 4387 παρὰ
1734 4318 1870 4369 πάνο

254 4421 388 4456 των.
427 4405 653 4457 ’Δκουε
703 4402 762 4455 δὲ
810 4403 1238 4474 διακεκραγότος
1267 4407 1401 4475 ἡμῖν
1449 4402 1581 4460 αὐτὸ
1614 4407 1678 4477 δὴ
1709 4406 1866 4460 τοῦτο

255 4494 617 4571 Γράμματος
642 4497 833 4571 ἰεροῦ·
876 4519 896 4553 ι
926 4496 1080 4555 Οὕτω
1108 4499 1259 4570 λέγει
1298 4500 1532 4574 Κύριος·
1569 4499 1866 4569 Ἀγιάσατε

211 4634 219 4641 .
250 4592 346 4644 τὸν
376 4591 738 4663 φαυλίζοντα
763 4591 862 4662 τὴν
887 4590 1064 4661 ψυχὴν
1096 4591 1283 4655 αὐτοῦ,
1320 4590 1411 4645 τὸν
1444 4592 1868 4663 βδελυσσόμενον

254 4678 362 4737 ὕπὸ
412 4684 536 4737 τῶν
591 4662 796 4747 ἐθνῶν,
847 4681 954 4734 τῶν
991 4680 1216 4750 δούλων,
1251 4681 1361 4735 τῶν
1403 4682 1677 4753 ἀρχόντων
1710 4662 1864 4754 (57).

252 4774 516 4840 Βασιλεῖς
546 4774 789 4844 δψονται
825 4773 1006 4837 αὐτὸν,
1043 4773 1137 4826 καὶ
1180 4768 1575 4844 ἀναστῆσονται
1608 4775 1870 4845 ἄρχοντες

250 4872 348 4922 καὶ
394 4867 902 4942 προσκυνήσουσιν
945 4863 1114 4934 αὐτῷ.
1161 4883 1181 4916 ι
1240 4864 1626 4934 ὐμολογεῖτε,
1678 4866 1864 4936 φησὶν,

250 4958 411 5030 ἅγιον
453 4955 617 5014 εἶναι
652 4956 800 5009 κατὰ
837 4956 997 5025 φύσιν
1023 4955 1099 5020 ὡς
1137 4955 1302 5008 Θεόν·
1342 4955 1434 5010 τὸν
1466 4957 1566 5026 τὴν
1602 4955 1737 5008 ἰδίαν
1762 4955 1865 5025 ψυ-

246 5053 352 5125 χὴν
386 5049 841 5122 ἐκφαυλίζοντα,
889 5046 1165 5115 τουτέστι,
1208 5047 1298 5101 τὸν
1330 5048 1426 5118 τῆς
1459 5047 1654 5102 ἑαυτοῦ
1694 5067 1866 5102 κατα-

252 5146 631 5217 φρονήσαντα
684 5139 886 5212 ψυχῆς.
932 5138 1156 5193 Τέθεικε
1200 5139 1309 5211 γὰρ
1349 5140 1517 5210 αὐτὴν
1564 5140 1705 5207 ὑπὲρ
1752 5138 1861 5195 τῶν

332 5301 383 5333 ’⁸
417 5298 639 5355 Matth.
669 5312 842 5365 nvu,
871 5294 963 5350 ιθ.
1038 5296 1085 5326 ⁷⁸
1124 5294 1288 5351 llebr.
1323 5312 1419 5358 xu,
1454 5296 1508 5349 Ξ.
1585 5299 1629 5330 ⁷⁷
1655 5296 1759 5350 ιςει.
1790 5312 1864 5362 ιι,
1897 5297 1950 5351 6.
2028 5296 2073 5328 ⁷⁸
2107 5296 2235 5365 ibid,
2272 5298 2379 5352 7-8.

1975 3216 2113 3271 ciem
2144 3231 2316 3271 meam
2349 3225 2407 3270 ut
2436 3216 2625 3272 duram
2648 3225 2901 3286 'petram,
2926 3227 2981 3273 et
3009 3218 3232 3288 cognovi
3263 3219 3404 3289 quod
3441 3233 3549 3274 non

1975 3310 2296 3379 confundor,
2350 3311 2476 3381 quia
2518 3324 2688 3382 prope
2738 3320 2821 3368 est
2863 3311 2953 3382 qui
2990 3308 3252 3381 |iustilicat
3302 3313 3469 3370 me".
3522 3332 3543 3367 ι

1973 3402 2108 3457 Nam
2133 3405 2275 3473 quod
2309 3404 2505 3459 attinet
2533 3404 2602 3458 ad
2635 3404 2914 3475 gentilium
2950 3414 3112 3474 atque
3141 3406 3304 3460 etiam
3336 3403 3549 3463 Iudaeo-

1979 3511 2094 3550 rum
2144 3495 2365 3566 impiam
2410 3498 2643 3564 turbam,
2678 3498 2992 3554 scandalum
3031 3498 3189 3554 simul
3234 3507 3289 3553 et
3321 3500 3547 3555 stultitia

1974 3585 2343 3641 rxislimatum
2375 3597 2459 3642 est
2486 3588 2690 3643 Christi
2725 3590 3065 3658 mysterium.
3109 3588 3366 3644 Derident
3393 3606 3546 3645 nam-

1974 3689 2080 3744 que
2113 3675 2296 3732 miseri
2323 3677 2687 3731 venerandam
2723 3692 2979 3743 crueem;
3020 3679 3112 3733 sed
3152 3678 3268 3747 ejus
3313 3677 3544 3732 inﬁrmi-

1975 3767 2130 3837 tatis,
2166 3779 2223 3823 ut
2256 3768 2359 3839 ipsi
2394 3769 2708 3837 opinantur,
2743 3769 2866 3822 linis
2903 3769 3076 3823 evasit
3120 3772 3186 3823 ad
3223 3771 3543 3841 magnitudi-

1974 3875 2096 3915 nem
2120 3860 2308 3931 glorise
2335 3868 2522 3917 revera
2573 3860 2787 3916 divinae.
2839 3854 2971 3914 Nam
3011 3862 3417 3930 comprobatum
3462 3871 3547 3916 est

1974 3968 2069 4023 per
2098 3954 2561 4009 resurrectionem
2584 3960 2649 4006 ex
2680 3952 2909 4007 mortuis
2935 3962 2987 4007 et
3023 3946 3171 4005 illum
3207 3967 3323 4006 csse
3357 3952 3543 4018 Deum,

1972 4055 2026 4100 et
2051 4044 2144 4099 Dei
2173 4055 2361 4098 revera
2388 4032 2611 4108 Filium,
2642 4052 2701 4097 ut
2730 4043 2822 4111 qui
2862 4042 3048 4097 mortis
3077 4044 3548 4113 corruptionisque

1972 4133 2144 4188 victor
2178 4133 2360 4198 fuerit,
2390 4143 2445 4188 et
2486 4132 2644 4187 simul
2685 4148 2807 4187 cum
2847 4131 3007 4186 Patre
3044 4133 3113 4187 ab
3144 4133 3392 4187 omnibus
3453 4135 3547 4187 ad-

1971 4234 2177 4281 oretur.
2217 4224 2359 4279 Audi
2383 4234 2562 4279 autem
2581 4238 2764 4280 sacras
2798 4219 3031 4279 Litteras
3057 4224 3159 4280 hoc
3186 4224 3357 4292 ipsum
3394 4226 3547 4282 nobis

1971 4316 2367 4387 proclamantes
2398 4333 2416 4370 ι
2456 4334 2475 4370 ι
2503 4317 2593 4372 Sic
2634 4312 2777 4372 dicit"
2826 4309 3086 4372 Dominus
3133 4335 3146 4373 :
3200 4315 3547 4374 Sanctiﬁcate

1973 4409 2355 4481 despicientem
2391 4402 2627 4463 aniruam
2682 4424 2856 4474 suam,
2909 4418 3249 4463 exsecratum
3300 4423 3328 4460 a
3373 4408 3545 4478 genti-

1976 4504 2092 4570 bus,
2152 4504 2346 4570 servis,
2401 4493 2758 4573 principibus.
2807 4500 2981 4570 Reges
3009 4499 3265 4554 videbunt
3312 4512 3456 4563 enni,
3495 4508 3548 4554 rt

1974 4601 2308 4664 consurgent
2331 4593 2623 4663 principes,
2650 4603 2705 4646 et
2731 4591 3030 4645 adorabunt
3054 4605 3176 4644 eum
3200 4589 3264 4644 τ’.
3309 4608 3327 4640 ι
3364 4588 3544 4645 Conli-

1977 4685 2183 4748 temini,
2230 4683 2426 4751 inquit,
2475 4692 2724 4737 sanctum
2764 4694 2886 4761 esse
2926 4680 3073 4734 illum
3116 4690 3302 4751 utpote
3334 4680 3542 4739 Deum:

1976 4774 2125 4827 illum
2161 4774 2251 4843 qui
2285 4788 2437 4827 suam
2472 4773 2707 4827 animam
2734 4772 2983 4841 despicit,
3021 4774 3120 4828 hoc
3145 4784 3248 4841 est,
3274 4776 3362 4844 qui
3391 4792 3544 4831 suam

1972 4859 2204 4919 animam
2234 4864 2551 4919 contemnit.
2592 4858 2725 4920 Nam
2779 4864 2921 4919 illam
2974 4881 3070 4937 pro
3109 4868 3298 4923 ovibus
3346 4870 3544 4938 posuit,

1971 4969 2028 5012 ut
2061 4967 2249 5028 pastor
2285 4951 2462 5013 bonus
2488 4956 2534 4990 ⁸⁰
2564 4976 2577 5012 ι
2618 4973 2776 5027 quem
2829 4969 3123 5015 exsecrata:
3160 4962 3377 5030 quidem
3422 4969 3547 5014 sunt

1971 5057 2178 5118 gentes,
2228 5055 2283 5101 el.
2325 5048 2466 5103 servi
2501 5059 2555 5104 et
2606 5050 2838 5104 ministri
2877 5050 3048 5120 alapis
3094 5051 3543 5110 deltonestarunt,

1970 5157 2091 5196 cum
2124 5138 2523 5196 Pharisaeorum
2562 5142 2715 5197 turba
2745 5142 2819 5196 illi
2855 5142 3019 5213 impie
3058 5142 3360 5198 insultaret.
3391 5140 3544 5195 llunc

2470 5300 2515 5331 "’
2545 5299 2648 5353 lsa.
2685 5315 2831 5362 max,
2864 5298 2916 5352 7.
3002 5296 3048 5329 ⁸⁸
3078 5297 3309 5364 Joan.x,
3344 5300 3429 5353 ll.

1544 5452 1704 5509 ΔΝΤ.
1746 5448 2020 5506 AGELLII
2060 5449 2294 5505 NOTAE.

318 5621 435 5690 (3'7)
473 5614 919 5690 Peculiariscst
950 5613 1065 5668 haec
1111 5612 1269 5690 lectio
1298 5612 1522 5690 Cyrilla,
1552 5625 1674 5690 cum
1720 5606 1855 5690 ΙΑΧ

253 5678 516 5746 habeant.
568 5697 630 5740 ut
670 5685 783 5738 fere
812 5684 864 5739 in
914 5698 1098 5737 eorum
1131 5685 1291 5737 codd.
1337 5678 1551 5755 legitur,
1605 5679 1694 5734 τὸν
1733 5678 1856 5732 δοῦ-

590 5780 877 5838 Ριιτιιοι..
917 5778 1033 5837 Gn.
1083 5779 1350 5840 LXXVI.

2097 5606 2203 5688 τῶν
2237 5606 2535 5728 ἀρχόντων,
2579 5620 2779 5660 servum
2821 5607 3170 5676 dominarum,
3204 5618 3262 5663 ut
3298 5608 3461 5664 ctiam
3493 5606 3546 5660 in

2027 5696 2052 5730 e
2075 5694 2213 5730 nmis
2297 5688 2460 5730 ωιιιιθ.

2027 5688 2213 5732 ulmeis
2246 5688 2256 5728 ι
2297 5688 2460 5746 ὅλαι.

3160 5770 3195 5829 δ
