4014 6128
438 265 546 323 ἳῦδ

1473 254 1529 308 S.
1576 252 1846 309 (ZYIiIIJJ
1886 252 2359 311 ALEXANDBINI
2397 252 2717 308 AHCiliEP.

3606 247 3717 306 256

445 380 698 461 videbunt
754 393 913 450 rcges
971 389 1025 432 et
1083 381 1458 444 consurgent:
1510 375 1656 429 hunc
1722 373 2024 427 adorabunt

2134 376 2442 446 προϐάτων,
2470 375 2546 439 ὡς
2593 373 2798 446 ποιμὴν
2831 371 3065 442 ἀγαθός’
3113 331 3171 425 ὃν
3224 368 3575 435 ἐϐδελύξαντο
3616 370 3718 439 μὲν

443 473 719 543 principes
769 480 1024 542 tanquam
1075 469 1269 533 Deum,
1305 467 1511 523 scilicet
1539 465 1628 535 qui
1673 465 1739 520 ad
1772 465 2023 520 exinanio

444 566 646 621 tionem
685 581 744 619 se
779 564 1067 632 deiecerit,
1101 570 1159 615 ut
1202 574 1395 632 passus
1439 574 1602 614 carne
1636 567 1880 613 servaret
1930 573 2026 613 0r-

444 659 566 713 bem
593 668 883 712 terrarum.
922 653 1020 710 Hie
1054 653 1144 708 ille
1176 662 1259 707 est
1294 651 1378 705 cui
1416 664 1515 719 pro
1539 650 1696 705 nobis
1716 650 1902 720 spinea
1932 665 2026 703 co-

396 784 404 793 ι
446 764 579 806 rona
611 748 709 803 fuit
746 745 1133 816 circumposita
1162 763 1176 798 :
1204 744 1294 800 hic
1322 757 1426 797 non
1457 742 1595 798 alius
1616 742 1707 812 qui
1739 758 1807 797 ex
1842 742 2029 797 huma-

449 844 618 897 nitate
646 840 864 911 quidem
895 838 1189 893 crucilixus
1217 845 1321 901 est,
1347 843 1401 892 et
1422 836 1558 890 dixit
1583 851 1597 888 :
1629 854 1648 887 ι
1688 834 1828 890 Deus
1850 848 2024 901 mens,

449 934 587 990 Deus
632 948 805 997 meus,
839 931 1026 1001 utquid
1073 946 1158 986 me
1197 929 1530 1000 dereliquisti
1554 928 1640 982 “1’
1672 947 1691 980 ι
1723 928 1818 983 sed
1850 943 1915 980 ex
1942 926 2025 982 di-

446 1028 668 1082 vinitate
693 1025 938 1081 cohibuit
974 1023 1106 1079 solis
1150 1023 1351 1085 lumen,
1385 1033 1441 1077 et
1493 1022 1546 1075 in
1586 1021 1674 1077 die
1720 1020 1893 1075 media
1932 1035 2028 1075 uo-

445 1130 583 1173 ctem
610 1117 812 1189 posuit,
838 1132 906 1171 ne
944 1115 1094 1170 illum
1119 1114 1424 1183 simplicem
1465 1114 1762 1178 hominem,
1785 1113 1948 1180 nuda,
1971 1120 2027 1166 ut

447 1226 500 1268 tu
524 1210 1132 1279 a'sseris,conjunctione
1152 1206 1312 1278 136
1330 1205 1693 1270 nobilitatum,
1712 1220 1814 1273 qua
1838 1217 2030 1273 nempe

444 1322 567 1363 cum
612 1306 705 1360 illo
733 1319 798 1360 ex
828 1303 939 1359 Deo
959 1302 1155 1372 .V’erbo
1183 1302 1253 1355 sit
1282 1300 1565 1369 copulatus
1584 1337 1601 1362 ,
1647 1298 2025 1360 conliteamttr,

447 1399 539 1452 sed
579 1397 744 1451 Deum
788 1406 911 1450 esse
956 1392 1267 1453 credamus,
1311 1387 1366 1440 in
1399 1394 1581 1440 nostra
1618 1386 1831 1453 specie,
1876 1391 1931 1436 et
1973 1381 2028 1435 in

446 1487 621 1543 forma
648 1485 811 1551 servi,
837 1496 1108 1538 memores
1134 1479 1280 1534 illum
1305 1493 1403 1548 per
1439 1491 1624 1532 vocem
1652 1476 1924 1546 propheta:
1948 1473 2031 1527 di-

448 1581 638 1635 xisse:
678 1595 698 1629 ι
737 1576 803 1631 Ει
837 1576 1059 1630 induam
1106 1571 1303 1627 ctelum
1351 1569 1621 1633 tenebris,
1662 1577 1715 1621 ct
1746 1582 1939 1636 ponam
1972 1573 2031 1619 ut

448 1685 666 1727 saccum
696 1666 1079 1724 vestimentum
1109 1662 1228 1732 ejus
1248 1662 1315 1716 ⁸².
1350 1681 1369 1714 ι
1405 1662 1523 1731 Ipse
1556 1661 1698 1714 enim
1728 1661 1817 1728 qui
1852 1658 2031 1727 loque-

2126 468 2195 520 τὰ
2239 467 2389 538 ἔθνη,
2423 467 2599 521 δοῦλοι
2630 467 2687 521 δὲ
2733 465 2829 520 καὶ
2859 464 3134 537 ὑπηρέται
3167 461 3510 534 ῥαπίσμασιν
3556 458 3715 531 ὓϐρι-

2129 575 2229 613 σαν
2257 599 2271 623 ,
2304 562 2405 631 τῆς
2440 561 2550 614 τῶν
2591 558 2902 629 Φαρισαίων
2941 555 3184 627 πληθύος
3235 553 3466 617 ἀνοσίως
3495 552 3716 623 ὲμπαρ-

2127 652 2381 723 οινούσης
2407 652 2577 724 αὐτῷ.
2606 651 2808 705 Τοῦτον
2831 647 3324 721 όψονταιβασιλεῖς
3351 645 3449 700 καὶ⁸
3480 647 3718 723 ἀναστή-

2129 763 2345 801 σονται*
2397 751 2575 818 τούτῳ
2622 748 3099 820 προσκυνήσουσιν
3144 745 3436 816 ἄρχοντες,
3487 742 3562 805 ὡς
3595 740 3718 812 Θεῷ

2125 839 2372 911 δηλονότι
2403 826 2881 910 καθιγμένῳπρδς
2905 838 3160 902 κένωσιν,
3189 838 3278 891 ἵνα
3307 833 3497 889 παθὼν
3525 835 3714 906 σαρκὶ,

2126 931 2366 1004 διασώσῃ
2410 932 2509 1003 τὴν
2551 933 2644 986 ὑπ’
2679 932 2928 1004 οὐρανόν.
2966 924 3138 994 Οὗτος
3179 933 3207 984 6
3252 929 3394 999 ὑπὲρ
3426 927 3587 999 ἡμῶν
3624 928 3725 981 τὸν

2128 1026 2420 1082 ἀκάνθινον
2452 1025 2837 1098 περικείμενος
2873 1024 3136 1095 στέφανον
3156 1041 3170 1054 ⁸
3197 1015 3374 1088 οὗτος,
3405 1022 3505 1077 οὐκ
3535 1022 3716 1085 ἄλλος,

2124 1121 2156 1174 6
2207 1119 2612 1191 σταυρούμενος
2647 1119 2747 1190 μὲν
2778 1117 3139 1190 ἀνθρωπίνως
3186 1117 3282 1171 καὶ
3310 1115 3485 1185 λέγων
3507 1132 3519 1144 ·
3561 1134 3579 1167 ι
3613 1114 3717 1169 Θεέ

2133 1227 2258 1282 μου,
2291 1210 2393 1264 Θεέ
2432 1226 2558 1281 μου,
2603 1209 2695 1265 ἵνα
2725 1209 2780 1263 τί
2810 1226 2878 1279 με
2907 1208 3307 1277 ὲγκατέ).ιπες;
3348 1226 3366 1257 ι
3410 1206 3718 1259 συστέλλων

2128 1302 2187 1357 δὲ
2235 1302 2436 1379 θεῖκῶς
2483 1301 2575 1356 τοῦ
2623 1302 2778 1373 ἡλίου
2828 1299 2889 1355 τὸ
2936 1300 3073 1369 φῶς,
3104 1303 3199 1354 καὶ
3231 1302 3291 1352 ὲν
3338 1300 3522 1372 ἡμέρᾳ
3575 1301 3719 1371 μέσῃ

2129 1395 2302 1450 νύκτα
2348 1396 2519 1459 τιθεὶς
2541 1437 2556 1462 ,
2592 1396 2681 1449 ἵνα
2716 1394 2791 1466 μὴ
2816 1394 3104 1466 ἄνθρωπον
3134 1392 3325 1458 ἁπλῶς
3366 1392 3499 1466 ψιλῇ
3526 1435 3541 1459 ,
3573 1395 3719 1446 κατὰ

2132 1491 2215 1554 σὲ,
2246 1490 2509 1562 συναφείᾳ
2541 1488 2926 1560 τετιμημένον,
2947 1490 3012 1558 τῇ
3047 1487 3183 1557 πρὸς
3222 1503 3314 1555 γε,
3343 1488 3506 1555 φημὶ,
3529 1486 3621 1539 τὸν
3653 1489 3721 1541 ἐκ

2118 1582 2265 1636 Θεοῦ
2285 1582 2479 1651 Λόγον,
2509 1580 2865 1651 ὁμολογῶμεν
2896 1580 3090 1633 αὐτόν’
3107 1579 3237 1631 Θεὸν
3259 1579 3316 1631 δὲ
3338 1579 3543 1650 μᾶλλον
3572 1574 3717 1632 εῖναι

2131 1674 2537 1743 πιστεύσωμεν,
2571 1675 2628 1729 ἐν
2656 1672 2788 1726 εἴδει
2820 1671 2899 1746 τῷ
2932 1672 3053 1726 καθ’
3090 1673 3261 1742 ἡμᾶς,
3298 1673 3394 1725 καὶ
3422 1674 3481 1725 ἐν
3509 1675 3574 1743 τῇ
3620 1673 3717 1725 τού

448 1767 611 1819 batur
640 1761 815 1828 adest,
839 1768 894 1814 et
919 1758 1061 1828 quod
1081 1756 1210 1811 olim
1235 1764 1295 1809 ut
1318 1754 1455 1809 Deus
1480 1752 1596 1807 fore
1623 1749 2026 1820 ptu‘tttlttliavil,

2132 1766 2319 1820 δούλου
2373 1767 2579 1837 μορφῇ,
2628 1762 2971 1835 μεμνημένοι
3000 1762 3089 1816 διὰ
3124 1764 3308 1834 φωνῆς
3333 1763 3497 1832 ἁγίου
3527 1761 3718 1831 λέγον-

448 1871 550 1912 suo
576 1864 820 1925 tempore
847 1849 1109 1921 implevit,
1149 1846 1440 1903 cruciﬁxus
1462 1844 1794 1899 humanitus.
1815 1841 2027 1896 leum

448 1961 685 2018 namque
744 1941 1133 2015 propemodum
1195 1937 1433 1993 tenebris
1496 1947 1745 2004 tauquam
1820 1931 2026 2000 lugubri

448 2050 599 2096 veste
642 2052 703 2094 se
735 2036 906 2092 induit
933 2051 950 2101 ;
980 2033 1060 2089 sol
1091 2032 1281 2097 etiam,
1314 2045 1437 2084 cmn
1491 2029 1766 2083 radiorum
1807 2040 2029 2081 suorum

447 2131 712 2201 fulgorem
747 2142 851 2183 non
892 2126 1032 2181 ultra
1067 2125 1135 2180 lis
1168 2124 1342 2189 daret,
1383 2121 1471 2190 qui
1508 2119 1767 2174 adversus
1813 2118 2032 2172 univer-

447 2238 632 2279 sorum
663 2221 946 2276 Dominum
976 2232 1040 2271 ac
1069 2217 1233 2270 Deum
1273 2214 1584 2282 petulanter
1610 2210 1874 2266 insultare
1908 2208 2028 2264 ausi

447 2314 682 2376 fuerant,
717 2310 973 2365 tenebras
1020 2306 1204 2360 animo
1250 2305 1464 2358 illorum
1520 2317 1588 2357 ac
1639 2303 1806 2357 menti
1851 2299 2032 2355 oliua-

448 2404 656 2461 dendas
684 2401 1087 2474 praenuntiavit.
1122 2398 1311 2453 Psallit
1338 2399 1482 2450 enim
1516 2397 1581 2449 de
1612 2394 1744 2463 ipsis
1774 2393 2029 2448 nimirum

448 2500 611 2554 etiam
637 2498 827 2553 beatus
858 2493 1067 2549 David:
1105 2509 1125 2543 ι
1172 2487 1546 2545 Obscurentur
1572 2487 1716 2542 oculi
1742 2502 1928 2542 eorum
1966 2502 2033 2542 ne

452 2592 685 2655 videant,
714 2600 769 2645 et
790 2589 1009 2643 dorsum
1040 2597 1228 2638 eorum
1265 2595 1481 2650 semper
1527 2580 1748 2637 incurva
1771 2580 1837 2634 ⁸⁸.
1871 2600 1890 2630 ι
1936 2577 2030 2634 Di-

453 2694 665 2754 reptum
700 2691 784 2736 est
807 2681 970 2736 etiam
1000 2672 1185 2731 velum
1228 2673 1437 2744 templi,
1480 2682 1537 2727 ιιι
1569 2672 1621 2727 in
1653 2688 1776 2727 eum
1807 2672 2033 2726 creden-

449 2779 595 2832 tibus
622 2776 895 2846 detegeret
934 2771 1049 2841 jam
1097 2768 1297 2823 Sancta
1329 2778 1679 2834 sanctorum,
1735 2776 1787 2820 et
1843 2764 2031 2819 intima

451 2871 540 2927 illa
568 2867 867 2943 penetralia
900 2866 1302 2921 demonstraret
1337 2876 1350 2913 :
1399 2869 1656 2928 tanquam
1695 2873 1799 2912 non
1856 2859 2034 2912 adlmc

452 2965 686 3018 habente
718 2969 918 3015 statum
951 2955 1134 3025 priore
1160 2951 1250 3007 illo
1282 2950 1653 3015 tabernaculo,
1678 2950 1773 3005 sed
1802 2948 1915 3018 jam
1950 2964 2033 3003 re-

452 3058 624 3111 velata
653 3062 965 3109 sanctorum
1000 3049 1084 3104 via
1107 3047 1176 3114 “,
1216 3045 1474 3103 nimirum
1510 3044 1598 3099 illa
1641 3059 1761 3114 qua:
1793 3043 1941 3099 ducit
1979 3044 2030 3097 in

453 3146 654 3202 Sancta
689 3151 1021 3201 sanctorum.
1072 3137 1273 3194 Sancta
1312 3136 1458 3192 enim
1489 3145 1608 3191 erat
1638 3133 1826 3205 procul
1869 3133 2033 3188 dubio

455 3242 570 3306 ipsa
602 3237 685 3291 lex
711 3248 950 3305 quoque,
991 3230 1190 3302 quippe
1222 3226 1591 3300 qnzejustitiae
1638 3237 1757 3283 erat
1805 3227 2033 3291 arbitra,

451 3343 510 3383 et
544 3328 863 3397 paedagogus
902 3325 968 3379 ad
1021 3319 1412 3378 Christum“:
1458 3320 1555 3376 sed
1599 3318 1753 3390 longe
1796 3318 2036 3374 sanctior

457 3419 778 3489 intelligitur
811 3417 899 3471 illa
932 3417 986 3471 in
1031 3415 1247 3470 Christo
1280 3416 1410 3479 vita,
1440 3421 1497 3468 et
1527 3412 1619 3468 illo
1645 3413 1713 3483 ⁸ἱιι
1745 3411 1953 3466 umbris
1982 3420 2036 3465 et.

451 3511 641 3581 llguris
666 3510 809 3565 cultu
833 3507 1176 3579 praestantior
1204 3520 1270 3561 ac
1298 3505 1489 3560 melior
1517 3505 1561 3560 is
1595 3505 1687 3575 qui
1728 3504 1781 3558 in
1836 3503 2031 3573 spiritu

451 3615 507 3659 et
541 3604 769 3657 veritate
796 3599 1105 3655 exhibetur.
1139 3598 1221 3651 An
1261 3611 1391 3652 vero
1420 3612 1527 3651 non
1566 3596 1748 3651 divina
1783 3605 1838 3650 et
1870 3610 2034 3665 supra

455 3695 688 3751 hominis
748 3703 994 3747 naturam
1024 3689 1287 3761 ejusmodi
1326 3697 1453 3744 sunt
1484 3687 1693 3758 opera?
1723 3703 1902 3743 nonne
1943 3703 2037 3741 sa-

452 3788 648 3844 lntaris
688 3785 777 3841 illa
823 3784 1005 3855 passio
1049 3783 1357 3839 versatilem
1410 3782 1557 3835 illum
1594 3781 1830 3852 gladium
1879 3781 2036 3835 culti-

455 3884 590 3948 lmil,
639 3893 693 3936 et
749 3880 1022 3935 hominem
1078 3893 1266 3933 rursus
1312 3877 1364 3931 in
1418 3876 1727 3947 paradisum
1781 3873 2037 3929 induxit?

454 3975 599 4031 Dixit
630 3975 771 4029 enim
825 3970 1078 4028 Christus
1107 3969 1265 4025 simul
1296 3983 1558 4038 suspenso
1603 3967 1795 4021 latroni
1833 3985 1846 4019 :
1878 3984 1897 4017 ι
1929 3964 2038 4019 llo-

454 4069 541 4123 die
573 4080 784 4122 mecum
816 4065 928 4120 eris
960 4064 1014 4117 in
1053 4063 1305 4133 paradiso
1330 4059 1395 4114 ⁸⁸.
1437 4078 1456 4111 ι
1496 4057 1687 4114 Nonne
1716 4056 1919 4113 all‘ulsit
1954 4058 2037 4111 bis

2128 1876 2225 1924 τος
2244 1876 2258 1890 ο
2298 1877 2316 1911 ι
2354 1857 2465 1912 Καὶ
2495 1856 2701 1910 ἐνδύσω
2728 1856 2819 1910 τὸν
2850 1856 3079 1927 οὐρανὸν
3103 1855 3315 1921 σκότος,
3339 1856 3435 1908 καὶ
3465 1854 3615 1926 θήσω
3642 1855 3719 1919 ὡς

2134 1952 2338 2006 σάκκον
2364 1949 2425 2004 τὸ
2457 1947 2807 2021 περιϐόλαιον
2855 1946 3043 2002 αὑτοῦ.
3083 1966 3102 1999 ι
3140 1947 3314 2011 Αὐτὸς
3347 1949 3456 2018 γάρ
3486 1949 3513 2000 6
3540 1947 3720 2001 λαλῶν

2133 2043 2387 2114 πάρεστι,
2438 2041 2534 2094 καὶ
2580 2039 2608 2093 ὃ
2650 2039 2820 2094 πάλαι
2871 2038 3299 2110 προμεμήνυκεν
3342 2039 3600 2106 ἐσόμενον
3641 2037 3720 2101 ὡς

2131 2134 2286 2198 Θεὸς,
2320 2133 2608 2204 ἐπλήρωσε
2634 2130 2778 2185 κατά
2807 2130 3036 2202 καιροὺς
3063 2128 3423 2201 ἀνθρωπίνως
3450 2130 3689 2201 σταυρού
3707 2160 3719 2169 -

2132 2242 2315 2298 μενος.
2360 2224 2664 2295 Μονονουχὶ
2707 2222 2816 2294 γὰρ
2864 2220 3125 2277 ,πενθικδν
3175 2222 3390 2290 ἱμάτιον
3424 2224 3453 2275 6
3486 2221 3721 2293 οὐρανὸς

2130 2318 2224 2372 τὸν
2256 2316 2446 2371 σκότον
2480 2316 2752 2387 ὑπέσχετο
2771 2331 2783 2343 ·
2817 2316 2846 2368 6
2874 2314 3025 2385 ἣλιος
3054 2313 3109 2367 δὲ
3137 2313 3247 2366 τῶν
3272 2312 3507 2366 ἀκτίνων
3535 2311 3596 2367 τὸ
3626 2312 3719 2366 σέ-

2131 2410 2230 2473 λας
2254 2408 2438 2463 οὐκέτι
2476 2408 2651 2471 διδοὺς
2677 2409 2788 2470 τοῖς
2817 2405 3218 2477 ὲμπαροινῆσαι
3246 2403 3607 2475 τετολμηκόσι
3638 2401 3717 2473 τῷ

2132 2503 2240 2557 τῶν
2268 2503 2406 2557 ὅλων
2430 2503 2678 2574 Δεσπότῃ
2705 2500 2799 2555 καὶ
2826 2499 2966 2570 Θεῷ,
2984 2499 3076 2552 τὸν
3104 2501 3184 2563 είς
3215 2497 3340 2552 νοῦν
3372 2498 3466 2551 καὶ
3487 2495 3719 2568 καρδίαν

2133 2597 2394 2668 ἐσόμενον
2439 2596 2624 2660 αὐτοῖς
2668 2595 3212 2667 προκαταμεμήνυκε
3246 2591 3457 2646 σκότον.
3511 2590 3719 2644 Ψάλλει

2132 2692 2243 2761 γάρ
2272 2705 2375 2743 που
2398 2688 2493 2743 καὶ
2517 2690 2547 2743 6
2577 2687 2850 2758 μακάριος
2873 2686 3041 2740 Δαϐὶδ
3074 2684 3205 2756 περὶ
3239 2682 3419 2737 αὐτῶν
3437 2700 3453 2716 ο
3484 2701 3503 2733 ι
3525 2682 3718 2734 Σκοτι-

2136 2780 2421 2853 σθήτωσαν
2451 2780 2501 2833 οἱ
2546 2777 2819 2850 ὀφθαλμοὶ
2847 2775 3047 2840 αὐτῶν,
3080 2774 3174 2829 τού
3218 2774 3293 2846 μὴ
3325 2772 3569 2843 βλέπειν,
3616 2770 3718 2825 καὶ

2131 2871 2225 2926 τὸν
2272 2870 2440 2926 νῶτον
2480 2869 2660 2923 αὐτῶν
2705 2869 2998 2932 διαπαντὸς
3034 2867 3380 2938 σύγκαμψον.
3415 2885 3433 2918 ι
3477 2866 3716 2939 Διερῤἡ-

2133 2979 2298 3032 γνυτο
2345 2962 2404 3016 δὲ
2451 2961 2545 3017 καί¹
2590 2962 2652 3015 τὸ
2685 2962 3092 3032 καταπέτασμα
3136 2961 3231 3014 τοῦ
3281 2959 3437 3025 ναοῦ,
3484 2962 3598 3023 τοῖς
3637 2961 3718 3022 εἰς

2136 3056 2299 3111 αὑτὸν
2357 3057 2707 3110 πιστεύουσιν
2744 3053 3082 3108 ὲκκαλύπτθν
3129 3053 3230 3126 ῆδη
3276 3040 3347 3107 τὰ
3384 3053 3558 3123 Ἀγια
3606 3050 3721 3105 τῶν

2138 3149 2331 3217 ἁγίων,
2377 3147 2474 3203 καὶ
2514 3147 2581 3203 τὰ
2623 3148 2878 3201 ἐσωτάτω
2924 3145 3204 3201 δεικνύονο
3256 3146 3336 3211 ὼς
3380 3146 3567 3200 ούκέτι
3620 3148 3719 3216 μὲν

2134 3239 2368 3312 ἐχούσης
2402 3240 2590 3294 στάσιν
2612 3240 2708 3310 τῆς
2740 3238 2965 3311 πρώτης
2993 3238 3219 3310 σκηνῆς,
3248 3236 3719 3309 πεφανερωειένος

2133 3331 2192 3385 δὲ
2228 3332 2330 3406 ῆδη
2356 3333 2455 3404 τῆς
2486 3331 2595 3385 τῶν
2631 3331 2801 3400 ἁγίων
2830 3330 2973 3393 ὁδοῦ,
3002 3329 3162 3399 δῆλον
3198 3329 3255 3383 δὲ
3285 3330 3369 3384 ὅτι
3402 3329 3502 3400 τῆς
3534 3330 3615 3391 εἰς
3651 3330 3722 3382 τά

2141 3424 2308 3492 ’Ἅγια
2342 3424 2450 3478 τῶν
2477 3423 2671 3492 ἁγίων
2704 3424 2861 3491 ἆγιος
2888 3421 2985 3492 μὲν
3018 3421 3128 3494 γὰρ
3156 3419 3604 3492 ὁμολογουμένως
3626 3419 3724 3473 καὶ

2138 3517 2166 3568 6
2194 3516 2354 3586 νόμος
2387 3511 2476 3587 ἦν,
2510 3516 2593 3568 ὅτι
2627 3515 2721 3567 καὶ
2743 3513 3088 3584 δικαιοσύνης
3114 3513 3402 3584 πρύτανις,
3438 3512 3635 3581 γέγονε
3663 3512 3721 3564 δὲ

2138 3608 2235 3662 καὶ
2294 3607 2642 3675 παιδαγωγὸς
2701 3607 2782 3671 εἰς
2831 3606 3097 3677 Χριστόνο
3155 3606 3432 3675 ἀγιωτέρα
3488 3621 3552 3674 γε
3613 3604 3721 3675 μὴν

2137 3699 2487 3771 ἀσυγκρίτως
2531 3700 2564 3770 ἡ
2600 3701 2656 3751 ὲν
2688 3697 2911 3769 Χριστῷ
2958 3700 3160 3752 νοεῖται
3208 3697 3362 3769 ζωὴ,
3396 3695 3493 3751 καλ⁵
3524 3695 3626 3765 τῆς
3662 3698 3722 3749 ὲν

2140 3794 2367 3865 σκηναῖς
2398 3790 2416 3865 Ῐ
2441 3792 2527 3846 la.
2565 3788 2788 3863 σκιαῖς]
2818 3792 2912 3844 καὶ
2937 3790 3127 3856 τύποις
3152 3790 3409 3861 λατρείας
3447 3806 3721 3862 προφερε-

2140 3885 2308 3955 στέρα
2352 3900 2411 3936 τε
2456 3881 2551 3935 καὶ
2597 3882 2654 3934 ἐν
2704 3880 2985 3953 ἀμείνοσιν
3029 3882 3063 3951 ἠ
3108 3882 3164 3933 ἐν
3204 3879 3480 3951 πνεύματί
3520 3897 3581 3932 τε
3630 3881 3722 3934 καὶ

2138 3977 2389 4050 ἀληθείᾳ.
2420 3973 2569 4048 'Apa
2610 3974 2733 4044 οὐχὶ
2778 3974 3094 4046 θεοπρεπῆ,
3130 3973 3228 4028 καὶ
3263 3974 3404 4045 ὑπὲρ
3429 3970 3722 4045 ἀνθρώπου

2139 4069 2302 4137 φύσιν
2348 4067 2417 4120 τὰ
2444 4066 2623 4120 τοιάδε
2667 4064 2773 4119 τῶν
2808 4064 3250 4135 κατορθωμάτων
3277 4060 3386 4117 εἷεν
3415 4064 3518 4127 av;
3548 4064 3624 4116 Ού
3662 4063 3723 4115 τδ

453 4159 543 4229 qui
572 4159 626 4212 in
654 4156 897 4212 tenebris
920 4166 1102 4216 erant,
1132 4170 1252 4208 cum
1280 4160 1549 4223 potestate
1579 4151 1900 4213 inclamans,
1933 4148 2038 4203 lte-

453 4247 820 4307 velamini"?
864 4246 1158 4301 Evacuavit
1209 4245 1356 4304 enim
1409 4242 1616 4297 inferos
1669 4253 1726 4296 ut
1781 4241 1941 4305 Deus,
1985 4248 2030 4294 et

2141 4248 2438 4319 ῥομφαίαν,
2473 4248 2825 4317 είσκεκόμικε
2859 4245 2915 4299 δὲ
2956 4245 3120 4301 πάλιν
3169 4247 3227 4300 ὲν
3276 4245 3352 4316 τῷ
3408 4246 3729 4319 παραδείσῳ

454 4358 573 4408 eos.
616 4342 705 4412 qui
736 4340 808 4394 ibi
838 4349 1018 4399 erant,
1068 4352 1097 4390 a
1151 4335 1383 4389 vinculis
1424 4335 1685 4388 relaxavit
1710 4334 1778 4387 ⁸⁸.
1816 4335 1879 4388 Et
1924 4335 2030 4404 ipse

2140 4318 2231 4393 τὸν
2283 4339 2601 4411 άνθρωπονς
2640 4340 2783 4410 Ἔφη
2820 4339 2930 4410 γάρ
2958 4339 2987 4390 6
3014 4338 3247 4408 Χριστὸς
3294 4336 3373 4408 τῷ
3404 4318 3715 4407 συγκρεμα»

454 4444 573 4491 erat
609 4433 702 4504 qui
761 4431 890 4485 olim
951 4429 1017 4481 ad
1073 4424 1526 4496 patientissimum
1579 4422 1693 4479 Job'
1737 4426 2030 4479 clainavit:

2147 4429 2292 4501 μένῳ
2321 4431 2519 4502 λῃστῇ·
2557 4450 2575 4482 ι
2612 4431 2861 4502 Σήμερον
2892 4431 3017 4502 μετ’
3039 4427 3174 4499 ἐμοῦ
3210 4429 3310 4501 ian
3342 4432 3401 4482 ὲν
3429 4428 3511 4500 τῷ
3546 4445 3733 4501 παρα-

459 4546 479 4581 ι
522 4525 728 4580 Venisti
758 4521 828 4577 ad
861 4520 1087 4573 fundum
1129 4517 1319 4583 maris,
1356 4524 1412 4570 et
1448 4517 1502 4569 in
1544 4516 1825 4586 profundis
1851 4518 2030 4587 abyssi

2143 4524 2323 4596 δείσῳ.
2361 4544 2377 4575 ι
2411 4526 2525 4578 Ούκ
2558 4522 2843 4592 ἐπέλαμψε
2872 4525 2983 4586 τοῖς
3008 4522 3066 4576 ἐν
3098 4523 3295 4593 σκότῳ,
3329 4521 3448 4592 μετ’
3480 4521 3731 4587 ἐξουσίας

454 4611 855 4673 deambulasti?
888 4610 1291 4680 Aperiunlurue
1342 4606 1439 4661 tibi
1483 4615 1629 4660 metu
1676 4616 1845 4675 porta:
1888 4622 2030 4660 inor-

2142 4617 2430 4684 ὲπιφωνῶν
2482 4614 2541 4669 τό
2565 4659 2581 4683 ,
2634 4614 3113 4687 Ἀνακαλύφθητε;
3161 4613 3452 4668 Κεκένωκε
3489 4615 3601 4687 γάρ
3641 4615 3732 4667 τὸν
3758 4599 3791 4619 ’

458 4710 566 4770 tis,
621 4717 675 4759 et
726 4703 992 4773 janitores
1038 4699 1260 4768 inferni,
1296 4709 1347 4755 te
1393 4709 1708 4770 conspecto,
1746 4710 1871 4753 sunt
1929 4708 2030 4754 ter-

2143 4709 2277 4781 ᾇδην
2302 4709 2377 4773 ὡς
2404 4708 2559 4773 Θεὸς,
2594 4710 2689 4761 καὶ
2716 4707 2933 4779 δεσμῶν
2962 4707 3132 4778 ἀνῆκε
3157 4705 3286 4770 τοὺς
3318 4706 3374 4758 ἐν
3405 4704 3559 4776 αύτῷ
3578 4722 3592 4735 ·
3636 4703 3734 4758 καὶ

456 4796 641 4852 riti”?
697 4814 719 4848 ι
751 4795 860 4850 Cur
904 4794 1068 4864 igitur
1111 4807 1199 4849 res
1243 4794 1379 4847 adeo
1428 4792 1641 4847 divinas
1679 4791 1768 4846 uni
1814 4804 1882 4847 es
1933 4806 2030 4849 no-

2145 4802 2310 4865 αύτὸς
2336 4798 2404 4872 ἦν
2423 4800 2455 4852 6
2487 4802 2654 4854 πάλαι
2685 4800 2822 4871 βοῶν
2848 4800 2984 4871 πρὸς
3014 4799 3105 4852 τὸν
3124 4795 3738 4868 τληπαοέστατον⁹1ώ6⁸

454 4900 568 4947 stru
602 4900 830 4944 numero
860 4896 912 4941 et
946 4886 1148 4940 homini
1197 4884 1369 4939 solum
1404 4886 1641 4940 tribuere
1684 4901 1792 4941 non
1840 4886 2030 4941 erube-

2151 4892 2382 4957 ιἿιλθες
2416 4896 2510 4947 ἐπὶ
2533 4892 2712 4965 πηγὴν
2744 4893 3042 4963 θαλάσσης,
3073 4894 3130 4945 ὲν
3161 4891 3219 4944 δὲ
3254 4889 3457 4960 ἴχνεσιν
3489 4889 3739 4943 ἀϐύσσου

454 4980 608 5040 scis?
659 4978 835 5052 Ipsum
886 4991 1122 5047 namque
1181 4975 1272 5031 Dei
1305 4975 1565 5043 \‘crbum,
1616 4987 1837 5048 accepta
1887 4978 2030 5033 servi

2145 4984 2560 5057 περιεπάτησας
2581 5002 2595 5051 ;
2615 4982 2948 5052 Ἀνοίγονταί
2985 4999 3065 5035 σοι
3092 4983 3243 5053 φόϐῳ
3271 4980 3437 5033 πύλαι
3475 4981 3741 5045 θανάτου,

454 5082 651 5141 lorma,
678 5088 803 5128 cum
834 5070 986 5126 carni
1018 5078 1073 5125 et
1102 5069 1352 5140 sanguini
1396 5072 1872 5139 cummuuicasset,
1900 5067 2030 5142 pro;

2144 5078 2384 5149 πυλωροὶ
2413 5076 2470 5130 δὲ
2500 5076 2625 5148 ᾅδου
2659 5076 2859 5138 ἰδόντες
2896 5091 2954 5127 σε
2983 5072 3262 5145 ἕπτηξαν;
3306 5092 3323 5124 ι
3357 5072 3424 5125 Τί
3451 5073 3642 5125 τοίνυν
3671 5072 3743 5125 τά

456 5169 632 5239 prium
659 5181 855 5236 corpus
872 5158 1093 5235 propter
1108 5180 1208 5219 nos
1227 5163 1384 5217 morti
1406 5164 1535 5217 dare
1554 5178 1657 5216 non
1682 5163 1963 5235 refugisse,
1982 5174 2030 5220 et

2145 5171 2225 5223 ἔτι
2256 5168 2366 5241 [ῖσ.
2400 5168 2566 5238 οὕτω]
2595 5168 2878 5239 θεοπρεπῆ
2909 5165 3017 5219 τῶν
3047 5165 3343 5235 καθ”ήμᾶς
3387 5163 3468 5216 ἑνὶ
3514 5164 3613 5216 καὶ
3642 5163 3732 5215 ἁν-

455 5279 577 5319 cum
601 5273 745 5320 esset
762 5277 829 5317 ex
850 5271 1045 5316 natura
1064 5258 1405 5331 impatibilis,
1426 5273 1590 5313 carne
1605 5271 1822 5329 passum
1842 5273 2030 5329 sponte

2146 5261 2349 5334 θρώπῳ
2378 5263 2525 5333 μόνῳ
2548 5262 2872 5332 προσνέμων
2903 5260 3005 5313 οὑκ
3029 5258 3288 5331 ἐρυθριᾷς
3309 5273 3324 5323 ;
3348 5258 3473 5310 ’Ότι
3511 5255 3624 5327 γὰρ
3646 5256 3749 5309 αύ-

462 5352 616 5426 ]37
642 5356 826 5422 fuisse,
851 5355 1010 5412 (idem
1035 5354 1196 5410 faciet
1224 5354 1410 5409 beatus
1432 5349 1631 5405 Paulus
1652 5366 1774 5405 cum
1800 5352 1994 5406 scribit
2020 5370 2030 5403 :

2146 5356 2235 5420 τὸς
2266 5357 2295 5409 6
2331 5354 2424 5408 τοῦ
2454 5354 2590 5408 Θεοῦ
2615 5354 2806 5423 Λόγος,
2844 5351 3061 5425 μορφὴν
3084 5350 3271 5406 δούλου
3303 5347 3511 5426 λαϐὼν,
3534 5347 3744 5419 σαρκός

463 5423 730 5503 ἶ
776 5457 997 5518 agentes
1048 5446 1224 5513 Patri,
1276 5443 1368 5515 qui
1419 5458 1517 5498 nos
1565 5441 1759 5513 dignos
1806 5440 1932 5496 iecit
1982 5441 2030 5495 in

2147 5462 2206 5499 τε
2237 5446 2329 5500 καὶ
2359 5446 2587 5517 αἵματος
2629 5443 3043 5515 κεκοινωνηκὼς
3065 5483 3080 5507 ,
3120 5443 3389 5513 ἠνέσχετο
3424 5423 3527 5513 μέν
3555 5438 3748 5492 δοῦναι.

2142 4163 2405 4227 σωτήριον
2435 4156 2607 4219 πάθος
2658 4154 3010 4225 δεδυσώπηκε
3060 4155 3159 4225 μὲν
3195 4155 3296 4226 τὴν
3340 4152 3723 4226 στρεφομένην

494 5628 561 5660 ’³⁸
599 5624 787 5681 Matth.
819 5641 987 5689 mm,
1015 5626 1102 5679 ιιι.
1177 5626 1224 5658 ⁸·
1252 5623 1352 5679 Iszl.
1388 5641 1437 5687 ι..
1466 5625 1520 5678 5.
1596 5621 1642 5653 ⁸³
1673 5619 1812 5673 Psal.
1844 5635 2030 5687 ωινιιι,

2135 5665 2147 5677 .
2226 5622 2269 5652 ³⁸
2295 5620 2455 5676 llebr.
2493 5638 2569 5690 tr,
2600 5623 2654 5679 8.
2734 5584 2779 5655 δ’
2815 5620 2995 5677 Galat.
3028 5636 3114 5687 ιιι,
3147 5617 3239 5672 24.
3318 5616 3365 5649 ⁸⁸
3402 5614 3538 5673 Luc.
3582 5630 3753 5689 asin,

464 5700 532 5753 45
630 5700 671 5728 ’⁷
704 5700 804 5751 Ιιι.ι.
841 5683 991 5759 .\t.t\',
1024 5699 1106 5750 i9.
1182 5696 1227 5726 "
1259 5698 1275 5750 Ι
1311 5683 1450 5749 l’ctr.
1495 5711 1574 5763 ιιι,
1620 5693 1701 5745 ιν.
1778 5690 1822 5721 ⁸³
1853 5691 1954 5746 Job
2018 5683 2030 5746 ᾖ

2135 5706 2252 5757 γιιι,
2298 5692 2385 5758 Π,
2433 5693 2516 5747 i8.
2555 5683 2566 5690 ⁷
3100 5683 3109 5687 ’
3704 5683 3711 5689 ’
