4014 6128
309 352 401 411 257
1368 324 1740 398 aovsnsUs
1779 334 2187 394 NESTORIUM
2223 335 2351 394 LIB.
2389 336 2454 392 v.
3474 339 3581 397 sas

311 472 381 545 τῷ
425 472 650 544 θανάτῳ
692 472 751 526 τὸ
792 469 927 524 ἴδιον
966 465 1126 537 σῶμα
1171 464 1241 518 δι’
1289 465 1460 535 ἡμᾶς,
1497 462 1591 517 καὶ
1623 460 1890 534 ὑπάρχων

1998 468 2204 530 partem
2245 457 2409 513 sortis
2444 465 2758 511 sanctorum
2796 456 2848 509 in
2876 453 3101 521 lumine,
3130 455 3222 522 qui
3255 457 3455 528 eripuit
3484 474 3583 514 nos

312 565 524 637 ἀπαθὴς
553 563 694 618 κατὰ
740 560 923 633 φύσιν,
973 557 1140 637 σαρκὶ
1172 548 1444 610 πέπονθεν
1483 554 1648 619 ἑκὼν,
1686 551 1893 607 πιστώ-

1998 555 2063 607 tle
2102 557 2370 621 potestate
2413 549 2785 613 tenebrarum,
2835 555 2891 603 et
2939 546 3215 603 transtulit
3255 549 3309 603 in
3358 565 3583 619 regnum

313 671 460 710 σεται
495 653 720 726 γράφων
744 653 772 705 ὁ
794 651 1072 718 πάνσοφος
1099 647 1335 709 Παῦλος·
1371 665 1389 697 ι
1427 641 1893 716 Εύχαριστοῦντες

1997 644 2116 700 Filii
2145 643 2449 699 dilectionis
2474 656 2607 707 suae,
2631 642 2684 696 in
2707 654 2816 711 quo
2839 640 3104 697 habemus
3127 641 3580 713 redemptionem,

310 745 379 817 τῷ
411 745 588 815 Πατρὶ
616 742 695 815 τῷ
738 739 1069 796 ἱκανώσαντι
1127 739 1273 809 ἡμᾶς
1310 738 1393 800 εἰς
1421 735 1522 807 τὴν
1562 733 1758 805 μερίδα
1794 732 1892 787 τοῦ

2061 735 2374 797 missionem
2404 740 2788 805 peccatorum;
2817 733 2907 802 qui
2946 740 3031 787 est
3078 733 3258 802 imago
3295 734 3387 789 Dei
3434 734 3581 792 invi-
3637 762 3646 772 -

312 837 508 909 κλήρου
548 834 659 889 τῶν
689 833 860 904 ἁγίων
906 832 965 885 ὲν
996 828 1075 900 τῷ
1111 828 1273 899 φωτὶ,
1320 826 1381 891 ὃς
1429 825 1704 899 ὲρῤύσατο
1747 824 1895 896 ἡμᾶς

2000 828 2194 895 sibilis,
2228 826 2623 898 primogenitus
2669 825 2847 881 omnis
2876 834 3178 893 creaturae;
3213 827 3338 898 quia
3380 827 3433 882 in
3468 829 3585 898 ipso

313 930 372 983 ἐκ
389 928 495 999 τῆς
517 926 769 993 ἐξουσίας
796 923 894 977 τοῦ
930 922 1177 984 σκότους,
1209 919 1305 973 καὶ
1334 919 1671 989 μετέστησεν
1694 918 1775 980 είς
1798 915 1894 986 τὴν

2001 920 2219 977 condita
2248 927 2373 975 sunt
2400 917 2581 973 omnia
2624 918 2674 971 in
2707 916 2858 972 cmlis
2893 924 2948 970 et
2981 916 3033 970 in
3067 924 3235 982 terra,
3268 916 3505 972 visibilia
3532 929 3586 972 et

316 1020 585 1092 βασιλείαν
617 1017 712 1072 τοῦ
740 1014 874 1070 Υἰοῦ
908 1014 1010 1085 τῆς
1057 1012 1280 1081 ἀγάπης
1310 1006 1499 1073 αὐτοῦ,
1533 1010 1592 1061 ὲν
1625 1000 1669 1076 ᾧ
1698 1007 1895 1078 ἔχομεν

2001 1010 2315 1076 invisibilia,
2371 1009 2490 1064 sive
2541 1007 2769 1072 Throni,
2826 1007 2941 1064 sive
2992 1008 3421 1075 Domiuationes,
3473 1009 3586 1065 sive

316 1112 402 1185 τὴν
420 1109 834 1182 ἀπολύτρωσιν,
859 1107 961 1178 τὴν
983 1106 1178 1175 ἄφεσιν
1206 1101 1314 1155 τῶν
1339 1099 1644 1172 ἁμαρτιῶν·
1667 1099 1725 1162 ὃς
1746 1100 1895 1151 ἐστιν

1999 1102 2365 1174 Principatus,
2393 1102 2507 1157 sive
2538 1101 2865 1167 Potestates,
2904 1101 3086 1156 omnia
3119 1116 3215 1171 per
3239 1100 3414 1170 ipsum
3447 1110 3502 1156 et
3531 1102 3584 1157 in

310 1204 469 1260 είκὼν
514 1202 611 1259 τοῦ
662 1201 803 1258 Θεοῦ
850 1199 947 1254 τοῦ
998 1197 1255 1269 ἀοράτου,
1314 1192 1661 1266 πρωτότοκος
1713 1189 1895 1258 πάσης

1998 1196 2175 1266 ipsum
2210 1202 2398 1249 creata
2428 1206 2586 1259 sunt;
2622 1202 2677 1248 et
2720 1194 2834 1262 ipse
2862 1204 2949 1249 est
2988 1203 3115 1249 ante
3144 1195 3348 1257 omnia.
3381 1200 3436 1251 et
3463 1211 3583 1252 0m-

310 1298 536 1362 κτίσεως
554 1314 570 1329 ·
611 1297 694 1351 ὅτι
732 1298 790 1350 ὲν
819 1292 972 1365 αὐτῷ
1010 1289 1237 1359 ἐκτίσθη
1276 1287 1347 1341 τὰ
1373 1286 1550 1340 πάντα
1578 1286 1637 1337 ἐν
1664 1286 1776 1347 τοῖς
1804 1284 1895 1336 ού-

2002 1287 2085 1341 uia
2141 1287 2197 1341 in
2258 1285 2378 1356 ipso
2415 1291 2704 1352 constant;
2752 1294 2806 1340 et
2848 1285 2967 1357 ipse
3008 1294 3092 1341 est
3142 1292 3307 1355 caput
3346 1288 3587 1357 corporis

311 1394 489 1464 ρανοῖς
526 1389 623 1443 καὶ
658 1388 753 1442 ἐπὶ
799 1387 899 1457 τῆς
944 1363 1072 1454 γῆς,
1104 1381 1173 1436 τὰ
1205 1379 1374 1452 ὁρατὰ
1404 1379 1497 1431 καὶ
1543 1376 1612 1430 τὰ
1645 1376 1853 1446 ἀόρατα
1876 1390 1891 1407 ·

2076 1379 2278 1445 (διεξίω,
2307 1378 2397 1448 qni
2426 1385 2514 1433 est
2542 1378 2893 1447 principium,
2922 1377 3316 1447 primogenitus
3345 1394 3411 1433 cx
3443 1396 3588 1433 mor-

307 1484 411 1538 εἴτε
436 1482 659 1553 Θρόνοι,
686 1480 799 1532 εἴτε
821 1476 1182 1548 Κυριότητες,
1212 1473 1322 1526 εἴτε
1367 1469 1583 1553 ’Λρχαὶ,
1617 1469 1729 1521 είτε
1773 1465 1892 1532 Ἐξ-

2000 1470 2147 1526 tuis?
2174 1479 2231 1525 ut
2257 1471 2329 1526 sit
2356 1469 2408 1524 in
2444 1469 2699 1525 omnibus
2748 1470 2862 1541 ipse
2893 1469 3188 1538 primatum
3241 1481 3430 1525 tenens
3454 1471 3521 1526 ’°.
3560 1490 3579 1523 ι

304 1577 511 1639 ουσίαι,
556 1573 625 1626 τὰ
669 1572 852 1625 πάντα
879 1570 944 1622 δι’
975 1566 1138 1621 αὑτοῦ
1170 1565 1264 1619 καὶ
1294 1565 1373 1627 είς
1417 1561 1581 1616 αὐτὸν
1614 1560 1889 1615 ἔκτισται·

2001 1563 2137 1617 Ecce
2157 1561 2271 1630 jam
2306 1562 2651 1632 apertissime
2673 1561 2762 1616 ille
2795 1560 3178 1633 mysteriorum
3204 1558 3297 1616 Dei
3333 1564 3586 1618 sacerdos

306 1668 399 1722 καὶ
434 1666 603 1729 αὐτός
630 1666 747 1717 ἐστι
784 1661 891 1733 πρὸ
921 1660 1161 1722 πάντων,
1193 1657 1289 1711 καὶ
1317 1654 1388 1709 τὰ
1421 1654 1603 1707 πάντα
1643 1653 1702 1704 ὲν
1747 1648 1891 1721 αὐτῷ

2001 1653 2149 1707 illum
2196 1652 2365 1707 Deum
2401 1650 2640 1707 Verbum
2685 1666 2782 1721 per
2830 1666 2990 1721 quem
3039 1652 3220 1704 omnia
3271 1661 3326 1706 et
3374 1653 3428 1707 in
3478 1668 3585 1723 quo

309 1758 609 1826 συνέστηκε
632 1772 646 1785 '
677 1754 772 1807 καὶ
807 1752 967 1813 αὐτός
1011 1752 1160 1803 ἐστιν
1188 1749 1220 1818 ή
1265 1743 1476 1816 κεφαλὴ
1507 1742 1604 1797 τοῦ
1642 1741 1894 1812 σώματος

2002 1745 2202 1811 omnia,
2248 1743 2340 1815 qui
2395 1751 2479 1800 est
2541 1747 2723 1814 imago
2777 1742 2873 1797 Dei
2931 1743 3237 1809 invisibilis,
3289 1746 3437 1799 illum
3490 1761 3587 1816 per

309 1850 409 1919 τῆς
445 1845 794 1916 Ἐκκλησίας,
823 1844 1060 1907 ὃςὲστιν
1091 1840 1236 1910 ἁρχὴ
1258 1877 1274 1902 ,
1323 1836 1670 1908 πρωτότοκος
1696 1834 1762 1886 ὲκ
1788 1830 1894 1886 τῶν

2000 1852 2159 1907 quem
2195 1847 2255 1891 ut
2292 1846 2479 1893 essent
2519 1837 2783 1906 producta
2823 1844 2952 1890 sunt
2995 1846 3050 1892 et
3081 1851 3205 1907 qua:
3255 1838 3307 1892 in
3348 1838 3503 1895 ccelis
3530 1850 3585 1894 et

304 1938 540 2010 νεκρῶν,
584 1936 674 1991 ἴνα
700 1936 930 2004 γένηται
962 1933 1021 1984 ὲν
1070 1931 1238 1983 πᾶσιν
1288 1927 1452 1990 αὐτὸς
1494 1923 1817 1998 πρωτεύων.
1868 1941 1888 1974 ι

2001 1943 2118 2001 qua:
2153 1929 2205 1983 in
2243 1922 2410 1995 terra,
2445 1926 2682 1983 visibilia
2715 1936 2770 1983 et
2819 1928 3137 1996 invisibilia,
3185 1929 3332 1983 illum
3361 1930 3454 2000 qui
3501 1938 3586 1985 est

314 2030 452 2084 Ἰδοὺ
499 2029 564 2099 δὴ
605 2029 701 2081 καὶ
739 2025 886 2096 μάλα
917 2021 1105 2093 σαςρῶς
1152 2023 1181 2074 ὁ
1213 2019 1324 2073 τῶν
1368 2016 1533 2072 αὑτοῦ
1571 2014 1895 2099 μυστηρίων

2001 2028 2124 2075 ante
2169 2020 2378 2085 omnia,
2428 2020 2481 2074 in
2517 2034 2626 2090 quo
2675 2019 2859 2074 omnia
2911 2027 3186 2087 constant,
3236 2021 3411 2091 ipsum
3451 2021 3586 2075 dixit

304 2094 616 2196 ίερουργδς,
652 2094 816 2173 αὑτὸν
842 2116 956 2186 ἔφη
990 2115 1081 2169 τὸν
1110 2100 1177 2167 δι’
1208 2106 1268 2167 οῦ
1296 2111 1366 2165 τὰ
1398 2111 1593 2171 πάντα,
1629 2107 1726 2161 καὶ
1757 2109 1816 2161 ὲν
1849 2094 1889 2175 ᾧ

2000 2122 2159 2185 caput
2188 2128 2310 2169 esse
2337 2112 2523 2169 datum
2557 2112 2836 2180 Ecclesiae,
2870 2123 2926 2169 et.
2957 2113 3132 2183 ipsum
3164 2128 3286 2169 esse
3310 2113 3585 2186 primoge-

298 2218 373 2271 τὰ
406 2215 591 2268 πάντα
622 2213 755 2266 Θεὸν
800 2211 994 2279 Λόγον,
1025 2209 1085 2271 ὃς
1114 2207 1261 2263 ἔστιν
1290 2202 1452 2258 εἰκὼν
1500 2201 1592 2255 τοῦ
1623 2200 1760 2255 Θεοῦ
1799 2198 1883 2253 τοί

1998 2204 2169 2259 nitum
2217 2219 2282 2259 ex
2331 2205 2586 2261 mortuis.
2633 2205 2739 2260 Sed
2797 2205 2943 2261 dices
2999 2206 3232 2261 fortasse
3274 2223 3288 2260 :
3328 2206 3583 2263 Concedo

300 2304 571 2377 ἀοράτου,
606 2300 699 2355 τὸν
725 2299 795 2354 δι’
822 2291 883 2353 οῦ
912 2295 1175 2369 παρήχθη
1218 2292 1355 2367 πρὸς
1387 2290 1621 2363 ὓπαρξιν
1650 2289 1722 2343 τά
1747 2305 1807 2341 τε
1837 2289 1885 2341 ὲν

1997 2296 2249 2367 equidem
2280 2294 2412 2352 illud
2445 2312 2509 2352 ex
2533 2294 2644 2353 Deo
2677 2296 2840 2353 Patre
2868 2298 3106 2353 Verbum
3133 2294 3263 2373 esse
3297 2314 3361 2353 ex
3393 2296 3582 2352 natura

298 2376 421 2461 τοῖς
452 2396 729 2466 ούρανοῖς,
767 2391 863 2445 καὶ
900 2390 970 2444 τὰ
1001 2389 1095 2441 ἐπὶ
1119 2387 1221 2456 τῆς
1263 2384 1388 2456 γῆς,
1416 2382 1485 2439 τὰ
1511 2381 1685 2455 ὁρατά
1710 2397 1771 2434 τε
1800 2376 1883 2433 xui

1999 2389 2198 2456 vitam;
2227 2388 2320 2444 sed
2346 2404 2453 2460 quo
2495 2389 2678 2453 modo,
2718 2403 2895 2460 quave
2928 2390 3138 2444 ratione
3172 2392 3275 2445 vita
3310 2390 3446 2445 mori
3480 2405 3578 2461 po-

292 2488 556 2559 ἀόρατα,
578 2485 671 2538 τὸν
714 2482 846 2537 ὄντα
877 2480 986 2552 πρὸ
1020 2478 1261 2544 πάντων,
1296 2477 1354 2529 ὲν
1449 2474 1519 2529 τὰ
1551 2474 1729 2528 πάντα
1770 2486 1877 2524 σνν-

2001 2481 2141 2535 tuit?
2169 2478 2459 2545 Praeclare,
2494 2482 2801 2537 necessaria
2849 2490 2903 2536 et
2942 2480 3189 2552 pet-utilis
3222 2491 3306 2537 est
3333 2480 3580 2552 quaestio.

298 2580 541 2650 ἐστηκε,
583 2574 827 2645 κεφαλὴν
851 2571 1100 2627 δεδόσθαι
1145 2572 1212 2641 τῇ
1254 2566 1573 2639 Ἐκκλησία,
1607 2565 1704 2618 καὶ
1736 2561 1883 2650 αὐτοὶ

2003 2571 2143 2643 Ergo
2192 2575 2259 2626 ad
2304 2573 2549 2644 mystcrii
2596 2574 2702 2627 vim
2750 2572 2880 2628 iliud
2933 2570 3138 2628 utiliter
3176 2572 3490 2640 assumitur,
3526 2584 3587 2630 ut

292 2646 456 2723 εἶναι
495 2665 841 2736 πρωτότοκον
872 2664 938 2714 ὲκ
958 2659 1188 2731 νεκρῶν.
1205 2657 1345 2712 Ἀλλ’
1373 2656 1541 2721 ἐστιν,
1574 2646 1876 2742 ίσωςὲρεῖς

2004 2663 2367 2734 intelligamus
2419 2674 2584 2735 atque
2632 2654 2798 2719 etiam
2859 2663 3103 2720 dicamus
3145 2665 3321 2735 ipsum
3372 2660 3589 2735 semper

292 2758 460 2815 κατὰ
493 2757 657 2827 φύσιν
685 2755 823 2825 ζωὴ,
853 2755 881 2807 ό
902 2753 965 2805 ὲκ
987 2751 1124 2805 Θεοῦ
1148 2749 1363 2821 Πατρὸς
1384 2748 1554 2817 Λόγος
1572 2763 1586 2777 ·
1614 2738 1730 2800 εἶτα
1760 2743 1876 2808 πῶς

2001 2757 2189 2810 vivens
2232 2762 2287 2810 et
2323 2753 2605 2809 viviﬁcans
2651 2753 2742 2809 Dei
2782 2752 3019 2810 Verbum
3066 2769 3285 2808 carnem
3328 2769 3451 2810 esse
3504 2756 3586 2808 fa-

293 2850 330 2921 ῆ
366 2847 503 2901 vltra
533 2844 599 2917 δὴ
625 2845 832 2917 τρόπον
863 2840 1087 2912 τεθναίη
1185 2839 1335 2911 {cui};
1366 2837 1589 2902 Καλῶς’
1622 2835 1878 2906 ἀναγκαία

2003 2855 2174 2911 ctum,
2207 2844 2312 2900 hoc
2338 2853 2439 2909 est,
2471 2859 2669 2915 corpus
2712 2844 2844 2899 illud
2874 2844 3017 2914 quod
3052 2854 3280 2899 mortem
3312 2844 3588 2915 suscipere

290 2941 395 2996 καὶ
432 2938 743 3009 έπωφελὴς
771 2939 804 3008 ἡ
838 2935 1032 2999 πεῦσις
1055 2951 1069 2965 ·
1095 2932 1295 2987 οὐκοῦν
1335 2933 1414 2996 είς
1438 2931 1535 3002 τὴν
1564 2930 1658 2985 τοῦ
1689 2945 1875 3002 μυστηη

2003 2947 2213 3010 posset,
2247 2937 2530 3009 proprium
2562 2935 2665 2991 sibi
2698 2932 2929 3002 fecisse,
2962 2944 3022 2990 ut
3046 2934 3221 3006 ipsum
3253 2950 3471 3006 passum
3508 2936 3588 2988 in-

291 3032 420 3102 ρίου
455 3029 697 3099 δύναμιν
729 3025 1026 3099 χρησίμως
1060 3022 1551 3095 παραλαμϐάνεται
1600 3023 1681 3089 τὸ,
1719 3023 1876 3096 σάρκι

2005 3028 2302 3099 telligatur,
2351 3026 2477 3099 quia
2532 3028 2812 3099 proprium
2855 3027 3024 3097 ipsius
3065 3041 3285 3097 passum
3333 3035 3420 3082 est
3467 3042 3590 3082 cor-

287 3118 568 3191 γενέσθαι
598 3120 741 3173 νοεῖν
784 3134 845 3170 τε
870 3116 966 3171 καὶ
1007 3115 1209 3185 λέγειν,
1241 3114 1335 3169 τὸν
1364 3113 1451 3170 ἀεί
1481 3131 1539 3168 τε
1571 3114 1769 3181 ζῶντα,
1804 3130 1872 3168 κα

2009 3136 2126 3193 pus.
2162 3120 2255 3176 Sic
2288 3135 2523 3191 namque
2568 3120 2743 3192 ipsum
2776 3119 2980 3174 factum
3011 3117 3281 3189 primitias
3322 3117 3594 3174 dormien-

289 3211 573 3279 ζωοποιὸν
601 3208 698 3263 τοῦ
731 3207 869 3262 Θεοῦ
918 3206 1112 3276 Λόγον,
1144 3206 1443 3272 τουτέστιν,
1490 3204 1621 3261 ἴδιον
1671 3206 1872 3278 ποιήσα

2008 3214 2137 3269 lium
2168 3212 2424 3279 dicimus,
2454 3222 2510 3269 et
2535 3212 2957 3285 primogenitum
2989 3227 3054 3267 ex
3085 3210 3352 3267 mortuis:
3381 3212 3593 3281 positus

291 3303 421 3359 σθαι
456 3301 635 3373 σῶμα
665 3299 728 3353 τὸ
757 3298 989 3354 θανάτου
1035 3297 1305 3363 δεκτικὸν,
1358 3297 1446 3351 ίνα
1488 3299 1676 3367 νοῆται
1706 3297 1876 3352 παθὼ·

2005 3319 2239 3376 namque
2283 3305 2563 3361 nobiscum
2613 3307 2665 3360 in
2718 3314 3072 3360 monumento
3111 3303 3310 3359 dicitur
3339 3302 3434 3375 per
3463 3319 3590 3376 pro-

289 3397 484 3464 αὺτδς,
519 3396 611 3450 ὅτι
649 3392 712 3448 τὸ
737 3393 870 3447 ἴδιον
911 3391 1078 3446 αὑτοῦ
1127 3390 1364 3445 πέπονθε
1394 3390 1575 3462 σῶμα.
1603 3390 1760 3445 Οὕτω
1788 3391 1874 3463 γὰι

2005 3397 2177 3465 priam
2210 3412 2460 3463 carnem,
2506 3398 2596 3467 qui
2630 3408 2875 3454 mortuos
2901 3396 3153 3463 suscitat,
3205 3406 3263 3451 ut
3292 3411 3392 3452 nos
3426 3397 3590 3451 etiam

285 3491 459 3544 αὐτον
490 3486 763 3559 γενέσθαι
812 3484 992 3556 φαμὲν
1021 3483 1280 3555 ἀπαρχὴν
1305 3482 1415 3536 τῶν
1457 3483 1870 3555 κεκοιμημένων

2009 3488 2166 3542 simul
2222 3504 2348 3545 cum
2403 3490 2521 3560 ipso
2568 3490 2912 3546 excitemur:
2959 3490 3101 3546 hanc
3152 3503 3389 3558 namque
3436 3489 3594 3544 nobis

286 3582 389 3637 καὶ
436 3581 807 3653 πρωτότοκον
838 3579 904 3631 ὲκ
943 3574 1173 3648 νεκρῶν.
1211 3575 1500 3630 Τεθεῖσθαι
1527 3575 1636 3647 γὰρ
1678 3576 1871 3644 λέγετα

2004 3580 2284 3636 innovavit
2313 3584 2478 3648 viam,
2508 3593 2561 3638 et
2594 3576 2795 3640 hac'de
2829 3572 2997 3637 causa
3040 3582 3347 3637 humiliavit
3386 3592 3588 3637 semct-

284 3671 415 3744 μεθ’
454 3670 634 3743 ἡμῶν
666 3669 725 3722 έν
761 3668 1006 3738 μνήματι
1038 3664 1127 3718 διὰ
1155 3667 1253 3738 τῆς
1299 3665 1435 3728 ίδίας
1475 3665 1677 3738 σαρκὸς
1726 3666 1755 3719 ό
1802 3666 1869 3721 ἀν

2010 3672 2203 3742 ipsum,
2239 3673 2305 3728 ad
2336 3673 2768 3731 exinanitionem
2797 3675 2851 3731 et
2881 3676 2948 3729 ad
2985 3674 3378 3729 humanitatem
3411 3675 3595 3729 nobis-

282 3764 450 3828 ιστὰς
477 3762 623 3826 τοὺς
655 3760 905 3832 νεκροὺς,
932 3758 1021 3811 ἵνα
1047 3757 1142 3811 καὶ
1163 3759 1327 3828 ἡμεῖς
1355 3756 1775 3828 συνεγερθῶμεν
1801 3757 1866 3810 αὖ

2004 3780 2125 3818 cum
2160 3778 2221 3822 se
2256 3765 2538 3836 dejiciens,
2572 3766 2821 3835 quamvis
2850 3765 2941 3821 ille
2990 3764 3313 3836 Uuigenitus
3346 3764 3488 3821 Deus
3526 3781 3589 3819 ex

275 3856 360 3928 τῷ
380 3866 400 3887 ⁸
436 3853 666 3925 ταύτην
700 3851 809 3923 γὰρ
832 3851 966 3923 ἡμῖν
999 3848 1303 3905 ὲνεκαίνισε
1338 3848 1438 3920 τὴν
1461 3848 1602 3917 ὁδὸν,
1635 3850 1730 3902 καὶ
1767 3848 1860 3902 rati

2008 3868 2198 3913 natura
2233 3868 2375 3914 esset
2410 3868 2464 3912 et
2491 3872 2558 3912 ex
2596 3857 2706 3911 Deo
2739 3855 2902 3911 Patre
2930 3866 3102 3913 ortus.
3142 3856 3247 3911 Sed
3304 3857 3406 3911 iste
3439 3852 3593 3925 putat

273 3962 384 4021 της
430 3950 616 4001 ἓνεκα
661 3945 759 4016 τῆς
799 3943 978 4006 αἰτίας
1023 3941 1425 3995 τεταπείνωκεν
1458 3940 1670 4004 ἑαυτὸν,
1710 3940 1858 3993 καθεῖ

2009 3951 2263 4005 nimirum
2294 3964 2418 4015 eos,
2449 3948 2540 4018 qui
2576 3948 2693 4003 hate
2735 3949 2809 4001 ita
2851 3963 2910 4001 se
2950 3947 3153 4002 habere
3182 3946 3498 4002 existimant
3540 3957 3594 4002 et

269 4043 362 4106 εἰς
390 4040 682 4102 κένωσιν,
713 4035 809 4091 καὶ
838 4037 918 4099 είς
944 4034 1341 4105 ἁνθρωπότητα
1374 4032 1495 4103 μεθ’
1523 4031 1698 4102 ἡμῶν·
1723 4030 1854 4084 καίτι

2009 4055 2133 4098 vere
2161 4023 2430 4107 sentiunt,
2469 4040 2537 4094 ad
2568 4048 2872 4094 extremum
2906 4052 3133 4093 summae
3161 4038 3447 4092 dementiae
3471 4052 3594 4108 per-

271 4134 419 4198 Θεδς
461 4132 553 4187 ὣν
609 4129 812 4202 φύσει,
852 4127 949 4183 καὶ
990 4128 1056 4180 ὲκ
1102 4125 1239 4180 Θεοῦ
1288 4126 1504 4197 Πατρὺς
1550 4124 1832 4197 πεφηνὼς,

2005 4133 2219 4188 venisse
2262 4149 2276 4186 :
2320 4140 2376 4186 ct
2430 4131 2628 4201 ubique
2678 4118 2979 4200 praetexens
3030 4137 3285 4203 oportere
3336 4128 3468 4183 illud
3520 4144 3590 4184 ex

268 4224 648 4298 Μονογενής.
693 4220 838 4275 ’Δλλ’
858 4219 1029 4274 οἴεται
1062 4219 1182 4290 μὲν,
1207 4217 1349 4273 κατὰ
1372 4218 1432 4272 τὸ
1459 4218 1625 4285 εἰκὸς,
1644 4220 1766 4283 τοὺς
1797 4212 1853 4272 tbi

2008 4226 2113 4282 Deo
2147 4222 2313 4280 Patre
2356 4222 2593 4279 Verbum
2643 4221 2946 4292 impatibile
2993 4212 3262 4285 conﬁteri,
3310 4219 3593 4290 dispensa-

268 4318 436 4372 ταῦτ’
489 4316 658 4388 ἔχειν
709 4312 1103 4385 ὑπειληφότας,
1157 4312 1254 4365 καὶ
1314 4309 1529 4381 ἀληθῶς
1581 4311 1853 4377 δοξάζοντο

2010 4317 2170 4374 tionis
2199 4316 2417 4371 modum
2449 4315 2516 4370 ab
2546 4330 2611 4370 eo
2641 4314 2843 4380 aufert,
2876 4324 2930 4371 et
2958 4314 3177 4385 quidem
3215 4313 3267 4368 in
3308 4320 3504 4378 totum,
3541 4320 3595 4367 et

267 4407 719 4482 ὲμϐροντησίας
758 4408 837 4467 είς
869 4405 1023 4477 λῆξιν
1058 4406 1158 4475 τῆς
1186 4402 1447 4457 ἀνωτάτω
1475 4404 1722 4476 δραμεῖν*
1762 4421 1852 4459 σκγ

2010 4408 2404 4480 quodammodo
2432 4407 2594 4480 138
2618 4408 2963 4478 dedignatur,
2994 4417 3088 4461 aut
3117 4404 3345 4468 sentire.
3380 4406 3474 4458 aut
3513 4405 3595 4458 tli-

268 4503 570 4572 πτόμενος
610 4500 677 4552 δὲ
726 4497 1006 4567 πανταχοῦ
1050 4496 1113 4549 τὸ
1140 4497 1251 4548 δεῖν
1285 4495 1476 4565 ἅπαθῆ
1525 4497 1616 4548 τὸν
1663 4498 1729 4550 ὲκ
1760 4496 1853 4550 Θει

2007 4517 2132 4556 cere
2175 4501 2307 4556 illud
2355 4516 2476 4556 esse
2522 4516 2619 4570 pro
2652 4501 2807 4557 nobis
2843 4514 3085 4569 passum,
3117 4498 3368 4567 quamvis
3419 4511 3592 4552 sacra:

218 4650 237 4667 ο
267 4592 507 4664 Πατρὸς
548 4588 731 4662 ἡμῶν
772 4586 1154 4658 ὁμολογεῖσθαι
1182 4585 1378 4655 Λόγον,
1408 4585 1682 4658 ἐξίστησιν
1710 4589 1803 4642 αύτ

2008 4593 2227 4651 Littera:
2280 4609 2448 4650 carne
2495 4608 2715 4664 passum
2764 4592 2971 4658 dicant,
3017 4592 3148 4647 licet
3197 4590 3495 4663 impatibile
3538 4599 3593 4644 et

263 4686 366 4739 καὶ
392 4683 577 4737 τοῦτο
606 4683 702 4744 είς
730 4678 915 4745 ἅπαν,
942 4679 1042 4749 τῆς
1073 4678 1389 4749 οἰκονομίας
1418 4677 1509 4732 τὸν
1535 4680 1736 4749 τρόπον
1758 4696 1771 4711 ·
1799 4681 1848 4733 οἰ

2010 4687 2417 4758 incorporeum,
2469 4686 2594 4755 quia
2639 4700 2836 4754 corpus
2877 4686 3092 4755 passum
3137 4695 3223 4740 est
3261 4684 3430 4754 ipsius
3462 4697 3590 4752 pro-

260 4778 417 4845 ἀξιοί
445 4778 513 4832 δὲ
543 4773 840 4845 ὅ›στπερ,ἢ
880 4773 1120 4845 φρονεῖν,
1160 4771 1192 4844 ἢ
1242 4770 1447 4840 λέγειν,
1498 4772 1581 4824 ὅτι
1630 4770 1845 4827 πέπονθε

2008 4780 2185 4849 prium
2240 4779 2452 4848 ipsique
2495 4777 2726 4831 unitum.
2762 4777 2906 4832 Dixit
2934 4788 3114 4835 autem
3142 4770 3331 4833 rursus
3361 4777 3414 4832 in
3450 4778 3593 4829 hunc

260 4872 416 4942 ὑπὲρ
450 4870 665 4944 ἡμῶν,
703 4868 880 4921 καίτοι
930 4868 1028 4935 τῆς
1073 4863 1435 4919 θεοπνεύστου
1466 4864 1692 4938 Γραφῆς
1732 4866 1897 4938 σαρκὶ
2008 4873 2224 4924 modum
2259 4889 2271 4924 :

258 4966 559 5040 λεγούσης
614 4965 843 5030 παθεῖν,
893 4965 989 5018 καὶ
1016 4961 1204 5036 ἅπαθῆ
1239 4962 1337 5017 καὶ
1365 4958 1677 5033 ἀσώματον,
1711 4964 1792 5018 ὅτι
1827 4965 1889 5018 τὸ
1930 4966 2059 5020 ἴδιον
2127 4968 2290 5020 αὑτοῦ
2329 4969 2418 5021 καὶ
2486 4969 2686 5021 ἑνωθὲν
2721 4967 2869 5039 αὐτῷ
2921 4969 3187 5022 πέπονθεν
3227 4969 3406 5039 σῶμα.
3445 4967 3590 5033 Ἔφη

256 5066 317 5121 δὲ
345 5066 529 5120 πάλιν
564 5060 681 5116 ὼδὶ
708 5076 724 5090 ο

331 5155 355 5230 [
380 5156 494 5210 Διὰ
524 5152 714 5208 τοῦτο
746 5150 875 5224 περὶ
903 5150 1000 5220 τῆς
1024 5147 1302 5221 ἡμετέρας
1333 5144 1587 5221 ἀπαρχῆς
1610 5191 1626 5218 ,
1654 5151 1682 5202 ὁ
1710 5151 1895 5222 μακά..

2078 5148 2320 5202 Nesron.
2364 5146 2508 5219 [Ideo
2541 5149 2607 5202 de
2640 5148 2839 5201 nostris
2871 5147 2973 5202 illis
3002 5146 3256 5215 primitiis
3293 5162 3417 5200 cum
3461 5162 3589 5216 age-

260 5268 380 5322 ριος
417 5248 666 5321 Πέτρος
719 5241 1133 5311 καταγγέλλων,
1166 5241 1263 5295 καὶ
1287 5242 1387 5314 τὴν
1417 5244 1481 5295 ἐκ
1514 5242 1611 5312 τῆς
1646 5242 1845 5313 θεότητι

2007 5251 2090 5296 ret
2122 5243 2311 5295 beatus
2349 5240 2564 5305 Petrus,
2600 5253 2654 5294 et
2697 5240 3081 5294 exaltationem
3125 5237 3352 5291 visibilis
3383 5248 3590 5293 natum

256 5341 643 5415 φαινομένης
701 5333 921 5406 φύσεως
963 5331 1322 5404 διηγούμενος
1360 5331 1589 5403 ῦᾴωσιν,
1630 5351 1646 5384 ι
1673 5334 1715 5386 Τ
1718 5334 1841 5386 οὖτο

2006 5335 2057 5387 vi
2111 5333 2413 5389 divinitatis
2460 5331 2668 5389 factam
2723 5340 3030 5396 enarraret,
3095 5349 3114 5382 ι
3148 5329 3323 5397 llunc,
3387 5332 3584 5403 inquit,

257 5438 459 5509 φησὶν,
494 5433 605 5487 τὸν
640 5426 861 5500 Ἰησοῦν
895 5425 1199 5499 ἀνέστησεν
1229 5427 1257 5479 ό
1283 5420 1435 5488 Θὲός.
1476 5444 1493 5476 ι
1527 5426 1640 5478 Οὐκ
1661 5426 1839 5480 ἀπέθα

2005 5424 2190 5480 Iesum
2231 5425 2515 5480 suscitavit
2545 5424 2782 5486 Deus“;
2821 5442 2838 5473 ι
2875 5438 2978 5474 non
3016 5432 3262 5477 mortuus
3301 5432 3385 5478 est
3424 5425 3585 5485 Deus,

255 5531 420 5601 Θεὸς,
468 5527 636 5585 ἀλλὰ
679 5523 1008 5594 Ἀνέστησεν.
1042 5521 1239 5573 ’Ἄκουε
1268 5520 1378 5575 τῶν
1411 5520 1508 5574 τοῦ
1554 5521 1764 5593 Πέτρου
1803 5525 1840 5592 ῥε

2008 5519 2101 5575 sed
2144 5517 2446 5573 suscitavit.
2484 5516 2646 5579 Audi,
2680 5514 3003 5583 Apollinari,
3039 5512 3184 5569 Petri
3228 5518 3421 5583 verba;
3464 5515 3588 5569 audi

257 5630 460 5701 μάτων
482 5669 500 5692 ,
554 5616 964 5688 Ἀπολινάριε,
1016 5614 1182 5668 ἄκουε
1231 5612 1328 5665 σὺν
1365 5611 1732 5684 Ἀπολιναρίῳ
1754 5653 1769 5678 ,
1804 5629 1836 5665 κ

2011 5626 2133 5667 cum
2163 5608 2496 5681 Apollinario
2531 5609 2715 5673 ctiam,
2751 5607 2866 5660 Ari.
2914 5623 2933 5656 ‹
2966 5603 3141 5673 llunc,
3179 5606 3375 5677 inquit,
3405 5605 3587 5660 Jesum

328 5813 375 5841 ³⁵
420 5804 673 5864 Culoss.
726 5809 761 5862 I,
810 5792 990 5847 li-lE‘.
1060 5793 1103 5825 ἰ
1142 5789 1260 5842 Act.
1307 5800 1366 5856 ιι,
1398 5786 1485 5839 Ξί.
