4014 6128
443 309 550 366 27:9

450 530 538 572 tur
561 516 631 581 ",
668 533 686 565 ι
723 512 813 581 qui
860 511 1005 578 ligno
1043 505 1269 561 sullixus
1290 500 1359 562 ⁸³,
1389 499 1478 566 qui
1529 493 1775 549 manibus
1802 489 2025 544 'l‘lunna:

451 614 821 661 contrectatus
846 598 1025 660 fuit“,
1051 596 1140 667 qui
1184 595 1249 648 ad
1277 595 1448 662 ipsum
1472 584 1762 642 clamavit:
1790 603 1807 635 ι
1843 582 2028 653 l’alpa,

452 703 578 771 quia
619 697 842 768 Spiritus
887 705 1106 746 carnem
1138 697 1192 741 et
1231 699 1353 738 ossa
1403 697 1506 736 non
1554 681 1740 748 habet,
1777 678 1916 734 sicut
1947 691 2031 728 me

456 763 661 843 videtis
682 786 884 841 habere
906 781 992 844 ης
1024 797 1042 831 ι
1080 778 1270 843 hisque
1295 785 1594 842 persuasus
1626 767 1924 836 discipulus
1946 763 2033 817 ille

461 881 698 943 vocibus,
732 885 783 929 et
814 870 1244 926 contrectatione
1280 863 1526 918 cruciﬁxi
1557 861 1801 931 corporis
1839 860 1905 912 de
1947 870 2033 909 re-

459 970 800 1029 surrectione
835 965 1036 1020 certior
1074 963 1266 1021 tactus,
1302 955 1701 1011 admirabili-unt
1731 965 1911 1006 rerum
1957 946 2036 1002 ef-

462 1065 719 1120 fectorem
780 1058 947 1112 Deum
993 1051 1427 1125 glutitirabatm
1464 1046 1723 1101 Dominus
1768 1055 1944 1108 meus,
1984 1048 2040 1093 et

464 1157 603 1209 Deus
629 1166 807 1217 meus,
835 1149 930 1204 tibi
969 1146 1138 1217 gloria
1165 1142 1251 1198 "z
1288 1160 1306 1192 ι
1344 1156 1451 1195 non
1488 1137 1629 1207 quod
1660 1133 2039 1191 eontrectaba-

463 1259 549 1303 tur
583 1242 880 1313 ,appellans
922 1239 1129 1301 Deum;
1188 1245 1362 1301 neque
1414 1229 1559 1285 enim
1612 1218 2041 1280 contrectatione

463 1312 720 1393 divinitas
758 1331 1057 1387 invenitur.
1093 1325 1160 1379 Et
1191 1333 1306 1393 post
1343 1322 1450 1375 alia
1482 1336 1499 1373 :
1531 1319 1609 1372 De
1649 1317 1752 1371 hoc
1788 1312 2040 1385 palpabili

463 1430 627 1483 etiam
678 1426 872 1489 Petrus
922 1420 1193 1475 clamabat
1224 1434 1237 1471 :
1272 1435 1290 1469 ι
1328 1414 1480 1469 llunc
1521 1410 1706 1466 Jesum
1761 1407 2044 1463 suscitavit

468 1518 686 1574 Deus".
719 1534 738 1568 ι
762 1544 832 1555 -
876 1533 894 1565 ι
918 1511 1148 1566 Dextera
1173 1509 1335 1578 igitur
1363 1505 1453 1559 Dei
1499 1502 1768 1556 exaltatus
1789 1498 1859 1553 ⁸⁸.
1904 1516 1922 1549 ι
1952 1495 2046 1551 De-

468 1622 617 1664 xlcra
647 1618 827 1660 mitem
861 1617 1016 1673 opem
1049 1599 1252 1653 ferente
1277 1597 1417 1650 Deus
1451 1591 1685 1646 Verbum
1714 1587 2044 1656 nonindige-

471 1707 561 1757 bat
582 1741 596 1767 ,
624 1696 766 1770 Ari.]

1088 1823 1265 1879 "CAP.
1292 1820 1397 1874 'Vl.

543 1970 785 2027 Suscitat
804 1965 1019 2035 quidem
1037 1958 1209 2013 Filius
1233 1966 1493 2018 mortuos,
1515 1965 1747 2020 eumque
1771 1957 2051 2016 morlepo—

474 2067 759 2121 tcutiorem
777 2057 1106 2113 ‘contitcmur
1125 2095 1139 2119 ,
1173 2062 1441 2103 memores
1468 2042 1613 2098 illum
1638 2040 1851 2097 disertis
1873 2038 2052 2092 verbis

474 2157 721 2213 dixisse:
762 2169 780 2202 ι
817 2149 926 2217 Ego
959 2161 1077 2197 sum
1115 2140 1447 2197 resurrectio
1486 2145 1540 2191 et
1579 2134 1688 2188 vita
1704 2132 1782 2197 9’;
1816 2150 1835 2184 ι
1872 2141 2051 2184 tamen

475 2262 597 2299 rum
617 2241 810 2299 beatus
837 2234 1032 2292 Petrus
1060 2232 1216 2288 nobis
1244 2227 1555 2293 annuntiat,
1580 2224 1767 2279 dicens
1802 2243 1814 2277 :
1854 2239 1872 2271 ι
1898 2218 2053 2274 llunc

475 2335 659 2393 Jesum
702 2330 988 2389 suscitavit
1014 2324 1189 2389 Deus,
1212 2338 1241 2374 τ
1276 2321 1456 2391 ipsum
1507 2330 1627 2372 esse
1665 2314 1938 2370 credimus
1965 2308 2054 2367 Je-

477 2445 621 2496 sum,
668 2424 799 2481 illud
842 2421 985 2490 quod
1035 2419 1199 2471 homo
1234 2411 1441 2467 iactum
1491 2417 1574 2463 est
1604 2406 1866 2461 Verbum.
1914 2401 2058 2469 Quo-

480 2495 640 2575 modo
666 2529 797 2586 ergo
829 2512 1151 2567 suseitatum
1184 2505 1360 2573 ipsum
1401 2517 1430 2554 a
1465 2497 1628 2553 Patre
1653 2498 1938 2568 quisquam
1972 2495 2057 2549 di-

479 2621 589 2674 cat,
614 2617 670 2665 et
711 2608 830 2676 eius
874 2604 1064 2658 dextra
1112 2592 1449 2650 exaltatum?
1493 2591 1607 2645 luec
1663 2602 1896 2658 namque
1929 2593 2059 2658 puto

482 2698 724 2773 apertius
776 2692 1102 2750 declaranda
1156 2700 1279 2743 esse
1331 2685 1398 2740 iis
1452 2683 1543 2754 qui
1602 2680 1905 2752 intelligere
1969 2692 2058 2732 ne-

484 2801 711 2865 queunt,
746 2800 829 2854 ut,
862 2781 1109 2841 scandali
1142 2779 1432 2835 occasione
1482 2774 1717 2837 sublata,
1755 2780 1959 2827 rectam
2006 2780 2057 2824 et

484 2854 685 2942 certam
721 2877 967 2936 veritatis
995 2872 1139 2927 viam
1184 2869 1496 2924 reddamus.
1537 2860 1701 2919 Dedit
1739 2868 1870 2932 ergo
1902 2854 2059 2915 morti

486 2978 763 3052 proprium
785 2983 980 3039 corpus
1005 2965 1072 3018 ad
1098 2962 1365 3017 modicum
1386 2968 1595 3029 tempus
1618 2972 1636 3013 :
1665 2949 1896 3010 (Gratia
1917 2968 2065 3008 nam-

485 3046 598 3141 que
618 3067 733 3131 Dei,
762 3084 781 3117 ι
814 3074 870 3116 ιιι
900 3059 1079 3129 inquit
1116 3054 1333 3117 Paulus,
1367 3070 1385 3103 ι
1406 3064 1505 3121 pro
1530 3048 1783 3105 omnibus
1828 3046 2063 3117 gustavit

1472 292 1527 345 S.
1569 287 1837 347 CYRlle
1881 279 2351 338 ALEXANDle
2390 274 2710 334 ARCIIIEP.

446 422 731 483 suscitavit
786 421 961 485 Deus,
1023 415 1115 488 qui
1173 411 1436 475 cernitur,
1499 406 1590 474 qui
1652 402 1826 458 oculis
1893 401 2105 455 vide-.3
2140 397 2353 467 ’Λρειε.

3606 258 3715 313 240

2408 391 2680 455 ιΤοῦτυν,
2729 387 2863 457 φησὶ
2890 428 2903 452 ,
2951 383 3042 436 τὸν
3100 377 3309 450 Ἰησοῦν
3346 374 3638 443 ἀνέστησεν
3690 375 3719 426 6

2132 482 2266 549 θεὸς
2289 484 2382 538 τὸν
2414 476 2760 553 φαινόμενον,
2788 477 2976 530 τοῦτον
3006 465 3096 526 τὸν
3129 470 3405 542 ὁρώμενον
3429 463 3664 536 ὄμμασι,
3695 486 3712 514 ι

2138 578 2228 631 τὸν
2274 575 2417 646 ξύλῳ
2460 568 2907 645 προσηλωθέντα,
2937 566 3030 618 τὸν
3059 558 3180 625 ταῖς
3209 560 3305 613 τοῦ
3338 553 3513 630 Θωμᾶ
3556 555 3724 627 ψηλαο

2144 668 2384 739 φηθέντα
2408 664 2585 737 χερσὶ,
2616 662 2709 715 τὸν
2738 660 2876 729 πρὸς
2907 657 3070 711 αὐτὸν
3099 653 3412 724 κεκραγότα
3432 667 3444 679 ’
3476 670 3498 702 ι
3534 649 3723 719 Ψηλά-

2139 775 2337 829 φησον,
2366 757 2448 811 ὅτι
2488 754 2709 825 πνεῦμα
2739 753 2918 823 σάρκα
2947 749 3040 803 καὶ
3069 748 3232 801 ὀστέα
3260 747 3362 799 οὐκ
3386 744 3521 814 ἔχει,
3543 737 3726 804 καθὼς

2137 850 2239 922 ἐμὲ
2259 850 2514 921 Θεωρεῖτε
2534 846 2655 918 ἔχον
2668 862 2727 898 ca.
2744 861 2757 875 ’
2774 863 2793 895 ι
2820 845 2916 897 καὶ
2929 840 3154 904 ταύταις
3175 838 3461 900 πεισθεὶςὸ
3478 836 3727 907 μαθητὴς

2137 918 2254 1005 ταῖς
2283 918 2512 1010 φωναῖς,
2538 937 2635 992 καὶ
2665 939 2731 1008 τῇ
2766 935 3081 1007 ψηλαφήσει
3115 918 3406 1003 [περὶτῆς]
3439 928 3531 981 τοῦ
3566 945 3731 979 σταυ-

2143 1034 2406 1105 ρωθέντος
2447 1029 2699 1101 σώματος
2735 1026 2980 1090 πεισθεὶς
3018 1023 3392 1085 ἀναστάσεως,
3426 1020 3518 1072 τὸν
3542 1036 3725 1087 παρα-

2139 1125 2413 1194 δοξοποιδν
2434 1122 2730 1191 ὲδοξολόγει
2750 1120 2883 1174 Θεόν
2905 1133 2921 1152 ο
2954 1137 2971 1169 ι
2992 1118 3053 1171 ὐ
3073 1114 3278 1188 Κύριός
3305 1130 3408 1185 μου
3431 1112 3526 1167 καὶ
3547 1114 3576 1165 6
3594 1112 3728 1173 Θεὸς

2143 1237 2268 1291 μου,
2288 1214 2414 1282 δόξα
2442 1234 2526 1269 σοι
2545 1231 2557 1243 '
2574 1234 2591 1266 ι
2613 1208 2673 1267 οῦ
2696 1213 2761 1266 τὸ
2776 1209 3099 1283 ψηλαφηθὲν
3123 1205 3552 1279 προσαγορεύων
3571 1204 3729 1289 Θεόνξ

2142 1285 2263 1364 οὐδὲ
2305 1311 2437 1383 γὰρ,
2466 1306 2783 1378 ψηλαφήσει
2832 1303 3024 1372 Θεότης
3064 1292 3400 1371 εῖῦρίσκεται.
3441 1299 3549 1351 Καὶ
3601 1285 3735 1364 μεθ’

2144 1402 2337 1471 ἔτερα,
2388 1380 2526 1470 Περὶ
2573 1396 2668 1451 τοῦ
2701 1384 3026 1467 ψηλαφητοῦ
3078 1384 3269 1446 τούτου
3296 1390 3411 1451 ,καὶ
3454 1390 3484 1440 6
3529 1380 3733 1456 Πέτρος

2145 1494 2294 1547 ἐϐόα.
2327 1485 2559 1546 ιΤοῦτον
2586 1489 2681 1543 τὸν
2710 1487 2919 1559 Ἰησοῦν
2946 1485 3242 1553 ἀνέστησεν
3266 1485 3295 1536 6
3316 1482 3466 1545 Θεός.
3485 1501 3504 1533 ι
3532 1512 3599 1521 —-
3624 1481 3735 1551 «Τῇ

2144 1584 2296 1655 δεξιᾷ
2328 1570 2421 1638 οὗν
2448 1582 2545 1636 τοῦ
2566 1580 2702 1636 Θεοῦ
2738 1577 2991 1649 ὑψωθείς.
3020 1593 3039 1626 ι
3067 1576 3258 1641 Δεξιᾶς
3283 1575 3340 1628 δὲ
3376 1571 3678 1646 βοηθούσης
3704 1562 3732 1623 6

2147 1676 2279 1740 Θεὸς
2310 1676 2480 1744 Λόγος
2502 1673 2605 1727 οὐκ
2627 1670 2879 1744 ἔχρῃζεν,
2909 1670 3119 1740 "Aptata.

2755 1804 3007 1861 ΚΕΦΑΛ.
3048 1803 3137 1873 τῖ’.

2236 1947 2511 2017 Ἀνίστησι
2547 1945 2644 2017 μὲν
2690 1946 2719 1998 6
2763 1943 2891 2008 Υἱὸς
2922 1944 3048 2005 τοὺς
3075 1940 3303 2011 νεκροὺς
3323 1983 3339 2007 ,
3375 1941 3470 1992 καὶ
3500 1939 3735 1993 θανάτου

2154 2038 2440 2110 κρείττονα
2473 2036 2655 2107 φαμὲν
2684 2035 2951 2108 ὑπάρχειν
2994 2032 3158 2087 αὐτόν
3181 2049 3197 2063 ο
3244 2030 3577 2104 μεμνήμεθα
3623 2028 3739 2099 γὰρ

2153 2128 2458 2201 ἀναφανδὸν
2487 2128 2771 2200 εἰρηκότος
2790 2143 2804 2157 ⁸
2835 2146 2854 2181 ι
2877 2124 3021 2195 Ἐγὼ
3044 2128 3160 2196 εἰμι
3192 2126 3228 2196 ἡ
3258 2115 3560 2185 ἀνάστασις
3586 2112 3738 2193 καὶῆ

2155 2219 2305 2292 ζωή·
2343 2238 2363 2272 ι
2398 2220 2542 2289 πλὴν
2570 2219 2696 2272 ὅταν
2725 2219 2857 2288 ἡμῖν
2891 2217 2920 2270 6
2947 2214 3234 2278 θεσπέσιος
3268 2214 3474 2282 Πέτρος
3504 2213 3742 2280 εὐαγγε-

2155 2310 2393 2383 λὶζηται,
2433 2309 2642 2379 λέγων·
2701 2328 2720 2361 ι
2751 2309 2950 2364 Τοῦτον
2980 2309 3071 2362 τὸν
3112 2307 3321 2378 Ἰησοῦν
3364 2307 3666 2378 ἀνέστησεν
3712 2296 3744 2358 6

2156 2403 2312 2469 Θεὸς,
2336 2403 2541 2457 ναύτὸν
2569 2397 2708 2458 εἶναι
2736 2401 3069 2473 πιστεύομεν
3108 2400 3314 2472 Ἰησοῦν
3347 2400 3436 2453 τὸν
3462 2398 3744 2469 ὲνανθρω-

2159 2499 2412 2571 ¹πήσαν-ικι
2438 2498 2630 2566 Λόγον.
2660 2495 2786 2559 Πῶς
2813 2490 2906 2549 οὖν
2935 2492 3233 2565 ὲγηγέρθαι
3273 2492 3406 2563 φαίη
3434 2508 3519 2554 τις
3548 2491 3615 2545 ἂν
3645 2491 3747 2546 αὑ-

2159 2590 2251 2644 τὸν
2300 2588 2453 2662 παρά
2483 2588 2575 2642 τοῦ
2610 2586 2843 2654 Πατρὸς,
2875 2584 3124 2655 ὑψῶσοαί
3155 2601 3215 2637 τε
3248 2586 3315 2654 τῇ
3348 2582 3515 2637 αὑτοῦ
3555 2582 3746 2651 δεξιᾷ;

2160 2685 2359 2755 χρῆναι
2388 2681 2499 2751 γὰρ
2545 2673 2699 2749 οἶμαι
2739 2678 2898 2731 ταυτὶ
2936 2675 3352 2747 διατρανοῦσοαι
3407 2673 3594 2745 σαφῶς
3632 2675 3747 2736 τοῖς

2161 2774 2264 2827 οὐκ
2287 2774 2473 2844 έχουσι
2492 2766 2654 2837 νοεῖν,
2674 2771 2763 2824 ἵνα
2775 2769 2880 2824 οιαὶ
2902 2769 3002 2838 τὴν
3025 2768 3120 2822 τοῦ
3145 2766 3447 2821 σκανδάλου
3470 2758 3749 2838 πρόφασιν

2163 2862 2582 2932 ἀποκείραντες,
2606 2859 2777 2932 ὀρθὴν
2804 2858 2901 2913 καὶ
2919 2857 3341 2926 «ἀπλανεστάτην
3369 2856 3468 2927 τὴν
3492 2857 3594 2927 τῆς
3620 2857 3753 2928 ἁλη-

2165 2953 2316 3017 θείας
2341 2954 2713 3023 ἀποφήνωμεν
2734 2950 2873 3005 ὁδόν.
2898 2949 3110 3004 Δέδωκε
3145 2947 3323 3002 τοίνυν
3344 2948 3406 3001 τὸ
3435 2948 3565 3001 ἴδιον
3590 2948 3755 3017 σῶμα

2164 3043 2482 3116 τῷθανάτφ
2513 3044 2649 3115 πρὸς
2683 3041 2858 3116 βραχύ
2880 3059 2893 3072 °
2937 3060 2957 3094 ι
2991 3041 3190 3112 Χάριτι
3224 3040 3336 3112 γὰρ
3367 3040 3528 3106 Θεοῦ,
3551 3059 3570 3092 ι
3604 3036 3756 3095 καῦά

487 3131 718 3214 mortem
745 3157 789 3210 ι.
820 3173 838 3205 ι
883 3149 1087 3206 Deinde
1120 3161 1243 3202 cum
1272 3145 1389 3213 ipse
1428 3148 1574 3199 esset
1617 3140 1709 3195 illa
1740 3140 2058 3195 viviticatrix

2168 3154 2332 3208 φησιν
2361 3139 2388 3191 6
2416 3136 2647 3201 Παῦλος,
2677 3155 2695 3187 ι
2726 3135 2869 3206 ὑπὲρ
2911 3133 3111 3196 παντὸς
3145 3131 3412 3202 ἐγεύσατο
3439 3132 3697 3187 θανάτου.
3720 3152 3749 3182 ο

488 3248 582 3302 Dei
629 3244 914 3312 Patrisque
960 3239 1157 3293 dextra
1200 3243 1361 3302 atque
1388 3230 1650 3302 potentia,
1691 3233 1863 3284 morte
1902 3235 2066 3296 atque

488 3336 833 3406 corruptione
872 3329 1138 3385 valentius
1186 3325 1317 3380 illud
1366 3319 1587 3386 eﬂ‘ecit;
1627 3319 1695 3375 ad
1735 3319 1898 3387 idque
1942 3330 2056 3372 cre-

489 3431 722 3488 dendum
766 3423 1007 3495 locuples
1044 3418 1208 3475 nobis
1243 3417 1361 3487 ipse
1397 3413 1554 3469 testis
1595 3412 1722 3478 erit,
1764 3411 1952 3465 dicens
1979 3407 2068 3462 Ju-

490 3524 622 3579 daeis
651 3544 662 3578 :
698 3539 717 3572 ι
749 3519 958 3574 Solvite
1005 3512 1265 3582 templum
1300 3509 1424 3573 hoc,
1455 3515 1528 3570 et,
1559 3506 1610 3560 in
1659 3503 1832 3558 tribus
1878 3502 2068 3557 diebus

489 3614 743 3670 excitabo
800 3610 929 3665 illud
954 3607 997 3661 ’.
1047 3622 1066 3656 ι
1143 3600 1384 3668 Intellige
1433 3612 1564 3669 ergo
1611 3594 2068 3666 quemadmodum

494 3722 650 3761 Stltlm
698 3720 757 3759 se
784 3698 1045 3770 templum
1080 3693 1438 3750 excitaturum
1486 3687 1790 3759 pollicetur,
1821 3683 2071 3755 quamvis

482 3799 638 3854 'Deus
664 3812 727 3851 ac
752 3791 915 3848 Pater
940 3789 1154 3844 dicatur
1184 3784 1486 3839 excitasse:
1515 3780 1704 3834 dextra
1732 3790 1984 3846 namque,
2013 3784 2072 3829 ut

491 3889 627 3957 dixi,
679 3897 736 3943 et
789 3879 1039 3956 potentia
1086 3877 1272 3933 Patris
1322 3872 1408 3928 illa
1454 3868 1778 3926 viviﬁcatrix
1821 3876 1906 3924 est
1957 3867 2072 3938 ipse

486 3981 678 4038 Filius.

567 4070 727 4145 139
781 4069 966 4140 itaque
1000 4061 1210 4121 etiamsi
1247 4056 1416 4115 divini
1442 4054 1592 4112 illius
1617 4050 1803 4121 templi
1833 4048 2076 4105 viviﬁca-

494 4144 694 4222 tionem
742 4161 956 4218 eﬂicere
993 4156 1166 4211 Pater
1208 4153 1460 4211 dicatur,
1516 4144 1695 4202 effecit
1744 4155 1924 4198 tamen
1980 4158 2077 4213 per

494 4261 734 4325 Filium;
771 4253 1125 4318 vicissimque
1170 4243 1383 4301 etiamsi
1428 4240 1572 4294 illam
1618 4235 1787 4292 Filius
1831 4234 2077 4291 effecisse

495 4355 762 4416 videatur,
805 4352 1125 4403 nontamen
1166 4339 1302 4392 citra
1351 4335 1564 4390 Patrem
1605 4330 1658 4383 in
1692 4329 1941 4400 Spiritu:
1970 4342 2073 4382 una

494 4446 642 4502 enim
683 4434 987 4498 divinitatis
1029 4441 1221 4487 natura
1260 4428 1315 4482 in
1343 4426 1519 4480 tribus
1547 4424 1782 4494 [ποινῆς
1813 4423 2073 4492 byposta—

2170 3223 2302 3281 Ι-ἶῖτα
2333 3226 2594 3297 ὑπάρχων
2641 3225 2804 3289 αὐτὸς
2835 3226 2869 3295 ἡ
2919 3222 3184 3288 ζωοποιὸς
3220 3223 3313 3276 τοῦ
3343 3222 3482 3277 Θεοῦ
3512 3224 3607 3277 καὶ
3639 3223 3757 3275 Πα-

2168 3318 2295 3390 τρὸς
2315 3312 2465 3382 δεξιά
2497 3318 2592 3372 καὶ
2612 3317 2862 3388 δύναμις,
2889 3314 3097 3386 φθορᾶς
3121 3316 3215 3368 καὶ
3243 3314 3476 3368 Οανάτου
3503 3316 3760 3382 κρεῖττον

2168 3404 2452 3478 ἀπέφηνεν
2486 3407 2647 3460 αὐτό·
2685 3407 2779 3459 καὶ
2806 3406 2942 3475 πρός
2972 3422 3033 3474 γε
3058 3403 3218 3458 τοῦτο
3242 3407 3391 3475 ἡμᾶς
3421 3396 3761 3458 πιστῶσεται

2168 3496 2343 3566 λέγων
2376 3496 2515 3563 πρὸς
2560 3490 2880 3559 Ἰουδαίους*
2937 3514 2955 3548 ι
2988 3495 3203 3550 Λύσατε
3256 3496 3349 3550 τὸν
3374 3496 3500 3549 ναὸν
3538 3496 3758 3560 τοῦτον,

2169 3587 2265 3642 καὶ
2311 3589 2370 3641 ἐν
2418 3588 2598 3661 τρισὶν
2644 3582 2898 3659 ἡμέραις
2932 3586 3111 3658 ἐγερῶ
3164 3586 3349 3641 αὐτόν.
3389 3606 3408 3638 ι
3460 3587 3627 3649 Σύνες
3665 3578 3763 3641 οὖν

2171 3685 2324 3750 ὅπως
2359 3683 2523 3747 αὐτὸς
2556 3683 2794 3755 ἐγείρειν
2825 3676 2917 3735 τὸν
2948 3681 3143 3735 ἑαυτοῦ
3173 3681 3302 3735 ναὸν
3335 3680 3763 3749 ἐπαγγέλλεται,

2174 3775 2354 3832 καίτοι
2383 3773 2479 3828 τοῦ
2524 3766 2659 3828 Θεοῦ
2710 3773 2807 3826 καὶ
2847 3766 3062 3844 Πατρὸς
3090 3772 3395 3842 ἀναστῆσαι
3420 3771 3725 3843 λεγομένου
3748 3788 3760 3800 ·

2174 3867 2325 3934 δεξιὰ
2346 3865 2477 3940 γὰρ,
2501 3865 2577 3930 ὡς
2603 3864 2763 3936 ἔφην,
2802 3864 2921 3918 ἐστὶ
2957 3863 3053 3918 καὶ
3077 3861 3306 3934 δύναμις
3335 3860 3430 3915 τοῦ
3474 3861 3690 3933 Πατρδς
3728 3864 3763 3932 ἡ

2175 3958 2457 4025 ζωοποιὸς,
2484 3957 2513 4010 6
2540 3957 2686 4021 Υίός.

2247 4052 2413 4107 Ὥστε
2438 4051 2542 4106 κᾶν
2571 4051 2813 4120 ἐνεργεῖν
2835 4050 2863 4102 6
2890 4047 3079 4120 Πατὴρ
3106 4046 3330 4116 λέγηται
3360 4046 3458 4118 τὴν
3487 4045 3582 4100 τοῦ
3614 4046 3767 4100 ϐείω

2174 4143 2305 4199 ναοῦ
2344 4142 2694 4214 ζωοποίησιν,
2736 4140 3009 4211 ἐνήργηκε
3042 4139 3110 4192 δι’
3144 4136 3307 4192 Υἱοῦο
3356 4135 3457 4190 κᾶν
3490 4138 3541 4189 εί
3588 4137 3770 4207 ὁρῷτο

2177 4236 2338 4291 πάλιν
2366 4237 2395 4290 6
2432 4233 2559 4298 Υἱὸς
2590 4234 2912 4304 ἐνεργήσας,
2943 4231 3056 4285 ἀλλ’
3083 4231 3142 4284 ού
3173 4231 3295 4301 δίχα
3331 4228 3426 4282 τοῦ
3455 4230 3678 4299 Πατρὸς
3707 4232 3771 4283 ὲν

2177 4325 2479 4397 Πνεύματι.
2532 4324 2649 4378 Μία
2699 4322 2808 4393 γὰρ
2860 4324 2894 4392 ἠ
2943 4322 3197 4392 θεότητος
3251 4320 3451 4390 φύσις,
3494 4322 3556 4374 ὲν
3584 4321 3772 4392 τρισὶν

2179 4418 2541 4473 ὑνποστάσεσιν
2570 4417 2762 4480 ίδικαῖς
2793 4415 3082 4486 νοουμένη,
3110 4415 3203 4469 καὶ
3225 4414 3322 4486 τὴν
3345 4415 3429 4485 ἐφ’
3452 4415 3627 4469 ἅπασι
3656 4419 3774 4478 τοῖς

495 4536 648 4592 sibus
698 4528 1047 4597 intelligitur,
1096 4529 1151 4576 et
1202 4520 1255 4574 in
1301 4515 1554 4573 omnibus
1615 4511 1775 4566 rebus
1821 4513 2059 4581 gerendi:

2179 4510 2480 4583 δρωμένοις
2509 4509 2725 4579 κίνησίν
2759 4525 2819 4561 τε
2855 4508 2949 4561 καὶ
2982 4508 3263 4579 ἐνέργειαν
3311 4507 3533 4578 ἔχουσα,
3569 4510 3776 4579 νοητὴν

498 4636 704 4683 ιιιοιιιιη
744 4621 909 4675 habet
936 4625 1100 4697 atque
1137 4609 1532 4683 operationem,
1572 4602 1871 4673 spiritalem
1910 4602 2074 4656 nimi-

503 4732 621 4774 r-un
660 4725 714 4768 et
739 4712 852 4766 Deo
888 4709 1127 4779 dignam.
1172 4700 1518 4759 Concedebat
1557 4713 1687 4768 ergo
1719 4711 1917 4763 corpus
1952 4708 2075 4763 pro-

502 4809 632 4881 priae
675 4812 882 4859 natum
921 4799 1154 4869 legibus,
1186 4805 1241 4851 et
1293 4793 1483 4849 mortis
1517 4790 1876 4861 gustationcm
1927 4789 2078 4843 exci-

502 4880 705 4969 piebat,
742 4893 903 4962 idque
932 4903 1058 4945 eum
1087 4889 1294 4941 unitum
1339 4881 1469 4938 illud
1504 4880 1737 4936 Verbum
1776 4886 2076 4950 opportune

504 4990 614 5063 pati
644 4989 883 5049 sineret;
916 4981 1010 5038 sed
1032 4980 1089 5033 vi
1120 4979 1298 5032 divina
1328 4974 1467 5028 uniti
1509 4972 1612 5029 sibi
1650 4974 1945 5027 secundum
1976 4972 2076 5042 by-

505 5062 763 5152 postasim
798 5073 963 5131 Verbi
1002 5067 1398 5125 viviﬁcabatur.
1431 5064 1626 5118 Totum
1658 5062 1821 5132 igitur
1850 5062 2072 5117 Emma-

505 5175 630 5230 nuel
671 5169 1040 5241 intelligimus,
1073 5160 1223 5231 quod
1276 5170 1360 5214 est
1404 5155 1841 5225 interpretatum,
1880 5153 2079 5208 No‘bis-

504 5283 622 5321 cum
656 5265 815 5328 Deus,
844 5276 967 5317 cum
996 5259 1212 5314 beatum
1238 5252 1461 5308 Petrum
1488 5250 1758 5303 dicentem
1792 5246 2080 5301 audimus:

508 5380 529 5413 ι
565 5360 718 5414 llunc
755 5355 939 5412 Iesum
976 5348 1257 5408 suscitavit
1284 5345 1466 5404 Deus;
1498 5360 1516 5394 ι
1545 5340 1762 5395 etiamsi
1813 5339 1964 5394 illum
2001 5340 2080 5391 vi-

505 5451 714 5509 sibilem
744 5449 895 5504 dicas
922 5454 977 5503 et
1009 5444 1153 5515 ligno
1199 5438 1477 5503 sumsum,
1530 5434 1677 5490 illum
1706 5429 1931 5489 Thema:
1967 5445 2083 5485 nta-

575 5657 622 5690 ”
655 5653 756 5706 Act
811 5662 933 5710 xm,
963 5645 1052 5699 50.

508 5730 554 5763 ’⁸
576 5727 714 5782 l'sal.
740 5706 1020 5784 canuit}.
1092 5714 1137 5746 ’9
1169 5710 1321 5766 Joan.
1352 5725 1425 5771 xl,
1451 5706 1539 5758 '33.

1150 5641 1196 5674 ⁸³
1233 5641 1350 5693 Aet.
1383 5652 1433 5698 ν,
1474 5633 1563 5689 30.
1638 5633 1685 5665 θ’*
1723 5628 1878 5685 Joan.
1918 5626 2121 5696 ΗΑΒ.

1620 5703 1635 5732 ¹
1680 5702 1839 5757 ιιυιπ.
1882 5718 1941 5765 ιι,
1971 5705 2025 5757 9.
2104 5702 2122 5731 ¹
2152 5699 2307 5755 Joan.
2346 5716 2405 5766 ιι,
2440 5701 2518 5753 l9.

2181 4600 2425 4673 δηλονότι
2465 4602 2560 4655 καὶ
2608 4601 2910 4671 θεοπρεπῆ.
2944 4598 3152 4653 Οὐκοῦν
3197 4598 3514 4672 παρεχώρει
3566 4600 3667 4671 μὲν
3710 4602 3775 4653 τὸ

2182 4691 2340 4765 σῶμα
2366 4695 2481 4756 τοῖς
2508 4692 2609 4762 τῆς
2642 4691 2776 4754 ιδίας
2807 4689 3021 4759 φύσεως
3053 4690 3261 4759 νόμοις,
3292 4692 3386 4745 καὶ
3412 4691 3512 4762 τὴν
3545 4692 3643 4744 τοῦ
3676 4692 3771 4744 02-

2182 4787 2345 4844 νάτου
2374 4786 2563 4849 γεῦσιν
2590 4784 2825 4854 ἐδέχετο,
2845 4784 2935 4837 καὶ
2960 4782 3120 4838 τοῦτο
3149 4783 3342 4838 παθεῖν
3365 4784 3590 4854 ἐφέντος
3620 4786 3781 4858 αὐτῷ

2183 4877 2467 4949 χρησίμως
2499 4874 2593 4928 τοῦ
2637 4872 2932 4938 ὲνωθέντος
2964 4873 3171 4941 Λόγουσ
3207 4874 3327 4945 θείᾳ
3356 4892 3417 4943 γε
3457 4876 3565 4946 μὴν
3602 4877 3780 4940 ὲςωο,

2184 4973 2389 5024 ποιεῖτο
2408 4969 2644 5040 δυνάμει
2676 4966 2744 5039 τῇ
2790 4965 2887 5020 τοῦ
2936 4963 3232 5030 ένωθέντος
3272 4967 3422 5037 αὐτῷ
3470 4968 3598 5021 καθ’
3635 4970 3782 5022 ὑπο-

2184 5080 2372 5116 στασιν
2402 5061 2600 5131 Λόγου.
2626 5060 2785 5113 Ὀλον
2814 5054 2908 5113 οῦν
2948 5057 3176 5128 νοοῦμεν
3205 5059 3296 5112 τὸν
3333 5060 3715 5131 Ἐμμανουήλ,
3754 5058 3787 5115 ὃ

2182 5154 2298 5206 ἐστι
2323 5151 2696 5223 μεθερμηνευῦ
2702 5169 2881 5223 μενον,
2898 5152 3037 5207 Μεθ’
3052 5149 3224 5221 ἡμῶν
3240 5154 3271 5203 ὀ
3292 5150 3458 5219 Θεὸς,
3472 5138 3605 5206 ὅταν
3620 5153 3790 5206 ἀκούο

2188 5261 2370 5317 σωμεν
2402 5245 2650 5313 λέγοντος
2676 5242 2771 5297 τοῦ
2802 5228 3091 5298 Θεσπεσίου
3122 5245 3362 5312 Πέτρου·
3403 5263 3422 5295 ι
3450 5244 3659 5298 Τοῦτον
3689 5245 3791 5298 τὸν

2199 5335 2406 5406 Ἰησοῦν
2435 5336 2733 5406 ἀνέστησεν
2768 5337 2798 5389 6
2826 5335 2960 5399 Θεός
2981 5354 2995 5367 ο
3021 5354 3040 5388 ι
3087 5336 3192 5389 κᾶν
3230 5330 3321 5388 τὸν
3360 5331 3645 5406 δρώμενον
3690 5335 3792 5388 λέ-

2188 5441 2313 5501 γῃς,
2343 5429 2436 5482 καὶ
2465 5424 2888 5500 προσηλωοέντα
2913 5425 2991 5498 τῷ
3017 5425 3180 5495 ξύλῳ,
3207 5420 3297 5480 τὶν
3329 5424 3450 5489 ταῖς
3476 5427 3572 5480 τοῦ
3607 5429 3798 5497 Θωμὶ

2198 5631 2244 5662 ’⁸
2276 5627 2574 5691 Ιδιιολτιγ,
2610 5629 2696 5683 59.
2775 5631 2819 5661 ⁹⁶
2856 5628 3015 5684 Ιςιξιιι.
3062 5645 3153 5692 xv,
3184 5628 3273 5684 23.
3352 5628 3399 5661 "
3430 5630 3557 5682 Aet.
3601 5647 3613 5683 t
3652 5679 3663 5693 ,
3688 5631 3797 5688 3i.
