4014 6128
329 331 429 387 ill

1386 343 1774 403 ADVERSUS
1814 345 2217 404 NESTORIUM
2263 346 2391 403 [ΑΒ.
2434 346 2500 402 ν.

3494 344 3606 400 9η

329 451 730 523 ψηλαφηθέντα
750 453 954 524 χερσὶν,
969 454 1122 509 οὐδὲν
1140 451 1303 528 ἧττον
1318 458 1484 527 ἡμεῖς
1505 461 1923 532 σεσαρκωμένον

2035 464 2187 518 nibus
2219 471 2641 527 contrectatum,
2671 457 3023 517 nihilominus
3055 459 3183 516 illud
3218 475 3283 514 ex
3314 457 3423 514 Deo
3445 459 3607 514 Patre

333 541 573 613 νοοῦμεν
603 543 696 597 τὸν
738 545 800 596 ὲκ
831 542 965 596 Θεοῦ
1001 545 1216 617 Πατρὸς
1245 546 1436 616 Λόγον,
1478 550 1575 603 ἕνα
1606 567 1666 603 τε
1699 551 1794 605 καὶ
1826 551 1920 605 τὸν

335 634 505 686 αὐτὸν
541 634 908 706 ὁμολογοῦμεν
954 637 1103 691 Υίόν.
1147 638 1406 708 Ἀόρατος
1452 641 1564 713 γάρ
1611 642 1713 713 τὴν
1759 642 1923 718 φύσιν

342 726 625 796 ὁπάρχων,
655 726 880 796 γέγονεν
903 730 1123 801 ὁρατὸς,
1151 731 1235 784 ὅτι
1264 731 1362 787 καὶ
1393 732 1525 786 ἴδιον
1565 729 1635 805 ἦν
1662 733 1829 805 αὐτοῦ
1861 734 1925 788 τὸ

341 816 616 887 ὁρώμενον
666 817 847 888 σῶμα.
896 820 1105 875 vana.
1133 822 1265 891 γοῦν
1291 825 1322 878 6
1359 824 1503 888 θεῖος
1546 826 1680 896 ἡμῖν
1722 825 1920 880 Δαϐίδ·

349 925 367 958 ι
402 908 463 959 ὐ
495 908 628 971 Θεὸς
654 911 915 980 ἐμφανῶς
945 912 1089 984 ἥξει,
1116 915 1144 967 6
1166 913 1301 977 Θεὸς
1325 915 1506 985 ἡμῶν,
1530 917 1625 969 καὶ
1652 916 1716 969 οὐ
1749 933 1926 988 παραυ

347 999 702 1069 σιωπήσεται.
730 1021 749 1053 ι
787 1003 899 1056 Καὶ
932 1003 1040 1075 μὴν
1073 1006 1168 1058 καὶ
1199 1005 1227 1059 6
1262 1007 1536 1078 μακάριος
1571 1007 1922 1080 ’Λᾰσακούμσ

349 1117 369 1143 ι
404 1093 458 1146 ’0
481 1092 617 1156 Θεὸς
652 1093 719 1146 ἑκ
746 1094 963 1166 Θαιμάν
989 1095 1130 1167 ἥξει,
1159 1098 1251 1150 καὶ
1277 1100 1307 1151 6
1330 1097 1520 1167 Ἄγιος
1550 1097 1612 1163 ἐξ
1639 1094 1800 1171 ὅρους
1826 1116 1923 1157 και

344 1183 568 1237 τασκίου
593 1184 806 1250 δασέως
821 1204 835 1218 ·
851 1206 871 1240 ι
900 1183 1068 1252 Οὗτος
1097 1188 1365 1260 ὑπάρχων
1385 1191 1488 1244 καις
1499 1191 1736 1263 ἀναφὴς,
1754 1191 1926 1256 ἁπτὸς

342 1276 596 1342 γενέσθαι
625 1278 846 1346 λέγεται
873 1279 963 1334 διά
984 1281 1045 1334 τὸ
1070 1281 1270 1335 ἐνωθὲν
1294 1282 1446 1354 αὐτῷ
1492 1283 1652 1354 σῶμα
1672 1302 1685 1315 '
1721 1284 1925 1355 γράφει

345 1365 476 1432 γοῦν
517 1369 547 1421 6
583 1358 840 1432 Λουκᾶςλ
879 1388 899 1422 ι
940 1371 1269 1445 Ἐπειδήπερ
1327 1373 1514 1426 πολλοὶ
1562 1375 1927 1445 ἐπεχείρησαν

347 1460 717 1527 ἀνατάξασθαι
751 1463 1005 1533 διήγησιν
1034 1466 1162 1534 περὶ
1195 1466 1306 1519 τῶν
1341 1465 1925 1540 πεπληροφορημένων

347 1552 484 1620 ἡμῖν
528 1552 895 1622 πραγμάτων,
926 1552 1107 1617 καθὼς
1143 1555 1450 1627 παρέδοσαν
1472 1559 1605 1628 ἡμῖν
1635 1560 1682 1611 οε
1707 1558 1803 1613 ἀπε
1828 1560 1927 1630 ἀρ-

348 1641 454 1710 χῆς
490 1642 759 1698 αὐτόπται
799 1645 892 1698 καὶ
925 1645 1194 1718 ὑπηρέται
1227 1648 1509 1719 γενόμενοι
1540 1649 1636 1703 τοῦ
1676 1649 1837 1717 λόγου
1860 1665 1872 1678 ·
1901 1670 1919 1702 ι

350 1735 451 1786 καὶ
482 1735 622 1806 πρός
653 1753 716 1804 γε
750 1737 901 1791 τοῦτό
931 1756 1094 1808 φησιν
1131 1741 1160 1794 6
1195 1739 1358 1809 σοφὸς
1395 1741 1677 1813 Ἱωάννης’
1717 1760 1735 1794 ι
1763 1744 1828 1796 '0
1856 1738 1927 1814 ἦν

2028 552 2260 608 Verbum
2284 553 2640 624 intelligimus
2667 553 3030 618 incarnatum,
3063 553 3344 621 unumque
3376 558 3428 605 et
3451 567 3607 606 eum-

2023 648 2146 702 dem
2186 646 2379 703 Filium
2436 647 2762 703 conﬁtemur
2836 647 2968 703 (lum
3009 647 3154 703 enim
3210 659 3307 717 per
3357 655 3606 699 naturam

2023 748 2171 795 esset
2207 739 2514 806 invisibilis,
2562 738 2734 795 factus
2782 746 2872 795 est
2900 739 3147 804 visibilis,
3184 750 3249 793 eo
3294 737 3438 807 quod
3488 736 3610 789 visi-

2028 831 2134 887 bile
2168 831 2296 886 illud
2337 847 2534 902 corpus
2561 833 2836 903 proprium
2875 833 2992 900 eius
3023 840 3163 887 erat.
3194 829 3380 900 Itaque
3418 829 3608 884 beatus

2028 921 2196 986 David
2238 923 2420 1011 psallit
2451 942 2464 979 :
2499 941 2518 976 ι
2553 923 2692 980 Deus
2741 924 3026 980 manifeste
3068 923 3271 987 veniet,
3317 921 3456 977 Deus
3503 935 3604 975 no-

2027 1005 2172 1081 ster,°
2199 1025 2256 1072 et
2292 1005 2397 1071 non
2432 1017 2609 1072 silebit
2636 1017 2684 1085 ³;
2718 1036 2737 1071 ι
2772 1027 2931 1087 atque
2961 1017 3135 1073 etiam
3181 1016 3372 1072 beatus
3428 1014 3605 1070 llaba-

2027 1121 2127 1162 cue
2145 1122 2163 1159 :
2183 1123 2202 1157 ι
2230 1105 2373 1161 Deus
2400 1108 2469 1161 de
2489 1105 2733 1162 Theman
2762 1107 2964 1171 veniet,
2994 1106 3305 1163 et-Sanctus
3338 1107 3403 1161 de
3426 1114 3606 1161 monte

2027 1199 2314 1265 utubroso,
2343 1197 2615 1253 condenso
2636 1199 2677 1252 δ.
2702 1217 2721 1250 ι
2770 1197 2866 1254 llic
2894 1214 3015 1253 cum
3048 1207 3195 1255 esset
3220 1198 3382 1254 etiam
3411 1196 3604 1267 impal-

2028 1287 2244 1359 pahilis,
2289 1300 2510 1359 propter
2540 1290 2750 1345 unitum
2797 1290 2898 1345 sibi
2945 1305 3142 1362 corpus
3182 1290 3470 1361 palpabilis
3524 1289 3605 1344 l'a-

2028 1391 2147 1436 ctus
2180 1396 2302 1437 esse
2343 1381 2562 1437 dicitur.
2596 1380 2770 1437 Lucas
2813 1391 2965 1438 certe
3017 1382 3249 1438 scribit:
3284 1399 3304 1435 ι
3336 1381 3600 1450 Quoniam

2027 1474 2246 1541 quidem
2301 1473 2451 1528 multi
2500 1476 2681 1531 conati
2734 1485 2861 1530 sunt
2919 1475 3181 1531 ordinare
3236 1475 3603 1529 narrationem

2027 1578 2148 1633 qua:
2183 1563 2234 1614 in
2269 1564 2423 1619 nobis
2460 1566 2742 1634 completa;
2787 1574 2915 1620 sunt
2942 1580 3147 1629 rerum,
3190 1565 3334 1621 sicut
3364 1564 3606 1618 tradide-

2032 1665 2156 1709 ruut
2193 1655 2345 1709 nobis
2377 1654 2469 1723 qui
2503 1656 2573 1711 ab
2602 1652 2899 1725 initio'ipsi
2935 1656 3212 1720 viderunt,
3266 1666 3319 1710 et
3371 1654 3605 1708 ministri

2032 1743 2249 1805 fuerunt
2289 1744 2556 1799 sermonis
2574 1743 2618 1799 '.
2653 1762 2672 1797 ι
2727 1744 2923 1800 ΑιΙΙιαξσ
2972 1745 3047 1799 ait
3104 1745 3296 1800 beatus
3327 1742 3562 1798 Joannes
3586 1758 3605 1797 :

349 1824 449 1877 ἀπ’
488 1826 684 1897 ἀρχῆς,
725 1828 754 1881 ὃ
779 1830 1121 1901 ἀκηκόαμεν,
1147 1831 1178 1885 6
1210 1831 1540 1904 ἑωράκαμεν
1586 1837 1700 1898 τοῖς
1729 1833 1931 1905 ὀφθαλ-

2040 1854 2060 1887 ι
2092 1835 2247 1903 Quod
2290 1835 2389 1891 fuit
2435 1836 2504 1890 ab
2543 1835 2718 1901 initio,
2756 1838 2900 1907 quod
2927 1837 3252 1903 audivimus,
3283 1835 3429 1907 quod
3467 1835 3606 1889 vidi-

354 1920 473 1987 μοῖς
499 1919 681 1989 ἡμῶν,
704 1920 732 1973 ὃ
751 1921 1118 1993 ἐθεασάμεθα,
1150 1924 1241 1977 καὶ
1263 1926 1321 1978 αί
1350 1927 1532 1998 χεῖρες
1549 1926 1707 1999 ἡμῶν
1732 1927 1934 1998 ἑψηλά-

351 2028 528 2080 φησαν
562 2014 693 2084 περὶ
724 2014 818 2067 τοῦ
851 2015 1028 2084 Λόγου
1055 2016 1154 2087 τῆς
1197 2017 1362 2088 ζωῆς,
1395 2019 1487 2073 καὶ
1513 2021 1546 2091 ἡ
1576 2020 1691 2091 ζωὴ
1738 2022 1932 2089 ἐφανε-

354 2100 526 2172 ρώθη,
557 2105 653 2158 καὶ
694 2105 1024 2176 ἑωράκαμεν
1060 2110 1151 2162 καὶ
1188 2111 1593 2182 μαρτυροῦμεν,
1625 2115 1720 2165 καὶ
1749 2113 1934 2180 ἀπαγ-

350 2192 620 2263 γέλλομεν
657 2193 787 2265 ὑμῖν
815 2196 916 2267 τὴν
948 2196 1087 2268 ζωὴν
1138 2200 1238 2268 τὴν
1267 2200 1502 2266 αἰώνιον,
1534 2203 1657 2272 ἥτις
1696 2198 1765 2273 ἦν
1795 2203 1933 2274 πρὸς

351 2286 441 2338 τὸν
475 2288 696 2358 Πατέρα
741 2289 836 2343 καὶ
884 2290 1201 2362 ἐφανερώθη
1234 2294 1386 2363 ἡμῖν.
1418 2312 1437 2344 ›
1480 2294 1618 2347 Ἀλλ’
1642 2297 1691 2347 εί
1729 2297 1804 2366 μὴ
1838 2295 1933 2364 γέ-

351 2393 509 2442 γονεν
538 2378 710 2442 ἁπτός
737 2396 796 2432 τε
831 2382 925 2434 καὶ
957 2382 1168 2452 ὁρατὸς,
1205 2383 1280 2447 ὡς
1312 2384 1442 2439 ἴδιον
1476 2385 1616 2456 ἔχων
1639 2386 1702 2439 τὸ
1731 2386 1934 2440 ὑποπί-

352 2486 487 2522 πτον
512 2471 635 2541 ἁφῇ
652 2472 753 2525 καὶ⁸
770 2473 961 2542 ὁράσει
992 2473 1169 2546 σῶμα,
1203 2475 1320 2540 πῶς
1345 2476 1614 2531 αὐτόπται
1640 2476 1735 2531 τοῦ
1761 2480 1933 2547 Λόγου

350 2560 646 2629 γεγόνασιν
658 2563 994 2633 οι-πάνσοφοι
1016 2566 1254 2635 μαθηταί
1274 2583 1290 2633 ;
1311 2567 1433 2631 ῐΙῶς
1448 2567 1507 2621 δὲ
1521 2567 1614 2621 καὶ
1627 2566 1909 2622 τεθέανται
1918 2609 1933 2635 ,

353 2652 453 2704 καὶ
466 2651 792 2722 ψηλαφῆσαί
818 2671 952 2722 φασι
977 2655 1068 2708 τὸν
1089 2658 1259 2725 Λόγον
1278 2658 1374 2726 τῆς
1392 2657 1563 2727 ζωῆς,
1577 2659 1700 2728 ἣτις
1715 2654 1782 2729 ἦν
1802 2661 1935 2729 πρὸς

354 2743 450 2796 τὸν
484 2742 726 2815 Πατέρα,
758 2747 852 2797 καὶ
885 2746 1207 2818 ἐφανερώθη
1240 2749 1402 2818 ήμῖν;
1432 2749 1634 2802 Τοῦτον
1653 2745 1746 2803 οῦν
1776 2752 1936 2806 αὑτὸν

350 2832 447 2885 τὸν
466 2832 641 2885 ἁπτόν
661 2850 719 2885 τε
746 2834 842 2888 καὶ
871 2835 1087 2901 ὁρατὸν,
1104 2836 1198 2889 τὸν
1216 2836 1466 2908 τῷ-ξύλῳ
1493 2839 1929 2911 προσηλωμένον,

350 2924 572 2992 ἐπέγνω
619 2925 721 2993 μὲν
745 2928 773 2979 6
816 2926 1038 2995 Θωμᾶς,
1066 2927 1339 2998 ὡμολόγει
1369 2928 1426 2981 δὲ
1456 2930 1549 2982 καὶ
1582 2932 1727 3000 μάλα
1758 2930 1934 3003 ὀρθῶς

351 3016 485 3068 Θεὸν
537 3016 631 3067 καὶ
680 3016 908 3087 Κύριον.
961 3019 1102 3089 Ἔφη
1155 3019 1265 3091 γὰρ
1315 3019 1507 3084 εὐθύς
1546 3040 1565 3072 ι
1626 3020 1684 3075 '0
1729 3022 1935 3092 Κύριός

356 3124 456 3176 μου
484 3108 580 3161 καὶ
609 3110 637 3161 6
669 3108 804 3172 Θεός
822 3106 1132 3179 μου-»εἶτα
1159 3112 1295 3182 πρὸς
1312 3112 1476 3166 αὑτὸν
1495 3115 1522 3166 ὀ
1544 3114 1745 3184 Κύριος
1774 3115 1932 3185 ἡμῶν

364 3199 571 3270 Ἰησοῦς
600 3200 840 3271 Χριστός
866 3216 880 3230 ·
919 3221 936 3254 ι
967 3201 1090 3255 Ὅτι
1113 3200 1365 3274 ἑώρακάς
1395 3221 1493 3275 με,
1518 3206 1891 3270 πεπίστευκας
1914 3223 1929 3238 ’

358 3293 616 3363 μακάριοι
646 3296 695 3346 οἱ
734 3294 809 3364 μὴ
856 3294 1187 3366 ἑωρακότες,
1233 3297 1327 3351 καὶ
1372 3297 1789 3362 πιστεύσαντες.
1814 3317 1833 3349 ι
1867 3299 1933 3352 Τί

354 3388 765 3452 πιστεύσαντες,
798 3387 920 3442 εἰπέ
948 3406 1040 3458 μοι
1061 3406 1075 3454 ;
1101 3384 1250 3461 'Apu
1266 3390 1365 3461 οὐχ
1390 3391 1474 3444 ὅτι
1493 3390 1627 3454 Θεὸς
1647 3389 1724 3443 ὣν
1748 3391 1931 3462 φύσει,

355 3482 439 3532 τὸν
470 3480 603 3534 ἴδιον
631 3483 696 3533 ἐκ
729 3480 940 3551 νεκρῶν
965 3481 1232 3552 ἀνέστησε
1263 3481 1423 3548 ναόν;
1452 3481 1646 3536 Καίτοι
1678 3482 1795 3546 πῶς
1828 3484 1934 3553 ἀμ-

355 3571 574 3640 φίλογον
621 3572 684 3625 τὸ
733 3572 969 3642 πρᾶγμά
999 3574 1185 3637 ὲστιν;
1221 3572 1359 3626 Ἀλλ’
1381 3575 1411 3627 6
1447 3574 1682 3645 χρηστὸς
1711 3574 1896 3627 οὑτοσὶ
1917 3615 1933 3640 ,

356 3663 638 3732 μονονουχὶ
700 3666 820 3728 ταῖς
872 3663 968 3716 τοῦ
1030 3663 1276 3734 μαθητοῦ
1330 3668 1533 3734 φωναῖς
1589 3665 1935 3737 ὲπερυθριῶν

352 3754 805 3826 ἀσυνέπως,οὐχ
850 3755 1192 3827 ὡμολόγησε,
1239 3761 1426 3828 φησὶν.
1475 3759 1660 3825 αὑτὸν,
1707 3759 1937 3812 ὅτι-καὶ

354 3844 559 3916 Κύριος
602 3848 698 3901 καὶ⁸
732 3846 867 3911 Θεός
917 3850 1062 3901 ἐστιν
1099 3850 1128 3902 ὁ
1168 3848 1514 3919 πρωτότοκος
1566 3851 1632 3902 ὲκ
1684 3848 1932 3920 νεκρῶν·

353 3934 700 4005 παρατρέπει
740 3934 798 3988 δὲ
833 3934 1031 4003 μᾶλλον
1060 3937 1155 3990 ἐπὶ
1184 3936 1246 3990 τὸ
1279 3936 1430 4006 αὑτῴ
1467 3936 1658 3990 δοκοῦν
1700 3936 1797 4008 τὴν
1842 3937 1934 3992 τοῦ

350 4028 512 4094 λόγου
532 4027 783 4097 δύναμιν,
812 4028 905 4081 καί
936 4045 1121 4097 φησιν,
1146 4030 1229 4081 ὅτι
1255 4028 1348 4080 τὸν
1376 4027 1802 4097 παραδοξοποιὸν
1831 4029 1936 4082 ἐδο-

352 4120 563 4187 ξολόγει
583 4119 736 4184 Θεὸν,
764 4118 936 4188 λέγων
953 4138 997 4172 ἰ
1018 4121 1079 4173 Ὀ
1105 4120 1306 4191 Κύριός
1332 4138 1432 4191 μου
1461 4122 1554 4174 καὶ
1570 4121 1597 4172 6
1617 4121 1747 4185 Θεός
1775 4139 1929 4192 μου.»

354 4213 700 4283 Προσεπάγει
730 4211 788 4265 δὲ
831 4212 1074 4276 τούτοις
1106 4213 1181 4266 Οὑ
1213 4215 1275 4265 τὸ
1301 4212 1624 4284 ψηλαςηθὲν
1665 4231 1936 4285 προσαγοο

354 4304 534 4376 ρεύων
563 4304 723 4358 Θεόν’
756 4306 817 4357 οὗ
851 4304 960 4376 γὰρ
1002 4304 1319 4375 ψηλαφήσει
1364 4305 1567 4377 θεότης
1597 4306 1932 4375 εὑρίσκεται.

365 4398 657 4468 Ἐπιτιμᾷς
694 4391 788 4451 οὖν
819 4396 897 4467 τῷ
959 4396 1201 4468 μαθητῇ,
1250 4398 1372 4451 εἰπέ
1423 4416 1552 4468 μοι,
1604 4398 1808 4469 Κύριον
1842 4400 1936 4452 καὶ

2037 1941 2157 1982 mus
2190 1925 2360 1980 oculis
2405 1928 2626 1992 nostris,
2669 1927 2811 1997 quod
2860 1928 3258 1997 perspeximus,
3310 1935 3364 1981 et
3415 1939 3608 1981 manus

2037 2027 2241 2073 nostr-te
2264 2029 2735 2077 contrectaveruut
2774 2023 2842 2078 de
2871 2021 3052 2079 Verbo
3084 2024 3231 2088 vitae,
3265 2033 3317 2078 et
3351 2021 3458 2076 vita
3492 2036 3608 2075 nta-

2037 2108 2285 2165 nilestata
2312 2120 2416 2175 est,
2452 2118 2515 2165 et
2533 2112 2764 2168 vidimus
2791 2122 2848 2169 et
2888 2124 3171 2178 testamur,
3208 2124 3267 2169 et
3311 2112 3604 2168 annuntia-

2037 2216 2156 2255 nms
2187 2202 2339 2258 vobis
2364 2203 2528 2258 vitam
2573 2216 2855 2273 aeternam,
2883 2221 3007 2277 quas
3035 2215 3154 2262 erat
3181 2208 3322 2275 apml
3364 2205 3606 2269 Patrem,

2035 2303 2090 2348 et
2138 2294 2392 2363 apparuit
2438 2294 2658 2351 nobis“.
2696 2315 2715 2348 ο
2771 2294 3029 2361 Sed,uisi
3089 2295 3279 2352 fuisset
3331 2296 3609 2366 palpabilis

2036 2396 2200 2456 atque
2257 2388 2517 2453 visibilis,
2576 2396 2767 2458 utpote
2813 2404 3013 2460 corpus
3063 2393 3339 2460 proprium
3404 2390 3610 2443 habens

2037 2476 2200 2531 tactui
2246 2476 2492 2547 visniquc
2526 2479 2854 2546 subjectum.
2900 2480 3174 2548 quomodo
3220 2476 3608 2547 sapientissimi

2037 2569 2391 2638 illidiscipuli
2437 2570 2697 2625 vidissent
2728 2569 2982 2635 Verbum,
3017 2569 3291 2640 quomodo
3338 2569 3503 2623 etiam
3550 2582 3610 2622 se

2037 2664 2375 2733 perspexisse
2409 2673 2479 2718 et~
2512 2671 2883 2719 contrectasse
2911 2662 3156 2719 dicereut
3184 2663 3420 2718 Verbum
3456 2663 3605 2726 vitae,

2034 2769 2155 2824 qua:
2196 2762 2315 2808 erat
2357 2754 2497 2823 apud
2545 2754 2778 2817 Patrem,
2826 2764 2879 2809 et
2913 2757 3162 2825 apparuit
3212 2756 3414 2811 nobis?
3457 2752 3610 2810 Hunc

2036 2843 2200 2912 igitur
2232 2843 2406 2912 ipsum
2448 2844 2896 2898 contreetabilem
2942 2852 3103 2912 atque
3146 2845 3434 2907 visibilem.
3469 2846 3610 2900 hunc

2034 2935 2125 3004 qui
2152 2933 2296 3003 ligno
2320 2933 2541 2990 sullixus
2566 2935 2764 2999 fuerat,
2796 2934 3033 2989 Thomas
3060 2935 3297 3004 agnovit,
3331 2950 3395 2989 ac
3417 2937 3608 2989 rectis-

2035 3026 2174 3081 sime
2230 3026 2395 3080 Deum
2453 3040 2516 3079 ac
2571 3023 2855 3079 Dominum
2905 3023 3176 3081 fatebatur
3217 3043 3241 3081 :-
3278 3024 3419 3079 dixit
3465 3025 3607 3080 enim

2037 3114 2294 3170 continuo
2323 3112 2519 3185 τιω
2549 3133 2566 3166 ι
2594 3113 2851 3170 Dominus
2875 3124 3134 3179 meus,,et
3151 3113 3291 3169 Deus
3316 3129 3466 3170 meus
3487 3114 3508 3147 '
3534 3131 3550 3180 ;
3582 3133 3605 3167 ι

2036 3206 2230 3261 deinde
2274 3207 2340 3259 ad
2396 3206 2546 3261 illum
2581 3204 2842 3261 Dominus
2875 3214 3068 3261 noster
3108 3204 3269 3261 Jesus
3308 3206 3606 3262 Christus:

2042 3313 2060 3347 ι
2093 3295 2249 3361 Quia,
2300 3296 2493 3365 inquit,
2552 3295 2749 3354 vidisti,
2790 3308 2898 3361 me,
2960 3294 3241 3351 credidisti
3277 3313 3291 3350 :
3322 3295 3466 3351 beati
3515 3296 3607 3365 qui

2037 3405 2141 3442 non
2173 3387 2440 3454 viderunt,
2467 3398 2522 3443 et
2550 3386 2954 3443 crediderunt“.
2987 3405 3006 3440 ι
3031 3386 3196 3454 Quid,
3223 3402 3349 3457 rogo
3385 3396 3455 3453 te,
3487 3403 3608 3442 cre-

2036 3478 2325 3534 diderunt?
2357 3494 2535 3533 nonne
2566 3478 2730 3548 quod,
2759 3494 2882 3534 cum
2925 3477 3069 3533 Deus
3098 3488 3246 3533 esset
3278 3493 3344 3533 ex
3396 3491 3609 3543 uatum,

2038 3571 2310 3640 proprium
2346 3572 2601 3640 templum
2650 3572 2909 3627 excitavit
2956 3584 2989 3631 a
3035 3573 3303 3627 mortuis?
3340 3573 3501 3643 Atqui
3545 3590 3608 3628 ea

2039 3678 2126 3718 res
2172 3663 2299 3733 quid
2346 3663 2712 3733 ambiguitatis
2768 3664 2971 3719 habet?
3024 3663 3130 3720 Sed
3176 3666 3265 3721 hic
3314 3665 3484 3721 bonus
3529 3667 3613 3720 vir

2038 3756 2420 3825 propemodum
2484 3755 2551 3809 de
2611 3754 2859 3825 discipuli
2912 3757 3139 3811 vocibus
3190 3758 3357 3811 stulte
3407 3758 3608 3811 erube-

2037 3863 2217 3912 scens,
2252 3862 2360 3903 non
2383 3847 2665 3902 confessus
2694 3856 2799 3913 est,
2825 3848 3016 3917 inquit,
3052 3847 3337 3901 Dominum
3364 3857 3417 3904 et
3444 3849 3608 3903 Deum

2036 3955 2157 3995 esse
2190 3940 2337 3993 illum
2369 3937 2786 4008 primogenitum
2825 3952 2891 3991 ex
2929 3938 3193 4003 mortuis;
3231 3939 3321 3991 sed
3357 3940 3457 3992 vim
3493 3954 3609 3992 ser-

2038 4030 2213 4085 monis
2243 4031 2509 4098 pervertit
2536 4029 2603 4081 ad
2645 4043 2798 4081 suam
2845 4026 3181 4096 opinionem,
3219 4038 3286 4081 et-
3312 4028 3410 4092 ait,
3443 4028 3606 4082 Deum

2037 4119 2437 4172 admirabilium
2482 4132 2703 4187 opermu
2740 4116 3061 4172 cﬂ'eclorem.
3093 4116 3453 4184 gloriﬁcasse,
3486 4132 3608 4171 cum

2037 4210 2175 4266 dixit
2204 4227 2219 4265 :
2253 4229 2270 4261 ι
2302 4209 2560 4264 Duminus
2589 4224 2761 4271 meus,
2792 4218 2845 4263 et
2878 4207 3018 4263 Deus
3058 4224 3232 4265 meus.
3266 4228 3285 4262 ι
3318 4208 3412 4263 llis
3444 4210 3608 4263 etiam

2039 4301 2271 4372 adjicit:
2301 4301 2419 4359 Non
2452 4302 2594 4372 quod
2630 4301 3069 4357 cuutrectahatur
3110 4301 3386 4372 appellans
3420 4300 3609 4367 Deum,

2039 4412 2144 4451 non
2196 4394 2340 4450 enim
2387 4393 2821 4449 contrectatione
2870 4394 3125 4450 divinitas
3174 4393 3464 4448 invenitur.
3505 4393 3610 4446 Ac-

349 4490 489 4542 Θεὸν
537 4489 856 4558 ὀνομάζοντι
885 4490 973 4542 τὸν
1003 4490 1268 4560 Χριστόν;
1309 4489 1501 4544 Καίτοι
1531 4491 1768 4561 δέδειχεν
1804 4493 1931 4563 ἡμῖν

2037 4486 2635 4556 cusasnediscipulum,
2682 4486 2769 4540 dic
2803 4485 2957 4553 mihi,
3001 4485 3145 4556 quod
3181 4484 3457 4540 Christum
3504 4483 3611 4538 lto-

349 4579 555 4649 ἀρτίως
580 4581 608 4632 ὁ
639 4579 816 4646 λόγος,
861 4579 943 4631 ὅτι
973 4579 1106 4643 Θεὸς
1137 4579 1212 4633 ὢν
1250 4580 1390 4635 κατά
1427 4580 1587 4649 φύσιν
1631 4582 1659 4633 ὁ
1697 4583 1937 4650 Μονογε-

350 4670 470 4740 νὴς,
496 4670 708 4740 ἀναφὴς
740 4671 835 4724 καὶ
864 4671 1113 4741 ἀόρατος,
1155 4671 1326 4735 ἁπτὸς
1356 4672 1548 4741 γέγονε
1589 4673 1684 4726 καὶ
1715 4673 1933 4743 ὁρατός.

351 4764 527 4816 Ὅταν
558 4762 616 4814 δὲ
647 4762 837 4833 λέγῃς·
869 4763 942 4815 Οῦ
971 4763 1081 4834 γὰρ
1110 4763 1421 4835 ψηλαφήσει
1463 4764 1666 4835 Θεότης
1686 4765 1936 4834 εὑρίσκε-

347 4870 463 4917 ται,
497 4853 661 4907 πάλιν
689 4855 866 4907 ἐκεῖνο
891 4853 1154 4925 ἐροῦμεν*
1188 4853 1252 4906 Τί
1286 4854 1683 4924 παρωσάμενος
1714 4855 1813 4924 τὴν
1857 4856 1935 4907 οι-

349 4946 636 5016 κονομίαν,
662 4945 738 5008 ὡς
768 4945 898 5015 περὶ¹
924 4946 1136 5015 γυμνῆς
1164 4945 1386 5016 διαλέγῃ
1416 4946 1703 5016 θεότητοςς
1733 4948 1811 5009 εἰς
1841 4946 1937 5016 λή-

348 5039 452 5108 θην
492 5038 551 5090 δέε
593 5028 801 5108 ὥσπερ
827 5036 1129 5107 ἐληλακὼς,
1169 5038 1251 5090 ὅτι
1280 5038 1369 5089 καὶ
1400 5038 1688 5107 ὲσαρκώθη
1737 5038 1827 5089 καὶ
1856 5039 1938 5089 ἐνη-

347 5129 712 5200 ηνθρώπησεν
738 5132 767 5181 ὁ
786 5128 994 5198 ἀναφὴς
1022 5128 1116 5181 καὶ
1142 5128 1452 5198 ἀσώματος,
1479 5129 1580 5181 οὐκ
1608 5129 1776 5200 ἀνέλῃ
1801 5129 1936 5181 Θεὸν

347 5215 726 5288 όνομαζούσης
750 5217 914 5271 αὐτὸν
941 5218 1039 5286 τῆς
1067 5214 1427 5271 θεοπνεύστου
1458 5219 1701 5287 Γραφῆς,
1733 5218 1821 5271 διὰ
1851 5237 1933 5272 τοι

347 5308 410 5360 τὸ
443 5308 832 5378 ὲψηλαφῆσθαι
862 5309 1046 5379 σαρκὶ,
1074 5301 1253 5377 ὦφθαι
1285 5325 1343 5360 τε
1373 5309 1575 5378 ὁμοίως
1610 5311 1722 5372 τοῖς
1756 5309 1933 5377 ἁγίοις

345 5400 672 5462 ἀποστόλοις
695 5416 710 5464 ;
746 5401 888 5451 Ἀλλ’
915 5402 1077 5471 ἡμεῖς
1106 5416 1190 5467 γε,
1218 5393 1262 5452 ὧ
1280 5402 1397 5461 τᾶν,
1419 5400 1556 5469 ὁμοῦ
1581 5400 1659 5469 τῷ
1682 5400 1935 5471 μακαρίῳ

348 5491 541 5560 θωμᾷ,
567 5490 660 5544 τὸν
684 5490 765 5560 τῷ
787 5490 928 5561 ξύλῳ
958 5490 1404 5561 προσηλωμένον,
1425 5492 1515 5543 τὸν
1538 5491 1933 5561 ψηλαφηθέντα

349 5585 559 5652 χερσὶν,
586 5581 908 5653 ἑωραμένον
940 5599 998 5635 τε
1028 5585 1141 5644 τοῖς
1169 5581 1529 5650 ἀνθρωπίνοις
1553 5583 1785 5652 ὄμμασι,
1818 5585 1936 5645 ut;

1507 5761 1525 5789 "
1557 5759 1683 5814 Luc.
1724 5775 1760 5825 ι,
1800 5760 1846 5826 1,
1874 5762 1926 5814 2.

422 5754 441 5784 ³
469 5761 618 5819 l‘sal.
656 5760 880 5827 .\LtX,5.
962 5761 978 5791 ⁵
1022 5760 1218 5816 Ilabar.
1262 5775 1340 5825 ιιι,
1373 5762 1424 5814 5.

2041 4580 2246 4634 ιιιίιιιιιιι
2281 4593 2345 4634 ac
2372 4578 2538 4632 Deum
2570 4578 2844 4647 appellet?
2888 4579 3048 4646 Atqui
3083 4577 3330 4646 proximo
3362 4591 3613 4632 sermone

2040 4672 2468 4727 demonstratum
2522 4679 2637 4735 est,
2688 4671 2833 4722 illum
2882 4669 3251 4736 unigenitum,
3298 4685 3418 4724 cum
3470 4679 3616 4724 esset

2038 4763 2333 4818 secundum
2369 4772 2614 4815 naturam
2639 4760 2801 4823 Deus,
2834 4760 3192 4831 impalpabilis
3218 4771 3273 4814 et
3304 4762 3612 4825 invisibilis,

2041 4853 2361 4926 palpabilem
2392 4866 2513 4906 esse
2548 4850 2746 4906 laetum
2794 4861 2847 4905 et
2879 4852 3162 4906 visibilem.
3200 4853 3333 4907 Cum
3373 4869 3503 4907 vero
3534 4854 3613 4906 di-

2046 4948 2125 4999 cis
2156 4965 2168 4997 :
2200 4942 2315 4997 Non
2349 4943 2495 4996 enim
2533 4944 2967 4997 contrectatione
3006 4944 3273 4997 Divinitas
3317 4944 3611 5006 invenitur,

2045 5037 2174 5089 illud
2203 5050 2235 5088 e
2267 5034 2541 5088 contrario
2569 5034 2813 5089 dicemus
2840 5051 2853 5087 :
2887 5036 3048 5102 Quid,
3084 5036 3492 5104 dispensatione
3535 5047 3615 5086 re-

2038 5126 2208 5195 jecta,
2232 5135 2485 5194 tauquam
2510 5125 2577 5180 de
2606 5124 2750 5179 nuda
2775 5125 3062 5180 divinitate
3086 5125 3312 5179 disseris
3334 5161 3348 5185 ,
3384 5132 3439 5176 et
3461 5120 3617 5189 quasi

2042 5218 2239 5274 oblitus
2273 5227 2325 5272 et
2368 5218 2705 5272 incarnatutn
2754 5214 2944 5283 luisse,
2994 5225 3051 5270 et
3100 5213 3372 5268 hominem
3414 5212 3611 5265 factum

2043 5311 2194 5365 illum
2218 5308 2613 5378 impalpabilem
2645 5317 2699 5362 et
2725 5309 3123 5375 incorporeum,
3163 5319 3347 5358 sacras
3378 5303 3615 5357 Litteras

2045 5416 2151 5454 non
2182 5400 2418 5454 sustines
2448 5413 2569 5465 qua:
2609 5398 2761 5467 illum
2797 5397 2964 5449 Deum
3008 5396 3301 5464 appellant,
3327 5407 3611 5464 propterea

2043 5494 2186 5560 quod
2216 5505 2379 5544 carne
2419 5490 2489 5543 sit
2516 5497 2903 5549 contrectatus,
2932 5488 3164 5541 etvisus
3205 5487 3275 5539 sit
3309 5488 3437 5541 item
3482 5500 3611 5538 san-

2046 5586 2147 5637 ctis
2175 5579 2471 5651 apostolis?
2506 5577 2613 5630 Sed
2664 5592 2781 5642 nos,
2827 5595 2858 5631 ο
2905 5579 2985 5631 vir
3013 5579 3247 5647 egregie,
3283 5580 3441 5633 simul
3484 5589 3607 5630 eum

2009 5765 2024 5789 “
2061 5759 2077 5813 Ι
2109 5761 2242 5816 Juan
2300 5778 2337 5824 ι,
2400 5759 2451 5813 2.
2536 5757 2553 5787 ⁷
2586 5755 2737 5810 Joan.
2769 5770 2855 5825 xx,
2889 5756 2979 5823 ‘28,
3018 5758 3107 5811 ‘29.
3184 5758 3203 5787 ⁸
3240 5757 3367 5811 ibid.
