4014 6128
457 345 566 404 947

1451 344 1509 400 S.
1553 341 1825 398 CYRILLI
1865 338 2330 396 ALEXANDRINI
2373 337 2690 396 ARCHIEP.

3615 334 3726 388 ets
3761 303 3768 311 ’

458 466 544 510 est
587 453 955 510 testimonium
1006 454 1096 509 Dei
1135 454 1257 523 quia
1295 454 1619 511 testiﬁcatus
1647 464 1731 510 est
1787 454 1854 509 de
1905 455 2037 509 Filio

2141 454 2296 507 εἰσιν.
2331 454 2394 506 Εἰ
2422 453 2520 524 τὴν
2551 451 2864 526 μαρτυρίαν
2884 449 2994 503 τῶν
3020 445 3325 518 ἀνθρώπων
3350 443 3722 516 λαμϐάνομεν,

459 564 578 604 suo.
630 548 731 614 Qui
761 549 933 604 credit
973 549 1024 602 iu
1057 549 1250 602 Filium
1298 549 1424 618 Dei,
1466 548 1627 603 habet
1667 548 2035 604 teStitnenium

460 639 511 692 iu
536 653 596 692 se
619 639 734 708 ipso
760 654 774 704 ;
806 639 897 708 qui
923 653 1025 692 non
1052 640 1223 693 credit
1246 639 1372 705 Deo,
1399 641 1712 694 mendacem
1741 641 1868 694 fecit
1889 655 2034 701 eum.

459 733 550 800 qui
591 746 695 784 non
737 730 906 784 credit
942 729 992 783 iu
1030 730 1395 784 testimonium
1433 730 1574 798 quod
1609 730 1927 785 testiﬁcatus
1954 741 2040 787 est

460 825 526 878 tle
556 822 692 877 Filio
722 836 818 876 suo
837 821 900 875 ⁸⁸.
939 839 958 872 ι
1012 822 1128 888 Quo
1175 823 1334 876 modo
1382 833 1560 878 autem
1616 824 1755 880 Deus
1784 839 1850 880 ac
1880 825 2038 881 Pater

462 913 784 968 testiﬁcatus
803 912 955 967 sitdc
977 913 1114 968 Filio
1140 930 1238 968 suo
1257 957 1271 977 ,
1297 916 1491 972 beatus
1530 917 1766 974 Joannes
1796 918 2035 987 Baptista

461 1005 614 1059 nobis
648 1003 980 1068 declarabit,
1010 1005 1198 1060 dicens
1226 1024 1238 1060 :
1275 1024 1299 1057 ι
1337 1007 1401 1060 Et
1429 1022 1530 1078 ego
1557 1009 1864 1064 nesciebam
1889 1025 2034 1072 eum,

459 1096 551 1149 sed
581 1096 669 1164 qui
706 1096 852 1152 misit
883 1111 973 1152 me
999 1097 1273 1168 baptizare
1311 1100 1362 1152 in
1393 1115 1566 1170 aqua.
1598 1101 1686 1155 ille
1709 1102 1841 1157 mihi
1866 1101 2031 1156 dixit:

462 1185 634 1254 Super
693 1203 851 1258 quem
919 1191 1121 1245 videris
1180 1189 1444 1259 Spiritum
1504 1192 1921 1247 descendentem
1983 1205 2037 1248 et

462 1288 767 1333 manentem
812 1295 976 1349 super
1000 1297 1121 1335 eum
1146 1322 1160 1345 ,
1185 1282 1270 1336 hic
1304 1291 1386 1337 est
1421 1283 1511 1351 qui
1551 1281 1786 1352 baptiznt
1828 1284 1877 1336 in
1911 1283 2036 1354 Spi-

461 1369 564 1421 ritu
607 1379 815 1426 sancto.
870 1372 937 1426 Et
975 1387 1074 1442 ego
1107 1373 1210 1426 ridi
1234 1413 1248 1436 ,
1279 1384 1332 1427 et
1365 1372 1728 1428 testimonium
1770 1374 2033 1443 perltibui,

459 1460 586 1528 quia
627 1461 714 1516 hic
759 1471 842 1518 est
881 1462 1049 1518 Filius
1097 1463 1186 1518 Dei
1221 1463 1285 1517 η.
1335 1483 1352 1515 ι
1405 1462 1798 1519 Testimonium
1857 1465 2037 1534 itaque

461 1552 773 1616 perhibetur
823 1554 1048 1610 Domino
1100 1564 1286 1609 nostro
1343 1553 1470 1610 Jcsu
1521 1556 1738 1612 Christo
1775 1566 1828 1611 et
1861 1555 2037 1613 Patris

464 1657 593 1698 voce
613 1684 628 1708 ,
666 1645 806 1713 quod
847 1644 962 1712 ejus
988 1645 1156 1700 Filius
1179 1646 1249 1700 sit
1279 1657 1467 1700 natura
1487 1656 1543 1701 et
1563 1649 1858 1702 secundum
1891 1650 2033 1704 veri-

466 1741 630 1787 tatem
664 1775 671 1782 .
699 1733 1063 1789 testimonium
1108 1749 1318 1805 quoque
1350 1736 1699 1792 nihilominus
1727 1737 2038 1806 perhibetur

2141 548 2175 616 ἡ
2214 545 2489 616 μαρτυρία
2537 545 2629 598 τοῦ
2662 544 2806 598 Θεοῦ»
2866 543 2948 595 ἔτι
2999 539 3198 610 μείζων
3232 536 3381 590 ἐστίν
3405 552 3416 565 ’
3465 537 3548 590 ὃτι
3584 536 3724 606 αὕτη

2140 636 2286 688 ἐστὶν
2319 638 2350 706 ἡ
2385 635 2666 707 μαρτυρία
2690 634 2784 688 τοῦ
2827 631 2988 697 Θεοῦ,
3020 631 3102 683 ὅτι
3144 626 3543 699 μεμαρτύρηκε
3592 626 3726 696 περὶ

2137 725 2232 777 τοῦ
2262 723 2402 777 Υίοῦ
2431 723 2627 777 αὐτοῦ’
2657 727 2685 778 6
2714 721 2986 778 πιστεύων
3030 721 3109 784 είς
3140 719 3232 772 τὸν
3263 719 3391 772 Υἱὸν
3421 717 3515 771 τοῦ
3563 717 3722 780 Θεοῦ,

2138 815 2251 885 ἔχει
2298 814 2406 885 τὴν,
2455 814 2762 887 μαρτυρίαν
2809 815 2867 868 ὲν
2909 810 3116 882 ἐαυτῷ·
3149 811 3177 863 6
3220 809 3295 881 μὴ
3337 809 3613 862 πιστεύων
3645 808 3726 878 τῷ

2138 906 2278 977 Θεῷ,
2308 906 2550 978 ψεύστην
2586 905 2897 976 πεποίηκεν,
2928 902 3114 969 αὐτὸν,
3157 902 3242 954 ὅτι
3271 901 3370 960 ούκ
3400 900 3724 954 ἐπίστευσεν

2138 1000 2219 1062 εἰς
2250 999 2350 1068 τὴν
2387 996 2717 1068 μαρτυρίαν,
2747 997 2826 1068 ἣν.
2851 993 3279 1067 μεμαρτύρηκεν
3311 994 3440 1064 περὶ
3468 991 3563 1045 τοῦ
3591 991 3723 1045 Υἱοῦ

2139 1090 2324 1144 αὐτοῦ.
2341 1109 2359 1142 ι
2385 1087 2794 1161 Μεμαρτύρηκε
2821 1089 2878 1142 δὲ
2909 1089 3031 1142 τίνα
3056 1087 3259 1159 τρόπον
3285 1088 3313 1139 6
3336 1085 3470 1149 Θεὸς
3496 1085 3593 1139 καὶ⁵
3614 1086 3728 1138 Πα-

2137 1182 2240 1254 τὴρ
2268 1183 2344 1254 τῷ
2371 1182 2507 1252 Υίῷ,
2533 1183 2785 1253 σαφηνιεί
2804 1181 2980 1249 λέγων
3004 1181 3032 1234 6
3064 1178 3352 1241 θεσπέσιος
3381 1180 3514 1247 ἡμῖν
3541 1175 3726 1230 Ἰωάν-

2137 1292 2236 1345 νης
2281 1277 2308 1328 6
2355 1274 2699 1344 Βαπτιστής·
2739 1292 2758 1324 ι
2787 1271 2957 1340 Κάγὼ
3001 1271 3102 1325 ούκ
3137 1271 3286 1342 ᾔδειν
3334 1270 3520 1330 αὐτὸν.
3553 1268 3670 1323 ἀλλ’
3696 1271 3726 1322 6

2139 1365 2365 1436 πέμψας
2394 1384 2460 1437 με
2497 1365 2780 1437 βαπτίζειν
2816 1365 2989 1428 ὕδατι,
3016 1363 3225 1426 ἐκεῖνός
3260 1379 3350 1433 μοι
3380 1357 3534 1415 εἶπεν
3555 1377 3568 1392 ·
3605 1361 3723 1428 Ἐφ’

2137 1457 2196 1510 ὃν
2225 1457 2301 1511 ἂν,
2333 1457 2447 1528 ἴδῃς
2480 1457 2542 1511 τὸ
2576 1454 2802 1527 Πνεῦμα
2831 1455 3158 1510 καταϐαῖνον
3188 1453 3280 1507 καὶ
3313 1453 3473 1523 μένον
3507 1454 3592 1505 ἐπ’
3623 1453 3724 1506 αύ-

2135 1550 2249 1615 τὸν,
2294 1543 2449 1614 οὗτός
2502 1551 2650 1604 ἐστιν
2693 1549 2722 1602 6
2756 1547 3035 1620 βαπτίζων
3086 1550 3144 1601 ἐν
3195 1546 3272 1618 τῷ
3320 1544 3600 1616 Πνεύματι
3649 1546 3726 1616 τῷ

2139 1642 2299 1714 ἁγίῳ.
2331 1642 2440 1695 Καὶ
2467 1641 2579 1710 ἐγὼ
2607 1641 2848 1713 ἑώρακα,
2881 1643 2975 1695 καὶ
3007 1639 3433 1712 μεμαρτύρηκα,
3461 1640 3544 1692 ὅτι
3569 1633 3725 1702 οὗτός

2139 1735 2285 1787 ἐστιν
2310 1734 2342 1786 6
2371 1734 2498 1796 Υἱὸς
2528 1732 2622 1786 τοῦ
2649 1732 2822 1787 Θεοῦ.
2856 1752 2873 1786 ι
2903 1732 3280 1803 Μαρτυρεῖται
3305 1731 3484 1784 τοίνυν
3513 1729 3608 1783 καὶ
3639 1729 3726 1782 διὰ

464 1837 602 1892 aqua
632 1832 688 1877 et
716 1825 976 1895 sanguine
999 1835 1053 1880 et
1081 1827 1286 1894 Spiritu
1319 1841 1332 1877 τ
1365 1836 1420 1881 et
1440 1839 1625 1882 sanet-1
1655 1805 1874 1898 quidem
1897 1845 2036 1899 aqua

2141 1826 2237 1897 τῆς
2281 1825 2374 1878 τοῦ
2424 1825 2638 1896 Πατρδς
2690 1824 2876 1895 φωνῆς
2919 1825 2947 1876 6
2997 1821 3201 1894 Κύριος
3253 1820 3413 1892 ἡμῶν
3446 1820 3657 1891 Ἰησοῦς
3697 1823 3726 1874 6

464 1921 682 1979 peccata
726 1914 1058 1970 credentium
1101 1917 1396 1986 abstergit,
1429 1918 1665 1976 viviﬁeat
1721 1929 1899 1975 autem
1941 1921 2038 1975 ho-

465 2003 638 2060 mines
662 2005 750 2073 qui
784 2017 908 2061 sunt
936 2022 1108 2078 super
1132 2018 1352 2074 terram,
1379 2024 1476 2064 suo
1504 2011 1800 2081 sanguine,
1829 2026 1892 2068 ac
1926 2011 2038 2067 Deo

465 2096 757 2166 c0njungit.
813 2097 917 2153 Sed
959 2100 1084 2169 quia
1129 2111 1213 2155 est
1242 2102 1534 2157 secundum
1583 2115 1831 2158 naturam
1873 2101 2036 2170 Deus,

463 2187 626 2241 etiam
676 2190 848 2244 sancti
893 2189 1132 2261 Spiritus
1183 2207 1377 2247 munus
1437 2194 1650 2249 abunde
1705 2194 1952 2265 largitur,
1985 2205 2037 2250 et

468 2287 719 2349 tanquam
761 2283 1035 2351 proprium
1067 2284 1117 2337 in
1148 2283 1358 2338 animas
1401 2285 1738 2340 credentium
1785 2285 2036 2352 eﬁ'untlit,

467 2378 525 2424 ut
555 2369 674 2426 illos
703 2381 824 2426 tum.
849 2374 1045 2428 divina:
1081 2382 1286 2427 naturae
1327 2375 1504 2430 socios
1536 2375 1725 2430 efﬁciat
1752 2417 1766 2441 ,
1801 2385 1913 2430 tum
1947 2392 2042 2446 spe

468 2460 768 2520 futurorum
802 2465 1064 2518 bonorum
1114 2475 1360 2519 coronet.
1409 2465 1585 2520 Unum
1616 2466 1779 2534 igitur
1813 2468 2039 2524 conﬁte-

469 2567 589 2604 mur
643 2552 834 2607 Filium
894 2554 1170 2610 Christum
1233 2553 1417 2609 Jesum
1467 2557 1786 2622 Dominum,
1821 2559 1881 2614 id
1932 2570 2040 2621 est,

470 2641 596 2696 illud
635 2641 725 2698 Dei
764 2644 997 2703 Verbum
1043 2645 1316 2703 hominem
1367 2647 1565 2703 factum
1593 2656 1646 2703 et
1683 2649 2041 2717 incarnatutn,

467 2747 524 2788 et
579 2736 723 2791 hunc
793 2737 1155 2804 cruciﬁxum,
1185 2748 1240 2794 et
1271 2750 1649 2810 resurgentem
1717 2757 1746 2794 a
1790 2744 2042 2809 mortuis,

2141 1917 2395 1986 Χριστὸς,
2421 1916 2502 1969 ὅτι
2539 1915 2699 1986 φύσει
2726 1933 2788 1968 τε
2821 1914 2916 1970 καὶ
2947 1915 3089 1968 κατὰ
3120 1911 3382 1985 ἀλήθειαν
3415 1912 3542 1976 Υἱός
3577 1913 3726 1965 ἐστιν

2139 2008 2306 2062 αὐτοῦ
2323 2027 2336 2039 ο
2374 2011 2744 2080 μαρτυρεῖται-
2763 2009 2822 2068 δὲ
2847 2007 3007 2063 οὐδὲν.
3025 2001 3188 2077 ἦττον
3217 2006 3307 2060 διά
3331 2022 3390 2059 τε
3415 2005 3508 2058 τοῦ
3535 2003 3727 2068 ὓδατος

2144 2102 2234 2155 καὶ
2276 2100 2368 2153 τοῦ
2416 2101 2678 2171 αἵματος,
2727 2101 2823 2155 καὶ
2870 2099 2964 2155 τοῦ
3000 2099 3344 2169 Πνεύματος.
3374 2099 3572 2151 ’Ύδατι
3626 2097 3725 2168 μὲν

2142 2191 2219 2260 ττῖ)
2263 2192 2404 2262 ἁγίῳ
2432 2192 2726 2262 διασμήχει
2756 2192 2864 2244 τῶν
2897 2191 3261 2246 πιστευόντων
3287 2189 3388 2253 τὰς
3420 2188 3722 2261 ἁμαρτίας,

2150 2283 2403 2348 ζωοποιεῖ
2429 2284 2486 2336 δὲ
2519 2283 2606 2336 διὰ
2640 2283 2733 2337 τοῦ
2763 2282 2894 2338 ίδεου
2931 2283 3163 2353 αἵματος
3193 2281 3288 2336 καὶ
3315 2280 3576 2335 συνάπτει
3608 2279 3726 2350 Θεῴ

2147 2377 2273 2440 τοὺς
2303 2377 2393 2429 ἐπὶ
2421 2377 2520 2446 τῆς
2550 2378 2673 2447 γῆς.
2715 2376 2930 2447 Ἐπειδὴ
2959 2375 3014 2428 δέ
3043 2375 3158 2429 ἐστι
3203 2373 3344 2429 κατὰ
3385 2372 3546 2442 φύσιν
3572 2372 3726 2436 Θεὸς,

2148 2467 2243 2522 καὶ
2263 2468 2361 2539 τὴν
2383 2466 2476 2521 τοῦ
2503 2467 2659 2535 ἁγίου
2687 2465 2822 2520 [Ῑνεύ
2834 2483 3000 2536 ματος
3025 2463 3289 2536 χορηγίαν
3311 2467 3546 2520 ποιεῖται
3573 2464 3734 2518 πλου-

2151 2559 2301 2622 σίως,
2332 2559 2408 2622 ὡς
2437 2559 2565 2613 ἴδιον
2586 2559 2718 2613 αὐτὸ
2735 2561 2853 2622 ταῖς
2873 2557 2981 2610 τῶν
3001 2556 3367 2610 πιστευόντων
3393 2555 3603 2626 ὲκχέων
3626 2555 3731 2625 ψυ-

2148 2656 2269 2723 χαῖς
2299 2652 2449 2716 θείας
2476 2669 2536 2704 τε
2577 2652 2790 2721 φύσεως
2825 2650 3111 2713 κοινωνοὺς
3146 2647 3487 2717 ἀποφαίνων,
3521 2646 3617 2699 καὶ
3659 2647 3728 2717 τῇ

2145 2744 2253 2798 τῶν
2285 2744 2558 2815 ἐσομένων
2587 2743 2810 2812 ἀγαθῶν
2839 2741 3012 2795 ἐλπίδι
3046 2739 3346 2809 στεφανῶν.
3375 2740 3514 2792 Ἕνα
3546 2737 3729 2791 τοίνυν

469 2837 858 2897 venturumque
895 2843 994 2883 suo
1034 2839 1276 2899 tempore
1320 2831 1372 2884 in
1426 2831 1593 2900 gloria
1643 2831 1733 2886 Dei
1779 2841 1834 2886 et
1869 2832 2037 2890 Patris

2143 2833 2512 2905 ὁμολογοῦμεν
2540 2833 2666 2887 Υίὸν
2696 2833 2930 2904 Χριστὸν
2962 2831 3169 2904 Ἰησοῦν
3195 2831 3292 2885 καὶ
3316 2830 3544 2902 Κύριον,
3572 2847 3730 2883 τουτ-

467 2929 587 2969 eum
633 2918 839 2973 sanctis
866 2919 1090 2988 angelis.
1148 2920 1249 2975 Per
1282 2920 1499 2988 ipsumL
1523 2929 1726 2975 etcum
1759 2922 1901 2990 ipso,
1931 2921 2037 2979 Deo

2145 2926 2284 2992 ἐστι,
2322 2927 2412 2980 τὸν
2441 2927 2538 2980 τοῦ
2577 2925 2712 2980 Θεοῦ
2755 2925 2928 2996 Λόγον
2964 2925 3464 2997 ὲνανθρωπήσαντα
3505 2924 3602 2977 καὶ
3636 2941 3727 2977 σε-

467 3018 521 3061 ct
543 3008 684 3061 Patri
709 3010 876 3077 gloria
901 3025 1023 3064 cum
1049 3019 1237 3066 sancto
1259 3010 1464 3079 Spiritu
1493 3011 1545 3070 in
1577 3013 1803 3073 saecula.
1845 3016 2040 3070 Amen.

2147 3018 2518 3090 σαρκωμένον,
2551 3019 2648 3077 καὶ
2688 3018 2875 3072 τοῦτον
2914 3017 3344 3088 ἐσταυρωμένον,
3376 3016 3470 3069 καὶ
3501 3017 3729 3086 ὲγηγερρ

470 3097 627 3169 μένον
654 3100 720 3152 ὲκ
749 3099 978 3167 νεκρῶν,
1004 3100 1204 3170 ἥξοντα
1225 3117 1282 3154 τε
1318 3100 1459 3154 κατὰ
1485 3105 1710 3171 καιροὺς
1771 3106 1828 3156 ὲν
1861 3107 1928 3176 τῇ
1953 3104 2079 3178 δόξῃ
2115 3108 2212 3162 τοῦ
2245 3109 2378 3163 Θεοῦ
2409 3111 2505 3165 καὶ
2569 3109 2782 3182 Πατρὸς
2821 3109 2959 3179 μετὰ
2999 3107 3108 3162 τῶν
3136 3106 3306 3176 ἁγίων
3351 3106 3622 3176 ἀγγέλων.
3651 3103 3734 3158 Δι’

468 3193 631 3252 αὑτοῦ
663 3211 721 3246 τε
748 3211 844 3246 και
871 3197 964 3249 σὺν
988 3195 1136 3266 αύτῷ
1159 3195 1233 3266 τῷ
1257 3195 1376 3266 Θεῷ
1401 3198 1494 3250 καὶ
1520 3198 1693 3270 Haupt
1719 3201 1751 3268 ἠ
1779 3199 1904 3266 δόξα
1938 3203 2032 3257 σὺν
2072 3203 2212 3277 ἁγιῳ
2241 3206 2518 3278 Πνεύματι
2548 3207 2626 3271 εἰς
2655 3207 2781 3270 τοῦς
2810 3203 3031 3268 αἰῶνας.
3069 3203 3122 3254 ’Λ
3134 3202 3260 3273 μήν.

545 3339 587 3372 ¹⁸
616 3344 638 3401 ι
670 3345 824 3401 Juau.
866 3364 922 3413 ν,
941 3351 1095 3407 5-10,
1177 3352 1219 3383 ¹⁶
1249 3350 1405 3414 Joan.
1445 3368 1480 3417 ι,
1511 3353 1599 3420 35,
1629 3355 1717 3420 Si.
