4014 6128
340 300 443 357 253

1513 304 1871 363 DIALOGUS
1908 306 2054 371 CUM
2094 310 2460 371 NES’I‘ORIO.

3519 318 3625 376 εει

338 413 471 469 Τίνα
500 409 597 470 οὖν
622 414 825 480 ἐσθίεις
845 458 860 483 ,
885 418 1135 488 αἱρετικέ
1157 437 1172 485 ;
1200 420 1300 487 τὴν
1341 420 1592 494 θεότητα,
1625 424 1657 494 ἢ
1700 425 1801 494 τὴν
1834 427 1896 480 ἀν

2036 439 2173 487 trem
2203 430 2272 488 ⁸⁸.
2334 431 2477 499 Quid
2508 447 2641 501 ergo
2686 433 3021 501 mandaras,
3057 449 3091 491 ο
3137 434 3431 490 haeretica?
3483 436 3623 489 divi-

340 505 704 577 υρωπότητα;
738 509 850 561 Οὐκ
906 505 1028 562 εἶπε
1080 509 1191 583 γὰρ
1233 512 1263 564 6
1294 513 1551 583 Χριστὸς,
1587 515 1644 568 ’0
1690 516 1922 587 τρώγων

341 613 447 668 μου
478 597 580 669 τὴν
609 598 860 670 θεότητα,
892 599 1030 658 ἀ).λά
1048 602 1202 673 ,Τὴν
1232 603 1434 675 σάρκα.

405 688 570 743 ΚΥΡ.
615 690 759 760 Ἐγὼ
811 692 914 764 μὲν
969 694 1151 755 πίστει
1212 697 1621 770 μεταλαμϐάνει)
1669 702 1769 772 τὴν
1824 702 1920 758 τοῦ

329 779 602 842 ζωοποιοῦ
636 783 818 852 Λόγου
847 784 1222 849 ζωποιοῦσαν
1262 789 1478 861 σάρκαο
1514 791 1642 849 ὅθεν
1672 795 1702 847 6
1727 794 1919 866 Σωτὴρ

328 866 465 938 ἔφη·
503 890 523 922 ι
570 870 637 925 Ol
677 872 957 941 ἐσθίοντες
1004 879 1070 937 ἐκ
1106 876 1299 933 τούτου
1348 880 1444 938 τοῦ
1494 881 1683 954 ἄρτου,
1723 885 1785 939 οὺ
1840 888 1917 958 μὴ

328 962 641 1027 γεύσωνται
669 967 906 1027 θανάτου
944 973 1027 1034 είς
1072 973 1164 1033 τὸν
1196 974 1373 1030 αἰῶνα
1393 990 1407 1004 °
1447 994 1469 1028 ι
1504 978 1555 1031 oi
1588 978 1645 1032 δὲ
1680 980 1919 1053 ἀναξίως

332 1054 862 1128 μεταλαμϐάνοντες,
894 1062 983 1118 διά
1006 1063 1107 1135 τῆς
1139 1066 1424 1131 ἀπειθείας
1461 1069 1847 1142 κριθήσονται.

401 1146 605 1202 ΝΕΣΤ.
639 1168 658 1201 ι
683 1149 892 1223 Κύριος
919 1154 1233 1210 ἀπέσταλκε
1272 1174 1340 1228 με
1370 1158 1464 1211 καὶ
1485 1157 1546 1212 τὸ
1565 1160 1792 1233 Πνεῦμα
1818 1165 1917 1218 αὖρ-

326 1237 460 1291 τοῦ·
517 1241 747 1313 Πνεῦμα
801 1245 1011 1315 Κυρίου
1064 1247 1152 1301 ἐπ’
1202 1250 1323 1320 ἐμὲ,
1365 1243 1425 1303 οὗ
1471 1251 1680 1307 εἵνεκεν
1728 1254 1916 1327 ἔχρισε

328 1348 432 1401 με·
468 1352 486 1383 ι
520 1334 615 1388 καὶ
662 1335 750 1390 διὰ
792 1337 953 1393 τοῦτο
978 1357 1180 1411 φησιν·
1221 1361 1243 1394 ι
1271 1343 1503 1414 Ἐχρισέ
1538 1363 1599 1400 σε
1624 1350 1662 1402 ,ὁ
1687 1347 1844 1417 Θεὸς,
1881 1352 1917 1405 6

325 1422 459 1488 Θεός
489 1442 608 1490 σου,
634 1427 815 1482 ἔλαιον
860 1430 1241 1499 ἀγαλλιάσεως
1272 1436 1425 1506 παρά
1469 1437 1596 1501 τοὺς
1645 1440 1910 1512 μετόχους

324 1531 456 1589 σουο
484 1536 526 1568 -ι
557 1518 670 1572 νόει
726 1516 819 1574 οὖν
862 1522 954 1577 τὸν
998 1524 1314 1596 χρισθέντα,
1361 1528 1616 1599 ὁμολόγει
1665 1531 1757 1585 τὸν
1790 1533 1912 1603 χρία

324 1624 516 1673 σαντα,
549 1612 643 1664 καὶ
675 1614 969 1684 προσκύνει
1000 1618 1091 1672 τὸν
1124 1619 1250 1671 ναὸν
1281 1619 1375 1675 διὰ
1395 1621 1484 1674 τὸν
1501 1623 1561 1676 ὲν
1585 1624 1739 1696 αὐτῷ
1776 1643 1910 1681 κατ-

322 1716 577 1754 οικουντα
586 1745 597 1756 .

2027 520 2273 586 nitatem,
2300 537 2368 576 an
2400 523 2957 581 humanitatem?Non
2997 526 3144 581 enim
3170 527 3306 581 dixit
3325 525 3574 584 Christus
3602 546 3617 582 :

2026 610 2128 677 Qui
2164 612 2456 669 manducet
2481 629 2657 671 meam
2679 615 3039 684 divinitatem,
3068 618 3189 682 sed,
3231 632 3473 675 carnem.

2093 701 2253 757 CYR.
2290 702 2399 771 Ego
2429 703 2533 760 lide
2563 705 2766 773 recipio
2810 706 3138 762 viviﬁcantis
3171 704 3338 777 Verbi
3367 722 3612 764 carnem.

2023 792 2177 849 Unde
2201 791 2460 851 Servator
2483 796 2593 851 ait:
2638 816 2658 849 ι
2690 796 2792 864 Qui
2833 798 3162 855 manducent
3205 814 3271 855 ex
3315 798 3417 855 hoc
3451 813 3613 868 pane,

2022 902 2127 944 non
2161 890 2454 958 gustabunt
2502 899 2734 947 mortem
2767 889 2819 943 in
2875 902 3141 946 aeternum
3176 891 3245 945 ”.
3288 909 3308 949 ι
3340 890 3440 958 Qui
3483 906 3615 947 vero

2021 978 2236 1050 indigne
2303 989 2551 1046 sumunt,
2614 990 2836 1051 propter
2889 981 3328 1038 incredulitatem
3401 982 3613 1052 judica-

2019 1073 2246 1129 buntur.

2087 1163 2289 1219 NEST.
2326 1182 2345 1216 ι
2390 1165 2648 1219 Dominus
2677 1166 2825 1221 misit
2879 1180 2965 1218 me
3008 1172 3065 1219 et
3116 1164 3350 1235 Spiritus
3396 1164 3515 1232 ejus
3539 1166 3609 1223 ³⁸.

2017 1254 2257 1323 Spiritus
2311 1254 2521 1309 Domini
2575 1270 2741 1325 super
2800 1271 2904 1321 me,
2968 1265 3189 1325 propter
3247 1257 3390 1325 quod
3453 1257 3607 1311 unxit

2015 1360 2105 1400 me
2120 1346 2186 1399 ³³.
2214 1363 2236 1396 ι
2264 1345 2495 1414 Ideoque
2521 1345 2655 1400 dixit
2684 1363 2698 1400 :
2738 1364 2759 1399 ‹
2804 1346 2968 1401 Unxit
2995 1356 3045 1402 te
3093 1347 3253 1410 Deus,
3286 1347 3423 1402 Deus
3454 1354 3602 1412 tuus,

2014 1437 2135 1492 oleo
2166 1438 2364 1492 lietitiae
2415 1454 2524 1507 pra;
2558 1440 2905 1494 consortibus
2937 1440 3045 1495 tuis
3073 1440 3173 1493 ³⁸.»
3202 1441 3446 1512 lntellige
3469 1457 3599 1513 ergo

2016 1538 2262 1590 unctum,
2284 1528 2543 1583 comitere
2567 1538 2875 1599 ungentem,
2910 1531 3077 1588 adora
3097 1529 3353 1602 templum
3380 1540 3604 1603 propter

2014 1630 2141 1672 eum
2176 1616 2267 1686 qui
2302 1616 2355 1669 in
2382 1617 2499 1686 ipso
2537 1617 2771 1677 habitat.

396 1791 560 1846 ΚΥΡ.
604 1793 744 1863 Ἐγὼ
776 1796 840 1849 ἐκ
876 1796 1193 1869 Πνεύματος
1230 1801 1389 1869 ἁγίου
1428 1803 1522 1857 καὶ
1547 1805 1770 1878 Μαρίας
1805 1809 1896 1880 τῆς

2078 1792 2240 1848 CYR.
2301 1793 2410 1864 Ego
2451 1809 2514 1849 ex
2551 1806 2742 1850 sancto
2791 1794 2996 1867 Spiritu
3045 1804 3099 1851 et
3149 1795 3323 1852 Maria
3379 1797 3602 1869 Virgine

324 1883 601 1954 Παρθένου
624 1887 717 1941 ἕνα
755 1888 886 1944 Υίὺν
916 1891 981 1944 ἐκ
1017 1890 1109 1945 δύο
1135 1892 1383 1963 ὁμολογῶ
1407 1913 1421 1928 ·
1456 1897 1550 1951 τὸν
1580 1899 1674 1953 ἕνα
1703 1901 1784 1966 είς
1812 1902 1906 1957 δύο

319 1975 381 2028 οὐ
414 1976 629 2048 διαιρῶ.
1612 1996 1615 1997 ⁷

392 2067 591 2123 ΝΕΣΤ.
624 2072 752 2136 Πῶς
786 2074 1013 2143 ἀγνοεῖν.
1057 2075 1237 2146 λέγεις
1268 2079 1366 2151 τὴν
1390 2079 1559 2154 ὥραν,
1594 2082 1663 2155 ἢν
1690 2087 1720 2139 6
1775 2086 1904 2151 Υἱὸς

318 2158 420 2211 οὐκ
452 2155 614 2230 οἶδεν,
665 2164 714 2216 εί
764 2165 841 2237 μὴ
893 2167 1053 2237 μόνος
1086 2171 1114 2222 6
1170 2172 1394 2243 Πατήρς
1448 2177 1518 2228 Ἦ
1578 2177 1696 2244 πῶς
1746 2179 1905 2245 εἰδὼς

318 2250 566 2320 ἀρνεῖται
603 2253 746 2326 [cod.
792 2257 1072 2333 άρχεται];
1106 2264 1175 2316 Ἦ
1207 2265 1281 2335 μὴ
1325 2266 1502 2332 εἰδὼς,
1544 2268 1663 2335 πῶς
1695 2271 1900 2344 ἐκλήθη
1946 2310 1951 2316 -

318 2344 481 2435 σοφία
536 2347 631 2399 καὶ
683 2348 916 2419 δύναμις
962 2352 1099 2406 Θεοῦ
1154 2356 1182 2408 6
1229 2359 1331 2428 τῆς
1382 2360 1608 2429 ἀγνοίας
1658 2364 1901 2435 μετέχων

325 2432 468 2506 (end.
503 2437 596 2492 τὸν
629 2441 855 2509 ἀγνοίας
885 2445 1184 2517 μετέχοντα
1210 2449 1400 2522 τόπον)
1419 2469 1441 2529 ;~

392 2614 558 2669 ΚΥΡ.
587 2619 701 2672 Οὐκ
750 2622 937 2689 ἀγνοεῖ
966 2625 995 2677 6
1017 2624 1145 2689 Υἱὸς
1182 2628 1276 2681 τοῦ
1321 2629 1461 2683 Θεοῦ
1491 2631 1591 2703 τὴν
1625 2630 1798 2704 ὥραν,
1831 2632 1900 2691 τὰ

316 2703 501 2795 πάντα
530 2706 689 2795 εἰδὼς
732 2713 826 2764 καὶ
854 2713 993 2783 ἔχων
1022 2717 1079 2768 ἐν
1113 2718 1290 2791 ἐαυτῷ
1321 2721 1412 2774 τὸν
1439 2703 1695 2795 Ila-cepa,“
1721 2723 1901 2789 καθὼς

311 2793 481 2890 ida-:6;
507 2792 663 2852 εἶπεν
687 2815 701 2829 '
744 2819 762 2851 ι
801 2803 991 2868 (ὶὺὅεὶς
1022 2808 1277 2876 γινώσκει
1307 2813 1399 2867 τὸν
1426 2792 1666 2885 Πατέρα,
1695 2818 1744 2871 εί
1771 2818 1844 2890 μὴ
1870 2821 1903 2872 6

310 2883 444 2949 Υἱός
465 2903 480 2917 ⁸
530 2907 550 2940 ι
589 2892 753 2961 μόνος
781 2894 882 2966 τὴν
929 2897 1092 2965 φύσιν
1118 2901 1210 2954 τοῦ
1254 2904 1468 2976 Πατρὸς
1492 2883 1748 2976 γινώσκει
1772 2883 1897 2980 ⁷’τὴν

306 2979 416 3050 πρὸ
444 2981 685 3048 πάντων,
723 2987 816 3040 καὶ
855 2990 917 3043 τὸ
943 2991 1099 3056 τέλος
1127 2993 1219 3048 τοῦ
1264 2997 1460 3063 αἰῶνος
1488 3000 1685 3069 ἀγνοεῖ
1707 3004 1735 3057 6
1766 3002 1895 3068 Υἱὸς

302 3070 394 3124 τοῦ
425 3071 599 3139 Θεοῦ;
657 3077 748 3149 Μὴ
785 3079 1031 3147 γένοιτοο
1066 3084 1180 3137 ἀλλ’
1209 3087 1395 3154 ἀγνοεῖ
1425 3089 1527 3160 μὲν
1552 3074 1586 3144 :6
1626 3094 1768 3147 κατά
1795 3072 1891 3164 χάέ

284 3182 391 3258 ,ριν
419 3166 570 3235 Υἱὸς,
610 3168 670 3222 οὐ
720 3170 902 3240 μέντοι
936 3190 1002 3242 γε
1049 3178 1078 3229 6
1114 3178 1253 3231 κατά
1285 3179 1480 3249 φύσιν·
1536 3183 1685 3255 κατά¹
1729 3186 1892 3258 χάριν

302 3255 464 3325 ἡμεῖς
493 3259 663 3329 ἐσμεν
706 3261 1031 3331 ἀγνοοῦντες
1069 3267 1130 3320 τὸ
1167 3271 1295 3334 πᾶν,
1321 3272 1417 3324 καὶ
1459 3273 1629 3345 μηδὲν
1663 3255 1892 3331 ἐπιστά-

302 3365 453 3419 μενοι
485 3353 615 3423 περὶ
646 3354 714 3408 τά
743 3355 869 3426 τέλη
897 3358 991 3412 τοῦ
1012 3361 1230 3425 αἰῶνος.

367 3439 575 3497 ΝΕΣΤ.
601 3444 848 3510 Φυσικῶς
881 3449 1158 3521 πεινῶμεν
1183 3454 1278 3507 καὶ
1300 3454 1547 3527 διψῶμεν
1571 3460 1665 3513 καὶ
1692 3460 1893 3515 καθεύ-

297 3526 482 3599 δομεν,
520 3532 582 3584 οὐ
609 3532 803 3608 γνώμῃ
838 3537 996 3592 τοῦτο
1030 3542 1353 3614 πάσχοντες,
1394 3526 1513 3600 ἀλλ’
1540 3548 1758 3622 ἀνάγκῃ
1787 3552 1891 3623 φύ-

298 3635 435 3699 σεως
486 3623 872 3707 ὑποκείμενον
906 3628 960 3681 τί
989 3626 1123 3698 οὖν;
1155 3634 1510 3707 εὑρεθήσεται
1563 3639 1694 3704 Θεὸς
1722 3643 1890 3712 ἀναγ-

294 3717 585 3796 animi;
613 3717 802 3787 νόμοις
827 3720 1229 3790 ἐξακολουθῶν;
1266 3727 1356 3798 Μὴ
1380 3729 1613 3797 γένοιτο.

365 3805 538 3860 ΚΥΡ.
576 3808 769 3879 Ἡμεῖς
797 3811 897 3881 μὲν
936 3815 1181 3880 φυσικῶς
1208 3819 1483 3895 πεινῶμεν
1521 3823 1618 3875 καὶ
1645 3823 1888 3895 διψῶμεν

293 3899 385 3952 καὶ
415 3899 780 3973 καθεύδομεν,
806 3905 867 3957 οὐ
887 3905 1104 3980 γνώμῃ,
1131 3909 1249 3963 ἀλλ’
1279 3894 1496 3985 ἀνάγκῃ
1524 3913 1742 3983 φύσεως
1769 3894 1886 3971 δου-

231 4018 235 4022 -
290 3987 544 4055 λεύοντες
568 4009 582 4021 ·
629 3994 790 4057 αὐτὸς
827 3996 886 4050 δὲ
933 3998 1034 4052 οὐκ
1064 4001 1302 4075 ἀνάγκῃ,
1340 4003 1479 4059 ἀλλὰ
1523 4006 1752 4080 γνώμῃ·
1791 4011 1885 4063 καὶ

290 4080 398 4154 γὰρ
432 4084 503 4137 ἐκ
533 4085 694 4137 πέντε
732 4086 912 4159 ἄρτων
940 4094 1414 4165 πεντακισχιλίους
1441 4097 1757 4168 ἐχόρτασεν,
1787 4102 1883 4155 καὶ

288 4172 349 4240 ἐξ
379 4176 529 4230 ἑπτὰ
557 4176 721 4245 πάλιν
749 4183 1223 4253 τετρακισχιλίους
1247 4203 1261 4216 ’
1295 4186 1455 4252 αὐτὸς
1493 4184 1646 4243 εἶπεν
1671 4207 1686 4222 ·
1717 4211 1736 4243 ι
1772 4193 1880 4245 Οὐ-

286 4270 397 4332 δεὶς
434 4270 709 4341 λαμϐάνει
739 4274 839 4344 τὴν
877 4273 1058 4345 ψυχήν
1107 4294 1208 4346 μου
1258 4279 1354 4332 ἀπ’
1384 4281 1540 4349 ἐμοῦ,
1585 4282 1702 4337 ἀλλ’
1751 4286 1884 4339 ὅταν

290 4359 430 4415 θέλω
470 4362 733 4432 λαμϐάνω
759 4365 959 4436 αὑτήψ
1000 4385 1018 4417 ι
1049 4367 1224 4432 οὐδεὶς
1252 4370 1307 4422 δὲ
1339 4369 1627 4444 ἄνθρωπος
1655 4374 1880 4430 δύναται

285 4452 446 4510 τοῦτο
493 4457 741 4528 ποιῆσαι,
775 4461 823 4512 εἰ
857 4459 986 4532 μὴὸ
1015 4460 1177 4529 μόνος
1203 4462 1462 4534 Χριστός.

357 4722 568 4777 ΝΕΣΤ.
612 4725 807 4794 Λέγεις
839 4726 921 4780 ὅτι
972 4726 1174 4807 ἔπαθεν
1219 4734 1247 4785 6
1284 4731 1413 4793 Υἱός
1440 4749 1454 4798 ;
1486 4734 1730 4789 Ἔπαθεν
1782 4735 1877 4790 οὖν

281 4814 377 4869 καὶ
403 4817 433 4869 6
464 4816 663 4888 Πατήρ
683 4832 697 4847 ο
734 4819 784 4871 εἰ
808 4817 864 4872 δέ
888 4818 1068 4888 λέγεις
1108 4822 1190 4875 ὅτι
1218 4824 1247 4876 6
1276 4824 1467 4897 Πατὴρ
1504 4828 1605 4882 οὐκ
1650 4827 1873 4895 ἔπαθεν,

283 4908 629 4980 ἐτεροούσιον
657 4910 822 4965 αὐτοῦ
854 4914 1161 4984 πεποίηκας
1181 4914 1274 4969 τὸν
1299 4917 1449 4973 Υίόν.

350 5000 520 5053 ΚΥΡ.
564 5000 705 5054 Οὔτε
755 5001 846 5055 τὸν
879 5003 1100 5076 Πατέρα
1139 5006 1285 5076 λέγω
1316 5008 1582 5082 παθητὸν,
1621 5011 1744 5065 οὔτε
1777 5013 1868 5066 τὸν

280 5088 408 5145 Υξὸν
439 5092 632 5163 ἀπαθῆ
658 5110 673 5124 ο
701 5095 816 5147 ἀλλ’
833 5096 1041 5161 ἀπαθὲς
1065 5099 1166 5169 μὲν
1196 5100 1257 5153 τὸ
1283 5101 1460 5167 Θεῖον,
1485 5105 1568 5156 ὅτι
1599 5107 1694 5158 καὶ
1718 5105 1866 5159 ἀσώ-

282 5199 452 5253 ματον
480 5203 494 5216 ·
524 5183 772 5256 παθητὸς
801 5185 859 5237 δὲ
887 5187 917 5238 6
944 5185 1148 5257 Κύριος
1180 5188 1269 5243 διὰ
1292 5189 1392 5262 τὴν
1427 5192 1626 5264 σάρκα.

345 5358 552 5415 ΝΕΣΤ.
603 5361 744 5429 Ἐγὼ
770 5364 830 5416 οὐ
867 5363 1011 5431 λέγω
1029 5363 1122 5418 τὸν
1140 5365 1312 5435 Λόγον
1344 5368 1525 5439 σάρκα
1550 5370 1864 5440 γενόμενον,

274 5450 395 5502 οὐδὲ
433 5453 680 5506 παθόντα
704 5473 717 5485 ’
751 5454 964 5520 ἀπαθὲς
992 5457 1101 5528 γὰρ
1122 5456 1183 5510 τὸ
1205 5458 1380 5528 Θεῖον,
1402 5461 1495 5513 καὶ
1520 5460 1708 5514 παθῶν
1731 5463 1866 5516 ἀνώ-

2012 1880 2187 1957 unum
2231 1886 2428 1941 Filium
2463 1901 2531 1940 ex
2587 1887 2799 1941 duobus
2850 1887 3137 1943 conﬁteor.
3173 1885 3350 1945 Unum
3378 1889 3430 1943 in
3461 1890 3601 1946 duos

2012 1994 2117 2032 non
2156 1977 2355 2032 divldo.

2079 2067 2278 2122 NEST.
2320 2068 2600 2136 Quomodo
2634 2067 2853 2142 (illum)
2885 2069 3135 2140 ignorare
3187 2071 3326 2126 dicis
3373 2072 3597 2133 horam.

2007 2150 2171 2229 quam
2236 2175 2425 2229 reapse
2475 2161 2646 2217 Filius
2704 2160 2953 2229 nescivit,
2998 2162 3166 2217 Pater
3209 2172 3393 2219 autem
3444 2166 3602 2220 solus

2006 2250 2162 2304 scivit
2189 2249 2278 2303 "?
2323 2251 2427 2305 Aut
2458 2253 2752 2321 quomodo,
2797 2253 2843 2307 si
2870 2251 3037 2306 Filius
3063 2251 3246 2319 scivit,
3270 2253 3320 2308 id
3349 2255 3599 2325 negavit?

2011 2341 2103 2396 Vel
2133 2342 2177 2396 si
2225 2358 2413 2398 revera
2456 2345 2707 2408 nescivit,
2747 2342 3017 2413 quomodo
3058 2342 3356 2412 appellatus
3391 2355 3473 2400 est
3499 2361 3582 2400 sa-

2005 2432 2204 2500 pientia
2238 2449 2302 2489 ac
2329 2435 2499 2490 virtus
2534 2434 2649 2499 Dei,
2680 2434 2725 2489 is
2752 2434 2842 2504 qui
2862 2432 3093 2488 inscitiae
3111 2444 3322 2502 partem
3352 2435 3591 2507 aliquam

2004 2523 2193 2577 habuit
2212 2526 2234 2580 ?

2081 2621 2242 2679 CYR.
2281 2621 2398 2676 Non
2439 2625 2653 2692 ignorat
2678 2621 2772 2677 Dei
2811 2621 2979 2679 Filius
3017 2623 3206 2678 horam
3231 2662 3247 2688 ,
3279 2621 3371 2692 qui
3399 2621 3590 2676 omnia

2003 2718 2155 2773 novit
2181 2715 2528 2784 habetquein
2579 2728 2637 2769 se
2678 2716 2793 2784 ipso
2835 2714 3051 2770 Patrem
3079 2716 3148 2780 “,
3200 2725 3259 2770 ut
3305 2714 3423 2784 ipse
3464 2715 3588 2769 ait:

2005 2829 2023 2863 ‹
2057 2808 2225 2864 Nemo
2253 2807 2402 2861 novit
2430 2805 2644 2860 Patrem
2672 2806 2773 2860 nisi
2796 2804 2966 2861 Filius
2984 2807 3050 2860 ³⁵.
3092 2825 3110 2860 ι
3155 2805 3314 2861 Solus
3345 2806 3463 2876 ipse
3489 2821 3588 2861 na-

2002 2912 2176 2956 turam
2203 2900 2382 2954 Patris
2416 2899 2699 2969 cognoscit
2753 2915 2873 2968 quae
2910 2910 2992 2955 est
3018 2909 3143 2953 ante
3168 2897 3376 2964 omnia,
3406 2898 3589 2953 saeculi

1999 3008 2127 3059 vero
2155 2992 2312 3055 ﬁnem
2338 2989 2509 3045 Filius
2530 2990 2620 3044 Dei
2649 2989 2906 3059 ignorat?
2933 2988 3124 3043 Absit!
3152 2989 3374 3059 Ignorat
3403 2988 3589 3057 utique

2000 3087 2051 3142 is
2093 3085 2185 3155 qui
2219 3083 2517 3140 secundum
2554 3084 2783 3153 gratiam
2811 3090 2897 3138 est
2953 3080 3119 3148 (ilius,
3177 3097 3284 3137 non
3345 3079 3590 3150 profecto

1922 3151 1964 3201 θ
2003 3151 2248 3248 ille'qui-
2267 3151 2577 3232 secundum
2617 3184 2893 3235 naturam.
2936 3173 3109 3237 Porro
3139 3173 3434 3229 secundum
3460 3188 3587 3243 gra-

2004 3270 2134 3324 tiam
2170 3283 2270 3324 nos
2308 3282 2518 3331 sumus,
2548 3268 2638 3337 qui
2688 3265 2931 3320 funditus
2978 3266 3313 3337 ignoramus,
3347 3264 3589 3336 nihilque

2000 3362 2067 3417 ad
2109 3362 2268 3416 linem
2289 3360 2468 3416 saeculi
2491 3360 2769 3430 pertinens
2809 3360 3037 3414 scimus.

2070 3453 2274 3509 NEST.
2308 3452 2641 3507 Naturaliter
2672 3451 2966 3527 esurimus,
2992 3451 3231 3515 sitimus,
3268 3459 3433 3521 atque
3459 3449 3587 3505 dur-

2001 3546 2219 3612 mimus,
2281 3544 2425 3599 haud
2477 3543 2775 3599 deliberate
2830 3544 2881 3598 id
2935 3552 3174 3614 agentes,
3231 3544 3325 3597 sed
3378 3552 3587 3597 natura:

1999 3639 2324 3693 necessitate
2352 3649 2602 3706 cogente.
2631 3636 2771 3702 Quid
2815 3636 2988 3705 ergo?
3017 3634 3156 3689 Num
3185 3636 3325 3690 Deus
3363 3650 3584 3704 compe-

2001 3730 2171 3783 rietur
2205 3729 2528 3798 cogentibus
2563 3726 2771 3796 legibus
2802 3728 3226 3798 obtemperare?
3254 3728 3443 3783 Absit!

2065 3819 2228 3876 CVII.
2262 3820 2369 3874 Nos
2386 3820 2604 3889 quidem
2650 3820 2974 3875 naturaliter
3014 3821 3306 3884 esurimus,
3343 3820 3581 3888 sitimus,

1993 3923 2154 3982 atque
2182 3912 2503 3975 dormimus,
2545 3926 2649 3963 non
2676 3922 2886 3978 sponte,
2908 3911 3004 3964 sed
3034 3921 3243 3965 naturae
3268 3911 3580 3965 necessitati

1994 4002 2472 4071 servienteszipse
2527 4015 2660 4054 vero
2705 4015 2810 4054 non
2857 4009 3111 4065 coaetus,
3144 4000 3239 4054 sed
3284 4010 3477 4067 sponte
3529 4000 3580 4053 id

1992 4092 2399 4161 experiebatur.
2435 4089 2580 4145 Idem
2616 4091 2816 4160 quippe
2846 4098 2932 4144 est
2962 4090 3055 4159 qui
3090 4092 3331 4158 quinque
3350 4088 3580 4156 panibus

1990 4179 2230 4248 quinque
2288 4177 2455 4231 millia
2519 4177 2796 4232 hominum
2861 4178 3127 4232 saturavit
3157 4176 3221 4242 ³⁸,
3277 4188 3328 4232 et
3382 4194 3573 4233 rursus

1990 4281 2195 4339 septem
2244 4269 2473 4340 panibus
2538 4269 2703 4324 millia
2772 4279 3004 4340 quatuor
3035 4270 3103 4325 ⁸⁷.
3170 4268 3312 4325 Idem
3367 4270 3505 4325 dixit
3557 4287 3575 4325 ι

1995 4381 2014 4413 ι
2054 4360 2227 4419 Nemo
2250 4362 2391 4417 tollit
2435 4363 2673 4417 animam
2709 4378 2883 4418 meam
2912 4378 2941 4416 a
2974 4376 3078 4429 me,
3105 4363 3222 4429 sed,
3265 4378 3386 4417 cum
3433 4360 3574 4426 volo.

1988 4468 2109 4507 eam
2169 4464 2417 4525 pono;et
2475 4469 2690 4519 rursus,
2725 4470 2849 4508 cum
2901 4454 3045 4519 volo,
3093 4469 3249 4509 sumo
3301 4469 3420 4508 eam
3452 4452 3518 4507 ³⁸.
3552 4470 3572 4505 ι

1987 4544 2180 4601 Nullus
2228 4557 2407 4601 autem
2464 4546 2569 4602 hoc
2611 4561 2774 4617 agere
2828 4556 3007 4616 potest
3047 4547 3230 4612 homo,
3282 4546 3386 4600 nisi
3437 4560 3583 4602 unus

1983 4636 2256 4691 Christus.

2058 4726 2260 4781 NEST.
2312 4726 2409 4782 Ais
2454 4727 2650 4782 Filium
2682 4743 2902 4797 passum
2945 4727 3338 4784 esseiPassns
3393 4729 3580 4799 itaque

1982 4818 2143 4869 etiam
2170 4816 2331 4871 Pater
2365 4827 2469 4871 est.
2496 4816 2648 4882 Quod
2672 4817 2716 4872 si
2748 4832 2909 4886 negas
2935 4816 3151 4873 Patrem
3174 4834 3295 4875 esse
3312 4834 3567 4889 passum,

1983 4910 2214 4963 diversae
2243 4908 2310 4963 ab
2334 4924 2399 4965 eo
2424 4910 2743 4966 substantiae
2783 4910 2978 4965 Filium
3013 4925 3136 4966 esse
3165 4913 3388 4968 asseris.

2051 5001 2213 5056 CYR.
2247 5000 2435 5071 Neque
2478 5002 2692 5057 Patrem
2727 5003 3039 5073 passibilem
3072 5006 3220 5067 dico,
3255 5019 3433 5073 neque
3478 5002 3572 5055 Fi—

1976 5092 2104 5146 lium
2134 5094 2560 5164 impassibilem:
2598 5097 2693 5150 sed
2719 5095 3068 5166 impassibilis
3106 5095 3404 5159 estdeitas,
3440 5098 3568 5164 quia

1975 5184 2332 5256 incorporea;
2371 5187 2642 5255 passibilis
2687 5203 2815 5244 vero
2862 5185 3125 5240 Dominus
3176 5194 3402 5256 pr0pter
3446 5199 3571 5238 ear-

1976 5293 2117 5333 nem.

2038 5366 2241 5423 NEST.
2274 5370 2384 5439 Ego
2414 5386 2518 5426 non
2543 5370 2629 5424 aio
2658 5369 2893 5426 Verbum
2923 5368 3129 5424 factum
3171 5385 3293 5431 esse
3312 5385 3557 5430 carnem,

1973 5475 2147 5528 neque
2202 5476 2467 5529 passum;
2501 5468 2587 5514 est
2639 5459 2780 5514 enim
2809 5486 2815 5492 -
2844 5459 3200 5528 impassibilis
3250 5462 3464 5527 deitas;
3506 5473 3560 5514 et

342 5658 388 5688 ’⁵
420 5656 585 5713 Joan.
613 5658 842 5735 9,57.“
884 5661 929 5735 ξ’
955 5659 1109 5716 Joan.
1140 5679 1212 5726 vr,
1245 5665 1332 5720 59.
1413 5666 1458 5698 ³ο
1488 5666 1591 5721 lsa.
1620 5684 1809 5729 xum,
1842 5668 1896 5724 ιε

2013 5671 2047 5702 ¹¹
2088 5670 2191 5727 Isa.
2220 5689 2330 5734 ut,
2365 5672 2385 5724 I
2430 5688 2443 5733 ;
2478 5670 2607 5724 Luc.
2645 5688 2716 5733 ιν,
2772 5673 2852 5728 I8.
2947 5675 2993 5707 “
3018 5673 3164 5731 Psal.
3204 5690 3348 5735 XLIV.
3386 5670 3474 5723 28.
3510 5670 3556 5702 ⁸⁸

272 5725 439 5786 Marc.
488 5743 604 5796 χιιι,
640 5729 728 5782 52.
806 5730 851 5763 ³⁸
878 5729 1034 5787 Joan.
1070 5749 1119 5803 κ,
1154 5735 1242 5789 58.
1323 5736 1367 5770 ³⁵
1398 5736 1587 5793 Matth.
1625 5754 1697 5802 λι,
1728 5725 1818 5791 27.

2013 5741 2136 5798 iure.
2170 5725 2243 5805 in.
2280 5725 2367 5798 .i'l.
2434 5725 2490 5773 ’³⁷
2519 5725 2950 5807 Μυιιιιῌιῆδθ.

3052 5746 3096 5777 ³⁸
3128 5745 3284 5801 Joau.
3332 5759 3384 5805 τί,
3427 5739 3488 5793 18
