4014 6128
394 262 496 316 255

1402 264 1460 320 s.
1503 264 1776 322 CYRILLI
1818 267 2286 331 ALEXANDRINI
2328 234 2652 335 suculae.

3559 280 3665 334 956

392 377 641 446 superior
659 375 881 432 cuilibet
900 378 1136 447 passioni
1165 389 1269 445 est,
1295 396 1380 437 res
1412 383 1779 453 impassibilis.
1806 386 1971 443 Porro

2077 408 2234 463 τερος
2271 395 2300 447 ὁ
2322 394 2570 467 ἀπαθής·
2605 393 2829 466 παθητὴ
2875 393 2933 449 δὲ
2965 395 3101 468 σάρξ
3132 395 3227 448 καὶ
3255 390 3423 465 θνητὴ
3453 392 3668 463 ἀνθρω⁶

394 468 664 537 passibilis
698 479 782 523 est
806 485 951 536 caro,
980 479 1034 525 et
1066 471 1308 526 mortalis
1349 472 1581 528 humana
1608 483 1827 530 natura.

460 556 978 615 CYR.Cunlltemur
1033 577 1132 618 nos
1175 577 1391 633 quoque
1433 565 1825 634 impass‘ibilem
1853 582 1976 624 esse

392 650 648 705 deitatem
680 667 697 718 ;
728 652 825 707 sed
844 662 1025 706 tamen
1071 653 1125 706 in
1173 669 1340 710 carne
1396 655 1704 725 passionem
1738 660 1972 728 excepit.

398 742 550 797 Unde
573 742 699 797 illud
729 761 744 798 :
776 760 795 795 ι
831 744 1047 798 Christo
1078 760 1176 814 pro
1206 746 1440 802 nobisin
1473 763 1637 804 carne
1671 751 1911 819 passo”.
1945 770 1964 803 ι

393 833 591 887 Christi
652 844 830 889 autem
871 834 1190 890 vocabulum
1255 836 1398 892 haud
1449 838 1687 893 alienum
1726 840 1837 895 Deo
1863 851 1967 897 est.

395 922 681 991 Apostolus
733 925 880 978 enim
931 924 1131 981 Paulus
1173 927 1345 983 dicit:
1385 946 1406 981 ι
1455 930 1531 983 Ex
1568 931 1766 1000 quibus
1817 932 1977 987 Chri-

2078 485 2210 555 πίνη
2241 484 2425 554 φύσις.

2149 570 2311 625 ΚΥΡ.
2357 570 2759 642 Ὀμολογοῦμεν
2793 572 2887 626 καὶ
2933 572 3094 644 ἡμεῖς
3124 572 3336 637 emet;
3376 574 3438 627 τὸ
3486 573 3664 636 Θεῖον,

2073 662 2163 716 διὰ
2193 662 2251 715 δὲ
2284 663 2386 734 τῆς
2434 664 2636 736 σαρκὸς
2679 664 3006 730 κατεδέξατο
3052 665 3226 729 πάθος
3249 681 3266 696 ·
3307 664 3459 725 ὅθεν.
3484 685 3503 717 α
3535 667 3669 738 Χρι-

2075 753 2204 808 στοῦ
2243 754 2508 819 παθόντος
2554 755 2718 826 σαρκὶ
2748 756 2889 825 ὑπὲρ
2937 756 3095 827 ἡμῶν
3120 773 3134 788 ·
3172 776 3191 807 ι
3226 756 3288 810 τὸ
3314 756 3397 820 δὲ,
3422 757 3663 828 Χριστὸς

2071 847 2173 900 οὐκ
2203 845 2485 916 ἀλλότριον
2526 847 2661 900 Θεοῦ
2704 847 2876 919 ὄνομα
2896 864 2909 877 ⁸
2937 849 2969 901 ὁ
2998 848 3109 919 γὰρ
3129 849 3430 912 ἀπόστολος
3457 848 3667 913 liable;

2084 952 2302 1007 φησιν’(
2335 936 2427 1002 Ἐξ
2456 931 2532 990 ὧν
2558 938 2587 990 ὁ
2612 938 2862 1009 Χριστὸς,
2889 939 2920 992 ὁ
2949 938 3024 992 ὢν
3047 941 3141 994 ἐπὶ
3164 940 3381 995 πάντων
3407 940 3540 1004 Θεὸς
3568 941 3662 994 sii-

396 1022 534 1078 stns,
598 1013 692 1081 qui
752 1023 839 1068 est
890 1032 1055 1087 super
1106 1020 1291 1075 omnia
1349 1019 1490 1078 Deus
1555 1023 1870 1080 benedictus
1921 1025 1971 1079 in

2081 1026 2310 1097 λογητδς
2337 1028 2419 1091 εἰς
2445 1028 2573 1092 τοὺς
2602 1015 2827 1093 αἱῶναξ.
2870 1030 3065 1102 Ἀμήν.
3090 1050 3110 1084 ι

395 1102 591 1157 sa-ctda
615 1103 681 1156 “.
709 1104 903 1161 Amen.
955 1126 974 1159 ι

403 1314 3655 1372 W

745 1493 1094 1626 ΤΟΥ
1193 1488 1799 1627 ΑΥΤΟΥι
1851 1490 2373 1628 ΑΓΙΟΥ
2452 1496 3316 1636 ΚΥΡΙΛΛΟΥ

1443 1727 2016 1784 ΛΡΧΙΕΠιΣΚϋΙΙΟΥ
2051 1727 2575 1784 ΑΛΕΞΑΝΔΡΕΙᾹΣ

1837 1891 2207 1979 ΛΟΓΟΣ

546 2074 717 2129 ΒἉΊἈ
765 2073 897 2128 ΤΩΝ
933 2075 1045 2130 ΜΗ
1077 2074 1589 2130 ΒΟΥΛΟΜΕΝΩΝ
1624 2075 2067 2131 ΟΜΟΛΟΓΕΙΝ
2108 2076 2487 2131 ΘΕΟΤΟΚΟΝ
2523 2076 2669 2132 ΤΗΝ
2700 2079 2940 2133 ΑῙἾΑΝ
2973 2079 3367 2133 ΠΑΡΘΕΝΟΝ
3396 2078 3501 2150 (1).

1069 2404 1701 2521 EJUSDEM
1798 2407 2318 2522 SANCTI
2402 2406 2991 2556 CYRILLI

1526 2625 2049 2685 ARCIIIEPISCOPI
2087 2626 2561 2684 ALEXANDRINI

1831 2803 2187 2892 LIBER

630 2994 1022 3056 ADVERSUS
1074 2993 1462 3054 NOLENTES
1510 2995 1917 3058 CONFITERl
1965 2982 2316 3056 SANCTAM
2367 2992 2752 3055 VIRGINEM
2794 2994 2977 3055 ESSE
3025 2995 3438 3057 DEII’ARAM.

696 3164 844 3228 (Aug.
873 3164 984 3224 Mal,
1014 3162 1138 3214 Bibl.
1196 3175 1321 3214 nova
1356 3116 1464 3213 δι’.
1504 3162 1565 3222 lI,
1593 3163 1671 3225 75,
1709 3176 1770 3213 ex
1820 3163 1929 3213 cod.
1963 3163 2076 3215 Vat.
2102 3162 2144 3213 Α
2174 3162 2307 3224 1451,
2331 3162 2359 3210 f.
2393 3161 2499 3223 ιδι,
2528 3168 2581 3213 ct
2606 3163 2712 3212 cod.
2753 3162 2919 3213 Ottob;
2952 3164 2990 3212 lt
3017 3164 3097 3225 50,
3142 3163 3173 3212 t‘.
3198 3162 3329 3225 566.)

1960 3342 2032 3356 κΑ

463 3462 652 3535 ιωὺ
694 3463 745 3517 l.
786 3462 989 3519 Norunt
1013 3464 1204 3520 medici
1237 3466 1590 3535 prtecarentia
1621 3466 1835 3521 morbos
1864 3465 1960 3518 ad-

2132 3469 2201 3516 α’.
2238 3464 2445 3515 Ἵσασιν
2465 3459 2664 3531 ἰατρῶν
2686 3460 2870 3523 παῖδες
2893 3458 3310 3530 προφυλακτικὰ
3331 3457 3441 3510 τῶν
3466 3459 3667 3515 παθῶν

387 3554 619 3624 jutoria;
681 3554 879 3610 etenim
937 3557 1132 3624 praevia
1186 3566 1303 3610 arte
1349 3566 1598 3611 avertunt
1654 3556 1969 3625 impendens

392 3648 669 3711 damnum,
701 3656 754 3699 et
790 3645 1127 3701 diversarum
1153 3647 1545 3702 medicinarum
1577 3648 1970 3717 compositione

394 3738 704 3795 umrbornm
742 3738 961 3792 vincunt
992 3740 1275 3794 swvitiam.
1314 3738 1625 3794 Prtevident
1669 3740 1829 3794 etiam
1867 3754 1968 3808 gu-

393 3830 707 3884 bernatores
751 3844 1123 3898 stepennmero
1169 3841 1451 3885 ventorum
1503 3830 1827 3887 mutationes
1871 3847 1969 3887 usu

390 3922 589 3986 educti,
633 3930 688 3975 ct
734 3921 985 3976 idoneum
1030 3923 1257 3992 tempori
1305 3924 1628 3979 adhibentes
1662 3923 1969 3988 consilium,

394 4013 688 4066 immunem
718 4012 999 4081 naufragio
1030 4022 1199 4068 ratem
1235 4030 1355 4069 eum
1393 4014 1485 4069 Dei
1516 4014 1718 4070 auxilio
1749 4029 1970 4070 conser-

394 4111 544 4157 Vant.
594 4102 786 4159 Parem
830 4105 1131 4160 animarum
1184 4118 1493 4162 nostrarum
1545 4121 1737 4176 gerens
1784 4122 1970 4162 curam

396 4192 556 4260 Deus,
608 4194 850 4263 praedicit
907 4195 1063 4251 nobis
1125 4198 1479 4251 teutatiouum
1539 4197 1857 4263 periculum,
1911 4208 1973 4252 ut

393 4286 730 4340 tlamnoante
741 4287 1174 4354 experimentum
1190 4290 1403 4357 cognito
1418 4289 1576 4359 hujus
1587 4290 1878 4344 discrimen
1895 4298 1974 4343 tu—

396 4386 450 4428 to
475 4376 728 4431 vitemus.
744 4374 1060 4432 Novitenim
1078 4377 1216 4433 Deus
1230 4391 1425 4433 cuneta
1443 4388 1732 4449 antequam
1760 4380 1969 4447 ﬁant“;

396 4468 539 4524 haud
572 4468 881 4537 conjectura
917 4511 934 4535 ,
971 4478 1031 4521 nt
1071 4469 1314 4538 praedicti
1357 4469 1624 4533 homines,
1670 4471 1798 4540 quid
1842 4470 1975 4525 utile

395 4559 467 4611 sit
498 4568 786 4627 reputans;
824 4560 919 4614 sed
955 4560 1274 4629 prmvisione
1301 4560 1411 4616 Deo
1438 4559 1601 4631 digna
1644 4575 1733 4615 res
1762 4561 1975 4615 futuras

392 4664 745 4717 cognoscens.
795 4649 886 4706 Sic
932 4652 1095 4705 etiam
1143 4650 1336 4722 judicii
1385 4661 1514 4707 ante
1558 4660 1769 4721 tempus
1820 4652 1975 4707 nobis

395 4740 656 4810 supplicia
709 4742 1056 4804 monstravit,
1106 4751 1166 4796 ut
1218 4740 1479 4797 malorqu
1530 4743 1726 4798 timore
1753 4743 1972 4810 eruditi,

2072 3553 2410 3624 βοηθήματα,
2469 3555 2534 3623 τῇ
2590 3552 2755 3624 τέχνῃ
2800 3550 3320 3622 προαναστέλλοντες
3373 3548 3472 3620 τὴν
3531 3550 3657 3620 μέλ-

2068 3649 2264 3702 λουσαν
2289 3647 2517 3718 βλάὃην,
2544 3648 2639 3701 καὶ
2667 3649 2731 3716 τῇ
2758 3646 2866 3700 τῶν
2892 3646 3166 3717 διαφόρων
3197 3646 3506 3716 φαρμάκων
3537 3662 3658 3697 cov-

2070 3741 2218 3793 θέσει
2243 3739 2342 3811 τὴν
2368 3739 2476 3792 τῶν
2512 3738 2702 3791 παθῶν
2732 3739 2991 3801 νικῶντες
3023 3737 3348 3808 ἀγριότητα·
3385 3736 3660 3807 προορῶσι

2070 3834 2165 3886 καὶ
2193 3832 2526 3903 κυϐερνῆται
2570 3830 2832 3892 πολλάκις
2863 3829 2958 3891 τὰς
2986 3828 3093 3881 τῶν
3130 3827 3457 3897 πνευμάτων
3494 3845 3658 3897 pen.—

2071 3925 2235 3987 ϐολὰς
2262 3924 2367 3978 ὑπὸ
2395 3924 2495 3994 τῆς
2527 3921 2820 3992 συνηθείας
2839 3919 3218 3991 ὁδηγούμενοι,
3247 3920 3341 3972 καὶ
3366 3918 3466 3989 τὴν
3487 3936 3651 3988 προσ-

2072 4018 2313 4089 ήκουσαν
2352 4018 2421 4088 τῇ
2457 4015 2618 4086 χρείᾳ
2651 4013 2968 4085 ποιούμενοι
3000 4012 3282 4082 πρόνοιαν,
3314 4011 3661 4081 ἀναυάγητον

2070 4109 2132 4161 τὸ
2168 4108 2373 4177 σκάφος
2414 4110 2480 4178 τῇ
2531 4105 2626 4160 τοῦ
2673 4106 2809 4159 Θεοῦ
2849 4106 3140 4177 συνεργείᾳ.
3175 4104 3657 4173 διαφυλάττουσιν·

2070 4200 2342 4270 τοσαύτην
2386 4198 2494 4252 τῶν
2535 4198 2823 4270 ἡμετέρων
2854 4198 3039 4269 ψυχῶν
3088 4199 3117 4250 ὁ
3157 4195 3289 4259 θεὸς
3333 4194 3659 4265 ποιούμενος

2074 4292 2351 4365 πρόνοιαν,
2391 4289 2649 4362 προλέγει
2698 4290 2806 4343 τῶν
2847 4287 3171 4360 πειρασμῶν
3202 4288 3334 4357 ἡμῖν
3359 4285 3452 4338 τὸν
3480 4285 3659 4341 κινδυ-

2072 4401 2183 4449 νον,
2244 4382 2330 4435 ἵνα
2386 4380 2649 4451 μαθόντες
2700 4379 2807 4451 πρὸ
2863 4382 2964 4451 τῆς
3019 4379 3213 4449 πείρας
3269 4378 3368 4449 τὴν
3428 4374 3656 4447 βλάϐην,

2073 4472 2330 4542 ἀσφαλῶς
2362 4472 2452 4524 τὸν
2479 4472 2543 4523 ἐκ
2576 4469 2778 4540 ταύτης
2819 4469 3172 4539 διαφύγωμεν
3202 4467 3465 4521 κίνδυνον.
3507 4463 3660 4520 Οἶδεν

2073 4563 2182 4634 γὰρ
2213 4561 2282 4613 τὰ
2311 4559 2487 4613 πάντα
2519 4559 2643 4628 πρὶν
2665 4558 2930 4626 γενέσεως
2958 4557 3158 4621 αὐτῶν,
3189 4559 3251 4608 ού
3280 4554 3661 4628 στόχῳικαθά·

2076 4672 2182 4724 περ
2206 4654 2402 4705 ἐκεῖνοι
2434 4652 2493 4704 1:5
2524 4651 2797 4722 χρήσιμον
2829 4649 3203 4718 λογιζόμενος,
3238 4648 3374 4700 ἀλλὰ
3407 4646 3656 4716 προγνώ-

2076 4762 2159 4797 σει
2191 4743 2485 4813 θεοπρεπεῖ
2522 4741 2807 4810 γινώσκων
2837 4740 2905 4793 τὰ
2934 4739 3197 4811 μέλλοντα
3217 4754 3230 4766 “
3266 4737 3411 4789 οὕτω
3439 4739 3534 4791 καὶ
3563 4740 3657 4807 τῆς

399 4835 590 4886 hurnm
637 4829 794 4885 facile
843 4834 1245 4900 perpessionem
1278 4834 1567 4901 fugiamus.
1607 4815 1795 4905 Neque
1847 4849 1971 4891 vero

2078 4832 2310 4903 κρίσεως
2356 4833 2486 4902 ἡμῖν
2532 4829 2777 4896 ἐπέδειξε
2812 4831 2918 4901 πρὸ
2962 4829 3155 4901 καιροῦ
3193 4829 3263 4881 τὰ
3300 4828 3655 4898 κολαστήρια,

396 4922 576 4978 secius
604 4936 766 4991 quam
797 4929 923 4976 ante
957 4921 1098 4975 dicta
1128 4922 1376 4991 praedixit
1403 4923 1654 4978 Christus
1689 4924 1734 4957 δ’
1760 4926 1972 4980 futuros

2078 4925 2153 4988 ὡς
2190 4923 2255 4978 ἂν
2301 4923 2379 4995 τῷ
2409 4923 2558 4995 φόϐῳ
2590 4922 2698 4976 τῶν
2747 4922 2937 4977 δεινῶν
2982 4920 3387 4984 παιδευθέντες,
3437 4919 3538 4990 τὴν
3596 4919 3656 4971 ὲκ

466 5101 511 5135 ³¹
547 5100 562 5154 Ι
593 5099 741 5155 Pctr.
774 5116 847 5166 tr,
876 5100 924 5155 ι.
1005 5098 1050 5130 ⁸⁰
1084 5097 1237 5153 Rom.
1268 5114 1346 5165 Ix,
1378 5098 1433 5154 5.
1469 5098 1509 5131 δι
1548 5100 1678 5156 Dan.
1718 5117 1837 5167 xm,
1870 5101 1958 5155 42.

2077 5106 2080 5130 ¹
2113 5099 2302 5154 Matth.
2339 5115 2488 5166 utr,
2529 5098 2618 5153 θλ.

469 5257 696 5330 (“Agit
724 5259 790 5330 de
819 5257 1045 5326 Deipara
1069 5253 1301 5330 Cyrillus
1321 5255 1480 5330 etiam
1514 5256 1812 5330 sermone}
1842 5271 1971 5330 conf

401 5324 487 5380 tra'
527 5324 874 5390 Nestorium,
913 5324 1128 5381 necnon
1167 5324 1220 5378 in
1266 5324 1493 5394 epistola
1560 5327 1861 5394 dogmatica
1901 5327 1969 5380 ad

401 5397 688 5466 Aigylitios
715 5398 1027 5463 monachos,
1061 5410 1182 5464 qua:
1208 5404 1292 5466 est
1324 5393 1376 5449 in
1409 5394 1600 5450 ordine
1621 5393 1968 5464 epistolarutn

401 5463 593 5535 prima.
642 5463 922 5534 Magniﬁce
974 5463 1103 5520 vero
1156 5464 1410 5527 celebrat,
1443 5472 1498 5519 et
1554 5463 1714 5518 tertio
1756 5480 1973 5535 quoque

402 5536 567 5587 verbo
599 5535 833 5601 appellat
864 5535 1168 5602 Detparam,
1200 5536 1252 5588 in
1283 5535 1528 5589 oratione
1560 5535 1738 5595 habitu
1775 5535 1968 5603 Ephesi

401 5622 584 5658 curam
634 5606 858 5673 synodo.
892 5605 1040 5657 Adde
1070 5605 1245 5657 locum
1298 5605 1560 5657 orationis
1592 5605 1617 5655 1
1656 5603 1729 5656 De
1753 5605 1858 5670 ﬁde
1903 5605 1972 5657 ad

407 5673 655 5745 llrgimts,
693 5691 744 5745 ιι.
784 5675 850 5729 67
883 5688 1003 5744 sqq.
1048 5673 1215 5729 l'orro
1260 5682 1317 5728 ut
1359 5673 1641 5727 orthodoxi
1695 5674 1974 5744 sanctique

2076 5257 2323 5311 homines
2373 5255 2738 5309 beatissimam
2777 5254 2999 5309 Mariam
3033 5253 3180 5308 omni
3216 5254 3371 5309 laude
3413 5257 3661 5309 cumula-

2076 5337 2222 5391 runt,
2257 5328 2328 5381 ita
2359 5326 2597 5393 perversi
2621 5326 2820 5393 quique
2848 5325 3084 5379 haeretici
3110 5339 3230 5378 eam
3261 5325 3659 5393 vituperaruut,

2078 5410 2273 5465 nempe
2322 5406 2517 5465 praater
2566 5393 2894 5458 Nestorium,
2945 5393 3225 5465 manichmi
3269 5406 3324 5448 et
3380 5393 3660 5465 leonorla-

2078 5464 2291 5529 st:e,ut
2319 5464 2468 5519 novis
2489 5479 2588 5519 nos
2621 5465 2963 5518 documentis
2984 5464 3411 5517 demonstraturi
3444 5479 3653 5517 sumus.

2078 5533 2215 5588 Nam
2274 5535 2401 5604 quid
2461 5534 2789 5604 recentiores
2842 5535 3006 5587 etiam
3061 5532 3280 5586 Lntheri
3336 5545 3392 5586 et
3446 5533 3659 5587 Calvini

2079 5614 2242 5661 sectae
2291 5602 2549 5658 adversus
2581 5602 2641 5657 Β.
2674 5603 2853 5657 Maria:
2898 5605 3157 5659 honorem
3204 5604 3309 5659 sint
3360 5619 3527 5669 ausa),
3576 5604 3660 5658 di-

2080 5692 2203 5732 cere
2244 5674 2625 5745 propemodum
2649 5673 2800 5729 nefas
2828 5688 2928 5730 est.
