4014 6128
372 295 478 351 257
1477 294 1670 363 (MOI)
1710 295 1774 354 Β.
1819 294 1955 352 MAR

2072 293 2185 351 SIT
2227 295 2545 355 DEIPARA.

1700 416 1854 469 οὐδὲν
1900 417 1964 470 δὲ
1996 424 2039 476 Α
2068 419 2511 487 pseudochristos
2564 427 2618 474 et
2676 414 3192 488 pseudomagistros,
3251 416 3342 484 qui
3407 416 3639 471 lum-eses

375 410 581 465 τούτων
634 409 870 474 εὐκόλως
924 411 1195 483 τιμωρίαν
1254 414 1617 487 ἐκφύγωμεν·

373 496 541 572 ἦττον
569 501 662 555 καὶ
711 500 870 555 τοῦτο
908 502 1046 572 πρὸς
1093 505 1206 568 τοῖς
1258 504 1439 567 ἄλλοις
1488 507 1838 578 προείρηκεν,
1883 507 1960 570 ώς

374 595 594 648 ἔσονται
637 594 1016 667 ψευδόχριστοι
1059 597 1157 649 καὶ
1204 597 1716 667 ψευδοδιδάσκαλοι,
1767 598 1961 664 οἵτινες

376 687 801 756 παρεισάξουσιν
847 686 1095 755 αἱρέσεις
1132 690 1433 754 ἀπωλείας.
1472 691 1634 745 αὐτὸν
1670 692 1763 745 τὸν
1801 691 1962 761 μόνον

372 778 651 849 Δεσπότην
672 778 776 831 ικαὶ
811 776 1020 848 Κύριον
1047 780 1208 849 ἡμῶν
1256 779 1463 851 Ἰησοῦν
1490 782 1727 854 Χριστὸν
1764 781 1960 854 ἀρνού-

375 885 527 938 μενοι
554 885 568 898 ·
628 868 727 921 καὶ
782 869 972 923 πολλοὶ
1027 867 1555 943 ἐξακολουθήσουσιν
1613 872 1792 927 αὐτῶν
1842 874 1961 936 ταῖς

374 959 704 1029 ἀσελγείαις,
757 961 827 1014 δι’
877 961 976 1025 οὒς
1022 962 1218 1033 ήδὸξα
1268 965 1368 1034 τῆς
1423 964 1684 1035 ἀληθείας
1725 964 1964 1036 βλασφη-

370 1051 700 1122 μισθήσεται
722 1068 739 1083 ο
796 1053 884 1106 ἵνα
935 1054 1143 1106 τούτων
1187 1056 1647 1126 παραγενομένων
1696 1055 1962 1126 μηδαμῶς

364 1141 745 1214 ἀπᾶτώμεθα,
817 1146 932 1208 τοῖς
995 1144 1265 1217 ὀλεθρίοις
1310 1146 1497 1201 αὐτῶν
1565 1147 1963 1210 ὑποπίπτοντες

370 1232 649 1303 δόγμασιν.
1684 1240 1689 1243 ’

433 1322 513 1392 .β¹.
567 1323 938 1395 Πεπλήρωται
989 1323 1047 1376 δέ
1102 1322 1206 1393 τῆς
1260 1326 1618 1398 προρρήσεως
1660 1326 1722 1378 τὸ
1765 1324 1957 1396 ἔργον·

373 1413 568 1467 πολλαὶ
603 1413 715 1484 γὰρ
764 1413 909 1467 κατὰ
952 1413 1145 1486 καιρὸν
1196 1416 1570 1486 ἐπανέστησαν
1605 1416 1846 1486 αἱρέσεις
1892 1416 1958 1485 τῇ

371 1505 468 1561 τοῦ
519 1505 655 1560 Θεοῦ
717 1506 1039 1578 Ἐκκλησία,
1081 1508 1181 1578 τὴν
1233 1508 1400 1580 ὀρθὴν
1440 1508 1742 1582 παραλύειν
1796 1507 1960 1561 πολυ-

371 1598 593 1667 τρόπως
634 1596 951 1669 βιαζόμεναι
988 1599 1189 1665 πίστιν,
1228 1594 1303 1654 ὧν
1340 1594 1377 1671 νή
1423 1600 1526 1671 μὲν
1554 1601 1647 1653 τὸν
1682 1598 1779 1652 τοῦ
1822 1599 1959 1653 Θεοῦ

3533 301 3639 355 958

2061 511 2322 565 exitiosas
2361 511 2636 578 invehent,
2675 511 2847 581 ipsum
2884 510 3102 563 unicum
3142 523 3320 577 regem
3353 523 3415 561 ac
3457 509 3639 561 Domi-

2062 620 2187 659 num
2221 614 2461 658 nostrum
2490 602 2672 659 Jesum
2704 604 2979 659 Christum
3012 611 3298 672 negantes;
3334 602 3639 670 multosque

2061 694 2178 749 fore
2198 694 2388 749 horum
2411 694 2790 763 improbitates
2808 701 3195 757 asscctaturos,
3220 707 3446 761 quortnn
3477 706 3639 745 causa

2060 787 2307 841 veritatis
2348 786 2517 857 gloria
2560 787 2863 843 convicium
2914 786 3170 856 patietur.
3214 768 3492 849 Praedixit,
3552 783 3638 835 in—

2060 893 2253 948 quam,
2304 892 2371 930 ne
2403 893 2524 931 rum
2558 877 2610 931 hi
2642 877 3072 947 supervenerint,
3109 876 3294 931 fraude
3334 878 3640 931 circumve-

2064 969 2298 1034 niamur,
2330 969 2557 1036 perditis
2596 969 2836 1040 ipsorum
2885 970 3228 1039 dogmatibus
3261 977 3476 1022 nosmet
3508 966 3636 1022 sub-

2058 1059 2360 1114 mittentes.

2130 1324 2186 1378 ε.
2232 1322 2558 1378 Vaticinium
2598 1331 2778 1379 autem
2820 1322 2874 1377 i-n
2911 1338 3023 1378 rem
3056 1322 3305 1378 collatum
3330 1333 3433 1378 est.
3465 1323 3641 1378 Multa:

2061 1416 2206 1469 enim
2235 1428 2330 1483 per
2365 1424 2606 1485 tempora
2635 1422 2836 1470 exorta:
2864 1424 2988 1470 sunt
3033 1416 3266 1470 haereses
3304 1414 3360 1469 in
3399 1414 3637 1471 Ecclesia

2062 1506 2180 1572 Dei,
2224 1516 2430 1562 rectam
2469 1506 2763 1562 dissolvere
2805 1506 2963 1563 (idem
3004 1507 3355 1563 multifariam
3389 1516 3635 1570 eonatm;

2061 1611 2289 1667 quarum
2319 1596 2424 1650 alia
2466 1595 2561 1651 Dei
2616 1595 2847 1652 Verbum
2882 1596 3121 1651 'alienum
3160 1613 3383 1667 prorsus
3414 1608 3636 1677 paterna

374 1692 549 1759 Λόγον
579 1690 726 1754 ξένον
759 1691 1106 1745 παντάπασιν
1136 1692 1234 1762 τῆς
1269 1693 1528 1765 πατρῴας
1560 1693 1749 1756 οὐσίας
1780 1691 1955 1759 λέγειν

2065 1686 2366 1743 subatantia
2395 1686 2573 1741 dicere
2602 1700 2732 1741 ausa
2759 1696 2870 1753 est;
2911 1686 3014 1741 alia
3046 1687 3281 1756 Spiritus
3320 1686 3634 1755 dignitatem

375 1781 781 1851 τετόλμηκεν,ἡ
812 1781 869 1834 δὲ
902 1780 994 1834 τοῦ
1026 1781 1342 1851 Πνεύματος
1358 1782 1455 1853 τὴν
1482 1782 1639 1849 ἀξίαν
1666 1780 1955 1851 ἠγνόηκεν,

2062 1792 2165 1832 non
2188 1778 2404 1849 agnovit
2419 1795 2434 1842 ;
2456 1776 2568 1832 alia
2596 1776 2757 1832 Verbi
2785 1777 3050 1833 adventus
3068 1777 3353 1832 veritatem
3380 1777 3636 1846 negavit:

372 1873 410 1943 ἡ
450 1871 507 1925 δὲ
547 1872 646 1942 τῆς
679 1870 976 1942 ἐπιδημίας
1014 1871 1109 1924 τοῦ
1153 1871 1328 1941 Λόγου
1377 1873 1655 1944 ἠρνήσατο
1693 1871 1791 1943 τὴν
1826 1870 1958 1939 ἀλή-

373 1965 556 2016 θειαν⁶
618 1962 823 2035 ἐσχάτη
884 1962 943 2015 δὲ
1005 1961 1196 2016 πασῶν
1234 1962 1507 2035 καθάπερ
1545 1963 1779 2034 τρυγίας
1798 1960 1953 2035 {cod.

318 2128 323 2131 1
372 2054 417 2108 Δ
452 2055 715 2125 τρυγνίος,
759 2052 801 2107 Β
837 2048 1081 2124 τρυγία]
1128 2052 1236 2108 τῶν
1281 2054 1504 2120 κακῶν,
1542 2057 1576 2125 ἠ
1619 2053 1714 2108 νῦν
1750 2052 1953 2108 ἀναπέ-

372 2164 577 2214 φανται
646 2144 1009 2217 βλασφημία,
1090 2145 1166 2216 μὴ
1237 2146 1563 2217 γεγενῆσθαι
1610 2147 1718 2201 ’τὸν
1784 2147 1958 2215 Λόγον

362 2236 660 2307 ἄνθρωπον
684 2275 700 2298 ,
748 2235 866 2289 ἀλλ’
931 2236 989 2288 ἐν
1052 2234 1333 2307 άνθρώπῳ
1383 2237 1698 2306 γεννηθένι
1744 2240 1809 2292 ἐκ
1856 2253 1957 2305 γυ-

372 2327 561 2391 ναικὸς
619 2329 957 2398 ἐνῳκηκέναι
1021 2325 1288 2396 λέγουσαο
1356 2328 1432 2391 ώς
1486 2327 1671 2382 λοιπὸν
1732 2330 1813 2392 είς
1866 2328 1960 2382 δύο

371 2416 464 2470 τὸν
527 2417 625 2470 ἕνα
694 2417 929 2487 Χριστὸν
990 2418 1079 2471 διὰ
1133 2417 1296 2471 τοῦτο
1360 2419 1700 2489 μερίζεσθαι,
1763 2420 1844 2484 είς
1897 2438 1957 2475 τε

364 2500 529 2570 Θεὸν,
570 2508 736 2577 φημὶ,
775 2509 870 2561 καὶ
896 2507 1182 2580 ἄνθρωπον
1207 2525 1221 2540 ⁸
1258 2508 1375 2562 ἐστι
1408 2509 1467 2562 δὲ
1505 2508 1663 2562 τοῦτο
1692 2510 1795 2580 τῆς
1825 2513 1959 2565 ἀπο·

376 2598 633 2667 πολικῆς
661 2598 1012 2662 διδασκαλίας
1042 2599 1349 2670 ἀλλότριον,
1383 2599 1711 2670 δαιμονικῆς
1740 2600 1797 2653 δὲ
1824 2602 1956 2672 μᾶλ-

378 2690 471 2743 λον
505 2682 747 2751 ἐπινοίας
775 2685 1068 2760 ἐφεῦρεσις
1089 2706 1103 2719 °
1145 2690 1434 2761 ἄνθρωπον
1476 2690 1575 2760 μὲν
1601 2691 1710 2763 γὰρ
1751 2692 1840 2748 τὸν
1866 2694 1957 2747 τοῦ

368 2773 518 2833 ’Θεοῦ
548 2781 721 2847 Λόγον
765 2777 861 2833 ἐπὶ
904 2781 1182 2854 συντελείᾳ
1219 2782 1331 2836 τῶν
1377 2784 1590 2838 αἰώνων
1620 2785 1904 2856 γενόμενον
1930 2790 1959 2842 ό

368 2862 524 2934 θεῖος
563 2874 696 2942 ἡμῖν
740 2869 1155 2940 εὐαγγελίζεται
1193 2873 1368 2943 λόγος.
1418 2875 1518 2929 οὐκ
1562 2878 1641 2940 εἰς
1671 2876 1958 2947 ἀνθρώπου

370 2962 758 3029 μεταϐαλόντα
797 2962 980 3032 φύσιν,
1015 2963 1149 3018 ἀλλὰ
1185 2963 1388 3035 ταύτην
1430 2966 1510 3027 είς
1561 2965 1754 3020 ἐαυτὸν
1786 2984 1957 3037 προσ-

2051 1878 2351 1939 postrema,
2383 1869 2626 1923 omnium
2654 1867 2820 1923 veluti
2849 1868 3114 1925 malorum
3150 1870 3389 1934 sentina,
3423 1867 3638 1924 hodier-

2061 1975 2127 2013 na
2157 1959 2407 2030 apparuit
2438 1958 2794 2031 blasphemia,
2829 1975 2951 2031 qua:
2980 1960 3057 2016 ait
3105 1960 3346 2016 Verbum
3382 1976 3488 2015 non
3515 1973 3638 2015 esse

2052 2052 2328 2108 hominem
2351 2051 2580 2117 factum,
2626 2053 2721 2109 sed
2750 2056 2804 2109 in
2839 2044 3062 2109 homine
3088 2067 3155 2107 ex
3199 2051 3424 2107 muliere
3450 2052 3636 2120 genite

2061 2142 2389 2198 habitavisse
2433 2160 2458 2197 σε
2514 2144 2659 2199 unde
2705 2143 3057 2212 consequitur
3107 2144 3163 2198 in
3220 2142 3358 2197 duos
3414 2141 3634 2197 unicum

2058 2234 2332 2290 Christum
2365 2234 2571 2291 idcirco
2603 2236 2790 2302 dividi,
2824 2234 2877 2290 in
2911 2236 3078 2291 Deum
3114 2235 3233 2290 dice
3265 2242 3429 2303 atque
3454 2232 3636 2288 homi-

2059 2340 2206 2380 nem.
2232 2324 2334 2380 Est
2364 2336 2541 2381 autem
2570 2328 2672 2383 hoc
2694 2327 2763 2381 ab
2784 2326 3076 2396 apostolica
3102 2326 3348 2381 doctrina
3374 2324 3632 2389 alienum,

2057 2424 2114 2471 et
2143 2414 2393 2471 diaboliei
2420 2416 2598 2486 potius
2618 2416 2827 2486 ingenii
2856 2416 3153 2472 inventum.
3189 2414 3438 2484 Namque
3458 2414 3602 2469 homi
3620 2442 3635 2453 -

2060 2524 2183 2563 nem
2219 2509 2419 2564 factum
2449 2524 2569 2564 esse
2597 2507 2944 2563 DeiVen-hum
2978 2509 3030 2562 in
3054 2508 3161 2562 line
3183 2506 3526 2572 saeculorum,
3557 2506 3637 2559 di-

2062 2603 2215 2657 vinus
2244 2602 2400 2657 nobis
2432 2616 2612 2658 sermo
2651 2603 2862 2656 nuntiat
2891 2601 2960 2668 ",
2994 2617 3101 2657 non
3134 2615 3265 2656 sane
3298 2600 3445 2671 quod
3491 2613 3551 2654 se
3583 2599 3636 2653 in

2060 2694 2294 2750 hominis
2327 2703 2575 2749 naturam
2607 2677 2922 2759 mutaverit,
2952 2695 3045 2749 sed
3070 2695 3198 2764 quia
3243 2694 3384 2748 hanc
3415 2691 3518 2748 sibi
3547 2707 3638 2745 as-

2058 2785 2394 2852 sumpserit:
2422 2792 2504 2839 est
2531 2784 2675 2839 enim
2722 2768 2958 2838 Verbum
2998 2782 3307 2838 invertibile
3343 2790 3506 2851 atque
3534 2782 3604 2835 im
3627 2810 3639 2819 -

2061 2874 2337 2929 mutabile.
2362 2873 2516 2940 Quod
2547 2874 2616 2941 si,
2655 2881 2714 2929 ut
2738 2874 2824 2929 isti
2861 2875 3033 2938 aiunt,
3069 2874 3275 2929 homini
3312 2889 3378 2928 ex
3418 2873 3642 2928 muliere

2062 2974 2214 3036 parto
2243 2965 2385 3021 Deus
2406 2964 2742 3034 supervenit,
2777 2964 2917 3019 idem
2952 2966 3056 3019 hoc
3082 2967 3293 3020 cunctis
3334 2978 3486 3032 teque
3520 2978 3641 3034 pro-

358 3046 672 3125 λαόόμενον
692 3069 707 3084 ·
737 3052 1009 3125 ἄτρεπτος
1024 3054 1140 3126 ’γὰρ
1166 3055 1403 3126 ὑπάρχει
1441 3055 1536 3110 καὶ
1562 3056 1921 3122 ἀναλλοίωτος
1938 3075 1953 3088 ·

2064 3058 2240 3127 phetis
2275 3058 2476 3113 accidit
2506 3075 2531 3112 ηε
2566 3070 2897 3127 prorsusque
2929 3065 3225 3127 oporteret,
3268 3059 3314 3111 si
3349 3069 3437 3110 res
3460 3054 3543 3108 ita
3584 3069 3643 3110 se

365 3145 419 3197 εί
448 3144 529 3209 δὲ,
560 3144 813 3216 καθάπερ
857 3141 1054 3198 ἐκεῖνοί
1089 3163 1273 3214 φασιν,
1319 3148 1400 3210 εἰς
1432 3147 1724 3218 ἄνθρωπον
1759 3150 1822 3202 ἐκ
1858 3166 1956 3218 γυ-

2065 3149 2311 3214 haberet,
2343 3163 2586 3204 seorsum
2617 3149 3042 3225 uniuscujusque
3069 3149 3121 3202 in
3148 3147 3330 3203 divina
3361 3145 3642 3215 Scriptura

362 3236 559 3300 ναικὸς
592 3232 853 3307 τεχθέντα
891 3238 925 3307 ἡ
964 3227 1091 3289 ⁴θεία
1124 3236 1347 3306 γέγονεν
1383 3238 1751 3308 ἐπιφοίτησις,
1797 3238 1955 3293 τοῦτο

2065 3240 2435 3296 confessiones
2463 3240 2790 3319 comperiri;
2833 3249 2887 3296 et
2915 3240 3148 3295 alterum
3176 3240 3397 3310 quidem
3439 3237 3640 3309 sigilla-

364 3327 463 3379 καὶ
483 3327 546 3380 ἐν
570 3330 685 3390 τοῖς
716 3327 1029 3397 προφήταις
1054 3329 1219 3380 πᾶσιν
1246 3320 1454 3395 ἐγίνετο
1476 3344 1492 3359 ·
1515 3328 1623 3381 ἔδει
1648 3330 1957 3400 τοιγαροῦν,

2067 3332 2164 3384 tim
2209 3344 2304 3399 per
2334 3330 2575 3399 seipsum
2608 3344 2706 3385 ceu
2749 3328 2842 3384 Dei
2884 3329 3118 3384 Verbum
3161 3326 3471 3393 deeantari;
3511 3325 3645 3379 alte-

363 3416 528 3488 εἴπερ
571 3414 747 3479 οὕτως
790 3416 1030 3484 ἐγένετο,
1080 3419 1500 3489 μεμερισμένως
1532 3413 1769 3473 ἐκάστου
1811 3423 1955 3491 παρὰ

2068 3436 2187 3477 rum
2206 3435 2336 3476 vero
2360 3435 2456 3475 ceu
2478 3419 2783 3484 hominem,
2805 3428 2862 3474 et
2892 3435 2957 3474 ex
2989 3429 3176 3474 nostro
3204 3433 3430 3474 numero
3452 3432 3642 3482 unum,

362 3504 438 3579 τῇ
477 3506 603 3579 θείᾳ
634 3507 827 3579 Γραφῇ
855 3508 955 3587 τὰς
991 3509 1281 3579 ὁμολογίας
1313 3504 1666 3581 εὑρίσκεσθαι
1688 3527 1702 3542 υ
1736 3512 1831 3564 κα)⁵
1864 3514 1957 3566 τὸν

2066 3514 2244 3569 verbis
2274 3527 2394 3582 qua:
2416 3513 2691 3567 hominem
2723 3512 2938 3575 decent,
2969 3512 3292 3582 glorificare.

366 3601 472 3672 μὲν
517 3600 635 3674 ’ἰδίᾳ
666 3603 788 3657 καθ’
835 3599 1025 3658 ἑαυτὸν
1078 3600 1154 3668 ὡς
1199 3605 1332 3659 Θεοῦ
1366 3606 1542 3676 Λόγον
1590 3609 1966 3687 ἁνυμνείσθαι,
2006 3602 2098 3667 τὸν
2139 3611 2198 3666 δὲ
2260 3611 2335 3674 ὡς
2391 3608 2676 3681 ἄνθρωπον
2717 3609 2813 3663 καὶ
2859 3609 2956 3663 ἕνα
3000 3610 3110 3665 τῶν
3162 3610 3285 3664 καθ’
3333 3611 3481 3681 ἡμᾶς
3531 3611 3643 3672 τοῖς

361 3687 644 3767 ἆνθρώπῳ
678 3693 951 3765 πρέπουσι
988 3693 1305 3760 δοξάζεσθαι
1331 3696 1530 3766 λόγοις.

435 3793 515 3858 γ’.
571 3787 708 3840 Ἀλλ’
769 3788 869 3857 οὐχ
894 3787 1064 3851 οὕτως
1085 3790 1217 3858 ἡμῖν
1240 3790 1288 3842 oi
1313 3790 1600 3845 ἀπόστολοι
1623 3792 1722 3863 τὴν
1748 3793 1955 3847 εὐθεῖαν

2139 3789 2193 3846 5.
2235 3787 2398 3858 Atqui
2440 3802 2544 3843 non
2591 3786 2663 3841 ita
2699 3785 2854 3841 nobis
2885 3796 3094 3842 rectam
3145 3790 3506 3864 prazdieavere
3551 3795 3635 3849 do-

358 3876 698 3948 εὖαγγελίαν
749 3878 1047 3950 ἐκήρυξαν,
1083 3879 1198 3932 ἀλλ’
1236 3879 1334 3933 ἕνα
1374 3881 1613 3952 Χριστὸν
1641 3882 1776 3936 Θεὸν
1824 3886 1955 3955 ὁμοῦ

2066 3884 2299 3939 ctrinam
2348 3879 2600 3949 apostoli,
2645 3878 2741 3932 sed
2786 3892 2953 3930 unum
2980 3879 3339 3947 eamdemque
3368 3882 3643 3939 Christum
3720 3868 3729 3877 ’

359 3971 463 4024 καὶ
499 3967 791 4041 ἄνθρωπον
828 3967 920 4022 τὸν
953 3964 1115 4023 αὑτὸν
1148 3971 1569 4042 παραδεδώκασι
1595 3989 1608 4003 ·
1664 3975 1757 4028 καὶ
1801 3976 1955 4030 τοῦτο

2062 3972 2231 4027 Deum
2272 3968 2435 4024 simul
2479 3977 2535 4022 et
2582 3965 2858 4021 hominem
2894 3980 3016 4020 esse
3052 3967 3394 4021 tradiderunt
3437 3970 3643 4042 :idque

360 4059 568 4130 σαφῶς
609 4062 639 4113 ό
668 4059 767 4131 μὲν
802 4059 1047 4129 θεολόγος
1081 4059 1333 4133 Ἰωάννης
1359 4063 1418 4115 ἐν
1446 4063 1792 4132 Εὑαγγελίοις
1819 4067 1955 4122 διδά-

2062 4059 2545 4134 aperte-theologus
2564 4057 2801 4112 Joannes
2825 4057 2877 4109 in
2899 4055 3200 4127 Evangeliis
3222 4058 3399 4125 docet,
3417 4061 3603 4119 dicens
3627 4081 3641 4119 :

358 4165 488 4205 σκει
517 4150 696 4220 λέγων
717 4167 731 4180 ·
768 4170 785 4203 ι
817 4152 905 4203 Ἐν
950 4154 1094 4223 ἀρχῇ
1126 4147 1192 4223 ἦν
1219 4155 1247 4205 ό
1274 4153 1466 4220 Λόγος,
1499 4155 1593 4208 καὶ
1625 4157 1654 4210 ό
1692 4157 1863 4228 Λόγος
1888 4156 1954 4230 ἦν

2067 4173 2086 4206 ι
2117 4152 2173 4207 In
2202 4150 2468 4223 principio
2500 4147 2696 4221 lue
2724 4156 2843 4202 erat
2876 4145 3132 4213 Verbum,
3165 4157 3221 4204 et
3261 4147 3494 4205 Verbum
3527 4166 3641 4207 erat

357 4243 508 4314 πρὸς
552 4242 644 4297 τὸν
689 4241 821 4297 Θεὸν
845 4286 858 4307 ,
908 4245 1001 4296 καὶ
1040 4243 1170 4306 Θεὸς
1220 4239 1287 4314 ἦν
1318 4241 1346 4297 ό
1383 4246 1586 4313 Λόγος·
1622 4267 1641 4301 ι
1690 4244 1789 4301 εἷθ’
1829 4251 1955 4322 ἑξῆς

2062 4246 2202 4313 apud
2256 4242 2447 4309 Deum,
2498 4254 2554 4297 et
2593 4243 2734 4297 Deus
2787 4248 2905 4295 erat
2964 4238 3196 4294 Verbum
3243 4241 3309 4297 “.
3351 4261 3371 4294 ι
3446 4245 3642 4301 Deinde

356 4335 600 4402 ἐπάγων
619 4351 633 4366 ·
675 4353 692 4385 ι
713 4335 822 4388 Καὶ
846 4337 874 4387 ό
894 4336 1068 4404 Λόγος
1090 4335 1226 4407 σὰρξ
1258 4337 1493 4404 ἐγένετο,
1533 4340 1625 4393 καὶ
1648 4341 1954 4414 ἐσκήνωσεν

2062 4338 2265 4392 addens
2320 4352 2385 4389 τι
2415 4333 2481 4389 Ει
2510 4333 2743 4390 Verbum
2792 4346 2922 4387 caro
2977 4331 3176 4386 factum
3225 4342 3328 4396 est,
3381 4342 3435 4388 et
3485 4336 3641 4390 hahi-

353 4425 417 4478 ἐν
442 4425 610 4496 ἡμῖν.
640 4444 658 4476 ι
692 4427 750 4479 'O
776 4426 831 4478 δὲ
864 4426 1154 4497 ίεροκήρυξ
1177 4426 1385 4491 Παῦλος
1407 4425 1688 4497 ’Ἑϐραίοις
1716 4433 1955 4487 smmi.

2070 4429 2201 4483 tavit
2253 4427 2306 4482 in
2354 4426 2578 4481 nobis.)
2624 4424 2793 4480 Sacer
2845 4437 3059 4492 quoque
3110 4438 3287 4490 praeco
3333 4422 3534 4481 Paulus
3588 4429 3639 4482 in

352 4513 441 4569 λει
493 4516 714 4583 λέγων·
789 4536 806 4568 ι
843 4518 995 4570 Ἐπεὶ
1037 4507 1131 4570 οὖν
1183 4519 1252 4572 τὰ
1311 4520 1499 4572 παιδία
1561 4523 1953 4595 κεκοινώνηκεν

2062 4520 2298 4591 Epistola
2323 4522 2390 4574 ad
2416 4518 2672 4573 llebrteos
2695 4515 2881 4569 scribit
2908 4532 2920 4567 :
2952 4531 2969 4564 ι
2994 4512 3128 4578 Quia
3150 4528 3280 4584 ergo
3308 4518 3457 4583 pueri
3489 4522 3638 4573 carni

350 4607 609 4680 αἵματος
635 4609 727 4662 καὶ
763 4609 962 4677 σαρκὸς
992 4650 1006 4675 ,
1055 4610 1151 4662 καὶ
1180 4611 1341 4673 αὐτὸς
1374 4612 1775 4685 παραπλησίως
1822 4634 1952 4685 μετ’

352 4700 490 4774 ἔσχε
556 4699 668 4752 τῶν
729 4698 977 4753 αὐτῶν.»
1045 4700 1288 4764 Ἀκούεις
1338 4702 1484 4765 ὅπως
1537 4703 1566 4755 ὁ
1625 4704 1722 4774 μὲν
1774 4706 1952 4776 σάρκα

348 4789 703 4862 γεγενῆσθαι
733 4788 825 4843 τὸν
856 4792 1049 4860 Λόγον,
1083 4790 1110 4843 ό
1149 4791 1204 4845 δὲ
1237 4792 1399 4846 πάλιν
1425 4793 1586 4848 αὐτὸν
1625 4794 1734 4847 τῶν
1772 4796 1951 4849 αὐτῶν

351 4880 716 4953 μετασχόντα
745 4880 964 4951 εἴρηκεν
992 4897 1007 4946 ;
1038 4880 1102 4935 Εί
1130 4880 1187 4933 δὲ
1218 4881 1506 4953 ἄνθρωπος
1543 4885 1641 4954 μὲν
1672 4887 1734 4938 ἐκ
1766 4902 1952 4947 γυναι·-

346 4976 449 5038 κὸς
493 4977 526 5028 ό
569 4971 778 5041 Ἰησοῦς
809 4971 1025 5043 ἐτέχθη,
1061 4972 1201 5043 μετὰ
1247 4973 1302 5026 δὲ
1349 4974 1523 5028 ταῦτα
1569 4977 1602 5044 ή
1638 4975 1731 5029 τοῦ
1772 4977 1948 5044 Λόγου

343 5066 593 5132 γέγονεν
618 5060 758 5131 πρὸς
782 5061 946 5114 αὑτὸν
982 5061 1346 5131 ἐπιφοίτησις,
1386 5063 1492 5115 ἔδει
1517 5065 1765 5136 καθάπερ
1800 5065 1950 5133 εἰρη-

344 5172 464 5216 ται,
510 5153 615 5206 δύο
655 5152 750 5205 καὶ
798 5152 976 5220 πάντη
1024 5152 1442 5221 μεμερισμένως
1483 5157 1620 5225 πρὸς
1671 5157 1816 5208 ἆπαν
1851 5155 1950 5218 τὰς

342 5244 662 5317 ὁμολογίας
718 5241 1111 5311 εὑρίσκεσθαι·
1168 5243 1285 5295 νυνὶ
1338 5244 1396 5297 δὲ
1440 5248 1542 5314 τῆς
1588 5245 1947 5300 θεοπνεύστου

343 5338 594 5410 Γραφῆς
636 5334 1056 5403 κοινολογούσης
1107 5333 1178 5387 τά
1221 5352 1283 5387 τε
1325 5337 1392 5407 τῇ
1439 5335 1654 5406 θεότητι
1705 5338 1950 5403 φυσικῶς

340 5429 700 5501 ἁρμόζοντα,
740 5426 837 5479 καὶ
869 5424 940 5477 τὰ
986 5427 1051 5495 τῇ
1100 5423 1387 5494 ἀνθρώπου
1434 5425 1715 5497 πρέποντα
1762 5427 1944 5496 φύσει,

342 5520 585 5592 καθαρὰ
610 5519 709 5589 τῆς
738 5515 985 5580 ἐνώσεως
1013 5518 1052 5587 ἡ
1094 5516 1377 5588 οἰκονομία
1408 5517 1745 5588 εὑρίσκεται.
1775 5520 1945 5574 Ὅταν

2059 4623 2114 4666 et
2145 4610 2391 4679 sanguini
2422 4606 2983 4667 cmnmunicaverunt,
3030 4609 3085 4656 et
3119 4603 3233 4673 ipse
3272 4605 3523 4662 similiter
3549 4627 3642 4663 ea-

2060 4704 2181 4758 dem
2225 4699 2569 4771 partieipavit
2596 4696 2663 4747 “.
2708 4713 2727 4747 ι
2768 4692 2964 4747 Audin’
2991 4695 3260 4763 quomodo
3303 4695 3390 4751 ille
3423 4701 3638 4768 quidem

2057 4792 2297 4847 Verbum
2335 4806 2552 4846 carnem
2581 4803 2701 4842 esse
2740 4787 2965 4849 factum,
3002 4786 3091 4841 hic
3129 4798 3309 4844 autem
3345 4792 3521 4846 denuo
3563 4795 3639 4845 ait

2062 4888 2237 4952 ipsum
2276 4884 2388 4936 haee
2421 4882 2610 4937 eadem
2647 4880 3092 4950 participatisse?
3120 4879 3271 4947 Quod
3300 4883 3343 4937 si
3382 4884 3540 4937 homo
3572 4899 3637 4937 ex

2062 4976 2286 5031 muliere
2328 4974 2486 5029 Jesus
2537 4974 2717 5029 editus
2765 4982 2869 5038 est,
2926 4973 3122 5028 deinde
3178 4988 3307 5027 vero
3361 4972 3522 5027 Verbi
3585 4975 3636 5026 in

2066 5070 2241 5139 ipsum
2290 5067 2553 5122 adventus
2597 5067 2844 5136 contigit,
2906 5076 3223 5136 oporteret,
3274 5076 3331 5118 ut
3381 5066 3634 5132 diximus,

2058 5161 2192 5215 duas
2216 5160 2435 5215 orntiino
2473 5159 2726 5227 omnique
2754 5159 2805 5213 in
2842 5174 2900 5213 re
2933 5156 3224 5226 separatim
3266 5154 3636 5213 confessiones

2059 5250 2343 5320 eomperiri
2386 5269 2400 5307 :
2453 5264 2595 5306 nunc
2634 5258 2859 5311 contra,
2902 5262 3023 5300 eum
3073 5244 3331 5299 divinitus
3377 5245 3634 5314 inspirata

2060 5338 2339 5408 Scriptura
2371 5338 2735 5395 communiter
2770 5333 3085 5404 pronuntiet
3131 5339 3244 5385 tum
3288 5347 3405 5403 quae
3448 5335 3632 5388 deitati

2058 5430 2379 5484 naturaliter
2421 5427 2774 5490 conveniunt,
2835 5436 2946 5478 tmn
3000 5425 3163 5478 etiam
3215 5440 3334 5493 quae
3397 5426 3634 5480 hominis

2056 5529 2361 5590 cengruunt
2391 5515 2934 5587 naturahpcrspicua
2960 5514 3379 5584 deprehenditur
3411 5516 3635 5572 unitatis

420 5699 477 5730 ’⁸³
506 5696 679 5753 Hebr.
712 5712 788 5760 IX,
816 5695 908 5749 ‘26.
985 5694 1032 5726 “
1062 5694 1213 5751 Juan.
1251 5712 1288 5760 l,
1325 5694 1376 5748 L
1408 5693 1452 5726 ’⁵⁸
1482 5695 1611 5749 ibid.
1649 5695 1734 5749 ii.
1816 5695 1859 5725 “
1892 5693 1955 5750 "t

2095 5712 2154 5762 tl,
2192 5696 2274 5752 Η.
