  <div class='ocr_page' id='page_1' title='image "/cluster/home/n/w/nwhite01/storage/ocr_20150623/76/mdp.39015013094878/138.png"; bbox 0 0 4014 6128; ppageno 0'>
   <div class='ocr_carea' id='block_1_1' title="bbox 366 300 473 357">
    <p class='ocr_par' dir='ltr' id='par_1_1' title="bbox 366 300 473 357">
     <span class='ocr_line' id='line_1_1' title="bbox 366 300 473 357; baseline -0.019 0"><span class='ocrx_word' id='word_1_1' title='bbox 366 300 473 357; x_wconf 68' lang='grc'><strong>261</strong></span> 
     </span>
    </p>
   </div>
   <div class='ocr_carea' id='block_1_2' title="bbox 1478 277 2537 354">
    <p class='ocr_par' dir='ltr' id='par_1_2' title="bbox 1478 277 2537 354">
     <span class='ocr_line' id='line_1_2' title="bbox 1478 277 2537 354; baseline -0.01 -11"><span class='ocrx_word' id='word_1_2' title='bbox 1478 284 1668 354; x_wconf 75' lang='lat' dir='ltr'><strong>QUOD</strong></span> <span class='ocrx_word' id='word_1_3' title='bbox 1705 285 1765 339; x_wconf 91' lang='lat' dir='ltr'><strong>B.</strong></span> <span class='ocrx_word' id='word_1_4' title='bbox 1808 280 2026 338; x_wconf 65' lang='lat' dir='ltr'><strong>MARIA</strong></span> <span class='ocrx_word' id='word_1_5' title='bbox 2068 280 2177 337; x_wconf 76' lang='lat' dir='ltr'><strong>SIT</strong></span> <span class='ocrx_word' id='word_1_6' title='bbox 2221 277 2537 334; x_wconf 59' lang='lat' dir='ltr'><strong>DEIPIIRA.</strong></span> 
     </span>
    </p>
   </div>
   <div class='ocr_carea' id='block_1_3' title="bbox 3528 277 3637 334">
    <p class='ocr_par' dir='ltr' id='par_1_3' title="bbox 3528 277 3637 334">
     <span class='ocr_line' id='line_1_3' title="bbox 3528 277 3637 334; baseline 0 0"><span class='ocrx_word' id='word_1_7' title='bbox 3528 277 3637 334; x_wconf 70' lang='lat'><strong>562</strong></span> 
     </span>
    </p>
   </div>
   <div class='ocr_carea' id='block_1_4' title="bbox 374 398 1947 491">
    <p class='ocr_par' dir='ltr' id='par_1_4' title="bbox 374 406 1947 491">
     <span class='ocr_line' id='line_1_4' title="bbox 374 406 1947 491; baseline -0.012 -16"><span class='ocrx_word' id='word_1_8' title='bbox 374 417 487 491; x_wconf 76' lang='grc' dir='ltr'>πρὸ</span> <span class='ocrx_word' id='word_1_9' title='bbox 512 412 784 471; x_wconf 79' lang='grc' dir='ltr'><strong>τοσούτων</strong></span> <span class='ocrx_word' id='word_1_10' title='bbox 813 408 1015 481; x_wconf 81' lang='grc' dir='ltr'>γενεῶν</span> <span class='ocrx_word' id='word_1_11' title='bbox 1057 409 1157 480; x_wconf 75' lang='grc' dir='ltr'>τῆς</span> <span class='ocrx_word' id='word_1_12' title='bbox 1202 410 1265 462; x_wconf 79' lang='grc' dir='ltr'><strong>ὲκ</strong></span> <span class='ocrx_word' id='word_1_13' title='bbox 1303 406 1581 478; x_wconf 67' lang='grc' dir='ltr'>Παρθέννυ</span> <span class='ocrx_word' id='word_1_14' title='bbox 1606 406 1947 477; x_wconf 77' lang='grc' dir='ltr'>γεννήσεως·</span> 
     </span>
    </p>
   </div>
   <div class='ocr_carea' id='block_1_5' title="bbox 2053 398 3638 491">
    <p class='ocr_par' dir='ltr' id='par_1_5' title="bbox 2060 398 3638 472">
     <span class='ocr_line' id='line_1_5' title="bbox 2060 398 3638 472; baseline 0.001 -15"><span class='ocrx_word' id='word_1_15' title='bbox 2060 418 2178 457; x_wconf 84' lang='lat' dir='ltr'><strong>rum</strong></span> <span class='ocrx_word' id='word_1_16' title='bbox 2214 400 2472 457; x_wconf 90' lang='lat' dir='ltr'><strong>miracula</strong></span> <span class='ocrx_word' id='word_1_17' title='bbox 2506 407 2585 456; x_wconf 93' lang='lat' dir='ltr'><strong>tot</strong></span> <span class='ocrx_word' id='word_1_18' title='bbox 2609 407 2734 454; x_wconf 88' lang='lat' dir='ltr'><strong>ante</strong></span> <span class='ocrx_word' id='word_1_19' title='bbox 2759 399 3094 455; x_wconf 72' lang='lat' dir='ltr'><strong>nativitatem</strong></span> <span class='ocrx_word' id='word_1_20' title='bbox 3116 410 3183 453; x_wconf 76' lang='lat' dir='ltr'><strong>ex</strong></span> <span class='ocrx_word' id='word_1_21' title='bbox 3212 398 3430 472; x_wconf 78' lang='lat' dir='ltr'><strong>Virgine</strong></span> <span class='ocrx_word' id='word_1_22' title='bbox 3458 408 3638 459; x_wconf 65' lang='lat' dir='ltr'><strong>aetati.</strong></span> 
     </span>
    </p>
   </div>
   <div class='ocr_carea' id='block_1_6' title="bbox 374 497 1961 576">
    <p class='ocr_par' dir='ltr' id='par_1_6' title="bbox 374 497 1961 576">
     <span class='ocr_line' id='line_1_6' title="bbox 374 497 1961 576; baseline 0.005 -15"><span class='ocrx_word' id='word_1_23' title='bbox 374 507 484 565; x_wconf 84' lang='grc' dir='ltr'><strong>ποῦ</strong></span> <span class='ocrx_word' id='word_1_24' title='bbox 509 506 697 562; x_wconf 88' lang='grc' dir='ltr'>τοῦτον</span> <span class='ocrx_word' id='word_1_25' title='bbox 717 505 822 576; x_wconf 79' lang='grc' dir='ltr'>ἄρα</span> <span class='ocrx_word' id='word_1_26' title='bbox 850 503 972 556; x_wconf 78' lang='grc' dir='ltr'>κατ’</span> <span class='ocrx_word' id='word_1_27' title='bbox 1005 501 1253 563; x_wconf 80' lang='grc' dir='ltr'>ἐκείνους</span> <span class='ocrx_word' id='word_1_28' title='bbox 1276 499 1403 563; x_wconf 77' lang='grc' dir='ltr'>τοὺς</span> <span class='ocrx_word' id='word_1_29' title='bbox 1434 498 1656 570; x_wconf 76' lang='grc' dir='ltr'>χρόνους</span> <span class='ocrx_word' id='word_1_30' title='bbox 1693 497 1961 567; x_wconf 76' lang='grc' dir='ltr'>ὑπάρχειν</span> 
     </span>
    </p>
   </div>
   <div class='ocr_carea' id='block_1_7' title="bbox 375 588 1955 663">
    <p class='ocr_par' dir='ltr' id='par_1_7' title="bbox 375 588 1955 663">
     <span class='ocr_line' id='line_1_7' title="bbox 375 588 1955 663; baseline -0.009 -9"><span class='ocrx_word' id='word_1_31' title='bbox 375 600 676 662; x_wconf 79' lang='grc' dir='ltr'>δὼσουσιν;</span> <span class='ocrx_word' id='word_1_32' title='bbox 703 594 1015 663; x_wconf 79' lang='grc' dir='ltr'>πότεδὲτῆς</span> <span class='ocrx_word' id='word_1_33' title='bbox 1033 592 1301 660; x_wconf 79' lang='grc' dir='ltr'>γενέσεως</span> <span class='ocrx_word' id='word_1_34' title='bbox 1333 590 1431 663; x_wconf 84' lang='grc' dir='ltr'>τὴν</span> <span class='ocrx_word' id='word_1_35' title='bbox 1460 589 1631 662; x_wconf 82' lang='grc' dir='ltr'>ἀρχὴν</span> <span class='ocrx_word' id='word_1_36' title='bbox 1657 588 1955 659; x_wconf 60' lang='lat' dir='ltr'><strong>emit/na;</strong></span> 
     </span>
    </p>
   </div>
   <div class='ocr_carea' id='block_1_8' title="bbox 384 677 1960 757">
    <p class='ocr_par' dir='ltr' id='par_1_8' title="bbox 384 677 1960 757">
     <span class='ocr_line' id='line_1_8' title="bbox 384 677 1960 757; baseline -0.008 -15"><span class='ocrx_word' id='word_1_37' title='bbox 384 689 576 743; x_wconf 80' lang='grc' dir='ltr'>ῦύκέτι</span> <span class='ocrx_word' id='word_1_38' title='bbox 606 686 713 757; x_wconf 82' lang='grc' dir='ltr'>γὰρ</span> <span class='ocrx_word' id='word_1_39' title='bbox 745 686 932 748; x_wconf 83' lang='grc' dir='ltr'>αὐτοῖς</span> <span class='ocrx_word' id='word_1_40' title='bbox 961 683 1116 753; x_wconf 80' lang='grc' dir='ltr'>λόγος</span> <span class='ocrx_word' id='word_1_41' title='bbox 1154 683 1505 753; x_wconf 72' lang='grc' dir='ltr'><strong>συγχωρήσει</strong></span> <span class='ocrx_word' id='word_1_42' title='bbox 1536 680 1734 749; x_wconf 80' lang='grc' dir='ltr'>λέγειν,</span> <span class='ocrx_word' id='word_1_43' title='bbox 1770 679 1832 731; x_wconf 79' lang='grc' dir='ltr'><strong>ἐκ</strong></span> <span class='ocrx_word' id='word_1_44' title='bbox 1859 677 1960 746; x_wconf 74' lang='grc' dir='ltr'>τῆς</span> 
     </span>
    </p>
   </div>
   <div class='ocr_carea' id='block_1_9' title="bbox 378 767 1957 851">
    <p class='ocr_par' dir='ltr' id='par_1_9' title="bbox 378 767 1957 851">
     <span class='ocr_line' id='line_1_9' title="bbox 378 767 1957 851; baseline -0.007 -17"><span class='ocrx_word' id='word_1_45' title='bbox 378 779 712 851; x_wconf 74' lang='grc' dir='ltr'>παρθενικῆς</span> <span class='ocrx_word' id='word_1_46' title='bbox 753 776 987 846; x_wconf 76' lang='grc' dir='ltr'><strong>προόδου</strong></span> <span class='ocrx_word' id='word_1_47' title='bbox 1031 776 1129 846; x_wconf 84' lang='grc' dir='ltr'>τὴν</span> <span class='ocrx_word' id='word_1_48' title='bbox 1161 775 1336 847; x_wconf 78' lang='grc' dir='ltr'>ἀρχὴν</span> <span class='ocrx_word' id='word_1_49' title='bbox 1365 772 1458 827; x_wconf 86' lang='grc' dir='ltr'><strong>τοῦ</strong></span> <span class='ocrx_word' id='word_1_50' title='bbox 1493 767 1633 835; x_wconf 57' lang='grc' dir='ltr'>εἰναι</span> <span class='ocrx_word' id='word_1_51' title='bbox 1676 770 1957 841; x_wconf 72' lang='grc' dir='ltr'><strong>εἰληφότα.</strong></span> 
     </span>
    </p>
   </div>
   <div class='ocr_carea' id='block_1_10' title="bbox 376 860 1962 937">
    <p class='ocr_par' dir='ltr' id='par_1_10' title="bbox 376 860 1962 937">
     <span class='ocr_line' id='line_1_10' title="bbox 376 860 1962 937; baseline -0.005 -13"><span class='ocrx_word' id='word_1_52' title='bbox 376 870 791 924; x_wconf 84' lang='grc' dir='ltr'>Διδασκέτωσαν</span> <span class='ocrx_word' id='word_1_53' title='bbox 814 868 1000 921; x_wconf 78' lang='grc' dir='ltr'>τοίνυν</span> <span class='ocrx_word' id='word_1_54' title='bbox 1029 868 1077 920; x_wconf 75' lang='grc' dir='ltr'>οἱ</span> <span class='ocrx_word' id='word_1_55' title='bbox 1100 866 1209 919; x_wconf 85' lang='grc' dir='ltr'><strong>τῶν</strong></span> <span class='ocrx_word' id='word_1_56' title='bbox 1236 864 1422 919; x_wconf 83' lang='grc' dir='ltr'>κακῶν</span> <span class='ocrx_word' id='word_1_57' title='bbox 1450 860 1742 937; x_wconf 77' lang='grc' dir='ltr'>ἐφευρεταὶ</span> <span class='ocrx_word' id='word_1_58' title='bbox 1763 861 1962 933; x_wconf 82' lang='grc' dir='ltr'>δογμά-</span> 
     </span>
    </p>
   </div>
   <div class='ocr_carea' id='block_1_11' title="bbox 377 946 1960 1030">
    <p class='ocr_par' dir='ltr' id='par_1_11' title="bbox 377 946 1960 1030">
     <span class='ocr_line' id='line_1_11' title="bbox 377 946 1960 1030; baseline -0.005 -15"><span class='ocrx_word' id='word_1_59' title='bbox 377 980 500 1024; x_wconf 78' lang='grc' dir='ltr'>των,</span> <span class='ocrx_word' id='word_1_60' title='bbox 537 962 671 1014; x_wconf 83' lang='grc' dir='ltr'>πότε</span> <span class='ocrx_word' id='word_1_61' title='bbox 692 960 795 1030; x_wconf 73' lang='grc' dir='ltr'>τῆς</span> <span class='ocrx_word' id='word_1_62' title='bbox 824 959 1098 1027; x_wconf 85' lang='grc' dir='ltr'>γενέσεως</span> <span class='ocrx_word' id='word_1_63' title='bbox 1124 957 1220 1028; x_wconf 80' lang='grc' dir='ltr'><strong>τὴν</strong></span> <span class='ocrx_word' id='word_1_64' title='bbox 1246 958 1422 1029; x_wconf 76' lang='grc' dir='ltr'>ἀρχὴν</span> <span class='ocrx_word' id='word_1_65' title='bbox 1442 946 1598 1019; x_wconf 67' lang='grc' dir='ltr'>οὗτος</span> <span class='ocrx_word' id='word_1_66' title='bbox 1618 958 1646 1009; x_wconf 98' lang='lat'><strong>6</strong></span> <span class='ocrx_word' id='word_1_67' title='bbox 1675 955 1770 1010; x_wconf 82' lang='grc' dir='ltr'>ἄνθ</span> <span class='ocrx_word' id='word_1_68' title='bbox 1780 971 1960 1027; x_wconf 85' lang='grc' dir='ltr'>ρωπος</span> 
     </span>
    </p>
   </div>
   <div class='ocr_carea' id='block_1_12' title="bbox 378 1045 1960 1124">
    <p class='ocr_par' dir='ltr' id='par_1_12' title="bbox 378 1045 1960 1124">
     <span class='ocr_line' id='line_1_12' title="bbox 378 1045 1960 1124; baseline -0.007 -16"><span class='ocrx_word' id='word_1_69' title='bbox 378 1053 608 1124; x_wconf 75' lang='grc' dir='ltr'><strong>ἔσχηκεν</strong></span> <span class='ocrx_word' id='word_1_70' title='bbox 627 1093 642 1117; x_wconf 93' lang='grc'><strong>,</strong></span> <span class='ocrx_word' id='word_1_71' title='bbox 680 1050 782 1104; x_wconf 88' lang='grc' dir='ltr'><strong>ποῦ</strong></span> <span class='ocrx_word' id='word_1_72' title='bbox 816 1050 874 1104; x_wconf 78' lang='grc' dir='ltr'>δὲ</span> <span class='ocrx_word' id='word_1_73' title='bbox 905 1052 1000 1104; x_wconf 74' lang='grc' dir='ltr'>καὶ</span> <span class='ocrx_word' id='word_1_74' title='bbox 1032 1051 1090 1103; x_wconf 79' lang='grc' dir='ltr'>ἐν</span> <span class='ocrx_word' id='word_1_75' title='bbox 1116 1052 1257 1102; x_wconf 80' lang='grc' dir='ltr'>τίσιν</span> <span class='ocrx_word' id='word_1_76' title='bbox 1285 1049 1392 1120; x_wconf 80' lang='grc' dir='ltr'>ἄρα</span> <span class='ocrx_word' id='word_1_77' title='bbox 1432 1047 1657 1101; x_wconf 71' lang='grc' dir='ltr'>διετέλει</span> <span class='ocrx_word' id='word_1_78' title='bbox 1685 1045 1960 1109; x_wconf 76' lang='grc' dir='ltr'>τοσούτοις</span> 
     </span>
    </p>
   </div>
   <div class='ocr_carea' id='block_1_13' title="bbox 376 1131 1956 1210">
    <p class='ocr_par' dir='ltr' id='par_1_13' title="bbox 376 1131 1956 1210">
     <span class='ocr_line' id='line_1_13' title="bbox 376 1131 1956 1210; baseline -0.004 -14"><span class='ocrx_word' id='word_1_79' title='bbox 376 1142 573 1196; x_wconf 75' lang='grc' dir='ltr'>ἔτεσιν.</span> <span class='ocrx_word' id='word_1_80' title='bbox 613 1140 754 1194; x_wconf 82' lang='grc' dir='ltr'>Ἀλλ’</span> <span class='ocrx_word' id='word_1_81' title='bbox 787 1140 889 1194; x_wconf 82' lang='grc' dir='ltr'>οὐκ</span> <span class='ocrx_word' id='word_1_82' title='bbox 924 1140 1006 1193; x_wconf 78' lang='grc' dir='ltr'>ἔτι</span> <span class='ocrx_word' id='word_1_83' title='bbox 1038 1139 1227 1193; x_wconf 87' lang='grc' dir='ltr'>τοῦτον</span> <span class='ocrx_word' id='word_1_84' title='bbox 1264 1139 1549 1210; x_wconf 78' lang='grc' dir='ltr'>ἄνθρωπον</span> <span class='ocrx_word' id='word_1_85' title='bbox 1577 1135 1716 1190; x_wconf 79' lang='grc' dir='ltr'>εἶναι</span> <span class='ocrx_word' id='word_1_86' title='bbox 1757 1136 1865 1189; x_wconf 78' lang='grc' dir='ltr'><strong>τῶν</strong></span> <span class='ocrx_word' id='word_1_87' title='bbox 1898 1131 1956 1189; x_wconf 75' lang='grc' dir='ltr'><strong>εὖ</strong></span> 
     </span>
    </p>
   </div>
   <div class='ocr_carea' id='block_1_14' title="bbox 376 1226 1958 1308">
    <p class='ocr_par' dir='ltr' id='par_1_14' title="bbox 376 1226 1958 1308">
     <span class='ocr_line' id='line_1_14' title="bbox 376 1226 1958 1308; baseline -0.004 -20"><span class='ocrx_word' id='word_1_88' title='bbox 376 1234 721 1308; x_wconf 75' lang='grc' dir='ltr'>φρονούντων</span> <span class='ocrx_word' id='word_1_89' title='bbox 755 1251 841 1296; x_wconf 87' lang='grc' dir='ltr'><strong>τις</strong></span> <span class='ocrx_word' id='word_1_90' title='bbox 873 1235 1013 1305; x_wconf 83' lang='grc' dir='ltr'>ἐρεῖ,</span> <span class='ocrx_word' id='word_1_91' title='bbox 1065 1232 1123 1296; x_wconf 86' lang='grc' dir='ltr'>ὃς</span> <span class='ocrx_word' id='word_1_92' title='bbox 1173 1232 1266 1286; x_wconf 73' lang='grc' dir='ltr'>καὶ</span> <span class='ocrx_word' id='word_1_93' title='bbox 1298 1234 1409 1296; x_wconf 86' lang='grc' dir='ltr'>τοῖς</span> <span class='ocrx_word' id='word_1_94' title='bbox 1442 1230 1584 1284; x_wconf 83' lang='grc' dir='ltr'><strong>κατὰ</strong></span> <span class='ocrx_word' id='word_1_95' title='bbox 1628 1228 1690 1284; x_wconf 83' lang='grc' dir='ltr'><strong>τδ</strong></span> <span class='ocrx_word' id='word_1_96' title='bbox 1730 1226 1958 1283; x_wconf 78' lang='grc' dir='ltr'>παλαιὸν</span> 
     </span>
    </p>
   </div>
   <div class='ocr_carea' id='block_1_15' title="bbox 377 1319 1955 1398">
    <p class='ocr_par' dir='ltr' id='par_1_15' title="bbox 377 1319 1955 1398">
     <span class='ocr_line' id='line_1_15' title="bbox 377 1319 1955 1398; baseline -0.005 -18"><span class='ocrx_word' id='word_1_97' title='bbox 377 1328 783 1398; x_wconf 66' lang='grc' dir='ltr'>ἁμαρτήσασιν,</span> <span class='ocrx_word' id='word_1_98' title='bbox 806 1325 901 1378; x_wconf 69' lang='grc' dir='ltr'><strong>καὶ</strong></span> <span class='ocrx_word' id='word_1_99' title='bbox 922 1324 982 1378; x_wconf 86' lang='grc' dir='ltr'><strong>τὸ</strong></span> <span class='ocrx_word' id='word_1_100' title='bbox 1005 1323 1134 1377; x_wconf 73' lang='grc' dir='ltr'>ἴδιον</span> <span class='ocrx_word' id='word_1_101' title='bbox 1156 1319 1595 1395; x_wconf 81' lang='grc' dir='ltr'>ἅπολ[ε]ιποῦσιν</span> <span class='ocrx_word' id='word_1_102' title='bbox 1616 1321 1955 1390; x_wconf 79' lang='grc' dir='ltr'>οἰκητήριον,</span> 
     </span>
    </p>
   </div>
   <div class='ocr_carea' id='block_1_16' title="bbox 375 1412 1956 1488">
    <p class='ocr_par' dir='ltr' id='par_1_16' title="bbox 375 1412 1956 1488">
     <span class='ocr_line' id='line_1_16' title="bbox 375 1412 1956 1488; baseline -0.004 -18"><span class='ocrx_word' id='word_1_103' title='bbox 375 1420 440 1472; x_wconf 84' lang='grc' dir='ltr'><strong>ὲκ</strong></span> <span class='ocrx_word' id='word_1_104' title='bbox 474 1418 598 1472; x_wconf 85' lang='grc' dir='ltr'>τότε</span> <span class='ocrx_word' id='word_1_105' title='bbox 638 1416 741 1480; x_wconf 82' lang='grc' dir='ltr'>τὰς</span> <span class='ocrx_word' id='word_1_106' title='bbox 789 1416 1059 1488; x_wconf 80' lang='grc' dir='ltr'><strong>τιμωρίας</strong></span> <span class='ocrx_word' id='word_1_107' title='bbox 1107 1414 1333 1486; x_wconf 74' lang='grc' dir='ltr'>ὥρισεν,</span> <span class='ocrx_word' id='word_1_108' title='bbox 1384 1415 1479 1467; x_wconf 70' lang='grc' dir='ltr'><strong>καὶ</strong></span> <span class='ocrx_word' id='word_1_109' title='bbox 1518 1414 1617 1484; x_wconf 79' lang='grc' dir='ltr'>τῆς</span> <span class='ocrx_word' id='word_1_110' title='bbox 1645 1412 1956 1481; x_wconf 76' lang='grc' dir='ltr'>Αἰγυπτίων</span> 
     </span>
    </p>
   </div>
   <div class='ocr_carea' id='block_1_17' title="bbox 373 1502 1955 1582">
    <p class='ocr_par' dir='ltr' id='par_1_17' title="bbox 373 1502 1955 1582">
     <span class='ocr_line' id='line_1_17' title="bbox 373 1502 1955 1582; baseline -0.004 -19"><span class='ocrx_word' id='word_1_111' title='bbox 373 1510 559 1581; x_wconf 77' lang='grc' dir='ltr'>χειρὸς</span> <span class='ocrx_word' id='word_1_112' title='bbox 606 1508 827 1582; x_wconf 79' lang='grc' dir='ltr'>Ἰσραὴλ</span> <span class='ocrx_word' id='word_1_113' title='bbox 858 1508 1083 1576; x_wconf 76' lang='grc' dir='ltr'><strong>ἐνδόξως</strong></span> <span class='ocrx_word' id='word_1_114' title='bbox 1109 1508 1203 1580; x_wconf 86' lang='grc' dir='ltr'>ὲρύ</span> <span class='ocrx_word' id='word_1_115' title='bbox 1214 1525 1361 1564; x_wconf 88' lang='grc' dir='ltr'>σατο.</span> <span class='ocrx_word' id='word_1_116' title='bbox 1398 1507 1460 1561; x_wconf 79' lang='lat' dir='ltr'><strong>Ei</strong></span> <span class='ocrx_word' id='word_1_117' title='bbox 1484 1505 1666 1560; x_wconf 75' lang='grc' dir='ltr'>τοίνυν</span> <span class='ocrx_word' id='word_1_118' title='bbox 1692 1504 1831 1559; x_wconf 69' lang='grc' dir='ltr'>κατὰ</span> <span class='ocrx_word' id='word_1_119' title='bbox 1856 1502 1955 1576; x_wconf 76' lang='grc' dir='ltr'><strong>τὴν</strong></span> 
     </span>
    </p>
   </div>
   <div class='ocr_carea' id='block_1_18' title="bbox 375 1596 1955 1668">
    <p class='ocr_par' dir='ltr' id='par_1_18' title="bbox 375 1596 1955 1668">
     <span class='ocr_line' id='line_1_18' title="bbox 375 1596 1955 1668; baseline -0.002 -14"><span class='ocrx_word' id='word_1_120' title='bbox 375 1601 556 1655; x_wconf 74' lang='grc' dir='ltr'>αὐτῶν</span> <span class='ocrx_word' id='word_1_121' title='bbox 587 1600 819 1666; x_wconf 82' lang='grc' dir='ltr'>ἔκδοσιν,</span> <span class='ocrx_word' id='word_1_122' title='bbox 850 1599 972 1653; x_wconf 71' lang='grc' dir='ltr'>οὔτε</span> <span class='ocrx_word' id='word_1_123' title='bbox 1000 1602 1028 1653; x_wconf 89' lang='lat'><strong>6</strong></span> <span class='ocrx_word' id='word_1_124' title='bbox 1061 1600 1192 1664; x_wconf 79' lang='grc' dir='ltr'>Θεὸς</span> <span class='ocrx_word' id='word_1_125' title='bbox 1220 1600 1393 1668; x_wconf 83' lang='grc' dir='ltr'>Λόγος</span> <span class='ocrx_word' id='word_1_126' title='bbox 1425 1598 1766 1652; x_wconf 77' lang='grc' dir='ltr'>ὑπονοεῖσθαι</span> <span class='ocrx_word' id='word_1_127' title='bbox 1796 1596 1955 1651; x_wconf 73' lang='grc' dir='ltr'>δύνα-</span> 
     </span>
    </p>
   </div>
   <div class='ocr_carea' id='block_1_19' title="bbox 375 1682 1957 1762">
    <p class='ocr_par' dir='ltr' id='par_1_19' title="bbox 375 1682 1957 1762">
     <span class='ocr_line' id='line_1_19' title="bbox 375 1682 1957 1762; baseline -0.003 -19"><span class='ocrx_word' id='word_1_128' title='bbox 375 1709 491 1755; x_wconf 88' lang='grc' dir='ltr'>ται,</span> <span class='ocrx_word' id='word_1_129' title='bbox 522 1692 608 1746; x_wconf 77' lang='grc' dir='ltr'>διὰ</span> <span class='ocrx_word' id='word_1_130' title='bbox 636 1691 697 1745; x_wconf 84' lang='grc' dir='ltr'>τὸ</span> <span class='ocrx_word' id='word_1_131' title='bbox 718 1692 806 1745; x_wconf 83' lang='grc' dir='ltr'><strong>τὸν</strong></span> <span class='ocrx_word' id='word_1_132' title='bbox 832 1692 896 1744; x_wconf 81' lang='grc' dir='ltr'><strong>ἐκ</strong></span> <span class='ocrx_word' id='word_1_133' title='bbox 927 1692 1025 1762; x_wconf 80' lang='grc' dir='ltr'>τῆς</span> <span class='ocrx_word' id='word_1_134' title='bbox 1065 1691 1342 1760; x_wconf 80' lang='grc' dir='ltr'>Παρθένου</span> <span class='ocrx_word' id='word_1_135' title='bbox 1381 1689 1641 1760; x_wconf 78' lang='grc' dir='ltr'>τεχθέντα</span> <span class='ocrx_word' id='word_1_136' title='bbox 1682 1682 1826 1742; x_wconf 73' lang='grc' dir='ltr'>εἶναι</span> <span class='ocrx_word' id='word_1_137' title='bbox 1864 1688 1957 1740; x_wconf 73' lang='grc' dir='ltr'><strong>τὸν</strong></span> 
     </span>
    </p>
   </div>
   <div class='ocr_carea' id='block_1_20' title="bbox 2064 492 3639 564">
    <p class='ocr_par' dir='ltr' id='par_1_20' title="bbox 2064 492 3639 564">
     <span class='ocr_line' id='line_1_20' title="bbox 2064 492 3639 564; baseline 0.003 -15"><span class='ocrx_word' id='word_1_138' title='bbox 2064 495 2167 550; x_wconf 90' lang='lat' dir='ltr'><strong>bus</strong></span> <span class='ocrx_word' id='word_1_139' title='bbox 2192 494 2511 564; x_wconf 84' lang='lat' dir='ltr'><strong>patravisse,</strong></span> <span class='ocrx_word' id='word_1_140' title='bbox 2542 492 2760 548; x_wconf 82' lang='lat' dir='ltr'><strong>ubinam</strong></span> <span class='ocrx_word' id='word_1_141' title='bbox 2778 493 2921 548; x_wconf 88' lang='lat' dir='ltr'><strong>hunc</strong></span> <span class='ocrx_word' id='word_1_142' title='bbox 2964 493 3294 562; x_wconf 86' lang='lat' dir='ltr'><strong>temporibus</strong></span> <span class='ocrx_word' id='word_1_143' title='bbox 3338 494 3445 552; x_wconf 90' lang='lat' dir='ltr'><strong>illis</strong></span> <span class='ocrx_word' id='word_1_144' title='bbox 3470 501 3639 555; x_wconf 77' lang='lat' dir='ltr'><strong>exsti-</strong></span> 
     </span>
    </p>
   </div>
   <div class='ocr_carea' id='block_1_21' title="bbox 2064 586 3639 649">
    <p class='ocr_par' dir='ltr' id='par_1_21' title="bbox 2064 586 3639 649">
     <span class='ocr_line' id='line_1_21' title="bbox 2064 586 3639 649; baseline 0.005 -9"><span class='ocrx_word' id='word_1_145' title='bbox 2064 588 2195 642; x_wconf 87' lang='lat' dir='ltr'><strong>tisse</strong></span> <span class='ocrx_word' id='word_1_146' title='bbox 2237 586 2581 641; x_wconf 76' lang='lat' dir='ltr'><strong>concedent?</strong></span> <span class='ocrx_word' id='word_1_147' title='bbox 2630 586 2899 640; x_wconf 89' lang='lat' dir='ltr'><strong>undenam</strong></span> <span class='ocrx_word' id='word_1_148' title='bbox 2957 597 3134 642; x_wconf 90' lang='lat' dir='ltr'><strong>autem</strong></span> <span class='ocrx_word' id='word_1_149' title='bbox 3180 589 3477 646; x_wconf 73' lang='lat' dir='ltr'><strong>nativitatis</strong></span> <span class='ocrx_word' id='word_1_150' title='bbox 3529 609 3639 649; x_wconf 55' lang='lat' dir='ltr'><strong>suat</strong></span> 
     </span>
    </p>
   </div>
   <div class='ocr_carea' id='block_1_22' title="bbox 2065 674 3640 753">
    <p class='ocr_par' dir='ltr' id='par_1_22' title="bbox 2065 674 3640 753">
     <span class='ocr_line' id='line_1_22' title="bbox 2065 674 3640 753; baseline 0.006 -22"><span class='ocrx_word' id='word_1_151' title='bbox 2065 674 2339 747; x_wconf 76' lang='lat' dir='ltr'><strong>originem</strong></span> <span class='ocrx_word' id='word_1_152' title='bbox 2359 677 2629 732; x_wconf 71' lang='lat' dir='ltr'><strong>traxisse?</strong></span> <span class='ocrx_word' id='word_1_153' title='bbox 2652 674 2837 748; x_wconf 85' lang='lat' dir='ltr'><strong>Neque</strong></span> <span class='ocrx_word' id='word_1_154' title='bbox 2863 677 3007 733; x_wconf 87' lang='lat' dir='ltr'><strong>enim</strong></span> <span class='ocrx_word' id='word_1_155' title='bbox 3042 679 3170 749; x_wconf 86' lang='lat' dir='ltr'><strong>ipsis</strong></span> <span class='ocrx_word' id='word_1_156' title='bbox 3197 682 3339 737; x_wconf 81' lang='lat' dir='ltr'><strong>ratio</strong></span> <span class='ocrx_word' id='word_1_157' title='bbox 3367 687 3640 753; x_wconf 78' lang='lat' dir='ltr'><strong>permittet</strong></span> 
     </span>
    </p>
   </div>
   <div class='ocr_carea' id='block_1_23' title="bbox 2060 766 3620 845">
    <p class='ocr_par' dir='ltr' id='par_1_23' title="bbox 2060 766 3620 845">
     <span class='ocr_line' id='line_1_23' title="bbox 2060 766 3620 845; baseline 0.008 -24"><span class='ocrx_word' id='word_1_158' title='bbox 2060 767 2243 824; x_wconf 86' lang='lat' dir='ltr'><strong>dicere</strong></span> <span class='ocrx_word' id='word_1_159' title='bbox 2269 769 2416 822; x_wconf 90' lang='lat' dir='ltr'><strong>illum</strong></span> <span class='ocrx_word' id='word_1_160' title='bbox 2441 783 2503 823; x_wconf 72' lang='lat' dir='ltr'><strong>ex</strong></span> <span class='ocrx_word' id='word_1_161' title='bbox 2532 766 2757 839; x_wconf 75' lang='lat' dir='ltr'><strong>Virgine</strong></span> <span class='ocrx_word' id='word_1_162' title='bbox 2782 771 2994 825; x_wconf 90' lang='lat' dir='ltr'><strong>initium</strong></span> <span class='ocrx_word' id='word_1_163' title='bbox 3013 773 3303 829; x_wconf 79' lang='lat' dir='ltr'><strong>exsistendi</strong></span> <span class='ocrx_word' id='word_1_164' title='bbox 3324 777 3620 845; x_wconf 86' lang='lat' dir='ltr'><strong>sumpsisse</strong></span> 
     </span>
    </p>
   </div>
   <div class='ocr_carea' id='block_1_24' title="bbox 2063 858 3637 938">
    <p class='ocr_par' dir='ltr' id='par_1_24' title="bbox 2063 858 3637 938">
     <span class='ocr_line' id='line_1_24' title="bbox 2063 858 3637 938; baseline 0.006 -25"><span class='ocrx_word' id='word_1_165' title='bbox 2063 859 2452 914; x_wconf 82' lang='lat' dir='ltr'><strong>Demonstrent</strong></span> <span class='ocrx_word' id='word_1_166' title='bbox 2505 858 2702 932; x_wconf 61' lang='lat' dir='ltr'><strong>Iud</strong></span> <span class='ocrx_word' id='word_1_167' title='bbox 2752 862 2935 931; x_wconf 87' lang='lat' dir='ltr'><strong>itaque</strong></span> <span class='ocrx_word' id='word_1_168' title='bbox 2985 878 3275 932; x_wconf 82' lang='lat' dir='ltr'><strong>pravorum</strong></span> <span class='ocrx_word' id='word_1_169' title='bbox 3329 868 3637 938; x_wconf 85' lang='lat' dir='ltr'><strong>dogtnatutn</strong></span> 
     </span>
    </p>
   </div>
   <div class='ocr_carea' id='block_1_25' title="bbox 2062 950 3639 1027">
    <p class='ocr_par' dir='ltr' id='par_1_25' title="bbox 2062 950 3639 1027">
     <span class='ocr_line' id='line_1_25' title="bbox 2062 950 3639 1027; baseline 0.008 -22"><span class='ocrx_word' id='word_1_170' title='bbox 2062 951 2397 1017; x_wconf 82' lang='lat' dir='ltr'><strong>inventores,</strong></span> <span class='ocrx_word' id='word_1_171' title='bbox 2422 950 2565 1006; x_wconf 88' lang='lat' dir='ltr'><strong>unde</strong></span> <span class='ocrx_word' id='word_1_172' title='bbox 2598 962 2751 1008; x_wconf 88' lang='lat' dir='ltr'><strong>ortus</strong></span> <span class='ocrx_word' id='word_1_173' title='bbox 2780 955 2862 1009; x_wconf 90' lang='lat' dir='ltr'><strong>sui</strong></span> <span class='ocrx_word' id='word_1_174' title='bbox 2888 955 3210 1027; x_wconf 87' lang='lat' dir='ltr'><strong>principium</strong></span> <span class='ocrx_word' id='word_1_175' title='bbox 3241 957 3329 1014; x_wconf 92' lang='lat' dir='ltr'><strong>hic</strong></span> <span class='ocrx_word' id='word_1_176' title='bbox 3354 960 3513 1015; x_wconf 86' lang='lat' dir='ltr'><strong>homo</strong></span> <span class='ocrx_word' id='word_1_177' title='bbox 3539 962 3639 1017; x_wconf 90' lang='lat' dir='ltr'><strong>ha-</strong></span> 
     </span>
    </p>
   </div>
   <div class='ocr_carea' id='block_1_26' title="bbox 2061 1042 3640 1113">
    <p class='ocr_par' dir='ltr' id='par_1_26' title="bbox 2061 1042 3640 1113">
     <span class='ocr_line' id='line_1_26' title="bbox 2061 1042 3640 1113; baseline 0.006 -16"><span class='ocrx_word' id='word_1_178' title='bbox 2061 1043 2278 1107; x_wconf 84' lang='lat' dir='ltr'><strong>buerit;</strong></span> <span class='ocrx_word' id='word_1_179' title='bbox 2316 1042 2535 1097; x_wconf 81' lang='lat' dir='ltr'><strong>ubinam</strong></span> <span class='ocrx_word' id='word_1_180' title='bbox 2581 1044 2845 1113; x_wconf 81' lang='lat' dir='ltr'><strong>quibusve</strong></span> <span class='ocrx_word' id='word_1_181' title='bbox 2888 1045 2942 1101; x_wconf 93' lang='lat' dir='ltr'><strong>in</strong></span> <span class='ocrx_word' id='word_1_182' title='bbox 2986 1045 3119 1101; x_wconf 90' lang='lat' dir='ltr'><strong>locis</strong></span> <span class='ocrx_word' id='word_1_183' title='bbox 3150 1057 3227 1102; x_wconf 88' lang='lat' dir='ltr'><strong>tot</strong></span> <span class='ocrx_word' id='word_1_184' title='bbox 3264 1051 3420 1105; x_wconf 89' lang='lat' dir='ltr'><strong>annis</strong></span> <span class='ocrx_word' id='word_1_185' title='bbox 3463 1052 3550 1109; x_wconf 92' lang='lat' dir='ltr'><strong>hic</strong></span> <span class='ocrx_word' id='word_1_186' title='bbox 3580 1068 3640 1107; x_wconf 88' lang='lat' dir='ltr'><strong>se</strong></span> 
     </span>
    </p>
   </div>
   <div class='ocr_carea' id='block_1_27' title="bbox 2060 1132 3641 1204">
    <p class='ocr_par' dir='ltr' id='par_1_27' title="bbox 2060 1132 3641 1204">
     <span class='ocr_line' id='line_1_27' title="bbox 2060 1132 3641 1204; baseline 0.008 -16"><span class='ocrx_word' id='word_1_187' title='bbox 2060 1134 2414 1190; x_wconf 86' lang='lat' dir='ltr'><strong>continuerit.</strong></span> <span class='ocrx_word' id='word_1_188' title='bbox 2461 1132 2567 1189; x_wconf 85' lang='lat' dir='ltr'><strong>Sed</strong></span> <span class='ocrx_word' id='word_1_189' title='bbox 2607 1134 2717 1204; x_wconf 86' lang='lat' dir='ltr'><strong>jam</strong></span> <span class='ocrx_word' id='word_1_190' title='bbox 2766 1150 2925 1192; x_wconf 90' lang='lat' dir='ltr'><strong>nemo</strong></span> <span class='ocrx_word' id='word_1_191' title='bbox 2970 1153 3135 1195; x_wconf 86' lang='lat' dir='ltr'><strong>sanus</strong></span> <span class='ocrx_word' id='word_1_192' title='bbox 3168 1139 3311 1196; x_wconf 89' lang='lat' dir='ltr'><strong>hunc</strong></span> <span class='ocrx_word' id='word_1_193' title='bbox 3359 1142 3501 1200; x_wconf 86' lang='lat' dir='ltr'><strong>dicet</strong></span> <span class='ocrx_word' id='word_1_194' title='bbox 3544 1146 3641 1201; x_wconf 83' lang='lat' dir='ltr'><strong>ho-</strong></span> 
     </span>
    </p>
   </div>
   <div class='ocr_carea' id='block_1_28' title="bbox 2059 1225 3642 1304">
    <p class='ocr_par' dir='ltr' id='par_1_28' title="bbox 2059 1225 3642 1304">
     <span class='ocr_line' id='line_1_28' title="bbox 2059 1225 3642 1304; baseline 0.009 -25"><span class='ocrx_word' id='word_1_195' title='bbox 2059 1227 2282 1292; x_wconf 88' lang='lat' dir='ltr'><strong>minem,</strong></span> <span class='ocrx_word' id='word_1_196' title='bbox 2314 1225 2487 1295; x_wconf 87' lang='lat' dir='ltr'><strong>quiet</strong></span> <span class='ocrx_word' id='word_1_197' title='bbox 2526 1226 2654 1282; x_wconf 91' lang='lat' dir='ltr'><strong>olim</strong></span> <span class='ocrx_word' id='word_1_198' title='bbox 2700 1230 3051 1298; x_wconf 88' lang='lat' dir='ltr'><strong>peccantibus</strong></span> <span class='ocrx_word' id='word_1_199' title='bbox 3094 1245 3361 1304; x_wconf 86' lang='lat' dir='ltr'><strong>suumque</strong></span> <span class='ocrx_word' id='word_1_200' title='bbox 3412 1237 3642 1294; x_wconf 84' lang='lat' dir='ltr'><strong>domici-</strong></span> 
     </span>
    </p>
   </div>
   <div class='ocr_carea' id='block_1_29' title="bbox 2059 1317 3641 1399">
    <p class='ocr_par' dir='ltr' id='par_1_29' title="bbox 2059 1317 3641 1399">
     <span class='ocr_line' id='line_1_29' title="bbox 2059 1317 3641 1399; baseline 0.008 -28"><span class='ocrx_word' id='word_1_201' title='bbox 2059 1317 2188 1372; x_wconf 87' lang='lat' dir='ltr'><strong>lium</strong></span> <span class='ocrx_word' id='word_1_202' title='bbox 2217 1317 2590 1374; x_wconf 83' lang='lat' dir='ltr'><strong>deserentibus</strong></span> <span class='ocrx_word' id='word_1_203' title='bbox 2617 1332 2805 1388; x_wconf 63' lang='lat' dir='ltr'><strong>poznas</strong></span> <span class='ocrx_word' id='word_1_204' title='bbox 2826 1319 3153 1389; x_wconf 76' lang='lat' dir='ltr'><strong>decreverit,</strong></span> <span class='ocrx_word' id='word_1_205' title='bbox 3180 1335 3232 1378; x_wconf 91' lang='lat' dir='ltr'><strong>et</strong></span> <span class='ocrx_word' id='word_1_206' title='bbox 3260 1339 3326 1379; x_wconf 80' lang='lat' dir='ltr'><strong>ex</strong></span> <span class='ocrx_word' id='word_1_207' title='bbox 3361 1324 3641 1399; x_wconf 68' lang='lat' dir='ltr'><strong>Aﬂgyptio-</strong></span> 
     </span>
    </p>
   </div>
   <div class='ocr_carea' id='block_1_30' title="bbox 2061 1411 3640 1492">
    <p class='ocr_par' dir='ltr' id='par_1_30' title="bbox 2061 1411 3640 1492">
     <span class='ocr_line' id='line_1_30' title="bbox 2061 1411 3640 1492; baseline 0.009 -26"><span class='ocrx_word' id='word_1_208' title='bbox 2061 1424 2180 1466; x_wconf 88' lang='lat' dir='ltr'><strong>rum</strong></span> <span class='ocrx_word' id='word_1_209' title='bbox 2208 1427 2366 1466; x_wconf 89' lang='lat' dir='ltr'><strong>manu</strong></span> <span class='ocrx_word' id='word_1_210' title='bbox 2395 1411 2651 1468; x_wconf 86' lang='lat' dir='ltr'><strong>lsraelem</strong></span> <span class='ocrx_word' id='word_1_211' title='bbox 2681 1413 2969 1484; x_wconf 86' lang='lat' dir='ltr'><strong>splendide</strong></span> <span class='ocrx_word' id='word_1_212' title='bbox 2991 1417 3276 1487; x_wconf 82' lang='lat' dir='ltr'><strong>eripuerit.</strong></span> <span class='ocrx_word' id='word_1_213' title='bbox 3311 1419 3367 1475; x_wconf 90' lang='lat' dir='ltr'><strong>Si</strong></span> <span class='ocrx_word' id='word_1_214' title='bbox 3395 1437 3524 1492; x_wconf 81' lang='lat' dir='ltr'><strong>ergo</strong></span> <span class='ocrx_word' id='word_1_215' title='bbox 3551 1439 3640 1480; x_wconf 88' lang='lat' dir='ltr'><strong>se-</strong></span> 
     </span>
    </p>
   </div>
   <div class='ocr_carea' id='block_1_31' title="bbox 2061 1504 3638 1578">
    <p class='ocr_par' dir='ltr' id='par_1_31' title="bbox 2061 1504 3638 1578">
     <span class='ocr_line' id='line_1_31' title="bbox 2061 1504 3638 1578; baseline 0.008 -19"><span class='ocrx_word' id='word_1_216' title='bbox 2061 1504 2292 1559; x_wconf 90' lang='lat' dir='ltr'><strong>cundum</strong></span> <span class='ocrx_word' id='word_1_217' title='bbox 2320 1504 2558 1571; x_wconf 88' lang='lat' dir='ltr'><strong>ipsorum</strong></span> <span class='ocrx_word' id='word_1_218' title='bbox 2580 1507 3007 1571; x_wconf 79' lang='lat' dir='ltr'><strong>concessionem,</strong></span> <span class='ocrx_word' id='word_1_219' title='bbox 3039 1524 3211 1578; x_wconf 90' lang='lat' dir='ltr'><strong>neque</strong></span> <span class='ocrx_word' id='word_1_220' title='bbox 3240 1508 3381 1567; x_wconf 87' lang='lat' dir='ltr'><strong>Deus</strong></span> <span class='ocrx_word' id='word_1_221' title='bbox 3401 1511 3638 1571; x_wconf 83' lang='lat' dir='ltr'><strong>Verbum</strong></span> 
     </span>
    </p>
   </div>
   <div class='ocr_carea' id='block_1_32' title="bbox 2059 1592 3640 1674">
    <p class='ocr_par' dir='ltr' id='par_1_32' title="bbox 2059 1592 3640 1674">
     <span class='ocr_line' id='line_1_32' title="bbox 2059 1592 3640 1674; baseline 0.008 -23"><span class='ocrx_word' id='word_1_222' title='bbox 2059 1593 2205 1651; x_wconf 85' lang='lat' dir='ltr'><strong>credi</strong></span> <span class='ocrx_word' id='word_1_223' title='bbox 2233 1602 2408 1665; x_wconf 85' lang='lat' dir='ltr'><strong>potest</strong></span> <span class='ocrx_word' id='word_1_224' title='bbox 2435 1592 2612 1664; x_wconf 69' lang='lat' dir='ltr'><strong>Iesus,</strong></span> <span class='ocrx_word' id='word_1_225' title='bbox 2640 1607 2861 1666; x_wconf 91' lang='lat' dir='ltr'><strong>propter</strong></span> <span class='ocrx_word' id='word_1_226' title='bbox 2885 1601 3001 1668; x_wconf 87' lang='lat' dir='ltr'><strong>ejus</strong></span> <span class='ocrx_word' id='word_1_227' title='bbox 3026 1615 3091 1655; x_wconf 85' lang='lat' dir='ltr'><strong>ex</strong></span> <span class='ocrx_word' id='word_1_228' title='bbox 3124 1600 3345 1674; x_wconf 77' lang='lat' dir='ltr'><strong>Virgine</strong></span> <span class='ocrx_word' id='word_1_229' title='bbox 3380 1607 3640 1663; x_wconf 85' lang='lat' dir='ltr'><strong>nativita-</strong></span> 
     </span>
    </p>
   </div>
   <div class='ocr_carea' id='block_1_33' title="bbox 2061 1689 3639 1768">
    <p class='ocr_par' dir='ltr' id='par_1_33' title="bbox 2061 1689 3639 1768">
     <span class='ocr_line' id='line_1_33' title="bbox 2061 1689 3639 1768; baseline 0.01 -28"><span class='ocrx_word' id='word_1_230' title='bbox 2061 1696 2204 1753; x_wconf 90' lang='lat' dir='ltr'><strong>tem;</strong></span> <span class='ocrx_word' id='word_1_231' title='bbox 2243 1702 2418 1757; x_wconf 89' lang='lat' dir='ltr'><strong>ncque</strong></span> <span class='ocrx_word' id='word_1_232' title='bbox 2450 1702 2641 1743; x_wconf 89' lang='lat' dir='ltr'><strong>rursus</strong></span> <span class='ocrx_word' id='word_1_233' title='bbox 2688 1689 2852 1744; x_wconf 89' lang='lat' dir='ltr'><strong>homo</strong></span> <span class='ocrx_word' id='word_1_234' title='bbox 2884 1704 3005 1745; x_wconf 88' lang='lat' dir='ltr'><strong>esse</strong></span> <span class='ocrx_word' id='word_1_235' title='bbox 3033 1703 3208 1761; x_wconf 87' lang='lat' dir='ltr'><strong>potest</strong></span> <span class='ocrx_word' id='word_1_236' title='bbox 3244 1696 3335 1765; x_wconf 90' lang='lat' dir='ltr'><strong>qui</strong></span> <span class='ocrx_word' id='word_1_237' title='bbox 3373 1697 3639 1768; x_wconf 87' lang='lat' dir='ltr'><strong>ejusmodi</strong></span> 
     </span>
    </p>
   </div>
   <div class='ocr_carea' id='block_1_34' title="bbox 390 1778 1947 1855">
    <p class='ocr_par' dir='ltr' id='par_1_34' title="bbox 390 1779 1947 1855">
     <span class='ocr_line' id='line_1_34' title="bbox 390 1779 1947 1855; baseline -0.003 -20"><span class='ocrx_word' id='word_1_238' title='bbox 390 1782 620 1854; x_wconf 84' lang='grc' dir='ltr'>Ἰησοῦν,</span> <span class='ocrx_word' id='word_1_239' title='bbox 654 1781 776 1837; x_wconf 80' lang='grc' dir='ltr'>οὔτε</span> <span class='ocrx_word' id='word_1_240' title='bbox 801 1781 1088 1855; x_wconf 81' lang='grc' dir='ltr'>ἄνθρωπος</span> <span class='ocrx_word' id='word_1_241' title='bbox 1128 1782 1291 1837; x_wconf 76' lang='grc' dir='ltr'>πάλιν</span> <span class='ocrx_word' id='word_1_242' title='bbox 1334 1782 1362 1834; x_wconf 92' lang='lat'><strong>6</strong></span> <span class='ocrx_word' id='word_1_243' title='bbox 1407 1779 1582 1834; x_wconf 86' lang='grc' dir='ltr'>ταῦτα</span> <span class='ocrx_word' id='word_1_244' title='bbox 1614 1779 1947 1851; x_wconf 81' lang='grc' dir='ltr'>θαυματουρ-</span> 
     </span>
    </p>
   </div>
   <div class='ocr_carea' id='block_1_35' title="bbox 2053 1778 3642 1855">
    <p class='ocr_par' dir='ltr' id='par_1_35' title="bbox 2062 1778 3642 1853">
     <span class='ocr_line' id='line_1_35' title="bbox 2062 1778 3642 1853; baseline 0.009 -21"><span class='ocrx_word' id='word_1_245' title='bbox 2062 1778 2305 1850; x_wconf 88' lang='lat' dir='ltr'><strong>prodigia</strong></span> <span class='ocrx_word' id='word_1_246' title='bbox 2340 1779 2574 1835; x_wconf 81' lang='lat' dir='ltr'><strong>ediderit</strong></span> <span class='ocrx_word' id='word_1_247' title='bbox 2605 1779 2844 1853; x_wconf 89' lang='lat' dir='ltr'><strong>(etenim</strong></span> <span class='ocrx_word' id='word_1_248' title='bbox 2879 1783 2946 1837; x_wconf 89' lang='lat' dir='ltr'><strong>ab</strong></span> <span class='ocrx_word' id='word_1_249' title='bbox 2981 1782 3216 1841; x_wconf 89' lang='lat' dir='ltr'><strong>hominis</strong></span> <span class='ocrx_word' id='word_1_250' title='bbox 3252 1797 3443 1843; x_wconf 88' lang='lat' dir='ltr'><strong>natura</strong></span> <span class='ocrx_word' id='word_1_251' title='bbox 3477 1802 3529 1846; x_wconf 91' lang='lat' dir='ltr'><strong>et</strong></span> <span class='ocrx_word' id='word_1_252' title='bbox 3564 1792 3642 1847; x_wconf 80' lang='lat' dir='ltr'><strong>fa-</strong></span> 
     </span>
    </p>
   </div>
   <div class='ocr_carea' id='block_1_36' title="bbox 375 1871 1955 1945">
    <p class='ocr_par' dir='ltr' id='par_1_36' title="bbox 375 1871 1955 1945">
     <span class='ocr_line' id='line_1_36' title="bbox 375 1871 1955 1945; baseline -0.001 -19"><span class='ocrx_word' id='word_1_253' title='bbox 375 1874 552 1943; x_wconf 81' lang='grc' dir='ltr'>γήσας</span> <span class='ocrx_word' id='word_1_254' title='bbox 605 1873 774 1945; x_wconf 81' lang='grc' dir='ltr'>(ξένα</span> <span class='ocrx_word' id='word_1_255' title='bbox 822 1873 934 1944; x_wconf 82' lang='grc' dir='ltr'>γὰρ</span> <span class='ocrx_word' id='word_1_256' title='bbox 983 1875 1084 1945; x_wconf 79' lang='grc' dir='ltr'>τῆς</span> <span class='ocrx_word' id='word_1_257' title='bbox 1138 1872 1426 1945; x_wconf 80' lang='grc' dir='ltr'>ἀνθρώπου</span> <span class='ocrx_word' id='word_1_258' title='bbox 1481 1871 1694 1942; x_wconf 76' lang='grc' dir='ltr'>φύσεώς</span> <span class='ocrx_word' id='word_1_259' title='bbox 1744 1889 1805 1925; x_wconf 88' lang='grc' dir='ltr'><strong>τε</strong></span> <span class='ocrx_word' id='word_1_260' title='bbox 1859 1871 1955 1925; x_wconf 72' lang='grc' dir='ltr'>καὶ</span> 
     </span>
    </p>
   </div>
   <div class='ocr_carea' id='block_1_37' title="bbox 364 1963 1954 2040">
    <p class='ocr_par' dir='ltr' id='par_1_37' title="bbox 364 1963 1954 2040">
     <span class='ocr_line' id='line_1_37' title="bbox 364 1963 1954 2040; baseline -0.001 -23"><span class='ocrx_word' id='word_1_261' title='bbox 364 1965 653 2037; x_wconf 69' lang='grc' dir='ltr'>δυνάμεως</span> <span class='ocrx_word' id='word_1_262' title='bbox 683 1968 752 2021; x_wconf 86' lang='grc' dir='ltr'>τὰ</span> <span class='ocrx_word' id='word_1_263' title='bbox 782 1968 1156 2040; x_wconf 80' lang='grc' dir='ltr'>προειρημένα</span> <span class='ocrx_word' id='word_1_264' title='bbox 1189 1966 1564 2037; x_wconf 76' lang='grc' dir='ltr'>καθέστηκεν),</span> <span class='ocrx_word' id='word_1_265' title='bbox 1603 1965 1726 2020; x_wconf 79' lang='grc' dir='ltr'>τίνα</span> <span class='ocrx_word' id='word_1_266' title='bbox 1770 1963 1954 2018; x_wconf 81' lang='grc' dir='ltr'>λοιπὸν</span> 
     </span>
    </p>
   </div>
   <div class='ocr_carea' id='block_1_38' title="bbox 374 2057 1776 2129">
    <p class='ocr_par' dir='ltr' id='par_1_38' title="bbox 374 2057 1776 2129">
     <span class='ocr_line' id='line_1_38' title="bbox 374 2057 1776 2129; baseline 0.001 -21"><span class='ocrx_word' id='word_1_267' title='bbox 374 2057 662 2127; x_wconf 75' lang='grc' dir='ltr'>ἐπινοῆσαι</span> <span class='ocrx_word' id='word_1_268' title='bbox 685 2058 873 2112; x_wconf 78' lang='grc' dir='ltr'>οὐσίαν</span> <span class='ocrx_word' id='word_1_269' title='bbox 906 2058 1081 2129; x_wconf 83' lang='grc' dir='ltr'>τούτῳ</span> <span class='ocrx_word' id='word_1_270' title='bbox 1107 2058 1201 2112; x_wconf 73' lang='grc' dir='ltr'><strong>καὶ</strong></span> <span class='ocrx_word' id='word_1_271' title='bbox 1229 2058 1382 2123; x_wconf 81' lang='grc' dir='ltr'>τάξιν</span> <span class='ocrx_word' id='word_1_272' title='bbox 1413 2058 1732 2129; x_wconf 77' lang='grc' dir='ltr'>δυνήσονται</span> <span class='ocrx_word' id='word_1_273' title='bbox 1760 2075 1776 2124; x_wconf 88' lang='lat'><strong>;</strong></span> 
     </span>
    </p>
   </div>
   <div class='ocr_carea' id='block_1_39' title="bbox 449 2148 1955 2221">
    <p class='ocr_par' dir='ltr' id='par_1_39' title="bbox 449 2148 1955 2221">
     <span class='ocr_line' id='line_1_39' title="bbox 449 2148 1955 2221; baseline 0 -18"><span class='ocrx_word' id='word_1_274' title='bbox 449 2150 525 2214; x_wconf 83' lang='grc' dir='ltr'><strong>ς’.</strong></span> <span class='ocrx_word' id='word_1_275' title='bbox 569 2150 712 2203; x_wconf 84' lang='grc' dir='ltr'>Ἀλλ’</span> <span class='ocrx_word' id='word_1_276' title='bbox 738 2152 899 2220; x_wconf 79' lang='grc' dir='ltr'>ἡμεῖς</span> <span class='ocrx_word' id='word_1_277' title='bbox 922 2150 992 2202; x_wconf 80' lang='grc' dir='ltr'>τὰ</span> <span class='ocrx_word' id='word_1_278' title='bbox 1012 2149 1214 2202; x_wconf 88' lang='grc' dir='ltr'>τούτων</span> <span class='ocrx_word' id='word_1_279' title='bbox 1243 2150 1459 2221; x_wconf 73' lang='grc' dir='ltr'>ῥήματα</span> <span class='ocrx_word' id='word_1_280' title='bbox 1480 2148 1749 2219; x_wconf 75' lang='grc' dir='ltr'>τοσαύτης</span> <span class='ocrx_word' id='word_1_281' title='bbox 1770 2148 1955 2210; x_wconf 74' lang='grc' dir='ltr'>ἁνοῖας</span> 
     </span>
    </p>
   </div>
   <div class='ocr_carea' id='block_1_40' title="bbox 376 2235 1953 2312">
    <p class='ocr_par' dir='ltr' id='par_1_40' title="bbox 376 2235 1953 2312">
     <span class='ocr_line' id='line_1_40' title="bbox 376 2235 1953 2312; baseline -0.001 -19"><span class='ocrx_word' id='word_1_282' title='bbox 376 2239 472 2293; x_wconf 70' lang='lat' dir='ltr'><strong>sui</strong></span> <span class='ocrx_word' id='word_1_283' title='bbox 525 2238 951 2312; x_wconf 81' lang='grc' dir='ltr'>παραφροσύνης</span> <span class='ocrx_word' id='word_1_284' title='bbox 987 2240 1220 2311; x_wconf 82' lang='grc' dir='ltr'>ὁρῶντες</span> <span class='ocrx_word' id='word_1_285' title='bbox 1270 2239 1464 2310; x_wconf 73' lang='grc' dir='ltr'>μεστὰ,</span> <span class='ocrx_word' id='word_1_286' title='bbox 1511 2240 1609 2294; x_wconf 79' lang='grc' dir='ltr'><strong>καὶ</strong></span> <span class='ocrx_word' id='word_1_287' title='bbox 1647 2235 1848 2310; x_wconf 73' lang='grc' dir='ltr'>οἷάπερ</span> <span class='ocrx_word' id='word_1_288' title='bbox 1894 2240 1953 2291; x_wconf 81' lang='grc' dir='ltr'>ἐν</span> 
     </span>
    </p>
   </div>
   <div class='ocr_carea' id='block_1_41' title="bbox 372 2328 1953 2405">
    <p class='ocr_par' dir='ltr' id='par_1_41' title="bbox 372 2328 1953 2405">
     <span class='ocr_line' id='line_1_41' title="bbox 372 2328 1953 2405; baseline 0 -21"><span class='ocrx_word' id='word_1_289' title='bbox 372 2328 566 2396; x_wconf 77' lang='grc' dir='ltr'>’ύπνοις</span> <span class='ocrx_word' id='word_1_290' title='bbox 593 2333 689 2385; x_wconf 82' lang='grc' dir='ltr'><strong>καὶ</strong></span> <span class='ocrx_word' id='word_1_291' title='bbox 724 2332 863 2405; x_wconf 79' lang='grc' dir='ltr'>μέθῃ</span> <span class='ocrx_word' id='word_1_292' title='bbox 892 2332 1027 2403; x_wconf 82' lang='grc' dir='ltr'>πρὸς</span> <span class='ocrx_word' id='word_1_293' title='bbox 1061 2332 1239 2385; x_wconf 80' lang='grc' dir='ltr'>αὐτῶν</span> <span class='ocrx_word' id='word_1_294' title='bbox 1271 2332 1560 2405; x_wconf 87' lang='grc' dir='ltr'>λεγόμενα,</span> <span class='ocrx_word' id='word_1_295' title='bbox 1606 2332 1818 2396; x_wconf 86' lang='grc' dir='ltr'>τούτοις</span> <span class='ocrx_word' id='word_1_296' title='bbox 1852 2331 1953 2404; x_wconf 82' lang='grc' dir='ltr'>μὲν</span> 
     </span>
    </p>
   </div>
   <div class='ocr_carea' id='block_1_42' title="bbox 370 2421 1953 2496">
    <p class='ocr_par' dir='ltr' id='par_1_42' title="bbox 370 2421 1953 2496">
     <span class='ocr_line' id='line_1_42' title="bbox 370 2421 1953 2496; baseline 0 -20"><span class='ocrx_word' id='word_1_297' title='bbox 370 2422 516 2476; x_wconf 63' lang='grc' dir='ltr'><strong>⁴κατὰ</strong></span> <span class='ocrx_word' id='word_1_298' title='bbox 547 2423 646 2493; x_wconf 81' lang='grc' dir='ltr'>τὴν</span> <span class='ocrx_word' id='word_1_299' title='bbox 677 2421 772 2476; x_wconf 87' lang='grc' dir='ltr'><strong>τοῦ</strong></span> <span class='ocrx_word' id='word_1_300' title='bbox 808 2424 1065 2496; x_wconf 82' lang='grc' dir='ltr'>Σωτῆρος</span> <span class='ocrx_word' id='word_1_301' title='bbox 1098 2424 1333 2496; x_wconf 79' lang='grc' dir='ltr'>ἐροῦμεν</span> <span class='ocrx_word' id='word_1_302' title='bbox 1370 2426 1590 2496; x_wconf 82' lang='grc' dir='ltr'>φωνήν’</span> <span class='ocrx_word' id='word_1_303' title='bbox 1624 2442 1643 2476; x_wconf 82' lang='lat' dir='ltr'><strong>t</strong></span> <span class='ocrx_word' id='word_1_304' title='bbox 1667 2424 1953 2478; x_wconf 79' lang='grc' dir='ltr'>Πλανᾶσθε</span> 
     </span>
    </p>
   </div>
   <div class='ocr_carea' id='block_1_43' title="bbox 368 2513 1946 2587">
    <p class='ocr_par' dir='ltr' id='par_1_43' title="bbox 368 2513 1946 2587">
     <span class='ocr_line' id='line_1_43' title="bbox 368 2513 1946 2587; baseline 0.002 -22"><span class='ocrx_word' id='word_1_305' title='bbox 368 2513 455 2585; x_wconf 58' lang='grc' dir='ltr'>μὴ</span> <span class='ocrx_word' id='word_1_306' title='bbox 481 2514 684 2577; x_wconf 79' lang='grc' dir='ltr'>εἰδότες</span> <span class='ocrx_word' id='word_1_307' title='bbox 708 2514 810 2577; x_wconf 78' lang='grc' dir='ltr'><strong>τὰς</strong></span> <span class='ocrx_word' id='word_1_308' title='bbox 829 2516 1072 2586; x_wconf 75' lang='grc' dir='ltr'>Γραφὰς,</span> <span class='ocrx_word' id='word_1_309' title='bbox 1098 2515 1231 2587; x_wconf 81' lang='grc' dir='ltr'>μηδὲ</span> <span class='ocrx_word' id='word_1_310' title='bbox 1254 2515 1350 2586; x_wconf 83' lang='grc' dir='ltr'>τὴν</span> <span class='ocrx_word' id='word_1_311' title='bbox 1372 2514 1601 2586; x_wconf 87' lang='grc' dir='ltr'>δύναμιν</span> <span class='ocrx_word' id='word_1_312' title='bbox 1627 2515 1722 2570; x_wconf 88' lang='grc' dir='ltr'><strong>τοῦ</strong></span> <span class='ocrx_word' id='word_1_313' title='bbox 1748 2514 1883 2570; x_wconf 84' lang='grc' dir='ltr'>Θεοῦ</span> <span class='ocrx_word' id='word_1_314' title='bbox 1900 2534 1946 2568; x_wconf 77' lang='grc' dir='ltr'>Ί</span> 
     </span>
    </p>
   </div>
   <div class='ocr_carea' id='block_1_44' title="bbox 375 2605 1954 2678">
    <p class='ocr_par' dir='ltr' id='par_1_44' title="bbox 375 2605 1954 2678">
     <span class='ocr_line' id='line_1_44' title="bbox 375 2605 1954 2678; baseline 0.003 -21"><span class='ocrx_word' id='word_1_315' title='bbox 375 2605 458 2657; x_wconf 70' lang='grc' dir='ltr'><strong>διὸ</strong></span> <span class='ocrx_word' id='word_1_316' title='bbox 484 2605 549 2674; x_wconf 84' lang='grc' dir='ltr'><strong>δὴ</strong></span> <span class='ocrx_word' id='word_1_317' title='bbox 579 2606 853 2675; x_wconf 72' lang='grc' dir='ltr'>ἐκνήψατε</span> <span class='ocrx_word' id='word_1_318' title='bbox 881 2606 1125 2674; x_wconf 75' lang='grc' dir='ltr'>δικαίως,</span> <span class='ocrx_word' id='word_1_319' title='bbox 1151 2607 1247 2660; x_wconf 72' lang='grc' dir='ltr'><strong>καὶ</strong></span> <span class='ocrx_word' id='word_1_320' title='bbox 1277 2607 1353 2676; x_wconf 74' lang='grc' dir='ltr'>μὴ</span> <span class='ocrx_word' id='word_1_321' title='bbox 1386 2607 1752 2678; x_wconf 72' lang='grc' dir='ltr'>ἁμαρτάνετε,</span> <span class='ocrx_word' id='word_1_322' title='bbox 1781 2608 1954 2677; x_wconf 84' lang='grc' dir='ltr'>ἀγνω-</span> 
     </span>
    </p>
   </div>
   <div class='ocr_carea' id='block_1_45' title="bbox 384 2693 1948 2766">
    <p class='ocr_par' dir='ltr' id='par_1_45' title="bbox 384 2693 1948 2766">
     <span class='ocr_line' id='line_1_45' title="bbox 384 2693 1948 2766; baseline 0.003 -21"><span class='ocrx_word' id='word_1_323' title='bbox 384 2694 503 2748; x_wconf 76' lang='grc' dir='ltr'>σίαν</span> <span class='ocrx_word' id='word_1_324' title='bbox 527 2693 666 2747; x_wconf 83' lang='grc' dir='ltr'>Θεοῦ</span> <span class='ocrx_word' id='word_1_325' title='bbox 698 2696 777 2757; x_wconf 81' lang='grc' dir='ltr'>εἰς</span> <span class='ocrx_word' id='word_1_326' title='bbox 800 2695 1052 2748; x_wconf 84' lang='grc' dir='ltr'>τοσοῦτον</span> <span class='ocrx_word' id='word_1_327' title='bbox 1083 2697 1443 2766; x_wconf 77' lang='grc' dir='ltr'>νοσήσαντες’</span> <span class='ocrx_word' id='word_1_328' title='bbox 1478 2695 1652 2766; x_wconf 82' lang='grc' dir='ltr'>ὀρθῶς</span> <span class='ocrx_word' id='word_1_329' title='bbox 1682 2696 1740 2750; x_wconf 87' lang='grc' dir='ltr'>δὲ</span> <span class='ocrx_word' id='word_1_330' title='bbox 1770 2697 1948 2765; x_wconf 79' lang='grc' dir='ltr'>πάλιν,</span> 
     </span>
    </p>
   </div>
   <div class='ocr_carea' id='block_1_46' title="bbox 371 2785 1949 2862">
    <p class='ocr_par' dir='ltr' id='par_1_46' title="bbox 371 2785 1949 2862">
     <span class='ocr_line' id='line_1_46' title="bbox 371 2785 1949 2862; baseline 0.003 -23"><span class='ocrx_word' id='word_1_331' title='bbox 371 2786 477 2839; x_wconf 71' lang='grc' dir='ltr'>καὶ</span> <span class='ocrx_word' id='word_1_332' title='bbox 534 2785 611 2850; x_wconf 84' lang='grc' dir='ltr'>ὡς</span> <span class='ocrx_word' id='word_1_333' title='bbox 664 2786 1088 2859; x_wconf 79' lang='grc' dir='ltr'>προαποδέδοται</span> <span class='ocrx_word' id='word_1_334' title='bbox 1127 2786 1230 2857; x_wconf 79' lang='grc' dir='ltr'><strong>τῆς</strong></span> <span class='ocrx_word' id='word_1_335' title='bbox 1280 2785 1526 2852; x_wconf 78' lang='grc' dir='ltr'>ὲνώσεως</span> <span class='ocrx_word' id='word_1_336' title='bbox 1562 2788 1807 2854; x_wconf 85' lang='grc' dir='ltr'>νοοῦντες</span> <span class='ocrx_word' id='word_1_337' title='bbox 1850 2790 1949 2862; x_wconf 79' lang='grc' dir='ltr'>τὴν</span> 
     </span>
    </p>
   </div>
   <div class='ocr_carea' id='block_1_47' title="bbox 358 2874 1949 2949">
    <p class='ocr_par' dir='ltr' id='par_1_47' title="bbox 358 2874 1949 2949">
     <span class='ocr_line' id='line_1_47' title="bbox 358 2874 1949 2949; baseline 0.004 -20"><span class='ocrx_word' id='word_1_338' title='bbox 358 2876 552 2942; x_wconf 76' lang='grc' dir='ltr'>-δόξαν,</span> <span class='ocrx_word' id='word_1_339' title='bbox 585 2876 723 2929; x_wconf 87' lang='grc' dir='ltr'>Θεόν</span> <span class='ocrx_word' id='word_1_340' title='bbox 770 2892 832 2930; x_wconf 87' lang='grc' dir='ltr'><strong>τε</strong></span> <span class='ocrx_word' id='word_1_341' title='bbox 887 2876 972 2929; x_wconf 77' lang='grc' dir='ltr'>ἀεὶ</span> <span class='ocrx_word' id='word_1_342' title='bbox 1000 2874 1128 2929; x_wconf 75' lang='grc' dir='ltr'>ὄντα</span> <span class='ocrx_word' id='word_1_343' title='bbox 1183 2874 1400 2944; x_wconf 86' lang='grc' dir='ltr'>τοῦτον,</span> <span class='ocrx_word' id='word_1_344' title='bbox 1441 2878 1724 2949; x_wconf 83' lang='grc' dir='ltr'>γενόμενον</span> <span class='ocrx_word' id='word_1_345' title='bbox 1753 2880 1809 2934; x_wconf 87' lang='grc' dir='ltr'>δὲ</span> <span class='ocrx_word' id='word_1_346' title='bbox 1859 2882 1949 2936; x_wconf 81' lang='grc' dir='ltr'><strong>ἐπ’</strong></span> 
     </span>
    </p>
   </div>
   <div class='ocr_carea' id='block_1_48' title="bbox 360 2965 1947 3041">
    <p class='ocr_par' dir='ltr' id='par_1_48' title="bbox 360 2965 1947 3041">
     <span class='ocr_line' id='line_1_48' title="bbox 360 2965 1947 3041; baseline 0.004 -22"><span class='ocrx_word' id='word_1_347' title='bbox 360 2966 619 3038; x_wconf 68' lang='grc' dir='ltr'>ἐσχάτων</span> <span class='ocrx_word' id='word_1_348' title='bbox 647 2965 750 3019; x_wconf 74' lang='grc' dir='ltr'><strong>καὶ</strong></span> <span class='ocrx_word' id='word_1_349' title='bbox 791 2966 1078 3038; x_wconf 75' lang='grc' dir='ltr'>ἄνθρωπον</span> <span class='ocrx_word' id='word_1_350' title='bbox 1117 2967 1470 3037; x_wconf 80' lang='grc' dir='ltr'>ἐπιστάμενοι</span> <span class='ocrx_word' id='word_1_351' title='bbox 1492 3009 1506 3032; x_wconf 95' lang='grc'><strong>,</strong></span> <span class='ocrx_word' id='word_1_352' title='bbox 1540 2970 1814 3041; x_wconf 80' lang='grc' dir='ltr'>ἀτρέπτου</span> <span class='ocrx_word' id='word_1_353' title='bbox 1852 2972 1947 3026; x_wconf 76' lang='grc' dir='ltr'>καὶ</span> 
     </span>
    </p>
   </div>
   <div class='ocr_carea' id='block_1_49' title="bbox 360 3056 1944 3133">
    <p class='ocr_par' dir='ltr' id='par_1_49' title="bbox 360 3056 1944 3133">
     <span class='ocr_line' id='line_1_49' title="bbox 360 3056 1944 3133; baseline 0.003 -21"><span class='ocrx_word' id='word_1_354' title='bbox 360 3057 732 3113; x_wconf 75' lang='grc' dir='ltr'>ἁναλλοιώτου</span> <span class='ocrx_word' id='word_1_355' title='bbox 768 3056 1133 3128; x_wconf 78' lang='grc' dir='ltr'>φυλαχθείσης</span> <span class='ocrx_word' id='word_1_356' title='bbox 1162 3059 1328 3113; x_wconf 76' lang='grc' dir='ltr'>αὑτοῦ</span> <span class='ocrx_word' id='word_1_357' title='bbox 1353 3058 1452 3130; x_wconf 74' lang='grc' dir='ltr'>τῆς</span> <span class='ocrx_word' id='word_1_358' title='bbox 1480 3060 1756 3133; x_wconf 76' lang='grc' dir='ltr'>θεότητος,</span> <span class='ocrx_word' id='word_1_359' title='bbox 1779 3064 1944 3118; x_wconf 72' lang='grc' dir='ltr'>αὐτὸν</span> 
     </span>
    </p>
   </div>
   <div class='ocr_carea' id='block_1_50' title="bbox 365 3148 1948 3226">
    <p class='ocr_par' dir='ltr' id='par_1_50' title="bbox 365 3148 1948 3226">
     <span class='ocr_line' id='line_1_50' title="bbox 365 3148 1948 3226; baseline 0.003 -22"><span class='ocrx_word' id='word_1_360' title='bbox 365 3151 465 3205; x_wconf 69' lang='grc' dir='ltr'>καὶ</span> <span class='ocrx_word' id='word_1_361' title='bbox 493 3149 614 3204; x_wconf 77' lang='grc' dir='ltr'>τότε</span> <span class='ocrx_word' id='word_1_362' title='bbox 650 3149 750 3219; x_wconf 80' lang='grc' dir='ltr'>τῆς</span> <span class='ocrx_word' id='word_1_363' title='bbox 781 3148 840 3215; x_wconf 81' lang='grc' dir='ltr'>ἐξ</span> <span class='ocrx_word' id='word_1_364' title='bbox 877 3148 1153 3217; x_wconf 74' lang='grc' dir='ltr'>Αἰγύπτου</span> <span class='ocrx_word' id='word_1_365' title='bbox 1198 3151 1418 3221; x_wconf 79' lang='grc' dir='ltr'>πορείας</span> <span class='ocrx_word' id='word_1_366' title='bbox 1450 3152 1543 3206; x_wconf 81' lang='grc' dir='ltr'><strong>τοῦ</strong></span> <span class='ocrx_word' id='word_1_367' title='bbox 1586 3154 1803 3226; x_wconf 76' lang='grc' dir='ltr'>Ἰσραὴλ</span> <span class='ocrx_word' id='word_1_368' title='bbox 1835 3154 1948 3208; x_wconf 87' lang='grc' dir='ltr'><strong>Σω-</strong></span> 
     </span>
    </p>
   </div>
   <div class='ocr_carea' id='block_1_51' title="bbox 358 3242 1943 3317">
    <p class='ocr_par' dir='ltr' id='par_1_51' title="bbox 358 3242 1943 3317">
     <span class='ocr_line' id='line_1_51' title="bbox 358 3242 1943 3317; baseline 0.002 -20"><span class='ocrx_word' id='word_1_369' title='bbox 358 3245 511 3315; x_wconf 74' lang='grc' dir='ltr'>τῆρα</span> <span class='ocrx_word' id='word_1_370' title='bbox 537 3242 916 3314; x_wconf 80' lang='grc' dir='ltr'>πιστεύωμεν·</span> <span class='ocrx_word' id='word_1_371' title='bbox 958 3243 1046 3296; x_wconf 74' lang='grc' dir='ltr'>ἀεὶ</span> <span class='ocrx_word' id='word_1_372' title='bbox 1082 3243 1180 3314; x_wconf 82' lang='grc' dir='ltr'>μὲν</span> <span class='ocrx_word' id='word_1_373' title='bbox 1207 3243 1302 3296; x_wconf 89' lang='grc' dir='ltr'><strong>τοῦ</strong></span> <span class='ocrx_word' id='word_1_374' title='bbox 1333 3243 1543 3317; x_wconf 71' lang='grc' dir='ltr'>Πατρός</span> <span class='ocrx_word' id='word_1_375' title='bbox 1583 3246 1710 3299; x_wconf 74' lang='grc' dir='ltr'>ὄντα</span> <span class='ocrx_word' id='word_1_376' title='bbox 1750 3247 1943 3315; x_wconf 87' lang='grc' dir='ltr'>Λόγον,</span> 
     </span>
    </p>
   </div>
   <div class='ocr_carea' id='block_1_52' title="bbox 360 3333 1947 3410">
    <p class='ocr_par' dir='ltr' id='par_1_52' title="bbox 360 3333 1947 3410">
     <span class='ocr_line' id='line_1_52' title="bbox 360 3333 1947 3410; baseline 0.002 -21"><span class='ocrx_word' id='word_1_377' title='bbox 360 3336 463 3389; x_wconf 73' lang='grc' dir='ltr'><strong>καὶ</strong></span> <span class='ocrx_word' id='word_1_378' title='bbox 496 3333 633 3403; x_wconf 82' lang='grc' dir='ltr'>φῶς,</span> <span class='ocrx_word' id='word_1_379' title='bbox 662 3334 757 3387; x_wconf 76' lang='grc' dir='ltr'><strong>καὶ</strong></span> <span class='ocrx_word' id='word_1_380' title='bbox 780 3333 1142 3404; x_wconf 84' lang='grc' dir='ltr'>ἀπαύγασμα,</span> <span class='ocrx_word' id='word_1_381' title='bbox 1168 3334 1260 3387; x_wconf 75' lang='grc' dir='ltr'>καὶ</span> <span class='ocrx_word' id='word_1_382' title='bbox 1285 3336 1385 3405; x_wconf 84' lang='grc' dir='ltr'><strong>τῆς</strong></span> <span class='ocrx_word' id='word_1_383' title='bbox 1418 3336 1755 3408; x_wconf 79' lang='grc' dir='ltr'>θεοπρεποῦς</span> <span class='ocrx_word' id='word_1_384' title='bbox 1788 3336 1947 3410; x_wconf 80' lang='grc' dir='ltr'>δόξης</span> 
     </span>
    </p>
   </div>
   <div class='ocr_carea' id='block_1_53' title="bbox 362 3421 1945 3498">
    <p class='ocr_par' dir='ltr' id='par_1_53' title="bbox 362 3421 1945 3498">
     <span class='ocr_line' id='line_1_53' title="bbox 362 3421 1945 3498; baseline 0.003 -22"><span class='ocrx_word' id='word_1_385' title='bbox 362 3423 467 3495; x_wconf 79' lang='grc' dir='ltr'><strong>τὴν</strong></span> <span class='ocrx_word' id='word_1_386' title='bbox 497 3422 818 3476; x_wconf 84' lang='grc' dir='ltr'>δυναστείαν</span> <span class='ocrx_word' id='word_1_387' title='bbox 840 3422 1032 3493; x_wconf 74' lang='grc' dir='ltr'>ἔχοντα</span> <span class='ocrx_word' id='word_1_388' title='bbox 1053 3438 1067 3453; x_wconf 77' lang='grc' dir='ltr'><strong>ο</strong></span> <span class='ocrx_word' id='word_1_389' title='bbox 1100 3422 1182 3475; x_wconf 74' lang='grc' dir='ltr'><strong>διδ</strong></span> <span class='ocrx_word' id='word_1_390' title='bbox 1211 3421 1275 3494; x_wconf 78' lang='grc' dir='ltr'>δὴ</span> <span class='ocrx_word' id='word_1_391' title='bbox 1307 3424 1402 3477; x_wconf 68' lang='grc' dir='ltr'>καὶ</span> <span class='ocrx_word' id='word_1_392' title='bbox 1440 3424 1629 3495; x_wconf 74' lang='grc' dir='ltr'>ἔλεγεν</span> <span class='ocrx_word' id='word_1_393' title='bbox 1652 3426 1730 3498; x_wconf 82' lang='grc' dir='ltr'>τῷ</span> <span class='ocrx_word' id='word_1_394' title='bbox 1761 3444 1945 3497; x_wconf 77' lang='grc' dir='ltr'>μακα-</span> 
     </span>
    </p>
   </div>
   <div class='ocr_carea' id='block_1_54' title="bbox 358 3514 1945 3588">
    <p class='ocr_par' dir='ltr' id='par_1_54' title="bbox 358 3514 1945 3588">
     <span class='ocr_line' id='line_1_54' title="bbox 358 3514 1945 3588; baseline 0.004 -20"><span class='ocrx_word' id='word_1_395' title='bbox 358 3517 470 3588; x_wconf 68' lang='grc' dir='ltr'><strong>’ρὶφ</strong></span> <span class='ocrx_word' id='word_1_396' title='bbox 506 3517 716 3587; x_wconf 73' lang='grc' dir='ltr'>Μωῦσῇ</span> <span class='ocrx_word' id='word_1_397' title='bbox 738 3532 753 3546; x_wconf 77' lang='grc'><strong>⁸</strong></span> <span class='ocrx_word' id='word_1_398' title='bbox 792 3533 811 3566; x_wconf 75' lang='grc' dir='ltr'><strong>ι</strong></span> <span class='ocrx_word' id='word_1_399' title='bbox 841 3514 983 3583; x_wconf 78' lang='grc' dir='ltr'><strong>Ἐγώ</strong></span> <span class='ocrx_word' id='word_1_400' title='bbox 1011 3517 1124 3586; x_wconf 74' lang='grc' dir='ltr'>εἰμι</span> <span class='ocrx_word' id='word_1_401' title='bbox 1158 3517 1185 3569; x_wconf 87' lang='lat'><strong>6</strong></span> <span class='ocrx_word' id='word_1_402' title='bbox 1210 3514 1347 3569; x_wconf 78' lang='grc' dir='ltr'><strong>ὢνί</strong></span> <span class='ocrx_word' id='word_1_403' title='bbox 1387 3519 1501 3583; x_wconf 75' lang='grc' dir='ltr'>καὶ,</span> <span class='ocrx_word' id='word_1_404' title='bbox 1543 3538 1561 3570; x_wconf 77' lang='grc' dir='ltr'><strong>ι</strong></span> <span class='ocrx_word' id='word_1_405' title='bbox 1586 3518 1729 3588; x_wconf 86' lang='grc' dir='ltr'><strong>Ἐγὼ</strong></span> <span class='ocrx_word' id='word_1_406' title='bbox 1753 3522 1781 3573; x_wconf 87' lang='lat'><strong>6</strong></span> <span class='ocrx_word' id='word_1_407' title='bbox 1812 3521 1945 3585; x_wconf 83' lang='grc' dir='ltr'>Θεὸς</span> 
     </span>
    </p>
   </div>
   <div class='ocr_carea' id='block_1_55' title="bbox 374 3607 1945 3684">
    <p class='ocr_par' dir='ltr' id='par_1_55' title="bbox 374 3607 1945 3684">
     <span class='ocr_line' id='line_1_55' title="bbox 374 3607 1945 3684; baseline 0.003 -21"><span class='ocrx_word' id='word_1_408' title='bbox 374 3608 651 3681; x_wconf 77' lang='grc' dir='ltr'>’Δϐραὰμ,</span> <span class='ocrx_word' id='word_1_409' title='bbox 675 3607 771 3662; x_wconf 75' lang='grc' dir='ltr'>καὶ</span> <span class='ocrx_word' id='word_1_410' title='bbox 790 3607 922 3670; x_wconf 78' lang='grc' dir='ltr'>Θεὸς</span> <span class='ocrx_word' id='word_1_411' title='bbox 953 3607 1155 3669; x_wconf 68' lang='grc' dir='ltr'>Ἰσαὰκ,</span> <span class='ocrx_word' id='word_1_412' title='bbox 1183 3608 1275 3662; x_wconf 79' lang='grc' dir='ltr'>καὶ</span> <span class='ocrx_word' id='word_1_413' title='bbox 1290 3608 1431 3672; x_wconf 82' lang='grc' dir='ltr'>Θεὸς</span> <span class='ocrx_word' id='word_1_414' title='bbox 1466 3610 1661 3664; x_wconf 78' lang='grc' dir='ltr'><strong>Ἰακώϐ</strong></span> <span class='ocrx_word' id='word_1_415' title='bbox 1681 3628 1694 3642; x_wconf 82' lang='grc'><em>’</em></span> <span class='ocrx_word' id='word_1_416' title='bbox 1719 3631 1738 3665; x_wconf 76' lang='grc' dir='ltr'><strong>ι</strong></span> <span class='ocrx_word' id='word_1_417' title='bbox 1768 3615 1868 3684; x_wconf 83' lang='grc' dir='ltr'>τὴν</span> <span class='ocrx_word' id='word_1_418' title='bbox 1888 3614 1945 3667; x_wconf 77' lang='grc' dir='ltr'>δὲ</span> 
     </span>
    </p>
   </div>
   <div class='ocr_carea' id='block_1_56' title="bbox 350 3698 1945 3777">
    <p class='ocr_par' dir='ltr' id='par_1_56' title="bbox 350 3698 1945 3777">
     <span class='ocr_line' id='line_1_56' title="bbox 350 3698 1945 3777; baseline 0.003 -23"><span class='ocrx_word' id='word_1_419' title='bbox 350 3701 460 3754; x_wconf 75' lang='grc' dir='ltr'><strong>τοῦ</strong></span> <span class='ocrx_word' id='word_1_420' title='bbox 491 3699 623 3754; x_wconf 83' lang='grc' dir='ltr'>Υἱοῦ</span> <span class='ocrx_word' id='word_1_421' title='bbox 650 3698 1027 3772; x_wconf 72' lang='grc' dir='ltr'>προσηγορίαν</span> <span class='ocrx_word' id='word_1_422' title='bbox 1064 3698 1442 3777; x_wconf 79' lang='grc' dir='ltr'>προσλαϐόντα</span> <span class='ocrx_word' id='word_1_423' title='bbox 1481 3703 1578 3772; x_wconf 85' lang='grc' dir='ltr'>μὲν</span> <span class='ocrx_word' id='word_1_424' title='bbox 1609 3704 1699 3756; x_wconf 77' lang='grc' dir='ltr'>ὅτε</span> <span class='ocrx_word' id='word_1_425' title='bbox 1722 3704 1945 3772; x_wconf 81' lang='grc' dir='ltr'>γέγονεν</span> 
     </span>
    </p>
   </div>
   <div class='ocr_carea' id='block_1_57' title="bbox 356 3790 1945 3864">
    <p class='ocr_par' dir='ltr' id='par_1_57' title="bbox 356 3790 1945 3864">
     <span class='ocr_line' id='line_1_57' title="bbox 356 3790 1945 3864; baseline 0.002 -17"><span class='ocrx_word' id='word_1_426' title='bbox 356 3794 677 3864; x_wconf 81' lang='grc' dir='ltr'>ἄνθρωπος,</span> <span class='ocrx_word' id='word_1_427' title='bbox 707 3792 813 3862; x_wconf 82' lang='grc' dir='ltr'>τῆς</span> <span class='ocrx_word' id='word_1_428' title='bbox 841 3791 898 3844; x_wconf 85' lang='grc' dir='ltr'>δὲ</span> <span class='ocrx_word' id='word_1_429' title='bbox 927 3790 1174 3855; x_wconf 83' lang='grc' dir='ltr'>ὲνὼσεως</span> <span class='ocrx_word' id='word_1_430' title='bbox 1206 3792 1389 3864; x_wconf 84' lang='grc' dir='ltr'>χάριν,</span> <span class='ocrx_word' id='word_1_431' title='bbox 1423 3796 1516 3847; x_wconf 77' lang='grc' dir='ltr'>καὶ</span> <span class='ocrx_word' id='word_1_432' title='bbox 1564 3794 1653 3848; x_wconf 85' lang='grc' dir='ltr'>διὰ</span> <span class='ocrx_word' id='word_1_433' title='bbox 1682 3795 1743 3848; x_wconf 80' lang='grc' dir='ltr'><strong>τὸ</strong></span> <span class='ocrx_word' id='word_1_434' title='bbox 1781 3796 1945 3851; x_wconf 70' lang='grc' dir='ltr'>αὑτὸν</span> 
     </span>
    </p>
   </div>
   <div class='ocr_carea' id='block_1_58' title="bbox 353 3880 1946 3957">
    <p class='ocr_par' dir='ltr' id='par_1_58' title="bbox 353 3880 1946 3957">
     <span class='ocr_line' id='line_1_58' title="bbox 353 3880 1946 3957; baseline 0.002 -22"><span class='ocrx_word' id='word_1_435' title='bbox 353 3884 654 3953; x_wconf 79' lang='grc' dir='ltr'>ἄνθρωπον</span> <span class='ocrx_word' id='word_1_436' title='bbox 691 3881 1045 3951; x_wconf 79' lang='grc' dir='ltr'>γεγενῆσθαι,</span> <span class='ocrx_word' id='word_1_437' title='bbox 1068 3880 1181 3934; x_wconf 79' lang='grc' dir='ltr'>ἀλλ’</span> <span class='ocrx_word' id='word_1_438' title='bbox 1210 3882 1309 3936; x_wconf 83' lang='grc' dir='ltr'>ούκ</span> <span class='ocrx_word' id='word_1_439' title='bbox 1345 3885 1402 3936; x_wconf 82' lang='grc' dir='ltr'>ἐν</span> <span class='ocrx_word' id='word_1_440' title='bbox 1444 3884 1715 3955; x_wconf 76' lang='grc' dir='ltr'>ἀνθρώπῳ</span> <span class='ocrx_word' id='word_1_441' title='bbox 1742 3887 1946 3957; x_wconf 79' lang='grc' dir='ltr'>ἐνῳκη-</span> 
     </span>
    </p>
   </div>
   <div class='ocr_carea' id='block_1_59' title="bbox 355 3973 1945 4048">
    <p class='ocr_par' dir='ltr' id='par_1_59' title="bbox 355 3973 1945 4048">
     <span class='ocr_line' id='line_1_59' title="bbox 355 3973 1945 4048; baseline 0.001 -19"><span class='ocrx_word' id='word_1_442' title='bbox 355 3975 556 4029; x_wconf 79' lang='grc' dir='ltr'>κέναι·</span> <span class='ocrx_word' id='word_1_443' title='bbox 582 3975 676 4028; x_wconf 71' lang='grc' dir='ltr'><strong>καὶ</strong></span> <span class='ocrx_word' id='word_1_444' title='bbox 708 3974 777 4027; x_wconf 78' lang='grc' dir='ltr'>τὰ</span> <span class='ocrx_word' id='word_1_445' title='bbox 811 3974 956 4037; x_wconf 85' lang='grc' dir='ltr'>τότε,</span> <span class='ocrx_word' id='word_1_446' title='bbox 987 3974 1080 4027; x_wconf 70' lang='grc' dir='ltr'>καὶ</span> <span class='ocrx_word' id='word_1_447' title='bbox 1106 3973 1176 4026; x_wconf 83' lang='grc' dir='ltr'><strong>τὰ</strong></span> <span class='ocrx_word' id='word_1_448' title='bbox 1222 3973 1319 4027; x_wconf 88' lang='grc' dir='ltr'><strong>νῦν</strong></span> <span class='ocrx_word' id='word_1_449' title='bbox 1364 3977 1432 4045; x_wconf 75' lang='grc' dir='ltr'>τῇ</span> <span class='ocrx_word' id='word_1_450' title='bbox 1470 3974 1644 4046; x_wconf 82' lang='grc' dir='ltr'>Ἰησοῦ</span> <span class='ocrx_word' id='word_1_451' title='bbox 1693 3977 1784 4029; x_wconf 74' lang='grc' dir='ltr'>καὶ</span> <span class='ocrx_word' id='word_1_452' title='bbox 1818 3979 1945 4048; x_wconf 84' lang='grc' dir='ltr'>Χρι-</span> 
     </span>
    </p>
   </div>
   <div class='ocr_carea' id='block_1_60' title="bbox 353 4065 1939 4139">
    <p class='ocr_par' dir='ltr' id='par_1_60' title="bbox 353 4065 1939 4139">
     <span class='ocr_line' id='line_1_60' title="bbox 353 4065 1939 4139; baseline 0.003 -17"><span class='ocrx_word' id='word_1_453' title='bbox 353 4067 493 4123; x_wconf 82' lang='grc' dir='ltr'>στοῦ</span> <span class='ocrx_word' id='word_1_454' title='bbox 538 4067 879 4139; x_wconf 77' lang='grc' dir='ltr'>προσηγορῖᾳ</span> <span class='ocrx_word' id='word_1_455' title='bbox 922 4065 1234 4128; x_wconf 75' lang='grc' dir='ltr'>ἀκολούθως</span> <span class='ocrx_word' id='word_1_456' title='bbox 1279 4067 1385 4120; x_wconf 75' lang='grc' dir='ltr'>ὑπὸ</span> <span class='ocrx_word' id='word_1_457' title='bbox 1434 4068 1536 4139; x_wconf 76' lang='grc' dir='ltr'>τῆς</span> <span class='ocrx_word' id='word_1_458' title='bbox 1583 4068 1939 4126; x_wconf 83' lang='grc' dir='ltr'>θεοπνεύστου</span> 
     </span>
    </p>
   </div>
   <div class='ocr_carea' id='block_1_61' title="bbox 350 4159 1002 4230">
    <p class='ocr_par' dir='ltr' id='par_1_61' title="bbox 350 4159 1002 4230">
     <span class='ocr_line' id='line_1_61' title="bbox 350 4159 1002 4230; baseline 0 -18"><span class='ocrx_word' id='word_1_459' title='bbox 350 4159 591 4230; x_wconf 71' lang='grc' dir='ltr'>Γραερῆς</span> <span class='ocrx_word' id='word_1_460' title='bbox 620 4159 1002 4229; x_wconf 76' lang='grc' dir='ltr'>δοξαζόμενον.</span> 
     </span>
    </p>
   </div>
   <div class='ocr_carea' id='block_1_62' title="bbox 432 4251 1941 4326">
    <p class='ocr_par' dir='ltr' id='par_1_62' title="bbox 432 4251 1941 4326">
     <span class='ocr_line' id='line_1_62' title="bbox 432 4251 1941 4326; baseline 0.005 -22"><span class='ocrx_word' id='word_1_461' title='bbox 432 4254 501 4315; x_wconf 74' lang='grc' dir='ltr'>ζ’.</span> <span class='ocrx_word' id='word_1_462' title='bbox 540 4253 648 4305; x_wconf 66' lang='grc' dir='ltr'>Καὶ</span> <span class='ocrx_word' id='word_1_463' title='bbox 688 4251 818 4320; x_wconf 90' lang='grc' dir='ltr'>γοῦν</span> <span class='ocrx_word' id='word_1_464' title='bbox 874 4254 973 4324; x_wconf 76' lang='grc' dir='ltr'><strong>τὴν</strong></span> <span class='ocrx_word' id='word_1_465' title='bbox 1021 4256 1289 4326; x_wconf 83' lang='grc' dir='ltr'>τοιαύτην·</span> <span class='ocrx_word' id='word_1_466' title='bbox 1319 4253 1575 4309; x_wconf 79' lang='grc' dir='ltr'>ὑπόθεσιν</span> <span class='ocrx_word' id='word_1_467' title='bbox 1627 4256 1798 4323; x_wconf 78' lang='grc' dir='ltr'>ἔξεστι</span> <span class='ocrx_word' id='word_1_468' title='bbox 1850 4257 1941 4312; x_wconf 74' lang='grc' dir='ltr'><strong>διὰ</strong></span> 
     </span>
    </p>
   </div>
   <div class='ocr_carea' id='block_1_63' title="bbox 349 4343 1941 4422">
    <p class='ocr_par' dir='ltr' id='par_1_63' title="bbox 349 4343 1941 4422">
     <span class='ocr_line' id='line_1_63' title="bbox 349 4343 1941 4422; baseline 0.002 -23"><span class='ocrx_word' id='word_1_469' title='bbox 349 4345 629 4399; x_wconf 79' lang='grc' dir='ltr'>πλειόνων</span> <span class='ocrx_word' id='word_1_470' title='bbox 658 4343 882 4416; x_wconf 82' lang='grc' dir='ltr'>θεωρεῖν</span> <span class='ocrx_word' id='word_1_471' title='bbox 919 4347 1022 4399; x_wconf 74' lang='grc' dir='ltr'>ὑπὸ</span> <span class='ocrx_word' id='word_1_472' title='bbox 1056 4347 1164 4400; x_wconf 78' lang='grc' dir='ltr'><strong>τῶν</strong></span> <span class='ocrx_word' id='word_1_473' title='bbox 1194 4348 1364 4414; x_wconf 82' lang='grc' dir='ltr'>ἁγίων</span> <span class='ocrx_word' id='word_1_474' title='bbox 1402 4351 1814 4422; x_wconf 74' lang='grc' dir='ltr'>κηρυττομένην</span> <span class='ocrx_word' id='word_1_475' title='bbox 1847 4351 1941 4403; x_wconf 87' lang='grc' dir='ltr'><strong>ἀν-</strong></span> 
     </span>
    </p>
   </div>
   <div class='ocr_carea' id='block_1_64' title="bbox 2057 1869 3643 1949">
    <p class='ocr_par' dir='ltr' id='par_1_64' title="bbox 2057 1869 3643 1949">
     <span class='ocr_line' id='line_1_64' title="bbox 2057 1869 3643 1949; baseline 0.009 -23"><span class='ocrx_word' id='word_1_476' title='bbox 2057 1869 2261 1926; x_wconf 88' lang='lat' dir='ltr'><strong>cultate</strong></span> <span class='ocrx_word' id='word_1_477' title='bbox 2287 1885 2406 1940; x_wconf 65' lang='lat' dir='ltr'><strong>quae</strong></span> <span class='ocrx_word' id='word_1_478' title='bbox 2438 1886 2599 1941; x_wconf 88' lang='lat' dir='ltr'><strong>supra</strong></span> <span class='ocrx_word' id='word_1_479' title='bbox 2627 1871 2864 1928; x_wconf 84' lang='lat' dir='ltr'><strong>diximus</strong></span> <span class='ocrx_word' id='word_1_480' title='bbox 2890 1874 3233 1947; x_wconf 90' lang='lat' dir='ltr'><strong>abhorrent),</strong></span> <span class='ocrx_word' id='word_1_481' title='bbox 3251 1879 3461 1949; x_wconf 87' lang='lat' dir='ltr'><strong>qualem</strong></span> <span class='ocrx_word' id='word_1_482' title='bbox 3490 1885 3643 1940; x_wconf 88' lang='lat' dir='ltr'><strong>deni-</strong></span> 
     </span>
    </p>
   </div>
   <div class='ocr_carea' id='block_1_65' title="bbox 2055 1964 3641 2035">
    <p class='ocr_par' dir='ltr' id='par_1_65' title="bbox 2055 1964 3641 2035">
     <span class='ocr_line' id='line_1_65' title="bbox 2055 1964 3641 2035; baseline 0.013 -21"><span class='ocrx_word' id='word_1_483' title='bbox 2055 1979 2161 2033; x_wconf 91' lang='lat' dir='ltr'><strong>que</strong></span> <span class='ocrx_word' id='word_1_484' title='bbox 2191 1971 2447 2033; x_wconf 85' lang='lat' dir='ltr'><strong>poterunt</strong></span> <span class='ocrx_word' id='word_1_485' title='bbox 2475 1965 2636 2034; x_wconf 85' lang='lat' dir='ltr'><strong>hujus</strong></span> <span class='ocrx_word' id='word_1_486' title='bbox 2664 1978 2785 2021; x_wconf 88' lang='lat' dir='ltr'><strong>esse</strong></span> <span class='ocrx_word' id='word_1_487' title='bbox 2808 1964 3169 2023; x_wconf 86' lang='lat' dir='ltr'><strong>substantiam</strong></span> <span class='ocrx_word' id='word_1_488' title='bbox 3201 1981 3255 2026; x_wconf 90' lang='lat' dir='ltr'><strong>et</strong></span> <span class='ocrx_word' id='word_1_489' title='bbox 3276 1976 3641 2035; x_wconf 88' lang='lat' dir='ltr'><strong>conditionem</strong></span> 
     </span>
    </p>
   </div>
   <div class='ocr_carea' id='block_1_66' title="bbox 2052 2056 3215 2112">
    <p class='ocr_par' dir='ltr' id='par_1_66' title="bbox 2052 2056 3215 2112">
     <span class='ocr_line' id='line_1_66' title="bbox 2052 2056 3215 2112; baseline 0.003 -1"><span class='ocrx_word' id='word_1_490' title='bbox 2052 2056 2411 2112; x_wconf 55' lang='lat' dir='ltr'><strong>existimare?</strong></span> <span class='ocrx_word' id='word_1_491' title='bbox 3204 2059 3215 2070; x_wconf 85' lang='grc'><strong><em>“</em></strong></span> 
     </span>
    </p>
   </div>
   <div class='ocr_carea' id='block_1_67' title="bbox 2124 2147 3640 2219">
    <p class='ocr_par' dir='ltr' id='par_1_67' title="bbox 2124 2147 3640 2219">
     <span class='ocr_line' id='line_1_67' title="bbox 2124 2147 3640 2219; baseline 0.011 -17"><span class='ocrx_word' id='word_1_492' title='bbox 2124 2147 2179 2202; x_wconf 88' lang='lat'><em>6.</em></span> <span class='ocrx_word' id='word_1_493' title='bbox 2224 2147 2328 2203; x_wconf 85' lang='lat' dir='ltr'><strong>Sed</strong></span> <span class='ocrx_word' id='word_1_494' title='bbox 2352 2150 2495 2204; x_wconf 90' lang='lat' dir='ltr'><strong>enim</strong></span> <span class='ocrx_word' id='word_1_495' title='bbox 2533 2165 2629 2205; x_wconf 89' lang='lat' dir='ltr'><strong>nos</strong></span> <span class='ocrx_word' id='word_1_496' title='bbox 2657 2150 2850 2206; x_wconf 89' lang='lat' dir='ltr'><strong>horum</strong></span> <span class='ocrx_word' id='word_1_497' title='bbox 2880 2152 3044 2209; x_wconf 78' lang='lat' dir='ltr'><strong>verba</strong></span> <span class='ocrx_word' id='word_1_498' title='bbox 3072 2155 3208 2211; x_wconf 88' lang='lat' dir='ltr'><strong>adeo</strong></span> <span class='ocrx_word' id='word_1_499' title='bbox 3232 2159 3512 2216; x_wconf 76' lang='lat' dir='ltr'><strong>dementia:</strong></span> <span class='ocrx_word' id='word_1_500' title='bbox 3543 2164 3640 2219; x_wconf 89' lang='lat' dir='ltr'><strong>de-</strong></span> 
     </span>
    </p>
   </div>
   <div class='ocr_carea' id='block_1_68' title="bbox 2052 2239 3641 2311">
    <p class='ocr_par' dir='ltr' id='par_1_68' title="bbox 2052 2239 3641 2311">
     <span class='ocr_line' id='line_1_68' title="bbox 2052 2239 3641 2311; baseline 0.01 -18"><span class='ocrx_word' id='word_1_501' title='bbox 2052 2239 2273 2310; x_wconf 87' lang='lat' dir='ltr'><strong>liriique</strong></span> <span class='ocrx_word' id='word_1_502' title='bbox 2319 2241 2474 2311; x_wconf 88' lang='lat' dir='ltr'><strong>plena</strong></span> <span class='ocrx_word' id='word_1_503' title='bbox 2523 2253 2834 2311; x_wconf 70' lang='lat' dir='ltr'><strong>cernentes,</strong></span> <span class='ocrx_word' id='word_1_504' title='bbox 2870 2258 2933 2300; x_wconf 91' lang='lat' dir='ltr'><strong>ac</strong></span> <span class='ocrx_word' id='word_1_505' title='bbox 2972 2246 3141 2302; x_wconf 75' lang='lat' dir='ltr'><strong>veluti</strong></span> <span class='ocrx_word' id='word_1_506' title='bbox 3175 2264 3204 2303; x_wconf 90' lang='lat' dir='ltr'><strong>a</strong></span> <span class='ocrx_word' id='word_1_507' title='bbox 3246 2251 3641 2309; x_wconf 81' lang='lat' dir='ltr'><strong>somniantibus</strong></span> 
     </span>
    </p>
   </div>
   <div class='ocr_carea' id='block_1_69' title="bbox 2053 2331 3639 2404">
    <p class='ocr_par' dir='ltr' id='par_1_69' title="bbox 2053 2331 3639 2404">
     <span class='ocr_line' id='line_1_69' title="bbox 2053 2331 3639 2404; baseline 0.008 -19"><span class='ocrx_word' id='word_1_508' title='bbox 2053 2331 2392 2401; x_wconf 88' lang='lat' dir='ltr'><strong>cbriosisque</strong></span> <span class='ocrx_word' id='word_1_509' title='bbox 2437 2339 2714 2400; x_wconf 87' lang='lat' dir='ltr'><strong>eructata,</strong></span> <span class='ocrx_word' id='word_1_510' title='bbox 2760 2334 2845 2390; x_wconf 92' lang='lat' dir='ltr'><strong>his</strong></span> <span class='ocrx_word' id='word_1_511' title='bbox 2875 2334 3029 2404; x_wconf 79' lang='lat' dir='ltr'><strong>juxta</strong></span> <span class='ocrx_word' id='word_1_512' title='bbox 3076 2336 3387 2395; x_wconf 78' lang='lat' dir='ltr'><strong>Servatoris</strong></span> <span class='ocrx_word' id='word_1_513' title='bbox 3418 2339 3639 2396; x_wconf 75' lang='lat' dir='ltr'><strong>effatum</strong></span> 
     </span>
    </p>
   </div>
   <div class='ocr_carea' id='block_1_70' title="bbox 2053 2420 3641 2505">
    <p class='ocr_par' dir='ltr' id='par_1_70' title="bbox 2053 2420 3641 2505">
     <span class='ocr_line' id='line_1_70' title="bbox 2053 2420 3641 2505; baseline 0.008 -30"><span class='ocrx_word' id='word_1_514' title='bbox 2053 2422 2298 2476; x_wconf 85' lang='lat' dir='ltr'><strong>dicemus</strong></span> <span class='ocrx_word' id='word_1_515' title='bbox 2322 2438 2386 2505; x_wconf 52' lang='lat' dir='ltr'><strong>at</strong></span> <span class='ocrx_word' id='word_1_516' title='bbox 2408 2420 2643 2490; x_wconf 82' lang='lat' dir='ltr'><strong>Erratis,</strong></span> <span class='ocrx_word' id='word_1_517' title='bbox 2663 2425 2973 2482; x_wconf 88' lang='lat' dir='ltr'><strong>nescientes</strong></span> <span class='ocrx_word' id='word_1_518' title='bbox 2998 2426 3315 2499; x_wconf 86' lang='lat' dir='ltr'><strong>Scripturas</strong></span> <span class='ocrx_word' id='word_1_519' title='bbox 3338 2447 3511 2502; x_wconf 88' lang='lat' dir='ltr'><strong>neque</strong></span> <span class='ocrx_word' id='word_1_520' title='bbox 3533 2434 3641 2488; x_wconf 78' lang='lat' dir='ltr'><strong>vir-</strong></span> 
     </span>
    </p>
   </div>
   <div class='ocr_carea' id='block_1_71' title="bbox 2055 2512 3636 2596">
    <p class='ocr_par' dir='ltr' id='par_1_71' title="bbox 2055 2512 3636 2596">
     <span class='ocr_line' id='line_1_71' title="bbox 2055 2512 3636 2596; baseline 0.011 -31"><span class='ocrx_word' id='word_1_521' title='bbox 2055 2521 2222 2568; x_wconf 83' lang='lat' dir='ltr'><strong>tutetn</strong></span> <span class='ocrx_word' id='word_1_522' title='bbox 2259 2513 2353 2569; x_wconf 87' lang='lat' dir='ltr'><strong>Dei</strong></span> <span class='ocrx_word' id='word_1_523' title='bbox 2377 2512 2445 2568; x_wconf 81' lang='grc'><strong>⁸⁸.</strong></span> <span class='ocrx_word' id='word_1_524' title='bbox 2482 2533 2501 2567; x_wconf 80' lang='grc' dir='ltr'><strong>ι</strong></span> <span class='ocrx_word' id='word_1_525' title='bbox 2538 2514 2664 2571; x_wconf 89' lang='lat' dir='ltr'><strong>ldeo</strong></span> <span class='ocrx_word' id='word_1_526' title='bbox 2694 2525 2752 2571; x_wconf 89' lang='lat' dir='ltr'><strong>ut</strong></span> <span class='ocrx_word' id='word_1_527' title='bbox 2783 2533 2881 2588; x_wconf 83' lang='lat' dir='ltr'><strong>par</strong></span> <span class='ocrx_word' id='word_1_528' title='bbox 2906 2529 2989 2574; x_wconf 84' lang='lat' dir='ltr'><strong>est</strong></span> <span class='ocrx_word' id='word_1_529' title='bbox 3026 2520 3293 2578; x_wconf 87' lang='lat' dir='ltr'><strong>edormite</strong></span> <span class='ocrx_word' id='word_1_530' title='bbox 3335 2525 3636 2596; x_wconf 81' lang='lat' dir='ltr'><strong>crapulam,</strong></span> 
     </span>
    </p>
   </div>
   <div class='ocr_carea' id='block_1_72' title="bbox 2053 2604 3641 2683">
    <p class='ocr_par' dir='ltr' id='par_1_72' title="bbox 2053 2604 3641 2683">
     <span class='ocr_line' id='line_1_72' title="bbox 2053 2604 3641 2683; baseline 0.012 -26"><span class='ocrx_word' id='word_1_531' title='bbox 2053 2613 2109 2658; x_wconf 90' lang='lat' dir='ltr'><strong>et</strong></span> <span class='ocrx_word' id='word_1_532' title='bbox 2138 2604 2304 2660; x_wconf 87' lang='lat' dir='ltr'><strong>nolite</strong></span> <span class='ocrx_word' id='word_1_533' title='bbox 2340 2620 2589 2675; x_wconf 88' lang='lat' dir='ltr'><strong>peccare,</strong></span> <span class='ocrx_word' id='word_1_534' title='bbox 2625 2615 2771 2663; x_wconf 90' lang='lat' dir='ltr'><strong>tanta</strong></span> <span class='ocrx_word' id='word_1_535' title='bbox 2803 2610 2878 2665; x_wconf 91' lang='lat' dir='ltr'><strong>rei</strong></span> <span class='ocrx_word' id='word_1_536' title='bbox 2910 2610 3109 2668; x_wconf 71' lang='lat' dir='ltr'><strong>divinae</strong></span> <span class='ocrx_word' id='word_1_537' title='bbox 3144 2613 3450 2683; x_wconf 74' lang='lat' dir='ltr'><strong>ignorantia</strong></span> <span class='ocrx_word' id='word_1_538' title='bbox 3492 2618 3641 2675; x_wconf 80' lang='lat' dir='ltr'><strong>labo—</strong></span> 
     </span>
    </p>
   </div>
   <div class='ocr_carea' id='block_1_73' title="bbox 2052 2696 3642 2774">
    <p class='ocr_par' dir='ltr' id='par_1_73' title="bbox 2052 2696 3642 2774">
     <span class='ocr_line' id='line_1_73' title="bbox 2052 2696 3642 2774; baseline 0.013 -26"><span class='ocrx_word' id='word_1_539' title='bbox 2052 2705 2254 2751; x_wconf 84' lang='lat' dir='ltr'><strong>rantes.</strong></span> <span class='ocrx_word' id='word_1_540' title='bbox 2287 2696 2393 2751; x_wconf 88' lang='lat' dir='ltr'><strong>Sed</strong></span> <span class='ocrx_word' id='word_1_541' title='bbox 2430 2706 2577 2752; x_wconf 90' lang='lat' dir='ltr'><strong>rccte</strong></span> <span class='ocrx_word' id='word_1_542' title='bbox 2618 2699 2822 2767; x_wconf 91' lang='lat' dir='ltr'><strong>potius,</strong></span> <span class='ocrx_word' id='word_1_543' title='bbox 2867 2711 3030 2772; x_wconf 88' lang='lat' dir='ltr'><strong>atque</strong></span> <span class='ocrx_word' id='word_1_544' title='bbox 3060 2712 3116 2759; x_wconf 90' lang='lat' dir='ltr'><strong>ut</strong></span> <span class='ocrx_word' id='word_1_545' title='bbox 3149 2705 3259 2774; x_wconf 89' lang='lat' dir='ltr'><strong>jam</strong></span> <span class='ocrx_word' id='word_1_546' title='bbox 3296 2707 3642 2767; x_wconf 75' lang='lat' dir='ltr'><strong>demonstra-</strong></span> 
     </span>
    </p>
   </div>
   <div class='ocr_carea' id='block_1_74' title="bbox 2052 2787 3637 2869">
    <p class='ocr_par' dir='ltr' id='par_1_74' title="bbox 2052 2787 3637 2869">
     <span class='ocr_line' id='line_1_74' title="bbox 2052 2787 3637 2869; baseline 0.01 -29"><span class='ocrx_word' id='word_1_547' title='bbox 2052 2796 2163 2840; x_wconf 90' lang='lat' dir='ltr'><strong>tum</strong></span> <span class='ocrx_word' id='word_1_548' title='bbox 2210 2802 2239 2840; x_wconf 89' lang='lat' dir='ltr'><strong>a</strong></span> <span class='ocrx_word' id='word_1_549' title='bbox 2291 2787 2447 2857; x_wconf 80' lang='lat' dir='ltr'><strong>nobis</strong></span> <span class='ocrx_word' id='word_1_550' title='bbox 2485 2787 2603 2852; x_wconf 79' lang='lat' dir='ltr'><strong>fuit,</strong></span> <span class='ocrx_word' id='word_1_551' title='bbox 2648 2788 2993 2847; x_wconf 90' lang='lat' dir='ltr'><strong>adunatiouis</strong></span> <span class='ocrx_word' id='word_1_552' title='bbox 3041 2793 3268 2862; x_wconf 80' lang='lat' dir='ltr'><strong>gloriam</strong></span> <span class='ocrx_word' id='word_1_553' title='bbox 3311 2799 3637 2869; x_wconf 83' lang='lat' dir='ltr'><strong>cogitantes,</strong></span> 
     </span>
    </p>
   </div>
   <div class='ocr_carea' id='block_1_75' title="bbox 2050 2877 3637 2953">
    <p class='ocr_par' dir='ltr' id='par_1_75' title="bbox 2050 2877 3637 2953">
     <span class='ocr_line' id='line_1_75' title="bbox 2050 2877 3637 2953; baseline 0.01 -21"><span class='ocrx_word' id='word_1_554' title='bbox 2050 2879 2192 2932; x_wconf 88' lang='lat' dir='ltr'><strong>hunc</strong></span> <span class='ocrx_word' id='word_1_555' title='bbox 2224 2888 2278 2933; x_wconf 88' lang='lat' dir='ltr'><strong>et</strong></span> <span class='ocrx_word' id='word_1_556' title='bbox 2318 2877 2486 2934; x_wconf 88' lang='lat' dir='ltr'><strong>Deum</strong></span> <span class='ocrx_word' id='word_1_557' title='bbox 2513 2894 2729 2949; x_wconf 88' lang='lat' dir='ltr'><strong>semper</strong></span> <span class='ocrx_word' id='word_1_558' title='bbox 2754 2879 2942 2949; x_wconf 80' lang='lat' dir='ltr'><strong>fuisse,</strong></span> <span class='ocrx_word' id='word_1_559' title='bbox 2970 2893 3024 2938; x_wconf 90' lang='lat' dir='ltr'><strong>et</strong></span> <span class='ocrx_word' id='word_1_560' title='bbox 3054 2894 3329 2953; x_wconf 88' lang='lat' dir='ltr'><strong>postremo</strong></span> <span class='ocrx_word' id='word_1_561' title='bbox 3365 2890 3637 2947; x_wconf 84' lang='lat' dir='ltr'><strong>hominem</strong></span> 
     </span>
    </p>
   </div>
   <div class='ocr_carea' id='block_1_76' title="bbox 2047 2966 3641 3050">
    <p class='ocr_par' dir='ltr' id='par_1_76' title="bbox 2047 2966 3641 3050">
     <span class='ocr_line' id='line_1_76' title="bbox 2047 2966 3641 3050; baseline 0.01 -28"><span class='ocrx_word' id='word_1_562' title='bbox 2047 2984 2262 3041; x_wconf 88' lang='lat' dir='ltr'><strong>quoque</strong></span> <span class='ocrx_word' id='word_1_563' title='bbox 2309 2966 2512 3027; x_wconf 80' lang='lat' dir='ltr'><strong>factum</strong></span> <span class='ocrx_word' id='word_1_564' title='bbox 2561 2983 2961 3042; x_wconf 79' lang='lat' dir='ltr'><strong>agnoscentes,</strong></span> <span class='ocrx_word' id='word_1_565' title='bbox 3010 2974 3083 3028; x_wconf 92' lang='lat' dir='ltr'><strong>ita</strong></span> <span class='ocrx_word' id='word_1_566' title='bbox 3132 2985 3314 3033; x_wconf 89' lang='lat' dir='ltr'><strong>tamen</strong></span> <span class='ocrx_word' id='word_1_567' title='bbox 3364 2989 3421 3034; x_wconf 92' lang='lat' dir='ltr'><strong>ut</strong></span> <span class='ocrx_word' id='word_1_568' title='bbox 3469 2980 3641 3050; x_wconf 89' lang='lat' dir='ltr'><strong>ipsius</strong></span> 
     </span>
    </p>
   </div>
   <div class='ocr_carea' id='block_1_77' title="bbox 2048 3062 3637 3131">
    <p class='ocr_par' dir='ltr' id='par_1_77' title="bbox 2048 3062 3637 3131">
     <span class='ocr_line' id='line_1_77' title="bbox 2048 3062 3637 3131; baseline 0.011 -17"><span class='ocrx_word' id='word_1_569' title='bbox 2048 3062 2430 3119; x_wconf 86' lang='lat' dir='ltr'><strong>invertihiliter</strong></span> <span class='ocrx_word' id='word_1_570' title='bbox 2486 3071 2541 3119; x_wconf 86' lang='lat' dir='ltr'><strong>et</strong></span> <span class='ocrx_word' id='word_1_571' title='bbox 2606 3066 3015 3122; x_wconf 89' lang='lat' dir='ltr'><strong>immutabiliter</strong></span> <span class='ocrx_word' id='word_1_572' title='bbox 3068 3082 3390 3127; x_wconf 84' lang='lat' dir='ltr'><strong>conservata</strong></span> <span class='ocrx_word' id='word_1_573' title='bbox 3461 3076 3637 3131; x_wconf 86' lang='lat' dir='ltr'><strong>deitas</strong></span> 
     </span>
    </p>
   </div>
   <div class='ocr_carea' id='block_1_78' title="bbox 1974 3138 3637 3235">
    <p class='ocr_par' dir='ltr' id='par_1_78' title="bbox 1974 3138 3637 3235">
     <span class='ocr_line' id='line_1_78' title="bbox 1974 3138 3637 3235; baseline 0.011 -29"><span class='ocrx_word' id='word_1_574' title='bbox 1974 3138 2015 3192; x_wconf 70' lang='grc' dir='ltr'>ο</span> <span class='ocrx_word' id='word_1_575' title='bbox 2053 3153 2244 3223; x_wconf 80' lang='lat' dir='ltr'><strong>fuerit,</strong></span> <span class='ocrx_word' id='word_1_576' title='bbox 2280 3157 2532 3212; x_wconf 88' lang='lat' dir='ltr'><strong>eumdem</strong></span> <span class='ocrx_word' id='word_1_577' title='bbox 2573 3166 2628 3212; x_wconf 86' lang='lat' dir='ltr'><strong>et</strong></span> <span class='ocrx_word' id='word_1_578' title='bbox 2673 3166 2802 3214; x_wconf 90' lang='lat' dir='ltr'><strong>tunc</strong></span> <span class='ocrx_word' id='word_1_579' title='bbox 2846 3159 3060 3215; x_wconf 85' lang='lat' dir='ltr'><strong>Israelis</strong></span> <span class='ocrx_word' id='word_1_580' title='bbox 3108 3174 3173 3216; x_wconf 85' lang='lat' dir='ltr'><strong>ex</strong></span> <span class='ocrx_word' id='word_1_581' title='bbox 3204 3160 3441 3235; x_wconf 68' lang='lat' dir='ltr'><strong>Egypto</strong></span> <span class='ocrx_word' id='word_1_582' title='bbox 3474 3181 3637 3223; x_wconf 80' lang='lat' dir='ltr'><strong>exce-</strong></span> 
     </span>
    </p>
   </div>
   <div class='ocr_carea' id='block_1_79' title="bbox 2049 3246 3639 3324">
    <p class='ocr_par' dir='ltr' id='par_1_79' title="bbox 2049 3246 3639 3324">
     <span class='ocr_line' id='line_1_79' title="bbox 2049 3246 3639 3324; baseline 0.009 -26"><span class='ocrx_word' id='word_1_583' title='bbox 2049 3246 2229 3301; x_wconf 90' lang='lat' dir='ltr'><strong>dentis</strong></span> <span class='ocrx_word' id='word_1_584' title='bbox 2280 3247 2628 3317; x_wconf 79' lang='lat' dir='ltr'><strong>Servatorem</strong></span> <span class='ocrx_word' id='word_1_585' title='bbox 2698 3249 3025 3315; x_wconf 88' lang='lat' dir='ltr'><strong>credamus,</strong></span> <span class='ocrx_word' id='word_1_586' title='bbox 3084 3265 3406 3324; x_wconf 88' lang='lat' dir='ltr'><strong>semperque</strong></span> <span class='ocrx_word' id='word_1_587' title='bbox 3461 3254 3639 3313; x_wconf 85' lang='lat' dir='ltr'><strong>Patris</strong></span> 
     </span>
    </p>
   </div>
   <div class='ocr_carea' id='block_1_80' title="bbox 2051 3335 3638 3420">
    <p class='ocr_par' dir='ltr' id='par_1_80' title="bbox 2051 3335 3638 3420">
     <span class='ocr_line' id='line_1_80' title="bbox 2051 3335 3638 3420; baseline 0.011 -32"><span class='ocrx_word' id='word_1_588' title='bbox 2051 3335 2286 3392; x_wconf 85' lang='lat' dir='ltr'><strong>Verbum</strong></span> <span class='ocrx_word' id='word_1_589' title='bbox 2322 3338 2509 3402; x_wconf 83' lang='lat' dir='ltr'><strong>fuisse,</strong></span> <span class='ocrx_word' id='word_1_590' title='bbox 2541 3340 2723 3396; x_wconf 90' lang='lat' dir='ltr'><strong>lumen</strong></span> <span class='ocrx_word' id='word_1_591' title='bbox 2757 3349 2921 3413; x_wconf 90' lang='lat' dir='ltr'><strong>atque</strong></span> <span class='ocrx_word' id='word_1_592' title='bbox 2961 3343 3329 3413; x_wconf 89' lang='lat' dir='ltr'><strong>splendorem,</strong></span> <span class='ocrx_word' id='word_1_593' title='bbox 3368 3356 3423 3403; x_wconf 90' lang='lat' dir='ltr'><strong>et</strong></span> <span class='ocrx_word' id='word_1_594' title='bbox 3462 3348 3638 3420; x_wconf 68' lang='lat' dir='ltr'><strong>dignas</strong></span> 
     </span>
    </p>
   </div>
   <div class='ocr_carea' id='block_1_81' title="bbox 2052 3428 3637 3507">
    <p class='ocr_par' dir='ltr' id='par_1_81' title="bbox 2052 3428 3637 3507">
     <span class='ocr_line' id='line_1_81' title="bbox 2052 3428 3637 3507; baseline 0.011 -27"><span class='ocrx_word' id='word_1_595' title='bbox 2052 3428 2159 3485; x_wconf 89' lang='lat' dir='ltr'><strong>Deo</strong></span> <span class='ocrx_word' id='word_1_596' title='bbox 2190 3431 2378 3500; x_wconf 73' lang='lat' dir='ltr'><strong>gloriae</strong></span> <span class='ocrx_word' id='word_1_597' title='bbox 2419 3441 2737 3500; x_wconf 88' lang='lat' dir='ltr'><strong>potestatem</strong></span> <span class='ocrx_word' id='word_1_598' title='bbox 2790 3434 3033 3491; x_wconf 85' lang='lat' dir='ltr'><strong>tenuisse</strong></span> <span class='ocrx_word' id='word_1_599' title='bbox 3063 3452 3079 3491; x_wconf 87' lang='lat'><strong>:</strong></span> <span class='ocrx_word' id='word_1_600' title='bbox 3116 3436 3348 3507; x_wconf 90' lang='lat' dir='ltr'><strong>ideoque</strong></span> <span class='ocrx_word' id='word_1_601' title='bbox 3389 3449 3443 3496; x_wconf 90' lang='lat' dir='ltr'><strong>et</strong></span> <span class='ocrx_word' id='word_1_602' title='bbox 3478 3443 3637 3499; x_wconf 86' lang='lat' dir='ltr'><strong>beato</strong></span> 
     </span>
    </p>
   </div>
   <div class='ocr_carea' id='block_1_82' title="bbox 2050 3521 3636 3606">
    <p class='ocr_par' dir='ltr' id='par_1_82' title="bbox 2050 3521 3636 3606">
     <span class='ocr_line' id='line_1_82' title="bbox 2050 3521 3636 3606; baseline 0.011 -31"><span class='ocrx_word' id='word_1_603' title='bbox 2050 3521 2216 3594; x_wconf 77' lang='lat' dir='ltr'><strong>Moysi</strong></span> <span class='ocrx_word' id='word_1_604' title='bbox 2246 3525 2461 3579; x_wconf 90' lang='lat' dir='ltr'><strong>dicebat</strong></span> <span class='ocrx_word' id='word_1_605' title='bbox 2492 3540 2505 3578; x_wconf 89' lang='lat'><strong>:</strong></span> <span class='ocrx_word' id='word_1_606' title='bbox 2541 3542 2559 3573; x_wconf 71' lang='grc' dir='ltr'><em>α</em></span> <span class='ocrx_word' id='word_1_607' title='bbox 2592 3524 2704 3597; x_wconf 82' lang='lat' dir='ltr'><strong>Ego</strong></span> <span class='ocrx_word' id='word_1_608' title='bbox 2726 3540 2842 3582; x_wconf 89' lang='lat' dir='ltr'><strong>sum</strong></span> <span class='ocrx_word' id='word_1_609' title='bbox 2869 3528 2961 3598; x_wconf 87' lang='lat' dir='ltr'><strong>qui</strong></span> <span class='ocrx_word' id='word_1_610' title='bbox 2986 3544 3104 3584; x_wconf 91' lang='lat' dir='ltr'><strong>sum</strong></span> <span class='ocrx_word' id='word_1_611' title='bbox 3127 3529 3203 3596; x_wconf 60' lang='lat'><strong>‘1;</strong></span> <span class='ocrx_word' id='word_1_612' title='bbox 3234 3551 3258 3585; x_wconf 74' lang='grc' dir='ltr'><strong>ι</strong></span> <span class='ocrx_word' id='word_1_613' title='bbox 3284 3542 3339 3588; x_wconf 91' lang='lat' dir='ltr'><strong>et</strong></span> <span class='ocrx_word' id='word_1_614' title='bbox 3370 3549 3470 3606; x_wconf 89' lang='lat' dir='ltr'><strong>ego</strong></span> <span class='ocrx_word' id='word_1_615' title='bbox 3496 3537 3636 3592; x_wconf 85' lang='lat' dir='ltr'><strong>Deus</strong></span> 
     </span>
    </p>
   </div>
   <div class='ocr_carea' id='block_1_83' title="bbox 2046 3613 3634 3684">
    <p class='ocr_par' dir='ltr' id='par_1_83' title="bbox 2046 3613 3634 3684">
     <span class='ocr_line' id='line_1_83' title="bbox 2046 3613 3634 3684; baseline 0.011 -18"><span class='ocrx_word' id='word_1_616' title='bbox 2046 3613 2362 3677; x_wconf 80' lang='lat' dir='ltr'><strong>Abrahami,</strong></span> <span class='ocrx_word' id='word_1_617' title='bbox 2387 3623 2442 3669; x_wconf 91' lang='lat' dir='ltr'><strong>et</strong></span> <span class='ocrx_word' id='word_1_618' title='bbox 2464 3613 2606 3670; x_wconf 88' lang='lat' dir='ltr'><strong>Deus</strong></span> <span class='ocrx_word' id='word_1_619' title='bbox 2631 3616 2825 3684; x_wconf 79' lang='lat' dir='ltr'><strong>lsaaci,</strong></span> <span class='ocrx_word' id='word_1_620' title='bbox 2859 3626 2914 3672; x_wconf 91' lang='lat' dir='ltr'><strong>et</strong></span> <span class='ocrx_word' id='word_1_621' title='bbox 2941 3617 3083 3676; x_wconf 86' lang='lat' dir='ltr'><strong>Deus</strong></span> <span class='ocrx_word' id='word_1_622' title='bbox 3104 3619 3289 3678; x_wconf 86' lang='lat' dir='ltr'><strong>Jacobi</strong></span> <span class='ocrx_word' id='word_1_623' title='bbox 3314 3624 3361 3656; x_wconf 81' lang='lat'><strong>&quot;</strong></span> <span class='ocrx_word' id='word_1_624' title='bbox 3390 3648 3401 3681; x_wconf 90' lang='lat'>:</span> <span class='ocrx_word' id='word_1_625' title='bbox 3430 3635 3480 3680; x_wconf 89' lang='lat' dir='ltr'><strong>et</strong></span> <span class='ocrx_word' id='word_1_626' title='bbox 3511 3626 3634 3684; x_wconf 86' lang='lat' dir='ltr'><strong>Filii</strong></span> 
     </span>
    </p>
   </div>
   <div class='ocr_carea' id='block_1_84' title="bbox 2046 3695 3635 3787">
    <p class='ocr_par' dir='ltr' id='par_1_84' title="bbox 2046 3695 3635 3787">
     <span class='ocr_line' id='line_1_84' title="bbox 2046 3695 3635 3787; baseline 0.011 -32"><span class='ocrx_word' id='word_1_627' title='bbox 2046 3705 2265 3774; x_wconf 87' lang='lat' dir='ltr'><strong>quidem</strong></span> <span class='ocrx_word' id='word_1_628' title='bbox 2290 3718 2485 3761; x_wconf 87' lang='lat' dir='ltr'><strong>nomen</strong></span> <span class='ocrx_word' id='word_1_629' title='bbox 2511 3716 2637 3761; x_wconf 83' lang='lat' dir='ltr'><strong>tunc</strong></span> <span class='ocrx_word' id='word_1_630' title='bbox 2668 3710 2963 3777; x_wconf 86' lang='lat' dir='ltr'><strong>sumpsisse</strong></span> <span class='ocrx_word' id='word_1_631' title='bbox 2986 3725 3107 3765; x_wconf 88' lang='lat' dir='ltr'><strong>cum</strong></span> <span class='ocrx_word' id='word_1_632' title='bbox 3143 3712 3317 3769; x_wconf 81' lang='lat' dir='ltr'><strong>factus</strong></span> <span class='ocrx_word' id='word_1_633' title='bbox 3340 3695 3421 3771; x_wconf 86' lang='lat' dir='ltr'><strong>est</strong></span> <span class='ocrx_word' id='word_1_634' title='bbox 3448 3719 3635 3787; x_wconf 87' lang='lat' dir='ltr'><strong>homo,</strong></span> 
     </span>
    </p>
   </div>
   <div class='ocr_carea' id='block_1_85' title="bbox 2046 3798 3632 3868">
    <p class='ocr_par' dir='ltr' id='par_1_85' title="bbox 2046 3798 3632 3868">
     <span class='ocr_line' id='line_1_85' title="bbox 2046 3798 3632 3868; baseline 0.009 -18"><span class='ocrx_word' id='word_1_635' title='bbox 2046 3798 2391 3854; x_wconf 86' lang='lat' dir='ltr'><strong>adunatiouis</strong></span> <span class='ocrx_word' id='word_1_636' title='bbox 2434 3799 2628 3868; x_wconf 84' lang='lat' dir='ltr'><strong>gratia,</strong></span> <span class='ocrx_word' id='word_1_637' title='bbox 2667 3809 2721 3853; x_wconf 91' lang='lat' dir='ltr'><strong>et</strong></span> <span class='ocrx_word' id='word_1_638' title='bbox 2773 3801 2898 3868; x_wconf 88' lang='lat' dir='ltr'><strong>quia</strong></span> <span class='ocrx_word' id='word_1_639' title='bbox 2939 3801 3231 3858; x_wconf 86' lang='lat' dir='ltr'><strong>humanam</strong></span> <span class='ocrx_word' id='word_1_640' title='bbox 3265 3810 3632 3865; x_wconf 87' lang='lat' dir='ltr'><strong>conditionem</strong></span> 
     </span>
    </p>
   </div>
   <div class='ocr_carea' id='block_1_86' title="bbox 2046 3890 3637 3959">
    <p class='ocr_par' dir='ltr' id='par_1_86' title="bbox 2046 3890 3637 3959">
     <span class='ocr_line' id='line_1_86' title="bbox 2046 3890 3637 3959; baseline 0.008 -17"><span class='ocrx_word' id='word_1_641' title='bbox 2046 3890 2375 3959; x_wconf 85' lang='lat' dir='ltr'><strong>assumpsit,</strong></span> <span class='ocrx_word' id='word_1_642' title='bbox 2431 3906 2538 3944; x_wconf 92' lang='lat' dir='ltr'><strong>non</strong></span> <span class='ocrx_word' id='word_1_643' title='bbox 2582 3891 2634 3944; x_wconf 94' lang='lat' dir='ltr'><strong>in</strong></span> <span class='ocrx_word' id='word_1_644' title='bbox 2679 3892 2894 3947; x_wconf 82' lang='lat' dir='ltr'><strong>homine</strong></span> <span class='ocrx_word' id='word_1_645' title='bbox 2949 3892 3211 3949; x_wconf 78' lang='lat' dir='ltr'><strong>habitavit</strong></span> <span class='ocrx_word' id='word_1_646' title='bbox 3257 3915 3270 3951; x_wconf 92' lang='lat'><strong>:</strong></span> <span class='ocrx_word' id='word_1_647' title='bbox 3321 3909 3375 3952; x_wconf 88' lang='lat' dir='ltr'><strong>et</strong></span> <span class='ocrx_word' id='word_1_648' title='bbox 3412 3900 3540 3954; x_wconf 91' lang='lat' dir='ltr'><strong>olim</strong></span> <span class='ocrx_word' id='word_1_649' title='bbox 3580 3914 3637 3956; x_wconf 85' lang='lat' dir='ltr'><strong>et</strong></span> 
     </span>
    </p>
   </div>
   <div class='ocr_carea' id='block_1_87' title="bbox 2046 3978 3633 4060">
    <p class='ocr_par' dir='ltr' id='par_1_87' title="bbox 2046 3978 3633 4060">
     <span class='ocr_line' id='line_1_87' title="bbox 2046 3978 3633 4060; baseline 0.008 -25"><span class='ocrx_word' id='word_1_650' title='bbox 2046 3996 2189 4035; x_wconf 87' lang='lat' dir='ltr'><strong>nunc</strong></span> <span class='ocrx_word' id='word_1_651' title='bbox 2212 3983 2312 4035; x_wconf 85' lang='lat' dir='ltr'><strong>sub</strong></span> <span class='ocrx_word' id='word_1_652' title='bbox 2351 3978 2481 4035; x_wconf 83' lang='lat' dir='ltr'><strong>Jesu</strong></span> <span class='ocrx_word' id='word_1_653' title='bbox 2523 3981 2839 4051; x_wconf 80' lang='lat' dir='ltr'><strong>ChriStique</strong></span> <span class='ocrx_word' id='word_1_654' title='bbox 2887 3986 3244 4052; x_wconf 82' lang='lat' dir='ltr'><strong>appellatione</strong></span> <span class='ocrx_word' id='word_1_655' title='bbox 3267 3988 3334 4043; x_wconf 88' lang='lat' dir='ltr'><strong>ab</strong></span> <span class='ocrx_word' id='word_1_656' title='bbox 3375 3990 3633 4060; x_wconf 87' lang='lat' dir='ltr'><strong>inspirata</strong></span> 
     </span>
    </p>
   </div>
   <div class='ocr_carea' id='block_1_88' title="bbox 2045 4061 3546 4148">
    <p class='ocr_par' dir='ltr' id='par_1_88' title="bbox 2045 4061 3546 4148">
     <span class='ocr_line' id='line_1_88' title="bbox 2045 4061 3546 4148; baseline 0.007 -21"><span class='ocrx_word' id='word_1_657' title='bbox 2045 4075 2306 4131; x_wconf 87' lang='lat' dir='ltr'><strong>divinitus</strong></span> <span class='ocrx_word' id='word_1_658' title='bbox 2342 4074 2624 4141; x_wconf 87' lang='lat' dir='ltr'><strong>Scriptura</strong></span> <span class='ocrx_word' id='word_1_659' title='bbox 2662 4086 3024 4132; x_wconf 88' lang='lat' dir='ltr'><strong>consectanee</strong></span> <span class='ocrx_word' id='word_1_660' title='bbox 3054 4078 3364 4148; x_wconf 82' lang='lat' dir='ltr'><strong>gloriﬁcari.</strong></span> <span class='ocrx_word' id='word_1_661' title='bbox 3530 4061 3546 4072; x_wconf 51' lang='grc'><strong><em>⁸</em></strong></span> 
     </span>
    </p>
   </div>
   <div class='ocr_carea' id='block_1_89' title="bbox 2120 4248 3633 4318">
    <p class='ocr_par' dir='ltr' id='par_1_89' title="bbox 2120 4248 3633 4318">
     <span class='ocr_line' id='line_1_89' title="bbox 2120 4248 3633 4318; baseline 0.005 -16"><span class='ocrx_word' id='word_1_662' title='bbox 2120 4249 2170 4305; x_wconf 88' lang='grc'><strong>7.</strong></span> <span class='ocrx_word' id='word_1_663' title='bbox 2212 4248 2389 4318; x_wconf 83' lang='lat' dir='ltr'><strong>Atque</strong></span> <span class='ocrx_word' id='word_1_664' title='bbox 2414 4249 2517 4304; x_wconf 86' lang='lat' dir='ltr'><strong>hoc</strong></span> <span class='ocrx_word' id='word_1_665' title='bbox 2553 4257 2930 4318; x_wconf 83' lang='lat' dir='ltr'><strong>argumentum</strong></span> <span class='ocrx_word' id='word_1_666' title='bbox 2952 4248 3209 4318; x_wconf 70' lang='lat' dir='ltr'><strong>&#39;plurihns</strong></span> <span class='ocrx_word' id='word_1_667' title='bbox 3239 4249 3420 4307; x_wconf 84' lang='lat' dir='ltr'><strong>verbis</strong></span> <span class='ocrx_word' id='word_1_668' title='bbox 3450 4252 3633 4309; x_wconf 85' lang='lat' dir='ltr'><strong>videro</strong></span> 
     </span>
    </p>
   </div>
   <div class='ocr_carea' id='block_1_90' title="bbox 2045 4339 3633 4411">
    <p class='ocr_par' dir='ltr' id='par_1_90' title="bbox 2045 4339 3633 4411">
     <span class='ocr_line' id='line_1_90' title="bbox 2045 4339 3633 4411; baseline 0.003 -16"><span class='ocrx_word' id='word_1_669' title='bbox 2045 4340 2171 4396; x_wconf 88' lang='lat' dir='ltr'><strong>licet</strong></span> <span class='ocrx_word' id='word_1_670' title='bbox 2198 4358 2226 4397; x_wconf 91' lang='lat' dir='ltr'><strong>a</strong></span> <span class='ocrx_word' id='word_1_671' title='bbox 2245 4342 2453 4397; x_wconf 89' lang='lat' dir='ltr'><strong>sanctis</strong></span> <span class='ocrx_word' id='word_1_672' title='bbox 2472 4342 2604 4396; x_wconf 87' lang='lat' dir='ltr'><strong>viris</strong></span> <span class='ocrx_word' id='word_1_673' title='bbox 2632 4341 3017 4411; x_wconf 69' lang='lat' dir='ltr'><strong>pra-dicatum;</strong></span> <span class='ocrx_word' id='word_1_674' title='bbox 3051 4339 3284 4396; x_wconf 85' lang='lat' dir='ltr'><strong>Jeretnia</strong></span> <span class='ocrx_word' id='word_1_675' title='bbox 3308 4345 3522 4411; x_wconf 87' lang='lat' dir='ltr'><strong>quidem</strong></span> <span class='ocrx_word' id='word_1_676' title='bbox 3549 4348 3633 4402; x_wconf 89' lang='lat' dir='ltr'><strong>di-</strong></span> 
     </span>
    </p>
   </div>
   <div class='ocr_carea' id='block_1_91' title="bbox 338 4431 1947 4526">
    <p class='ocr_par' dir='ltr' id='par_1_91' title="bbox 338 4435 1938 4512">
     <span class='ocr_line' id='line_1_91' title="bbox 338 4435 1938 4512; baseline 0.003 -21"><span class='ocrx_word' id='word_1_677' title='bbox 338 4437 505 4509; x_wconf 79' lang='grc' dir='ltr'>δρῶν</span> <span class='ocrx_word' id='word_1_678' title='bbox 527 4453 544 4467; x_wconf 75' lang='grc'><strong><em>⁸</em></strong></span> <span class='ocrx_word' id='word_1_679' title='bbox 571 4435 665 4490; x_wconf 80' lang='grc' dir='ltr'><strong>τοῦ</strong></span> <span class='ocrx_word' id='word_1_680' title='bbox 713 4438 810 4508; x_wconf 79' lang='grc' dir='ltr'>μὲν</span> <span class='ocrx_word' id='word_1_681' title='bbox 857 4438 1127 4509; x_wconf 81' lang='grc' dir='ltr'>Ἰερεμίου</span> <span class='ocrx_word' id='word_1_682' title='bbox 1161 4440 1459 4512; x_wconf 68' lang='grc' dir='ltr'>διαρρήδην</span> <span class='ocrx_word' id='word_1_683' title='bbox 1492 4440 1752 4511; x_wconf 75' lang='grc' dir='ltr'>βοῶντος·</span> <span class='ocrx_word' id='word_1_684' title='bbox 1792 4462 1809 4493; x_wconf 81' lang='lat' dir='ltr'><strong>t</strong></span> <span class='ocrx_word' id='word_1_685' title='bbox 1835 4435 1938 4495; x_wconf 75' lang='grc' dir='ltr'><strong>Οὗ-</strong></span> 
     </span>
    </p>
   </div>
   <div class='ocr_carea' id='block_1_92' title="bbox 2053 4431 3631 4526">
    <p class='ocr_par' dir='ltr' id='par_1_92' title="bbox 2053 4431 3631 4505">
     <span class='ocr_line' id='line_1_92' title="bbox 2053 4431 3631 4505; baseline 0.005 -18"><span class='ocrx_word' id='word_1_686' title='bbox 2053 4443 2189 4489; x_wconf 81' lang='lat' dir='ltr'><strong>serte</strong></span> <span class='ocrx_word' id='word_1_687' title='bbox 2224 4433 2533 4489; x_wconf 86' lang='lat' dir='ltr'><strong>clamante:</strong></span> <span class='ocrx_word' id='word_1_688' title='bbox 2577 4451 2597 4486; x_wconf 73' lang='grc' dir='ltr'><strong>ι</strong></span> <span class='ocrx_word' id='word_1_689' title='bbox 2628 4432 2725 4487; x_wconf 82' lang='lat' dir='ltr'><strong>Hic</strong></span> <span class='ocrx_word' id='word_1_690' title='bbox 2755 4431 2894 4486; x_wconf 89' lang='lat' dir='ltr'><strong>Deus</strong></span> <span class='ocrx_word' id='word_1_691' title='bbox 2924 4443 3111 4486; x_wconf 82' lang='lat' dir='ltr'><strong>noster</strong></span> <span class='ocrx_word' id='word_1_692' title='bbox 3139 4444 3243 4499; x_wconf 88' lang='lat' dir='ltr'><strong>est,</strong></span> <span class='ocrx_word' id='word_1_693' title='bbox 3281 4450 3453 4505; x_wconf 88' lang='lat' dir='ltr'><strong>neque</strong></span> <span class='ocrx_word' id='word_1_694' title='bbox 3493 4438 3631 4496; x_wconf 88' lang='lat' dir='ltr'><strong>alius</strong></span> 
     </span>
    </p>
   </div>
   <div class='ocr_carea' id='block_1_93' title="bbox 342 4529 1941 4607">
    <p class='ocr_par' dir='ltr' id='par_1_93' title="bbox 342 4529 1941 4607">
     <span class='ocr_line' id='line_1_93' title="bbox 342 4529 1941 4607; baseline 0.004 -25"><span class='ocrx_word' id='word_1_695' title='bbox 342 4547 446 4592; x_wconf 81' lang='grc' dir='ltr'><strong>τος</strong></span> <span class='ocrx_word' id='word_1_696' title='bbox 474 4531 506 4583; x_wconf 86' lang='grc' dir='ltr'>ὁ</span> <span class='ocrx_word' id='word_1_697' title='bbox 539 4529 670 4593; x_wconf 77' lang='grc' dir='ltr'>Θεὸς</span> <span class='ocrx_word' id='word_1_698' title='bbox 705 4530 883 4601; x_wconf 71' lang='grc' dir='ltr'>ἡμῶν,</span> <span class='ocrx_word' id='word_1_699' title='bbox 922 4533 986 4584; x_wconf 76' lang='grc' dir='ltr'><strong>οὐ</strong></span> <span class='ocrx_word' id='word_1_700' title='bbox 1029 4533 1413 4604; x_wconf 73' lang='grc' dir='ltr'>λογισθήσεται</span> <span class='ocrx_word' id='word_1_701' title='bbox 1456 4535 1642 4606; x_wconf 76' lang='grc' dir='ltr'>ἕτερος</span> <span class='ocrx_word' id='word_1_702' title='bbox 1675 4536 1812 4607; x_wconf 74' lang='grc' dir='ltr'>πρὸς</span> <span class='ocrx_word' id='word_1_703' title='bbox 1842 4537 1941 4589; x_wconf 76' lang='grc' dir='ltr'>αύ-</span> 
     </span>
    </p>
   </div>
   <div class='ocr_carea' id='block_1_94' title="bbox 340 4620 1937 4698">
    <p class='ocr_par' dir='ltr' id='par_1_94' title="bbox 340 4620 1937 4698">
     <span class='ocr_line' id='line_1_94' title="bbox 340 4620 1937 4698; baseline 0.002 -23"><span class='ocrx_word' id='word_1_704' title='bbox 340 4621 485 4675; x_wconf 80' lang='grc' dir='ltr'>τόν·</span> <span class='ocrx_word' id='word_1_705' title='bbox 534 4620 758 4692; x_wconf 76' lang='grc' dir='ltr'>ἐξεῦρεν</span> <span class='ocrx_word' id='word_1_706' title='bbox 808 4625 988 4676; x_wconf 77' lang='grc' dir='ltr'>πᾶσαν</span> <span class='ocrx_word' id='word_1_707' title='bbox 1032 4625 1151 4678; x_wconf 71' lang='grc' dir='ltr'>ὁδὸν</span> <span class='ocrx_word' id='word_1_708' title='bbox 1201 4627 1544 4698; x_wconf 79' lang='grc' dir='ltr'>ἐπιστήμης,</span> <span class='ocrx_word' id='word_1_709' title='bbox 1583 4627 1677 4679; x_wconf 74' lang='grc' dir='ltr'>καὶ</span> <span class='ocrx_word' id='word_1_710' title='bbox 1738 4627 1937 4680; x_wconf 79' lang='grc' dir='ltr'>ἔδωκεν</span> 
     </span>
    </p>
   </div>
   <div class='ocr_carea' id='block_1_95' title="bbox 338 4712 1940 4789">
    <p class='ocr_par' dir='ltr' id='par_1_95' title="bbox 338 4712 1940 4789">
     <span class='ocr_line' id='line_1_95' title="bbox 338 4712 1940 4789; baseline 0.022 -25"><span class='ocrx_word' id='word_1_711' title='bbox 338 4713 531 4784; x_wconf 69' lang='grc' dir='ltr'>αὐτὴν</span> <span class='ocrx_word' id='word_1_712' title='bbox 567 4712 763 4766; x_wconf 78' lang='grc' dir='ltr'><strong>’ἰακὼό</strong></span> <span class='ocrx_word' id='word_1_713' title='bbox 803 4713 883 4783; x_wconf 76' lang='grc' dir='ltr'><strong>τῷ</strong></span> <span class='ocrx_word' id='word_1_714' title='bbox 922 4714 1071 4767; x_wconf 59' lang='grc' dir='ltr'>παιδὶ</span> <span class='ocrx_word' id='word_1_715' title='bbox 1109 4716 1273 4768; x_wconf 65' lang='grc' dir='ltr'>αὑτοῦ</span> <span class='ocrx_word' id='word_1_716' title='bbox 1296 4759 1309 4783; x_wconf 74' lang='grc' dir='ltr'><strong>ν</strong></span> <span class='ocrx_word' id='word_1_717' title='bbox 1338 4718 1667 4789; x_wconf 53' lang='grc' dir='ltr'>καῖἰσραὴλ</span> <span class='ocrx_word' id='word_1_718' title='bbox 1695 4719 1773 4787; x_wconf 75' lang='grc' dir='ltr'>τῷ</span> <span class='ocrx_word' id='word_1_719' title='bbox 1802 4720 1940 4787; x_wconf 45' lang='lat' dir='ltr'><strong>iw“-</strong></span> 
     </span>
    </p>
   </div>
   <div class='ocr_carea' id='block_1_96' title="bbox 336 4805 1937 4880">
    <p class='ocr_par' dir='ltr' id='par_1_96' title="bbox 336 4805 1937 4880">
     <span class='ocr_line' id='line_1_96' title="bbox 336 4805 1937 4880; baseline 0.003 -23"><span class='ocrx_word' id='word_1_720' title='bbox 336 4805 591 4875; x_wconf 78' lang='grc' dir='ltr'>πημένῳ</span> <span class='ocrx_word' id='word_1_721' title='bbox 615 4805 708 4858; x_wconf 78' lang='grc' dir='ltr'>ὑπ’</span> <span class='ocrx_word' id='word_1_722' title='bbox 736 4805 933 4859; x_wconf 76' lang='grc' dir='ltr'>αὐτοῦ’</span> <span class='ocrx_word' id='word_1_723' title='bbox 978 4807 1118 4877; x_wconf 73' lang='grc' dir='ltr'>μετὰ</span> <span class='ocrx_word' id='word_1_724' title='bbox 1151 4808 1322 4862; x_wconf 82' lang='grc' dir='ltr'>ταῦτα</span> <span class='ocrx_word' id='word_1_725' title='bbox 1357 4811 1449 4862; x_wconf 76' lang='grc' dir='ltr'>ἐπὶ</span> <span class='ocrx_word' id='word_1_726' title='bbox 1481 4810 1582 4879; x_wconf 80' lang='grc' dir='ltr'>τῆς</span> <span class='ocrx_word' id='word_1_727' title='bbox 1609 4811 1713 4880; x_wconf 80' lang='grc' dir='ltr'>γῆς</span> <span class='ocrx_word' id='word_1_728' title='bbox 1756 4808 1937 4878; x_wconf 69' lang='grc' dir='ltr'>ὤφθη,</span> 
     </span>
    </p>
   </div>
   <div class='ocr_carea' id='block_1_97' title="bbox 335 4894 1939 4969">
    <p class='ocr_par' dir='ltr' id='par_1_97' title="bbox 335 4894 1939 4969">
     <span class='ocr_line' id='line_1_97' title="bbox 335 4894 1939 4969; baseline 0.001 -20"><span class='ocrx_word' id='word_1_729' title='bbox 335 4897 448 4950; x_wconf 78' lang='grc' dir='ltr'>καὶ</span> <span class='ocrx_word' id='word_1_730' title='bbox 473 4897 592 4958; x_wconf 83' lang='grc' dir='ltr'>τοῖς</span> <span class='ocrx_word' id='word_1_731' title='bbox 615 4894 925 4966; x_wconf 77' lang='grc' dir='ltr'>ἀνθρώποις</span> <span class='ocrx_word' id='word_1_732' title='bbox 950 4900 1359 4969; x_wconf 76' lang='grc' dir='ltr'>συνανεστρᾶφη</span> <span class='ocrx_word' id='word_1_733' title='bbox 1382 4916 1395 4930; x_wconf 81' lang='grc'><em>’</em></span> <span class='ocrx_word' id='word_1_734' title='bbox 1411 4918 1429 4950; x_wconf 77' lang='grc' dir='ltr'><strong>ι</strong></span> <span class='ocrx_word' id='word_1_735' title='bbox 1466 4897 1564 4951; x_wconf 87' lang='grc' dir='ltr'><strong>τοῦ</strong></span> <span class='ocrx_word' id='word_1_736' title='bbox 1585 4898 1640 4951; x_wconf 81' lang='grc' dir='ltr'><strong>δὲ</strong></span> <span class='ocrx_word' id='word_1_737' title='bbox 1663 4899 1939 4968; x_wconf 76' lang='grc' dir='ltr'>ύμνογρά-</span> 
     </span>
    </p>
   </div>
   <div class='ocr_carea' id='block_1_98' title="bbox 330 4987 1938 5062">
    <p class='ocr_par' dir='ltr' id='par_1_98' title="bbox 330 4987 1938 5062">
     <span class='ocr_line' id='line_1_98' title="bbox 330 4987 1938 5062; baseline -0.001 -19"><span class='ocrx_word' id='word_1_738' title='bbox 330 5006 452 5060; x_wconf 71' lang='lat' dir='ltr'><strong>(pou</strong></span> <span class='ocrx_word' id='word_1_739' title='bbox 482 4987 856 5060; x_wconf 81' lang='grc' dir='ltr'>μελῳδοῦντος</span> <span class='ocrx_word' id='word_1_740' title='bbox 897 4989 1117 5043; x_wconf 77' lang='grc' dir='ltr'><strong>Δαϐίδ·‹</strong></span> <span class='ocrx_word' id='word_1_741' title='bbox 1139 4991 1338 5062; x_wconf 76' lang='grc' dir='ltr'>Μήτηρ</span> <span class='ocrx_word' id='word_1_742' title='bbox 1365 4991 1440 5060; x_wconf 89' lang='lat' dir='ltr'><strong>(l)</strong></span> <span class='ocrx_word' id='word_1_743' title='bbox 1470 4990 1608 5045; x_wconf 84' lang='grc' dir='ltr'>Σιὼν</span> <span class='ocrx_word' id='word_1_744' title='bbox 1633 4992 1776 5061; x_wconf 78' lang='grc' dir='ltr'>ἐρεῖ’</span> <span class='ocrx_word' id='word_1_745' title='bbox 1812 4992 1938 5042; x_wconf 80' lang='grc' dir='ltr'>Ἀν-</span> 
     </span>
    </p>
   </div>
   <div class='ocr_carea' id='block_1_99' title="bbox 2047 4524 3632 4597">
    <p class='ocr_par' dir='ltr' id='par_1_99' title="bbox 2047 4524 3632 4597">
     <span class='ocr_line' id='line_1_99' title="bbox 2047 4524 3632 4597; baseline 0.005 -18"><span class='ocrx_word' id='word_1_746' title='bbox 2047 4529 2332 4597; x_wconf 88' lang='lat' dir='ltr'><strong>quisquam</strong></span> <span class='ocrx_word' id='word_1_747' title='bbox 2356 4541 2478 4582; x_wconf 92' lang='lat' dir='ltr'><strong>cum</strong></span> <span class='ocrx_word' id='word_1_748' title='bbox 2505 4540 2568 4581; x_wconf 89' lang='lat' dir='ltr'><strong>eo</strong></span> <span class='ocrx_word' id='word_1_749' title='bbox 2592 4524 2998 4594; x_wconf 83' lang='lat' dir='ltr'><strong>comparabitur</strong></span> <span class='ocrx_word' id='word_1_750' title='bbox 3025 4541 3037 4578; x_wconf 91' lang='lat'><strong>:</strong></span> <span class='ocrx_word' id='word_1_751' title='bbox 3072 4524 3185 4594; x_wconf 88' lang='lat' dir='ltr'><strong>ipse</strong></span> <span class='ocrx_word' id='word_1_752' title='bbox 3212 4541 3427 4582; x_wconf 85' lang='lat' dir='ltr'><strong>onmem</strong></span> <span class='ocrx_word' id='word_1_753' title='bbox 3460 4531 3632 4586; x_wconf 89' lang='lat' dir='ltr'><strong>scicn-</strong></span> 
     </span>
    </p>
   </div>
   <div class='ocr_carea' id='block_1_100' title="bbox 2047 4617 3629 4693">
    <p class='ocr_par' dir='ltr' id='par_1_100' title="bbox 2047 4617 3629 4693">
     <span class='ocr_line' id='line_1_100' title="bbox 2047 4617 3629 4693; baseline 0.004 -20"><span class='ocrx_word' id='word_1_754' title='bbox 2047 4620 2134 4674; x_wconf 76' lang='lat' dir='ltr'><strong>tia:</strong></span> <span class='ocrx_word' id='word_1_755' title='bbox 2154 4621 2404 4676; x_wconf 88' lang='lat' dir='ltr'><strong>semitam</strong></span> <span class='ocrx_word' id='word_1_756' title='bbox 2426 4618 2721 4682; x_wconf 86' lang='lat' dir='ltr'><strong>adiuvenit,</strong></span> <span class='ocrx_word' id='word_1_757' title='bbox 2748 4617 3078 4684; x_wconf 85' lang='lat' dir='ltr'><strong>tradiditque</strong></span> <span class='ocrx_word' id='word_1_758' title='bbox 3103 4631 3221 4670; x_wconf 80' lang='lat' dir='ltr'><strong>cant</strong></span> <span class='ocrx_word' id='word_1_759' title='bbox 3243 4617 3442 4676; x_wconf 84' lang='lat' dir='ltr'><strong>Jacobo</strong></span> <span class='ocrx_word' id='word_1_760' title='bbox 3463 4639 3629 4693; x_wconf 87' lang='lat' dir='ltr'><strong>puero</strong></span> 
     </span>
    </p>
   </div>
   <div class='ocr_carea' id='block_1_101' title="bbox 2042 4705 3629 4774">
    <p class='ocr_par' dir='ltr' id='par_1_101' title="bbox 2042 4705 3629 4774">
     <span class='ocr_line' id='line_1_101' title="bbox 2042 4705 3629 4774; baseline 0.003 -9"><span class='ocrx_word' id='word_1_761' title='bbox 2042 4724 2163 4774; x_wconf 87' lang='lat' dir='ltr'><strong>suo,</strong></span> <span class='ocrx_word' id='word_1_762' title='bbox 2193 4721 2247 4765; x_wconf 89' lang='lat' dir='ltr'><strong>et</strong></span> <span class='ocrx_word' id='word_1_763' title='bbox 2276 4709 2458 4765; x_wconf 89' lang='lat' dir='ltr'><strong>lsraeli</strong></span> <span class='ocrx_word' id='word_1_764' title='bbox 2496 4708 2692 4763; x_wconf 88' lang='lat' dir='ltr'><strong>dilecto</strong></span> <span class='ocrx_word' id='word_1_765' title='bbox 2734 4723 2854 4762; x_wconf 93' lang='lat' dir='ltr'><strong>suo.</strong></span> <span class='ocrx_word' id='word_1_766' title='bbox 2882 4705 3013 4763; x_wconf 88' lang='lat' dir='ltr'><strong>Post</strong></span> <span class='ocrx_word' id='word_1_767' title='bbox 3055 4708 3171 4764; x_wconf 70' lang='lat' dir='ltr'><strong>haec</strong></span> <span class='ocrx_word' id='word_1_768' title='bbox 3204 4711 3255 4765; x_wconf 93' lang='lat' dir='ltr'><strong>in</strong></span> <span class='ocrx_word' id='word_1_769' title='bbox 3301 4722 3441 4768; x_wconf 86' lang='lat' dir='ltr'><strong>terra</strong></span> <span class='ocrx_word' id='word_1_770' title='bbox 3481 4716 3629 4772; x_wconf 73' lang='lat' dir='ltr'><strong>visus</strong></span> 
     </span>
    </p>
   </div>
   <div class='ocr_carea' id='block_1_102' title="bbox 2043 4799 3625 4871">
    <p class='ocr_par' dir='ltr' id='par_1_102' title="bbox 2043 4799 3625 4871">
     <span class='ocr_line' id='line_1_102' title="bbox 2043 4799 3625 4871; baseline 0.003 -15"><span class='ocrx_word' id='word_1_771' title='bbox 2043 4810 2144 4865; x_wconf 87' lang='lat' dir='ltr'><strong>est,</strong></span> <span class='ocrx_word' id='word_1_772' title='bbox 2189 4811 2243 4855; x_wconf 92' lang='lat' dir='ltr'><strong>et</strong></span> <span class='ocrx_word' id='word_1_773' title='bbox 2276 4816 2398 4855; x_wconf 88' lang='lat' dir='ltr'><strong>cum</strong></span> <span class='ocrx_word' id='word_1_774' title='bbox 2456 4799 2766 4855; x_wconf 88' lang='lat' dir='ltr'><strong>hominibus</strong></span> <span class='ocrx_word' id='word_1_775' title='bbox 2824 4814 3180 4859; x_wconf 79' lang='lat' dir='ltr'><strong>conversatus</strong></span> <span class='ocrx_word' id='word_1_776' title='bbox 3214 4815 3298 4858; x_wconf 89' lang='lat' dir='ltr'><strong>est</strong></span> <span class='ocrx_word' id='word_1_777' title='bbox 3327 4805 3405 4871; x_wconf 78' lang='grc'><strong>³³;</strong></span> <span class='ocrx_word' id='word_1_778' title='bbox 3444 4826 3462 4859; x_wconf 74' lang='grc' dir='ltr'><strong>ι</strong></span> <span class='ocrx_word' id='word_1_779' title='bbox 3514 4816 3625 4860; x_wconf 84' lang='grc' dir='ltr'>ιιιιιι</span> 
     </span>
    </p>
   </div>
   <div class='ocr_carea' id='block_1_103' title="bbox 2042 4893 3624 4964">
    <p class='ocr_par' dir='ltr' id='par_1_103' title="bbox 2042 4893 3624 4964">
     <span class='ocr_line' id='line_1_103' title="bbox 2042 4893 3624 4964; baseline 0.001 -15"><span class='ocrx_word' id='word_1_780' title='bbox 2042 4896 2202 4949; x_wconf 86' lang='lat' dir='ltr'><strong>etiam</strong></span> <span class='ocrx_word' id='word_1_781' title='bbox 2245 4893 2652 4964; x_wconf 83' lang='lat' dir='ltr'><strong>hyntnographo</strong></span> <span class='ocrx_word' id='word_1_782' title='bbox 2686 4904 2918 4950; x_wconf 88' lang='lat' dir='ltr'><strong>canente</strong></span> <span class='ocrx_word' id='word_1_783' title='bbox 2953 4893 3154 4952; x_wconf 83' lang='lat' dir='ltr'><strong>Davitle</strong></span> <span class='ocrx_word' id='word_1_784' title='bbox 3197 4914 3209 4951; x_wconf 93' lang='lat'>:</span> <span class='ocrx_word' id='word_1_785' title='bbox 3250 4919 3269 4948; x_wconf 73' lang='grc' dir='ltr'><strong>τ</strong></span> <span class='ocrx_word' id='word_1_786' title='bbox 3298 4897 3466 4953; x_wconf 78' lang='lat' dir='ltr'><strong>Mater</strong></span> <span class='ocrx_word' id='word_1_787' title='bbox 3496 4897 3624 4952; x_wconf 90' lang='lat' dir='ltr'><strong>Sion</strong></span> 
     </span>
    </p>
   </div>
   <div class='ocr_carea' id='block_1_104' title="bbox 2043 4984 3626 5056">
    <p class='ocr_par' dir='ltr' id='par_1_104' title="bbox 2043 4984 3626 5056">
     <span class='ocr_line' id='line_1_104' title="bbox 2043 4984 3626 5056; baseline -0.001 -15"><span class='ocrx_word' id='word_1_788' title='bbox 2043 4990 2186 5041; x_wconf 84' lang='lat' dir='ltr'><strong>tlicel</strong></span> <span class='ocrx_word' id='word_1_789' title='bbox 2208 5005 2222 5042; x_wconf 85' lang='lat'><strong>:</strong></span> <span class='ocrx_word' id='word_1_790' title='bbox 2246 4984 2437 5050; x_wconf 82' lang='lat' dir='ltr'><strong>llonto,</strong></span> <span class='ocrx_word' id='word_1_791' title='bbox 2457 4994 2510 5041; x_wconf 84' lang='lat' dir='ltr'><strong>et</strong></span> <span class='ocrx_word' id='word_1_792' title='bbox 2532 4986 2690 5042; x_wconf 89' lang='lat' dir='ltr'><strong>homo</strong></span> <span class='ocrx_word' id='word_1_793' title='bbox 2710 4999 2868 5041; x_wconf 85' lang='lat' dir='ltr'><strong>natus</strong></span> <span class='ocrx_word' id='word_1_794' title='bbox 2884 4996 2968 5043; x_wconf 86' lang='lat' dir='ltr'><strong>est</strong></span> <span class='ocrx_word' id='word_1_795' title='bbox 2987 4988 3039 5043; x_wconf 91' lang='lat' dir='ltr'><strong>in</strong></span> <span class='ocrx_word' id='word_1_796' title='bbox 3062 5003 3149 5053; x_wconf 90' lang='lat' dir='ltr'><strong>ea,</strong></span> <span class='ocrx_word' id='word_1_797' title='bbox 3169 4999 3221 5041; x_wconf 84' lang='lat' dir='ltr'><strong>ct</strong></span> <span class='ocrx_word' id='word_1_798' title='bbox 3246 4988 3358 5056; x_wconf 84' lang='lat' dir='ltr'><strong>ipse</strong></span> <span class='ocrx_word' id='word_1_799' title='bbox 3384 4986 3626 5039; x_wconf 75' lang='lat' dir='ltr'><strong>fundavit</strong></span> 
     </span>
    </p>
   </div>
   <div class='ocr_carea' id='block_1_105' title="bbox 415 5146 1947 5214">
    <p class='ocr_par' dir='ltr' id='par_1_105' title="bbox 415 5148 1946 5214">
     <span class='ocr_line' id='line_1_105' title="bbox 415 5148 1946 5214; baseline -0.001 -11"><span class='ocrx_word' id='word_1_800' title='bbox 415 5148 476 5180; x_wconf 79' lang='grc'><strong>⁸⁸</strong></span> <span class='ocrx_word' id='word_1_801' title='bbox 514 5149 706 5203; x_wconf 72' lang='lat' dir='ltr'><strong>Matth.</strong></span> <span class='ocrx_word' id='word_1_802' title='bbox 736 5164 872 5213; x_wconf 70' lang='grc' dir='ltr'>χχιι,</span> <span class='ocrx_word' id='word_1_803' title='bbox 902 5148 991 5203; x_wconf 68' lang='grc' dir='ltr'>Ξθι</span> <span class='ocrx_word' id='word_1_804' title='bbox 1068 5149 1110 5182; x_wconf 82' lang='grc'><strong>³¹</strong></span> <span class='ocrx_word' id='word_1_805' title='bbox 1149 5148 1318 5204; x_wconf 64' lang='lat' dir='ltr'><strong>Exod.</strong></span> <span class='ocrx_word' id='word_1_806' title='bbox 1353 5166 1435 5214; x_wconf 88' lang='grc' dir='ltr'>ιιι,</span> <span class='ocrx_word' id='word_1_807' title='bbox 1474 5149 1563 5205; x_wconf 61' lang='lat' dir='ltr'><strong>ts.</strong></span> <span class='ocrx_word' id='word_1_808' title='bbox 1636 5149 1691 5181; x_wconf 72' lang='grc' dir='ltr'><strong>δ”</strong></span> <span class='ocrx_word' id='word_1_809' title='bbox 1725 5150 1853 5203; x_wconf 90' lang='lat' dir='ltr'><strong>ibid.</strong></span> <span class='ocrx_word' id='word_1_810' title='bbox 1895 5149 1946 5202; x_wconf 86' lang='lat'><strong>6.</strong></span> 
     </span>
    </p>
   </div>
   <div class='ocr_carea' id='block_1_106' title="bbox 2053 5146 2657 5214">
    <p class='ocr_par' dir='ltr' id='par_1_106' title="bbox 2053 5146 2657 5211">
     <span class='ocr_line' id='line_1_106' title="bbox 2053 5146 2657 5211; baseline 0.002 -10"><span class='ocrx_word' id='word_1_811' title='bbox 2053 5149 2071 5180; x_wconf 86' lang='grc'><strong>³</strong></span> <span class='ocrx_word' id='word_1_812' title='bbox 2104 5147 2309 5202; x_wconf 69' lang='grc' dir='ltr'>Βιιισιιριι</span> <span class='ocrx_word' id='word_1_813' title='bbox 2351 5163 2432 5211; x_wconf 88' lang='grc' dir='ltr'>ιιι,</span> <span class='ocrx_word' id='word_1_814' title='bbox 2469 5146 2657 5202; x_wconf 71' lang='lat'><strong>56-38.</strong></span> 
     </span>
    </p>
   </div>
   <div class='ocr_carea' id='block_1_107' title="bbox 406 5302 1935 5378">
    <p class='ocr_par' dir='ltr' id='par_1_107' title="bbox 406 5302 1935 5378">
     <span class='ocr_line' id='line_1_107' title="bbox 406 5302 1935 5378; baseline -0.003 -15"><span class='ocrx_word' id='word_1_815' title='bbox 406 5305 595 5378; x_wconf 68' lang='lat' dir='ltr'><strong>(ljlta</strong></span> <span class='ocrx_word' id='word_1_816' title='bbox 628 5308 815 5378; x_wconf 84' lang='grc' dir='ltr'>μήτηρ</span> <span class='ocrx_word' id='word_1_817' title='bbox 836 5302 1045 5378; x_wconf 81' lang='lat' dir='ltr'><strong>habent</strong></span> <span class='ocrx_word' id='word_1_818' title='bbox 1070 5306 1268 5362; x_wconf 67' lang='lat' dir='ltr'><strong>Grmcm</strong></span> <span class='ocrx_word' id='word_1_819' title='bbox 1293 5307 1578 5370; x_wconf 82' lang='lat' dir='ltr'><strong>editiones,</strong></span> <span class='ocrx_word' id='word_1_820' title='bbox 1604 5307 1764 5360; x_wconf 87' lang='lat' dir='ltr'><strong>etiam</strong></span> <span class='ocrx_word' id='word_1_821' title='bbox 1787 5306 1935 5360; x_wconf 85' lang='lat' dir='ltr'><strong>Vati-</strong></span> 
     </span>
    </p>
   </div>
   <div class='ocr_carea' id='block_1_108' title="bbox 322 5377 1938 5449">
    <p class='ocr_par' dir='ltr' id='par_1_108' title="bbox 322 5377 1938 5449">
     <span class='ocr_line' id='line_1_108' title="bbox 322 5377 1938 5449; baseline -0.002 -15"><span class='ocrx_word' id='word_1_822' title='bbox 322 5377 511 5434; x_wconf 73' lang='lat' dir='ltr'><strong>cana.</strong></span> <span class='ocrx_word' id='word_1_823' title='bbox 538 5378 633 5449; x_wconf 16' lang='lat' dir='ltr'><strong>Sicf</strong></span> <span class='ocrx_word' id='word_1_824' title='bbox 656 5377 850 5449; x_wconf 76' lang='lat' dir='ltr'><strong>legisse</strong></span> <span class='ocrx_word' id='word_1_825' title='bbox 873 5377 1116 5449; x_wconf 80' lang='lat' dir='ltr'><strong>videmus</strong></span> <span class='ocrx_word' id='word_1_826' title='bbox 1134 5381 1295 5430; x_wconf 84' lang='lat' dir='ltr'><strong>etiam</strong></span> <span class='ocrx_word' id='word_1_827' title='bbox 1318 5378 1606 5449; x_wconf 84' lang='lat' dir='ltr'><strong>Cyrillum,</strong></span> <span class='ocrx_word' id='word_1_828' title='bbox 1638 5392 1938 5449; x_wconf 74' lang='lat' dir='ltr'><strong>magnoque</strong></span> 
     </span>
    </p>
   </div>
   <div class='ocr_carea' id='block_1_109' title="bbox 326 5445 1937 5516">
    <p class='ocr_par' dir='ltr' id='par_1_109' title="bbox 326 5445 1937 5516">
     <span class='ocr_line' id='line_1_109' title="bbox 326 5445 1937 5516; baseline -0.004 -12"><span class='ocrx_word' id='word_1_829' title='bbox 326 5463 583 5504; x_wconf 83' lang='lat' dir='ltr'><strong>utttnero</strong></span> <span class='ocrx_word' id='word_1_830' title='bbox 619 5445 808 5502; x_wconf 77' lang='lat' dir='ltr'><strong>Patres</strong></span> <span class='ocrx_word' id='word_1_831' title='bbox 830 5445 1051 5501; x_wconf 84' lang='lat' dir='ltr'><strong>Latinos</strong></span> <span class='ocrx_word' id='word_1_832' title='bbox 1079 5449 1217 5516; x_wconf 86' lang='lat' dir='ltr'><strong>apud</strong></span> <span class='ocrx_word' id='word_1_833' title='bbox 1242 5445 1604 5510; x_wconf 80' lang='lat' dir='ltr'><strong>Sabaterinnt,</strong></span> <span class='ocrx_word' id='word_1_834' title='bbox 1632 5448 1721 5515; x_wconf 92' lang='lat' dir='ltr'><strong>qui</strong></span> <span class='ocrx_word' id='word_1_835' title='bbox 1756 5457 1937 5499; x_wconf 80' lang='lat' dir='ltr'><strong>vetere</strong></span> 
     </span>
    </p>
   </div>
   <div class='ocr_carea' id='block_1_110' title="bbox 325 5516 1939 5586">
    <p class='ocr_par' dir='ltr' id='par_1_110' title="bbox 325 5516 1939 5586">
     <span class='ocr_line' id='line_1_110' title="bbox 325 5516 1939 5586; baseline -0.003 -12"><span class='ocrx_word' id='word_1_836' title='bbox 325 5519 487 5574; x_wconf 79' lang='lat' dir='ltr'><strong>Itala</strong></span> <span class='ocrx_word' id='word_1_837' title='bbox 547 5519 841 5571; x_wconf 89' lang='lat' dir='ltr'><strong>utebantur</strong></span> <span class='ocrx_word' id='word_1_838' title='bbox 897 5516 1155 5571; x_wconf 88' lang='lat' dir='ltr'><strong>editione.</strong></span> <span class='ocrx_word' id='word_1_839' title='bbox 1206 5517 1413 5586; x_wconf 78' lang='lat' dir='ltr'><strong>Vulgati</strong></span> <span class='ocrx_word' id='word_1_840' title='bbox 1463 5519 1731 5584; x_wconf 86' lang='lat' dir='ltr'><strong>interpres</strong></span> <span class='ocrx_word' id='word_1_841' title='bbox 1783 5516 1939 5569; x_wconf 85' lang='lat' dir='ltr'><strong>lectio</strong></span> 
     </span>
    </p>
   </div>
   <div class='ocr_carea' id='block_1_111' title="bbox 325 5586 1933 5658">
    <p class='ocr_par' dir='ltr' id='par_1_111' title="bbox 325 5586 1933 5658">
     <span class='ocr_line' id='line_1_111' title="bbox 325 5586 1933 5658; baseline -0.004 -13"><span class='ocrx_word' id='word_1_842' title='bbox 325 5589 632 5658; x_wconf 67' lang='lat' dir='ltr'><strong>numquid,</strong></span> <span class='ocrx_word' id='word_1_843' title='bbox 661 5602 760 5656; x_wconf 89' lang='lat' dir='ltr'><strong>pro</strong></span> <span class='ocrx_word' id='word_1_844' title='bbox 786 5597 976 5651; x_wconf 79' lang='lat' dir='ltr'><strong>mater,</strong></span> <span class='ocrx_word' id='word_1_845' title='bbox 1020 5588 1247 5658; x_wconf 73' lang='lat' dir='ltr'><strong>deducta</strong></span> <span class='ocrx_word' id='word_1_846' title='bbox 1286 5599 1380 5658; x_wconf 10' lang='lat' dir='ltr'><strong>est?</strong></span> <span class='ocrx_word' id='word_1_847' title='bbox 1406 5588 1588 5658; x_wconf 30' lang='lat' dir='ltr'><strong>chjL‘l&#39;]</strong></span> <span class='ocrx_word' id='word_1_848' title='bbox 1621 5589 1710 5656; x_wconf 82' lang='grc' dir='ltr'>τῇ,</span> <span class='ocrx_word' id='word_1_849' title='bbox 1751 5587 1832 5639; x_wconf 83' lang='lat' dir='ltr'><strong>vel</strong></span> <span class='ocrx_word' id='word_1_850' title='bbox 1861 5586 1933 5656; x_wconf 86' lang='grc' dir='ltr'>μή</span> 
     </span>
    </p>
   </div>
   <div class='ocr_carea' id='block_1_112' title="bbox 325 5654 1938 5728">
    <p class='ocr_par' dir='ltr' id='par_1_112' title="bbox 325 5654 1938 5728">
     <span class='ocr_line' id='line_1_112' title="bbox 325 5654 1938 5728; baseline -0.004 -15"><span class='ocrx_word' id='word_1_851' title='bbox 325 5678 418 5723; x_wconf 85' lang='grc' dir='ltr'><strong>τι,</strong></span> <span class='ocrx_word' id='word_1_852' title='bbox 463 5654 528 5711; x_wconf 76' lang='lat' dir='ltr'><strong>ut</strong></span> <span class='ocrx_word' id='word_1_853' title='bbox 567 5654 970 5728; x_wconf 62' lang='lat' dir='ltr'><strong>cognoscimus</strong></span> <span class='ocrx_word' id='word_1_854' title='bbox 1001 5671 1064 5710; x_wconf 82' lang='lat' dir='ltr'><strong>ex</strong></span> <span class='ocrx_word' id='word_1_855' title='bbox 1096 5654 1327 5728; x_wconf 86' lang='lat' dir='ltr'><strong>Origene</strong></span> <span class='ocrx_word' id='word_1_856' title='bbox 1369 5657 1422 5711; x_wconf 93' lang='lat' dir='ltr'><strong>in</strong></span> <span class='ocrx_word' id='word_1_857' title='bbox 1470 5654 1750 5728; x_wconf 33' lang='lat' dir='ltr'><strong>Heainpt’is,</strong></span> <span class='ocrx_word' id='word_1_858' title='bbox 1773 5665 1838 5728; x_wconf 83' lang='lat' dir='ltr'><strong>et</strong></span> <span class='ocrx_word' id='word_1_859' title='bbox 1871 5654 1938 5708; x_wconf 65' lang='lat' dir='ltr'><strong>ei</strong></span> 
     </span>
    </p>
   </div>
   <div class='ocr_carea' id='block_1_113' title="bbox 324 5724 1932 5799">
    <p class='ocr_par' dir='ltr' id='par_1_113' title="bbox 324 5724 1932 5799">
     <span class='ocr_line' id='line_1_113' title="bbox 324 5724 1932 5799; baseline -0.004 -13"><span class='ocrx_word' id='word_1_860' title='bbox 324 5724 690 5799; x_wconf 64' lang='lat' dir='ltr'><strong>Hieronymo</strong></span> <span class='ocrx_word' id='word_1_861' title='bbox 745 5728 885 5798; x_wconf 85' lang='lat' dir='ltr'><strong>apud</strong></span> <span class='ocrx_word' id='word_1_862' title='bbox 929 5724 1290 5783; x_wconf 50' lang='lat' dir='ltr'><strong>Nobilium&#39;iu</strong></span> <span class='ocrx_word' id='word_1_863' title='bbox 1341 5729 1464 5783; x_wconf 83' lang='lat' dir='ltr'><strong>adn.</strong></span> <span class='ocrx_word' id='word_1_864' title='bbox 1525 5729 1590 5783; x_wconf 86' lang='lat' dir='ltr'><strong>ad</strong></span> <span class='ocrx_word' id='word_1_865' title='bbox 1644 5726 1932 5782; x_wconf 75' lang='lat' dir='ltr'><strong>Sixtiuam.</strong></span> 
     </span>
    </p>
   </div>
   <div class='ocr_carea' id='block_1_114' title="bbox 2047 5300 3620 5372">
    <p class='ocr_par' dir='ltr' id='par_1_114' title="bbox 2047 5300 3620 5372">
     <span class='ocr_line' id='line_1_114' title="bbox 2047 5300 3620 5372; baseline -0.001 -14"><span class='ocrx_word' id='word_1_866' title='bbox 2047 5306 2366 5360; x_wconf 77' lang='lat' dir='ltr'><strong>Doctissime</strong></span> <span class='ocrx_word' id='word_1_867' title='bbox 2398 5319 2529 5360; x_wconf 83' lang='lat' dir='ltr'><strong>vero</strong></span> <span class='ocrx_word' id='word_1_868' title='bbox 2566 5304 2805 5372; x_wconf 90' lang='lat' dir='ltr'><strong>disputat</strong></span> <span class='ocrx_word' id='word_1_869' title='bbox 2854 5303 2921 5357; x_wconf 88' lang='lat' dir='ltr'><strong>de</strong></span> <span class='ocrx_word' id='word_1_870' title='bbox 2951 5302 3052 5372; x_wconf 83' lang='lat' dir='ltr'><strong>hac</strong></span> <span class='ocrx_word' id='word_1_871' title='bbox 3083 5300 3310 5355; x_wconf 90' lang='lat' dir='ltr'><strong>lectione</strong></span> <span class='ocrx_word' id='word_1_872' title='bbox 3346 5300 3433 5372; x_wconf 47' lang='grc' dir='ltr'>χιι).</span> <span class='ocrx_word' id='word_1_873' title='bbox 3467 5300 3620 5372; x_wconf 85' lang='lat' dir='ltr'><strong>Bapt.</strong></span> 
     </span>
    </p>
   </div>
   <div class='ocr_carea' id='block_1_115' title="bbox 2045 5370 3621 5438">
    <p class='ocr_par' dir='ltr' id='par_1_115' title="bbox 2045 5370 3621 5438">
     <span class='ocr_line' id='line_1_115' title="bbox 2045 5370 3621 5438; baseline -0.003 -9"><span class='ocrx_word' id='word_1_874' title='bbox 2045 5377 2274 5438; x_wconf 82' lang='lat' dir='ltr'><strong>Brattea,</strong></span> <span class='ocrx_word' id='word_1_875' title='bbox 2336 5370 2707 5430; x_wconf 67' lang='lat' dir='ltr'><strong>Ambrosianus</strong></span> <span class='ocrx_word' id='word_1_876' title='bbox 2759 5373 2890 5427; x_wconf 90' lang='lat' dir='ltr'><strong>olim</strong></span> <span class='ocrx_word' id='word_1_877' title='bbox 2949 5371 3291 5425; x_wconf 73' lang='lat' dir='ltr'><strong>bibliotheca:</strong></span> <span class='ocrx_word' id='word_1_878' title='bbox 3338 5370 3621 5427; x_wconf 77' lang='lat' dir='ltr'><strong>Mediolani</strong></span> 
     </span>
    </p>
   </div>
   <div class='ocr_carea' id='block_1_116' title="bbox 2045 5441 3624 5516">
    <p class='ocr_par' dir='ltr' id='par_1_116' title="bbox 2045 5441 3624 5516">
     <span class='ocr_line' id='line_1_116' title="bbox 2045 5441 3624 5516; baseline -0.003 -17"><span class='ocrx_word' id='word_1_879' title='bbox 2045 5446 2351 5516; x_wconf 66' lang='lat' dir='ltr'><strong>praefectus,</strong></span> <span class='ocrx_word' id='word_1_880' title='bbox 2392 5445 2441 5516; x_wconf 88' lang='lat' dir='ltr'><strong>in</strong></span> <span class='ocrx_word' id='word_1_881' title='bbox 2477 5458 2692 5516; x_wconf 73' lang='lat' dir='ltr'><strong>magno,</strong></span> <span class='ocrx_word' id='word_1_882' title='bbox 2718 5457 3037 5516; x_wconf 71' lang='lat' dir='ltr'><strong>quanquam</strong></span> <span class='ocrx_word' id='word_1_883' title='bbox 3089 5441 3624 5516; x_wconf 64' lang='lat' dir='ltr'><strong>intperl&#39;cctn,_op_ere</strong></span> 
     </span>
    </p>
   </div>
   <div class='ocr_carea' id='block_1_117' title="bbox 2044 5509 3626 5584">
    <p class='ocr_par' dir='ltr' id='par_1_117' title="bbox 2044 5509 3626 5584">
     <span class='ocr_line' id='line_1_117' title="bbox 2044 5509 3626 5584; baseline -0.004 -16"><span class='ocrx_word' id='word_1_884' title='bbox 2044 5509 2144 5569; x_wconf 76' lang='lat' dir='ltr'><strong>suo</strong></span> <span class='ocrx_word' id='word_1_885' title='bbox 2192 5509 2346 5584; x_wconf 78' lang='lat' dir='ltr'><strong>quod</strong></span> <span class='ocrx_word' id='word_1_886' title='bbox 2391 5509 2670 5584; x_wconf 54' lang='lat' dir='ltr'><strong>inscripsit</strong></span> <span class='ocrx_word' id='word_1_887' title='bbox 2706 5512 2780 5564; x_wconf 82' lang='lat' dir='ltr'><strong>De</strong></span> <span class='ocrx_word' id='word_1_888' title='bbox 2831 5526 3103 5584; x_wconf 56' lang='lat' dir='ltr'><strong>sacrorum</strong></span> <span class='ocrx_word' id='word_1_889' title='bbox 3138 5509 3389 5565; x_wconf 73' lang='lat' dir='ltr'><strong>librorum</strong></span> <span class='ocrx_word' id='word_1_890' title='bbox 3419 5511 3626 5584; x_wconf 64' lang='lat' dir='ltr'><strong>Latina:</strong></span> 
     </span>
    </p>
   </div>
   <div class='ocr_carea' id='block_1_118' title="bbox 2043 5578 3621 5656">
    <p class='ocr_par' dir='ltr' id='par_1_118' title="bbox 2043 5578 3621 5656">
     <span class='ocr_line' id='line_1_118' title="bbox 2043 5578 3621 5656; baseline -0.006 -17"><span class='ocrx_word' id='word_1_891' title='bbox 2043 5578 2267 5656; x_wconf 45' lang='lat' dir='ltr'><strong>vulgat-te</strong></span> <span class='ocrx_word' id='word_1_892' title='bbox 2296 5583 2544 5638; x_wconf 78' lang='lat' dir='ltr'><strong>editionis</strong></span> <span class='ocrx_word' id='word_1_893' title='bbox 2573 5584 2910 5648; x_wconf 76' lang='lat' dir='ltr'><strong>auctoritate,</strong></span> <span class='ocrx_word' id='word_1_894' title='bbox 2945 5581 3038 5637; x_wconf 82' lang='lat' dir='ltr'><strong>lib.</strong></span> <span class='ocrx_word' id='word_1_895' title='bbox 3067 5595 3149 5647; x_wconf 90' lang='lat' dir='ltr'><strong>Ill,</strong></span> <span class='ocrx_word' id='word_1_896' title='bbox 3179 5591 3318 5650; x_wconf 84' lang='lat' dir='ltr'><strong>part.</strong></span> <span class='ocrx_word' id='word_1_897' title='bbox 3353 5599 3390 5647; x_wconf 89' lang='grc' dir='ltr'><strong>ι,</strong></span> <span class='ocrx_word' id='word_1_898' title='bbox 3416 5596 3536 5647; x_wconf 86' lang='lat' dir='ltr'><strong>cap.</strong></span> <span class='ocrx_word' id='word_1_899' title='bbox 3565 5578 3621 5630; x_wconf 84' lang='lat'><strong>5.</strong></span> 
     </span>
    </p>
   </div>
   <div class='ocr_carea' id='block_1_119' title="bbox 2044 5657 2421 5726">
    <p class='ocr_par' dir='ltr' id='par_1_119' title="bbox 2044 5657 2421 5726">
     <span class='ocr_line' id='line_1_119' title="bbox 2044 5657 2421 5726; baseline 0.003 -20"><span class='ocrx_word' id='word_1_900' title='bbox 2044 5673 2093 5726; x_wconf 88' lang='lat' dir='ltr'><strong>p.</strong></span> <span class='ocrx_word' id='word_1_901' title='bbox 2127 5657 2224 5712; x_wconf 78' lang='lat' dir='ltr'><strong>l57</strong></span> <span class='ocrx_word' id='word_1_902' title='bbox 2267 5669 2421 5725; x_wconf 87' lang='lat' dir='ltr'><strong>seqq.</strong></span> 
     </span>
    </p>
   </div>
  </div>
