4014 6128
433 270 456 287 Α

1384 266 1443 324 s.
1483 265 1754 324 CYRILLI
1795 260 2268 319 ALEXANDRINI
2295 243 2627 318 'Ancump.

3539 256 3644 311 τοι

381 408 499 449 eam
533 388 839 446 Altissimus
865 390 933 445 ⁸⁸.
963 407 981 442 i
1015 388 1130 445 Hoc
1154 402 1281 444 vero
1308 388 1438 459 quid
1480 388 1625 443 aliud
1662 387 1955 458 signiﬁcat,

2074 385 2283 458 θρωπος
2326 384 2435 456 (ι)·
2472 382 2568 437 καὶ
2614 379 2904 450 ἄνθρωπος
2950 372 3216 446 έγεννῆθη
3242 374 3298 425 ὲν
3340 372 3479 444 αὐτῇ
3506 413 3521 437 ,
3558 376 3655 426 καὶ

383 486 485 541 nisi
520 484 766 539 eumdem
797 499 916 539 esse
947 482 1116 539 Deum
1163 491 1219 538 et
1263 481 1580 537 hominem?
1609 481 1820 535 Etenim
1871 481 1967 536 lio-

385 577 610 639 minem,
657 575 927 644 simulque
957 574 1314 639 Altissimum,
1342 572 1794 641 l‘undatorcmque
1829 570 1965 627 fate-

383 679 492 722 tur.
524 666 710 738 Neque
737 667 938 731 secius,
973 664 1024 719 in
1056 664 1162 719 alio
1188 677 1401 733 qucque
1434 663 1638 733 psalmo
1676 655 1965 718 indivisum

383 759 608 812 unitatis
635 770 940 812 sermonem
969 754 1225 821 retinens,
1264 754 1497 809 hominis
1522 753 1871 824 proprietatis
1900 751 1967 807 ad

386 849 551 904 Deum
582 850 707 903 item
753 840 983 903 Verbum
1027 845 1232 902 referre
1263 846 1616 916 comperitur,
1649 844 1791 900 haud
1816 844 1969 912 equi-

383 943 506 996 dem
534 940 960 995 substantiarum
1004 932 1373 994 conlusionem
1410 938 1693 1002 invehens,
1724 937 1817 992 sed
1842 936 1971 991 sub-

382 1032 703 1088 stantiarum
734 1030 1082 1086 adunationis
1125 1031 1390 1085 rationem
1441 1031 1666 1086 habens.
1716 1028 1809 1085 Sic
1834 1043 1991 1096 οι·εοα

381 1127 458 1180 ait
491 1126 542 1180 in
574 1140 695 1180 χειν
730 1123 939 1193 psalmo
968 1141 982 1179 :
1015 1143 1034 1175 ι
1067 1124 1236 1179 Sedes
1277 1133 1386 1190 tua,
1430 1123 1594 1191 Deus,
1628 1123 1679 1176 in
1711 1121 1967 1178 smeulum

380 1217 565 1271 Steculi
595 1236 609 1271 :
649 1218 800 1285 virga
826 1214 1171 1280 directiouis,
1208 1213 1361 1284 virga
1391 1215 1539 1285 regni
1574 1214 1647 1267 tui
1683 1230 1698 1269 :
1729 1201 1967 1267 dilexisti

375 1307 662 1377 justitiam,
701 1316 757 1362 et
796 1302 959 1361 odisti
989 1306 1333 1375 iniquitatem
1369 1323 1383 1359 :
1412 1313 1708 1374 propterea
1737 1306 1890 1357 unxit
1918 1313 1970 1357 le

385 1403 546 1468 Deus,
568 1399 708 1454 Deus
729 1408 871 1463 tuus,
887 1398 1004 1453 olco
1028 1397 1227 1451 laetitia:
1246 1412 1355 1465 pra:
1375 1397 1721 1451 consortibus
1746 1394 1964 1471 tuis”.i

385 1484 580 1546 Viden"
609 1491 880 1561 quomodo
900 1488 1064 1543 Deum
1100 1482 1338 1555 Veibum
1372 1486 1675 1557 appellans,
1695 1484 1971 1555 Deumque

383 1593 435 1638 et
486 1595 665 1653 regem
701 1580 990 1646 confitens,
1040 1595 1215 1649 neque
1257 1587 1436 1633 tamen
1479 1577 1746 1643 dividens,
1797 1590 1971 1646 neque

387 1671 613 1726 alteram
655 1685 942 1741 personam
993 1671 1047 1726 in
1094 1686 1216 1726 cum
1258 1670 1570 1733 conferens.
1616 1668 1971 1724 nihilominus

2077 477 2239 540 αὐτὸς
2272 475 2629 546 ἐθεμελίωσεν
2657 468 2826 540 αὐτὴν
2847 472 2875 523 ό
2903 467 3165 538 "remo;
3188 483 3201 496 '
3233 483 3250 518 δ
3281 464 3437 519 τοῦτο
3460 465 3571 537 γὰρ
3602 467 3654 518 τί

2074 569 2141 623 ἂν
2171 569 2256 639 εἴη
2294 567 2507 639 ἕτερον,
2540 565 2655 619 ἀλλ’
2694 563 2728 635 ἢ
2764 563 2847 616 ὅτι
2890 554 3052 623 αὐτὸς
3086 552 3323 629 ὑπάρχει
3360 554 3510 621 Θεὸς,
3559 549 3657 610 καὶ

2075 659 2391 734 ἅνθρωπος;
2431 656 2752 728 ’Ἄνθρωπον
2769 652 2897 724 γὰρ,
2922 652 3017 706 καὶ
3044 649 3330 720 "Nata-mu,
3368 644 3465 734 καὶ
3492 649 3657 721 θεμε-

2074 725 2272 821 λιωτὴν
2313 748 2403 801 τὸν
2436 725 2596 800 αὐτὸν
2630 745 2980 816 ὡμολόγησεν
3004 761 3020 774 ·
3066 741 3219 795 οὐδὲν
3252 741 3311 795 δὲ
3352 725 3515 813 ἧττον
3562 740 3658 796 καὶ

2073 841 2132 893 ἐν
2155 839 2328 910 ἑτέρῳ
2359 836 2559 909 ψαλμῷ
2601 836 2908 907 ἀδιαίρετον
2941 834 3043 906 τῆς
3075 827 3325 896 ένώσεως
3370 831 3659 903 φυλάττων

2074 931 2166 987 τὸν
2188 931 2368 1000 λόγον,
2401 929 2469 984 τά
2493 930 2592 1001 τῆς
2625 927 3047 1000 ἀνθρωπότητος
3073 926 3182 980 ἴδια
3205 924 3280 990 ὡς
3315 925 3464 997 αὐτῷ
3494 925 3658 978 πάλιν

2073 1024 2152 1095 τῷ
2174 1021 2296 1095 Θεῷ
2342 1022 2502 1094 Λόγῳ
2530 1020 2820 1093 ἀναφέρων
2852 1019 3189 1092 εὑρίσκεται,
3216 1018 3275 1071 οὐ
3316 1017 3425 1071 τῶν
3454 1016 3658 1071 οὐσιῶν

2076 1098 2341 1187 σύγχυσιν
2375 1107 2765 1187 ἐργαζόμενος,
2812 1106 2949 1165 ἀλλὰ
2984 1106 3085 1182 τῆς
3121 1105 3369 1174 ἐνώσεως
3410 1109 3519 1163 τῶν
3560 1109 3653 1161 οὑ-

2077 1208 2209 1262 σιῶν
2259 1205 2640 1277 ἐπιγινώσκων
2668 1200 2759 1259 τὸν
2805 1198 2994 1273 λόγον*
3051 1202 3199 1272 λέγει
3225 1199 3516 1272 τοιγαροῦν
3559 1200 3655 1255 οὐ-

2074 1317 2183 1365 τως
2210 1301 2270 1354 ἐν
2420 1296 2652 1370 ψαλμῷ·
2691 1316 2710 1348 ι
2750 1295 2806 1350 ’0
2838 1295 3024 1367 θρόνος
3062 1312 3180 1359 σου,
3211 1295 3240 1347 ό
3267 1286 3419 1357 Θεὸς,
3456 1294 3535 1356 είς
3560 1292 3656 1347 τὸν

2074 1390 2250 1447 αἰῶνα
2281 1389 2378 1444 τοῦ
2422 1390 2653 1454 αἱῶνος’
2690 1386 2887 1460 ῥάϐδος
2930 1385 3228 1455 εὐθύτητος
3257 1385 3291 1454 ή
3330 1383 3524 1456 ῥάϐδος
3554 1376 3655 1454 τῆς

2074 1476 2356 1554 βασιλείας
2387 1490 2481 1536 σου
2502 1498 2514 1511 ·
2540 1480 2837 1552 ἠγάπησας
2857 1471 3227 1545 δικαιοσύνην,
3256 1475 3350 1528 καὶ
3385 1473 3654 1544 ἐμίσησας

2076 1577 2292 1632 ἀδικίαν
2310 1592 2323 1606 ’
2354 1575 2441 1628 διὰ
2463 1573 2621 1628 τοῦτο
2644 1562 2860 1644 ἔχρισέν
2883 1588 2942 1623 σε
2960 1568 3113 1632 Θεὸς,
3138 1570 3165 1620 ὁ
3182 1562 3314 1628 Θεός
3332 1583 3450 1630 σου,
3472 1564 3655 1618 ἔλαιον

2075 1668 2452 1738 ἀγαλλιάσεως
2487 1665 2639 1739 παρά
2673 1666 2800 1729 τοῦς
2840 1663 3100 1736 μετόχους
3132 1677 3248 1714 σου.
3273 1679 3290 1710 i
3311 1659 3474 1729 Ὁρᾷς
3504 1657 3655 1720 ὅπως

392 1768 618 1814 unctum
644 1759 819 1813 dixit?
867 1749 1154 1829 Expliccnt
1196 1759 1353 1815 nobis
1397 1759 1562 1828 igitur
1600 1759 1728 1828 quid
1762 1759 1833 1814 sit
1870 1750 1967 1814 hoc

2075 1760 2168 1816 τὸν
2197 1760 2367 1829 Λόγον
2402 1750 2733 1829 θεολογήσας
2756 1757 2860 1828 (2),
2888 1746 3020 1809 Θεόν
3052 1770 3113 1806 τε
3132 1751 3225 1807 καὶ
3260 1744 3487 1822 βασιλέα
3520 1749 3653 1819 ὁμο-

384 1847 603 1905 ell'atum
630 1865 644 1915 ;
667 1857 719 1903 ct
741 1852 1012 1918 quomodo
1040 1846 1296 1911 Verbum,
1324 1864 1446 1903 cum
1482 1836 1620 1903 Deus
1655 1856 1823 1914 esset,
1865 1863 1969 1901 un-

384 1951 534 1996 ctqu
562 1941 761 2001 fuerit;
794 1940 897 1995 nisi
927 1933 1051 2009 quia
1090 1953 1311 2010 prorsus
1358 1939 1497 1994 idem
1526 1925 1667 2005 erat,
1700 1940 1794 2009 qui
1826 1939 1969 1994 servi

387 2032 614 2087 formam
641 2031 744 2087 sibi
769 2031 1039 2094 induerat,
1067 2031 1151 2084 cui
1179 2040 1233 2085 et
1264 2027 1804 2095 c‘hrismasuscipere
1834 2045 1969 2086 con-

385 2122 854 2177 venientissimum
880 2120 1005 2176 fuit?
1038 2121 1191 2188 Quod
1214 2121 1258 2175 si
1287 2110 1426 2176 forte
1452 2119 1715 2187 dixerint,
1740 2130 1967 2192 pr0pter

384 2229 536 2267 suam
576 2212 630 2268 in
671 2213 926 2278 homine,
965 2223 1023 2267 ut
1059 2213 1157 2285 ipsi
1200 2211 1642 2278 ltallucinantur,
1695 2211 1969 2267 inhabita-

387 2307 611 2371 tionem,
632 2304 797 2363 Verbi
820 2319 1104 2376 personam
1125 2303 1442 2359 chrismatis
1467 2304 1639 2359 instar
1661 2305 1968 2371 exstitisse;

387 2397 441 2451 hi
475 2398 654 2452 sciant
681 2396 866 2462 velim,
898 2394 1351 2451 inhabitationem
1385 2411 1490 2451 non
1530 2397 1597 2452 de
1623 2397 1840 2454 Christo
1876 2396 1970 2452 scd

386 2489 452 2544 de
489 2489 769 2559 prophetis
806 2488 1035 2558 aliisque
1079 2489 1280 2543 sanctis
1324 2488 1427 2543 dici
1471 2504 1487 2544 :
1523 2488 1809 2558 praedictas
1843 2504 1972 2544 vero

385 2580 691 2634 locutiones
713 2594 1038 2648 magnoliere
1055 2581 1322 2635 excedere
1341 2580 1757 2637 iuliabitatiuuis
1782 2578 1971 2636 tenui-

389 2683 487 2723 nos
517 2670 631 2724 sive
660 2669 794 2723 vim.
825 2667 1012 2740 IMe
1037 2668 1178 2739 Ergo
1203 2671 1305 2725 etsi
1331 2662 1544 2724 Deusin
1573 2664 1775 2726 sanctis
1798 2671 1975 2725 omni-

388 2763 488 2817 bus
514 2761 741 2824 habitat,
767 2761 930 2831 hiqne
948 2759 1269 2816 sanetilicati
1298 2770 1426 2816 sunt
1451 2770 1505 2815 et
1523 2761 1689 2827 tmcti,
1708 2775 1865 2815 nemo
1895 2770 1975 2815 la-

387 2867 514 2907 men
558 2867 712 2922 mque
759 2867 822 2907 ac
857 2853 971 2923 ipse
1001 2851 1373 2907 sanctiﬁcatus
1403 2862 1708 2920 unctusque
1751 2849 1970 2906 dicitur.

387 2942 443 2999 Si
471 2958 600 3014 ergo
633 2945 744 3009 isti,
770 2946 837 2998 ad
866 2951 1180 3000 sanctorum
1211 2943 1650 3009 similitudinem,
1677 2929 1734 2999 iii
1754 2942 1974 2998 Christo

387 3050 605 3107 quoque
642 3036 976 3091 inhabitasse
1011 3037 1182 3092 Deum
1212 3035 1387 3099 aiunt,
1423 3036 1693 3090 constabit
1721 3034 1972 3090 omnilms

384 3128 626 3200 ipsorum
672 3130 1073 3200 l'rreligiositas,
1118 3131 1187 3186 ab
1235 3129 1529 3199 apostolica
1570 3129 1818 3185 doctrina
1860 3138 1972 3183 toto

386 3224 527 3278 calo
559 3224 844 3276 abcrrau's.

460 3418 515 3476 8.
548 3419 763 3475 Etenim
786 3420 851 3475 de
871 3417 1150 3491 pmplietis
1176 3416 1505 3486 Christoque
1528 3418 1806 3477 disserens
1835 3418 1972 3475 Pan-

389 3509 498 3578 lus,
534 3512 826 3566 immanem
866 3509 1026 3580 hujus
1064 3511 1133 3566 ab
1172 3509 1281 3564 illis
1329 3505 1690 3565 dili‘erentiam
1731 3527 1831 3566 nos
1870 3515 1969 3567 do-

390 3613 500 3668 cet,
528 3601 665 3673 ejus,
704 3603 951 3672 inquam,
978 3601 1069 3672 qui
1092 3612 1288 3657 unctus
1304 3603 1527 3658 dicitur.
1562 3601 1971 3672 Namquehunc

392 3696 609 3767 quidem
637 3705 692 3750 et
722 3694 915 3749 Filium
957 3705 1011 3750 et
1037 3693 1220 3748 Patris
1241 3693 1613 3764 splendorem,
1648 3705 1703 3751 ct
1742 3696 1968 3766 ﬁguram

391 3789 706 3844 substantia:
757 3788 962 3857 ipsius,
1017 3786 1140 3842 illius
1193 3796 1373 3842 autem
1415 3788 1713 3857 prophetas
1752 3796 1966 3842 tantum

392 3878 629 3949 appellat
661 3896 675 3935 :
712 3878 1018 3948 mirumque
1064 3887 1169 3942 est,
1209 3878 1352 3947 quod
1391 3876 1537 3933 inter
1575 3888 1654 3933 tot
1692 3876 1967 3944 sublimia,

393 3972 665 4028 unctionis
703 3986 920 4042 quoque
972 3971 1111 4026 idem
1156 3969 1288 4026 facit
1333 3971 1686 4026 mentionem.
1722 3989 1743 4024 ι
1786 3970 1975 4025 Multi—

392 4061 584 4118 fariam
619 4065 787 4127 enim,
834 4061 1032 4133 inquit,
1084 4062 1378 4134 multisque
1430 4062 1607 4118 modis
1656 4062 1785 4118 olim
1826 4062 1968 4117 Deus

393 4155 603 4209 locutus
629 4153 876 4223 patribus
903 4169 1000 4224 per
1031 4154 1351 4224 prophetas,
1385 4154 1702 4209 novissimis
1735 4154 1822 4209 his
1849 4156 1967 4210 dic-

388 4245 489 4299 bns
511 4243 721 4299 locutus
744 4254 827 4299 est
845 4244 1002 4298 nobis
1017 4257 1115 4312 per
1133 4243 1351 4307 Filium,
1374 4259 1533 4315 quem
1558 4244 1843 4300 constituit
1858 4245 1967 4300 lim-

392 4333 575 4388 redem
623 4333 1003 4387 universorum
1033 4371 1046 4395 ,
1091 4346 1186 4402 per
1249 4346 1408 4400 quem
1448 4329 1577 4386 fecit
1600 4331 1794 4386 smcnla
1825 4347 1838 4384 :
1875 4333 1964 4400 qui

2068 1849 2328 1920 λογήσας,
2353 1850 2413 1903 οὐ
2442 1837 2650 1911 διελὼν,
2670 1837 2790 1900 οὐδέ
2812 1845 2900 1898 ἐτε
2910 1860 3001 1917 ρον
3020 1835 3313 1914 πρόσωπον
3336 1829 3652 1906 εἰσενέγκας

2070 1942 2240 2013 αὐτῷ,
2270 1942 2364 1997 καὶ
2394 1941 2455 1995 τὸ
2505 1938 2794 2011 κεχρῖσθαι
2826 1937 3079 2008 εῐρηκεν;
3120 1924 3442 2003 Λεγέτωσαν
3469 1926 3563 1986 οὖν
3600 1929 3654 1983 τί

2070 2023 2217 2085 ἐστιν
2236 2031 2297 2084 τὸ
2324 2030 2619 2100 λεγόμενον
2639 2043 2655 2060 ⁶
2688 2027 2805 2091 πῶς
2824 2026 2881 2081 δὲ
2906 2026 3038 2089 Θεὸς
3063 2023 3138 2077 ῶν
3163 2026 3191 2077 ὁ
3217 2022 3388 2092 Λόγος
3415 2023 3651 2091 ἐχρίετο,

2071 2122 2186 2177 ἀλλ’
2225 2123 2258 2194 ἢ
2293 2122 2510 2186 πάντως
2532 2122 2614 2175 ὃτι
2643 2119 2807 2183 αὐτὸς
2827 2113 2895 2191 ἦν
2916 2119 2943 2170 ὁ
2965 2117 3062 2188 τὴν
3089 2115 3182 2169 τοῦ
3215 2113 3401 2168 δούλου
3438 2114 3656 2184 μορφὴν

2072 2207 2510 2285 ἐνδυσάμενος,ᾖ
2541 2212 2634 2265 καὶ
2664 2211 2723 2266 τὸ
2751 2210 2963 2281 χρίσμα
2981 2206 3280 2278 λαμϐάνειν
3313 2206 3397 2276 εἴη
3426 2204 3491 2257 ἂν
3522 2220 3654 2274 πρε-

2073 2296 2453 2370 πωδέστατονζ
2502 2303 2623 2356 Κᾶν
2665 2301 2776 2373 γὰρ
2820 2301 3055 2370 λέγωσιν
3092 2298 3181 2352 διὰ
3232 2297 3329 2368 τὴν
3370 2290 3507 2366 πρὸς
3560 2295 3655 2347 τὸν

2073 2387 2359 2468 ἄνθρωπον
2383 2386 2681 2466 ἐνοίκησιν,
2710 2385 2786 2456 ὦς
2811 2384 2967 2446 αὐτοὶ
2991 2384 3324 2458 πλανῶνται,
3355 2388 3450 2442 τοῦ
3479 2379 3653 2456 Λόγου

2074 2489 2366 2561 πρόσωπον
2387 2488 2447 2542 τὸ
2472 2489 2682 2560 χρίσμα
2701 2482 2977 2557 λέγεσθαι,
3005 2484 3427 2556 μανθανέτωσαν
3461 2481 3654 2550 ὅτιπερ

2071 2572 2345 2651 ἐνοίκησις
2374 2580 2476 2633 οὐκ
2523 2579 2617 2632 ἐπὶ
2663 2577 2758 2635 τοῦ
2795 2577 3055 2650 Χριστοῦ,
3090 2576 3206 2632 ἀλλ’
3240 2575 3335 2629 ἐπὶ
3378 2573 3486 2628 τῶν
3519 2589 3655 2643 προ-

2074 2666 2262 2741 φητῶν
2285 2666 2381 2724 καὶ
2407 2669 2517 2723 τῶν
2546 2668 2722 2724 ἄλλων
2751 2669 2921 2739 ἀγίων
2940 2668 3181 2738 λέγεται,
3206 2667 3299 2720 καὶ
3329 2664 3653 2737 ὑπερϐαίνει

2074 2762 2280 2833 σφόδρα
2310 2761 2437 2825 τοὺς
2461 2761 2558 2832 τῆς
2579 2761 2908 2833 ἐνοικήσεως
2936 2761 3095 2831 ὄρους
3114 2759 3176 2813 τὸ
3199 2752 3520 2829 λεγόμενον·
3558 2756 3655 2810 καὶ

2072 2846 2203 2921 γοῦν
2260 2853 2643 2925 ἐνοικήσαντος
2672 2853 2765 2908 τοῦ
2816 2853 2950 2907 Θεοῦ
2988 2854 3048 2907 ἐν
3090 2847 3201 2917 τοῖς
3241 2851 3416 2923 ἁγίοις
3463 2853 3650 2915 πᾶσιν,

2074 2940 2451 3014 ἁγιαζομένων
2488 2962 2549 2997 τε
2578 2945 2673 2998 καὶ
2697 2945 3020 3016 χριομένων,
3052 2944 3113 2999 οὐ
3135 2945 3354 3014 λέγεται
3384 2935 3461 3009 ὡς
3491 2944 3653 3006 αὐτὸς

2076 3034 2435 3105 ἀγιαζόμενος
2464 3034 2499 3105 ἢ
2534 3034 2853 3107 χριόμενος·
2879 3037 2927 3090 εί
2959 3036 3061 3107 μὲν
3088 3033 3181 3090 οῦν
3211 3036 3331 3090 καθ’
3360 3036 3654 3106 ὁμοιότητα

2073 3124 2183 3180 τῶν
2219 3126 2413 3194 ἁγίων,
2448 3126 2544 3180 καὶ
2581 3126 2669 3181 ἐπ’
2712 3117 2876 3180 αὐτοῦ
2915 3128 3014 3199 τὴν
3052 3127 3328 3198 ἐνοίκησιν
3375 3127 3651 3195 λέγουσιν,

2072 3215 2295 3288 ἔκδηλος
2321 3217 2355 3288 ἡ
2389 3215 2617 3272 ἀσέϐεια
2641 3219 2809 3272 πᾶσιν
2837 3217 3011 3284 ἔσται,
3036 3218 3133 3272 καὶ
3158 3219 3257 3290 τῆς
3284 3216 3675 3298 ἀττοσετολικῆς⁸

2071 3305 2421 3374 διδασκαλίας
2454 3309 2737 3374 παντελῶς
2767 3304 3045 3381 ἀλλοτρία.

2139 3426 2210 3491 η’.
2249 3420 2388 3492 Περὶ
2423 3420 2522 3492 μὲν
2547 3420 2655 3492 γὰρ
2683 3421 2790 3475 τῶν
2818 3422 3136 3493 προφητῶν,
3160 3421 3371 3476 καὶτοῦ
3407 3420 3652 3493 Χριστοῦ

2070 3511 2451 3582 διαλεγόμενος
2469 3514 2496 3565 ό
2521 3512 2754 3576 Παῦλος,
2783 3513 3110 3583 ἀσύγκριτον
3139 3512 3331 3567 τούτου
3355 3515 3494 3585 πρὸς
3514 3515 3655 3568 ἐκεί-

2071 3618 2195 3664 νους
2226 3600 2490 3673 διαφοράν
2512 3603 2658 3673 ἡμᾶς
2682 3601 2943 3666 ἐδίδαξεν,
2968 3602 3115 3671 λέγω
3139 3602 3205 3674 δὴ
3225 3601 3321 3656 τοῦ
3355 3603 3654 3672 λεγομένου

2070 3691 2380 3763 κεχρῖσθαι’
2422 3691 2513 3744 τὸν
2539 3692 2638 3763 μὲν
2664 3694 2793 3765 γὰρ,
2821 3693 2950 3747 Υίὸν
2973 3694 3068 3747 καὶ
3096 3692 3192 3749 τοῦ
3232 3694 3444 3765 Πατρδς
3475 3694 3654 3747 ἀπαύ-

2070 3799 2263 3855 γασμα
2293 3784 2387 3838 καὶ
2427 3786 2756 3856 χαρακτῆρα
2779 3785 2882 3856 τῆς
2911 3786 3266 3849 ὑποστάσεως
3295 3785 3464 3839 αὑτοῦ
3482 3803 3496 3816 ·
3523 3786 3655 3849 τούς

2068 3874 2147 3938 δὲ,
2184 3877 2470 3945 προφήτας
2502 3875 2786 3947 ὠνόμασεν
2810 3894 2824 3909 ·
2853 3877 2945 3931 καὶ
2983 3877 3044 3930 τό
3089 3894 3154 3945 γε
3189 3876 3531 3950 θαυμαστὸν,
3569 3878 3654 3931 ὅτι

2071 3965 2214 4035 μετά
2244 3965 2453 4021 τούτων
2487 3968 2598 4022 τῶν
2629 3967 2874 4041 ὑψηλῶν,
2907 3969 3002 4024 τοῦ
3043 3971 3346 4043 χρίσματος
3371 3971 3467 4025 καὶ
3489 3970 3655 4034 αὐτὸς

2068 4055 2507 4128 ἐμνημόνευσεν·
2558 4079 2575 4110 ι
2608 4060 2942 4133 Πολυμερῶς
2972 4054 3105 4134 γάρ,
3138 4063 3324 4134 φησὶν,
3352 4063 3448 4115 καὶ
3483 4061 3653 4115 πολυι

2068 4149 2286 4222 τρόπιος
2313 4151 2483 4206 πάλαι
2517 4153 2546 4205 ό
2580 4152 2712 4217 Θεὸς
2735 4153 2978 4226 λαλήσας
3007 4157 3118 4219 τοῖς
3147 4154 3419 4225 πατράσιν
3452 4156 3511 4209 ἐν
3541 4156 3653 4216 τοῖς

2068 4242 2399 4313 προφήταις,
2431 4244 2520 4295 ἐπ’
2551 4243 2794 4314 ἐσχάτων
2830 4245 2938 4299 τῶν
2963 4246 3186 4319 ἡμερῶν
3219 4244 3425 4299 τούτων
3460 4245 3654 4314 ἐλάλη-

2070 4349 2164 4388 σεν
2190 4335 2322 4404 ἡμῖν
2348 4335 2406 4387 ἐν
2433 4334 2569 4405 Υίῷ,
2593 4335 2651 4389 ὃν
2672 4335 2836 4408 ἔθηκε
2864 4337 3203 4408 κληρονόμον
3230 4337 3470 4401 πάντων,
3501 4336 3571 4390 δι’
3592 4327 3653 4388 οὗ

389 4438 512 4477 cum
549 4424 621 4479 sit
652 4422 910 4494 splendor
939 4421 1124 4490 gloria:
1161 4431 1215 4475 et
1266 4425 1436 4492 ﬁgura
1481 4424 1796 4479 substantia:
1824 4424 1960 4492 eius,

2074 4425 2293 4495 ἐποίησε
2330 4428 2455 4490 τοὺς
2483 4426 2684 4491 αἰῶνας
2703 4445 2720 4461 ο
2747 4427 2806 4491 ὃς
2836 4426 2915 4481 ὢν
2942 4427 3285 4498 ἀπαύγασμα
3326 4426 3426 4496 τῆς
3469 4427 3598 4498 δόξη
3616 4446 3652 4492 “,

390 4522 723 4584 portansquc
756 4512 936 4569 omnia
968 4513 1132 4567 verbo
1171 4513 1392 4567 virtutis
1420 4527 1552 4578 suae,
1605 4525 1726 4578 post
1764 4528 1951 4584 purga-

390 4603 590 4658 tionem
621 4614 964 4674 peccatorum
994 4603 1212 4669 lactain,
1233 4603 1480 4659 consedit
1504 4604 1558 4659 in
1589 4605 1815 4658 dextera
1843 4621 1959 4657 ma-

384 4690 598 4760 jestatis
628 4692 681 4744 in
704 4692 930 4747 excelsis
957 4694 1026 4748 “.
1063 4711 1082 4746 ι
1115 4693 1180 4748 Ει
1224 4693 1386 4763 paulo
1431 4703 1555 4764 post
1594 4694 1670 4750 ait
1699 4708 1713 4744 :
1750 4713 1770 4746 ι
1802 4694 1863 4748 Et
1894 4695 1961 4749 ad

390 4782 613 4852 angelos
642 4782 858 4850 quidem
894 4784 1024 4840 dicit
1057 4803 1070 4840 :
1103 4786 1205 4853 Qui
1241 4787 1368 4841 facit
1397 4787 1619 4857 angelos
1636 4802 1765 4842 suos
1796 4788 1962 4857 spiri-

392 4884 498 4938 tus,
537 4883 590 4927 ct
624 4874 904 4929 ministros
945 4890 1073 4931 suos
1120 4877 1393 4932 ﬂammam
1431 4879 1603 4948 ignis;
1655 4882 1722 4934 ad
1758 4876 1956 4934 Filium

388 4978 571 5023 autem
614 4980 629 5018 :
662 4965 916 5020 Thronus
969 4948 1110 5028 tuus.
1148 4966 1323 5033 Deus,
1360 4969 1411 5022 in
1444 4970 1700 5024 saeculum
1731 4971 1911 5026 δασυιὶ
1943 4988 1958 5037 ;

390 5059 538 5129 virga
565 5056 859 5128 mquitatis,
892 5058 1041 5127 virga
1082 5059 1234 5127 regni
1271 5058 1369 5113 tui.
1404 5059 1960 5129 Dilexistijustitiam,

390 5158 446 5202 et
468 5150 630 5204 odisti
659 5149 1001 5218 iniquitatem
1027 5165 1041 5201 :
1077 5161 1361 5219 propterea
1390 5152 1548 5204 unxit
1575 5162 1627 5207 te
1659 5153 1799 5207 licus
1824 5152 1963 5207 Deus

395 5247 516 5295 tuus
563 5239 687 5295 oleo
735 5240 1124 5298 exsultationis
1151 5256 1261 5312 prae
1309 5243 1669 5313 participibus
1711 5244 1902 5299 tuis".
1938 5263 1956 5296 ι

2068 4517 2160 4568 καὶ
2187 4517 2476 4588 χαρακτὴρ
2508 4517 2608 4585 τῆς
2646 4518 2996 4582 ὑποστάσεως
3040 4518 3230 4585 αὐτοῦ,
3269 4517 3453 4591 φέρων
3493 4535 3555 4572 τε
3586 4518 3655 4570 τὰ

2073 4608 2253 4662 πάντα
2276 4607 2354 4677 τῷ
2382 4596 2588 4680 ῥήματι
2617 4610 2718 4681 τῆς
2753 4610 3037 4683 δυνάμεως
3082 4610 3271 4675 αὑτοῦ,
3306 4609 3654 4681 καθαρισμὸν

2068 4700 2177 4752 τῶν
2210 4700 2493 4770 ἁμαρτιῶν
2540 4701 2931 4775 ποιησάμενος,
2979 4701 3233 4756 ἐκάθισεν
3261 4704 3320 4756 ἐν
3353 4700 3508 4773 δεξιᾷ
3554 4702 3651 4769 τῆς

2074 4790 2471 4863 μεγαλωσύνης
2502 4794 2558 4846 ἐν
2591 4791 2834 4864 ὑψηλοῖς.
2879 4811 2897 4845 i
2949 4793 3060 4847 Kal.
3109 4792 3227 4864 μετ’
3258 4793 3419 4862 ὀλίγα
3452 4793 3616 4864 φησίν
3636 4809 3651 4825 ο

2076 4903 2093 4934 ι
2128 4884 2238 4936 Καὶ
2271 4884 2410 4956 πρὸς
2445 4886 2543 4955 μὲν
2577 4886 2703 4949 τοὺς
2738 4884 3005 4954 ἀγγέλους
3035 4885 3185 4953 λέγει
3206 4902 3219 4916 ·
3249 4885 3307 4938 ὐ
3331 4885 3504 4938 ποιῶν
3532 4886 3655 4949 τοῦς

2068 4976 2332 5044 ἀγγέλους
2363 4977 2529 5029 αὐτοῦ
2564 4976 2871 5047 πνεύματα,
2909 4976 3004 5030 καὶ
3033 4976 3160 5040 τοὺς
3187 4976 3540 5047 λειτουργοὺς
3562 4975 3655 5028 αὐσ

2068 5067 2162 5120 τοῦ
2195 5068 2365 5139 πυρὸς
2399 5068 2600 5137 φλόγα·
2635 5069 2776 5141 πρὸς
2802 5069 2860 5122 δὲ
2884 5069 2975 5122 τὸν
2995 5069 3154 5123 Υἰόν·
3200 5068 3258 5121 'O
3285 5067 3475 5139 θρόνος
3508 5084 3602 5119 σου
3630 5060 3656 5117 ὁ

2070 5158 2224 5223 Θεὸς,
2250 5160 2331 5223 εἰς
2362 5160 2451 5213 τὸν
2482 5159 2657 5215 αἰῶνα
2680 5160 2778 5214 τοῦ
2808 5160 3006 5225 αἰῶνος
3025 5176 3039 5191 ο
3075 5158 3273 5231 ῥάϐδος
3297 5158 3597 5229 εὐθύτητος
3622 5159 3654 5226 ἠ

2071 5247 2268 5317 ῥάϐδος
2308 5250 2406 5320 τῆς
2451 5250 2727 5321 βασιλείας
2759 5268 2856 5305 σου
2879 5268 2893 5284 ·
2943 5251 3243 5324 ἠγάπησας
3280 5251 3654 5323 δικαιοσύνην,

459 5413 511 5449 ⁸⁵
546 5415 685 5470 Psal.
720 5433 939 5486 uxxvr,
965 5418 1020 5477 5.
1095 5419 1143 5451 "
1175 5418 1318 5476 Psal.
1358 5434 1502 5487 κων,
1536 5421 1587 5486 7,
1617 5421 1666 5477 8.
1749 5422 1798 5453 “
1830 5419 1967 5478 llcht

2107 5423 2223 5479 ιη.
2303 5425 2348 5455 ιτ
2388 5424 2516 5479 ibid.
2555 5425 2610 5495 8,
2640 5425 2695 5481 9.

466 5592 635 5670 (l)_lta
664 5594 1128 5670 interpungiturin
1151 5606 1381 5670 utroque
1397 5600 1583 5670 Cyrilli
1600 5600 1808 5667 codice,
1834 5615 1961 5656 ncc-

398 5665 586 5721 nonin
620 5666 857 5721 editione
884 5665 1140 5723 Vaticana
1161 5665 1457 5725 lliblioruni
1477 5665 1810 5726 Graecorum.

2141 5602 2217 5670 (2)
2246 5599 2419 5655 Simili
2467 5601 2739 5656 locutione
2788 5601 2959 5656 ttiilttt‘
3011 5599 3273 5657 Eusebius
3320 5601 3374 5657 in
3418 5604 3655 5661 secundo

2069 5669 2419 5738 Tln'oplmitt'w
2459 5673 2779 5742 li'agtiieuto.
