4014 6128
306 297 412 355 265
1396 287 1584 356 QUOD
1624 288 1684 343 Β.
1729 285 1883 343 MAR]

2014 282 2091 339 il'l‘
2134 280 2454 340 DEIPARA.
2698 299 2705 303 '
3438 273 3546 331 ετ,

311 420 406 477 καὶ
443 414 715 489 ἐμίσησας
738 410 948 467 ἀδικίαν
971 422 985 439 ·
1014 407 1103 463 διὰ
1126 407 1284 462 τοῦτο
1312 404 1525 478 ἔχρισέν
1557 422 1616 460 σε
1638 406 1667 459 6
1695 405 1826 469 Θεὸς
1851 405 1879 458 ό

2014 401 2180 459 :ernls
2229 413 2395 469 quam
2454 393 2630 450 aliena
2676 388 2750 447 sit
2793 403 2825 443 a
2873 387 3092 443 Christo
3136 386 3548 444 inhabitationis

309 511 446 574 Θεός
476 478 612 562 ’ωυ-
638 504 814 559 ἔλαιον
857 499 1231 571 ἀγαλλιάσεως
1264 496 1416 567 παρά
1442 498 1569 560 τοὺς
1615 495 1879 567 μετόχους

2014 490 2277 549 leﬁnitio?
2308 487 2462 563 Quod
2490 486 2537 542 si
2570 485 2655 540 hic
2688 484 2872 539 dicant
2904 478 3356 535 inbahitationem
3407 480 3547 535 haud

313 569 442 655 con:
463 616 483 651 ι
521 596 755 665 Θεωρεῖς
799 591 874 655 ὡς
905 569 1112 660 σφόδρα
1150 586 1431 657 ἀλλότριος
1476 587 1570 640 ἐπὶ
1604 584 1701 640 τοῦ
1744 586 1882 658 Χρι·

2014 598 2242 654 anquam
2271 583 2324 637 in
2354 578 2562 637 sanctis
2589 616 2606 642 ,
2660 576 2753 632 sed
2801 587 2920 628 eam
2962 585 3081 643 qua:
3106 569 3249 626 facta
3291 569 3455 625 fuerit
3480 583 3549 625 ex
3612 650 3617 655 υ

313 686 446 744 στοῦ
472 687 501 739 6
532 662 979 754 τῆς-ἐνοικήσεως
1008 676 1167 747 ὃροςς
1198 676 1262 728 Et
1288 674 1346 728 δὲ
1371 672 1618 743 λέγωσιν
1645 671 1881 728 ἐνταῦθα

2015 675 2364 746 oniunctione
2387 670 2551 729 Verbi
2582 685 2704 727 cum
2743 666 2967 724 homine
3019 666 3085 721 de
3132 662 3357 736 Virgine
3398 677 3549 728 nato,

309 777 411 849 τὴν
435 775 706 844 ἐνοίκησιν
738 770 814 841 μὴ
845 770 958 831 τοῖς
986 766 1160 836 ἁγίοις
1179 764 1399 836 ὁμοίως,
1430 762 1567 818 ἀλλά
1590 763 1712 818 καθ’
1744 763 1880 818 ῑνω-

2014 768 2377 838 espondemus
2404 764 2602 821 nullam
2633 762 2801 818 licere
2829 770 2951 830 post
2980 768 3200 828 partum
3228 759 3410 814 dicere
3468 758 3551 849 ia-

314 848 399 922 σιν
430 867 523 920 τὸν
556 864 728 932 Λόγον
762 860 899 932 πρὸς
927 857 1214 929 ἄνθρωπον
1239 858 1307 910 ὲκ
1344 855 1443 925 τῆς
1478 854 1756 926 Παρθένου
1790 870 1882 908 τε-

2014 867 2135 914 :tam
2163 856 2627 925 coniunctionem,
2658 854 2763 909 nisi
2792 868 2908 909 eam
2927 866 3049 922 quae
3086 864 3151 906 ex
3178 850 3350 919 gratia
3377 855 3431 904 et
3460 848 3554 903 Dei

314 959 508 1030 χθὲντα
534 951 893 1024 γεγενῆσθαι,
937 950 999 1003 οὐ
1028 946 1251 1013 δυνατὸν
1287 946 1384 1019 μὲν
1430 944 1569 1017 μετά
1601 945 1701 1016 τὴν
1749 945 1883 1000 ἀπο-

2014 948 2399 1020 ιιτιὶοῑροιίοηο
2421 947 2500 1015 ﬁt,
2546 945 2854 1016 cuiusmodi
2884 958 3073 1001 rursus
3113 943 3200 1000 aio
3244 941 3389 997 illam
3426 955 3553 997 san-

317 1046 506 1119 κύησιν
552 1046 757 1099 ἕνωσιν,
794 1039 975 1112 ἀληθῆ
1023 1037 1299 1108 λέγεσθαι,
1331 1036 1447 1090 ἀλλ’
1498 1035 1533 1107 ἢ
1589 1036 1749 1107 μόνον
1784 1035 1883 1108 τὴν

2017 1050 2195 1098 torum
2216 1053 2337 1095 eum
2366 1037 2477 1095 Deo
2502 1036 2692 1093 fuisse.

313 1137 454 1194 κατά
478 1135 636 1209 χάριν
667 1134 764 1189 καὶ
798 1133 1033 1205 μετοχὴν
1062 1128 1159 1185 τοῦ
1191 1128 1349 1194 Θεοῦ,
1378 1127 1457 1191 ὡς
1494 1128 1554 1183 ἐν
1577 1131 1691 1192 τοῖς
1709 1127 1883 1199 ἁγίοις

314 1228 475 1284 πάλιν
507 1227 742 1296 ἐγένετο.

375 1320 448 1374 θ’.
470 1293 615 1375 Εἱτδὲ
639 1314 874 1372 ἐνταῦθα
897 1314 998 1387 τὴν
1023 1313 1300 1384 ἐνοίκησιν
1315 1312 1513 1367 ἕνωσιν
1535 1308 1675 1367 εῖναι
1697 1311 1883 1381 λόγου·

2052 1301 2108 1358 9.
2137 1301 2290 1369 Quod
2324 1300 2369 1357 si
2412 1297 2679 1356 vocabulo
2726 1295 3078 1352 habitationis
3119 1293 3554 1363 coniunctionem

313 1429 420 1480 σιν,
438 1411 540 1466 οὐκ
576 1411 636 1465 ὲν
660 1412 728 1481 τῇ
766 1408 1052 1480 Παρθένῳ,
1086 1405 1222 1465 ἀλλὰ
1257 1405 1397 1478 μετά
1436 1404 1499 1459 τὸ
1534 1403 1791 1476 τεχθῆναι
1825 1403 1883 1471 ἐξ

2014 1391 2292 1462 ntelligunt
2307 1406 2411 1447 non
2426 1389 2573 1445 illam
2588 1389 2733 1444 intra
2750 1387 3028 1458 Virginem
3053 1387 3272 1452 factam,
3295 1388 3390 1442 sed
3409 1394 3557 1457 post-

312 1478 509 1570 αὐτῆς,
539 1499 674 1570 φέρε
701 1478 807 1552 οιαὶ
846 1478 1074 1551 οῦτωτὸ
1102 1493 1394 1566 λεγόμενον
1421 1492 1786 1563 ἐξετάσωμεν.
1820 1492 1883 1547 Ei

2014 1497 2146 1554 [nam
2163 1482 2317 1539 Jesus
2343 1485 2411 1537 de
2438 1483 2555 1552 ipsa
2585 1490 2745 1536 natus
2770 1480 2968 1547 fuerat,
3001 1492 3121 1551 age,
3160 1480 3213 1535 id
3240 1492 3455 1550 quoque
3486 1478 3554 1533 ad

311 1590 399 1646 διά
423 1590 581 1644 τοῦτο
606 1591 685 1653 είς
711 1589 771 1642 τὸ
805 1587 899 1641 τοῦ
929 1587 1099 1653 Λόγου
1129 1586 1427 1658 πρόσωπον
1456 1584 1517 1638 τὸ
1544 1584 1755 1655 χρίσμα
1816 1584 1883 1637 ab

2015 1575 2248 1629 rutinam
2279 1575 2676 1642 expendamus.
2711 1573 2769 1628 Si
2803 1573 3008 1628 idcirco
3033 1573 3098 1629 de
3128 1570 3292 1627 Verbi
3321 1586 3552 1642 persona

313 1680 520 1753 ρῆσθαι
555 1679 824 1748 λέγουσιν,
860 1678 947 1732 διὰ
995 1678 1055 1730 τὸ
1102 1679 1341 1731 συνεῖναι
1371 1676 1465 1729 καί
1512 1673 1774 1745 ἡνῶσθαι,
1807 1674 1883 1736 ὼς

2014 1665 2303 1720 unctionem
2331 1664 2680 1733 prmdieatam
2704 1664 2878 1726 aiunt,
2904 1664 3032 1733 quia
3063 1662 3409 1731 coniunctum
3436 1663 3558 1717 uni-

312 1772 471 1826 αὐτοί
501 1788 653 1841 φασι,
682 1769 760 1841 τῷ
788 1768 1058 1839 ἀνθρώπῳ
1080 1768 1170 1821 τὸν
1193 1768 1385 1836 Λόγον,
1409 1766 1625 1830 πάντως
1652 1765 1735 1819 ὅτι
1768 1764 1883 1836 μεθ’

2016 1769 2219 1824 umque
2248 1754 2432 1818 fuerit,
2463 1762 2525 1809 ut
2547 1754 2648 1824 ipsi
2679 1754 2854 1823 aiunt,
2908 1754 3112 1809 homini
3166 1753 3418 1820 Verbum,
3443 1768 3560 1808 om-

313 1862 510 1918 ἕνωσιν
552 1862 713 1917 αὐτὸν
764 1860 1049 1931 κεκρίσθαι
1093 1860 1271 1922 λέγειν
1297 1858 1356 1921 ἐξ
1376 1858 1623 1929 ἀνάγκης
1653 1859 1883 1927 ἀπαιτη-

2014 1847 2122 1901 ιὶιιο
2160 1854 2283 1915 post
2328 1844 2769 1912 coniunctionem
2806 1845 2978 1915 ipsum
3011 1854 3228 1899 unctum
3260 1843 3424 1899 fuisse
3480 1845 3562 1898 di-

314 1953 610 2024 θήσονται·
642 1952 731 2005 τὸν
761 1951 872 2021 γὰρ
912 1950 1046 2004 Θεὸν
1080 1949 1251 2019 Λόγον
1296 1953 1325 2005 6
1358 1950 1667 2020 προφήτης,
1700 1949 1781 2002 ἔτι
1823 1965 1883 2016 γε

2014 1951 2114 1992 :ere
2146 1938 2457 1993 necessario
2482 1945 2764 2007 cogentur.
2794 1935 2929 1991 Nam
2965 1936 3130 1991 Deum
3158 1934 3394 1991 Verbum
3428 1951 3558 2006 pro-

318 2045 426 2117 μὴν
448 2046 543 2100 καὶ
566 2045 595 2097 ὁ
631 2042 957 2105 ’Λπόστολος
988 2041 1341 2111 θεολογήσας,
1379 2039 1528 2110 αὑτῷ
1558 2040 1655 2096 καὶ
1681 2040 1742 2094 τὸ
1772 2040 1883 2111 χρί-

2014 2028 2175 2092 theta,
2208 2040 2307 2082 nec
2337 2040 2442 2082 non
2471 2027 2762 2099 Apostolus
2811 2026 3116 2097 theologica
3161 2040 3412 2081 sermone
3461 2027 3558 2080 de-

314 2151 435 2205 σμοι
471 2133 720 2205 φανερῶς
743 2131 1037 2202 ἀνέθηκεν.
1072 2129 1138 2185 El
1193 2132 1374 2185 τοίνυν
1410 2131 1496 2184 διὰ
1535 2131 1635 2203 τὴν
1673 2131 1883 2197 ἕνωσιν¹

2014 2120 2257 2205 .cribens,
2279 2118 2454 2174 eidem
2472 2118 2633 2173 etiam
2657 2118 2967 2174 unctionem
2990 2117 3275 2174 manifeste
3292 2119 3556 2173 attribuit.

313 2191 414 2279 καὶ
534 2191 775 2278 συνεῖναι
798 2191 960 2278 αὐτὸν
980 2223 1057 2293 τῷ
1080 2221 1371 2294 ἀνθρώπῳ,
1395 2222 1457 2274 τὸ
1484 2191 1890 2294 τοῦάνθρώπου
1993 2210 2051 2265 Si
2087 2191 2228 2264 l‘orfe
2268 2209 2434 2278 igitur
2474 2218 2697 2280 propter
2735 2207 3196 2277 coniunctionem,
3242 2216 3296 2264 et
3339 2219 3562 2278 propter

312 2315 396 2387 τῷ
435 2316 590 2386 Λόγῳ
628 2315 1038 2388 προσάπτουσιν
1072 2315 1120 2368 οἱ
1169 2313 1336 2382 ἆγιοι,
1368 2313 1509 2384 μετά
1549 2313 1648 2384 τὴν
1694 2313 1883 2369 ἕνωσιν

2014 2300 2110 2371 :ius
2145 2315 2269 2356 cum
2294 2300 2516 2357 homine
2540 2300 3006 2366 coexsistentiam,
3046 2300 3197 2370 quod
3218 2309 3300 2354 est
3330 2300 3564 2354 hominis

315 2407 456 2460 αὐτὸ
481 2407 539 2460 τὸ
568 2406 774 2477 χρίσμα
807 2404 1140 2475 γεγενῆσθαι
1170 2404 1388 2468 πάντως
1425 2403 1852 2474 ὁμολογήσουσιν
1876 2420 1883 2433 ·

2014 2392 2271 2461 πορτίιιπι
2302 2389 2480 2447 Verbo
2500 2392 2913 2447 accommodant
2952 2390 3196 2460 praedicti
3221 2393 3419 2456 sancti,
3454 2391 3563 2445 uti-

313 2501 365 2552 εί
396 2498 460 2551 δὲ
500 2499 638 2567 μετά
664 2501 762 2568 τὴν
800 2499 996 2552 ἕνωσιν
1029 2497 1338 2568 κέχρισται,
1373 2496 1471 2566 τὴν
1505 2496 1560 2550 δὲ
1604 2496 1798 2550 ἕνωσιν
1830 2496 1883 2549 0':

2014 2498 2105 2552 iue
2129 2490 2251 2552 post
2282 2482 2716 2549 coniunctionem
2763 2482 2938 2550 ipsum
2961 2482 3197 2536 chrisma
3222 2481 3421 2537 factum
3446 2496 3568 2536 esse

314 2590 609 2661 βούλονται
659 2590 840 2657 λέγειν
872 2589 1004 2660 πρὶν
1052 2591 1118 2642 ὲκ
1147 2587 1251 2657 τῆς
1290 2585 1569 2656 Παρθένου
1602 2584 1883 2655 τεχθῆναι1

2014 2588 2220 2629 ποι-ευε
2253 2571 2677 2629 confitebuntur.
2727 2571 2844 2628 Jatn
2876 2574 2921 2629 si
2964 2584 3085 2644 post
3126 2574 3565 2644 coniunctionem

317 2680 456 2733 οὐδὲ
501 2679 858 2751 Χριστοτόκος
886 2678 1070 2732 οὐκέτι
1120 2676 1259 2746 πρὸς
1315 2674 1493 2729 αὐτῶν
1543 2676 1578 2745 ῆ
1622 2673 1883 2745 Παρθένος

2014 2664 2154 2721 Iesus
2181 2672 2379 2720 unctus
2408 2664 2527 2730 fuit,
2560 2665 2996 2735 coniunctionem
3031 2676 3210 2722 autem
3238 2667 3438 2721 nullam
3485 2669 3570 2723 di-

314 2761 828 2833 ὁμολογηθήσεταιο
885 2761 934 2813 εἰ
982 2759 1093 2830 γὰρ
1138 2757 1528 2829 Χριστοτόκος,
1559 2756 1776 2819 πάντως
1817 2757 1883 2811 ὅτι

2014 2772 2132 2813 cere
2169 2756 2360 2812 volunt
2409 2765 2538 2811 ante
2595 2756 2716 2825 eius
2744 2771 2811 2812 ex
2855 2756 3075 2827 Virgine
3112 2768 3291 2813 ortum
3323 2798 3338 2823 ,
3385 2762 3569 2831 sequi-

311 2853 421 2907 καὶ
455 2850 746 2914 Θεοτόκος’
777 2851 824 2903 εί
856 2850 913 2903 δὲ
942 2850 1004 2903 οὐ
1039 2848 1322 2913 Θεοτόκος,
1353 2848 1473 2901 οὐδὲ
1500 2848 1883 2918 Χριστοτόκος.

2014 2862 2089 2904 tur
2142 2855 2202 2903 ut
2253 2848 2343 2901 isti
2406 2861 2472 2901 ne
2541 2845 2935 2916 Christiparam
3005 2849 3221 2916 quidem
3275 2848 3565 2919 Virginem

306 2945 378 2998 Et
406 2943 524 3015 γὰρ
550 2943 612 2996 τὸ
640 2942 850 3015 χρίσμα
882 2941 1022 3013 μετὰ
1054 2939 1154 3011 τὴν
1187 2939 1502 3005 ἓνωσιν,καὶ
1527 2938 1615 2993 διὰ
1635 2937 1791 2993 τοῦτο
1819 2941 1883 3004 είς

2014 2939 2405 3004 :0uliteantur._
2428 2936 2562 2990 Nam
2620 2936 2666 2991 si
2700 2935 3061 3005 Christipara,
3101 2952 3329 3005 prorsus
3362 2948 3416 2993 et
3446 2938 3571 2994 Dei-

306 3033 374 3085 τὸ
395 3030 499 3085 τοῦ
529 3031 706 3100 Λόγου
734 3030 1025 3103 πρόσωπον
1048 3030 1206 3084 τοῦτο
1227 3029 1468 3099 λέγεται,
1490 3029 1590 3102 τὴν
1613 3030 1671 3084 δὲ
1703 3029 1883 3085 ἓνωσιι

2014 3045 2134 3101 para
2191 3046 2206 3084 :
2273 3029 2320 3084 si
2376 3030 2554 3084 minus
2620 3028 2878 3098 Deipara,
2908 3028 3095 3096 utique
3134 3043 3233 3084 nec
3266 3028 3573 3100 Christipa-

310 3124 464 3196 μετά
499 3125 600 3195 τὴν
625 3125 690 3178 ὲκ
713 3125 813 3195 τῆς
847 3122 1125 3194 Παρθένου
1158 3121 1413 3194 γέννησιν
1443 3122 1770 3194 γεγενῆσθαι
1804 3122 1883 3176 λέ-

2014 3141 2086 3178 ra.
2136 3119 2272 3177 Nam
2340 3122 2383 3176 si
2417 3121 2606 3176 unctio
2667 3129 2791 3190 post
2815 3121 3253 3192 coniunctionem
3280 3122 3400 3190 fuit,
3439 3139 3570 3193 pro-

306 3231 534 3285 γουσιν,
563 3215 685 3269 οὐδὲ
726 3215 1091 3287 Χριστοτόκος
1123 3212 1307 3268 οὐκέτι
1348 3213 1735 3286 εὑρεθήσεται·
1768 3214 1817 3268 εί
1842 3213 1883 3267 6i

2014 3226 2292 3286 pleresque
2321 3213 2372 3268 in
2401 3212 2564 3269 Verbi
2591 3227 2879 3282 personam
2911 3228 2973 3269 ea
3003 3222 3308 3282 reputatur,
3344 3215 3571 3285 coniun-

305 3307 708 3379 Χριποτόκος,
733 3308 827 3361 καὶ
848 3306 1110 3371 Θεοτόκος
1129 3322 1145 3337 ·
1176 3305 1270 3361 τοῦ
1298 3304 1410 3377 γὰρ
1451 3305 1755 3379 χρίσματος
1794 3305 1883 3376 arpi

2014 3307 2237 3362 stionem
2272 3314 2455 3360 autem
2493 3315 2612 3375 post
2647 3305 2989 3360 nativitatem
3020 3320 3085 3361 ex
3114 3304 3337 3373 Virgine
3373 3306 3571 3363 factam

306 3401 412 3472 τῆς
433 3399 693 3464 ὲνὼσεως
727 3397 803 3471 μὴ
832 3399 1133 3471 δυναμένου
1166 3399 1426 3466 νοεῖσθαι,
1459 3401 1507 3452 εί
1536 3399 1883 3471 Χριστοτόκος

2014 3397 2209 3461 dicunt,
2233 3412 2300 3451 ne
2332 3396 2721 3465 Christiparam
2751 3397 2969 3467 quidem
2999 3411 3119 3452 esse
3148 3400 3571 3467 comperiemus.

302 3494 339 3565 ἡ
376 3491 694 3563 Παρθένος,
734 3492 792 3546 ὲν
822 3491 959 3563 αὐτῇ
1016 3489 1081 3562 δὴ
1127 3490 1228 3563 τῆς
1277 3488 1524 3553 ἑνώσεως
1565 3489 1865 3561 γενομένης

2014 3485 2174 3542 Secus
2218 3486 2262 3541 si
2316 3485 2650 3557 Christipara
2688 3499 2795 3553 est,
2854 3502 2986 3543 sane
3029 3496 3084 3543 et
3134 3487 3389 3558 Deipara.
3438 3490 3573 3545 Cum

302 3583 503 3638 οὐκέτι
534 3582 849 3654 ἄνθρωπον,
874 3583 948 3646 ὡς
976 3581 1129 3635 αὐτοί
1169 3598 1355 3650 φασιν,
1381 3579 1498 3634 ἀλλ’
1532 3581 1804 3635 ἐνωθέντα
1823 3580 1883 3651 τῖε

2014 3577 2147 3633 enim
2166 3579 2348 3633 unctio
2371 3586 2497 3632 ante
2524 3577 2959 3647 coniunctionem
2985 3580 3212 3650 cogitari
3236 3597 3343 3636 non
3371 3584 3575 3651 possit,

301 3672 474 3744 Λόγῳ
498 3673 840 3743 γεννήσασα,
867 3671 1126 3735 Θεοτόκος
1153 3668 1373 3734 δικαίως
1396 3669 1462 3723 ἂν
1484 3669 1718 3739 λέγοιτο·
1743 3669 1795 3723 εί
1815 3686 1876 3738 γε

2014 3671 2050 3723 si
2079 3667 2426 3737 Christipara
2457 3675 2543 3723 est
2569 3668 2758 3739 Virgo,
2810 3670 3066 3739 intraque
3114 3685 3232 3725 eam
3263 3671 3576 3740 coniunctio

302 3763 502 3828 καθὼς
536 3763 850 3835 ἔμπροσθεν
876 3760 1112 3832 εἴρηται,
1142 3758 1240 3831 τὴν
1273 3760 1466 3813 ἕνωσιν
1499 3760 1694 3832 ἀληθῆ,
1718 3761 1815 3813 καὶ
1841 3762 1883 3813 0i

2014 3758 2153 3815 facta
2193 3760 2331 3825 fuit,
2363 3775 2422 3814 ea
2475 3775 2596 3815 cum
2648 3774 2754 3814 non
2800 3761 3073 3814 hominem
3101 3800 3116 3826 ,
3153 3771 3210 3815 ut
3254 3762 3343 3817 isti
3372 3764 3524 3816 aiunt
3558 3802 3576 3829 ,

300 3852 581 3923 καθάπερ
624 3854 682 3905 ὲν
724 3853 837 3915 τοῖς
875 3850 1051 3919 ἁγίοις
1107 3848 1379 3919 λέγουσιν.
1417 3848 1589 3902 Τοῦτο
1612 3849 1670 3903 δέ
1700 3866 1880 3920 φαμεν

2014 3851 2099 3904 sed
2130 3851 2345 3905 unitum
2381 3850 2558 3905 Verbo
2581 3850 2856 3905 Christum
2888 3851 3428 3921 pepererit,Deipara
3453 3855 3579 3923 iure

298 3940 387 3993 ὅτι
423 3943 493 3994 οὐ
522 3939 755 3993 δυνατὸν
786 3939 979 3993 ἕνωσιν
1009 3938 1182 4009 ἀληθῆ
1203 3937 1383 4007 λέγειν
1417 3938 1553 4009 μετά
1584 3938 1683 4009 τὴν
1710 3937 1883 4008 γέννη-

2014 3942 2265 4006 dicetur;
2307 3941 2610 4010 siquidem,
2650 3949 2709 3995 ut
2738 3950 2897 3995 antea
2930 3942 3129 3995 dictum
3172 3951 3297 4007 est,
3340 3943 3409 3997 de
3451 3956 3578 3997 vera

300 4044 427 4083 σιν’
469 4030 652 4099 ἡμεῖς
700 4027 756 4081 δὲ
786 4028 888 4081 οὐκ
932 4027 1221 4098 ἄνθρωπον
1271 4026 1391 4098 Θεῷ
1438 4027 1729 4094 ὲνωθέντα,
1770 4027 1883 4082 an:

2014 4032 2367 4097 adunatione,
2396 4046 2501 4085 non
2535 4041 2714 4084 autem
2748 4031 2813 4086 de
2859 4031 2949 4084 illa
3004 4047 3125 4100 qua:
3173 4033 3224 4085 in
3257 4034 3465 4088 sanctis
3501 4035 3578 4097 tit,

296 4119 444 4173 Θεὸν
475 4121 555 4173 τὰ
587 4118 909 4189 ἀνθρώπινα
941 4118 1380 4190 προσλαϐόμενον
1401 4118 1623 4189 οἴδαμεν
1645 4120 1735 4174 τὸν
1766 4121 1883 4191 Χρι-

2014 4124 2324 4193 loquuntur.
2359 4120 2473 4176 Hoc
2507 4130 2686 4176 autem
2715 4121 2968 4188 dicimus,
2999 4122 3124 4191 quia
3157 4120 3271 4177 ﬁeri
3306 4124 3501 4191 nequit
3526 4133 3584 4176 ut

297 4211 458 4277 στὸν,
494 4211 658 4279 λέγω
699 4210 764 4282 δὴ
802 4211 982 4280 σῶμα,
1028 4211 1125 4264 καὶ
1152 4210 1352 4281 ψυχὴν,
1402 4211 1493 4265 καὶ
1534 4209 1658 4266 νοῦν
1684 4211 1883 4265 τελείω

2014 4233 2137 4272 vera
2171 4218 2431 4272 adunatio
2459 4225 2578 4287 post
2624 4216 2964 4272 nativitatem
3006 4217 3237 4272 dicatur.
3292 4215 3401 4271 Nos
3455 4232 3583 4271 vero

295 4304 487 4373 χωρὶς
544 4301 833 4371 ἁμαρτίας
885 4299 1139 4353 ἑνοῦσθαι
1179 4303 1246 4372 τῇ
1309 4300 1439 4372 ἁγίᾳ.
1492 4302 1770 4373 Παρθένῳ.
1807 4305 1883 4357 At:

2014 4325 2115 4363 non
2152 4308 2427 4363 hominem
2482 4308 2591 4363 Deo
2631 4308 2862 4375 unitum,
2893 4308 2987 4363 sed
3036 4308 3203 4362 Deum
3252 4309 3341 4377 qui
3381 4309 3582 4363 ‘huma-

293 4392 471 4447 τοῦτο
509 4393 632 4446 κᾶν
664 4390 948 4463 ἄνθρωπον
977 4391 1218 4463 ἀκούσῃς
1249 4391 1340 4445 τὸν
1373 4391 1605 4462 Χριστὸν
1642 4394 1883 4465 ὀνομαζό-

2014 4401 2231 4454 nitatem
2264 4401 2572 4469 assumpsit,
2609 4402 2700 4470 qui
2728 4415 2945 4469 corpus,
2985 4399 3301 4469 inquam,et
3344 4401 3583 4454 animum

297 4499 502 4552 μενον,
541 4481 631 4552 μὴ
664 4479 1015 4533 ὲπιλανθάνου
1044 4482 1125 4534 ὅτι
1155 4481 1249 4535 καὶ⁵
1289 4481 1421 4546 Θεὸς
1450 4484 1670 4553 γέγονεν
1689 4503 1701 4516 ’
1732 4485 1883 4541 οὓτω.

2015 4506 2080 4546 ac
2113 4500 2345 4545 mentem
2379 4491 2617 4562 perfecte
2649 4493 2700 4546 in
2747 4502 2933 4547 sancta
2989 4491 3209 4562 Virgine
3238 4491 3340 4546 sibi
3386 4493 3581 4558 univit,

294 4574 700 4644 ἐπιστάμενος
727 4573 756 4625 ό
811 4572 1077 4643 μακάριος
1102 4571 1339 4640 Παῦλος,
1373 4576 1505 4628 ποτὲ
1535 4575 1589 4628 δὲ
1618 4575 1751 4631 Θεὸν
1778 4579 1877 4648 ὲκή

2021 4587 2168 4642 hunc.
2200 4587 2479 4642 Christum
2515 4602 2637 4641 esse
2661 4587 2885 4641 scimus.
2922 4588 3213 4653 PrOpterea
3242 4586 3455 4641 etiamsi
3489 4590 3585 4641 ho-

294 4682 547 4736 ρυττενο
592 4681 617 4715 ‹
657 4664 982 4735 Μνημόνευε
1033 4664 1165 4734 γὰρ,
1200 4665 1384 4734 φησὶν,
1433 4665 1636 4735 Ἰησοῦν
1671 4668 1883 4738 Χριστὸ

2015 4678 2213 4732 minem
2247 4677 2487 4731 audieris
2512 4676 2787 4729 Christum
2817 4675 3107 4740 nominari,
3147 4692 3215 4731 ne
3243 4676 3586 4733 obliviscaris

292 4756 712 4827 ἐγηγερμένον
741 4755 806 4807 ὲκ
834 4753 1065 4826 νεκρῶν,
1096 4755 1192 4809 καὶ
1216 4757 1281 4809 ὲκ
1322 4754 1634 4827 σπέρματος
1663 4758 1845 4812 Δαϐίδ.
1882 4779 1883 4805 ῖ

2014 4770 2262 4823 eumdem
2297 4775 2351 4821 et
2379 4768 2547 4821 Deum
2575 4781 2716 4822 esse.
2748 4766 2842 4821 Rei
2868 4768 3033 4837 probe
3063 4769 3312 4823 conscius
3346 4769 3545 4823 Paulus
3568 4809 3584 4833 ,

286 4848 409 4901 Καὶ
441 4846 635 4901 πάλιν
660 4860 674 4874 '
713 4862 732 4896 ι
756 4844 814 4897 ’0
842 4844 899 4898 δὲ
921 4845 1053 4910 Θεὸς
1080 4847 1173 4899 καὶ
1201 4847 1294 4901 τὸν
1313 4849 1516 4919 Κύριον
1545 4847 1789 4918 ἤγειρεν,
1815 4867 1883 4903 κα

2014 4859 2170 4913 modo
2200 4859 2371 4927 ipsum
2411 4858 2578 4913 Deum
2604 4859 2971 4929 proclamabat
3001 4877 3013 4912 :
3054 4880 3073 4913 ‹
3106 4859 3377 4916 Memento
3400 4864 3572 4924 enim,

287 4940 453 5009 ἡμᾶς
490 4936 783 5006 ὲξεγείρει
815 4936 903 4991 διὰ
941 4937 1039 5007 τῆς
1073 4938 1355 5007 δυνάμεως
1395 4937 1581 4991 αὑτοῦ.
1610 4958 1627 4989 ι
1667 4938 1883 4991 ’Λκούει

2014 4949 2207 5017 inquit,
2238 4947 2422 5002 Jesum
2457 4947 2730 5004 Christum
2779 4950 3099 5005 suscitatqu
3149 4966 3214 5004 ex
3251 4952 3504 5013 mortuis,
3534 4960 3590 5002 et

287 5031 387 5084 τὸν
418 5032 493 5084 ὲκ
521 5028 861 5099 σπέρματος
891 5028 1076 5095 Δασὶδ,
1095 5028 1189 5083 καὶ
1209 5030 1274 5082 ὲκ
1300 5028 1509 5100 νεκρῶν
1537 5031 1883 5101 ἐγηγερμένοπ

2014 5039 2078 5092 de
2128 5040 2332 5094 semine
2388 5041 2602 5096 Davidis
2658 5040 2860 5113 1441·
2894 5052 3070 5096 ortum
3109 5042 3176 5094 ⁸⁸.
3226 5041 3584 5107 ltursusqne:

287 5120 494 5190 σαφῶς
527 5118 957 5190 κηρυττόμενον
978 5134 993 5184 ;

2022 5149 2039 5181 ι
2078 5130 2220 5185 Deus
2254 5140 2433 5185 autem
2459 5133 2550 5201 qui
2585 5132 2870 5187 Dominum
2901 5134 3207 5194 suscitavit,
3241 5146 3341 5183 nos
3375 5144 3588 5198 quoque

2014 5221 2212 5275 virtute
2242 5238 2337 5275 sua
2370 5224 2596 5277 suscitat
2642 5223 2711 5280 ".
2775 5242 2794 5273 ›
2832 5224 3024 5277 Audin’
3063 5223 3212 5276 illum
3264 5221 3332 5273 de
3377 5221 3586 5276 semine

2016 5312 2259 5375 Davidis,
2292 5320 2346 5365 et
2374 5328 2438 5366 ex
2467 5313 2698 5367 mortuis
2724 5314 3042 5366 suscitatum
3086 5310 3449 5379 proclamari?

360 5387 420 5447 ι’.
455 5387 613 5442 Ὅτε
654 5384 839 5438 τοίνυν
870 5383 1119 5456 ἐναργῶς
1149 5386 1544 5459 ἀποδέδεικται,
1564 5391 1665 5446 οὐκ
1694 5393 1877 5466 ἄνθρω

2092 5401 2177 5453 10.
2211 5400 2342 5454 Cum
2374 5402 2557 5471 itaque
2599 5403 3025 5455 demonstratum
3059 5400 3338 5455 evidenter
3376 5400 3446 5454 sit
3477 5416 3584 5454 non

280 5500 413 5551 πις,
447 5480 539 5544 ὡς
577 5478 799 5530 ἐκεῖνοι
833 5474 1162 5547 νομίζουσιν,
1193 5476 1307 5531 ἀλλ’
1343 5479 1372 5530 ό
1413 5482 1582 5547 ἀΐδιος
1633 5484 1728 5538 τοῦ
1762 5483 1883 5540 Θεοί

2019 5492 2313 5561 hominem,
2348 5503 2406 5547 ut
2438 5480 2523 5548 isti
2554 5499 2766 5562 putant,
2790 5491 2883 5546 sed
2911 5493 3298 5559 sempiternum
3335 5491 3424 5547 Dei
3458 5490 3582 5545 Ver-

355 5668 409 5702 "
447 5664 495 5722 ll
532 5662 705 5719 Tim.
743 5673 801 5723 η,
833 5657 883 5713 8.
960 5660 1004 5692 ”
1030 5658 1073 5712 ll
1095 5658 1219 5714 Cor.
1261 5675 1333 5723 tv,
1364 5661 1450 5716 M.

735 5752 1001 5816 ΡΑτῐιοι.
1046 5753 1159 5815 Gn.
1203 5754 1459 5817 LXXVI.

3161 5772 3192 5825 9
