4014 6128
446 314 547 373 9οἹ

1434 310 1492 367 S.
1527 306 1802 368 CYRILLI
1839 308 2308 367 ALEXANDRINI
2345 311 2668 370 ARCHIEP.

3590 310 3701 374 (268

448 430 572 482 bum
603 426 958 480 humanatum
986 437 1049 479 ex
1088 422 1306 494 Virgine
1336 424 1627 493 prodiissc,
1667 426 1927 478 recedant
1960 423 2012 479 hi

2118 425 2289 493 Λόγος
2315 426 2747 497 ὲνανθρωπήσας
2776 425 2925 479 ἐστὶν
2960 425 2987 478 6
3030 425 3094 477 ἐκ
3122 422 3218 493 τῆς
3250 421 3533 493 Παρθένου
3560 441 3699 491 προ-

445 523 513 575 ab
544 534 732 575 errore
747 534 865 583 suo,
889 516 1234 572 etJudaicam
1260 515 1527 571 insaniam
1550 518 1822 572 omittam.
1857 535 1877 568 ί
1902 516 2015 572 Nisi

444 612 586 667 enim
616 608 863 665 conversi
900 607 1119 672 fuerint,
1154 606 1394 677 gladium
1432 622 1589 661 suum
1617 608 1885 663 adversus
1916 623 2011 662 eos

443 700 845 773 splemliﬁcabit
879 697 1247 753 Dominus°°a
1278 696 1409 753 Nam
1453 698 1596 767 quod
1628 699 1843 753 illorum
1862 698 2013 754 blas-

443 796 711 866 phemiam
761 793 877 847 sine
906 791 1012 845 line
1046 806 1155 845 non
1186 790 1257 845 sit
1279 791 1610 860 perlaturus,
1628 799 1682 845 et
1709 791 1851 860 quod
1877 806 2015 846 non-

443 887 545 942 nisi
576 883 989 956 longanimitate
1015 898 1109 939 sua
1168 898 1312 939 nunc
1356 883 1524 938 etiam
1581 883 1839 953 patiatur,
1892 882 2013 937 audi

440 976 567 1045 quid
593 989 688 1044 per
712 974 926 1027 beatum
953 974 1473 1043 prophetam-dicat,
1494 981 1549 1026 ut
1578 973 1836 1028 ultionem
1859 987 2013 1027 suam

437 1073 559 1135 post
590 1064 848 1119 toleratos
878 1064 970 1119 diu
1015 1063 1157 1130 illos,
1214 1064 1305 1133 qui
1347 1065 1400 1118 in
1454 1063 1657 1118 malitia
1698 1078 2014 1132 persevera-

437 1165 585 1223 runt,
617 1156 953 1211 demonstret
986 1170 999 1207 :
1033 1173 1054 1207 ι
1090 1155 1281 1221 Tacui,
1327 1156 1540 1225 inquit,
1589 1157 1683 1212 sed
1718 1171 1844 1210 num
1887 1171 2015 1222 per-

435 1258 600 1319 petuo
623 1247 813 1302 tacebo
847 1261 911 1301 ac
963 1245 1253 1301 toleraho?
1300 1246 1522 1302 Patiens
1554 1247 1625 1301 lui
1660 1247 2014 1315 parturientis

437 1344 630 1399 instar.
667 1337 820 1393 Nunc
867 1337 1144 1407 dissipabo
1173 1346 1229 1392 et
1266 1338 1558 1394 exsiccabo
1597 1339 1780 1407 simul,
1829 1339 2013 1395 deser-

436 1436 562 1489 taho
596 1442 805 1488 montes
827 1440 882 1486 et
913 1430 1101 1499 colles,
1137 1439 1364 1487 etomne
1392 1447 1616 1503 gramen
1638 1432 1858 1487 illorum
1887 1447 2011 1486 are-

435 1526 651 1593 faciam,
685 1537 880 1594 ponam
917 1520 1138 1576 ﬂumina
1176 1522 1228 1576 in
1260 1520 1500 1589 insulas.
1550 1531 1605 1577 et
1646 1522 1868 1593 paludes
1917 1537 2013 1575 ex—

434 1630 686 1671 arescere
726 1613 921 1669 l'aciam
967 1613 1035 1667 “.
1076 1631 1096 1665 ι
1145 1611 1331 1682 Neque
1372 1628 1531 1669 secus
1560 1613 2034 1683 praeclarissimus

449 1704 730 1776 llymnista
760 1701 995 1758 celerem
1029 1701 1317 1770 impiorum
1357 1702 1656 1771 perniciem
1684 1701 1803 1756 fore
1831 1702 2004 1766 docet,

2120 515 2314 584 ελθὼν,
2350 518 2911 587 μεταγινωσκέτωσαν
2933 519 2980 570 oi
3012 515 3443 585 πεπλανημένοι,
3476 518 3572 569 καὶ
3599 517 3700 585 τῆς

2133 608 2427 677 Ἰουδαϊκῆς
2465 608 2650 673 ἀνοίας
2691 607 3041 679 ληγέτωσαν”
3086 626 3104 659 t
3144 606 3270 660 Ἐὰν
3300 606 3410 676 γὰρ
3459 606 3534 676 μὴ
3582 607 3701 659 ἐπι-

2120 699 2451 771 στραφῶσιν,
2487 700 2585 770 τὴν
2637 699 2915 770 ῥομφαίαν
2968 697 3133 751 αὐτοῦ
3169 697 3289 751 κατ’
3333 696 3516 750 αὐτῶν
3550 698 3701 751 στιλ-

2074 775 2093 801 ”
2118 789 2284 843 ϐώσει
2317 788 2543 860 Κύριος.
2579 807 2596 839 ι
2627 789 2752 843 ’Ότι
2778 788 2886 857 γὰρ
2904 789 3003 841 οὐκ
3026 790 3104 852 είς
3130 787 3281 851 τέλος
3313 787 3493 841 αὐτῶν
3515 788 3702 855 ἀνέξε-

2115 899 2206 935 ται
2261 880 2746 953 βλασφημούντων,
2789 879 2883 933 καὶ
2915 880 3003 934 διά
3045 877 3430 951 μακροθυμίαν
3468 879 3549 932 ἔτι
3605 881 3701 933 καὶ

2117 972 2214 1026 νῦν
2253 973 2509 1043 ἀνέχεται
2564 970 3026 1042 βλασφημούντων
3050 1011 3064 1036 ,
3114 971 3281 1025 ἄκουε
3309 970 3363 1023 τί
3412 987 3578 1040 φησιν
3611 970 3701 1025 διὰ

2116 1065 2209 1119 τοῦ
2232 1065 2517 1138 μακαρίου
2568 1065 2871 1135 προφήτου,
2919 1063 3019 1134 τὴν
3053 1065 3118 1116 ἐκ
3160 1062 3261 1133 τῆς
3313 1063 3512 1132 ἀνοχῆς
3560 1063 3702 1134 πρὸς

2116 1160 2243 1222 τοὺς
2281 1158 2641 1228 ἐπιμένοντας
2681 1158 2746 1226 τῇ
2786 1155 2958 1226 κακίᾳ
3012 1153 3363 1225 ἐπαγομένην
3411 1153 3696 1224 ἐκδίκησιν

2113 1251 2287 1323 δηλῶν
2307 1269 2321 1282 ·
2361 1270 2379 1302 ‹
2414 1246 2751 1319 Ἑώώπησα,
2783 1246 2937 1315 φησί’
2970 1245 3045 1317 μὴ
3072 1245 3165 1299 καὶ
3189 1245 3276 1298 ἀεὶ
3315 1246 3694 1316 σιωπήσομαι,

2115 1343 2209 1396 καὶ
2234 1340 2530 1411 ἁνέξομαι;
2566 1339 2948 1410 Ἐκαρτέρησα
2985 1337 3060 1400 ὡς
3087 1339 3120 1407 ή
3165 1337 3431 1389 τίκτουσα
3497 1335 3698 1404 ἐκστή-

2115 1449 2193 1485 σω
2235 1433 2327 1485 καὶ
2361 1429 2579 1501 ξηρανῶ
2613 1428 2750 1499 ἅμα,
2803 1428 2898 1480 καὶ
2946 1425 3224 1499 ὲρημώσω
3261 1425 3362 1495 ὅρη
3410 1425 3508 1478 καὶ
3571 1424 3697 1493 βου-

2113 1525 2257 1588 νοὺς,
2281 1523 2377 1577 καὶ
2403 1523 2581 1576 πάντα
2605 1521 2693 1576 τὸν
2723 1521 2916 1592 χόρτον
2939 1518 3118 1572 αὐτῶν
3146 1517 3366 1589 ξηρανῶ
3386 1532 3398 1544 ·
3424 1517 3517 1569 καὶ
3545 1515 3697 1585 θήσω

2113 1613 2393 1685 ποταμοὺς
2444 1615 2524 1676 εἰς
2570 1613 2788 1683 νήσους,
2823 1610 2918 1663 καὶ
2950 1608 3046 1678 ἓλη
3092 1608 3330 1678 ξηρανῶ,
3380 1626 3398 1660 ι
3439 1606 3606 1660 Οὐδὲν
3638 1604 3695 1657 δὲ

2109 1701 2272 1777 ἦττον
2300 1705 2395 1758 καὶ
2422 1705 2450 1758 ό
2480 1702 2752 1765 θειότατος
2779 1699 3057 1771 ’Υμνῳδὸς
3095 1701 3316 1768 ταχεῖαν
3346 1697 3454 1750 τῶν
3482 1694 3697 1750 ἀσεϐῶν

434 1797 537 1851 etsi
566 1809 659 1851 eos
693 1793 973 1864 aliquanto
1015 1801 1257 1862 tempore
1296 1802 1517 1863 propter
1552 1793 1647 1848 Dei
1685 1792 2011 1864 longanimi-

2118 1776 2353 1851 διδάσκει
2386 1794 2484 1865 τὴν
2516 1793 2819 1858 ἀπώλειαν,
2851 1792 2954 1846 κᾶν
2989 1791 3128 1863 πρὸς
3153 1791 3337 1858 ὀλίγον
3366 1788 3455 1843 διὰ
3484 1804 3697 1860 μακρο-

437 1896 603 1942 tatem
631 1884 896 1940 valituros
925 1884 1001 1939 ait
1029 1905 1046 1938 :
1077 1901 1097 1935 ε
1135 1882 1251 1937 Vidi
1277 1884 1421 1938 enim
1451 1884 1673 1953 impium
1699 1883 2009 1953 superexal-

435 1985 627 2043 talum,
672 1985 727 2029 et
757 1975 1027 2029 elevatum
1055 1972 1194 2027 sicut
1234 1972 1426 2027 cedros
1461 1973 1651 2028 Libani
1690 1989 1704 2025 :
1738 1980 1793 2027 et
1832 1981 2011 2026 trans-

434 2067 532 2136 ivi,
567 2075 623 2122 et
684 2079 811 2121 ecce
848 2079 954 2119 non
995 2073 1114 2118 erat
1154 2080 1168 2117 :
1205 2063 1430 2132 quaesivi
1472 2078 1595 2120 eum
1619 2103 1638 2130 ,
1681 2071 1737 2119 et
1771 2077 1879 2118 non
1924 2072 2011 2118 est

432 2159 684 2214 inventus
714 2157 867 2213 locus
898 2156 1014 2227 eius
1046 2157 1111 2210 ⁶¹.
1157 2175 1178 2209 ι
1237 2139 1246 2148 ’

505 2249 594 2303 Η.
629 2249 756 2304 Haec
784 2249 928 2304 enim
974 2256 1029 2304 et
1075 2246 1180 2303 alia
1237 2246 1545 2317 huiusmodi
1596 2247 1905 2303 communia
1945 2246 2013 2302 iis

352 2344 361 2353 '
433 2342 686 2397 omnibus
712 2349 859 2405 sunt,
888 2340 984 2410 qui
1040 2348 1202 2394 rectae
1252 2338 1378 2393 ﬁdei
1417 2340 1726 2409 dispergere
1764 2338 2014 2392 nituntur

432 2432 594 2499 ovile,
623 2429 786 2485 sicuti
820 2438 875 2483 et
923 2427 1308 2497 praedictarum
1355 2428 1636 2482 haereseon
1686 2427 1871 2501 exitus
1918 2442 2011 2483 os-

434 2524 627 2579 tendit.
659 2521 797 2588 Quid
821 2519 965 2574 enim
997 2518 1227 2588 profecit
1271 2518 1387 2572 Arii
1439 2518 1588 2588 impii
1633 2519 1829 2574 error?
1872 2519 2013 2586 Quid

435 2613 711 2680 Eunomii,
740 2620 795 2666 et
827 2610 1040 2666 illorum
1071 2610 1162 2680 qui
1195 2610 1249 2664 in
1294 2618 1543 2665 sanctum
1576 2608 1838 2680 Spiritum
1868 2611 2014 2665 blas-

434 2707 781 2777 phemarunt,
809 2712 865 2759 et
926 2701 1078 2757 Pauli
1134 2701 1556 2767 Samosatensis,
1594 2710 1651 2757 et
1687 2702 2014 2773 Apollinaris

437 2795 696 2853 insania?
724 2794 933 2864 Quippe
965 2793 1018 2848 bi
1052 2807 1244 2848 omnes
1271 2801 1327 2848 et
1369 2794 1424 2848 in
1466 2795 1727 2864 praesenti
1763 2794 2015 2865 turpissi-

436 2904 582 2944 mum
614 2888 772 2943 linem
802 2885 949 2941 nacti
998 2894 1148 2949 sunt.
1197 2893 1361 2956 atque
1413 2885 1804 2941 ecclesiasticis
1840 2886 2012 2955 septis

437 2983 595 3055 ejecti
630 2981 845 3037 fuerunt
868 3019 884 3046 ,
913 2989 969 3034 et
999 2989 1152 3033 extra
1196 2980 1478 3033 caelestem
1526 2978 2014 3048 primogenitorum

2113 1887 2314 1958 θυμίαν
2347 1885 2482 1939 Θεοῦ
2527 1884 2820 1956 ίσχύσωσιν
2845 1899 2859 1913 ⁸
2911 1902 2930 1934 ι
2972 1882 3110 1936 Ἵδον
3141 1879 3265 1951 ,γὰρ
3313 1879 3488 1949 ἀσεϐῆ
3525 1879 3695 1949 ύπερ-

2116 1977 2252 2047 υψού
2264 1995 2444 2049 μενον,
2479 1978 2573 2030 καὶ
2599 1977 2960 2048 ἐπαιρόμενον
2982 1975 3064 2038 ὡς
3093 1973 3192 2037 τάς
3214 1972 3436 2044 κέδρους
3467 1971 3562 2025 τοῦ
3601 1972 3698 2025 Λι-

2113 2070 2278 2124 ϐάνου
2301 2086 2314 2100 ·
2346 2069 2441 2122 καὶ
2461 2058 2762 2139 παρῆλθον,
2794 2066 2891 2120 καὶ
2924 2064 3032 2119 ἰδοὺ
3061 2064 3161 2118 ούκ
3193 2058 3294 2134 ἦν·
3327 2062 3422 2115 καὶ
3449 2061 3694 2132 ἐζήτησα

2113 2160 2299 2225 αὐτὸν,
2328 2161 2423 2214 καὶ
2442 2160 2541 2231 οὐχ
2571 2159 2774 2231 εὑρέθη
2796 2161 2823 2212 6
2851 2159 3015 2221 τόπος
3045 2154 3233 2210 αὐτοῦ.
3267 2173 3287 2207 ι

2174 2260 2277 2308 ια’.
2302 2252 2484 2306 Ταῦτα
2505 2252 2615 2322 γάρ
2644 2252 2738 2306 καὶ
2759 2250 2829 2304 τὰ
2853 2249 3078 2304 τοιαῦτα
3100 2247 3259 2301 κοινά
3287 2245 3505 2299 πάντων
3527 2244 3694 2302 ἐστὶν.

2113 2345 2228 2398 ὅσοι
2258 2344 2379 2415 ,τῆς
2429 2342 2712 2406 εὐσεϐείας
2768 2340 3179 2412 διασκορπίξειν
3232 2336 3577 2408 ἐπιχειροῦσι
3636 2335 3698 2386 τὸ

2115 2438 2386 2507 ποίμνιον,
2417 2433 2607 2506 ὥσπερ
2656 2428 2749 2488 οὖν
2781 2434 2878 2487 καὶ
2931 2431 3041 2485 τῶν
3083 2429 3499 2502 προειρημένων
3546 2426 3699 2497 αἱρέ-

2117 2544 2256 2583 σεων
2282 2526 2343 2582 τὸ
2369 2527 2522 2589 τέλος
2556 2524 2852 2590 ἐπέδειξεν.
2889 2522 2957 2577 Τί
2988 2523 3096 2595 γὰρ
3121 2521 3333 2593 ὤνησεν
3358 2521 3458 2591 τῆς
3486 2520 3697 2590 Ἀρείου

2116 2618 2433 2682 δυσσεϐείας
2464 2619 2497 2689 ἡ
2532 2617 2744 2689 πλάνης
2801 2615 2854 2669 τί
2894 2615 3006 2685 δὲή
3042 2613 3335 2684 Εὑνομίου,
3371 2611 3467 2665 καὶ
3502 2611 3613 2664 τῶν
3637 2609 3702 2663 τὸ

2116 2711 2343 2784 Πνεῦμα
2374 2710 2435 2766 τὸ
2476 2709 2630 2780 ἅγιον
2661 2706 3127 2780 βλασφημούντων
3148 2748 3164 2773 ,
3201 2704 3294 2758 καὶ
3321 2704 3417 2757 τοῦ
3449 2704 3699 2774 Σαμοσα-

2115 2805 2252 2870 τέως
2300 2803 2536 2866 Παύλου,
2566 2802 2662 2855 καὶ
2697 2798 2792 2853 τοῦ
2840 2796 3182 2869 καλουμένου
3232 2794 3613 2865 Ἀπολιναρίου
3659 2795 3691 2861 ή

2118 2895 2517 2968 παραφροσύνη
2541 2912 2554 2960 ;
2582 2893 2791 2956 Πάντες
2825 2890 2935 2961 γάρ
2960 2884 3108 2944 οὗτοι
3141 2887 3236 2941 καὶ
3266 2889 3324 2940 έν
3353 2885 3432 2957 τῷ
3465 2884 3697 2957 παρόντι

2120 2987 2484 3042 ἐπονείδιστον
2507 2984 2660 3048 τέλος
2700 2983 3026 3053 ἐσχήκασιν,
3058 2980 3153 3034 καὶ
3181 2977 3289 3033 τῶν
3317 2977 3699 3051 ἐκκλησιαστι-

438 3072 737 3129 Ecclesiam
766 3069 1120 3141 projicientur
1145 3083 1161 3133 ;
1188 3066 1352 3122 deleti
1384 3077 1514 3122 sunt
1551 3067 1617 3121 de
1652 3066 1794 3122 libro
1824 3069 2013 3123 viven-

2121 3080 2233 3136 κῶν
2288 3077 2589 3150 περιϐόλων
2624 3073 2961 3144 ἐξώσθησαν,
2994 3073 3090 3127 καὶ
3133 3071 3232 3142 τῆς
3274 3072 3332 3123 ὲν
3363 3071 3608 3141 οὐρανοῖς
3644 3069 3700 3123 δὲ

440 3167 575 3220 tium
603 3162 669 3228 ⁸³,
713 3168 770 3216 et
808 3173 932 3214 cum
981 3156 1145 3225 justis
1198 3171 1305 3212 non
1353 3158 1685 3213 scribentur.
1729 3155 1875 3212 Idem
1920 3159 2025 3213 hos

441 3268 660 3325 quoque
691 3257 875 3307 manet
919 3248 1084 3314 linis;
1134 3248 1240 3303 nisi
1295 3249 1457 3304 forte:
1494 3248 1680 3303 statim
1726 3249 2018 3304 amentiam

442 3360 596 3400 suam
624 3348 983 3413 agnoscentes
1014 3377 1029 3403 ,
1084 3338 1216 3395 illuc
1272 3338 1418 3394 unde
1463 3338 1784 3394 exciderunt
1821 3339 2020 3394 reverti

446 3435 774 3506 sategerint,
816 3432 853 3488 ii
889 3431 1195 3503 praesertim
1235 3430 1328 3500 qui
1370 3444 1661 3502 pravarum
1703 3432 2018 3503 Opinionum

444 3536 696 3581 auctores
726 3522 889 3594 primi
945 3523 1302 3578 exstiterunt.
1343 3521 1583 3579 Audient
1625 3525 1771 3579 enim
1822 3537 2019 3593 prope—

445 3617 661 3673 modum
698 3616 893 3671 horum
923 3612 1121 3684 singuli
1157 3612 1425 3668 dicentem
1461 3613 1565 3669 sibi
1610 3613 1963 3669 Servatorem
1995 3632 2009 3668 :

450 3728 469 3762 ι
514 3705 978 3776 Quemadmodum
1012 3703 1394 3761 vestimentum
1442 3719 1638 3761 cruore
1676 3704 2018 3775 inquinatum

444 3815 551 3856 non
583 3796 956 3864 mundabitur,
1008 3795 1089 3850 sic
1135 3808 1204 3849 ne
1251 3803 1305 3849 tu
1352 3794 1570 3866 quidem
1602 3797 1837 3853 mundus
1861 3797 2015 3866 eris;

442 3892 568 3965 quia
601 3889 874 3961 regionem
903 3901 1079 3943 meam
1102 3888 1349 3954 vastasti,
1374 3886 1631 3959 populum
1660 3904 1840 3945 meum
1879 3890 2022 3947 occi-

440 3981 589 4045 disti,
644 3993 751 4033 non
804 3975 1150 4045 permanebis
1199 3974 1253 4029 in
1305 3985 1575 4031 aeternum
1615 3987 1828 4050 tempus
1858 3979 1925 4036 “.
1992 3998 2012 4034 ι

438 4070 547 4127 Nos
578 4084 706 4126 vero
743 4068 833 4139 qui
861 4067 1018 4123 [idem
1049 4074 1295 4122 nostram
1343 4082 1509 4139 super
1552 4069 1816 4125 immobili
1861 4077 2016 4142 petra

438 4164 684 4219 stabilem
713 4160 1123 4224 aediﬁcavimus,
1173 4159 1243 4215 ad
1276 4160 1435 4215 linem
1472 4176 1643 4231 usque
1690 4163 2021 4234 religiosita-

441 4265 545 4309 tcm
574 4267 758 4309 veram
788 4264 1174 4305 conservemus
1195 4288 1213 4316 ,
1250 4249 1556 4305 nullatenus
1592 4250 1662 4305 ab
1688 4253 2017 4309 adversariis

441 4344 670 4408 turbati,
722 4343 816 4397 sed
865 4355 995 4411 erga
1056 4340 1347 4394 Dominum
1400 4341 1719 4398 charitatem
1748 4384 1764 4411 ,
1799 4343 2015 4401 invictae

2118 3172 2229 3226 τῶν
2277 3169 2637 3243 πρωτοτόκων
2673 3164 2998 3237 Ἐκκλησίας
3046 3162 3154 3228 ἔξω
3195 3162 3520 3234 ριφήσονται
3545 3177 3561 3191 ο
3608 3160 3698 3224 ἐξ-

2119 3263 2457 3336 ηλείφθησαν
2479 3261 2592 3331 γὰρ
2620 3260 2685 3312 ὲκ
2710 3257 2893 3329 βίϐλου
2918 3255 3158 3322 ζώντων,
3188 3256 3284 3308 καὶ
3314 3254 3452 3326 μετά
3476 3253 3701 3307 δικαίων

2119 3356 2218 3409 ούκ
2238 3353 2703 3423 ὲγγραφήσονται.
2728 3348 2803 3402 Τὸ
2822 3348 2880 3401 δὲ
2907 3347 3037 3400 αὐτὸ
3062 3346 3157 3400 καὶ
3182 3344 3405 3408 τούτους
3425 3345 3702 3411 ἐκδέξεται

2117 3444 2291 3510 τέλος,
2319 3445 2368 3495 εί
2400 3440 2475 3512 μὴ
2507 3441 2616 3512 ἀρα
2646 3439 2839 3492 θᾶττον
2866 3435 2968 3505 τῆς
3009 3434 3195 3496 ἀνοίας
3219 3433 3477 3497 λαϐόντες
3503 3432 3700 3501 αἴσθη-

2120 3551 2227 3598 σιν,
2254 3530 2572 3592 ἐπανελθεῖν
2598 3528 2720 3584 ὅθεν
2748 3527 3014 3593 ἐξέπεσαν
3042 3525 3440 3590 σπουδάσωσιν,
3465 3522 3560 3576 καὶ
3591 3524 3701 3593 μά-

2117 3627 2276 3681 λιστα
2306 3625 2432 3686 τοὺς
2466 3621 2742 3694 ἀρχηγοὺς
2768 3620 2870 3690 τῆς
2889 3614 3307 3687 κακοφροσύνης
3332 3614 3661 3685 γενομένους
3680 3631 3695 3643 ·

2118 3714 2444 3771 ἀκούσονται
2465 3712 2575 3785 γὰρ
2608 3710 2892 3782 μονονουχὶ
2930 3708 3026 3762 καὶ
3055 3708 3261 3761 τούτων
3287 3705 3524 3768 ἕκαστος
3548 3702 3702 3774 παρά

2116 3808 2212 3863 τοῦ
2268 3807 2551 3878 Σωτῆροςο
2599 3821 2619 3856 ‹
2646 3805 2741 3856 Ὃν
2770 3801 2974 3873 τρόπον
3026 3800 3239 3870 ἱμάτιον
3266 3800 3325 3854 ἐν
3357 3797 3555 3867 αἵματι
3602 3814 3701 3850 πε-

2118 3899 2395 3973 φυρμένον
2428 3899 2531 3952 οὐκ
2583 3895 2736 3950 ἔσται
2791 3892 3052 3964 καθαρὸν,
3101 3890 3275 3955 οὕτως
3310 3889 3434 3943 οὐδὲ
3483 3889 3549 3943 σὺ
3598 3887 3699 3959 ἔσῃ

2117 3992 2385 4062 καθαρός·
2420 3988 2556 4044 διότι
2587 3988 2686 4060 τὴν
2714 3987 2817 4057 γῆν
2851 4002 2952 4057 μου
2984 3982 3293 4046 ἀπώλεσας,
3321 3982 3418 4035 καὶ
3447 3981 3540 4035 τὸν
3565 3980 3698 4035 λαόν

2120 4102 2224 4155 μου
2259 4083 2618 4144 ἀπέκτεινας·
2665 4079 2726 4132 ού
2778 4078 2853 4149 μὴ
2888 4075 3076 4148 μείνῃς
3105 4076 3186 4138 είς
3228 4073 3320 4127 τὸν
3358 4072 3532 4126 αἰῶνα
3569 4071 3703 4143 χρό-

2119 4192 2231 4230 νον.
2262 4193 2281 4227 ›
2319 4175 2513 4245 Ἡμεῖς
2533 4173 2590 4227 δὲ
2637 4172 2687 4225 οἱ
2709 4169 2806 4241 τὴν
2825 4167 3035 4225 ἑαυτῶν
3063 4166 3246 4220 πίστιν
3258 4166 3351 4218 ἐπὶ
3366 4165 3464 4236 τὴν
3480 4164 3698 4236 ἀρραγῆ

2119 4265 2328 4336 πέτραν
2375 4264 2835 4334 οἰκοδομήσαντες
2869 4260 3117 4332 βεϐαίαν,
3169 4259 3330 4331 μέχρι
3374 4258 3567 4322 τέλους
3598 4258 3699 4329 τὴν

2118 4357 2399 4411 εὐσέϐειαν
2427 4354 2883 4425 διαφυλάξωμεν,
2922 4352 3187 4424 μηδαμῶς
3228 4351 3335 4404 ὑπὸ
3382 4350 3495 4404 τῶν
3544 4353 3701 4403 ὲναν-

437 4446 729 4492 armatura:
757 4432 1242 4497 instarhabentes,
1272 4431 1329 4486 in
1377 4432 1497 4503 ipso
1554 4448 1769 4505 semper
1813 4436 2013 4509 glorie-

2118 4450 2247 4503 τίων
2281 4447 2691 4521 θορυϐούμενοι,
2716 4445 2853 4500 άλλά
2870 4445 2968 4516 τὴν
2998 4445 3077 4508 είς
3098 4443 3191 4497 τὸν
3224 4440 3439 4513 Κύριον·
3473 4442 3697 4511 ἀγάπην

436 4544 577 4594 mur,
594 4528 869 4597 prephetze
889 4526 1051 4580 verba
1076 4523 1458 4592 decantantes,
1481 4532 1537 4579 et
1564 4524 2008 4584 adversariorum

435 4619 824 4691 ignobilitatem
848 4617 1176 4675 irridentes;
1219 4634 1237 4667 ι
1269 4612 1558 4672 Nobiscum
1587 4615 1749 4673 Deus.
1779 4617 2006 4688 Scitote,

435 4710 640 4782 populi,
676 4717 732 4764 et
757 4708 1138 4779 deprimamini
1162 4726 1176 4777 ;
1202 4708 1296 4780 qui
1326 4708 1574 4765 valuistis
1595 4749 1612 4776 ,
1659 4719 1851 4781 postea
1879 4715 2011 4770 estis

436 4800 677 4871 depressi
708 4816 721 4853 :
755 4806 810 4852 et
845 4799 889 4853 si
927 4798 1127 4854 iterum
1159 4800 1642 4872 valueritis,a:que
1667 4802 1960 4859 vincemini
1989 4822 2005 4874 ;

435 4900 489 4946 et
520 4889 563 4944 si
589 4888 718 4957 quid
746 4885 1179 4943 deliberaveritis
1202 4927 1217 4952 ,
1247 4889 1543 4945 consilium
1572 4901 1815 4948 vestrum
1845 4894 2008 4952 dissi-

435 4982 582 5053 pabit
617 4978 907 5046 Dominus;
950 4985 1006 5032 et
1050 4992 1212 5046 quem
1244 4993 1549 5036 sermonem
1591 4982 1910 5053 loquemini,
1968 4987 2013 5042 is

432 5073 573 5144 apud
621 5085 719 5127 vos
759 5084 867 5125 non
909 5067 1251 5138 permanebit
1286 5087 1301 5139 ;
1358 5072 1485 5141 quia
1528 5074 1671 5132 Deus
1717 5078 2001 5134 nobiscum

432 5175 516 5221 est
544 5164 609 5221 ⁸⁸.
651 5184 670 5219 ι

504 5261 590 5314 Η.
622 5258 730 5315 Sed
761 5273 911 5322 ecce,
949 5257 1004 5312 hi
1038 5256 1248 5325 dicunt,
1275 5258 1564 5329 Apostolus
1594 5273 1783 5331 aperte
1826 5265 2000 5332 ipsum

434 5349 705 5403 hominem
738 5349 1050 5404 conﬁtetur.
1101 5344 1352 5419 Namque
1383 5349 1448 5403 ad
1481 5349 1827 5409 Timotheum
1859 5356 2000 5410 scri-

432 5441 566 5495 bens
599 5439 677 5495 sic
705 5441 778 5495 ait
804 5456 817 5492 :
854 5457 871 5491 ι
912 5438 1084 5495 llomo
1112 5438 1365 5498 Christus
1391 5439 1550 5499 Jesus
1573 5444 1641 5503 “.
1684 5463 1705 5497 ι
1738 5444 1853 5503 Hoc
1876 5448 2003 5503 dum

495 5621 539 5693 se
575 5619 716 5673 p53].
746 5620 955 5693 Vind}.
1008 5621 1108 5693 μ’)
1134 5621 1251 5693 13a.
1278 5638 1411 5687 xm,
1459 5625 1544 5693 14,
1582 5628 1666 5683 l5.

432 5693 475 5725 ⁸⁸
503 5691 602 5746 Ιδλιι.
638 5706 752 5753 vm,
779 5689 928 5745 8-10.
1005 5688 1049 5719 ⁸⁸
1081 5690 1099 5743 l
1132 5692 1270 5745 Tim.
1307 5710 1366 5759 ll,

1781 5630 1824 5661 ⁶²
1853 5628 1996 5687 Psal.
2032 5647 2215 5701 xxxvr,
2244 5634 2333 5702 55,
2369 5634 2457 5692 36.

2118 4539 2282 4593 ὅπλον
2338 4538 2595 4609 ἀνίκητον
2637 4536 2876 4607 ἔχοντες,
2934 4536 2992 4589 ὲν
3041 4532 3191 4604 αὐτῷ
3241 4530 3582 4602 καυχώμεθα
3610 4531 3700 4583 διὰ

2119 4631 2359 4697 παντὸς,
2401 4630 2653 4699 λέγοντες
2701 4628 2771 4683 τὰ
2824 4625 2920 4681 τοῦ
2953 4626 3234 4698 προφήτου
3288 4626 3550 4696 ῥήματα,
3603 4624 3698 4677 καὶ

2118 4722 2384 4792 γελῶντες
2445 4720 2554 4775 τῶν
2614 4719 2873 4773 ἐναντίων
2926 4716 3024 4788 τὴν
3109 4716 3425 4769 εύτέλειανυ
3482 4734 3503 4768 r
3544 4700 3696 4769 ’Μεθ’

2117 4814 2275 4884 ἡμῶν
2299 4815 2328 4867 6
2356 4813 2522 4876 θεός⁸
2555 4811 2749 4881 γνῶτε,
2790 4809 2940 4879 ἔθνη,
2986 4807 3081 4861 καὶ
3114 4806 3371 4878 ἡττᾶσθε,
3416 4805 3697 4876 ῑσχυκότες

2092 4905 2388 4977 ⁷ήττᾶσθε⁶
2425 4902 2522 4958 ἐὰν
2553 4902 2662 4972 γάρ
2705 4900 2867 4955 πάλιν
2909 4898 3197 4970 ίσχύσητε,
3243 4897 3407 4951 πάλιν
3453 4895 3700 4969 ἡττηθή-

2121 4996 2313 5051 σεσθε·
2368 4994 2464 5050 καὶ
2530 4994 2625 5047 ἐὰν
2660 4990 3050 5065 βουλεύσησθε,
3111 4987 3306 5059 βουλὴν
3348 4986 3696 5042 διασκεδάσει

2117 5088 2354 5159 Κύριος*
2381 5088 2476 5142 καὶ
2509 5087 2665 5156 λόγον
2698 5086 2757 5140 ὃν
2784 5085 2879 5139 ὲάν
2910 5084 3205 5154 λαλήσητε,
3246 5081 3307 5135 ού
3351 5081 3429 5151 μὴ
3459 5079 3700 5150 έμμείνῃ

2118 5180 2177 5233 ὲν
2213 5181 2340 5251 ὑμῖν
2362 5196 2375 5210 ·
2403 5180 2486 5233 ὅτι
2520 5179 2636 5249 μεθ’
2673 5176 2833 5248 ήμῶν
2859 5175 3064 5247 Κύριος
3089 5177 3117 5227 6
3145 5173 3299 5236 Θεός.
3340 5189 3359 5223 ι

2193 5270 2279 5341 ιβ’.
2328 5271 2467 5324 Ἀλλ’
2493 5271 2624 5336 ἰδοὺ,
2658 5268 2847 5339 φασὶν,
2879 5270 2908 5321 6
2947 5266 3267 5329 Ἀπόστολος
3311 5261 3572 5334 φανερῶς
3599 5261 3699 5314 αύ-

2118 5361 2209 5416 τὸν
2234 5362 2519 5433 ἄνθρωπον
2550 5361 2926 5433 ὡμολόγησεν.
2954 5356 3205 5428 Τιμοθέῳ
3233 5355 3343 5427 γὰρ
3362 5351 3699 5406 ἐπιστέλλων

2118 5450 2259 5507 οὕτω
2284 5454 2467 5528 φησιν·
2511 5472 2530 5507 ι
2557 5452 2880 5524 Ἀνθρωπος
2919 5448 3157 5522 Χριστὸς
3199 5443 3434 5520 Ἰησοῦς.
3474 5464 3495 5498 ι
3528 5443 3703 5497 Τοῦτο

2566 5637 2611 5670 ⁸³
2635 5635 2783 5694 Psal.
2809 5650 3002 5703 vam,
3036 5631 3131 5689 29.
3241 5630 3287 5663 ”
3315 5629 3423 5687 lsa.
3455 5642 3574 5691 xzv,
3612 5626 3699 5683 l9.
