4014 6128
324 310 432 367 269

1434 300 1625 371 QUOD
1666 302 1727 361 B.
1765 300 1987 399 MARiA
2024 299 2137 359 SIT
2174 299 2493 357 DEIPARA.

3481 303 3590 359 270

324 425 382 479 δέ
427 422 704 492 λέγοντες,
735 419 842 472 τῶν
887 418 1295 490 ἀκεραιοτέρων
1325 416 1574 473 δοκοῦσιν
1619 417 1910 489 ταράττειν

2020 415 2183 483 aiunt,
2219 413 2617 486 simpliciorum
2651 413 2906 469 Videntur
2929 421 3171 468 mentem
3208 414 3453 471 turbare.
3483 415 3589 471 Sed

326 515 421 569 τὸν
459 514 623 568 νοῦν’
655 513 705 565 εί
752 511 857 582 γάρ
884 527 967 575 τις
1001 510 1243 573 συνετῶς
1284 509 1363 581 τῷ
1410 509 1758 582 ἀποστολικῷ
1791 511 1915 563 ἐπι-

318 605 521 661 ϐάλλει
566 602 734 675 ῥητῷ,
806 604 873 657 ἐκ
921 601 1114 656 τούτου
1168 601 1404 672 μάλιστα
1457 600 1551 655 τοῦ
1601 598 1768 672 ῥητοῦ
1816 601 1915 672 τῆς

328 696 593 759 ἀσεϐείας
649 693 829 748 αὐτῶν
875 692 1340 763 καταψηφίσεται.
1403 690 1568 743 Ἀλλά
1622 690 1697 761 μὴ
1742 688 1914 753 οὕτως

330 785 847 859 ἀκρωτηριάζωμεν
894 776 1013 854 τῆν’
1046 783 1223 847 λέξιν,
1258 782 1375 836 ἀλλ’
1416 782 1598 850 ὀλίγον
1649 779 1764 834 τῶν
1813 779 1914 849 ἐμ-

330 876 569 949 προσθεν
587 873 1041 946 ἐπιμνησθέντες,
1068 872 1235 945 ὀρθὴν
1263 872 1362 943 τῆς
1386 870 1701 941 οἰκονομίας
1726 869 1913 925 ἐντεῦ-

333 970 428 1023 θεν
452 968 552 1038 τὴν
580 966 875 1038 ὁμολογίαν
907 966 1101 1037 νοῆσαι
1132 963 1500 1036 δυνησόμεθα.
1532 963 1598 1016 Τί
1627 957 1720 1016 οὖν
1750 977 1917 1032 φησιν

332 1060 362 1112 ό
388 1057 654 1128 μακάριος
676 1053 925 1121 Παῦλος;
961 1073 979 1105 ι
1006 1048 1101 1118 Εἷς
1123 1053 1276 1119 Θεὸς,
1296 1073 1318 1104 ι»
1347 1054 1512 1122 φησὶν
1532 1052 1663 1123 περὶ
1684 1051 1776 1106 τοῦ
1804 1052 1917 1105 Πα-

332 1152 486 1222 τρός·
517 1150 613 1204 καὶ
642 1149 749 1221 εἴη·
769 1149 901 1220 περὶ
923 1147 1021 1202 τοῦ
1045 1148 1199 1202 Υίοῦ·
1225 1165 1245 1198 ι
1269 1142 1365 1212 Εἷς
1393 1148 1491 1201 καὶ
1514 1147 1758 1216 Μεσίτης
1778 1146 1914 1199 Θεοῦ

331 1241 428 1295 καὶ
454 1237 782 1311 ἀνθρώπιον.
810 1257 830 1290 ι
859 1237 921 1291 Ei
953 1238 1083 1309 γὰρ,
1115 1238 1300 1307 φησὶν,
1333 1238 1428 1290 καὶ
1455 1236 1678 1305 γέγονεν
1707 1235 1918 1306 ἀνθρω-

330 1348 454 1396 πος,
487 1330 603 1386 ἀλλ’
631 1331 694 1383 οὐ
727 1328 817 1383 διά
862 1329 1022 1383 τοῦτο
1056 1328 1154 1381 δύο
1186 1327 1351 1381 αὑτὸν
1403 1325 1734 1382 ὑποπτεύειν
1765 1326 1915 1396 ὀφεί-

329 1423 530 1494 λομεν·
568 1421 761 1492 ὥσπερ
799 1419 909 1493 γὰρ
947 1419 1081 1483 Θεὸς
1133 1415 1204 1490 ἦν
1248 1419 1356 1491 πρὸ
1384 1418 1488 1489 τῆς
1535 1418 1838 1489 ἐπιδημίας
1884 1418 1915 1470 ό

327 1511 530 1580 Λόγος,
561 1509 706 1565 οὔτω
742 1509 837 1563 καὶ
866 1509 1152 1580 γενόμενος
1179 1507 1486 1581 ἄνθρωπος,
1514 1509 1612 1562 καὶ
1659 1506 1913 1578 μεσιτεύ-

329 1615 434 1662 σας
458 1597 556 1651 καὶ
580 1599 647 1667 τῇ
670 1595 955 1668 ἀνθρώπου
987 1595 1168 1666 φύσει,
1202 1591 1282 1657 εἷς
1305 1596 1466 1651 πάλιν
1479 1596 1628 1649 ἐστίν
1645 1610 1660 1626 ·
1692 1595 1782 1650 διὰ
1807 1595 1915 1664 γάρ

326 1687 496 1744 τοῦτο
519 1686 762 1759 Μεσίτην
790 1687 949 1741 αὐτὸν
970 1687 1158 1758 εἴρηκε
1191 1683 1327 1739 Θεοῦ
1362 1686 1458 1739 καὶ
1481 1682 1808 1758 ἀνθρώπων,
1836 1684 1913 1747 ὡς

2017 507 2162 563 ειιίιιι
2198 507 2243 562 si
2274 507 2397 576 quis
2429 504 2656 562 cordate
2697 504 3055 575 apostolicum
3106 505 3306 560 dictum
3342 508 3590 561 conside-

2018 607 2123 663 ret,
2157 599 2208 653 vi
2239 598 2400 667 hujus
2419 599 2658 654 maxime
2686 598 2839 664 dicti,
2876 598 3340 668 irreligiositatem
3374 598 3589 654 illorum

2017 691 2322 746 damnabit.
2358 690 2614 746 Profecto
2655 691 2799 746 haud
2832 692 2947 749 haec
2978 691 3135 746 nobis
3175 689 3380 746 locutio
3427 691 3593 746 veluti

2018 782 2208 836 mutila
2240 782 2556 851 accipienda
2588 781 2668 837 sic
2691 790 2797 845 est,
2831 781 2926 837 sed
2955 779 3115 851 paulo
3144 789 3292 836 retro
3320 781 3594 835 dictorum

2016 874 2087 929 ab
2115 873 2381 944 Apostolo
2414 886 2716 937 memores,
2771 879 2976 927 rectam
3020 872 3147 927 inde
3194 871 3595 927 incarnationis

2015 963 2420 1021 confessionem
2448 962 2749 1031 intelligere
2779 960 2986 1016 licebit.
3023 959 3161 1027 Quid
3190 974 3318 1030 ergo
3361 958 3438 1013 ait
3468 959 3587 1013 bea-

2016 1064 2105 1108 tus
2136 1051 2379 1108 Paulus?
2415 1069 2434 1103 ι
2461 1050 2617 1108 Unus
2644 1052 2808 1116 Deus,
2849 1071 2867 1103 ι
2902 1051 3081 1119 inquit
3112 1050 3177 1105 de
3217 1049 3418 1116 Patre;
3453 1058 3591 1104 esto.

2017 1140 2092 1197 De
2112 1140 2250 1195 Filio
2283 1159 2296 1194 :
2333 1160 2352 1193 ι
2380 1141 2531 1198 Unus
2556 1149 2610 1196 et
2642 1141 2912 1195 Mediator
2941 1140 3036 1194 Dei
3059 1149 3114 1195 et
3145 1139 3425 1194 hominum
3456 1138 3526 1191 ⁸⁷.
3572 1160 3589 1189 ι

2020 1230 2137 1285 Etsi
2179 1231 2348 1295 enim,
2398 1229 2597 1295 inquit,
2648 1230 2827 1285 factus
2870 1236 2955 1285 est
2990 1228 3194 1302 homo,
3258 1244 3365 1283 non
3416 1236 3595 1282 tamen

2018 1321 2229 1377 idcirco
2269 1323 2407 1377 duos
2455 1322 2630 1391 ipsum
2689 1321 2958 1391 suspicari
3027 1321 3307 1377 debemus.
3356 1320 3600 1388 Namque

2017 1412 2094 1467 uti
2121 1420 2242 1468 erat
2275 1421 2403 1467 ante
2434 1427 2595 1468 suum
2628 1413 2919 1468 adventum
2951 1413 3191 1469 Verbum
3228 1412 3371 1469 Deus
3393 1452 3409 1479 ,
3438 1412 3518 1468 sic
3545 1424 3595 1467 et

2017 1506 2184 1569 homo
2211 1503 2408 1568 factus,
2435 1514 2490 1559 et
2521 1505 2773 1560 humanae
2800 1515 3007 1560 naturae
3033 1504 3425 1573 interveniens,
3458 1521 3599 1559 unus

2017 1600 2195 1653 adhuc
2220 1608 2328 1654 est.
2360 1598 2485 1654 Ideo
2514 1598 2872 1655 Mediatorem
2910 1599 3089 1668 ipsum
3114 1600 3206 1654 Dei
3239 1608 3293 1654 et
3320 1600 3597 1655 hominum

2018 1690 2174 1755 dixit,
2228 1691 2353 1759 quia
2395 1706 2462 1745 ex
2514 1700 2746 1761 utraque
2797 1691 3099 1747 substantia
3148 1706 3284 1746 unus
3315 1700 3418 1746 εει.
3456 1688 3592 1744 Nam

327 1781 392 1847 ἐξ
425 1779 753 1853 ἀμφοτέρων
778 1778 887 1833 τῶν
932 1777 1131 1833 οὐσιῶν
1175 1776 1273 1831 ἕνα
1305 1776 1466 1831 ὄνταο
1498 1776 1561 1830 τὸ
1610 1776 1719 1847 γάρ
1758 1791 1916 1830 τινων

2026 1782 2168 1850 quod
2198 1782 2340 1835 inter
2373 1780 2555 1849 aliqua
2604 1781 2850 1838 medians
2890 1789 2975 1837 est
3003 1821 3018 1847 ,
3066 1788 3355 1851 utramque
3391 1788 3597 1850 partem

330 1870 620 1940 μεσιτεύον
673 1868 1004 1941 ἀμφοτέρων
1047 1866 1231 1939 ἔχεται
1271 1866 1512 1931 πάντως.
1550 1867 1708 1920 Ἔστι
1733 1864 1914 1920 τοίνυν

327 1963 570 2034 Μεσίτης
593 1961 752 2026 Θεοῦ,
779 1962 869 2016 διά
898 1963 960 2016 τὸ
992 1961 1096 2031 τῆς
1124 1962 1294 2031 αὐτῆς
1323 1960 1509 2025 οὐσίας
1538 1961 1807 2032 ὑπάρχειν
1839 1958 1918 2031 τῷ

329 2051 511 2123 Πατρί
530 2069 542 2081 ·
576 2052 691 2105 ἐστι
722 2052 781 2105 δὲ
811 2053 974 2107 πάλιν
997 2053 1090 2106 καὶ
1114 2051 1421 2123 ἀνθρώπων
1440 2053 1706 2123 Μεσίτης,
1735 2052 1828 2106 διὰ
1857 2052 1918 2106 τὸ

324 2143 426 2195 καὶ
457 2145 556 2213 τῆς
603 2141 952 2212 ἀνθρωπείας
999 2143 1396 2214 μετεσχηκέναι
1439 2142 1655 2212 φύσεως
1694 2141 1918 2204 τελείως

323 2232 505 2305 χωρὶς
532 2231 813 2304 ἁμαρτίας
837 2232 938 2304 (1).
959 2234 1281 2306 Ἄνθρωπον
1298 2232 1391 2289 οῦν
1421 2234 1585 2289 αὐτὸν
1612 2235 1741 2288 ὅταν
1766 2232 1917 2301 λέγει

324 2324 570 2396 Χριστὸν
610 2322 841 2394 Ἰησοῦν,
890 2323 970 2396 μὴ
1007 2324 1099 2380 διά
1143 2326 1303 2380 τοῦτο
1352 2324 1915 2389 σκανδαλιζέσθωσαν,

321 2416 449 2473 ἀλλ’
500 2416 853 2471 ὲννοείτωσαν
887 2418 1051 2471 αὐτὸν
1095 2416 1192 2471 καὶ
1233 2416 1437 2488 Κύριον
1470 2417 1563 2470 καὶ
1614 2416 1748 2469 Θεὸν
1801 2416 1911 2469 όνο⁴

320 2506 643 2578 μαζόμενον
669 2504 807 2577 μετά
847 2507 943 2560 τοῦ
989 2506 1085 2561 καὶ
1111 2507 1348 2579 Χριστὸν
1386 2505 1552 2560 πάλιν
1599 2505 1780 2574 λέγειν
1821 2506 1918 2559 καὶ

335 2595 589 2667 Ἰησοῦν
642 2596 991 2651 ἀκουέτωσαν
1048 2597 1161 2668 γάρ
1225 2596 1391 2651 αὐτοῦ
1440 2596 1536 2650 τοῦ
1593 2597 1917 2650 ’Δποστόλου

323 2687 508 2742 τοῦτο
533 2688 782 2760 φανερῶς
810 2687 954 2741 οὓτω
980 2688 1376 2758 κηρύττοντοςο
1414 2706 1433 2740 ι
1468 2689 1916 2760 Προσδεχόμενοι,

320 2781 504 2850 φησὶ,
525 2779 625 2849 τὴν
656 2779 935 2849 μακαρίαν
969 2777 1184 2841 ἐλπίδα,
1219 2780 1315 2831 καὶ
1345 2780 1665 2848 ἐπιφάνειαν
1696 2781 1795 2851 τῆς
1831 2781 1913 2835 δό-

313 2869 432 2941 ξης
456 2869 557 2923 τοῦ
582 2869 823 2940 μεγάλου
844 2868 981 2922 Θεοῦ
1007 2869 1102 2922 καὶ
1130 2869 1381 2938 Σωτῆρος
1403 2869 1558 2940 ήμῶν
1595 2870 1765 2941 Ἰησοῦ
1790 2871 1920 2942 Χρι-

313 2959 487 3026 στοῦ,
520 2960 578 3024 ὃς
616 2960 821 3015 ἔδωκεν
856 2960 1048 3016 ἐαυτὸν
1078 2959 1221 3031 ὑπὲρ
1257 2959 1433 3030 ἡμῶν.
1468 2978 1488 3011 ι

410 3057 491 3121 γ’.
552 3051 714 3123 Ὁρᾷς
740 3051 890 3114 ὅπως
916 3052 1033 3105 ἐκεῖ
1063 3050 1162 3120 μὲν
1199 3049 1486 3123 ἄνθρωπον
1528 3052 1763 3123 Χριστὸν
1804 3053 1914 3125 Ἰη-

311 3142 453 3198 σοῦν
487 3141 643 3210 λέγει
681 3141 773 3195 τὸν
806 3141 946 3213 ὑπὲρ
997 3140 1218 3196 πάντων
1267 3143 1460 3197 ἐαυτὸν
1503 3143 1795 3210 δεδωκότα,
1832 3145 1917 3199 ἐν·

309 3233 505 3289 ταῦθα
558 3231 615 3286 δὲ
671 3233 848 3303 μέγαν
898 3231 1032 3286 Θεὸν
1077 3233 1315 3304 Χριστὸν
1359 3233 1587 3303 Ἰησοῦν,
1629 3235 1724 3289 τὸν
1755 3235 1917 3290 δόντα

310 3327 490 3382 πάλιν
528 3325 727 3379 ἑαυτὸν
764 3324 907 3397 ὑπὲρ
942 3324 1135 3396 ήμῶν;
1175 3326 1350 3397 Διπλῆ
1379 3326 1488 3399 γὰρ
1521 3327 1755 3383 ἐνταῦθα
1797 3330 1917 3383 κατ’

306 3418 533 3484 αὐτῶν,
579 3417 781 3489 μᾶλλον
814 3417 955 3488 ὑπὲρ
987 3417 1188 3483 αὐτῶν,
1238 3418 1290 3471 εἰ
1322 3417 1575 3474 ἐθέλοιεν
1610 3422 1916 3490 μεταγινώ-

305 3528 495 3576 σκειν,
532 3510 765 3580 γέγονεν
794 3511 830 3582 ἠ
860 3509 1158 3577 ἀπόδειξις,
1190 3510 1280 3565 διὰ
1321 3511 1384 3565 τὸ
1431 3510 1615 3581 λέγειν
1662 3514 1757 3568 καὶ
1785 3513 1920 3569 Θεὸν

300 3603 404 3657 καὶ
435 3600 669 3673 Κύριον
709 3598 938 3671 Ἰησοῦν,
968 3598 1027 3653 ὃν
1049 3601 1230 3653 ἐκεῖσε
1262 3599 1552 3672 ἄνθρωπον
1575 3602 1791 3674 εἴρηκε,
1820 3604 1919 3657 καὶ

294 3695 395 3750 διὰ
417 3695 530 3749 τοῦ
570 3695 638 3747 ἐν
685 3692 1018 3765 ἀμφοτέροις
1055 3691 1251 3746 ἑαυτὸν
1283 3692 1426 3764 ὑπὲρ
1458 3693 1617 3765 ἡμῶν
1647 3694 1921 3749 δεδωκότα

2020 1872 2329 1941 participat.
2367 1871 2560 1945 Iug
2590 1871 2687 1928 Est
2713 1888 2843 1943 ergo
2887 1871 2982 1927 Dei
3013 1872 3298 1936 Mediator,
3335 1880 3602 1941 quatenus

2020 1963 2264 2034 ejusdem
2295 1977 2357 2017 ac
2395 1963 2554 2017 Pater
2582 1964 2910 2019 substantiae
2945 1974 3030 2019 est
3066 1981 3079 2017 :
3130 1973 3216 2020 est
3267 1962 3397 2017 item
3429 1960 3600 2016 homi-

2022 2071 2147 2109 num
2206 2070 2423 2124 quoque
2449 2056 2721 2110 Mediator
2746 2094 2762 2120 ,
2802 2066 3071 2125 quatenus
3094 2057 3386 2111 humanant
3434 2053 3599 2109 etiam

2020 2156 2268 2202 naturam
2299 2146 2540 2216 perfecte
2589 2147 2882 2217 participat
2925 2149 3134 2216 absque
3164 2153 3413 2217 peccato.
3463 2144 3597 2199 Cum

2018 2248 2151 2304 ergo
2201 2236 2497 2307 Apostolus
2545 2238 2823 2294 hominem
2874 2240 3006 2293 dicit
3059 2238 3337 2293 Christum
3374 2234 3598 2296 Iesum,

2020 2339 2255 2383 caveant
2307 2343 2377 2383 ne
2433 2338 2721 2398 propterea
2776 2329 3093 2385 scandalum
3140 2330 3459 2398 patiantur,
3506 2326 3597 2379 sed

2026 2426 2279 2487 reputent
2309 2419 2600 2489 ipsummet
2631 2428 2687 2474 et
2728 2420 2894 2474 Deum
2921 2428 2975 2473 et
3004 2419 3287 2474 Dominum
3316 2418 3595 2489 appellari.

2020 2510 2294 2580 simulque
2333 2511 2499 2566 etiam
2527 2511 2805 2567 Christum
2833 2510 3132 2579 Jesumque
3185 2512 3312 2567 dici.
3364 2511 3600 2566 Audiant

2017 2602 2164 2656 enim
2187 2601 2438 2656 eumdem
2470 2601 2790 2670 Apostolum
2820 2602 2927 2657 hoc
2949 2612 3142 2673 aperte
3167 2603 3554 2671 praedicantem
3585 2617 3598 2651 :

1990 2710 1995 2715 ·
2024 2711 2043 2744 ι
2082 2691 2706 2761 Exspectantes,inquit,
2739 2691 2955 2746 beatam
2981 2705 3155 2761 spem,
3203 2699 3259 2746 et
3284 2689 3603 2745 manifesta—

2018 2786 2222 2839 tionem
2249 2782 2437 2854 gloria:
2468 2783 2648 2852 magni
2696 2783 2793 2837 Dei
2828 2791 2885 2837 et
2908 2780 3218 2838 Servatoris
3257 2783 3432 2837 nostri
3474 2781 3601 2838 Jesu

2019 2874 2247 2937 Christi,
2283 2873 2377 2944 qui
2408 2872 2560 2929 dedit
2586 2873 2944 2944 semetipsum
2972 2887 3070 2943 pro
3102 2874 3258 2929 nobis
3300 2874 3366 2926 ⁸⁸.
3403 2892 3421 2924 ι

2096 3050 2183 3104 15.
2231 3048 2420 3106 Viden’
2452 3049 2727 3121 quomodo
2760 3050 2871 3107 illic
2900 3050 3117 3122 quidem
3148 3052 3420 3107 hominem
3445 3052 3603 3108 Chri-

2020 3150 2165 3199 stum
2189 3139 2376 3200 Jesum
2406 3142 2545 3199 dicit
2570 3156 2692 3197 eum
2724 3143 2816 3214 qui
2835 3158 2933 3214 pro
2954 3144 3210 3200 omnibus
3237 3146 3472 3216 seipsum
3496 3154 3606 3200 tra-

2018 3234 2187 3301 didit,
2217 3233 2309 3289 bic
2349 3245 2532 3289 autem
2573 3247 2832 3304 magnum
2868 3233 3039 3313 Deum
3081 3236 3357 3292 Christum
3393 3235 3601 3302 Iesum,

2017 3327 2110 3397 qui
2150 3326 2387 3396 seipsum
2420 3327 2550 3382 item
2585 3342 2685 3397 pro
2735 3327 2892 3382 nobis
2935 3327 3187 3383 dedidit?
3223 3327 3429 3399 Duplex
3457 3330 3600 3386 enim

2020 3419 2150 3475 hinc
2196 3426 2386 3474 contra
2439 3418 2609 3488 ipsos,
2650 3419 2761 3475 imo
2808 3420 2988 3489 potius
3034 3434 3133 3490 pro
3176 3419 3331 3490 ipsis,
3379 3422 3425 3476 si
3471 3422 3603 3476 resi-

2020 3509 2239 3579 piscere
2262 3509 2454 3574 velint,
2484 3509 2545 3565 lit
2584 3510 3002 3579 demonstratio,
3031 3511 3158 3567 dum
3192 3511 3323 3568 dicit
3354 3521 3409 3567 et
3436 3513 3600 3567 Deum

2021 3609 2073 3654 et
2102 3600 2391 3656 Dominum
2420 3600 2629 3667 Jesum,
2674 3617 2837 3672 quem
2883 3601 2994 3657 illic
3026 3603 3302 3658 hominem
3352 3602 3600 3666 dixerat,

2021 3693 2258 3764 dumque
2287 3693 2551 3750 ambobus
2580 3695 2634 3749 in
2665 3695 2801 3751 locis
2844 3695 3021 3765 ipsum
3057 3710 3155 3766 pro
3204 3696 3364 3752 nobis
3411 3705 3604 3765 sponte

2021 3798 2082 3839 se
2116 3786 2407 3842 tradidisse
2436 3786 2727 3856 signiﬁcat.
2763 3805 2782 3838 ι
2811 3785 2985 3843 Homo
3009 3788 3177 3853 enim,
3213 3787 3413 3857 inquit,
3443 3788 3604 3843 Chri-

2021 3886 2138 3931 stus
2168 3875 2347 3943 Jesus,
2380 3878 2475 3948 qui
2505 3879 2653 3933 dedit
2685 3878 2923 3948 seipsum
2957 3893 3058 3948 pro
3105 3881 3359 3935 omnibus
3391 3882 3603 3934 redem-

2021 3968 2261 4038 ptionem
2294 3971 2360 4023 “.
2401 3988 2420 4022 ›
2457 3971 2777 4038 Rursusque
2822 3985 2834 4022 :
2873 3987 2892 4021 ι
2954 3969 3343 4038 Exspectantes
3386 3971 3599 4024 beatam

2022 4077 2198 4132 spem,
2222 4071 2279 4116 et
2309 4060 2802 4115 maniiestationem
2829 4059 3019 4131 gloriae
3048 4060 3227 4129 magni
3255 4059 3351 4114 Dei
3392 4068 3447 4115 et
3477 4058 3601 4114 Ser-

2020 4153 2230 4209 vatoris
2278 4153 2449 4209 nostri
2486 4150 2614 4208 Jesu
2658 4152 2896 4216 Christi,
2932 4151 3024 4222 qui
3052 4151 3202 4207 dedit
3245 4151 3600 4222 semetipsum

295 3787 650 3859 σημαίνειν.
700 3805 719 3838 ι
761 3785 1084 3856 ΙἈνθρωπος
1126 3784 1258 3857 γάρ,
1307 3785 1495 3855 φησιν,
1535 3786 1776 3857 Χριστὸς
1818 3787 1921 3856 Ἰη-

292 3880 458 3947 σοῦς,
503 3881 538 3934 ὁ
568 3878 708 3941 δοὺς
734 3877 926 3931 ἐαυτὸν
959 3876 1100 3949 ὑπὲρ
1129 3875 1352 3932 πάντων
1380 3878 1722 3950 ἀντίλυτρον.
1762 3897 1782 3931 ι
1809 3879 1919 3933 Καὶ

288 3973 513 4027 πάλινο
556 3991 581 4024 ι
631 3969 1058 4042 Προσδεχόμενοι
1094 3968 1194 4041 τὴν
1245 3969 1523 4041 μακαρίαν
1559 3968 1773 4035 ἐλπίδα,
1826 3988 1928 4028 xw.

284 4065 393 4138 τὴν
447 4063 806 4135 ἐπιφάνειαν
836 4061 939 4132 τῆς
990 4060 1149 4131 δόξης
1174 4060 1276 4114 τοῦ
1351 4060 1589 4131 μεγάλου
1637 4061 1772 4115 Θεοῦ
1825 4064 1920 4119 καί

283 4159 577 4229 Σωτῆρος
611 4155 783 4226 ήμῶν
841 4152 1016 4225 Ἰησοῦ
1069 4152 1329 4224 Χριστοῦ,
1380 4153 1439 4216 ὃς
1483 4152 1684 4209 ἔδωκεν
1728 4156 1920 4209 ἐαυτὸν

280 4252 439 4324 ὑπὲρ
476 4249 690 4321 ἡμῶν,
716 4246 805 4301 ἴνα
839 4245 1192 4317 λυτρώσηται
1222 4245 1369 4315 ἡμᾶς
1396 4244 1505 4299 ἀπὸ
1538 4246 1718 4318 πάσης
1738 4248 1916 4319 ἁμαρ.

2022 4260 2119 4315 pro
2140 4244 2315 4310 nobis,
2351 4253 2411 4299 ut
2467 4245 2616 4300 omni
2649 4259 2750 4301 nos
2782 4254 3007 4315 peccato
3052 4243 3385 4309 redimeret,
3438 4260 3601 4299 mun-

280 4344 442 4407 τίας,
482 4343 594 4396 καὶ
650 4338 928 4412 καθαρίσῃ
960 4337 1140 4409 ἑαυτῷ
1181 4336 1308 4391 λαὸν
1337 4336 1651 4408 περιούσιον
1689 4339 1789 4411 (2),
1821 4341 1916 4411 ζη-

2023 4339 2282 4406 daretque
2322 4336 2425 4393 sibi
2480 4336 2735 4407 populum
2792 4335 3166 4405 peculiarem,
3225 4334 3593 4390 :emulatorem

280 4434 483 4507 λωτὴν
515 4432 724 4488 καλῶν
762 4429 958 4502 ἔργων.
999 4449 1016 4482 ι
1048 4431 1109 4483 Εἰ
1134 4430 1188 4483 δὲ
1216 4429 1505 4500 ἄνθρωπος
1540 4433 1657 4485 κατ’
1677 4432 1916 4497 ἐκείνους

2026 4427 2290 4483 bonorum
2326 4444 2550 4499 operum
2571 4429 2638 4483 ⁷ο.
2675 4447 2694 4480 ι
2718 4428 2869 4494 Quod
2893 4430 2938 4483 si
2969 4429 3185 4483 nonnisi
3227 4429 3388 4483 homo
3426 4437 3509 4482 est
3547 4429 3599 4480 in

283 4527 467 4598 μόνον
500 4520 773 4595 Χριστὸς
833 4518 1060 4591 Ἰησοῦς,
1092 4521 1120 4572 ό
1160 4519 1282 4582 δοὺς
1316 4519 1508 4573 ἐαυτὸν
1550 4520 1691 4591 ὑπὲρ
1736 4522 1914 4592 ἡμῶν,

2026 4534 2211 4573 eorum
2236 4521 2504 4576 sententia
2535 4519 2786 4575 Christus
2810 4518 2989 4582 Jesus,
3022 4519 3116 4589 qui
3145 4519 3369 4573 tradidit
3389 4529 3593 4574 semet-

278 4619 382 4674 καὶ
416 4613 962 4690 περιποιησάμενος
996 4612 1145 4682 ἡμᾶς
1183 4609 1360 4682 ἐαυτῷ
1403 4611 1532 4665 λαὸν
1579 4611 1915 4682 περιούσιον,

2028 4610 2198 4679 ipsum
2226 4626 2323 4682 pro
2352 4612 2627 4674 omnibus,
2666 4611 2879 4679 sibique
2908 4624 3008 4664 nos
3040 4609 3168 4663 fecit
3200 4608 3459 4679 populum
3501 4626 3597 4680 pe-

278 4704 592 4777 ἀνθρώπῳ
649 4701 771 4773 ἄρα
812 4699 1148 4771 λατρεύομεν
1179 4699 1578 4771 παραπλησίως
1622 4703 1735 4765 τοῖς
1767 4701 1915 4754 ἔθνε-

2027 4700 2308 4766 culiarem,
2360 4701 2572 4755 homini
2601 4701 2807 4770 utique,
2854 4714 2959 4754 non
2992 4715 3154 4755 secus
3176 4709 3340 4770 atque
3368 4703 3596 4761 ethnici.

278 4815 392 4865 σιν,
430 4797 540 4851 καὶ
563 4797 643 4866 τῇ
681 4792 862 4847 κτίσει
891 4790 1075 4845 λοιπὸν
1104 4790 1204 4862 τὴν
1234 4793 1569 4864 Δεσποτικὴν
1601 4793 1916 4847 αύθεντείαν

2030 4790 2233 4844 cultum
2276 4790 2618 4857 exhibemus,
2654 4801 2708 4845 et
2757 4801 3021 4845 creatura:
3067 4791 3324 4859 deinceps
3348 4791 3593 4846 Domini-

277 4889 720 4956 ἀποδιδόαμεν.
773 4883 913 4936 Ἀλλ’
967 4883 1068 4937 οὐκ
1114 4884 1260 4938 ἐστιν
1305 4882 1508 4949 οὕτως,
1561 4884 1637 4954 μὴ
1685 4884 1915 4951 γένοιτο,

2030 4894 2153 4934 cam
2184 4879 2503 4949 dignitatem
2551 4880 2923 4937 attribuimus.
2961 4880 3347 4939 Verumtamen
3388 4899 3492 4937 non
3528 4884 3601 4936 ita

276 4980 428 5036 ἀλλὰ
496 4975 766 5051 [Κύριον
808 4973 903 5026 καὶ
957 4972 1089 5026 Θεὸν
1135 4971 1575 5041 ἐπιγινώσκομεν
1642 4971 1732 5023 τὸν
1782 4972 1916 5042 Χρι-

2028 4986 2086 5027 εε
2112 4986 2197 5026 res
2230 4971 2412 5036 habet,
2443 4972 2617 5028 absit!
2667 4974 2763 5028 sed
2800 4972 3113 5045 [Dominum
3138 4991 3202 5030 ac
3230 4976 3398 5030 Deum
3431 4989 3599 5043 agno-

277 5070 452 5125 στόν·
504 5068 736 5137 γέγονε
789 5061 887 5133 μὲν
940 5060 1049 5131 γὰρ
1091 5059 1375 5131 ἄνθρωπος
1434 5060 1500 5112 δι’
1552 5060 1700 5129 ἡμᾶς
1743 5061 1771 5112 ὀ
1815 5057 1912 5110 τοῦ

2026 5060 2227 5115 scimus
2256 5058 2555 5116 Christum.
2590 5061 2842 5117 Profecto
2880 5063 3080 5119 factum
3133 5071 3215 5120 est
3243 5072 3466 5133 propter
3503 5078 3603 5115 nos

356 5246 640 5304 "lTim.
690 5253 759 5303 tt,
793 5238 847 5291 5.
927 5235 970 5266 ⁶”
998 5232 1104 5290 Tit.
1142 5251 1201 5298 ιι,
1236 5234 1319 5286 15.
1398 5236 1441 5266 ⁸³
1477 5231 1494 5284 l
1529 5231 1671 5287 Tim.
1708 5248 1767 5297 ιι,
1795 5233 1846 5284 5.

2020 5233 2110 5288 ['it.
2140 5250 2201 5299 ιι,
2232 5233 2322 5299 15,
2364 5235 2452 5289 ﬂ.

354 5434 437 5505 (ί)
483 5429 644 5485 "em
705 5418 991 5490 Ρ¹¹¹⁰¹¹¹⁹³¹Ῐ¹
1034 5425 1089 5470 θι
1131 5415 1483 5486 ι¹¹θ⁰¹⁰8ίε³η¹
1530 5413 1775 5471 νοεθυυιί
1806 5430 1916 5468 me“
2026 5416 2115 5486 qui
2141 5416 2498 5497 abundantem
2539 5419 2965 5495 interpretantur
2990 5414 3329 5538 etgmologiaa
3371 5416 3477 5471 vim
3512 5433 3599 5471 se-

354 5514 473 5538 -οηρ
506 5487 1007 5538 ριηιίαειιὶοηειιιί
2023 5496 2252 5538 auentes
2293 5486 2531 5538 Luetfer.
2565 5489 2916 5538 Augustinus.
2952 5495 3004 5538 et
3085 5487 3433 5538 mbrostaster
3481 5488 3599 5538 loco

274 5486 473 5559 άεᾶέότ
506 5486 968 5565 ειριίιὲειιίοηθιη
994 5487 1007 5540 ε
1034 5555 1067 5565 ,,
1261 5557 1274 5565 ,
1507 5563 1515 5565 Α
1806 5552 1840 5565 ..

2023 5496 2252 5565 quentes
2293 5486 2532 5565 Lucifer,
2565 5487 2916 5565 nugttstinus,
2948 5495 3012 5565 et.
3034 5486 3447 5565 tantbrosiaster
3472 5488 3601 5565 ioco

338 5552 453 5649 θ’)-
482 5552 852 5641 ΙῘεριούσιον
896 5555 1213 5649 peﬁuliarem
1260 5557 1586 5649 interpretor
1628 5570 1751 5610 cum
1789 5552 1915 5649 divo
2022 5552 2537 5649 Ermdictoﬁ'ulgati
2572 5552 2734 5608 lectio
2779 5555 3147 5649 ufceptglrilem
3195 5557 3284 5611 vix
3319 5557 3539 5649 dissidet
3568 5572 3595 5605 ιι

277 5623 686 5711 ιιίὲῖὃπῖᾗιῖιο,
728 5623 906 5711 cuius
942 5623 1471 5711 disputationelm‘de
1501 5626 1603 5706 hoc
1652 5623 1915 5711 vgcabulo
2025 5623 2336 5698 Symmachi
2367 5641 2550 5696 sensu,
2588 5639 2750 5695 quem
2780 5623 2921 5679 idem
2950 5625 3306 5695 Hieronymus
3342 5626 3527 5680 refert.

276 5694 561 5774 ξξᾶέι-ῖέι
616 5694 819 5776 ipsius
855 5694 1258 5757 commentariis
1306 5696 1641 5755 Sabaterius.
1672 5694 1915 5751 Caetero-
