  <div class='ocr_page' id='page_1' title='image "/cluster/home/n/w/nwhite01/storage/ocr_20150623/76/mdp.39015013094878/143.png"; bbox 0 0 4014 6128; ppageno 0'>
   <div class='ocr_carea' id='block_1_1' title="bbox 433 290 581 342">
    <p class='ocr_par' dir='ltr' id='par_1_1' title="bbox 433 290 581 342">
     <span class='ocr_line' id='line_1_1' title="bbox 433 290 581 342; baseline -0.014 -1"><span class='ocrx_word' id='word_1_1' title='bbox 433 290 536 342; x_wconf 74' lang='grc'><strong>271</strong></span> <span class='ocrx_word' id='word_1_2' title='bbox 579 308 581 310; x_wconf 89' lang='grc'>·</span> 
     </span>
    </p>
   </div>
   <div class='ocr_carea' id='block_1_2' title="bbox 1458 287 2783 348">
    <p class='ocr_par' dir='ltr' id='par_1_2' title="bbox 1458 287 2783 348">
     <span class='ocr_line' id='line_1_2' title="bbox 1458 287 2783 348; baseline 0.002 -4"><span class='ocrx_word' id='word_1_3' title='bbox 1458 289 1515 344; x_wconf 91' lang='lat' dir='ltr'><strong>S.</strong></span> <span class='ocrx_word' id='word_1_4' title='bbox 1555 287 1828 345; x_wconf 78' lang='lat' dir='ltr'><strong>CYRILLI</strong></span> <span class='ocrx_word' id='word_1_5' title='bbox 1866 287 2339 345; x_wconf 78' lang='lat' dir='ltr'><strong>ALEXANDRINI</strong></span> <span class='ocrx_word' id='word_1_6' title='bbox 2378 288 2702 348; x_wconf 81' lang='lat' dir='ltr'><strong>ARCHIEP.</strong></span> <span class='ocrx_word' id='word_1_7' title='bbox 2780 296 2783 298; x_wconf 73' lang='grc'><em>’</em></span> 
     </span>
    </p>
   </div>
   <div class='ocr_carea' id='block_1_3' title="bbox 3576 294 3685 350">
    <p class='ocr_par' dir='ltr' id='par_1_3' title="bbox 3576 294 3685 350">
     <span class='ocr_line' id='line_1_3' title="bbox 3576 294 3685 350; baseline 0 0"><span class='ocrx_word' id='word_1_8' title='bbox 3576 294 3685 350; x_wconf 73' lang='lat'><strong>279.</strong></span> 
     </span>
    </p>
   </div>
   <div class='ocr_carea' id='block_1_4' title="bbox 436 400 2009 480">
    <p class='ocr_par' dir='ltr' id='par_1_4' title="bbox 436 400 2001 475">
     <span class='ocr_line' id='line_1_4' title="bbox 436 400 2001 475; baseline 0.001 -16"><span class='ocrx_word' id='word_1_9' title='bbox 436 405 598 460; x_wconf 87' lang='lat' dir='ltr'><strong>homo</strong></span> <span class='ocrx_word' id='word_1_10' title='bbox 622 402 715 458; x_wconf 87' lang='lat' dir='ltr'><strong>Dei</strong></span> <span class='ocrx_word' id='word_1_11' title='bbox 750 400 1007 470; x_wconf 80' lang='lat' dir='ltr'><strong>Verbum,</strong></span> <span class='ocrx_word' id='word_1_12' title='bbox 1041 403 1286 460; x_wconf 72' lang='lat' dir='ltr'><strong>humana:</strong></span> <span class='ocrx_word' id='word_1_13' title='bbox 1321 413 1527 461; x_wconf 77' lang='lat' dir='ltr'><strong>natura:</strong></span> <span class='ocrx_word' id='word_1_14' title='bbox 1561 408 2001 475; x_wconf 88' lang='lat' dir='ltr'><strong>communicans,</strong></span> 
     </span>
    </p>
   </div>
   <div class='ocr_carea' id='block_1_5' title="bbox 2118 400 3687 480">
    <p class='ocr_par' dir='ltr' id='par_1_5' title="bbox 2118 407 3687 480">
     <span class='ocr_line' id='line_1_5' title="bbox 2118 407 3687 480; baseline 0.001 -20"><span class='ocrx_word' id='word_1_15' title='bbox 2118 407 2245 460; x_wconf 78' lang='grc' dir='ltr'>Θεοῦ</span> <span class='ocrx_word' id='word_1_16' title='bbox 2295 408 2504 477; x_wconf 85' lang='grc' dir='ltr'><strong>Λόγος,</strong></span> <span class='ocrx_word' id='word_1_17' title='bbox 2561 407 2844 480; x_wconf 85' lang='grc' dir='ltr'>μετασχὼν</span> <span class='ocrx_word' id='word_1_18' title='bbox 2889 409 2989 478; x_wconf 82' lang='grc' dir='ltr'><strong>τῆς</strong></span> <span class='ocrx_word' id='word_1_19' title='bbox 3042 409 3390 480; x_wconf 81' lang='grc' dir='ltr'><strong>ἀνθρωπείας</strong></span> <span class='ocrx_word' id='word_1_20' title='bbox 3449 407 3687 478; x_wconf 83' lang='grc' dir='ltr'>φύσεως,</span> 
     </span>
    </p>
   </div>
   <div class='ocr_carea' id='block_1_6' title="bbox 439 494 2005 569">
    <p class='ocr_par' dir='ltr' id='par_1_6' title="bbox 439 494 2005 569">
     <span class='ocr_line' id='line_1_6' title="bbox 439 494 2005 569; baseline 0.002 -19"><span class='ocrx_word' id='word_1_21' title='bbox 439 503 730 564; x_wconf 85' lang='lat' dir='ltr'><strong>natumque</strong></span> <span class='ocrx_word' id='word_1_22' title='bbox 777 503 881 560; x_wconf 90' lang='lat' dir='ltr'><strong>est,</strong></span> <span class='ocrx_word' id='word_1_23' title='bbox 911 495 980 550; x_wconf 90' lang='lat' dir='ltr'><strong>ob</strong></span> <span class='ocrx_word' id='word_1_24' title='bbox 1016 511 1170 551; x_wconf 90' lang='lat' dir='ltr'><strong>suam</strong></span> <span class='ocrx_word' id='word_1_25' title='bbox 1213 494 1539 552; x_wconf 69' lang='lat' dir='ltr'><strong>ineffabilem</strong></span> <span class='ocrx_word' id='word_1_26' title='bbox 1587 512 1714 569; x_wconf 86' lang='lat' dir='ltr'><strong>erga</strong></span> <span class='ocrx_word' id='word_1_27' title='bbox 1755 499 2005 554; x_wconf 88' lang='lat' dir='ltr'><strong>homines</strong></span> 
     </span>
    </p>
   </div>
   <div class='ocr_carea' id='block_1_7' title="bbox 354 587 2003 660">
    <p class='ocr_par' dir='ltr' id='par_1_7' title="bbox 354 587 2003 660">
     <span class='ocr_line' id='line_1_7' title="bbox 354 587 2003 660; baseline 0.001 -18"><span class='ocrx_word' id='word_1_28' title='bbox 354 608 355 611; x_wconf 48' lang='grc' dir='ltr'><strong>η</strong></span> <span class='ocrx_word' id='word_1_29' title='bbox 436 587 783 652; x_wconf 89' lang='lat' dir='ltr'><strong>charitatem,</strong></span> <span class='ocrx_word' id='word_1_30' title='bbox 811 601 931 640; x_wconf 86' lang='lat' dir='ltr'><strong>cum</strong></span> <span class='ocrx_word' id='word_1_31' title='bbox 956 600 1020 640; x_wconf 91' lang='lat' dir='ltr'><strong>ea</strong></span> <span class='ocrx_word' id='word_1_32' title='bbox 1048 595 1241 641; x_wconf 89' lang='lat' dir='ltr'><strong>natura</strong></span> <span class='ocrx_word' id='word_1_33' title='bbox 1265 602 1328 642; x_wconf 78' lang='lat' dir='ltr'><strong>ex</strong></span> <span class='ocrx_word' id='word_1_34' title='bbox 1367 597 1556 644; x_wconf 89' lang='lat' dir='ltr'><strong>sancta</strong></span> <span class='ocrx_word' id='word_1_35' title='bbox 1601 599 1658 645; x_wconf 89' lang='lat' dir='ltr'><strong>et</strong></span> <span class='ocrx_word' id='word_1_36' title='bbox 1692 591 2003 660; x_wconf 77' lang='lat' dir='ltr'><strong>nuptiarum</strong></span> 
     </span>
    </p>
   </div>
   <div class='ocr_carea' id='block_1_8' title="bbox 435 666 2002 751">
    <p class='ocr_par' dir='ltr' id='par_1_8' title="bbox 435 666 2002 751">
     <span class='ocr_line' id='line_1_8' title="bbox 435 666 2002 751; baseline 0.001 -17"><span class='ocrx_word' id='word_1_37' title='bbox 435 689 656 746; x_wconf 76' lang='lat' dir='ltr'><strong>experte</strong></span> <span class='ocrx_word' id='word_1_38' title='bbox 686 676 900 748; x_wconf 75' lang='lat' dir='ltr'><strong>Virgine</strong></span> <span class='ocrx_word' id='word_1_39' title='bbox 926 691 940 728; x_wconf 92' lang='lat'>:</span> <span class='ocrx_word' id='word_1_40' title='bbox 971 666 1064 731; x_wconf 80' lang='lat' dir='ltr'><strong>sed</strong></span> <span class='ocrx_word' id='word_1_41' title='bbox 1085 671 1276 732; x_wconf 41' lang='lat' dir='ltr'><strong>&quot;tamen</strong></span> <span class='ocrx_word' id='word_1_42' title='bbox 1308 679 1388 735; x_wconf 84' lang='lat' dir='ltr'><strong>sic</strong></span> <span class='ocrx_word' id='word_1_43' title='bbox 1415 680 1580 736; x_wconf 88' lang='lat' dir='ltr'><strong>etiam</strong></span> <span class='ocrx_word' id='word_1_44' title='bbox 1624 682 1762 737; x_wconf 85' lang='lat' dir='ltr'><strong>Deus</strong></span> <span class='ocrx_word' id='word_1_45' title='bbox 1809 692 2002 751; x_wconf 90' lang='lat' dir='ltr'><strong>suapte</strong></span> 
     </span>
    </p>
   </div>
   <div class='ocr_carea' id='block_1_9' title="bbox 435 767 2002 843">
    <p class='ocr_par' dir='ltr' id='par_1_9' title="bbox 435 767 2002 843">
     <span class='ocr_line' id='line_1_9' title="bbox 435 767 2002 843; baseline 0.003 -19"><span class='ocrx_word' id='word_1_46' title='bbox 435 777 629 824; x_wconf 91' lang='lat' dir='ltr'><strong>natura</strong></span> <span class='ocrx_word' id='word_1_47' title='bbox 658 779 796 836; x_wconf 89' lang='lat' dir='ltr'><strong>erat,</strong></span> <span class='ocrx_word' id='word_1_48' title='bbox 829 775 883 822; x_wconf 92' lang='lat' dir='ltr'><strong>et</strong></span> <span class='ocrx_word' id='word_1_49' title='bbox 926 767 1025 822; x_wconf 89' lang='lat' dir='ltr'><strong>Dei</strong></span> <span class='ocrx_word' id='word_1_50' title='bbox 1067 769 1252 824; x_wconf 77' lang='lat' dir='ltr'><strong>Filius.</strong></span> <span class='ocrx_word' id='word_1_51' title='bbox 1309 771 1457 827; x_wconf 85' lang='lat' dir='ltr'><strong>Hane</strong></span> <span class='ocrx_word' id='word_1_52' title='bbox 1488 773 1652 843; x_wconf 82' lang='lat' dir='ltr'><strong>igitur</strong></span> <span class='ocrx_word' id='word_1_53' title='bbox 1687 775 1756 829; x_wconf 89' lang='lat' dir='ltr'><strong>ob</strong></span> <span class='ocrx_word' id='word_1_54' title='bbox 1783 790 2002 831; x_wconf 77' lang='lat' dir='ltr'><strong>causam</strong></span> 
     </span>
    </p>
   </div>
   <div class='ocr_carea' id='block_1_10' title="bbox 431 862 2002 934">
    <p class='ocr_par' dir='ltr' id='par_1_10' title="bbox 431 862 2002 934">
     <span class='ocr_line' id='line_1_10' title="bbox 431 862 2002 934; baseline 0.001 -16"><span class='ocrx_word' id='word_1_55' title='bbox 431 873 489 918; x_wconf 88' lang='lat' dir='ltr'><strong>et</strong></span> <span class='ocrx_word' id='word_1_56' title='bbox 518 865 678 919; x_wconf 91' lang='lat' dir='ltr'><strong>homo</strong></span> <span class='ocrx_word' id='word_1_57' title='bbox 729 871 974 926; x_wconf 88' lang='lat' dir='ltr'><strong>vocatur,</strong></span> <span class='ocrx_word' id='word_1_58' title='bbox 1033 869 1086 915; x_wconf 89' lang='lat' dir='ltr'><strong>et</strong></span> <span class='ocrx_word' id='word_1_59' title='bbox 1131 862 1294 916; x_wconf 86' lang='lat' dir='ltr'><strong>simul</strong></span> <span class='ocrx_word' id='word_1_60' title='bbox 1355 875 1586 919; x_wconf 87' lang='lat' dir='ltr'><strong>vocatur</strong></span> <span class='ocrx_word' id='word_1_61' title='bbox 1647 868 1828 934; x_wconf 84' lang='lat' dir='ltr'><strong>Deus,</strong></span> <span class='ocrx_word' id='word_1_62' title='bbox 1879 882 2002 921; x_wconf 93' lang='lat' dir='ltr'><strong>cum</strong></span> 
     </span>
    </p>
   </div>
   <div class='ocr_carea' id='block_1_11' title="bbox 381 943 2004 1026">
    <p class='ocr_par' dir='ltr' id='par_1_11' title="bbox 381 943 2004 1026">
     <span class='ocr_line' id='line_1_11' title="bbox 381 943 2004 1026; baseline 0.002 -17"><span class='ocrx_word' id='word_1_63' title='bbox 381 943 390 950; x_wconf 76' lang='grc'><em>’</em></span> <span class='ocrx_word' id='word_1_64' title='bbox 433 956 502 1009; x_wconf 90' lang='lat' dir='ltr'><strong>sit</strong></span> <span class='ocrx_word' id='word_1_65' title='bbox 535 969 676 1009; x_wconf 90' lang='lat' dir='ltr'><strong>unus</strong></span> <span class='ocrx_word' id='word_1_66' title='bbox 727 953 979 1023; x_wconf 88' lang='lat' dir='ltr'><strong>idemque</strong></span> <span class='ocrx_word' id='word_1_67' title='bbox 1015 953 1114 1008; x_wconf 86' lang='lat' dir='ltr'><strong>sub</strong></span> <span class='ocrx_word' id='word_1_68' title='bbox 1167 962 1398 1023; x_wconf 90' lang='lat' dir='ltr'><strong>utraque</strong></span> <span class='ocrx_word' id='word_1_69' title='bbox 1441 956 1799 1026; x_wconf 72' lang='lat' dir='ltr'><strong>appellatione</strong></span> <span class='ocrx_word' id='word_1_70' title='bbox 1845 959 2004 1014; x_wconf 91' lang='lat' dir='ltr'><strong>Chri-</strong></span> 
     </span>
    </p>
   </div>
   <div class='ocr_carea' id='block_1_12' title="bbox 431 1044 596 1118">
    <p class='ocr_par' dir='ltr' id='par_1_12' title="bbox 431 1044 596 1118">
     <span class='ocr_line' id='line_1_12' title="bbox 431 1044 596 1118; baseline 0 -17"><span class='ocrx_word' id='word_1_71' title='bbox 431 1044 596 1118; x_wconf 86' lang='lat' dir='ltr'><strong>stus.]</strong></span> 
     </span>
    </p>
   </div>
   <div class='ocr_carea' id='block_1_13' title="bbox 502 1134 2001 1204">
    <p class='ocr_par' dir='ltr' id='par_1_13' title="bbox 502 1134 2001 1204">
     <span class='ocr_line' id='line_1_13' title="bbox 502 1134 2001 1204; baseline 0.004 -16"><span class='ocrx_word' id='word_1_72' title='bbox 502 1135 590 1189; x_wconf 78' lang='lat' dir='ltr'><strong>M.</strong></span> <span class='ocrx_word' id='word_1_73' title='bbox 626 1134 779 1202; x_wconf 85' lang='lat' dir='ltr'><strong>Quod</strong></span> <span class='ocrx_word' id='word_1_74' title='bbox 814 1136 956 1191; x_wconf 91' lang='lat' dir='ltr'><strong>enim</strong></span> <span class='ocrx_word' id='word_1_75' title='bbox 979 1135 1123 1192; x_wconf 86' lang='lat' dir='ltr'><strong>haud</strong></span> <span class='ocrx_word' id='word_1_76' title='bbox 1145 1136 1518 1203; x_wconf 88' lang='lat' dir='ltr'><strong>hominem,ut</strong></span> <span class='ocrx_word' id='word_1_77' title='bbox 1551 1138 1637 1192; x_wconf 81' lang='lat' dir='ltr'><strong>isti</strong></span> <span class='ocrx_word' id='word_1_78' title='bbox 1669 1138 2001 1204; x_wconf 78' lang='lat' dir='ltr'><strong>fabulantur,</strong></span> 
     </span>
    </p>
   </div>
   <div class='ocr_carea' id='block_1_14' title="bbox 428 1223 2003 1298">
    <p class='ocr_par' dir='ltr' id='par_1_14' title="bbox 428 1223 2003 1298">
     <span class='ocr_line' id='line_1_14' title="bbox 428 1223 2003 1298; baseline 0.003 -17"><span class='ocrx_word' id='word_1_79' title='bbox 428 1223 630 1281; x_wconf 84' lang='lat' dir='ltr'><strong>Paulus</strong></span> <span class='ocrx_word' id='word_1_80' title='bbox 654 1227 932 1282; x_wconf 76' lang='lat' dir='ltr'><strong>Christum</strong></span> <span class='ocrx_word' id='word_1_81' title='bbox 963 1229 1366 1297; x_wconf 66' lang='lat' dir='ltr'><strong>praedicaverit,</strong></span> <span class='ocrx_word' id='word_1_82' title='bbox 1397 1229 1522 1284; x_wconf 90' lang='lat' dir='ltr'><strong>audi</strong></span> <span class='ocrx_word' id='word_1_83' title='bbox 1564 1229 1618 1284; x_wconf 91' lang='lat' dir='ltr'><strong>in</strong></span> <span class='ocrx_word' id='word_1_84' title='bbox 1649 1230 1886 1298; x_wconf 81' lang='lat' dir='ltr'><strong>Epistola</strong></span> <span class='ocrx_word' id='word_1_85' title='bbox 1937 1231 2003 1286; x_wconf 88' lang='lat' dir='ltr'><strong>ad</strong></span> 
     </span>
    </p>
   </div>
   <div class='ocr_carea' id='block_1_15' title="bbox 417 1314 2006 1388">
    <p class='ocr_par' dir='ltr' id='par_1_15' title="bbox 417 1314 2006 1388">
     <span class='ocr_line' id='line_1_15' title="bbox 417 1314 2006 1388; baseline 0.002 -18"><span class='ocrx_word' id='word_1_86' title='bbox 417 1314 740 1371; x_wconf 78' lang='lat' dir='ltr'><strong>.Corinthios</strong></span> <span class='ocrx_word' id='word_1_87' title='bbox 769 1314 1036 1371; x_wconf 90' lang='lat' dir='ltr'><strong>dicentem</strong></span> <span class='ocrx_word' id='word_1_88' title='bbox 1065 1332 1078 1369; x_wconf 88' lang='lat'>:</span> <span class='ocrx_word' id='word_1_89' title='bbox 1111 1333 1129 1368; x_wconf 81' lang='grc' dir='ltr'><strong>ι</strong></span> <span class='ocrx_word' id='word_1_90' title='bbox 1153 1315 1268 1371; x_wconf 84' lang='grc' dir='ltr'>Νοη</span> <span class='ocrx_word' id='word_1_91' title='bbox 1288 1317 1430 1370; x_wconf 93' lang='lat' dir='ltr'><strong>enim</strong></span> <span class='ocrx_word' id='word_1_92' title='bbox 1469 1318 1831 1387; x_wconf 88' lang='lat' dir='ltr'><strong>nosmetipsos</strong></span> <span class='ocrx_word' id='word_1_93' title='bbox 1867 1334 2006 1388; x_wconf 69' lang='lat' dir='ltr'><strong>prte-</strong></span> 
     </span>
    </p>
   </div>
   <div class='ocr_carea' id='block_1_16' title="bbox 431 1407 2002 1473">
    <p class='ocr_par' dir='ltr' id='par_1_16' title="bbox 431 1407 2002 1473">
     <span class='ocr_line' id='line_1_16' title="bbox 431 1407 2002 1473; baseline 0.003 -12"><span class='ocrx_word' id='word_1_94' title='bbox 431 1408 697 1471; x_wconf 81' lang='lat' dir='ltr'><strong>diramus,</strong></span> <span class='ocrx_word' id='word_1_95' title='bbox 726 1408 820 1462; x_wconf 88' lang='lat' dir='ltr'><strong>sed</strong></span> <span class='ocrx_word' id='word_1_96' title='bbox 843 1407 1029 1462; x_wconf 84' lang='lat' dir='ltr'><strong>Jesum</strong></span> <span class='ocrx_word' id='word_1_97' title='bbox 1055 1408 1334 1462; x_wconf 90' lang='lat' dir='ltr'><strong>Christum</strong></span> <span class='ocrx_word' id='word_1_98' title='bbox 1356 1407 1665 1473; x_wconf 85' lang='lat' dir='ltr'><strong>Dominum,</strong></span> <span class='ocrx_word' id='word_1_99' title='bbox 1697 1424 1795 1464; x_wconf 90' lang='lat' dir='ltr'><strong>nos</strong></span> <span class='ocrx_word' id='word_1_100' title='bbox 1819 1418 2002 1466; x_wconf 80' lang='lat' dir='ltr'><strong>autem</strong></span> 
     </span>
    </p>
   </div>
   <div class='ocr_carea' id='block_1_17' title="bbox 431 1499 2005 1572">
    <p class='ocr_par' dir='ltr' id='par_1_17' title="bbox 431 1499 2005 1572">
     <span class='ocr_line' id='line_1_17' title="bbox 431 1499 2005 1572; baseline 0 -15"><span class='ocrx_word' id='word_1_101' title='bbox 431 1514 617 1557; x_wconf 83' lang='lat' dir='ltr'><strong>servos</strong></span> <span class='ocrx_word' id='word_1_102' title='bbox 645 1511 857 1556; x_wconf 86' lang='lat' dir='ltr'><strong>vestros</strong></span> <span class='ocrx_word' id='word_1_103' title='bbox 885 1510 1102 1570; x_wconf 90' lang='lat' dir='ltr'><strong>propter</strong></span> <span class='ocrx_word' id='word_1_104' title='bbox 1126 1499 1308 1556; x_wconf 83' lang='lat' dir='ltr'><strong>Jesnm</strong></span> <span class='ocrx_word' id='word_1_105' title='bbox 1336 1502 1403 1554; x_wconf 74' lang='grc'><strong>⁷⁸.</strong></span> <span class='ocrx_word' id='word_1_106' title='bbox 1433 1519 1451 1552; x_wconf 72' lang='grc' dir='ltr'><strong>ι</strong></span> <span class='ocrx_word' id='word_1_107' title='bbox 1479 1499 1671 1555; x_wconf 72' lang='lat' dir='ltr'><strong>Viden&quot;</strong></span> <span class='ocrx_word' id='word_1_108' title='bbox 1694 1503 2005 1572; x_wconf 75' lang='lat' dir='ltr'><strong>apostolicae</strong></span> 
     </span>
    </p>
   </div>
   <div class='ocr_carea' id='block_1_18' title="bbox 431 1588 2002 1657">
    <p class='ocr_par' dir='ltr' id='par_1_18' title="bbox 431 1588 2002 1657">
     <span class='ocr_line' id='line_1_18' title="bbox 431 1588 2002 1657; baseline 0 -14"><span class='ocrx_word' id='word_1_109' title='bbox 431 1590 719 1646; x_wconf 74' lang='lat' dir='ltr'><strong>sententia:</strong></span> <span class='ocrx_word' id='word_1_110' title='bbox 741 1589 1017 1644; x_wconf 79' lang='lat' dir='ltr'><strong>deﬁnitam</strong></span> <span class='ocrx_word' id='word_1_111' title='bbox 1052 1589 1364 1645; x_wconf 89' lang='lat' dir='ltr'><strong>notionem?</strong></span> <span class='ocrx_word' id='word_1_112' title='bbox 1388 1588 1569 1644; x_wconf 83' lang='lat' dir='ltr'><strong>Jesum</strong></span> <span class='ocrx_word' id='word_1_113' title='bbox 1590 1590 1891 1657; x_wconf 79' lang='lat' dir='ltr'><strong>Christum,</strong></span> <span class='ocrx_word' id='word_1_114' title='bbox 1907 1591 2002 1657; x_wconf 87' lang='lat' dir='ltr'><strong>ait,</strong></span> 
     </span>
    </p>
   </div>
   <div class='ocr_carea' id='block_1_19' title="bbox 435 1681 2002 1750">
    <p class='ocr_par' dir='ltr' id='par_1_19' title="bbox 435 1681 2002 1750">
     <span class='ocr_line' id='line_1_19' title="bbox 435 1681 2002 1750; baseline 0 -14"><span class='ocrx_word' id='word_1_115' title='bbox 435 1683 720 1736; x_wconf 87' lang='lat' dir='ltr'><strong>Dominum</strong></span> <span class='ocrx_word' id='word_1_116' title='bbox 747 1723 761 1747; x_wconf 94' lang='lat'><strong>,</strong></span> <span class='ocrx_word' id='word_1_117' title='bbox 800 1690 1013 1735; x_wconf 90' lang='lat' dir='ltr'><strong>nosmet</strong></span> <span class='ocrx_word' id='word_1_118' title='bbox 1045 1691 1227 1735; x_wconf 88' lang='lat' dir='ltr'><strong>autem</strong></span> <span class='ocrx_word' id='word_1_119' title='bbox 1265 1696 1453 1736; x_wconf 87' lang='lat' dir='ltr'><strong>servos</strong></span> <span class='ocrx_word' id='word_1_120' title='bbox 1492 1681 1872 1750; x_wconf 66' lang='lat' dir='ltr'><strong>praedicamus.</strong></span> <span class='ocrx_word' id='word_1_121' title='bbox 1922 1681 2002 1736; x_wconf 85' lang='lat' dir='ltr'><strong>Ad</strong></span> 
     </span>
    </p>
   </div>
   <div class='ocr_carea' id='block_1_20' title="bbox 2112 499 3692 573">
    <p class='ocr_par' dir='ltr' id='par_1_20' title="bbox 2112 499 3692 573">
     <span class='ocr_line' id='line_1_20' title="bbox 2112 499 3692 573; baseline 0.002 -22"><span class='ocrx_word' id='word_1_122' title='bbox 2112 499 2208 552; x_wconf 83' lang='grc' dir='ltr'>καὶ</span> <span class='ocrx_word' id='word_1_123' title='bbox 2274 499 2598 571; x_wconf 82' lang='grc' dir='ltr'><strong>γεγέννηται</strong></span> <span class='ocrx_word' id='word_1_124' title='bbox 2663 500 2753 555; x_wconf 87' lang='grc' dir='ltr'><strong>διὰ</strong></span> <span class='ocrx_word' id='word_1_125' title='bbox 2808 501 3218 573; x_wconf 78' lang='grc' dir='ltr'><strong>φιλανθρωπίαν</strong></span> <span class='ocrx_word' id='word_1_126' title='bbox 3279 502 3489 571; x_wconf 79' lang='grc' dir='ltr'><strong>ἄφατον</strong></span> <span class='ocrx_word' id='word_1_127' title='bbox 3551 505 3692 571; x_wconf 83' lang='grc' dir='ltr'>μετὰ</span> 
     </span>
    </p>
   </div>
   <div class='ocr_carea' id='block_1_21' title="bbox 2108 589 3684 664">
    <p class='ocr_par' dir='ltr' id='par_1_21' title="bbox 2108 589 3684 664">
     <span class='ocr_line' id='line_1_21' title="bbox 2108 589 3684 664; baseline 0.003 -22"><span class='ocrx_word' id='word_1_128' title='bbox 2108 589 2314 660; x_wconf 78' lang='grc' dir='ltr'><strong>ταύτης</strong></span> <span class='ocrx_word' id='word_1_129' title='bbox 2351 592 2416 644; x_wconf 83' lang='grc' dir='ltr'>ὲκ</span> <span class='ocrx_word' id='word_1_130' title='bbox 2457 591 2560 661; x_wconf 82' lang='grc' dir='ltr'>τῆς</span> <span class='ocrx_word' id='word_1_131' title='bbox 2591 592 2749 660; x_wconf 81' lang='grc' dir='ltr'><strong>ἁγίας</strong></span> <span class='ocrx_word' id='word_1_132' title='bbox 2791 595 2886 645; x_wconf 72' lang='grc' dir='ltr'>καὶ</span> <span class='ocrx_word' id='word_1_133' title='bbox 2931 594 3311 664; x_wconf 84' lang='grc' dir='ltr'>ἀπειρογάμου</span> <span class='ocrx_word' id='word_1_134' title='bbox 3366 593 3684 664; x_wconf 55' lang='grc' dir='ltr'>Παρθένον</span> 
     </span>
    </p>
   </div>
   <div class='ocr_carea' id='block_1_22' title="bbox 2105 677 3689 761">
    <p class='ocr_par' dir='ltr' id='par_1_22' title="bbox 2105 677 3689 761">
     <span class='ocr_line' id='line_1_22' title="bbox 2105 677 3689 761; baseline 0.003 -27"><span class='ocrx_word' id='word_1_135' title='bbox 2105 681 2223 735; x_wconf 85' lang='grc' dir='ltr'>ἀλλ’</span> <span class='ocrx_word' id='word_1_136' title='bbox 2269 677 2338 754; x_wconf 78' lang='grc' dir='ltr'>ἧν</span> <span class='ocrx_word' id='word_1_137' title='bbox 2381 685 2476 736; x_wconf 60' lang='grc' dir='ltr'><strong>καλ⁵</strong></span> <span class='ocrx_word' id='word_1_138' title='bbox 2517 681 2659 736; x_wconf 79' lang='grc' dir='ltr'>οὕτω</span> <span class='ocrx_word' id='word_1_139' title='bbox 2700 683 2843 736; x_wconf 84' lang='grc' dir='ltr'>κατὰ</span> <span class='ocrx_word' id='word_1_140' title='bbox 2888 684 3050 761; x_wconf 76' lang='grc' dir='ltr'>φύσιν</span> <span class='ocrx_word' id='word_1_141' title='bbox 3091 685 3224 749; x_wconf 87' lang='grc' dir='ltr'>Θεὸς</span> <span class='ocrx_word' id='word_1_142' title='bbox 3262 685 3357 738; x_wconf 75' lang='grc' dir='ltr'>καὶ</span> <span class='ocrx_word' id='word_1_143' title='bbox 3407 684 3502 739; x_wconf 88' lang='grc' dir='ltr'><strong>τοῦ</strong></span> <span class='ocrx_word' id='word_1_144' title='bbox 3552 685 3689 740; x_wconf 87' lang='grc' dir='ltr'>Θεοῦ</span> 
     </span>
    </p>
   </div>
   <div class='ocr_carea' id='block_1_23' title="bbox 2105 771 3690 846">
    <p class='ocr_par' dir='ltr' id='par_1_23' title="bbox 2105 771 3690 846">
     <span class='ocr_line' id='line_1_23' title="bbox 2105 771 3690 846; baseline 0.004 -22"><span class='ocrx_word' id='word_1_145' title='bbox 2105 772 2266 836; x_wconf 85' lang='grc' dir='ltr'>Υἱός·</span> <span class='ocrx_word' id='word_1_146' title='bbox 2319 773 2406 827; x_wconf 85' lang='grc' dir='ltr'><strong>διὰ</strong></span> <span class='ocrx_word' id='word_1_147' title='bbox 2455 773 2661 844; x_wconf 80' lang='grc' dir='ltr'>ταύτην</span> <span class='ocrx_word' id='word_1_148' title='bbox 2704 774 2993 845; x_wconf 82' lang='grc' dir='ltr'><strong>τοιγαροῦν</strong></span> <span class='ocrx_word' id='word_1_149' title='bbox 3041 776 3141 846; x_wconf 76' lang='grc' dir='ltr'><strong>τὴν</strong></span> <span class='ocrx_word' id='word_1_150' title='bbox 3199 777 3380 829; x_wconf 80' lang='grc' dir='ltr'>αἰτίαν</span> <span class='ocrx_word' id='word_1_151' title='bbox 3439 771 3690 831; x_wconf 74' lang='grc' dir='ltr'>καλεῖται</span> 
     </span>
    </p>
   </div>
   <div class='ocr_carea' id='block_1_24' title="bbox 2105 862 3691 934">
    <p class='ocr_par' dir='ltr' id='par_1_24' title="bbox 2105 862 3691 934">
     <span class='ocr_line' id='line_1_24' title="bbox 2105 862 3691 934; baseline 0.004 -17"><span class='ocrx_word' id='word_1_152' title='bbox 2105 865 2198 917; x_wconf 73' lang='grc' dir='ltr'>καὶ</span> <span class='ocrx_word' id='word_1_153' title='bbox 2233 863 2539 934; x_wconf 83' lang='grc' dir='ltr'>ἄνθρωπος,</span> <span class='ocrx_word' id='word_1_154' title='bbox 2566 865 2810 918; x_wconf 89' lang='grc' dir='ltr'>καλεῖται</span> <span class='ocrx_word' id='word_1_155' title='bbox 2837 866 2893 918; x_wconf 82' lang='grc' dir='ltr'>δὲ</span> <span class='ocrx_word' id='word_1_156' title='bbox 2922 867 3015 919; x_wconf 74' lang='grc' dir='ltr'>καὶ</span> <span class='ocrx_word' id='word_1_157' title='bbox 3048 867 3199 931; x_wconf 84' lang='grc' dir='ltr'>Θεὸς,</span> <span class='ocrx_word' id='word_1_158' title='bbox 3233 862 3314 931; x_wconf 88' lang='grc' dir='ltr'><strong>είς</strong></span> <span class='ocrx_word' id='word_1_159' title='bbox 3343 868 3436 919; x_wconf 69' lang='grc' dir='ltr'>καὶ</span> <span class='ocrx_word' id='word_1_160' title='bbox 3469 871 3497 920; x_wconf 90' lang='lat'><strong>6</strong></span> <span class='ocrx_word' id='word_1_161' title='bbox 3526 870 3691 932; x_wconf 76' lang='grc' dir='ltr'>αὐτὸς</span> 
     </span>
    </p>
   </div>
   <div class='ocr_carea' id='block_1_25' title="bbox 2107 957 3525 1032">
    <p class='ocr_par' dir='ltr' id='par_1_25' title="bbox 2107 957 3525 1032">
     <span class='ocr_line' id='line_1_25' title="bbox 2107 957 3525 1032; baseline 0.004 -23"><span class='ocrx_word' id='word_1_162' title='bbox 2107 958 2365 1028; x_wconf 82' lang='grc' dir='ltr'>ὑπάρχων</span> <span class='ocrx_word' id='word_1_163' title='bbox 2394 958 2452 1010; x_wconf 85' lang='grc' dir='ltr'>ὲν</span> <span class='ocrx_word' id='word_1_164' title='bbox 2488 957 2724 1028; x_wconf 71' lang='grc' dir='ltr'>ἑκατέρᾳ</span> <span class='ocrx_word' id='word_1_165' title='bbox 2757 958 3100 1030; x_wconf 78' lang='grc' dir='ltr'>προσηγορίᾳ</span> <span class='ocrx_word' id='word_1_166' title='bbox 3134 959 3525 1032; x_wconf 86' lang='grc' dir='ltr'>Χριστός(1).]</span> 
     </span>
    </p>
   </div>
   <div class='ocr_carea' id='block_1_26' title="bbox 2181 1125 3690 1203">
    <p class='ocr_par' dir='ltr' id='par_1_26' title="bbox 2181 1125 3690 1203">
     <span class='ocr_line' id='line_1_26' title="bbox 2181 1125 3690 1203; baseline 0.002 -19"><span class='ocrx_word' id='word_1_167' title='bbox 2181 1130 2262 1184; x_wconf 85' lang='grc' dir='ltr'>ιδ’.</span> <span class='ocrx_word' id='word_1_168' title='bbox 2303 1130 2426 1184; x_wconf 73' lang='grc' dir='ltr'><strong>Ὀτι</strong></span> <span class='ocrx_word' id='word_1_169' title='bbox 2459 1131 2566 1200; x_wconf 85' lang='grc' dir='ltr'>γὰρ</span> <span class='ocrx_word' id='word_1_170' title='bbox 2595 1129 2695 1183; x_wconf 84' lang='grc' dir='ltr'><strong>οὑκ</strong></span> <span class='ocrx_word' id='word_1_171' title='bbox 2723 1129 3028 1201; x_wconf 78' lang='grc' dir='ltr'>ἄνθρωπον,</span> <span class='ocrx_word' id='word_1_172' title='bbox 3061 1130 3138 1195; x_wconf 83' lang='grc' dir='ltr'>ὡς</span> <span class='ocrx_word' id='word_1_173' title='bbox 3169 1125 3318 1186; x_wconf 78' lang='grc' dir='ltr'>οὗτοι</span> <span class='ocrx_word' id='word_1_174' title='bbox 3360 1133 3690 1203; x_wconf 76' lang='grc' dir='ltr'>μυθολογοῦ-</span> 
     </span>
    </p>
   </div>
   <div class='ocr_carea' id='block_1_27' title="bbox 2109 1220 3688 1297">
    <p class='ocr_par' dir='ltr' id='par_1_27' title="bbox 2109 1220 3688 1297">
     <span class='ocr_line' id='line_1_27' title="bbox 2109 1220 3688 1297; baseline 0.003 -24"><span class='ocrx_word' id='word_1_175' title='bbox 2109 1238 2212 1282; x_wconf 87' lang='grc' dir='ltr'>σιν,</span> <span class='ocrx_word' id='word_1_176' title='bbox 2247 1223 2276 1273; x_wconf 90' lang='lat'><strong>6</strong></span> <span class='ocrx_word' id='word_1_177' title='bbox 2312 1220 2526 1284; x_wconf 82' lang='grc' dir='ltr'>Παῦλος</span> <span class='ocrx_word' id='word_1_178' title='bbox 2555 1223 2822 1293; x_wconf 75' lang='grc' dir='ltr'><strong>ἐκήρυττε</strong></span> <span class='ocrx_word' id='word_1_179' title='bbox 2867 1222 2959 1276; x_wconf 85' lang='grc' dir='ltr'><strong>τὸν</strong></span> <span class='ocrx_word' id='word_1_180' title='bbox 2998 1223 3254 1293; x_wconf 86' lang='grc' dir='ltr'>Χριστὸν,</span> <span class='ocrx_word' id='word_1_181' title='bbox 3288 1224 3453 1278; x_wconf 77' lang='grc' dir='ltr'>ἄκουε</span> <span class='ocrx_word' id='word_1_182' title='bbox 3489 1227 3688 1297; x_wconf 85' lang='grc' dir='ltr'>Κοριν-</span> 
     </span>
    </p>
   </div>
   <div class='ocr_carea' id='block_1_28' title="bbox 2107 1312 3692 1392">
    <p class='ocr_par' dir='ltr' id='par_1_28' title="bbox 2107 1312 3692 1392">
     <span class='ocr_line' id='line_1_28' title="bbox 2107 1312 3692 1392; baseline 0.004 -28"><span class='ocrx_word' id='word_1_183' title='bbox 2107 1312 2242 1374; x_wconf 88' lang='grc' dir='ltr'>θίοις</span> <span class='ocrx_word' id='word_1_184' title='bbox 2274 1312 2682 1376; x_wconf 81' lang='grc' dir='ltr'><strong>ἐπιστέλλοντος</strong></span> <span class='ocrx_word' id='word_1_185' title='bbox 2714 1312 2880 1366; x_wconf 90' lang='grc' dir='ltr'>αὑτοῦ</span> <span class='ocrx_word' id='word_1_186' title='bbox 2928 1315 3024 1367; x_wconf 76' lang='grc' dir='ltr'>καὶ</span> <span class='ocrx_word' id='word_1_187' title='bbox 3071 1314 3354 1383; x_wconf 85' lang='grc' dir='ltr'>λέγοντος·</span> <span class='ocrx_word' id='word_1_188' title='bbox 3395 1336 3414 1368; x_wconf 79' lang='grc' dir='ltr'><strong>ι</strong></span> <span class='ocrx_word' id='word_1_189' title='bbox 3466 1317 3541 1370; x_wconf 90' lang='grc' dir='ltr'>Οὑ</span> <span class='ocrx_word' id='word_1_190' title='bbox 3581 1317 3692 1392; x_wconf 76' lang='grc' dir='ltr'>γὰρ</span> 
     </span>
    </p>
   </div>
   <div class='ocr_carea' id='block_1_29' title="bbox 2107 1401 3689 1478">
    <p class='ocr_par' dir='ltr' id='par_1_29' title="bbox 2107 1401 3689 1478">
     <span class='ocr_line' id='line_1_29' title="bbox 2107 1401 3689 1478; baseline 0.006 -27"><span class='ocrx_word' id='word_1_191' title='bbox 2107 1401 2334 1463; x_wconf 74' lang='grc' dir='ltr'>ἑαυτοὺς</span> <span class='ocrx_word' id='word_1_192' title='bbox 2364 1401 2736 1472; x_wconf 83' lang='grc' dir='ltr'>κηρύσσομεν,</span> <span class='ocrx_word' id='word_1_193' title='bbox 2785 1402 2922 1456; x_wconf 82' lang='grc' dir='ltr'>ἀλλὰ</span> <span class='ocrx_word' id='word_1_194' title='bbox 2961 1403 3170 1474; x_wconf 81' lang='grc' dir='ltr'>Ἰησοῦν</span> <span class='ocrx_word' id='word_1_195' title='bbox 3195 1405 3430 1476; x_wconf 86' lang='grc' dir='ltr'>Χριστὸν</span> <span class='ocrx_word' id='word_1_196' title='bbox 3461 1407 3689 1478; x_wconf 82' lang='grc' dir='ltr'>Κύριον,</span> 
     </span>
    </p>
   </div>
   <div class='ocr_carea' id='block_1_30' title="bbox 2107 1491 3694 1568">
    <p class='ocr_par' dir='ltr' id='par_1_30' title="bbox 2107 1491 3694 1568">
     <span class='ocr_line' id='line_1_30' title="bbox 2107 1491 3694 1568; baseline 0.004 -24"><span class='ocrx_word' id='word_1_197' title='bbox 2107 1492 2330 1553; x_wconf 78' lang='grc' dir='ltr'>ἑαυτοὺς</span> <span class='ocrx_word' id='word_1_198' title='bbox 2358 1492 2415 1544; x_wconf 83' lang='grc' dir='ltr'>δὲ</span> <span class='ocrx_word' id='word_1_199' title='bbox 2463 1491 2683 1556; x_wconf 85' lang='grc' dir='ltr'>δούλους</span> <span class='ocrx_word' id='word_1_200' title='bbox 2723 1493 2876 1563; x_wconf 85' lang='grc' dir='ltr'>ὑμῶν</span> <span class='ocrx_word' id='word_1_201' title='bbox 2921 1493 3007 1547; x_wconf 80' lang='grc' dir='ltr'>διὰ</span> <span class='ocrx_word' id='word_1_202' title='bbox 3054 1494 3285 1563; x_wconf 85' lang='grc' dir='ltr'>Ἰησοῦν.</span> <span class='ocrx_word' id='word_1_203' title='bbox 3323 1514 3344 1547; x_wconf 67' lang='grc' dir='ltr'><em>θ</em></span> <span class='ocrx_word' id='word_1_204' title='bbox 3396 1497 3561 1568; x_wconf 78' lang='grc' dir='ltr'>Ὁρᾷς</span> <span class='ocrx_word' id='word_1_205' title='bbox 3594 1499 3694 1568; x_wconf 82' lang='grc' dir='ltr'><strong>τῆς</strong></span> 
     </span>
    </p>
   </div>
   <div class='ocr_carea' id='block_1_31' title="bbox 2107 1582 3692 1656">
    <p class='ocr_par' dir='ltr' id='par_1_31' title="bbox 2107 1582 3692 1656">
     <span class='ocr_line' id='line_1_31' title="bbox 2107 1582 3692 1656; baseline 0.006 -23"><span class='ocrx_word' id='word_1_206' title='bbox 2107 1582 2475 1652; x_wconf 80' lang='grc' dir='ltr'>ἀποστολικῆς</span> <span class='ocrx_word' id='word_1_207' title='bbox 2517 1583 2739 1653; x_wconf 83' lang='grc' dir='ltr'>γνώμης</span> <span class='ocrx_word' id='word_1_208' title='bbox 2801 1584 2893 1637; x_wconf 90' lang='grc' dir='ltr'><strong>τὸν</strong></span> <span class='ocrx_word' id='word_1_209' title='bbox 2946 1586 3109 1655; x_wconf 84' lang='grc' dir='ltr'>ὅρον;</span> <span class='ocrx_word' id='word_1_210' title='bbox 3176 1588 3383 1656; x_wconf 85' lang='grc' dir='ltr'>Ἰησοῦν</span> <span class='ocrx_word' id='word_1_211' title='bbox 3434 1589 3692 1656; x_wconf 82' lang='grc' dir='ltr'>Χριστὸν,</span> 
     </span>
    </p>
   </div>
   <div class='ocr_carea' id='block_1_32' title="bbox 2107 1674 3688 1752">
    <p class='ocr_par' dir='ltr' id='par_1_32' title="bbox 2107 1674 3688 1752">
     <span class='ocr_line' id='line_1_32' title="bbox 2107 1674 3688 1752; baseline 0.006 -27"><span class='ocrx_word' id='word_1_212' title='bbox 2107 1675 2295 1743; x_wconf 66' lang='grc' dir='ltr'>φησὶν,</span> <span class='ocrx_word' id='word_1_213' title='bbox 2333 1674 2567 1745; x_wconf 82' lang='grc' dir='ltr'>Κύριον’</span> <span class='ocrx_word' id='word_1_214' title='bbox 2623 1677 2849 1740; x_wconf 80' lang='grc' dir='ltr'>ἑαυτοὺς</span> <span class='ocrx_word' id='word_1_215' title='bbox 2917 1677 2974 1729; x_wconf 85' lang='grc' dir='ltr'>δὲ</span> <span class='ocrx_word' id='word_1_216' title='bbox 3024 1677 3244 1742; x_wconf 87' lang='grc' dir='ltr'>δούλους</span> <span class='ocrx_word' id='word_1_217' title='bbox 3311 1681 3688 1752; x_wconf 87' lang='grc' dir='ltr'>κηρύσσομεν.</span> 
     </span>
    </p>
   </div>
   <div class='ocr_carea' id='block_1_33' title="bbox 432 1743 2009 1842">
    <p class='ocr_par' dir='ltr' id='par_1_33' title="bbox 432 1771 1997 1840">
     <span class='ocr_line' id='line_1_33' title="bbox 432 1771 1997 1840; baseline -0.002 -13"><span class='ocrx_word' id='word_1_218' title='bbox 432 1773 707 1827; x_wconf 81' lang='lat' dir='ltr'><strong>Romanos</strong></span> <span class='ocrx_word' id='word_1_219' title='bbox 741 1773 866 1825; x_wconf 86' lang='lat' dir='ltr'><strong>item</strong></span> <span class='ocrx_word' id='word_1_220' title='bbox 902 1771 1141 1826; x_wconf 85' lang='lat' dir='ltr'><strong>scribens</strong></span> <span class='ocrx_word' id='word_1_221' title='bbox 1164 1772 1278 1825; x_wconf 87' lang='lat' dir='ltr'><strong>ait:</strong></span> <span class='ocrx_word' id='word_1_222' title='bbox 1317 1789 1335 1823; x_wconf 77' lang='grc' dir='ltr'><strong>ι</strong></span> <span class='ocrx_word' id='word_1_223' title='bbox 1374 1772 1452 1826; x_wconf 79' lang='lat' dir='ltr'><strong>Ex</strong></span> <span class='ocrx_word' id='word_1_224' title='bbox 1477 1773 1672 1840; x_wconf 90' lang='lat' dir='ltr'><strong>quibus</strong></span> <span class='ocrx_word' id='word_1_225' title='bbox 1703 1773 1997 1827; x_wconf 87' lang='lat' dir='ltr'><strong>secundum</strong></span> 
     </span>
    </p>
   </div>
   <div class='ocr_carea' id='block_1_34' title="bbox 2118 1743 3695 1842">
    <p class='ocr_par' dir='ltr' id='par_1_34' title="bbox 2118 1765 3695 1842">
     <span class='ocr_line' id='line_1_34' title="bbox 2118 1765 3695 1842; baseline 0.006 -25"><span class='ocrx_word' id='word_1_226' title='bbox 2118 1765 2411 1836; x_wconf 80' lang='grc' dir='ltr'>Ῥωμαίοις</span> <span class='ocrx_word' id='word_1_227' title='bbox 2455 1765 2512 1818; x_wconf 81' lang='grc' dir='ltr'>δὲ</span> <span class='ocrx_word' id='word_1_228' title='bbox 2562 1767 2722 1820; x_wconf 86' lang='grc' dir='ltr'>πάλιν</span> <span class='ocrx_word' id='word_1_229' title='bbox 2752 1768 3084 1822; x_wconf 74' lang='grc' dir='ltr'>ἐπιστέλλων</span> <span class='ocrx_word' id='word_1_230' title='bbox 3116 1769 3259 1834; x_wconf 70' lang='grc' dir='ltr'>οὕτω</span> <span class='ocrx_word' id='word_1_231' title='bbox 3295 1774 3493 1842; x_wconf 58' lang='grc' dir='ltr'>φησίν</span> <span class='ocrx_word' id='word_1_232' title='bbox 3535 1791 3554 1824; x_wconf 78' lang='grc' dir='ltr'><strong>ι</strong></span> <span class='ocrx_word' id='word_1_233' title='bbox 3604 1773 3695 1838; x_wconf 76' lang='grc' dir='ltr'><strong>Ἐξ</strong></span> 
     </span>
    </p>
   </div>
   <div class='ocr_carea' id='block_1_35' title="bbox 433 1860 2001 1930">
    <p class='ocr_par' dir='ltr' id='par_1_35' title="bbox 433 1860 2001 1930">
     <span class='ocr_line' id='line_1_35' title="bbox 433 1860 2001 1930; baseline 0.001 -15"><span class='ocrx_word' id='word_1_234' title='bbox 433 1860 952 1925; x_wconf 69' lang='lat' dir='ltr'><strong>earnem‘Christus,</strong></span> <span class='ocrx_word' id='word_1_235' title='bbox 981 1861 1073 1930; x_wconf 90' lang='lat' dir='ltr'><strong>qui</strong></span> <span class='ocrx_word' id='word_1_236' title='bbox 1115 1869 1202 1914; x_wconf 90' lang='lat' dir='ltr'><strong>est</strong></span> <span class='ocrx_word' id='word_1_237' title='bbox 1226 1875 1391 1930; x_wconf 87' lang='lat' dir='ltr'><strong>super</strong></span> <span class='ocrx_word' id='word_1_238' title='bbox 1425 1861 1605 1914; x_wconf 88' lang='lat' dir='ltr'><strong>omnia</strong></span> <span class='ocrx_word' id='word_1_239' title='bbox 1659 1862 1800 1916; x_wconf 89' lang='lat' dir='ltr'><strong>Deus</strong></span> <span class='ocrx_word' id='word_1_240' title='bbox 1837 1861 2001 1916; x_wconf 85' lang='lat' dir='ltr'><strong>bene-</strong></span> 
     </span>
    </p>
   </div>
   <div class='ocr_carea' id='block_1_36' title="bbox 433 1949 2000 2016">
    <p class='ocr_par' dir='ltr' id='par_1_36' title="bbox 433 1949 2000 2016">
     <span class='ocr_line' id='line_1_36' title="bbox 433 1949 2000 2016; baseline -0.003 -11"><span class='ocrx_word' id='word_1_241' title='bbox 433 1953 610 2005; x_wconf 68' lang='lat' dir='ltr'><strong>dictus</strong></span> <span class='ocrx_word' id='word_1_242' title='bbox 634 1950 693 2005; x_wconf 71' lang='lat' dir='ltr'><strong>in</strong></span> <span class='ocrx_word' id='word_1_243' title='bbox 722 1950 939 2006; x_wconf 63' lang='lat' dir='ltr'><strong>saecula.</strong></span> <span class='ocrx_word' id='word_1_244' title='bbox 976 1949 1148 2004; x_wconf 87' lang='lat' dir='ltr'><strong>Amen</strong></span> <span class='ocrx_word' id='word_1_245' title='bbox 1172 1951 1240 2002; x_wconf 81' lang='grc'><strong>⁷⁸.</strong></span> <span class='ocrx_word' id='word_1_246' title='bbox 1281 1967 1302 2001; x_wconf 74' lang='grc' dir='ltr'><strong>ι</strong></span> <span class='ocrx_word' id='word_1_247' title='bbox 1348 1949 1500 2016; x_wconf 86' lang='lat' dir='ltr'><strong>Quod</strong></span> <span class='ocrx_word' id='word_1_248' title='bbox 1536 1949 1580 2004; x_wconf 89' lang='lat' dir='ltr'><strong>si</strong></span> <span class='ocrx_word' id='word_1_249' title='bbox 1611 1949 1687 2003; x_wconf 88' lang='lat' dir='ltr'><strong>uti</strong></span> <span class='ocrx_word' id='word_1_250' title='bbox 1727 1949 2000 2004; x_wconf 84' lang='lat' dir='ltr'><strong>hominem</strong></span> 
     </span>
    </p>
   </div>
   <div class='ocr_carea' id='block_1_37' title="bbox 431 2041 1999 2111">
    <p class='ocr_par' dir='ltr' id='par_1_37' title="bbox 431 2041 1999 2111">
     <span class='ocr_line' id='line_1_37' title="bbox 431 2041 1999 2111; baseline -0.003 -13"><span class='ocrx_word' id='word_1_251' title='bbox 431 2043 709 2098; x_wconf 89' lang='lat' dir='ltr'><strong>Christum</strong></span> <span class='ocrx_word' id='word_1_252' title='bbox 735 2042 1112 2111; x_wconf 89' lang='lat' dir='ltr'><strong>reputavisset,</strong></span> <span class='ocrx_word' id='word_1_253' title='bbox 1143 2042 1432 2096; x_wconf 87' lang='lat' dir='ltr'><strong>dicendum</strong></span> <span class='ocrx_word' id='word_1_254' title='bbox 1469 2043 1536 2096; x_wconf 92' lang='lat' dir='ltr'><strong>ab</strong></span> <span class='ocrx_word' id='word_1_255' title='bbox 1561 2056 1625 2096; x_wconf 88' lang='lat' dir='ltr'><strong>eo</strong></span> <span class='ocrx_word' id='word_1_256' title='bbox 1657 2041 1837 2096; x_wconf 80' lang='lat' dir='ltr'><strong>fuerat</strong></span> <span class='ocrx_word' id='word_1_257' title='bbox 1879 2059 1894 2072; x_wconf 77' lang='grc' dir='ltr'><strong><em>ο</em></strong></span> <span class='ocrx_word' id='word_1_258' title='bbox 1922 2041 1999 2094; x_wconf 76' lang='lat' dir='ltr'><strong>Ex</strong></span> 
     </span>
    </p>
   </div>
   <div class='ocr_carea' id='block_1_38' title="bbox 434 2133 2006 2206">
    <p class='ocr_par' dir='ltr' id='par_1_38' title="bbox 434 2133 2006 2206">
     <span class='ocr_line' id='line_1_38' title="bbox 434 2133 2006 2206; baseline -0.003 -16"><span class='ocrx_word' id='word_1_259' title='bbox 434 2137 631 2206; x_wconf 82' lang='lat' dir='ltr'><strong>quibus</strong></span> <span class='ocrx_word' id='word_1_260' title='bbox 681 2135 975 2190; x_wconf 87' lang='lat' dir='ltr'><strong>secundum</strong></span> <span class='ocrx_word' id='word_1_261' title='bbox 1007 2149 1226 2189; x_wconf 89' lang='lat' dir='ltr'><strong>carnem</strong></span> <span class='ocrx_word' id='word_1_262' title='bbox 1270 2133 1544 2197; x_wconf 88' lang='lat' dir='ltr'><strong>Christus,</strong></span> <span class='ocrx_word' id='word_1_263' title='bbox 1595 2135 1646 2188; x_wconf 89' lang='lat' dir='ltr'><strong>in</strong></span> <span class='ocrx_word' id='word_1_264' title='bbox 1691 2149 1796 2202; x_wconf 91' lang='lat' dir='ltr'><strong>quo</strong></span> <span class='ocrx_word' id='word_1_265' title='bbox 1845 2147 2006 2202; x_wconf 88' lang='lat' dir='ltr'><strong>super</strong></span> 
     </span>
    </p>
   </div>
   <div class='ocr_carea' id='block_1_39' title="bbox 360 2209 2004 2291">
    <p class='ocr_par' dir='ltr' id='par_1_39' title="bbox 360 2209 2004 2291">
     <span class='ocr_line' id='line_1_39' title="bbox 360 2209 2004 2291; baseline -0.002 -8"><span class='ocrx_word' id='word_1_266' title='bbox 360 2209 375 2254; x_wconf 61' lang='grc' dir='ltr'><strong>ί</strong></span> <span class='ocrx_word' id='word_1_267' title='bbox 431 2229 614 2284; x_wconf 88' lang='lat' dir='ltr'><strong>omnia</strong></span> <span class='ocrx_word' id='word_1_268' title='bbox 664 2229 825 2282; x_wconf 90' lang='lat' dir='ltr'><strong>Deus.</strong></span> <span class='ocrx_word' id='word_1_269' title='bbox 862 2226 1014 2282; x_wconf 84' lang='lat' dir='ltr'><strong>Nunc</strong></span> <span class='ocrx_word' id='word_1_270' title='bbox 1052 2241 1178 2281; x_wconf 77' lang='lat' dir='ltr'><strong>vero</strong></span> <span class='ocrx_word' id='word_1_271' title='bbox 1209 2241 1315 2280; x_wconf 92' lang='lat' dir='ltr'><strong>non</strong></span> <span class='ocrx_word' id='word_1_272' title='bbox 1364 2227 1437 2281; x_wconf 87' lang='lat' dir='ltr'><strong>ita</strong></span> <span class='ocrx_word' id='word_1_273' title='bbox 1484 2227 1646 2291; x_wconf 83' lang='lat' dir='ltr'><strong>dixit,</strong></span> <span class='ocrx_word' id='word_1_274' title='bbox 1705 2228 1798 2281; x_wconf 91' lang='lat' dir='ltr'><strong>sed</strong></span> <span class='ocrx_word' id='word_1_275' title='bbox 1840 2229 2004 2281; x_wconf 91' lang='lat' dir='ltr'><strong>Deum</strong></span> 
     </span>
    </p>
   </div>
   <div class='ocr_carea' id='block_1_40' title="bbox 434 2314 2008 2387">
    <p class='ocr_par' dir='ltr' id='par_1_40' title="bbox 434 2314 2008 2387">
     <span class='ocr_line' id='line_1_40' title="bbox 434 2314 2008 2387; baseline -0.003 -15"><span class='ocrx_word' id='word_1_276' title='bbox 434 2333 596 2387; x_wconf 89' lang='lat' dir='ltr'><strong>super</strong></span> <span class='ocrx_word' id='word_1_277' title='bbox 615 2316 796 2372; x_wconf 87' lang='lat' dir='ltr'><strong>omnia</strong></span> <span class='ocrx_word' id='word_1_278' title='bbox 813 2315 1086 2372; x_wconf 90' lang='lat' dir='ltr'><strong>Christum</strong></span> <span class='ocrx_word' id='word_1_279' title='bbox 1118 2331 1308 2385; x_wconf 79' lang='lat' dir='ltr'><strong>magna</strong></span> <span class='ocrx_word' id='word_1_280' title='bbox 1343 2329 1474 2369; x_wconf 88' lang='lat' dir='ltr'><strong>voce</strong></span> <span class='ocrx_word' id='word_1_281' title='bbox 1501 2315 1821 2369; x_wconf 82' lang='lat' dir='ltr'><strong>declaravit.</strong></span> <span class='ocrx_word' id='word_1_282' title='bbox 1848 2314 2008 2386; x_wconf 81' lang='lat' dir='ltr'><strong>[illud</strong></span> 
     </span>
    </p>
   </div>
   <div class='ocr_carea' id='block_1_41' title="bbox 434 2405 2001 2478">
    <p class='ocr_par' dir='ltr' id='par_1_41' title="bbox 434 2405 2001 2478">
     <span class='ocr_line' id='line_1_41' title="bbox 434 2405 2001 2478; baseline -0.003 -15"><span class='ocrx_word' id='word_1_283' title='bbox 434 2409 658 2478; x_wconf 90' lang='lat' dir='ltr'><strong>insuper</strong></span> <span class='ocrx_word' id='word_1_284' title='bbox 695 2407 1126 2471; x_wconf 83' lang='lat' dir='ltr'><strong>consideremus,</strong></span> <span class='ocrx_word' id='word_1_285' title='bbox 1163 2405 1308 2474; x_wconf 91' lang='lat' dir='ltr'><strong>quod</strong></span> <span class='ocrx_word' id='word_1_286' title='bbox 1350 2406 1453 2459; x_wconf 93' lang='lat' dir='ltr'><strong>nisi</strong></span> <span class='ocrx_word' id='word_1_287' title='bbox 1488 2407 1654 2459; x_wconf 86' lang='lat' dir='ltr'><strong>Deum</strong></span> <span class='ocrx_word' id='word_1_288' title='bbox 1686 2421 1793 2459; x_wconf 91' lang='lat' dir='ltr'><strong>una</strong></span> <span class='ocrx_word' id='word_1_289' title='bbox 1821 2413 1876 2459; x_wconf 90' lang='lat' dir='ltr'><strong>et</strong></span> <span class='ocrx_word' id='word_1_290' title='bbox 1903 2407 2001 2460; x_wconf 81' lang='lat' dir='ltr'><strong>ho-</strong></span> 
     </span>
    </p>
   </div>
   <div class='ocr_carea' id='block_1_42' title="bbox 435 2497 2006 2568">
    <p class='ocr_par' dir='ltr' id='par_1_42' title="bbox 435 2497 2006 2568">
     <span class='ocr_line' id='line_1_42' title="bbox 435 2497 2006 2568; baseline -0.001 -14"><span class='ocrx_word' id='word_1_291' title='bbox 435 2501 635 2554; x_wconf 89' lang='lat' dir='ltr'><strong>minem</strong></span> <span class='ocrx_word' id='word_1_292' title='bbox 675 2506 980 2568; x_wconf 84' lang='lat' dir='ltr'><strong>reputasset</strong></span> <span class='ocrx_word' id='word_1_293' title='bbox 1031 2497 1311 2552; x_wconf 89' lang='lat' dir='ltr'><strong>Christum</strong></span> <span class='ocrx_word' id='word_1_294' title='bbox 1368 2497 1522 2551; x_wconf 90' lang='lat' dir='ltr'><strong>divus</strong></span> <span class='ocrx_word' id='word_1_295' title='bbox 1570 2497 1865 2566; x_wconf 82' lang='lat' dir='ltr'><strong>Apostolus</strong></span> <span class='ocrx_word' id='word_1_296' title='bbox 1903 2513 2006 2553; x_wconf 91' lang='lat' dir='ltr'><strong>non</strong></span> 
     </span>
    </p>
   </div>
   <div class='ocr_carea' id='block_1_43' title="bbox 435 2588 2011 2649">
    <p class='ocr_par' dir='ltr' id='par_1_43' title="bbox 435 2588 2011 2649">
     <span class='ocr_line' id='line_1_43' title="bbox 435 2588 2011 2649; baseline -0.002 0"><span class='ocrx_word' id='word_1_297' title='bbox 435 2594 664 2649; x_wconf 77' lang='lat' dir='ltr'><strong>dixisset</strong></span> <span class='ocrx_word' id='word_1_298' title='bbox 687 2610 706 2644; x_wconf 77' lang='grc' dir='ltr'><strong>ι</strong></span> <span class='ocrx_word' id='word_1_299' title='bbox 741 2591 1036 2647; x_wconf 83' lang='lat' dir='ltr'><strong>secundum</strong></span> <span class='ocrx_word' id='word_1_300' title='bbox 1066 2605 1308 2644; x_wconf 89' lang='lat' dir='ltr'><strong>carnem.</strong></span> <span class='ocrx_word' id='word_1_301' title='bbox 1347 2607 1365 2640; x_wconf 74' lang='grc' dir='ltr'><strong>ι</strong></span> <span class='ocrx_word' id='word_1_302' title='bbox 1396 2588 1509 2643; x_wconf 83' lang='lat' dir='ltr'><strong>Hoc</strong></span> <span class='ocrx_word' id='word_1_303' title='bbox 1535 2590 1679 2643; x_wconf 90' lang='lat' dir='ltr'><strong>enim</strong></span> <span class='ocrx_word' id='word_1_304' title='bbox 1718 2590 2011 2646; x_wconf 80' lang='lat' dir='ltr'><strong>manifeste</strong></span> 
     </span>
    </p>
   </div>
   <div class='ocr_carea' id='block_1_44' title="bbox 436 2681 2009 2754">
    <p class='ocr_par' dir='ltr' id='par_1_44' title="bbox 436 2681 2009 2754">
     <span class='ocr_line' id='line_1_44' title="bbox 436 2681 2009 2754; baseline -0.003 -14"><span class='ocrx_word' id='word_1_305' title='bbox 436 2687 503 2741; x_wconf 91' lang='lat' dir='ltr'><strong>de</strong></span> <span class='ocrx_word' id='word_1_306' title='bbox 524 2701 590 2740; x_wconf 91' lang='lat' dir='ltr'><strong>eo</strong></span> <span class='ocrx_word' id='word_1_307' title='bbox 622 2684 711 2754; x_wconf 88' lang='lat' dir='ltr'><strong>qui</strong></span> <span class='ocrx_word' id='word_1_308' title='bbox 740 2697 846 2738; x_wconf 89' lang='lat' dir='ltr'><strong>non</strong></span> <span class='ocrx_word' id='word_1_309' title='bbox 870 2681 1045 2736; x_wconf 86' lang='lat' dir='ltr'><strong>solum</strong></span> <span class='ocrx_word' id='word_1_310' title='bbox 1072 2689 1156 2735; x_wconf 89' lang='lat' dir='ltr'><strong>est</strong></span> <span class='ocrx_word' id='word_1_311' title='bbox 1181 2681 1367 2745; x_wconf 91' lang='lat' dir='ltr'><strong>homo,</strong></span> <span class='ocrx_word' id='word_1_312' title='bbox 1401 2682 1497 2734; x_wconf 87' lang='lat' dir='ltr'><strong>scd</strong></span> <span class='ocrx_word' id='word_1_313' title='bbox 1524 2681 1589 2734; x_wconf 91' lang='lat' dir='ltr'><strong>de</strong></span> <span class='ocrx_word' id='word_1_314' title='bbox 1614 2693 1678 2735; x_wconf 92' lang='lat' dir='ltr'><strong>eo</strong></span> <span class='ocrx_word' id='word_1_315' title='bbox 1705 2682 1794 2749; x_wconf 91' lang='lat' dir='ltr'><strong>qui</strong></span> <span class='ocrx_word' id='word_1_316' title='bbox 1827 2690 1882 2735; x_wconf 93' lang='lat' dir='ltr'><strong>et</strong></span> <span class='ocrx_word' id='word_1_317' title='bbox 1907 2682 2009 2736; x_wconf 89' lang='lat' dir='ltr'><strong>alia</strong></span> 
     </span>
    </p>
   </div>
   <div class='ocr_carea' id='block_1_45' title="bbox 435 2770 2010 2845">
    <p class='ocr_par' dir='ltr' id='par_1_45' title="bbox 435 2770 2010 2845">
     <span class='ocr_line' id='line_1_45' title="bbox 435 2770 2010 2845; baseline -0.001 -17"><span class='ocrx_word' id='word_1_318' title='bbox 435 2775 669 2845; x_wconf 90' lang='lat' dir='ltr'><strong>quadam</strong></span> <span class='ocrx_word' id='word_1_319' title='bbox 693 2771 1012 2827; x_wconf 71' lang='lat' dir='ltr'><strong>substantia:</strong></span> <span class='ocrx_word' id='word_1_320' title='bbox 1048 2770 1258 2824; x_wconf 79' lang='lat' dir='ltr'><strong>ratione</strong></span> <span class='ocrx_word' id='word_1_321' title='bbox 1287 2770 1557 2834; x_wconf 88' lang='lat' dir='ltr'><strong>subsistit,</strong></span> <span class='ocrx_word' id='word_1_322' title='bbox 1588 2771 1821 2838; x_wconf 76' lang='lat' dir='ltr'><strong>dicitur,</strong></span> <span class='ocrx_word' id='word_1_323' title='bbox 1853 2773 2010 2827; x_wconf 88' lang='lat' dir='ltr'><strong>sicuti</strong></span> 
     </span>
    </p>
   </div>
   <div class='ocr_carea' id='block_1_46' title="bbox 437 2860 2016 2936">
    <p class='ocr_par' dir='ltr' id='par_1_46' title="bbox 437 2860 2016 2936">
     <span class='ocr_line' id='line_1_46' title="bbox 437 2860 2016 2936; baseline -0.003 -15"><span class='ocrx_word' id='word_1_324' title='bbox 437 2881 626 2936; x_wconf 89' lang='lat' dir='ltr'><strong>reapse</strong></span> <span class='ocrx_word' id='word_1_325' title='bbox 657 2863 904 2918; x_wconf 87' lang='lat' dir='ltr'><strong>addidit:</strong></span> <span class='ocrx_word' id='word_1_326' title='bbox 929 2878 947 2914; x_wconf 80' lang='grc' dir='ltr'><strong>ι</strong></span> <span class='ocrx_word' id='word_1_327' title='bbox 985 2861 1076 2931; x_wconf 91' lang='lat' dir='ltr'><strong>qui</strong></span> <span class='ocrx_word' id='word_1_328' title='bbox 1107 2870 1190 2916; x_wconf 90' lang='lat' dir='ltr'><strong>est</strong></span> <span class='ocrx_word' id='word_1_329' title='bbox 1216 2875 1378 2930; x_wconf 87' lang='lat' dir='ltr'><strong>super</strong></span> <span class='ocrx_word' id='word_1_330' title='bbox 1399 2861 1578 2915; x_wconf 87' lang='lat' dir='ltr'><strong>omnia</strong></span> <span class='ocrx_word' id='word_1_331' title='bbox 1598 2860 1794 2918; x_wconf 62' lang='lat' dir='ltr'><strong>Deus.»</strong></span> <span class='ocrx_word' id='word_1_332' title='bbox 1827 2863 2016 2932; x_wconf 89' lang='lat' dir='ltr'><strong>Dupli-</strong></span> 
     </span>
    </p>
   </div>
   <div class='ocr_carea' id='block_1_47' title="bbox 437 2950 2016 3022">
    <p class='ocr_par' dir='ltr' id='par_1_47' title="bbox 437 2950 2016 3022">
     <span class='ocr_line' id='line_1_47' title="bbox 437 2950 2016 3022; baseline -0.003 -10"><span class='ocrx_word' id='word_1_333' title='bbox 437 2971 554 3012; x_wconf 93' lang='lat' dir='ltr'><strong>cem</strong></span> <span class='ocrx_word' id='word_1_334' title='bbox 580 2954 790 3010; x_wconf 86' lang='lat' dir='ltr'><strong>scilicet</strong></span> <span class='ocrx_word' id='word_1_335' title='bbox 825 2952 928 3007; x_wconf 91' lang='lat' dir='ltr'><strong>hoc</strong></span> <span class='ocrx_word' id='word_1_336' title='bbox 955 2953 1075 3007; x_wconf 92' lang='lat' dir='ltr'><strong>loco</strong></span> <span class='ocrx_word' id='word_1_337' title='bbox 1121 2951 1205 3004; x_wconf 91' lang='lat' dir='ltr'><strong>de.</strong></span> <span class='ocrx_word' id='word_1_338' title='bbox 1235 2950 1531 3007; x_wconf 86' lang='lat' dir='ltr'><strong>Servatore</strong></span> <span class='ocrx_word' id='word_1_339' title='bbox 1571 2961 1761 3007; x_wconf 90' lang='lat' dir='ltr'><strong>nostro</strong></span> <span class='ocrx_word' id='word_1_340' title='bbox 1791 2953 2016 3022; x_wconf 85' lang='lat' dir='ltr'><strong>protulit</strong></span> 
     </span>
    </p>
   </div>
   <div class='ocr_carea' id='block_1_48' title="bbox 436 3042 2082 3139">
    <p class='ocr_par' dir='ltr' id='par_1_48' title="bbox 436 3042 2082 3139">
     <span class='ocr_line' id='line_1_48' title="bbox 436 3042 2082 3139; baseline -0.002 -38"><span class='ocrx_word' id='word_1_341' title='bbox 436 3046 853 3108; x_wconf 77' lang='lat' dir='ltr'><strong>confessionem,</strong></span> <span class='ocrx_word' id='word_1_342' title='bbox 885 3052 934 3098; x_wconf 87' lang='lat' dir='ltr'><strong>et</strong></span> <span class='ocrx_word' id='word_1_343' title='bbox 964 3042 1093 3110; x_wconf 90' lang='lat' dir='ltr'><strong>quid</strong></span> <span class='ocrx_word' id='word_1_344' title='bbox 1115 3042 1186 3096; x_wconf 90' lang='lat' dir='ltr'><strong>sit</strong></span> <span class='ocrx_word' id='word_1_345' title='bbox 1214 3043 1513 3096; x_wconf 84' lang='lat' dir='ltr'><strong>secundum</strong></span> <span class='ocrx_word' id='word_1_346' title='bbox 1541 3059 1766 3099; x_wconf 82' lang='lat' dir='ltr'><strong>carnem</strong></span> <span class='ocrx_word' id='word_1_347' title='bbox 1785 3044 2013 3099; x_wconf 79' lang='lat' dir='ltr'><strong>demon-</strong></span> <span class='ocrx_word' id='word_1_348' title='bbox 2040 3083 2082 3139; x_wconf 62' lang='grc' dir='ltr'>α</span> 
     </span>
    </p>
   </div>
   <div class='ocr_carea' id='block_1_49' title="bbox 436 3130 2007 3203">
    <p class='ocr_par' dir='ltr' id='par_1_49' title="bbox 436 3130 2007 3203">
     <span class='ocr_line' id='line_1_49' title="bbox 436 3130 2007 3203; baseline -0.003 -9"><span class='ocrx_word' id='word_1_349' title='bbox 436 3150 640 3202; x_wconf 85' lang='lat' dir='ltr'><strong>strans,</strong></span> <span class='ocrx_word' id='word_1_350' title='bbox 672 3145 727 3192; x_wconf 93' lang='lat' dir='ltr'><strong>et</strong></span> <span class='ocrx_word' id='word_1_351' title='bbox 751 3135 911 3190; x_wconf 86' lang='lat' dir='ltr'><strong>simul</strong></span> <span class='ocrx_word' id='word_1_352' title='bbox 943 3132 1111 3197; x_wconf 85' lang='lat' dir='ltr'><strong>Deum</strong></span> <span class='ocrx_word' id='word_1_353' title='bbox 1148 3130 1496 3203; x_wconf 59' lang='lat' dir='ltr'><strong>praedicans]</strong></span> <span class='ocrx_word' id='word_1_354' title='bbox 1523 3131 1660 3187; x_wconf 79' lang='lat' dir='ltr'><strong>Nam</strong></span> <span class='ocrx_word' id='word_1_355' title='bbox 1696 3149 1790 3189; x_wconf 82' lang='lat' dir='ltr'><strong>rex</strong></span> <span class='ocrx_word' id='word_1_356' title='bbox 1831 3144 2007 3190; x_wconf 78' lang='lat' dir='ltr'><strong>terre-</strong></span> 
     </span>
    </p>
   </div>
   <div class='ocr_carea' id='block_1_50' title="bbox 439 3222 2012 3294">
    <p class='ocr_par' dir='ltr' id='par_1_50' title="bbox 439 3222 2012 3294">
     <span class='ocr_line' id='line_1_50' title="bbox 439 3222 2012 3294; baseline -0.004 -9"><span class='ocrx_word' id='word_1_357' title='bbox 439 3246 564 3294; x_wconf 91' lang='lat' dir='ltr'><strong>nus,</strong></span> <span class='ocrx_word' id='word_1_358' title='bbox 596 3231 641 3283; x_wconf 87' lang='lat' dir='ltr'><strong>si</strong></span> <span class='ocrx_word' id='word_1_359' title='bbox 674 3227 817 3281; x_wconf 83' lang='lat' dir='ltr'><strong>forte</strong></span> <span class='ocrx_word' id='word_1_360' title='bbox 865 3223 1159 3293; x_wconf 84' lang='lat' dir='ltr'><strong>aliquando</strong></span> <span class='ocrx_word' id='word_1_361' title='bbox 1219 3222 1271 3276; x_wconf 91' lang='lat' dir='ltr'><strong>in</strong></span> <span class='ocrx_word' id='word_1_362' title='bbox 1306 3223 1546 3277; x_wconf 87' lang='lat' dir='ltr'><strong>consulis</strong></span> <span class='ocrx_word' id='word_1_363' title='bbox 1589 3223 1758 3293; x_wconf 85' lang='lat' dir='ltr'><strong>ﬁgura</strong></span> <span class='ocrx_word' id='word_1_364' title='bbox 1794 3225 2012 3291; x_wconf 88' lang='lat' dir='ltr'><strong>prodire</strong></span> 
     </span>
    </p>
   </div>
   <div class='ocr_carea' id='block_1_51' title="bbox 441 3312 2008 3383">
    <p class='ocr_par' dir='ltr' id='par_1_51' title="bbox 441 3312 2008 3383">
     <span class='ocr_line' id='line_1_51' title="bbox 441 3312 2008 3383; baseline -0.001 -11"><span class='ocrx_word' id='word_1_365' title='bbox 441 3320 590 3383; x_wconf 87' lang='lat' dir='ltr'><strong>velit,</strong></span> <span class='ocrx_word' id='word_1_366' title='bbox 618 3333 726 3372; x_wconf 88' lang='lat' dir='ltr'><strong>non</strong></span> <span class='ocrx_word' id='word_1_367' title='bbox 761 3315 964 3371; x_wconf 89' lang='lat' dir='ltr'><strong>idcirco</strong></span> <span class='ocrx_word' id='word_1_368' title='bbox 993 3330 1086 3369; x_wconf 85' lang='lat' dir='ltr'><strong>rex</strong></span> <span class='ocrx_word' id='word_1_369' title='bbox 1113 3328 1234 3369; x_wconf 88' lang='lat' dir='ltr'><strong>esse</strong></span> <span class='ocrx_word' id='word_1_370' title='bbox 1263 3312 1498 3376; x_wconf 87' lang='lat' dir='ltr'><strong>desinit,</strong></span> <span class='ocrx_word' id='word_1_371' title='bbox 1546 3329 1724 3383; x_wconf 90' lang='lat' dir='ltr'><strong>neque</strong></span> <span class='ocrx_word' id='word_1_372' title='bbox 1769 3316 2008 3383; x_wconf 88' lang='lat' dir='ltr'><strong>priorem</strong></span> 
     </span>
    </p>
   </div>
   <div class='ocr_carea' id='block_1_52' title="bbox 441 3404 2012 3480">
    <p class='ocr_par' dir='ltr' id='par_1_52' title="bbox 441 3404 2012 3480">
     <span class='ocr_line' id='line_1_52' title="bbox 441 3404 2012 3480; baseline -0.007 -16"><span class='ocrx_word' id='word_1_373' title='bbox 441 3411 758 3480; x_wconf 90' lang='lat' dir='ltr'><strong>dignitatem</strong></span> <span class='ocrx_word' id='word_1_374' title='bbox 792 3405 1012 3470; x_wconf 90' lang='lat' dir='ltr'><strong>amittit,</strong></span> <span class='ocrx_word' id='word_1_375' title='bbox 1051 3404 1145 3460; x_wconf 90' lang='lat' dir='ltr'><strong>sed</strong></span> <span class='ocrx_word' id='word_1_376' title='bbox 1191 3419 1331 3459; x_wconf 88' lang='lat' dir='ltr'><strong>unus</strong></span> <span class='ocrx_word' id='word_1_377' title='bbox 1361 3404 1610 3474; x_wconf 91' lang='lat' dir='ltr'><strong>idemque</strong></span> <span class='ocrx_word' id='word_1_378' title='bbox 1662 3413 1768 3471; x_wconf 89' lang='lat' dir='ltr'><strong>est,</strong></span> <span class='ocrx_word' id='word_1_379' title='bbox 1816 3415 2012 3476; x_wconf 67' lang='lat' dir='ltr'><strong>praeter</strong></span> 
     </span>
    </p>
   </div>
   <div class='ocr_carea' id='block_1_53' title="bbox 443 3495 2013 3570">
    <p class='ocr_par' dir='ltr' id='par_1_53' title="bbox 443 3495 2013 3570">
     <span class='ocr_line' id='line_1_53' title="bbox 443 3495 2013 3570; baseline -0.001 -15"><span class='ocrx_word' id='word_1_380' title='bbox 443 3501 648 3570; x_wconf 84' lang='lat' dir='ltr'><strong>regiam</strong></span> <span class='ocrx_word' id='word_1_381' title='bbox 699 3496 1040 3552; x_wconf 87' lang='lat' dir='ltr'><strong>consularem</strong></span> <span class='ocrx_word' id='word_1_382' title='bbox 1072 3509 1290 3564; x_wconf 89' lang='lat' dir='ltr'><strong>quoque</strong></span> <span class='ocrx_word' id='word_1_383' title='bbox 1322 3495 1638 3564; x_wconf 90' lang='lat' dir='ltr'><strong>dignitatem</strong></span> <span class='ocrx_word' id='word_1_384' title='bbox 1671 3497 1878 3552; x_wconf 86' lang='lat' dir='ltr'><strong>habens</strong></span> <span class='ocrx_word' id='word_1_385' title='bbox 1909 3516 1924 3554; x_wconf 90' lang='lat'><strong>:</strong></span> <span class='ocrx_word' id='word_1_386' title='bbox 1958 3507 2013 3554; x_wconf 91' lang='lat' dir='ltr'><strong>et</strong></span> 
     </span>
    </p>
   </div>
   <div class='ocr_carea' id='block_1_54' title="bbox 441 3585 2013 3660">
    <p class='ocr_par' dir='ltr' id='par_1_54' title="bbox 441 3585 2013 3660">
     <span class='ocr_line' id='line_1_54' title="bbox 441 3585 2013 3660; baseline -0.002 -13"><span class='ocrx_word' id='word_1_387' title='bbox 441 3593 487 3647; x_wconf 88' lang='lat' dir='ltr'><strong>si</strong></span> <span class='ocrx_word' id='word_1_388' title='bbox 518 3588 782 3660; x_wconf 87' lang='lat' dir='ltr'><strong>quispiam</strong></span> <span class='ocrx_word' id='word_1_389' title='bbox 823 3587 966 3642; x_wconf 89' lang='lat' dir='ltr'><strong>hunc</strong></span> <span class='ocrx_word' id='word_1_390' title='bbox 995 3585 1188 3658; x_wconf 60' lang='grc' dir='ltr'>ιᾷωι</span> <span class='ocrx_word' id='word_1_391' title='bbox 1223 3601 1404 3657; x_wconf 82' lang='lat' dir='ltr'><strong>regem</strong></span> <span class='ocrx_word' id='word_1_392' title='bbox 1446 3587 1708 3652; x_wconf 90' lang='lat' dir='ltr'><strong>nominet,</strong></span> <span class='ocrx_word' id='word_1_393' title='bbox 1750 3589 1900 3643; x_wconf 87' lang='lat' dir='ltr'><strong>novit</strong></span> <span class='ocrx_word' id='word_1_394' title='bbox 1939 3589 2013 3645; x_wconf 88' lang='lat' dir='ltr'><strong>si-</strong></span> 
     </span>
    </p>
   </div>
   <div class='ocr_carea' id='block_1_55' title="bbox 441 3677 2008 3747">
    <p class='ocr_par' dir='ltr' id='par_1_55' title="bbox 441 3677 2008 3747">
     <span class='ocr_line' id='line_1_55' title="bbox 441 3677 2008 3747; baseline -0.001 -10"><span class='ocrx_word' id='word_1_395' title='bbox 441 3681 554 3737; x_wconf 88' lang='lat' dir='ltr'><strong>mul</strong></span> <span class='ocrx_word' id='word_1_396' title='bbox 589 3680 836 3734; x_wconf 89' lang='lat' dir='ltr'><strong>eumdem</strong></span> <span class='ocrx_word' id='word_1_397' title='bbox 892 3693 1014 3734; x_wconf 87' lang='lat' dir='ltr'><strong>esse</strong></span> <span class='ocrx_word' id='word_1_398' title='bbox 1060 3680 1151 3747; x_wconf 89' lang='lat' dir='ltr'><strong>qui</strong></span> <span class='ocrx_word' id='word_1_399' title='bbox 1200 3677 1441 3733; x_wconf 89' lang='lat' dir='ltr'><strong>consulis</strong></span> <span class='ocrx_word' id='word_1_400' title='bbox 1500 3678 1684 3732; x_wconf 88' lang='lat' dir='ltr'><strong>habitu</strong></span> <span class='ocrx_word' id='word_1_401' title='bbox 1729 3691 1956 3736; x_wconf 87' lang='lat' dir='ltr'><strong>ornatur</strong></span> <span class='ocrx_word' id='word_1_402' title='bbox 1993 3698 2008 3735; x_wconf 89' lang='lat'><strong>:</strong></span> 
     </span>
    </p>
   </div>
   <div class='ocr_carea' id='block_1_56' title="bbox 442 3768 2012 3840">
    <p class='ocr_par' dir='ltr' id='par_1_56' title="bbox 442 3768 2012 3840">
     <span class='ocr_line' id='line_1_56' title="bbox 442 3768 2012 3840; baseline 0.001 -16"><span class='ocrx_word' id='word_1_403' title='bbox 442 3774 791 3840; x_wconf 84' lang='lat' dir='ltr'><strong>vicissimque</strong></span> <span class='ocrx_word' id='word_1_404' title='bbox 825 3769 870 3825; x_wconf 88' lang='lat' dir='ltr'><strong>si</strong></span> <span class='ocrx_word' id='word_1_405' title='bbox 917 3769 1194 3824; x_wconf 89' lang='lat' dir='ltr'><strong>consulem</strong></span> <span class='ocrx_word' id='word_1_406' title='bbox 1245 3769 1418 3837; x_wconf 88' lang='lat' dir='ltr'><strong>ipsum</strong></span> <span class='ocrx_word' id='word_1_407' title='bbox 1461 3768 1849 3838; x_wconf 90' lang='lat' dir='ltr'><strong>appellaverit,</strong></span> <span class='ocrx_word' id='word_1_408' title='bbox 1901 3787 2012 3826; x_wconf 87' lang='lat' dir='ltr'><strong>non</strong></span> 
     </span>
    </p>
   </div>
   <div class='ocr_carea' id='block_1_57' title="bbox 444 3858 2013 3934">
    <p class='ocr_par' dir='ltr' id='par_1_57' title="bbox 444 3858 2013 3934">
     <span class='ocr_line' id='line_1_57' title="bbox 444 3858 2013 3934; baseline 0.001 -17"><span class='ocrx_word' id='word_1_409' title='bbox 444 3865 660 3934; x_wconf 77' lang='lat' dir='ltr'><strong>ignorat</strong></span> <span class='ocrx_word' id='word_1_410' title='bbox 714 3862 860 3916; x_wconf 88' lang='lat' dir='ltr'><strong>hunc</strong></span> <span class='ocrx_word' id='word_1_411' title='bbox 914 3858 1165 3914; x_wconf 89' lang='lat' dir='ltr'><strong>eumdem</strong></span> <span class='ocrx_word' id='word_1_412' title='bbox 1203 3872 1322 3913; x_wconf 88' lang='lat' dir='ltr'><strong>esse</strong></span> <span class='ocrx_word' id='word_1_413' title='bbox 1375 3873 1577 3928; x_wconf 81' lang='lat' dir='ltr'><strong>regem.</strong></span> <span class='ocrx_word' id='word_1_414' title='bbox 1616 3858 1707 3913; x_wconf 89' lang='lat' dir='ltr'><strong>Sic</strong></span> <span class='ocrx_word' id='word_1_415' title='bbox 1753 3859 2013 3918; x_wconf 87' lang='lat' dir='ltr'><strong>Dominus</strong></span> 
     </span>
    </p>
   </div>
   <div class='ocr_carea' id='block_1_58' title="bbox 444 3948 2012 4019">
    <p class='ocr_par' dir='ltr' id='par_1_58' title="bbox 444 3948 2012 4019">
     <span class='ocr_line' id='line_1_58' title="bbox 444 3948 2012 4019; baseline -0.001 -9"><span class='ocrx_word' id='word_1_416' title='bbox 444 3963 629 4010; x_wconf 89' lang='lat' dir='ltr'><strong>noster</strong></span> <span class='ocrx_word' id='word_1_417' title='bbox 656 3952 819 4008; x_wconf 82' lang='lat' dir='ltr'><strong>Jesus</strong></span> <span class='ocrx_word' id='word_1_418' title='bbox 849 3950 1106 4007; x_wconf 90' lang='lat' dir='ltr'><strong>Christus</strong></span> <span class='ocrx_word' id='word_1_419' title='bbox 1128 3959 1247 4003; x_wconf 91' lang='lat' dir='ltr'><strong>erat</strong></span> <span class='ocrx_word' id='word_1_420' title='bbox 1278 3949 1496 4019; x_wconf 81' lang='lat' dir='ltr'><strong>quidem</strong></span> <span class='ocrx_word' id='word_1_421' title='bbox 1526 3948 1621 4004; x_wconf 92' lang='lat' dir='ltr'><strong>Dei</strong></span> <span class='ocrx_word' id='word_1_422' title='bbox 1651 3952 2012 4017; x_wconf 85' lang='lat' dir='ltr'><strong>sempiternus</strong></span> 
     </span>
    </p>
   </div>
   <div class='ocr_carea' id='block_1_59' title="bbox 442 4041 2011 4113">
    <p class='ocr_par' dir='ltr' id='par_1_59' title="bbox 442 4041 2011 4113">
     <span class='ocr_line' id='line_1_59' title="bbox 442 4041 2011 4113; baseline -0.004 -9"><span class='ocrx_word' id='word_1_423' title='bbox 442 4047 630 4113; x_wconf 85' lang='lat' dir='ltr'><strong>Filius,</strong></span> <span class='ocrx_word' id='word_1_424' title='bbox 684 4044 826 4100; x_wconf 89' lang='lat' dir='ltr'><strong>Deus</strong></span> <span class='ocrx_word' id='word_1_425' title='bbox 897 4057 1058 4098; x_wconf 88' lang='lat' dir='ltr'><strong>verus</strong></span> <span class='ocrx_word' id='word_1_426' title='bbox 1107 4041 1415 4107; x_wconf 83' lang='lat' dir='ltr'><strong>exsistens;</strong></span> <span class='ocrx_word' id='word_1_427' title='bbox 1491 4051 1762 4111; x_wconf 88' lang='lat' dir='ltr'><strong>assumpta</strong></span> <span class='ocrx_word' id='word_1_428' title='bbox 1830 4052 2011 4099; x_wconf 87' lang='lat' dir='ltr'><strong>autem</strong></span> 
     </span>
    </p>
   </div>
   <div class='ocr_carea' id='block_1_60' title="bbox 442 4134 2012 4212">
    <p class='ocr_par' dir='ltr' id='par_1_60' title="bbox 442 4134 2012 4212">
     <span class='ocr_line' id='line_1_60' title="bbox 442 4134 2012 4212; baseline -0.005 -16"><span class='ocrx_word' id='word_1_429' title='bbox 442 4139 729 4212; x_wconf 89' lang='lat' dir='ltr'><strong>postremis</strong></span> <span class='ocrx_word' id='word_1_430' title='bbox 751 4137 1080 4207; x_wconf 88' lang='lat' dir='ltr'><strong>temporibus</strong></span> <span class='ocrx_word' id='word_1_431' title='bbox 1098 4135 1259 4190; x_wconf 91' lang='lat' dir='ltr'><strong>etiam</strong></span> <span class='ocrx_word' id='word_1_432' title='bbox 1283 4134 1646 4199; x_wconf 84' lang='lat' dir='ltr'><strong>humanitate,</strong></span> <span class='ocrx_word' id='word_1_433' title='bbox 1663 4150 1799 4189; x_wconf 77' lang='lat' dir='ltr'><strong>uatis</strong></span> <span class='ocrx_word' id='word_1_434' title='bbox 1839 4135 2012 4190; x_wconf 91' lang='lat' dir='ltr'><strong>idem-</strong></span> 
     </span>
    </p>
   </div>
   <div class='ocr_carea' id='block_1_61' title="bbox 443 4226 2012 4302">
    <p class='ocr_par' dir='ltr' id='par_1_61' title="bbox 443 4226 2012 4302">
     <span class='ocr_line' id='line_1_61' title="bbox 443 4226 2012 4302; baseline -0.001 -18"><span class='ocrx_word' id='word_1_435' title='bbox 443 4246 548 4302; x_wconf 87' lang='lat' dir='ltr'><strong>que</strong></span> <span class='ocrx_word' id='word_1_436' title='bbox 581 4241 685 4302; x_wconf 89' lang='lat' dir='ltr'><strong>est,</strong></span> <span class='ocrx_word' id='word_1_437' title='bbox 711 4229 825 4286; x_wconf 83' lang='lat' dir='ltr'><strong>sive</strong></span> <span class='ocrx_word' id='word_1_438' title='bbox 857 4228 1021 4298; x_wconf 87' lang='lat' dir='ltr'><strong>Deus,</strong></span> <span class='ocrx_word' id='word_1_439' title='bbox 1070 4229 1187 4284; x_wconf 86' lang='lat' dir='ltr'><strong>sive</strong></span> <span class='ocrx_word' id='word_1_440' title='bbox 1226 4229 1410 4294; x_wconf 90' lang='lat' dir='ltr'><strong>homo,</strong></span> <span class='ocrx_word' id='word_1_441' title='bbox 1454 4227 1570 4284; x_wconf 88' lang='lat' dir='ltr'><strong>sive</strong></span> <span class='ocrx_word' id='word_1_442' title='bbox 1620 4226 1779 4284; x_wconf 83' lang='lat' dir='ltr'><strong>Jesus</strong></span> <span class='ocrx_word' id='word_1_443' title='bbox 1824 4229 2012 4300; x_wconf 84' lang='lat' dir='ltr'><strong>appel-</strong></span> 
     </span>
    </p>
   </div>
   <div class='ocr_carea' id='block_1_62' title="bbox 445 4324 607 4378">
    <p class='ocr_par' dir='ltr' id='par_1_62' title="bbox 445 4324 607 4378">
     <span class='ocr_line' id='line_1_62' title="bbox 445 4324 607 4378; baseline -0.006 0"><span class='ocrx_word' id='word_1_444' title='bbox 445 4324 607 4378; x_wconf 88' lang='lat' dir='ltr'><strong>letur.</strong></span> 
     </span>
    </p>
   </div>
   <div class='ocr_carea' id='block_1_63' title="bbox 2103 1849 3696 1930">
    <p class='ocr_par' dir='ltr' id='par_1_63' title="bbox 2103 1849 3696 1930">
     <span class='ocr_line' id='line_1_63' title="bbox 2103 1849 3696 1930; baseline 0.006 -22"><span class='ocrx_word' id='word_1_445' title='bbox 2103 1849 2176 1909; x_wconf 81' lang='grc' dir='ltr'><strong>ὧν</strong></span> <span class='ocrx_word' id='word_1_446' title='bbox 2209 1858 2236 1909; x_wconf 97' lang='lat'><strong>6</strong></span> <span class='ocrx_word' id='word_1_447' title='bbox 2267 1857 2497 1927; x_wconf 77' lang='grc' dir='ltr'>Χριστὸς</span> <span class='ocrx_word' id='word_1_448' title='bbox 2526 1858 2584 1910; x_wconf 83' lang='grc' dir='ltr'><strong>τὸ</strong></span> <span class='ocrx_word' id='word_1_449' title='bbox 2633 1858 2774 1912; x_wconf 84' lang='grc' dir='ltr'>κατὰ</span> <span class='ocrx_word' id='word_1_450' title='bbox 2809 1861 3008 1930; x_wconf 85' lang='grc' dir='ltr'>σάρκα,</span> <span class='ocrx_word' id='word_1_451' title='bbox 3043 1863 3070 1913; x_wconf 89' lang='lat'><strong>6</strong></span> <span class='ocrx_word' id='word_1_452' title='bbox 3100 1860 3174 1914; x_wconf 83' lang='grc' dir='ltr'>ὢν</span> <span class='ocrx_word' id='word_1_453' title='bbox 3203 1863 3296 1915; x_wconf 73' lang='grc' dir='ltr'><strong>ἐπὶ</strong></span> <span class='ocrx_word' id='word_1_454' title='bbox 3327 1865 3543 1917; x_wconf 86' lang='grc' dir='ltr'>πάντων</span> <span class='ocrx_word' id='word_1_455' title='bbox 3565 1865 3696 1929; x_wconf 80' lang='grc' dir='ltr'>Θεὸς</span> 
     </span>
    </p>
   </div>
   <div class='ocr_carea' id='block_1_64' title="bbox 2106 1945 3697 2024">
    <p class='ocr_par' dir='ltr' id='par_1_64' title="bbox 2106 1945 3697 2024">
     <span class='ocr_line' id='line_1_64' title="bbox 2106 1945 3697 2024; baseline 0.007 -27"><span class='ocrx_word' id='word_1_456' title='bbox 2106 1945 2402 2015; x_wconf 84' lang='grc' dir='ltr'>εὐλογητὸς</span> <span class='ocrx_word' id='word_1_457' title='bbox 2441 1949 2522 2009; x_wconf 89' lang='grc' dir='ltr'><strong>εἰς</strong></span> <span class='ocrx_word' id='word_1_458' title='bbox 2561 1949 2689 2011; x_wconf 76' lang='grc' dir='ltr'>τοὺς</span> <span class='ocrx_word' id='word_1_459' title='bbox 2735 1949 2938 2012; x_wconf 85' lang='grc' dir='ltr'>αἰῶνας</span> <span class='ocrx_word' id='word_1_460' title='bbox 2963 1967 2975 1980; x_wconf 90' lang='grc'><strong>·</strong></span> <span class='ocrx_word' id='word_1_461' title='bbox 3013 1952 3180 2021; x_wconf 85' lang='grc' dir='ltr'>ἀμήν.</span> <span class='ocrx_word' id='word_1_462' title='bbox 3224 1972 3248 2012; x_wconf 73' lang='grc' dir='ltr'><strong>ι</strong></span> <span class='ocrx_word' id='word_1_463' title='bbox 3283 1954 3344 2005; x_wconf 90' lang='grc' dir='ltr'><strong>Εί</strong></span> <span class='ocrx_word' id='word_1_464' title='bbox 3379 1954 3432 2006; x_wconf 86' lang='grc' dir='ltr'>δὲ</span> <span class='ocrx_word' id='word_1_465' title='bbox 3484 1955 3697 2024; x_wconf 82' lang='grc' dir='ltr'>ἄνθρω-</span> 
     </span>
    </p>
   </div>
   <div class='ocr_carea' id='block_1_65' title="bbox 2106 2034 3697 2117">
    <p class='ocr_par' dir='ltr' id='par_1_65' title="bbox 2106 2034 3697 2117">
     <span class='ocr_line' id='line_1_65' title="bbox 2106 2034 3697 2117; baseline 0.009 -31"><span class='ocrx_word' id='word_1_466' title='bbox 2106 2052 2205 2087; x_wconf 92' lang='grc' dir='ltr'><strong>πον</strong></span> <span class='ocrx_word' id='word_1_467' title='bbox 2237 2034 2502 2104; x_wconf 72' lang='grc' dir='ltr'>ἠπίστατο</span> <span class='ocrx_word' id='word_1_468' title='bbox 2530 2037 2621 2090; x_wconf 81' lang='grc' dir='ltr'><strong>τὸν</strong></span> <span class='ocrx_word' id='word_1_469' title='bbox 2649 2040 2902 2110; x_wconf 85' lang='grc' dir='ltr'>Χριστὸν,</span> <span class='ocrx_word' id='word_1_470' title='bbox 2931 2039 3035 2093; x_wconf 77' lang='grc' dir='ltr'>ἔδει</span> <span class='ocrx_word' id='word_1_471' title='bbox 3066 2043 3268 2110; x_wconf 88' lang='grc' dir='ltr'>λέγειν,</span> <span class='ocrx_word' id='word_1_472' title='bbox 3301 2045 3386 2110; x_wconf 80' lang='grc' dir='ltr'>Ἐξ</span> <span class='ocrx_word' id='word_1_473' title='bbox 3400 2041 3472 2098; x_wconf 80' lang='grc' dir='ltr'>ὧν</span> <span class='ocrx_word' id='word_1_474' title='bbox 3502 2047 3530 2098; x_wconf 92' lang='lat'><strong>6</strong></span> <span class='ocrx_word' id='word_1_475' title='bbox 3560 2048 3697 2117; x_wconf 86' lang='grc' dir='ltr'>Χρι-</span> 
     </span>
    </p>
   </div>
   <div class='ocr_carea' id='block_1_66' title="bbox 2108 2122 3694 2199">
    <p class='ocr_par' dir='ltr' id='par_1_66' title="bbox 2108 2122 3694 2199">
     <span class='ocr_line' id='line_1_66' title="bbox 2108 2122 3694 2199; baseline 0.008 -22"><span class='ocrx_word' id='word_1_476' title='bbox 2108 2125 2230 2186; x_wconf 82' lang='grc' dir='ltr'>στὸς</span> <span class='ocrx_word' id='word_1_477' title='bbox 2259 2126 2320 2177; x_wconf 88' lang='grc' dir='ltr'><strong>τὸ</strong></span> <span class='ocrx_word' id='word_1_478' title='bbox 2357 2127 2496 2179; x_wconf 78' lang='grc' dir='ltr'>κατὰ</span> <span class='ocrx_word' id='word_1_479' title='bbox 2530 2128 2728 2197; x_wconf 84' lang='grc' dir='ltr'>σάρκα,</span> <span class='ocrx_word' id='word_1_480' title='bbox 2768 2130 2825 2181; x_wconf 85' lang='grc' dir='ltr'>ὲν</span> <span class='ocrx_word' id='word_1_481' title='bbox 2865 2122 2909 2196; x_wconf 76' lang='grc' dir='ltr'>ᾧ</span> <span class='ocrx_word' id='word_1_482' title='bbox 2936 2132 2963 2183; x_wconf 93' lang='lat'><strong>6</strong></span> <span class='ocrx_word' id='word_1_483' title='bbox 2996 2131 3089 2183; x_wconf 83' lang='grc' dir='ltr'><strong>ἐπὶ</strong></span> <span class='ocrx_word' id='word_1_484' title='bbox 3122 2133 3338 2187; x_wconf 86' lang='grc' dir='ltr'>πάντων</span> <span class='ocrx_word' id='word_1_485' title='bbox 3376 2134 3511 2199; x_wconf 84' lang='grc' dir='ltr'>Θεός</span> <span class='ocrx_word' id='word_1_486' title='bbox 3533 2151 3548 2164; x_wconf 64' lang='grc' dir='ltr'>θ</span> <span class='ocrx_word' id='word_1_487' title='bbox 3599 2135 3694 2189; x_wconf 77' lang='grc' dir='ltr'><strong>νῦν</strong></span> 
     </span>
    </p>
   </div>
   <div class='ocr_carea' id='block_1_67' title="bbox 2107 2215 3695 2295">
    <p class='ocr_par' dir='ltr' id='par_1_67' title="bbox 2107 2215 3695 2295">
     <span class='ocr_line' id='line_1_67' title="bbox 2107 2215 3695 2295; baseline 0.008 -28"><span class='ocrx_word' id='word_1_488' title='bbox 2107 2216 2164 2268; x_wconf 81' lang='grc' dir='ltr'>δὲ</span> <span class='ocrx_word' id='word_1_489' title='bbox 2198 2215 2356 2270; x_wconf 89' lang='grc' dir='ltr'>τοῦτο</span> <span class='ocrx_word' id='word_1_490' title='bbox 2407 2218 2504 2287; x_wconf 83' lang='grc' dir='ltr'>μὲν</span> <span class='ocrx_word' id='word_1_491' title='bbox 2536 2219 2635 2270; x_wconf 84' lang='grc' dir='ltr'><strong>οὑκ</strong></span> <span class='ocrx_word' id='word_1_492' title='bbox 2685 2219 2892 2290; x_wconf 76' lang='grc' dir='ltr'>εἴρηκε,</span> <span class='ocrx_word' id='word_1_493' title='bbox 2949 2221 3080 2274; x_wconf 85' lang='grc' dir='ltr'>Θεὸν</span> <span class='ocrx_word' id='word_1_494' title='bbox 3113 2222 3168 2276; x_wconf 84' lang='grc' dir='ltr'>δὲ</span> <span class='ocrx_word' id='word_1_495' title='bbox 3213 2225 3303 2276; x_wconf 90' lang='grc' dir='ltr'><strong>τὸν</strong></span> <span class='ocrx_word' id='word_1_496' title='bbox 3335 2225 3574 2295; x_wconf 86' lang='grc' dir='ltr'>Χριστὸν</span> <span class='ocrx_word' id='word_1_497' title='bbox 3603 2229 3695 2280; x_wconf 70' lang='grc' dir='ltr'><strong>ἐπὶ</strong></span> 
     </span>
    </p>
   </div>
   <div class='ocr_carea' id='block_1_68' title="bbox 2110 2307 3697 2387">
    <p class='ocr_par' dir='ltr' id='par_1_68' title="bbox 2110 2307 3697 2387">
     <span class='ocr_line' id='line_1_68' title="bbox 2110 2307 3697 2387; baseline 0.008 -28"><span class='ocrx_word' id='word_1_498' title='bbox 2110 2307 2331 2361; x_wconf 82' lang='grc' dir='ltr'>πάντων</span> <span class='ocrx_word' id='word_1_499' title='bbox 2375 2308 2778 2379; x_wconf 83' lang='grc' dir='ltr'>μεγαλοφώνως</span> <span class='ocrx_word' id='word_1_500' title='bbox 2812 2312 3112 2383; x_wconf 72' lang='grc' dir='ltr'>ἀπέφηνεν.</span> <span class='ocrx_word' id='word_1_501' title='bbox 3173 2314 3271 2386; x_wconf 89' lang='grc' dir='ltr'>[ού</span> <span class='ocrx_word' id='word_1_502' title='bbox 3308 2317 3413 2387; x_wconf 81' lang='grc' dir='ltr'>μὴν</span> <span class='ocrx_word' id='word_1_503' title='bbox 3447 2318 3526 2384; x_wconf 81' lang='grc' dir='ltr'>δὲ,</span> <span class='ocrx_word' id='word_1_504' title='bbox 3560 2319 3697 2372; x_wconf 84' lang='grc' dir='ltr'><strong>ἀλλά</strong></span> 
     </span>
    </p>
   </div>
   <div class='ocr_carea' id='block_1_69' title="bbox 2111 2400 3699 2478">
    <p class='ocr_par' dir='ltr' id='par_1_69' title="bbox 2111 2400 3699 2478">
     <span class='ocr_line' id='line_1_69' title="bbox 2111 2400 3699 2478; baseline 0.009 -28"><span class='ocrx_word' id='word_1_505' title='bbox 2111 2416 2173 2466; x_wconf 91' lang='grc' dir='ltr'><strong>γε</strong></span> <span class='ocrx_word' id='word_1_506' title='bbox 2213 2401 2432 2453; x_wconf 83' lang='grc' dir='ltr'>κάκεῖνο</span> <span class='ocrx_word' id='word_1_507' title='bbox 2475 2400 2915 2474; x_wconf 64' lang='grc' dir='ltr'>διασκεψώμεθα,</span> <span class='ocrx_word' id='word_1_508' title='bbox 2963 2405 3038 2468; x_wconf 88' lang='grc' dir='ltr'><strong>ὡς</strong></span> <span class='ocrx_word' id='word_1_509' title='bbox 3083 2407 3132 2458; x_wconf 87' lang='grc' dir='ltr'><strong>εί</strong></span> <span class='ocrx_word' id='word_1_510' title='bbox 3178 2409 3252 2477; x_wconf 86' lang='grc' dir='ltr'>μὴ</span> <span class='ocrx_word' id='word_1_511' title='bbox 3285 2408 3419 2460; x_wconf 80' lang='grc' dir='ltr'>Θεὸν</span> <span class='ocrx_word' id='word_1_512' title='bbox 3455 2410 3572 2478; x_wconf 77' lang='grc' dir='ltr'>ἅμα</span> <span class='ocrx_word' id='word_1_513' title='bbox 3604 2415 3699 2464; x_wconf 75' lang='grc' dir='ltr'>καὶ</span> 
     </span>
    </p>
   </div>
   <div class='ocr_carea' id='block_1_70' title="bbox 2113 2489 3698 2564">
    <p class='ocr_par' dir='ltr' id='par_1_70' title="bbox 2113 2489 3698 2564">
     <span class='ocr_line' id='line_1_70' title="bbox 2113 2489 3698 2564; baseline 0.009 -23"><span class='ocrx_word' id='word_1_514' title='bbox 2113 2489 2397 2560; x_wconf 82' lang='grc' dir='ltr'>ἄνθρωπον</span> <span class='ocrx_word' id='word_1_515' title='bbox 2457 2491 2727 2561; x_wconf 77' lang='grc' dir='ltr'>ἠπίστατο</span> <span class='ocrx_word' id='word_1_516' title='bbox 2790 2494 2881 2546; x_wconf 79' lang='grc' dir='ltr'><strong>τὸν</strong></span> <span class='ocrx_word' id='word_1_517' title='bbox 2939 2495 3173 2564; x_wconf 90' lang='grc' dir='ltr'>Χριστὸν</span> <span class='ocrx_word' id='word_1_518' title='bbox 3235 2501 3264 2550; x_wconf 92' lang='lat'><strong>6</strong></span> <span class='ocrx_word' id='word_1_519' title='bbox 3335 2498 3479 2562; x_wconf 81' lang='grc' dir='ltr'>θεῖος</span> <span class='ocrx_word' id='word_1_520' title='bbox 3539 2504 3698 2556; x_wconf 80' lang='grc' dir='ltr'>Ἀπό-</span> 
     </span>
    </p>
   </div>
   <div class='ocr_carea' id='block_1_71' title="bbox 2115 2580 3696 2666">
    <p class='ocr_par' dir='ltr' id='par_1_71' title="bbox 2115 2580 3696 2666">
     <span class='ocr_line' id='line_1_71' title="bbox 2115 2580 3696 2666; baseline 0.009 -34"><span class='ocrx_word' id='word_1_521' title='bbox 2115 2580 2320 2646; x_wconf 86' lang='grc' dir='ltr'>στολος,</span> <span class='ocrx_word' id='word_1_522' title='bbox 2349 2582 2448 2634; x_wconf 89' lang='grc' dir='ltr'><strong>οὑκ</strong></span> <span class='ocrx_word' id='word_1_523' title='bbox 2498 2582 2563 2635; x_wconf 86' lang='grc' dir='ltr'>ἂν</span> <span class='ocrx_word' id='word_1_524' title='bbox 2595 2582 2778 2652; x_wconf 75' lang='grc' dir='ltr'>ἔλεγεν</span> <span class='ocrx_word' id='word_1_525' title='bbox 2807 2584 2874 2637; x_wconf 81' lang='grc' dir='ltr'>τὸ</span> <span class='ocrx_word' id='word_1_526' title='bbox 2905 2586 3054 2638; x_wconf 83' lang='grc' dir='ltr'>κατὰ</span> <span class='ocrx_word' id='word_1_527' title='bbox 3105 2587 3334 2655; x_wconf 81' lang='grc' dir='ltr'>σάρκα·</span> <span class='ocrx_word' id='word_1_528' title='bbox 3385 2592 3545 2645; x_wconf 88' lang='grc' dir='ltr'>τοῦτο</span> <span class='ocrx_word' id='word_1_529' title='bbox 3589 2595 3696 2666; x_wconf 79' lang='grc' dir='ltr'><strong>γὰρ</strong></span> 
     </span>
    </p>
   </div>
   <div class='ocr_carea' id='block_1_72' title="bbox 2114 2672 3696 2750">
    <p class='ocr_par' dir='ltr' id='par_1_72' title="bbox 2114 2672 3696 2750">
     <span class='ocr_line' id='line_1_72' title="bbox 2114 2672 3696 2750; baseline 0.009 -26"><span class='ocrx_word' id='word_1_530' title='bbox 2114 2672 2361 2741; x_wconf 72' lang='grc' dir='ltr'>φανερῶς</span> <span class='ocrx_word' id='word_1_531' title='bbox 2409 2673 2502 2725; x_wconf 76' lang='grc' dir='ltr'><strong>ἐπὶ</strong></span> <span class='ocrx_word' id='word_1_532' title='bbox 2555 2673 2648 2726; x_wconf 88' lang='grc' dir='ltr'><strong>τοῦ</strong></span> <span class='ocrx_word' id='word_1_533' title='bbox 2703 2674 2777 2745; x_wconf 84' lang='grc' dir='ltr'>μὴ</span> <span class='ocrx_word' id='word_1_534' title='bbox 2826 2676 2990 2744; x_wconf 81' lang='grc' dir='ltr'>μόνον</span> <span class='ocrx_word' id='word_1_535' title='bbox 3037 2678 3362 2750; x_wconf 82' lang='grc' dir='ltr'>ἀνθρώπου,</span> <span class='ocrx_word' id='word_1_536' title='bbox 3418 2684 3555 2736; x_wconf 79' lang='grc' dir='ltr'><strong>ἁ),λᾶ</strong></span> <span class='ocrx_word' id='word_1_537' title='bbox 3604 2688 3696 2738; x_wconf 70' lang='grc' dir='ltr'>καὶ</span> 
     </span>
    </p>
   </div>
   <div class='ocr_carea' id='block_1_73' title="bbox 2116 2763 3694 2847">
    <p class='ocr_par' dir='ltr' id='par_1_73' title="bbox 2116 2763 3694 2847">
     <span class='ocr_line' id='line_1_73' title="bbox 2116 2763 3694 2847; baseline 0.008 -31"><span class='ocrx_word' id='word_1_538' title='bbox 2116 2763 2236 2816; x_wconf 77' lang='grc' dir='ltr'>καθ’</span> <span class='ocrx_word' id='word_1_539' title='bbox 2279 2764 2464 2837; x_wconf 71' lang='grc' dir='ltr'>ἔτερόν</span> <span class='ocrx_word' id='word_1_540' title='bbox 2513 2781 2566 2817; x_wconf 92' lang='grc' dir='ltr'><strong>τι</strong></span> <span class='ocrx_word' id='word_1_541' title='bbox 2604 2765 2700 2837; x_wconf 76' lang='grc' dir='ltr'>τὴν</span> <span class='ocrx_word' id='word_1_542' title='bbox 2746 2767 2930 2819; x_wconf 84' lang='grc' dir='ltr'>οὐσίαν</span> <span class='ocrx_word' id='word_1_543' title='bbox 2986 2769 3137 2833; x_wconf 74' lang='grc' dir='ltr'>ὄντος</span> <span class='ocrx_word' id='word_1_544' title='bbox 3191 2771 3443 2839; x_wconf 84' lang='grc' dir='ltr'>λέγεται·</span> <span class='ocrx_word' id='word_1_545' title='bbox 3501 2774 3694 2847; x_wconf 77' lang='grc' dir='ltr'>ὥσπερ</span> 
     </span>
    </p>
   </div>
   <div class='ocr_carea' id='block_1_74' title="bbox 2115 2851 3696 2936">
    <p class='ocr_par' dir='ltr' id='par_1_74' title="bbox 2115 2851 3696 2936">
     <span class='ocr_line' id='line_1_74' title="bbox 2115 2851 3696 2936; baseline 0.008 -28"><span class='ocrx_word' id='word_1_546' title='bbox 2115 2851 2207 2908; x_wconf 77' lang='grc' dir='ltr'>οὖν</span> <span class='ocrx_word' id='word_1_547' title='bbox 2259 2857 2355 2910; x_wconf 78' lang='grc' dir='ltr'>καὶ</span> <span class='ocrx_word' id='word_1_548' title='bbox 2401 2858 2700 2927; x_wconf 82' lang='grc' dir='ltr'>ἐπήγαγεν,</span> <span class='ocrx_word' id='word_1_549' title='bbox 2733 2861 2766 2911; x_wconf 87' lang='grc' dir='ltr'><em>ὁ</em></span> <span class='ocrx_word' id='word_1_550' title='bbox 2804 2859 2889 2914; x_wconf 80' lang='grc' dir='ltr'><strong>ὢν</strong></span> <span class='ocrx_word' id='word_1_551' title='bbox 2917 2858 3014 2913; x_wconf 83' lang='grc' dir='ltr'><strong>ἐπὶ</strong></span> <span class='ocrx_word' id='word_1_552' title='bbox 3039 2862 3280 2917; x_wconf 79' lang='grc' dir='ltr'>πάντων</span> <span class='ocrx_word' id='word_1_553' title='bbox 3311 2867 3474 2931; x_wconf 82' lang='grc' dir='ltr'>Θεός’</span> <span class='ocrx_word' id='word_1_554' title='bbox 3503 2867 3696 2936; x_wconf 74' lang='grc' dir='ltr'>διπλῆν</span> 
     </span>
    </p>
   </div>
   <div class='ocr_carea' id='block_1_75' title="bbox 2117 2947 3698 3030">
    <p class='ocr_par' dir='ltr' id='par_1_75' title="bbox 2117 2947 3698 3030">
     <span class='ocr_line' id='line_1_75' title="bbox 2117 2947 3698 3030; baseline 0.009 -31"><span class='ocrx_word' id='word_1_555' title='bbox 2117 2947 2225 3019; x_wconf 76' lang='grc' dir='ltr'><strong>γὰρ</strong></span> <span class='ocrx_word' id='word_1_556' title='bbox 2273 2947 2506 3002; x_wconf 77' lang='grc' dir='ltr'>ἐνταῦθα</span> <span class='ocrx_word' id='word_1_557' title='bbox 2562 2949 2659 3016; x_wconf 83' lang='grc' dir='ltr'>τὴν</span> <span class='ocrx_word' id='word_1_558' title='bbox 2717 2952 2966 3021; x_wconf 73' lang='grc' dir='ltr'>περὶτοῦ</span> <span class='ocrx_word' id='word_1_559' title='bbox 3011 2955 3264 3026; x_wconf 84' lang='grc' dir='ltr'>Σωτῆρος</span> <span class='ocrx_word' id='word_1_560' title='bbox 3304 2957 3461 3027; x_wconf 81' lang='grc' dir='ltr'>ἡμῶν</span> <span class='ocrx_word' id='word_1_561' title='bbox 3507 2961 3698 3030; x_wconf 78' lang='grc' dir='ltr'>ὁμολο-</span> 
     </span>
    </p>
   </div>
   <div class='ocr_carea' id='block_1_76' title="bbox 2117 3039 3695 3118">
    <p class='ocr_par' dir='ltr' id='par_1_76' title="bbox 2117 3039 3695 3118">
     <span class='ocr_line' id='line_1_76' title="bbox 2117 3039 3695 3118; baseline 0.01 -29"><span class='ocrx_word' id='word_1_562' title='bbox 2117 3039 2241 3107; x_wconf 88' lang='grc' dir='ltr'>γίαν</span> <span class='ocrx_word' id='word_1_563' title='bbox 2283 3040 2652 3108; x_wconf 82' lang='grc' dir='ltr'>παραδέδωκε,</span> <span class='ocrx_word' id='word_1_564' title='bbox 2710 3043 2804 3095; x_wconf 78' lang='grc' dir='ltr'><strong>καὶ</strong></span> <span class='ocrx_word' id='word_1_565' title='bbox 2850 3043 2912 3095; x_wconf 88' lang='grc' dir='ltr'><strong>τὸ</strong></span> <span class='ocrx_word' id='word_1_566' title='bbox 2969 3045 3109 3098; x_wconf 76' lang='grc' dir='ltr'>κατὰ</span> <span class='ocrx_word' id='word_1_567' title='bbox 3155 3048 3334 3118; x_wconf 85' lang='grc' dir='ltr'>σάρκα</span> <span class='ocrx_word' id='word_1_568' title='bbox 3386 3051 3695 3116; x_wconf 79' lang='grc' dir='ltr'>ἐπιδείξας,</span> 
     </span>
    </p>
   </div>
   <div class='ocr_carea' id='block_1_77' title="bbox 2117 3127 3699 3211">
    <p class='ocr_par' dir='ltr' id='par_1_77' title="bbox 2117 3127 3699 3211">
     <span class='ocr_line' id='line_1_77' title="bbox 2117 3127 3699 3211; baseline 0.012 -32"><span class='ocrx_word' id='word_1_569' title='bbox 2117 3127 2211 3180; x_wconf 73' lang='grc' dir='ltr'><strong>καὶ</strong></span> <span class='ocrx_word' id='word_1_570' title='bbox 2239 3127 2370 3181; x_wconf 81' lang='grc' dir='ltr'>Θεὸν</span> <span class='ocrx_word' id='word_1_571' title='bbox 2402 3130 2748 3200; x_wconf 84' lang='grc' dir='ltr'>άνακηρύξας</span> <span class='ocrx_word' id='word_1_572' title='bbox 2787 3132 2910 3205; x_wconf 71' lang='lat'><strong>(2).]</strong></span> <span class='ocrx_word' id='word_1_573' title='bbox 2949 3135 3154 3204; x_wconf 89' lang='grc' dir='ltr'>Ὅνπερ</span> <span class='ocrx_word' id='word_1_574' title='bbox 3185 3139 3292 3207; x_wconf 81' lang='grc' dir='ltr'><strong>γὰρ</strong></span> <span class='ocrx_word' id='word_1_575' title='bbox 3317 3141 3517 3211; x_wconf 87' lang='grc' dir='ltr'>τρόπον</span> <span class='ocrx_word' id='word_1_576' title='bbox 3549 3146 3577 3196; x_wconf 90' lang='lat'><strong>6</strong></span> <span class='ocrx_word' id='word_1_577' title='bbox 3607 3147 3699 3198; x_wconf 79' lang='grc' dir='ltr'><strong>ἐπὶ</strong></span> 
     </span>
    </p>
   </div>
   <div class='ocr_carea' id='block_1_78' title="bbox 2117 3219 3697 3306">
    <p class='ocr_par' dir='ltr' id='par_1_78' title="bbox 2117 3219 3697 3306">
     <span class='ocr_line' id='line_1_78' title="bbox 2117 3219 3697 3306; baseline 0.009 -35"><span class='ocrx_word' id='word_1_578' title='bbox 2117 3220 2221 3290; x_wconf 80' lang='grc' dir='ltr'>γῆς</span> <span class='ocrx_word' id='word_1_579' title='bbox 2255 3219 2524 3289; x_wconf 83' lang='grc' dir='ltr'>βασιλεὺς,</span> <span class='ocrx_word' id='word_1_580' title='bbox 2566 3223 2619 3275; x_wconf 81' lang='grc' dir='ltr'><strong>εί</strong></span> <span class='ocrx_word' id='word_1_581' title='bbox 2662 3240 2790 3276; x_wconf 79' lang='grc' dir='ltr'>ποτε</span> <span class='ocrx_word' id='word_1_582' title='bbox 2837 3227 2895 3276; x_wconf 80' lang='grc' dir='ltr'>ἐν</span> <span class='ocrx_word' id='word_1_583' title='bbox 2949 3227 3156 3280; x_wconf 83' lang='grc' dir='ltr'>ὑπάτου</span> <span class='ocrx_word' id='word_1_584' title='bbox 3211 3234 3451 3300; x_wconf 84' lang='grc' dir='ltr'>σχήματι</span> <span class='ocrx_word' id='word_1_585' title='bbox 3500 3233 3697 3306; x_wconf 84' lang='grc' dir='ltr'>προελ-</span> 
     </span>
    </p>
   </div>
   <div class='ocr_carea' id='block_1_79' title="bbox 2119 3313 3700 3390">
    <p class='ocr_par' dir='ltr' id='par_1_79' title="bbox 2119 3313 3700 3390">
     <span class='ocr_line' id='line_1_79' title="bbox 2119 3313 3700 3390; baseline 0.009 -25"><span class='ocrx_word' id='word_1_586' title='bbox 2119 3313 2228 3366; x_wconf 82' lang='grc' dir='ltr'>θεῖν</span> <span class='ocrx_word' id='word_1_587' title='bbox 2259 3313 2566 3387; x_wconf 86' lang='grc' dir='ltr'>βουληθείη,</span> <span class='ocrx_word' id='word_1_588' title='bbox 2613 3318 2674 3370; x_wconf 91' lang='grc' dir='ltr'><strong>οὑ</strong></span> <span class='ocrx_word' id='word_1_589' title='bbox 2703 3317 2788 3370; x_wconf 74' lang='grc' dir='ltr'>διὰ</span> <span class='ocrx_word' id='word_1_590' title='bbox 2815 3317 2973 3372; x_wconf 88' lang='grc' dir='ltr'>τοῦτο</span> <span class='ocrx_word' id='word_1_591' title='bbox 3000 3320 3093 3373; x_wconf 88' lang='grc' dir='ltr'><strong>τοῦ</strong></span> <span class='ocrx_word' id='word_1_592' title='bbox 3144 3317 3281 3375; x_wconf 75' lang='grc' dir='ltr'>εἶναι</span> <span class='ocrx_word' id='word_1_593' title='bbox 3308 3324 3566 3390; x_wconf 79' lang='grc' dir='ltr'>βασιλεὺς</span> <span class='ocrx_word' id='word_1_594' title='bbox 3603 3325 3700 3379; x_wconf 84' lang='grc' dir='ltr'>πέ-</span> 
     </span>
    </p>
   </div>
   <div class='ocr_carea' id='block_1_80' title="bbox 2120 3406 3698 3482">
    <p class='ocr_par' dir='ltr' id='par_1_80' title="bbox 2120 3406 3698 3482">
     <span class='ocr_line' id='line_1_80' title="bbox 2120 3406 3698 3482; baseline 0.009 -26"><span class='ocrx_word' id='word_1_595' title='bbox 2120 3422 2344 3470; x_wconf 86' lang='grc' dir='ltr'>παυται,</span> <span class='ocrx_word' id='word_1_596' title='bbox 2373 3406 2496 3459; x_wconf 73' lang='grc' dir='ltr'>οὔτε</span> <span class='ocrx_word' id='word_1_597' title='bbox 2538 3407 2644 3477; x_wconf 82' lang='grc' dir='ltr'>μὴν</span> <span class='ocrx_word' id='word_1_598' title='bbox 2680 3409 2778 3477; x_wconf 86' lang='grc' dir='ltr'>τὴν</span> <span class='ocrx_word' id='word_1_599' title='bbox 2804 3411 3076 3482; x_wconf 87' lang='grc' dir='ltr'>προτέραν</span> <span class='ocrx_word' id='word_1_600' title='bbox 3109 3412 3428 3468; x_wconf 86' lang='grc' dir='ltr'>αὑθεντείαν</span> <span class='ocrx_word' id='word_1_601' title='bbox 3475 3417 3698 3469; x_wconf 86' lang='grc' dir='ltr'>ἀπώλε-</span> 
     </span>
    </p>
   </div>
   <div class='ocr_carea' id='block_1_81' title="bbox 2121 3493 3702 3578">
    <p class='ocr_par' dir='ltr' id='par_1_81' title="bbox 2121 3493 3702 3578">
     <span class='ocr_line' id='line_1_81' title="bbox 2121 3493 3702 3578; baseline 0.009 -31"><span class='ocrx_word' id='word_1_602' title='bbox 2121 3512 2233 3560; x_wconf 87' lang='grc' dir='ltr'>σεν,</span> <span class='ocrx_word' id='word_1_603' title='bbox 2266 3497 2377 3549; x_wconf 85' lang='grc' dir='ltr'>ἀλλ’</span> <span class='ocrx_word' id='word_1_604' title='bbox 2409 3493 2490 3560; x_wconf 56' lang='lat' dir='ltr'><strong>si;</strong></span> <span class='ocrx_word' id='word_1_605' title='bbox 2517 3499 2610 3550; x_wconf 73' lang='grc' dir='ltr'>καὶ</span> <span class='ocrx_word' id='word_1_606' title='bbox 2637 3500 2664 3551; x_wconf 90' lang='grc' dir='ltr'><strong>ὀ</strong></span> <span class='ocrx_word' id='word_1_607' title='bbox 2693 3500 2854 3564; x_wconf 83' lang='grc' dir='ltr'>αὐτὸς</span> <span class='ocrx_word' id='word_1_608' title='bbox 2883 3502 3118 3572; x_wconf 82' lang='grc' dir='ltr'>ὑπάρχει</span> <span class='ocrx_word' id='word_1_609' title='bbox 3159 3504 3296 3573; x_wconf 83' lang='grc' dir='ltr'>πρὸς</span> <span class='ocrx_word' id='word_1_610' title='bbox 3333 3509 3399 3576; x_wconf 81' lang='grc' dir='ltr'><strong>τῇ</strong></span> <span class='ocrx_word' id='word_1_611' title='bbox 3451 3506 3702 3578; x_wconf 72' lang='grc' dir='ltr'>βασιλείᾳ</span> 
     </span>
    </p>
   </div>
   <div class='ocr_carea' id='block_1_82' title="bbox 2120 3587 3698 3668">
    <p class='ocr_par' dir='ltr' id='par_1_82' title="bbox 2120 3587 3698 3668">
     <span class='ocr_line' id='line_1_82' title="bbox 2120 3587 3698 3668; baseline 0.007 -28"><span class='ocrx_word' id='word_1_612' title='bbox 2120 3587 2214 3640; x_wconf 74' lang='grc' dir='ltr'>καὶ</span> <span class='ocrx_word' id='word_1_613' title='bbox 2239 3587 2299 3639; x_wconf 83' lang='grc' dir='ltr'>τὸ</span> <span class='ocrx_word' id='word_1_614' title='bbox 2339 3587 2438 3656; x_wconf 84' lang='grc' dir='ltr'><strong>τῆς</strong></span> <span class='ocrx_word' id='word_1_615' title='bbox 2473 3589 2736 3663; x_wconf 72' lang='grc' dir='ltr'>ὑπατείας</span> <span class='ocrx_word' id='word_1_616' title='bbox 2765 3591 2903 3661; x_wconf 81' lang='grc' dir='ltr'>ἔχων</span> <span class='ocrx_word' id='word_1_617' title='bbox 2923 3609 2938 3624; x_wconf 77' lang='grc' dir='ltr'><strong>ο</strong></span> <span class='ocrx_word' id='word_1_618' title='bbox 2971 3593 3074 3646; x_wconf 73' lang='grc' dir='ltr'>κᾶν</span> <span class='ocrx_word' id='word_1_619' title='bbox 3105 3595 3157 3646; x_wconf 81' lang='grc' dir='ltr'><strong>εί</strong></span> <span class='ocrx_word' id='word_1_620' title='bbox 3185 3613 3267 3657; x_wconf 88' lang='grc' dir='ltr'><strong>τις</strong></span> <span class='ocrx_word' id='word_1_621' title='bbox 3310 3597 3567 3666; x_wconf 87' lang='grc' dir='ltr'>ὀνομάσοι</span> <span class='ocrx_word' id='word_1_622' title='bbox 3600 3600 3698 3668; x_wconf 82' lang='grc' dir='ltr'><strong>βα·-</strong></span> 
     </span>
    </p>
   </div>
   <div class='ocr_carea' id='block_1_83' title="bbox 2123 3675 3699 3746">
    <p class='ocr_par' dir='ltr' id='par_1_83' title="bbox 2123 3675 3699 3746">
     <span class='ocr_line' id='line_1_83' title="bbox 2123 3675 3699 3746; baseline 0.006 -15"><span class='ocrx_word' id='word_1_623' title='bbox 2123 3679 2292 3744; x_wconf 89' lang='grc' dir='ltr'>σιλέα,</span> <span class='ocrx_word' id='word_1_624' title='bbox 2346 3675 2484 3734; x_wconf 75' lang='grc' dir='ltr'>οἶδεν</span> <span class='ocrx_word' id='word_1_625' title='bbox 2526 3681 2601 3744; x_wconf 84' lang='grc' dir='ltr'>ὡς</span> <span class='ocrx_word' id='word_1_626' title='bbox 2648 3683 2807 3746; x_wconf 87' lang='grc' dir='ltr'>αὑτός</span> <span class='ocrx_word' id='word_1_627' title='bbox 2851 3687 2998 3736; x_wconf 83' lang='grc' dir='ltr'>ἐστιν</span> <span class='ocrx_word' id='word_1_628' title='bbox 3042 3687 3070 3738; x_wconf 92' lang='lat'><strong>6</strong></span> <span class='ocrx_word' id='word_1_629' title='bbox 3119 3686 3300 3739; x_wconf 76' lang='grc' dir='ltr'>καὶτὸ</span> <span class='ocrx_word' id='word_1_630' title='bbox 3342 3687 3437 3740; x_wconf 90' lang='grc' dir='ltr'><strong>τοῦ</strong></span> <span class='ocrx_word' id='word_1_631' title='bbox 3486 3689 3699 3742; x_wconf 79' lang='grc' dir='ltr'>ὑπάτου</span> 
     </span>
    </p>
   </div>
   <div class='ocr_carea' id='block_1_84' title="bbox 2123 3772 3700 3844">
    <p class='ocr_par' dir='ltr' id='par_1_84' title="bbox 2123 3772 3700 3844">
     <span class='ocr_line' id='line_1_84' title="bbox 2123 3772 3700 3844; baseline 0.002 -18"><span class='ocrx_word' id='word_1_632' title='bbox 2123 3773 2306 3844; x_wconf 79' lang='grc' dir='ltr'>σχῆμα</span> <span class='ocrx_word' id='word_1_633' title='bbox 2339 3772 2825 3844; x_wconf 51' lang='grc' dir='ltr'>περιϐαλλόμενος</span> <span class='ocrx_word' id='word_1_634' title='bbox 2867 3775 2961 3826; x_wconf 74' lang='grc' dir='ltr'>καὶ</span> <span class='ocrx_word' id='word_1_635' title='bbox 2993 3775 3150 3828; x_wconf 87' lang='grc' dir='ltr'>πάλιν</span> <span class='ocrx_word' id='word_1_636' title='bbox 3181 3793 3236 3828; x_wconf 89' lang='grc' dir='ltr'>τε</span> <span class='ocrx_word' id='word_1_637' title='bbox 3279 3781 3325 3827; x_wconf 85' lang='grc' dir='ltr'><strong>εί</strong></span> <span class='ocrx_word' id='word_1_638' title='bbox 3368 3775 3577 3830; x_wconf 79' lang='grc' dir='ltr'>ὕπατον</span> <span class='ocrx_word' id='word_1_639' title='bbox 3609 3775 3700 3829; x_wconf 70' lang='grc' dir='ltr'><strong>τὸν</strong></span> 
     </span>
    </p>
   </div>
   <div class='ocr_carea' id='block_1_85' title="bbox 2121 3861 3702 3936">
    <p class='ocr_par' dir='ltr' id='par_1_85' title="bbox 2121 3861 3702 3936">
     <span class='ocr_line' id='line_1_85' title="bbox 2121 3861 3702 3936; baseline 0.002 -18"><span class='ocrx_word' id='word_1_640' title='bbox 2121 3865 2281 3918; x_wconf 86' lang='grc' dir='ltr'>αὑτὸν</span> <span class='ocrx_word' id='word_1_641' title='bbox 2311 3864 2584 3933; x_wconf 79' lang='grc' dir='ltr'>ὸνομάσοι,</span> <span class='ocrx_word' id='word_1_642' title='bbox 2614 3863 2704 3917; x_wconf 91' lang='grc' dir='ltr'><strong>τὸν</strong></span> <span class='ocrx_word' id='word_1_643' title='bbox 2743 3865 2902 3918; x_wconf 78' lang='grc' dir='ltr'>αὑτὸν</span> <span class='ocrx_word' id='word_1_644' title='bbox 2931 3861 3070 3918; x_wconf 74' lang='grc' dir='ltr'>οἶδεν</span> <span class='ocrx_word' id='word_1_645' title='bbox 3117 3868 3210 3919; x_wconf 78' lang='grc' dir='ltr'>καὶ</span> <span class='ocrx_word' id='word_1_646' title='bbox 3258 3866 3484 3936; x_wconf 79' lang='grc' dir='ltr'>βασιλέα</span> <span class='ocrx_word' id='word_1_647' title='bbox 3523 3868 3702 3936; x_wconf 78' lang='grc' dir='ltr'>ὑπόρ-</span> 
     </span>
    </p>
   </div>
   <div class='ocr_carea' id='block_1_86' title="bbox 2122 3955 3700 4030">
    <p class='ocr_par' dir='ltr' id='par_1_86' title="bbox 2122 3955 3700 4030">
     <span class='ocr_line' id='line_1_86' title="bbox 2122 3955 3700 4030; baseline 0.003 -22"><span class='ocrx_word' id='word_1_648' title='bbox 2122 3973 2284 4024; x_wconf 88' lang='grc' dir='ltr'>χοντα</span> <span class='ocrx_word' id='word_1_649' title='bbox 2342 3955 2418 4026; x_wconf 74' lang='grc' dir='ltr'><strong>(ὅ)</strong></span> <span class='ocrx_word' id='word_1_650' title='bbox 2444 3974 2456 3985; x_wconf 71' lang='grc' dir='ltr'><strong><em>ο</em></strong></span> <span class='ocrx_word' id='word_1_651' title='bbox 2476 3955 2649 4018; x_wconf 83' lang='grc' dir='ltr'>οὑτως</span> <span class='ocrx_word' id='word_1_652' title='bbox 2681 3959 2709 4008; x_wconf 90' lang='lat'><strong>6</strong></span> <span class='ocrx_word' id='word_1_653' title='bbox 2734 3956 2935 4026; x_wconf 84' lang='grc' dir='ltr'>Κύριος</span> <span class='ocrx_word' id='word_1_654' title='bbox 2971 3959 3126 4026; x_wconf 77' lang='grc' dir='ltr'>ἡμῶν</span> <span class='ocrx_word' id='word_1_655' title='bbox 3167 3957 3372 4027; x_wconf 76' lang='grc' dir='ltr'>Ἰησοῦς</span> <span class='ocrx_word' id='word_1_656' title='bbox 3405 3961 3433 4012; x_wconf 88' lang='lat'><strong>6</strong></span> <span class='ocrx_word' id='word_1_657' title='bbox 3462 3960 3700 4030; x_wconf 70' lang='grc' dir='ltr'>Χριστὸς</span> 
     </span>
    </p>
   </div>
   <div class='ocr_carea' id='block_1_87' title="bbox 2119 4039 3696 4116">
    <p class='ocr_par' dir='ltr' id='par_1_87' title="bbox 2119 4039 3696 4116">
     <span class='ocr_line' id='line_1_87' title="bbox 2119 4039 3696 4116; baseline 0.001 -20"><span class='ocrx_word' id='word_1_658' title='bbox 2119 4039 2188 4114; x_wconf 80' lang='grc' dir='ltr'>ἦν</span> <span class='ocrx_word' id='word_1_659' title='bbox 2231 4045 2326 4114; x_wconf 83' lang='grc' dir='ltr'>μὲν</span> <span class='ocrx_word' id='word_1_660' title='bbox 2358 4043 2445 4097; x_wconf 72' lang='grc' dir='ltr'><strong>ἀεὶ</strong></span> <span class='ocrx_word' id='word_1_661' title='bbox 2469 4045 2562 4097; x_wconf 87' lang='grc' dir='ltr'><strong>τοῦ</strong></span> <span class='ocrx_word' id='word_1_662' title='bbox 2590 4043 2725 4096; x_wconf 87' lang='grc' dir='ltr'>Θεοῦ</span> <span class='ocrx_word' id='word_1_663' title='bbox 2767 4045 2913 4111; x_wconf 86' lang='grc' dir='ltr'>Υἱὸς,</span> <span class='ocrx_word' id='word_1_664' title='bbox 2945 4045 3076 4108; x_wconf 80' lang='grc' dir='ltr'>Θεὸς</span> <span class='ocrx_word' id='word_1_665' title='bbox 3117 4046 3378 4116; x_wconf 84' lang='grc' dir='ltr'>ὑπάρχων</span> <span class='ocrx_word' id='word_1_666' title='bbox 3420 4047 3696 4114; x_wconf 72' lang='grc' dir='ltr'>ἀληθινὸς,</span> 
     </span>
    </p>
   </div>
   <div class='ocr_carea' id='block_1_88' title="bbox 2122 4137 3700 4210">
    <p class='ocr_par' dir='ltr' id='par_1_88' title="bbox 2122 4137 3700 4210">
     <span class='ocr_line' id='line_1_88' title="bbox 2122 4137 3700 4210; baseline 0.001 -20"><span class='ocrx_word' id='word_1_667' title='bbox 2122 4137 2443 4208; x_wconf 76' lang='grc' dir='ltr'>προσλαϐὼν</span> <span class='ocrx_word' id='word_1_668' title='bbox 2471 4137 2528 4191; x_wconf 90' lang='grc' dir='ltr'>δὲ</span> <span class='ocrx_word' id='word_1_669' title='bbox 2567 4140 2625 4190; x_wconf 82' lang='grc' dir='ltr'>ἐν</span> <span class='ocrx_word' id='word_1_670' title='bbox 2669 4138 2914 4209; x_wconf 81' lang='grc' dir='ltr'>ὑστέροις</span> <span class='ocrx_word' id='word_1_671' title='bbox 2939 4139 3149 4209; x_wconf 84' lang='grc' dir='ltr'>χρόνοις</span> <span class='ocrx_word' id='word_1_672' title='bbox 3191 4140 3286 4192; x_wconf 78' lang='grc' dir='ltr'><strong>καὶ</strong></span> <span class='ocrx_word' id='word_1_673' title='bbox 3326 4140 3385 4192; x_wconf 87' lang='grc' dir='ltr'>τὸ</span> <span class='ocrx_word' id='word_1_674' title='bbox 3418 4140 3700 4210; x_wconf 86' lang='grc' dir='ltr'>ἀνθρώπι-</span> 
     </span>
    </p>
   </div>
   <div class='ocr_carea' id='block_1_89' title="bbox 2123 4224 3698 4302">
    <p class='ocr_par' dir='ltr' id='par_1_89' title="bbox 2123 4224 3698 4302">
     <span class='ocr_line' id='line_1_89' title="bbox 2123 4224 3698 4302; baseline 0.001 -18"><span class='ocrx_word' id='word_1_675' title='bbox 2123 4248 2233 4295; x_wconf 85' lang='grc' dir='ltr'>νον,</span> <span class='ocrx_word' id='word_1_676' title='bbox 2278 4224 2358 4292; x_wconf 74' lang='grc' dir='ltr'>εἷς</span> <span class='ocrx_word' id='word_1_677' title='bbox 2407 4231 2500 4284; x_wconf 73' lang='grc' dir='ltr'>καὶ</span> <span class='ocrx_word' id='word_1_678' title='bbox 2540 4231 2568 4282; x_wconf 86' lang='lat'><strong>6</strong></span> <span class='ocrx_word' id='word_1_679' title='bbox 2616 4229 2778 4292; x_wconf 89' lang='grc' dir='ltr'>αὑτὸς</span> <span class='ocrx_word' id='word_1_680' title='bbox 2824 4229 3077 4300; x_wconf 85' lang='grc' dir='ltr'>ὑπάρχει,</span> <span class='ocrx_word' id='word_1_681' title='bbox 3124 4229 3224 4283; x_wconf 79' lang='grc' dir='ltr'>κᾶν</span> <span class='ocrx_word' id='word_1_682' title='bbox 3264 4230 3397 4293; x_wconf 85' lang='grc' dir='ltr'>Θεὸς</span> <span class='ocrx_word' id='word_1_683' title='bbox 3449 4231 3698 4302; x_wconf 80' lang='grc' dir='ltr'>λέγηται,</span> 
     </span>
    </p>
   </div>
   <div class='ocr_carea' id='block_1_90' title="bbox 2123 4321 2955 4392">
    <p class='ocr_par' dir='ltr' id='par_1_90' title="bbox 2123 4321 2955 4392">
     <span class='ocr_line' id='line_1_90' title="bbox 2123 4321 2955 4392; baseline -0.004 -15"><span class='ocrx_word' id='word_1_684' title='bbox 2123 4325 2226 4377; x_wconf 72' lang='grc' dir='ltr'><strong>κᾶν</strong></span> <span class='ocrx_word' id='word_1_685' title='bbox 2253 4321 2556 4392; x_wconf 83' lang='grc' dir='ltr'>ἄνθρωπος,</span> <span class='ocrx_word' id='word_1_686' title='bbox 2591 4321 2691 4374; x_wconf 88' lang='grc' dir='ltr'>κᾶν</span> <span class='ocrx_word' id='word_1_687' title='bbox 2732 4321 2955 4392; x_wconf 85' lang='grc' dir='ltr'>Ἰησοῦς.</span> 
     </span>
    </p>
   </div>
   <div class='ocr_carea' id='block_1_91' title="bbox 518 4411 2009 4490">
    <p class='ocr_par' dir='ltr' id='par_1_91' title="bbox 518 4414 2009 4486">
     <span class='ocr_line' id='line_1_91' title="bbox 518 4414 2009 4486; baseline -0.001 -13"><span class='ocrx_word' id='word_1_688' title='bbox 518 4419 604 4473; x_wconf 81' lang='grc'><strong>15.</strong></span> <span class='ocrx_word' id='word_1_689' title='bbox 638 4417 766 4486; x_wconf 69' lang='lat' dir='ltr'><strong>Qum</strong></span> <span class='ocrx_word' id='word_1_690' title='bbox 801 4433 921 4472; x_wconf 88' lang='lat' dir='ltr'><strong>cum</strong></span> <span class='ocrx_word' id='word_1_691' title='bbox 959 4416 1028 4470; x_wconf 87' lang='lat' dir='ltr'><strong>ita</strong></span> <span class='ocrx_word' id='word_1_692' title='bbox 1065 4430 1124 4470; x_wconf 90' lang='lat' dir='ltr'><strong>se</strong></span> <span class='ocrx_word' id='word_1_693' title='bbox 1148 4414 1403 4479; x_wconf 88' lang='lat' dir='ltr'><strong>habeant,</strong></span> <span class='ocrx_word' id='word_1_694' title='bbox 1460 4415 1640 4483; x_wconf 86' lang='lat' dir='ltr'><strong>agesis</strong></span> <span class='ocrx_word' id='word_1_695' title='bbox 1678 4415 2009 4471; x_wconf 87' lang='lat' dir='ltr'><strong>Dominicum</strong></span> 
     </span>
    </p>
   </div>
   <div class='ocr_carea' id='block_1_92' title="bbox 2118 4411 3702 4490">
    <p class='ocr_par' dir='ltr' id='par_1_92' title="bbox 2196 4411 3702 4484">
     <span class='ocr_line' id='line_1_92' title="bbox 2196 4411 3702 4484; baseline 0 -17"><span class='ocrx_word' id='word_1_696' title='bbox 2196 4421 2274 4467; x_wconf 85' lang='grc' dir='ltr'>ιε’.</span> <span class='ocrx_word' id='word_1_697' title='bbox 2318 4411 2534 4466; x_wconf 87' lang='grc' dir='ltr'>Τούτων</span> <span class='ocrx_word' id='word_1_698' title='bbox 2562 4413 2619 4465; x_wconf 86' lang='grc' dir='ltr'>δὲ</span> <span class='ocrx_word' id='word_1_699' title='bbox 2651 4413 2823 4476; x_wconf 78' lang='grc' dir='ltr'>οὕτως</span> <span class='ocrx_word' id='word_1_700' title='bbox 2853 4414 3105 4483; x_wconf 77' lang='grc' dir='ltr'>ἐχόντων,</span> <span class='ocrx_word' id='word_1_701' title='bbox 3137 4413 3267 4484; x_wconf 84' lang='grc' dir='ltr'>φέρε</span> <span class='ocrx_word' id='word_1_702' title='bbox 3317 4413 3413 4466; x_wconf 72' lang='grc' dir='ltr'>καὶ</span> <span class='ocrx_word' id='word_1_703' title='bbox 3455 4414 3558 4484; x_wconf 84' lang='grc' dir='ltr'>τὴν</span> <span class='ocrx_word' id='word_1_704' title='bbox 3589 4415 3702 4467; x_wconf 80' lang='grc' dir='ltr'><strong>Κυ-</strong></span> 
     </span>
    </p>
   </div>
   <div class='ocr_carea' id='block_1_93' title="bbox 447 4507 2016 4579">
    <p class='ocr_par' dir='ltr' id='par_1_93' title="bbox 447 4507 2016 4579">
     <span class='ocr_line' id='line_1_93' title="bbox 447 4507 2016 4579; baseline 0.001 -17"><span class='ocrx_word' id='word_1_705' title='bbox 447 4523 658 4579; x_wconf 88' lang='lat' dir='ltr'><strong>qnoque</strong></span> <span class='ocrx_word' id='word_1_706' title='bbox 682 4507 898 4563; x_wconf 74' lang='lat' dir='ltr'><strong>ellatum</strong></span> <span class='ocrx_word' id='word_1_707' title='bbox 933 4509 984 4562; x_wconf 91' lang='lat' dir='ltr'><strong>in</strong></span> <span class='ocrx_word' id='word_1_708' title='bbox 1026 4508 1259 4562; x_wconf 90' lang='lat' dir='ltr'><strong>medium</strong></span> <span class='ocrx_word' id='word_1_709' title='bbox 1287 4507 1670 4574; x_wconf 86' lang='lat' dir='ltr'><strong>producamus,</strong></span> <span class='ocrx_word' id='word_1_710' title='bbox 1707 4507 1860 4576; x_wconf 90' lang='lat' dir='ltr'><strong>cujus</strong></span> <span class='ocrx_word' id='word_1_711' title='bbox 1881 4523 2016 4578; x_wconf 72' lang='lat' dir='ltr'><strong>pra:-</strong></span> 
     </span>
    </p>
   </div>
   <div class='ocr_carea' id='block_1_94' title="bbox 446 4597 2013 4666">
    <p class='ocr_par' dir='ltr' id='par_1_94' title="bbox 446 4597 2013 4666">
     <span class='ocr_line' id='line_1_94' title="bbox 446 4597 2013 4666; baseline -0.001 -12"><span class='ocrx_word' id='word_1_712' title='bbox 446 4601 606 4666; x_wconf 86' lang='lat' dir='ltr'><strong>cipue</strong></span> <span class='ocrx_word' id='word_1_713' title='bbox 661 4615 824 4654; x_wconf 89' lang='lat' dir='ltr'><strong>causa</strong></span> <span class='ocrx_word' id='word_1_714' title='bbox 879 4599 1137 4654; x_wconf 89' lang='lat' dir='ltr'><strong>audacius</strong></span> <span class='ocrx_word' id='word_1_715' title='bbox 1191 4597 1348 4653; x_wconf 89' lang='lat' dir='ltr'><strong>nobis</strong></span> <span class='ocrx_word' id='word_1_716' title='bbox 1417 4599 1622 4653; x_wconf 90' lang='lat' dir='ltr'><strong>instant</strong></span> <span class='ocrx_word' id='word_1_717' title='bbox 1683 4599 2013 4665; x_wconf 80' lang='lat' dir='ltr'><strong>adversarii;</strong></span> 
     </span>
    </p>
   </div>
   <div class='ocr_carea' id='block_1_95' title="bbox 451 4691 2018 4762">
    <p class='ocr_par' dir='ltr' id='par_1_95' title="bbox 451 4691 2018 4762">
     <span class='ocr_line' id='line_1_95' title="bbox 451 4691 2018 4762; baseline 0.002 -18"><span class='ocrx_word' id='word_1_718' title='bbox 451 4705 643 4759; x_wconf 88' lang='lat' dir='ltr'><strong>nempe</strong></span> <span class='ocrx_word' id='word_1_719' title='bbox 667 4692 806 4758; x_wconf 91' lang='lat' dir='ltr'><strong>quod</strong></span> <span class='ocrx_word' id='word_1_720' title='bbox 839 4693 952 4760; x_wconf 89' lang='lat' dir='ltr'><strong>ipse</strong></span> <span class='ocrx_word' id='word_1_721' title='bbox 976 4693 1026 4745; x_wconf 92' lang='lat' dir='ltr'><strong>in</strong></span> <span class='ocrx_word' id='word_1_722' title='bbox 1055 4691 1378 4762; x_wconf 79' lang='lat' dir='ltr'><strong>evangelicis</strong></span> <span class='ocrx_word' id='word_1_723' title='bbox 1414 4691 1888 4761; x_wconf 76' lang='lat' dir='ltr'><strong>praedicationibus</strong></span> <span class='ocrx_word' id='word_1_724' title='bbox 1922 4693 2018 4747; x_wconf 90' lang='lat' dir='ltr'><strong>ho-</strong></span> 
     </span>
    </p>
   </div>
   <div class='ocr_carea' id='block_1_96' title="bbox 453 4781 2018 4853">
    <p class='ocr_par' dir='ltr' id='par_1_96' title="bbox 453 4781 2018 4853">
     <span class='ocr_line' id='line_1_96' title="bbox 453 4781 2018 4853; baseline 0.003 -19"><span class='ocrx_word' id='word_1_725' title='bbox 453 4781 652 4834; x_wconf 79' lang='lat' dir='ltr'><strong>minem</strong></span> <span class='ocrx_word' id='word_1_726' title='bbox 675 4797 731 4835; x_wconf 90' lang='lat' dir='ltr'><strong>se</strong></span> <span class='ocrx_word' id='word_1_727' title='bbox 753 4781 1034 4838; x_wconf 79' lang='lat' dir='ltr'><strong>confessus</strong></span> <span class='ocrx_word' id='word_1_728' title='bbox 1060 4785 1132 4839; x_wconf 88' lang='lat' dir='ltr'><strong>sit</strong></span> <span class='ocrx_word' id='word_1_729' title='bbox 1170 4787 1359 4840; x_wconf 89' lang='lat' dir='ltr'><strong>dicens</strong></span> <span class='ocrx_word' id='word_1_730' title='bbox 1388 4800 1400 4836; x_wconf 91' lang='lat'>:</span> <span class='ocrx_word' id='word_1_731' title='bbox 1446 4803 1464 4836; x_wconf 80' lang='grc' dir='ltr'><strong>ι</strong></span> <span class='ocrx_word' id='word_1_732' title='bbox 1493 4785 1601 4839; x_wconf 88' lang='lat' dir='ltr'><strong>Cur</strong></span> <span class='ocrx_word' id='word_1_733' title='bbox 1639 4798 1724 4839; x_wconf 92' lang='lat' dir='ltr'><strong>me</strong></span> <span class='ocrx_word' id='word_1_734' title='bbox 1776 4785 2018 4853; x_wconf 64' lang='lat' dir='ltr'><strong>quaeritis</strong></span> 
     </span>
    </p>
   </div>
   <div class='ocr_carea' id='block_1_97' title="bbox 449 4871 2016 4941">
    <p class='ocr_par' dir='ltr' id='par_1_97' title="bbox 449 4871 2016 4941">
     <span class='ocr_line' id='line_1_97' title="bbox 449 4871 2016 4941; baseline 0.001 -13"><span class='ocrx_word' id='word_1_735' title='bbox 449 4871 718 4936; x_wconf 85' lang='lat' dir='ltr'><strong>occidere,</strong></span> <span class='ocrx_word' id='word_1_736' title='bbox 782 4874 1052 4928; x_wconf 89' lang='lat' dir='ltr'><strong>hominem</strong></span> <span class='ocrx_word' id='word_1_737' title='bbox 1124 4874 1214 4941; x_wconf 91' lang='lat' dir='ltr'><strong>qui</strong></span> <span class='ocrx_word' id='word_1_738' title='bbox 1273 4877 1556 4929; x_wconf 87' lang='lat' dir='ltr'><strong>veritatem</strong></span> <span class='ocrx_word' id='word_1_739' title='bbox 1607 4875 1760 4929; x_wconf 89' lang='lat' dir='ltr'><strong>vobis</strong></span> <span class='ocrx_word' id='word_1_740' title='bbox 1805 4875 2016 4930; x_wconf 89' lang='lat' dir='ltr'><strong>locutus</strong></span> 
     </span>
    </p>
   </div>
   <div class='ocr_carea' id='block_1_98' title="bbox 450 4963 2016 5033">
    <p class='ocr_par' dir='ltr' id='par_1_98' title="bbox 450 4963 2016 5033">
     <span class='ocr_line' id='line_1_98' title="bbox 450 4963 2016 5033; baseline -0.002 -13"><span class='ocrx_word' id='word_1_741' title='bbox 450 4979 568 5020; x_wconf 91' lang='lat' dir='ltr'><strong>sum</strong></span> <span class='ocrx_word' id='word_1_742' title='bbox 597 4963 676 5018; x_wconf 72' lang='grc'><strong>⁷³2</strong></span> <span class='ocrx_word' id='word_1_743' title='bbox 706 4982 724 5015; x_wconf 74' lang='grc' dir='ltr'><strong>ι</strong></span> <span class='ocrx_word' id='word_1_744' title='bbox 750 4964 856 5019; x_wconf 86' lang='lat' dir='ltr'><strong>Sed</strong></span> <span class='ocrx_word' id='word_1_745' title='bbox 881 4963 1024 5018; x_wconf 91' lang='lat' dir='ltr'><strong>enim</strong></span> <span class='ocrx_word' id='word_1_746' title='bbox 1052 4963 1233 5033; x_wconf 87' lang='lat' dir='ltr'><strong>siquis</strong></span> <span class='ocrx_word' id='word_1_747' title='bbox 1263 4964 1508 5019; x_wconf 75' lang='lat' dir='ltr'><strong>veritatis</strong></span> <span class='ocrx_word' id='word_1_748' title='bbox 1539 4966 1816 5020; x_wconf 90' lang='lat' dir='ltr'><strong>studiosus</strong></span> <span class='ocrx_word' id='word_1_749' title='bbox 1846 4980 2016 5020; x_wconf 88' lang='lat' dir='ltr'><strong>evan-</strong></span> 
     </span>
    </p>
   </div>
   <div class='ocr_carea' id='block_1_99' title="bbox 519 5136 1520 5206">
    <p class='ocr_par' dir='ltr' id='par_1_99' title="bbox 519 5136 1520 5206">
     <span class='ocr_line' id='line_1_99' title="bbox 519 5136 1520 5206; baseline -0.002 -13"><span class='ocrx_word' id='word_1_750' title='bbox 519 5140 563 5172; x_wconf 82' lang='lat'><strong>&quot;</strong></span> <span class='ocrx_word' id='word_1_751' title='bbox 598 5139 641 5193; x_wconf 89' lang='lat' dir='ltr'><strong>Il</strong></span> <span class='ocrx_word' id='word_1_752' title='bbox 678 5139 806 5196; x_wconf 84' lang='lat' dir='ltr'><strong>Cor.</strong></span> <span class='ocrx_word' id='word_1_753' title='bbox 849 5154 922 5206; x_wconf 83' lang='lat' dir='ltr'><strong>tv,</strong></span> <span class='ocrx_word' id='word_1_754' title='bbox 955 5137 1010 5192; x_wconf 80' lang='lat'><strong>5.</strong></span> <span class='ocrx_word' id='word_1_755' title='bbox 1084 5137 1129 5169; x_wconf 72' lang='grc' dir='ltr'>τί</span> <span class='ocrx_word' id='word_1_756' title='bbox 1171 5136 1330 5190; x_wconf 82' lang='lat' dir='ltr'><strong>Rom.</strong></span> <span class='ocrx_word' id='word_1_757' title='bbox 1360 5151 1435 5204; x_wconf 82' lang='lat' dir='ltr'><strong>rx,</strong></span> <span class='ocrx_word' id='word_1_758' title='bbox 1469 5137 1520 5192; x_wconf 81' lang='lat'><strong>5.</strong></span> 
     </span>
    </p>
   </div>
   <div class='ocr_carea' id='block_1_100' title="bbox 520 5312 2010 5386">
    <p class='ocr_par' dir='ltr' id='par_1_100' title="bbox 520 5312 2010 5386">
     <span class='ocr_line' id='line_1_100' title="bbox 520 5312 2010 5386; baseline -0.001 -16"><span class='ocrx_word' id='word_1_759' title='bbox 520 5318 596 5386; x_wconf 87' lang='lat' dir='ltr'><strong>(l)</strong></span> <span class='ocrx_word' id='word_1_760' title='bbox 624 5317 906 5374; x_wconf 82' lang='lat' dir='ltr'><strong>Recitatur</strong></span> <span class='ocrx_word' id='word_1_761' title='bbox 949 5315 1035 5370; x_wconf 88' lang='lat' dir='ltr'><strong>hic</strong></span> <span class='ocrx_word' id='word_1_762' title='bbox 1063 5322 1268 5386; x_wconf 85' lang='lat' dir='ltr'><strong>tractus</strong></span> <span class='ocrx_word' id='word_1_763' title='bbox 1315 5312 1630 5386; x_wconf 62' lang='lat' dir='ltr'><strong>nomiuatim</strong></span> <span class='ocrx_word' id='word_1_764' title='bbox 1665 5330 1726 5368; x_wconf 84' lang='lat' dir='ltr'><strong>ex</strong></span> <span class='ocrx_word' id='word_1_765' title='bbox 1759 5316 1859 5370; x_wconf 93' lang='lat' dir='ltr'><strong>hoc</strong></span> <span class='ocrx_word' id='word_1_766' title='bbox 1903 5314 2010 5385; x_wconf 85' lang='lat' dir='ltr'><strong>Cy-</strong></span> 
     </span>
    </p>
   </div>
   <div class='ocr_carea' id='block_1_101' title="bbox 451 5382 2013 5452">
    <p class='ocr_par' dir='ltr' id='par_1_101' title="bbox 451 5382 2013 5452">
     <span class='ocr_line' id='line_1_101' title="bbox 451 5382 2013 5452; baseline -0.003 -12"><span class='ocrx_word' id='word_1_767' title='bbox 451 5382 556 5440; x_wconf 86' lang='lat' dir='ltr'><strong>rilli</strong></span> <span class='ocrx_word' id='word_1_768' title='bbox 580 5382 830 5441; x_wconf 86' lang='lat' dir='ltr'><strong>sermone</strong></span> <span class='ocrx_word' id='word_1_769' title='bbox 854 5405 880 5438; x_wconf 89' lang='lat' dir='ltr'><strong>a</strong></span> <span class='ocrx_word' id='word_1_770' title='bbox 904 5385 1208 5440; x_wconf 85' lang='lat' dir='ltr'><strong>Justiniano</strong></span> <span class='ocrx_word' id='word_1_771' title='bbox 1239 5385 1366 5452; x_wconf 90' lang='lat' dir='ltr'><strong>imp.</strong></span> <span class='ocrx_word' id='word_1_772' title='bbox 1390 5383 1441 5436; x_wconf 90' lang='lat' dir='ltr'><strong>in</strong></span> <span class='ocrx_word' id='word_1_773' title='bbox 1463 5382 1795 5438; x_wconf 87' lang='lat' dir='ltr'><strong>Tractatuad</strong></span> <span class='ocrx_word' id='word_1_774' title='bbox 1826 5382 2013 5439; x_wconf 77' lang='lat' dir='ltr'><strong>mona-</strong></span> 
     </span>
    </p>
   </div>
   <div class='ocr_carea' id='block_1_102' title="bbox 1599 5137 2108 5202">
    <p class='ocr_par' dir='ltr' id='par_1_102' title="bbox 1599 5137 2108 5202">
     <span class='ocr_line' id='line_1_102' title="bbox 1599 5137 2108 5202; baseline 0.008 -12"><span class='ocrx_word' id='word_1_775' title='bbox 1599 5138 1645 5169; x_wconf 89' lang='grc'>⁷³</span> <span class='ocrx_word' id='word_1_776' title='bbox 1678 5137 1832 5194; x_wconf 82' lang='lat' dir='ltr'><strong>Joan.</strong></span> <span class='ocrx_word' id='word_1_777' title='bbox 1868 5153 1986 5202; x_wconf 85' lang='lat' dir='ltr'><strong>vm,</strong></span> <span class='ocrx_word' id='word_1_778' title='bbox 2018 5138 2108 5194; x_wconf 70' lang='grc'><strong>40.</strong></span> 
     </span>
    </p>
   </div>
   <div class='ocr_carea' id='block_1_103' title="bbox 2128 4505 3698 4578">
    <p class='ocr_par' dir='ltr' id='par_1_103' title="bbox 2128 4505 3698 4578">
     <span class='ocr_line' id='line_1_103' title="bbox 2128 4505 3698 4578; baseline -0.002 -19"><span class='ocrx_word' id='word_1_779' title='bbox 2128 4505 2320 4578; x_wconf 81' lang='grc' dir='ltr'>ριακὴν</span> <span class='ocrx_word' id='word_1_780' title='bbox 2349 4505 2429 4568; x_wconf 84' lang='grc' dir='ltr'><strong>είς</strong></span> <span class='ocrx_word' id='word_1_781' title='bbox 2477 4505 2638 4573; x_wconf 83' lang='grc' dir='ltr'>μέσον</span> <span class='ocrx_word' id='word_1_782' title='bbox 2673 4506 2856 4574; x_wconf 81' lang='grc' dir='ltr'>φωνὴν</span> <span class='ocrx_word' id='word_1_783' title='bbox 2889 4505 3213 4575; x_wconf 79' lang='grc' dir='ltr'>ἀγάγωμεν,</span> <span class='ocrx_word' id='word_1_784' title='bbox 3243 4506 3329 4573; x_wconf 80' lang='grc' dir='ltr'><strong>ἐφ’</strong></span> <span class='ocrx_word' id='word_1_785' title='bbox 3363 4506 3431 4576; x_wconf 82' lang='grc' dir='ltr'>ἢν</span> <span class='ocrx_word' id='word_1_786' title='bbox 3464 4506 3698 4575; x_wconf 83' lang='grc' dir='ltr'>μάλιστα</span> 
     </span>
    </p>
   </div>
   <div class='ocr_carea' id='block_1_104' title="bbox 2121 4595 3699 4666">
    <p class='ocr_par' dir='ltr' id='par_1_104' title="bbox 2121 4595 3699 4666">
     <span class='ocr_line' id='line_1_104' title="bbox 2121 4595 3699 4666; baseline 0 -17"><span class='ocrx_word' id='word_1_787' title='bbox 2121 4597 2215 4650; x_wconf 71' lang='grc' dir='ltr'>καὶ</span> <span class='ocrx_word' id='word_1_788' title='bbox 2248 4595 2579 4666; x_wconf 84' lang='grc' dir='ltr'>θρασύτερον</span> <span class='ocrx_word' id='word_1_789' title='bbox 2612 4598 2746 4666; x_wconf 77' lang='grc' dir='ltr'>ἡμῖν</span> <span class='ocrx_word' id='word_1_790' title='bbox 2773 4595 3084 4663; x_wconf 81' lang='grc' dir='ltr'>ἐφίστανται</span> <span class='ocrx_word' id='word_1_791' title='bbox 3115 4596 3385 4663; x_wconf 86' lang='grc' dir='ltr'>λέγοντες,</span> <span class='ocrx_word' id='word_1_792' title='bbox 3417 4597 3496 4660; x_wconf 81' lang='grc' dir='ltr'>ὡς</span> <span class='ocrx_word' id='word_1_793' title='bbox 3538 4597 3699 4659; x_wconf 80' lang='grc' dir='ltr'>αὑτὸς</span> 
     </span>
    </p>
   </div>
   <div class='ocr_carea' id='block_1_105' title="bbox 2120 4689 3698 4760">
    <p class='ocr_par' dir='ltr' id='par_1_105' title="bbox 2120 4689 3698 4760">
     <span class='ocr_line' id='line_1_105' title="bbox 2120 4689 3698 4760; baseline -0.001 -17"><span class='ocrx_word' id='word_1_794' title='bbox 2120 4693 2176 4743; x_wconf 75' lang='grc' dir='ltr'>ὲν</span> <span class='ocrx_word' id='word_1_795' title='bbox 2220 4694 2331 4753; x_wconf 86' lang='grc' dir='ltr'>τοῖς</span> <span class='ocrx_word' id='word_1_796' title='bbox 2371 4690 2744 4758; x_wconf 86' lang='grc' dir='ltr'>εὑαγγελικοῖς</span> <span class='ocrx_word' id='word_1_797' title='bbox 2791 4689 3137 4760; x_wconf 86' lang='grc' dir='ltr'>κηρύγμασιν</span> <span class='ocrx_word' id='word_1_798' title='bbox 3183 4689 3473 4760; x_wconf 82' lang='grc' dir='ltr'>ἄνθρωπον</span> <span class='ocrx_word' id='word_1_799' title='bbox 3507 4691 3698 4744; x_wconf 75' lang='grc' dir='ltr'>ἑαυτὸν</span> 
     </span>
    </p>
   </div>
   <div class='ocr_carea' id='block_1_106' title="bbox 2119 4779 3698 4852">
    <p class='ocr_par' dir='ltr' id='par_1_106' title="bbox 2119 4779 3698 4852">
     <span class='ocr_line' id='line_1_106' title="bbox 2119 4779 3698 4852; baseline -0.002 -18"><span class='ocrx_word' id='word_1_800' title='bbox 2119 4783 2469 4852; x_wconf 85' lang='grc' dir='ltr'>ὡμολόγησεν</span> <span class='ocrx_word' id='word_1_801' title='bbox 2489 4779 2670 4849; x_wconf 82' lang='grc' dir='ltr'>λέγων</span> <span class='ocrx_word' id='word_1_802' title='bbox 2690 4797 2702 4809; x_wconf 90' lang='grc'><strong>·</strong></span> <span class='ocrx_word' id='word_1_803' title='bbox 2746 4799 2765 4830; x_wconf 81' lang='lat' dir='ltr'><strong>r</strong></span> <span class='ocrx_word' id='word_1_804' title='bbox 2803 4781 2868 4832; x_wconf 89' lang='grc' dir='ltr'>Τί</span> <span class='ocrx_word' id='word_1_805' title='bbox 2900 4797 2964 4850; x_wconf 90' lang='grc' dir='ltr'><strong>με</strong></span> <span class='ocrx_word' id='word_1_806' title='bbox 2997 4781 3210 4850; x_wconf 80' lang='grc' dir='ltr'>ζητεῖτε</span> <span class='ocrx_word' id='word_1_807' title='bbox 3240 4782 3584 4847; x_wconf 86' lang='grc' dir='ltr'>ἀποκτεῖναι,</span> <span class='ocrx_word' id='word_1_808' title='bbox 3615 4784 3698 4836; x_wconf 79' lang='grc' dir='ltr'>άν-</span> 
     </span>
    </p>
   </div>
   <div class='ocr_carea' id='block_1_107' title="bbox 2122 4874 3697 4945">
    <p class='ocr_par' dir='ltr' id='par_1_107' title="bbox 2122 4874 3697 4945">
     <span class='ocr_line' id='line_1_107' title="bbox 2122 4874 3697 4945; baseline -0.001 -17"><span class='ocrx_word' id='word_1_809' title='bbox 2122 4875 2337 4945; x_wconf 88' lang='grc' dir='ltr'>θρωπον</span> <span class='ocrx_word' id='word_1_810' title='bbox 2363 4875 2422 4937; x_wconf 88' lang='grc' dir='ltr'>ὃς</span> <span class='ocrx_word' id='word_1_811' title='bbox 2449 4875 2548 4944; x_wconf 87' lang='grc' dir='ltr'>τὴν</span> <span class='ocrx_word' id='word_1_812' title='bbox 2570 4874 2827 4943; x_wconf 80' lang='grc' dir='ltr'>ἀλήθειαν</span> <span class='ocrx_word' id='word_1_813' title='bbox 2871 4875 2998 4943; x_wconf 87' lang='grc' dir='ltr'>ὑμῖν</span> <span class='ocrx_word' id='word_1_814' title='bbox 3042 4874 3345 4944; x_wconf 85' lang='grc' dir='ltr'>λελάληκα;</span> <span class='ocrx_word' id='word_1_815' title='bbox 3385 4894 3403 4926; x_wconf 73' lang='grc' dir='ltr'><strong>ι</strong></span> <span class='ocrx_word' id='word_1_816' title='bbox 3437 4876 3500 4927; x_wconf 84' lang='grc' dir='ltr'><strong>Εἰ</strong></span> <span class='ocrx_word' id='word_1_817' title='bbox 3529 4876 3585 4928; x_wconf 85' lang='grc' dir='ltr'><strong>δέ</strong></span> <span class='ocrx_word' id='word_1_818' title='bbox 3617 4893 3697 4936; x_wconf 86' lang='grc' dir='ltr'><strong>τις</strong></span> 
     </span>
    </p>
   </div>
   <div class='ocr_carea' id='block_1_108' title="bbox 2125 4964 3696 5036">
    <p class='ocr_par' dir='ltr' id='par_1_108' title="bbox 2125 4964 3696 5036">
     <span class='ocr_line' id='line_1_108' title="bbox 2125 4964 3696 5036; baseline 0 -18"><span class='ocrx_word' id='word_1_819' title='bbox 2125 4964 2434 5036; x_wconf 82' lang='grc' dir='ltr'>φιλαλήθως</span> <span class='ocrx_word' id='word_1_820' title='bbox 2463 4967 2574 5028; x_wconf 82' lang='grc' dir='ltr'>τοῖς</span> <span class='ocrx_word' id='word_1_821' title='bbox 2600 4964 2975 5033; x_wconf 83' lang='grc' dir='ltr'>εὑαγγελικοῖς</span> <span class='ocrx_word' id='word_1_822' title='bbox 3001 4965 3280 5020; x_wconf 75' lang='grc' dir='ltr'>ἐπιϐάλλει</span> <span class='ocrx_word' id='word_1_823' title='bbox 3301 4966 3543 5036; x_wconf 77' lang='grc' dir='ltr'>χωρίοις,</span> <span class='ocrx_word' id='word_1_824' title='bbox 3569 4966 3696 5018; x_wconf 72' lang='grc' dir='ltr'>ἔνθα</span> 
     </span>
    </p>
   </div>
   <div class='ocr_carea' id='block_1_109' title="bbox 2115 5314 2503 5370">
    <p class='ocr_par' dir='ltr' id='par_1_109' title="bbox 2115 5314 2503 5370">
     <span class='ocr_line' id='line_1_109' title="bbox 2115 5314 2503 5370; baseline 0.005 -2"><span class='ocrx_word' id='word_1_825' title='bbox 2115 5314 2503 5370; x_wconf 85' lang='lat' dir='ltr'><strong>inveniremus.</strong></span> 
     </span>
    </p>
   </div>
   <div class='ocr_carea' id='block_1_110' title="bbox 2185 5379 3697 5465">
    <p class='ocr_par' dir='ltr' id='par_1_110' title="bbox 2185 5379 3697 5465">
     <span class='ocr_line' id='line_1_110' title="bbox 2185 5379 3697 5465; baseline -0.003 -28"><span class='ocrx_word' id='word_1_826' title='bbox 2185 5384 2259 5465; x_wconf 64' lang='lat'><strong>(2)</strong></span> <span class='ocrx_word' id='word_1_827' title='bbox 2290 5385 2472 5465; x_wconf 41' lang='lat' dir='ltr'><strong>[lu-ne-</strong></span> <span class='ocrx_word' id='word_1_828' title='bbox 2496 5399 2710 5465; x_wconf 77' lang='lat' dir='ltr'><strong>quoque</strong></span> <span class='ocrx_word' id='word_1_829' title='bbox 2753 5379 2941 5465; x_wconf 74' lang='lat' dir='ltr'><strong>Cyrilli</strong></span> <span class='ocrx_word' id='word_1_830' title='bbox 2986 5390 3218 5465; x_wconf 71' lang='lat' dir='ltr'><strong>tractum</strong></span> <span class='ocrx_word' id='word_1_831' title='bbox 3270 5381 3484 5465; x_wconf 68' lang='lat' dir='ltr'><strong>recitat,</strong></span> <span class='ocrx_word' id='word_1_832' title='bbox 3526 5391 3580 5465; x_wconf 79' lang='lat' dir='ltr'><strong>et</strong></span> <span class='ocrx_word' id='word_1_833' title='bbox 3603 5395 3697 5465; x_wconf 84' lang='lat' dir='ltr'><strong>suo</strong></span> 
     </span>
    </p>
   </div>
   <div class='ocr_carea' id='block_1_111' title="bbox 451 5452 3695 5532">
    <p class='ocr_par' dir='ltr' id='par_1_111' title="bbox 451 5452 3695 5532">
     <span class='ocr_line' id='line_1_111' title="bbox 451 5452 3695 5532; baseline -0.002 -23"><span class='ocrx_word' id='word_1_834' title='bbox 451 5457 582 5509; x_wconf 89' lang='lat' dir='ltr'><strong>chos</strong></span> <span class='ocrx_word' id='word_1_835' title='bbox 608 5456 1000 5532; x_wconf 45' lang='lat' dir='ltr'><strong>glesandrinos</strong></span> <span class='ocrx_word' id='word_1_836' title='bbox 1038 5455 1464 5532; x_wconf 70' lang='lat' dir='ltr'><strong>_h_l_onopl_iysitas,</strong></span> <span class='ocrx_word' id='word_1_837' title='bbox 1492 5469 1798 5532; x_wconf 44' lang='lat' dir='ltr'><strong>Qtleiltmnoi</strong></span> <span class='ocrx_word' id='word_1_838' title='bbox 1837 5456 2011 5532; x_wconf 76' lang='lat' dir='ltr'><strong>edidi-</strong></span> <span class='ocrx_word' id='word_1_839' title='bbox 2111 5452 2424 5532; x_wconf 56' lang='lat' dir='ltr'><strong>testimonio</strong></span> <span class='ocrx_word' id='word_1_840' title='bbox 2446 5452 2576 5532; x_wconf 79' lang='lat' dir='ltr'><strong>facit</strong></span> <span class='ocrx_word' id='word_1_841' title='bbox 2599 5452 3476 5532; x_wconf 27' lang='lat' dir='ltr'><strong>a‘uthen&#39;tic_um_.ins_tiniartusloco</strong></span> <span class='ocrx_word' id='word_1_842' title='bbox 3505 5454 3695 5529; x_wconf 76' lang='lat' dir='ltr'><strong>citato.</strong></span> 
     </span>
    </p>
   </div>
   <div class='ocr_carea' id='block_1_112' title="bbox 450 5523 2010 5594">
    <p class='ocr_par' dir='ltr' id='par_1_112' title="bbox 450 5523 2010 5594">
     <span class='ocr_line' id='line_1_112' title="bbox 450 5523 2010 5594; baseline 0 -16"><span class='ocrx_word' id='word_1_843' title='bbox 450 5540 570 5580; x_wconf 87' lang='lat' dir='ltr'><strong>mus</strong></span> <span class='ocrx_word' id='word_1_844' title='bbox 602 5527 798 5590; x_wconf 84' lang='lat' dir='ltr'><strong>Script.</strong></span> <span class='ocrx_word' id='word_1_845' title='bbox 828 5536 923 5578; x_wconf 82' lang='lat' dir='ltr'><strong>vet.</strong></span> <span class='ocrx_word' id='word_1_846' title='bbox 960 5536 998 5578; x_wconf 91' lang='lat' dir='ltr'><strong>t.</strong></span> <span class='ocrx_word' id='word_1_847' title='bbox 1038 5524 1146 5586; x_wconf 85' lang='lat' dir='ltr'><strong>VII,</strong></span> <span class='ocrx_word' id='word_1_848' title='bbox 1181 5523 1484 5594; x_wconf 30' lang='lat' dir='ltr'><strong>cujusuvide</strong></span> <span class='ocrx_word' id='word_1_849' title='bbox 1518 5542 1570 5594; x_wconf 91' lang='lat' dir='ltr'><strong>p.</strong></span> <span class='ocrx_word' id='word_1_850' title='bbox 1599 5525 1725 5578; x_wconf 80' lang='lat'><strong>506.</strong></span> <span class='ocrx_word' id='word_1_851' title='bbox 1759 5523 2010 5578; x_wconf 86' lang='lat' dir='ltr'><strong>Feliciter</strong></span> 
     </span>
    </p>
   </div>
   <div class='ocr_carea' id='block_1_113' title="bbox 449 5592 2006 5662">
    <p class='ocr_par' dir='ltr' id='par_1_113' title="bbox 449 5592 2006 5662">
     <span class='ocr_line' id='line_1_113' title="bbox 449 5592 2006 5662; baseline 0.001 -14"><span class='ocrx_word' id='word_1_852' title='bbox 449 5609 578 5649; x_wconf 83' lang='lat' dir='ltr'><strong>vero</strong></span> <span class='ocrx_word' id='word_1_853' title='bbox 607 5594 763 5650; x_wconf 87' lang='lat' dir='ltr'><strong>nobis</strong></span> <span class='ocrx_word' id='word_1_854' title='bbox 810 5595 1057 5662; x_wconf 79' lang='lat' dir='ltr'><strong>contigit,</strong></span> <span class='ocrx_word' id='word_1_855' title='bbox 1097 5605 1156 5646; x_wconf 89' lang='lat' dir='ltr'><strong>ut</strong></span> <span class='ocrx_word' id='word_1_856' title='bbox 1201 5592 1386 5662; x_wconf 85' lang='lat' dir='ltr'><strong>Cyrilli</strong></span> <span class='ocrx_word' id='word_1_857' title='bbox 1441 5592 1600 5647; x_wconf 82' lang='lat' dir='ltr'><strong>simul</strong></span> <span class='ocrx_word' id='word_1_858' title='bbox 1645 5609 1798 5662; x_wconf 90' lang='lat' dir='ltr'><strong>opus,</strong></span> <span class='ocrx_word' id='word_1_859' title='bbox 1835 5596 2006 5661; x_wconf 87' lang='lat' dir='ltr'><strong>deque</strong></span> 
     </span>
    </p>
   </div>
   <div class='ocr_carea' id='block_1_114' title="bbox 447 5661 2004 5735">
    <p class='ocr_par' dir='ltr' id='par_1_114' title="bbox 447 5661 2004 5735">
     <span class='ocr_line' id='line_1_114' title="bbox 447 5661 2004 5735; baseline -0.001 -15"><span class='ocrx_word' id='word_1_860' title='bbox 447 5679 515 5720; x_wconf 80' lang='lat' dir='ltr'><strong>eo</strong></span> <span class='ocrx_word' id='word_1_861' title='bbox 557 5664 732 5735; x_wconf 85' lang='lat' dir='ltr'><strong>regale</strong></span> <span class='ocrx_word' id='word_1_862' title='bbox 784 5677 848 5718; x_wconf 88' lang='lat' dir='ltr'><strong>ac</strong></span> <span class='ocrx_word' id='word_1_863' title='bbox 897 5661 1255 5718; x_wconf 80' lang='lat' dir='ltr'><strong>certissimum</strong></span> <span class='ocrx_word' id='word_1_864' title='bbox 1302 5661 1592 5719; x_wconf 82' lang='lat' dir='ltr'><strong>Justiuiani</strong></span> <span class='ocrx_word' id='word_1_865' title='bbox 1642 5661 2004 5720; x_wconf 82' lang='lat' dir='ltr'><strong>testimonium</strong></span> 
     </span>
    </p>
   </div>
   <div class='ocr_carea' id='block_1_115' title="bbox 2187 5520 3698 5596">
    <p class='ocr_par' dir='ltr' id='par_1_115' title="bbox 2187 5520 3698 5596">
     <span class='ocr_line' id='line_1_115' title="bbox 2187 5520 3698 5596; baseline -0.003 -20"><span class='ocrx_word' id='word_1_866' title='bbox 2187 5524 2259 5596; x_wconf 84' lang='grc'><strong>(5)</strong></span> <span class='ocrx_word' id='word_1_867' title='bbox 2289 5527 2425 5596; x_wconf 83' lang='lat' dir='ltr'><strong>Apte</strong></span> <span class='ocrx_word' id='word_1_868' title='bbox 2472 5527 2645 5596; x_wconf 85' lang='lat' dir='ltr'><strong>utitur</strong></span> <span class='ocrx_word' id='word_1_869' title='bbox 2692 5527 2795 5580; x_wconf 89' lang='lat' dir='ltr'><strong>hac</strong></span> <span class='ocrx_word' id='word_1_870' title='bbox 2841 5525 3192 5596; x_wconf 90' lang='lat' dir='ltr'><strong>similitudine</strong></span> <span class='ocrx_word' id='word_1_871' title='bbox 3232 5521 3499 5596; x_wconf 68' lang='lat' dir='ltr'><strong>Cyrillus,</strong></span> <span class='ocrx_word' id='word_1_872' title='bbox 3546 5520 3698 5596; x_wconf 76' lang='lat' dir='ltr'><strong>cujus</strong></span> 
     </span>
    </p>
   </div>
   <div class='ocr_carea' id='block_1_116' title="bbox 2108 5590 3696 5721">
    <p class='ocr_par' dir='ltr' id='par_1_116' title="bbox 2108 5590 3696 5721">
     <span class='ocr_line' id='line_1_116' title="bbox 2108 5590 3696 5721; baseline -0.003 -74"><span class='ocrx_word' id='word_1_873' title='bbox 2108 5590 2268 5721; x_wconf 44' lang='lat' dir='ltr'><strong>tua:</strong></span> <span class='ocrx_word' id='word_1_874' title='bbox 2506 5595 2862 5665; x_wconf 82' lang='lat' dir='ltr'><strong>imperatores</strong></span> <span class='ocrx_word' id='word_1_875' title='bbox 2886 5595 3252 5657; x_wconf 74' lang='lat' dir='ltr'><strong>consulatum,</strong></span> <span class='ocrx_word' id='word_1_876' title='bbox 3287 5606 3411 5646; x_wconf 88' lang='lat' dir='ltr'><strong>cum</strong></span> <span class='ocrx_word' id='word_1_877' title='bbox 3452 5592 3536 5648; x_wconf 90' lang='lat' dir='ltr'><strong>eis</strong></span> <span class='ocrx_word' id='word_1_878' title='bbox 3568 5590 3696 5644; x_wconf 79' lang='lat' dir='ltr'><strong>libe-</strong></span> 
     </span>
     <span class='ocr_line' id='line_1_117' title="bbox 2148 5673 2517 5721; baseline 0.003 -2"><span class='ocrx_word' id='word_1_879' title='bbox 2148 5673 2220 5721; x_wconf 87' lang='lat' dir='ltr'><strong>at.</strong></span> <span class='ocrx_word' id='word_1_880' title='bbox 2269 5678 2298 5719; x_wconf 88' lang='lat' dir='ltr'><strong>a</strong></span> <span class='ocrx_word' id='word_1_881' title='bbox 2344 5680 2356 5719; x_wconf 91' lang='grc' dir='ltr'><strong>ι</strong></span> <span class='ocrx_word' id='word_1_882' title='bbox 2403 5675 2517 5720; x_wconf 87' lang='lat' dir='ltr'><strong>ant.</strong></span> 
     </span>
    </p>
   </div>
   <div class='ocr_carea' id='block_1_117' title="bbox 2148 5673 2517 5731">
    <p class='ocr_par' dir='ltr' id='par_1_117' title="bbox 2148 5673 2517 5731">
     <span class='ocr_line' id='line_1_118' title="bbox 2148 5673 2517 5731; baseline 0.003 -12"><span class='ocrx_word' id='word_1_883' title='bbox 2148 5673 2220 5731; x_wconf 88' lang='lat' dir='ltr'><strong>at,</strong></span> <span class='ocrx_word' id='word_1_884' title='bbox 2269 5673 2517 5720; x_wconf 77' lang='lat' dir='ltr'><strong>adibant.</strong></span> 
     </span>
    </p>
   </div>
  </div>
