  <div class='ocr_page' id='page_1' title='image "/cluster/home/n/w/nwhite01/storage/ocr_20150623/76/mdp.39015013094878/144.png"; bbox 0 0 4014 6128; ppageno 0'>
   <div class='ocr_carea' id='block_1_1' title="bbox 294 301 396 357">
    <p class='ocr_par' dir='ltr' id='par_1_1' title="bbox 294 301 396 357">
     <span class='ocr_line' id='line_1_1' title="bbox 294 301 396 357; baseline -0.01 -1"><span class='ocrx_word' id='word_1_1' title='bbox 294 301 396 357; x_wconf 74' lang='lat'><strong>275</strong></span> 
     </span>
    </p>
   </div>
   <div class='ocr_carea' id='block_1_2' title="bbox 1399 298 2456 367">
    <p class='ocr_par' dir='ltr' id='par_1_2' title="bbox 1399 298 2456 367">
     <span class='ocr_line' id='line_1_2' title="bbox 1399 298 2456 367; baseline 0.004 -11"><span class='ocrx_word' id='word_1_2' title='bbox 1399 298 1588 367; x_wconf 82' lang='lat' dir='ltr'><strong>QUOD</strong></span> <span class='ocrx_word' id='word_1_3' title='bbox 1627 299 1687 357; x_wconf 84' lang='grc' dir='ltr'><strong>Β.</strong></span> <span class='ocrx_word' id='word_1_4' title='bbox 1733 299 1947 357; x_wconf 72' lang='lat' dir='ltr'><strong>MARIA</strong></span> <span class='ocrx_word' id='word_1_5' title='bbox 1992 303 2098 358; x_wconf 90' lang='lat' dir='ltr'><strong>SIT</strong></span> <span class='ocrx_word' id='word_1_6' title='bbox 2139 301 2456 361; x_wconf 79' lang='lat' dir='ltr'><strong>DEIPARA.</strong></span> 
     </span>
    </p>
   </div>
   <div class='ocr_carea' id='block_1_3' title="bbox 3441 301 3546 358">
    <p class='ocr_par' dir='ltr' id='par_1_3' title="bbox 3441 301 3546 358">
     <span class='ocr_line' id='line_1_3' title="bbox 3441 301 3546 358; baseline 0.038 -4"><span class='ocrx_word' id='word_1_7' title='bbox 3441 301 3546 358; x_wconf 64' lang='grc'><strong>974</strong></span> 
     </span>
    </p>
   </div>
   <div class='ocr_carea' id='block_1_4' title="bbox 294 414 1903 493">
    <p class='ocr_par' dir='ltr' id='par_1_4' title="bbox 294 416 1877 490">
     <span class='ocr_line' id='line_1_4' title="bbox 294 416 1877 490; baseline 0.001 -17"><span class='ocrx_word' id='word_1_8' title='bbox 294 420 455 474; x_wconf 83' lang='grc' dir='ltr'>τοῦτο</span> <span class='ocrx_word' id='word_1_9' title='bbox 476 417 774 489; x_wconf 79' lang='grc' dir='ltr'>λελάληκεν</span> <span class='ocrx_word' id='word_1_10' title='bbox 798 419 826 471; x_wconf 85' lang='grc' dir='ltr'>ὁ</span> <span class='ocrx_word' id='word_1_11' title='bbox 847 416 1058 488; x_wconf 85' lang='grc' dir='ltr'>Σωτὴρ,</span> <span class='ocrx_word' id='word_1_12' title='bbox 1092 417 1298 490; x_wconf 82' lang='grc' dir='ltr'>σφόδρα</span> <span class='ocrx_word' id='word_1_13' title='bbox 1341 421 1752 488; x_wconf 84' lang='grc' dir='ltr'><strong>καταγνώσεται</strong></span> <span class='ocrx_word' id='word_1_14' title='bbox 1778 422 1877 490; x_wconf 83' lang='grc' dir='ltr'><strong>τῆς</strong></span> 
     </span>
    </p>
   </div>
   <div class='ocr_carea' id='block_1_5' title="bbox 2007 414 3552 493">
    <p class='ocr_par' dir='ltr' id='par_1_5' title="bbox 2007 414 3552 491">
     <span class='ocr_line' id='line_1_5' title="bbox 2007 414 3552 491; baseline -0.004 -13"><span class='ocrx_word' id='word_1_15' title='bbox 2007 423 2180 487; x_wconf 86' lang='lat' dir='ltr'><strong>;elicos</strong></span> <span class='ocrx_word' id='word_1_16' title='bbox 2209 422 2377 491; x_wconf 87' lang='lat' dir='ltr'><strong>adibit</strong></span> <span class='ocrx_word' id='word_1_17' title='bbox 2427 421 2594 487; x_wconf 90' lang='lat' dir='ltr'><strong>locos,</strong></span> <span class='ocrx_word' id='word_1_18' title='bbox 2649 419 2735 474; x_wconf 91' lang='lat' dir='ltr'><strong>hic</strong></span> <span class='ocrx_word' id='word_1_19' title='bbox 2787 416 2880 474; x_wconf 89' lang='lat' dir='ltr'><strong>ubi</strong></span> <span class='ocrx_word' id='word_1_20' title='bbox 2927 415 3185 472; x_wconf 89' lang='lat' dir='ltr'><strong>Servator</strong></span> <span class='ocrx_word' id='word_1_21' title='bbox 3217 414 3292 470; x_wconf 88' lang='lat' dir='ltr'><strong>ita</strong></span> <span class='ocrx_word' id='word_1_22' title='bbox 3338 415 3552 473; x_wconf 89' lang='lat' dir='ltr'><strong>locutus</strong></span> 
     </span>
    </p>
   </div>
   <div class='ocr_carea' id='block_1_6' title="bbox 295 505 1875 578">
    <p class='ocr_par' dir='ltr' id='par_1_6' title="bbox 295 505 1875 578">
     <span class='ocr_line' id='line_1_6' title="bbox 295 505 1875 578; baseline -0.002 -15"><span class='ocrx_word' id='word_1_23' title='bbox 295 509 635 578; x_wconf 85' lang='grc' dir='ltr'>κακοτέχνου</span> <span class='ocrx_word' id='word_1_24' title='bbox 675 505 896 576; x_wconf 83' lang='grc' dir='ltr'><strong>γνώμης</strong></span> <span class='ocrx_word' id='word_1_25' title='bbox 938 505 1139 573; x_wconf 83' lang='grc' dir='ltr'>αὐτῶν,</span> <span class='ocrx_word' id='word_1_26' title='bbox 1172 507 1264 560; x_wconf 76' lang='grc' dir='ltr'><strong>καὶ</strong></span> <span class='ocrx_word' id='word_1_27' title='bbox 1313 507 1758 578; x_wconf 81' lang='grc' dir='ltr'>φιλεγκλήμονας</span> <span class='ocrx_word' id='word_1_28' title='bbox 1797 508 1875 560; x_wconf 82' lang='grc' dir='ltr'>δι·</span> 
     </span>
    </p>
   </div>
   <div class='ocr_carea' id='block_1_7' title="bbox 297 597 1876 667">
    <p class='ocr_par' dir='ltr' id='par_1_7' title="bbox 297 597 1876 667">
     <span class='ocr_line' id='line_1_7' title="bbox 297 597 1876 667; baseline -0.003 -14"><span class='ocrx_word' id='word_1_29' title='bbox 297 600 474 662; x_wconf 87' lang='grc' dir='ltr'>καίως</span> <span class='ocrx_word' id='word_1_30' title='bbox 520 597 847 651; x_wconf 83' lang='grc' dir='ltr'>ἀποκαλέσει</span> <span class='ocrx_word' id='word_1_31' title='bbox 897 598 992 649; x_wconf 70' lang='grc' dir='ltr'><strong>καὶ</strong></span> <span class='ocrx_word' id='word_1_32' title='bbox 1056 598 1430 664; x_wconf 74' lang='grc' dir='ltr'><strong>συκοφάντας⁹</strong></span> <span class='ocrx_word' id='word_1_33' title='bbox 1483 598 1722 651; x_wconf 82' lang='grc' dir='ltr'>τοσαῦτα</span> <span class='ocrx_word' id='word_1_34' title='bbox 1765 597 1876 667; x_wconf 83' lang='grc' dir='ltr'><strong>γὰρ</strong></span> 
     </span>
    </p>
   </div>
   <div class='ocr_carea' id='block_1_8' title="bbox 297 687 1876 760">
    <p class='ocr_par' dir='ltr' id='par_1_8' title="bbox 297 687 1876 760">
     <span class='ocr_line' id='line_1_8' title="bbox 297 687 1876 760; baseline -0.001 -18"><span class='ocrx_word' id='word_1_35' title='bbox 297 691 595 758; x_wconf 74' lang='grc' dir='ltr'>λελάληκεν</span> <span class='ocrx_word' id='word_1_36' title='bbox 623 689 727 760; x_wconf 76' lang='grc' dir='ltr'>πρὸ</span> <span class='ocrx_word' id='word_1_37' title='bbox 750 687 954 756; x_wconf 82' lang='grc' dir='ltr'><strong>ταύτης</strong></span> <span class='ocrx_word' id='word_1_38' title='bbox 980 688 1082 756; x_wconf 91' lang='grc' dir='ltr'><strong>τῆς</strong></span> <span class='ocrx_word' id='word_1_39' title='bbox 1107 688 1322 754; x_wconf 81' lang='grc' dir='ltr'>λέξεως,</span> <span class='ocrx_word' id='word_1_40' title='bbox 1349 688 1480 742; x_wconf 82' lang='grc' dir='ltr'><strong>Θεὸν</strong></span> <span class='ocrx_word' id='word_1_41' title='bbox 1517 688 1709 742; x_wconf 79' lang='grc' dir='ltr'>ἑαυτὸν</span> <span class='ocrx_word' id='word_1_42' title='bbox 1737 689 1876 741; x_wconf 83' lang='grc' dir='ltr'>ἀπο·</span> 
     </span>
    </p>
   </div>
   <div class='ocr_carea' id='block_1_9' title="bbox 299 779 1879 850">
    <p class='ocr_par' dir='ltr' id='par_1_9' title="bbox 299 779 1879 850">
     <span class='ocr_line' id='line_1_9' title="bbox 299 779 1879 850; baseline -0.001 -16"><span class='ocrx_word' id='word_1_43' title='bbox 299 781 510 850; x_wconf 86' lang='grc' dir='ltr'>φαίνων</span> <span class='ocrx_word' id='word_1_44' title='bbox 566 782 659 834; x_wconf 74' lang='grc' dir='ltr'>καὶ</span> <span class='ocrx_word' id='word_1_45' title='bbox 705 780 840 833; x_wconf 78' lang='grc' dir='ltr'>Θεοῦ</span> <span class='ocrx_word' id='word_1_46' title='bbox 890 780 1037 845; x_wconf 80' lang='grc' dir='ltr'>Υἱὸν,</span> <span class='ocrx_word' id='word_1_47' title='bbox 1083 779 1158 842; x_wconf 86' lang='grc' dir='ltr'>ὡς</span> <span class='ocrx_word' id='word_1_48' title='bbox 1203 780 1294 832; x_wconf 76' lang='grc' dir='ltr'>καὶ</span> <span class='ocrx_word' id='word_1_49' title='bbox 1338 780 1534 843; x_wconf 77' lang='grc' dir='ltr'>αὐτοὺς</span> <span class='ocrx_word' id='word_1_50' title='bbox 1584 780 1706 832; x_wconf 86' lang='grc' dir='ltr'>τότε</span> <span class='ocrx_word' id='word_1_51' title='bbox 1753 781 1879 843; x_wconf 83' lang='grc' dir='ltr'>τοὺς</span> 
     </span>
    </p>
   </div>
   <div class='ocr_carea' id='block_1_10' title="bbox 310 870 1880 942">
    <p class='ocr_par' dir='ltr' id='par_1_10' title="bbox 310 870 1880 942">
     <span class='ocr_line' id='line_1_10' title="bbox 310 870 1880 942; baseline -0.002 -17"><span class='ocrx_word' id='word_1_52' title='bbox 310 873 626 938; x_wconf 76' lang='grc' dir='ltr'><strong>Ἰουδαίους,</strong></span> <span class='ocrx_word' id='word_1_53' title='bbox 681 871 914 941; x_wconf 81' lang='grc' dir='ltr'>ἐπείπερ</span> <span class='ocrx_word' id='word_1_54' title='bbox 972 871 1310 939; x_wconf 79' lang='grc' dir='ltr'>ὲτύφλωττον</span> <span class='ocrx_word' id='word_1_55' title='bbox 1372 874 1473 942; x_wconf 81' lang='grc' dir='ltr'><strong>τῆς</strong></span> <span class='ocrx_word' id='word_1_56' title='bbox 1530 871 1770 933; x_wconf 82' lang='grc' dir='ltr'><strong>διανοίας</strong></span> <span class='ocrx_word' id='word_1_57' title='bbox 1816 870 1880 923; x_wconf 87' lang='grc' dir='ltr'><strong>τὸ</strong></span> 
     </span>
    </p>
   </div>
   <div class='ocr_carea' id='block_1_11' title="bbox 304 962 1876 1036">
    <p class='ocr_par' dir='ltr' id='par_1_11' title="bbox 304 962 1876 1036">
     <span class='ocr_line' id='line_1_11' title="bbox 304 962 1876 1036; baseline -0.003 -17"><span class='ocrx_word' id='word_1_58' title='bbox 304 968 472 1036; x_wconf 77' lang='grc' dir='ltr'>δμμα,</span> <span class='ocrx_word' id='word_1_59' title='bbox 501 964 591 1018; x_wconf 84' lang='grc' dir='ltr'>διὰ</span> <span class='ocrx_word' id='word_1_60' title='bbox 619 963 779 1017; x_wconf 80' lang='grc' dir='ltr'>τοῦτο</span> <span class='ocrx_word' id='word_1_61' title='bbox 812 963 1048 1033; x_wconf 85' lang='grc' dir='ltr'>μάλιστα</span> <span class='ocrx_word' id='word_1_62' title='bbox 1085 962 1370 1032; x_wconf 84' lang='grc' dir='ltr'>βούλεσθαι</span> <span class='ocrx_word' id='word_1_63' title='bbox 1403 962 1564 1015; x_wconf 82' lang='grc' dir='ltr'>αὐτὸν</span> <span class='ocrx_word' id='word_1_64' title='bbox 1595 963 1837 1031; x_wconf 83' lang='grc' dir='ltr'>ἀναιρεῖν</span> <span class='ocrx_word' id='word_1_65' title='bbox 1862 999 1876 1014; x_wconf 94' lang='grc'><strong>.</strong></span> 
     </span>
    </p>
   </div>
   <div class='ocr_carea' id='block_1_12' title="bbox 311 1053 1882 1124">
    <p class='ocr_par' dir='ltr' id='par_1_12' title="bbox 311 1053 1882 1124">
     <span class='ocr_line' id='line_1_12' title="bbox 311 1053 1882 1124; baseline -0.002 -16"><span class='ocrx_word' id='word_1_66' title='bbox 311 1057 419 1110; x_wconf 73' lang='grc' dir='ltr'><strong>Καὶ</strong></span> <span class='ocrx_word' id='word_1_67' title='bbox 445 1056 623 1110; x_wconf 81' lang='grc' dir='ltr'>πάντα</span> <span class='ocrx_word' id='word_1_68' title='bbox 663 1057 849 1108; x_wconf 84' lang='grc' dir='ltr'>ὲκεῖνα</span> <span class='ocrx_word' id='word_1_69' title='bbox 897 1056 1076 1123; x_wconf 82' lang='grc' dir='ltr'>σιωπῇ</span> <span class='ocrx_word' id='word_1_70' title='bbox 1101 1053 1504 1124; x_wconf 78' lang='grc' dir='ltr'><strong>παραδιδόντες,</strong></span> <span class='ocrx_word' id='word_1_71' title='bbox 1551 1053 1754 1124; x_wconf 88' lang='grc' dir='ltr'>ταύτην</span> <span class='ocrx_word' id='word_1_72' title='bbox 1784 1053 1882 1122; x_wconf 83' lang='grc' dir='ltr'>ἀρ-</span> 
     </span>
    </p>
   </div>
   <div class='ocr_carea' id='block_1_13' title="bbox 307 1145 1884 1217">
    <p class='ocr_par' dir='ltr' id='par_1_13' title="bbox 307 1145 1884 1217">
     <span class='ocr_line' id='line_1_13' title="bbox 307 1145 1884 1217; baseline -0.003 -15"><span class='ocrx_word' id='word_1_73' title='bbox 307 1150 532 1212; x_wconf 78' lang='grc' dir='ltr'>πάζουσι</span> <span class='ocrx_word' id='word_1_74' title='bbox 559 1148 659 1216; x_wconf 84' lang='grc' dir='ltr'><strong>τὴν</strong></span> <span class='ocrx_word' id='word_1_75' title='bbox 688 1146 854 1211; x_wconf 79' lang='grc' dir='ltr'>λέξιν,</span> <span class='ocrx_word' id='word_1_76' title='bbox 884 1146 1067 1217; x_wconf 76' lang='grc' dir='ltr'>ὅμοιόν</span> <span class='ocrx_word' id='word_1_77' title='bbox 1097 1163 1146 1200; x_wconf 88' lang='grc' dir='ltr'><strong>τι</strong></span> <span class='ocrx_word' id='word_1_78' title='bbox 1172 1145 1452 1208; x_wconf 84' lang='grc' dir='ltr'>ποιοῦντες</span> <span class='ocrx_word' id='word_1_79' title='bbox 1478 1148 1592 1206; x_wconf 83' lang='grc' dir='ltr'>τοῖς</span> <span class='ocrx_word' id='word_1_80' title='bbox 1619 1146 1741 1198; x_wconf 88' lang='grc' dir='ltr'>τότε</span> <span class='ocrx_word' id='word_1_81' title='bbox 1783 1146 1884 1197; x_wconf 82' lang='grc' dir='ltr'><strong>Φα-</strong></span> 
     </span>
    </p>
   </div>
   <div class='ocr_carea' id='block_1_14' title="bbox 311 1235 1881 1310">
    <p class='ocr_par' dir='ltr' id='par_1_14' title="bbox 311 1235 1881 1310">
     <span class='ocr_line' id='line_1_14' title="bbox 311 1235 1881 1310; baseline -0.004 -18"><span class='ocrx_word' id='word_1_82' title='bbox 311 1241 536 1310; x_wconf 85' lang='grc' dir='ltr'>ρισαίοις</span> <span class='ocrx_word' id='word_1_83' title='bbox 555 1255 569 1268; x_wconf 69' lang='grc' dir='ltr'><strong>ο</strong></span> <span class='ocrx_word' id='word_1_84' title='bbox 600 1239 842 1291; x_wconf 86' lang='grc' dir='ltr'>κάκεῖνοι</span> <span class='ocrx_word' id='word_1_85' title='bbox 875 1237 984 1308; x_wconf 76' lang='grc' dir='ltr'>γὰρ</span> <span class='ocrx_word' id='word_1_86' title='bbox 1012 1235 1314 1290; x_wconf 79' lang='grc' dir='ltr'>διδάσκοντι</span> <span class='ocrx_word' id='word_1_87' title='bbox 1338 1235 1416 1303; x_wconf 81' lang='grc' dir='ltr'>τῷ</span> <span class='ocrx_word' id='word_1_88' title='bbox 1447 1235 1658 1304; x_wconf 87' lang='grc' dir='ltr'>Σωτῆρι</span> <span class='ocrx_word' id='word_1_89' title='bbox 1711 1249 1881 1303; x_wconf 90' lang='grc' dir='ltr'>προσ-</span> 
     </span>
    </p>
   </div>
   <div class='ocr_carea' id='block_1_15' title="bbox 307 1324 1884 1400">
    <p class='ocr_par' dir='ltr' id='par_1_15' title="bbox 307 1324 1884 1400">
     <span class='ocr_line' id='line_1_15' title="bbox 307 1324 1884 1400; baseline -0.003 -18"><span class='ocrx_word' id='word_1_90' title='bbox 307 1331 516 1400; x_wconf 80' lang='grc' dir='ltr'>έμενον,</span> <span class='ocrx_word' id='word_1_91' title='bbox 549 1332 612 1382; x_wconf 87' lang='grc' dir='ltr'><strong>οὐ</strong></span> <span class='ocrx_word' id='word_1_92' title='bbox 643 1329 920 1383; x_wconf 84' lang='grc' dir='ltr'>πιστεύειν</span> <span class='ocrx_word' id='word_1_93' title='bbox 949 1328 1222 1390; x_wconf 73' lang='grc' dir='ltr'>ἐθέλοντες</span> <span class='ocrx_word' id='word_1_94' title='bbox 1248 1329 1341 1380; x_wconf 77' lang='grc' dir='ltr'><strong>καὶ</strong></span> <span class='ocrx_word' id='word_1_95' title='bbox 1361 1327 1724 1390; x_wconf 78' lang='grc' dir='ltr'>διδάσκεσθαι,</span> <span class='ocrx_word' id='word_1_96' title='bbox 1749 1324 1884 1378; x_wconf 76' lang='grc' dir='ltr'>ἀλλὰ</span> 
     </span>
    </p>
   </div>
   <div class='ocr_carea' id='block_1_16' title="bbox 309 1413 1885 1490">
    <p class='ocr_par' dir='ltr' id='par_1_16' title="bbox 309 1413 1885 1490">
     <span class='ocr_line' id='line_1_16' title="bbox 309 1413 1885 1490; baseline -0.006 -17"><span class='ocrx_word' id='word_1_97' title='bbox 309 1420 574 1490; x_wconf 71' lang='grc' dir='ltr'>θηρεῦσαί</span> <span class='ocrx_word' id='word_1_98' title='bbox 605 1437 658 1472; x_wconf 91' lang='grc' dir='ltr'><strong>τι</strong></span> <span class='ocrx_word' id='word_1_99' title='bbox 689 1421 754 1471; x_wconf 86' lang='grc' dir='ltr'><strong>ὲκ</strong></span> <span class='ocrx_word' id='word_1_100' title='bbox 796 1419 889 1471; x_wconf 78' lang='grc' dir='ltr'>τοῦ</span> <span class='ocrx_word' id='word_1_101' title='bbox 937 1417 1204 1488; x_wconf 86' lang='grc' dir='ltr'>στόματος</span> <span class='ocrx_word' id='word_1_102' title='bbox 1233 1416 1398 1469; x_wconf 83' lang='grc' dir='ltr'>αὑτοῦ</span> <span class='ocrx_word' id='word_1_103' title='bbox 1443 1415 1778 1485; x_wconf 87' lang='grc' dir='ltr'>βουλόμενοι,</span> <span class='ocrx_word' id='word_1_104' title='bbox 1808 1413 1885 1476; x_wconf 80' lang='grc' dir='ltr'>ὡς</span> 
     </span>
    </p>
   </div>
   <div class='ocr_carea' id='block_1_17' title="bbox 307 1495 1886 1580">
    <p class='ocr_par' dir='ltr' id='par_1_17' title="bbox 307 1495 1886 1580">
     <span class='ocr_line' id='line_1_17' title="bbox 307 1495 1886 1580; baseline -0.005 -16"><span class='ocrx_word' id='word_1_105' title='bbox 307 1510 759 1580; x_wconf 85' lang='grc' dir='ltr'>ὀεὺαγγελιστὴς</span> <span class='ocrx_word' id='word_1_106' title='bbox 806 1511 1042 1578; x_wconf 76' lang='grc' dir='ltr'>ἱστορεῖ·</span> <span class='ocrx_word' id='word_1_107' title='bbox 1094 1507 1282 1579; x_wconf 81' lang='grc' dir='ltr'>ὥσπερ</span> <span class='ocrx_word' id='word_1_108' title='bbox 1329 1506 1426 1559; x_wconf 78' lang='grc' dir='ltr'><strong>οὖν</strong></span> <span class='ocrx_word' id='word_1_109' title='bbox 1464 1507 1557 1559; x_wconf 74' lang='grc' dir='ltr'><strong>καὶ</strong></span> <span class='ocrx_word' id='word_1_110' title='bbox 1603 1495 1748 1557; x_wconf 74' lang='grc' dir='ltr'>οὗτοι</span> <span class='ocrx_word' id='word_1_111' title='bbox 1791 1503 1886 1557; x_wconf 83' lang='grc' dir='ltr'>νῦν</span> 
     </span>
    </p>
   </div>
   <div class='ocr_carea' id='block_1_18' title="bbox 307 1582 1888 1669">
    <p class='ocr_par' dir='ltr' id='par_1_18' title="bbox 307 1582 1888 1669">
     <span class='ocr_line' id='line_1_18' title="bbox 307 1582 1888 1669; baseline -0.008 -16"><span class='ocrx_word' id='word_1_112' title='bbox 307 1599 798 1669; x_wconf 80' lang='grc' dir='ltr'>ἀναγινώσκουσιν,</span> <span class='ocrx_word' id='word_1_113' title='bbox 831 1597 1026 1667; x_wconf 84' lang='grc' dir='ltr'>μᾶλλον</span> <span class='ocrx_word' id='word_1_114' title='bbox 1046 1596 1102 1648; x_wconf 80' lang='grc' dir='ltr'><strong>δὲ</strong></span> <span class='ocrx_word' id='word_1_115' title='bbox 1139 1582 1593 1665; x_wconf 77' lang='grc' dir='ltr'>περιεργάζονται</span> <span class='ocrx_word' id='word_1_116' title='bbox 1614 1592 1712 1655; x_wconf 78' lang='grc' dir='ltr'>τὰς</span> <span class='ocrx_word' id='word_1_117' title='bbox 1739 1589 1888 1652; x_wconf 89' lang='grc' dir='ltr'>θείας</span> 
     </span>
    </p>
   </div>
   <div class='ocr_carea' id='block_1_19' title="bbox 1976 508 3550 586">
    <p class='ocr_par' dir='ltr' id='par_1_19' title="bbox 1976 508 3550 586">
     <span class='ocr_line' id='line_1_19' title="bbox 1976 508 3550 586; baseline -0.004 -16"><span class='ocrx_word' id='word_1_118' title='bbox 1976 525 2078 580; x_wconf 88' lang='lat' dir='ltr'><strong>est,</strong></span> <span class='ocrx_word' id='word_1_119' title='bbox 2108 529 2433 586; x_wconf 80' lang='lat' dir='ltr'><strong>magnopere</strong></span> <span class='ocrx_word' id='word_1_120' title='bbox 2459 513 2736 568; x_wconf 90' lang='lat' dir='ltr'><strong>damnabit</strong></span> <span class='ocrx_word' id='word_1_121' title='bbox 2757 510 3087 565; x_wconf 86' lang='lat' dir='ltr'><strong>malitiosam</strong></span> <span class='ocrx_word' id='word_1_122' title='bbox 3115 508 3550 564; x_wconf 81' lang='lat' dir='ltr'><strong>adversariorum</strong></span> 
     </span>
    </p>
   </div>
   <div class='ocr_carea' id='block_1_20' title="bbox 1977 598 3553 675">
    <p class='ocr_par' dir='ltr' id='par_1_20' title="bbox 1977 598 3553 675">
     <span class='ocr_line' id='line_1_20' title="bbox 1977 598 3553 675; baseline -0.006 -12"><span class='ocrx_word' id='word_1_123' title='bbox 1977 607 2302 664; x_wconf 86' lang='lat' dir='ltr'><strong>sententiam</strong></span> <span class='ocrx_word' id='word_1_124' title='bbox 2336 619 2538 675; x_wconf 88' lang='lat' dir='ltr'><strong>eosque</strong></span> <span class='ocrx_word' id='word_1_125' title='bbox 2565 603 2905 659; x_wconf 87' lang='lat' dir='ltr'><strong>cavillatores</strong></span> <span class='ocrx_word' id='word_1_126' title='bbox 2935 617 2998 658; x_wconf 89' lang='lat' dir='ltr'><strong>ac</strong></span> <span class='ocrx_word' id='word_1_127' title='bbox 3029 601 3396 673; x_wconf 69' lang='lat' dir='ltr'><strong>sycophantas</strong></span> <span class='ocrx_word' id='word_1_128' title='bbox 3429 598 3553 669; x_wconf 85' lang='lat' dir='ltr'><strong>jure</strong></span> 
     </span>
    </p>
   </div>
   <div class='ocr_carea' id='block_1_21' title="bbox 1977 693 3546 768">
    <p class='ocr_par' dir='ltr' id='par_1_21' title="bbox 1977 693 3546 768">
     <span class='ocr_line' id='line_1_21' title="bbox 1977 693 3546 768; baseline -0.005 -15"><span class='ocrx_word' id='word_1_129' title='bbox 1977 701 2280 768; x_wconf 84' lang='lat' dir='ltr'><strong>meritoque</strong></span> <span class='ocrx_word' id='word_1_130' title='bbox 2308 696 2631 768; x_wconf 88' lang='lat' dir='ltr'><strong>appellabit:</strong></span> <span class='ocrx_word' id='word_1_131' title='bbox 2667 694 2792 750; x_wconf 88' lang='lat' dir='ltr'><strong>talia</strong></span> <span class='ocrx_word' id='word_1_132' title='bbox 2818 695 2961 748; x_wconf 90' lang='lat' dir='ltr'><strong>enim</strong></span> <span class='ocrx_word' id='word_1_133' title='bbox 2984 709 3048 748; x_wconf 89' lang='lat' dir='ltr'><strong>ac</strong></span> <span class='ocrx_word' id='word_1_134' title='bbox 3083 700 3229 746; x_wconf 88' lang='lat' dir='ltr'><strong>tanta</strong></span> <span class='ocrx_word' id='word_1_135' title='bbox 3257 700 3384 744; x_wconf 89' lang='lat' dir='ltr'><strong>ante</strong></span> <span class='ocrx_word' id='word_1_136' title='bbox 3403 693 3546 745; x_wconf 91' lang='lat' dir='ltr'><strong>hanc</strong></span> 
     </span>
    </p>
   </div>
   <div class='ocr_carea' id='block_1_22' title="bbox 1979 782 3556 850">
    <p class='ocr_par' dir='ltr' id='par_1_22' title="bbox 1979 782 3556 850">
     <span class='ocr_line' id='line_1_22' title="bbox 1979 782 3556 850; baseline -0.01 -2"><span class='ocrx_word' id='word_1_137' title='bbox 1979 792 2267 848; x_wconf 83' lang='lat' dir='ltr'><strong>dictionem</strong></span> <span class='ocrx_word' id='word_1_138' title='bbox 2294 789 2539 844; x_wconf 87' lang='lat' dir='ltr'><strong>elocutus</strong></span> <span class='ocrx_word' id='word_1_139' title='bbox 2573 786 2773 850; x_wconf 83' lang='lat' dir='ltr'><strong>fuerat,</strong></span> <span class='ocrx_word' id='word_1_140' title='bbox 2800 785 2966 840; x_wconf 83' lang='lat' dir='ltr'><strong>Deum</strong></span> <span class='ocrx_word' id='word_1_141' title='bbox 3003 799 3060 838; x_wconf 91' lang='lat' dir='ltr'><strong>se</strong></span> <span class='ocrx_word' id='word_1_142' title='bbox 3081 782 3459 837; x_wconf 82' lang='lat' dir='ltr'><strong>demonstrans</strong></span> <span class='ocrx_word' id='word_1_143' title='bbox 3502 789 3556 834; x_wconf 89' lang='lat' dir='ltr'><strong>ct</strong></span> 
     </span>
    </p>
   </div>
   <div class='ocr_carea' id='block_1_23' title="bbox 1980 871 3553 950">
    <p class='ocr_par' dir='ltr' id='par_1_23' title="bbox 1980 871 3553 950">
     <span class='ocr_line' id='line_1_23' title="bbox 1980 871 3553 950; baseline -0.01 -12"><span class='ocrx_word' id='word_1_144' title='bbox 1980 883 2073 938; x_wconf 90' lang='lat' dir='ltr'><strong>Dei</strong></span> <span class='ocrx_word' id='word_1_145' title='bbox 2105 883 2321 946; x_wconf 85' lang='lat' dir='ltr'><strong>Filium,</strong></span> <span class='ocrx_word' id='word_1_146' title='bbox 2357 889 2417 935; x_wconf 92' lang='lat' dir='ltr'><strong>ut</strong></span> <span class='ocrx_word' id='word_1_147' title='bbox 2449 880 2547 950; x_wconf 88' lang='lat' dir='ltr'><strong>ipsi</strong></span> <span class='ocrx_word' id='word_1_148' title='bbox 2583 878 2723 933; x_wconf 88' lang='lat' dir='ltr'><strong>illius</strong></span> <span class='ocrx_word' id='word_1_149' title='bbox 2751 877 3011 946; x_wconf 90' lang='lat' dir='ltr'><strong>temporis</strong></span> <span class='ocrx_word' id='word_1_150' title='bbox 3058 872 3249 936; x_wconf 73' lang='lat' dir='ltr'><strong>Judaei,</strong></span> <span class='ocrx_word' id='word_1_151' title='bbox 3297 871 3553 942; x_wconf 90' lang='lat' dir='ltr'><strong>quoniam</strong></span> 
     </span>
    </p>
   </div>
   <div class='ocr_carea' id='block_1_24' title="bbox 1981 963 3554 1036">
    <p class='ocr_par' dir='ltr' id='par_1_24' title="bbox 1981 963 3554 1036">
     <span class='ocr_line' id='line_1_24' title="bbox 1981 963 3554 1036; baseline -0.009 -7"><span class='ocrx_word' id='word_1_152' title='bbox 1981 975 2178 1030; x_wconf 90' lang='lat' dir='ltr'><strong>mentis</strong></span> <span class='ocrx_word' id='word_1_153' title='bbox 2210 973 2426 1029; x_wconf 90' lang='lat' dir='ltr'><strong>oculum</strong></span> <span class='ocrx_word' id='word_1_154' title='bbox 2449 981 2781 1026; x_wconf 62' lang='lat' dir='ltr'><strong>excaecatum</strong></span> <span class='ocrx_word' id='word_1_155' title='bbox 2799 967 3080 1036; x_wconf 85' lang='lat' dir='ltr'><strong>gerebant,</strong></span> <span class='ocrx_word' id='word_1_156' title='bbox 3137 965 3208 1020; x_wconf 92' lang='lat' dir='ltr'><strong>ob</strong></span> <span class='ocrx_word' id='word_1_157' title='bbox 3245 978 3308 1020; x_wconf 90' lang='lat' dir='ltr'><strong>ea</strong></span> <span class='ocrx_word' id='word_1_158' title='bbox 3337 963 3554 1034; x_wconf 88' lang='lat' dir='ltr'><strong>eloquia</strong></span> 
     </span>
    </p>
   </div>
   <div class='ocr_carea' id='block_1_25' title="bbox 1983 1051 3555 1122">
    <p class='ocr_par' dir='ltr' id='par_1_25' title="bbox 1983 1051 3555 1122">
     <span class='ocr_line' id='line_1_25' title="bbox 1983 1051 3555 1122; baseline -0.009 -3"><span class='ocrx_word' id='word_1_159' title='bbox 1983 1063 2220 1119; x_wconf 76' lang='lat' dir='ltr'><strong>maxime</strong></span> <span class='ocrx_word' id='word_1_160' title='bbox 2244 1061 2443 1116; x_wconf 86' lang='lat' dir='ltr'><strong>vellent</strong></span> <span class='ocrx_word' id='word_1_161' title='bbox 2473 1059 2624 1114; x_wconf 91' lang='lat' dir='ltr'><strong>illum</strong></span> <span class='ocrx_word' id='word_1_162' title='bbox 2678 1056 2944 1112; x_wconf 90' lang='lat' dir='ltr'><strong>occidere.</strong></span> <span class='ocrx_word' id='word_1_163' title='bbox 2999 1053 3090 1108; x_wconf 77' lang='lat' dir='ltr'><strong>isti</strong></span> <span class='ocrx_word' id='word_1_164' title='bbox 3132 1067 3303 1122; x_wconf 90' lang='lat' dir='ltr'><strong>porro</strong></span> <span class='ocrx_word' id='word_1_165' title='bbox 3351 1051 3555 1122; x_wconf 77' lang='lat' dir='ltr'><strong>egregii</strong></span> 
     </span>
    </p>
   </div>
   <div class='ocr_carea' id='block_1_26' title="bbox 1983 1143 3558 1215">
    <p class='ocr_par' dir='ltr' id='par_1_26' title="bbox 1983 1143 3558 1215">
     <span class='ocr_line' id='line_1_26' title="bbox 1983 1143 3558 1215; baseline -0.01 -6"><span class='ocrx_word' id='word_1_166' title='bbox 1983 1152 2274 1209; x_wconf 81' lang='lat' dir='ltr'><strong>adversarii</strong></span> <span class='ocrx_word' id='word_1_167' title='bbox 2301 1159 2494 1206; x_wconf 90' lang='lat' dir='ltr'><strong>cuncta</strong></span> <span class='ocrx_word' id='word_1_168' title='bbox 2529 1149 2616 1203; x_wconf 90' lang='lat' dir='ltr'><strong>illa</strong></span> <span class='ocrx_word' id='word_1_169' title='bbox 2644 1146 3204 1215; x_wconf 86' lang='lat' dir='ltr'><strong>silentio-prementes,</strong></span> <span class='ocrx_word' id='word_1_170' title='bbox 3229 1143 3368 1196; x_wconf 86' lang='lat' dir='ltr'><strong>hanc</strong></span> <span class='ocrx_word' id='word_1_171' title='bbox 3389 1155 3558 1194; x_wconf 81' lang='lat' dir='ltr'><strong>unam</strong></span> 
     </span>
    </p>
   </div>
   <div class='ocr_carea' id='block_1_27' title="bbox 1985 1234 3555 1312">
    <p class='ocr_par' dir='ltr' id='par_1_27' title="bbox 1985 1234 3555 1312">
     <span class='ocr_line' id='line_1_27' title="bbox 1985 1234 3555 1312; baseline -0.007 -15"><span class='ocrx_word' id='word_1_172' title='bbox 1985 1243 2084 1298; x_wconf 88' lang='lat' dir='ltr'><strong>sibi</strong></span> <span class='ocrx_word' id='word_1_173' title='bbox 2124 1243 2339 1312; x_wconf 88' lang='lat' dir='ltr'><strong>rapiunt</strong></span> <span class='ocrx_word' id='word_1_174' title='bbox 2368 1241 2680 1306; x_wconf 69' lang='lat' dir='ltr'><strong>dictionem,</strong></span> <span class='ocrx_word' id='word_1_175' title='bbox 2718 1239 2860 1293; x_wconf 80' lang='lat' dir='ltr'><strong>haud</strong></span> <span class='ocrx_word' id='word_1_176' title='bbox 2913 1237 3068 1290; x_wconf 90' lang='lat' dir='ltr'><strong>aliter</strong></span> <span class='ocrx_word' id='word_1_177' title='bbox 3120 1249 3180 1290; x_wconf 86' lang='lat' dir='ltr'><strong>se</strong></span> <span class='ocrx_word' id='word_1_178' title='bbox 3238 1248 3398 1304; x_wconf 86' lang='lat' dir='ltr'><strong>quam</strong></span> <span class='ocrx_word' id='word_1_179' title='bbox 3423 1234 3555 1287; x_wconf 90' lang='lat' dir='ltr'><strong>olim</strong></span> 
     </span>
    </p>
   </div>
   <div class='ocr_carea' id='block_1_28' title="bbox 1983 1325 3558 1404">
    <p class='ocr_par' dir='ltr' id='par_1_28' title="bbox 1983 1325 3558 1404">
     <span class='ocr_line' id='line_1_28' title="bbox 1983 1325 3558 1404; baseline -0.005 -16"><span class='ocrx_word' id='word_1_180' title='bbox 1983 1333 2244 1388; x_wconf 68' lang='lat' dir='ltr'><strong>Pharisaei</strong></span> <span class='ocrx_word' id='word_1_181' title='bbox 2281 1341 2570 1404; x_wconf 77' lang='lat' dir='ltr'><strong>gerentes:</strong></span> <span class='ocrx_word' id='word_1_182' title='bbox 2596 1344 2830 1400; x_wconf 89' lang='lat' dir='ltr'><strong>namque</strong></span> <span class='ocrx_word' id='word_1_183' title='bbox 2866 1340 2921 1383; x_wconf 86' lang='lat' dir='ltr'><strong>et</strong></span> <span class='ocrx_word' id='word_1_184' title='bbox 2954 1328 3008 1382; x_wconf 89' lang='lat' dir='ltr'><strong>hi</strong></span> <span class='ocrx_word' id='word_1_185' title='bbox 3037 1326 3250 1382; x_wconf 90' lang='lat' dir='ltr'><strong>docenti</strong></span> <span class='ocrx_word' id='word_1_186' title='bbox 3283 1325 3558 1380; x_wconf 86' lang='lat' dir='ltr'><strong>Servatori</strong></span> 
     </span>
    </p>
   </div>
   <div class='ocr_carea' id='block_1_29' title="bbox 1991 1415 3558 1490">
    <p class='ocr_par' dir='ltr' id='par_1_29' title="bbox 1991 1415 3558 1490">
     <span class='ocr_line' id='line_1_29' title="bbox 1991 1415 3558 1490; baseline -0.006 -13"><span class='ocrx_word' id='word_1_187' title='bbox 1991 1423 2370 1486; x_wconf 87' lang='lat' dir='ltr'><strong>atlendehant,</strong></span> <span class='ocrx_word' id='word_1_188' title='bbox 2402 1436 2515 1476; x_wconf 86' lang='lat' dir='ltr'><strong>non</strong></span> <span class='ocrx_word' id='word_1_189' title='bbox 2536 1421 2661 1490; x_wconf 89' lang='lat' dir='ltr'><strong>quia</strong></span> <span class='ocrx_word' id='word_1_190' title='bbox 2695 1419 2914 1474; x_wconf 78' lang='lat' dir='ltr'><strong>credere</strong></span> <span class='ocrx_word' id='word_1_191' title='bbox 2967 1426 3060 1472; x_wconf 87' lang='lat' dir='ltr'><strong>aut</strong></span> <span class='ocrx_word' id='word_1_192' title='bbox 3088 1416 3303 1472; x_wconf 88' lang='lat' dir='ltr'><strong>edoccrl</strong></span> <span class='ocrx_word' id='word_1_193' title='bbox 3341 1415 3558 1480; x_wconf 81' lang='lat' dir='ltr'><strong>vellent,</strong></span> 
     </span>
    </p>
   </div>
   <div class='ocr_carea' id='block_1_30' title="bbox 1989 1507 3562 1585">
    <p class='ocr_par' dir='ltr' id='par_1_30' title="bbox 1989 1507 3562 1585">
     <span class='ocr_line' id='line_1_30' title="bbox 1989 1507 3562 1585; baseline -0.01 -12"><span class='ocrx_word' id='word_1_194' title='bbox 1989 1517 2084 1573; x_wconf 89' lang='lat' dir='ltr'><strong>sed</strong></span> <span class='ocrx_word' id='word_1_195' title='bbox 2113 1515 2238 1585; x_wconf 87' lang='lat' dir='ltr'><strong>quia</strong></span> <span class='ocrx_word' id='word_1_196' title='bbox 2273 1523 2487 1582; x_wconf 86' lang='lat' dir='ltr'><strong>captare</strong></span> <span class='ocrx_word' id='word_1_197' title='bbox 2512 1511 2715 1580; x_wconf 89' lang='lat' dir='ltr'><strong>aliquid</strong></span> <span class='ocrx_word' id='word_1_198' title='bbox 2731 1527 2798 1565; x_wconf 83' lang='lat' dir='ltr'><strong>ex</strong></span> <span class='ocrx_word' id='word_1_199' title='bbox 2823 1511 2938 1577; x_wconf 82' lang='lat' dir='ltr'><strong>ejus</strong></span> <span class='ocrx_word' id='word_1_200' title='bbox 2958 1523 3053 1564; x_wconf 88' lang='lat' dir='ltr'><strong>ore</strong></span> <span class='ocrx_word' id='word_1_201' title='bbox 3075 1507 3328 1573; x_wconf 80' lang='lat' dir='ltr'><strong>avebant,</strong></span> <span class='ocrx_word' id='word_1_202' title='bbox 3360 1514 3419 1559; x_wconf 91' lang='lat' dir='ltr'><strong>ut</strong></span> <span class='ocrx_word' id='word_1_203' title='bbox 3436 1520 3562 1559; x_wconf 87' lang='lat' dir='ltr'><strong>nar-</strong></span> 
     </span>
    </p>
   </div>
   <div class='ocr_carea' id='block_1_31' title="bbox 1991 1595 3564 1674">
    <p class='ocr_par' dir='ltr' id='par_1_31' title="bbox 1991 1595 3564 1674">
     <span class='ocr_line' id='line_1_31' title="bbox 1991 1595 3564 1674; baseline -0.008 -14"><span class='ocrx_word' id='word_1_204' title='bbox 1991 1604 2420 1674; x_wconf 84' lang='lat' dir='ltr'><strong>ratevangelista</strong></span> <span class='ocrx_word' id='word_1_205' title='bbox 2449 1603 2518 1655; x_wconf 69' lang='lat'><strong>7&quot;.</strong></span> <span class='ocrx_word' id='word_1_206' title='bbox 2544 1601 2632 1656; x_wconf 88' lang='lat' dir='ltr'><strong>Sic</strong></span> <span class='ocrx_word' id='word_1_207' title='bbox 2659 1601 2928 1671; x_wconf 85' lang='lat' dir='ltr'><strong>igituristi</strong></span> <span class='ocrx_word' id='word_1_208' title='bbox 2959 1613 3174 1668; x_wconf 89' lang='lat' dir='ltr'><strong>quoque</strong></span> <span class='ocrx_word' id='word_1_209' title='bbox 3203 1611 3345 1651; x_wconf 91' lang='lat' dir='ltr'><strong>nunc</strong></span> <span class='ocrx_word' id='word_1_210' title='bbox 3377 1595 3564 1665; x_wconf 86' lang='lat' dir='ltr'><strong>legunt</strong></span> 
     </span>
    </p>
   </div>
   <div class='ocr_carea' id='block_1_32' title="bbox 310 1681 1903 1765">
    <p class='ocr_par' dir='ltr' id='par_1_32' title="bbox 310 1681 1890 1762">
     <span class='ocr_line' id='line_1_32' title="bbox 310 1681 1890 1762; baseline -0.008 -16"><span class='ocrx_word' id='word_1_211' title='bbox 310 1692 558 1762; x_wconf 65' lang='grc' dir='ltr'>Γραφάς,</span> <span class='ocrx_word' id='word_1_212' title='bbox 589 1693 676 1744; x_wconf 85' lang='grc' dir='ltr'><strong>ἵνα</strong></span> <span class='ocrx_word' id='word_1_213' title='bbox 712 1707 766 1742; x_wconf 90' lang='grc' dir='ltr'><strong>τι</strong></span> <span class='ocrx_word' id='word_1_214' title='bbox 799 1689 1127 1757; x_wconf 81' lang='grc' dir='ltr'>κατηγορεῖν</span> <span class='ocrx_word' id='word_1_215' title='bbox 1170 1685 1405 1756; x_wconf 77' lang='grc' dir='ltr'>εὕρωσιν</span> <span class='ocrx_word' id='word_1_216' title='bbox 1430 1683 1524 1736; x_wconf 79' lang='grc' dir='ltr'>τοῦ</span> <span class='ocrx_word' id='word_1_217' title='bbox 1567 1681 1666 1752; x_wconf 81' lang='grc' dir='ltr'><strong>τὴν</strong></span> <span class='ocrx_word' id='word_1_218' title='bbox 1710 1681 1890 1760; x_wconf 65' lang='grc' dir='ltr'>ψμχὴν</span> 
     </span>
    </p>
   </div>
   <div class='ocr_carea' id='block_1_33' title="bbox 2007 1681 3568 1765">
    <p class='ocr_par' dir='ltr' id='par_1_33' title="bbox 2007 1688 3568 1765">
     <span class='ocr_line' id='line_1_33' title="bbox 2007 1688 3568 1765; baseline -0.01 -13"><span class='ocrx_word' id='word_1_219' title='bbox 2007 1697 2076 1752; x_wconf 78' lang='lat' dir='ltr'><strong>vel</strong></span> <span class='ocrx_word' id='word_1_220' title='bbox 2103 1697 2282 1765; x_wconf 85' lang='lat' dir='ltr'><strong>potius</strong></span> <span class='ocrx_word' id='word_1_221' title='bbox 2307 1695 2520 1750; x_wconf 84' lang='lat' dir='ltr'><strong>curiose</strong></span> <span class='ocrx_word' id='word_1_222' title='bbox 2556 1694 2817 1763; x_wconf 86' lang='lat' dir='ltr'><strong>indagant</strong></span> <span class='ocrx_word' id='word_1_223' title='bbox 2868 1691 3080 1746; x_wconf 85' lang='lat' dir='ltr'><strong>divinas</strong></span> <span class='ocrx_word' id='word_1_224' title='bbox 3110 1688 3440 1756; x_wconf 88' lang='lat' dir='ltr'><strong>Scripturas,</strong></span> <span class='ocrx_word' id='word_1_225' title='bbox 3507 1693 3568 1738; x_wconf 85' lang='lat' dir='ltr'><strong>ut</strong></span> 
     </span>
    </p>
   </div>
   <div class='ocr_carea' id='block_1_34' title="bbox 311 1779 1048 1855">
    <p class='ocr_par' dir='ltr' id='par_1_34' title="bbox 311 1779 1048 1855">
     <span class='ocr_line' id='line_1_34' title="bbox 311 1779 1048 1855; baseline -0.005 -18"><span class='ocrx_word' id='word_1_226' title='bbox 311 1785 457 1855; x_wconf 78' lang='grc' dir='ltr'>ὑπὲρ</span> <span class='ocrx_word' id='word_1_227' title='bbox 503 1783 682 1836; x_wconf 83' lang='grc' dir='ltr'>αὐτῶν</span> <span class='ocrx_word' id='word_1_228' title='bbox 723 1779 1048 1841; x_wconf 88' lang='grc' dir='ltr'>τεθεικότος.</span> 
     </span>
    </p>
   </div>
   <div class='ocr_carea' id='block_1_35' title="bbox 386 1952 1896 2026">
    <p class='ocr_par' dir='ltr' id='par_1_35' title="bbox 386 1952 1896 2026">
     <span class='ocr_line' id='line_1_35' title="bbox 386 1952 1896 2026; baseline -0.005 -14"><span class='ocrx_word' id='word_1_229' title='bbox 386 1966 482 2024; x_wconf 81' lang='grc' dir='ltr'>ις’.</span> <span class='ocrx_word' id='word_1_230' title='bbox 498 1959 562 2011; x_wconf 90' lang='grc' dir='ltr'>Τί</span> <span class='ocrx_word' id='word_1_231' title='bbox 574 1959 629 2011; x_wconf 84' lang='grc' dir='ltr'>δὲ</span> <span class='ocrx_word' id='word_1_232' title='bbox 647 1959 703 2010; x_wconf 79' lang='grc' dir='ltr'><strong>ἐν</strong></span> <span class='ocrx_word' id='word_1_233' title='bbox 719 1959 829 2022; x_wconf 88' lang='grc' dir='ltr'>τοῖς</span> <span class='ocrx_word' id='word_1_234' title='bbox 845 1956 950 2026; x_wconf 72' lang='grc' dir='ltr'><strong>πρὸ</strong></span> <span class='ocrx_word' id='word_1_235' title='bbox 964 1953 1166 2024; x_wconf 81' lang='grc' dir='ltr'>ταύτης</span> <span class='ocrx_word' id='word_1_236' title='bbox 1180 1954 1277 2022; x_wconf 89' lang='grc' dir='ltr'><strong>τῆς</strong></span> <span class='ocrx_word' id='word_1_237' title='bbox 1297 1953 1480 2023; x_wconf 77' lang='grc' dir='ltr'>φωνῆς</span> <span class='ocrx_word' id='word_1_238' title='bbox 1499 1952 1702 2020; x_wconf 78' lang='grc' dir='ltr'>ἔλεγεν,</span> <span class='ocrx_word' id='word_1_239' title='bbox 1723 1969 1896 2006; x_wconf 88' lang='grc' dir='ltr'>κατα-</span> 
     </span>
    </p>
   </div>
   <div class='ocr_carea' id='block_1_36' title="bbox 314 2043 1895 2122">
    <p class='ocr_par' dir='ltr' id='par_1_36' title="bbox 314 2043 1895 2122">
     <span class='ocr_line' id='line_1_36' title="bbox 314 2043 1895 2122; baseline -0.007 -17"><span class='ocrx_word' id='word_1_240' title='bbox 314 2052 597 2122; x_wconf 83' lang='grc' dir='ltr'>νοήσωμεν</span> <span class='ocrx_word' id='word_1_241' title='bbox 617 2067 662 2101; x_wconf 76' lang='grc' dir='ltr'><strong>ἰ</strong></span> <span class='ocrx_word' id='word_1_242' title='bbox 685 2050 742 2102; x_wconf 87' lang='grc'><strong>’0</strong></span> <span class='ocrx_word' id='word_1_243' title='bbox 759 2050 949 2118; x_wconf 85' lang='grc' dir='ltr'>Πατήρ</span> <span class='ocrx_word' id='word_1_244' title='bbox 973 2064 1096 2118; x_wconf 84' lang='grc' dir='ltr'>μου,</span> <span class='ocrx_word' id='word_1_245' title='bbox 1121 2047 1306 2117; x_wconf 66' lang='grc' dir='ltr'>φησιν,</span> <span class='ocrx_word' id='word_1_246' title='bbox 1323 2046 1426 2106; x_wconf 79' lang='grc' dir='ltr'>ἓως</span> <span class='ocrx_word' id='word_1_247' title='bbox 1440 2045 1563 2114; x_wconf 78' lang='grc' dir='ltr'>ἄρτι</span> <span class='ocrx_word' id='word_1_248' title='bbox 1583 2043 1895 2116; x_wconf 79' lang='grc' dir='ltr'>ἐργάζεται,</span> 
     </span>
    </p>
   </div>
   <div class='ocr_carea' id='block_1_37' title="bbox 314 2134 1893 2211">
    <p class='ocr_par' dir='ltr' id='par_1_37' title="bbox 314 2134 1893 2211">
     <span class='ocr_line' id='line_1_37' title="bbox 314 2134 1893 2211; baseline -0.004 -16"><span class='ocrx_word' id='word_1_249' title='bbox 314 2141 475 2209; x_wconf 86' lang='grc' dir='ltr'><strong>κάγὼ</strong></span> <span class='ocrx_word' id='word_1_250' title='bbox 491 2139 816 2211; x_wconf 68' lang='grc' dir='ltr'>ἐργάζομαι.</span> <span class='ocrx_word' id='word_1_251' title='bbox 846 2157 866 2190; x_wconf 85' lang='grc'><strong>›</strong></span> <span class='ocrx_word' id='word_1_252' title='bbox 893 2139 1006 2190; x_wconf 72' lang='grc' dir='ltr'><strong>Καὶ</strong></span> <span class='ocrx_word' id='word_1_253' title='bbox 1029 2136 1248 2206; x_wconf 79' lang='grc' dir='ltr'>Πατέρα</span> <span class='ocrx_word' id='word_1_254' title='bbox 1274 2136 1404 2188; x_wconf 75' lang='grc' dir='ltr'>ἴδιον</span> <span class='ocrx_word' id='word_1_255' title='bbox 1433 2134 1616 2202; x_wconf 77' lang='grc' dir='ltr'>ἔλεγεν</span> <span class='ocrx_word' id='word_1_256' title='bbox 1633 2135 1724 2187; x_wconf 84' lang='grc' dir='ltr'><strong>τὸν</strong></span> <span class='ocrx_word' id='word_1_257' title='bbox 1740 2135 1893 2201; x_wconf 83' lang='grc' dir='ltr'>Θεὸν,</span> 
     </span>
    </p>
   </div>
   <div class='ocr_carea' id='block_1_38' title="bbox 314 2226 1900 2299">
    <p class='ocr_par' dir='ltr' id='par_1_38' title="bbox 314 2226 1900 2299">
     <span class='ocr_line' id='line_1_38' title="bbox 314 2226 1900 2299; baseline -0.006 -12"><span class='ocrx_word' id='word_1_258' title='bbox 314 2236 432 2287; x_wconf 70' lang='grc' dir='ltr'>ἴσον</span> <span class='ocrx_word' id='word_1_259' title='bbox 457 2233 648 2286; x_wconf 78' lang='grc' dir='ltr'>ἑαυτὸν</span> <span class='ocrx_word' id='word_1_260' title='bbox 676 2230 843 2284; x_wconf 83' lang='grc' dir='ltr'>ποιῶν</span> <span class='ocrx_word' id='word_1_261' title='bbox 863 2229 941 2299; x_wconf 84' lang='grc' dir='ltr'>τῷ</span> <span class='ocrx_word' id='word_1_262' title='bbox 963 2228 1101 2299; x_wconf 82' lang='grc' dir='ltr'>Θεῷ,</span> <span class='ocrx_word' id='word_1_263' title='bbox 1123 2228 1193 2282; x_wconf 85' lang='grc' dir='ltr'>τὰ</span> <span class='ocrx_word' id='word_1_264' title='bbox 1216 2227 1355 2280; x_wconf 84' lang='grc' dir='ltr'>αὐτὰ</span> <span class='ocrx_word' id='word_1_265' title='bbox 1386 2226 1464 2297; x_wconf 82' lang='grc' dir='ltr'>τῷ</span> <span class='ocrx_word' id='word_1_266' title='bbox 1507 2227 1680 2295; x_wconf 70' lang='grc' dir='ltr'>Πατρὶ</span> <span class='ocrx_word' id='word_1_267' title='bbox 1727 2242 1900 2296; x_wconf 83' lang='grc' dir='ltr'>παρα-</span> 
     </span>
    </p>
   </div>
   <div class='ocr_carea' id='block_1_39' title="bbox 314 2319 1896 2396">
    <p class='ocr_par' dir='ltr' id='par_1_39' title="bbox 314 2319 1896 2396">
     <span class='ocr_line' id='line_1_39' title="bbox 314 2319 1896 2396; baseline -0.007 -17"><span class='ocrx_word' id='word_1_268' title='bbox 314 2325 564 2396; x_wconf 84' lang='grc' dir='ltr'>πλησίως</span> <span class='ocrx_word' id='word_1_269' title='bbox 593 2321 1028 2394; x_wconf 83' lang='grc' dir='ltr'>δημιουργοῦντα</span> <span class='ocrx_word' id='word_1_270' title='bbox 1045 2356 1064 2375; x_wconf 89' lang='grc'><strong>.</strong></span> <span class='ocrx_word' id='word_1_271' title='bbox 1099 2339 1118 2372; x_wconf 74' lang='grc' dir='ltr'><strong>ι</strong></span> <span class='ocrx_word' id='word_1_272' title='bbox 1164 2320 1231 2373; x_wconf 75' lang='grc' dir='ltr'><strong>’Δ</strong></span> <span class='ocrx_word' id='word_1_273' title='bbox 1257 2319 1365 2390; x_wconf 84' lang='grc' dir='ltr'><strong>γάρ</strong></span> <span class='ocrx_word' id='word_1_274' title='bbox 1391 2319 1458 2372; x_wconf 85' lang='grc' dir='ltr'><strong>ἂν</strong></span> <span class='ocrx_word' id='word_1_275' title='bbox 1501 2319 1708 2380; x_wconf 74' lang='grc' dir='ltr'>ἐκεῖνος</span> <span class='ocrx_word' id='word_1_276' title='bbox 1731 2319 1896 2382; x_wconf 85' lang='grc' dir='ltr'>ποιεῖ,</span> 
     </span>
    </p>
   </div>
   <div class='ocr_carea' id='block_1_40' title="bbox 312 2407 1900 2484">
    <p class='ocr_par' dir='ltr' id='par_1_40' title="bbox 312 2407 1900 2484">
     <span class='ocr_line' id='line_1_40' title="bbox 312 2407 1900 2484; baseline -0.008 -12"><span class='ocrx_word' id='word_1_277' title='bbox 312 2418 490 2473; x_wconf 82' lang='grc' dir='ltr'>ταῦτα</span> <span class='ocrx_word' id='word_1_278' title='bbox 522 2417 616 2469; x_wconf 79' lang='grc' dir='ltr'><strong>καὶ</strong></span> <span class='ocrx_word' id='word_1_279' title='bbox 663 2418 691 2468; x_wconf 84' lang='grc' dir='ltr'>ὁ</span> <span class='ocrx_word' id='word_1_280' title='bbox 718 2416 846 2476; x_wconf 85' lang='grc' dir='ltr'>Υἱὸς</span> <span class='ocrx_word' id='word_1_281' title='bbox 891 2413 1096 2484; x_wconf 84' lang='grc' dir='ltr'>ὁμοίως</span> <span class='ocrx_word' id='word_1_282' title='bbox 1135 2414 1297 2466; x_wconf 86' lang='grc' dir='ltr'>ποιεῖ.</span> <span class='ocrx_word' id='word_1_283' title='bbox 1337 2430 1356 2463; x_wconf 76' lang='grc' dir='ltr'><strong>ι</strong></span> <span class='ocrx_word' id='word_1_284' title='bbox 1414 2411 1545 2474; x_wconf 79' lang='grc' dir='ltr'>Καὶ,</span> <span class='ocrx_word' id='word_1_285' title='bbox 1587 2429 1606 2461; x_wconf 77' lang='grc' dir='ltr'><strong>ι</strong></span> <span class='ocrx_word' id='word_1_286' title='bbox 1641 2410 1760 2463; x_wconf 87' lang='grc' dir='ltr'>Ὅτι</span> <span class='ocrx_word' id='word_1_287' title='bbox 1800 2407 1900 2479; x_wconf 84' lang='grc' dir='ltr'><strong>τὴν</strong></span> 
     </span>
    </p>
   </div>
   <div class='ocr_carea' id='block_1_41' title="bbox 311 2501 1902 2577">
    <p class='ocr_par' dir='ltr' id='par_1_41' title="bbox 311 2501 1902 2577">
     <span class='ocr_line' id='line_1_41' title="bbox 311 2501 1902 2577; baseline -0.004 -16"><span class='ocrx_word' id='word_1_288' title='bbox 311 2509 505 2577; x_wconf 78' lang='grc' dir='ltr'>κρίσιν</span> <span class='ocrx_word' id='word_1_289' title='bbox 549 2505 699 2576; x_wconf 85' lang='grc' dir='ltr'>αύτῷ</span> <span class='ocrx_word' id='word_1_290' title='bbox 743 2507 926 2560; x_wconf 83' lang='grc' dir='ltr'>πᾶσαν</span> <span class='ocrx_word' id='word_1_291' title='bbox 974 2505 1206 2558; x_wconf 87' lang='grc' dir='ltr'>δέδωκεν</span> <span class='ocrx_word' id='word_1_292' title='bbox 1248 2503 1528 2573; x_wconf 84' lang='grc' dir='ltr'>ὁ.Πατὴρ,</span> <span class='ocrx_word' id='word_1_293' title='bbox 1564 2502 1651 2555; x_wconf 75' lang='grc' dir='ltr'>ἵνα</span> <span class='ocrx_word' id='word_1_294' title='bbox 1700 2501 1902 2564; x_wconf 84' lang='grc' dir='ltr'>πάντες</span> 
     </span>
    </p>
   </div>
   <div class='ocr_carea' id='block_1_42' title="bbox 311 2592 1900 2668">
    <p class='ocr_par' dir='ltr' id='par_1_42' title="bbox 311 2592 1900 2668">
     <span class='ocr_line' id='line_1_42' title="bbox 311 2592 1900 2668; baseline -0.005 -16"><span class='ocrx_word' id='word_1_295' title='bbox 311 2598 529 2668; x_wconf 83' lang='grc' dir='ltr'>τιμῶσι</span> <span class='ocrx_word' id='word_1_296' title='bbox 554 2597 644 2649; x_wconf 74' lang='grc' dir='ltr'>τὸν</span> <span class='ocrx_word' id='word_1_297' title='bbox 678 2597 828 2660; x_wconf 83' lang='grc' dir='ltr'>Υίὺν,</span> <span class='ocrx_word' id='word_1_298' title='bbox 862 2595 1044 2654; x_wconf 86' lang='grc' dir='ltr'>καθὼς</span> <span class='ocrx_word' id='word_1_299' title='bbox 1083 2595 1283 2665; x_wconf 83' lang='grc' dir='ltr'>τιμῶσι</span> <span class='ocrx_word' id='word_1_300' title='bbox 1319 2595 1410 2648; x_wconf 80' lang='grc' dir='ltr'><strong>τὸν</strong></span> <span class='ocrx_word' id='word_1_301' title='bbox 1443 2593 1681 2662; x_wconf 86' lang='grc' dir='ltr'>Πατέρα.</span> <span class='ocrx_word' id='word_1_302' title='bbox 1719 2611 1738 2644; x_wconf 75' lang='grc' dir='ltr'><strong>ι</strong></span> <span class='ocrx_word' id='word_1_303' title='bbox 1768 2592 1900 2658; x_wconf 75' lang='grc' dir='ltr'>Καὶ,</span> 
     </span>
    </p>
   </div>
   <div class='ocr_carea' id='block_1_43' title="bbox 321 2682 1902 2756">
    <p class='ocr_par' dir='ltr' id='par_1_43' title="bbox 321 2682 1902 2756">
     <span class='ocr_line' id='line_1_43' title="bbox 321 2682 1902 2756; baseline -0.003 -17"><span class='ocrx_word' id='word_1_304' title='bbox 321 2708 344 2739; x_wconf 72' lang='grc' dir='ltr'><strong>ι</strong></span> <span class='ocrx_word' id='word_1_305' title='bbox 389 2689 655 2756; x_wconf 84' lang='grc' dir='ltr'>Ἔρχεται</span> <span class='ocrx_word' id='word_1_306' title='bbox 685 2684 823 2754; x_wconf 84' lang='grc' dir='ltr'>ὥρα,</span> <span class='ocrx_word' id='word_1_307' title='bbox 855 2687 951 2737; x_wconf 70' lang='grc' dir='ltr'>καὶ</span> <span class='ocrx_word' id='word_1_308' title='bbox 988 2684 1082 2737; x_wconf 81' lang='grc' dir='ltr'>νῦν</span> <span class='ocrx_word' id='word_1_309' title='bbox 1113 2687 1283 2746; x_wconf 73' lang='grc' dir='ltr'>ἐστιν,</span> <span class='ocrx_word' id='word_1_310' title='bbox 1310 2685 1400 2736; x_wconf 85' lang='grc' dir='ltr'><strong>δτε</strong></span> <span class='ocrx_word' id='word_1_311' title='bbox 1429 2685 1480 2736; x_wconf 84' lang='grc' dir='ltr'>οἱ</span> <span class='ocrx_word' id='word_1_312' title='bbox 1519 2684 1704 2753; x_wconf 80' lang='grc' dir='ltr'>νεκροὶ</span> <span class='ocrx_word' id='word_1_313' title='bbox 1740 2682 1902 2735; x_wconf 86' lang='grc' dir='ltr'>ἀκού-</span> 
     </span>
    </p>
   </div>
   <div class='ocr_carea' id='block_1_44' title="bbox 320 2774 1903 2847">
    <p class='ocr_par' dir='ltr' id='par_1_44' title="bbox 320 2774 1903 2847">
     <span class='ocr_line' id='line_1_44' title="bbox 320 2774 1903 2847; baseline -0.003 -16"><span class='ocrx_word' id='word_1_314' title='bbox 320 2795 518 2831; x_wconf 86' lang='grc' dir='ltr'>σουσιν</span> <span class='ocrx_word' id='word_1_315' title='bbox 547 2779 646 2847; x_wconf 82' lang='grc' dir='ltr'><strong>τῆς</strong></span> <span class='ocrx_word' id='word_1_316' title='bbox 676 2777 859 2847; x_wconf 80' lang='grc' dir='ltr'>φωνῆς</span> <span class='ocrx_word' id='word_1_317' title='bbox 899 2776 994 2829; x_wconf 80' lang='grc' dir='ltr'><strong>τοῦ</strong></span> <span class='ocrx_word' id='word_1_318' title='bbox 1037 2777 1167 2828; x_wconf 83' lang='grc' dir='ltr'><strong>Υἱοῦ</strong></span> <span class='ocrx_word' id='word_1_319' title='bbox 1215 2776 1312 2828; x_wconf 80' lang='grc' dir='ltr'>τοῦ</span> <span class='ocrx_word' id='word_1_320' title='bbox 1357 2774 1678 2846; x_wconf 81' lang='grc' dir='ltr'>ἀνθρώπου’</span> <span class='ocrx_word' id='word_1_321' title='bbox 1715 2774 1808 2827; x_wconf 69' lang='grc' dir='ltr'><strong>κα)⁴</strong></span> <span class='ocrx_word' id='word_1_322' title='bbox 1854 2776 1903 2827; x_wconf 79' lang='lat' dir='ltr'><strong>oi</strong></span> 
     </span>
    </p>
   </div>
   <div class='ocr_carea' id='block_1_45' title="bbox 315 2864 1901 2938">
    <p class='ocr_par' dir='ltr' id='par_1_45' title="bbox 315 2864 1901 2938">
     <span class='ocr_line' id='line_1_45' title="bbox 315 2864 1901 2938; baseline -0.005 -14"><span class='ocrx_word' id='word_1_323' title='bbox 315 2869 668 2930; x_wconf 85' lang='grc' dir='ltr'>ἀκούσαντες</span> <span class='ocrx_word' id='word_1_324' title='bbox 707 2869 983 2938; x_wconf 84' lang='grc' dir='ltr'>ζήσουσιν.</span> <span class='ocrx_word' id='word_1_325' title='bbox 1025 2883 1044 2916; x_wconf 71' lang='grc' dir='ltr'><strong>ι</strong></span> <span class='ocrx_word' id='word_1_326' title='bbox 1081 2864 1209 2919; x_wconf 80' lang='grc' dir='ltr'>Εἶτα</span> <span class='ocrx_word' id='word_1_327' title='bbox 1257 2867 1340 2919; x_wconf 85' lang='grc' dir='ltr'>ἵνα</span> <span class='ocrx_word' id='word_1_328' title='bbox 1390 2867 1464 2936; x_wconf 86' lang='grc' dir='ltr'>μὴ</span> <span class='ocrx_word' id='word_1_329' title='bbox 1515 2864 1582 2917; x_wconf 73' lang='grc' dir='ltr'>τὰ</span> <span class='ocrx_word' id='word_1_330' title='bbox 1628 2865 1901 2936; x_wconf 82' lang='grc' dir='ltr'>θεοπρεπῆ</span> 
     </span>
    </p>
   </div>
   <div class='ocr_carea' id='block_1_46' title="bbox 310 2956 1904 3028">
    <p class='ocr_par' dir='ltr' id='par_1_46' title="bbox 310 2956 1904 3028">
     <span class='ocr_line' id='line_1_46' title="bbox 310 2956 1904 3028; baseline -0.004 -14"><span class='ocrx_word' id='word_1_331' title='bbox 310 2959 502 3014; x_wconf 78' lang='grc' dir='ltr'>ταῦτα</span> <span class='ocrx_word' id='word_1_332' title='bbox 529 2959 819 3021; x_wconf 88' lang='grc' dir='ltr'>ἀκούοντες</span> <span class='ocrx_word' id='word_1_333' title='bbox 847 2958 1300 3020; x_wconf 74' lang='grc' dir='ltr'>σκανδαλίζωνται</span> <span class='ocrx_word' id='word_1_334' title='bbox 1345 2958 1432 3010; x_wconf 81' lang='grc' dir='ltr'>διὰ</span> <span class='ocrx_word' id='word_1_335' title='bbox 1457 2957 1554 3028; x_wconf 86' lang='grc' dir='ltr'>τὴν</span> <span class='ocrx_word' id='word_1_336' title='bbox 1596 2956 1795 3027; x_wconf 86' lang='grc' dir='ltr'>σάρκα,</span> <span class='ocrx_word' id='word_1_337' title='bbox 1821 2957 1904 3008; x_wconf 82' lang='grc' dir='ltr'><strong>ὅτι</strong></span> 
     </span>
    </p>
   </div>
   <div class='ocr_carea' id='block_1_47' title="bbox 311 3045 1904 3122">
    <p class='ocr_par' dir='ltr' id='par_1_47' title="bbox 311 3045 1904 3122">
     <span class='ocr_line' id='line_1_47' title="bbox 311 3045 1904 3122; baseline -0.005 -17"><span class='ocrx_word' id='word_1_338' title='bbox 311 3052 613 3122; x_wconf 80' lang='grc' dir='ltr'>ἄνθρωπος</span> <span class='ocrx_word' id='word_1_339' title='bbox 643 3050 919 3120; x_wconf 85' lang='grc' dir='ltr'>ὁρώμενος</span> <span class='ocrx_word' id='word_1_340' title='bbox 959 3049 1183 3101; x_wconf 78' lang='grc' dir='ltr'>τοιαῦτα</span> <span class='ocrx_word' id='word_1_341' title='bbox 1206 3047 1522 3117; x_wconf 79' lang='grc' dir='ltr'>ἐφθέγγετο,</span> <span class='ocrx_word' id='word_1_342' title='bbox 1553 3045 1679 3118; x_wconf 83' lang='grc' dir='ltr'><strong>ἑξῆς</strong></span> <span class='ocrx_word' id='word_1_343' title='bbox 1704 3046 1904 3110; x_wconf 80' lang='grc' dir='ltr'>ἐπάγει</span> 
     </span>
    </p>
   </div>
   <div class='ocr_carea' id='block_1_48' title="bbox 314 3125 1975 3214">
    <p class='ocr_par' dir='ltr' id='par_1_48' title="bbox 314 3125 1975 3214">
     <span class='ocr_line' id='line_1_48' title="bbox 314 3125 1975 3214; baseline -0.004 -19"><span class='ocrx_word' id='word_1_344' title='bbox 314 3147 446 3214; x_wconf 87' lang='grc' dir='ltr'>μετ’</span> <span class='ocrx_word' id='word_1_345' title='bbox 471 3143 643 3209; x_wconf 82' lang='grc' dir='ltr'>ὀλίγα,</span> <span class='ocrx_word' id='word_1_346' title='bbox 677 3141 769 3194; x_wconf 85' lang='grc' dir='ltr'><strong>καί</strong></span> <span class='ocrx_word' id='word_1_347' title='bbox 801 3157 983 3210; x_wconf 80' lang='grc' dir='ltr'>φησιν,</span> <span class='ocrx_word' id='word_1_348' title='bbox 1012 3143 1092 3194; x_wconf 80' lang='grc' dir='ltr'><strong>ὅτι</strong></span> <span class='ocrx_word' id='word_1_349' title='bbox 1122 3141 1248 3203; x_wconf 86' lang='grc' dir='ltr'>Υίὺς</span> <span class='ocrx_word' id='word_1_350' title='bbox 1275 3140 1566 3212; x_wconf 84' lang='grc' dir='ltr'>ἀνθρώπου</span> <span class='ocrx_word' id='word_1_351' title='bbox 1591 3139 1738 3193; x_wconf 77' lang='grc' dir='ltr'>ἐστίν</span> <span class='ocrx_word' id='word_1_352' title='bbox 1760 3175 1775 3191; x_wconf 90' lang='grc'><strong>.</strong></span> <span class='ocrx_word' id='word_1_353' title='bbox 1812 3137 1904 3206; x_wconf 83' lang='grc' dir='ltr'><strong>Μὴ</strong></span> <span class='ocrx_word' id='word_1_354' title='bbox 1934 3125 1975 3182; x_wconf 79' lang='lat' dir='ltr'><strong>C</strong></span> 
     </span>
    </p>
   </div>
   <div class='ocr_carea' id='block_1_49' title="bbox 313 3231 1907 3305">
    <p class='ocr_par' dir='ltr' id='par_1_49' title="bbox 313 3231 1907 3305">
     <span class='ocr_line' id='line_1_49' title="bbox 313 3231 1907 3305; baseline -0.004 -17"><span class='ocrx_word' id='word_1_355' title='bbox 313 3236 638 3305; x_wconf 76' lang='grc' dir='ltr'>θαυμάζετε</span> <span class='ocrx_word' id='word_1_356' title='bbox 668 3235 846 3297; x_wconf 81' lang='grc' dir='ltr'>τοῦτο,</span> <span class='ocrx_word' id='word_1_357' title='bbox 877 3235 969 3287; x_wconf 79' lang='grc' dir='ltr'>καὶ</span> <span class='ocrx_word' id='word_1_358' title='bbox 995 3232 1104 3304; x_wconf 85' lang='grc' dir='ltr'>γὰρ</span> <span class='ocrx_word' id='word_1_359' title='bbox 1139 3233 1232 3286; x_wconf 69' lang='grc' dir='ltr'><strong>καὶ</strong></span> <span class='ocrx_word' id='word_1_360' title='bbox 1257 3232 1461 3303; x_wconf 85' lang='grc' dir='ltr'>ταύτης</span> <span class='ocrx_word' id='word_1_361' title='bbox 1483 3234 1581 3302; x_wconf 87' lang='grc' dir='ltr'><strong>τῆς</strong></span> <span class='ocrx_word' id='word_1_362' title='bbox 1609 3231 1907 3303; x_wconf 81' lang='grc' dir='ltr'>εἰρημένης</span> 
     </span>
    </p>
   </div>
   <div class='ocr_carea' id='block_1_50' title="bbox 311 3319 1906 3394">
    <p class='ocr_par' dir='ltr' id='par_1_50' title="bbox 311 3319 1906 3394">
     <span class='ocr_line' id='line_1_50' title="bbox 311 3319 1906 3394; baseline -0.003 -17"><span class='ocrx_word' id='word_1_363' title='bbox 311 3327 534 3394; x_wconf 81' lang='grc' dir='ltr'>φωνῆς,</span> <span class='ocrx_word' id='word_1_364' title='bbox 580 3325 662 3376; x_wconf 83' lang='grc' dir='ltr'><strong>ὅτι</strong></span> <span class='ocrx_word' id='word_1_365' title='bbox 689 3324 738 3374; x_wconf 83' lang='lat' dir='ltr'><strong>oi</strong></span> <span class='ocrx_word' id='word_1_366' title='bbox 768 3324 1099 3385; x_wconf 87' lang='grc' dir='ltr'>ἀκούσαντες</span> <span class='ocrx_word' id='word_1_367' title='bbox 1122 3323 1394 3394; x_wconf 73' lang='grc' dir='ltr'>ζήσουσινο</span> <span class='ocrx_word' id='word_1_368' title='bbox 1425 3340 1444 3372; x_wconf 80' lang='grc' dir='ltr'><strong>ι</strong></span> <span class='ocrx_word' id='word_1_369' title='bbox 1483 3323 1743 3390; x_wconf 85' lang='grc' dir='ltr'>Ἔρχεται</span> <span class='ocrx_word' id='word_1_370' title='bbox 1766 3319 1906 3390; x_wconf 83' lang='grc' dir='ltr'>ὥρα,</span> 
     </span>
    </p>
   </div>
   <div class='ocr_carea' id='block_1_51' title="bbox 309 3411 1912 3483">
    <p class='ocr_par' dir='ltr' id='par_1_51' title="bbox 309 3411 1912 3483">
     <span class='ocr_line' id='line_1_51' title="bbox 309 3411 1912 3483; baseline -0.003 -16"><span class='ocrx_word' id='word_1_371' title='bbox 309 3417 405 3468; x_wconf 80' lang='grc' dir='ltr'>ὅτε</span> <span class='ocrx_word' id='word_1_372' title='bbox 437 3416 540 3467; x_wconf 75' lang='grc' dir='ltr'><strong>καὶ</strong></span> <span class='ocrx_word' id='word_1_373' title='bbox 570 3416 771 3475; x_wconf 85' lang='grc' dir='ltr'>πάντες</span> <span class='ocrx_word' id='word_1_374' title='bbox 799 3415 848 3466; x_wconf 82' lang='lat' dir='ltr'><strong>oi</strong></span> <span class='ocrx_word' id='word_1_375' title='bbox 891 3414 948 3466; x_wconf 83' lang='grc' dir='ltr'><strong>ἐν</strong></span> <span class='ocrx_word' id='word_1_376' title='bbox 980 3415 1091 3475; x_wconf 87' lang='grc' dir='ltr'>τοῖς</span> <span class='ocrx_word' id='word_1_377' title='bbox 1127 3414 1410 3483; x_wconf 86' lang='grc' dir='ltr'>μνημείοις</span> <span class='ocrx_word' id='word_1_378' title='bbox 1438 3412 1780 3473; x_wconf 86' lang='grc' dir='ltr'>ἀκούσονται,</span> <span class='ocrx_word' id='word_1_379' title='bbox 1816 3411 1912 3463; x_wconf 75' lang='grc' dir='ltr'><strong>καὶ</strong></span> 
     </span>
    </p>
   </div>
   <div class='ocr_carea' id='block_1_52' title="bbox 309 3503 1915 3577">
    <p class='ocr_par' dir='ltr' id='par_1_52' title="bbox 309 3503 1915 3577">
     <span class='ocr_line' id='line_1_52' title="bbox 309 3503 1915 3577; baseline -0.003 -18"><span class='ocrx_word' id='word_1_380' title='bbox 309 3506 696 3577; x_wconf 81' lang='grc' dir='ltr'>πορεύσονται</span> <span class='ocrx_word' id='word_1_381' title='bbox 722 3507 770 3557; x_wconf 79' lang='grc' dir='ltr'>οἱ</span> <span class='ocrx_word' id='word_1_382' title='bbox 816 3505 885 3558; x_wconf 79' lang='grc' dir='ltr'>τὰ</span> <span class='ocrx_word' id='word_1_383' title='bbox 929 3503 1107 3572; x_wconf 87' lang='grc' dir='ltr'>ἀγαθὰ</span> <span class='ocrx_word' id='word_1_384' title='bbox 1138 3505 1462 3574; x_wconf 85' lang='grc' dir='ltr'>ποιήσαντες</span> <span class='ocrx_word' id='word_1_385' title='bbox 1508 3505 1586 3566; x_wconf 86' lang='grc' dir='ltr'><strong>είς</strong></span> <span class='ocrx_word' id='word_1_386' title='bbox 1616 3503 1915 3556; x_wconf 80' lang='grc' dir='ltr'>ἀνάστασιν</span> 
     </span>
    </p>
   </div>
   <div class='ocr_carea' id='block_1_53' title="bbox 273 3596 1914 3669">
    <p class='ocr_par' dir='ltr' id='par_1_53' title="bbox 273 3596 1914 3669">
     <span class='ocr_line' id='line_1_53' title="bbox 273 3596 1914 3669; baseline -0.003 -17"><span class='ocrx_word' id='word_1_387' title='bbox 273 3666 276 3668; x_wconf 15' lang='grc' dir='ltr'><strong>ν</strong></span> <span class='ocrx_word' id='word_1_388' title='bbox 309 3599 492 3669; x_wconf 77' lang='grc' dir='ltr'>ζωῆς,</span> <span class='ocrx_word' id='word_1_389' title='bbox 529 3601 580 3652; x_wconf 83' lang='grc' dir='ltr'>οἱ</span> <span class='ocrx_word' id='word_1_390' title='bbox 611 3599 669 3650; x_wconf 77' lang='grc' dir='ltr'>δὲ</span> <span class='ocrx_word' id='word_1_391' title='bbox 711 3598 779 3651; x_wconf 88' lang='grc' dir='ltr'><strong>τά</strong></span> <span class='ocrx_word' id='word_1_392' title='bbox 804 3597 991 3667; x_wconf 74' lang='grc' dir='ltr'>φαῦλα,</span> <span class='ocrx_word' id='word_1_393' title='bbox 1020 3597 1325 3668; x_wconf 80' lang='grc' dir='ltr'>πράξαντες</span> <span class='ocrx_word' id='word_1_394' title='bbox 1351 3600 1430 3660; x_wconf 83' lang='grc' dir='ltr'><strong>είς</strong></span> <span class='ocrx_word' id='word_1_395' title='bbox 1456 3597 1752 3650; x_wconf 84' lang='grc' dir='ltr'>ἀνάστασιν</span> <span class='ocrx_word' id='word_1_396' title='bbox 1792 3596 1914 3666; x_wconf 85' lang='grc' dir='ltr'>κρί-</span> 
     </span>
    </p>
   </div>
   <div class='ocr_carea' id='block_1_54' title="bbox 307 3687 1907 3760">
    <p class='ocr_par' dir='ltr' id='par_1_54' title="bbox 307 3687 1907 3760">
     <span class='ocr_line' id='line_1_54' title="bbox 307 3687 1907 3760; baseline -0.004 -16"><span class='ocrx_word' id='word_1_397' title='bbox 307 3704 487 3753; x_wconf 83' lang='grc' dir='ltr'>σεως’</span> <span class='ocrx_word' id='word_1_398' title='bbox 523 3709 543 3742; x_wconf 85' lang='grc'>›</span> <span class='ocrx_word' id='word_1_399' title='bbox 573 3689 637 3741; x_wconf 87' lang='grc' dir='ltr'>τὸ</span> <span class='ocrx_word' id='word_1_400' title='bbox 660 3689 758 3759; x_wconf 80' lang='grc' dir='ltr'><strong>μὲν</strong></span> <span class='ocrx_word' id='word_1_401' title='bbox 789 3689 898 3759; x_wconf 86' lang='grc' dir='ltr'><strong>γὰρ</strong></span> <span class='ocrx_word' id='word_1_402' title='bbox 933 3689 1197 3760; x_wconf 82' lang='grc' dir='ltr'>πρότερον</span> <span class='ocrx_word' id='word_1_403' title='bbox 1249 3688 1556 3760; x_wconf 79' lang='grc' dir='ltr'>εἰρημένον,</span> <span class='ocrx_word' id='word_1_404' title='bbox 1589 3689 1672 3741; x_wconf 83' lang='grc' dir='ltr'><strong>ὅτι</strong></span> <span class='ocrx_word' id='word_1_405' title='bbox 1703 3706 1721 3738; x_wconf 80' lang='grc' dir='ltr'><strong>ι</strong></span> <span class='ocrx_word' id='word_1_406' title='bbox 1753 3687 1907 3758; x_wconf 75' lang='grc' dir='ltr'>ἔρχεο</span> 
     </span>
    </p>
   </div>
   <div class='ocr_carea' id='block_1_55' title="bbox 302 3777 1915 3854">
    <p class='ocr_par' dir='ltr' id='par_1_55' title="bbox 302 3777 1915 3854">
     <span class='ocr_line' id='line_1_55' title="bbox 302 3777 1915 3854; baseline -0.005 -17"><span class='ocrx_word' id='word_1_407' title='bbox 302 3800 404 3837; x_wconf 85' lang='grc' dir='ltr'><strong>ται</strong></span> <span class='ocrx_word' id='word_1_408' title='bbox 435 3782 591 3854; x_wconf 84' lang='grc' dir='ltr'>ὥρα,</span> <span class='ocrx_word' id='word_1_409' title='bbox 621 3781 716 3833; x_wconf 75' lang='grc' dir='ltr'><strong>καὶ</strong></span> <span class='ocrx_word' id='word_1_410' title='bbox 755 3780 851 3834; x_wconf 82' lang='grc' dir='ltr'>νῦν</span> <span class='ocrx_word' id='word_1_411' title='bbox 896 3783 1078 3834; x_wconf 74' lang='grc' dir='ltr'>ἐστιν·</span> <span class='ocrx_word' id='word_1_412' title='bbox 1119 3799 1136 3832; x_wconf 82' lang='grc'><strong>›</strong></span> <span class='ocrx_word' id='word_1_413' title='bbox 1175 3781 1269 3833; x_wconf 75' lang='grc' dir='ltr'><strong>καὶ</strong></span> <span class='ocrx_word' id='word_1_414' title='bbox 1308 3779 1402 3844; x_wconf 83' lang='grc' dir='ltr'><strong>τὸ,</strong></span> <span class='ocrx_word' id='word_1_415' title='bbox 1439 3799 1458 3830; x_wconf 75' lang='grc' dir='ltr'><strong>ι</strong></span> <span class='ocrx_word' id='word_1_416' title='bbox 1498 3781 1547 3832; x_wconf 81' lang='grc' dir='ltr'><strong>οἱ</strong></span> <span class='ocrx_word' id='word_1_417' title='bbox 1584 3777 1915 3841; x_wconf 85' lang='grc' dir='ltr'>ἀκούσαντες</span> 
     </span>
    </p>
   </div>
   <div class='ocr_carea' id='block_1_56' title="bbox 302 3871 1918 3946">
    <p class='ocr_par' dir='ltr' id='par_1_56' title="bbox 302 3871 1918 3946">
     <span class='ocr_line' id='line_1_56' title="bbox 302 3871 1918 3946; baseline -0.003 -18"><span class='ocrx_word' id='word_1_418' title='bbox 302 3873 618 3946; x_wconf 77' lang='grc' dir='ltr'>ζήσονται,</span> <span class='ocrx_word' id='word_1_419' title='bbox 652 3891 670 3924; x_wconf 74' lang='grc' dir='ltr'><strong>ι</strong></span> <span class='ocrx_word' id='word_1_420' title='bbox 705 3872 835 3943; x_wconf 75' lang='grc' dir='ltr'>περὶ</span> <span class='ocrx_word' id='word_1_421' title='bbox 878 3872 985 3926; x_wconf 82' lang='grc' dir='ltr'><strong>τῶν</strong></span> <span class='ocrx_word' id='word_1_422' title='bbox 1029 3873 1172 3926; x_wconf 85' lang='grc' dir='ltr'><strong>κατά</strong></span> <span class='ocrx_word' id='word_1_423' title='bbox 1214 3872 1305 3926; x_wconf 82' lang='grc' dir='ltr'><strong>τὸν</strong></span> <span class='ocrx_word' id='word_1_424' title='bbox 1333 3871 1524 3943; x_wconf 80' lang='grc' dir='ltr'>καιρὸν</span> <span class='ocrx_word' id='word_1_425' title='bbox 1553 3873 1762 3924; x_wconf 74' lang='grc' dir='ltr'>ἐκεῖνον</span> <span class='ocrx_word' id='word_1_426' title='bbox 1788 3871 1918 3924; x_wconf 74' lang='grc' dir='ltr'><strong>ἀνα⁴</strong></span> 
     </span>
    </p>
   </div>
   <div class='ocr_carea' id='block_1_57' title="bbox 306 3962 1914 4036">
    <p class='ocr_par' dir='ltr' id='par_1_57' title="bbox 306 3962 1914 4036">
     <span class='ocr_line' id='line_1_57' title="bbox 306 3962 1914 4036; baseline -0.006 -16"><span class='ocrx_word' id='word_1_427' title='bbox 306 3969 587 4021; x_wconf 84' lang='grc' dir='ltr'>στάντων</span> <span class='ocrx_word' id='word_1_428' title='bbox 627 3965 837 4036; x_wconf 87' lang='grc' dir='ltr'>νεκρῶν</span> <span class='ocrx_word' id='word_1_429' title='bbox 859 3964 1111 4036; x_wconf 77' lang='grc' dir='ltr'>εἰρῆσθαι</span> <span class='ocrx_word' id='word_1_430' title='bbox 1131 3979 1144 3994; x_wconf 80' lang='grc'><strong>⁸</strong></span> <span class='ocrx_word' id='word_1_431' title='bbox 1185 3964 1332 4029; x_wconf 82' lang='grc' dir='ltr'>τὸδὲ,</span> <span class='ocrx_word' id='word_1_432' title='bbox 1367 3982 1385 4014; x_wconf 76' lang='grc' dir='ltr'><strong>ι</strong></span> <span class='ocrx_word' id='word_1_433' title='bbox 1416 3963 1618 4024; x_wconf 85' lang='grc' dir='ltr'>πάντες</span> <span class='ocrx_word' id='word_1_434' title='bbox 1639 3962 1688 4015; x_wconf 79' lang='grc' dir='ltr'>οἱ</span> <span class='ocrx_word' id='word_1_435' title='bbox 1722 3963 1780 4014; x_wconf 83' lang='grc' dir='ltr'>ὲν</span> <span class='ocrx_word' id='word_1_436' title='bbox 1806 3962 1914 4019; x_wconf 83' lang='grc' dir='ltr'>τοῖς</span> 
     </span>
    </p>
   </div>
   <div class='ocr_carea' id='block_1_58' title="bbox 299 4054 1916 4131">
    <p class='ocr_par' dir='ltr' id='par_1_58' title="bbox 299 4054 1916 4131">
     <span class='ocr_line' id='line_1_58' title="bbox 299 4054 1916 4131; baseline -0.006 -15"><span class='ocrx_word' id='word_1_437' title='bbox 299 4059 651 4131; x_wconf 75' lang='grc' dir='ltr'>μνημείοις,</span> <span class='ocrx_word' id='word_1_438' title='bbox 686 4076 709 4110; x_wconf 71' lang='grc' dir='ltr'><strong>ι</strong></span> <span class='ocrx_word' id='word_1_439' title='bbox 739 4059 840 4130; x_wconf 81' lang='grc' dir='ltr'>τὴν</span> <span class='ocrx_word' id='word_1_440' title='bbox 857 4057 1227 4128; x_wconf 84' lang='grc' dir='ltr'>ἀναστάσιμον</span> <span class='ocrx_word' id='word_1_441' title='bbox 1249 4058 1346 4128; x_wconf 85' lang='grc' dir='ltr'><strong>τῆς</strong></span> <span class='ocrx_word' id='word_1_442' title='bbox 1369 4055 1581 4120; x_wconf 73' lang='grc' dir='ltr'>ἐνδόξου</span> <span class='ocrx_word' id='word_1_443' title='bbox 1616 4054 1916 4126; x_wconf 86' lang='grc' dir='ltr'>παρουσίας</span> 
     </span>
    </p>
   </div>
   <div class='ocr_carea' id='block_1_59' title="bbox 295 4145 1916 4221">
    <p class='ocr_par' dir='ltr' id='par_1_59' title="bbox 295 4145 1916 4221">
     <span class='ocr_line' id='line_1_59' title="bbox 295 4145 1916 4221; baseline -0.004 -15"><span class='ocrx_word' id='word_1_444' title='bbox 295 4151 489 4206; x_wconf 78' lang='grc' dir='ltr'>αὑτοῦ</span> <span class='ocrx_word' id='word_1_445' title='bbox 545 4151 840 4221; x_wconf 76' lang='grc' dir='ltr'>σημαίνειν</span> <span class='ocrx_word' id='word_1_446' title='bbox 882 4150 1117 4220; x_wconf 80' lang='grc' dir='ltr'>ἡμέραν.</span> <span class='ocrx_word' id='word_1_447' title='bbox 1160 4149 1270 4202; x_wconf 78' lang='grc' dir='ltr'><strong>Καὶ</strong></span> <span class='ocrx_word' id='word_1_448' title='bbox 1320 4147 1438 4218; x_wconf 86' lang='grc' dir='ltr'>μετ’</span> <span class='ocrx_word' id='word_1_449' title='bbox 1483 4145 1639 4215; x_wconf 81' lang='grc' dir='ltr'>ὀλίγα</span> <span class='ocrx_word' id='word_1_450' title='bbox 1664 4147 1723 4200; x_wconf 79' lang='grc' dir='ltr'>δὲ</span> <span class='ocrx_word' id='word_1_451' title='bbox 1754 4146 1916 4201; x_wconf 85' lang='grc' dir='ltr'>πάλιν</span> 
     </span>
    </p>
   </div>
   <div class='ocr_carea' id='block_1_60' title="bbox 290 4241 1922 4323">
    <p class='ocr_par' dir='ltr' id='par_1_60' title="bbox 290 4241 1922 4323">
     <span class='ocr_line' id='line_1_60' title="bbox 290 4241 1922 4323; baseline 0 -27"><span class='ocrx_word' id='word_1_452' title='bbox 290 4243 485 4314; x_wconf 80' lang='grc' dir='ltr'>φησίν</span> <span class='ocrx_word' id='word_1_453' title='bbox 517 4259 535 4274; x_wconf 77' lang='grc' dir='ltr'><strong><em>ο</em></strong></span> <span class='ocrx_word' id='word_1_454' title='bbox 596 4261 619 4294; x_wconf 86' lang='grc'>‹</span> <span class='ocrx_word' id='word_1_455' title='bbox 683 4241 824 4323; x_wconf 75' lang='grc' dir='ltr'>Ἐγώ</span> <span class='ocrx_word' id='word_1_456' title='bbox 865 4245 982 4313; x_wconf 76' lang='grc' dir='ltr'>εἰμι</span> <span class='ocrx_word' id='word_1_457' title='bbox 1024 4243 1054 4295; x_wconf 84' lang='grc' dir='ltr'>ὁ</span> <span class='ocrx_word' id='word_1_458' title='bbox 1100 4241 1264 4313; x_wconf 77' lang='grc' dir='ltr'>ἄρτος</span> <span class='ocrx_word' id='word_1_459' title='bbox 1306 4241 1405 4310; x_wconf 89' lang='grc' dir='ltr'><strong>τῆς</strong></span> <span class='ocrx_word' id='word_1_460' title='bbox 1457 4241 1621 4313; x_wconf 77' lang='grc' dir='ltr'>ζωῆς.</span> <span class='ocrx_word' id='word_1_461' title='bbox 1673 4259 1702 4294; x_wconf 62' lang='grc' dir='ltr'><strong>ι</strong></span> <span class='ocrx_word' id='word_1_462' title='bbox 1757 4241 1922 4296; x_wconf 83' lang='grc' dir='ltr'>Ἀλλά</span> 
     </span>
    </p>
   </div>
   <div class='ocr_carea' id='block_1_61' title="bbox 287 4331 1916 4404">
    <p class='ocr_par' dir='ltr' id='par_1_61' title="bbox 287 4331 1916 4404">
     <span class='ocr_line' id='line_1_61' title="bbox 287 4331 1916 4404; baseline -0.002 -16"><span class='ocrx_word' id='word_1_463' title='bbox 287 4336 496 4389; x_wconf 77' lang='grc' dir='ltr'>ταῦτα</span> <span class='ocrx_word' id='word_1_464' title='bbox 570 4334 780 4399; x_wconf 87' lang='grc' dir='ltr'>πάντα,</span> <span class='ocrx_word' id='word_1_465' title='bbox 837 4333 1025 4404; x_wconf 83' lang='grc' dir='ltr'>ὥσπερ</span> <span class='ocrx_word' id='word_1_466' title='bbox 1073 4335 1174 4387; x_wconf 75' lang='grc' dir='ltr'><strong>οὐκ</strong></span> <span class='ocrx_word' id='word_1_467' title='bbox 1228 4331 1550 4398; x_wconf 86' lang='grc' dir='ltr'>ἀκούοντες,</span> <span class='ocrx_word' id='word_1_468' title='bbox 1608 4333 1808 4403; x_wconf 80' lang='grc' dir='ltr'>μᾶλλον</span> <span class='ocrx_word' id='word_1_469' title='bbox 1859 4333 1916 4387; x_wconf 69' lang='grc' dir='ltr'>δὲ</span> 
     </span>
    </p>
   </div>
   <div class='ocr_carea' id='block_1_62' title="bbox 1997 1777 3561 1856">
    <p class='ocr_par' dir='ltr' id='par_1_62' title="bbox 1997 1777 3561 1856">
     <span class='ocr_line' id='line_1_62' title="bbox 1997 1777 3561 1856; baseline -0.01 -12"><span class='ocrx_word' id='word_1_470' title='bbox 1997 1805 2185 1844; x_wconf 86' lang='lat' dir='ltr'><strong>ansam</strong></span> <span class='ocrx_word' id='word_1_471' title='bbox 2221 1787 2452 1856; x_wconf 88' lang='lat' dir='ltr'><strong>aliquam</strong></span> <span class='ocrx_word' id='word_1_472' title='bbox 2477 1785 2764 1840; x_wconf 84' lang='lat' dir='ltr'><strong>accusandi</strong></span> <span class='ocrx_word' id='word_1_473' title='bbox 2791 1782 2942 1837; x_wconf 93' lang='lat' dir='ltr'><strong>illum</strong></span> <span class='ocrx_word' id='word_1_474' title='bbox 2984 1780 3266 1836; x_wconf 84' lang='lat' dir='ltr'><strong>inveniant</strong></span> <span class='ocrx_word' id='word_1_475' title='bbox 3295 1777 3385 1848; x_wconf 90' lang='lat' dir='ltr'><strong>qui</strong></span> <span class='ocrx_word' id='word_1_476' title='bbox 3407 1790 3561 1832; x_wconf 89' lang='lat' dir='ltr'><strong>suam</strong></span> 
     </span>
    </p>
   </div>
   <div class='ocr_carea' id='block_1_63' title="bbox 1994 1877 2756 1952">
    <p class='ocr_par' dir='ltr' id='par_1_63' title="bbox 1994 1877 2756 1952">
     <span class='ocr_line' id='line_1_63' title="bbox 1994 1877 2756 1952; baseline -0.009 -16"><span class='ocrx_word' id='word_1_477' title='bbox 1994 1898 2094 1952; x_wconf 82' lang='lat' dir='ltr'><strong>pro</strong></span> <span class='ocrx_word' id='word_1_478' title='bbox 2124 1880 2258 1951; x_wconf 92' lang='lat' dir='ltr'><strong>ipsis</strong></span> <span class='ocrx_word' id='word_1_479' title='bbox 2293 1879 2527 1932; x_wconf 87' lang='lat' dir='ltr'><strong>animam</strong></span> <span class='ocrx_word' id='word_1_480' title='bbox 2559 1877 2756 1946; x_wconf 90' lang='lat' dir='ltr'><strong>posuit.</strong></span> 
     </span>
    </p>
   </div>
   <div class='ocr_carea' id='block_1_64' title="bbox 2068 1959 3573 2037">
    <p class='ocr_par' dir='ltr' id='par_1_64' title="bbox 2068 1959 3573 2037">
     <span class='ocr_line' id='line_1_64' title="bbox 2068 1959 3573 2037; baseline -0.011 -10"><span class='ocrx_word' id='word_1_481' title='bbox 2068 1973 2156 2030; x_wconf 76' lang='grc'><strong>16.</strong></span> <span class='ocrx_word' id='word_1_482' title='bbox 2199 1971 2466 2037; x_wconf 87' lang='lat' dir='ltr'><strong>Quidnam</strong></span> <span class='ocrx_word' id='word_1_483' title='bbox 2516 1983 2644 2022; x_wconf 90' lang='lat' dir='ltr'><strong>vero</strong></span> <span class='ocrx_word' id='word_1_484' title='bbox 2701 1974 2824 2022; x_wconf 86' lang='lat' dir='ltr'><strong>ante</strong></span> <span class='ocrx_word' id='word_1_485' title='bbox 2867 1965 3181 2036; x_wconf 68' lang='lat' dir='ltr'><strong>praedictam</strong></span> <span class='ocrx_word' id='word_1_486' title='bbox 3240 1959 3573 2018; x_wconf 82' lang='lat' dir='ltr'><strong>locutionem</strong></span> 
     </span>
    </p>
   </div>
   <div class='ocr_carea' id='block_1_65' title="bbox 1999 2055 3572 2126">
    <p class='ocr_par' dir='ltr' id='par_1_65' title="bbox 1999 2055 3572 2126">
     <span class='ocr_line' id='line_1_65' title="bbox 1999 2055 3572 2126; baseline -0.011 -4"><span class='ocrx_word' id='word_1_487' title='bbox 1999 2063 2218 2126; x_wconf 83' lang='lat' dir='ltr'><strong>dixerit,</strong></span> <span class='ocrx_word' id='word_1_488' title='bbox 2249 2063 2625 2117; x_wconf 83' lang='lat' dir='ltr'><strong>observemus.</strong></span> <span class='ocrx_word' id='word_1_489' title='bbox 2667 2079 2685 2111; x_wconf 75' lang='grc' dir='ltr'><strong>ι</strong></span> <span class='ocrx_word' id='word_1_490' title='bbox 2715 2058 2878 2114; x_wconf 77' lang='lat' dir='ltr'><strong>Pater</strong></span> <span class='ocrx_word' id='word_1_491' title='bbox 2943 2071 3117 2125; x_wconf 87' lang='lat' dir='ltr'><strong>meus,</strong></span> <span class='ocrx_word' id='word_1_492' title='bbox 3157 2055 3353 2125; x_wconf 82' lang='lat' dir='ltr'><strong>inquit,</strong></span> <span class='ocrx_word' id='word_1_493' title='bbox 3401 2064 3572 2119; x_wconf 89' lang='lat' dir='ltr'><strong>usque</strong></span> 
     </span>
    </p>
   </div>
   <div class='ocr_carea' id='block_1_66' title="bbox 1999 2144 3568 2224">
    <p class='ocr_par' dir='ltr' id='par_1_66' title="bbox 1999 2144 3568 2224">
     <span class='ocr_line' id='line_1_66' title="bbox 1999 2144 3568 2224; baseline -0.011 -11"><span class='ocrx_word' id='word_1_494' title='bbox 1999 2158 2178 2213; x_wconf 89' lang='lat' dir='ltr'><strong>adhuc</strong></span> <span class='ocrx_word' id='word_1_495' title='bbox 2204 2163 2479 2224; x_wconf 87' lang='lat' dir='ltr'><strong>operatur,</strong></span> <span class='ocrx_word' id='word_1_496' title='bbox 2505 2162 2560 2208; x_wconf 87' lang='lat' dir='ltr'><strong>et</strong></span> <span class='ocrx_word' id='word_1_497' title='bbox 2577 2167 2675 2223; x_wconf 89' lang='lat' dir='ltr'><strong>ego</strong></span> <span class='ocrx_word' id='word_1_498' title='bbox 2695 2166 2913 2222; x_wconf 84' lang='lat' dir='ltr'><strong>cperor.</strong></span> <span class='ocrx_word' id='word_1_499' title='bbox 2940 2168 2959 2201; x_wconf 72' lang='grc' dir='ltr'><strong>ι</strong></span> <span class='ocrx_word' id='word_1_500' title='bbox 2991 2149 3203 2204; x_wconf 86' lang='lat' dir='ltr'><strong>Patrem</strong></span> <span class='ocrx_word' id='word_1_501' title='bbox 3223 2160 3380 2202; x_wconf 91' lang='lat' dir='ltr'><strong>suum</strong></span> <span class='ocrx_word' id='word_1_502' title='bbox 3401 2144 3568 2197; x_wconf 90' lang='lat' dir='ltr'><strong>Deum</strong></span> 
     </span>
    </p>
   </div>
   <div class='ocr_carea' id='block_1_67' title="bbox 2003 2232 3570 2314">
    <p class='ocr_par' dir='ltr' id='par_1_67' title="bbox 2003 2232 3570 2314">
     <span class='ocr_line' id='line_1_67' title="bbox 2003 2232 3570 2314; baseline -0.011 -11"><span class='ocrx_word' id='word_1_503' title='bbox 2003 2247 2154 2312; x_wconf 87' lang='lat' dir='ltr'><strong>dicit,</strong></span> <span class='ocrx_word' id='word_1_504' title='bbox 2185 2259 2371 2314; x_wconf 90' lang='lat' dir='ltr'><strong>parem</strong></span> <span class='ocrx_word' id='word_1_505' title='bbox 2401 2258 2459 2298; x_wconf 91' lang='lat' dir='ltr'><strong>se</strong></span> <span class='ocrx_word' id='word_1_506' title='bbox 2485 2242 2690 2297; x_wconf 83' lang='lat' dir='ltr'><strong>faciens</strong></span> <span class='ocrx_word' id='word_1_507' title='bbox 2717 2241 2844 2307; x_wconf 89' lang='lat' dir='ltr'><strong>Deo,</strong></span> <span class='ocrx_word' id='word_1_508' title='bbox 2872 2240 3061 2295; x_wconf 89' lang='lat' dir='ltr'><strong>eadem</strong></span> <span class='ocrx_word' id='word_1_509' title='bbox 3097 2252 3216 2307; x_wconf 63' lang='lat' dir='ltr'><strong>quae</strong></span> <span class='ocrx_word' id='word_1_510' title='bbox 3265 2235 3426 2290; x_wconf 86' lang='lat' dir='ltr'><strong>Pater</strong></span> <span class='ocrx_word' id='word_1_511' title='bbox 3453 2232 3570 2301; x_wconf 89' lang='lat' dir='ltr'><strong>pari</strong></span> 
     </span>
    </p>
   </div>
   <div class='ocr_carea' id='block_1_68' title="bbox 2000 2324 3573 2400">
    <p class='ocr_par' dir='ltr' id='par_1_68' title="bbox 2000 2324 3573 2400">
     <span class='ocr_line' id='line_1_68' title="bbox 2000 2324 3573 2400; baseline -0.013 -4"><span class='ocrx_word' id='word_1_512' title='bbox 2000 2338 2159 2396; x_wconf 88' lang='lat' dir='ltr'><strong>modo</strong></span> <span class='ocrx_word' id='word_1_513' title='bbox 2189 2345 2486 2393; x_wconf 89' lang='lat' dir='ltr'><strong>creantem.</strong></span> <span class='ocrx_word' id='word_1_514' title='bbox 2513 2333 2648 2388; x_wconf 87' lang='lat' dir='ltr'><strong>Nam</strong></span> <span class='ocrx_word' id='word_1_515' title='bbox 2671 2352 2688 2385; x_wconf 80' lang='grc' dir='ltr'><strong>ι</strong></span> <span class='ocrx_word' id='word_1_516' title='bbox 2715 2332 2844 2400; x_wconf 69' lang='lat' dir='ltr'><strong>Quae</strong></span> <span class='ocrx_word' id='word_1_517' title='bbox 2863 2331 2951 2386; x_wconf 90' lang='lat' dir='ltr'><strong>ille</strong></span> <span class='ocrx_word' id='word_1_518' title='bbox 2973 2330 3121 2395; x_wconf 78' lang='lat' dir='ltr'><strong>facit,</strong></span> <span class='ocrx_word' id='word_1_519' title='bbox 3137 2327 3322 2383; x_wconf 88' lang='lat' dir='ltr'><strong>eadem</strong></span> <span class='ocrx_word' id='word_1_520' title='bbox 3337 2324 3573 2379; x_wconf 85' lang='lat' dir='ltr'><strong>ctFilius</strong></span> 
     </span>
    </p>
   </div>
   <div class='ocr_carea' id='block_1_69' title="bbox 2003 2415 3572 2493">
    <p class='ocr_par' dir='ltr' id='par_1_69' title="bbox 2003 2415 3572 2493">
     <span class='ocr_line' id='line_1_69' title="bbox 2003 2415 3572 2493; baseline -0.013 -6"><span class='ocrx_word' id='word_1_521' title='bbox 2003 2431 2259 2487; x_wconf 87' lang='lat' dir='ltr'><strong>similiter</strong></span> <span class='ocrx_word' id='word_1_522' title='bbox 2285 2426 2416 2482; x_wconf 80' lang='lat' dir='ltr'><strong>facit</strong></span> <span class='ocrx_word' id='word_1_523' title='bbox 2437 2427 2504 2478; x_wconf 83' lang='lat'><strong>&quot;.</strong></span> <span class='ocrx_word' id='word_1_524' title='bbox 2535 2446 2553 2476; x_wconf 72' lang='grc' dir='ltr'><strong>ι</strong></span> <span class='ocrx_word' id='word_1_525' title='bbox 2587 2424 2812 2493; x_wconf 86' lang='lat' dir='ltr'><strong>Insuper</strong></span> <span class='ocrx_word' id='word_1_526' title='bbox 2838 2440 2851 2475; x_wconf 89' lang='lat'><strong>:</strong></span> <span class='ocrx_word' id='word_1_527' title='bbox 2881 2440 2898 2474; x_wconf 78' lang='grc' dir='ltr'><strong>ι</strong></span> <span class='ocrx_word' id='word_1_528' title='bbox 2942 2419 3095 2488; x_wconf 85' lang='lat' dir='ltr'><strong>Quod</strong></span> <span class='ocrx_word' id='word_1_529' title='bbox 3127 2415 3572 2488; x_wconf 86' lang='lat' dir='ltr'><strong>omnejudicium</strong></span> 
     </span>
    </p>
   </div>
   <div class='ocr_carea' id='block_1_70' title="bbox 2004 2505 3573 2592">
    <p class='ocr_par' dir='ltr' id='par_1_70' title="bbox 2004 2505 3573 2592">
     <span class='ocr_line' id='line_1_70' title="bbox 2004 2505 3573 2592; baseline -0.012 -14"><span class='ocrx_word' id='word_1_530' title='bbox 2004 2522 2104 2592; x_wconf 89' lang='lat' dir='ltr'><strong>ipsi</strong></span> <span class='ocrx_word' id='word_1_531' title='bbox 2133 2521 2296 2576; x_wconf 85' lang='lat' dir='ltr'><strong>Pater</strong></span> <span class='ocrx_word' id='word_1_532' title='bbox 2330 2516 2686 2582; x_wconf 87' lang='lat' dir='ltr'><strong>commiserit,</strong></span> <span class='ocrx_word' id='word_1_533' title='bbox 2713 2523 2771 2568; x_wconf 93' lang='lat' dir='ltr'><strong>ut</strong></span> <span class='ocrx_word' id='word_1_534' title='bbox 2823 2528 3015 2568; x_wconf 88' lang='lat' dir='ltr'><strong>omnes</strong></span> <span class='ocrx_word' id='word_1_535' title='bbox 3066 2508 3430 2566; x_wconf 79' lang='lat' dir='ltr'><strong>honoriﬁcent</strong></span> <span class='ocrx_word' id='word_1_536' title='bbox 3478 2505 3573 2560; x_wconf 89' lang='lat' dir='ltr'><strong>Fi-</strong></span> 
     </span>
    </p>
   </div>
   <div class='ocr_carea' id='block_1_71' title="bbox 2003 2595 3572 2677">
    <p class='ocr_par' dir='ltr' id='par_1_71' title="bbox 2003 2595 3572 2677">
     <span class='ocr_line' id='line_1_71' title="bbox 2003 2595 3572 2677; baseline -0.013 -6"><span class='ocrx_word' id='word_1_537' title='bbox 2003 2617 2157 2677; x_wconf 92' lang='lat' dir='ltr'><strong>lium,</strong></span> <span class='ocrx_word' id='word_1_538' title='bbox 2191 2613 2348 2667; x_wconf 88' lang='lat' dir='ltr'><strong>sicuti</strong></span> <span class='ocrx_word' id='word_1_539' title='bbox 2377 2609 2592 2663; x_wconf 82' lang='lat' dir='ltr'><strong>Patrem</strong></span> <span class='ocrx_word' id='word_1_540' title='bbox 2627 2603 2985 2659; x_wconf 84' lang='lat' dir='ltr'><strong>honoriﬁcant</strong></span> <span class='ocrx_word' id='word_1_541' title='bbox 3011 2602 3078 2656; x_wconf 81' lang='lat'><strong>&quot;.</strong></span> <span class='ocrx_word' id='word_1_542' title='bbox 3111 2619 3130 2653; x_wconf 74' lang='grc' dir='ltr'><strong>ι</strong></span> <span class='ocrx_word' id='word_1_543' title='bbox 3158 2599 3288 2656; x_wconf 85' lang='lat' dir='ltr'><strong>item</strong></span> <span class='ocrx_word' id='word_1_544' title='bbox 3326 2614 3339 2651; x_wconf 95' lang='lat'>:</span> <span class='ocrx_word' id='word_1_545' title='bbox 3371 2617 3390 2650; x_wconf 78' lang='grc' dir='ltr'><strong>ι</strong></span> <span class='ocrx_word' id='word_1_546' title='bbox 3421 2595 3572 2664; x_wconf 85' lang='lat' dir='ltr'><strong>Quod</strong></span> 
     </span>
    </p>
   </div>
   <div class='ocr_carea' id='block_1_72' title="bbox 2004 2692 3574 2768">
    <p class='ocr_par' dir='ltr' id='par_1_72' title="bbox 2004 2692 3574 2768">
     <span class='ocr_line' id='line_1_72' title="bbox 2004 2692 3574 2768; baseline -0.013 -8"><span class='ocrx_word' id='word_1_547' title='bbox 2004 2707 2152 2761; x_wconf 80' lang='lat' dir='ltr'><strong>venit</strong></span> <span class='ocrx_word' id='word_1_548' title='bbox 2171 2706 2326 2768; x_wconf 89' lang='lat' dir='ltr'><strong>hora,</strong></span> <span class='ocrx_word' id='word_1_549' title='bbox 2347 2710 2400 2756; x_wconf 91' lang='lat' dir='ltr'><strong>et</strong></span> <span class='ocrx_word' id='word_1_550' title='bbox 2427 2715 2565 2753; x_wconf 93' lang='lat' dir='ltr'><strong>nunc</strong></span> <span class='ocrx_word' id='word_1_551' title='bbox 2590 2705 2692 2760; x_wconf 90' lang='lat' dir='ltr'><strong>est,</strong></span> <span class='ocrx_word' id='word_1_552' title='bbox 2715 2711 2836 2750; x_wconf 91' lang='lat' dir='ltr'><strong>cum</strong></span> <span class='ocrx_word' id='word_1_553' title='bbox 2893 2693 3090 2749; x_wconf 90' lang='lat' dir='ltr'><strong>mortui</strong></span> <span class='ocrx_word' id='word_1_554' title='bbox 3139 2692 3360 2746; x_wconf 88' lang='lat' dir='ltr'><strong>audient</strong></span> <span class='ocrx_word' id='word_1_555' title='bbox 3387 2702 3574 2742; x_wconf 90' lang='lat' dir='ltr'><strong>vocem</strong></span> 
     </span>
    </p>
   </div>
   <div class='ocr_carea' id='block_1_73' title="bbox 2004 2779 3577 2857">
    <p class='ocr_par' dir='ltr' id='par_1_73' title="bbox 2004 2779 3577 2857">
     <span class='ocr_line' id='line_1_73' title="bbox 2004 2779 3577 2857; baseline -0.012 -7"><span class='ocrx_word' id='word_1_556' title='bbox 2004 2797 2126 2851; x_wconf 91' lang='lat' dir='ltr'><strong>Filii</strong></span> <span class='ocrx_word' id='word_1_557' title='bbox 2160 2792 2428 2856; x_wconf 85' lang='lat' dir='ltr'><strong>hominis;</strong></span> <span class='ocrx_word' id='word_1_558' title='bbox 2463 2799 2516 2844; x_wconf 90' lang='lat' dir='ltr'><strong>et</strong></span> <span class='ocrx_word' id='word_1_559' title='bbox 2538 2788 2628 2857; x_wconf 87' lang='lat' dir='ltr'><strong>qui</strong></span> <span class='ocrx_word' id='word_1_560' title='bbox 2664 2785 2952 2847; x_wconf 83' lang='lat' dir='ltr'><strong>audierint,</strong></span> <span class='ocrx_word' id='word_1_561' title='bbox 2986 2784 3167 2836; x_wconf 88' lang='lat' dir='ltr'><strong>vivent</strong></span> <span class='ocrx_word' id='word_1_562' title='bbox 3204 2783 3274 2836; x_wconf 80' lang='grc'><strong>⁷⁷.</strong></span> <span class='ocrx_word' id='word_1_563' title='bbox 3306 2800 3323 2831; x_wconf 72' lang='grc' dir='ltr'><strong>ι</strong></span> <span class='ocrx_word' id='word_1_564' title='bbox 3350 2779 3577 2844; x_wconf 86' lang='lat' dir='ltr'><strong>Deinde,</strong></span> 
     </span>
    </p>
   </div>
   <div class='ocr_carea' id='block_1_74' title="bbox 2005 2875 3580 2946">
    <p class='ocr_par' dir='ltr' id='par_1_74' title="bbox 2005 2875 3580 2946">
     <span class='ocr_line' id='line_1_74' title="bbox 2005 2875 3580 2946; baseline -0.014 -3"><span class='ocrx_word' id='word_1_565' title='bbox 2005 2903 2080 2944; x_wconf 88' lang='lat' dir='ltr'><strong>ne</strong></span> <span class='ocrx_word' id='word_1_566' title='bbox 2107 2889 2222 2941; x_wconf 69' lang='lat' dir='ltr'><strong>haec</strong></span> <span class='ocrx_word' id='word_1_567' title='bbox 2274 2884 2384 2939; x_wconf 92' lang='lat' dir='ltr'><strong>Deo</strong></span> <span class='ocrx_word' id='word_1_568' title='bbox 2443 2890 2648 2936; x_wconf 90' lang='lat' dir='ltr'><strong>tantum</strong></span> <span class='ocrx_word' id='word_1_569' title='bbox 2707 2876 2868 2946; x_wconf 87' lang='lat' dir='ltr'><strong>digna</strong></span> <span class='ocrx_word' id='word_1_570' title='bbox 2920 2875 3223 2939; x_wconf 89' lang='lat' dir='ltr'><strong>audientes,</strong></span> <span class='ocrx_word' id='word_1_571' title='bbox 3266 2879 3580 2942; x_wconf 89' lang='lat' dir='ltr'><strong>paterentur</strong></span> 
     </span>
    </p>
   </div>
   <div class='ocr_carea' id='block_1_75' title="bbox 2007 2963 3578 3046">
    <p class='ocr_par' dir='ltr' id='par_1_75' title="bbox 2007 2963 3578 3046">
     <span class='ocr_line' id='line_1_75' title="bbox 2007 2963 3578 3046; baseline -0.015 -10"><span class='ocrx_word' id='word_1_572' title='bbox 2007 2978 2320 3036; x_wconf 90' lang='lat' dir='ltr'><strong>scandalum</strong></span> <span class='ocrx_word' id='word_1_573' title='bbox 2347 2983 2566 3046; x_wconf 87' lang='lat' dir='ltr'><strong>propter</strong></span> <span class='ocrx_word' id='word_1_574' title='bbox 2594 2971 2712 3040; x_wconf 84' lang='lat' dir='ltr'><strong>ejus</strong></span> <span class='ocrx_word' id='word_1_575' title='bbox 2766 2982 3006 3030; x_wconf 89' lang='lat' dir='ltr'><strong>carnem,</strong></span> <span class='ocrx_word' id='word_1_576' title='bbox 3053 2965 3179 3034; x_wconf 88' lang='lat' dir='ltr'><strong>quia</strong></span> <span class='ocrx_word' id='word_1_577' title='bbox 3237 2964 3291 3016; x_wconf 91' lang='lat' dir='ltr'><strong>in</strong></span> <span class='ocrx_word' id='word_1_578' title='bbox 3345 2963 3578 3015; x_wconf 87' lang='lat' dir='ltr'><strong>humana</strong></span> 
     </span>
    </p>
   </div>
   <div class='ocr_carea' id='block_1_76' title="bbox 2011 3052 3582 3134">
    <p class='ocr_par' dir='ltr' id='par_1_76' title="bbox 2011 3052 3582 3134">
     <span class='ocr_line' id='line_1_76' title="bbox 2011 3052 3582 3134; baseline -0.016 -8"><span class='ocrx_word' id='word_1_579' title='bbox 2011 3071 2182 3126; x_wconf 81' lang='lat' dir='ltr'><strong>forma</strong></span> <span class='ocrx_word' id='word_1_580' title='bbox 2212 3068 2338 3123; x_wconf 92' lang='lat' dir='ltr'><strong>talia</strong></span> <span class='ocrx_word' id='word_1_581' title='bbox 2370 3067 2598 3127; x_wconf 87' lang='lat' dir='ltr'><strong>diceret,</strong></span> <span class='ocrx_word' id='word_1_582' title='bbox 2625 3062 2783 3134; x_wconf 85' lang='lat' dir='ltr'><strong>paulo</strong></span> <span class='ocrx_word' id='word_1_583' title='bbox 2814 3068 2935 3129; x_wconf 88' lang='lat' dir='ltr'><strong>post</strong></span> <span class='ocrx_word' id='word_1_584' title='bbox 2984 3055 3212 3119; x_wconf 89' lang='lat' dir='ltr'><strong>addidit,</strong></span> <span class='ocrx_word' id='word_1_585' title='bbox 3257 3052 3468 3115; x_wconf 88' lang='lat' dir='ltr'><strong>dicens,</strong></span> <span class='ocrx_word' id='word_1_586' title='bbox 3521 3063 3582 3103; x_wconf 91' lang='lat' dir='ltr'><strong>se</strong></span> 
     </span>
    </p>
   </div>
   <div class='ocr_carea' id='block_1_77' title="bbox 2009 3139 3594 3219">
    <p class='ocr_par' dir='ltr' id='par_1_77' title="bbox 2009 3139 3594 3219">
     <span class='ocr_line' id='line_1_77' title="bbox 2009 3139 3594 3219; baseline -0.016 -1"><span class='ocrx_word' id='word_1_587' title='bbox 2009 3162 2206 3219; x_wconf 89' lang='lat' dir='ltr'><strong>Filium</strong></span> <span class='ocrx_word' id='word_1_588' title='bbox 2239 3158 2473 3215; x_wconf 87' lang='lat' dir='ltr'><strong>hominis</strong></span> <span class='ocrx_word' id='word_1_589' title='bbox 2503 3171 2622 3212; x_wconf 89' lang='lat' dir='ltr'><strong>esse</strong></span> <span class='ocrx_word' id='word_1_590' title='bbox 2648 3155 2712 3206; x_wconf 82' lang='grc'><strong>⁷³.</strong></span> <span class='ocrx_word' id='word_1_591' title='bbox 2742 3152 2930 3219; x_wconf 78' lang='lat' dir='ltr'><strong>Neque</strong></span> <span class='ocrx_word' id='word_1_592' title='bbox 2961 3145 3230 3203; x_wconf 87' lang='lat' dir='ltr'><strong>miremini</strong></span> <span class='ocrx_word' id='word_1_593' title='bbox 3253 3187 3267 3210; x_wconf 89' lang='lat'><strong>,</strong></span> <span class='ocrx_word' id='word_1_594' title='bbox 3301 3142 3443 3211; x_wconf 90' lang='lat' dir='ltr'><strong>quod</strong></span> <span class='ocrx_word' id='word_1_595' title='bbox 3488 3139 3594 3208; x_wconf 84' lang='lat' dir='ltr'><strong>qui.</strong></span> 
     </span>
    </p>
   </div>
   <div class='ocr_carea' id='block_1_78' title="bbox 2011 3231 3594 3310">
    <p class='ocr_par' dir='ltr' id='par_1_78' title="bbox 2011 3231 3594 3310">
     <span class='ocr_line' id='line_1_78' title="bbox 2011 3231 3594 3310; baseline -0.015 -3"><span class='ocrx_word' id='word_1_596' title='bbox 2011 3254 2152 3308; x_wconf 92' lang='lat' dir='ltr'><strong>hanc</strong></span> <span class='ocrx_word' id='word_1_597' title='bbox 2187 3263 2374 3304; x_wconf 91' lang='lat' dir='ltr'><strong>vocem</strong></span> <span class='ocrx_word' id='word_1_598' title='bbox 2399 3246 2692 3310; x_wconf 89' lang='lat' dir='ltr'><strong>audierint,</strong></span> <span class='ocrx_word' id='word_1_599' title='bbox 2729 3241 2920 3297; x_wconf 87' lang='lat' dir='ltr'><strong>victuri</strong></span> <span class='ocrx_word' id='word_1_600' title='bbox 2967 3239 3114 3296; x_wconf 83' lang='lat' dir='ltr'><strong>sint:</strong></span> <span class='ocrx_word' id='word_1_601' title='bbox 3148 3253 3166 3288; x_wconf 77' lang='grc' dir='ltr'><strong>ι</strong></span> <span class='ocrx_word' id='word_1_602' title='bbox 3227 3233 3389 3289; x_wconf 80' lang='lat' dir='ltr'><strong>Venit</strong></span> <span class='ocrx_word' id='word_1_603' title='bbox 3448 3231 3594 3286; x_wconf 90' lang='lat' dir='ltr'><strong>hora.</strong></span> 
     </span>
    </p>
   </div>
   <div class='ocr_carea' id='block_1_79' title="bbox 2011 3325 3591 3408">
    <p class='ocr_par' dir='ltr' id='par_1_79' title="bbox 2011 3325 3591 3408">
     <span class='ocr_line' id='line_1_79' title="bbox 2011 3325 3591 3408; baseline -0.015 -10"><span class='ocrx_word' id='word_1_604' title='bbox 2011 3357 2132 3398; x_wconf 89' lang='lat' dir='ltr'><strong>cum</strong></span> <span class='ocrx_word' id='word_1_605' title='bbox 2163 3355 2350 3395; x_wconf 90' lang='lat' dir='ltr'><strong>omnes</strong></span> <span class='ocrx_word' id='word_1_606' title='bbox 2379 3338 2470 3408; x_wconf 90' lang='lat' dir='ltr'><strong>qui</strong></span> <span class='ocrx_word' id='word_1_607' title='bbox 2502 3337 2555 3392; x_wconf 90' lang='lat' dir='ltr'><strong>in</strong></span> <span class='ocrx_word' id='word_1_608' title='bbox 2577 3333 2941 3391; x_wconf 88' lang='lat' dir='ltr'><strong>monumentis</strong></span> <span class='ocrx_word' id='word_1_609' title='bbox 2971 3329 3179 3398; x_wconf 86' lang='lat' dir='ltr'><strong>jaceut,</strong></span> <span class='ocrx_word' id='word_1_610' title='bbox 3232 3325 3456 3380; x_wconf 91' lang='lat' dir='ltr'><strong>audient</strong></span> <span class='ocrx_word' id='word_1_611' title='bbox 3482 3342 3494 3378; x_wconf 92' lang='lat'><strong>:</strong></span> <span class='ocrx_word' id='word_1_612' title='bbox 3529 3330 3591 3376; x_wconf 79' lang='lat' dir='ltr'><strong>et</strong></span> 
     </span>
    </p>
   </div>
   <div class='ocr_carea' id='block_1_80' title="bbox 2011 3411 3585 3501">
    <p class='ocr_par' dir='ltr' id='par_1_80' title="bbox 2011 3411 3585 3501">
     <span class='ocr_line' id='line_1_80' title="bbox 2011 3411 3585 3501; baseline -0.012 -17"><span class='ocrx_word' id='word_1_613' title='bbox 2011 3429 2306 3501; x_wconf 90' lang='lat' dir='ltr'><strong>procedent</strong></span> <span class='ocrx_word' id='word_1_614' title='bbox 2365 3428 2456 3496; x_wconf 91' lang='lat' dir='ltr'><strong>qui</strong></span> <span class='ocrx_word' id='word_1_615' title='bbox 2493 3426 2630 3480; x_wconf 87' lang='lat' dir='ltr'><strong>bona</strong></span> <span class='ocrx_word' id='word_1_616' title='bbox 2662 3425 2910 3479; x_wconf 83' lang='lat' dir='ltr'><strong>fecerunt</strong></span> <span class='ocrx_word' id='word_1_617' title='bbox 2939 3422 2991 3474; x_wconf 91' lang='lat' dir='ltr'><strong>in</strong></span> <span class='ocrx_word' id='word_1_618' title='bbox 3019 3417 3476 3474; x_wconf 87' lang='lat' dir='ltr'><strong>resurrectionem</strong></span> <span class='ocrx_word' id='word_1_619' title='bbox 3509 3411 3585 3465; x_wconf 68' lang='lat' dir='ltr'><strong>vi~</strong></span> 
     </span>
    </p>
   </div>
   <div class='ocr_carea' id='block_1_81' title="bbox 2015 3505 3577 3590">
    <p class='ocr_par' dir='ltr' id='par_1_81' title="bbox 2015 3505 3577 3590">
     <span class='ocr_line' id='line_1_81' title="bbox 2015 3505 3577 3590; baseline -0.013 -13"><span class='ocrx_word' id='word_1_620' title='bbox 2015 3530 2160 3586; x_wconf 68' lang='lat' dir='ltr'><strong>taa,et</strong></span> <span class='ocrx_word' id='word_1_621' title='bbox 2182 3521 2272 3590; x_wconf 87' lang='lat' dir='ltr'><strong>qui</strong></span> <span class='ocrx_word' id='word_1_622' title='bbox 2304 3518 2444 3574; x_wconf 88' lang='lat' dir='ltr'><strong>mala</strong></span> <span class='ocrx_word' id='word_1_623' title='bbox 2462 3525 2688 3588; x_wconf 82' lang='lat' dir='ltr'><strong>egerunt</strong></span> <span class='ocrx_word' id='word_1_624' title='bbox 2708 3516 2761 3570; x_wconf 91' lang='lat' dir='ltr'><strong>in</strong></span> <span class='ocrx_word' id='word_1_625' title='bbox 2787 3512 3242 3570; x_wconf 87' lang='lat' dir='ltr'><strong>resurrectionem</strong></span> <span class='ocrx_word' id='word_1_626' title='bbox 3263 3505 3456 3577; x_wconf 75' lang='lat' dir='ltr'><strong>iudicii</strong></span> <span class='ocrx_word' id='word_1_627' title='bbox 3473 3506 3577 3559; x_wconf 70' lang='grc' dir='ltr'><strong>τ’.»</strong></span> 
     </span>
    </p>
   </div>
   <div class='ocr_carea' id='block_1_82' title="bbox 2011 3602 3580 3682">
    <p class='ocr_par' dir='ltr' id='par_1_82' title="bbox 2011 3602 3580 3682">
     <span class='ocr_line' id='line_1_82' title="bbox 2011 3602 3580 3682; baseline -0.013 -16"><span class='ocrx_word' id='word_1_628' title='bbox 2011 3611 2147 3666; x_wconf 84' lang='lat' dir='ltr'><strong>Nam</strong></span> <span class='ocrx_word' id='word_1_629' title='bbox 2179 3611 2328 3682; x_wconf 87' lang='lat' dir='ltr'><strong>prius</strong></span> <span class='ocrx_word' id='word_1_630' title='bbox 2364 3610 2588 3674; x_wconf 88' lang='lat' dir='ltr'><strong>dictum,</strong></span> <span class='ocrx_word' id='word_1_631' title='bbox 2608 3625 2626 3658; x_wconf 87' lang='grc'><strong><em>‹</em></strong></span> <span class='ocrx_word' id='word_1_632' title='bbox 2651 3605 2794 3676; x_wconf 89' lang='lat' dir='ltr'><strong>quod</strong></span> <span class='ocrx_word' id='word_1_633' title='bbox 2821 3603 2968 3659; x_wconf 84' lang='lat' dir='ltr'><strong>venit</strong></span> <span class='ocrx_word' id='word_1_634' title='bbox 2997 3602 3151 3667; x_wconf 89' lang='lat' dir='ltr'><strong>hora,</strong></span> <span class='ocrx_word' id='word_1_635' title='bbox 3171 3610 3224 3657; x_wconf 89' lang='lat' dir='ltr'><strong>et</strong></span> <span class='ocrx_word' id='word_1_636' title='bbox 3249 3613 3392 3654; x_wconf 91' lang='lat' dir='ltr'><strong>nunc</strong></span> <span class='ocrx_word' id='word_1_637' title='bbox 3409 3605 3492 3651; x_wconf 89' lang='lat' dir='ltr'><strong>est</strong></span> <span class='ocrx_word' id='word_1_638' title='bbox 3516 3612 3530 3662; x_wconf 89' lang='lat'><strong>;</strong></span> <span class='ocrx_word' id='word_1_639' title='bbox 3559 3612 3580 3645; x_wconf 75' lang='grc' dir='ltr'><strong>ι</strong></span> 
     </span>
    </p>
   </div>
   <div class='ocr_carea' id='block_1_83' title="bbox 2012 3687 3587 3774">
    <p class='ocr_par' dir='ltr' id='par_1_83' title="bbox 2012 3687 3587 3774">
     <span class='ocr_line' id='line_1_83' title="bbox 2012 3687 3587 3774; baseline -0.011 -14"><span class='ocrx_word' id='word_1_640' title='bbox 2012 3711 2067 3774; x_wconf 73' lang='lat' dir='ltr'><strong>et</strong></span> <span class='ocrx_word' id='word_1_641' title='bbox 2090 3705 2259 3759; x_wconf 92' lang='lat' dir='ltr'><strong>illud:</strong></span> <span class='ocrx_word' id='word_1_642' title='bbox 2320 3720 2340 3754; x_wconf 76' lang='grc' dir='ltr'><strong>ι</strong></span> <span class='ocrx_word' id='word_1_643' title='bbox 2382 3702 2473 3772; x_wconf 90' lang='lat' dir='ltr'><strong>qui</strong></span> <span class='ocrx_word' id='word_1_644' title='bbox 2504 3699 2774 3756; x_wconf 88' lang='lat' dir='ltr'><strong>audierint</strong></span> <span class='ocrx_word' id='word_1_645' title='bbox 2807 3699 3007 3760; x_wconf 87' lang='lat' dir='ltr'><strong>vivent,</strong></span> <span class='ocrx_word' id='word_1_646' title='bbox 3047 3715 3066 3748; x_wconf 75' lang='grc' dir='ltr'><strong>ι</strong></span> <span class='ocrx_word' id='word_1_647' title='bbox 3104 3695 3170 3749; x_wconf 91' lang='lat' dir='ltr'><strong>de</strong></span> <span class='ocrx_word' id='word_1_648' title='bbox 3220 3692 3327 3747; x_wconf 91' lang='lat' dir='ltr'><strong>illis</strong></span> <span class='ocrx_word' id='word_1_649' title='bbox 3356 3689 3446 3761; x_wconf 90' lang='lat' dir='ltr'><strong>qui</strong></span> <span class='ocrx_word' id='word_1_650' title='bbox 3497 3687 3587 3742; x_wconf 92' lang='lat' dir='ltr'><strong>illo</strong></span> 
     </span>
    </p>
   </div>
   <div class='ocr_carea' id='block_1_84' title="bbox 2018 3777 3587 3864">
    <p class='ocr_par' dir='ltr' id='par_1_84' title="bbox 2018 3777 3587 3864">
     <span class='ocr_line' id='line_1_84' title="bbox 2018 3777 3587 3864; baseline -0.011 -15"><span class='ocrx_word' id='word_1_651' title='bbox 2018 3802 2258 3864; x_wconf 88' lang='lat' dir='ltr'><strong>tempore</strong></span> <span class='ocrx_word' id='word_1_652' title='bbox 2298 3797 2717 3848; x_wconf 75' lang='lat' dir='ltr'><strong>resurrexerunt</strong></span> <span class='ocrx_word' id='word_1_653' title='bbox 2741 3787 2969 3842; x_wconf 89' lang='lat' dir='ltr'><strong>mortuis</strong></span> <span class='ocrx_word' id='word_1_654' title='bbox 2995 3785 3196 3839; x_wconf 91' lang='lat' dir='ltr'><strong>dictum</strong></span> <span class='ocrx_word' id='word_1_655' title='bbox 3228 3782 3347 3836; x_wconf 82' lang='lat' dir='ltr'><strong>fuit.</strong></span> <span class='ocrx_word' id='word_1_656' title='bbox 3407 3777 3587 3832; x_wconf 80' lang='lat' dir='ltr'><strong>Verba</strong></span> 
     </span>
    </p>
   </div>
   <div class='ocr_carea' id='block_1_85' title="bbox 2015 3871 3587 3950">
    <p class='ocr_par' dir='ltr' id='par_1_85' title="bbox 2015 3871 3587 3950">
     <span class='ocr_line' id='line_1_85' title="bbox 2015 3871 3587 3950; baseline -0.01 -11"><span class='ocrx_word' id='word_1_657' title='bbox 2015 3894 2196 3940; x_wconf 89' lang='lat' dir='ltr'><strong>autem</strong></span> <span class='ocrx_word' id='word_1_658' title='bbox 2232 3901 2246 3937; x_wconf 90' lang='lat'><strong>:</strong></span> <span class='ocrx_word' id='word_1_659' title='bbox 2289 3903 2308 3936; x_wconf 81' lang='grc' dir='ltr'><strong>ι</strong></span> <span class='ocrx_word' id='word_1_660' title='bbox 2344 3897 2534 3938; x_wconf 91' lang='lat' dir='ltr'><strong>omnes</strong></span> <span class='ocrx_word' id='word_1_661' title='bbox 2556 3881 2647 3950; x_wconf 88' lang='lat' dir='ltr'><strong>qui</strong></span> <span class='ocrx_word' id='word_1_662' title='bbox 2674 3880 2729 3932; x_wconf 87' lang='lat' dir='ltr'><strong>in</strong></span> <span class='ocrx_word' id='word_1_663' title='bbox 2749 3876 3110 3932; x_wconf 89' lang='lat' dir='ltr'><strong>monumentis</strong></span> <span class='ocrx_word' id='word_1_664' title='bbox 3137 3875 3340 3944; x_wconf 87' lang='lat' dir='ltr'><strong>jacent,</strong></span> <span class='ocrx_word' id='word_1_665' title='bbox 3384 3891 3403 3924; x_wconf 73' lang='grc' dir='ltr'><strong>ι</strong></span> <span class='ocrx_word' id='word_1_666' title='bbox 3443 3871 3587 3924; x_wconf 90' lang='lat' dir='ltr'><strong>diem</strong></span> 
     </span>
    </p>
   </div>
   <div class='ocr_carea' id='block_1_86' title="bbox 2015 3961 3588 4044">
    <p class='ocr_par' dir='ltr' id='par_1_86' title="bbox 2015 3961 3588 4044">
     <span class='ocr_line' id='line_1_86' title="bbox 2015 3961 3588 4044; baseline -0.01 -15"><span class='ocrx_word' id='word_1_667' title='bbox 2015 3974 2286 4044; x_wconf 88' lang='lat' dir='ltr'><strong>generalis</strong></span> <span class='ocrx_word' id='word_1_668' title='bbox 2312 3969 2731 4028; x_wconf 88' lang='lat' dir='ltr'><strong>resurrectionis</strong></span> <span class='ocrx_word' id='word_1_669' title='bbox 2789 3977 2842 4021; x_wconf 94' lang='lat' dir='ltr'><strong>et</strong></span> <span class='ocrx_word' id='word_1_670' title='bbox 2865 3967 3115 4037; x_wconf 75' lang='lat' dir='ltr'><strong>gloriosae</strong></span> <span class='ocrx_word' id='word_1_671' title='bbox 3135 3964 3336 4020; x_wconf 82' lang='lat' dir='ltr'><strong>Christi</strong></span> <span class='ocrx_word' id='word_1_672' title='bbox 3373 3961 3588 4031; x_wconf 87' lang='lat' dir='ltr'><strong>appari-</strong></span> 
     </span>
    </p>
   </div>
   <div class='ocr_carea' id='block_1_87' title="bbox 2019 4049 3592 4133">
    <p class='ocr_par' dir='ltr' id='par_1_87' title="bbox 2019 4049 3592 4133">
     <span class='ocr_line' id='line_1_87' title="bbox 2019 4049 3592 4133; baseline -0.012 -11"><span class='ocrx_word' id='word_1_673' title='bbox 2019 4066 2181 4122; x_wconf 91' lang='lat' dir='ltr'><strong>tionis</strong></span> <span class='ocrx_word' id='word_1_674' title='bbox 2201 4063 2529 4133; x_wconf 82' lang='lat' dir='ltr'><strong>signiﬁcant.</strong></span> <span class='ocrx_word' id='word_1_675' title='bbox 2558 4060 2628 4116; x_wconf 86' lang='lat' dir='ltr'><strong>Et</strong></span> <span class='ocrx_word' id='word_1_676' title='bbox 2651 4058 2810 4128; x_wconf 89' lang='lat' dir='ltr'><strong>paulo</strong></span> <span class='ocrx_word' id='word_1_677' title='bbox 2843 4063 2962 4126; x_wconf 88' lang='lat' dir='ltr'><strong>post</strong></span> <span class='ocrx_word' id='word_1_678' title='bbox 2992 4069 3182 4109; x_wconf 86' lang='lat' dir='ltr'><strong>rursus</strong></span> <span class='ocrx_word' id='word_1_679' title='bbox 3215 4051 3386 4106; x_wconf 88' lang='lat' dir='ltr'><strong>dicit:</strong></span> <span class='ocrx_word' id='word_1_680' title='bbox 3430 4069 3449 4102; x_wconf 78' lang='grc' dir='ltr'><strong>ι</strong></span> <span class='ocrx_word' id='word_1_681' title='bbox 3473 4049 3592 4119; x_wconf 74' lang='lat' dir='ltr'><strong>Ego</strong></span> 
     </span>
    </p>
   </div>
   <div class='ocr_carea' id='block_1_88' title="bbox 2016 4138 3588 4223">
    <p class='ocr_par' dir='ltr' id='par_1_88' title="bbox 2016 4138 3588 4223">
     <span class='ocr_line' id='line_1_88' title="bbox 2016 4138 3588 4223; baseline -0.012 -13"><span class='ocrx_word' id='word_1_682' title='bbox 2016 4169 2136 4210; x_wconf 86' lang='lat' dir='ltr'><strong>sum</strong></span> <span class='ocrx_word' id='word_1_683' title='bbox 2161 4152 2314 4223; x_wconf 87' lang='lat' dir='ltr'><strong>panis</strong></span> <span class='ocrx_word' id='word_1_684' title='bbox 2338 4153 2461 4205; x_wconf 72' lang='lat' dir='ltr'><strong>vitae</strong></span> <span class='ocrx_word' id='word_1_685' title='bbox 2483 4147 2555 4203; x_wconf 78' lang='grc' dir='ltr'><strong>⁸ο.</strong></span> <span class='ocrx_word' id='word_1_686' title='bbox 2596 4168 2616 4201; x_wconf 72' lang='grc' dir='ltr'><strong>ι</strong></span> <span class='ocrx_word' id='word_1_687' title='bbox 2644 4146 3032 4202; x_wconf 74' lang='lat' dir='ltr'><strong>Verumtamen</strong></span> <span class='ocrx_word' id='word_1_688' title='bbox 3079 4142 3197 4199; x_wconf 67' lang='lat' dir='ltr'><strong>haec</strong></span> <span class='ocrx_word' id='word_1_689' title='bbox 3227 4138 3431 4204; x_wconf 79' lang='lat' dir='ltr'><strong>omnia,</strong></span> <span class='ocrx_word' id='word_1_690' title='bbox 3492 4152 3588 4193; x_wconf 86' lang='lat' dir='ltr'><strong>ceu</strong></span> 
     </span>
    </p>
   </div>
   <div class='ocr_carea' id='block_1_89' title="bbox 2017 4231 3588 4311">
    <p class='ocr_par' dir='ltr' id='par_1_89' title="bbox 2017 4231 3588 4311">
     <span class='ocr_line' id='line_1_89' title="bbox 2017 4231 3588 4311; baseline -0.011 -9"><span class='ocrx_word' id='word_1_691' title='bbox 2017 4263 2126 4302; x_wconf 81' lang='lat' dir='ltr'><strong>non</strong></span> <span class='ocrx_word' id='word_1_692' title='bbox 2154 4245 2455 4308; x_wconf 84' lang='lat' dir='ltr'><strong>audientes,</strong></span> <span class='ocrx_word' id='word_1_693' title='bbox 2486 4241 2571 4296; x_wconf 88' lang='lat' dir='ltr'><strong>vel</strong></span> <span class='ocrx_word' id='word_1_694' title='bbox 2616 4240 2794 4311; x_wconf 82' lang='lat' dir='ltr'><strong>potius</strong></span> <span class='ocrx_word' id='word_1_695' title='bbox 2823 4236 3184 4294; x_wconf 89' lang='lat' dir='ltr'><strong>voluntariam</strong></span> <span class='ocrx_word' id='word_1_696' title='bbox 3250 4231 3588 4288; x_wconf 88' lang='lat' dir='ltr'><strong>surdidatem</strong></span> 
     </span>
    </p>
   </div>
   <div class='ocr_carea' id='block_1_90' title="bbox 2019 4320 3588 4407">
    <p class='ocr_par' dir='ltr' id='par_1_90' title="bbox 2019 4320 3588 4407">
     <span class='ocr_line' id='line_1_90' title="bbox 2019 4320 3588 4407; baseline -0.01 -17"><span class='ocrx_word' id='word_1_697' title='bbox 2019 4337 2357 4407; x_wconf 77' lang='lat' dir='ltr'><strong>proﬁtentes,</strong></span> <span class='ocrx_word' id='word_1_698' title='bbox 2395 4333 2769 4386; x_wconf 86' lang='lat' dir='ltr'><strong>transmittunt</strong></span> <span class='ocrx_word' id='word_1_699' title='bbox 2793 4347 2807 4396; x_wconf 92' lang='lat'><strong>;</strong></span> <span class='ocrx_word' id='word_1_700' title='bbox 2838 4327 2980 4382; x_wconf 88' lang='lat' dir='ltr'><strong>hanc</strong></span> <span class='ocrx_word' id='word_1_701' title='bbox 3005 4340 3167 4380; x_wconf 89' lang='lat' dir='ltr'><strong>unam</strong></span> <span class='ocrx_word' id='word_1_702' title='bbox 3192 4338 3322 4379; x_wconf 86' lang='lat' dir='ltr'><strong>vero</strong></span> <span class='ocrx_word' id='word_1_703' title='bbox 3345 4320 3588 4377; x_wconf 82' lang='lat' dir='ltr'><strong>voeulani</strong></span> 
     </span>
    </p>
   </div>
   <div class='ocr_carea' id='block_1_91' title="bbox 286 4415 1903 4510">
    <p class='ocr_par' dir='ltr' id='par_1_91' title="bbox 286 4424 1903 4497">
     <span class='ocr_line' id='line_1_91' title="bbox 286 4424 1903 4497; baseline -0.003 -16"><span class='ocrx_word' id='word_1_704' title='bbox 286 4426 826 4496; x_wconf 79' lang='grc' dir='ltr'>ἐθελοκωφοῦντες,</span> <span class='ocrx_word' id='word_1_705' title='bbox 842 4425 1303 4497; x_wconf 89' lang='grc' dir='ltr'>παραπέμπονται</span> <span class='ocrx_word' id='word_1_706' title='bbox 1324 4442 1337 4455; x_wconf 87' lang='grc'><strong>·</strong></span> <span class='ocrx_word' id='word_1_707' title='bbox 1361 4424 1564 4495; x_wconf 86' lang='grc' dir='ltr'>ταύτην</span> <span class='ocrx_word' id='word_1_708' title='bbox 1589 4424 1646 4477; x_wconf 89' lang='grc' dir='ltr'><strong>δὲ</strong></span> <span class='ocrx_word' id='word_1_709' title='bbox 1689 4425 1786 4496; x_wconf 81' lang='grc' dir='ltr'>τὴν</span> <span class='ocrx_word' id='word_1_710' title='bbox 1814 4441 1903 4492; x_wconf 78' lang='grc' dir='ltr'><strong>φω·</strong></span> 
     </span>
    </p>
   </div>
   <div class='ocr_carea' id='block_1_92' title="bbox 2007 4415 3593 4510">
    <p class='ocr_par' dir='ltr' id='par_1_92' title="bbox 2021 4415 3593 4500">
     <span class='ocr_line' id='line_1_92' title="bbox 2021 4415 3593 4500; baseline -0.011 -16"><span class='ocrx_word' id='word_1_711' title='bbox 2021 4446 2140 4500; x_wconf 75' lang='lat' dir='ltr'><strong>qua:</strong></span> <span class='ocrx_word' id='word_1_712' title='bbox 2158 4429 2233 4482; x_wconf 88' lang='lat' dir='ltr'><strong>ait</strong></span> <span class='ocrx_word' id='word_1_713' title='bbox 2259 4445 2272 4481; x_wconf 88' lang='lat'><strong>:</strong></span> <span class='ocrx_word' id='word_1_714' title='bbox 2312 4446 2329 4478; x_wconf 77' lang='grc' dir='ltr'><strong>ι</strong></span> <span class='ocrx_word' id='word_1_715' title='bbox 2357 4425 2510 4480; x_wconf 87' lang='lat' dir='ltr'><strong>Nunc</strong></span> <span class='ocrx_word' id='word_1_716' title='bbox 2543 4434 2724 4480; x_wconf 91' lang='lat' dir='ltr'><strong>autem</strong></span> <span class='ocrx_word' id='word_1_717' title='bbox 2750 4421 2990 4493; x_wconf 86' lang='lat' dir='ltr'><strong>quaeritis</strong></span> <span class='ocrx_word' id='word_1_718' title='bbox 3018 4435 3103 4474; x_wconf 91' lang='lat' dir='ltr'><strong>me</strong></span> <span class='ocrx_word' id='word_1_719' title='bbox 3132 4417 3460 4481; x_wconf 75' lang='lat' dir='ltr'><strong>interficere,</strong></span> <span class='ocrx_word' id='word_1_720' title='bbox 3491 4415 3593 4468; x_wconf 84' lang='lat' dir='ltr'><strong>ho-</strong></span> 
     </span>
    </p>
   </div>
   <div class='ocr_carea' id='block_1_93' title="bbox 286 4516 1911 4593">
    <p class='ocr_par' dir='ltr' id='par_1_93' title="bbox 286 4516 1911 4593">
     <span class='ocr_line' id='line_1_93' title="bbox 286 4516 1911 4593; baseline -0.004 -18"><span class='ocrx_word' id='word_1_721' title='bbox 286 4526 399 4593; x_wconf 80' lang='grc' dir='ltr'>νὴν</span> <span class='ocrx_word' id='word_1_722' title='bbox 435 4521 556 4590; x_wconf 82' lang='grc' dir='ltr'>τὴν</span> <span class='ocrx_word' id='word_1_723' title='bbox 582 4518 872 4585; x_wconf 82' lang='grc' dir='ltr'>λέγουσαν,</span> <span class='ocrx_word' id='word_1_724' title='bbox 919 4536 938 4566; x_wconf 73' lang='grc' dir='ltr'><strong>ι</strong></span> <span class='ocrx_word' id='word_1_725' title='bbox 991 4518 1107 4570; x_wconf 82' lang='grc' dir='ltr'><strong>Νῦν</strong></span> <span class='ocrx_word' id='word_1_726' title='bbox 1147 4518 1202 4570; x_wconf 82' lang='grc' dir='ltr'>δὲ</span> <span class='ocrx_word' id='word_1_727' title='bbox 1242 4516 1458 4586; x_wconf 80' lang='grc' dir='ltr'>ζητεῖτέ</span> <span class='ocrx_word' id='word_1_728' title='bbox 1486 4534 1552 4586; x_wconf 90' lang='grc' dir='ltr'><strong>με</strong></span> <span class='ocrx_word' id='word_1_729' title='bbox 1574 4518 1911 4582; x_wconf 84' lang='grc' dir='ltr'>ἀποκτεῖναι,</span> 
     </span>
    </p>
   </div>
   <div class='ocr_carea' id='block_1_94' title="bbox 282 4609 1916 4684">
    <p class='ocr_par' dir='ltr' id='par_1_94' title="bbox 282 4609 1916 4684">
     <span class='ocr_line' id='line_1_94' title="bbox 282 4609 1916 4684; baseline -0.004 -17"><span class='ocrx_word' id='word_1_730' title='bbox 282 4612 626 4684; x_wconf 78' lang='grc' dir='ltr'>ἄνθρωπον</span> <span class='ocrx_word' id='word_1_731' title='bbox 665 4611 723 4673; x_wconf 85' lang='grc' dir='ltr'>ὃς</span> <span class='ocrx_word' id='word_1_732' title='bbox 761 4609 860 4681; x_wconf 86' lang='grc' dir='ltr'><strong>τήν</strong></span> <span class='ocrx_word' id='word_1_733' title='bbox 905 4610 1161 4680; x_wconf 89' lang='grc' dir='ltr'>ἀλήθειαν</span> <span class='ocrx_word' id='word_1_734' title='bbox 1207 4609 1336 4679; x_wconf 85' lang='grc' dir='ltr'>ύμῖν</span> <span class='ocrx_word' id='word_1_735' title='bbox 1379 4609 1672 4679; x_wconf 86' lang='grc' dir='ltr'>λελάληκα,</span> <span class='ocrx_word' id='word_1_736' title='bbox 1705 4629 1722 4660; x_wconf 74' lang='grc' dir='ltr'><strong>ι</strong></span> <span class='ocrx_word' id='word_1_737' title='bbox 1767 4625 1916 4678; x_wconf 89' lang='grc' dir='ltr'>περι-</span> 
     </span>
    </p>
   </div>
   <div class='ocr_carea' id='block_1_95' title="bbox 283 4699 1915 4774">
    <p class='ocr_par' dir='ltr' id='par_1_95' title="bbox 283 4699 1915 4774">
     <span class='ocr_line' id='line_1_95' title="bbox 283 4699 1915 4774; baseline -0.004 -18"><span class='ocrx_word' id='word_1_738' title='bbox 283 4704 591 4774; x_wconf 66' lang='grc' dir='ltr'>φέρουσιν</span> <span class='ocrx_word' id='word_1_739' title='bbox 641 4699 778 4770; x_wconf 84' lang='grc' dir='ltr'>πρὸς</span> <span class='ocrx_word' id='word_1_740' title='bbox 821 4699 882 4752; x_wconf 82' lang='grc' dir='ltr'><strong>τὸ</strong></span> <span class='ocrx_word' id='word_1_741' title='bbox 926 4699 1034 4752; x_wconf 82' lang='grc' dir='ltr'>τῶν</span> <span class='ocrx_word' id='word_1_742' title='bbox 1076 4699 1479 4768; x_wconf 87' lang='grc' dir='ltr'>ἀκεραιοτέρων</span> <span class='ocrx_word' id='word_1_743' title='bbox 1535 4699 1915 4770; x_wconf 84' lang='grc' dir='ltr'>διαταράττειν</span> 
     </span>
    </p>
   </div>
   <div class='ocr_carea' id='block_1_96' title="bbox 281 4788 1917 4863">
    <p class='ocr_par' dir='ltr' id='par_1_96' title="bbox 281 4788 1917 4863">
     <span class='ocr_line' id='line_1_96' title="bbox 281 4788 1917 4863; baseline -0.003 -15"><span class='ocrx_word' id='word_1_744' title='bbox 281 4795 387 4849; x_wconf 80' lang='grc' dir='ltr'><strong>τὸν</strong></span> <span class='ocrx_word' id='word_1_745' title='bbox 421 4793 601 4849; x_wconf 79' lang='grc' dir='ltr'>νοῦν.</span> <span class='ocrx_word' id='word_1_746' title='bbox 656 4792 853 4863; x_wconf 83' lang='grc' dir='ltr'>Ἐχρῆν</span> <span class='ocrx_word' id='word_1_747' title='bbox 881 4791 939 4844; x_wconf 85' lang='grc' dir='ltr'><strong>δὲ</strong></span> <span class='ocrx_word' id='word_1_748' title='bbox 967 4793 1184 4856; x_wconf 76' lang='grc' dir='ltr'>αὐτοὺς,</span> <span class='ocrx_word' id='word_1_749' title='bbox 1215 4791 1372 4863; x_wconf 79' lang='grc' dir='ltr'>εἴπερ</span> <span class='ocrx_word' id='word_1_750' title='bbox 1397 4788 1534 4862; x_wconf 80' lang='grc' dir='ltr'>ἦσαν</span> <span class='ocrx_word' id='word_1_751' title='bbox 1560 4792 1729 4861; x_wconf 71' lang='grc' dir='ltr'>ὀρθοὶ,</span> <span class='ocrx_word' id='word_1_752' title='bbox 1759 4789 1917 4843; x_wconf 80' lang='grc' dir='ltr'>τοῦτο</span> 
     </span>
    </p>
   </div>
   <div class='ocr_carea' id='block_1_97' title="bbox 280 4882 1916 4955">
    <p class='ocr_par' dir='ltr' id='par_1_97' title="bbox 280 4882 1916 4955">
     <span class='ocr_line' id='line_1_97' title="bbox 280 4882 1916 4955; baseline -0.002 -17"><span class='ocrx_word' id='word_1_753' title='bbox 280 4884 671 4955; x_wconf 82' lang='grc' dir='ltr'>λογίζεσθαι,</span> <span class='ocrx_word' id='word_1_754' title='bbox 705 4882 787 4934; x_wconf 88' lang='grc' dir='ltr'>ὃτι</span> <span class='ocrx_word' id='word_1_755' title='bbox 827 4899 931 4953; x_wconf 86' lang='grc' dir='ltr'><strong>περ</strong></span> <span class='ocrx_word' id='word_1_756' title='bbox 961 4885 988 4936; x_wconf 86' lang='grc' dir='ltr'>ὁ</span> <span class='ocrx_word' id='word_1_757' title='bbox 1016 4883 1084 4936; x_wconf 86' lang='grc' dir='ltr'><strong>τά</strong></span> <span class='ocrx_word' id='word_1_758' title='bbox 1119 4884 1490 4954; x_wconf 86' lang='grc' dir='ltr'>προειρημένα</span> <span class='ocrx_word' id='word_1_759' title='bbox 1524 4884 1784 4952; x_wconf 82' lang='grc' dir='ltr'>λαλήσας,</span> <span class='ocrx_word' id='word_1_760' title='bbox 1827 4882 1916 4935; x_wconf 82' lang='grc' dir='ltr'>αύ-</span> 
     </span>
    </p>
   </div>
   <div class='ocr_carea' id='block_1_98' title="bbox 279 4972 1918 5046">
    <p class='ocr_par' dir='ltr' id='par_1_98' title="bbox 279 4972 1918 5046">
     <span class='ocr_line' id='line_1_98' title="bbox 279 4972 1918 5046; baseline -0.003 -14"><span class='ocrx_word' id='word_1_761' title='bbox 279 4980 383 5043; x_wconf 79' lang='grc' dir='ltr'><strong>τὸς</strong></span> <span class='ocrx_word' id='word_1_762' title='bbox 420 4978 538 5031; x_wconf 74' lang='grc' dir='ltr'><strong>καὶ</strong></span> <span class='ocrx_word' id='word_1_763' title='bbox 567 4972 785 5045; x_wconf 83' lang='grc' dir='ltr'>ταύτην</span> <span class='ocrx_word' id='word_1_764' title='bbox 811 4974 999 5045; x_wconf 74' lang='grc' dir='ltr'>εἴρηκε</span> <span class='ocrx_word' id='word_1_765' title='bbox 1024 4974 1121 5045; x_wconf 76' lang='grc' dir='ltr'><strong>τήν</strong></span> <span class='ocrx_word' id='word_1_766' title='bbox 1150 4975 1352 5046; x_wconf 76' lang='grc' dir='ltr'>φωνὴν,</span> <span class='ocrx_word' id='word_1_767' title='bbox 1381 4977 1474 5028; x_wconf 77' lang='grc' dir='ltr'>καὶ</span> <span class='ocrx_word' id='word_1_768' title='bbox 1506 4975 1581 5045; x_wconf 81' lang='grc' dir='ltr'><strong>μή</strong></span> <span class='ocrx_word' id='word_1_769' title='bbox 1605 4974 1691 5026; x_wconf 77' lang='grc' dir='ltr'>διὰ</span> <span class='ocrx_word' id='word_1_770' title='bbox 1716 4974 1918 5044; x_wconf 82' lang='grc' dir='ltr'>ταύτην</span> 
     </span>
    </p>
   </div>
   <div class='ocr_carea' id='block_1_99' title="bbox 277 5064 1919 5136">
    <p class='ocr_par' dir='ltr' id='par_1_99' title="bbox 277 5064 1919 5136">
     <span class='ocr_line' id='line_1_99' title="bbox 277 5064 1919 5136; baseline -0.003 -14"><span class='ocrx_word' id='word_1_771' title='bbox 277 5069 400 5122; x_wconf 79' lang='grc' dir='ltr'>τῶν</span> <span class='ocrx_word' id='word_1_772' title='bbox 432 5064 746 5122; x_wconf 85' lang='grc' dir='ltr'>τοσούτων</span> <span class='ocrx_word' id='word_1_773' title='bbox 782 5064 969 5136; x_wconf 82' lang='grc' dir='ltr'>ὥσπερ</span> <span class='ocrx_word' id='word_1_774' title='bbox 999 5065 1522 5135; x_wconf 80' lang='grc' dir='ltr'>ἐπιλανθανομένους</span> <span class='ocrx_word' id='word_1_775' title='bbox 1569 5064 1919 5127; x_wconf 63' lang='grc' dir='ltr'>σκανδαλίζει</span> 
     </span>
    </p>
   </div>
   <div class='ocr_carea' id='block_1_100' title="bbox 281 5156 1921 5228">
    <p class='ocr_par' dir='ltr' id='par_1_100' title="bbox 281 5156 1921 5228">
     <span class='ocr_line' id='line_1_100' title="bbox 281 5156 1921 5228; baseline -0.004 -13"><span class='ocrx_word' id='word_1_776' title='bbox 281 5162 461 5215; x_wconf 82' lang='grc' dir='ltr'>σθαι’</span> <span class='ocrx_word' id='word_1_777' title='bbox 501 5159 774 5213; x_wconf 81' lang='grc' dir='ltr'>κάκεῖνοι</span> <span class='ocrx_word' id='word_1_778' title='bbox 801 5156 909 5226; x_wconf 76' lang='grc' dir='ltr'><strong>γὰρ</strong></span> <span class='ocrx_word' id='word_1_779' title='bbox 952 5156 1235 5228; x_wconf 77' lang='grc' dir='ltr'>ἄνθρωπον</span> <span class='ocrx_word' id='word_1_780' title='bbox 1256 5157 1508 5228; x_wconf 80' lang='grc' dir='ltr'>ὁρῶντες,</span> <span class='ocrx_word' id='word_1_781' title='bbox 1547 5158 1639 5210; x_wconf 82' lang='grc' dir='ltr'><strong>καὶ</strong></span> <span class='ocrx_word' id='word_1_782' title='bbox 1670 5158 1768 5220; x_wconf 78' lang='grc' dir='ltr'>τὰς</span> <span class='ocrx_word' id='word_1_783' title='bbox 1806 5157 1921 5211; x_wconf 86' lang='grc' dir='ltr'>θεο-</span> 
     </span>
    </p>
   </div>
   <div class='ocr_carea' id='block_1_101' title="bbox 277 5247 1922 5325">
    <p class='ocr_par' dir='ltr' id='par_1_101' title="bbox 277 5247 1922 5325">
     <span class='ocr_line' id='line_1_101' title="bbox 277 5247 1922 5325; baseline -0.004 -18"><span class='ocrx_word' id='word_1_784' title='bbox 277 5254 553 5325; x_wconf 79' lang='grc' dir='ltr'>πρεπεῖς</span> <span class='ocrx_word' id='word_1_785' title='bbox 581 5247 778 5318; x_wconf 76' lang='grc' dir='ltr'>φωνὰς</span> <span class='ocrx_word' id='word_1_786' title='bbox 809 5247 1026 5301; x_wconf 83' lang='grc' dir='ltr'>ἀκούειν</span> <span class='ocrx_word' id='word_1_787' title='bbox 1047 5250 1146 5302; x_wconf 86' lang='grc' dir='ltr'><strong>οὐκ</strong></span> <span class='ocrx_word' id='word_1_788' title='bbox 1166 5250 1500 5320; x_wconf 81' lang='grc' dir='ltr'>ἀνεχόμενοι,</span> <span class='ocrx_word' id='word_1_789' title='bbox 1532 5250 1734 5318; x_wconf 75' lang='grc' dir='ltr'>ἔλεγον·</span> <span class='ocrx_word' id='word_1_790' title='bbox 1772 5268 1789 5300; x_wconf 79' lang='grc' dir='ltr'><strong>ι</strong></span> <span class='ocrx_word' id='word_1_791' title='bbox 1810 5249 1922 5318; x_wconf 86' lang='grc' dir='ltr'>Οὐχ</span> 
     </span>
    </p>
   </div>
   <div class='ocr_carea' id='block_1_102' title="bbox 276 5333 1921 5411">
    <p class='ocr_par' dir='ltr' id='par_1_102' title="bbox 276 5333 1921 5411">
     <span class='ocr_line' id='line_1_102' title="bbox 276 5333 1921 5411; baseline -0.002 -17"><span class='ocrx_word' id='word_1_792' title='bbox 276 5336 459 5406; x_wconf 80' lang='grc' dir='ltr'>οὗτός</span> <span class='ocrx_word' id='word_1_793' title='bbox 489 5343 673 5393; x_wconf 75' lang='grc' dir='ltr'>ἐστιν</span> <span class='ocrx_word' id='word_1_794' title='bbox 699 5340 726 5389; x_wconf 87' lang='grc' dir='ltr'><strong>ὁ</strong></span> <span class='ocrx_word' id='word_1_795' title='bbox 768 5339 884 5400; x_wconf 83' lang='grc' dir='ltr'>υἱὸς</span> <span class='ocrx_word' id='word_1_796' title='bbox 921 5338 1140 5408; x_wconf 80' lang='grc' dir='ltr'>Ἰωσήφ,</span> <span class='ocrx_word' id='word_1_797' title='bbox 1176 5333 1236 5392; x_wconf 72' lang='grc' dir='ltr'>οὗ</span> <span class='ocrx_word' id='word_1_798' title='bbox 1264 5342 1424 5409; x_wconf 83' lang='grc' dir='ltr'>ἡμεῖς</span> <span class='ocrx_word' id='word_1_799' title='bbox 1449 5340 1668 5411; x_wconf 70' lang='grc' dir='ltr'>οἴδαμεν</span> <span class='ocrx_word' id='word_1_800' title='bbox 1692 5341 1784 5393; x_wconf 86' lang='grc' dir='ltr'><strong>τὸν</strong></span> <span class='ocrx_word' id='word_1_801' title='bbox 1816 5356 1921 5391; x_wconf 80' lang='grc' dir='ltr'>πα-</span> 
     </span>
    </p>
   </div>
   <div class='ocr_carea' id='block_1_103' title="bbox 271 5429 1926 5508">
    <p class='ocr_par' dir='ltr' id='par_1_103' title="bbox 271 5429 1926 5508">
     <span class='ocr_line' id='line_1_103' title="bbox 271 5429 1926 5508; baseline -0.003 -21"><span class='ocrx_word' id='word_1_802' title='bbox 271 5439 429 5508; x_wconf 76' lang='grc' dir='ltr'>τέρα.</span> <span class='ocrx_word' id='word_1_803' title='bbox 454 5453 473 5503; x_wconf 84' lang='grc'><strong>;</strong></span> <span class='ocrx_word' id='word_1_804' title='bbox 515 5453 538 5486; x_wconf 72' lang='grc' dir='ltr'><strong>ι</strong></span> <span class='ocrx_word' id='word_1_805' title='bbox 587 5429 710 5484; x_wconf 75' lang='grc' dir='ltr'><strong>Καὶ</strong></span> <span class='ocrx_word' id='word_1_806' title='bbox 733 5429 893 5482; x_wconf 85' lang='grc' dir='ltr'>πάλιν</span> <span class='ocrx_word' id='word_1_807' title='bbox 932 5429 1080 5498; x_wconf 81' lang='grc' dir='ltr'>αὐτῷ</span> <span class='ocrx_word' id='word_1_808' title='bbox 1114 5430 1422 5500; x_wconf 74' lang='grc' dir='ltr'>προσῄεσαν</span> <span class='ocrx_word' id='word_1_809' title='bbox 1445 5430 1690 5498; x_wconf 85' lang='grc' dir='ltr'>λέγοντες</span> <span class='ocrx_word' id='word_1_810' title='bbox 1710 5448 1722 5462; x_wconf 78' lang='grc' dir='ltr'><strong>ο</strong></span> <span class='ocrx_word' id='word_1_811' title='bbox 1749 5450 1767 5481; x_wconf 79' lang='grc' dir='ltr'><strong>ι</strong></span> <span class='ocrx_word' id='word_1_812' title='bbox 1794 5431 1926 5482; x_wconf 77' lang='grc' dir='ltr'>Τίνα</span> 
     </span>
    </p>
   </div>
   <div class='ocr_carea' id='block_1_104' title="bbox 357 5628 1483 5692">
    <p class='ocr_par' dir='ltr' id='par_1_104' title="bbox 357 5628 1483 5692">
     <span class='ocr_line' id='line_1_104' title="bbox 357 5628 1483 5692; baseline 0 -8"><span class='ocrx_word' id='word_1_813' title='bbox 357 5640 415 5672; x_wconf 66' lang='grc' dir='ltr'>τι</span> <span class='ocrx_word' id='word_1_814' title='bbox 445 5636 612 5692; x_wconf 87' lang='lat' dir='ltr'><strong>Luc.</strong></span> <span class='ocrx_word' id='word_1_815' title='bbox 669 5645 743 5691; x_wconf 69' lang='grc' dir='ltr'>ιιι,</span> <span class='ocrx_word' id='word_1_816' title='bbox 783 5628 873 5682; x_wconf 71' lang='grc'><strong>54.</strong></span> <span class='ocrx_word' id='word_1_817' title='bbox 949 5630 994 5660; x_wconf 84' lang='grc'><strong>⁷⁵</strong></span> <span class='ocrx_word' id='word_1_818' title='bbox 1019 5629 1173 5683; x_wconf 81' lang='lat' dir='ltr'><strong>Joau.</strong></span> <span class='ocrx_word' id='word_1_819' title='bbox 1208 5646 1258 5690; x_wconf 89' lang='lat' dir='ltr'><strong>v,</strong></span> <span class='ocrx_word' id='word_1_820' title='bbox 1301 5633 1483 5687; x_wconf 75' lang='grc'><strong>17-19.</strong></span> 
     </span>
    </p>
   </div>
   <div class='ocr_carea' id='block_1_105' title="bbox 281 5698 1408 5768">
    <p class='ocr_par' dir='ltr' id='par_1_105' title="bbox 281 5698 1408 5768">
     <span class='ocr_line' id='line_1_105' title="bbox 281 5698 1408 5768; baseline 0.005 -20"><span class='ocrx_word' id='word_1_821' title='bbox 281 5713 381 5768; x_wconf 58' lang='grc'><strong>53,</strong></span> <span class='ocrx_word' id='word_1_822' title='bbox 480 5707 531 5737; x_wconf 75' lang='grc' dir='ltr'><strong>ει</strong></span> <span class='ocrx_word' id='word_1_823' title='bbox 574 5699 728 5758; x_wconf 82' lang='lat' dir='ltr'><strong>ibid.</strong></span> <span class='ocrx_word' id='word_1_824' title='bbox 763 5699 850 5753; x_wconf 59' lang='lat'><strong>4‘2.</strong></span> <span class='ocrx_word' id='word_1_825' title='bbox 929 5698 1144 5752; x_wconf 76' lang='lat' dir='ltr'><strong>“Joan.</strong></span> <span class='ocrx_word' id='word_1_826' title='bbox 1175 5717 1287 5765; x_wconf 76' lang='lat' dir='ltr'><strong>vm,</strong></span> <span class='ocrx_word' id='word_1_827' title='bbox 1321 5704 1408 5754; x_wconf 60' lang='lat'><strong>:35.</strong></span> 
     </span>
    </p>
   </div>
   <div class='ocr_carea' id='block_1_106' title="bbox 1564 5631 2407 5691">
    <p class='ocr_par' dir='ltr' id='par_1_106' title="bbox 1564 5631 2407 5691">
     <span class='ocr_line' id='line_1_106' title="bbox 1564 5631 2407 5691; baseline -0.007 -2"><span class='ocrx_word' id='word_1_828' title='bbox 1564 5635 1605 5663; x_wconf 70' lang='grc'><strong>⁷⁸</strong></span> <span class='ocrx_word' id='word_1_829' title='bbox 1639 5633 1772 5688; x_wconf 83' lang='lat' dir='ltr'><strong>Joan</strong></span> <span class='ocrx_word' id='word_1_830' title='bbox 1834 5650 1883 5691; x_wconf 71' lang='grc' dir='ltr'>ι’,</span> <span class='ocrx_word' id='word_1_831' title='bbox 1919 5634 2005 5687; x_wconf 62' lang='grc'><strong>22.</strong></span> <span class='ocrx_word' id='word_1_832' title='bbox 2085 5634 2123 5667; x_wconf 77' lang='grc'><strong>⁷⁷</strong></span> <span class='ocrx_word' id='word_1_833' title='bbox 2155 5635 2281 5689; x_wconf 77' lang='lat' dir='ltr'><strong>ibid.</strong></span> <span class='ocrx_word' id='word_1_834' title='bbox 2318 5631 2407 5687; x_wconf 73' lang='lat'><strong>‘23.</strong></span> 
     </span>
    </p>
   </div>
   <div class='ocr_carea' id='block_1_107' title="bbox 2023 4506 3592 4589">
    <p class='ocr_par' dir='ltr' id='par_1_107' title="bbox 2023 4506 3592 4589">
     <span class='ocr_line' id='line_1_107' title="bbox 2023 4506 3592 4589; baseline -0.01 -13"><span class='ocrx_word' id='word_1_835' title='bbox 2023 4524 2221 4576; x_wconf 91' lang='lat' dir='ltr'><strong>minem</strong></span> <span class='ocrx_word' id='word_1_836' title='bbox 2255 4519 2344 4589; x_wconf 92' lang='lat' dir='ltr'><strong>qui</strong></span> <span class='ocrx_word' id='word_1_837' title='bbox 2377 4520 2655 4572; x_wconf 88' lang='lat' dir='ltr'><strong>veritatem</strong></span> <span class='ocrx_word' id='word_1_838' title='bbox 2690 4516 2840 4569; x_wconf 85' lang='lat' dir='ltr'><strong>vobis</strong></span> <span class='ocrx_word' id='word_1_839' title='bbox 2869 4513 3082 4567; x_wconf 90' lang='lat' dir='ltr'><strong>locutus</strong></span> <span class='ocrx_word' id='word_1_840' title='bbox 3105 4525 3277 4572; x_wconf 65' lang='lat' dir='ltr'><strong>sum,»</strong></span> <span class='ocrx_word' id='word_1_841' title='bbox 3304 4506 3592 4562; x_wconf 77' lang='lat' dir='ltr'><strong>circumie-</strong></span> 
     </span>
    </p>
   </div>
   <div class='ocr_carea' id='block_1_108' title="bbox 2024 4598 3595 4680">
    <p class='ocr_par' dir='ltr' id='par_1_108' title="bbox 2024 4598 3595 4680">
     <span class='ocr_line' id='line_1_108' title="bbox 2024 4598 3595 4680; baseline -0.012 -13"><span class='ocrx_word' id='word_1_842' title='bbox 2024 4621 2151 4667; x_wconf 87' lang='lat' dir='ltr'><strong>runt</strong></span> <span class='ocrx_word' id='word_1_843' title='bbox 2177 4611 2242 4665; x_wconf 86' lang='lat' dir='ltr'><strong>ad</strong></span> <span class='ocrx_word' id='word_1_844' title='bbox 2273 4607 2666 4680; x_wconf 87' lang='lat' dir='ltr'><strong>perturbandas</strong></span> <span class='ocrx_word' id='word_1_845' title='bbox 2691 4603 3077 4672; x_wconf 87' lang='lat' dir='ltr'><strong>simpliciorum</strong></span> <span class='ocrx_word' id='word_1_846' title='bbox 3135 4607 3365 4652; x_wconf 90' lang='lat' dir='ltr'><strong>mentes.</strong></span> <span class='ocrx_word' id='word_1_847' title='bbox 3423 4598 3595 4666; x_wconf 85' lang='lat' dir='ltr'><strong>Opor-</strong></span> 
     </span>
    </p>
   </div>
   <div class='ocr_carea' id='block_1_109' title="bbox 2023 4690 3592 4762">
    <p class='ocr_par' dir='ltr' id='par_1_109' title="bbox 2023 4690 3592 4762">
     <span class='ocr_line' id='line_1_109' title="bbox 2023 4690 3592 4762; baseline -0.01 -3"><span class='ocrx_word' id='word_1_848' title='bbox 2023 4713 2162 4758; x_wconf 88' lang='lat' dir='ltr'><strong>teret</strong></span> <span class='ocrx_word' id='word_1_849' title='bbox 2193 4711 2371 4756; x_wconf 88' lang='lat' dir='ltr'><strong>autem</strong></span> <span class='ocrx_word' id='word_1_850' title='bbox 2407 4699 2547 4762; x_wconf 90' lang='lat' dir='ltr'><strong>illos,</strong></span> <span class='ocrx_word' id='word_1_851' title='bbox 2600 4697 2644 4751; x_wconf 92' lang='lat' dir='ltr'><strong>si</strong></span> <span class='ocrx_word' id='word_1_852' title='bbox 2702 4695 2833 4748; x_wconf 90' lang='lat' dir='ltr'><strong>recti</strong></span> <span class='ocrx_word' id='word_1_853' title='bbox 2899 4699 3103 4755; x_wconf 88' lang='lat' dir='ltr'><strong>essent,</strong></span> <span class='ocrx_word' id='word_1_854' title='bbox 3156 4690 3257 4744; x_wconf 92' lang='lat' dir='ltr'><strong>hoc</strong></span> <span class='ocrx_word' id='word_1_855' title='bbox 3314 4701 3592 4758; x_wconf 88' lang='lat' dir='ltr'><strong>reputare,</strong></span> 
     </span>
    </p>
   </div>
   <div class='ocr_carea' id='block_1_110' title="bbox 2025 4783 3594 4863">
    <p class='ocr_par' dir='ltr' id='par_1_110' title="bbox 2025 4783 3594 4863">
     <span class='ocr_line' id='line_1_110' title="bbox 2025 4783 3594 4863; baseline -0.011 -13"><span class='ocrx_word' id='word_1_856' title='bbox 2025 4809 2222 4863; x_wconf 89' lang='lat' dir='ltr'><strong>nempe</strong></span> <span class='ocrx_word' id='word_1_857' title='bbox 2252 4793 2344 4861; x_wconf 91' lang='lat' dir='ltr'><strong>qui</strong></span> <span class='ocrx_word' id='word_1_858' title='bbox 2372 4790 2650 4860; x_wconf 82' lang='lat' dir='ltr'><strong>superiora</strong></span> <span class='ocrx_word' id='word_1_859' title='bbox 2677 4789 2907 4852; x_wconf 79' lang='lat' dir='ltr'><strong>dixerat,</strong></span> <span class='ocrx_word' id='word_1_860' title='bbox 2939 4784 3186 4840; x_wconf 87' lang='lat' dir='ltr'><strong>eumdem</strong></span> <span class='ocrx_word' id='word_1_861' title='bbox 3249 4784 3390 4837; x_wconf 88' lang='lat' dir='ltr'><strong>hanc</strong></span> <span class='ocrx_word' id='word_1_862' title='bbox 3431 4783 3594 4837; x_wconf 89' lang='lat' dir='ltr'><strong>etiam</strong></span> 
     </span>
    </p>
   </div>
   <div class='ocr_carea' id='block_1_111' title="bbox 2026 4872 3596 4955">
    <p class='ocr_par' dir='ltr' id='par_1_111' title="bbox 2026 4872 3596 4955">
     <span class='ocr_line' id='line_1_111' title="bbox 2026 4872 3596 4955; baseline -0.01 -16"><span class='ocrx_word' id='word_1_863' title='bbox 2026 4884 2316 4955; x_wconf 89' lang='lat' dir='ltr'><strong>protulisse</strong></span> <span class='ocrx_word' id='word_1_864' title='bbox 2347 4880 2626 4944; x_wconf 87' lang='lat' dir='ltr'><strong>voculam;</strong></span> <span class='ocrx_word' id='word_1_865' title='bbox 2658 4891 2831 4949; x_wconf 91' lang='lat' dir='ltr'><strong>neque</strong></span> <span class='ocrx_word' id='word_1_866' title='bbox 2861 4876 3018 4944; x_wconf 87' lang='lat' dir='ltr'><strong>hujus</strong></span> <span class='ocrx_word' id='word_1_867' title='bbox 3042 4881 3323 4938; x_wconf 85' lang='lat' dir='ltr'><strong>causa,tot</strong></span> <span class='ocrx_word' id='word_1_868' title='bbox 3349 4872 3439 4925; x_wconf 90' lang='lat' dir='ltr'><strong>illa</strong></span> <span class='ocrx_word' id='word_1_869' title='bbox 3480 4881 3596 4925; x_wconf 88' lang='lat' dir='ltr'><strong>tan-</strong></span> 
     </span>
    </p>
   </div>
   <div class='ocr_carea' id='block_1_112' title="bbox 2027 4961 3602 5046">
    <p class='ocr_par' dir='ltr' id='par_1_112' title="bbox 2027 4961 3602 5046">
     <span class='ocr_line' id='line_1_112' title="bbox 2027 4961 3602 5046; baseline -0.015 -15"><span class='ocrx_word' id='word_1_870' title='bbox 2027 4986 2186 5046; x_wconf 90' lang='lat' dir='ltr'><strong>taque</strong></span> <span class='ocrx_word' id='word_1_871' title='bbox 2218 4973 2433 5036; x_wconf 86' lang='lat' dir='ltr'><strong>oblitos,</strong></span> <span class='ocrx_word' id='word_1_872' title='bbox 2468 4967 2846 5026; x_wconf 85' lang='lat' dir='ltr'><strong>scandalizari.</strong></span> <span class='ocrx_word' id='word_1_873' title='bbox 2875 4965 3006 5020; x_wconf 87' lang='lat' dir='ltr'><strong>Nam</strong></span> <span class='ocrx_word' id='word_1_874' title='bbox 3033 4973 3086 5019; x_wconf 90' lang='lat' dir='ltr'><strong>et</strong></span> <span class='ocrx_word' id='word_1_875' title='bbox 3115 4962 3283 5017; x_wconf 84' lang='lat' dir='ltr'><strong>Judaei</strong></span> <span class='ocrx_word' id='word_1_876' title='bbox 3321 4961 3602 5014; x_wconf 85' lang='lat' dir='ltr'><strong>hominem</strong></span> 
     </span>
    </p>
   </div>
   <div class='ocr_carea' id='block_1_113' title="bbox 2025 5049 3597 5130">
    <p class='ocr_par' dir='ltr' id='par_1_113' title="bbox 2025 5049 3597 5130">
     <span class='ocr_line' id='line_1_113' title="bbox 2025 5049 3597 5130; baseline -0.015 -9"><span class='ocrx_word' id='word_1_877' title='bbox 2025 5067 2293 5128; x_wconf 89' lang='lat' dir='ltr'><strong>videntes,</strong></span> <span class='ocrx_word' id='word_1_878' title='bbox 2322 5073 2372 5118; x_wconf 92' lang='lat' dir='ltr'><strong>et</strong></span> <span class='ocrx_word' id='word_1_879' title='bbox 2405 5062 2515 5117; x_wconf 70' lang='lat' dir='ltr'><strong>Deo</strong></span> <span class='ocrx_word' id='word_1_880' title='bbox 2538 5061 2728 5130; x_wconf 83' lang='lat' dir='ltr'><strong>dignas</strong></span> <span class='ocrx_word' id='word_1_881' title='bbox 2750 5056 3050 5114; x_wconf 86' lang='lat' dir='ltr'><strong>locutiones</strong></span> <span class='ocrx_word' id='word_1_882' title='bbox 3073 5054 3260 5107; x_wconf 88' lang='lat' dir='ltr'><strong>audire</strong></span> <span class='ocrx_word' id='word_1_883' title='bbox 3285 5065 3388 5102; x_wconf 91' lang='lat' dir='ltr'><strong>non</strong></span> <span class='ocrx_word' id='word_1_884' title='bbox 3415 5049 3597 5100; x_wconf 79' lang='lat' dir='ltr'><strong>feren-</strong></span> 
     </span>
    </p>
   </div>
   <div class='ocr_carea' id='block_1_114' title="bbox 2029 5139 3600 5224">
    <p class='ocr_par' dir='ltr' id='par_1_114' title="bbox 2029 5139 3600 5224">
     <span class='ocr_line' id='line_1_114' title="bbox 2029 5139 3600 5224; baseline -0.016 -11"><span class='ocrx_word' id='word_1_885' title='bbox 2029 5169 2128 5224; x_wconf 91' lang='lat' dir='ltr'><strong>tes,</strong></span> <span class='ocrx_word' id='word_1_886' title='bbox 2158 5157 2448 5213; x_wconf 73' lang='lat' dir='ltr'><strong>dicehau:</strong></span> <span class='ocrx_word' id='word_1_887' title='bbox 2483 5173 2500 5204; x_wconf 74' lang='grc' dir='ltr'><strong>ι</strong></span> <span class='ocrx_word' id='word_1_888' title='bbox 2531 5153 2720 5207; x_wconf 89' lang='lat' dir='ltr'><strong>Nonne</strong></span> <span class='ocrx_word' id='word_1_889' title='bbox 2745 5151 2832 5204; x_wconf 90' lang='lat' dir='ltr'><strong>hic</strong></span> <span class='ocrx_word' id='word_1_890' title='bbox 2859 5157 2941 5203; x_wconf 89' lang='lat' dir='ltr'><strong>est</strong></span> <span class='ocrx_word' id='word_1_891' title='bbox 2972 5145 3192 5212; x_wconf 77' lang='lat' dir='ltr'><strong>JOSephi</strong></span> <span class='ocrx_word' id='word_1_892' title='bbox 3242 5140 3406 5203; x_wconf 78' lang='lat' dir='ltr'><strong>(ilius,</strong></span> <span class='ocrx_word' id='word_1_893' title='bbox 3446 5139 3600 5206; x_wconf 73' lang='lat' dir='ltr'><strong>cujus</strong></span> 
     </span>
    </p>
   </div>
   <div class='ocr_carea' id='block_1_115' title="bbox 2030 5229 3598 5319">
    <p class='ocr_par' dir='ltr' id='par_1_115' title="bbox 2030 5229 3598 5319">
     <span class='ocr_line' id='line_1_115' title="bbox 2030 5229 3598 5319; baseline -0.015 -14"><span class='ocrx_word' id='word_1_894' title='bbox 2030 5265 2129 5305; x_wconf 90' lang='lat' dir='ltr'><strong>nos</strong></span> <span class='ocrx_word' id='word_1_895' title='bbox 2158 5258 2364 5319; x_wconf 87' lang='lat' dir='ltr'><strong>patrem</strong></span> <span class='ocrx_word' id='word_1_896' title='bbox 2403 5254 2736 5312; x_wconf 86' lang='lat' dir='ltr'><strong>matremque</strong></span> <span class='ocrx_word' id='word_1_897' title='bbox 2762 5240 3010 5294; x_wconf 87' lang='lat' dir='ltr'><strong>novimus</strong></span> <span class='ocrx_word' id='word_1_898' title='bbox 3043 5235 3127 5286; x_wconf 77' lang='lat'><strong>°‘?</strong></span> <span class='ocrx_word' id='word_1_899' title='bbox 3161 5251 3180 5283; x_wconf 72' lang='grc' dir='ltr'><strong>ι</strong></span> <span class='ocrx_word' id='word_1_900' title='bbox 3211 5231 3502 5297; x_wconf 86' lang='lat' dir='ltr'><strong>Denuoque</strong></span> <span class='ocrx_word' id='word_1_901' title='bbox 3533 5229 3598 5282; x_wconf 89' lang='lat' dir='ltr'><strong>ad</strong></span> 
     </span>
    </p>
   </div>
   <div class='ocr_carea' id='block_1_116' title="bbox 2029 5321 3598 5396">
    <p class='ocr_par' dir='ltr' id='par_1_116' title="bbox 2029 5321 3598 5396">
     <span class='ocr_line' id='line_1_116' title="bbox 2029 5321 3598 5396; baseline -0.016 0"><span class='ocrx_word' id='word_1_902' title='bbox 2029 5356 2151 5396; x_wconf 89' lang='lat' dir='ltr'><strong>eum</strong></span> <span class='ocrx_word' id='word_1_903' title='bbox 2212 5341 2556 5393; x_wconf 82' lang='lat' dir='ltr'><strong>accesserunt</strong></span> <span class='ocrx_word' id='word_1_904' title='bbox 2609 5334 2900 5386; x_wconf 85' lang='lat' dir='ltr'><strong>dicentes:</strong></span> <span class='ocrx_word' id='word_1_905' title='bbox 2961 5345 2978 5376; x_wconf 74' lang='grc' dir='ltr'><strong>ι</strong></span> <span class='ocrx_word' id='word_1_906' title='bbox 3012 5324 3180 5389; x_wconf 90' lang='lat' dir='ltr'><strong>Quem</strong></span> <span class='ocrx_word' id='word_1_907' title='bbox 3228 5321 3458 5388; x_wconf 88' lang='lat' dir='ltr'><strong>teipsum</strong></span> <span class='ocrx_word' id='word_1_908' title='bbox 3514 5321 3598 5372; x_wconf 80' lang='lat' dir='ltr'><strong>fa-</strong></span> 
     </span>
    </p>
   </div>
   <div class='ocr_carea' id='block_1_117' title="bbox 2032 5417 3600 5489">
    <p class='ocr_par' dir='ltr' id='par_1_117' title="bbox 2032 5417 3600 5489">
     <span class='ocr_line' id='line_1_117' title="bbox 2032 5417 3600 5489; baseline -0.014 -3"><span class='ocrx_word' id='word_1_909' title='bbox 2032 5432 2208 5487; x_wconf 73' lang='lat' dir='ltr'><strong>cis“?</strong></span> <span class='ocrx_word' id='word_1_910' title='bbox 2234 5449 2256 5482; x_wconf 71' lang='grc' dir='ltr'><strong>ι</strong></span> <span class='ocrx_word' id='word_1_911' title='bbox 2284 5432 2350 5483; x_wconf 85' lang='lat' dir='ltr'><strong>Et</strong></span> <span class='ocrx_word' id='word_1_912' title='bbox 2377 5441 2567 5482; x_wconf 88' lang='lat' dir='ltr'><strong>rursus</strong></span> <span class='ocrx_word' id='word_1_913' title='bbox 2595 5441 2608 5478; x_wconf 87' lang='lat'><strong>:</strong></span> <span class='ocrx_word' id='word_1_914' title='bbox 2645 5441 2664 5475; x_wconf 72' lang='grc' dir='ltr'><strong>ι</strong></span> <span class='ocrx_word' id='word_1_915' title='bbox 2719 5417 3116 5489; x_wconf 79' lang='lat' dir='ltr'><strong>Quinquaginta</strong></span> <span class='ocrx_word' id='word_1_916' title='bbox 3144 5428 3315 5470; x_wconf 84' lang='lat' dir='ltr'><strong>annos</strong></span> <span class='ocrx_word' id='word_1_917' title='bbox 3365 5417 3600 5468; x_wconf 87' lang='lat' dir='ltr'><strong>nondum</strong></span> 
     </span>
    </p>
   </div>
   <div class='ocr_carea' id='block_1_118' title="bbox 2491 5620 3607 5681">
    <p class='ocr_par' dir='ltr' id='par_1_118' title="bbox 2491 5620 3607 5681">
     <span class='ocr_line' id='line_1_118' title="bbox 2491 5620 3607 5681; baseline 0 -2"><span class='ocrx_word' id='word_1_918' title='bbox 2491 5629 2535 5661; x_wconf 66' lang='grc'><strong>⁷⁸</strong></span> <span class='ocrx_word' id='word_1_919' title='bbox 2564 5627 2689 5681; x_wconf 82' lang='lat' dir='ltr'><strong>ibid.</strong></span> <span class='ocrx_word' id='word_1_920' title='bbox 2725 5624 2789 5677; x_wconf 68' lang='lat'><strong>27</strong></span> <span class='ocrx_word' id='word_1_921' title='bbox 2867 5626 2909 5656; x_wconf 67' lang='grc'><strong>⁷⁸</strong></span> <span class='ocrx_word' id='word_1_922' title='bbox 2941 5624 3070 5680; x_wconf 84' lang='lat' dir='ltr'><strong>ibid.</strong></span> <span class='ocrx_word' id='word_1_923' title='bbox 3106 5623 3193 5678; x_wconf 72' lang='lat'><strong>29.</strong></span> <span class='ocrx_word' id='word_1_924' title='bbox 3274 5621 3318 5654; x_wconf 63' lang='grc' dir='ltr'><strong>⁸ο</strong></span> <span class='ocrx_word' id='word_1_925' title='bbox 3349 5620 3503 5676; x_wconf 72' lang='lat' dir='ltr'><strong>Joan.</strong></span> <span class='ocrx_word' id='word_1_926' title='bbox 3533 5632 3607 5679; x_wconf 67' lang='grc' dir='ltr'>γι»</span> 
     </span>
    </p>
   </div>
  </div>
