4014 6128
405 288 509 344 275

1428 289 1486 343 s.
1527 286 1802 344 CYRlLLl
1840 282 2308 342 ALEXANDRINI
2349 259 2669 339 ARCHlEP.

3556 273 3664 329 216

405 417 465 457 es
496 409 672 468 natus,
689 409 745 456 et
774 400 1136 457 Abrahamum
1166 401 1468 471 cognovisti
1492 401 1584 456 "tl
1619 421 1638 455 ι
1675 401 1818 458 Sane
1841 415 1977 470 opus

2092 399 2306 454 ςεαυτδν
2359 399 2571 462 ποιεῖς;
2619 415 2638 448 ι
2695 391 2806 446 Kal
2844 388 3036 444 πάλιν·
3093 405 3112 439 ι
3168 387 3511 458 Πεντήκοντα
3567 387 3664 457 ἐτη

402 499 549 545 esset
579 491 852 560 praedictis
913 492 1279 561 acquiescere,
1335 505 1511 562 neque
1560 491 1792 548 ulterius
1826 491 1979 561 quid-

409 598 572 645 quam
599 584 899 652 requirerc.
960 582 1094 636 Nam
1121 583 1211 652 qui
1246 591 1395 638 recto
1428 584 1710 640 ratiocinio
1751 585 1829 638 uti
1862 593 1977 638 stu-

412 674 544 726 dent
565 673 619 726 in
649 672 953 726 divinarum
994 672 1394 741 Scripturarum
1428 673 1661 737 acroasi,
1706 671 1848 728 bona
1877 672 1981 727 ﬁde

404 764 605 829 dicent,
638 763 766 818 nihil
787 777 1110 832 repugnare,
1146 763 1311 818 Deum
1367 761 1549 834 14Ᾱὶ
1597 761 1755 818 simul
1791 771 1846 817 et
1885 762 1982 816 ho-

407 855 628 920 minem,
659 870 779 909 cum
805 854 1144 923 loquebatur,
1175 855 1336 909 modo
1363 869 1423 910 se
1451 854 1640 931 Deum,
1671 854 1833 909 modo
1883 855 1978 908 ho-

409 946 604 1000 minem
628 959 687 1000 se
721 945 1052 1010 nominasse,
1083 945 1213 1015 quin
1253 954 1376 1001 utra
1413 960 1480 1000 ex
1528 947 1612 1001 his
1655 944 1978 1016 appellatio-

407 1037 563 1093 nibus
591 1037 817 1091 alteram
847 1036 1107 1092 destruat.

476 1214 566 1268 l7.
599 1213 741 1268 Sane
756 1223 810 1270 et
841 1214 1060 1270 aliunde
1090 1229 1315 1270 cernere
1338 1213 1486 1279 licet,
1521 1214 1797 1269 Christum
1832 1213 1981 1269 haud

405 1305 478 1358 ita
505 1305 910 1377 intelligendum
959 1321 1086 1362 esse
1123 1307 1505 1371 hominem,ut
1548 1307 1777 1361 istorum
1801 1305 1983 1374 opinio

407 1395 527 1449 fert.
554 1394 845 1465 Postquam
867 1395 1038 1451 Judaei
1073 1395 1281 1450 facinus
1312 1395 1439 1449 illud
1461 1393 1847 1464 patrarunt,de
1876 1408 1983 1462 quo

405 1487 654 1542 cumillis
690 1504 828 1542 nunc
852 1488 1115 1543 Dominus
1171 1487 1499 1556 expostulat,
1558 1486 1984 1550 salutarem,in-

403 1592 587 1646 quam,
608 1579 934 1646 passionem,
952 1578 995 1634 si
1016 1587 1268 1647 tanquam
1297 1576 1530 1631 hominis
1547 1575 1816 1631 occisores
1834 1576 1982 1628 dam-

406 1666 520 1720 nati
552 1667 801 1734 fuissent,
835 1678 963 1722 tunc
999 1667 1139 1721 haud
1168 1683 1330 1722 sensu
1377 1681 1595 1722 cassum
1647 1665 1786 1719 foret
1839 1665 1978 1732 quod

411 1865 482 1904 no
503 1849 682 1906 occiso
715 1849 954 1904 damnati
987 1849 1210 1912 fuerint,
1240 1848 1579 1918 exploratum
1630 1847 1688 1902 ﬁt
1717 1846 1980 1901 adversa-

408 1939 518 1993 rios
546 1947 760 1993 nostros
783 1938 1002 1993 stultam
1030 1938 1130 1994 sibi
1160 1939 1471 2008 opinionem
1503 1952 1740 2004 creasse,
1768 1952 1890 1992 cum
1917 1936 1981 1990 ilo

407 2028 517 2082 lum
547 2030 861 2084 existimant
885 2045 1091 2084 merum
1126 2044 1246 2084 esse
1272 2029 1565 2095 hominem,
1615 2029 1826 2084 etiamsi
1850 2029 1982 2084 Ver-

406 2122 532 2174 bum
565 2120 618 2174 in
651 2119 765 2188 ipso
792 2119 1037 2175 habitare
1059 2120 1259 2174 dicant.
1279 2118 1439 2174 Certe
1471 2119 1664 2174 beatus
1688 2117 1888 2173 Paulus
1914 2117 1982 2172 de

406 2211 850 2280 cruciﬁgentibus
874 2211 1119 2280 loquens,
1148 2209 1362 2266 Domini
1415 2210 1688 2265 occisores
1736 2209 1855 2264 illos
1903 2222 1982 2264 re-

406 2311 726 2369 praesentat,
754 2302 838 2357 his
862 2303 1039 2357 verbis
1077 2311 1266 2357 utens:
1290 2321 1309 2353 ι
1335 2299 1467 2354 Nam
1500 2302 1545 2356 si
1575 2301 1979 2371 cognovissent,

408 2408 684 2462 nunquam
725 2395 1010 2448 Dominum
1067 2393 1250 2463 gloriae
1310 2391 1800 2446 cruciﬁxissent“.
1860 2409 1879 2443 ι
1917 2391 1984 2446 Ει

409 2485 521 2551 ipse
548 2499 764 2555 quoque
801 2485 1061 2540 Dominus
1088 2485 1138 2538 in
1165 2485 1336 2538 vineae
1360 2483 1612 2553 parabola
1641 2482 1714 2536 ait
1745 2491 1984 2552 patrem-

411 2575 642 2629 familias
686 2576 902 2631 misisse
960 2589 1148 2631 servos
1198 2590 1325 2630 suos
1374 2575 1440 2628 ad
1486 2572 1772 2644 agricolas.
1824 2573 1892 2627 At
1927 2574 1980 2628 hi

420 2686 438 2717 ι
469 2665 632 2720 alium
664 2668 880 2736 quidem
912 2668 1291 2732 vcrberarunt,
1313 2667 1511 2737 inquit,
1562 2666 1726 2719 alium
1771 2666 1984 2721 occide-

410 2767 560 2821 runt,
593 2759 756 2814 alium
780 2759 1044 2831 lapidibus
1069 2760 1388 2825 obruerunt,
1429 2777 1446 2810 ι
1473 2757 1722 2826 agricola:
1749 2756 1979 2810 scilicet.

410 2848 690 2908 Postremo
723 2852 936 2908 misisse
961 2851 1091 2906 dicit
1116 2849 1304 2915 ﬁlium,
1337 2864 1444 2919 quo
1477 2849 1594 2902 viso
1621 2846 1870 2919 agricolae
1896 2846 1982 2899 in-

414 2951 493 2994 tra
520 2956 579 2996 se
608 2943 894 2998 dixerunt:
932 2961 951 2994 ι
988 2943 1087 2996 Hic
1115 2951 1199 2996 est
1227 2943 1420 3006 haeres,
1448 2941 1646 3004 venite,
1670 2939 1982 2996 occidamus

409 3044 556 3097 eum,
599 3033 823 3103 ejusque
857 3033 1223 3088 haereditatem
1257 3045 1586 3100 occupemus
1623 3049 1635 3084 :
1688 3041 1849 3098 atque
1907 3029 1980 3083 ita

411 3137 536 3175 eum
598 3125 1050 3192 comprehensum
1111 3130 1164 3176 et
1231 3122 1386 3176 vinea
1435 3123 1667 3191 ejectum
1695 3123 1984 3176 intereme-

409 3213 622 3266 runt".
655 3233 673 3265 ι
710 3213 915 3282 Siergo
934 3214 1222 3284 Apostolus
1244 3214 1462 3283 quidem
1491 3214 1675 3284 gloriae
1698 3214 1984 3268 Dominum

412 3301 701 3356 conﬁtetur
729 3317 852 3358 eum
872 3305 963 3373 qui
994 3305 1284 3360 cruciﬁxus
1314 3305 1453 3369 fuit;
1489 3306 1604 3375 ipse
1634 3315 1809 3360 autem
1856 3306 1987 3360 Ser-

412 3405 572 3450 vator
603 3398 896 3467 prophetas
926 3399 1144 3468 quidem
1178 3410 1460 3452 servorum
1495 3400 1780 3452 missorum
1813 3397 1986 3449 nomi-

415 3499 486 3537 ne
509 3484 754 3540 tlenotari
785 3488 974 3550 docet,
1006 3489 1358 3555 semetipsum
1391 3502 1520 3544 vero
1553 3488 1749 3542 Filium
1777 3485 1989 3541 Domini

420 3589 697 3630 servorum
723 3578 958 3645 illorum;
995 3581 1116 3646 quis
1140 3581 1243 3642 iam
1264 3581 1493 3637 ulterius
1517 3581 1660 3635 ausit
1687 3581 1868 3634 dicere
1890 3582 1988 3634 ho-

420 3667 620 3721 minem
654 3669 801 3723 illum
831 3670 999 3727 fuisse
1024 3671 1113 3740 qui
1149 3673 1346 3739 aiebat,
1380 3693 1398 3725 ι
1427 3671 1579 3726 Nunc
1616 3686 1702 3732 me
1749 3671 1995 3741 quazritis,

421 3759 690 3828 occidere,
726 3780 745 3813 ι
779 3772 834 3816 ct
857 3778 962 3817 non
992 3765 1171 3833 potius
1201 3764 1555 3819 bumanatum
1583 3763 1790 3817 Deum?
1843 3761 1998 3816 Praei

421 3852 612 3909 sertim
659 3853 784 3924 quia
821 3855 929 3911 Deo
967 3856 1125 3928 digna
1154 3871 1340 3926 opera,
1399 3856 1498 3908 sub
1549 3853 1782 3908 hominis
1837 3854 1991 3908 titulo

415 3945 732 4014 przedicata,
789 3947 971 4002 audiet
992 3957 1272 4002 eventura.
1312 3966 1331 4000 ι
1366 3945 1525 4002 Venit
1550 3947 1694 4000 enim
1737 3946 1892 4012 hora,
1937 3953 1992 4000 et

420 4047 564 4088 nunc
602 4043 702 4102 est,
726 4051 846 4090 cum
877 4038 1323 4110 mortuiaudient
1343 4052 1530 4093 vocem
1564 4036 1686 4092 Filii
1718 4037 1988 4103 hominis;

417 4127 474 4174 et
501 4122 589 4190 qni
622 4124 1214 4190 audierint,vivent“;
1254 4144 1272 4176 ι
1314 4136 1409 4180 et:
1448 4144 1466 4176 ι
1491 4126 1625 4182 Cum
1650 4126 1878 4190 venerit,
1906 4125 1991 4179 in-

419 4212 557 4278 quit,
590 4212 761 4268 Filius
806 4216 1039 4271 hominis
1060 4217 1111 4269 in
1145 4230 1369 4292 regnum
1395 4232 1568 4281 suum,
1593 4225 1647 4270 et
1678 4230 1866 4270 omnes
1897 4230 1994 4270 an-

417 4303 518 4373 geli
546 4304 662 4374 ejus
688 4321 809 4361 cum
834 4322 920 4374 eo,
951 4317 1080 4363 tunc
1107 4308 1320 4362 sedebit
1348 4309 1398 4361 in
1425 4309 1618 4363 throno
1645 4308 1829 4376 gloria:
1860 4322 1991 4373 suae,

2092 490 2245 545 οὔπω
2270 490 2438 562 ἐχεις,
2473 489 2568 543 καὶ
2630 481 2879 554 ’Δϐραὰμ
2907 479 3231 550 γινώσκεις;
3285 497 3304 530 ι
3349 477 3459 532 Kal
3496 477 3665 548 ἐχρῆν

2087 582 2186 652 μὲν
2235 584 2348 644 τοῖς
2393 580 2494 651 ήδη
2531 573 2949 649 προειρημένοις
2983 569 3294 641 ἀρκεῖσθαι,
3347 568 3444 622 καὶ
3498 568 3664 638 μηδὲν

2083 673 2244 728 πλέον
2282 670 2560 742 ἐπιζητεῖν
2578 685 2594 700 ·
2623 668 2674 720 οἱ
2703 664 2811 736 γὰρ
2841 661 3098 732 λογισμὸν
3125 658 3281 730 ὀρθὸν
3317 658 3464 729 ἐχειν
3500 676 3662 712 σπου-

2083 762 2334 828 δάζοντες
2365 762 2494 831 περὶ
2524 759 2625 828 τὴν
2650 755 2759 809 τῶν
2797 754 2958 808 θείων
2985 750 3218 823 Γραφῶν
3256 751 3542 821 ἀκρόασιν,
3573 749 3665 801 εὐ-

2082 851 2377 922 γνωμόνως
2403 848 2669 913 λέξουσιν,
2711 846 2785 908 ὼς
2817 843 2971 898 οὐδὲν
3008 843 3207 896 ἄτοπον
3242 841 3328 910 εἴη
3368 839 3502 892 Θεὸν
3527 839 3665 909 όμοῦ

2083 942 2178 1000 καὶ
2208 941 2492 1012 ἄνθρωπον
2526 939 2673 1006 ὄντα,
2721 937 2808 992 ὅτε
2847 933 3162 1005 λελάληκεν,
3197 931 3328 985 ποτὲ
3377 933 3476 1002 μέν
3508 930 3665 996 Θεὸν,

2085 1033 2216 1088 ποτέ
2253 1033 2311 1088 δὲ
2358 1032 2642 1104 ἄνθρωπον
2675 1026 3058 1100 ὀνομάζεσθαι,
3099 1023 3352 1093 οὐδαμῶς
3396 1022 3666 1094 ἑκατέρας

2085 1125 2456 1198 προσηγορίας
2479 1125 2580 1194 τὴν
2612 1123 2804 1195 ἐτέραν
2834 1119 3152 1190 ἀθετούσης.

2157 1217 2246 1280 ιζ’.
2295 1214 2514 1286 Ἐπειδὴ
2545 1214 2603 1267 δέ
2634 1213 2808 1266 ἔνεστι
2840 1211 2934 1264 καὶ
2966 1209 3231 1280 ἑτέρωθεν
3260 1207 3418 1262 τοῦτο
3442 1205 3667 1277 θεωρεῖ-

2085 1309 2240 1372 σθαι,
2276 1307 2351 1371 ὡς
2382 1308 2482 1361 οὐκ
2513 1307 2801 1379 ἄνθρωπος
2850 1303 3091 1359 νοεῖσθαι
3134 1302 3222 1356 διὰ
3257 1299 3415 1354 τοῦτο
3459 1299 3666 1369 ὀφείλει

2084 1398 2223 1451 κατὰ
2251 1397 2349 1468 τὴν
2381 1397 2586 1450 τούτων
2638 1396 2929 1449 ὑπόνοιαν·
2988 1392 3126 1464 μετά
3171 1392 3233 1444 τὸ
3281 1389 3487 1461 πρᾶξαι
3541 1390 3669 1451 τοὺς

2097 1488 2379 1551 Ἰουδαίους
2412 1487 2592 1554 τοῦτο,
2625 1488 2760 1557 ὅπερ
2803 1484 3034 1540 ἐνταῦθα
3075 1483 3274 1546 αὐτοὺς
3322 1481 3604 1552 ἐμέμφετο
3639 1483 3668 1532 ὁ

2085 1581 2310 1654 Κύριος,
2346 1580 2489 1648 λέγω
2526 1578 2590 1651 δὴ
2621 1579 2684 1632 τὸ
2719 1581 2986 1651 σωτήριον
3019 1576 3208 1643 πάθος,
3249 1576 3299 1628 εί
3331 1575 3440 1646 ἄρα
3470 1573 3546 1636 ὡς
3578 1574 3669 1626 ἇν-

2085 1671 2300 1742 θρωπον
2344 1671 2764 1733 ἀποκτείναντες
2798 1668 3227 1737 κατεκρίθησαν,
3275 1665 3398 1718 τότε
3445 1663 3556 1736 γὰρ
3601 1664 3668 1717 ἂν

304 1754 305 1757 “
407 1759 475 1812 ab
507 1757 613 1813 illis
645 1759 942 1813 dicebatur.
966 1758 1070 1814 Sed
1097 1773 1220 1813 cum
1258 1757 1676 1827 tanquamllege
1705 1769 1767 1810 ac
1798 1754 1980 1809 Domi-

2092 1740 2335 1832 Ξυνηθείη
2370 1760 2527 1828 λόγον
2553 1760 2698 1831 ἐχειν
2736 1760 2796 1812 τὸ
2839 1759 2928 1812 ὑπ’
2961 1757 3139 1812 αὐτῶν
3167 1755 3458 1825 λεγόμενον
3479 1770 3491 1783 ·
3526 1756 3574 1806 εί
3611 1755 3666 1808 δὲ

2083 1853 2159 1916 ὠς
2187 1851 2329 1905 κατὰ
2353 1850 2621 1903 Δεσπότου
2638 1850 2733 1904 καὶ
2747 1850 2953 1920 Κυρίου
2974 1847 3346 1918 τολμήσαντες
3376 1844 3668 1900 κατεδικά-

2083 1943 2310 2014 σθησαν,
2345 1942 2502 2012 δῆλον
2550 1942 2627 2004 ὡς
2662 1941 2897 2011 ματαίαν
2947 1940 3201 1993 ὑπόνοιαν
3237 1940 3449 2001 ἑαυτοῖς
3491 1937 3667 1990 ἐπλάυ

2085 2053 2268 2102 σαντο,
2299 2035 2586 2106 ἄνθρωπον
2622 2033 2943 2104 νομίσαντες
2993 2028 3154 2096 εἶναι,
3187 2031 3290 2086 κᾶν
3320 2032 3550 2084 ἐνοικεῖν
3587 2030 3669 2093 είς

2083 2127 2245 2182 αὐτὸν
2268 2127 2358 2180 τὸν
2385 2126 2558 2194 Λόγον
2589 2125 2841 2192 λέγωσιν.
2886 2123 2944 2177 'O
2973 2123 3070 2193 μὲν
3098 2118 3190 2176 οὖν
3223 2122 3490 2193 μακάριος
3521 2118 3672 2173 Παῦε-

2080 2219 2172 2282 λος
2196 2218 2324 2288 περὶ
2354 2217 2465 2270 τῶν
2491 2215 2921 2287 σταυρωσάντων
2949 2213 3350 2284 διαλεγόμενος,
3384 2211 3671 2282 κυριοκτό-

2083 2324 2206 2371 νους
2265 2307 2463 2369 αὐτοὺς
2523 2304 2773 2374 ἐναργῶς
2834 2303 3181 2374 παρίστησιν,
3214 2303 3405 2364 αὐταῖς
3459 2300 3671 2366 λέξεσιν

2082 2398 2312 2470 γράφων
2349 2397 2556 2460 οὔτως·
2600 2414 2620 2448 ‹
2665 2396 2729 2448 Ei
2767 2393 2876 2465 γὰρ
2908 2395 3172 2462 ἔγνωσαν,
3203 2393 3301 2446 οὐκ
3336 2391 3403 2446 ἂν
3426 2391 3520 2444 τὸν
3551 2391 3669 2444 Κύ-

2087 2507 2200 2562 ριον
2232 2489 2332 2559 τῆς
2366 2487 2524 2557 δόξης
2568 2485 2937 2556 ἐσταύρωσαν.
2987 2503 3006 2536 ι
3041 2485 3150 2537 Kal
3186 2483 3348 2545 αὐτὸς
3374 2482 3432 2536 δὲ
3460 2480 3669 2552 Κύριος

2084 2584 2140 2634 ἐν
2171 2583 2238 2652 τῇ
2282 2579 2375 2633 τοῦ
2411 2578 2730 2648 ἀμπελῶνος
2769 2577 3050 2648 παραϐολῇ
3087 2573 3488 2629 ἀπεσταλκέναι
3535 2574 3671 2642 φησι

2081 2673 2172 2726 τὸν
2198 2670 2588 2740 οἰκοδεσπότην
2609 2671 2733 2732 τοὺς
2761 2667 2982 2730 δούλους
3004 2666 3168 2720 αὐτοῦ
3189 2666 3324 2736 πρὸς
3344 2665 3470 2726 τοὺς
3495 2681 3672 2735 γεωρ-

2083 2766 2212 2835 γούς
2236 2784 2248 2797 ·
2285 2785 2304 2817 ι
2328 2765 2498 2819 καὶθν
2529 2764 2626 2834 μὲν
2658 2764 2889 2833 ἔδειραν,
2919 2762 3102 2832 φησὶν,
3138 2760 3198 2813 ὃν
3229 2759 3286 2812 δέ
3317 2759 3668 2820 ἀπέκτειναν,

2083 2858 2141 2911 δν
2189 2856 2590 2925 ἐλιθοϐόλησαν,
2625 2873 2642 2906 ι
2669 2856 2718 2907 οἱ
2739 2852 2977 2922 γεωργοὶ
3027 2850 3305 2922 δηλονότι·
3355 2847 3584 2918 ὕστερον
3613 2848 3669 2900 δέ

2083 2946 2485 3002 ἀπεσταλκέναι
2537 2945 2700 3015 φησὶν
2742 2943 2903 2997 αὑτὸν
2943 2942 3033 2995 τὸν
3079 2940 3215 3006 υἱὸν,
3260 2939 3319 2992 δν
3350 2940 3399 2992 oi
3435 2938 3671 3008 γεωργοὶ

2087 3039 2410 3111 θεασάμενοι
2443 3033 2598 3091 εἷπον
2648 3035 2784 3106 πρὸς
2831 3033 3098 3096 ἑαυτούς·
3154 3050 3173 3083 ι
3230 3022 3400 3093 Οὗτός
3447 3031 3593 3082 ἐστιν
3643 3029 3674 3080 ὁ

2088 3130 2440 3202 κληρονόμος,
2461 3126 2634 3190 δεῦτε,
2674 3124 3086 3194 ἀποκτείνωμεν
3115 3121 3296 3187 αὐτὸν,
3327 3121 3423 3174 καὶ
3453 3120 3673 3190 σχῶμεν

2088 3219 2252 3275 αὑτοῦ
2277 3219 2378 3301 τὴν
2404 3216 2800 3289 κληρονομίαν·
2829 3214 2924 3268 καὶ
2951 3213 3206 3276 λαϐόντες
3230 3211 3395 3265 αὑτὸν
3417 3210 3674 3277 ἐξέϐαλον

2087 3311 2192 3375 ἐξω
2233 3310 2329 3364 τοῦ
2374 3309 2719 3379 ἀμπελῶνος,
2753 3308 2848 3360 καί
2889 3306 3238 3360 ἀπέκτειναν.
3281 3321 3300 3354 ι
3338 3303 3404 3355 El
3435 3302 3616 3355 τοίνυν
3644 3301 3676 3352 ὁ

2093 3403 2196 3473 μὲν
2226 3401 2548 3463 Ἀπόστολος
2564 3399 2769 3469 Κύριον
2807 3397 2905 3467 τῆς
2936 3395 3096 3464 δόξης
3138 3395 3229 3447 τὸν
3258 3391 3677 3462 ἐσταυρωμένον

2089 3492 2359 3563 ὁμολογεῖ,
2391 3491 2553 3553 αὐτὸς
2581 3490 2637 3542 δὲ
2667 3490 2695 3541 ό
2727 3487 2916 3558 Σωτὴρ
2949 3486 3076 3549 τοὺς
3116 3485 3217 3554 μὲν
3247 3484 3535 3554 προφήτας
3555 3481 3677 3534 δού-

2088 3583 2214 3646 λους
2247 3581 2692 3650 ἀπεσταλμένους
2724 3579 2986 3643 διδάσκει,
3020 3577 3212 3644 ἐαυτὸν
3255 3576 3311 3628 δὲ
3340 3574 3437 3628 τοῦ
3469 3574 3676 3626 Δεσπό-

2090 3689 2184 3725 του
2203 3671 2313 3724 τῶν
2340 3670 2541 3723 δούλων
2571 3669 2722 3735 Υίὸν,
2752 3668 2836 3730 τίς
2865 3665 2952 3720 ἔτι
2971 3666 3232 3736 τολμήσει
3257 3664 3442 3732 λέγειν
3474 3663 3550 3725 ὡς
3579 3663 3676 3716 ἄν-

2093 3762 2310 3833 θρωπυς
2339 3757 2408 3832 ἦν
2448 3761 2476 3813 ὁ
2525 3760 2720 3828 λέγων,
2757 3778 2774 3810 ι
2811 3758 2926 3810 Νῦν
2963 3757 3020 3810 δέ
3048 3755 3262 3826 ζητεῖτέ
3299 3772 3368 3823 με
3409 3755 3675 3807 ἀποκτεῖ-

2091 3869 2200 3918 ναι,
2239 3872 2258 3905 ι
2297 3852 2391 3906 καὶ
2425 3851 2545 3922 οὐχὶ
2599 3851 2800 3919 μᾶλλον
2849 3848 2982 3912 Θεὸς
3029 3843 3506 3916 ἐνηνθρωπηκώς;
3563 3844 3678 3898 Kal

2097 3944 2310 4016 μάλισθ’
2343 3945 2472 3996 ὅταν
2519 3943 2614 3996 καὶ
2645 3941 2714 3996 τά
2753 3938 3036 4010 θεοπρεπῆ
3089 3937 3225 4009 ἔργα
3268 3939 3336 4007 τῇ
3382 3934 3677 4006 ἀνθρώπου

2094 4037 2435 4109 προσηγορία
2489 4035 2760 4104 λεγόμενα
2813 4031 2989 4104 ἀκούῃ
3052 4029 3317 4098 μέλλοντα
3378 4026 3634 4096 γίνεσθαι
3659 4041 3675 4057 ο

2101 4147 2119 4180 ι
2167 4129 2427 4199 Ἔρχεται
2459 4125 2568 4196 γὰρ
2597 4125 2736 4196 ὥρα,
2770 4122 2865 4177 καὶ
2913 4121 3007 4174 νῦν
3054 4121 3224 4186 ἐστιν,
3270 4119 3359 4172 ὅτε
3402 4118 3452 4171 οἱ
3493 4117 3681 4186 νεκροὶ

2093 4219 2414 4275 ἀκούσουσιν
2440 4219 2537 4290 τῆς
2573 4216 2758 4286 φωνῆς
2790 4213 2882 4268 τοῦ
2912 4213 3046 4267 Υἱοῦ
3079 4212 3172 4266 τοῦ
3207 4208 3498 4282 ἀνθρώπου
3520 4224 3534 4239 ·
3584 4208 3681 4261 καὶ

2092 4312 2141 4364 οί
2173 4309 2505 4370 ἀκούσαντες
2542 4308 2786 4378 ζήσουσι.
2830 4325 2848 4358 ι
2874 4304 3003 4370 Kal,
3039 4321 3058 4355 ι
3098 4303 3266 4356 Ὅταν
3303 4300 3456 4372 ἔλθῃ,
3488 4298 3676 4369 φησὶν,

415 4395 614 4463 justam
640 4399 706 4453 de
729 4400 978 4454 omnibus
997 4400 1314 4454 sententiam
1341 4398 1518 4453 ferens
1533 4399 1577 4430 ⁸⁷
1600 4415 1615 4463 ;
1636 4419 1654 4452 ι
1683 4410 1757 4464 et,
1785 4418 1803 4452 ι
1824 4399 1985 4456 Nemo

2094 4406 2124 4458 ὁ
2167 4402 2296 4466 Υἱὸς
2335 4401 2431 4455 τοῦ
2478 4398 2766 4470 ἀνθρώπου
2812 4395 2871 4450 ἐν
2918 4397 2986 4466 τῇ
3043 4391 3289 4464 βασιλείᾳ
3339 4390 3540 4455 αὑτοῦ,
3586 4389 3682 4441 καὶ

420 4488 665 4542 ascendit
690 4489 741 4543 in
767 4488 988 4554 caelum,
1017 4489 1122 4544 nisi
1153 4489 1246 4560 qui
1274 4490 1340 4545 de
1389 4489 1526 4544 caelo
1583 4490 1862 4546 descendit
1899 4491 1991 4545 Fi-

422 4575 524 4630 lius
554 4579 788 4635 hominis
817 4578 883 4633 ⁸⁸.
921 4596 939 4629 ι

493 4837 780 4893 18.Αυ(1ἰη’
805 4839 1086 4896 manifeste
1105 4841 1268 4897 Deum
1303 4842 1535 4899 Verbum
1553 4846 1784 4902 hominis
1806 4849 1991 4917 appel-

422 4931 644 4997 latione,
701 4944 922 5003 propter
968 4951 1119 4990 suam
1175 4953 1294 4991 cum
1373 4955 1536 4994 carne
1585 4943 1988 5010 atlunattonem,

422 5021 947 5076 nominatum?Nam
981 5024 1102 5092 quis
1158 5024 1296 5081 alius
1345 5028 1409 5082 de
1453 5028 1596 5083 caelo
1647 5031 1992 5089 descendisse

422 5114 686 5182 putandus
720 5115 838 5170 est?
867 5113 981 5169 Noli
1017 5116 1198 5187 itaque
1236 5118 1436 5174 diutius
1503 5123 1816 5176 scandalum
1855 5125 1990 5193 pati,

419 5223 539 5260 cum
567 5206 611 5262 is
659 5208 773 5262 ait:
812 5227 830 5260 ι
865 5206 1018 5262 Nunc
1051 5223 1136 5262 me
1163 5209 1403 5277 quaeritis
1432 5214 1697 5279 occidere,
1721 5215 1994 5271 hominem

420 5298 508 5361 qui
538 5300 817 5354 veritatem
850 5301 1002 5355 vobis
1035 5301 1142 5355 dixi
1170 5303 1236 5356 ⁸⁹ε
1276 5321 1295 5354 ι
1337 5304 1429 5358 sed
1463 5304 1846 5362 incarnationis
1876 5324 1992 5379 my-

421 5390 645 5445 sterium
677 5403 954 5462 reputans,
985 5394 1072 5464 pie
1109 5397 1311 5450 dictum
1337 5397 1580 5453 admitte.
1612 5397 1858 5469 Namque
1905 5401 1988 5455 his

491 5593 536 5623 ⁸³
564 5592 717 5666 19-10-
756 5611 872 5658 vm.
907 5596 1009 5666 57.,
1072 5598 1116 5629 ει
1145 5598 1306 5653 lCor.
1343 5616 1401 5664 ιι,
1437 5601 1488 5655 8.
1566 5603 1609 5633 ευ
1649 5601 1835 5655 Matth.
1888 5603 2118 5666 ΧΧ1,5ί.
2196 5603 2240 5634 ηε
2270 5599 2421 5655 Joan.
2460 5615 2513 5665 ν,
2553 5597 2641 5650 25.

427 5665 508 5718 15.
589 5663 632 5693 ’τ’
666 5663 819 5717 Joan.
849 5681 958 5729 \‘lll,
991 5665 1077 5717 40.

2097 4495 2296 4556 πάντες
2314 4494 2361 4545 οἱ
2383 4489 2605 4559 ἄγγελοι
2635 4490 2752 4559 μετ’
2773 4485 2963 4549 αὑτοῦ,
2985 4483 3105 4536 τότε
3127 4482 3340 4536 καθίσει
3362 4480 3457 4532 ἐπὶ
3485 4479 3678 4550 θρόνου

2099 4585 2255 4654 δόξης
2287 4581 2473 4647 αὐτοῦ,
2502 4580 2601 4650 τὴν
2625 4577 2840 4632 δικαίαν
2873 4575 3077 4630 ἅπασιν
3103 4572 3380 4642 ἐπιφέρων
3407 4570 3611 4641 κρίσιν.
3653 4587 3674 4620 ι

2101 4675 2232 4740 Καὶ,
2275 4693 2293 4724 ι
2334 4672 2524 4736 Οὐδεὶς
2561 4668 2901 4739 ἀναϐέϐηκεν
2931 4667 3011 4730 εις
3047 4665 3139 4718 τὸν
3173 4663 3422 4734 οὐρανὸν,
3451 4663 3501 4714 εί
3533 4661 3609 4732 μὴ
3650 4662 3681 4713 ὁ

2102 4769 2166 4820 ἐκ
2203 4765 2298 4820 τοῦ
2328 4762 2558 4836 ούρανοῦ
2589 4760 2853 4825 καταϐάς,
2885 4762 2913 4812 ό
2943 4757 3068 4820 Υἱὸς
3098 4754 3190 4809 τοῦ
3219 4751 3534 4824 ἀνθρώπου.
3587 4771 3604 4803 ι

2171 4863 2258 4927 ιη’.
2314 4853 2554 4915 Ἀκούεις
2585 4849 2834 4919 φανερῶς
2877 4848 2968 4901 τὸν
2995 4845 3126 4898 Θεὸν
3155 4843 3326 4912 Λόγον
3355 4845 3423 4912 τῇ
3471 4839 3682 4912 ἀνθρὼ-

2099 4964 2199 5001 που
2227 4945 2567 5018 προσηγορίᾳ
2594 4940 2682 4995 διὰ
2705 4940 2801 5011 τὴν
2829 4937 2965 5008 πρὸς
2990 4936 3086 5006 τὴν
3116 4935 3294 5005 σάρκα
3322 4933 3518 4985 ἕνωσιν
3558 4932 3677 4984 ὀνο-

2102 5038 2432 5110 μαζόμενονς
2478 5036 2574 5097 Τίς
2609 5034 2718 5104 γὰρ
2763 5032 2828 5085 ἂν
2859 5029 2945 5098 εἴη
2977 5027 3165 5097 ἕτερος
3193 5026 3257 5078 ἐκ
3301 5023 3392 5076 τοῦ
3442 5021 3678 5093 ούρανοῦ

2102 5129 2343 5190 καταϐάς
2364 5146 2378 5192 ;
2399 5125 2612 5196 Μηκέτι
2642 5119 2732 5176 οὖν
2764 5117 3277 5183 σκανδαλίζου,ὅταν
3307 5113 3488 5182 λέγει·
3519 5133 3537 5164 ι
3566 5111 3681 5165 Νῦν

2100 5221 2157 5274 δὲ
2188 5219 2398 5289 ζητεῖτὲ
2435 5235 2500 5288 με
2536 5217 2874 5276 ἀποκτεῖναι,
2901 5210 3186 5280 ἄνθρωπον
3211 5207 3269 5268 ὃς
3299 5205 3396 5276 τὴν
3423 5203 3678 5275 ἀλήθειαν

2101 5312 2231 5382 ὑμῖν
2287 5309 2590 5379 λελάληκα·
2628 5325 2646 5357 ›
2695 5304 2808 5358 ἀλλ’
2849 5300 3044 5354 ἐννοῶν
3079 5299 3176 5369 τὴν
3217 5295 3556 5365 οἰκονομίαν,
3594 5293 3682 5345 εύ-

2102 5401 2272 5464 σεϐῶς
2337 5400 2490 5469 δέχου
2549 5398 2610 5450 τὸ
2657 5395 2978 5464 λεγόμενον·
3043 5392 3106 5441 ἐκ
3162 5385 3368 5440 τούτων
3413 5385 3524 5454 γὰρ
3580 5383 3681 5452 τῆς

2719 5595 2761 5625 ⁸⁷
2790 5586 3124 5649 Mattinxxv,
3155 5581 3242 5637 51.
3323 5581 3368 5613 ⁸³
3395 5578 3554 5637 Joan.
3595 5592 3678 5643 III,
