4014 6128
308 268 410 324 ΤΠ

1421 270 1610 338 QUOD
1649 271 1708 326 Β.
1747 271 1965 327 MARIA
2006 272 2114 329 SIT
2157 274 2476 330 DEIPARA.

3469 280 3574 341 278

312 386 563 452 ἐνώσεως
593 389 831 460 μάλιστα
864 390 897 460 ἡ
925 388 1205 462 οἰκονομία
1228 391 1536 448 δείκνυται·
1571 394 1666 450 καὶ
1695 395 1776 451 ὅτι
1799 395 1901 449 κᾶν

2009 396 2188 452 verbis
2235 397 2452 453 unionis
2470 395 2821 468 potissimum
2851 396 3187 466 dispensatio
3215 412 3575 459 monstratur:

311 477 601 549 ἄνθρωπος
630 479 979 551 ὀνομάζηται,
1014 482 1074 534 ού
1113 481 1238 554 δίχα
1280 484 1380 555 τῆς
1414 485 1669 558 θεότητος
1693 488 1898 555 ὀφείλει

313 576 437 632 καθ’
450 578 643 633 ἑαυτὸν
659 580 1037 651 ὀνομάζεσθαι.
1061 583 1159 647 Τίς
1185 581 1297 654 γὰρ
1317 581 1579 654 τολμήσει
1599 580 1781 649 λέγειν
1806 578 1900 634 ἀν-

315 670 554 741 θρωπον,
586 672 677 725 καὶ
702 672 875 727 ταῦτα
886 676 970 727 ἐνε
978 676 1083 744 ργή
1092 692 1206 730 σειν
1223 674 1292 729 τὰ
1306 674 1679 747 προειρημένα
1694 689 1710 738 ;
1754 671 1900 740 λέγω

312 758 377 830 δὴ
402 758 570 830 τὴνὲξ
581 762 811 832 ούρανοῦ
833 764 1132 834 μέλλουσαν
1144 764 1365 818 ἔσεσθαι
1384 763 1689 835 παρουσίαν
1710 761 1899 829 αὑτοῦ,

316 852 410 903 καὶ
442 851 543 922 τὴν
582 854 708 923 περὶ
738 853 960 907 πάντων
990 855 1205 910 δικαίαν
1227 855 1440 926 κρίσιν’
1461 854 1553 908 τοῦ
1579 853 1900 926 ἰεροψάλτου

325 940 550 1011 μάλιστα
562 943 729 997 Δαόἰδ
748 944 967 1014 ᾅδοντος
986 963 997 974 ·
1033 964 1053 997 ι
1076 947 1167 999 Σοὶ
1183 946 1382 1016 πρέπει
1416 944 1606 1015 ὕμνος,
1620 947 1648 998 6
1670 944 1824 1008 Θεὸς,
1839 945 1899 997 ἐν

324 1032 474 1101 Σιὼν,
505 1035 600 1088 καὶ
628 1035 711 1089 σοὶ
755 1036 1154 1107 ἀποδοθήσεται
1183 1036 1319 1108 εὐχὴ
1346 1038 1404 1090 ἐν
1454 1034 1829 1108 Ἰερουσαλήμ.
1873 1052 1895 1086 ι

323 1126 655 1180 Εἰσάκουσον
694 1128 1005 1199 προσευχῆς
1027 1145 1043 1160 θ
1064 1147 1081 1180 ι
1101 1128 1245 1200 Πρὸς
1279 1128 1339 1181 σὲ
1382 1128 1532 1180 πᾶσα
1568 1126 1706 1197 σὰρξ
1722 1125 1895 1195 ἥξει.»

324 1216 385 1269 Τί
411 1218 517 1288 γὰρ
543 1217 729 1289 ἕτερόν
761 1219 909 1273 ἐστιν
940 1218 1122 1285 τοῦτο,
1152 1218 1267 1273 ἀλλ’
1302 1219 1334 1288 ἢ
1365 1220 1501 1289 ὅπερ
1527 1218 1619 1272 τὸν
1648 1217 1775 1271 Υἰόν
1804 1216 1899 1271 τοῦ

322 1306 607 1378 ἀνθρώπου
641 1310 888 1381 ποιήσειν
922 1312 1354 1382 μεμαθήκαμεν;
1392 1329 1411 1361 ι
1452 1309 1586 1363 Τότε
1625 1308 1756 1380 γάρ,
1798 1325 1901 1380 φη-

1998 497 2054 543 et
2087 488 2250 557 quod,
2273 488 2485 544 etiamsi
2526 488 2688 545 homo
2726 488 3049 559 appelletur,
3075 504 3182 545 non
3240 499 3423 546 tamen
3449 493 3576 548 abs-

1998 588 2104 643 que
2126 574 2408 630 divinitate
2454 584 2697 632 seorsum
2755 590 2856 647 per
2890 591 2950 633 se
2987 578 3150 634 homo
3211 589 3577 649 nuncupatur.

1999 666 2130 734 Quis
2167 667 2313 722 enim
2351 668 2495 723 ausit
2520 668 2703 725 dicere
2732 669 3026 738 hominem,
3065 685 3158 740 qut
3182 670 3362 739 qualia
3415 686 3577 740 supra

1999 759 2141 814 dicta
2170 770 2296 814 sunt
2324 758 2619 816 eﬂ‘ecturus
2648 760 2765 816 sit?
2806 759 3048 816 futurum
3072 761 3326 818 videlicet
3346 761 3415 817 de
3443 762 3581 817 cmlo

1997 850 2287 905 adventum
2317 850 2452 918 ejus,
2479 851 2801 923 justumque
2853 855 2919 909 de
2953 854 3207 910 omnibus
3264 854 3578 909 faciendum

1992 938 2278 1010 judicium.
2313 942 2451 997 Cum
2501 945 2802 1013 praesertim
2862 959 3021 1001 sacer
3081 945 3363 1016 psalmista
3410 945 3578 1002 David

2000 1044 2206 1087 canat:
2276 1051 2295 1085 ι
2354 1033 2430 1088 Te
2454 1036 2611 1091 decet
2646 1036 2903 1106 hymnus,
2968 1038 3129 1105 Deus,
3157 1039 3210 1093 in
3272 1037 3476 1103 Sione;
3526 1044 3583 1094 et

2003 1122 2096 1179 tibi
2124 1122 2385 1179 offeretur
2415 1126 2591 1181 oratio
2614 1125 2668 1180 in
2695 1124 2992 1182 Jerusalem
3020 1129 3088 1182 ".
3127 1148 3146 1181 ι
3204 1129 3343 1183 Audi
3377 1130 3583 1184 oralio-

1990 1231 2123 1271 nem
2155 1235 2169 1270 :
2210 1235 2230 1269 ι
2267 1217 2350 1272 Ad
2399 1226 2451 1273 te
2508 1219 2687 1274 omnis
2739 1234 2869 1275 caro
2920 1221 3187 1276 veniet".
3222 1240 3241 1274 ι
3276 1221 3413 1287 Quid
3438 1222 3581 1276 enim

2001 1306 2106 1362 hoc
2137 1306 2281 1363 aliud
2297 1316 2402 1372 est,
2438 1323 2599 1378 quam
2635 1307 2778 1378 quod
2808 1308 3013 1365 Filium
3047 1310 3283 1366 hominis
3318 1311 3597 1365 facturum.

324 1397 428 1462 σίν,
473 1398 689 1452 καθίσει
722 1399 817 1452 ἐπὶ
837 1399 1041 1472 -θρόνου
1069 1399 1227 1470 δόξης
1268 1397 1459 1465 αὐτοῦ,
1495 1399 1593 1453 καὶ
1627 1397 1903 1470 συναχθή-

2009 1410 2124 1453 esse
2147 1397 2521 1454 didicimush
2578 1400 2731 1457 Tunc
2795 1401 2961 1471 enim,
3017 1401 3212 1470 inquit,
3266 1400 3475 1457 sedebit
3530 1400 3584 1456 in

325 1504 506 1542 σονται
542 1488 858 1560 ἔμπροσθεν
908 1491 1073 1545 αὑτοῦ
1112 1492 1289 1545 πάντα
1335 1491 1405 1544 τὰ
1446 1490 1599 1562 ἔθνη.
1657 1509 1677 1543 ι
1738 1490 1902 1561 Ὁρᾷς

2009 1488 2199 1541 throno
2229 1487 2413 1557 gloria:
2443 1504 2580 1555 sure,
2611 1499 2667 1544 et
2697 1492 3183 1561 congregabuntur
3232 1506 3417 1547 coram
3469 1491 3585 1558 ipso

321 1580 474 1642 ὅπως
498 1578 593 1633 τοῦ
624 1580 788 1634 Δαϐὶδ
819 1582 893 1646 ὡς
940 1581 1075 1654 πρὸς
1119 1582 1251 1635 Θεὸν
1279 1582 1550 1650 λέγοντος,
1589 1600 1608 1633 ι
1650 1581 1796 1653 Πρὸς
1842 1583 1903 1635 σὲ

2009 1591 2194 1632 omnes
2223 1587 2412 1648 gentes
2440 1580 2506 1633 ".
2546 1599 2565 1632 ι
2591 1581 2803 1645 Viden',
2830 1582 3103 1651 quomodo
3127 1597 3249 1637 cum
3282 1582 3448 1636 David
3476 1581 3586 1635 Deo

324 1671 479 1724 πᾶσα
506 1670 646 1741 cape
670 1672 813 1742 ἥξει,
851 1691 870 1724 ι
905 1676 983 1736 εἰς
1020 1675 1111 1727 τὸν
1149 1674 1278 1728 Υἰὸν
1310 1673 1403 1728 τοῦ
1430 1673 1719 1744 ἀνθρώπου
1743 1655 1903 1727 τοῦτο

2009 1666 2201 1722 dixerit
2235 1684 2253 1720 :
2302 1686 2320 1719 ι
2352 1668 2432 1721 Ad
2464 1678 2513 1725 te
2545 1672 2723 1726 omnis
2775 1686 2905 1725 caro
2961 1672 3162 1737 veniet,
3220 1689 3239 1722 ι
3304 1686 3415 1724 rem
3449 1670 3587 1723 hanc

326 1761 668 1833 πληροῦσθαι
693 1764 884 1834 μέλλον
911 1765 1315 1833 ἁποδέδεικται;
1343 1766 1477 1829 Θεὸς
1498 1761 1590 1818 οῦν
1620 1766 1770 1819 ἐστιν
1796 1765 1903 1835 ἄρα

2010 1756 2062 1810 in
2092 1754 2227 1811 Filio
2251 1756 2483 1812 hominis
2530 1759 2736 1813 exitum
2779 1759 3092 1814 habituram
3154 1760 3585 1813 demonstratum

323 1853 751 1925 ἐνανθρωπήσας
779 1857 809 1909 6
834 1855 900 1907 ἐκ
939 1856 1159 1925 Μαρίας
1182 1854 1417 1925 τεχθεὶς,
1446 1855 1556 1909 τῶν
1583 1854 1744 1908 θείων
1772 1855 1908 1925 ἡμῖν

326 1944 365 1995 Γ
369 1942 555 2014 ραφῶν
582 1943 742 1997 τοῦτο
776 1944 867 1998 διὰ
898 1945 1109 1998 πολλῶν
1150 1946 1479 2011 ἀποδείξεων
1516 1944 1765 2018 ἐναργῶς
1807 1947 1908 2015 ἐμ-

325 2035 657 2102 φαινουσῶν.
690 2036 954 2100 Θεοτόκος
992 2036 1048 2090 δὲ
1090 2038 1306 2101 πάντως
1343 2037 1437 2091 καὶ
1479 2036 1618 2110 alim
1654 2038 1687 2109 ἡ
1720 2036 1910 2090 καλλι-

324 2126 617 2196 πάρθενος,
651 2126 755 2181 κᾶν
792 2118 941 2179 οῦτοι
980 2126 1054 2198 μὴ
1104 2126 1428 2197 βούλωνται·
1461 2129 1510 2180 εἰ
1543 2129 1652 2198 γὰρ
1696 2126 1911 2197 ἀνθρω-

323 2233 427 2279 πος
456 2212 525 2287 ἦν
554 2218 583 2268 6
610 2217 671 2281 ἐξ
713 2217 887 2288 αὐτῆς
929 2216 1209 2287 προελθὼν
1247 2216 1454 2285 Ἰησοῦς
1500 2217 1755 2289 Χριστὸς,
1793 2216 1911 2281 πῶς

323 2311 355 2362 6
395 2307 608 2372 Παῦλος
652 2309 920 2373 Γαλάταις
968 2309 1299 2363 ἐπιστέλλων
1331 2309 1567 2380 ἔγραφε·
1609 2327 1629 2360 ι
1689 2308 1907 2372 Παῦλος

325 2399 643 2466 ἀπόστολος,
693 2401 793 2453 οὐκ
842 2401 938 2453 ἀπ’
972 2400 1298 2472 ἀνθρώπων,
1332 2400 1452 2454 οὐδὲ
1483 2400 1549 2454 δι’
1593 2400 1908 2471 ἀνθρώπου,

327 2489 467 2544 ἀλλά
494 2488 583 2542 διὰ
617 2489 792 2560 Ἰησοῦ
824 2489 1099 2560 Χριστοῦ;
1136 2509 1154 2542 ι
1187 2490 1356 2562 Δῆλον
1385 2490 1462 2553 ὡς
1492 2490 1593 2543 οὐκ
1624 2489 1913 2561 ἄνθρωπος

335 2581 521 2650 μόνον,
561 2579 697 2633 ἀλλά
734 2580 864 2644 Θεὸς
908 2580 1555 2654 ἐνηνθρωπηκώςλέστιν.
1601 2581 1695 2652 Μὴ
1735 2581 1912 2636 τοίνυν

337 2667 877 2732 σηνδαλιζέσθωσαν
946 2669 1041 2721 ἐπὶ
1100 2672 1221 2732 ταῖς
1280 2669 1558 2733 τοιαύταις
1616 2672 1822 2738 φωναῖς
1863 2667 1913 2724 δι

335 2758 677 2825 ἀπαίδευτοι,
723 2758 859 2813 ἀλλά
894 2758 1332 2813 διδασκέσθωσαν
1378 2760 1473 2813 τοῦ
1522 2759 1666 2814 θείου
1708 2778 1912 2832 μυστη-

334 2849 455 2920 ρίου
481 2848 583 2919 τὴν
611 2849 947 2919 οίκονομίαν,
979 2849 1075 2903 καὶ
1113 2849 1587 2920 προσκυνείτωσαν
1612 2850 1795 2905 λοιπὸν
1819 2851 1910 2905 τὸν

326 2939 571 3011 Χριστὸν
626 2939 766 3010 μετά
819 2939 927 2992 τῶν
954 2939 1223 3008 ,ἀγγέλων
1273 2941 1367 2994 καὶ
1424 2940 1595 2994 αὐτοί.
1662 2958 1683 2992 ι
1742 2941 1909 2996 Ὅταν

326 3032 459 3102 γὰρ,
489 3030 678 3102 φησὶν,
710 3030 984 3103 εἰσαγάγῃ
1012 3030 1104 3085 τὸν
1123 3031 1475 3102 Πρωτότοκον
1508 3034 1590 3096 είς
1608 3032 1708 3106 τὴν
1735 3034 1909 3086 uincu-

2010 1846 2117 1900 sit?
2142 1846 2277 1902 Deus
2303 1855 2385 1901 est
2414 1848 2576 1918 igitur
2601 1849 2929 1905 humanatus
2957 1864 3116 1917 quem
3152 1847 3318 1902 Maria
3354 1847 3585 1917 peperit,

2010 1937 2206 1991 divinis
2236 1939 2391 1993 nobis
2435 1939 2735 2009 Scripturis
2787 1956 2900 1996 rem
2963 1943 3103 1996 hanc
3144 1950 3585 2010 argumentorum

2009 2028 2359 2084 multitudine
2379 2030 2659 2085 evidenter
2683 2033 3117 2089 ostendentibus.
3144 2033 3376 2101 Deipara
3406 2040 3586 2086 autem

2011 2119 2332 2174 omninoest
2361 2119 2474 2188 ipsa
2506 2135 2719 2190 quoque
2750 2124 2966 2193 egregia
3005 2123 3191 2193 Virgo,
3228 2123 3582 2193 quantumvis

2012 2208 2102 2263 isti
2133 2209 2323 2263 nolint.
2356 2209 2489 2264 Nam
2505 2211 2552 2266 si
2595 2212 2756 2266 homo
2783 2213 2971 2268 fuisset
2999 2215 3090 2282 qui
3121 2229 3187 2268 ex
3240 2214 3353 2283 ipsa
3392 2214 3599 2282 prodiit

2011 2298 2165 2355 Jesus
2198 2298 2469 2367 Christus,
2499 2301 2769 2369 quomodo
2802 2301 3002 2358 Paulus
3028 2304 3080 2357 in
3114 2303 3354 2374 Epistola
3386 2304 3455 2358 ad
3481 2300 3589 2357 Ga-

2012 2390 2147 2447 latas
2180 2393 2535 2462 scripsisset:
2570 2412 2588 2445 ι
2619 2393 2821 2449 Paulus
2856 2396 3151 2465 apostolus,
3176 2413 3284 2451 non
3318 2397 3385 2451 ab
3409 2396 3590 2450 homi-

2012 2485 2193 2550 nibus,
2218 2501 2393 2557 neque
2412 2502 2509 2556 per
2562 2488 2861 2555 hominem,
2916 2490 3011 2545 sed
3073 2504 3170 2558 per
3217 2488 3400 2544 Jesum
3432 2488 3592 2544 Chri-

2013 2586 2154 2633 stum
2176 2578 2258 2631 “‘l
2292 2597 2313 2631 ι
2346 2578 2509 2633 Plane
2530 2589 2674 2648 patet
2704 2595 2809 2635 non
2839 2596 2962 2636 esse
3019 2580 3298 2636 hominem
3354 2590 3588 2635 tantum-

2013 2674 2191 2738 modo,
2215 2673 2306 2728 sed
2335 2674 2498 2728 Deum
2527 2675 2904 2729 huinanatum.
2968 2674 3044 2729 Ne
3089 2676 3219 2743 ergo
3265 2671 3588 2726 hisvocibus

2012 2763 2441 2818 scandalizentur
2476 2765 2811 2831 indocti,sed
2843 2764 3007 2819 divini
3046 2755 3593 2834 mysterii'dispensa-

2014 2855 2216 2910 tionem
2247 2855 2483 2921 discant,
2511 2855 2846 2923 adorentque
2914 2855 3170 2921 deinceps
3206 2852 3481 2907 Christum
3536 2860 3591 2906 et

2013 2944 2114 3014 ipsi
2145 2960 2265 2999 cum
2309 2945 2532 3015 angelis.
2572 2943 2776 3017 lﬂj
2810 2963 2828 2996 ι
2874 2943 3007 2999 Cum
3052 2943 3218 3007 enim,
3261 2942 3457 3011 inquit,
3514 2942 3592 2994 in-

2015 3035 2247 3092 troducit
2287 3033 2713 3105 Priinogenitum
2746 3036 2796 3089 in
2834 3034 3115 3097 mundum,
3177 3033 3350 3086 dicit:
3389 3031 3454 3086 Et
3504 3030 3594 3085 ad-

331 3124 534 3192 μένην,
581 3122 763 3191 λέγει·
804 3124 915 3176 Καὶ
944 3123 1480 3195 προσκυνησάτωσαν
1513 3124 1662 3196 αύτῷ
1709 3125 1907 3189 πάντες

2011 3137 2170 3184 orent
2196 3144 2319 3183 eum
2342 3128 2518 3198 angeli
2547 3127 2726 3193 Dei“;
2762 3146 2781 3179 ι
2808 3136 2861 3182 et
2893 3141 2937 3180 τι
2959 3125 3015 3181 In
3050 3124 3271 3181 nomine
3286 3123 3410 3180 Jesu
3430 3139 3591 3180 omne

328 3214 550 3283 ἄγγελοι
565 3214 701 3268 Θεοῦ
719 3231 733 3245 °
762 3233 782 3267 ›
804 3216 919 3281 καὶ,
938 3235 956 3267 ι
982 3217 1068 3269 Ἐν
1080 3215 1158 3286 τῷ
1168 3217 1389 3287 ὀνόματι
1400 3217 1457 3270 δὲ
1473 3218 1650 3288 Ἰησοῦ
1672 3217 1911 3288 Χριστοῦ

327 3308 436 3359 πᾶν
467 3310 598 3374 γόνυ
628 3306 837 3377 κάμψει
868 3308 1208 3378 ἐπουρανίων
1253 3309 1349 3361 καὶ
1394 3309 1650 3377 ἐπιγείων
1679 3310 1775 3362 καί⁵
1815 3326 1915 3363 κα-

328 3393 652 3465 ταχθονίων
699 3398 792 3449 καὶ
840 3398 993 3450 πᾶσα
1024 3398 1247 3466 γλῶσσα
1293 3399 1775 3471 ἐξομολογήσεται,
1829 3401 1912 3455 ὅτι

328 3485 536 3557 Κύριος
582 3486 790 3557 Ἰησοῦς
834 3489 1070 3558 Χριστὸς
1112 3490 1192 3553 εἰς
1225 3489 1384 3557 δόξαν
1431 3490 1567 3544 Θεοῦ
1612 3492 1845 3563 Πατρός.
1888 3512 1907 3544 ι

328 3576 838 3646 Μνημονευὲτωσαν
873 3579 1110 3650 Χριστὸν
1155 3580 1361 3649 Ἰησοῦν
1387 3582 1592 3652 Κύριον
1621 3576 1915 3653 ὁμολογού-

334 3683 519 3735 μενον,
568 3669 665 3722 καὶ
710 3667 787 3740 μὴ
814 3668 1271 3740 ⁴ιῖαραττέσθωσιιιν
1314 3671 1444 3726 ὅταν
1490 3671 1779 3743 ἄνθρωπον
1824 3672 1916 3728 διὰ

328 3757 430 3829 τὴν
470 3760 781 3830 οἰκονομίαν
822 3759 1113 3815 ἀκούωσιν.

404 3850 492 3904 ιθ’.
536 3849 693 3905 Οὕτω
725 3851 1017 3906 νοείτωσαν
1044 3853 1140 3906 καὶ
1180 3853 1250 3907 τά
1277 3854 1367 3908 διά
1392 3872 1514 3909 τινα
1559 3854 1751 3926 χρείαν
1777 3854 1811 3927 ἢ
1839 3857 1915 3909 οἰ-

326 3942 594 4013 κονομίαν
618 3943 748 4015 περὶ
768 3944 931 3998 αὑτοῦ
958 3944 1226 4016 εἰρημένα
1243 3963 1261 3978 ο
1283 3943 1395 4001 οἷόν
1420 3948 1568 4001 ἐστιν
1598 3947 1694 4021 καὶ
1717 3946 1778 3999 τὸ
1809 3947 1914 4001 ὑπὸ

325 4037 543 4104 Πέτρου
595 4037 690 4091 τοῦ
739 4037 1039 4091 ἀποστόλου
1087 4037 1421 4107 λεγόμενον
1453 4056 1473 4090 ι
1521 4037 1728 4109 Ἰησοῦν
1778 4038 1907 4109 γὰρ,

326 4127 524 4198 φησὶν,
549 4128 641 4181 τὸν
662 4127 986 4200 Ναζωραῖον
1008 4127 1180 4197 ἄνδρα
1200 4128 1656 4199 ἀποδεδειγμένον
1683 4128 1790 4184 ἀπὸ
1814 4128 1910 4183 τοῦ

324 4218 466 4272 Θεοῦ
499 4221 579 4283 είς
608 4220 774 4290 ὑμᾶς,
810 4237 830 4271 ι
866 4219 1002 4290 πρὸς
1041 4218 1333 4283 Ἰουδαίους
1357 4219 1737 4290 διαλεγόμενος
1758 4223 1786 4276 ὁ
1808 4222 1912 4275 Πέ-

323 4326 460 4380 τρος
480 4326 495 4341 ο
530 4310 634 4380 χρὴ
662 4310 770 4381 γὰρ
793 4310 885 4364 τὸν
910 4312 1024 4373 τοῖς
1059 4308 1224 4374 θείοις
1255 4310 1450 4379 Λόγοις
1488 4312 1907 4383 ἐντυγχάνοντα,

324 4403 429 4457 καὶ
472 4402 543 4456 τὰ
571 4402 839 4473 πρόσωπα
868 4401 1118 4472 θεωρεῖν,
1164 4403 1261 4456 καὶ
1303 4402 1395 4457 τὸν
1438 4403 1652 4474 χρόνον,
1684 4406 1777 4457 καὶ
1819 4403 1907 4457 διά

2014 3231 2151 3287 genu
2181 3215 2428 3271 ﬂectatur
2479 3216 2806 3281 caelestium,
2860 3216 3201 3271 terrestrium
3237 3225 3292 3269 et
3347 3213 3591 3270 inferno-

2014 3322 2174 3361 rum:
2208 3308 2455 3363 etomnis
2478 3308 2657 3378 lingua
2687 3309 3007 3363 conﬁteatur
3063 3307 3348 3361 Dominum
3405 3305 3588 3361 Jesunt

2013 3398 2289 3453 Christum
2325 3400 2377 3454 in
2400 3398 2566 3468 gloria
2596 3413 2718 3455 esse
2762 3398 2858 3455 Dei
2890 3398 3064 3452 Patris
3091 3398 3161 3453 ’⁸.
3196 3416 3215 3450 ι
3245 3396 3591 3452 Meminerint

2014 3488 2286 3543 Christum
2324 3488 2503 3545 Jesum
2536 3489 2805 3544 communi
2852 3504 3113 3545 consensu
3172 3488 3456 3543 Dominum
3508 3487 3591 3541 di-

2015 3589 2183 3648 ctum,
2221 3595 2398 3650 neque
2436 3582 2851 3645 conturbentur,
2893 3596 3015 3637 cum
3051 3594 3174 3635 eum
3207 3579 3478 3663 hominem
3507 3593 3590 3635 se-

2015 3672 2249 3726 cundum
2277 3671 2737 3743 dispensationem
2775 3680 3024 3727 vocatum
3056 3670 3303 3726 audiunt.

2088 3847 2175 3903 i9.
2205 3846 2297 3903 Sic
2349 3857 2404 3903 et
2457 3849 2574 3903 alia:
2606 3846 2904 3901 locutiones
2936 3846 3298 3918 intelligenda:
3323 3854 3448 3901 sunt
3489 3860 3591 3914 pro

2016 3940 2093 3995 rei
2130 3952 2270 3994 natae
2304 3956 2401 3994 usu
2432 3950 2485 3994 et
2526 3938 2930 4007 dispensatione
2986 3939 3164 4002 dictae,
3210 3938 3371 3991 veluti
3426 3938 3589 3989 etiam

2016 4030 2163 4086 Petri
2191 4032 2317 4084 illud
2345 4028 2576 4098 apostoli
2606 4027 2824 4082 effatum
2848 4036 2929 4082 est
2953 4044 2966 4080 :
2997 4044 3013 4077 ι
3037 4026 3220 4081 Jesnm
3251 4026 3397 4079 enim
3417 4023 3592 4079 Naza-

2015 4138 2205 4177 renutn
2263 4121 2440 4173 virum
2484 4119 2838 4187 approbatum
2883 4134 2911 4171 a
2977 4117 3087 4171 Deo
3131 4116 3269 4169 inter
3303 4130 3419 4181 vos,
3462 4133 3480 4166 ι
3516 4116 3592 4168 ait

2015 4212 2228 4266 Judaros
2259 4209 2536 4277 alloquens
2560 4207 2754 4263 Petrus
2793 4208 2861 4262 ⁸⁸.
2888 4207 3111 4277 Oportet
3133 4206 3275 4260 enim
3302 4206 3369 4259 ab
3392 4221 3476 4270 eo,
3497 4207 3588 4275 qui

2016 4304 2213 4360 divinis
2245 4303 2466 4358 Litteris
2496 4303 2688 4371 utitur,
2714 4311 2768 4357 et
2787 4316 3045 4372 personas
3074 4299 3328 4368 spectari,
3352 4308 3407 4354 et
3460 4310 3589 4354 tem-

2017 4412 2138 4466 pus,
2167 4404 2219 4450 et
2246 4409 2404 4465 quam
2437 4395 2506 4450 ob
2536 4409 2753 4450 causam
2789 4394 3017 4463 quodvis
3046 4394 3283 4456 dicatur,
3319 4392 3576 4460 reputari.

324 4495 496 4548 ποίαν
526 4471 711 4548 αίτίαν
734 4494 966 4547 ἕκαστον
986 4471 1237 4565 εἴρηται,
1259 4471 1605 4562 λογίζεσθαι*
1631 4494 1775 4548 οὕτω
1800 4494 1907 4567 γὰρ

2018 4491 2109 4545 Sic
2132 4490 2276 4543 enim
2301 4488 2531 4558 singulis
2560 4486 2718 4542 dictis
2736 4486 3144 4541 convenientem
3174 4484 3587 4537 accommodare

325 4585 549 4653 ἑκάστῳ
584 4581 735 4654 ρητῷ
761 4582 862 4652 τὴν
885 4582 1201 4651 πρέπουσαν
1234 4584 1546 4654 ἐφαρμόσαι
1570 4583 1804 4655 θεωρίαν
1828 4601 1907 4647 τις

2017 4595 2234 4634 sensum
2269 4579 2532 4648 quispiam
2570 4592 2690 4630 cum
2722 4576 2956 4641 Spiritus
2997 4572 3170 4642 gratia
3205 4573 3423 4640 poterit.
3449 4572 3585 4637 Quia

323 4679 397 4747 τῇ
433 4674 526 4729 τοῦ
576 4674 889 4744 Πνεύματος
921 4673 1213 4745 δυνήσεται
1263 4674 1465 4744 χάριτι.
1516 4676 1668 4728 Ἐπεὶ
1690 4669 1783 4729 οὖν
1817 4674 1907 4727 καὶ

2018 4672 2181 4741 igitur
2212 4673 2351 4725 hanc
2381 4682 2596 4739 quoque
2627 4666 2953 4720 locutionem
2986 4664 3061 4717 illi
3094 4663 3161 4718 ad
3193 4662 3586 4733 suaairrcligio-

319 4766 489 4821 τοῦτο
528 4766 592 4819 τὸ
645 4764 809 4837 ῥητὸν
858 4766 1055 4817 ἐκεῖνοι
1104 4763 1243 4835 πρὸς
1287 4763 1543 4819 σύστασιν
1591 4768 1691 4835 τῆς
1734 4764 1907 4818 αὐτῶν

2015 4763 2191 4817 sitatis
2214 4760 2679 4817 conﬁrmationem
2710 4756 2995 4823 objiciunt,
3022 4756 3301 4810 videamus
3330 4755 3586 4824 quidnam

321 4857 649 4922 δυσσεϐείας
665 4857 1086 4928 προϐάλλονται,
1111 4857 1343 4928 εἴδωμεν
1360 4857 1414 4910 τί
1442 4857 1638 4928 δήποτε
1657 4859 1685 4910 6
1707 4858 1907 4929 Πέτρος

2016 4855 2212 4909 Petrus
2236 4853 2390 4921 juxta
2420 4848 2839 4920 dispensationis
2883 4847 3097 4918 regulas
3131 4847 3436 4919 signiﬁcare
3491 4864 3586 4900 vo-

321 4950 690 5021 οἱκονομῆσαι
724 4948 1067 5019 βουλόμενος,
1092 4948 1234 5001 οῦτω
1260 4948 1555 5020 λελάληκεν
1576 4965 1588 4977 ·
1626 4949 1826 5019 μᾶλλον
1851 4948 1907 5001 δὲ

2016 4945 2153 5008 lens,
2187 4944 2257 4997 ita
2290 4943 2503 4997 locutus
2530 4943 2622 4997 sit.
2670 4940 2779 4994 lmo
2819 4954 2945 4993 vero
2978 4939 3046 4993 ab
3070 4953 3134 4992 eo
3178 4952 3485 5003 quaeramus
3529 4940 3588 4986 nt

319 5043 493 5096 αὑτὸν
534 5039 981 5112 ἐπερωτήσωμεν
1011 5040 1111 5110 τὴν
1142 5039 1321 5094 αἰτίαν
1354 5039 1606 5108 ἀγγεῖλαι
1638 5042 1790 5111 ἡμῖν,
1837 5040 1905 5093 δι’

2015 5052 2116 5090 nos
2140 5035 2347 5097 doceat,
2369 5049 2612 5102 quaenam
2646 5046 2767 5085 eum
2789 5046 2948 5085 causa
2993 5030 3057 5083 ad
3086 5029 3137 5083 id
3192 5027 3390 5081 dictum
3418 5026 3587 5091 impu-

326 5136 393 5204 ἦν
432 5133 577 5187 οὕτω
620 5132 802 5202 λέγειν
836 5132 1118 5203 προήχθη·
1148 5132 1200 5185 τί
1233 5131 1361 5202 φὴς,
1391 5124 1437 5185 ὧ
1468 5131 1741 5200 μακάριε;
1781 5132 1907 5185 Ἀν-

2012 5124 2156 5180 lcrit.
2184 5124 2321 5190 Quid
2350 5124 2453 5191 ais,
2486 5140 2518 5178 0
2547 5121 2740 5177 beate?
2781 5119 3063 5174 Hominem
3125 5116 3384 5187 pratdicas
3428 5113 3587 5166 Chri-

322 5223 552 5288 θρωπον
584 5222 877 5293 κηρύττεις
904 5223 994 5276 τὸν
1020 5222 1275 5293 Χριστὸν,
1305 5221 1399 5274 καί
1423 5220 1598 5292 τούτῳ
1626 5220 1907 5274 πιστεύειν

321 5314 478 5382 ἡμᾶς
522 5312 873 5376 ἀναπείθεις,
922 5312 1011 5365 ἵνα
1045 5312 1302 5382 κτίσματι
1330 5312 1615 5383 λατρεύειν
1653 5310 1903 5382 διδάξῃς;

323 5405 442 5457 Καὶ
474 5404 584 5473 μὴν
610 5403 800 5473 ἕτερος
830 5401 1125 5465 ἀπόστολος
1166 5402 1439 5472 μέμφεται
1468 5403 1594 5465 τοὺς
1625 5404 1691 5471 τῇ
1732 5403 1905 5455 κτίσει

402 5613 446 5646 ’⁸
473 5610 620 5665 Psal.
648 5622 793 5669 Lm,
819 5606 872 5659 2.
948 5607 989 5638 ⁹¹
1024 5604 1150 5660 ibid.
1185 5606 1237 5658 5.
1280 5607 1323 5639 9*
1357 5606 1545 5661 Matth.
1576 5620 1700 5670 xxv,
1736 5606 1821 5674 3t,
1852 5607 1937 5659 3:2.

327 5684 382 5717 "
407 5686 524 5739 Act.
582 5699 638 5747 ιι,
675 5678 771 5731 Ἡ.
849 5677 891 5708 ’⁷
919 5677 1073 5731 Itoni.
1117 5692 1152 5744 ι,
1182 5677 1251 5730 ‘25
1282 5694 1295 5741 ;
1332 5679 1452 5732 Act.
1479 5675 1699 5745 x1v,li.

2012 5226 2177 5281 stunt,
2211 5226 2372 5286 atque
2399 5226 2456 5269 ut
2484 5215 2609 5269 huic
2638 5216 2921 5269 credamus
2947 5212 3164 5272 suades,
3194 5216 3251 5261 ut
3279 5214 3585 5260 creaturam

2012 5310 2239 5364 adorare
2268 5323 2365 5361 nos
2394 5306 2623 5361 doceas?
2648 5304 2809 5372 Atqui
2841 5304 2976 5356 alius
3017 5298 3307 5367 Apostolus
3335 5296 3583 5362 increpat

2011 5416 2124 5465 eos,
2154 5399 2244 5469 qui
2267 5406 2530 5452 creatur-ac
2563 5394 2765 5450 cultum
2787 5393 2972 5447 volunt
2993 5388 3330 5445 exhibere".
3357 5386 3587 5442 Practer-

2016 5607 2058 5637 ”
2098 5604 2267 5661 Galat.
2301 5619 2337 5667 ι,
2372 5603 2416 5653 l.
2496 5599 2538 5631 9"
2564 5597 2723 5652 lleht‘.
2757 5610 2793 5661 ι,
2821 5596 2872 5649 6.
2951 5596 2992 5625 9⁵
3019 5592 3247 5661 Philipp.
3274 5608 3331 5657 ιι,
3369 5590 3452 5651 10,
3501 5584 3587 5637 Η.
