4014 6128
455 265 558 322 279

1449 267 1506 322 S.
1550 266 1822 322 CYRILLI
1861 269 2332 332 ALEXANDRINI
2370 277 2692 335 ARCHIEP.

3603 281 3712 337 280

457 401 519 442 ea
576 385 845 456 quomodo
876 387 992 458 ipse
1017 402 1042 440 a
1064 386 1281 444 Christo
1317 387 1701 458 interrogatus,
1727 403 2015 457 quemnam

2129 394 2413 468 λατρεύειν
2442 400 2723 465 ἐθέλοντας
2747 442 2760 454 .
2785 396 2919 455 Εἶτα
2946 401 3060 466 πῶς
3084 402 3559 475 αὑτὸςέρωτηθεὶς
3583 404 3714 475 παρ’

455 479 799 534 existimares
827 493 947 534 esse
975 477 1167 533 Filium
1195 480 1448 544 hominis,
1483 481 1809 550 respondisti
1843 500 1858 538 :
1901 503 1919 534 ι
1945 484 2025 538 Tu

455 585 513 624 es
544 569 709 623 Filius
725 571 814 624 Dei
845 569 1099 625 viventis?
1124 591 1142 622 ι
1187 571 1449 640 siquidem
1473 586 1536 627 ea
1573 583 1700 628 tunc
1733 574 2026 646 interroga-

454 660 531 712 tio
559 659 625 713 iis
660 660 748 725 qui
784 677 889 714 non
913 661 1046 715 satis
1074 662 1493 730 dispensationis
1517 666 1834 736 mysterium
1868 683 2027 723 nove-

452 757 596 811 rant,
647 746 874 802 fortasse
945 749 1177 818 aliquam
1247 750 1555 819 hujusmodi
1635 755 2022 823 cogitationem

453 838 675 906 injicere
701 848 934 908 poterat,
965 855 1156 909 nempe
1192 851 1252 896 ut
1289 857 1412 897 eum
1448 843 1722 899 hominem
1755 862 1877 902 esse
1923 864 2024 902 ex-

449 933 754 988 istimarent
783 951 796 987 :
829 952 847 985 ι
887 935 1184 1000 Quemnam
1217 937 1382 1002 enim,
1420 939 1514 1001 ait,
1547 941 1790 996 homines
1838 943 2024 998 dicunt

447 1039 565 1078 esse
588 1024 779 1080 Filium
811 1027 1045 1082 hominis
1067 1029 1112 1061 ⁹⁸
1133 1029 1158 1082 ?
1183 1047 1200 1080 ι
1239 1028 1390 1084 Tunc
1422 1030 1584 1098 igitur
1640 1047 1762 1086 cum
1809 1033 2023 1090 audires

448 1116 620 1182 ipsum
651 1130 769 1171 esse
805 1117 997 1171 Filium
1022 1119 1282 1182 hominis,
1311 1119 1406 1174 Dei
1431 1119 1626 1174 Filium
1657 1136 1777 1177 esse
1805 1136 2022 1190 respon-

446 1205 607 1272 disti;
654 1222 794 1260 nunc
833 1223 984 1271 vero,
1021 1220 1142 1277 post
1196 1219 1274 1263 tot
1309 1209 1538 1264 aliorum
1586 1212 1756 1266 visam
1782 1213 2017 1266 miracu-

446 1297 615 1349 lorum
650 1299 964 1366 potentiam,
999 1309 1279 1368 postquam
1340 1301 1511 1355 beata:
1551 1299 1790 1368 ejusdem
1842 1313 2016 1357 resar-

447 1389 702 1442 rectionis
719 1399 773 1444 et
802 1391 853 1444 in
886 1391 1082 1445 caelum
1117 1393 1319 1447 reditus
1350 1393 1502 1448 testis
1539 1393 1710 1460 fuisti,
1741 1395 2014 1450 hominem

445 1479 620 1549 ipsum
661 1482 834 1536 dicis?

512 1571 603 1624 20.
641 1570 752 1627 Nec
787 1575 1072 1642 quisquam
1106 1576 1402 1642 existimet,
1427 1579 1730 1633 tuncetiam
1763 1586 2014 1648 tanquam

444 1662 508 1715 de
537 1665 752 1717 homine
770 1667 1008 1733 potuisse
1039 1667 1102 1720 dc
1129 1669 1219 1724 illo
1248 1668 1451 1734 dicere,
1504 1689 1522 1721 ‹
1558 1669 1637 1724 Tu
1665 1687 1724 1726 es
1765 1671 2012 1727 Christus

2132 487 2322 554 αὑτοῦ,
2358 490 2481 545 τίνα
2523 491 2772 563 ἐνόμιζες
2806 489 2947 548 εἶναι
2982 494 3073 548 τὸν
3107 495 3235 548 Υἰὸν
3269 495 3364 548 τοῦ
3398 494 3710 566 ἀνθρώπου,

2127 580 2454 654 ἀπεκρίθης,
2486 602 2505 635 ‹
2540 584 2611 637 Σὺ
2643 581 2696 638 εἴ
2718 585 3133 650 όΥίὸςτοῦΘεοῦ
3155 585 3250 640 τοῦ
3271 585 3504 652 ξῶντοςς
3539 607 3559 640 ι
3585 587 3709 640 καί-

2127 686 2204 723 τοι
2237 671 2359 724 τότε
2392 676 2424 744 ἡ
2458 673 2651 738 πεῦσις
2673 678 2787 739 τοῖς
2818 675 2893 747 μὴ
2945 676 3149 748 σφόδρα
3183 677 3347 730 εἰδόσι
3377 677 3476 746 τῆς
3505 678 3711 730 οἰκονο-

2129 761 2259 830 μίας
2285 764 2345 816 τὸ
2389 766 2708 836 μυστήριον,
2765 766 2904 836 τάχα
2933 767 3027 820 καί
3055 783 3176 820 τινα
3207 765 3465 836 τοιαύτην
3489 759 3709 818 ἔννοιαν

2126 852 2372 922 ἐμποιεῖν
2406 855 2660 923 ἠδύνατο,
2694 855 2839 922 λέγω
2868 855 2933 928 δὴ
2958 856 3018 908 τὸ
3041 855 3328 926 ἄνθρωπον
3359 855 3522 908 αὐτὸν
3551 855 3708 924 νομίο

2127 959 2248 997 σαι·
2281 963 2299 996 ι
2331 944 2466 1000 Τίνα
2492 947 2621 1016 γὰρ.
2651 945 2857 1014 ἔλεγεν,
2887 949 2934 999 οἰ
2968 947 3248 1016 ἄνθρωποι
3281 946 3533 1014 λέγουσιν
3563 940 3706 1000 εἶναι

2123 1036 2212 1090 τὸν
2249 1037 2376 1089 Υἱὸν
2407 1037 2501 1090 τοῦ
2548 1037 2873 1108 ἀνθρώπους
2909 1057 2928 1090 ο
2973 1039 3082 1091 Καὶ
3127 1037 3248 1090 τότε
3299 1037 3398 1106 μέν
3442 1037 3571 1090 Υἱὸν
3601 1038 3703 1091 ἀν-

2123 1125 2339 1194 θρώπου
2368 1127 2582 1180 ἀκούων
2608 1128 2792 1191 αὐτὸν,
2826 1129 2916 1181 τὸν
2940 1129 3066 1182 Υίὸν
3088 1127 3181 1180 τοῦ
3211 1127 3346 1180 Θεοῦ
3377 1127 3542 1180 αὐτὸν
3564 1125 3704 1180 εἶναι

2121 1214 2336 1283 ἔλεγεςο
2375 1216 2468 1270 νῦν
2491 1217 2548 1270 δὲ
2577 1219 2714 1288 μετὰ
2743 1218 2803 1271 τὸ
2836 1218 3010 1272 ἄλλων
3053 1217 3261 1270 πολλῶν
3303 1217 3546 1286 σημείων
3575 1216 3702 1271 θεά-

2124 1307 2318 1360 σασθαι
2346 1308 2574 1380 δύναμιν
2599 1349 2613 1373 ,
2670 1311 2807 1379 μετὰ
2856 1309 2916 1362 τὸ
2957 1311 3050 1363 καὶ
3082 1311 3178 1380 τῆς
3229 1309 3502 1378 μακαρίας
3532 1309 3697 1362 αὐτοῦ

2119 1398 2468 1462 ἀναστάσεως
2491 1440 2505 1464 ,
2544 1400 2762 1468 καὶτῆς
2807 1401 2886 1462 εἰς
2924 1400 3149 1468 οὐρανὸν
3190 1399 3375 1452 ἀνόδου
3424 1401 3482 1450 ὲν
3531 1399 3700 1468 πείρα

2120 1490 2392 1556 γενέσθαι,
2424 1491 2710 1562 ἄνθρωπον
2735 1491 2897 1543 αὐτὸν
2924 1485 3064 1544 εἶναι
3089 1488 3294 1558 λέγεις;

2188 1587 2258 1631 κ’.
2299 1579 2410 1631 Καὶ
2443 1581 2516 1651 μή
2547 1597 2631 1643 τις
2659 1579 2854 1632 οἰέσθω
2886 1578 3146 1632 δύνασθαι
3179 1580 3273 1632 καὶ
3294 1579 3415 1631 τότε
3447 1578 3522 1640 ὡς
3566 1579 3697 1648 περὶ

2116 1669 2404 1742 ἀνθρώπου
2437 1670 2616 1738 λέγειν
2646 1670 2808 1722 αὑτὸν
2835 1669 2914 1734 rb,
2959 1688 2976 1720 ι
3009 1670 3081 1722 Σὺ
3113 1665 3166 1721 εἴ
3187 1672 3213 1722 ὁ
3243 1668 3478 1739 Χριστὸς
3505 1669 3532 1721 ό
3566 1668 3698 1731 Υἱὸς

444 1755 536 1822 qui
569 1767 628 1807 es
666 1754 836 1809 Filius
870 1758 962 1810 Dei
1007 1759 1262 1826 viventis,
1303 1780 1321 1811 ι
1371 1761 1806 1831 quandoquidem
1842 1765 2011 1818 sancti

2120 1759 2211 1814 τοῦ
2243 1759 2376 1812 Θεοῦ
2407 1759 2501 1812 τοῦ
2533 1758 2734 1823 ζῶντος
2760 1801 2773 1825 ,
2808 1778 2826 1811 ›
2861 1759 2936 1823 ὡς
2966 1759 3060 1812 καὶ
3093 1759 3199 1814 τῶν
3227 1759 3395 1827 ἁγίων
3425 1777 3527 1829 χρη
3539 1777 3697 1829 ματι-

443 1864 660 1918 quoque
683 1849 928 1903 homines
956 1849 1046 1902 filii
1079 1851 1168 1904 Dei
1197 1862 1340 1905 sunt.
1367 1851 1482 1906 Non
1505 1853 1650 1906 enim
1701 1853 2019 1922 simpliciter

444 1940 599 2004 dixit,
630 1939 706 1993 Tu
729 1954 787 1994 es
811 1939 978 1995 Filius
1011 1940 1132 2004 Dei;
1163 1943 1277 2007 sed,
1315 1961 1332 1993 ι
1377 1941 1454 1995 Tu
1487 1959 1566 2007 es,
1590 1945 1680 2011 qui
1709 1943 1878 1999 Filius
1923 1944 2018 1999 Dei

447 2046 526 2085 es.
563 2049 581 2082 ι
625 2030 866 2100 Namque
904 2031 1116 2085 articuli
1147 2032 1366 2102 (Graeci)
1410 2033 1640 2102 adjectio
1691 2049 1855 2087 unum
1919 2035 2015 2089 deo

445 2131 713 2178 monstrat
738 2124 1071 2191 unicumque
1094 2137 1277 2176 verum
1319 2123 1514 2176 Filium
1551 2123 1891 2180 confessione
1923 2125 2016 2181 Pe—

441 2217 507 2268 tri
542 2215 802 2270 denotari.
863 2213 997 2269 Huic
1034 2215 1246 2268 demum
1309 2215 1593 2284 objectioni
1656 2215 1768 2284 ipse
1826 2215 2015 2272 beatus

440 2306 632 2360 Petrus
666 2307 748 2361 his
768 2306 878 2360 fere
909 2307 1084 2361 verbis
1118 2307 1248 2360 mihi
1295 2307 1506 2361 videtur
1539 2321 1828 2362 occurrere
1873 2324 1884 2359 :
1936 2306 2015 2360 Ne

443 2415 529 2453 me
565 2400 639 2453 ita
676 2401 908 2454 locutum
937 2398 1159 2467 putetis,
1212 2398 1368 2467 quasi
1406 2413 1546 2452 unus
1604 2397 1670 2452 de
1735 2397 1887 2452 vobis
1943 2396 2016 2452 sit

444 2492 607 2546 homo
632 2491 899 2546 Christus.
931 2491 1082 2544 lland
1131 2489 1182 2544 id
1235 2489 1486 2559 equidem
1553 2489 1695 2554 dico,
1752 2489 1847 2545 sed
1897 2503 2012 2544 rem

441 2582 635 2636 miram
687 2594 741 2637 et
785 2583 1113 2650 insperatam
1173 2583 1435 2650 prudente
1510 2596 1761 2636 sermone
1810 2580 2010 2636 revelo.

441 2673 700 2739 Quaenam
734 2689 860 2728 vero
879 2675 991 2728 hare
1023 2675 1138 2728 est?
1165 2672 1399 2743 Spiritus
1462 2674 1850 2729 descendentis
1903 2675 2013 2728 fra-

441 2780 570 2834 gore
590 2765 796 2829 audito,
823 2764 1132 2820 Judceorum
1181 2766 1408 2834 populus
1445 2766 1511 2820 ad
1547 2782 1646 2821 nos
1675 2767 1912 2823 accurrit
1940 2768 2009 2820 ”.

439 2856 582 2927 Ergo
642 2858 892 2913 idoneum
949 2858 1194 2926 piscandi
1249 2858 1494 2912 homines
1549 2869 1760 2928 tempus
1797 2867 2010 2925 nactus,

441 2965 617 3020 neque
652 2958 826 3003 tamen
851 2950 1040 3004 valens
1093 2949 1376 3005 manifesto
1419 2950 1731 3019 directoque
1763 2965 2013 3005 sermone

437 3040 711 3095 Christum
741 3042 904 3095 Deum
934 3041 1252 3110 prtedicare,
1309 3040 1432 3108 quia
1491 3040 1564 3093 illi
1597 3041 1804 3096 scilicet
1852 3039 2012 3109 paulo
2036 3079 2080 3136 Ο

439 3142 565 3184 ante
593 3132 735 3185 hunc
757 3132 1162 3195 crucifixerant,
1223 3130 1619 3197 molestumque
1680 3132 1787 3186 illis
1825 3131 2010 3202 hujus-

441 3223 581 3276 modi
630 3223 899 3288 negotium
958 3222 1266 3285 accidisset,
1327 3221 1463 3287 celo,
1508 3221 1700 3290 inquit,
1747 3223 2013 3278 sermonis

441 3313 682 3376 ltamnm,
718 3312 876 3366 sicuti
915 3312 970 3364 fit
999 3311 1210 3379 objecta
1234 3311 1469 3380 piscibus
1505 3325 1653 3379 esca,
1687 3312 1788 3368 sub
1820 3315 2010 3367 horum

439 3403 728 3456 verborum
771 3401 1090 3464 humilitate,
1113 3411 1166 3456 et
1192 3399 1374 3456 Jesum
1401 3399 1745 3456 Nazarenum
1788 3403 2012 3458 nomino

441 3503 602 3563 atque
645 3494 986 3558 crucifixum,
1024 3503 1074 3547 et
1105 3495 1247 3563 quod
1286 3495 1425 3548 Deus
1473 3494 1646 3561 ipsum
1696 3508 1727 3548 e
1784 3496 2012 3550 mortuis

439 3585 801 3648 suscitaverit;
826 3592 986 3652 atque
1016 3584 1086 3637 ita
1119 3599 1224 3638 non
1255 3583 1372 3637 sine
1405 3584 1669 3638 velamine
1703 3584 1890 3654 iugero
1913 3600 2013 3640 nec

439 3679 556 3732 sine
581 3687 697 3732 arte
726 3679 957 3747 quadam
996 3677 1350 3745 theologicam
1390 3676 1534 3730 illius
1599 3677 1870 3731 notitiam.
1920 3677 2012 3731 Et-

439 3771 584 3824 enim
611 3769 827 3824 Davidis
867 3769 1030 3824 verba
1067 3769 1118 3822 in
1154 3777 1390 3823 mentem
1423 3768 1555 3837 ipsis
1605 3783 1821 3832 revoco,
1873 3783 2012 3838 quo-

439 3861 584 3914 niam
610 3860 709 3914 viri
741 3859 884 3914 illius
913 3859 1090 3928 potius
1143 3858 1362 3913 oracula
1404 3859 1523 3914 sine
1579 3857 1890 3927 suspicione
1923 3861 2013 3913 ad-

438 3951 756 4015 mittebant;
819 3965 1023 4021 perque
1085 3963 1146 4004 ea
1212 3965 1337 4004 mox
1420 3949 1604 4005 omnia
1669 3947 1764 4004 Dei
1823 3949 2008 4004 virtuti

437 4043 698 4108 attribuo,
730 4050 790 4096 ut
819 4041 896 4096 sic
937 4041 1195 4110 paulatim
1229 4039 1443 4096 Judaeos
1491 4039 1687 4095 faciam
1715 4039 2010 4096 salutarem

437 4136 732 4190 doctrinam
774 4135 1048 4202 recipere:
1082 4149 1190 4204 quo
1215 4132 1380 4198 facto,
1411 4132 1585 4201 iisque
1634 4133 1700 4186 ad
1747 4147 2012 4203 compun-

437 4228 670 4282 ctionem
709 4227 1005 4291 conversis,
1030 4223 1364 4278 manifestius
1389 4225 1580 4279 deinde
1626 4223 1795 4278 Deum
1830 4224 2010 4293 ipsum

437 4319 752 4372 demonstro
809 4332 906 4386 per
955 4313 1419 4394 hujusbaptismi
1494 4313 1547 4367 in
1625 4313 1742 4384 ejus
1793 4316 2011 4370 nomine

2120 1849 2320 1914 ζόντων
2349 1849 2480 1903 υἱῶν
2501 1850 2656 1903 Θεοῦ·
2683 1850 2745 1902 οὐ
2766 1850 2875 1920 γὰρ
2903 1849 3088 1912 ἁπλῶς
3112 1845 3287 1912 εἶπεν,
3315 1849 3387 1900 Σῦ
3412 1849 3536 1911 Υἱὸς
3557 1849 3698 1902 Θεοῦ

2119 1937 2188 2006 εῐ,
2214 1941 2370 2007 ἀλλὰ,
2391 1961 2407 1993 ι
2427 1942 2498 1995 Σὺ
2514 1935 2564 1994 εἷ
2589 1944 2616 1994 ό
2640 1941 2769 2004 Υἱὸς
2801 1940 2894 1994 τοῦ
2926 1941 3080 1994 Θεοῦ·
3115 1959 3134 1992 ι
3160 1943 3192 2011 ἡ
3227 1941 3335 2010 γάρ
3364 1939 3456 1993 τοῦ
3486 1940 3696 2011 ἄρθρου

2118 2034 2400 2105 προσθήκη
2439 2033 2516 2104 1)
2551 2033 2789 2087 δείκνυσι
2821 2033 2912 2086 τὸν
2937 2032 3034 2085 ἕνα
3083 2033 3177 2086 καὶ
3218 2032 3378 2102 μόνον
3437 2031 3700 2101 ἀληθινὸν

2117 2125 2245 2178 Υἰὸν
2277 2125 2611 2196 ὁμολογῆσαι
2639 2125 2729 2178 τὸν
2757 2126 2982 2195 Πέτρον.
3017 2124 3163 2196 Πρὸς
3203 2123 3374 2176 ταῦτα
3422 2122 3478 2175 δὲ
3517 2123 3696 2176 τοιού-

2115 2233 2228 2279 τοις
2273 2217 2556 2287 μονονουχὶ
2591 2216 2753 2279 αὑτὸς
2779 2219 2807 2268 ό
2841 2215 3110 2287 μακάριος
3143 2215 3348 2286 Πέτρος
3379 2215 3698 2284 ἀπήντησεν

2114 2307 2181 2360 ἂν
2221 2309 2490 2378 ῥήμασιν⁹
2523 2308 2614 2378 Μὴ
2659 2307 2822 2362 τοῦτο
2867 2307 3127 2378 νομίσητέ
3165 2324 3231 2378 με
3264 2307 3578 2378 εἰρηκέναι,
3610 2307 3696 2359 ὅτι

2115 2414 2222 2467 περ
2268 2399 2553 2470 ἄνθρωπος
2597 2390 2718 2452 καθ’
2747 2400 2895 2470 ἡμᾶς
2927 2393 3006 2462 εἷς
3045 2401 3191 2452 ἐστιν
3245 2400 3274 2452 ό
3317 2400 3590 2470 Χριστός·
3629 2399 3698 2450 οὐ

2114 2487 2270 2540 τοῦτό
2305 2489 2452 2541 ἐστιν
2480 2491 2508 2543 ὅ
2539 2506 2718 2560 φημι·
2754 2491 2984 2560 πρᾶγμα
3012 2490 3068 2543 δέ
3094 2507 3147 2554 τι
3175 2491 3445 2560 οίκονομῶ
3478 2491 3692 2560 θαυμα-

2117 2580 2262 2644 στὸν,
2289 2581 2384 2634 καὶ
2412 2579 2717 2652 παράδοξον
2735 2599 2746 2612 ⁸
2778 2582 2873 2634 καὶ
2905 2585 3056 2634 ποῖον
3084 2581 3243 2634 τοῦτό
3271 2584 3420 2646 ἐστι;
3449 2583 3529 2652 Τῇ
3557 2580 3696 2635 καθ-

2113 2673 2219 2744 όδῳ
2246 2672 2339 2726 τοῦ
2374 2673 2692 2745 Πνεύματος
2723 2674 3081 2746 περιηχηθεὶς
3104 2673 3214 2728 τῶν
3255 2674 3525 2728 Ἰουδαίων
3545 2676 3573 2726 ὁ
3603 2673 3697 2744 δῆ-

2117 2779 2245 2832 μος,
2309 2763 2642 2834 συνέδραμεν
2709 2764 2845 2835 πρὸς
2895 2766 3069 2834 ἡμᾶς·
3131 2763 3307 2835 εὑρὼν
3357 2761 3450 2817 οὖν
3502 2763 3697 2834 καιρὸν

2115 2854 2301 2917 ἁλείας
2347 2855 2649 2926 ἀνθρώπων
2686 2851 2824 2908 εἶναι
2869 2856 3023 2923 τότε,
3073 2853 3190 2910 εἶτα
3221 2856 3475 2924 φανερῶς
3510 2857 3698 2918 αὐτοῖς

2115 2945 2208 2998 καὶ
2234 2946 2327 2999 ἀπ’
2355 2946 2570 3010 εὐθείας
2597 2947 2658 2999 οὐ
2690 2946 2987 3017 δυνάμενος
3016 2947 3108 3000 τὸν
3134 2947 3370 3018 Χριστὸν
3398 2946 3470 2999 Θε
3483 2963 3533 2999 λν
3561 2947 3693 2998 ἀνα-

2115 3037 2434 3108 κηρύττειν,
2469 3036 2701 3109 ἐπείπερ
2744 3038 2904 3091 αὐτὸν
2934 3039 3040 3109 πρὸ
3073 3038 3252 3106 ὀλίγου
3280 3035 3696 3107 σταυρώσαντες

2114 3124 2275 3198 ἦσαν,
2295 3129 2388 3182 καὶ
2415 3129 2553 3200 βαρὺ
2575 3131 2759 3194 αὐτοῖς
2779 3131 2866 3184 διὰ
2893 3129 3051 3182 τοῦτο
3071 3130 3130 3184 τὸ
3159 3132 3391 3201 πρᾶγμα
3419 3129 3694 3198 ἐφαίνετο,

2116 3219 2344 3290 κρύπτω
2374 3220 2440 3273 τὸ
2469 3221 2765 3293 ἄγκιστρον
2793 3221 2887 3274 τοῦ
2919 3221 3112 3289 λόγου,
3159 3221 3412 3292 καθάπερ
3463 3223 3556 3274 ἐπὶ
3586 3218 3699 3274 των

2116 3311 2315 3380 ἰχθύων
2359 3314 2426 3383 τῇ
2471 3313 2682 3384 τροφῇ,
2717 3315 2832 3375 τοῖς
2865 3312 3286 3383 ταπεινωτέροις
3327 3311 3541 3375 τούτοις
3592 3313 3696 3382 ῥή-

2118 3421 2286 3474 μασι,
2338 3404 2433 3456 καὶ
2486 3403 2576 3456 τὸν
2628 3403 2832 3472 Ἰησοῦν
2881 3404 3203 3474 Ναζωραῖον
3261 3403 3544 3472 ὀνομάζω,
3601 3404 3697 3456 καὶ

2114 3493 2554 3565 ἐσταυρωμένον,
2591 3494 2686 3547 καὶ
2717 3495 2798 3547 ὅτι
2827 3496 2854 3546 b
2883 3494 3014 3556 Θεὸς
3047 3495 3269 3564 ἤγειρεν
3308 3494 3472 3546 αὑτὸν
3504 3494 3568 3545 ἐκ
3611 3511 3699 3545 νεο

2115 3586 2284 3656 κρῶν,
2342 3585 2438 3638 καὶ
2487 3584 2629 3638 οὕτω
2691 3586 3120 3656 κεκαλυμμένως
3167 3586 3406 3654 εἰσφέρω
3458 3585 3551 3637 καὶ
3597 3584 3699 3654 τὴν

2115 3675 2392 3744 θεολογίαν
2443 3675 2646 3739 αὑτοῦ,
2689 3676 2783 3729 καὶ
2827 3675 3032 3745 ταύτην
3082 3677 3222 3745 μετά
3267 3692 3411 3738 τινος
3463 3675 3699 3744 τέχνηςο

2113 3768 2241 3830 τοὺς
2278 3768 2385 3838 γὰρ
2412 3767 2578 3820 Δαὸὶδ
2627 3767 2826 3830 αὐτοὺς
2871 3767 3278 3838 ὑπομιμνῄσκω
3303 3766 3520 3835 λόγους,
3553 3766 3702 3818 ἐπεί-

2114 3877 2221 3930 περ
2259 3861 2328 3914 τὰ
2365 3858 2579 3912 ἐκείνου
2614 3858 2814 3930 μᾶλλον
2841 3859 3170 3922 ἀνυπόπτως
3200 3857 3467 3928 ἐδέχοντο,
3494 3857 3591 3912 καὶ
3630 3858 3698 3911 δι’

2113 3950 2342 4004 ἐκείνων
2385 3949 2550 4004 πάλιν
2596 3953 2664 4022 τῇ
2709 3949 2806 4004 τοῦ
2853 3948 2989 4004 Θεοῦ
3033 3948 3262 4020 δυνάμει
3305 3949 3366 4002 rb
3418 3950 3529 4004 πᾶν
3573 3950 3704 4003 ἀνα-

2113 4041 2341 4113 τίθημι,
2376 4042 2465 4096 ἵνα
2491 4041 2634 4096 οῦτω
2671 4042 2812 4097 κατὰ
2843 4041 3039 4112 μικρὸν
3064 4041 3263 4105 αὐτοὺς
3295 4041 3700 4108 καταδέξασθαι

2114 4133 2326 4203 ποιήσω
2348 4131 2408 4185 τὸ
2439 4132 2708 4203 σωτήριον
2738 4131 3029 4202 κήρυγμα·
3055 4124 3117 4184 οῦ
3147 4130 3212 4201 δὴ
3245 4117 3568 4201 γενομένου,
3602 4129 3702 4184 καὶ

2114 4224 2194 4286 εἰς
2235 4222 2529 4287 κατάνυξιν
2584 4222 2849 4277 ἐλθόντων
2895 4222 3095 4290 αὐτῶν,
3151 4222 3539 4293 φανερώτερόν
3578 4238 3699 4284 πως

2115 4315 2281 4369 αὐτὸν
2308 4313 2496 4367 λοιπὸν
2523 4313 2654 4366 Θεὸν
2689 4313 2943 4381 ἐπιδείξω
2966 4313 3053 4367 διὰ
3073 4316 3172 4385 τῆς
3197 4313 3294 4368 τοῦ
3322 4313 3705 4384 βαπτίσματος

437 4408 749 4464 conferendi
786 4406 1156 4470 indictionem,
1181 4407 1380 4460 docens
1405 4403 1565 4460 simul
1591 4405 1643 4460 vi
1694 4405 1853 4475 hujus
1889 4407 2004 4463 fieri

2120 4408 2304 4462 τούτου
2326 4409 2407 4470 εἰς
2429 4407 2491 4460 τὸ
2507 4407 2679 4479 ὄνομα
2692 4407 2857 4462 αὑτοῦ
2887 4408 3265 4480 προστάξεως,
3292 4407 3489 4476 ἄφεσιν
3516 4409 3702 4478 ἁμαρ·

436 4513 778 4570 peccatorttm
800 4499 1201 4554 remissionem.

507 4590 597 4647 2|.
624 4589 793 4644 Porro
823 4589 1193 4643 animadverte
1222 4587 1570 4657 apostolicam
1640 4589 2005 4658 prudentiam.

444 4697 464 4730 σ
505 4678 688 4734 Jesum
721 4679 852 4733 dicit
888 4679 1441 4742 Nazarenum,virum
1469 4679 1824 4749 approbatum
1851 4697 1878 4734 a
1901 4681 2008 4736 Deo

439 4769 583 4822 inter
612 4782 706 4821 vos
737 4769 1028 4824 virtutibus
1067 4780 1114 4824 et
1151 4769 1341 4842 ιήωί
1358 4771 1618 4841 prodigiis
1653 4779 1814 4841 atque
1841 4773 2010 4844 signis

439 4874 562 4928 quae
601 4873 697 4927 per
727 4872 847 4912 eum
876 4858 1002 4913 fecit
1032 4859 1174 4914 Deus
1203 4861 1254 4912 in
1287 4862 1462 4916 medio
1519 4862 1684 4916 vestri
1712 4862 1750 4916 ί.
1785 4882 1803 4914 ι
1857 4864 1923 4917 Et
1979 4879 2009 4918 a

438 4949 550 5005 Deo
585 4949 940 5020 approbatum
963 4950 1114 5015 dicit,
1140 4961 1194 5004 et
1229 4951 1394 5004 Deum
1430 4953 1541 5006 hate
1567 4967 1662 5020 per
1688 4953 1836 5008 illum
1865 4957 2008 5025 egis-

437 5059 520 5108 se,
558 5054 614 5098 ut
656 5043 815 5098 Patre
848 5043 1127 5097 nominato
1155 5044 1507 5110 persuaderet
1539 5044 1642 5097 illis
1695 5060 1803 5114 quo
1832 5046 2009 5116 ipsum

437 5148 653 5202 quoque
699 5131 880 5188 Jesum
911 5141 1074 5200 atque
1130 5129 1246 5198 ejus
1287 5145 1450 5200 opera
1487 5131 1856 5199 admitterent,
1913 5150 2012 5190 ceu

438 5223 550 5285 illo,
583 5225 632 5278 id
660 5233 743 5279 est
762 5222 939 5287 Patre,
967 5224 1282 5292 haecageute
1300 5235 1394 5290 per
1415 5220 1642 5276 Filium:
1668 5240 1686 5273 ‹
1708 5221 1838 5287 Qua:
1858 5222 2008 5287 fecit,

439 5314 534 5377 ait,
566 5331 661 5384 per
697 5316 871 5384 ipsum
907 5315 1066 5370 Deus.
1100 5333 1118 5367 ι
1147 5313 1346 5368 Deinde
1382 5324 1681 5368 memorata
1717 5329 1900 5381 cruce,
1930 5329 2012 5368 re-

511 5494 556 5528 ⁹⁶
585 5493 774 5548 Matth.
810 5509 922 5558 xvt,
959 5495 1044 5548 l5.
1119 5497 1163 5527 "
1187 5494 1307 5548 Act.
1341 5510 1398 5561 tt,
1432 5493 1464 5548 6
1492 5507 1642 5564 seqq.
1723 5494 1738 5524 ¹
1765 5492 1893 5548 ibid.
1921 5493 2012 5546 9.2.

2117 4500 2247 4555 τιῶν
2297 4500 2479 4562 αὐτοῖς
2521 4498 2713 4553 τούτου
2747 4499 3066 4571 χαρίζεσθαι
3113 4501 3414 4571 δυναμένου
3455 4500 3698 4566 διδάξας.

2186 4591 2292 4645 κα’,
2335 4593 2442 4646 Καὶ
2467 4593 2568 4664 ὅρα
2596 4592 2810 4646 σύνεσιν
2841 4592 3205 4662 ἁποστολικὴν
3226 4609 3240 4622 υ
3279 4611 3298 4644 r
3335 4590 3570 4662 Ἰησοῦν,
3604 4607 3704 4659 φη-

2118 4685 2226 4750 σὶν,
2253 4683 2343 4736 τὸν
2388 4684 2728 4756 Ναζωραῖον,
2761 4684 2928 4755 ἄνδρα
2967 4683 3423 4754 ἀποδεδειγμένον
3453 4684 3564 4737 ἀπὸ
3601 4681 3699 4734 τοῦ

2117 4775 2252 4827 Θεοῦ
2279 4775 2358 4837 είς
2388 4775 2534 4844 ὑμᾶς
2558 4775 2818 4846 δυνάμεσι
2847 4775 2941 4829 καὶ
2965 4775 3156 4846 τέρασι
3194 4775 3285 4826 καὶ
3321 4773 3595 4844 σημείοις,
3618 4765 3701 4833 οἷς

2119 4867 2375 4936 ἐποίησεν
2403 4865 2469 4918 δι’
2497 4865 2664 4919 αὑτοῦ
2695 4869 2722 4920 ό
2750 4867 2880 4931 Θεὸς
2908 4867 2967 4920 ἐν
3002 4867 3152 4938 μέσῳ
3187 4864 3365 4936 ὑμῶν.
3404 4883 3422 4916 ι
3452 4863 3565 4916 Καὶ
3590 4860 3700 4916 ἀπὸ

2118 4960 2252 5012 Θεοῦ
2307 4960 2753 5032 ἀποδεδειγμένον
2787 4960 2952 5030 λέγει,
2985 4960 3079 5014 καὶ
3127 4959 3220 5012 τὸν
3259 4959 3391 5012 Θεὸν
3419 4957 3595 5011 ταῦτα
3632 4955 3700 5008 δι’

2120 5051 2284 5105 αὐτοῦ
2313 5052 2684 5122 ἐνεργήσαντα
2709 5093 2722 5116 ,
2753 5053 2841 5106 ἵνα
2866 5055 2931 5124 τῇ
2974 5051 3066 5104 τοῦ
3097 5051 3310 5122 Πατρὸς
3354 5049 3705 5120 προσηγορίᾳ

2123 5141 2286 5210 πείσῃ
2306 5142 2524 5207 αὐτοὺς,
2548 5141 2642 5196 καὶ
2661 5142 2821 5195 αὐτὸν
2835 5141 2924 5195 τὸν
2941 5141 3147 5213 Ἰησοῦν
3169 5141 3260 5193 καὶ
3283 5139 3354 5194 τὸ,
3375 5140 3516 5211 ἔργα
3534 5137 3702 5192 αὑτοῦ

2120 5231 2534 5297 καταδέξασθαι,
2568 5234 2642 5296 ὡς
2671 5234 2880 5287 ἐκείνου
2907 5233 2972 5285 δι’
3004 5231 3169 5285 αὐτοῦ
3195 5231 3366 5284 ταῦτα
3397 5229 3700 5290 ποιοῦντος,

2119 5319 2261 5388 λέγω
2290 5321 2353 5393 δὴ
2383 5323 2476 5376 τοῦ
2511 5325 2753 5396 Πατρός·
2792 5344 2809 5376 ι
2840 5318 2934 5388 Οἷς
2955 5322 3207 5393 ἐποίησεν
3243 5322 3371 5391 γὰρ,
3406 5321 3599 5391 φησὶν,
3637 5316 3704 5371 δι’

510 5657 588 5729 (l)
625 5655 772 5712 Hanc
819 5654 1225 5724 significativam
1281 5656 1386 5709 vim
1427 5655 1585 5710 habet
1639 5653 1741 5708 huc
1794 5653 1911 5709 loco
1951 5651 2169 5709 Graecus
2207 5652 2458 5707 articulw
2503 5660 2510 5667 '
