4014 6128
343 305 441 360 281

1442 303 1630 370 QUOD
1663 306 1723 360 Β.
1767 306 1983 363 MARIA
2027 309 2133 364 SIT
2176 310 2498 367 DEIPARA.

3483 299 3591 354 282

345 416 515 472 αὐτοῦ
548 417 580 471 6
611 416 763 481 Θεός.
791 433 808 468 t
840 412 974 470 Εἶτα
1006 414 1100 470 τοῦ
1130 415 1363 488 σταυροῦ
1393 420 1793 490 μνημονεύσας,
1827 420 1922 474 καὶ

2047 426 2419 480 utrrectionem
2451 435 2664 494 quoque
2696 421 2749 474 iu
2799 417 3034 472 medium
3085 415 3324 478 adducit,
3367 422 3422 467 et
3449 419 3592 467 hanc

345 509 449 579 τὴν
483 507 784 561 ἀνάστασιν
829 505 1071 578 είσφέρει
1093 548 1108 572 ,
1143 507 1242 560 καὶ
1282 505 1484 578 ταύτην
1532 510 1608 574 ὡς
1640 509 1794 580 παρά
1831 509 1924 563 τοῦ

351 597 570 669 Πατρὸς
618 597 777 651 πάλιν
821 597 1235 668 γεγενημένην,
1275 599 1364 652 ἵνα
1397 599 1484 653 διὰ
1527 599 1717 653 τούτου
1764 600 1926 655 πάλιν

351 687 447 742 καὶ
483 686 651 757 αὐτὴν
687 685 884 748 αὐτοὺς
931 685 1330 752 καταδέξασθαι
1359 690 1587 760 ποιήσῃ*
1625 691 1720 744 καὶ
1743 690 1928 744 λοιπὸν

351 778 542 846 ὥσπερ
567 776 997 847 κεκαλυμμένως
1032 777 1215 840 αὐτοῖς
1243 779 1338 832 καὶ
1374 779 1474 849 τὴν
1501 779 1783 848 θεολογίαν
1811 782 1926 834 είσ-

355 872 531 942 φέρει·
561 869 801 940 εἰρηκὼς
830 868 962 939 γὰρ,
986 888 1002 919 t
1021 869 1117 921 Ὃν
1135 869 1164 921 6
1183 869 1314 933 Θεὸς
1329 871 1625 940 ἀνέστησεν
1643 870 1808 936 λύσας
1830 871 1929 935 τὰς

357 963 544 1026 ὠδῖνας
562 962 656 1014 τοῦ
679 961 967 1023 θανάτου,ι
991 959 1206 1028 ὲπάγει’
1245 978 1264 1012 ‹
1288 962 1424 1015 Καθ’
1445 962 1527 1016 ὅτι
1547 963 1646 1015 οὐκ
1674 957 1744 1033 ἦν
1768 963 1928 1016 δυνα-

357 1055 442 1107 τὸν
471 1052 792 1123 κρατεῖσθαι
825 1051 989 1105 αὐτὸν
1023 1051 1115 1103 ὑπ’
1139 1052 1326 1105 αὑτοῦ.
1367 1071 1385 1105 ›
1413 1051 1611 1107 Οὐκέτι
1641 1053 1826 1107 λοιπὸν
1855 1055 1929 1117 ώς

359 1144 486 1216 περὶ
507 1142 794 1214 ἀνθρώπου
812 1141 970 1196 τοῦτο
989 1159 1002 1172 ·
1018 1144 1064 1195 εί
1081 1142 1187 1213 γὰρ
1206 1143 1301 1197 ἄνθ
1312 1160 1490 1213 ρωπος
1507 1139 1594 1214 ἦν,
1613 1145 1828 1207 πάντως
1848 1146 1929 1198 ὅτι

357 1236 449 1288 καὶ
474 1232 791 1306 κρατεῖσθαι
819 1231 1050 1302 ἠδύνατο
1072 1233 1176 1285 ὑπὸ
1205 1233 1296 1286 τοῦ
1327 1233 1558 1287 θανάτου
1574 1251 1588 1265 ⁸
1612 1235 1749 1288 ἀλλὰ
1772 1235 1932 1288 τοῦτο

359 1325 595 1394 εἰρηκὼς
621 1363 635 1388 ,
669 1321 1008 1392 καταφεύγει
1052 1323 1262 1393 ταχέως
1307 1324 1401 1377 ἐπὶ
1439 1323 1538 1394 τὴν
1585 1324 1931 1394 προφητικὴν

362 1413 689 1485 μαρτυρίαν,
714 1410 802 1464 ἵνα
834 1411 1032 1482 μηκέτι
1056 1411 1132 1472 ώς
1155 1413 1285 1480 παρ’
1318 1411 1506 1476 αὐτοῦ,
1529 1413 1663 1466 ἀλλὰ
1681 1413 1757 1476 ὡς
1782 1414 1932 1485 παρά

358 1505 454 1558 τοῦ
487 1504 771 1576 προφήτου
807 1502 1006 1572 μᾶλλον
1052 1501 1364 1567 ἀκούοντες,
1396 1503 1806 1574 προθυμότερον
1844 1504 1932 1557 δέ-

362 1596 563 1662 ξωνται
595 1593 658 1647 τὸ
680 1593 1001 1663 λεγόμενον·
1038 1591 1133 1643 καί
1169 1607 1366 1662 φησιν’
1403 1611 1420 1642 ι
1449 1590 1614 1645 Δαϐὶδ
1643 1593 1753 1663 γὰρ
1783 1593 1934 1660 λέγει

359 1688 444 1749 είς
462 1684 623 1740 αὐτόν
641 1700 653 1714 °
677 1681 1065 1754 Προεωρώμην
1089 1681 1181 1735 τὸν
1213 1679 1420 1750 Κύριον
1445 1681 1674 1736 ἐνώπιόν
1707 1701 1808 1752 μου
1845 1683 1934 1737 διὰ

2028 513 2154 567 item
2186 523 2437 584 tanquam
2471 529 2500 567 a
2541 511 2702 564 Patre
2736 507 3020 574 effectam;
3061 516 3121 559 ut
3170 503 3592 559 resurrectionis

2028 620 2190 660 causa
2219 621 2432 660 crucem
2467 617 2679 673 quoque
2707 603 2774 656 ab
2797 602 2864 655 iis
2893 598 3101 653 admitti
3145 603 3383 651 curaret.
3442 592 3595 646 Dein-

2029 704 2154 760 ceps
2177 691 2457 747 veroclam
2483 691 2649 745 veluti
2701 689 2870 760 ipsius
2928 685 3287 755 theologicam
3344 681 3593 736 notitiam

2027 783 2290 839 insinuat.
2326 782 2460 837 Nam
2490 798 2613 837 cum
2640 783 2884 846 dixisset,
2904 799 2921 831 ι
2953 779 3120 847 Quem
3148 776 3290 830 Deus
3313 772 3597 828 suscitavit

2028 874 2217 930 solutis
2251 875 2442 929 mortis
2467 873 2766 936 doloribus,
2797 891 2815 925 ι
2854 871 3030 934 addit,
3054 889 3072 920 ‹
3105 868 3240 934 Quia
3265 862 3600 933 impossibile

2028 975 2146 1021 erat
2180 967 2322 1020 hunc
2349 965 2416 1019 ab
2447 965 2534 1019 illa
2565 965 2736 1020 teneri
2767 967 2810 1021 ¹.
2845 981 2863 1014 ι
2900 961 3038 1016 Ecce
3060 960 3200 1013 haud
3249 959 3360 1026 jam
3397 955 3598 1009 diutius

2031 1067 2287 1125 tanquam
2318 1055 2385 1110 de
2407 1055 2627 1110 homine
2653 1054 2891 1123 loquitur
2925 1071 2937 1106 :
2967 1066 3087 1105 nam
3119 1050 3164 1103 si
3196 1049 3356 1102 homo
3386 1045 3596 1106 fuisset,

2030 1161 2250 1215 prorsus
2314 1161 2342 1200 a
2376 1155 2550 1201 morte
2597 1145 2818 1199 retineri
2878 1149 3128 1212 poterat:
3162 1141 3279 1203 sed,
3307 1140 3410 1194 hoc
3431 1137 3597 1202 dicto,

2030 1235 2269 1306 coniugit
2297 1236 2479 1291 statim
2507 1236 2573 1289 ad
2591 1235 2959 1304 propheticum
2996 1230 3385 1294 testimonium,
3418 1227 3598 1294 utjam

2031 1344 2136 1381 non
2199 1328 2267 1381 ab
2327 1327 2462 1395 ipso,
2492 1329 2585 1380 sed
2653 1339 2683 1378 a
2751 1324 3014 1394 propheta
3086 1322 3262 1391 potius
3299 1319 3599 1382 audientes,

2030 1418 2330 1488 promptius
2358 1418 2501 1472 dicta
2544 1417 2874 1484 exciperent,
2907 1416 3132 1484 aitque:
3171 1430 3189 1463 ι
3241 1411 3407 1464 David
3459 1409 3602 1462 enim

2003 1509 2162 1563 'dicit
2208 1511 2274 1563 de
2309 1523 2402 1563 eo:
2433 1508 2787 1563 Providebam
2822 1507 3104 1562 Dominum
3136 1518 3315 1557 coram
3345 1517 3430 1555 me
3457 1513 3602 1556 sem-

2032 1599 2185 1670 ρει-³,
2226 1617 2244 1649 ›
2277 1608 2329 1652 et
2353 1599 2577 1667 reliqua.
2603 1598 2989 1652 Animadverte
3010 1603 3210 1664 quanto
3233 1593 3461 1646 artiﬁcio
3487 1605 3600 1643 ser--

2034 1704 2246 1744 monetn
2271 1689 2337 1743 de
2364 1689 2588 1743 Domino
2614 1691 2752 1757 apud
2789 1703 2884 1742 eos
2925 1686 3071 1740 facit.
3109 1684 3330 1746 Deinde,
3368 1681 3606 1734 testimo-

361 1775 564 1839 παντός
581 1791 596 1807 ο
632 1793 650 1825 ι
677 1775 766 1827 καὶ
794 1773 861 1827 τὰ
881 1772 1030 1842 ἑξῆς.
1049 1773 1190 1844 Ὅρα
1220 1771 1339 1841 μεθ’
1371 1772 1502 1842 ὅσης
1522 1773 1722 1844 τέχνης
1751 1775 1936 1840 αὑτοῖς

2047 1780 2126 1834 nio
2175 1779 2448 1844 absoluto,
2507 1795 2696 1834 rursus
2733 1779 2946 1833 illorum
2995 1775 3351 1844 cogitationes
3400 1783 3609 1840 compc-

361 1867 460 1936 τὴν
498 1863 855 1934 Κυριολογίαν
909 1863 1236 1931 εἰσήγαγεν
1313 1857 1432 1916 εἶτα
1478 1863 1576 1934 τὴν
1622 1866 1934 1936 μαρτυρίαν

363 1951 676 2023 πληρώσας,
705 1951 868 2006 πάλιν
906 1950 1086 2003 αὐτῶν
1120 1950 1308 2021 ῶσπερ
1345 1950 1437 2004 τὸν
1469 1950 1729 2022 λογισμὸν
1763 1970 1934 2006 κατα-

367 2043 621 2107 στέλλων,
658 2041 957 2112 ἐπειδήπερ
1013 2041 1387 2110 φανερώτερον
1438 2042 1597 2095 αὐτὸν
1645 2042 1936 2112 ὲθεολόγει,

364 2135 457 2187 ἐπὶ
483 2133 583 2203 τὴν
616 2131 710 2186 τοῦ
742 2132 954 2202 Πατρὸς
984 2131 1146 2184 πάλιν
1186 2132 1512 2202 κατατρέχει
1545 2136 1937 2205 προσηγορίαν,

365 2227 462 2280 καί
512 2240 704 2295 φησιν·
740 2241 760 2275 σ
806 2221 1091 2292 Ἀσφαλῶς
1140 2217 1232 2275 οὖν
1269 2223 1583 2290 γινωσκέτω
1629 2228 1738 2288 πᾶς
1788 2222 1938 2290 οἶκος

379 2317 614 2387 Ἰσραὴλ,
645 2319 727 2370 ὅτι
757 2317 852 2370 καὶ
873 2314 1080 2384 Κύριον
1106 2316 1200 2368 καὶ
1232 2315 1467 2387 Χριστὸν
1499 2316 1527 2367 ό
1550 2316 1681 2381 Θεὸς
1712 2317 1938 2388 ἐποίησε

367 2407 553 2461 τοῦτον
601 2409 693 2460 τὸν
749 2406 974 2478 Ἰησοῦν,
1020 2406 1080 2460 ὃν
1125 2407 1283 2476 ὑμεῖς
1329 2406 1734 2476 ἐσταυρώσατε·
1773 2427 1793 2460 ι
1845 2409 1940 2463 καὶ

371 2499 707 2568 αἰτησάντων
739 2498 922 2552 αὐτῶν
946 2497 1133 2552 λοιπὸν
1157 2497 1404 2560 ἐκείνων,
1438 2497 1492 2550 τί
1524 2498 1749 2568 ποιῆσαι
1777 2498 1941 2567 (Inpet-

371 2589 487 2652 λον,
532 2589 890 2660 βαπτισθῆναι
922 2590 1105 2652 αὐτοῖς
1131 2587 1463 2659 προσέταξεν
1496 2589 1587 2640 ἐπὶ
1613 2588 1692 2659 τῷ
1721 2590 1942 2659 ὀνόματι

381 2679 569 2744 αὑτοῦ,
601 2681 695 2732 καὶ
735 2681 928 2748 ἄφεσιν
963 2679 1243 2750 ἁμαρτιῶν
1275 2679 1363 2732 διὰ
1399 2679 1589 2732 τούτου
1615 2679 1939 2749 λαμϐάνειν·

2039 1887 2217 1936 scens,
2243 1872 2368 1941 quia
2405 1872 2676 1942 apertiore
2711 1870 2976 1938 theologia
3002 1870 3066 1923 de
3091 1866 3215 1921 Jesu
3246 1864 3455 1918 locutus
3501 1861 3611 1913 fue-

2039 1969 2143 2026 rat,
2178 1963 2244 2014 ad
2268 1959 2483 2015 Patrem
2512 1963 2686 2016 denuo
2719 1960 2974 2014 transfert
3029 1968 3354 2017 sermonem,
3381 1951 3560 2018 aitque
3591 1963 3605 2000 :

2047 2072 2065 2106 ι
2102 2053 2263 2109 Certo
2294 2053 2458 2124 igitur
2487 2053 2622 2107 sciat
2646 2053 2894 2106 universa
2921 2048 3136 2104 lsraelis
3193 2047 3383 2100 domus
3405 2081 3418 2107 ,
3469 2040 3611 2108 quod

2043 2153 2098 2200 et
2123 2144 2407 2199 Dominum
2434 2155 2489 2198 et
2517 2137 2809 2200 Christum
2844 2141 2982 2196 Deus
3027 2138 3220 2194 fecerit
3262 2137 3402 2189 hunc
3452 2145 3610 2199 quem

2047 2251 2146 2291 vos
2171 2236 2520 2292 crucilixistis
2555 2235 2740 2291 Jesum
2769 2237 2814 2290 ⁸.
2856 2253 2874 2286 ι
2905 2233 3016 2287 illis
3034 2245 3165 2285 vero
3195 2235 3377 2297 postea
3428 2236 3616 2290 rogan-

2047 2329 2193 2383 tibus
2217 2329 2342 2397 quid
2370 2329 2515 2384 factu
2561 2344 2697 2400 opus
2735 2335 2912 2390 esset,
2938 2321 3204 2393 baptizari
3226 2333 3320 2374 eos
3375 2314 3534 2388 jussit
3562 2311 3614 2364 in

2046 2417 2264 2471 nomine
2291 2417 2456 2483 illius,
2480 2427 2529 2471 et
2549 2427 2890 2487 peccatorum
2917 2413 3288 2468 remissionem
3341 2419 3436 2473 per
3461 2417 3616 2456 emu-

2047 2506 2170 2562 dem
2196 2508 2478 2577 recipere;
2507 2508 2825 2562 remissione
2858 2503 3104 2558 videlicet
3144 2506 3484 2569 peccatorum
3518 2505 3618 2543 ου·-

2039 2600 2356 2654 ‘ctoritatem
2369 2601 2447 2655 eis
2465 2599 2664 2656 Christi
2680 2596 2978 2662 suadens';
3000 2593 3178 2648 verbis
3197 2599 3400 2650 autem,
3429 2603 3447 2636 ι
3474 2583 3618 2638 Deus

2059 2685 2210 2754 fecit,
2239 2706 2258 2741 ι
2305 2689 2517 2743 illorum
2543 2688 3028 2744 contradictionem
3059 2681 3371 2736 excludens.

381 2772 446 2841 τῇ
476 2769 586 2822 τῶν
618 2769 898 2840 ἁμαρτιῶν
927 2770 1120 2838 ἀφέσει
1156 2769 1255 2840 τὴν
1307 2770 1599 2841 κυριότητα
1632 2771 1830 2836 αὐτοὺς
1872 2774 2122 2848 ἐννοῆσαι
2150 2779 2350 2835 ποιῶψ
2380 2780 2468 2835 διά
2518 2779 2575 2834 δὲ
2608 2778 2704 2832 τοῦ
2738 2779 2939 2846 λέγειν,
2962 2797 2981 2829 ι
3022 2777 3079 2829 '0
3107 2774 3240 2836 Θεὸς
3272 2769 3550 2840 ἐποίησεν,
3594 2784 3617 2819 ι

377 2859 476 2930 τὴν
503 2860 726 2913 ἐκείνων
762 2859 1069 2913 ἀποκλείων
1099 2859 1514 2928 ἐναντιολογίαν.

445 2950 554 3020 κβ’.
601 2951 724 3002 Ὅτι
771 2951 882 3020 γὰρ
928 2951 1240 3021 πρόσφατον
1275 2954 1408 3023 ἡμῖν
1453 2951 1661 3024 Κύριον
1697 2956 1725 3008 6
1765 2954 1956 3026 Πατὴρ

2133 2958 2223 3011 22.
2259 2956 2413 3023 Quod
2461 2964 2642 3010 autem
2693 2952 2836 3009 baud
2887 2966 3082 3006 novum
3132 2950 3418 3005 Dominum
3468 2948 3624 3004 nobis

375 3042 472 3096 οὐκ
505 3041 782 3110 ἐποίησεν,
809 3041 1001 3095 οὐδένα
1033 3038 1185 3112 οἶμαι
1229 3043 1337 3099 τῶν
1366 3043 1773 3115 εύφρονούντων
1826 3048 1944 3100 ἀντ-

2056 3049 2219 3104 Pater
2240 3048 2500 3111 effecerit,
2531 3047 2803 3100 neminem
2834 3057 2964 3098 sana
3005 3047 3183 3094 mente
3212 3038 3496 3108 prmditum
3527 3052 3623 3091 ne-

374 3133 542 3202 ερεῖν·
569 3132 664 3183 καὶ
684 3130 794 3201 γὰρ
815 3131 936 3200 οὐχ,
954 3130 1029 3194 ῶς
1051 3148 1196 3194 τινες
1211 3133 1451 3202 ἀνοήτως
1473 3135 1553 3196 είς
1575 3132 1673 3203 τὴν
1692 3132 1788 3187 τοῦ
1815 3132 1948 3203 Υίοῦ

375 3220 607 3290 θεότητα
639 3220 700 3273 τὸ
734 3220 896 3291 ῥητὸν
923 3221 1380 3291 ὲκλαμὸάνουσιν,
1410 3220 1586 3285 οὕτως
1612 3223 1855 3293 εἴρηκεν·
1886 3223 1948 3275 οὐ

373 3312 484 3382 γὰρ
537 3310 664 3380 περὶ
712 3311 809 3380 τῆς
844 3309 1127 3380 ὑπάρξεως
1159 3311 1324 3364 αὑτοῦ
1359 3313 1559 3374 σκοπὸς
1596 3307 1664 3382 ἦν
1696 3311 1776 3382 τῷ
1812 3312 1951 3365 ἀπο-

375 3403 547 3472 στόλῳ
577 3401 921 3469 διαλέγεσθαι
947 3441 960 3464 ,
1018 3402 1153 3455 ἀλλὰ
1185 3404 1314 3473 περί
1354 3403 1457 3472 τῆς
1507 3403 1646 3474 μετὰ
1683 3403 1780 3474 τὴν
1818 3403 1952 3457 ἀνά-

377 3507 563 3544 στασιν
591 3488 769 3560 δόξης.
791 3491 864 3543 Τὸ
892 3488 1006 3556 οὖν,
1036 3510 1052 3541 ι
1080 3492 1287 3562 Κύριον
1313 3492 1472 3545 αὐτὸν
1496 3493 1802 3563 ἐποίησεν.»
1831 3493 1953 3546 ἀντὶ

374 3582 818 3652 τοῦ,Κυριότητα
847 3583 940 3634 καὶ
958 3581 1196 3652 Χριστοῦ
1224 3581 1379 3647 δόξαν
1407 3581 1556 3650 αὐτῷ
1581 3582 1831 3635 δέδωκεν·
1855 3582 1953 3651 οὐχ

375 3673 462 3726 ὃτι
500 3670 657 3734 δόξαν
693 3670 987 3741 ἐπίκτητον
1016 3671 1208 3724 ἐλαϐεν
1236 3672 1264 3724 ὁ
1294 3671 1441 3737 Υἱὸς,
1475 3672 1589 3725 ἀλλ’
1617 3673 1843 3735 ἐκείνοις
1867 3672 1955 3726 διὰ

373 3763 476 3833 τὴν
525 3764 932 3833 προειρημένην
979 3762 1292 3832 οἰκονομίαν
1333 3761 1504 3826 οὕτως
1553 3763 1954 3834 διαλεγόμενος,

372 3851 460 3904 ὅτι
489 3849 647 3904 Οῦτω
692 3849 978 3911 πιστεύειν,
1013 3851 1094 3913 είς
1126 3850 1288 3903 αὐτὸν
1325 3849 1591 3919 ὀφείλετε,
1628 3853 1704 3914 ώς
1734 3851 1957 3923 Χριστῷ

373 3943 474 3998 καὶ
504 3942 694 4014 Κυρίῳ
710 3942 1048 4014 προσιόντες.
1081 3942 1206 3996 Ὅτι
1236 3941 1345 4013 γὰρ
1376 3942 1478 3996 οὐκ
1511 3942 1800 4014 ἄνθρωπος
1832 3943 1954 3998 καθ’

372 4035 530 4105 ἡμᾶς
561 4032 958 4103 γεγεννημένος
1004 4033 1168 4104 χωρὶς
1218 4033 1318 4103 τῆς
1361 4032 1457 4088 τοῦ
1487 4033 1666 4102 Λόγου
1711 4032 1957 4099 ὲνώσεως

388 4125 603 4197 Ἰησοῦς
627 4128 655 4178 6
678 4125 1021 4197 Ναζωραῖος,
1042 4126 1071 4178 6
1098 4124 1160 4177 τὸ
1185 4124 1317 4178 τδιον
1344 4125 1486 4195 ὑπὲρ
1515 4125 1672 4197 ήμῶν
1695 4120 1833 4199 αἷμα
1861 4129 1957 4182 ὲκ-

373 4215 598 4290 χεῖσθαι
631 4217 1085 4288 καταδεξάμενος,
1111 4217 1277 4272 ἄκουε
1307 4219 1498 4288 σαφῶς
1528 4220 1623 4275 τοῦ
1656 4222 1957 4277 ἀποστόλου

374 4309 602 4364 Παύλου
652 4311 764 4373 τοῖς
817 4309 1082 4378 Ἐφεσίων
1113 4309 1456 4375 διδασκάλοις
1503 4312 1661 4368 τοῦτο
1705 4315 1959 4387 φανερῶς

2052 3149 2300 3210 gaturum
2330 3148 2484 3209 puto.
2514 3136 2630 3192 Non
2663 3137 2829 3199 enim,
2859 3143 2916 3188 ut
2947 3130 3162 3201 quidam
3202 3128 3519 3197 insipienter
3543 3127 3625 3180 dio

2053 3241 2198 3285 ctum
2228 3233 2330 3287 hoc
2360 3231 2426 3286 de
2452 3231 2573 3284 Filii
2612 3227 2904 3283 divinitate
2934 3223 3261 3291 intelligunt,
3307 3218 3379 3272 ita
3415 3218 3624 3270 locutus

2051 3332 2163 3379 est:
2186 3339 2361 3392 neque
2377 3323 2446 3378 de
2467 3321 2588 3375 Filii
2617 3317 2937 3374 exsistentia
2963 3315 3105 3382 loqui
3129 3309 3417 3381 Apostolus
3434 3305 3628 3378 1441

2055 3415 2156 3469 sibi
2186 3414 2493 3483 praposuit,
2520 3413 2612 3467 sed
2638 3413 2700 3464 de
2733 3409 2848 3478 ejus
2877 3414 2998 3474 post
3029 3403 3481 3458 resurrectionem
3510 3400 3627 3467 glo-

2055 3506 2154 3558 ria.
2187 3505 2328 3574 Ergo
2361 3505 2545 3568 verba,
2581 3519 2600 3552 ι
2625 3501 2908 3554 Dominum
2950 3510 3071 3551 eum
3119 3492 3264 3557 fecit,
3306 3509 3325 3542 ι
3376 3491 3630 3544 dicuntur

2053 3607 2188 3663 pro,
2223 3593 2646 3647 Dominatumet
2670 3585 2873 3640 Christi
2923 3582 3148 3653 gloriam
3197 3580 3296 3648 ipsi
3341 3575 3626 3630 attribuit:

2059 3700 2168 3740 non
2198 3685 2338 3754 quod
2391 3681 2710 3752 acquisitam
2754 3676 2978 3746 gloriam
3007 3673 3177 3727 Filius
3207 3669 3498 3739 acceperit,
3535 3664 3629 3719 scd

2057 3774 2258 3830 Iudaeis
2287 3775 2585 3831 secundum
2622 3770 2938 3839 pratdictam
2971 3761 3430 3833 dispensationem
3456 3759 3527 3811 ita
3554 3755 3632 3808 lo-

2058 3867 2266 3936 quitur,
2304 3865 2431 3935 quia
2466 3863 2546 3918 sic
2581 3861 2806 3916 credere
2837 3858 2888 3912 ei
2925 3855 3205 3917 deberent,
3242 3861 3300 3904 ut
3329 3847 3532 3902 Christi
3569 3860 3633 3898 ac

2059 3958 2276 4014 Domini
2315 3955 2427 4025 jam
2461 3954 2593 4008 factt
2651 3949 2894 4006 asseclae.
2943 3945 3094 4011 Quod
3138 3941 3281 3998 enim
3329 3953 3434 3994 non
3472 3939 3634 3991 homo

2059 4061 2211 4103 more
2241 4023 2428 4100 nostro
2458 4042 2690 4112 genitus,
2738 4039 2858 4094 sine
2884 4035 3050 4092 Verbi
3082 4033 3304 4094 unione,
3339 4027 3496 4083 Jesus
3523 4023 3634 4079 Na-

2061 4151 2295 4194 zarenus
2347 4136 2440 4199 sit,
2481 4131 2574 4204 qui
2610 4147 2708 4201 pro
2747 4128 2906 4185 nobis
2959 4124 3281 4194 sanguinem
3317 4133 3473 4174 suum
3507 4115 3633 4204 iuno

2061 4228 2194 4283 dere
2222 4240 2331 4281 non
2366 4224 2662 4288 recusavit,
2695 4218 2818 4275 audi
2851 4213 3135 4272 manifeste
3164 4206 3467 4280 apostolum
3500 4203 3636 4258 Ροιιο

2065 4318 2177 4372 lum
2213 4329 2399 4372 coram
2437 4312 2792 4383 Ephesiorum
2831 4304 3106 4377 magistris
3147 4302 3323 4373 palam
3355 4296 3633 4352 allirman~

375 4400 790 4463 καθιστῶντος’
829 4420 846 4452 t
881 4400 1187 4470 Προσέχετε
1219 4401 1348 4470 γὰρ,
1391 4402 1554 4473 φησὶ,
1608 4383 1822 4470 ἑαυτοῖς
1848 4383 1944 4459 ’κατ

2068 4417 2210 4462 tem:
2247 4425 2266 4458 ι
2298 4405 2604 4468 Attendite,
2646 4401 2837 4471 inquit,
2881 4397 3035 4452 vobis
3091 4402 3146 4450 et
3179 4391 3431 4446 universo
3463 4384 3628 4455 gregi,

375 4493 548 4545 παντὶ
576 4489 653 4562 τῷ
690 4491 944 4562 ποιμνίῳ,
973 4492 1031 4544 ὲν
1069 4484 1113 4558 ᾧ
1154 4493 1296 4561 ὑμᾶς
1327 4493 1388 4545 τὸ
1437 4495 1662 4564 Πνεῦμα
1697 4496 1758 4548 τὸ
1798 4497 1956 4566 ἅγιον

373 4582 538 4638 ἔθετο
588 4582 920 4644 ἐπισκόπους
947 4621 962 4645 ,
994 4583 1306 4652 ποιμαίνειν
1338 4583 1436 4654 τὴν
1493 4584 1820 4655 Ἐκκλησίαν
1860 4587 1955 4640 τοῦ

372 4671 544 4736 Θεοῦ,
573 4673 640 4743 ἣν
673 4674 1100 4743 περιεποιήσατο
1127 4673 1216 4726 διὰ
1247 4672 1340 4726 τοῦ
1370 4674 1601 4744 αἳματος
1626 4676 1719 4729 τοῦ
1750 4676 1905 4730 ίδίου.
1935 4695 1954 4728 ι

386 4764 643 4828 Ἀκούεις
659 4763 790 4817 Θεὸν
808 4763 1056 4834 φανερῶς
1073 4764 1176 4818 ὑπὸ
1192 4764 1286 4818 τοῦ
1313 4766 1636 4819 Ἀποστόλου
1665 4767 1755 4821 τὸν
1776 4771 1963 4822 ἐσταυ-

376 4857 634 4930 ρωμένον
674 4857 1110 4927 κηρυττόμενον;
1160 4858 1476 4928 Ποιμαίνειν
1523 4859 1632 4930 γάρ
1671 4878 1835 4930 φησιν
1859 4860 1962 4930 τὴν

387 4949 728 5018 Ἐκκλησίαν
754 4949 849 5001 τοῦ
884 4948 1040 5015 Θεοῦ,
1077 4950 1142 5018 ἣν
1169 4951 1597 5020 περιεποιήσατο
1623 4951 1710 5004 διὰ
1737 4950 1832 5004 τοῦ
1873 4949 1957 5004 αἴ-

376 5057 558 5112 ματος
608 5039 702 5092 τοῦ
728 5039 880 5092 ίδίουο
919 5041 1017 5108 οὐχ
1045 5040 1126 5092 ὅτι
1151 5042 1218 5109 τῇ
1238 5040 1395 5109 φύσει
1421 5044 1519 5111 τῆς
1551 5041 1801 5111 θεότητος
1821 5041 1958 5093 ἐπα-

374 5148 536 5201 σχεν,
565 5128 681 5182 ἀλλ’
709 5130 790 5181 ὅτι
825 5127 895 5181 τὰ
936 5128 1035 5196 τῆς
1080 5129 1279 5198 σαρκὸς
1310 5129 1472 5182 αὑτοῦ
1501 5130 1649 5199 πάθη
1683 5133 1760 5194 είς
1797 5129 1959 5183 αὐτὸν

373 5222 745 5292 ἀναφέρεται,
767 5220 856 5272 διὰ
880 5219 941 5271 τὸ
973 5219 1046 5289 μὴ
1079 5219 1364 5289 ἀνθρώπου
1396 5222 1540 5285 τινὸς
1571 5218 1708 5275 εῖναι
1733 5221 1958 5292 ταύτην,

373 5315 500 5367 ἀλλ’
534 5314 702 5368 αὐτοῦ
737 5312 832 5365 τοῦ
877 5311 1046 5377 Λόγου
1085 5311 1219 5364 ἰδίαν
1247 5315 1446 5383 σάρκα.
1483 5313 1546 5366 Εἰ
1593 5314 1774 5366 τοίνυν
1824 5313 1959 5365 Θεοῦ

373 5400 526 5474 αἷμα
547 5405 608 5458 τὸ
638 5399 779 5474 αἷμα
807 5403 1045 5470 λέγεται,
1072 5400 1228 5470 δῆλον
1253 5404 1326 5468 ῶς
1352 5406 1484 5470 Θεὸς
1510 5401 1577 5476 ἦν
1606 5407 1785 5476 σάρκα
1807 5422 1962 5475 περι-

378 5498 662 5568 κείμενος.

461 5676 620 5728 Ἀρι.
640 5687 700 5737 ιι,
741 5670 828 5724 2i.
911 5671 928 5700 ⁸
960 5670 1087 5726 ibid.
1119 5670 1208 5725 25.
1286 5672 1457 5728 ‘ibid.
1499 5672 1585 5728 56,

2065 4498 2118 4552 in
2150 4513 2256 4566 quo
2286 4512 2384 4553 vos
2405 4494 2644 4565 Spiritus
2671 4497 2899 4548 sanctus
2929 4486 3109 4559 posuit
3130 4484 3412 4552 episc0pos
3445 4488 3635 4544 regere

2066 4588 2366 4645 Ecclesiam
2411 4586 2531 4651 Dei,
2565 4599 2726 4654 quam
2773 4578 3069 4650 acquisivit
3104 4575 3369 4644 sanguine
3404 4586 3500 4625 suo
3531 4569 3572 4622 °.
3611 4586 3632 4619 ι

2068 4680 2264 4735 Audin’
2283 4682 2450 4734 Deum
2473 4674 2761 4730 manifeste
2779 4672 2846 4726 ab
2871 4667 3129 4740 Apostolo
3157 4664 3474 4720 cruciﬁxum
3504 4677 3641 4732 prte-

2069 4772 2282 4827 dicari?
2317 4770 2527 4838 Regere
2561 4767 2706 4821 enim
2741 4762 2962 4818 mandat
2995 4759 3296 4815 Ecclesiam
3331 4757 3448 4819 Dei,
3477 4770 3635 4823 quam

2070 4861 2362 4931 acquisivit
2385 4856 2650 4928 sanguine
2682 4871 2804 4918 suo,
2842 4868 2950 4908 non
2977 4852 3117 4921 quod
3152 4850 3205 4904 in
3242 4860 3432 4905 natura
3463 4846 3637 4900 deita-

2069 4955 2139 5008 tis
2170 4953 2240 5006 sit
2265 4965 2485 5020 passus,
2518 4949 2612 5004 sed
2654 4946 2781 5017 quia
2817 4945 3002 5002 carnis
3035 4942 3316 5013 passiones
3347 4938 3411 4990 ad
3461 4937 3634 5002 ipsum

2067 5046 2402 5110 referuntur,
2441 5051 2726 5112 propterea
2760 5038 2900 5108 quod
2947 5051 3050 5091 non
3084 5031 3319 5088 hominis
3361 5023 3637 5090 cujusdam

2067 5137 2184 5193 hzec
2205 5138 2276 5192 sit
2304 5152 2454 5200 caro,
2491 5135 2583 5190 sed
2614 5133 2784 5202 ipsius
2810 5130 2970 5184 Verbi
2998 5124 3236 5196 propria.
3277 5118 3333 5172 Si
3362 5129 3491 5181 ergo
3513 5129 3639 5166 san—

2072 5230 2191 5298 guis
2235 5228 2331 5284 Dei
2377 5229 2572 5284 dicitur
2613 5224 2858 5291 sanguis,
2897 5221 3064 5272 Deum
3108 5216 3257 5268 illum
3317 5208 3506 5270 fuisse,
3550 5204 3640 5273 qui

2072 5323 2174 5375 sibi
2209 5336 2427 5377 carnem
2463 5318 2658 5381 induit,
2690 5313 3033 5382 exploratum
3068 5316 3174 5362 est.

1713 5669 1840 5728 ibid.
1877 5673 1964 5738 57,
2002 5673 2089 5728 58.
2171 5668 2324 5724 6Act.
2357 5681 2451 5732 xx,
2486 5667 2572 5722 C28.
