4014 6128
364 271 471 327 283

1390 269 1450 324 S.
1489 263 1768 322 CYRILLI
1805 262 2272 318 ALEXANDRIN!
2309 261 2625 319 ARCHIEP.

3510 247 3618 304 ἳεᾶ

441 393 532 444 25.
581 387 702 445 Jam
745 390 791 445 si
839 389 1020 449 dicere
1074 398 1327 461 pergant,
1361 404 1597 460 quonam
1645 386 1969 456 Scriptura}

2113 392 2219 452 κγ’.
2265 385 2326 437 Εἰ
2356 383 2413 436 δὲ
2443 381 2752 452 ἐπιμένοιεν
2789 377 3064 445 λέγοντες,
3098 370 3207 426 Ποῦ
3252 370 3350 441 τῆς
3394 365 3625 461 Γραφῗγς

371 481 491 537 loco
526 480 684 552 Virgo
714 481 1010 552 appelletur
1033 482 1292 552 Deipara,
1349 480 1572 535 audiant
1598 481 1699 535 hoc
1723 478 1939 549 perspi-

376 588 477 627 cue
509 574 842 630 nuntiantem
879 575 1192 643 pastoribus
1223 573 1494 643 angelum,
1526 573 1938 639 dicentemque:

387 686 404 715 ς
442 664 578 732 Quia
611 676 767 721 natus
794 675 877 720 est
907 667 1060 720 vobis
1083 665 1239 720 hodie
1259 664 1526 729 Salvator,
1553 663 1643 734 qui
1673 673 1751 718 est
1786 661 1945 718 Chri-

378 767 496 812 stus
525 756 786 812 Dominus
809 759 852 811 ⁷.
893 775 911 809 »
938 756 1052 811 Non
1086 757 1236 822 dicit,
1259 756 1358 823 Qui
1393 757 1498 810 erit
1522 755 1802 816 Dominus,
1835 753 1942 820 vel,

375 847 432 901 1η
467 864 574 918 quo
596 849 856 902 Dominus
887 847 1225 902 habitaturus
1242 847 1336 910 sit,
1363 847 1511 910 sed,c
1540 846 1640 914 Qui
1659 857 1743 901 est
1761 846 1944 900 Domi-

376 953 499 992 nus.
527 957 547 990 ι
581 939 656 992 Εη
693 939 858 1006 igitur
887 938 1172 993 Dominum
1201 938 1488 992 manifeste
1515 937 1772 1007 eum,qui
1789 947 1947 991 natus

377 1029 784 1104 eratL-angelus
844 1030 1078 1084 nuntiat.
1136 1029 1341 1082 Deinde
1401 1038 1658 1097 tanquam
1731 1029 1944 1099 signum

377 1121 654 1188 spectandi
698 1136 822 1175 mox
846 1120 1058 1175 Domini
1094 1120 1224 1190 ipsis
1257 1121 1544 1186 exhibens,
1580 1139 1598 1172 ‹
1639 1118 1947 1183 Invenietis,

381 1212 578 1280 inquit,
617 1212 940 1266 infantulum
976 1210 1164 1267 fasciis
1207 1210 1508 1266 involutum
1550 1221 1607 1266 et
1642 1212 1694 1265 in
1720 1211 1949 1281 praasepi

379 1304 615 1370 positum
637 1303 678 1359 ⁸.
708 1321 726 1354 ι
755 1302 909 1357 Paria
940 1301 1129 1372 angelo
1149 1302 1343 1357 Petrus
1372 1317 1587 1372 quoque
1619 1301 1945 1370 praedicans,

381 1410 505 1449 cum
539 1395 605 1448 ad
645 1395 956 1449 Cornelium
1002 1395 1256 1460 accessit,
1286 1395 1498 1449 aiebat:
1533 1412 1552 1445 ι
1587 1393 1824 1447 Verbum
1851 1392 1953 1447 Ini-

383 1487 456 1540 sit
511 1486 636 1540 filiis
679 1485 896 1541 lsraelis
923 1525 938 1553 ,
992 1500 1180 1555 pacem
1219 1485 1475 1539 nuntians
1516 1499 1613 1554 per
1675 1484 1952 1538 Christum

382 1575 590 1631 Jesum.
636 1574 734 1631 llic
761 1585 845 1631 est
881 1576 1122 1630 omnium
1179 1575 1442 1630 Dominus
1470 1577 1512 1628 ³.
1553 1594 1568 1627 ι
1599 1574 1795 1628 Cernis
1825 1589 1955 1642 quo-

287 1685 290 1688 ’
385 1665 546 1720 modo
605 1665 851 1730 verbum,
885 1679 982 1733 pro
1000 1663 1225 1718 salutari
1271 1663 1670 1733 praedicatione,
1719 1677 1816 1730 per
1861 1660 1942 1716 Je-

2045 475 2304 539 Θεοτόκος
2332 477 2364 546 ὴ
2391 472 2666 544 Πανρθένος
2693 468 3004 536 ὠνόμασται
3026 482 3040 531 ;
3065 461 3415 516 ἀκουέτωσαν
3435 457 3624 526 σαφῶς

2045 565 2203 619 τοῦτο
2241 564 2334 617 τοῦ
2367 564 2595 632 ἀγγέλου
2640 563 2754 624 τοῖς
2800 556 3056 627 ποιμέσιν
3106 549 3621 621 εὐαγγελιζομένου,

2046 660 2140 710 καὶ
2167 655 2418 724 λέγοντος
2443 693 2458 716 ,
2494 673 2513 705 ι
2549 655 2671 706 Ὅτι
2713 639 3069 719 ἐτέχθηύμῖν
3115 645 3355 715 σήμερον
3386 641 3580 709 Σωτὴρ
3606 677 3623 702 ,

2045 752 2102 814 ὃς
2130 752 2274 802 ἐστιν
2305 746 2535 818 Χριστὸς
2559 743 2782 814 Κύριος·
2813 763 2830 794 ι
2864 743 2925 794 οὐ
2954 740 3106 807 λέγει
3127 737 3311 800 δὲ,⁹“ος
3339 733 3492 786 ἔσται
3511 731 3628 784 Κύ-

2049 842 2253 914 ριος,ῆ.
2291 841 2377 892 Ἐν
2399 832 2443 906 ᾧ
2469 836 2714 904 ὁΚύριος
2734 833 3038 902 ἐνοικήσειν
3069 827 3273 900 μέλλει,
3303 823 3438 885 ἀλλ’,
3472 841 3489 872 ι
3524 821 3623 883 Ὃς

2049 913 2194 989 ἐστιν
2215 932 2439 1002 Κύριος.
2472 950 2492 982 ι
2559 928 2688 982 Ἰδοὺ
2719 927 2896 979 τοίνυν
2923 922 3126 993 Κύριον
3148 915 3400 988 φανερῶς
3427 913 3519 966 τὸν
3539 929 3629 964 τε·

2051 1025 2246 1096 χθέντα
2277 1027 2304 1077 6
2331 1023 2562 1092 ἄγγελος
2607 1016 3055 1087 εὐαγγελίζεται·
3105 1007 3224 1064 εἶτα
3259 1009 3356 1063 καὶ
3399 1006 3630 1076 σημεῖον

2051 1116 2238 1186 ῶσπερ
2283 1115 2468 1177 αὐτοῖς
2517 1113 2616 1183 τῆς
2674 1110 2767 1165 τοῦ
2797 1109 3007 1181 Κυρίου
3065 1105 3192 1168 θέας
3233 1101 3630 1173 παρεχόμενος,

2056 1226 2074 1258 ι
2105 1207 2399 1277 Εὐρήσετε,
2452 1204 2642 1273 φησὶν,
2699 1202 2899 1272 βρέφος
2941 1194 3475 1269 ἐσπαργανωμένον,
3535 1189 3633 1242 καὶ

2051 1299 2300 1370 κείμενον
2330 1299 2387 1352 ἐν
2415 1297 2612 1366 φάτνῃ.
2651 1313 2670 1346 ι
2708 1289 3078 1363 Παραπλήσιά
3099 1305 3158 1342 τε
3189 1285 3265 1356 τῷ
3291 1283 3509 1352 ἀγγέλῳ
3539 1283 3636 1334 καὶ⁵

2051 1392 2078 1443 6
2101 1390 2302 1460 Πέτρος
2325 1388 2628 1458 κηρύττων,
2648 1387 2736 1438 ὅτε
2755 1385 2890 1455 πρὸς
2915 1383 3005 1436 τὸν
3029 1378 3329 1450 Κορνήλιον
3353 1373 3636 1444 εἰσῆλθεν,

2053 1481 2234 1548 ἔλεγεν
2255 1497 2267 1511 ’
2318 1499 2336 1531 ι
2372 1479 2477 1530 Τὸν
2510 1477 2668 1542 λόγον
2702 1473 3024 1528 ἀπέστειλεν
3069 1472 3180 1532 τοῖς
3211 1469 3346 1529 υἱοῖς
3391 1462 3640 1548 Ἰσραὴλ,

2055 1545 2540 1638 εὐαγγελιζόμενος
2577 1565 2801 1636 εἰρήνην
2832 1563 2920 1616 διὰ
2953 1559 3130 1629 Ἰησοῦ
3169 1554 3409 1628 Χριστοῦ
3431 1571 3446 1586 ο
3477 1545 3642 1614 οὗτός

2058 1664 2173 1715 ἐστι
2207 1661 2409 1731 Κύριος
2459 1657 2696 1712 πάντων.
2730 1675 2748 1708 ι
2799 1655 2959 1724 Ὁρᾷς
3001 1651 3117 1715 πῶς
3161 1650 3252 1702 τὸν
3299 1648 3479 1716 λόγον,
3516 1643 3640 1697 ἀντὶ

313 1822 320 1826 _
383 1769 504 1809 sum
549 1753 825 1808 Christum
868 1731 1093 1809 missum
1137 1731 1306 1808 fuisse
1355 1753 1528 1807 dicit?
1585 1751 1798 1824 145m
1847 1752 1952 1806 De-

2075 1751 2151 1805 ιοῦ
2190 1750 2252 1802 τὸ
2287 1748 2556 1818 σωτήριον
2602 1742 2985 1816 κήρυγμα,.διὰ
3023 1739 3198 1808 Ἰησοῦ
3246 1735 3486 1826 Χριστοῦ
3530 1736 3641 1826 ὰπ-

386 1853 805 1914 nionstransque
843 1845 975 1908 illis,
1014 1843 1266 1912 quisnam
1301 1851 1442 1898 esset
1471 1842 1630 1898 Jesus
1679 1843 1954 1908 Christus,

393 1957 411 1988 ι
459 1937 559 1992 Hic
587 1945 691 2002 est,
748 1939 844 2004 ait,
881 1939 1123 1992 omnium
1157 1935 1440 1990 Dominus.
1486 1954 1504 1986 ι
1546 1933 1736 1989 Viden’
1771 1933 1954 1988 infan-

391 2032 562 2086 tulum
603 2041 712 2084 tmn
761 2032 826 2086 ab
860 2029 1051 2100 angelo
1085 2039 1192 2084 tum
1223 2045 1253 2084 a
1293 2027 1456 2084 Petro
1498 2027 1785 2082 Dominum
1814 2027 1958 2080 dici?

392 2124 535 2194 Ergo
568 2122 795 2190 Deipara
831 2124 1055 2176 omnino
1105 2129 1189 2175 est
1243 2136 1364 2190 quae
1411 2120 1693 2174 Dominum
1727 2119 1956 2189 peperit.

388 2214 480 2270 Sic
531 2214 702 2283 ipsam
755 2212 918 2268 etiam
972 2212 1117 2267 beati
1167 2197 1420 2280 Baptista:
1479 2219 1702 2276 mater,
1753 2210 1959 2278 Spiritu

389 2314 578 2361 sancto
610 2313 880 2375 permota,
910 2303 1220 2374 appellavit.
1252 2321 1270 2354 ι
1302 2301 1526 2370 Repleta
1560 2311 1646 2356 est
1674 2303 1840 2367 enim,
1877 2302 1961 2355 in-

391 2397 511 2465 quit
544 2383 850 2465 Scriptura,
884 2395 1160 2449 Elisabeth
1194 2394 1398 2464 Spiritu
1451 2402 1661 2460 sancto,
1699 2402 1754 2447 et
1781 2392 1965 2447 excla-

393 2485 924 2541 tnavitzBenedicta
970 2495 1024 2540 tu
1066 2487 1208 2540 inter
1243 2485 1522 2551 mulieres,
1560 2492 1616 2540 et
1651 2485 1965 2540 benedictus

397 2580 606 2632 fructus
649 2578 857 2632 ventris
901 2577 1000 2632 tui.
1070 2577 1134 2631 Et
1163 2579 1305 2631 unde
1344 2577 1446 2632 hoc
1491 2578 1642 2646 mihi,
1687 2585 1745 2631 ut
1792 2587 1967 2632 mater

397 2669 614 2725 Domini
660 2671 764 2724 mei
797 2669 981 2724 veniat
1011 2669 1077 2723 ad
1125 2669 1247 2723 me?
1285 2687 1303 2722 ι
1341 2669 1472 2735 Quis
1503 2669 1614 2738 jam
1653 2672 1787 2724 adeo
1817 2669 1965 2724 insa-

397 2763 532 2824 niat,
579 2769 637 2815 ut
675 2761 808 2815 nolit
850 2776 974 2816 cum
1018 2760 1328 2830 Evangeliis
1361 2761 1647 2831 Deiparam
1695 2760 1969 2830 appellare

395 2863 638 2908 sanctam
668 2851 986 2922 Virginem?
1027 2852 1104 2908 Ne
1136 2867 1266 2923 ergo
1307 2853 1699 2923 simpliciorum
1746 2853 1971 2908 auribus

397 2947 507 3000 sint
549 2944 782 3011 molesti,
810 2945 933 2999 dum
978 2959 1206 3014 puerum
1247 2951 1302 2998 et
1338 2943 1668 2999 infantulum
1701 2944 1968 3009 vocitant,

2059 1839 2314 1894 εστάλθαι
2346 1837 2510 1908 φησί;
2540 1837 2632 1889 καὶ
2669 1833 2884 1896 δεικνὺς
2939 1832 3123 1894 αὐτοῖς
3168 1830 3263 1896 τίς,
3298 1827 3384 1896 εἴη
3431 1824 3638 1894 Ἰησοῦς

2058 1931 2312 2002 Χριστὸς,
2335 1949 2352 1981 ι
2380 1921 2549 1991 Οὗτός
2575 1929 2742 1988 ἐστιν,
2766 1924 2894 1994 ἔφη,
2924 1922 3142 1976 πάντων
3163 1920 3391 1990 Κύριος.
3413 1935 3430 1968 ι
3473 1916 3640 1986 Ὁρᾷς

2057 2023 2120 2076 τὸ
2146 2022 2364 2092 βρέφος,
2393 2020 2601 2092 Κύριον
2627 2018 2719 2072 καὶ
2751 2017 2856 2071 ὐπὸ
2883 2015 2974 2070 τοῦ
3007 2012 3263 2082 ἀγγέλου,
3293 2010 3388 2064 καὶ
3416 2008 3521 2061 ὑπὸ
3542 2005 3641 2060 τοῦ

2061 2114 2267 2185 Πέτρου
2304 2113 2402 2185 [ita
2432 2120 2659 2181 uterque
2684 2110 2851 2165 codex
2869 2108 2986 2162 sine
3016 2103 3207 2175 verbo]
3230 2123 3244 2170 ;
3271 2099 3481 2155 Οὐκοῦν
3506 2099 3643 2151 Θεο-

2058 2205 2218 2268 τόκος
2248 2203 2630 2274 ἀναμφιϐόλως
2662 2202 2694 2272 ἡ
2723 2201 2816 2254 τὸν
2843 2198 3048 2266 Κύριον
3075 2196 3405 2265 γεννήσασα.
3451 2190 3640 2252 Οῦτως

2063 2298 2234 2368 αὐτὴν
2278 2297 2372 2351 καὶ
2404 2299 2437 2367 ἡ
2489 2295 2583 2348 τοῦ
2633 2295 2906 2365 μακαρίου
2952 2288 3258 2344 Βαπτιστοῦ
3313 2288 3498 2358 μήτηρ
3537 2284 3654 2337 ὐπὸ

2063 2389 2380 2460 Πνεύματος
2403 2388 2558 2456 ἁγίου
2590 2385 2882 2455 κινουμένη
2910 2383 3379 2454 προσηγόρευσενο
3407 2399 3424 2430 ι
3451 2377 3648 2444 Ἐπλή-

2071 2481 2172 2552 σθη
2212 2480 2343 2552 γὰρ,
2380 2479 2627 2550 φησ“ιν,ἡ
2672 2476 2956 2531 Ἐλισάϐετ
2990 2473 3311 2544 Πνεύματος
3351 2468 3651 2538 ἀγίου,καὶ

2067 2573 2358 2644 ἀνεϐόησεν
2379 2588 2390 2601 ⁸
2425 2569 2779 2639 Εὐλογημένη
2811 2569 2875 2621 σὺ
2919 2569 2997 2644 ἐν.
3026 2565 3263 2635 γυναιξὶ,
3295 2563 3388 2617 καὶ
3414 2561 3647 2629 εὐλογη-

2071 2666 2228 2738 μένος
2251 2667 2278 2718 6
2299 2663 2509 2735 καρπὸς
2530 2663 2627 2731 τῆς
2650 2659 2860 2722 κοιλίας
2884 2675 2998 2712 σου·
3029 2657 3123 2710 καὶ
3151 2654 3317 2707 πόθεν
3349 2669 3438 2723 μοι
3463 2649 3648 2736 τοῦτο,

2067 2757 2157 2811 ἵνα
2194 2758 2228 2825 ἡ
2282 2756 2464 2824 μήτηρ
2500 2752 2596 2806 τοῦ
2624 2751 2831 2822 Κυρίου
2872 2767 2974 2820 μου
3009 2747 3139 2818 ἔλθῃ
3174 2745 3310 2814 πρός
3349 2761 3448 2815 με;
3487 2762 3505 2794 ι
3550 2743 3650 2806 Τίς

2071 2849 2164 2902 ἐπί
2209 2846 2461 2900 τοσοῦτον
2504 2845 2768 2915 μέμηνεν,
2823 2841 2898 2905 ὡς
2935 2841 3008 2911 μὴ
3037 2838 3326 2910 βούλεσθαι
3364 2836 3504 2906 μετά
3542 2834 3657 2887 τῶν

2071 2938 2422 3008 Εὐαγγελίων
2469 2937 2732 2990 Θεοτόκον
2761 2934 3058 2988 ἀποκαλεῖν
3090 2933 3190 3002 τὴν
3239 2930 3400 2998 ἁγίαν
3433 2926 3649 2998 Παρθέ-

400 3054 470 3091 ne
505 3037 645 3092 forte
675 3037 934 3105 paulatim
958 3035 1272 3089 universum
1299 3050 1516 3104 quoque
1545 3036 1661 3105 ejus
1684 3037 1969 3090 adventum

2075 3049 2197 3097 νον;
2245 3029 2336 3100 Μὴ
2360 3029 2538 3082 τοίνυν
2567 3027 2676 3080 τῶν
2699 3026 3100 3095 ἀκεραιοτέρων
3134 3023 3232 3086 τὰς
3260 3021 3431 3084 ἀκοὰς
3487 3019 3659 3089 θορυ-

399 3137 715 3198 pernegent.
760 3126 1087 3181 Nominatus
1124 3136 1210 3180 est
1249 3125 1395 3180 enim
1441 3125 1738 3182 infantulus
1771 3124 1838 3181 ab
1871 3141 1967 3180 an-

403 3221 542 3290 gelo,
575 3219 668 3274 sed
701 3217 862 3273 simul
895 3217 1180 3273 Dominus.

478 3533 572 3589 ‘24.
607 3531 795 3598 Neque
839 3529 943 3583 hoc
979 3526 1096 3583 loco
1146 3539 1337 3580 rursus
1384 3525 1818 3590 obmurmurent,
1857 3538 1981 3592 pas-

407 3627 622 3682 sionem
651 3620 973 3689 obiicientes
997 3627 1052 3673 et
1081 3617 1560 3680 resurrectionem,
1585 3624 1641 3669 et
1664 3616 1805 3682 quod
1832 3615 1977 3670 Deus

410 3718 562 3774 illum
595 3711 1115 3778 suscitaverit;]am
1147 3707 1292 3763 enim
1338 3708 1390 3761 in
1427 3705 1859 3775 praacedenlibus
1885 3707 1981 3762 de-

411 3817 712 3865 monstrata
764 3804 870 3859 fuit
924 3801 1354 3872 dispensationis
1409 3799 1573 3854 ratio.
1626 3799 1878 3852 Attamen
1936 3798 1982 3854 si

410 3901 555 3956 forte
592 3899 758 3954 velint
802 3894 1108 3952 evidentius
1146 3893 1322 3947 adhuc
1377 3890 1611 3954 discere,
1661 3890 1784 3958 quis
1838 3898 1986 3945 esset

413 3993 504 4048 ille
529 3990 843 4055 crucifixus,
871 3987 1094 4041 audiant
1124 3982 1310 4039 mundi
1359 3982 1664 4047 doctorem,
1697 3981 1748 4035 id
1784 3980 1981 4036 Corino

411 4084 542 4139 thiis
568 4082 900 4138 scribentem
938 4097 995 4133 ιι
1032 4077 1143 4146 Ego
1167 4075 1335 4144 enim,
1366 4073 1564 4142 inquit,
1597 4073 1780 4142 accepi
1812 4088 1841 4126 a
1874 4071 1984 4126 Do-

414 4179 585 4241 mino,
622 4183 676 4230 et
703 4173 856 4228 vobis
891 4170 1114 4233 tradidi,
1143 4168 1400 4239 quoniam
1443 4166 1702 4220 Dominus
1730 4163 1890 4220 Iesus
1929 4163 1981 4217 in

414 4284 521 4336 qua
551 4275 711 4321 nocte
739 4263 1074 4323 tradebatur,
1097 4260 1306 4329 accepit
1329 4273 1524 4328 panem
1551 4258 1616 4323 η,
1650 4267 1730 4310 »ει
1756 4255 1979 4324 reliqua.

413 4358 609 4412 Cernis
657 4370 780 4410 eum
829 4352 920 4421 qui
971 4365 1067 4418 pro
1120 4348 1278 4402 nobis
1325 4362 1520 4416 passus
1559 4355 1666 4413 est,
1699 4345 1983 4399 Dominum

416 4451 592 4520 palam
627 4441 1012 4518 praedicatum?
1048 4439 1198 4506 Quod
1224 4439 1267 4493 si
1298 4438 1487 4502 verba,
1515 4455 1533 4488 ι
1575 4436 1718 4491 Deus
1751 4437 1922 4506 ipsum
1959 4449 1990 4490 e

419 4542 648 4596 mortuis
683 4535 973 4594 suscitavit
999 4533 1101 4596 ¹¹,›
1142 4528 1471 4586 oﬂ'endiculo
1506 4527 1818 4582 hominibus
1843 4534 1989 4590 sunt,

421 4644 610 4701 utpote
633 4632 699 4685 de
735 4629 955 4683 homine
982 4624 1149 4688 dicta,
1182 4624 1355 4693 ipsum
1389 4621 1567 4676 adhuc
1596 4619 1819 4673 audiant
1845 4618 1992 4688 Apo-

422 4725 622 4779 stolum
656 4724 795 4776 hanc
823 4735 1036 4790 quoque
1071 4717 1431 4788 suspicionem
1470 4713 1853 4782 perimentem.
1892 4711 1992 4766 Se-

424 4814 660 4870 cundum
682 4811 825 4866 enim
861 4810 1284 4878 dispensationis
1315 4807 1579 4861 rationem
1621 4805 1738 4857 hzee
1771 4803 1824 4856 in
1859 4816 1991 4856 san-

425 4907 531 4960 ctis
563 4905 710 4957 dicta
745 4909 873 4955 sunt
913 4899 1235 4966 Scripturis.
1272 4896 1404 4949 Nam
1437 4895 1578 4964 quod
1604 4893 1868 4947 Dominus
1902 4907 1991 4946 es-

425 5007 509 5053 set
544 4998 588 5051 is
612 4995 701 5064 qui
733 4993 786 5047 in
819 5005 988 5046 carne
1019 5002 1212 5059 passus
1243 4996 1327 5041 est
1349 4997 1402 5040 et
1433 4986 1754 5048 resurrexit,
1785 4993 1839 5039 et
1862 4999 1989 5048 non,

427 5101 485 5145 ut
517 5089 601 5145 isti
626 5087 804 5150 aiunt,
832 5083 996 5138 homo
1023 5077 1228 5132 habens
1255 5074 1493 5131 Verbum
1529 5074 1860 5136 inhabitans,
1894 5088 1993 5125 au-

429 5186 582 5236 diant
613 5177 840 5234 Paulum
876 5171 1140 5230 Romanis
1167 5170 1240 5224 ita
1273 5168 1339 5222 de
1378 5167 1690 5221 Abrahamo
1721 5165 1997 5220 confiden-

432 5283 515 5328 ter
565 5274 891 5329 scribentem
931 5285 944 5323 :
1001 5285 1020 5319 ι
1067 5263 1184 5320 Non
1239 5262 1360 5332 ejus
1408 5274 1573 5315 causa
1629 5258 2001 5313 tantummodo

436 5365 636 5433 scripta
683 5371 809 5418 sunt
852 5361 988 5424 haae,
1035 5357 1129 5412 sed
1178 5355 1344 5409 etiam
1397 5358 1622 5420 propter
1658 5364 1774 5412 nos,
1807 5348 2006 5418 quibus

440 5454 833 5524 reputabuntur
878 5447 1227 5506 credentibus
1263 5445 1315 5500 in
1350 5458 1496 5510 eum,
1535 5442 1626 5511 qui
1667 5438 1853 5495 Jesum
1903 5439 2009 5493 Do-

527 5683 544 5710 '
570 5679 701 5735 Luc.
736 5693 794 5743 ιι,
829 5675 912 5729 ll.
991 5675 1010 5705 ⁸
1036 5672 1164 5728 ibid.
1195 5672 1277 5727 ιε.
1375 5673 1392 5704 9
1419 5673 1536 5726 Act.
1568 5684 1618 5736 κ,
1651 5668 1738 5722 56.

1840 5669 1879 5697 ¹⁶
1908 5667 2036 5722 Luc.
2071 5682 2108 5730 ι,
2143 5661 2332 5718 ιΗ-ιὸ.

2078 3123 2365 3186 ϐείτωσαν,
2400 3119 2612 3173 παιδίον
2661 3119 2754 3171 καὶ
2799 3117 2996 3188 βρέφος
3024 3114 3382 3184 ὀνομάζοντες
3404 3153 3419 3178 ,
3453 3111 3539 3164 ἵνα
3580 3109 3658 3178 μὴ

2076 3210 2198 3264 κατ’
2229 3209 2409 3278 ὀλίγον
2441 3207 2538 3261 καὶ
2585 3208 2766 3260 πᾶσαν
2796 3202 2963 3258 αὐτοῦ
3004 3205 3102 3270 τὴν
3145 3202 3441 3270 ἐπιδημίαν
3487 3200 3656 3270 ἀρνή-

2080 3318 2308 3355 σωνται·
2344 3300 2660 3370 ὠνόμασται
2711 3298 2820 3369 γὰρ
2870 3295 3071 3368 βρέφος
3117 3294 3223 3348 ὑπὸ
3253 3292 3348 3346 τοῦ
3396 3291 3664 3359 ἀγγέλου,

2079 3392 2192 3446 ἀλλ’
2225 3392 2340 3462 ἅμα
2373 3392 2468 3444 καὶ
2497 3390 2721 3461 Κύριος.

2151 3522 2250 3575 κδ’.
2289 3521 2429 3591 Μηδ’
2461 3521 2518 3572 ἐν
2544 3517 2717 3586 τούτῳ
2743 3517 2800 3568 δέ
2827 3514 2988 3567 πάλιν
3007 3512 3446 3581 ψιθυριζέτωσαν
3469 3506 3530 3560 τδ
3565 3507 3664 3559 πά-

2083 3613 2173 3676 θος
2207 3610 2659 3683 προϐαλλόμενοι,
2692 3606 2785 3659 καὶ
2817 3605 2917 3676 τὴν
2948 3605 3265 3662 ἀνάστασιν,
3296 3601 3391 3654 καὶ
3419 3601 3501 3653 ὅτι
3527 3597 3662 3662 Θεὸς

2084 3703 2247 3758 αὐτὸν
2280 3703 2500 3772 ἤγειρεν
2521 3715 2533 3729 ’
2565 3699 2666 3768 ἤδη
2703 3698 2800 3766 μὲν
2827 3695 2936 3766 γὰρ
2961 3695 3056 3746 καὶ
3078 3696 3135 3746 ἐν
3159 3695 3273 3755 τοῖς
3296 3689 3664 3762 προλαϐοῦσιν

2086 3794 2462 3849 ἀποδέδεικται
2497 3790 2598 3859 τῆς
2641 3789 2955 3858 οἰκονομίας
2996 3787 3025 3838 ὁ
3078 3784 3253 3852 λόγος.
3288 3782 3436 3851 Πλὴν
3487 3781 3537 3832 εί
3568 3779 3664 3832 καὶ

2088 3885 2467 3956 φανερώτερον
2498 3881 2790 3954 μανθάνειν
2812 3877 3114 3948 βούλονται,
3145 3876 3228 3938 τίς
3249 3877 3278 3927 ό
3310 3870 3667 3944 ἐσταυρωμέ-

2087 3996 2176 4042 νος
2201 3977 2470 4048 ὑπῆρχεν,
2506 3971 2859 4026 ἀκουέτωσαν
2893 3968 2988 4023 τοῦ
3024 3968 3123 4037 τῆς
3153 3963 3480 4034 οἰκουμένης
3517 3961 3665 4014 διδα-

2090 4069 2293 4122 σκάλου
2323 4109 2338 4134 ,
2392 4063 2551 4120 τοῦτο
2607 4061 2921 4133 Κορινθίοις
2970 4057 3412 4117 ἐπιστέλλοντος·
3469 4073 3486 4105 ι
3526 4050 3672 4119 Ἐγὼ

2090 4160 2220 4232 γὰρ,
2246 4160 2402 4228 φησι,
2426 4154 2737 4229 παρέλαϐον
2762 4152 2868 4206 ἀπὸ
2893 4149 2989 4202 τοῦ
3011 4149 3240 4220 Κυρίου,
3259 4147 3352 4232 καὶ
3375 4143 3672 4212 παρέδωκα

2092 4231 2242 4324 ὑμῖν,
2272 4253 2355 4304 ὃτι
2400 4251 2428 4302 6
2461 4247 2667 4318 Κύριος
2719 4243 2928 4313 Ἰησοῦς
2961 4243 3027 4312 τῇ
3068 4241 3224 4294 νυκτὶ
3331 4234 3672 4324 παρεδίδοτρ,

2091 4322 2282 4401 ἔλαϐεν
2311 4346 2494 4415 ἄρτον,
2518 4362 2536 4393 ›
2560 4342 2652 4394 καὶ
2681 4341 2748 4393 τά
2776 4338 2920 4408 ἐξῆς.
2959 4335 3198 4403 Θεωρεῖς
3230 4331 3321 4382 τὸν
3350 4327 3491 4397 ὑπὲρ
3516 4322 3674 4395 ἡμῶν

2095 4439 2361 4502 παθόντα,
2395 4437 2602 4507 Κύριον
2648 4431 2897 4502 φανερῶς
2931 4424 3366 4498 κηρυττόμενον;
3397 4421 3461 4472 Εἰ
3497 4418 3557 4470 δὲ
3583 4416 3676 4468 καὶ

2093 4533 2175 4597 τὸ,
2217 4551 2234 4582 ι
2257 4531 2316 4584 Ὀ
2344 4529 2475 4592 Θεὸς
2509 4527 2673 4581 αὐτὸν
2717 4524 2938 4594 ἤγειρεν
2969 4520 3033 4571 ἐκ
3059 4514 3290 4586 νεκρῶν,
3322 4530 3339 4562 ι
3385 4508 3676 4563 σκανδαλί-

2097 4625 2178 4689 ζει
2201 4623 2327 4684 τοὺς
2367 4617 2712 4687 ἀνθρώπους,
2750 4614 2826 4676 ὡς
2853 4610 2994 4680 ’περὶ
3023 4607 3318 4677 ἀνθρώπου
3357 4603 3674 4671 λεγόμενον,

2098 4713 2267 4768 αὐτοῦ
2297 4710 2460 4764 πάλιν
2492 4707 2585 4761 τοῦ
2618 4702 2945 4758 Ἀποστόλου
2967 4700 3062 4752 καὶ
3092 4696 3294 4765 ταύτην
3328 4694 3678 4748 ἀκουέτωσαν

2099 4801 2447 4873 ἀναιροῦντος
2476 4797 2574 4868 τὴν
2609 4795 2862 4848 ὑπόνοιαν
2885 4809 2896 4822 ·
2933 4785 3294 4857 οἰκονομικῶς
3333 4785 3442 4855 γὰρ
3471 4784 3540 4836 τὰ
3573 4799 3682 4835 τοι-

2101 4893 2238 4948 αῦτα
2256 4893 2312 4944 ἐν
2340 4891 2457 4951 ταῖς
2487 4886 2670 4954 ἁγίαις
2688 4879 3316 4954 εἴρηταιΓραφαῖς.”Οτι
3342 4876 3451 4944 γὰρ
3473 4873 3684 4945 Κύριος

2098 4981 2164 5056 ἦν
2189 4987 2214 5037 6
2230 4986 2294 5053 τῇ
2318 4980 2479 5052 σαρκλ⁵
2499 4979 2595 5034 καὶ
2612 4976 2834 5046 πάσχων
2852 4975 2944 5026 καὶ
2960 4971 3340 5041 ἀνιστάμενος,
3354 4967 3448 5021 καὶ
3465 4966 3586 5034 οὐχ,
3607 4963 3685 5026 ὡς

2099 5073 2251 5128 αὐτοί
2269 5089 2452 5142 φασιν,
2467 5069 2563 5123 ἄνθ
2573 5084 2749 5139 ρωπος
2763 5066 3032 5134 ἐνοίκησιν
3045 5063 3182 5132 ἔχων
3198 5059 3291 5113 τοῦ
3313 5059 3512 5125 Λόγου,
3528 5058 3689 5108 ἀκου-

2101 5168 2308 5220 έτωσαν
2325 5162 2421 5216 τοῦ
2441 5160 2652 5215 Παύλου
2668 5157 2960 5226 Ῥωμαίοις
2976 5154 3118 5208 οὕτω
3143 5171 3219 5205 πα
3227 5151 3429 5221 ῥρησίᾳ
3452 5149 3690 5217 γράφον-

2102 5275 2192 5322 τος
2210 5256 2337 5327 περὶ
2361 5253 2456 5307 τοῦ
2492 5250 2740 5322 Ἀϐραάμ
2759 5267 2772 5279 υ
2804 5268 2822 5300 ι
2847 5249 2961 5300 Οὐκ
2976 5247 3190 5317 ἐγράφη
3211 5242 3460 5297 διἀὐτὸν
3501 5241 3688 5310 μόνον,

2107 5349 2243 5403 ἀλλά
2259 5348 2355 5400 καὶ
2370 5347 2437 5399 δι’
2451 5345 2619 5416 ἡμᾶς,
2636 5339 2718 5405 οἷς
2735 5339 2917 5411 μέλλει
2933 5337 3246 5406 λογίζεσθαι
3262 5337 3377 5394 τοῖς
3396 5331 3689 5385 πιστεύου-

2108 5460 2192 5496 σιν
2223 5438 2316 5492 ἐπὶ
2350 5437 2441 5490 τὸν
2471 5435 2761 5505 ἐγείραντα
2796 5430 3006 5502 Ἰησοῦν
3042 5428 3132 5480 τὸν
3174 5425 3383 5496 Κύριον
3429 5422 3597 5494 ήμῶν
3626 5422 3693 5474 ὲκ

2416 5658 2495 5711 ¹¹Ι
2536 5657 2659 5713 Cor.
2699 5672 2771 5722 τι,
2802 5654 2892 5708 ‘25.
2945 5654 3013 5692 a”
3043 5651 3159 5704 Act.
3195 5663 3255 5714 ιι,
3292 5646 3383 5701 Ἦ.
