4014 6128
338 288 445 347 285

1441 300 1633 368 QUOD
1672 302 1734 358 B.
1774 302 1996 361 MARIA
2036 305 2156 396 SIT.
2185 303 2507 363 DEIPARA.

3492 309 3611 366 286.

341 404 574 479 νεκρῶν.
610 425 630 459 ι
661 407 939 472 Ἤκουσας
979 409 1073 467 τὸν
1104 410 1483 485 ἐγειρόμενον,
1507 416 1713 489 Κύριον
1747 437 1891 492 προσ

2026 421 2235 478 minum
2284 430 2533 479 nostrum
2573 433 2606 477 ο
2644 416 2877 474 mortuis
2899 417 3182 474 suscitavit
3220 420 3287 473 ¹³.
3327 438 3346 472 ι
3386 420 3595 477 Audisti

341 498 780 570 αγορευόμενον;
808 499 1024 571 Μηκέτι
1052 502 1407 568 σκανδαλίζου
1432 507 1528 561 ἐπὶ
1559 511 1674 575 τοῖς
1709 512 1918 568 οἰκονο-

345 588 525 659 μικῶς
556 588 889 660 λεγομένοις.

407 774 504 822 κε’.
528 768 639 823 Kal
673 767 833 823 τοῦτο
851 769 906 825 δὲ
920 772 1036 835 τοῖς
1057 772 1371 845 εἰρημένοις
1393 778 1710 849 προσθεῖναι
1749 782 1911 854 ἀναγ.

339 863 489 914 καῖον
514 859 773 931 ὑπάρχει,
807 861 896 916 ἵνα
925 865 1000 935 μή
1020 881 1104 929 τις
1135 866 1386 942 ὑπολάϐῃ
1410 871 1595 941 χάριτι
1612 872 1709 926 καὶ
1727 874 1913 942 αὑτὸν,

341 952 589 1023 καθάπερ
615 953 787 1023 ἡμᾶς,
824 952 960 1008 Θεὸν
995 956 1090 1010 καὶ
1126 956 1333 1030 Κύριον
1360 961 1455 1014 καὶ
1480 960 1610 1016 Υἱὸν
1637 979 1912 1035 προσαγοο

343 1044 649 1115 ρευόμενον.
696 1044 890 1116 Ἡμεῖς
918 1046 1025 1117 μὲν
1051 1047 1162 1119 γὰρ
1195 1050 1247 1103 εί
1284 1051 1380 1106 καὶ
1410 1052 1728 1125 καλούμεθα
1774 1055 1911 1121 θεοὶ,

338 1135 470 1189 ἀλλὰ
507 1136 672 1191 πάλιν
719 1137 996 1208 ἀκούομεν
1041 1141 1137 1194 καὶ
1179 1141 1279 1212 τῆς
1323 1142 1609 1210 ἀσθενείας
1646 1145 1805 1217 ήμῶν
1851 1147 1913 1201 τὸ

339 1230 532 1303 μέτρον
555 1245 572 1263 ·
609 1247 631 1282 ι
668 1227 813 1296 Ἐγὼ
841 1227 953 1298 γάρ
981 1225 1131 1294 εἶπα,
1168 1232 1323 1301 φησι,
1346 1233 1471 1288 Θεοί
1504 1237 1650 1300 ἐστε,
1682 1236 1773 1291 καὶ
1802 1237 1912 1292 υἱοὶ

345 1319 623 1389 Ὑψίστουο
659 1337 680 1371 ι
711 1318 829 1372 ἀλλ’
860 1317 1066 1383 εὐθέως
1095 1320 1327 1389 ἐπάγειο
1361 1341 1381 1376 ι
1412 1322 1602 1394 Ὑμεῖς
1629 1324 1688 1379 δὲ
1714 1325 1793 1390 ὡς
1814 1325 1911 1381 ἄν·

332 1397 542 1482 θρωποι
582 1410 987 1481 ἀποθνήσκετε·
1021 1429 1042 1461 ι
1075 1410 1173 1465 καὶ
1195 1411 1355 1483 δῆλον
1392 1412 1471 1478 ὡς
1500 1415 1599 1489 τὴν
1630 1432 1907 1487 προσηγο.

333 1505 456 1576 ρίαν
501 1503 645 1557 κατὰ
677 1501 841 1574 χάριν
874 1502 1225 1574 ἐσχήκαμεν·
1259 1503 1425 1569 αὐτὸς
1465 1506 1525 1560 δὲ
1567 1508 1667 1579 οὐχ
1709 1507 1904 1574 οὕτως,

331 1592 470 1647 ἀλλά
506 1592 645 1663 μετὰ
685 1591 788 1662 τῆς
825 1590 1167 1662 θεοπρεποῦς
1225 1592 1385 1664 δόξης
1440 1596 1538 1651 καὶ
1593 1596 1693 1669 τὴν
1738 1614 1907 1669 προσ.

327 1684 564 1755 ηγορίαν
593 1682 727 1753 ἔχει.
773 1682 1036 1737 Καλεῖται
1066 1684 1178 1756 γὰρ
1222 1684 1323 1756 οὑχ
1368 1685 1553 1751 άπλῶς
1584 1686 1737 1753 Θεὸς,
1768 1687 1905 1743 ἀλλά

2023 528 2148 568 eum
2175 514 2267 583 qui
2301 512 2602 568 suscitatus
2632 508 2760 576 fuit,
2798 508 3090 563 Dominum
3125 509 3490 579 appellatum?
3520 511 3595 567 Ne

2019 619 2153 676 ergo
2204 618 2326 674 quae
2377 603 2676 659 secundum
2724 601 3188 671 dispensationem
3239 613 3370 658 sunt
3421 604 3591 670 dicta,

2019 693 2282 751 seandalo
2315 692 2411 750 tibi
2438 694 2569 749 sint.

2090 786 2184 841 25.
2207 786 2321 841 Sed
2344 794 2400 842 et
2421 784 2568 841 aliud
2595 784 2875 856 pradictis
2898 785 3208 842 necessario
3230 784 3592 855 adjiciendum
3654 770 3665 781 ’

2015 890 2120 946 est,
2150 895 2220 935 ne
2254 880 2378 950 quis
2418 880 2732 949 suspicetur
2783 880 2961 950 ipsum
3009 880 3270 950 gratiose,
3304 879 3451 935 sicut
3490 893 3589 932 no-

2013 972 2097 1028 bis
2125 972 2401 1035 usuvenit,
2438 980 2494 1027 et
2529 971 2697 1027 Deum
2747 970 2916 1027 fuisse
2938 970 3267 1041 appellatum
3308 980 3359 1025 et
3405 969 3591 1024 Domi-

2014 1078 2142 1118 num
2166 1073 2330 1131 atque
2358 1062 2578 1117 Filium.
2621 1061 2734 1118 Nos
2760 1062 2960 1132 quippe
2997 1060 3212 1115 etiamsi
3245 1060 3319 1114 dii
3352 1059 3593 1129 appelle-

2013 1171 2156 1223 mur,
2186 1154 2362 1210 nihilo
2387 1163 2567 1208 tamen
2599 1152 2781 1207 minus
2812 1151 3149 1206 inﬁrmitatis
3178 1150 3340 1206 simul
3387 1158 3595 1205 nostra:

2010 1245 2289 1302 modulum
2327 1244 2606 1300 audimus.
2640 1261 2660 1296 ι
2698 1242 2812 1314 Ego
2841 1241 2986 1297 enim
3034 1240 3146 1296 dixi
3169 1282 3185 1308 ,
3222 1240 3400 1309 inquit
3436 1238 3588 1295 Psal-

2009 1339 2195 1403 mista,
2218 1336 2302 1392 Dii
2348 1337 2484 1394 estis
2515 1343 2570 1391 et
2595 1333 2861 1390 Altissimi
2905 1332 2999 1386 ﬁlii
3034 1331 3098 1385 ¹⁵.
3135 1350 3155 1385 ι
3201 1331 3306 1386 Sed
3338 1330 3591 1401 protinus

2008 1427 2196 1484 addit:
2218 1446 2237 1480 ι
2256 1426 2367 1483 Vos
2386 1436 2571 1481 autem
2595 1434 2655 1480 ut
2678 1423 2929 1479 homines
2950 1433 3181 1478 mortem
3207 1421 3453 1493 patimini
3472 1421 3536 1473 “'.
3559 1438 3586 1473 ν

2007 1521 2172 1578 Certe
2197 1527 2415 1575 constat
2447 1518 2545 1573 hac
2569 1531 2668 1572 nos
2700 1514 3065 1587 appellatione
3094 1512 3316 1570 nonnisi
3336 1527 3432 1582 per
3456 1527 3585 1581 gra-

2008 1611 2139 1666 tiam
2168 1608 2297 1665 frui.
2325 1606 2445 1664 Non
2468 1608 2548 1663 sic
2571 1607 2707 1676 ipse,
2742 1606 2837 1660 sed
2873 1618 2996 1659 cum
3031 1604 3193 1676 digna
3239 1603 3352 1658 Deo
3407 1601 3583 1673 gloria

2007 1716 2202 1757 nomen
2231 1714 2451 1771 quoque
2483 1698 2645 1769 gerit.
2670 1697 2911 1753 Vocatur
2932 1711 3039 1750 non
3073 1694 3397 1765 simpliciter
3417 1694 3581 1765 Deus,

327 1776 463 1839 Θεὸς
496 1774 591 1827 ἐπὶ
625 1773 865 1839 πάντων,
903 1774 1000 1828 καὶ
1033 1774 1329 1847 εὐλογητὸς
1356 1777 1439 1841 εἰς
1490 1777 1618 1842 τοὺς
1660 1778 1894 1842 αἰῶναςε

2007 1795 2105 1851 sed
2141 1807 2307 1864 super
2332 1791 2514 1848 omnia
2564 1788 2726 1853 Deus,
2751 1794 2806 1842 et
2837 1787 3160 1844 benedictus
3202 1785 3256 1839 in
3286 1785 3482 1840 sarcula
3511 1784 3578 1839 “.

327 1867 572 1921 καλεῖται
596 1866 651 1920 δὲ
676 1865 840 1920 πάλιν
879 1866 978 1920 καὶ
1024 1865 1254 1940 Κύριος,
1285 1869 1389 1923 οὑκ
1434 1868 1660 1941 ὀνόματι
1716 1872 1900 1942 μόνον,

324 1956 512 2027 ὥσπερ
552 1956 733 2027 ήμεῖς,
766 1955 906 2009 ἀλλά
956 1954 1162 2025 Κύριος
1189 1957 1292 2027 τῆς
1340 1958 1520 2029 δόξης,
1555 1960 1652 2013 καὶ
1696 1959 1903 2032 Κύριος

323 2051 567 2111 πάντων,
610 2046 686 2111 ὡς
717 2048 747 2101 ὸ
798 2047 1014 2118 Πέτρος
1053 2048 1323 2116 ἐδίδαξεν·
1365 2049 1658 2122 λεγόμενος
1703 2052 1761 2107 δὲ
1806 2056 1902 2109 καὶ

322 2140 472 2204 Υἱὸς,
506 2139 630 2195 οὑδὲ
673 2136 840 2193 τοῦτο
873 2138 1133 2213 καθάπερ
1160 2141 1324 2213 ἡμεῖς
1358 2141 1547 2207 ἁπλῶς
1575 2142 1717 2209 υίὸς,
1761 2144 1901 2200 ἀλλά

320 2231 454 2296 Υἱὸς
508 2232 693 2303 μόνος,
739 2233 835 2287 καὶ
883 2232 1137 2303 ἀληθινὸς
1184 2233 1309 2288 κατ’
1331 2233 1522 2289 οὑσίαν
1546 2273 1563 2299 ,
1603 2235 1680 2299 ῶς
1734 2253 1899 2309 φησιν

331 2324 622 2395 Ἰωάννηςο
652 2343 672 2378 ι
696 2324 810 2380 Kal
839 2323 1008 2399 ἐσμὲν
1037 2325 1098 2378 ὲν
1136 2324 1217 2396 τῷ
1253 2323 1496 2397 ἀληθινῷ
1536 2326 1676 2399 Θεῷ,
1708 2330 1802 2382 καὶ
1838 2330 1899 2384 ιν

316 2413 397 2484 τῷ
424 2392 735 2484 Υίῷναύτοῢ
751 2431 765 2446 ·
795 2392 950 2478 οὗτός
972 2415 1121 2471 ἐστιν
1148 2392 1642 2487 ό-ἀληθϋινὸςνΘεὸς,
1662 2392 1760 2474 καὶ
1783 2419 1898 2492 ζωὴ

317 2503 561 2567 αἰώνιος.
582 2523 604 2556 ι
633 2504 1015 2578 Φανερώτερον
1046 2506 1106 2560 δὲ
1134 2505 1325 2561 τοῦτον
1352 2508 1383 2561 ὸ
1410 2508 1708 2574 ἀπόστολος
1746 2509 1897 2565 Παῦ-

317 2594 411 2658 λος
436 2595 547 2648 ἀπὸ
572 2596 676 2651 τῶν
705 2596 916 2651 πολλῶν
940 2596 1164 2669 διορίζὶι
1192 2598 1269 2663 ὡς
1300 2599 1462 2669 μόνον
1484 2601 1580 2655 καὶ
1597 2600 1740 2655 κατά
1761 2603 1896 2674 ἀλή-

323 2686 483 2740 θειαν
500 2687 629 2741 Υίόν
652 2703 666 2716 ·
694 2688 847 2756 λέγει
870 2686 981 2758 γὰρ
1001 2688 1201 2753 οὑτως·
1238 2708 1256 2741 ι
1293 2690 1410 2743 Kal.
1440 2690 1549 2762 γὰρ
1576 2691 1733 2764 εἴπερ
1761 2694 1897 2749 είσὶν

322 2777 611 2849 λεγόμενοι
639 2779 772 2844 θεοὶ,
807 2778 918 2833 εἴτε
961 2780 1021 2833 ὲν
1050 2780 1283 2851 οὐρανῷ,
1330 2782 1440 2836 εἴτε
1487 2784 1580 2837 ἐπὶ
1629 2788 1728 2857 τῆς
1768 2787 1893 2856 γῆς,

316 2867 515 2939 ὥσπερ
542 2870 680 2924 εἰσὶν
728 2869 842 2925 θεοὶ
895 2870 1085 2924 πολλοὶ
1140 2873 1237 2926 καὶ
1292 2872 1474 2944 κύριοι
1514 2873 1700 2929 πολλοὶ
1735 2875 1893 2945 λεγόο

314 2976 493 3031 μενοι·
526 2978 546 3011 ι
578 2961 743 3015 πάλιν
773 2960 860 3015 ἵνα
885 2960 987 3033 [ita
1015 2962 1188 3018 codex
1221 2962 1475 3036 uterque]
1505 2967 1652 3037 νοῇς,
1686 2985 1706 3020 ι
1746 2967 1894 3023 Ἀλλ’

307 3053 444 3125 ἡμῖν
470 3046 553 3115 εἷς
572 3052 705 3115 Θεὸς
734 3054 763 3107 ὁ
794 3053 984 3125 Πατὴρ
1013 3054 1074 3120 ἐξ
1110 3047 1173 3108 οὗ
1202 3055 1270 3108 τά
1299 3055 1500 3121 πάντα,
1528 3057 1623 3111 καὶ
1654 3051 1738 3122 εἷς
1772 3058 1891 3114 Κύ-

308 3162 427 3217 ριος
458 3145 668 3215 Ἰησοῦς
697 3146 936 3217 Χριστὸς
956 3147 1025 3201 δι’
1052 3141 1115 3202 οὗ
1134 3147 1203 3202 τά
1236 3147 1436 3201 πάντα.
1470 3166 1490 3200 ι
1531 3147 1699 3221 Ὁρᾷς
1730 3149 1807 3214 ὡς
1829 3152 1892 3205 οὑ

312 3236 458 3309 μετὰ
489 3238 708 3292 πάντων
730 3238 895 3302 αὐτὸς
925 3238 1130 3311 Κύριος
1158 3238 1192 3310 ἢ
1215 3239 1346 3303 Θεὸς
1379 3239 1728 3311 ὀνομάζεται,
1756 3241 1895 3296 ἀλλὰ

310 3330 472 3402 μόνος
493 3329 573 3401 τῷ
594 3331 771 3403 Πατρὶ
793 3330 1196 3398 συνδοξάζεται,
1222 3331 1298 3396 ὡς
1323 3332 1384 3397 ἐξ
1414 3331 1583 3386 αὐτοῦ
1614 3332 1759 3387 κατά
1787 3332 1891 3402 φύ-

308 3438 395 3478 σιν
428 3421 695 3493 ὑπάρχων
716 3438 731 3487 ;

376 3510 493 3578 κς’.
531 3512 738 3584 Καιρὸς
764 3512 822 3566 δὲ
849 3512 1057 3578 λοιπὸν,
1092 3513 1189 3567 καὶ
1227 3512 1328 3584 τὴν
1366 3513 1561 3585 ἑτέραν
1592 3513 1690 3568 τοῦ
1730 3516 1893 3569 Ἀπο-

306 3604 494 3658 στόλου
536 3606 845 3676 μαρτυρίαν
878 3606 960 3669 εἰς
994 3605 1160 3676 μέσον
1181 3608 1547 3678 παραγαγεῖν,
1582 3607 1774 3661 τοῦτον
1800 3607 1892 3662 τὸν

302 3694 561 3765 ἀληθινὸν
597 3695 729 3748 Θεὸν
756 3695 910 3768 [Θεόν
940 3698 1097 3751 abest
1143 3696 1212 3750 ab
1233 3711 1343 3751 uno
1373 3713 1404 3752 e
1425 3697 1726 3769 codicibus]
1760 3698 1892 3752 Υἱὸν

302 3784 597 3839 δεικνῦσαν
620 3783 767 3853 [cm].
792 3796 1021 3853 uterque
1048 3784 1285 3859 δεικνὺς]
1312 3786 1597 3859 ἄνθρωπον
1624 3783 1767 3841 εἶναι
1799 3788 1891 3842 τὸν

302 3875 372 3927 ἐκ
420 3874 520 3944 τῆς
564 3872 997 3944 καλλιπαρθένου
1048 3872 1313 3945 τεχθέντα
1335 3892 1351 3907 ⁸
1402 3876 1516 3947 ἔχει
1568 3876 1627 3930 δὲ
1677 3876 1885 3942 οὑτως·

307 3986 327 4017 ε
364 3966 496 4019 Ὅτε
530 3967 588 4020 δὲ
606 3960 774 4037 ἦλθεν
793 3967 859 4019 τὸ
888 3967 1166 4040 πλήρωμα
1193 3966 1291 4022 τοῦ
1321 3969 1542 4039 χρόνου,
1573 3968 1891 4033 ὲξαπέστειυ

300 4059 398 4109 λεν
424 4058 454 4110 ὁ
472 4056 606 4119 Θεὸς
629 4056 724 4111 τὸν
752 4057 880 4110 Υἱὸν
915 4058 1084 4111 αὑτοῦ
1124 4059 1419 4129 γενόμενον
1447 4060 1514 4115 ὲκ
1540 4061 1827 4127 γυναικός
1858 4081 1882 4115 ι

303 4147 501 4218 μηδεὶς
545 4147 603 4201 δὲ
652 4146 814 4201 τοῦτο
852 4148 1034 4216 λέγειν
1080 4150 1423 4221 ὲρυθριάτω·
1473 4151 1728 4222 οὐδεμίαν
1777 4154 1887 4226 γὰρ

300 4239 470 4310 ὓϐριν
504 4237 664 4292 τοῦτο
700 4238 778 4310 τῷ
806 4239 968 4312 Λόγῳ
996 4242 1178 4312 φέρει,
1212 4240 1622 4313 φιλανθρωπίαν
1662 4244 1718 4297 δὲ
1754 4246 1888 4314 μᾶλ-

298 4332 416 4399 λον,
449 4332 548 4385 καὶ
591 4332 750 4397 δόξαν
796 4332 887 4387 διὰ
929 4334 1091 4388 τοῦτο
1133 4335 1362 4406 ἄπειρον
1398 4334 1494 4390 καὶ
1545 4336 1882 4410 ἀμέτρητον.

2007 1884 2247 1941 Vocatur
2276 1884 2409 1939 item
2437 1882 2722 1947 Dominus,
2749 1894 2855 1936 non
2885 1878 3106 1934 nomine
3146 1886 3329 1941 tenus,
3367 1884 3427 1930 ut
3457 1890 3579 1940 nos,

2004 1978 2100 2033 sed
2139 1977 2327 2047 gloriae
2364 1975 2649 2039 Dominus,
2687 1973 3060 2041 Dominusque
3101 1969 3366 2049 omnium,
3399 1977 3455 2022 ut
3482 1967 3584 2023 Pe-

2006 2082 2122 2125 trus
2157 2069 2343 2124 docuit
2376 2068 2439 2122 ".
2471 2068 2679 2123 Dicitur
2709 2068 2872 2121 etiam
2898 2064 3103 2129 Filius;
3132 2072 3189 2117 at
3227 2078 3295 2116 ne
3320 2061 3422 2117 hoc
3454 2061 3580 2129 qni-

2003 2162 2126 2216 detn
2162 2170 2221 2215 ut
2245 2174 2346 2216 nos
2374 2158 2716 2229 simpliciter,
2762 2158 2858 2213 sed
2899 2156 3093 2211 unicus
3132 2153 3323 2216 Filius,
3355 2162 3409 2207 et
3446 2152 3578 2208 suh-

2001 2250 2336 2308 stantialiter
2387 2263 2554 2306 verus
2580 2291 2595 2317 ,
2624 2261 2687 2305 ut
2720 2250 2798 2304 ait
2824 2246 3069 2307 Joannes
3104 2261 3120 2300 :
3153 2261 3171 2296 ι
3210 2242 3278 2298 Et.
3303 2259 3491 2299 sumus
3520 2243 3579 2298 in

2001 2357 2133 2398 vero
2168 2342 2299 2408 Deo,
2340 2349 2396 2396 et
2430 2341 2487 2396 in
2524 2340 2665 2397 Filio
2700 2338 2837 2409 ejus.
2870 2337 2973 2394 llic
3003 2352 3161 2393 verus
3191 2337 3334 2391 Deus
3377 2344 3481 2400 est,
3522 2346 3579 2390 et

2000 2435 2109 2490 vita
2130 2444 2332 2490 aeterna
2359 2433 2427 2488 ⁸⁸.
2471 2452 2491 2486 ι
2532 2432 2868 2488 Manifestins
2901 2442 3082 2486 autem
3126 2429 3270 2483 hunc
3299 2429 3577 2498 apostolus

1999 2526 2200 2583 Paulus
2227 2539 2258 2580 a
2288 2525 2474 2582 multis
2507 2524 2788 2590 discernit,
2818 2530 3005 2593 utpote
3031 2521 3206 2577 solum
3242 2530 3296 2575 et
3322 2534 3451 2574 vere
3483 2518 3577 2574 Fi-

2000 2618 2151 2674 lium.
2177 2618 2271 2672 Ait
2294 2618 2442 2674 enim
2471 2617 2552 2673 sic
2589 2634 2607 2672 :
2640 2634 2661 2670 ι
2697 2613 2832 2669 Nam
2862 2614 2965 2670 etsi
3004 2622 3133 2668 sunt
3177 2612 3268 2682 qui
3313 2611 3573 2665 dicuntur

1999 2705 2095 2773 dii,
2123 2706 2240 2761 sive
2269 2705 2322 2760 in
2359 2704 2521 2771 cmlo,
2551 2704 2669 2761 sive
2701 2719 2868 2774 super
2899 2714 3128 2766 terram,
3177 2701 3337 2756 sicuti
3382 2714 3572 2756 revera

1998 2805 2123 2851 sunt
2174 2796 2246 2852 dii
2298 2796 2488 2861 multi,
2525 2804 2579 2850 et
2617 2794 2768 2849 multi
2800 2794 2891 2864 qui
2920 2794 3175 2848 dicuntur
3202 2791 3404 2847 domini
3434 2791 3515 2859 ";
3547 2810 3566 2843 ι

1996 2887 2179 2943 subdit
2207 2886 2588 2955 utintelligas:
2612 2904 2631 2937 ι
2654 2885 2821 2939 Nobis
2856 2893 3035 2937 tamen
3061 2898 3203 2938 unus
3236 2882 3379 2936 Deus
3409 2880 3573 2937 Pater

1997 2994 2063 3034 ex
2087 2992 2199 3047 quo
2227 2978 2506 3043 omnia,et
2525 2991 2666 3031 unus
2697 2974 2963 3031 Dominus
2997 2972 3156 3029 Iesus
3194 2972 3446 3028 Christus
3476 2987 3573 3042 per

1997 3085 2157 3139 quem
2195 3070 2376 3124 omnia
2402 3070 2465 3123 '°.
2510 3087 2529 3121 ι
2564 3068 2775 3134 Cernis,
2816 3067 2960 3137 quod
3002 3081 3110 3121 non
3155 3080 3277 3121 cum
3317 3065 3572 3121 omnibus

1997 3160 2112 3230 ipse
2156 3160 2419 3216 Dominus
2470 3160 2552 3213 vel
2594 3158 2738 3214 Deus
2780 3159 3117 3223 nominatur,
3146 3156 3241 3212 sed
3277 3170 3415 3211 unus
3447 3171 3569 3210 cum

1996 3252 2158 3308 Patre
2215 3251 2572 3323 gloriﬁcatur,
2632 3264 2891 3319 tanquam
2950 3265 3015 3306 ex
3073 3248 3191 3319 ipso
3244 3247 3571 3303 naturaliter

1994 3341 2302 3398 cxsistens?

2063 3512 2156 3568 26.
2197 3512 2456 3584 Superest
2508 3522 2566 3568 ut
2612 3512 2759 3568 aliud
2803 3513 3045 3582 Apostoli
3093 3513 3464 3572 testimonium
3512 3511 3565 3566 in

1995 3606 2230 3660 medium
2262 3603 2625 3675 proferamus,
2663 3605 2807 3674 quod
2852 3605 2996 3660 hunc
3030 3619 3218 3660 verum
3264 3604 3431 3659 Deum
3485 3602 3569 3656 Fi-

1993 3697 2125 3751 lium
2158 3696 2398 3752 ostendit
2421 3709 2546 3751 esse
2572 3695 2871 3761 hominem,
2901 3711 3059 3765 quem
3091 3696 3310 3767 egregia
3355 3697 3567 3766 peperit

1993 3786 2179 3856 Virgo.
2210 3786 2289 3842 Ita
2326 3801 2460 3842 vero
2499 3801 2560 3841 se
2599 3786 2803 3840 habet:
2849 3803 2869 3838 ι
2907 3785 3045 3840 Cum
3094 3787 3244 3841 venit
3286 3785 3567 3855 plenitudo

1993 3879 2276 3949 temporis,
2306 3877 2454 3933 misit
2496 3877 2645 3932 Deus
2690 3874 2887 3930 Filium
2920 3891 3076 3931 suum
3117 3875 3318 3931 factum
3345 3893 3411 3931 ex
3447 3893 3566 3931 mu-

1990 3970 2128 4026 liere
2151 3971 2220 4024 “.
2255 3988 2275 4022 ι
2310 3967 2591 4023 Neminem
2621 3981 2789 4036 porro
2818 3967 2921 4022 hoc
2943 3968 3129 4021 dicere
3156 3968 3386 4034 pudeat;
3420 3968 3566 4022 nulla

1988 4062 2132 4114 enim
2169 4060 2292 4114 hinc
2314 4058 2512 4129 injuria
2541 4056 2718 4113 Verbo
2750 4057 2831 4121 lit,
2865 4056 3176 4126 benignitas
3211 4069 3339 4109 vero
3371 4055 3565 4128 1w

1988 4149 2167 4219 ponus
2208 4147 2463 4217 patescit,
2500 4155 2553 4225 et
2592 4145 2765 4215 gloria
2805 4144 3021 4199 inﬁnita
3054 4152 3221 4214 atque
3269 4145 3563 4199 immensu-

1989 4239 2199 4295 rabilis.
2242 4237 2379 4293 Nam
2420 4237 2562 4307 quod
2612 4234 2749 4292 nihil
2793 4236 2920 4292 inde
2967 4234 3202 4290 Verbum
3250 4235 3563 4291 detrimenti

1989 4332 2190 4402 capiat,
2219 4345 2341 4386 cum
2371 4330 2446 4387 sit
2480 4330 2803 4400 intangibile
2844 4339 3039 4398 suapte
3072 4336 3290 4393 natura,
3321 4327 3567 4397 impassi-

299 4424 430 4479 ’Ὁτι
458 4423 571 4493 γάρ
595 4424 748 4478 οὐδὲν
782 4426 847 4478 ὲκ
873 4425 1067 4479 τούτου
1098 4427 1127 4479 ό
1149 4426 1325 4499 Λόγος
1359 4426 1678 4491 ὲὸλάπτετο,
1709 4429 1883 4499 ἄψαυρ

2000 4426 2116 4490 bile,
2150 4431 2205 4478 et
2252 4423 2784 4492 incircumscriptum
2812 4460 2829 4488 ,
2870 4423 2965 4478 sed
2992 4419 3253 4476 incﬁ‘abili
3292 4436 3389 4477 sua
3436 4435 3563 4491 erga

298 4530 429 4579 στος
460 4514 724 4585 ὑπάρχων
755 4513 854 4585 τὴν
890 4514 1052 4583 φύσιν
1087 4516 1182 4569 καὶ
1209 4498 1426 4587 ἀπαθὴς
1454 4518 1550 4571 καὶ
1575 4498 1882 4590 ἀπερίγρα-

298 4621 423 4673 φος,
457 4605 687 4677 ἀρῤήτῳ
719 4603 776 4657 δὲ
810 4605 1192 4679 φιλανθρωπίᾳ
1237 4607 1301 4660 τὸ
1339 4608 1573 4679 πρᾶγμα
1606 4608 1880 4680 διήνυσεν,

296 4699 467 4750 ἄκουε
502 4697 664 4751 πάλιν
714 4695 881 4749 αὑτοῦ
920 4696 1014 4750 τοῦ
1036 4696 1251 4750 Παύλου
1286 4696 1444 4751 τοῦτο
1499 4698 1876 4763 διδάσκοντος’

304 4807 322 4839 ι
347 4788 559 4859 Ἰησοῦς
587 4786 847 4860 Χριστὸς,
886 4787 1071 4858 φησιν,
1096 4787 1222 4859 χθὲς
1257 4788 1353 4843 καὶ
1371 4789 1633 4859 σήμερον,
1655 4792 1684 4843 ό
1718 4790 1883 4853 αὐτὸς

295 4880 396 4932 καὶ
417 4880 500 4942 είς
512 4877 640 4942 τοὺς
651 4878 874 4942 αἰῶνας
887 4896 906 4929 ι
926 4879 987 4932 τὸ
1005 4878 1133 4949 γὰρ,
1157 4877 1305 4947 χθὲς,
1319 4877 1513 4945 λέγων,
1527 4880 1627 4950 τὴν
1643 4878 1881 4953 προαιώ-

294 4988 411 5024 νιον
434 4970 605 5023 αὑτοῦ
633 4969 889 5041 σημαίνει
916 4968 1074 5035 δόξαν
1090 4985 1103 4998 '
1128 4968 1190 5022 τὸ
1216 4967 1274 5022 δὲ
1303 4969 1563 5040 σήμερον,
1585 4971 1881 5035 ἐνεστῶτος

294 5060 498 5132 κκιροῦ
543 5062 782 5115 ποιεῖται
823 5059 1196 5129 σημαντικόν
1236 5060 1329 5112 καὶ
1369 5061 1451 5113 ὅτι
1500 5059 1601 5112 οὐκ
1640 5060 1878 5131 ὲτράπη,

293 5153 413 5206 ἀλλ’
443 5153 525 5206 ὅτι
555 5153 586 5205 ὁ
610 5151 774 5214 αὑτὸς
803 5151 1017 5222 ἔμεινεν
1044 5150 1137 5203 καὶ
1165 5149 1223 5202 ὲν
1256 5151 1422 5221 σαρκὶ
1448 5151 1759 5220 γενόμενος,
1786 5151 1882 5205 καὶ

294 5241 454 5297 ἔσται
507 5245 593 5305 εἰς
618 5242 745 5304 τοὺς
772 5240 996 5306 αἰῶνας,
1028 5241 1331 5308 ἐπήγαγεν,
1386 5260 1403 5292 ι
1433 5243 1462 5295 ό
1484 5241 1648 5305 αὐτὸς
1685 5243 1780 5296 καὶ
1801 5243 1883 5306 εἰς

294 5335 428 5398 τοὺς
461 5334 688 5396 αἰῶνας.
715 5352 734 5384 ι
767 5332 895 5385 Ὅτε
928 5331 1108 5384 τοίνυν
1123 5331 1296 5384 ταῦτα
1317 5332 1489 5397 οὑτως
1509 5333 1640 5405 ἔχει,
1687 5334 1879 5404 φιλαν-

299 5426 521 5497 θρωπίᾳ
566 5423 780 5496 μεγάλῃ
812 5422 910 5493 τὴν
968 5424 1047 5486 είς
1101 5424 1248 5493 ἡμᾶς
1285 5424 1507 5495 ἀγάπην
1555 5426 1879 5493 ἐνεδείξατο,

383 5630 424 5661 ¹³
447 5630 603 5685 Rom.
641 5642 717 5691 ιν,
746 5627 834 5690 25,
866 5626 957 5681 Ἡ.

1037 5625 1081 5658 ¹¹⁵
1109 5626 1245 5683 Psal.
1282 5644 1467 5688 LXXXI,
1499 5629 1552 5682 6.
1632 5630 1671 5660 ¹⁵
1698 5630 1826 5683 ibid.
1866 5632 1916 5683 7.

1994 4516 2241 4570 homines
2276 4516 2521 4571 bonitate
2556 4515 2609 4570 id
2643 4512 2904 4578 eﬂecerit,
2940 4513 3065 4568 audi
3114 4527 3303 4567 rursus
3339 4511 3564 4567 Paulum

1994 4608 2097 4662 hoc
2147 4608 2469 4663 docentem:
2506 4625 2524 4658 ι
2562 4606 2724 4662 Jesus
2752 4606 3033 4671 Christus,
3091 4605 3305 4674 inquit,
3348 4604 3466 4659 heri
3509 4614 3565 4659 et

1991 4696 2171 4765 hodie,
2202 4698 2342 4753 idem
2360 4706 2414 4753 et
2436 4698 2488 4751 in
2524 4696 2723 4753 saecula
2754 4696 2822 4750 ²¹.
2855 4713 2875 4747 ›
2907 4694 3042 4749 Cum
3073 4694 3205 4750 dicit
3236 4695 3378 4762 heri,
3418 4710 3563 4751 sem-

1992 4790 2258 4859 piternam
2300 4789 2419 4857 ejus
2451 4787 2582 4843 dicit
2630 4786 2881 4858 gloriam.
2941 4785 3117 4842 Hodie
3159 4803 3287 4845 vero
3323 4803 3564 4859 prasens

1993 4890 2208 4950 tempus
2246 4880 2534 4949 significat.
2584 4877 2652 4934 Et
2681 4877 2806 4949 quia
2853 4894 3127 4949 nunquam
3178 4891 3416 4937 mutatus
3452 4892 3559 4946 est,

1990 4969 2240 5038 idemque
2275 4969 2477 5025 mansit
2505 4969 2668 5025 etiam
2697 4984 2824 5025 caro
2855 4970 3054 5033 factus,
3080 4970 3293 5038 eritque
3331 4973 3381 5024 in
3414 4979 3565 5025 acter-

1986 5075 2140 5128 num,
2180 5061 2381 5116 addidit
2408 5079 2427 5114 ι
2469 5061 2607 5116 idem
2648 5069 2702 5116 et
2746 5061 2800 5117 in
2842 5061 3068 5117 saecula.
3116 5080 3136 5112 ι
3171 5061 3302 5126 Quae
3330 5075 3450 5113 cum
3490 5061 3561 5112 ita

1987 5154 2117 5219 sint,
2136 5167 2329 5222 magna
2359 5153 2560 5222 oppido
2589 5153 2927 5224 benignitate
2955 5151 3279 5206 charitatem
3304 5164 3430 5217 erga
3461 5164 3560 5204 nos

1987 5258 2139 5299 suam
2180 5244 2601 5311 demonstravit,
2648 5258 2817 5312 seque
2867 5240 3294 5298 communicavit
3354 5248 3562 5292 natura:

1986 5346 2208 5400 nosuaa,
2243 5346 2441 5390 nteam
2475 5334 2765 5401 relevaret,
2799 5346 2965 5403 atque
2999 5348 3028 5386 a
3060 5329 3258 5384 diaboli
3298 5330 3563 5384 servitute

1987 5429 2334 5485 subduceret.
2372 5428 2653 5485 Neminem
2705 5441 2835 5499 ergo
2877 5428 3096 5497 pudeat,
3152 5439 3276 5478 cum
3330 5437 3556 5492 puerum

3005 5624 3044 5654 ’⁸
3092 5622 3290 5679 lJoan.
3351 5639 3409 5687 ν,
3463 5620 3554 5673 920.

2000 5633 2040 5663 ’°
2067 5632 2221 5685 Rom.
2257 5647 2329 5694 ιχ,
2371 5630 2422 5684 5.
2509 5626 2689 5680 "Act.
2720 5642 2774 5691 Χ,
2814 5624 2900 5679 56.

310 5700 349 5731 ³³
374 5700 390 5753 l
418 5701 543 5756 Cor.
572 5714 694 5763 vm,
862 5697 904 5729 ²⁰
933 5697 1059 5753 ibid.
1099 5698 1150 5753 6.
1232 5700 1288 5783 7“
1317 5698 1489 5753 Calai.
1528 5715 1598 5763 ιγ,
1650 5701 1692 5754 ί.
1774 5701 1816 5730 ²²
1846 5701 2002 5756 llcbr.
2042 5718 2157 5768 xm,
2192 5705 2242 5756 8.
