4014 6128
366 5616 390 5668 1

379 274 480 328 237

1368 270 1425 326 S.
1467 269 1742 328 CYRILLI
1781 269 2253 326 ALEXANDRI‘NI
2291 266 2606 326 ARCHIEP.

3524 267 3632 323 288

388 390 496 444 dici
529 389 680 444 audit
709 398 762 444 et
790 388 1140 456 infantulum,
1170 395 1227 445 et
1266 389 1529 460 quidquid
1567 391 1714 445 aliud
1758 393 1948 446 buma-

2081 391 2146 442 εαὶ
2188 387 2589 457 κεκοινώνηκεν
2616 385 2682 454 τῇ
2718 380 2964 452 ἡμετέρᾳ
2995 378 3175 449 φύσει,
3218 378 3304 434 ἵνα
3349 379 3632 453 ἀνα-στήσῃ

387 484 532 537 nitus
570 483 637 537 de
681 482 773 537 illo
811 484 1070 553 scriptum
1107 491 1209 538 est.
1242 481 1448 538 Cuncta
1484 482 1628 538 enim
1667 483 1809 537 haud
1845 483 1951 550 sui,

387 575 482 628 sed
517 573 686 628 nostri
730 588 892 629 causa
926 573 1221 642 sustinuit,
1254 574 1394 642 quod
1449 574 1742 628 humanam
1791 583 1955 628 natu-

391 680 504 718 ram
541 666 695 718 deret
749 665 948 732 ubique
979 679 1330 730 conservans,
1369 679 1437 719 ne
1479 664 1616 720 forte
1655 665 1960 736 phantasia:

391 751 566 804 instar
593 750 770 805 divina
801 751 1130 820 dispensatio
1158 753 1585 810 existimaretur.

463 1009 550 1064 27.
592 1009 760 1078 Igitur
791 1024 913 1064 cum
952 1012 1191 1068 audieris
1223 1020 1533 1082 susceptum
1570 1028 1694 1069 eum
1735 1028 1764 1068 a
1804 1014 1964 1069 beato

396 1102 628 1170 Josepho
657 1103 711 1156 in
737 1101 1030 1172 Egyptum
1047 1104 1267 1172 fugisse,
1285 1119 1370 1168 ne,
1387 1120 1591 1174 quaeso,
1613 1106 1963 1176 ignominiam

397 1196 448 1248 id
496 1210 616 1249 esse
662 1204 846 1263 putes,
890 1195 984 1250 sed
1032 1196 1212 1264 potius
1259 1197 1434 1266 cogita
1482 1198 1962 1266 dispensationem.

397 1285 510 1340 lloc
536 1287 678 1340 enim
709 1300 814 1339 non
846 1294 971 1338 tunc
997 1286 1369 1340 tantummodo
1393 1287 1461 1340 de
1484 1301 1550 1341 eo
1575 1287 1834 1355 scriptum
1862 1295 1964 1352 est,

397 1379 489 1430 sed
519 1379 680 1432 etiam
711 1393 834 1432 cum
865 1377 1143 1432 tricesimo
1171 1378 1346 1431 relatis
1369 1391 1512 1431 anno
1539 1378 1834 1446 przedicare
1859 1393 1970 1432 coe-

398 1473 476 1537 pit
504 1478 557 1523 et
585 1470 800 1536 docere,
833 1485 898 1524 ac
929 1469 1314 1524 miraculorum
1343 1471 1572 1525 virtutes
1599 1482 1837 1540 patrare,
1869 1471 1970 1525 ite-'

400 1576 516 1613 rum
544 1562 657 1614 haec
682 1562 746 1615 de
767 1576 831 1615 eo
855 1561 1050 1626 scripta
1075 1563 1455 1630 comperimus.
1486 1580 1504 1612 ι
1535 1560 1770 1615 Audiens
1791 1561 1935 1615 enim
1952 1601 1970 1628 ,

401 1657 606 1720 inquit,
641 1656 903 1710 Joannem
943 1655 1110 1710 fuisse
1151 1655 1438 1718 traditum,
1474 1657 1698 1711 secessit
1735 1655 1786 1709 in
1821 1655 1970 1710 Gali-

2058 481 2246 548 αὑτὴν,
2273 480 2366 534 καὶ
2399 479 2496 543 τῆς
2528 475 2631 530 ὑπὸ
2661 474 2751 527 τὸν
2772 471 3017 526 διάϐολον
3042 470 3329 544 ἀπαλλάξῃ
3355 471 3596 534 δουλείας
3615 512 3629 526 .

2055 571 2262 641 Μηδεὶς
2283 567 2374 622 οὖν
2410 564 2748 636 αἰσχυνέσθω
2782 563 2994 617 παιδίον
3025 561 3260 624 ἀκούων,
3293 563 3387 614 καὶ
3409 563 3635 632 βρέφος,

2059 663 2155 715 καὶ
2199 661 2299 713 ὅσα
2355 655 2838 730 ἀνθρωπινώτερον
2891 655 3021 724 περὶ
3071 652 3234 706 αὑτοῦ
3285 653 3634 723 γέγραπται⁶

2061 755 2354 824 ὑπέμεινεν
2385 751 2492 820 γάρ
2523 750 2698 802 πάντα
2730 749 2791 801 οὑ
2833 747 2902 800 δι’
2936 746 3150 809 ἐαυτὸν,
3185 745 3320 798 ἀλλά
3358 747 3426 798 δι’
3465 747 3636 814 ἡμᾶς,

2065 841 2340 912 πανταχοῦ
2368 840 2428 892 τὸ
2456 839 2666 910 πρέπον
2694 837 2976 906 φυλάττων
3013 839 3077 906 τῇ
3104 836 3419 906 ἀνθρωπεία
3455 837 3636 904 φύσει,

2063 936 2150 987 ἵνα
2182 935 2256 1003 μὴ
2287 931 2559 1000 φαντασία
2590 931 2625 1000 ἡ
2654 929 2934 998 οἰκονομία
2959 927 3264 998 νομίζηται.

2139 1025 2241 1088 κζ’.
2275 1022 2484 1076 Οὑκοῦν
2517 1021 2616 1075 κᾶν
2642 1020 2882 1091 ἀκούσῃς
2907 1021 2989 1073 ὅτι
3024 1020 3446 1090 παραλαμϐάνει
3477 1021 3642 1073 αὑτὸν

2065 1118 2093 1169 ὁ
2133 1115 2400 1186 μακάριος
2451 1112 2666 1183 Ἰωσὴφ,
2712 1113 2807 1165 καὶ
2864 1111 3054 1179 φεύγει
3087 1113 3165 1174 εἰς
3215 1113 3511 1180 Αἴγυπτον,
3565 1111 3641 1183 μὴ

2070 1207 2330 1276 αξσχύνην
2362 1205 2492 1259 αὐτὸ
2522 1203 2730 1273 νόμιζε,
2759 1202 2858 1273 τὴν
2883 1204 2939 1256 δέ
2964 1203 3277 1273 οἰκονομίαν
3303 1204 3475 1256 ἐννόει
3496 1220 3509 1235 ο
3547 1205 3644 1257 καὶ

2068 1299 2178 1369 γάρ
2203 1301 2262 1351 οὐ
2289 1297 2409 1350 τότε
2443 1297 2600 1366 μόνον
2620 1294 2778 1348 τοῦτο
2803 1295 2930 1364 περὶ
2957 1293 3122 1347 αὑτοῦ
3149 1295 3480 1364 γέγραπται,
3508 1293 3644 1346 ἀλλά

2070 1393 2166 1445 καὶ
2206 1391 2294 1442 ὅτε
2326 1390 2403 1451 είς
2435 1389 2526 1440 τὸν
2555 1387 2599 1439 λ’
2634 1386 2878 1439 ἐνιαυτὸν
2911 1384 3079 1438 ἐλθὼν
3108 1387 3312 1456 ιἤρξατο
3352 1384 3644 1455 κηρύττειν

2074 1481 2167 1534 καὶ
2195 1479 2484 1545 διδάσκειν,
2521 1478 2614 1531 καὶ
2649 1478 2758 1530 τῶν
2794 1477 3114 1547 Θαυμασίων
3147 1477 3390 1529 ἐπετέλει
3427 1476 3526 1546 τὴν
3557 1475 3647 1528 δύ-

2073 1590 2259 1642 ναμιν,
2291 1572 2452 1624 πάλιν
2479 1569 2702 1622 τοιαῦτα
2739 1570 2866 1638 περὶ
2904 1568 3068 1622 αὑτοῦ
3101 1566 3462 1638 γεγραμμένα
3492 1566 3647 1636 εὑρί-

2077 1679 2306 1734 σκομεν·
2340 1681 2358 1713 ι
2401 1659 2664 1722 Ἀκούσας
2697 1659 2828 1728 γὰρ,
2857 1657 3043 1727 φησιν,
3084 1658 3167 1709 ὅτι
3213 1656 3470 1725 Ἰωάννης
3501 1671 3648 1723 παρ-

404 1747 554 1800 heam
585 1747 682 1802 η.»
712 1746 1632 1814 Etaliahujusmodideprehendere
1654 1747 1969 1802 est.Verum

2081 1754 2253 1823 ἐδόθη,
2307 1751 2654 1822 ἀνεχώρησεν
2692 1751 2773 1812 είς
2799 1748 2895 1818 τὴν
2937 1748 3265 1800 Γαλιλαίανο
3301 1767 3318 1798 ι
3357 1746 3452 1800 καὶ
3485 1747 3654 1816 ἕτερα,

406 1841 517 1891 haec
549 1838 688 1890 haud
723 1846 891 1901 metu,
922 1853 1093 1906 neque
1125 1846 1250 1892 tunc
1278 1852 1453 1906 neque
1485 1847 1666 1907 postea
1700 1837 1848 1901 fecit,
1875 1838 1968 1893 sed

403 1932 528 1998 quia
558 1937 770 1999 tempus
797 1930 1046 1984 idoneum
1078 1929 1429 1998 exspectabat
1455 1929 1677 1983 salutari
1709 1930 1967 1998 passioni.

405 2021 698 2090 Oportebat
728 2021 872 2075 enim
905 2021 1079 2091 primo
1112 2022 1468 2076 inclarescere
1495 2021 1934 2089 praedicationem
1955 2058 1970 2082 ,

405 2123 460 2168 et
496 2115 672 2168 omnia
709 2128 829 2182 quae
863 2113 1179 2168 decreverat
1215 2111 1366 2176 ﬁeri,
1405 2127 1470 2166 ac
1506 2120 1616 2164 tum
1651 2110 1864 2165 demum
1903 2111 1972 2165 ad

405 2205 696 2259 salutarem
726 2204 1031 2271 passionem
1056 2203 1270 2268 venire;
1297 2201 1439 2270 quod
1463 2209 1516 2256 et
1543 2215 1732 2270 reapse
1755 2198 1971 2256 accidit.

405 2295 558 2362 Quod
597 2304 773 2349 autem
813 2308 918 2348 non
960 2290 1404 2346 consternatione
1443 2292 1607 2345 animi
1645 2299 1739 2344 aut
1777 2303 1976 2358 pavore

407 2387 482 2440 ita
516 2399 576 2440 se
607 2385 854 2454 gesserit,
887 2394 1096 2439 constat
1127 2399 1194 2438 ex
1229 2385 1314 2438 his
1346 2398 1465 2452 qua:
1499 2382 1646 2448 fecit,
1677 2396 1802 2436 cum
1839 2381 1976 2436 tradi

407 2493 467 2531 se
505 2477 674 2532 noluit
708 2495 722 2531 :
761 2492 884 2531 nam
918 2475 1119 2531 Judzeis
1151 2477 1283 2531 dare
1316 2491 1439 2530 eum
1475 2475 1810 2544 praecipitem
1849 2481 1977 2528 tunc

408 2567 735 2629 volentibus,
769 2585 786 2617 ι
822 2566 960 2636 Ipse,
995 2567 1170 2635 inquit
1199 2566 1550 2636 evangelista,
1581 2565 1853 2620 transiens
1882 2577 1980 2633 per

409 2656 644 2710 medium
689 2656 902 2710 illorum
947 2656 1147 2710 ibat“.
1193 2674 1211 2706 ι
1250 2657 1370 2710 Alio
1411 2656 1536 2710 item
1581 2665 1820 2726 tempore
1857 2670 1979 2709 cum

410 2748 610 2801 vellent
643 2762 766 2801 eum
803 2762 1031 2816 capere,
1068 2767 1087 2798 ι
1125 2747 1326 2813 Nemo,
1362 2748 1567 2815 inquit,
1604 2748 1789 2816 injecit
1825 2748 1876 2800 in
1913 2747 1981 2800 il-

411 2840 519 2894 lum
546 2855 759 2905 manus,
782 2840 906 2910 quia
933 2842 1168 2894 nondum
1191 2847 1413 2894 venerat
1439 2839 1569 2893 hora
1594 2841 1709 2908 ejus
1726 2840 1792 2891 ’5.
1826 2857 1846 2890 ›
1874 2837 1982 2893 Sed

410 2947 531 2985 cum
563 2933 759 3002 alioqui
794 2932 864 2986 sit
898 2932 1129 2987 invictus
1162 2931 1322 2997 Deus,
1355 2940 1594 2986 attamen
1626 2931 1981 2985 humanitatis

413 3039 523 3077 sua:
553 3038 715 3078 causa
751 3023 1005 3090 cedebat,
1038 3033 1095 3077 ut
1125 3037 1248 3076 vere
1286 3023 1457 3077 factus
1490 3023 1654 3077 homo
1684 3023 1982 3077 videretur.

2073 1845 2130 1897 δὲ
2159 1843 2385 1897 τοιαῦτα
2431 1842 2576 1895 ἐστιν
2616 1841 2796 1912 εὑρεῖν
2819 1857 2832 1870 ο
2866 1840 2979 1893 ἀλλ’
3011 1841 3072 1892 οὑ
3106 1839 3256 1908 φόϐῳ
3285 1837 3444 1892 τοῦτο
3475 1839 3650 1890 ἐποίει

2073 1935 2193 1988 οὑδὲ
2227 1935 2346 1987 τότε
2375 1934 2495 1986 οὑδέ
2535 1933 2650 1995 νῦν,
2681 1931 2816 1985 ἀλλά
2851 1931 2942 1983 τὸν
2981 1931 3261 2001 πρέποντα
3287 1929 3476 1999 καιρὸν
3516 1931 3656 1983 ἀνα-

2080 2027 2253 2097 μένων
2281 2026 2375 2078 τοῦ
2424 2024 2693 2095 σωτηρίου
2726 2023 2933 2086 πάθους
2953 2039 2966 2053 ⁸
3003 2021 3110 2075 ἔδει
3138 2022 3247 2093 γάρ
3278 2021 3488 2090 πρῶτον
3535 2021 3655 2074 δια-

2075 2118 2287 2188 λάμψαι
2334 2117 2396 2169 τὸ
2445 2117 2710 2186 κήρυγμα
2738 2155 2752 2178 ,
2811 2114 2907 2167 καὶ
2953 2114 3131 2167 πάντα
3185 2112 3499 2165 ἐπιτελέσαι
3550 2113 3655 2166 ὅσα

2077 2205 2348 2270 ἐϐούλετο,
2369 2205 2461 2258 καὶ
2484 2204 2606 2257 τότε
2635 2204 2728 2256 καὶ
2756 2204 2848 2255 ἐπὶ
2869 2202 2930 2255 τὸ
2957 2203 3222 2273 σωτήριον
3247 2202 3418 2264 πάθος
3441 2201 3619 2254 ἐλθεῖν
3638 2219 3652 2234 ·

2077 2300 2106 2352 ὃ
2143 2298 2207 2368 δὴ
2233 2299 2328 2351 καὶ
2359 2297 2602 2366 γέγονεν.
2635 2297 2758 2348 ’Ότι
2807 2295 2864 2348 δέ
2896 2294 2956 2347 οὑ
2998 2294 3149 2366 φόϐῳ
3174 2295 3269 2348 καὶ
3295 2294 3468 2366 δειλίᾳ
3497 2294 3659 2348 τοῦτο

2081 2393 2308 2459 ἐγίνετο,
2331 2389 2490 2458 δῆλον
2511 2387 2602 2457 ἀφ’
2618 2379 2693 2440 ὧν
2718 2386 3016 2454 πεποίηκεν
3036 2387 3124 2438 ὅτε
3153 2385 3526 2456 παραδοθῆναι
3556 2383 3659 2438 οὑκ

2083 2483 2366 2536 ἐϐούλετοο
2399 2482 2491 2535 καὶ
2529 2480 2640 2550 γὰρ
2678 2479 2788 2532 τῶν
2825 2478 3098 2531 Ἰουδαίων
3138 2479 3300 2532 αὑτὸν
3331 2478 3454 2530 τότε
3487 2495 3660 2530 κατα-

2083 2575 2383 2647 κρημνίσαι
2412 2573 2780 2643 θελησάντων,
2818 2590 2836 2623 ι
2863 2572 3056 2634 Αὐτὸς,
3088 2571 3272 2641 φησὶν,
3312 2569 3539 2624 διελθὼν
3571 2569 3661 2622 διὰ

2088 2667 2254 2737 μέσου
2295 2665 2474 2719 αὑτῶν
2495 2664 2816 2734 ἐπορεύετο*
2853 2681 2872 2714 ι
2910 2663 3004 2715 καὶ
3034 2662 3222 2715 ἄλλοτε
3261 2661 3318 2714 δέ
3347 2661 3544 2714 πιάσαι
3565 2660 3664 2713 αὑ·

2084 2758 2176 2810 τὸν
2197 2757 2476 2819 θελόντων,
2499 2774 2516 2806 ι
2544 2755 2750 2817 Οὐδεὶς,
2777 2754 2960 2824 φησιν,
2986 2751 3249 2805 ἐπέϐαλεν
3271 2751 3358 2804 ἐπ’
3379 2749 3542 2803 αὑτὸν
3563 2748 3665 2810 τὰς

2086 2852 2292 2918 χεῖρας,
2327 2849 2406 2900 ὃτι
2431 2847 2584 2899 οὔπω
2612 2847 2871 2917 ἐλήλυθεν
2901 2845 3072 2916 ήώρα
3085 2843 3273 2898 αὑτοῦ.
3303 2863 3322 2895 ι
3349 2842 3495 2912 Πλὴν
3526 2840 3666 2894 ἀλλὰ

2088 2939 2183 2992 καὶ
2211 2938 2510 3009 ἀχείρωτος
2559 2933 2698 2990 εἶναι
2746 2939 3044 3007 δυνάμενος
3081 2936 3158 2999 ώς
3182 2935 3336 3000 Θεὸς,
3376 2933 3537 2986 πάλιν
3576 2932 3667 2986 διὰ

2088 3029 2149 3083 τὸ
2177 3030 2516 3100 ἀνθρώπινον
2549 3029 2912 3098 ὑπανεχώρει,
2947 3029 3034 3082 ἴνα
3065 3028 3325 3098 φαίνηται
3357 3026 3498 3078 κατά
3526 3024 3666 3094 ἀλήο

412 3115 563 3179 Quod
599 3115 643 3169 si
683 3115 806 3183 quis
833 3115 1008 3176 dicat,
1049 3115 1158 3168 Cur
1193 3129 1298 3167 non
1340 3123 1449 3168 tum
1487 3128 1701 3182 quoque
1737 3129 1857 3168 cum
1897 3115 1978 3168 in-

2087 3121 2237 3174 θειαν
2264 3122 2556 3191 γενόμενος
2597 3105 2899 3188 ἄνθρωπος.
2935 3120 2998 3172 Εἰ
3044 3119 3102 3171 δέ
3149 3118 3297 3186 λέγοι
3326 3136 3429 3181 τις,
3462 3117 3562 3170 Διά
3608 3117 3664 3169 τί

414 3204 654 3258 tantulus
695 3213 833 3265 erat,
877 3202 1102 3256 insidias
1145 3216 1241 3270 per
1281 3217 1338 3256 se
1381 3201 1496 3270 ipse
1541 3201 1850 3268 declinavit,
1890 3204 1989 3258 sed

414 3293 742 3346 admonente
778 3293 1002 3360 angelo?
1029 3294 1185 3357 sciat,
1223 3303 1333 3345 tum
1368 3306 1581 3361 quoque
1615 3308 1836 3362 operam
1869 3293 1986 3361 ejus

417 3385 806 3448 intervenisse;
838 3385 932 3437 sed
966 3399 1031 3438 ne
1061 3398 1122 3436 ea
1153 3398 1239 3438 res
1269 3383 1688 3452 dispensationis
1720 3385 1983 3439 rationem

419 3475 824 3543 pessumdaret,
873 3475 1053 3529 habito
1098 3475 1274 3529 aetatis
1323 3484 1570 3544 respectu
1644 3475 1848 3530 idcirco
1892 3489 1988 3544 per

418 3567 662 3636 angelum
697 3582 805 3622 rem
838 3567 1088 3638 gessisse.

485 3749 577 3806 28.
619 3749 771 3817 Quod
805 3757 982 3804 autem
1020 3749 1240 3803 humani
1275 3747 1435 3803 omen
1472 3763 1662 3814 causa,
1694 3757 1887 3804 cuncta
1921 3749 1990 3804 ad

421 3842 837 3910 dispensationis
872 3855 1113 3894 normam
1152 3840 1438 3908 dirigeret,
1476 3855 1804 3908 carnemque
1840 3850 1992 3910 pate-

420 3943 570 3987 retur
609 3931 968 4001 proprietates
1016 3945 1142 3984 suas
1188 3930 1595 3996 demonstrare,
1643 3930 1994 4000 persuadebit

421 4023 516 4078 tibi
554 4037 742 4079 rursus
773 4021 1003 4093 ipsemet
1031 4020 1305 4077 Christus.
1335 4017 1469 4074 Nam
1502 4034 1625 4075 cum
1656 4019 1848 4076 beatus
1881 4020 1989 4076 Ba-

419 4117 582 4187 ptista
606 4116 655 4170 ei
682 4115 889 4169 diceret
913 4133 928 4168 :
958 4132 976 4166 ι
1009 4114 1122 4184 Ego
1145 4129 1283 4182 opus
1309 4113 1480 4170 habeo
1503 4128 1532 4166 a
1561 4122 1612 4169 te
1635 4113 1932 4182 baptizari,
1965 4131 1984 4165 ο

420 4207 700 4277 respondit
731 4206 783 4262 ei
818 4220 833 4259 :
873 4223 896 4258 ι
935 4204 1066 4261 Sine
1103 4207 1294 4272 modo;
1329 4207 1408 4260 sic
1440 4205 1583 4260 enim
1620 4214 1834 4274 oportet
1867 4220 1989 4258 om-

418 4313 540 4354 nem
568 4291 835 4366 justitiam
866 4294 1080 4363 impleri
1105 4295 1173 4347 ²⁶.
1209 4313 1227 4345 ι
1257 4293 1522 4356 Videsne,
1555 4295 1697 4362 quod
1727 4303 1784 4348 et
1813 4293 1991 4362 bapti-

2091 3211 2166 3280 μὴ
2199 3210 2293 3263 καὶ
2323 3211 2446 3262 τότε
2485 3211 2572 3262 ὅτε
2607 3209 2820 3260 παιδίον
2853 3203 2942 3278 ἦν,
2969 3207 3036 3259 δι’
3077 3207 3272 3260 ἐαυτοῦ
3309 3209 3406 3278 τὴν
3440 3207 3668 3260 ἐπιϐου-

2088 3301 2186 3372 λὴν
2236 3300 2529 3366 ἐξέκλινεν,
2591 3299 2707 3352 ἀλλ’
2749 3297 2982 3366 ἀγγέλου
3019 3298 3480 3367 χρηματίζοντος;
3525 3312 3664 3366 μαν-

2089 3392 2318 3457 θανέτω,
2341 3393 2416 3455 ώς
2448 3390 2542 3444 καὶ
2569 3391 2691 3442 τότε
2723 3386 2886 3441 αὑτοῦ
2917 3383 2983 3456 ἦν
3014 3388 3072 3439 τὸ
3100 3387 3292 3458 ἔργον
3321 3387 3437 3440 ἀλλ’
3471 3387 3559 3440 ἵνα
3588 3385 3664 3454 μὴ

2087 3483 2186 3552 τῆς
2241 3482 2550 3552 οἰκονομίας
2592 3478 2848 3531 τοσοῦτον
2902 3477 3192 3548 παραλύσῃ
3235 3478 3324 3530 τὸν
3372 3477 3530 3544 λόγον
3577 3476 3666 3528 διὰ

2089 3572 2186 3642 τὴν
2219 3570 2456 3641 ἠλικίαν,
2497 3567 2586 3622 διά
2617 3565 2776 3620 τοῦτο
2818 3565 2884 3617 διτ
2916 3564 3149 3632 ἀγγέλου
3183 3563 3242 3617 τὸ
3281 3564 3514 3634 πρᾶγμα
3564 3576 3665 3612 πε-

2091 3660 2340 3730 ποίηκεν.

2161 3761 2268 3824 κη’.
2325 3753 2446 3806 Ὅτι
2493 3751 2550 3804 δέ
2592 3749 2661 3803 τά
2722 3750 3001 3820 πρέποντα
3056 3746 3248 3810 σώζειν
3303 3743 3661 3816 βουλόμενος,

2092 3843 2274 3898 πάντα
2318 3840 2676 3912 οἰκονομικῶς
2705 3839 2908 3903 ἐποίει,
2930 3837 3030 3892 καὶ
3060 3835 3356 3906 συνεχώρει
3396 3836 3463 3904 τῇ
3500 3832 3666 3902 σαρκὶ

2089 3933 2356 3989 δεικνύειν
2386 3931 2455 3986 τὰ
2488 3931 2624 4001 αὐτῇ
2653 3927 2954 3992 ἀκόλουθα,
2978 3926 3385 3996 πληροφορήσει
3413 3939 3474 3974 σε
3501 3920 3667 3974 πάλιν

2091 4026 2284 4090 αὐτός’
2314 4025 2404 4079 ὅτε
2433 4022 2542 4094 γὰρ
2569 4022 2598 4074 ὁ
2635 4020 2906 4092 μακάριος
2936 4015 3248 4086 Βαπτιστὴς
3277 4012 3426 4084 αὑτῷ
3459 4012 3667 4080 ἔλεγεν,

2097 4135 2118 4170 ι
2139 4117 2281 4185 Ἐγὼ
2297 4113 2482 4186 χρείαν
2515 4112 2625 4184 ἔχω
2644 4111 2749 4164 ὑπὸ
2769 4108 2864 4162 σοῦ
2887 4107 3312 4179 βαπτισθῆναι,ι
3327 4103 3669 4174 ἀπεκρίνατο

2090 4207 2230 4278 πρὸς
2258 4204 2420 4258 αὑτόν
2439 4219 2452 4234 ·
2482 4221 2501 4255 ι
2530 4203 2698 4272 Ἀφες
2725 4201 2870 4272 ἄρτι·
2918 4197 3063 4252 οὑτω
3107 4196 3217 4268 γάρ
3266 4194 3478 4265 πρέπον
3517 4191 3672 4245 ἐστὶν

2091 4297 2381 4369 πληρῶσαι
2430 4296 2611 4348 πᾶσαν
2674 4291 3045 4362 δικαιοσύνην.
3075 4307 3095 4340 ι
3170 4288 3333 4359 Ὁρᾷς
3358 4287 3440 4339 ὅτι
3479 4285 3578 4338 καὶ
3607 4282 3673 4337 τὸ

418 4406 591 4444 sutum
624 4399 677 4445 et
707 4397 902 4446 cuncta
936 4385 1246 4456 hujusmodi
1279 4384 1452 4440 olIicia
1486 4385 1734 4454 prudenti
1767 4387 1978 4454 dispen-

2094 4389 2399 4459 βάπτισμα,
2435 4385 2529 4438 καὶ
2560 4384 2736 4438 πάντα
2766 4382 2835 4436 τὰ
2865 4381 3148 4452 πρέποντα
3193 4378 3494 4448 οἰκονομῶν
3530 4391 3667 4430 κατε

418 4485 627 4538 satione
657 4481 958 4552 receperit?
985 4478 1209 4545 Quoties
1233 4492 1364 4547 ergo
1387 4488 1442 4531 et
1470 4492 1692 4547 puerum
1720 4488 1772 4530 et
1803 4478 1978 4532 infan-

2089 4452 2336 4549 ἐδέχετος
2363 4479 2533 4530 Ὅταν
2579 4477 2755 4528 τοίνυν
2798 4474 3038 4544 ἀκούσῃς
3073 4471 3286 4524 παιδίον
3327 4470 3424 4522 καὶ
3469 4468 3673 4538 βρέφος

421 4577 625 4639 Iulum,
665 4585 719 4630 et
755 4571 1016 4643 quidquid
1056 4572 1288 4626 humano
1329 4585 1474 4625 more
1515 4569 1580 4623 de
1619 4583 1684 4622 eo
1725 4571 1983 4637 scriptum

419 4679 534 4729 est,
570 4667 756 4730 audis,
791 4675 846 4718 ut
873 4666 985 4734 jam
1017 4665 1287 4726 diximus,
1322 4677 1596 4732 nunquam
1627 4676 1750 4716 eum
1783 4663 1986 4730 absque

419 4758 701 4814 divinitate
739 4755 903 4811 fuisse
934 4757 1219 4811 arbitrare.
1253 4755 1386 4809 Nam
1416 4764 1470 4810 et
1499 4769 1622 4809 cum
1656 4754 1816 4808 homo
1845 4754 1984 4808 dici-

421 4860 529 4910 tur.
562 4848 700 4900 Deus
726 4860 847 4900 esse
874 4847 1298 4910 demonstratur,
1329 4854 1388 4899 tit
1417 4860 1560 4912 saepe
1591 4859 1620 4898 a
1649 4845 1808 4899 nobis
1836 4857 1984 4898 com-

418 4940 703 5008 probatum
734 4934 854 4988 fuit.
876 4936 1112 4990 Accedet
1136 4937 1397 4989 hactenus
1425 4935 1586 4990 dictis
1615 4934 1767 4988 testis
1795 4934 1982 4988 beatus

417 5045 633 5102 quoque
664 5027 924 5096 Baptista,
955 5026 1034 5080 sic
1065 5026 1130 5080 de
1162 5025 1251 5079 illo
1282 5026 1505 5094 loquens
1531 5043 1543 5080 :
1571 5043 1588 5076 ι
1621 5025 1750 5079 Post
1777 5038 1861 5078 me
1888 5037 1983 5076 ve-

419 5125 496 5176 nit
523 5121 628 5186 vir,
657 5119 746 5189 qui
779 5126 907 5172 ante
939 5131 1026 5171 me
1056 5116 1228 5172 factus
1259 5126 1362 5179 est,
1390 5117 1513 5185 quia
1547 5117 1694 5185 prior
1717 5130 1802 5169 me
1829 5121 1980 5178 erat;

417 5225 472 5268 et
511 5230 610 5283 ego
648 5228 771 5268 eum
815 5210 1122 5265 nesciebam
1149 5208 1216 5260 ".
1264 5225 1283 5258 ι
1327 5207 1604 5274 Quomodo
1643 5221 1771 5275 ergo
1807 5206 1982 5260 virum

417 5320 539 5358 eum
574 5305 778 5364 dicens,
815 5301 1049 5371 priorem
1082 5314 1142 5353 se
1175 5297 1345 5351 dicit?
1406 5297 1670 5365 siquidem
1705 5297 1986 5365 dispensa-

420 5396 582 5449 tionis
607 5405 847 5462 tempore
873 5395 987 5463 ipse
1013 5393 1160 5462 prior
1181 5391 1370 5445 beatus
1391 5389 1628 5458 Baptista
1657 5397 1816 5442 natus
1838 5402 1989 5441 com-

416 5487 644 5556 peritur.
676 5484 806 5539 Natu
840 5501 961 5539 cum
993 5485 1164 5540 beatae
1197 5483 1428 5552 deiparae
1458 5480 1639 5535 Maria:
1671 5477 1988 5535 immacula-

490 5664 536 5696 "
555 5661 740 5718 Matth.
779 5676 852 5728 tv,
883 5661 967 5716 12.
1045 5661 1089 5692 "
1109 5660 1239 5715 Luc.
1270 5674 1345 5725 tv,
1383 5658 1472 5713 '50.

1573 5659 1619 5690 "
1645 5655 1798 5712 Joan.
1828 5668 1921 5720 vn,
1950 5651 2034 5708 50.
2116 5652 2160 5682 ²⁶
2180 5650 2367 5705 Matth.
2405 5663 2487 5710 Ill,
2524 5645 2714 5712 14,15.

2087 4571 2183 4624 καὶ
2229 4570 2331 4622 ὅσα
2381 4563 2865 4636 ἀνθρωπινώτερον
2918 4563 3048 4631 περὶ
3107 4558 3274 4613 αὑτοῦ
3330 4557 3668 4628 γέγραπται,

2086 4658 2266 4720 καθὼς
2297 4657 2640 4728 προείρηται,
2675 4654 2944 4724 μηδέποτε
2973 4651 3095 4720 δίχα
3127 4651 3228 4719 τῆς
3271 4646 3528 4716 θεότητος
3570 4646 3666 4698 αὑ-

2087 4747 2176 4801 τὸν
2209 4747 2341 4800 ὄντα
2375 4743 2725 4813 ὑπολάμϐανε
2746 4755 2761 4770 ·
2798 4741 2889 4794 καὶ
2921 4740 3030 4810 γὰρ
3075 4738 3164 4791 καὶ
3193 4735 3481 4804 ἄνθρωπος
3515 4731 3670 4798 λεγόο

2091 4853 2271 4906 μενος,
2304 4833 2579 4888 δείκνυται
2627 4831 2757 4894 Θεὸς
2799 4829 3080 4900 ὑπάρχων,
3121 4827 3196 4890 ώς
3230 4825 3491 4888 πολλάκις
3532 4825 3672 4878 ἀπο-

2089 4926 2375 4978 δέδεικται.
2407 4921 2879 4992 Ἐπιμαρτυρήσει
2908 4919 2966 4972 δέ
3004 4917 3143 4988 πρὸς
3175 4917 3336 4970 τοῦτο
3365 4917 3482 4979 τοῖς
3517 4917 3669 4986 είρη-

2093 5018 2274 5089 μένοις
2306 5014 2398 5068 καὶ
2427 5015 2455 5066 ὁ
2494 5013 2761 5083 μακάριος
2798 5008 3105 5080 Βαπτιστὴς
3150 5007 3292 5062 οὑτω
3325 5007 3499 5076 λέγων
3542 5007 3672 5076 περὶ

2091 5107 2288 5164 αὐτοῦ’
2343 5125 2361 5158 ι
2405 5105 2608 5159 Ὀπίσω
2659 5119 2760 5172 μου
2806 5101 3025 5172 ἔρχεται
3059 5099 3218 5170 ἀνὴρ,
3252 5098 3309 5161 ὃς
3357 5097 3672 5168 ἔμπροσθέν

2097 5220 2196 5272 μου
2230 5199 2472 5268 γέγονεν,
2512 5197 2594 5248 ὅτι
2649 5193 2864 5262 πρῶτός
2897 5209 2997 5261 μου
3053 5186 3148 5261 ἦν·
3185 5188 3340 5257 κάγὼ
3379 5190 3483 5241 οὑκ
3524 5189 3673 5258 ᾔδειν

2095 5293 2275 5345 αὐτόν.
2313 5309 2330 5341 ι
2362 5287 2486 5351 Πῶς
2511 5283 2603 5340 οὖν
2624 5286 2794 5356 ἄνδρα
2815 5284 2989 5347 λέγων
3015 5282 3199 5346 αὑτὸν,
3228 5279 3444 5352 πρῶτον
3471 5279 3672 5333 ἐαυτοῦ

2096 5396 2261 5450 φησιν
2290 5377 2450 5430 αὑτὸν
2474 5372 2639 5439 εἰναι;
2671 5374 2765 5427 καὶ
2789 5373 2894 5444 μὴν
2926 5373 3067 5425 κατά
3091 5369 3178 5423 τὸν
3205 5368 3521 5438 οἰκονομίας
3548 5367 3674 5440 χρό-

2098 5490 2184 5526 νον
2201 5471 2361 5531 αὑτὸς
2383 5469 2632 5540 πρῶτοςὸ
2654 5467 2920 5538 μακάριος
2939 5462 3248 5532 Βαπτιστὴς
3271 5461 3674 5534 γεγεννημένος

2795 5645 2837 5674 ³⁷
2859 5641 3011 5697 Juan.
3055 5653 3092 5697 t.
3125 5637 3211 5690 97.
