4014 6128
357 257 485 343 ’τεο
564 250 589 260 ”

1478 286 1666 355 QUOD
1703 287 1764 344 B.
1810 287 2028 344 MARIA
2069 284 2178 343 SIT
2217 284 2549 342 DEIPARA.

3526 292 3633 347 9.90

373 403 734 477 εὑρίσκεται·
786 403 876 459 ὅτε
907 400 1015 473 γὰρ
1048 403 1078 457 6
1130 402 1372 477 Γαϐριὴλ
1398 408 1465 478 τῇ
1499 407 1735 479 θεοτόκῳ
1772 408 1953 481 Μαρίᾳ

2064 415 2175 462 tum
2204 415 2524 477 conceptum
2551 401 2771 461 Gabriel
2800 400 3098 469 nuntiabat,
3126 393 3280 458 sexto
3300 403 3414 473 jam
3445 422 3630 462 mense

377 498 481 567 τὴν
513 499 781 566 ἄχραντον
814 494 1073 566 σύλληψιν
1116 495 1531 568 εὐηγγελίζετο,
1570 498 1729 553 ἕκτον
1771 500 1956 568 ἔλεγεν

378 589 485 659 ἤδη
517 588 661 658 μῆνα
682 587 782 657 τὴν
823 585 1107 640 Ἐλισάσετ
1136 586 1281 657 ἔχειν
1312 590 1692 660 συνειληφυῖαν
1722 591 1814 644 τὸν
1846 593 1955 644 Βα-

376 679 638 749 νπτιστήν.
671 677 800 743 Πῶς
822 674 917 733 οὖν
945 678 1116 749 ἄνδρα
1136 679 1331 747 λέγων,
1356 679 1571 752 πρῶτόν
1601 698 1765 752 φησιν
1792 682 1955 737 αὐτὸν

376 773 577 826 ἑαυτοῦ
604 773 749 839 ὅντα,
782 775 831 826 εί
869 774 1001 843 μήτι
1026 773 1157 826 Θεὸν
1182 775 1431 845 φανερῶς
1460 775 1955 847 ὲνανθρωπήσαντα

375 860 540 915 αὑτὸν
579 862 885 932 hstis-tato;
926 882 945 916 ι
980 856 1185 918 Ὀπίσω
1212 882 1313 936 μου
1348 865 1480 938 γὰρ,
1513 868 1700 937 φησιν,
1735 868 1954 938 ἔρχεται

379 951 536 1022 ἀνὴρ,
581 952 640 1015 ὃς
690 952 1005 1024 ἔμπροσθέν
1042 971 1142 1025 μου
1176 956 1421 1025 γέγονεν,
1462 957 1546 1009 ὅτι
1574 956 1810 1029 ,πρῶτός
1851 974 1953 1027 μου

379 1036 472 1111 ἦν’
500 1060 519 1091 ι
557 1041 675 1104 πῶς
702 1043 760 1094 δὲ
787 1044 841 1095 εί
872 1042 1091 1113 πρῶτος
1118 1040 1185 1116 ἦν
1213 1044 1543 1117 ἔμπροσθεν,
1581 1046 1810 1119 ὕστερον
1834 1048 1955 1116 ὲγέ-

378 1148 528 1198 νετο;
569 1134 648 1205 Τῇ
708 1134 1040 1206 φανερώσει,
1073 1137 1168 1190 καὶ
1216 1139 1283 1208 τῇ
1325 1137 1527 1207 γνώσει
1559 1142 1626 1211 τῇ
1666 1141 1805 1212 πρὸς
1860 1140 1955 1193 τὸν

377 1223 536 1276 λαόνο
565 1225 698 1294 πρὶν
746 1225 844 1296 μὲν
873 1225 984 1297 γὰρ
1013 1226 1108 1279 ἐπὶ
1148 1225 1209 1281 τὸ
1254 1227 1545 1299 κηρύττειν
1586 1229 1857 1302 παρέλθῃ,
1890 1232 1952 1285 οὐ

374 1312 585 1383 σφόδρα
613 1309 682 1384 ἦν
721 1316 837 1378 τοῖς
891 1314 1109 1380 πολλοῖς
1140 1316 1417 1389 γνώριμος
1437 1334 1453 1349 θ
1488 1321 1517 1373 6
1549 1318 1607 1372 δὲ
1644 1319 1954 1391 Βαπτιστὴς

377 1404 476 1475 ⁴Ιὶδη
510 1406 606 1459 καὶ
636 1407 953 1477 ἐκήρυττεν,
977 1407 1071 1461 καὶ
1100 1407 1389 1474 ἐϐάπτιζεν
1414 1409 1523 1481 πρὸ
1548 1409 1716 1464 αὐτοῦ
1736 1427 1750 1442 ’
1784 1409 1876 1464 ὅτε
1896 1410 1953 1464 δὲ

370 1496 567 1550 λοιπὸν
592 1499 687 1551 καὶ
717 1500 746 1551 6
777 1495 984 1568 Κύριος
1018 1498 1220 1571 ἧρξατο
1251 1500 1565 1572 κηρύττειν,
1593 1504 1690 1556 καὶ
1720 1502 1789 1557 τά
1819 1501 1954 1556 θαύ-

381 1604 532 1658 ματα
556 1590 841 1653 ἐπιτελεῖν,
862 1589 1191 1661 ἔμπροσθεν,
1208 1591 1487 1644 τουτέστιν
1512 1592 1714 1662 μᾶλλον
1731 1592 1825 1645 τοῦ
1848 1592 1956 1646 Βαα-

374 1678 608 1732 μπτιστοῦ
644 1678 711 1731 τὰ
745 1682 987 1749 πρωτεῖα
1014 1679 1226 1751 ἔφερεν.
1257 1683 1368 1735 Καὶ
1394 1682 1475 1735 ὅτι
1519 1682 1678 1736 τοῦτό
1710 1683 1859 1736 ἐστιν
1893 1683 1955 1737 τὺ

2060 498 2175 568 geni
2209 497 2277 553 ab
2310 495 2593 551 Elisabeth
2657 493 2957 565 Baptistam
2998 493 3051 548 in
3072 500 3226 549 utero
3249 495 3444 549 aiebat.
3482 497 3632 562 Quo-

2060 589 2220 643 modo
2257 602 2387 658 ergo
2426 598 2712 658 postquam
2753 600 2876 640 eum
2914 586 3088 640 virum
3125 585 3355 652 dixerat,
3395 588 3628 656 priorem

2061 693 2122 734 se
2150 677 2318 734 fuisse
2347 677 2678 741 aﬂirmabat,
2708 678 2811 733 nisi
2842 678 3011 731 Deum
3041 675 3330 733 manifeste
3361 679 3631 733 humana-

2062 777 2173 825 tum
2205 770 2378 840 ipsum
2408 770 2691 825 scivisset?
2725 788 2744 822 ι
2780 769 2910 825 Post
2939 785 3025 825 me
3049 769 3192 824 enim
3212 812 3226 837 ,
3257 771 3460 839 inquit,
3486 770 3635 824 venit

2058 859 2167 923 vir,
2194 859 2286 928 qui
2314 868 2439 915 ante
2467 874 2551 915 me
2580 860 2757 916 factus
2787 869 2890 928 est,
2920 862 3045 930 quia
3073 862 3224 931 prior
3250 876 3336 923 me
3362 871 3481 916 erat
3503 861 3568 916 ’⁸.
3606 880 3625 913 ι

2061 947 2340 1014 Quomodo
2367 958 2568 1013 autem,
2623 950 2890 1019 siquidem
2920 958 3077 1004 antea
3110 951 3260 1018 prior
3280 960 3418 1015 erat,
3451 959 3633 1021 poste-

2061 1036 2173 1091 rior
2203 1037 2380 1094 factus
2413 1038 2534 1095 est?
2572 1039 3009 1096 manifestatione
3047 1040 3237 1113 1M0
3270 1040 3520 1097 videlicet
3552 1053 3636 1096 at-
3702 1088 3719 1097 -

2060 1142 2166 1199 que
2188 1131 2328 1201 apud
2357 1131 2610 1203 populum
2640 1133 2854 1188 notitia.
2880 1131 3018 1189 Nam
3052 1135 3368 1203 priusquam
3400 1136 3465 1191 ad
3497 1149 3634 1205 pra:-

2059 1223 2347 1279 dicandum
2392 1225 2711 1290 accederet,
2752 1239 2860 1281 non
2906 1225 3196 1281 admodum
3247 1226 3430 1282 multis
3475 1238 3634 1284 notus

2060 1320 2195 1368 erat.
2228 1313 2466 1383 Baptista
2497 1329 2626 1371 vero
2654 1315 2765 1387 jam
2803 1325 2915 1371 tum
2946 1325 3004 1373 et
3036 1317 3384 1388 praedicabat,
3417 1328 3475 1374 et
3506 1328 3634 1375 ante

2057 1417 2184 1458 eum
2214 1403 2544 1473 baptizabat.
2572 1406 2837 1478 Deinceps
2865 1422 2994 1464 vero
3022 1423 3145 1465 cum
3176 1411 3339 1466 etiam
3373 1410 3635 1467 Dominus

2060 1491 2225 1561 cmpit
2264 1494 2592 1562 praedicare,
2624 1504 2681 1551 et
2724 1497 2983 1553 miracula
3027 1499 3220 1565 edere,
3261 1512 3420 1567 ante,
3458 1502 3510 1557 id
3550 1511 3636 1558 est

2062 1583 2235 1653 magis
2276 1599 2434 1653 quam
2478 1584 2755 1656 Baptista,
2795 1589 3085 1658 primatum
3131 1592 3337 1647 retulit.
3380 1593 3445 1648 Et
3487 1595 3631 1663 quod

2059 1675 2306 1730 vocabuli
2334 1685 2458 1731 ante
2484 1679 2569 1731 hic
2596 1693 2790 1733 sensus
2816 1680 2907 1744 sit,
2940 1682 3061 1762 audi
3091 1682 3220 1751 quid
3247 1680 3444 1738 Joanni
3473 1685 3632 1740 dixe-

380 1767 713 1840 ἔμπροσθεν,
759 1771 926 1824 ἄκουε
971 1770 1026 1822 τί
1080 1770 1218 1842 πρὸς
1266 1771 1360 1825 τὸν
1400 1772 1657 1842 Ἰωάννην
1689 1774 1740 1825 οἱ
1785 1772 1951 1827 αὐτοῦ

2060 1765 2168 1820 rint
2204 1766 2410 1836 proprii
2450 1767 2700 1838 discipuli
2747 1783 2762 1823 :
2812 1786 2831 1820 ι
2877 1769 3151 1841 Magister,
3191 1772 3283 1827 ille
3321 1774 3412 1843 qui
3456 1784 3633 1830 tecum

374 1860 624 1930 μαθηταὶ
677 1861 893 1930 ἔλεγον⁸
938 1880 957 1914 ι
988 1862 1198 1929 Ῥαϐϐὶ,
1246 1861 1306 1926 ὃς
1351 1859 1420 1933 ἦν
1469 1864 1610 1934 μετά
1652 1865 1746 1918 σοῦ
1791 1864 1953 1936 ὲντῷ

388 1951 648 2024 Ἰορδάνῃ,
681 1945 724 2021 ᾧ
758 1952 821 2005 σὺ
861 1952 1320 2023 μεμαρτύρηκας,
1366 1953 1441 2006 ἴδε
1486 1950 1641 2018 οὗτος
1675 1940 1950 2024 βαπτίζει,

377 2043 470 2095 καὶ
505 2043 706 2109 πάντες
734 2044 990 2115 ἔρχονται
1018 2045 1154 2116 πρὸς
1184 2046 1366 2100 αὐτόν.
1399 2068 1418 2101 ι
1450 2049 1685 2122 Θεωρεῖς
1715 2050 1834 2113 πῶς
1861 2051 1953 2104 καὶ

374 2132 567 2201 ἄνδρα,
594 2134 692 2186 καὶ
727 2134 947 2203 πρῶτον
974 2136 1272 2206 ὲκήρυξεν;

447 2225 549 2279 κθ’.
588 2225 651 2277 Et
672 2230 737 2296 τῇ
770 2226 1118 2301 προλάϐοιῐσῃ
1143 2230 1523 2301 κεκαρωμένοι
1558 2233 1718 2307 μέθῃ,
1752 2233 1829 2286 ἔτι
1856 2233 1953 2287 καὶ

376 2315 471 2369 νῦν
512 2317 912 2372 ἀναϐάλλονται
958 2323 1025 2392 τῇ
1057 2322 1286 2394 ἀληθείᾳ
1327 2324 1612 2379 πείθεσθαι
1647 2328 1698 2378 οί
1746 2327 1955 2380 πεπλα-

375 2410 623 2480 νημένοι,
656 2412 791 2481 φέρε
828 2413 1088 2484 κάκείνην
1146 2415 1332 2479 αὐτοῖς
1375 2415 1475 2486 τὴν
1514 2418 1820 2489 μαρτυρίαν
1872 2420 1955 2482 εἰς

376 2499 548 2568 μέσον
594 2502 914 2572 ἀγάγωμεν,
947 2504 1085 2574 πρὸς
1125 2507 1192 2575 ἠν
1224 2507 1503 2559 ἀντειπεῖν
1548 2506 1672 2561 οὔτε
1716 2510 1869 2562 αὐτοὶ
1902 2510 1951 2563 oi

377 2588 448 2640 τὰ
476 2587 814 2653 αὐτὰαὺτοῖς
843 2591 1204 2662 ὑπειληφότες
1232 2593 1497 2659 Ἰουδαῖοι,
1525 2597 1620 2650 καὶ
1644 2598 1953 2667 νομίζοντες

383 2676 674 2746 ἄνθρωπον
704 2679 845 2732 εἶναι
877 2681 1053 2749 ψιλὸν,
1098 2682 1283 2736 οὐκέτι
1321 2684 1697 2754 ἠδυνήθησανο
1732 2687 1861 2740 ποία
1896 2688 1953 2742 δὲ

386 2768 526 2838 αὕτη
561 2771 737 2835 ὲστίνς
769 2772 941 2836 Αὐτός
976 2789 1108 2825 ποτε
1143 2773 1270 2837 τοὺς
1301 2776 1627 2846 Φαρισαίους
1671 2779 1700 2830 6
1751 2778 1953 2851 Κύριος

384 2860 671 2932 ἠρώτησεν
692 2862 867 2931 λέγων
885 2879 898 2893 ·
940 2882 960 2916 ι
984 2864 1051 2917 Τί
1079 2865 1209 2935 ὑμῖν
1239 2865 1388 2919 δοκεῖ
1412 2867 1539 2937 περὶ
1561 2867 1653 2921 τοῦ
1683 2869 1949 2941 Χριστοῦ;

376 2952 525 3015 τίνος
556 2953 670 3017 υίός
700 2954 818 3006 ἐστι
840 2971 855 3020 ;
881 2974 900 3007 ι
928 2955 1050 3009 Τῶν
1079 2956 1135 3010 δὲ
1170 2959 1645 3029 ἀποκριναμένων,
1675 2981 1692 3013 ι
1716 2962 1823 3016 Τοῦ
1846 2965 1952 3018 Δα-

2059 1864 2178 1911 erat
2213 1857 2265 1911 in
2302 1856 2563 1925 Jordane,
2605 1861 2690 1913 cui
2731 1869 2787 1914 tu
2828 1861 3197 1917 testimonium
3241 1865 3460 1931 dedisti,
3504 1882 3634 1922 ecce

2061 1961 2201 2001 nunc
2239 1948 2285 2001 is
2323 1948 2583 2016 baptizat,
2616 1960 2670 2005 et
2692 1951 2756 2004 ad
2783 1966 2907 2005 eum
2943 1953 3121 2007 cuncti
3144 1954 3362 2008 veniunt
3382 1956 3447 2010 ²⁹.
3490 1975 3510 2007 ι
3543 1957 3636 2011 Vi-

2061 2037 2190 2091 den’
2230 2053 2336 2107 qua
2368 2039 2582 2093 ratione
2612 2049 2665 2094 et
2697 2040 2872 2095 virum
2905 2049 2961 2095 et
2995 2042 3227 2110 priorem
3251 2045 3419 2113 ipsum
3444 2045 3636 2115 praedi-

2059 2129 2300 2183 caverit?

2127 2220 2219 2273 20.
2261 2216 2547 2275 Postremo
2586 2220 2633 2275 si
2677 2231 2864 2275 vetere
2910 2222 3118 2291 gravati
3166 2224 3410 2292 crapula.
3456 2228 3632 2283 adhuc

2062 2310 2274 2365 veritati
2312 2312 2534 2365 credere
2567 2311 2618 2365 hi
2653 2325 2881 2366 errones
2912 2310 3196 2379 diﬁcrunt,
3230 2329 3327 2385 age
3353 2314 3463 2383 jam
3500 2317 3630 2372 illttd

2059 2416 2271 2472 quoque
2318 2403 2687 2457 testimonium
2737 2403 3076 2473 proferamus
3128 2407 3181 2460 in
3230 2409 3502 2474 medium,
3544 2412 3632 2467 cui

2059 2493 2435 2548 contradicere
2477 2509 2545 2548 ne
2590 2493 2689 2564 ipsi
2732 2495 2951 2565 quidem
2999 2496 3153 2566 paria
3202 2498 3289 2553 his
3336 2502 3631 2558 sentientes

2058 2584 2258 2652 Judari,
2304 2595 2358 2640 et
2395 2586 2695 2657 simplicem
2740 2589 3012 2643 hominem
3049 2590 3388 2658 iudicantes,
3430 2593 3632 2648 diutius

2059 2685 2373 2747 potuerunt.
2402 2677 2555 2744 Quod
2581 2694 2713 2734 vero
2744 2680 2847 2734 hoc
2875 2680 2997 2735 est?
3027 2680 3144 2748 Ipse
3173 2682 3462 2752 aliquando
3488 2684 3632 2739 Pha-

2058 2768 2246 2822 risazos
2279 2768 2538 2823 Dominus
2573 2770 2932 2839 interrogavit
2964 2772 3152 2825 dicens
3187 2791 3200 2827 :
3244 2790 3262 2824 ι
3301 2774 3440 2840 Quid
3476 2774 3630 2830 vobis

2058 2857 2272 2911 videtur
2307 2859 2373 2912 de
2415 2857 2674 2912 Christo?
2719 2857 2997 2925 cuiusnam
3046 2859 3185 2915 illius
3226 2862 3344 2915 est?
3383 2861 3629 2932 Respon-

2060 2946 2775 3014 deutibusillis,tl)avidis,i
2798 2948 2999 3005 aitillis
3031 2966 3045 3004 :
3086 2967 3106 3001 ι
3141 2950 3251 3005 Cur
3288 2967 3417 3023 ergo
3462 2953 3629 3010 David

376 3043 482 3098 6i6‘
503 3062 526 3095 ι
542 3043 650 3115 ἔφη
672 3045 810 3117 πρὸς
839 3046 1058 3111 αὐτούς’
1088 3065 1107 3100 t
1137 3048 1260 3114 Πῶς
1282 3044 1376 3103 οὖν
1395 3051 1560 3105 Δαόὶδ
1585 3053 1645 3106 ὲν
1671 3054 1951 3126 Πνεύματι

2062 3036 2264 3107 Spiritu
2314 3038 2601 3094 instinctus
2644 3046 2803 3094 vocat
2847 3053 2972 3093 eum
3023 3040 3333 3105 Dominum,
3379 3043 3567 3098 dicens
3612 3062 3627 3099 :

378 3135 533 3190 καλεῖ
545 3111 958 3210 αύτδν-Κύριον,
980 3139 1175 3210 λέγων’
1195 3111 1361 3195 Εῖπεν
1387 3145 1416 3196 6
1442 3143 1647 3214 Κύριος
1667 3144 1745 3217 τῷ
1765 3111 1953 3219 κυρίῳ

2060 3126 2485 3186 DixitDominus
2516 3129 2749 3186 Domino
2802 3145 2943 3199 meo,
2980 3131 3119 3187 Sede
3152 3147 3182 3186 a
3217 3133 3421 3189 dextris
3457 3136 3627 3203 meis,

379 3243 504 3298 μουο
538 3227 723 3283 Κάθου
754 3230 820 3283 ἐκ
847 3229 1035 3297 δεξιῶν
1063 3248 1189 3300 μου,
1220 3232 1325 3297 ἕως
1357 3232 1424 3287 ἂν
1463 3233 1542 3288 θῶ
1568 3235 1696 3300 τοὺς
1727 3237 1957 3308 ἐχθρούς

378 3334 470 3370 σου
499 3318 795 3372 ὑποπόδιον
825 3320 933 3373 τῶν
981 3319 1160 3375 ποδῶν
1190 3338 1325 3390 σου;
1368 3323 1433 3377 El
1476 3323 1571 3378 οὖν
1593 3326 1759 3380 Δαεὶδ
1797 3328 1957 3381 καλεῖ

377 3405 540 3459 αὐτὸν
567 3403 795 3476 Κύριον,
824 3405 941 3471 πῶς
967 3408 1082 3473 υἱὸς
1121 3409 1285 3464 αὐτοῦ
1304 3413 1485 3481 ὲστιν;
1531 3432 1550 3465 ι
1596 3415 1760 3486 Ὁρᾷς
1792 3433 1957 3484 φανει-

381 3495 489 3566 ρῶς
519 3495 637 3559 πῶς
668 3496 872 3566 Κύριον
914 3498 1007 3551 τοῦ
1054 3500 1222 3555 Δαόὶδ
1254 3503 1449 3557 ἑαυτὸν
1481 3505 1799 3572 ἀπέδειξεν;
1831 3507 1957 3569 Πῶς

374 3584 467 3642 οὖν
482 3591 510 3641 6
526 3591 593 3642 ὲκ
604 3589 918 3659 σπέρματος
941 3590 1124 3657 Δαὸὶδ,
1140 3592 1345 3661 Κύριος
1362 3595 1529 3649 αὑτοῦ
1547 3592 1688 3651 εἶναι
1701 3598 1953 3668 ἠδύνατο,

379 3683 476 3735 καὶ
523 3681 619 3734 τοῦ
673 3683 880 3752 πατρὸς
927 3684 1240 3757 σύνθρονος,
1275 3689 1324 3740 εί
1371 3689 1446 3760 μὴ
1495 3690 1575 3743 ὅτι
1604 3691 1738 3755 Θεὸς
1765 3687 1834 3762 ἦν
1886 3693 1956 3747 τά

376 3770 696 3841 ἀνθρώπινα
735 3773 1196 3846 περιϐαλόμενος
1224 3778 1352 3831 Υίὸν
1378 3779 1487 3851 γὰρ
1509 3780 1675 3834 Δαϐὶδ
1711 3782 1809 3835 καὶ
1839 3782 1953 3836 Κύ-

380 3880 519 3935 ριον,
547 3864 640 3917 τὸν
668 3867 734 3919 ὲκ
768 3867 867 3937 τῆς
895 3868 1174 3940 Παρθένου
1200 3871 1482 3941 τεχθέντα,
1514 3874 1796 3927 τουτέστιν
1826 3876 1956 3929 ἑανο-

376 3954 491 4015 τὸν,
510 3955 793 4020 ἀπέδειξεν
812 3973 827 3988 ο
854 3957 968 4011 ἀλλ’
993 3961 1193 4013 ἐκεῖνοι
1220 3963 1316 4031 μὲν
1341 3965 1436 4018 καὶ
1461 3963 1668 4034 ταύτην
1693 3965 1793 4037 τὴν
1817 3983 1957 4038 μαρ-

375 4046 572 4117 τυρίαν
602 4048 937 4114 ἀκούσαντες
962 4051 1373 4123 ἀνετράπησαν,
1406 4056 1503 4108 καὶ¹
1530 4055 1624 4108 τοῦ
1658 4056 1956 4126 ἀντιλέγειν

376 4137 708 4203 ἐπαύσαντο,
753 4140 829 4203 ὡς
895 4143 923 4193 6
977 4141 1367 4213 εὐαγγελιστὴς
1427 4146 1658 4216 ίστορεῖο
1706 4167 1725 4200 ‹
1769 4149 1955 4214 Οὐδεὶς

376 4227 513 4298 γὰρ,
544 4228 733 4298 φησὶν,
777 4229 1012 4300 ἠδύνατο
1047 4232 1413 4304 ἀποκριθῆναι
1452 4238 1600 4307 αὐτῷ
1627 4237 1803 4307 λόγον,
1836 4241 1955 4293 οὐδὲ

376 4318 682 4389 ἐτόλμησεν
716 4322 809 4374 ἀπ’
842 4323 1060 4393 ἐκείνης
1098 4324 1199 4396 τῆς
1231 4325 1380 4397 ὥρας
1418 4328 1763 4400 ἐπερωτῆσαι
1792 4332 1955 4386 αὐτὸν

374 4408 588 4463 οὐκέτι.
621 4428 641 4461 ι

448 4499 517 4555 λ’.
575 4500 792 4557 Γένοιτο
842 4503 899 4557 δὲ
954 4505 1050 4559 καὶ
1097 4507 1358 4574 τούτους,
1400 4510 1503 4566 κᾶν
1542 4512 1642 4584 ὀψέ
1682 4532 1811 4569 ποτε
1855 4517 1955 4588 τῆς

376 4586 568 4651 ἀνοίας
601 4589 968 4659 ἀποστάντας,
989 4597 1289 4666 ἐπιγνῶναι
1324 4600 1424 4670 τῆς
1454 4602 1736 4668 εὐσεϐείας
1764 4606 1825 4659 τὸ
1852 4586 1953 4676 κή-

378 4697 604 4751 ρυγμα·
640 4684 800 4753 ἡμεῖς
830 4683 887 4737 δὲ
924 4685 1130 4758 ταύτης
1178 4689 1431 4762 ἐχώμεθα
1468 4694 1569 4763 τῆς
1597 4696 1835 4761 πίστεως
1865 4698 1954 4752 διὰ

377 4772 912 4859 παντὸς,νάγαπητοί
935 4790 948 4805 ⁸
998 4779 1202 4852 ταύτην
1244 4784 1337 4836 καὶ
1385 4785 1443 4837 ὲν
1468 4770 1687 4857 διανοίᾳκ
1710 4789 1954 4859 κατέχω-

380 4872 504 4926 μεν,
538 4858 634 4911 καὶ
678 4862 745 4931 τῇ
789 4860 1005 4937 γλώττῃ
1036 4868 1283 4939 φανερῶς
1324 4873 1414 4925 καὶ
1464 4874 1603 4943 μετὰ
1642 4858 1956 4947 παρρησίας

375 4947 768 5039 κηρύττωμεν,
795 4953 973 5008 πάντα
1001 4956 1089 5010 διὰ
1111 4959 1315 5031 ταύτην
1334 4964 1628 5034 ὑπομένειν
1658 4968 1954 5039 προθύμως

375 5038 723 5110 ἀνεχόμενοι.
759 5044 908 5118 Αὕτη
941 5048 1040 5116 μὲν
1070 5049 1176 5122 γὰρ
1209 5055 1503 5125 προφητῶν
1524 5059 1673 5110 ἐστιν
1708 5038 1954 5132 πρόρρη-

377 5146 483 5195 σις,
515 5134 834 5190 ἀποστόλων
866 5137 923 5190 δὲ
970 5141 1252 5212 κήρυγμα,
1288 5146 1381 5199 καὶ
1423 5148 1523 5218 τῆς
1566 5150 1675 5203 τῶν
1707 5152 1952 5222 οὐρανῶν

378 5222 659 5291 βασιλείας
688 5228 970 5300 πρόξενος,
1004 5232 1141 5302 αὕτη
1182 5235 1281 5304 τῆς
1309 5238 1526 5291 αἰωνίου
1557 5239 1703 5310 ζωῆς
1736 5242 1950 5311 ὁδηγὸς,

374 5316 517 5389 αὕτη
540 5320 652 5374 τῶν
690 5324 945 5393 πατέρων
972 5327 1000 5378 6
1020 5326 1270 5392 πλοῦτος,
1293 5330 1430 5401 αὕτη
1461 5334 1553 5385 καὶ⁸
1583 5335 1737 5405 ἡμῶν
1761 5339 1791 5389 6
1822 5337 1953 5410 ἀλη-

377 5409 523 5475 θινὸς
549 5412 845 5485 θησαυρὸς,
889 5417 1030 5489 ὑπὲρ
1053 5413 1114 5473 οὗ
1141 5420 1316 5474 πάντα
1342 5427 1539 5479 πωλεῖν
1563 5428 1657 5480 καὶ
1683 5430 1949 5499 προέσθαι

372 5500 621 5557 δίκαιον*
666 5506 858 5561 τοῦτον
886 5509 941 5562 εί
986 5524 1066 5572 τις
1120 5511 1277 5582 ἡμῶν
1331 5515 1671 5586 ἀποσυλῆσαι
1710 5519 1946 5590 θελήσοι,

2057 3221 2228 3276 donec
2267 3222 2459 3291 ponam
2494 3223 2746 3279 inimicos
2782 3232 2903 3280 tuos
2935 3224 3232 3279 scabellum
3267 3227 3463 3296 pedum
3507 3238 3627 3284 tuo-

2058 3312 2213 3366 rum?
2241 3312 2295 3367 Si
2327 3328 2455 3383 ergo
2481 3313 2655 3369 David
2684 3324 2838 3370 vocat
2869 3331 2991 3370 eum
3024 3316 3331 3383 Dominum,
3358 3319 3631 3387 quomodo

2057 3402 2200 3458 illius
2233 3404 2350 3475 ejus
2383 3416 2467 3460 est
2494 3405 2580 3459 "1'
2618 3424 2636 3458 ι
2676 3404 2860 3461 Nonne
2897 3416 3082 3476 aperte
3116 3408 3297 3471 vides,
3338 3410 3481 3479 quod
3520 3408 3630 3464 Do-

2057 3497 2260 3551 minum
2292 3507 2463 3552 semet
2490 3497 2708 3552 Davidis
2735 3496 3162 3552 demonstravit?
3188 3499 3467 3564 Quomodo
3497 3514 3627 3570 ergo

2056 3588 2149 3658 qui
2188 3588 2255 3642 de
2297 3589 2505 3643 semine
2546 3589 2765 3644 Davidis
2809 3598 2961 3655 erat,
3003 3590 3161 3661 hujus
3205 3591 3465 3648 Dominus
3507 3608 3629 3648 esse

2058 3688 2301 3748 poterat,
2342 3688 2397 3735 et
2441 3681 2610 3749 patris
2653 3680 2708 3734 in
2755 3680 2952 3735 throno
2995 3697 3305 3748 consessor,
3348 3684 3452 3739 nisi
3496 3685 3625 3753 quia

2058 3768 2200 3823 Deus
2220 3778 2336 3823 erat
2360 3769 2594 3824 humana
2618 3778 2811 3823 natura
2836 3771 3239 3826 circumdatus?
3256 3772 3453 3827 Filium
3480 3777 3627 3829 enim

2058 3858 2277 3913 Davidis
2308 3873 2373 3914 ac
2407 3860 2714 3926 Dominum,
2743 3874 2864 3913 eum
2899 3876 3056 3929 quem
3086 3863 3245 3932 Virgo
3277 3866 3509 3933 peperit,
3540 3880 3631 3920 se-

2058 3951 2229 4021 ipsum
2270 3952 2541 4016 videlicet,
2583 3954 2999 4010 demonstravit.
3042 3954 3106 4008 Et
3150 3955 3225 4009 illi
3268 3957 3485 4025 quidem
3526 3958 3627 4013 hoc
3717 3966 3733 3987 ’

2057 4043 2241 4098 audito
2283 4042 2616 4109 testimonio,
2658 4042 2931 4107 abierunt,
2974 4051 3029 4098 et
3072 4045 3495 4101 contradicendo
3532 4050 3631 4103 ab-

2058 4135 2346 4195 stiterunt,
2380 4142 2441 4186 ut
2469 4142 2656 4186 narrat
2686 4133 3042 4202 evangelista.
3075 4152 3093 4185 ι
3128 4132 3300 4188 Nemo
3331 4134 3475 4188 enim
3499 4176 3512 4201 ,
3545 4137 3627 4191 in-

2057 4226 2194 4296 quit,
2238 4234 2452 4295 poterat
2494 4227 2544 4281 ei
2588 4217 2919 4295 respondere
2958 4227 3206 4290 verbum,
3249 4240 3424 4296 neque
3466 4242 3629 4284 ausus

2057 4317 2159 4371 fuit
2200 4317 2486 4387 quisquam
2528 4334 2596 4374 ex
2640 4318 2728 4375 illa
2769 4319 2904 4375 hora
2945 4335 3069 4376 eum
3112 4318 3347 4390 amplius
3389 4319 3628 4377 interro-

1982 4443 2033 4504 Β
2059 4424 2187 4479 gare
2211 4409 2277 4464 “.
2318 4427 2339 4461 ι

2129 4518 2216 4575 50.
2260 4520 2476 4576 Utinam
2514 4537 2644 4577 vero
2690 4532 2745 4578 et
2786 4523 2838 4577 hi
2882 4523 3180 4579 adversarii
3226 4533 3416 4593 nostri,
3454 4541 3630 4601 quat)-

2057 4624 2221 4681 quam
2251 4626 2398 4677 sero,
2426 4613 2627 4669 omissa
2658 4613 2875 4670 vesania
2907 4628 3002 4670 sua
3038 4624 3195 4673 rectae
3229 4622 3501 4691 religionis
3530 4628 3629 4682 do—

2058 4704 2291 4758 ctrinam
2317 4707 2643 4773 agnoscant!
2670 4704 2782 4761 Nos
2801 4719 2946 4765 certe
2967 4711 3087 4766 lidei
3110 4712 3233 4767 huic
3254 4714 3630 4776 adhaereamus

2057 4802 2395 4859 constanter,
2420 4808 2451 4849 ο
2473 4796 2804 4851 charissimi.
2829 4798 2980 4855 Hanc
3000 4809 3054 4855 et
3078 4811 3252 4858 mente
3275 4807 3626 4873 retineamus,

2059 4890 2114 4934 et
2153 4882 2333 4942 lingua
2375 4883 2553 4952 palam
2592 4887 3037 4959 conﬁdenterque
3073 4895 3457 4963 prmdicemus,
3496 4898 3628 4951 nihil

2059 4975 2220 5035 huius
2252 4987 2413 5030 causa
2441 4975 2696 5032 alacriter
2722 4982 2925 5051 perpeti
2962 4993 3294 5040 recusantes.
3324 4986 3449 5041 Haec
3484 4989 3627 5041 enim

2060 5074 2143 5119 est
2168 5067 2551 5136 prophetarum
2578 5073 2877 5141 praedictio,
2903 5076 3264 5144 apostolorum
3292 5078 3626 5142 praedicatio,

2060 5165 2115 5212 et
2144 5159 2290 5228 regni
2324 5162 2587 5217 caelorum
2620 5163 2870 5219 donatrix
2893 5209 2907 5231 ,
2942 5166 3057 5219 haec
3086 5177 3300 5221 aeternae
3329 5169 3450 5220 vitae
3480 5167 3585 5220 dux
3612 5209 3627 5232 ,
3710 5176 3717 5183 ‘

2056 5249 2173 5303 haec
2215 5261 2428 5319 patrum
2473 5255 2583 5307 dite
2624 5254 3040 5322 patrimonium,
3087 5257 3201 5309 haec
3239 5270 3398 5310 verus
3444 5265 3629 5310 noster

2058 5341 2376 5409 thesaurus,
2413 5342 2567 5410 cujus
2597 5359 2757 5399 causa
2788 5346 2969 5401 omnia
3004 5357 3237 5401 vendere
3269 5362 3333 5401 ac
3364 5347 3630 5417 projicere

2056 5449 2267 5504 aequum
2326 5445 2426 5489 est.
2486 5436 2598 5489 Hoc
2651 5436 2697 5490 si
2749 5437 2870 5505 quis
2932 5436 3184 5491 thesauro
3240 5438 3474 5507 spoliare
3529 5452 3627 5491 nos

2055 5525 2318 5591 voluerit,
2358 5539 2481 5580 eum
2527 5533 2585 5580 ut
2627 5524 2828 5583 Christi
2875 5527 3243 5583 adversarium
3290 5541 3626 5589 averscmur,

463 5684 655 5742 “Luc.
690 5704 728 5756 t,
760 5688 845 5744 56.
925 5692 968 5727 ”
987 5690 1141 5748 Joan.
1170 5708 1250 5759 ιιι,
1278 5692 1366 5749 26.
1446 5696 1488 5731 ³⁸
1511 5699 1704 5756 Matth.
1740 5717 1876 5770 χχιι,
1911 5702 1953 5758 ιε

2060 5707 2098 5762 5.
2178 5709 2219 5741 ³¹
2243 5707 2372 5766 ibid.
2411 5707 2499 5764 46.
