4014 6128
1412 300 1826 359 EXPLICATIO
1863 300 2215 361 DUODECIM
2256 301 2586 361 CAI’ITUM.

645 443 2075 476 ,Μ

3511 306 3620 360 204'

2077 446 3608 483 Ἥ

974 628 1492 718 ΕΠΙΛΥΣΙΣ
1562 631 1790 718 ΤΩΝ
1864 625 2316 716 ΔΩΔΕΚΑ
2387 628 3035 721 ΚΕΦΑΛΑΙΩΝ

1684 833 1959 884 ΡΗΘΕΙΣΑ
1995 838 2078 888 EN
2106 839 2311 904 ΕΦΕΣᾨ

1140 1005 1278 1060 ΥΠΟ
1315 1006 1674 1060 ΚΥΡῙΛΛΟΥ
1709 1003 2277 1060 ΑΡΧΙΕΠΙΣΚΟΠΟΥ
2317 1003 2863 1071 ΑΛΕΞΑΝΔΡΕΙΔΣ,

474 1180 587 1252 ΐῆς
615 1181 676 1252 ἁ,
694 1200 790 1247 ,ας
821 1182 1088 1240 Συνόδου
1116 1182 1467 1251 ἀξιωσὰσης
1499 1182 1687 1261 αὑτὸν·
1718 1180 2093 1253 σαφέστερον
2150 1180 2355 1246 αὐτοῖς
2383 1181 2822 1253 ἑκτρανωθῆναι
2862 1196 2887 1224 ι
2917 1183 3030 1252 τὴν
3061 1184 3286 1237 τούτων
3316 1183 3520 1238 λύσιν.

977 1500 1709 1595 EXPLICATIO
1783 1500 2411 1593 DUODECIM
2487 1499 3011 1591 CAPITUM

1628 1691 1862 1743 EPHESI
1904 1689 2361 1771 PRONUNTIATA

1184 1873 1233 1935 Α
1270 1870 1588 1933 CYRILLO
1630 1868 2224 1931 ARCHIEPISCOPO
2260 1868 2832 1934 ALEXANDRINO,

1261 2031 1315 2079 S.
1348 2027 1546 2094 Synodo
1576 2024 1841 2079 clariorem
1863 2024 2063 2077 illorum
2082 2022 2458 2077 declarationem
2478 2020 2712 2087 exigente.

379 2187 397 2248 (
418 2183 574 2247 Hujus
606 2178 718 2248 libri
762 2184 816 2230 ei.
860 2178 1067 2248 duorum
1111 2180 1423 2241 sequentium
1463 2175 1923 2248 interpretationem
1960 2175 2183 2248 Δ[ιιιιίιιιιτῐιι
2223 2187 2368 2248 quam
2407 2173 2624 2248 Joannes
2655 2171 2906 2248 nubentis
2936 2170 3520 2248 admiserat,__paraphras
3544 2178 3620 2226 ice

578 2245 885 2304 adornatam,
907 2233 1261 2302 rejecimus,'et
1279 2252 1388 2289 eam
1410 2233 1685 2301 recepimus
1715 2251 1827 2301 quae
1862 2241 2029 2286 exstat
2052 2238 2104 2285 iu
2128 2233 2357 2285 Concilit's
2383 2247 2446 2284 ex
2472 2233 2693 2285 editione
2716 2235 2917 2285 Joannis
2952 2233 3191 2285 Dominici
3219 2233 3415 2299 ﬂansil)

450 2570 474 2603 ι
511 2550 698 2605 Πάντα
716 2549 924 2606 ἐνώπια
945 2550 1059 2612 τοῖς
1079 2548 1340 2615 συνιοῦσι,
1369 2548 1463 2603 καὶ
1488 2547 1624 2620 ὀρθά
1650 2548 1759 2611 τοῖς
1806 2545 1952 2618 εὑρί-

2127 2540 2284 2615 145
2311 2561 2329 2594 ι
2355 2541 2602 2608 Omnia,»
2635 2554 2695 2598 ut
2724 2541 2983 2613 scriptum
3007 2552 3110 2611 est,
3148 2561 3168 2596 ι
3201 2544 3360 2600 obvia
3388 2554 3515 2598 sunt
3540 2544 3627 2598 in-

381 2655 573 2693 σκουσι
623 2639 846 2705 γνῶσιν,
892 2656 912 2687 ι
958 2637 1099 2691 κατά
1145 2637 1208 2690 τὸ
1256 2636 1663 2707 γεγραμμένον.
1715 2635 1779 2688 Οἱ
1853 2634 1950 2705 μὲν

331 2788 335 2790 γ
384 2729 494 2799 γάρ
518 2726 630 2792 ὀξεῖ
659 2744 718 2780 τε
745 2729 839 2780 καὶ⁵
869 2726 1098 2798 καθαρῷ
1142 2726 1380 2789 διανοίας
1417 2726 1621 2797 ὄμματι
1645 2726 1755 2788 τοῖς
1788 2725 1952 2796 ἱεροῖς

382 2820 484 2887 τῆς
512 2818 870 2873 θεοπνεύστου
908 2817 1131 2888 Γραφῆς
1162 2817 1646 2887 περιτυγχάνοντες
1669 2814 1865 2884 λόγοις,
1891 2812 1951 2867 τὸ

377 2909 441 2974 ἐξ
500 2910 681 2962 αὐτῶν
729 2908 942 2978 ὄφελος,
993 2907 1136 2962 θεῖον
1177 2908 1366 2979 ὥσπερ
1403 2907 1523 2962 τινὰ
1568 2906 1660 2961 καὶ
1703 2906 1953 2977 οὐράνιον

376 3001 652 3071 θησαυρὸν
677 3003 799 3064 ταῖς
830 2998 1037 3054 ἑαυτῶν
1061 2998 1408 3062 είσοικίζουσι
1435 2998 1631 3070 ψυχαῖς
1650 3015 1663 3029 ·
1693 2999 1743 3051 οί
1770 2996 1828 3050 δὲ
1859 2996 1951 3049 τὸν

375 3088 502 3143 νοῦν
535 3090 749 3161 ἔχοντες
774 3089 852 3161 τῷ
875 3088 1057 3158 ψεύδει
1097 3088 1541 3161 προσνενευκάια,
1571 3089 1666 3141 καὶ
1700 3089 1821 3151 ταῖς
1866 3104 1950 3163 τι·

374 3198 483 3236 νων
524 3180 947 3252 ἀθυροστομίαις
981 3179 1011 3219 1³
1044 3177 1375 3249 ἡττώμενον,
1412 3176 1641 3249 βεϐήλου
1692 3174 1950 3245 γνώσεως

376 3271 633 3344 ἐραστὴν,
661 3271 884 3324 ἐκείνων
910 3268 1122 3323 ἔσονται
1148 3267 1415 3333 κοινωνοὶ,
1448 3268 1577 3338 περὶ
1605 3259 1681 3321 ὧν
1707 3268 1737 3319 ὁ
1768 3265 1951 3336 μακά-

380 3380 492 3435 ριος
544 3361 745 3433 γράφει
782 3358 1022 3423 Παῦλος⁸
1063 3377 1083 3411 ι
1132 3357 1221 3412 Ἑν
1260 3352 1342 3421 οἷς
1379 3360 1408 3411 ὁ
1452 3356 1573 3422 θεὸς
1612 3355 1708 3411 τοῦ
1756 3354 1951 3419 αίῶνος

376 3451 566 3506 τούτου
608 3448 886 3518 ἐτύφλωσε
936 3448 1007 3502 τὰ
1032 3449 1283 3518 νοήματα
1307 3444 1417 3499 τῶν
1448 3446 1719 3509 ἀπίστων,
1768 3445 1849 3507 εἰς
1889 3442 1953 3496 τὸ

380 3544 452 3612 μὴ
482 3541 721 3610 αὐγάσαι
754 3540 846 3593 τὸν
875 3538 1153 3609 φωτισμὸν
1193 3536 1286 3590 τοῦ
1326 3536 1643 3606 εὐαγγελίου
1671 3535 1772 3605 τῆς
1793 3534 1952 3605 δόξης

375 3631 469 3685 τοῦ
495 3629 755 3702 Χριστοῦ.
787 3648 807 3682 ι
839 3627 1223 3698 Τυφλώττουσι
1255 3627 1384 3698 γὰρ,
1435 3626 1531 3680 καὶ
1584 3625 1721 3679 είσὶν
1768 3622 1952 3694 ὁδηγοὶ

374 3723 591 3792 τυφλῶν
610 3739 624 3754 ο
645 3722 923 3792 τοιγάρτοι
943 3719 1038 3773 καὶ
1056 3720 1168 3782 τοῖς
1186 3719 1287 3788 τῆς
1312 3716 1586 3780 ἀπωλείας
1614 3714 1950 3786 ἐμπίπτουσι

377 3814 610 3885 βόθροις.
640 3814 728 3876 Ὦς
781 3812 891 3884 γὰρ
936 3809 1109 3875 αὐτός’,
1148 3807 1250 3863 πού
1279 3824 1443 3880 φησιν
1479 3808 1509 3862 ὁ
1531 3805 1725 3876 Σωτὴρ
1745 3842 1760 3869 ,
1795 3820 1814 3855 ι
1844 3803 1952 3856 Τυ-

2057 2634 2442 2705 tclligentibus,
2483 2642 2539 2690 et
2591 2644 2737 2690 recta
2776 2634 3174 2691 invenientibus
3210 2634 3491 2691 scientiam
3523 2637 3561 2691 ί.
3600 2657 3619 2686 ι

2052 2726 2263 2783 Etenim
2321 2726 2411 2796 qui
2459 2739 2615 2780 saera
2673 2725 2868 2780 divinae
2922 2725 3218 2795 Scriptum
3261 2727 3424 2781 verba
3468 2736 3627 2781 acuto

2053 2833 2297 2889 puroque
2359 2817 2518 2873 oculo
2571 2816 2873 2887 perlegunt,
2960 2817 3013 2871 hi
3068 2818 3211 2885 quod
3267 2818 3397 2872 utile
3453 2818 3505 2872 in
3557 2819 3627 2873 iis

2053 2910 2314 2974 occurrit,
2340 2908 2503 2962 veluti
2521 2907 2759 2962 divinum
2789 2906 3074 2977 quemdam
3101 2914 3157 2961 et
3196 2907 3472 2963 caelestem
3507 2909 3626 2964 the-

2052 3016 2294 3065 saurum,
2332 3000 2385 3054 in
2412 3000 2622 3054 animos
2671 3014 2799 3054 suos
2829 2999 3165 3054 recondunt:
3194 3001 3285 3070 qui
3317 3014 3446 3054 vero
3476 3015 3627 3055 men-

2053 3101 2161 3148 tem
2200 3092 2450 3147 obtinent
2498 3091 2567 3146 ad
2599 3090 2939 3146 mendacium
2980 3106 3326 3162 propensam,
3388 3094 3623 3146 nonnul-

2053 3182 2334 3253 lorumque
2355 3180 2646 3251 uugacitati
2679 3180 3061 3250 mancipatam,
3090 3195 3154 3235 ac
3178 3180 3419 3249 profanae
3448 3181 3624 3237 scien-

2057 3270 2145 3324 tize
2200 3271 2439 3337 avidam,
2494 3269 2707 3324 illorum
2754 3270 2885 3324 socii
2917 3271 3304 3334 censebuntur,
3336 3271 3402 3325 de
3430 3272 3626 3341 quibus

2055 3362 2243 3417 beatus
2262 3361 2462 3417 Paulus
2503 3361 2767 3432 scriptum
2808 3360 3072 3432 reliquit:
3107 3380 3125 3414 ι
3159 3361 3213 3416 ln
3249 3362 3447 3432 quibus
3492 3363 3625 3418 deus

2054 3451 2216 3520 hujus
2263 3452 2442 3507 saeculi
2487 3453 2784 3508 excaecavit
2823 3462 3033 3508 mentes
3066 3453 3386 3519 inﬁdelium,
3428 3465 3622 3510 utnon

2053 3540 2256 3612 fulgeat
2310 3543 2389 3597 eis
2421 3543 2741 3597 illuminatio
2774 3543 3049 3613 Evangelii
3081 3544 3265 3614 gloria:
3284 3546 3483 3601 Christi
3511 3548 3557 3601 ί.
3598 3566 3617 3598 ι

2052 3630 2191 3688 ϐεεσί
2253 3634 2397 3688 enim
2475 3643 2622 3700 sunt,
2675 3643 2730 3689 et
2802 3634 2965 3689 duces
3037 3636 3394 3691 caacorum':
3450 3653 3619 3706 quare

2052 3731 2107 3778 et
2136 3724 2187 3778 in
2223 3725 2535 3795 perditionis
2563 3724 2745 3781 foveas
2769 3734 3051 3781 corruunt.
3072 3724 3229 3793 Nam,
3260 3736 3319 3782 ut
3366 3725 3622 3784 Salvator

2056 3814 2170 3882 ipse
2194 3814 2411 3871 ’alicubi
2469 3824 2693 3871 monet:
2736 3833 2756 3868 ι
2820 3814 2878 3870 Si
2940 3830 3115 3872 caecus
3169 3832 3313 3874 caeco
3364 3820 3618 3875 ducatum
3697 3847 3703 3854 -

374 3904 505 3975 φλὺς
544 3903 742 3974 τυφλὸν
781 3904 875 3957 ὲάν
918 3902 1109 3973 ὁδηγῇ,
1150 3900 1452 3972 ἀμφότεροι
1481 3900 1560 3963 εἰς
1608 3895 1801 3967 βόθρον
1845 3896 1945 3965 ἐμ-

2053 3915 2288 3976 prtestet,
2343 3907 2502 3962 ambo
2536 3907 2589 3960 in
2634 3905 2843 3961 foveam
2892 3909 3088 3963 cadent
3114 3910 3157 3961 ⁸.
3195 3927 3215 3960 ι
3262 3909 3402 3963 Sunt
3454 3911 3621 3979 igitur

372 3996 691 4050 πεσοῦνται.
745 4014 764 4046 ι
819 3992 1276 4066 Καταφλυαροῦσι
1304 3992 1485 4045 τοίνυν
1513 3989 1659 4051 τινὲς
1694 3988 1802 4040 τῶν
1845 3989 1946 4057 τῆς

373 4087 630 4159 ἀληθείας
670 4085 976 4157 δογμάτων,
1017 4087 1111 4139 καὶ
1154 4084 1476 4153 σκαιότητος
1523 4079 1829 4150 διαϐολικῆς
1856 4079 1947 4131 τὸν

372 4179 573 4233 οίκεῖον
597 4178 979 4249 ἐμπλήσαντες
1023 4173 1171 4238 νοῦν,
1216 4172 1658 4246 παραχαράττειν
1694 4169 1947 4238 ἐπείγον-

371 4286 461 4324 ται
493 4268 554 4322 τὺ
578 4269 677 4339 τῆς
706 4269 964 4339 ἀληθείας
991 4268 1311 4338 μυστήριον,
1344 4264 1437 4318 καὶ
1460 4263 1556 4335 τῆς
1580 4261 1718 4334 μετά
1747 4259 1949 4332 σαρκὸς

372 4361 686 4432 οίκονομίας
729 4360 824 4415 τοῦ
869 4357 1210 4428 Μονογενοῦς
1257 4357 1318 4410 οὐ
1367 4355 1604 4427 μετρίως
1661 4353 1944 4408 ποιοῦνται

368 4450 469 4522 τὴν
520 4452 896 4524 κατάρρησιν,
953 4469 972 4502 ι
1027 4450 1102 4520 μὴ
1148 4447 1393 4511 νοοῦντες
1438 4447 1580 4519 μήτε
1626 4446 1664 4500 ἀ
1707 4444 1946 4514 λέγουσι,

375 4543 516 4612 μήτε
545 4542 676 4612 περὶ
703 4542 849 4605 τίνος
880 4537 1335 4603 διαϐεϐαιοῦνται,
1379 4556 1399 4589 ›
1435 4536 1576 4590 κατὰ
1607 4535 1668 4588 τὺ
1700 4551 1950 4606 γεγραμ-

376 4633 560 4704 μένον.
607 4631 845 4703 Εὑρεταὶ
875 4630 932 4684 δὲ
963 4631 1064 4701 τῆς
1103 4630 1359 4699 τοιαύτης
1391 4626 1643 4690 ἀσεϐείας
1688 4624 1946 4694 γεγόνασι

370 4723 559 4778 πολλοὶ
610 4724 708 4793 μὲν
764 4723 857 4777 καὶ
907 4722 1108 4793 ἕτεροι,
1162 4720 1304 4774 κατά
1351 4720 1478 4782 τοὺς
1525 4718 1729 4772 ἄνωθεν
1787 4717 1866 4770 ἔτι
1918 4726 1941 4754 ο

370 4819 774 4889 παρῳχηκότας
819 4815 1043 4888 καιρούς
1063 4833 1077 4848 ·
1110 4816 1226 4871 νυνὶ
1245 4816 1302 4869 δὲ
1338 4815 1438 4886 τῆς
1466 4815 1690 4868 ἐκείνων
1736 4812 1946 4868 ἀνοσιόο

368 4925 532 4979 τητος
561 4906 712 4961 οὐδὲν
740 4907 1081 4972 ἀποδέοντες,
1115 4906 1430 4977 Νεστόριος,
1471 4904 1565 4958 καὶ
1590 4905 1640 4957 οί
1668 4905 1765 4958 σὺν
1793 4902 1943 4974 αὐτῷ

371 4998 514 5053 κατά
540 4999 665 5061 τοὺς
693 4998 952 5070 ἀρχαίους
980 4997 1223 5061 ἐκείνους
1251 4995 1576 5067 Φαρισαίους
1618 4995 1942 5048 ἀντανιστάο

371 5106 521 5159 μενοι
555 5089 632 5158 τῷ
661 5088 903 5159 Χριστῷ,
932 5089 1028 5143 καὶ
1058 5088 1251 5157 ἀνέδην
1279 5086 1716 5157 ἀνακεκραγότες
1736 5102 1750 5117 ο
1789 5104 1808 5138 ι
1846 5086 1945 5140 Διά

367 5177 419 5231 τί
449 5178 513 5231 σὺ
541 5177 825 5248 ᾷνορωπος
872 5178 948 5232 ὣν
978 5179 1152 5241 ποιεῖς
1190 5176 1381 5230 ἑαυτὸν
1432 5175 1598 5243 Θεόν;
1637 5194 1655 5226 ι
1712 5170 1819 5229 Ἦν
1848 5169 1942 5229 οῦν

2050 3995 2313 4061 nonnulli,
2340 3995 2431 4063 qui
2463 4003 2651 4049 contra
2682 3996 2929 4049 veritatis
2961 3997 3208 4067 dogmata
3246 3997 3512 4065 garriunt,
3565 4007 3622 4053 et

2045 4083 2308 4139 diabolica
2335 4084 2598 4153 pravitate
2612 4084 2772 4156 146
2787 4094 3018 4140 mentem
3049 4086 3306 4140 imbutam
3340 4087 3618 4153 habentes,

2047 4176 2295 4231 veritatis
2323 4176 2649 4247 mysterium
2682 4177 2794 4232 aeri
2837 4178 3014 4233 studio
3053 4179 3362 4234 adulterare
3391 4189 3617 4233 conten-

2047 4268 2203 4334 dunt,
2250 4283 2349 4323 nec
2398 4268 2740 4323 mediocriter
2784 4268 3048 4324 incarnati
3086 4269 3357 4340 Unigeniti
3389 4269 3615 4340 dispen-

2046 4360 2311 4414 sationem
2357 4359 2694 4415 insectantur
2722 4401 2737 4426 ,
2771 4379 2789 4412 ι
2825 4376 2930 4417 non
3004 4361 3387 4431 intelligentes,
3448 4377 3620 4432 neque

2048 4465 2168 4520 qua:
2197 4449 2510 4520 loquuntur,
2559 4466 2734 4521 neque
2774 4453 2840 4507 de
2872 4452 3071 4522 quibus
3104 4451 3395 4517 afﬁrmant,
3424 4470 3442 4503 ι
3478 4454 3620 4507 sicut

2046 4543 2307 4611 scriptum
2343 4552 2427 4598 est
2449 4542 2491 4597 ⁸.
2533 4540 2849 4608 Hujusmodi
2892 4554 3072 4598 autem
3104 4542 3397 4612 impietatis
3427 4545 3619 4598 inven-

2050 4642 2193 4689 tores
2233 4637 2559 4690 exstiterunt
2612 4633 2723 4701 jam
2756 4634 2883 4687 olim
2937 4642 2992 4688 et
3039 4633 3193 4688 multi
3243 4634 3457 4704 quidem
3486 4636 3614 4699 alii;

2046 4739 2189 4779 nunc
2221 4738 2348 4778 vero
2406 4722 2717 4788 Nestorius,
2747 4730 2800 4776 et
2845 4723 2935 4793 qui
2970 4739 3089 4777 cum
3119 4723 3211 4779 illo
3247 4732 3392 4789 sunt,
3426 4739 3613 4778 eorum

2049 4813 2311 4882 impietati
2371 4814 2514 4867 nulla
2566 4814 2621 4868 in
2676 4826 2830 4883 parte
2873 4816 3139 4878 cedentes.
3198 4816 3264 4871 ad
3312 4818 3612 4886 priscorum

2045 4902 2439 4958 Pharisaeorum
2470 4904 2775 4974 exemplum
2824 4906 3082 4961 adversus
3112 4906 3389 4962 Christum
3416 4920 3475 4959 se
3509 4904 3616 4957 cri-

2047 5002 2199 5064 gunt,
2221 5002 2575 5063 proterveque
2600 4996 2965 5051 vociferantur
2995 5014 3009 5051 :
3050 5015 3069 5048 ι
3110 4996 3219 5052 Cur
3247 5007 3325 5060 tu,
3361 5010 3480 5048 cum
3512 4993 3608 5045 ho—

2047 5099 2136 5138 mo
2163 5084 2258 5149 sis,
2278 5083 2412 5138 facis
2434 5085 2661 5153 teipsum
2698 5086 2862 5140 Deum
2888 5087 2953 5139 °?
2997 5105 3015 5137 ι
3047 5085 3172 5139 Erat
3202 5086 3383 5150 itaque
3421 5094 3612 5133 neces-

2050 5175 2274 5240 sarium,
2301 5182 2359 5227 ut
2382 5175 2642 5231 adversus
2675 5176 2885 5231 illorum
2916 5189 3193 5231 sermones
3232 5188 3332 5229 nos
3361 5171 3614 5239 accinge-

441 5353 456 5383 ¹
482 5352 641 5410 l‘rov.
678 5368 796 5420 vin,
828 5354 882 5421 9,
915 5353 1209 5408 secundum
1240 5351 1404 5407 LXX.
1466 5353 1487 5382 ³
1511 5350 1556 5406 Il
1586 5349 1713 5407 Cor.
1752 5366 1827 5416 tv,
1853 5349 1907 5404 4.
1969 5350 1978 5382 ³

2051 5350 2203 5407 latth.
2236 5365 2326 5417 xv,
2355 5352 2442 5407 H.
2501 5352 2668 5408 ‘ibid.
2757 5351 2819 5405 ⁸1
2854 5350 2991 5405 Tim.
3024 5365 3063 5414 I,
3088 5350 3143 5404 7.
3202 5347 3223 5379 ⁸
3245 5347 3402 5404 Joan.
3433 5362 3483 5405 ι.
3513 5346 3614 5400 ‘li.

1387 5506 1565 5561 Varia:
1599 5505 1860 5561 lectiones
1890 5519 1956 5560 ex
1988 5506 2172 5563 codice
2203 5505 2576 5577 Seguieriano.

439 5677 462 5704 ι
492 5663 749 5722 ἐκθεῖναι.
828 5662 856 5703 δ
885 5661 984 5731 τῆς
1015 5676 1175 5717 τινων
1201 5658 1631 5731 ἀθυροστομίας.

1712 5669 1731 5696 ε
1775 5658 1868 5711 καὶ
1901 5655 2002 5712 ἔτι.
