4014 6128
430 271 539 327 293

1452 269 1507 324 S.
1548 267 1818 323 (lYRlLLl
1860 266 2325 323 ALEXANDRINI
2367 265 2693 323 ARCHIEP.

3564 271 3669 325 296

433 403 637 456 remus,
699 387 1013 459 impuraque
1061 402 1125 444 ac
1191 387 1416 458 profana
1462 389 1676 442 illorum
1744 386 1996 457 dogmata

2115 387 2391 455 ἱιναγκαῖον
2437 387 2531 441 καὶ
2574 385 2724 456 ἡμᾶς
2755 383 2950 447 αὐτοὺς
2986 381 3096 447 τοῖς
3128 385 3258 455 παρ’
3295 385 3518 442 ἐκείνων
3546 387 3678 441 ἀντ-

434 477 1038 544 auathematlzaremns,
1068 493 1332 534 memores
1371 479 1462 533 Dei
1510 493 1606 548 per
1641 491 1824 532 vocem
1870 491 1998 547 pro-

433 569 610 636 phetae
641 567 902 624 dicentis:
937 586 955 619 ‹
990 567 1216 634 Audite,
1245 570 1576 634 sacerdotes,
1615 577 1669 622 et
1726 576 2000 622 contesta-

435 655 568 708 ιιιῑηί
620 657 798 710 domui
856 653 1042 720 Jacob,
1082 657 1210 710 dicit
1235 657 1493 712 Dominus
1522 658 1862 726 omnipotens
1883 657 1922 710 ⁷.
1975 677 1993 709 ι

435 744 502 800 Et
523 749 754 802 iterum:
789 763 808 798 ι
843 745 1189 815 lngredimini
1211 761 1308 816 per
1340 757 1525 817 portas
1557 763 1728 813 meas,
1760 757 1814 801 et
1865 747 2000 817 lapi-

435 835 530 888 des
573 835 637 888 de
683 834 767 886 via
806 833 974 888 tollite
1001 834 1042 887 ⁸.
1070 855 1088 885 ι
1125 833 1353 903 Oportet
1403 837 1544 890 enim
1596 851 1710 903 nos,
1769 838 1858 906 qui
1907 851 2004 906 pro

435 924 679 979 veritatis
739 925 989 994 dogmate
1037 934 1330 993 certamus,
1393 926 1715 982 offendicula
1753 943 1783 982 e
1825 928 2004 982 medio

433 1015 768 1081 submovere,
786 1030 852 1070 ne
881 1031 981 1083 qua
1013 1017 1223 1072 ratione
1252 1018 1430 1089 populi
1466 1021 1531 1074 ad
1561 1020 1649 1074 illa
1673 1020 1998 1090 impingam,

432 1105 527 1160 sed
554 1105 697 1161 velut
726 1122 824 1177 per
845 1107 1055 1177 planam
1092 1109 1343 1166 semitam
1372 1112 1438 1166 ad
1478 1126 1632 1166 sacra
1667 1112 1754 1167 illa
1795 1113 2004 1167 divina-

433 1212 540 1266 que
595 1199 735 1253 atria
787 1199 1224 1268 progrediantur,
1277 1201 1408 1256 illud
1465 1201 1581 1258 fere
1624 1218 1719 1273 per
1767 1203 2006 1274 singulas

434 1297 622 1357 portas
673 1291 1107 1361 ingeminantes:
1170 1309 1190 1344 ι
1244 1291 1370 1348 Hrec
1428 1303 1512 1350 est
1560 1302 1713 1365 porta
1771 1294 2004 1362 Domini,

431 1379 565 1450 justi
613 1382 891 1438 intrabunt
939 1384 994 1439 in
1035 1399 1155 1440 eam
1191 1386 1236 1438 ’.
1279 1404 1298 1437 ι
1329 1384 1464 1442 Cum
1511 1385 1694 1456 itaque
1725 1385 2008 1444 Nestorius

434 1473 746 1543 dogmatum
795 1476 1200 1546 peregrinorum
1235 1486 1289 1532 et
1321 1477 1604 1546 impiarum
1641 1477 2006 1549 blasphemia-

437 1580 556 1619 rum
580 1567 792 1622 turbam
821 1567 972 1622 libris
1005 1569 1116 1623 suis
1161 1569 1500 1637 inseruisset,
1553 1585 1659 1626 non
1710 1571 2003 1640 potuimus,

438 1655 628 1710 salutis
659 1672 870 1723 eorum,
912 1657 1003 1724 qui
1036 1657 1125 1711 illa
1157 1658 1347 1714 lecturi
1386 1671 1563 1726 erant,
1595 1676 1780 1715 curam
1809 1662 2009 1716 haben-

2102 476 2471 531 αποδύεσθαιά
2491 474 3089 545 λόγοις,ἀναθεματίσαι
3104 491 3162 527 τε
3199 476 3378 531 αὐτῶν
3415 477 3482 530 τὰ
3505 477 3676 548 μιαρὰ

2101 567 2195 619 καὶ
2245 565 2448 637 βέϐηλα
2487 565 2764 635 δόγματα,
2820 563 3202 634 μεμνημένους
3245 564 3383 618 Θεοῦ
3428 565 3680 632 λέγοντος

2101 654 2190 707 διὰ
2225 655 2408 724 φωνῆς
2450 655 2754 725 προφήτουο
2793 671 2812 704 ι
2861 652 3067 724 Ἰερεῖς,
3104 651 3394 718 ἀκούσατε,
3430 653 3526 707 καὶ
3554 654 3679 706 ἐπι-

2106 743 2452 816 μαρτύρασθε
2484 744 2561 815 τῷ
2605 743 2739 813 οἴκῳ
2779 742 3012 814 Ἰσραὴλ,
3058 742 3205 811 λέγει
3244 743 3447 815 Κύριος
3480 760 3680 796 παντο-

2103 835 2348 905 κράτωρ.
2408 853 2426 885 ι
2459 835 2568 887 Καὶ
2609 832 2805 886 πάλιν·
2839 850 2857 884 ‹
2893 831 3198 903 Πορεύεσθε
3241 832 3330 886 διὰ
3355 833 3464 886 τῶν
3494 832 3682 887 πυλῶν

2107 944 2230 996 μου,
2264 927 2358 979 καὶ
2388 926 2515 988 τοὺς
2545 924 2723 987 λίθους
2753 925 2816 977 ἐκ
2857 924 2954 994 τῆς
2996 923 3119 977 ὁδοῦ
3157 923 3498 995 διαῤῥίψατε.
3539 943 3556 974 ι
3589 925 3683 976 Δεῖ

2103 1015 2212 1088 γὰρ
2244 1016 2392 1087 ἡμᾶς
2435 1014 2544 1069 τῶν
2575 1015 2673 1085 τῆς
2711 1013 2968 1084 ἀληθείας
2995 1013 3436 1084 ὑπεραθλοῦντας
3470 1014 3681 1084 δογμά-

2104 1124 2212 1160 των
2244 1106 2310 1160 ἐκ
2360 1104 2523 1177 μέσου
2573 1105 2846 1159 ποιεῖσθαι
2884 1104 2956 1158 τὰ
3001 1105 3295 1170 σκάνδαλα,
3342 1106 3419 1168 ὡς
3461 1101 3528 1158 ἂν
3558 1106 3683 1160 κατ’

2103 1197 2296 1252 οὐδένα
2345 1197 2546 1266 τρόπον
2591 1195 2777 1259 αὐτοῖς
2834 1195 3262 1266 προσπταίοντες
3312 1195 3362 1247 οἱ
3406 1193 3548 1259 λαοὶ,
3594 1194 3685 1249 διὰ

2106 1287 2256 1352 λείας
2289 1286 2478 1358 ὥσπερ
2519 1286 2765 1358 ἐρχοιντο
2803 1296 2826 1326 ο
2855 1285 3042 1358 τρίϐου
3089 1285 3225 1356 πρὸς
3253 1285 3353 1348 τὰς
3399 1285 3548 1355 ίεράς
3587 1285 3684 1338 καὶ

2107 1379 2257 1443 θείας
2301 1378 2490 1444 αὐλὰς,
2541 1377 2824 1450 μονονουχὶ
2870 1377 2965 1430 καὶ
3013 1376 3100 1444 ἐφ’
3144 1375 3350 1448 ἑκάστῃ
3397 1376 3682 1444 λέγοντεςσ

2112 1493 2130 1524 ι
2153 1473 2301 1546 Αὕτη
2343 1474 2377 1544 ἡ
2409 1471 2550 1544 πύλη
2582 1471 2675 1526 τοῦ
2708 1470 2940 1542 Κυρίου,
2978 1469 3176 1524 δίκαιοι
3204 1468 3604 1523 εἰσελεύσονται
3625 1470 3684 1522 ἐν

2107 1565 2265 1636 αὐτῇ.
2295 1583 2314 1616 ι
2353 1563 2649 1634 Νεστορίου
2699 1563 2879 1616 τοίνυν
2904 1561 3068 1626 ξένων
3095 1578 3154 1614 τε
3179 1561 3272 1614 καὶ
3302 1561 3532 1613 ἀνοσίων
3555 1560 3684 1613 δυσ-

2109 1655 2328 1726 φημιῶν
2379 1655 2533 1724 ὄχλον
2566 1656 2679 1718 τοῖς
2732 1653 2884 1716 ίδίοις
2947 1652 3196 1715 ἐνθέντος
3247 1651 3493 1721 βιϐλίοις,
3518 1651 3687 1719 ἀναγ-

439 1755 543 1810 tes,
573 1748 1058 1808 anatltematismos
1097 1769 1203 1806 non
1248 1766 1575 1821 componere
1607 1770 1618 1805 :
1655 1767 1760 1806 non
1794 1753 2006 1822 quidvis

2115 1749 2280 1810 καίως
2312 1747 2413 1818 τῆς
2448 1746 2555 1798 τῶν
2586 1745 2984 1816 ἐντευξομένων
3016 1745 3201 1807 αὐτοῖς
3223 1743 3498 1812 σωτηρίας
3523 1755 3686 1812 φρον-

438 1837 766 1904 promiscue,
799 1840 941 1909 quod
987 1841 1042 1894 in
1077 1849 1308 1894 mentem
1345 1839 1645 1905 incidisset,
1670 1839 2006 1907 paraeneticze

438 1926 678 1992 epistolae
701 1943 862 1996 quam
897 1929 961 1982 ad
1001 1929 1148 1982 illum
1180 1927 1496 1997 scripsimus
1537 1927 1860 1993 inserentes,
1912 1927 2006 1982 sed

440 2016 715 2084 (utmodo
745 2019 1020 2090 diximus)
1080 2020 1323 2090 germina
1369 2019 1603 2073 vesaniae
1657 2019 1824 2088 ipsius
1879 2033 2006 2088 per-

437 2109 642 2178 egrina,
672 2120 725 2163 et
759 2125 787 2163 a
819 2110 1033 2179 pietatis
1063 2110 1401 2180 dogmatibus
1424 2123 1643 2178 prorsus
1679 2108 1853 2163 aliena
1885 2122 2008 2165 esse

435 2200 802 2255 ostendentes.
841 2200 1007 2270 [Egre
1056 2201 1291 2258 fortasse
1339 2200 1520 2255 ferunt
1577 2199 1842 2267 nonnulli,
1889 2215 2007 2268 quae

437 2291 914 2359 scripsimus;vél
970 2293 1114 2363 quod
1175 2309 1382 2358 eorum,
1433 2306 1551 2362 qua:
1604 2293 1806 2362 scripta
1860 2300 2006 2356 sunt,

437 2395 658 2436 sensum
697 2397 825 2438 vere
872 2399 976 2438 non
1008 2384 1248 2452 capiant,
1281 2383 1367 2438 vel
1400 2391 1549 2438 certe
1603 2382 1744 2451 quod
1786 2383 2010 2451 impurae

439 2473 704 2528 haereseos
731 2473 962 2529 Nestorii
993 2483 1420 2545 propugnatores
1451 2474 1742 2540 exsistant,
1763 2473 2011 2543 impieta-

440 2563 616 2631 tisque
649 2565 936 2635 participes
959 2566 1087 2630 sint,
1125 2579 1188 2619 ac
1217 2565 1403 2620 eadem
1432 2579 1554 2619 cum
1582 2564 1698 2634 ipso
1746 2563 2008 2619 sentiant.

437 2655 507 2708 At
532 2654 659 2707 nulli
687 2655 903 2709 interim
931 2671 996 2710 ex
1029 2645 1117 2719 iis,
1155 2655 1247 2725 qui
1296 2663 1441 2710 recte
1475 2668 1665 2723 sapere
1712 2667 2012 2709 consueve-

440 2754 586 2809 runt,
621 2746 826 2801 veritas
872 2753 1059 2816 operta
1109 2755 1212 2800 est.
1263 2745 1397 2812 Quia
1448 2759 1576 2800 vero
1625 2743 1883 2799 credibile
1951 2743 2014 2798 ﬁt

439 2851 544 2891 non
577 2836 764 2892 deesse
789 2838 1051 2908 quosdam
1083 2838 1294 2892 illorum
1319 2835 1641 2892 commentis
1669 2835 2011 2904 depravatos,

438 2927 530 2996 qui
582 2941 686 2981 non
714 2938 1095 2998 assequantur,
1154 2927 1445 2998 quomodo,
1501 2935 1595 2981 aut
1645 2940 1751 2996 qua
1805 2925 2014 2980 ratione

439 3014 948 3089 (anathematismi)
994 3017 1068 3071 illi
1099 3018 1209 3071 sint
1250 3015 1501 3080 confecti,
1550 3029 1729 3084 opera:
1780 3015 2012 3084 pretium

441 3121 528 3160 me
546 3107 812 3161 facturum
835 3107 1039 3178 putavi,
1065 3108 1109 3162 si
1133 3107 1370 3176 singulos
1393 3106 1628 3161 breviter
1655 3120 2011 3174 exponerem,
2040 3106 2083 3130 “

443 3197 770 3266 illoruutque
793 3197 922 3263 vim,
956 3204 1161 3264 quanta
1212 3195 1329 3249 ﬁeri
1365 3203 1548 3263 posset
1603 3194 2013 3263 perspicuitate,

443 3288 714 3342 docerem.
747 3286 951 3356 Opinor
977 3287 1120 3342 enim
1148 3293 1397 3341 conatum
1449 3285 1591 3340 hunc
1630 3298 1736 3339 non
1791 3300 2012 3357 parvum

444 3377 738 3434 lectoribus
781 3393 934 3434 usum
955 3381 1013 3432 et
1045 3375 1280 3436 fructum
1320 3375 1514 3430 afferre
1534 3390 1717 3446 posse.
1772 3377 1780 3383 ”

779 3491 939 3564 147
976 3487 1618 3546 ANATHEMATISMUS
1641 3487 1684 3543 1.

513 3604 716 3675 Siquis
768 3622 875 3661 non
918 3606 1210 3661 conﬁtetur
1254 3603 1660 3660 Emmanuelem
1699 3618 1822 3659 vere
1847 3603 2014 3660 Deum

444 3712 588 3762 esse,
618 3707 672 3752 et
715 3700 783 3752 ob
817 3699 871 3753 id
907 3698 1104 3752 factam
1153 3697 1430 3767 Virginem
1483 3695 1766 3766 Deiparam
1799 3697 2021 3768 (genuit

443 3788 589 3842 enim
617 3788 700 3842 illa
724 3785 1088 3844 'incarnatum
1125 3789 1220 3844 Dei
1245 3788 1424 3843 Patris
1450 3787 1685 3844 Verbum
1715 3788 2016 3844 secundum

443 3885 717 3950 carnem).
747 3884 1034 3936 anathema
1067 3880 1157 3935 sit.

967 3991 1265 4052 Declaratio
1307 3994 1496 4062 prima.

534 4103 682 4158 Beati
709 4102 919 4172 Patres,
953 4106 1042 4174 qui
1069 4104 1260 4160 Nicaea:
1281 4105 1408 4160 olim
1439 4116 1825 4173 convenerunt,
1859 4117 2018 4162 rectas

2105 1841 2366 1904 τίζοντες,
2405 1836 2828 1907 συντεθείκαμεν
2872 1836 3371 1906 ἀναθεματισμοὺς,
3407 1835 3467 1887 οὐ
3501 1833 3564 1885 τὸ
3605 1834 3687 1894 είς

2108 1932 2229 1985 νοῦν
2258 1925 2392 2002 ἧκον
2419 1929 2607 1992 ἁπλῶς
2635 1928 2878 1990 ἐνθέντες
2924 1930 2989 1998 τῇ
3037 1927 3309 1996 γραφείσῃ
3360 1925 3494 1995 πρὸς
3522 1923 3688 1978 αὑτὸν

2107 2023 2464 2092 παραινετικῇ
2496 2021 2776 2090 ἐπιστολῇ,
2806 2019 2920 2072 ἀλλ’
2945 2019 3020 2082 ὼς
3064 2018 3274 2087 ἔφημεν
3313 2017 3533 2087 ἀρτίως,
3559 2017 3689 2080 ξένα

2108 2114 2203 2167 καὶ
2233 2112 2485 2184 ἀλλότρια
2519 2113 2628 2165 τῶν
2672 2111 2769 2180 τῆς
2811 2109 3090 2172 εὐσεϐείας
3122 2107 3408 2178 δογμάτων
3446 2107 3688 2175 ἀποφαί-

2112 2221 2297 2268 νοντες
2351 2207 2450 2274 τῆς
2483 2203 2691 2257 ἐκείνου
2728 2200 3149 2273 φρενοϐλαϐείας
3181 2199 3250 2252 τὰ
3292 2200 3607 2270 γεννήματα
3640 2197 3686 2249 τ.

2123 2293 2550 2366 Ἐπασχάλλουσι
2595 2293 2652 2346 δὲ
2686 2294 2828 2362 τάχα
2877 2291 2980 2344 πού
3015 2309 3159 2354 τινες
3205 2293 3317 2353 τοῖς
3349 2288 3482 2359 παρ’
3526 2286 3688 2357 ἡμῶν

2109 2385 2309 2455 λόγοις,
2360 2385 2394 2455 ἢ
2448 2385 2522 2455 μὴ
2574 2385 2844 2445 συνιόντες
2893 2381 3108 2452 ἀληθῶς
3141 2380 3249 2435 τῶν
3286 2377 3689 2450 γεγραμμένων

2109 2477 2208 2549 τὴν
2258 2476 2519 2546 δύναμιν,
2563 2474 2596 2544 ἢ
2656 2475 2754 2545 τῆς
2806 2471 3100 2544 Νεστορίου
3159 2472 3361 2542 μιαρᾶς
3423 2468 3690 2539 αἱρέσεως

2114 2568 2451 2623 ὑπασπισταὶ
2503 2567 2824 2635 γεγονότες,
2862 2564 2957 2619 καὶ⁸
3014 2563 3360 2635 μεριζόμενοι
3410 2560 3511 2630 τὴν
3559 2560 3690 2611 ἀσέ-

2114 2663 2286 2729 ϐειαν,
2315 2663 2409 2717 καὶ⁸
2443 2661 2511 2715 τὰ
2541 2661 2681 2714 αὐτὰ
2708 2657 3030 2731 φρονοῦντες
3055 2655 3265 2726 ἐκείνῳ.
3298 2652 3561 2706 Λανθάνει
3591 2651 3691 2720 μὲν

2113 2753 2205 2813 οὖν
2237 2757 2362 2810 οὐδέ
2402 2772 2524 2809 τινα
2581 2753 2689 2806 τῶν
2727 2754 2752 2792 ε
2789 2751 2856 2804 τὰ
2891 2748 3027 2820 ὀρθά
3062 2749 3279 2817 φρονεῖν
3317 2744 3586 2798 εἰωθότων
3631 2741 3690 2794 τὸ

2116 2845 2332 2917 ἀληθές.
2381 2843 2601 2912 Ἐπειδὴ
2637 2841 2694 2894 δὲ
2721 2839 2888 2902 εἰκὸς,
2915 2840 3035 2900 ταῖς
3064 2836 3194 2908 παρ’
3221 2834 3441 2888 ἐκείνων
3473 2834 3687 2903 εὕρεσιν-

2115 2938 2324 3007 λογίαις
2365 2931 2873 3006 παρενηνεγμένους
2907 2931 2934 2970 h
2971 2927 3046 2999 μὴ
3077 2927 3316 2981 συνιέναι
3350 2925 3522 2988 τινάς,
3575 2922 3688 2984 πῶς

2117 3029 2213 3084 καὶ
2256 3027 2378 3082 τίνα
2403 3026 2603 3097 τρόπον
2634 3023 2906 3091 γεγόνασι,
2938 3020 3048 3074 δεῖν
3083 3019 3267 3091 ᾠήθην
3308 3017 3537 3070 ἕκαστον
3583 3014 3691 3067 τῶν

2118 3113 2576 3186 ἀναθεματισμῶν
2625 3109 2962 3185 ἑρμηνεῦσαι
3010 3109 3099 3163 διὰ
3145 3108 3410 3180 βραχέων,
3454 3105 3548 3158 καὶ
3593 3102 3692 3175 τὴν

2114 3208 2342 3279 δύναμιν
2375 3206 2555 3260 αύτῶν
2584 3206 2660 3267 ὡς
2707 3204 2787 3258 ἔνι
2820 3202 3001 3265 καλῶς
3069 3198 3493 3272 ἀφηγήσασθαι·
3539 3196 3695 3250 ἔσται

2114 3299 2244 3371 γάρ,
2271 3297 2346 3361 ὥς
2381 3314 2446 3366 γε
2474 3291 2650 3366 οἶμαι,
2685 3294 2744 3347 τὸ
2773 3292 2963 3365 χρῆμα
2991 3294 3103 3356 τοῖς
3138 3291 3562 3360 ἐντυγχάνουσιν
3593 3287 3696 3341 οὐκ

2115 3389 2404 3451 ἀσυντελές
2437 3389 2516 3450 είς
2546 3386 2758 3456 ὄνησιν.

2547 3493 3138 3551 ΑΝΑΘΕΜΑΤΙΣΜΟΣ
3174 3492 3251 3545 A'.

2187 3614 2255 3667 El’
2281 3629 2359 3675 τις
2383 3611 2503 3680 οὐχὶ
2534 3613 2548 3650 ί
2585 3609 2858 3681 ὁμολογεῖ,
2891 3607 3023 3660 Θεὸν
3067 3603 3204 3659 εἶναι
3247 3602 3388 3658 κατά
3433 3601 3693 3672 ἀλήθειαν

2115 3705 2207 3758 τὸν
2248 3700 2614 3774 Ἐμμανουήλ,
2649 3701 2742 3754 καὶ
2784 3699 2872 3752 διά
2915 3698 3073 3751 τοῦτο
3123 3696 3385 3750 Θεοτόκον
3406 3694 3504 3764 τὴν
3533 3694 3696 3761 ἁγίαν

2117 3794 2390 3866 Παρθένον
2410 3810 2424 3825 ο
2454 3793 2748 3863 γεγέννηκε
2781 3789 2888 3861 γὰρ
2915 3788 3190 3860 σαρκικῶς
3221 3788 3399 3859 σάρκα
3434 3785 3696 3855 γεγονότα

2116 3886 2208 3941 τὸν
2241 3888 2305 3940 ἐκ
2328 3885 2462 3940 Θεοῦ
2495 3884 2704 3956 Πατρὸς
2733 3882 2926 3952 Λόγον’
2958 3881 3206 3947 ἀνάθεμα
3234 3879 3397 3933 ἔστω.

2705 3997 3008 4062 Ἐπίλυσις
3045 4001 3117 4048 α’.

2191 4111 2258 4169 Οί
2296 4111 2555 4184 μακάριοι
2596 4110 2862 4181 Πατέρες,
2897 4108 3115 4162 οἱκατά
3145 4105 3372 4174 καιροὺς
3413 4105 3470 4155 ἐν
3502 4105 3571 4172 τῇ
3601 4101 3703 4153 Νι-

445 4194 843 4264 inculpataeque
889 4196 1012 4250 ﬁdei
1041 4195 1347 4250 doctrinam
1380 4208 1738 4265 exponentes,
1767 4199 1818 4251 in
1851 4214 2011 4253 unum

2121 4204 2300 4257 καέων
2348 4202 2499 4254 πόλει
2550 4199 3037 4269 συναγηγερμένοι,
3085 4195 3180 4248 καὶ
3225 4194 3316 4246 τὸν
3364 4192 3465 4262 τῆς
3529 4188 3703 4260 ὀρθῆς

445 4283 613 4338 Deum
663 4283 879 4340 Patrem
933 4285 1363 4354 omnipotentem
1418 4289 1659 4344 omnium
1723 4288 2011 4344 visibilium

2121 4295 2214 4348 καὶ
2251 4291 2573 4361 άδιαϐλήτου
2637 4289 2873 4350 πίστεως
2906 4289 3030 4358 ὅρον
3079 4284 3382 4354 ἐκθέμενοι,
3419 4281 3702 4334 πιστεύειν

443 4384 497 4428 et
526 4374 877 4429 invisibilium
917 4373 1182 4429 factorem
1213 4389 1274 4430 se
1295 4378 1520 4430 credere
1579 4377 1811 4446 professi
1845 4388 1972 4435 sunt
1998 4398 2011 4448 ;

2119 4386 2327 4454 ἔφασαν
2361 4383 2440 4445 είς
2473 4381 2569 4434 ἕνα
2617 4379 2769 4443 Θεὸν,
2821 4377 3038 4448 Πατέρα
3087 4373 3529 4444 παντοκράτορα,
3566 4371 3704 4461 πάν-

445 4475 498 4518 et
523 4463 575 4517 in
602 4480 766 4518 unum
796 4465 1081 4519 Dominum
1132 4464 1314 4520 Jesum
1345 4464 1620 4520 Christum
1650 4468 1844 4524 Filium
1874 4472 2014 4540 ejus,

443 4563 500 4608 et
522 4554 576 4607 ἱιι
594 4554 860 4624 Spiritum
881 4565 1126 4610 sanctum
1157 4574 1171 4610 :
1205 4566 1531 4622 asserentes,
1559 4559 1731 4627 ipsum
1770 4562 1911 4629 quod
1947 4577 2015 4616 ex

447 4641 558 4697 Deo
604 4643 840 4699 Verbum
885 4646 1127 4713 emicuit,
1162 4662 1258 4717 per
1291 4647 1434 4717 quod
1462 4649 1644 4703 omnia
1692 4650 1833 4706 facta
1867 4661 2017 4714 sunt,

449 4733 626 4787 lumen
689 4740 756 4791 de
802 4737 1023 4802 lumine,
1083 4740 1247 4794 Deum
1276 4755 1466 4795 verum
1497 4741 1566 4797 de
1594 4742 1705 4796 Deo
1738 4756 1888 4808 vero,
1934 4743 2016 4798 in-

447 4833 750 4890 carnatum,
777 4835 831 4882 et
863 4828 1135 4885 hoinincm
1176 4846 1298 4886 esse
1339 4829 1562 4896 factum,
1609 4843 1663 4889 et
1693 4847 1936 4902 passum,
1965 4844 2019 4889 et

447 4917 834 4973 resurrexisse.
891 4919 1111 4974 Etenim
1163 4937 1285 4975 cum
1335 4923 1669 4992 unigenitum
1722 4924 1815 4978 Dei
1843 4923 2023 4980 Patris

445 5003 684 5060 Verbum
717 5015 908 5060 natura
940 5006 1082 5063 Deus
1119 5019 1284 5075 esset,
1313 5025 1496 5066 semen
1528 5011 1782 5078 Abrahae,
1810 5021 1869 5068 ut
1890 5014 2019 5067 bea-

446 5104 531 5150 tus
555 5093 754 5151 Paulus
781 5097 914 5152 dicit
945 5097 1010 5162 ιο,
1047 5099 1430 5168 apprehendit,
1460 5102 1792 5171 perindeque
1816 5116 1878 5156 ac
1900 5117 2019 5166 nos,

443 5189 628 5244 carnis
657 5197 712 5243 et
747 5191 1026 5261 sanguinis
1057 5189 1311 5247 elfectum
1359 5202 1442 5248 est
1487 5193 1782 5263 particeps.
1821 5193 2019 5248 Natum

2123 4491 2230 4526 των
2276 4469 2483 4541 ὁρατῶν
2511 4486 2570 4521 τε
2608 4467 2701 4522 καὶ
2741 4467 2988 4538 ἀοράτων
3033 4465 3264 4534 ποιητήν
3288 4479 3301 4492 ·
3353 4463 3449 4516 καὶ
3480 4462 3562 4523 εἰς
3603 4460 3704 4512 ἕνα

2123 4563 2327 4633 Κύριον
2365 4558 2572 4631 Ἰησοῦν
2601 4557 2856 4630 Χριστὸν,
2892 4557 2982 4610 τὸν
3015 4555 3142 4608 Υἱὸν
3175 4553 3338 4608 αὑτοῦ
3361 4569 3375 4583 ’
3409 4553 3503 4604 καὶ
3533 4553 3614 4613 είς
3638 4549 3702 4600 τὸ

2124 4653 2348 4723 Πνεῦμα
2380 4651 2440 4704 τὸ
2469 4651 2622 4718 ἅγιον
2644 4666 2657 4678 ·
2691 4650 2853 4703 αὐτὸν
2874 4649 3126 4715 λέγοντες
3146 4647 3236 4700 τὸν
3264 4646 3328 4698 ἐκ
3354 4641 3489 4698 Θεοῦ
3521 4659 3703 4710 πεφη-

2123 4744 2252 4799 νότα
2288 4743 2480 4811 Λόγον,
2509 4743 2600 4795 τὸν
2628 4742 2696 4794 δι’
2726 4733 2787 4793 οῦ
2830 4741 2898 4793 τὰ
2934 4740 3109 4794 πάντα
3145 4739 3380 4806 ἐγένετο,
3411 4735 3474 4788 τὸ
3502 4734 3618 4804 φῶς
3639 4733 3703 4784 τὸ

2126 4835 2189 4886 ἐκ
2219 4833 2414 4903 φωτὸς,
2447 4831 2537 4886 τὸν
2568 4833 2632 4885 ἐκ
2663 4830 2796 4884 Θεοῦ
2826 4829 3080 4900 ἀληθινοῦ
3109 4829 3240 4881 Θεὸν
3260 4826 3534 4897 ἀληθινὸν,
3566 4841 3703 4895 σαρ-

2121 4925 2366 4996 κωθῆναί
2393 4942 2453 4977 τε
2486 4925 2581 4978 καὶ
2625 4923 3066 4995 ἐνανθρωπῆσαι,
3108 4921 3301 4975 παθεῖν
3343 4936 3400 4972 τε
3447 4919 3541 4972 καὶ
3567 4918 3701 4970 ἀνα-

2123 5019 2334 5087 στῆναιο
2385 5015 2516 5079 θεὸς
2561 5015 2670 5086 γὰρ
2717 5014 2791 5068 ὢν
2823 5015 2967 5068 κατά
3011 5014 3171 5083 φύσιν
3215 5016 3243 5066 ὁ
3288 5011 3585 5083 μονογενὴς
3608 5008 3707 5060 τοῦ

2120 5107 2337 5179 Πατρὸς
2367 5108 2560 5175 Λόγος,
2587 5107 2899 5177 σπέρματος
2936 5107 3187 5177 Ἀϐραὰμ
3218 5103 3537 5165 ἐπελάϐετο,
3563 5101 3712 5154 καθᾶ

2121 5215 2287 5267 φησιν
2314 5199 2343 5250 ό
2378 5199 2646 5269 μακάριος
2695 5197 2926 5263 Παῦλος,
2977 5198 3070 5251 καὶ
3121 5193 3525 5268 παραπλησίως
3571 5194 3709 5263 ἡμῖν

515 5340 534 5370 ⁷
557 5341 723 5400 Amos
753 5360 833 5412 ut,
861 5345 950 5400 l5.
1025 5345 1046 5377 ⁸
1069 5345 1269 5402 Jerem.
1297 5362 1390 5414 vlt,
1424 5349 1478 5402 5.
1555 5347 1742 5404 ’Psal.
1779 5364 1944 5415 cxvrt,
1981 5347 2074 5404 20.
2177 5349 2222 5381 ¹⁰
2244 5348 2408 5404 Hebr.
2442 5364 2500 5414 tt,
2540 5349 2628 5404 M.

1474 5502 1652 5572 Varia:
1689 5501 1953 5558 lectiones
1977 5517 2043 5558 ex
2075 5503 2262 5559 codice
2298 5502 2669 5573 Segnieriano.

512 5659 542 5700 ἀ
568 5658 1045 5716 ἅνταποδὶσασθαι.
1126 5672 1148 5700 α
1179 5659 1404 5728 ἔχοιντο.
1464 5658 1500 5732 ,ί
1535 5659 1879 5730 ἐγκλήματα.
1964 5662 1989 5701 ε
2021 5660 2211 5714 οὐδένα
2242 5659 2374 5716 τῶν.
2451 5661 2479 5700 ιι
2505 5659 2970 5732 παρενηνεγμέναι.
3054 5657 3070 5697 ί
3107 5659 3226 5728 οὐχ.
