4014 6128
283 320 393 379 297

1317 322 1734 380 EXPLICATIO
1776 317 2133 376 DUODECIM
2168 317 2493 375 CAPITUM.

3437 319 3540 376 298

290 447 555 519 μετέσχεν
580 442 827 514 αἵματος,
861 443 955 497 καὶ
983 442 1180 515 σαρκός
1201 460 1215 475 ο
1244 443 1566 515 γεγέννηται
1590 441 1698 513 γὰρ
1720 439 1863 495 κατά

1965 447 2051 495 est
2086 438 2231 493 enim
2271 438 2569 492 secundum
2596 448 2815 490 carnem
2845 449 2911 490 ex
2964 443 3152 491 sancta
3197 434 3438 507 Virgine,
3485 447 3542 491 et

288 540 475 611 σάρκα
523 540 589 591 ὲκ
625 537 724 607 τῆς
770 536 928 606 άγίας
972 535 1274 609 Παρθένου,
1319 537 1412 591 καὶ
1450 535 1733 606 ἄνθρωπος
1773 533 1866 603 γέ-

285 627 413 699 γονε
451 640 467 679 t
509 627 634 683 καθ’
666 629 831 699 ἡμᾶς,
873 628 973 681 οὑκ
1002 627 1375 699 άπολισθήσας
1410 627 1503 681 τοῦ
1531 622 1669 681 εἶναι
1694 625 1827 688 Θεός
1847 641 1860 656 ·

289 718 366 790 μὴ
396 717 642 787 γένοιτο*
689 717 806 771 ἀλλ’
848 716 925 771 ὢν
969 719 1107 789 ὅπερ
1148 713 1237 789 ἦν,
1289 721 1385 773 καλ⁸
1429 715 1754 789 μεμενηκὼς
1807 717 1865 770 έν

285 812 351 880 τῇ
385 811 487 881 τῆς
516 809 769 881 θεότητος
795 810 958 879 φύσει
984 826 1042 862 τε
1070 811 1166 863 καὶ
1187 810 1335 883 δόξῃ.
1378 810 1562 880 Φαμὲν
1587 804 1680 863 οὖν
1705 807 1866 862 αὑτὸν

289 899 568 972 ἄνθρωπον
605 900 957 972 γεγενῆσθαι,
993 902 1054 954 οὑ
1098 900 1306 973 τροπὴν
1352 900 1723 971 ὑπομείναντα
1767 900 1865 973 τὴν

293 992 370 1055 είς
400 992 532 1063 ὅπερ
573 993 675 1046 οὑκ
715 988 807 1057 ἦν,
851 994 956 1047 οὐκ
1005 992 1325 1047 ἀλλοίωσιν
1373 992 1462 1046 ἀεὶ
1498 992 1607 1062 γάρ
1647 994 1795 1045 ὲστιν
1836 993 1866 1045 6

293 1081 467 1147 αὐτὸς,
495 1082 590 1137 καὶ
621 1084 831 1155 τροπῆς
864 1085 1222 1155 ἀποσκίασμα
1251 1082 1445 1138 παθεῖν
1469 1083 1570 1136 οὑκ
1592 1084 1861 1153 ἀνέχεται.

304 1173 438 1226 Ἀλλ’
468 1174 588 1227 οὐδὲ
618 1175 867 1246 φυρμὸν,
920 1176 954 1248 ἢ
1004 1176 1286 1247 ἀνάχυσιν,
1334 1175 1367 1246 ἢ
1419 1175 1722 1245 σύγκρασιν
1764 1176 1864 1245 τῆς

290 1264 471 1329 οὐσίας
515 1264 681 1319 αὑτοῦ
727 1267 866 1338 πρὸς
915 1269 1012 1339 τὴν
1060 1269 1240 1341 σάρκα
1266 1268 1591 1339 γεγενῆσθαι
1632 1265 1864 1337 διοριζό-

292 1355 428 1425 μεθα
447 1373 463 1387 ο
496 1360 673 1428 φαμὲν
703 1359 760 1413 δὲ
789 1360 816 1399 Ιι
852 1360 1017 1433 σαρκὶ
1048 1359 1232 1432 ψυχὴν
1266 1359 1466 1435 ἐχούσῃ
1511 1354 1611 1433 τὴν
1641 1362 1866 1432 λογικὴν

287 1445 526 1515 ἡνῶσθαι
555 1449 646 1501 τὸν
671 1450 843 1519 Λόγον
863 1450 1006 1523 ὑπὲρ
1041 1451 1166 1505 νοῦν
1189 1469 1248 1506 τε
1272 1453 1366 1508 καὶ
1395 1455 1741 1526 ἀποῤῥὴτως,
1771 1454 1866 1507 καὶ

286 1537 362 1601 ὡς
403 1539 564 1608 μόνος
590 1537 726 1595 οἶδεν
756 1543 940 1607 αὐτός.
978 1543 1187 1599 Οὐκοῦν
1225 1546 1502 1617 μεμένηκε
1528 1546 1659 1610 Θεὸς
1685 1546 1776 1599 καὶ
1804 1546 1863 1599 ὲν

286 1629 593 1701 προσλήψει
646 1632 877 1702 σαρκός’
935 1633 1027 1687 καὶ
1071 1635 1219 1690 ἔστιν
1270 1630 1354 1700 εἷς
1391 1636 1518 1701 Υίὸς
1568 1635 1663 1690 τοῦ
1702 1635 1861 1703 Θεοῦ,

285 1720 382 1772 καὶ
417 1722 652 1790 Πατρὺς,
689 1726 717 1777 6
743 1725 945 1796 Κύριος
974 1725 1133 1796 ἡμῶν
1172 1724 1380 1797 Ἰησοῦς
1408 1726 1672 1798 Χριστός·
1709 1728 1739 1779 6
1768 1727 1865 1781 αὑ-

1964 544 2115 600 οξιιοε
2144 544 2207 583 ac
2234 543 2351 592 nos,
2388 529 2548 584 homo
2596 529 2798 582 factum
2848 538 2951 592 est,
2989 542 3096 582 non
3137 529 3394 583 amittens
3418 542 3542 583 esse

1966 621 2133 676 Deum
2162 620 2334 691 (absit
2353 620 2515 690 !),sed
2547 620 2814 675 exsisteus
2844 620 2986 689 quod
3016 626 3155 683 erat,
3184 629 3240 674 et
3260 618 3315 672 in
3346 618 3555 674 divini-

1966 711 2092 768 tatis
2136 721 2328 766 natura
2372 722 2427 766 et
2455 710 2623 785 gloria
2680 725 3022 781 permanens.
3075 710 3315 765 Dicimus
3351 710 3539 779 igitur,

1965 801 2139 870 ipsum
2171 801 2300 872 (Dei
2334 798 2605 870 Verbum)
2648 800 2922 855 hominem
2950 814 3071 854 esse
3094 800 3320 865 factum,
3346 811 3446 854 nec
3467 801 3539 854 ob

1966 890 2018 946 id
2048 900 2231 946 tamen
2256 905 2470 946 versum
2495 890 2547 945 in
2579 891 2633 945 id
2690 892 2833 960 quod
2864 905 2968 944 non
3023 898 3166 954 erat,
3201 904 3307 944 non
3338 888 3542 945 altera-

1964 982 2283 1038 tum:idem
2334 983 2479 1037 enim
2526 997 2744 1052 semper
2779 990 2884 1046 est,
2944 995 3117 1050 neque
3162 982 3542 1038 conversionis

1963 1073 2432 1129 obumbrationem
2463 1074 2570 1143 pati
2597 1073 2829 1129 sustinet
2862 1073 2926 1128 “.
2983 1073 3090 1127 Sed
3145 1087 3322 1143 neque
3373 1073 3539 1128 ullam

1964 1163 2214 1219 essentia:
2248 1162 2390 1218 illius
2420 1178 2541 1217 cum
2579 1178 2744 1219 carne
2788 1163 3246 1228 commistionetn,
3282 1172 3375 1217 aut
3403 1178 3537 1218 con-

1964 1254 2254 1318 fusionem,
2291 1262 2384 1309 aut
2409 1256 2813 1310 concretionem
2843 1254 3039 1309 factam
3065 1268 3185 1309 esse
3202 1256 3538 1320 statuimus;

1964 1348 2260 1401 asserimns
2307 1355 2512 1411 autem,
2577 1345 2809 1401 Verbum
2857 1347 3009 1401 carni
3058 1347 3237 1401 anima
3287 1348 3559 1418 rationali,

1964 1438 2216 1509 perfectae
2245 1449 2298 1494 et
2334 1436 2662 1503 informata),
2732 1440 2888 1494 modo
2936 1455 3097 1509 quem
3149 1440 3322 1510 ipsum
3358 1442 3537 1496 solum

1966 1530 2113 1585 novit
2150 1531 2170 1600 (
2191 1539 2391 1585 nostra:
2422 1530 2563 1585 enim
2610 1531 2807 1586 mentis
2862 1541 3077 1602 captum
3115 1534 3230 1589 haec
3263 1548 3347 1589 res
3375 1548 3534 1589 exce-

1965 1622 2108 1692 dit),
2146 1624 2361 1678 unitum
2389 1637 2531 1677 esse.
2565 1621 2761 1677 Mansit
2810 1623 2991 1694 itaque
3031 1625 3174 1680 Deus
3206 1627 3368 1680 etiam
3415 1634 3539 1696 post

1965 1712 2389 1782 assumptionem
2450 1713 2884 1781 carnis;estque
2916 1728 3056 1768 unus
3109 1711 3202 1768 Dei
3253 1724 3308 1769 et
3358 1713 3539 1769 Patris

284 1810 378 1875 τὸς
410 1815 507 1866 καὶ
536 1815 640 1885 πρὸ
670 1819 868 1882 παντὸς
894 1819 1109 1884 αἰῶνος,
1145 1819 1239 1872 καὶ
1267 1819 1481 1889 χρόνον,
1507 1817 1640 1872 καθὸ
1667 1821 1863 1872 νοεῖται

1968 1804 2137 1860 Filius
2164 1804 2422 1860 Dominus
2451 1812 2635 1859 noster
2654 1800 2815 1858 Jesus
2850 1802 3120 1867 Christus,
3159 1806 3301 1861 idem
3328 1815 3383 1859 et
3413 1814 3540 1860 ante

284 1904 480 1971 Λόγος,
518 1906 611 1960 καὶ
642 1909 930 1981 χαρακτὴρ
959 1909 1059 1979 τῆς
1089 1909 1441 1973 ὑποστάσεως
1474 1909 1660 1975 αὑτοῦ,
1693 1911 1786 1963 καὶ
1811 1912 1869 1965 έν

284 1997 537 2067 ἐσχάτοις
581 2003 794 2069 καιροῖς
844 2002 1202 2071 οἰκονομικῶς
1261 2003 1542 2074 ἅνθρωπος
1596 2001 1664 2055 δι’
1722 2004 1869 2074 ἡμᾶς

284 2087 547 2156 γεγονώς.
592 2090 809 2161 Ἐπειδὴ
827 2092 886 2145 δὲ
913 2092 1197 2164 ἀναιροῦσί
1218 2110 1364 2157 τινες
1394 2093 1491 2163 τὴν
1520 2092 1663 2147 κατά
1688 2094 1868 2165 σάρκα

282 2178 543 2249 γέννησιν
580 2180 763 2245 αὑτοῦ,
798 2181 899 2251 τὴν
940 2183 1005 2236 ὲκ
1040 2183 1138 2253 τῆς
1182 2183 1343 2252 ἁγίας
1386 2183 1662 2255 Παρθένου
1708 2200 1869 2252 γεγε-

282 2268 529 2339 νημένην
562 2271 654 2324 ἐπὶ
686 2273 933 2345 σωτηρία
964 2272 1074 2327 τῶν
1117 2274 1277 2336 ὅλων,
1307 2274 1406 2327 οὐκ
1443 2277 1521 2339 είς
1566 2274 1739 2345 ἀρχὴν
1770 2273 1865 2328 τοῦ

283 2353 426 2411 εἶναι
459 2359 731 2414 καλοῦσαν
758 2362 946 2428 αὐτὸν,
978 2363 1094 2418 ἀλλ’
1124 2363 1211 2418 ἵνα
1255 2364 1402 2433 ἡμᾶς
1446 2363 1727 2434 ἀπαλλάξῃ
1774 2363 1868 2417 θα-

280 2447 468 2516 νάτου,
526 2450 624 2504 καὶ
680 2451 908 2524 φθορᾶς,
966 2453 1209 2524 γεγονὼς
1261 2452 1383 2508 καθ’
1441 2455 1585 2525 ἡμᾶς
1620 2495 1635 2508 .
1663 2453 1868 2524 ταύτης

278 2540 450 2595 ἑνεκα
485 2544 583 2614 τῆς
607 2545 786 2608 αἰτίας
815 2548 845 2599 ὁ
874 2545 1091 2617 πρῶτος
1119 2548 1252 2617 ἡμῖν
1300 2545 1738 2615 άναθεματισμὸς
1765 2563 1868 2599 κα-

280 2632 603 2705 τακέκραγε
648 2636 746 2706 μὲν
777 2637 876 2707 τῆς
911 2637 1137 2692 ἐκείνων
1171 2638 1558 2703 κακοπιστίας,
1591 2637 1652 2690 τὸ
1694 2637 1751 2691 δὲ
1779 2637 1870 2709 ὀρ-

284 2723 402 2787 θῶς
436 2723 559 2794 ἔχον
594 2725 864 2795 ὁμολογεῖ,
895 2727 1026 2780 Θεδν
1055 2723 1196 2781 εἶναι
1228 2727 1403 2795 λέγων
1427 2726 1565 2782 κατά
1611 2726 1869 2800 ἀλήθειαν

288 2812 384 2890 τὸν
421 2814 802 2886 Ἐμμανουήλ·
835 2819 929 2872 καὶ
962 2817 1050 2871 διὰ
1080 2817 1241 2873 τοῦτο
1268 2817 1526 2873 Θεοτόκον
1558 2820 1657 2890 τὴν
1702 2819 1865 2889 άγίαν

287 2903 592 2974 Παρθένον.

724 3124 1308 3182 ΔΝΔΘΕΜΔΤΙΣΜΟΣ
1346 3127 1421 3182 B'.

354 3253 424 3310 Εῐ
440 3272 524 3320 τις
551 3255 653 3327 οὐχ
678 3257 932 3327 ὁμολογεῖ
955 3257 1121 3328 σαρκὶ
1149 3257 1272 3312 καθ’
1291 3257 1590 3313 ὑπόστασιν
1620 3259 1861 3330 ἡνῶσθαι

281 3349 376 3403 τὸν
419 3349 485 3405 ὲκ
532 3346 669 3403 Θεοῦ
722 3348 935 3420 Πατρδς
963 3349 1155 3419 Λόγον,
1188 3348 1286 3404 ἕνα
1329 3366 1392 3403 τε
1441 3346 1580 3405 εῖναι
1630 3352 1864 3422 Χριστὸν

286 3439 427 3510 μετὰ
472 3437 574 3511 τῆς
616 3437 751 3501 ἰδίας
783 3438 1004 3511 σαρκὸς,
1033 3439 1126 3494 τὸν
1167 3440 1330 3495 αὑτὸν
1367 3440 1610 3512 δηλονότι
1640 3441 1774 3497 Θεόν
1800 3458 1861 3495 τε

285 3530 441 3602 ὁμοῦ,
488 3530 585 3585 καὶ
620 3529 927 3603 άνθρωπονυ
965 3531 1212 3602 ἀνάθεμα
1240 3531 1401 3589 ἔστω.

865 3643 1175 3711 Ἔπιλυσις
1217 3643 1302 3709 ,B'.

367 3758 427 3813 Ὀ
480 3757 768 3821 θεσπέσιος
815 3755 1017 3830 γράφει
1053 3754 1287 3819 Παῦλος,
1330 3756 1361 3809 6
1400 3754 1511 3809 τῶν
1558 3754 1718 3808 θείων
1759 3770 1863 3826 μυ-

1967 1911 2127 1952 omne
2156 1895 2410 1951 saeculum
2442 1904 2496 1950 et
2532 1905 2764 1965 tempus,
2802 1904 3071 1966 quatenus
3094 1897 3324 1953 Verbum
3346 1897 3541 1952 intelli-

1968 1989 2133 2060 gitur,
2169 1998 2223 2043 et
2245 1987 2415 2058 ﬁgura
2439 1988 2767 2043 substantia:
2804 1988 2920 2058 ejus
2949 1987 3016 2055 ",
3044 1997 3097 2042 et
3132 1988 3184 2042 in
3226 1988 3540 2044 novissimis

1969 2078 2302 2147 temporibus
2326 2078 2718 2145 dispensatoria
2747 2080 2958 2133 ratione
2987 2079 3156 2134 nostri
3180 2093 3343 2135 causa
3374 2081 3543 2136 homo

1967 2168 2164 2224 factus.
2195 2169 2329 2234 Quia
2364 2183 2491 2222 1vero
2517 2168 2759 2223 nonnulli
2804 2167 3142 2225 nativitatem
3170 2171 3313 2227 illius
3340 2187 3537 2228 secun-

1964 2260 2092 2314 dum
2126 2272 2349 2312 carnem
2403 2267 2623 2327 propter
2648 2258 2887 2314 omnium
2922 2260 3174 2326 salutem,
3225 2275 3331 2330 qua
3359 2262 3540 2319 editus

1967 2358 2049 2404 est
2070 2364 2137 2403 ex
2167 2357 2352 2403 sancta
2384 2348 2626 2419 Virgine,
2658 2348 2964 2404 inliciantur
2989 2350 3139 2421 (quae
3167 2353 3541 2409 nativitashoe

1968 2440 2041 2495 illi
2074 2455 2177 2495 non
2208 2441 2457 2506 contulit,
2490 2451 2548 2497 ut
2584 2450 2693 2495 tmn
2726 2441 2960 2512 primum
2993 2456 3113 2497 esse
3142 2442 3422 2512 inciperet,
3443 2444 3540 2500 sed

1968 2543 2025 2587 ut
2056 2533 2210 2588 nobis
2273 2534 2473 2590 similis
2537 2533 2711 2589 factus
2763 2551 2792 2588 a
2846 2544 3019 2590 morte
3079 2544 3133 2588 et
3189 2537 3541 2605 corruptione

1969 2638 2067 2679 nos
2109 2624 2434 2695 liberaret):
2463 2625 2624 2697 148
2655 2636 2937 2696 propterea
2976 2627 3189 2696 primus
3235 2627 3322 2682 hic
3355 2616 3561 2683 noster‘

1966 2715 2450 2770 anathetnatismns
2505 2716 2557 2770 in
2604 2731 2910 2785 perversam
2955 2718 3168 2772 illorum
3198 2716 3359 2773 ﬁdem
3388 2720 3539 2773 inre-

1966 2806 2153 2861 hitur:
2186 2814 2298 2861 tum
2331 2822 2481 2873 vero,
2508 2809 2651 2878 quod
2692 2819 2851 2864 recta:
2888 2810 3008 2864 tidei
3062 2819 3167 2875 est,
3228 2810 3537 2878 conﬁtetur,

1967 2894 2374 2951 Emmanuelem
2438 2896 2734 2951 secundum
2777 2898 3057 2951 veritatem
3088 2897 3257 2952 Deum
3303 2913 3427 2955 esse
3456 2899 3539 2955 di-

1964 3000 2094 3041 cens
2147 2993 2312 3056 atque
2352 2987 2473 3042 ideo
2504 2996 2749 3043 sanctam
2777 2986 3056 3058 Virginem
3090 2988 3396 3059 Deiparam.

2386 3119 3027 3178 ANATHEMATISHUS
3056 3109 3119 3176 Il.

2036 3257 2093 3312 Si
2132 3256 2253 3326 quis
2280 3271 2382 3312 non
2410 3256 2720 3323 conﬁtetur,
2769 3254 2860 3311 Dei
2898 3253 3074 3313 Patris
3109 3254 3347 3314 Verbum
3381 3260 3535 3316 carni

1964 3350 2259 3403 secundum
2317 3348 2647 3420 hypostasim
2697 3348 2929 3414 unitum,
2965 3363 3240 3421 unumque
3280 3365 3385 3405 una
3407 3366 3531 3407 cum

1964 3453 2062 3493 sua
2110 3454 2273 3495 carne
2300 3455 2424 3496 esse
2450 3440 2749 3504 Christum,
2784 3440 3035 3496 eumdem
3083 3441 3337 3499 nimirum
3366 3441 3534 3500 Deum

1963 3528 2123 3585 simul
2146 3539 2203 3586 et
2232 3531 2531 3596 hominem,
2567 3531 2853 3589 anathema
2880 3530 2971 3585 sit.

2446 3644 2769 3716 Explanatio
2797 3643 3047 3700 secunda.

2033 3756 2260 3815 Divinus
2292 3758 2514 3826 Paulus,
2560 3774 2716 3816 sacer
2756 3759 2846 3815 ille
2878 3760 3182 3816 divinorum
3241 3761 3536 3831 mysterio-

284 3850 524 3922 στηρίων
577 3848 858 3921 ίερουργός
878 3865 892 3878 ’
946 3866 964 3899 ι
1029 3844 1503 3918 Ὀμολογουμένως
1550 3845 1696 3917 μέγα
1743 3845 1860 3899 ἐστὶ

1963 3864 2081 3905 rum
2116 3849 2410 3921 interpres,
2466 3848 2543 3904 ita
2592 3848 2829 3906 scribit:
2875 3867 2894 3901 ι
2956 3850 3240 3908 Manifeste
3281 3865 3529 3922 magnum

280 3945 343 3999 τὸ
368 3948 471 4017 τῆς
515 3942 801 4006 εὐσεϐείας
842 3941 1157 4013 μυστήριονο
1188 3938 1321 4002 Θεὸς
1360 3940 1419 3994 ὲν
1466 3937 1631 4008 σαρκὶ
1665 3938 1861 4005 ἐφανε-

1963 3952 2043 4001 est
2091 3943 2310 4014 pietatis
2364 3942 2981 3999 sacranientuszeus
3031 3944 3410 4001 manifestatus
3450 3954 3535 4000 est

283 4035 469 4108 ρώθη·
524 4032 817 4105 ἐδικαιώθη
879 4035 937 4087 ὲν
994 4030 1309 4102 πνεύματι*
1362 4028 1520 4100 ὤφθη
1568 4028 1856 4097 ἀγγέλοις·

1963 4033 2014 4089 in
2046 4031 2591 4102 carne,justilicatus
2624 4041 2709 4087 est
2734 4032 3042 4101 in'spiritu,
3092 4035 3344 4104 apparuit
3366 4049 3531 4105 aage-

282 4124 567 4198 ὲκηρύχθη
591 4124 799 4179 ἔθνεσιν
822 4141 836 4156 ”
866 4120 1163 4191 ἐπιστεύθη
1209 4121 1268 4174 ὲν
1302 4119 1492 4191 κόσμῳ
1515 4136 1530 4151 ⁸
1581 4117 1855 4192 ἀνελήφθη

1963 4122 2048 4188 lis,
2080 4122 2406 4194 praedicatus
2422 4129 2507 4177 est
2528 4122 2801 4191 gentibus,
2838 4122 3078 4178 creditus
3118 4133 3202 4178 est
3222 4124 3276 4178 in
3306 4125 3531 4189 mundo,

281 4220 338 4273 έν
360 4217 516 4291 δόξῃ.
554 4235 574 4271 ›
610 4216 675 4269 Τί
697 4211 792 4270 οὖν
821 4216 938 4269 ἔστι
961 4213 1041 4279 τὸ,
1080 4230 1098 4264 ι
1145 4209 1496 4283 Ἐφανερὼθη
1517 4210 1573 4265 ὲν
1600 4211 1798 4283 σαρκί;
1831 4229 1849 4264 ι

1963 4225 2271 4287 assumptus
2316 4223 2402 4270 est
2455 4213 2510 4268 iu
2547 4213 2719 4286 gloria
2744 4212 2807 4268 ".
2848 4230 2867 4265 ι
2904 4211 3043 4280 Quid
3075 4213 3237 4285 igitur
3264 4222 3348 4269 est
3388 4214 3531 4285 quod

180 4302 194 4313 ’
278 4308 551 4371 τουτέστι,
582 4306 776 4375 Γέγονε
809 4304 948 4378 σὰρξ
971 4308 999 4361 6
1037 4307 1102 4362 ἐκ
1138 4304 1273 4358 Θεοῦ
1315 4305 1529 4375 Πατρὸς
1566 4305 1756 4375 Λόγος,
1794 4306 1853 4360 οὐ

1963 4309 2113 4374 dicit,
2148 4328 2167 4361 ι
2200 4307 2576 4364 Manifestatus
2607 4316 2691 4362 est
2736 4307 2790 4363 in
2833 4307 3050 4363 carne?
3091 4326 3109 4360 ι
3146 4306 3249 4362 hoc
3277 4315 3386 4374 est,
3432 4306 3529 4362 Dei

277 4398 421 4453 κατὰ
448 4397 803 4470 μετάστασιν,
839 4398 874 4469 ἢ
903 4396 1131 4470 τροπὴν,
1174 4399 1275 4469 τῆς
1301 4397 1495 4451 ἑαυτοῦ
1535 4396 1751 4467 φύσεως
1774 4398 1855 4464 εἰς

1963 4400 2134 4455 Patris
2156 4398 2393 4455 Verbum
2422 4414 2553 4455 caro
2596 4397 2794 4454 factum
2838 4406 2962 4453 est:
3002 4413 3111 4455 non
3145 4398 3291 4470 quod
3333 4412 3532 4453 secun-

279 4488 461 4560 σάρκα
497 4488 1035 4560 μεταπεποιημένης,
1078 4487 1154 4551 ὡς
1193 4486 1292 4558 ἤδη
1335 4487 1687 4558 προείπομεν,
1720 4486 1854 4541 ίδίαν

1963 4491 2084 4545 dum
2108 4490 2379 4562 propriam
2411 4498 2659 4546 naturam
2682 4504 3025 4555 conversum,
3056 4500 3150 4544 aut
3202 4498 3529 4544 transmuta-

274 4582 336 4637 δὲ
366 4581 596 4653 ,μᾶλλον
648 4580 1016 4652 ποιησάμενος
1060 4579 1240 4657 σάρκα
1284 4577 1383 4648 τὴν
1433 4580 1499 4632 ἐκ
1547 4579 1648 4651 τῆς
1696 4577 1857 4647 ἁγίας

186 4744 191 4747 _
278 4673 589 4746 Παρθένου,
627 4667 710 4736 εἷς
754 4673 849 4726 καὶ
887 4672 917 4725 6
945 4669 1109 4735 αὐτὸς
1158 4669 1513 4742 χρηματίζων
1560 4669 1716 4733 Υίόςο
1751 4668 1858 4742 πρὸ

279 4764 382 4836 μὲν
404 4765 508 4836 τῆς
530 4761 996 4835 ὲνανθρωπήσεως
1019 4761 1093 4827 ὡς
1121 4760 1361 4831 ἄσαρκος
1389 4759 1468 4815 ἔτι
1497 4760 1689 4831 Λόγος,
1718 4760 1857 4831 μετά

271 4855 333 4917 δί
359 4856 461 4928 τὴν
488 4852 902 4927 ινανθρώπησιν
923 4852 1004 4907 ἔτι
1026 4854 1057 4906 6
1084 4850 1245 4914 αὐτὸς
1266 4851 1323 4906 ὲν
1350 4848 1563 4922 σώματι
1582 4849 1626 4905 ι.
1645 4850 1857 4921 Ταύτῃ-

271 4946 357 5001 τοί
390 4962 577 5017 φαμεν
602 4945 694 5001 τὸν
723 4944 885 5001 αὑτὸν
913 4944 1179 5017 ὑπάρχειν
1207 4942 1340 4996 Θεόν
1365 4959 1424 4996 τε
1455 4940 1591 5013 ὁμοῦ
1635 4940 1731 4996 καὶ
1756 4941 1852 4997 ἄν·

270 5037 517 5112 θρωπον,
543 5038 606 5092 οὐ
643 5036 942 5101 διιστάντες
985 5038 1065 5100 είς
1105 5032 1391 5104 ἄνθρωπον
1435 5033 1618 5097 ίδικῶς
1655 5050 1717 5087 τε
1755 5034 1852 5089 καὶ⁸

1958 4592 2069 4637 tum
2119 4582 2191 4640 sit
2243 4583 2296 4639 in
2318 4599 2563 4650 carnem,
2599 4591 2660 4638 ut
2691 4582 2849 4638 modo
2895 4582 3209 4637 dicebamus
3244 4595 3260 4647 ;
3309 4580 3404 4636 sed
3435 4594 3529 4650 po-

1956 4671 2064 4727 tius
2128 4673 2269 4741 quod
2333 4686 2556 4727 carnem
2625 4686 2693 4725 ex
2746 4679 2934 4725 sancta
2981 4667 3206 4740 Virgine
3256 4679 3528 4741 sumptam

1956 4762 2228 4833 propriam
2249 4762 2349 4817 sibi
2373 4761 2584 4827 fecerit,
2603 4775 2744 4817 unus
2761 4760 3011 4831 idemque
3033 4759 3199 4818 Filius
3226 4762 3524 4820 exsistens:

1956 4864 2082 4908 ante
2125 4853 2552 4910 incarnationem
2603 4853 2821 4924 quidem
2854 4863 3106 4924 tanquam
3138 4853 3374 4911 Verbum
3402 4864 3525 4910 tan-

1956 4952 2071 5000 tum
2101 4944 2281 4999 carnis
2316 4957 2555 5014 expers;
2588 4953 2709 5015 post
2754 4946 3183 5002 incarnationem
3218 4960 3345 5002 vero
3385 4946 3529 5001 idem

1958 5035 2118 5090 etiam
2152 5037 2205 5091 in
2226 5051 2472 5107 corpore.
2497 5037 2569 5093 At
2609 5039 2739 5095 hinc
2794 5047 2881 5095 est
2943 5047 3004 5094 ut
3058 5038 3307 5094 eumdem
3354 5034 3527 5090 Deum

1957 5125 2119 5181 simul
2154 5137 2209 5182 et
2255 5127 2525 5184 hominem
2582 5144 2704 5185 esse
2741 5130 3005 5194 dicamus,
3049 5143 3156 5183 non
3209 5125 3529 5180 divellentes

1957 5231 2079 5271 eum
2138 5217 2189 5273 in
2231 5218 2500 5275 hominem
2543 5234 2785 5276 seorsum
2817 5234 2911 5290 per
2953 5233 3011 5274 se
3052 5215 3309 5288 positum,
3361 5223 3416 5268 et
3471 5213 3526 5267 in

269 5129 548 5203 ἀναμέρος
580 5127 836 5201 κείμενον
882 5126 983 5197 τὴν
1023 5126 1113 5178 ἐπ’
1141 5124 1288 5196 αὐτῷ
1331 5124 1586 5195 θεωρίαν,
1647 5123 1741 5176 καὶ
1772 5125 1851 5187 εἰς

271 5220 403 5275 Θεὸν
446 5221 621 5290 Λάγον
654 5218 869 5283 ίδικῶς·
899 5218 985 5272 ἴνα
1029 5217 1104 5288 μὴ
1143 5215 1237 5269 δύο
1274 5216 1482 5287 νοῶμεν
1526 5216 1695 5280 υἱοὺς,
1734 5214 1848 5266 ἀλλ’

345 5400 385 5430 ¹¹
411 5396 529 5455 Jac.
557 5415 599 5466 ι,
632 5398 720 5453 l7.
800 5398 841 5428 ¹¹
866 5394 1030 5451 Hebr.
1065 5411 1102 5459 ι,
1129 5394 1182 5448 3.
1263 5393 1346 5446 "l
1379 5392 1521 5447 Tim.
1553 5407 1632 5458 ut,
1668 5389 1749 5447 16.

1326 5546 1499 5603 Variae
1532 5517 1796 5601 lectiones
1819 5557 1884 5599 ex
1916 5543 2101 5599 codice
2128 5541 2506 5613 Seguieriano.

344 5698 634 5783 ξ’πέφηνε.
712 5711 740 5750 ιι
766 5708 896 5780 γάρ.
975 5705 992 5745 ι
1027 5708 1056 5759 6
1087 5705 1248 5769 αὑτὸς
1280 5701 1611 5771 ἐνσώματος.

475 5811 753 5871 Psraos.
794 5805 907 5866 (in.
964 5801 1230 5864 LXXVI.

2208 5879 2228 5886 η
3138 5787 3208 5850 10
