4014 6128
412 295 514 351 199

1448 288 1503 343 S.
1548 286 1825 341 CYRILLI
1864 281 2338 341 ALEXAKDRINI
2366 282 2698 343 -ΛΚΩΙΙΙΕΡ⁸

3577 292 3683 350 300

414 410 581 464 Deum
617 408 847 464 Verbum
890 406 1180 476 sejunctim
1220 419 1316 474 per
1369 419 1426 460 se
1461 405 1890 468 consideratum,
1936 419 2000 459 ne

2107 403 2202 457 ἕνα
2237 404 2447 458 καὶτὸν
2490 404 2653 459 αὐτὸν
2679 402 3066 474 ὁμολογοῦντες
3090 402 3181 459 τὸν
3226 404 3391 460 αὑτὸν
3427 406 3684 478 Χριστὸν,

410 503 547 557 duos
600 503 702 556 hac
763 501 974 555 ratione
1047 498 1187 552 [ilius
1240 496 1765 566 intelligamus;sed
1832 511 1996 549 unutn

408 591 766 660 eumdemque
797 590 1074 644 Christum
1130 597 1184 642 et
1231 586 1428 641 Filium
1474 594 1527 640 et
1570 585 1853 639 Dominum
1878 600 1999 641 esse

354 726 361 733 .
411 683 750 738 conﬁtentes.
771 681 871 749 Qui
905 689 1086 733 autem
1120 679 1222 732 hoc
1247 693 1405 733 secus
1433 677 1636 731 [rabere
1656 676 1995 742 existimant,

411 784 505 828 aut
552 788 658 828 non
695 772 771 827 ita
815 772 1003 827 volunt
1042 772 1296 834 credere,
1354 770 1451 823 sed
1498 784 1661 821 unum
1688 767 1885 821 Filium
1944 768 1997 822 in

408 869 548 922 duos
571 864 989 934 dispertiuntur,
1009 875 1064 919 et
1102 878 1221 933 qua:
1269 875 1328 916 re
1356 860 1472 931 ipsa
1516 860 1801 930 conjuncta
1851 870 1997 926 sunt,

411 975 441 1013 a
485 973 546 1012 se
603 955 957 1026 disiungunt,
1025 956 1285 1025 aluntque
1353 952 1626 1009 hominem
1701 951 1998 1007 secundum

411 1049 690 1116 dignitatis
741 1047 823 1102 vel
885 1047 1225 1101 auctoritatis
1271 1044 1608 1099 consortium
1668 1043 1777 1097 Deo
1869 1056 2001 1096 eon-

406 1142 650 1211 junctum
681 1154 803 1194 esse
835 1157 848 1205 ;
883 1153 978 1193 eos
1006 1153 1035 1191 a
1064 1148 1211 1191 recta
1241 1136 1626 1206 inculpataque
1659 1136 1762 1190 lide
1796 1135 1999 1190 alienos

411 1232 661 1288 dicimus.
719 1229 976 1295 Quamvis
1023 1243 1153 1297 ergo
1216 1231 1493 1296 apostolus
1556 1225 1864 1280 nominetur
1897 1226 1994 1291 ¹³·,

414 1333 720 1392 unctusque
751 1330 805 1377 et
831 1320 926 1375 Dei
965 1319 1135 1374 Filius
1176 1319 1490 1390 designatus
1530 1318 1747 1372 dicatur
1780 1317 1846 1380 ³⁸,
1893 1334 1998 1372 non

414 1413 790 1469 erubescimus
856 1410 1335 1480 dispensationem.
1407 1406 1754 1463 Allirmamus
1818 1418 1999 1461 autem

417 1506 509 1559 Dei
536 1503 714 1559 Patris
756 1501 986 1557 Verbum
1024 1512 1152 1555 tunc
1202 1500 1419 1554 demum
1464 1499 1767 1568 apostolum
1822 1498 1999 1553 nomi-
2038 1564 2041 1568 η

417 1607 625 1662 natum,
674 1596 1028 1661 etnobiscum
1080 1592 1377 1647 secundum
1408 1591 1797 1645 humanitatem
1844 1592 2003 1645 inun—

416 1699 562 1743 etum
593 1702 736 1750 esse,
766 1688 984 1755 quando
1008 1685 1201 1739 similis
1236 1682 1397 1753 149
1425 1683 1580 1737 nobis
1607 1683 1768 1737 homo
1799 1682 1997 1737 factum

2102 496 2194 548 καὶ
2226 495 2375 559 Υίὸν,
2411 497 2505 550 καὶ
2536 497 2761 566 Κύριον.
2793 496 2932 559 Τοὺς
2956 495 3013 548 δὲ
3040 495 3115 568 μὴ
3144 495 3316 561 οὕτως
3350 496 3494 569 ἔχειν
3530 501 3688 555 ύπει-

2101 584 2364 657 ληφότας,
2399 587 2565 657 ἤγουν
2598 588 2875 640 πιστεύειν
2924 586 3226 652 ἐθέλοντας,
3259 588 3592 659 διορίζοντας
3629 592 3688 644 δὲ
3706 628 3732 662 ,γ

2100 678 2181 741 είς
2201 677 2346 740 υἱοὺς
2374 676 2466 730 δύο
2491 679 2581 729 τὸν
2607 677 2724 742 ἕνα,
2759 677 2854 730 καὶ
2884 677 3193 741 διιστάντας
3222 680 3318 733 ἀπ’
3348 679 3593 750 ἀλλήλων
3619 670 3719 736 τὰ·

2100 768 2353 839 ἡνωμένα
2398 767 2541 822 κατά
2569 754 2849 837 ἀλήθειαν,
2883 769 3191 838 φάσκοντας
3230 770 3288 823 δὲ
3326 770 3468 824 κατά
3519 771 3691 841 μόνην

2099 860 2200 931 τὴν
2229 860 2406 925 ἀξίαν,
2435 861 2555 931 ἦτοι
2597 860 2904 925 αύθεντίαν,
2941 861 3232 932 ἀνθρώπου
3267 860 3524 931 γενέσθαι
3561 879 3691 915 συν-

2102 950 2299 1020 άφειαν
2320 952 2457 1022 πρὸς
2482 951 2634 1015 Θεὸν,
2660 953 2757 1021 τῆς
2786 952 2971 1023 ὀρθῆς,
2996 954 3088 1005 καὶ
3111 954 3418 1024 ἀμωμήτου
3449 953 3692 1017 πίστεως

2101 1040 2416 1112 ἀλλοτρίους
2448 1037 2591 1095 εἶναι
2626 1059 2830 1112 φαμεν.
2868 1042 3029 1095 Ὥστε
3086 1042 3191 1095 κᾶν
3226 1041 3522 1105 ἀπόστολος
3570 1043 3692 1093 ὀνο-

2105 1131 2364 1204 μάζηται,
2400 1133 2502 1186 κᾶν
2532 1127 2816 1204 κεῄρῖσθαι
2861 1132 3111 1204 λέγηται,
3143 1133 3237 1186 καὶ
3270 1133 3351 1196 είς
3394 1132 3524 1186 Υίὸν
3551 1129 3685 1201 dapi-

2104 1224 2227 1278 σθαι
2268 1223 2425 1287 Θεοῦ,
2452 1225 2552 1277 ούκ
2596 1223 2965 1294 αἰσχυνόμεθα
3004 1223 3101 1295 τὴν
3126 1222 3460 1294 οἰκονομίαν.
3515 1222 3691 1276 Αὑτὸν

2100 1314 2159 1368 δέ
2192 1333 2370 1386 φαμεν
2402 1315 2493 1368 τὸν
2524 1318 2588 1369 ὲκ
2624 1316 2758 1369 Θεοῦ
2786 1315 3001 1385 Πατρὸς
3029 1316 3222 1385 Λόγον,
3263 1315 3352 1367 ὅτε
3387 1313 3509 1367 καθ’
3539 1315 3691 1384 ἡμᾶς

2102 1407 2323 1476 γέγονεν
2352 1408 2657 1479 ἄνθρωπος,
2686 1407 3002 1478 ὠνομάσθαι
3039 1407 3104 1479 δὴ
3149 1407 3270 1460 τότε
3311 1406 3406 1460 καὶ
3456 1408 3692 1460 ἀπόστο-

2102 1500 2211 1564 λον,
2242 1501 2338 1553 καὶ
2372 1498 2658 1571 κεχρῖσθαι
2696 1499 2753 1552 δὲ
2797 1499 2917 1570 μεθ’
2957 1499 3115 1570 ἡμῶν
3143 1502 3285 1552 κατὰ
3311 1499 3372 1551 τὸ
3412 1497 3695 1565 ἀνθρώπι-

2103 1611 2212 1647 νον.
2258 1593 2317 1647 '0
2361 1594 2470 1664 γὰρ
2501 1593 2738 1663 γεγονὼς
2786 1592 2908 1646 καθ’
2949 1594 3121 1665 ἡμᾶς,
3167 1594 3214 1645 εί
3245 1592 3336 1645 καὶ
3384 1591 3695 1662 μεμένηκεν

2103 1686 2240 1757 ὅπερ
2285 1681 2375 1757 ἦν,
2438 1687 2499 1740 οὑ
2547 1688 2895 1757 παραιτεῖται
2944 1683 3014 1738 τά
3064 1684 3242 1755 ἡμῶν.
3304 1683 3593 1754 Προσίεται
3638 1681 3695 1734 δὲ

415 1788 518 1833 est.
551 1777 653 1843 Qui
691 1776 836 1830 enim
892 1774 1046 1829 nobis
1077 1773 1422 1828 assimilatus
1454 1781 1560 1838 est,
1597 1771 1725 1827 licet
1765 1773 1816 1827 id
1852 1773 1995 1842 quod

2107 1744 2322 1847 μᾶλλον.
2335 1744 2471 1847 ὁμοῦ
2501 1744 2742 1847 τοῖςπῆς
2782 1744 3199 1847 ἀνθρωπόττγτος
3246 1744 3465 1843 μέτροις
3497 1771 3565 1824 τά
3601 1772 3695 1823 άν-

417 1878 536 1923 erat
585 1868 866 1932 manserit,
918 1882 1038 1935 quae
1082 1872 1267 1919 nostra
1311 1873 1437 1919 sunt
1503 1879 1607 1918 non
1663 1874 1992 1919 aversatur:

419 1960 528 2013 imo
552 1973 680 2012 vero
722 1967 947 2027 propter
1004 1957 1463 2027 diapensationem
1517 1970 1580 2010 ea
1630 1956 1833 2021 omnia,
1878 1970 1997 2025 qua:

419 2051 484 2103 ad
511 2051 802 2104 humanam
846 2058 1096 2102 naturam
1136 2049 1437 2116 pertinent,
1469 2062 1590 2100 cum
1634 2046 1994 2102 humanitatis

2103 1867 2351 1939 θρώπινα
2373 1868 2460 1921 διὰ
2489 1868 2588 1939 τὴν
2624 1866 2956 1938 οἰκονομίαν,
3004 1864 3158 1918 οὐδὲν
3208 1863 3457 1919 ἐντεῦθεν
3484 1864 3565 1927 είς
3613 1865 3695 1916 οἱ-

2100 1959 2254 2014 κείαν
2286 1959 2642 2029 ἀδικούμενος
2667 1958 2843 2024 δόξαν,
2877 1957 2910 2028 ἦ
2944 1956 3103 2027 φύσιν
3136 1973 3148 1986 ο
3186 1953 3302 2009 ἔστι
3346 1956 3451 2026 γάρ
3488 1954 3571 2007 ἔτι
3598 1953 3696 2009 καὶ

2101 2049 2244 2105 οὕτω
2275 2051 2429 2115 Θεὸς,
2462 2052 2557 2104 καὶ
2585 2050 2692 2103 τῶν
2719 2050 2855 2104 ὅλων
2899 2047 3124 2118 Κύριος.

419 2138 687 2194 mensuris
716 2136 878 2190 simul
940 2136 1231 2191 admittit:
1284 2149 1460 2204 neque
1487 2134 1654 2188 ullum
1723 2135 1849 2189 hinc
1887 2144 2066 2193 tamen
2101 2142 2398 2195 secundum
2450 2141 2724 2211 propriam
2781 2150 3057 2205 naturam,
3110 2136 3194 2193 vel
3243 2137 3490 2210 gloriam,
3516 2137 3690 2194 detri-

419 2245 658 2290 mentum
708 2231 904 2301 capit:
943 2246 1025 2286 εει
1066 2231 1213 2286 enim
1267 2230 1448 2285 adhuc
1483 2230 1650 2285 etiam
1694 2231 1799 2287 hoc
1833 2233 1995 2290 modo
2034 2236 2174 2292 Deus
2200 2251 2263 2292 ac
2301 2237 2564 2293 Dominus
2604 2236 2871 2291 omnium.

826 2347 1471 2405 ANATIIEMATISMUS
1505 2349 1595 2406 Ill.

490 2464 548 2519 Si
577 2464 698 2533 quis
734 2463 786 2516 in
826 2477 933 2516 uno
966 2462 1180 2518 Christo
1212 2472 1333 2531 post
1373 2463 1628 2518 unionem
1668 2462 1862 2518 dividit
1894 2464 1997 2535 hy-

420 2567 689 2627 postases,
728 2555 986 2622 ipsasque
1034 2568 1096 2606 ea
1154 2538 1360 2606 tantum
1413 2555 1800 2624 conjunctione
1860 2556 2002 2611 inter

419 2662 480 2703 se
506 2644 802 2709 connectit,
825 2659 943 2713 qua:
965 2652 1047 2697 est
1077 2645 1375 2698 secundum
1409 2645 1745 2714 dignitatem,
1798 2648 1900 2702 hoc
1920 2658 2003 2703 est

419 2738 823 2800 auctoritatem,
880 2735 963 2790 vel
1020 2745 1366 2806 potestatem,
1418 2745 1475 2791 et
1535 2753 1639 2791 non
1693 2751 1758 2791 eo
1819 2720 2000 2805 potius

419 2844 706 2893 concursu,
734 2827 825 2896 qui
875 2836 958 2882 est
995 2828 1293 2881 secundum
1352 2828 1660 2884 naturalem
1694 2829 1945 2884 unionem
1984 2846 1995 2881 :

417 2919 707 2976 anathema
739 2917 828 2973 sit.
1440 2926 1443 2929 '

970 3030 1269 3086 Declaralio
1304 3034 1483 3087 tertia.

492 3144 764 3201 lncarnati
824 3142 1097 3213 Unigeniti
1160 3144 1617 3211 dirpensatorium
1687 3148 2001 3217 mysterium

421 3244 674 3290 accurate
696 3231 1055 3299 inquirentes,
1085 3230 1180 3284 Dei
1219 3228 1399 3285 Patris
1431 3230 1665 3286 Verbum
1691 3233 2002 3286 admirabili

425 3323 899 3394 inexplicabiliqne
959 3323 1142 3387 modo,
1203 3330 1396 3377 sancto
1467 3322 1682 3393 corpori
1763 3325 2002 3379 animam

427 3416 655 3472 rationis
688 3424 992 3482 compotem
1032 3412 1252 3468 habenti
1300 3413 1507 3468 unitum
1535 3415 1765 3470 dicimus
1793 3433 1808 3483 ;
1842 3427 2005 3485 atque

423 3511 498 3566 ita
520 3522 731 3579 quoque
765 3523 929 3562 unum
968 3520 1089 3561 esse
1121 3504 1321 3560 Filium
1350 3506 1723 3577 intelligimus;
1744 3511 2005 3578 quemad-

426 3601 644 3657 modum
677 3599 932 3654 nimirum
978 3605 1032 3652 et
1074 3598 1126 3650 in
1172 3597 1329 3653 nobis
1376 3598 1507 3668 ipsis
1562 3615 1787 3655 cernere
1844 3599 1999 3655 licet:

426 3703 558 3750 sunt
586 3705 717 3747 sane
749 3690 930 3744 anima
982 3697 1037 3744 et
1083 3703 1279 3759 corpus
1307 3699 1513 3743 natura:
1544 3690 1789 3758 diversae,
1814 3699 1870 3745 at
1900 3692 2005 3746 duo

426 3787 543 3840 haec
577 3787 720 3839 inter
766 3798 825 3838 se
860 3780 1147 3851 conjuncta
1200 3796 1364 3834 unum
1416 3781 1617 3837 animal
1646 3784 2002 3839 constituunt.

426 3876 623 3932 Verum
664 3883 787 3930 sunt
832 3874 921 3942 qui
950 3873 1108 3926 aliter
1142 3872 1258 3928 haec
1292 3872 1495 3926 habere
1530 3873 1840 3941 opinantur.
1874 3874 2002 3928 Sta-

428 3977 584 4023 tuunt
633 3967 685 4021 hi
738 3967 892 4023 nobis
927 3967 1206 4045 howinem
1261 3978 1507 4019 seorsum
1542 3979 1636 4034 per
1665 3979 2005 4037 se,eumque

426 4059 519 4114 Dei
543 4056 717 4127 Patris
757 4057 932 4113 Verbo
973 4056 1267 4113 secundum
1303 4056 1475 4110 solam
1515 4055 1832 4127 dignitatem
1890 4057 2006 4113 sive

424 4151 817 4208 auctoritatem
862 4149 1211 4220 conjunctum
1244 4149 1433 4204 dicunt
1468 4165 1484 4215 ;
1526 4150 1820 4204 secundum
1849 4158 2007 4203 natu-

424 4243 590 4298 ralem
643 4251 846 4305 autem,
906 4242 1008 4296 hoc
1051 4250 1156 4308 est,
1216 4256 1397 4295 veram
1424 4242 1704 4305 unionem,
1730 4251 1784 4295 et
1810 4250 1869 4295 ut
1908 4255 2006 4295 nos

423 4334 714 4400 crcdimus,
748 4346 1112 4402 nequaquam.
1158 4329 1295 4385 Nam
1337 4331 1412 4386 ita
1443 4332 1607 4386 etiam
1646 4332 1825 4386 divina
1857 4330 2007 4385 Scri-

425 4435 582 4498 ptura
608 4425 776 4479 dicit:
815 4440 833 4474 ι
867 4421 934 4475 Et
962 4437 1185 4476 eramus
1225 4432 1416 4476 natura
1465 4422 1559 4475 lilii
1598 4424 1713 4487 iras,
1760 4423 1906 4477 sicut
1949 4431 2005 4477 et

424 4518 613 4575 caeteri
641 4518 685 4549 ¹⁸
718 4532 734 4581 ;
770 4535 788 4568 ι
825 4514 976 4582 illud,
1009 4523 1224 4580 natura,
1273 4526 1497 4569 sumens
1537 4528 1654 4582 pro,
1713 4528 1858 4569 vere.
1899 4514 1999 4581 Qui

330 4634 335 4637 -
428 4611 610 4678 itaque
677 4606 1057 4663 subsistentias
1127 4613 1249 4677 post
1312 4604 1564 4659 unionem
1624 4603 1891 4670 dividunt,
1949 4613 2004 4659 et

426 4698 688 4767 singulas,
734 4697 835 4752 hoc
885 4707 988 4763 εει,
1046 4698 1214 4752 Deum
1260 4706 1314 4752 et
1365 4696 1662 4760 hominem,
1708 4697 1999 4766 separatim

426 4800 655 4862 ponunt,
684 4788 955 4858 talemque
984 4789 1196 4844 illarqu
1234 4789 1479 4860 copulam
1513 4788 1851 4859 conﬁngunt,
1882 4804 2000 4859 quas

427 4880 726 4938 secundum
800 4881 969 4935 solam
1023 4881 1338 4952 dignitatem
1385 4883 1670 4959 contingit,
1726 4881 1800 4935 illi
1869 4882 2003 4937 duos

426 4972 651 5030 omnino
721 4972 861 5029 lilios
930 4975 1321 5036 constituunt;
1381 4988 1503 5028 cum
1575 4983 1751 5028 tamen
1816 4973 2001 5028 divina

427 5066 709 5136 Scriptura
734 5081 899 5120 unum
936 5063 1134 5121 Filium
1172 5073 1227 5118 et
1265 5064 1550 5119 Dominum
1588 5079 1708 5120 esse
1746 5064 1996 5120 alIirmet.

427 5154 606 5223 Quare
648 5164 771 5225 post
819 5168 1075 5210 arcanam
1135 5152 1281 5206 illam
1335 5154 1607 5223 copulam,
1663 5154 1780 5210 sive
1829 5155 1996 5209 Deum

386 5316 392 5331 .
427 5249 673 5305 nomines
708 5246 1139 5311 Emmanuelem,
1192 5245 1534 5301 incarnatum
1576 5256 1631 5302 et
1674 5247 1997 5301 inhumana-

500 5404 567 5437 ιι·
590 5403 750 5461 Hebr,
780 5423 861 5472 η,⁹
892 5407 941 5461 ι,
1021 5406 1064 5437 ³⁸
1093 5405 1234 5462 Psd.
1272 5422 1417 5474 χειν,
1447 5407 1508 5472 8;
1542 5405 1703 5476 Πρω.
1736 5421 1777 5470 ι,
1806 5407 1860 5461 9.

2538 2351 3132 2406 ΑΝΑΘΕΜΑΤΙΣΜΟΣ
3181 2350 3258 2406 Γθ.

2176 2464 2241 2517 Εἰ
2262 2481 2344 2527 τις
2369 2463 2459 2517 ἐπὶ
2480 2463 2574 2517 τοῦ
2602 2465 2720 2528 ἑνὸς
2751 2463 2988 2535 Χριστοῦ
3012 2464 3212 2534 διαιρεῖ
3228 2462 3328 2527 τὰς
3361 2463 3693 2527 ὑποστάσεις

2107 2557 2245 2628 μετά
2263 2557 2362 2626 τὴν
2392 2557 2604 2621 ἕνωσιν,
2635 2558 2769 2628 μόνῃ
2814 2557 3098 2610 συνάπτων
3122 2556 3292 2619 αὑτάς
3324 2555 3591 2624 συναφείᾳ
3624 2557 3689 2625 τῇ

2102 2647 2245 2700 κατὰ
2271 2646 2369 2717 τὴν
2398 2646 2573 2712 ἀξίαν,
2612 2648 2782 2717 ἤγουν
2812 2646 3126 2712 αύθεντίαν,
3158 2645 3191 2717 ἢ
3222 2645 3562 2709 δυναστείαν,
3598 2645 3693 2698 καὶ

2106 2739 2224 2809 οὐχὶ
2253 2739 2316 2810 δὴ
2344 2739 2788 2809 μᾶλλον’σύνοδον
2817 2739 2915 2811 τὴν
2938 2756 2973 2778 -ι
3004 2738 3126 2794 καθ’
3149 2739 3345 2793 ἕνωσιν
3370 2739 3610 2808 φυσικήν
3631 2746 3687 2775 η’

2107 2829 2354 2901 ἀνάθεμα
2392 2830 2553 2885 ἔστω.

2696 2939 3004 3004 Ἐπίλυσις
3042 2944 3115 3008 γ’.

2178 3054 2290 3123 Τῆς
2318 3052 2467 3124 μετάι
2502 3052 2704 3133 σαρξιὸς
2746 3051 3058 3123 οἰκονομίας
3085 3050 3182 3104 τοῦ
3215 3049 3559 3121 Μονογενοῦς
3589 3068 3690 3104 πο-

2102 3143 2616 3215 λυπραγμονοῦντες
2659 3146 2721 3199 τὸ
2753 3147 3072 3217 μυστήριον,
3120 3144 3439 3217 παραδόξως
3486 3160 3549 3196 τε
3598 3145 3693 3197 καὶ

2104 3235 2431 3307 ἅπορῤήτως
2493 3236 2733 3307 ἡνῶσθαι
2792 3255 2973 3309 φαμεν
3024 3237 3168 3307 ἁγίῳ
3228 3236 3446 3306 σώματι
3506 3234 3695 3306 ψυχὴν

2105 3326 2546 3400 ἔχοντίλογικὴν,
2590 3329 2682 3382 τὸν
2716 3331 2780 3383 ὲκ
2823 3329 2959 3383 Θεοῦ
2990 3329 3205 3402 Πατρὸς
3227 3329 3401 3397 Λόγον
3423 3343 3438 3359 ο
3489 3327 3588 3382 ἕνα
3632 3344 3694 3379 τε

2104 3420 2199 3474 καὶ
2244 3418 2387 3473 οὕτω
2432 3420 2661 3491 νοοῦμεν
2717 3420 2865 3484 Υίὸν,
2918 3418 3172 3491 καθάπερ
3226 3419 3421 3490 ἀμέλει
3463 3419 3561 3473 καὶ
3603 3418 3694 3487 ἐφ’

2104 3510 2261 3582 ἡμῶν
2292 3511 2472 3565 αὐτῶν
2507 3510 2715 3578 ἔξεστιν
2744 3512 2895 3578 ἰδεῖν,
2923 3512 3196 3582 ἑτεροφυᾶ
3240 3510 3340 3581 μὲν
3367 3509 3447 3581 τῷ
3476 3508 3693 3580 σώματι

2104 3603 2203 3674 τὴν
2246 3603 2445 3673 ψυχὴν,
2488 3602 2626 3674 πλὴν
2671 3605 2750 3666 είς
2787 3601 2846 3655 ἓν
2894 3602 3060 3674 ἄμφω
3098 3600 3237 3666 ζῶον
3277 3599 3689 3670 συντεθειμένα.

2118 3693 2257 3747 Ἀλλ’
2303 3694 2402 3764 οὐχ
2448 3692 2590 3747 οὕτω
2633 3693 2787 3747 ταῦτ’
2819 3693 2962 3764 ἔχειν
3007 3692 3294 3747 ύπονοοῦσί
3346 3708 3513 3755 τινες.
3562 3692 3696 3744 ’Λν-

2069 3792 2073 3797 ’
2107 3785 2322 3857 θρωπον
2361 3784 2418 3838 δὲ
2448 3784 2755 3848 διιστάντες
2801 3786 2933 3855 ἡμῖν
2981 3783 3084 3838 ἀνά
3131 3784 3296 3855 μέρος
3338 3784 3434 3836 καὶ
3506 3781 3695 3844 ίδικῶς

2108 3874 2377 3946 συνῆφθαι
2424 3890 2586 3943 φασιν
2643 3874 2806 3928 αὑτὸν
2849 3874 2929 3945 τῷ
2977 3875 3041 3927 ὲκ
3089 3872 3225 3927 Θεοῦ
3269 3871 3483 3942 Πατρὸς
3529 3872 3696 3940 φύντι

2106 3968 2264 4039 Λόγῳ
2287 3965 2432 4021 κατά
2464 3966 2632 4037 μόνην
2676 3964 2773 4036 τὴν
2819 3965 2998 4031 ἀξίαν,
3041 3966 3210 4037 ἤγουν
3241 3963 3339 4035 τὴν
3379 3963 3692 4018 αὐθεντίαν’

2106 4061 2168 4114 οὐ
2208 4060 2329 4114 καθ’
2358 4060 2552 4115 ἕνωσιν
2586 4057 2839 4130 φυσικὴν,
2861 4059 3137 4112 τουτέστιν
3164 4056 3359 4128 ἀληθῆ,
3387 4056 3483 4110 καὶ
3519 4057 3696 4111 καθάο

2107 4170 2213 4222 περ
2255 4154 2416 4224 ἡμεῖς
2466 4149 2815 4220 πιστεύομεν.
2846 4147 3001 4203 υῦτω
3041 4149 3150 4219 γάρ
3195 4147 3298 4202 πού
3330 4165 3462 4218 φησι
3515 4149 3612 4202 καὶ
3658 4150 3694 4219 ἡ

2107 4243 2227 4297 θεία
2258 4243 2449 4315 Γραφή
2474 4259 2487 4273 ·
2526 4261 2544 4294 ι
2576 4242 2688 4295 Καὶ
2724 4236 2867 4312 ἦμεν
2894 4240 3060 4294 τέκνα
3092 4239 3252 4308 φύσει
3274 4239 3466 4310 ὀργῆς,
3492 4238 3570 4304 ὡς
3599 4239 3696 4292 καὶ

2106 4336 2155 4388 οἱ
2199 4334 2396 4399 λοιποὶ,
2449 4353 2468 4386 ι
2514 4331 2576 4385 τὸ
2607 4332 2809 4402 φύσει,
2843 4330 2965 4385 ἀντὶ
3002 4328 3131 4396 τοῦ,
3180 4328 3420 4398 ἀληθῶς,
3465 4328 3695 4400 λαμϐά-

2108 4445 2293 4483 νουσα.
2330 4428 2393 4482 Οί
2440 4425 2773 4498 διαιροῦντες
2811 4423 2989 4478 τοίνυν
3031 4423 3132 4486 τὰς
3175 4421 3506 4486 ὑποστάσεις
3554 4422 3697 4491 μετὰ

2107 4521 2209 4591 τὴν
2236 4520 2453 4584 ἕνωσιν,
2475 4519 2568 4572 καὶ
2592 4517 2699 4571 ἀνά
2741 4516 2905 4588 μέρος
2945 4515 3182 4578 τιθέντες
3212 4513 3508 4585 ἐκάτέραν,
3536 4529 3698 4566 τουτ-

2110 4613 2256 4666 έστιν
2293 4610 2579 4682 ἄνθρωπον
2632 4609 2726 4663 καὶ
2779 4608 2931 4673 Θεὸν,
2996 4607 3092 4659 καὶ
3165 4606 3513 4667 ἐπινοοῦντες
3568 4621 3697 4657 συν-

2107 4705 2303 4773 ἁφειαν
2332 4703 2514 4764 αὐτοῖς
2546 4701 2645 4773 τὴν
2678 4699 2820 4754 κατά
2843 4715 2907 4768 γε
2945 4699 3113 4769 μόνην
3144 4698 3243 4765 τὴν
3273 4697 3450 4764 ἀξίαν,
3471 4695 3567 4750 δύο
3592 4712 3695 4747 που

2109 4796 2329 4859 πάντως
2379 4794 2598 4847 ἱστῶσιν
2657 4792 2837 4856 υἱούς·
2929 4789 3106 4843 καίτοι
3159 4789 3260 4860 τῆς
3330 4786 3695 4841 θεοπνεύστου

2110 4888 2332 4959 Γραφῆς
2359 4885 2454 4940 ἕνα
2479 4884 2743 4955 λεγούσης
2792 4882 2933 4945 Υίὸν,
2970 4880 3064 4936 καὶ
3097 4879 3322 4951 Κύριον.
3355 4879 3522 4931 ’Ὥστε
3555 4877 3699 4947 μετά

2108 4977 2206 5048 τὴν
2249 4977 2486 5048 ἄρρητον
2534 4974 2747 5038 ἕνωσιν,
2796 4972 2899 5026 κᾶν
2945 4971 3081 5024 Θεὸν
3120 4970 3397 5041 ὀνομάσῃς
3426 4968 3520 5022 τὸν
3566 4968 3698 5037 Ἐμ-

2111 5067 2370 5139 μανουὴλ,
2405 5064 2756 5137 σαρκωθὲντα
2791 5081 2850 5117 τε
2884 5063 2978 5117 καὶ
3014 5061 3517 5132 ὲνανθρωπήσαντα
3543 5058 3699 5112 νοοῦ-

2109 5176 2209 5231 μεν
2233 5161 2394 5230 ἡμεῖς
2418 5157 2509 5211 τὸν
2539 5159 2602 5209 ὲκ
2630 5154 2763 5209 Θεοῦ
2790 5154 3003 5226 Πατρὸς
3030 5153 3205 5220 Λόγον
3226 5169 3240 5184 ·
3272 5151 3379 5205 κᾶν
3404 5150 3697 5221 ἄνθρωπον

2105 5248 2289 5319 εἴπῃς,
2332 5247 2484 5301 οὐδὲν
2515 5241 2678 5318 ἦττον
2726 5246 2933 5299 ἐκεῖνον
2981 5240 3164 5306 αὐτὸν,
3204 5241 3262 5294 ἐν
3311 5240 3429 5295 τοῖς
3468 5239 3572 5310 τῆς
3607 5237 3699 5293 ἀν-

1956 5405 2009 5467 ¹⁵,
2024 5404 2220 5475 Ephes.
2249 5420 2310 5470 ll,
2351 5403 2402 5457 6.

1476 5561 1645 5617 Varia:
1678 5559 1943 5617 lectiones
1969 5575 2034 5616 ex
2059 5561 2245 5618 codice
2276 5561 2658 5633 Seguieriauo.

486 5696 756 5766 π’,συνόῖῳ
786 5696 871 5766 τῇ.
953 5708 980 5736 ιι
1010 5698 1236 5767 φυσικῇ.

3716 1094 3729 1147 i

3714 1155 3731 1181 ι
