  <div class='ocr_page' id='page_1' title='image "/cluster/home/n/w/nwhite01/storage/ocr_20150623/76/mdp.39015013094878/158.png"; bbox 0 0 4014 6128; ppageno 0'>
   <div class='ocr_carea' id='block_1_1' title="bbox 298 290 396 345">
    <p class='ocr_par' dir='ltr' id='par_1_1' title="bbox 298 290 396 345">
     <span class='ocr_line' id='line_1_1' title="bbox 298 290 396 345; baseline -0.02 0"><span class='ocrx_word' id='word_1_1' title='bbox 298 290 396 345; x_wconf 74' lang='grc'><strong>501</strong></span> 
     </span>
    </p>
   </div>
   <div class='ocr_carea' id='block_1_2' title="bbox 1338 263 2513 329">
    <p class='ocr_par' dir='ltr' id='par_1_2' title="bbox 1338 263 2513 329">
     <span class='ocr_line' id='line_1_2' title="bbox 1338 263 2513 329; baseline -0.01 -1"><span class='ocrx_word' id='word_1_2' title='bbox 1338 271 1750 329; x_wconf 74' lang='lat' dir='ltr'><strong>EXPLlCATIO</strong></span> <span class='ocrx_word' id='word_1_3' title='bbox 1791 267 2143 327; x_wconf 72' lang='lat' dir='ltr'><strong>DUODECIM</strong></span> <span class='ocrx_word' id='word_1_4' title='bbox 2182 265 2430 322; x_wconf 83' lang='lat' dir='ltr'><strong>CAPITU</strong></span> <span class='ocrx_word' id='word_1_5' title='bbox 2443 263 2513 320; x_wconf 79' lang='grc' dir='ltr'><strong>Μ.</strong></span> 
     </span>
    </p>
   </div>
   <div class='ocr_carea' id='block_1_3' title="bbox 3462 255 3570 312">
    <p class='ocr_par' dir='ltr' id='par_1_3' title="bbox 3462 255 3570 312">
     <span class='ocr_line' id='line_1_3' title="bbox 3462 255 3570 312; baseline -0.019 0"><span class='ocrx_word' id='word_1_6' title='bbox 3462 255 3570 312; x_wconf 73' lang='lat'><strong>302</strong></span> 
     </span>
    </p>
   </div>
   <div class='ocr_carea' id='block_1_4' title="bbox 297 370 1900 474">
    <p class='ocr_par' dir='ltr' id='par_1_4' title="bbox 297 388 1890 474">
     <span class='ocr_line' id='line_1_4' title="bbox 297 388 1890 474; baseline -0.01 -18"><span class='ocrx_word' id='word_1_7' title='bbox 297 402 656 474; x_wconf 80' lang='grc' dir='ltr'><strong>θρωπότητος</strong></span> <span class='ocrx_word' id='word_1_8' title='bbox 711 398 928 469; x_wconf 80' lang='grc' dir='ltr'><strong>μέτροις</strong></span> <span class='ocrx_word' id='word_1_9' title='bbox 979 393 1323 465; x_wconf 83' lang='grc' dir='ltr'><strong>καθηγμένον</strong></span> <span class='ocrx_word' id='word_1_10' title='bbox 1373 388 1730 461; x_wconf 81' lang='grc' dir='ltr'><strong>οἰκονομικῶς</strong></span> <span class='ocrx_word' id='word_1_11' title='bbox 1775 390 1890 442; x_wconf 78' lang='grc' dir='ltr'><strong>ἐπι-</strong></span> 
     </span>
    </p>
   </div>
   <div class='ocr_carea' id='block_1_5' title="bbox 2005 370 3570 474">
    <p class='ocr_par' dir='ltr' id='par_1_5' title="bbox 2005 370 3570 444">
     <span class='ocr_line' id='line_1_5' title="bbox 2005 370 3570 444; baseline -0.01 -7"><span class='ocrx_word' id='word_1_12' title='bbox 2005 396 2106 437; x_wconf 76' lang='grc' dir='ltr'>[ιιιιι</span> <span class='ocrx_word' id='word_1_13' title='bbox 2134 382 2225 436; x_wconf 90' lang='lat' dir='ltr'><strong>Dei</strong></span> <span class='ocrx_word' id='word_1_14' title='bbox 2270 381 2449 435; x_wconf 85' lang='lat' dir='ltr'><strong>Patris</strong></span> <span class='ocrx_word' id='word_1_15' title='bbox 2479 377 2711 433; x_wconf 81' lang='lat' dir='ltr'><strong>Verbum</strong></span> <span class='ocrx_word' id='word_1_16' title='bbox 2743 373 3050 444; x_wconf 79' lang='lat' dir='ltr'><strong>accipimus</strong></span> <span class='ocrx_word' id='word_1_17' title='bbox 3081 388 3095 424; x_wconf 91' lang='lat'><strong>:</strong></span> <span class='ocrx_word' id='word_1_18' title='bbox 3137 370 3253 424; x_wconf 87' lang='lat' dir='ltr'><strong>sive</strong></span> <span class='ocrx_word' id='word_1_19' title='bbox 3299 370 3570 424; x_wconf 83' lang='lat' dir='ltr'><strong>hominem</strong></span> 
     </span>
    </p>
   </div>
   <div class='ocr_carea' id='block_1_6' title="bbox 297 479 1887 564">
    <p class='ocr_par' dir='ltr' id='par_1_6' title="bbox 297 479 1887 564">
     <span class='ocr_line' id='line_1_6' title="bbox 297 479 1887 564; baseline -0.009 -18"><span class='ocrx_word' id='word_1_20' title='bbox 297 493 668 564; x_wconf 82' lang='grc' dir='ltr'><strong>γινώσκομεν.</strong></span> <span class='ocrx_word' id='word_1_21' title='bbox 709 487 990 557; x_wconf 77' lang='grc' dir='ltr'><strong>Γετονέναι</strong></span> <span class='ocrx_word' id='word_1_22' title='bbox 1028 486 1085 539; x_wconf 75' lang='grc' dir='ltr'><strong>δέ</strong></span> <span class='ocrx_word' id='word_1_23' title='bbox 1117 503 1298 557; x_wconf 82' lang='grc' dir='ltr'><strong>φαμεν</strong></span> <span class='ocrx_word' id='word_1_24' title='bbox 1333 485 1494 538; x_wconf 82' lang='grc' dir='ltr'>αὑτὸν</span> <span class='ocrx_word' id='word_1_25' title='bbox 1520 490 1544 517; x_wconf 90' lang='lat'><strong><em>°</em></strong></span> <span class='ocrx_word' id='word_1_26' title='bbox 1577 481 1748 536; x_wconf 80' lang='grc' dir='ltr'>ἀπτὸν</span> <span class='ocrx_word' id='word_1_27' title='bbox 1795 479 1887 531; x_wconf 83' lang='grc' dir='ltr'><strong>τὸν</strong></span> 
     </span>
    </p>
   </div>
   <div class='ocr_carea' id='block_1_7' title="bbox 299 571 1888 656">
    <p class='ocr_par' dir='ltr' id='par_1_7' title="bbox 299 571 1888 656">
     <span class='ocr_line' id='line_1_7' title="bbox 299 571 1888 656; baseline -0.013 -15"><span class='ocrx_word' id='word_1_28' title='bbox 299 586 524 654; x_wconf 68' lang='grc' dir='ltr'><strong>ἀναφῆο</strong></span> <span class='ocrx_word' id='word_1_29' title='bbox 575 582 772 656; x_wconf 68' lang='grc' dir='ltr'>ὁρατὸν</span> <span class='ocrx_word' id='word_1_30' title='bbox 816 581 906 634; x_wconf 74' lang='grc' dir='ltr'><strong>τὸν</strong></span> <span class='ocrx_word' id='word_1_31' title='bbox 955 581 1208 646; x_wconf 84' lang='grc' dir='ltr'><strong>ἀόρατον.</strong></span> <span class='ocrx_word' id='word_1_32' title='bbox 1257 578 1332 630; x_wconf 77' lang='grc' dir='ltr'><strong>Οὐ</strong></span> <span class='ocrx_word' id='word_1_33' title='bbox 1363 576 1470 646; x_wconf 75' lang='grc' dir='ltr'><strong>γὰρ</strong></span> <span class='ocrx_word' id='word_1_34' title='bbox 1499 572 1565 646; x_wconf 78' lang='grc' dir='ltr'><strong>ἦν</strong></span> <span class='ocrx_word' id='word_1_35' title='bbox 1609 571 1888 641; x_wconf 75' lang='grc' dir='ltr'><strong>ἀλλότριον</strong></span> 
     </span>
    </p>
   </div>
   <div class='ocr_carea' id='block_1_8' title="bbox 300 657 1888 741">
    <p class='ocr_par' dir='ltr' id='par_1_8' title="bbox 300 657 1888 741">
     <span class='ocr_line' id='line_1_8' title="bbox 300 657 1888 741; baseline -0.011 -11"><span class='ocrx_word' id='word_1_36' title='bbox 300 677 469 730; x_wconf 75' lang='grc' dir='ltr'>αὑτοῦ</span> <span class='ocrx_word' id='word_1_37' title='bbox 523 675 582 727; x_wconf 88' lang='grc' dir='ltr'>τὸ</span> <span class='ocrx_word' id='word_1_38' title='bbox 639 672 836 727; x_wconf 79' lang='grc' dir='ltr'><strong>ἐνωθὲν</strong></span> <span class='ocrx_word' id='word_1_39' title='bbox 869 670 1019 741; x_wconf 75' lang='grc' dir='ltr'><strong>αὐτῷ</strong></span> <span class='ocrx_word' id='word_1_40' title='bbox 1074 669 1254 740; x_wconf 85' lang='grc' dir='ltr'><strong>σῶμα,</strong></span> <span class='ocrx_word' id='word_1_41' title='bbox 1305 668 1334 721; x_wconf 84' lang='grc' dir='ltr'><strong>ὃ</strong></span> <span class='ocrx_word' id='word_1_42' title='bbox 1381 667 1476 720; x_wconf 73' lang='grc' dir='ltr'><strong>καὶ</strong></span> <span class='ocrx_word' id='word_1_43' title='bbox 1523 663 1696 718; x_wconf 79' lang='grc' dir='ltr'>ἁπτὸν</span> <span class='ocrx_word' id='word_1_44' title='bbox 1750 657 1888 714; x_wconf 81' lang='grc' dir='ltr'><strong>εἷναί</strong></span> 
     </span>
    </p>
   </div>
   <div class='ocr_carea' id='block_1_9' title="bbox 303 754 1888 836">
    <p class='ocr_par' dir='ltr' id='par_1_9' title="bbox 303 754 1888 836">
     <span class='ocr_line' id='line_1_9' title="bbox 303 754 1888 836; baseline -0.009 -16"><span class='ocrx_word' id='word_1_45' title='bbox 303 784 504 836; x_wconf 77' lang='grc' dir='ltr'><strong>φαμεν,</strong></span> <span class='ocrx_word' id='word_1_46' title='bbox 544 766 636 819; x_wconf 74' lang='grc' dir='ltr'><strong>καὶ</strong></span> <span class='ocrx_word' id='word_1_47' title='bbox 677 763 892 835; x_wconf 80' lang='grc' dir='ltr'><strong>ὁρατόν.</strong></span> <span class='ocrx_word' id='word_1_48' title='bbox 931 761 1070 824; x_wconf 71' lang='grc' dir='ltr'>Τοὺς</span> <span class='ocrx_word' id='word_1_49' title='bbox 1109 761 1165 812; x_wconf 81' lang='grc' dir='ltr'>δὲ</span> <span class='ocrx_word' id='word_1_50' title='bbox 1211 758 1286 830; x_wconf 81' lang='grc' dir='ltr'><strong>μὴ</strong></span> <span class='ocrx_word' id='word_1_51' title='bbox 1325 757 1469 811; x_wconf 76' lang='grc' dir='ltr'><strong>οὕτω</strong></span> <span class='ocrx_word' id='word_1_52' title='bbox 1509 754 1888 818; x_wconf 77' lang='grc' dir='ltr'><strong>πιστεύοντας,</strong></span> 
     </span>
    </p>
   </div>
   <div class='ocr_carea' id='block_1_10' title="bbox 305 845 1888 924">
    <p class='ocr_par' dir='ltr' id='par_1_10' title="bbox 305 845 1888 924">
     <span class='ocr_line' id='line_1_10' title="bbox 305 845 1888 924; baseline -0.009 -12"><span class='ocrx_word' id='word_1_53' title='bbox 305 858 616 919; x_wconf 86' lang='grc' dir='ltr'><strong>διιστῶντας</strong></span> <span class='ocrx_word' id='word_1_54' title='bbox 653 856 708 909; x_wconf 83' lang='grc' dir='ltr'>δὲ</span> <span class='ocrx_word' id='word_1_55' title='bbox 731 897 745 921; x_wconf 92' lang='grc'><strong>,</strong></span> <span class='ocrx_word' id='word_1_56' title='bbox 793 855 867 918; x_wconf 84' lang='grc' dir='ltr'><strong>ὡς</strong></span> <span class='ocrx_word' id='word_1_57' title='bbox 905 854 1064 924; x_wconf 73' lang='grc' dir='ltr'><strong>ἔφην,</strong></span> <span class='ocrx_word' id='word_1_58' title='bbox 1103 851 1202 916; x_wconf 81' lang='grc' dir='ltr'><strong>τὰς</strong></span> <span class='ocrx_word' id='word_1_59' title='bbox 1250 850 1573 912; x_wconf 76' lang='grc' dir='ltr'><strong>ὑποστάσεις</strong></span> <span class='ocrx_word' id='word_1_60' title='bbox 1604 846 1745 918; x_wconf 86' lang='grc' dir='ltr'><strong>μετά</strong></span> <span class='ocrx_word' id='word_1_61' title='bbox 1789 845 1888 916; x_wconf 78' lang='grc' dir='ltr'><strong>τὴν</strong></span> 
     </span>
    </p>
   </div>
   <div class='ocr_carea' id='block_1_11' title="bbox 309 940 1888 1021">
    <p class='ocr_par' dir='ltr' id='par_1_11' title="bbox 309 940 1888 1021">
     <span class='ocr_line' id='line_1_11' title="bbox 309 940 1888 1021; baseline -0.007 -20"><span class='ocrx_word' id='word_1_62' title='bbox 309 949 514 1021; x_wconf 59' lang='grc' dir='ltr'>ἕνωσιν,</span> <span class='ocrx_word' id='word_1_63' title='bbox 571 948 665 1001; x_wconf 77' lang='grc' dir='ltr'><strong>καὶ</strong></span> <span class='ocrx_word' id='word_1_64' title='bbox 716 947 882 1016; x_wconf 71' lang='grc' dir='ltr'>ψιλὴν</span> <span class='ocrx_word' id='word_1_65' title='bbox 939 947 1131 1008; x_wconf 76' lang='grc' dir='ltr'><strong>αὐταῖς</strong></span> <span class='ocrx_word' id='word_1_66' title='bbox 1189 945 1484 1014; x_wconf 81' lang='grc' dir='ltr'><strong>συνάφειαν</strong></span> <span class='ocrx_word' id='word_1_67' title='bbox 1541 940 1888 1002; x_wconf 82' lang='grc' dir='ltr'><strong>ἐπινοοῦντας</strong></span> 
     </span>
    </p>
   </div>
   <div class='ocr_carea' id='block_1_12' title="bbox 315 1031 1890 1112">
    <p class='ocr_par' dir='ltr' id='par_1_12' title="bbox 315 1031 1890 1112">
     <span class='ocr_line' id='line_1_12' title="bbox 315 1031 1890 1112; baseline -0.008 -17"><span class='ocrx_word' id='word_1_68' title='bbox 315 1041 447 1095; x_wconf 79' lang='grc' dir='ltr'><strong>κατὰ</strong></span> <span class='ocrx_word' id='word_1_69' title='bbox 485 1041 653 1111; x_wconf 78' lang='grc' dir='ltr'><strong>μόνην</strong></span> <span class='ocrx_word' id='word_1_70' title='bbox 682 1041 781 1112; x_wconf 82' lang='grc' dir='ltr'><strong>τὴν</strong></span> <span class='ocrx_word' id='word_1_71' title='bbox 833 1038 1010 1102; x_wconf 80' lang='grc' dir='ltr'>ἀξίαν,</span> <span class='ocrx_word' id='word_1_72' title='bbox 1061 1039 1230 1108; x_wconf 74' lang='grc' dir='ltr'>ήγουν</span> <span class='ocrx_word' id='word_1_73' title='bbox 1263 1035 1568 1099; x_wconf 73' lang='grc' dir='ltr'><strong>αὑθεντίαν,</strong></span> <span class='ocrx_word' id='word_1_74' title='bbox 1615 1031 1890 1102; x_wconf 84' lang='grc' dir='ltr'>ἀλλοτριοῖ</span> 
     </span>
    </p>
   </div>
   <div class='ocr_carea' id='block_1_13' title="bbox 310 1123 1888 1204">
    <p class='ocr_par' dir='ltr' id='par_1_13' title="bbox 310 1123 1888 1204">
     <span class='ocr_line' id='line_1_13' title="bbox 310 1123 1888 1204; baseline -0.008 -18"><span class='ocrx_word' id='word_1_75' title='bbox 310 1133 413 1186; x_wconf 85' lang='grc' dir='ltr'><strong>τῶν</strong></span> <span class='ocrx_word' id='word_1_76' title='bbox 447 1123 582 1204; x_wconf 82' lang='grc' dir='ltr'><strong>ὀρθά</strong></span> <span class='ocrx_word' id='word_1_77' title='bbox 626 1130 968 1202; x_wconf 79' lang='grc' dir='ltr'><strong>φρονούντων</strong></span> <span class='ocrx_word' id='word_1_78' title='bbox 1015 1139 1043 1179; x_wconf 80' lang='lat' dir='ltr'><strong>P</strong></span> <span class='ocrx_word' id='word_1_79' title='bbox 1086 1131 1114 1182; x_wconf 88' lang='grc' dir='ltr'>ὁ</span> <span class='ocrx_word' id='word_1_80' title='bbox 1151 1127 1506 1199; x_wconf 78' lang='grc' dir='ltr'><strong>προκείμενος</strong></span> <span class='ocrx_word' id='word_1_81' title='bbox 1557 1123 1888 1194; x_wconf 86' lang='grc' dir='ltr'><strong>ἀναθεματι-</strong></span> 
     </span>
    </p>
   </div>
   <div class='ocr_carea' id='block_1_14' title="bbox 312 1222 462 1293">
    <p class='ocr_par' dir='ltr' id='par_1_14' title="bbox 312 1222 462 1293">
     <span class='ocr_line' id='line_1_14' title="bbox 312 1222 462 1293; baseline 0 -17"><span class='ocrx_word' id='word_1_82' title='bbox 312 1222 462 1293; x_wconf 77' lang='grc' dir='ltr'><strong>σμός.</strong></span> 
     </span>
    </p>
   </div>
   <div class='ocr_carea' id='block_1_15' title="bbox 1987 461 3570 540">
    <p class='ocr_par' dir='ltr' id='par_1_15' title="bbox 1987 461 3570 540">
     <span class='ocr_line' id='line_1_15' title="bbox 1987 461 3570 540; baseline -0.007 -15"><span class='ocrx_word' id='word_1_83' title='bbox 1987 474 2214 538; x_wconf 79' lang='lat' dir='ltr'><strong>dixeris,</strong></span> <span class='ocrx_word' id='word_1_84' title='bbox 2255 488 2354 528; x_wconf 89' lang='lat' dir='ltr'><strong>nos</strong></span> <span class='ocrx_word' id='word_1_85' title='bbox 2390 486 2545 540; x_wconf 74' lang='lat' dir='ltr'><strong>teque</strong></span> <span class='ocrx_word' id='word_1_86' title='bbox 2603 469 2729 522; x_wconf 90' lang='lat' dir='ltr'><strong>illud</strong></span> <span class='ocrx_word' id='word_1_87' title='bbox 2758 468 2933 535; x_wconf 89' lang='lat' dir='ltr'><strong>ipsum</strong></span> <span class='ocrx_word' id='word_1_88' title='bbox 2985 463 3114 535; x_wconf 78' lang='lat' dir='ltr'><strong>(Dei</strong></span> <span class='ocrx_word' id='word_1_89' title='bbox 3155 461 3429 532; x_wconf 85' lang='lat' dir='ltr'><strong>Verbum)</strong></span> <span class='ocrx_word' id='word_1_90' title='bbox 3478 475 3570 531; x_wconf 80' lang='lat' dir='ltr'><strong>per</strong></span> 
     </span>
    </p>
   </div>
   <div class='ocr_carea' id='block_1_16' title="bbox 1987 555 3570 637">
    <p class='ocr_par' dir='ltr' id='par_1_16' title="bbox 1987 555 3570 637">
     <span class='ocr_line' id='line_1_16' title="bbox 1987 555 3570 637; baseline -0.01 -15"><span class='ocrx_word' id='word_1_91' title='bbox 1987 566 2446 637; x_wconf 85' lang='lat' dir='ltr'><strong>dispensationem</strong></span> <span class='ocrx_word' id='word_1_92' title='bbox 2485 563 2536 616; x_wconf 92' lang='lat' dir='ltr'><strong>in</strong></span> <span class='ocrx_word' id='word_1_93' title='bbox 2579 574 2862 615; x_wconf 82' lang='lat' dir='ltr'><strong>mensuras</strong></span> <span class='ocrx_word' id='word_1_94' title='bbox 2891 556 3247 611; x_wconf 85' lang='lat' dir='ltr'><strong>humanitatis</strong></span> <span class='ocrx_word' id='word_1_95' title='bbox 3271 555 3570 608; x_wconf 88' lang='lat' dir='ltr'><strong>demissum</strong></span> 
     </span>
    </p>
   </div>
   <div class='ocr_carea' id='block_1_17' title="bbox 1991 646 3574 728">
    <p class='ocr_par' dir='ltr' id='par_1_17' title="bbox 1991 646 3574 728">
     <span class='ocr_line' id='line_1_17' title="bbox 1991 646 3574 728; baseline -0.008 -16"><span class='ocrx_word' id='word_1_96' title='bbox 1991 660 2358 728; x_wconf 72' lang='lat' dir='ltr'><strong>agnoscimus.</strong></span> <span class='ocrx_word' id='word_1_97' title='bbox 2434 654 2675 708; x_wconf 88' lang='lat' dir='ltr'><strong>Dicimus</strong></span> <span class='ocrx_word' id='word_1_98' title='bbox 2753 653 2933 721; x_wconf 88' lang='lat' dir='ltr'><strong>itaque</strong></span> <span class='ocrx_word' id='word_1_99' title='bbox 3008 649 3183 719; x_wconf 89' lang='lat' dir='ltr'><strong>ipsum</strong></span> <span class='ocrx_word' id='word_1_100' title='bbox 3245 646 3574 717; x_wconf 83' lang='lat' dir='ltr'><strong>palpabilem</strong></span> 
     </span>
    </p>
   </div>
   <div class='ocr_carea' id='block_1_18' title="bbox 1991 739 3574 818">
    <p class='ocr_par' dir='ltr' id='par_1_18' title="bbox 1991 739 3574 818">
     <span class='ocr_line' id='line_1_18' title="bbox 1991 739 3574 818; baseline -0.006 -14"><span class='ocrx_word' id='word_1_101' title='bbox 1991 749 2190 805; x_wconf 79' lang='lat' dir='ltr'><strong>factum</strong></span> <span class='ocrx_word' id='word_1_102' title='bbox 2223 765 2363 813; x_wconf 91' lang='lat' dir='ltr'><strong>esse,</strong></span> <span class='ocrx_word' id='word_1_103' title='bbox 2391 748 2482 818; x_wconf 89' lang='lat' dir='ltr'><strong>qui</strong></span> <span class='ocrx_word' id='word_1_104' title='bbox 2520 745 2878 816; x_wconf 88' lang='lat' dir='ltr'><strong>impalpabilis</strong></span> <span class='ocrx_word' id='word_1_105' title='bbox 2929 753 3043 810; x_wconf 79' lang='lat' dir='ltr'><strong>est;</strong></span> <span class='ocrx_word' id='word_1_106' title='bbox 3075 751 3131 797; x_wconf 94' lang='lat' dir='ltr'><strong>et</strong></span> <span class='ocrx_word' id='word_1_107' title='bbox 3155 741 3445 807; x_wconf 79' lang='lat' dir='ltr'><strong>visibilem,</strong></span> <span class='ocrx_word' id='word_1_108' title='bbox 3481 739 3574 810; x_wconf 86' lang='lat' dir='ltr'><strong>qui</strong></span> 
     </span>
    </p>
   </div>
   <div class='ocr_carea' id='block_1_19' title="bbox 1995 832 3574 905">
    <p class='ocr_par' dir='ltr' id='par_1_19' title="bbox 1995 832 3574 905">
     <span class='ocr_line' id='line_1_19' title="bbox 1995 832 3574 905; baseline -0.006 -8"><span class='ocrx_word' id='word_1_109' title='bbox 1995 842 2302 898; x_wconf 79' lang='lat' dir='ltr'><strong>invisibilis.</strong></span> <span class='ocrx_word' id='word_1_110' title='bbox 2335 840 2451 894; x_wconf 88' lang='lat' dir='ltr'><strong>Non</strong></span> <span class='ocrx_word' id='word_1_111' title='bbox 2506 840 2651 894; x_wconf 87' lang='lat' dir='ltr'><strong>enim</strong></span> <span class='ocrx_word' id='word_1_112' title='bbox 2693 839 2930 893; x_wconf 88' lang='lat' dir='ltr'><strong>alienum</strong></span> <span class='ocrx_word' id='word_1_113' title='bbox 2973 845 3096 891; x_wconf 88' lang='lat' dir='ltr'><strong>erat</strong></span> <span class='ocrx_word' id='word_1_114' title='bbox 3152 834 3314 905; x_wconf 79' lang='lat'><strong>150</strong></span> <span class='ocrx_word' id='word_1_115' title='bbox 3360 835 3428 889; x_wconf 89' lang='lat' dir='ltr'><strong>ab</strong></span> <span class='ocrx_word' id='word_1_116' title='bbox 3484 832 3574 888; x_wconf 85' lang='lat' dir='ltr'><strong>illo</strong></span> 
     </span>
    </p>
   </div>
   <div class='ocr_carea' id='block_1_20' title="bbox 1997 915 3576 1003">
    <p class='ocr_par' dir='ltr' id='par_1_20' title="bbox 1997 915 3576 1003">
     <span class='ocr_line' id='line_1_20' title="bbox 1997 915 3576 1003; baseline -0.008 -13"><span class='ocrx_word' id='word_1_117' title='bbox 1997 949 2195 1003; x_wconf 92' lang='lat' dir='ltr'><strong>corpus</strong></span> <span class='ocrx_word' id='word_1_118' title='bbox 2251 915 2394 1002; x_wconf 86' lang='lat' dir='ltr'><strong>quod</strong></span> <span class='ocrx_word' id='word_1_119' title='bbox 2419 931 2525 986; x_wconf 88' lang='lat' dir='ltr'><strong>sibi</strong></span> <span class='ocrx_word' id='word_1_120' title='bbox 2567 931 2762 996; x_wconf 91' lang='lat' dir='ltr'><strong>univit,</strong></span> <span class='ocrx_word' id='word_1_121' title='bbox 2799 929 2937 999; x_wconf 89' lang='lat' dir='ltr'><strong>quod</strong></span> <span class='ocrx_word' id='word_1_122' title='bbox 2985 929 3173 998; x_wconf 89' lang='lat' dir='ltr'><strong>utique</strong></span> <span class='ocrx_word' id='word_1_123' title='bbox 3215 924 3486 996; x_wconf 81' lang='lat' dir='ltr'><strong>palpabile</strong></span> <span class='ocrx_word' id='word_1_124' title='bbox 3521 931 3576 979; x_wconf 82' lang='lat' dir='ltr'><strong>et</strong></span> 
     </span>
    </p>
   </div>
   <div class='ocr_carea' id='block_1_21' title="bbox 2008 1017 3574 1091">
    <p class='ocr_par' dir='ltr' id='par_1_21' title="bbox 2008 1017 3574 1091">
     <span class='ocr_line' id='line_1_21' title="bbox 2008 1017 3574 1091; baseline -0.006 -13"><span class='ocrx_word' id='word_1_125' title='bbox 2008 1026 2220 1081; x_wconf 90' lang='lat' dir='ltr'><strong>visibile</strong></span> <span class='ocrx_word' id='word_1_126' title='bbox 2265 1024 2514 1078; x_wconf 87' lang='lat' dir='ltr'><strong>dicimus.</strong></span> <span class='ocrx_word' id='word_1_127' title='bbox 2569 1023 2675 1077; x_wconf 84' lang='lat' dir='ltr'><strong>Eos</strong></span> <span class='ocrx_word' id='word_1_128' title='bbox 2728 1037 2880 1085; x_wconf 87' lang='lat' dir='ltr'><strong>vero,</strong></span> <span class='ocrx_word' id='word_1_129' title='bbox 2920 1022 3012 1091; x_wconf 89' lang='lat' dir='ltr'><strong>qui</strong></span> <span class='ocrx_word' id='word_1_130' title='bbox 3056 1021 3128 1074; x_wconf 89' lang='lat' dir='ltr'><strong>ita</strong></span> <span class='ocrx_word' id='word_1_131' title='bbox 3181 1034 3287 1074; x_wconf 90' lang='lat' dir='ltr'><strong>non</strong></span> <span class='ocrx_word' id='word_1_132' title='bbox 3320 1017 3574 1079; x_wconf 90' lang='lat' dir='ltr'><strong>credunt,</strong></span> 
     </span>
    </p>
   </div>
   <div class='ocr_carea' id='block_1_22' title="bbox 1993 1108 3576 1181">
    <p class='ocr_par' dir='ltr' id='par_1_22' title="bbox 1993 1108 3576 1181">
     <span class='ocr_line' id='line_1_22' title="bbox 1993 1108 3576 1181; baseline -0.007 -9"><span class='ocrx_word' id='word_1_133' title='bbox 1993 1117 2086 1172; x_wconf 87' lang='lat' dir='ltr'><strong>sed</strong></span> <span class='ocrx_word' id='word_1_134' title='bbox 2126 1114 2508 1170; x_wconf 84' lang='lat' dir='ltr'><strong>subsistentias</strong></span> <span class='ocrx_word' id='word_1_135' title='bbox 2555 1125 2676 1181; x_wconf 88' lang='lat' dir='ltr'><strong>post</strong></span> <span class='ocrx_word' id='word_1_136' title='bbox 2717 1113 2993 1171; x_wconf 83' lang='lat' dir='ltr'><strong>unionem,</strong></span> <span class='ocrx_word' id='word_1_137' title='bbox 3037 1119 3095 1164; x_wconf 90' lang='lat' dir='ltr'><strong>ut</strong></span> <span class='ocrx_word' id='word_1_138' title='bbox 3126 1109 3286 1164; x_wconf 89' lang='lat' dir='ltr'><strong>modo</strong></span> <span class='ocrx_word' id='word_1_139' title='bbox 3340 1108 3576 1172; x_wconf 88' lang='lat' dir='ltr'><strong>aiebam,</strong></span> 
     </span>
    </p>
   </div>
   <div class='ocr_carea' id='block_1_23' title="bbox 1995 1199 3576 1273">
    <p class='ocr_par' dir='ltr' id='par_1_23' title="bbox 1995 1199 3576 1273">
     <span class='ocr_line' id='line_1_23' title="bbox 1995 1199 3576 1273; baseline -0.008 -11"><span class='ocrx_word' id='word_1_140' title='bbox 1995 1208 2520 1273; x_wconf 88' lang='lat' dir='ltr'><strong>dividunt;eamque</strong></span> <span class='ocrx_word' id='word_1_141' title='bbox 2553 1204 2748 1257; x_wconf 90' lang='lat' dir='ltr'><strong>nudam</strong></span> <span class='ocrx_word' id='word_1_142' title='bbox 2788 1203 3028 1271; x_wconf 84' lang='lat' dir='ltr'><strong>ipsarum</strong></span> <span class='ocrx_word' id='word_1_143' title='bbox 3081 1201 3333 1255; x_wconf 91' lang='lat' dir='ltr'><strong>unionem</strong></span> <span class='ocrx_word' id='word_1_144' title='bbox 3359 1199 3576 1269; x_wconf 77' lang='lat' dir='ltr'><strong>excogi-</strong></span> 
     </span>
    </p>
   </div>
   <div class='ocr_carea' id='block_1_24' title="bbox 313 1290 3578 1383">
    <p class='ocr_par' dir='ltr' id='par_1_24' title="bbox 313 1290 3578 1383">
     <span class='ocr_line' id='line_1_24' title="bbox 313 1290 3578 1383; baseline -0.007 -17"><span class='ocrx_word' id='word_1_145' title='bbox 313 1290 445 1382; x_wconf 70' lang='lat' dir='ltr'><strong>tant,</strong></span> <span class='ocrx_word' id='word_1_146' title='bbox 480 1330 595 1383; x_wconf 53' lang='lat' dir='ltr'><strong>tum</strong></span> <span class='ocrx_word' id='word_1_147' title='bbox 627 1314 680 1367; x_wconf 93' lang='lat' dir='ltr'><strong>in</strong></span> <span class='ocrx_word' id='word_1_148' title='bbox 724 1312 837 1368; x_wconf 89' lang='lat' dir='ltr'><strong>sola</strong></span> <span class='ocrx_word' id='word_1_149' title='bbox 903 1311 1168 1382; x_wconf 80' lang='lat' dir='ltr'><strong>dignitate</strong></span> <span class='ocrx_word' id='word_1_150' title='bbox 1225 1311 1340 1364; x_wconf 82' lang='lat' dir='ltr'><strong>sive</strong></span> <span class='ocrx_word' id='word_1_151' title='bbox 1382 1307 1706 1362; x_wconf 84' lang='lat' dir='ltr'><strong>auctoritate</strong></span> <span class='ocrx_word' id='word_1_152' title='bbox 1772 1301 2044 1370; x_wconf 86' lang='lat' dir='ltr'><strong>consistit,</strong></span> <span class='ocrx_word' id='word_1_153' title='bbox 2084 1305 2401 1371; x_wconf 80' lang='lat' dir='ltr'><strong>propositus</strong></span> <span class='ocrx_word' id='word_1_154' title='bbox 2469 1296 2557 1352; x_wconf 89' lang='lat' dir='ltr'><strong>hic</strong></span> <span class='ocrx_word' id='word_1_155' title='bbox 2643 1293 3130 1350; x_wconf 83' lang='lat' dir='ltr'><strong>anathematisntus</strong></span> <span class='ocrx_word' id='word_1_156' title='bbox 3164 1292 3233 1348; x_wconf 86' lang='lat' dir='ltr'><strong>ab</strong></span> <span class='ocrx_word' id='word_1_157' title='bbox 3273 1291 3340 1348; x_wconf 91' lang='lat' dir='ltr'><strong>iis</strong></span> <span class='ocrx_word' id='word_1_158' title='bbox 3372 1290 3578 1346; x_wconf 86' lang='lat' dir='ltr'><strong>alienos</strong></span> 
     </span>
    </p>
   </div>
   <div class='ocr_carea' id='block_1_25' title="bbox 309 1402 2036 1478">
    <p class='ocr_par' dir='ltr' id='par_1_25' title="bbox 309 1402 2036 1478">
     <span class='ocr_line' id='line_1_25' title="bbox 309 1402 2036 1478; baseline -0.006 -16"><span class='ocrx_word' id='word_1_159' title='bbox 309 1421 430 1463; x_wconf 86' lang='lat' dir='ltr'><strong>esse</strong></span> <span class='ocrx_word' id='word_1_160' title='bbox 457 1407 663 1478; x_wconf 74' lang='lat' dir='ltr'><strong>iudicat</strong></span> <span class='ocrx_word' id='word_1_161' title='bbox 702 1406 793 1476; x_wconf 82' lang='lat' dir='ltr'><strong>qui</strong></span> <span class='ocrx_word' id='word_1_162' title='bbox 840 1420 958 1476; x_wconf 72' lang='lat' dir='ltr'><strong>qua:</strong></span> <span class='ocrx_word' id='word_1_163' title='bbox 1000 1416 1144 1460; x_wconf 90' lang='lat' dir='ltr'><strong>recta</strong></span> <span class='ocrx_word' id='word_1_164' title='bbox 1204 1411 1330 1458; x_wconf 89' lang='lat' dir='ltr'><strong>sunt</strong></span> <span class='ocrx_word' id='word_1_165' title='bbox 1367 1402 1572 1458; x_wconf 87' lang='lat' dir='ltr'><strong>sentire</strong></span> <span class='ocrx_word' id='word_1_166' title='bbox 1608 1405 2036 1456; x_wconf 84' lang='lat' dir='ltr'><strong>consueverunt.</strong></span> 
     </span>
    </p>
   </div>
   <div class='ocr_carea' id='block_1_26' title="bbox 753 1516 1454 1570">
    <p class='ocr_par' dir='ltr' id='par_1_26' title="bbox 753 1516 1454 1570">
     <span class='ocr_line' id='line_1_26' title="bbox 753 1516 1454 1570; baseline -0.004 0"><span class='ocrx_word' id='word_1_167' title='bbox 753 1516 1343 1570; x_wconf 81' lang='grc' dir='ltr'><strong>ΑΝΑΘΕΜΑΤΙΣΜΟΣ</strong></span> <span class='ocrx_word' id='word_1_168' title='bbox 1380 1517 1454 1568; x_wconf 86' lang='grc' dir='ltr'><strong>Δ’.</strong></span> 
     </span>
    </p>
   </div>
   <div class='ocr_carea' id='block_1_27' title="bbox 385 1626 1890 1701">
    <p class='ocr_par' dir='ltr' id='par_1_27' title="bbox 385 1626 1890 1701">
     <span class='ocr_line' id='line_1_27' title="bbox 385 1626 1890 1701; baseline -0.005 -17"><span class='ocrx_word' id='word_1_169' title='bbox 385 1631 452 1684; x_wconf 72' lang='lat' dir='ltr'><strong>Et</strong></span> <span class='ocrx_word' id='word_1_170' title='bbox 481 1649 564 1694; x_wconf 90' lang='grc' dir='ltr'><strong>τις</strong></span> <span class='ocrx_word' id='word_1_171' title='bbox 599 1629 910 1701; x_wconf 80' lang='grc' dir='ltr'><strong>προσώποις</strong></span> <span class='ocrx_word' id='word_1_172' title='bbox 934 1629 1104 1695; x_wconf 73' lang='grc' dir='ltr'>δυσὶν,</span> <span class='ocrx_word' id='word_1_173' title='bbox 1133 1630 1298 1700; x_wconf 77' lang='grc' dir='ltr'>ήγουν</span> <span class='ocrx_word' id='word_1_174' title='bbox 1321 1627 1671 1692; x_wconf 78' lang='grc' dir='ltr'><strong>ὑποστάσεσι,</strong></span> <span class='ocrx_word' id='word_1_175' title='bbox 1701 1626 1799 1689; x_wconf 88' lang='grc' dir='ltr'><strong>τάς</strong></span> <span class='ocrx_word' id='word_1_176' title='bbox 1829 1639 1890 1676; x_wconf 75' lang='grc' dir='ltr'><strong>τε</strong></span> 
     </span>
    </p>
   </div>
   <div class='ocr_carea' id='block_1_28' title="bbox 2405 1499 3176 1558">
    <p class='ocr_par' dir='ltr' id='par_1_28' title="bbox 2405 1499 3176 1558">
     <span class='ocr_line' id='line_1_28' title="bbox 2405 1499 3176 1558; baseline -0.003 0"><span class='ocrx_word' id='word_1_177' title='bbox 2405 1499 3046 1558; x_wconf 76' lang='lat' dir='ltr'><strong>ANATHEMATISMUS</strong></span> <span class='ocrx_word' id='word_1_178' title='bbox 3087 1500 3176 1557; x_wconf 88' lang='lat' dir='ltr'><strong>IV.</strong></span> 
     </span>
    </p>
   </div>
   <div class='ocr_carea' id='block_1_29' title="bbox 2069 1611 3576 1687">
    <p class='ocr_par' dir='ltr' id='par_1_29' title="bbox 2069 1611 3576 1687">
     <span class='ocr_line' id='line_1_29' title="bbox 2069 1611 3576 1687; baseline -0.009 -12"><span class='ocrx_word' id='word_1_179' title='bbox 2069 1618 2129 1675; x_wconf 88' lang='lat' dir='ltr'><strong>Si</strong></span> <span class='ocrx_word' id='word_1_180' title='bbox 2173 1618 2295 1687; x_wconf 85' lang='lat' dir='ltr'><strong>quis</strong></span> <span class='ocrx_word' id='word_1_181' title='bbox 2344 1615 2553 1670; x_wconf 89' lang='lat' dir='ltr'><strong>duabus</strong></span> <span class='ocrx_word' id='word_1_182' title='bbox 2599 1615 2848 1684; x_wconf 86' lang='lat' dir='ltr'><strong>personis</strong></span> <span class='ocrx_word' id='word_1_183' title='bbox 2891 1615 3007 1670; x_wconf 86' lang='lat' dir='ltr'><strong>sive</strong></span> <span class='ocrx_word' id='word_1_184' title='bbox 3053 1611 3437 1682; x_wconf 82' lang='lat' dir='ltr'><strong>hypostasibns</strong></span> <span class='ocrx_word' id='word_1_185' title='bbox 3483 1624 3576 1662; x_wconf 89' lang='lat' dir='ltr'><strong>eas</strong></span> 
     </span>
    </p>
   </div>
   <div class='ocr_carea' id='block_1_30' title="bbox 312 1699 1900 1790">
    <p class='ocr_par' dir='ltr' id='par_1_30' title="bbox 312 1699 1890 1790">
     <span class='ocr_line' id='line_1_30' title="bbox 312 1699 1890 1790; baseline -0.006 -13"><span class='ocrx_word' id='word_1_186' title='bbox 312 1726 372 1777; x_wconf 80' lang='grc' dir='ltr'><strong>ὲν</strong></span> <span class='ocrx_word' id='word_1_187' title='bbox 399 1725 512 1786; x_wconf 82' lang='grc' dir='ltr'><strong>τοῖς</strong></span> <span class='ocrx_word' id='word_1_188' title='bbox 543 1699 916 1790; x_wconf 54' lang='grc' dir='ltr'><strong>εὐαλίγελικοῖς</strong></span> <span class='ocrx_word' id='word_1_189' title='bbox 950 1723 1043 1775; x_wconf 81' lang='grc' dir='ltr'><strong>καὶ</strong></span> <span class='ocrx_word' id='word_1_190' title='bbox 1073 1699 1452 1784; x_wconf 84' lang='grc' dir='ltr'><strong>ἀποστολικοῖς</strong></span> <span class='ocrx_word' id='word_1_191' title='bbox 1485 1718 1890 1789; x_wconf 78' lang='grc' dir='ltr'><strong>Συγγράμμασι</strong></span> 
     </span>
    </p>
   </div>
   <div class='ocr_carea' id='block_1_31' title="bbox 2005 1699 3580 1790">
    <p class='ocr_par' dir='ltr' id='par_1_31' title="bbox 2005 1699 3580 1774">
     <span class='ocr_line' id='line_1_31' title="bbox 2005 1699 3580 1774; baseline -0.008 -11"><span class='ocrx_word' id='word_1_192' title='bbox 2005 1725 2154 1765; x_wconf 76' lang='lat' dir='ltr'><strong>voces</strong></span> <span class='ocrx_word' id='word_1_193' title='bbox 2204 1705 2474 1772; x_wconf 85' lang='lat' dir='ltr'><strong>attribuit,</strong></span> <span class='ocrx_word' id='word_1_194' title='bbox 2524 1721 2644 1774; x_wconf 65' lang='lat' dir='ltr'><strong>quae</strong></span> <span class='ocrx_word' id='word_1_195' title='bbox 2687 1705 2740 1758; x_wconf 90' lang='lat' dir='ltr'><strong>in</strong></span> <span class='ocrx_word' id='word_1_196' title='bbox 2781 1703 3114 1773; x_wconf 83' lang='lat' dir='ltr'><strong>evangelicis</strong></span> <span class='ocrx_word' id='word_1_197' title='bbox 3163 1711 3218 1756; x_wconf 90' lang='lat' dir='ltr'><strong>et</strong></span> <span class='ocrx_word' id='word_1_198' title='bbox 3267 1699 3580 1770; x_wconf 79' lang='lat' dir='ltr'><strong>apostolicis</strong></span> 
     </span>
    </p>
   </div>
   <div class='ocr_carea' id='block_1_32' title="bbox 309 1808 1896 1884">
    <p class='ocr_par' dir='ltr' id='par_1_32' title="bbox 309 1808 1896 1884">
     <span class='ocr_line' id='line_1_32' title="bbox 309 1808 1896 1884; baseline -0.005 -17"><span class='ocrx_word' id='word_1_199' title='bbox 309 1813 556 1884; x_wconf 81' lang='grc' dir='ltr'><strong>διανέμει</strong></span> <span class='ocrx_word' id='word_1_200' title='bbox 580 1812 832 1884; x_wconf 76' lang='grc' dir='ltr'><strong>φωνὰς,ῆ</strong></span> <span class='ocrx_word' id='word_1_201' title='bbox 860 1814 952 1880; x_wconf 73' lang='grc' dir='ltr'><strong>ἐπ).</strong></span> <span class='ocrx_word' id='word_1_202' title='bbox 983 1811 1206 1883; x_wconf 81' lang='grc' dir='ltr'>Χριστῷ</span> <span class='ocrx_word' id='word_1_203' title='bbox 1233 1812 1384 1882; x_wconf 87' lang='grc' dir='ltr'><strong>παρά</strong></span> <span class='ocrx_word' id='word_1_204' title='bbox 1411 1811 1520 1864; x_wconf 85' lang='grc' dir='ltr'>τῶν</span> <span class='ocrx_word' id='word_1_205' title='bbox 1545 1810 1714 1878; x_wconf 73' lang='grc' dir='ltr'><strong>ἁγίων</strong></span> <span class='ocrx_word' id='word_1_206' title='bbox 1739 1808 1896 1874; x_wconf 65' lang='grc' dir='ltr'><strong>λεγο-</strong></span> 
     </span>
    </p>
   </div>
   <div class='ocr_carea' id='block_1_33' title="bbox 315 1900 1895 1978">
    <p class='ocr_par' dir='ltr' id='par_1_33' title="bbox 315 1900 1895 1978">
     <span class='ocr_line' id='line_1_33' title="bbox 315 1900 1895 1978; baseline -0.005 -19"><span class='ocrx_word' id='word_1_207' title='bbox 315 1907 502 1977; x_wconf 77' lang='grc' dir='ltr'><strong>μένας,</strong></span> <span class='ocrx_word' id='word_1_208' title='bbox 545 1907 578 1976; x_wconf 76' lang='grc' dir='ltr'><strong>ἢ</strong></span> <span class='ocrx_word' id='word_1_209' title='bbox 629 1907 761 1978; x_wconf 89' lang='grc' dir='ltr'><strong>παρ’</strong></span> <span class='ocrx_word' id='word_1_210' title='bbox 794 1905 961 1959; x_wconf 81' lang='grc' dir='ltr'>αὐτοῦ</span> <span class='ocrx_word' id='word_1_211' title='bbox 1002 1905 1130 1976; x_wconf 72' lang='grc' dir='ltr'>περὶ</span> <span class='ocrx_word' id='word_1_212' title='bbox 1164 1904 1354 1958; x_wconf 78' lang='grc' dir='ltr'><strong>ἑαυτοῦ</strong></span> <span class='ocrx_word' id='word_1_213' title='bbox 1377 1921 1390 1934; x_wconf 68' lang='grc'><strong><em>⁸</em></strong></span> <span class='ocrx_word' id='word_1_214' title='bbox 1429 1904 1524 1957; x_wconf 74' lang='grc' dir='ltr'><strong>καὶ</strong></span> <span class='ocrx_word' id='word_1_215' title='bbox 1557 1905 1655 1963; x_wconf 80' lang='grc' dir='ltr'><strong>τὰς</strong></span> <span class='ocrx_word' id='word_1_216' title='bbox 1691 1902 1790 1973; x_wconf 84' lang='grc' dir='ltr'><strong>μὲν</strong></span> <span class='ocrx_word' id='word_1_217' title='bbox 1818 1900 1895 1963; x_wconf 84' lang='grc' dir='ltr'><strong>ὡς</strong></span> 
     </span>
    </p>
   </div>
   <div class='ocr_carea' id='block_1_34' title="bbox 315 1991 1896 2068">
    <p class='ocr_par' dir='ltr' id='par_1_34' title="bbox 315 1991 1896 2068">
     <span class='ocr_line' id='line_1_34' title="bbox 315 1991 1896 2068; baseline -0.005 -19"><span class='ocrx_word' id='word_1_218' title='bbox 315 1996 585 2068; x_wconf 77' lang='grc' dir='ltr'>ἀνθρώπῳ</span> <span class='ocrx_word' id='word_1_219' title='bbox 625 1996 778 2067; x_wconf 81' lang='grc' dir='ltr'><strong>παρὰ</strong></span> <span class='ocrx_word' id='word_1_220' title='bbox 829 1995 920 2048; x_wconf 76' lang='grc' dir='ltr'><strong>τὸν</strong></span> <span class='ocrx_word' id='word_1_221' title='bbox 957 1996 1021 2047; x_wconf 83' lang='grc' dir='ltr'><strong>ὲκ</strong></span> <span class='ocrx_word' id='word_1_222' title='bbox 1064 1994 1199 2048; x_wconf 86' lang='grc' dir='ltr'>Θεοῦ</span> <span class='ocrx_word' id='word_1_223' title='bbox 1245 1995 1456 2064; x_wconf 85' lang='grc' dir='ltr'><strong>Πατρὸς</strong></span> <span class='ocrx_word' id='word_1_224' title='bbox 1498 1993 1671 2061; x_wconf 83' lang='grc' dir='ltr'>Λόγον</span> <span class='ocrx_word' id='word_1_225' title='bbox 1713 1991 1896 2054; x_wconf 80' lang='grc' dir='ltr'><strong>ίδικῶς</strong></span> 
     </span>
    </p>
   </div>
   <div class='ocr_carea' id='block_1_35' title="bbox 313 2080 1896 2155">
    <p class='ocr_par' dir='ltr' id='par_1_35' title="bbox 313 2080 1896 2155">
     <span class='ocr_line' id='line_1_35' title="bbox 313 2080 1896 2155; baseline -0.004 -16"><span class='ocrx_word' id='word_1_226' title='bbox 313 2085 590 2155; x_wconf 79' lang='grc' dir='ltr'>νοουμένῳ</span> <span class='ocrx_word' id='word_1_227' title='bbox 617 2086 945 2155; x_wconf 73' lang='grc' dir='ltr'><strong>προσάπτει,</strong></span> <span class='ocrx_word' id='word_1_228' title='bbox 981 2084 1078 2147; x_wconf 82' lang='grc' dir='ltr'><strong>τὰς</strong></span> <span class='ocrx_word' id='word_1_229' title='bbox 1106 2084 1162 2137; x_wconf 82' lang='grc' dir='ltr'>δὲ</span> <span class='ocrx_word' id='word_1_230' title='bbox 1192 2084 1265 2148; x_wconf 87' lang='grc' dir='ltr'><strong>ὡς</strong></span> <span class='ocrx_word' id='word_1_231' title='bbox 1295 2085 1618 2155; x_wconf 86' lang='grc' dir='ltr'>θεοπρεπεῖς</span> <span class='ocrx_word' id='word_1_232' title='bbox 1646 2083 1793 2154; x_wconf 80' lang='grc' dir='ltr'><strong>μόνῳ</strong></span> <span class='ocrx_word' id='word_1_233' title='bbox 1817 2080 1896 2152; x_wconf 81' lang='grc' dir='ltr'>τῷ</span> 
     </span>
    </p>
   </div>
   <div class='ocr_carea' id='block_1_36' title="bbox 312 2173 1484 2245">
    <p class='ocr_par' dir='ltr' id='par_1_36' title="bbox 312 2173 1484 2245">
     <span class='ocr_line' id='line_1_36' title="bbox 312 2173 1484 2245; baseline 0.002 -19"><span class='ocrx_word' id='word_1_234' title='bbox 312 2175 378 2228; x_wconf 84' lang='grc' dir='ltr'><strong>ἐκ</strong></span> <span class='ocrx_word' id='word_1_235' title='bbox 404 2173 541 2227; x_wconf 83' lang='grc' dir='ltr'>Θεοῦ</span> <span class='ocrx_word' id='word_1_236' title='bbox 577 2173 788 2244; x_wconf 79' lang='grc' dir='ltr'><strong>Πατρὸς</strong></span> <span class='ocrx_word' id='word_1_237' title='bbox 817 2173 1007 2244; x_wconf 78' lang='grc' dir='ltr'><strong>Λόγῳ·</strong></span> <span class='ocrx_word' id='word_1_238' title='bbox 1051 2173 1299 2245; x_wconf 80' lang='grc' dir='ltr'><strong>ἀνάθεμα</strong></span> <span class='ocrx_word' id='word_1_239' title='bbox 1325 2173 1484 2228; x_wconf 72' lang='grc' dir='ltr'><strong>ἔστω.</strong></span> 
     </span>
    </p>
   </div>
   <div class='ocr_carea' id='block_1_37' title="bbox 894 2369 1314 2436">
    <p class='ocr_par' dir='ltr' id='par_1_37' title="bbox 894 2369 1314 2436">
     <span class='ocr_line' id='line_1_37' title="bbox 894 2369 1314 2436; baseline 0.005 -14"><span class='ocrx_word' id='word_1_240' title='bbox 894 2370 1207 2436; x_wconf 70' lang='grc' dir='ltr'><strong>Ἐπίλυσις</strong></span> <span class='ocrx_word' id='word_1_241' title='bbox 1243 2369 1314 2424; x_wconf 73' lang='grc' dir='ltr'><strong>δ’.</strong></span> 
     </span>
    </p>
   </div>
   <div class='ocr_carea' id='block_1_38' title="bbox 400 2481 1897 2555">
    <p class='ocr_par' dir='ltr' id='par_1_38' title="bbox 400 2481 1897 2555">
     <span class='ocr_line' id='line_1_38' title="bbox 400 2481 1897 2555; baseline -0.002 -19"><span class='ocrx_word' id='word_1_242' title='bbox 400 2483 487 2536; x_wconf 85' lang='grc' dir='ltr'>Ἐν</span> <span class='ocrx_word' id='word_1_243' title='bbox 522 2485 702 2554; x_wconf 74' lang='grc' dir='ltr'><strong>μορφῇ</strong></span> <span class='ocrx_word' id='word_1_244' title='bbox 742 2483 836 2536; x_wconf 65' lang='grc' dir='ltr'><strong>καὶ</strong></span> <span class='ocrx_word' id='word_1_245' title='bbox 869 2485 1080 2555; x_wconf 83' lang='grc' dir='ltr'><strong>ἰσότητι</strong></span> <span class='ocrx_word' id='word_1_246' title='bbox 1114 2485 1208 2537; x_wconf 84' lang='grc' dir='ltr'><strong>τοῦ</strong></span> <span class='ocrx_word' id='word_1_247' title='bbox 1249 2483 1387 2536; x_wconf 88' lang='grc' dir='ltr'>Θεοῦ</span> <span class='ocrx_word' id='word_1_248' title='bbox 1425 2483 1519 2537; x_wconf 74' lang='grc' dir='ltr'><strong>καὶ</strong></span> <span class='ocrx_word' id='word_1_249' title='bbox 1549 2482 1759 2553; x_wconf 77' lang='grc' dir='ltr'><strong>[ἰατρὸς</strong></span> <span class='ocrx_word' id='word_1_250' title='bbox 1787 2481 1897 2534; x_wconf 76' lang='grc' dir='ltr'><strong>ὐπ-</strong></span> 
     </span>
    </p>
   </div>
   <div class='ocr_carea' id='block_1_39' title="bbox 318 2571 1904 2646">
    <p class='ocr_par' dir='ltr' id='par_1_39' title="bbox 318 2571 1904 2646">
     <span class='ocr_line' id='line_1_39' title="bbox 318 2571 1904 2646; baseline -0.003 -19"><span class='ocrx_word' id='word_1_251' title='bbox 318 2573 505 2644; x_wconf 77' lang='grc' dir='ltr'><strong>άρκων</strong></span> <span class='ocrx_word' id='word_1_252' title='bbox 542 2575 570 2625; x_wconf 87' lang='grc' dir='ltr'>ὁ</span> <span class='ocrx_word' id='word_1_253' title='bbox 593 2575 652 2638; x_wconf 61' lang='lat' dir='ltr'><strong>si</strong></span> <span class='ocrx_word' id='word_1_254' title='bbox 679 2573 845 2626; x_wconf 75' lang='grc' dir='ltr'>αὐτοῦ</span> <span class='ocrx_word' id='word_1_255' title='bbox 875 2575 1069 2642; x_wconf 73' lang='grc' dir='ltr'><strong>Λόγοςς</strong></span> <span class='ocrx_word' id='word_1_256' title='bbox 1101 2576 1200 2645; x_wconf 80' lang='grc' dir='ltr'>οὐχ</span> <span class='ocrx_word' id='word_1_257' title='bbox 1226 2573 1518 2646; x_wconf 77' lang='grc' dir='ltr'><strong>ἁρπαγμὸν</strong></span> <span class='ocrx_word' id='word_1_258' title='bbox 1564 2576 1808 2644; x_wconf 76' lang='grc' dir='ltr'><strong>ἡγήσατο</strong></span> <span class='ocrx_word' id='word_1_259' title='bbox 1842 2571 1904 2623; x_wconf 78' lang='grc' dir='ltr'><strong>τὸ</strong></span> 
     </span>
    </p>
   </div>
   <div class='ocr_carea' id='block_1_40' title="bbox 320 2658 1904 2734">
    <p class='ocr_par' dir='ltr' id='par_1_40' title="bbox 320 2658 1904 2734">
     <span class='ocr_line' id='line_1_40' title="bbox 320 2658 1904 2734; baseline -0.003 -18"><span class='ocrx_word' id='word_1_260' title='bbox 320 2661 467 2716; x_wconf 80' lang='grc' dir='ltr'><strong>εἶναι</strong></span> <span class='ocrx_word' id='word_1_261' title='bbox 494 2658 590 2714; x_wconf 74' lang='grc' dir='ltr'>ἶσοι</span> <span class='ocrx_word' id='word_1_262' title='bbox 618 2661 760 2733; x_wconf 79' lang='grc' dir='ltr'>Θεῷ,</span> <span class='ocrx_word' id='word_1_263' title='bbox 795 2661 980 2725; x_wconf 84' lang='grc' dir='ltr'><strong>καθὼς</strong></span> <span class='ocrx_word' id='word_1_264' title='bbox 1008 2663 1321 2734; x_wconf 81' lang='grc' dir='ltr'><strong>γέγραπται</strong></span> <span class='ocrx_word' id='word_1_265' title='bbox 1341 2678 1355 2691; x_wconf 82' lang='lat'><strong>&#39;</strong></span> <span class='ocrx_word' id='word_1_266' title='bbox 1382 2661 1588 2732; x_wconf 82' lang='grc' dir='ltr'><strong>καθῆκε</strong></span> <span class='ocrx_word' id='word_1_267' title='bbox 1617 2663 1673 2714; x_wconf 86' lang='grc' dir='ltr'>δὲ</span> <span class='ocrx_word' id='word_1_268' title='bbox 1708 2660 1904 2734; x_wconf 77' lang='grc' dir='ltr'><strong>μᾶλλον</strong></span> 
     </span>
    </p>
   </div>
   <div class='ocr_carea' id='block_1_41' title="bbox 325 2751 1902 2823">
    <p class='ocr_par' dir='ltr' id='par_1_41' title="bbox 325 2751 1902 2823">
     <span class='ocr_line' id='line_1_41' title="bbox 325 2751 1902 2823; baseline 0 -19"><span class='ocrx_word' id='word_1_269' title='bbox 325 2754 521 2806; x_wconf 75' lang='grc' dir='ltr'><strong>ἑαυτὸν</strong></span> <span class='ocrx_word' id='word_1_270' title='bbox 569 2754 649 2815; x_wconf 81' lang='grc' dir='ltr'><strong>εἰς</strong></span> <span class='ocrx_word' id='word_1_271' title='bbox 697 2751 944 2807; x_wconf 79' lang='grc' dir='ltr'><strong>ἑκούσιον</strong></span> <span class='ocrx_word' id='word_1_272' title='bbox 988 2755 1249 2818; x_wconf 81' lang='grc' dir='ltr'><strong>κένωσιν,</strong></span> <span class='ocrx_word' id='word_1_273' title='bbox 1304 2753 1396 2806; x_wconf 70' lang='grc' dir='ltr'><strong>καὶ</strong></span> <span class='ocrx_word' id='word_1_274' title='bbox 1433 2754 1902 2823; x_wconf 76' lang='grc' dir='ltr'><strong>καταπεφοίτηκεν</strong></span> 
     </span>
    </p>
   </div>
   <div class='ocr_carea' id='block_1_42' title="bbox 328 2839 1901 2916">
    <p class='ocr_par' dir='ltr' id='par_1_42' title="bbox 328 2839 1901 2916">
     <span class='ocr_line' id='line_1_42' title="bbox 328 2839 1901 2916; baseline 0 -20"><span class='ocrx_word' id='word_1_275' title='bbox 328 2843 613 2913; x_wconf 65' lang='grc' dir='ltr'><strong>ἐθελοντὴς</strong></span> <span class='ocrx_word' id='word_1_276' title='bbox 637 2846 696 2895; x_wconf 78' lang='grc' dir='ltr'><strong>ἐν</strong></span> <span class='ocrx_word' id='word_1_277' title='bbox 728 2846 842 2907; x_wconf 82' lang='grc' dir='ltr'><strong>τοῖς</strong></span> <span class='ocrx_word' id='word_1_278' title='bbox 875 2843 996 2897; x_wconf 85' lang='grc' dir='ltr'><strong>καθ’</strong></span> <span class='ocrx_word' id='word_1_279' title='bbox 1030 2845 1198 2916; x_wconf 74' lang='grc' dir='ltr'><strong>ἡμᾶς,</strong></span> <span class='ocrx_word' id='word_1_280' title='bbox 1222 2847 1282 2898; x_wconf 86' lang='grc' dir='ltr'><strong>οὺ</strong></span> <span class='ocrx_word' id='word_1_281' title='bbox 1311 2844 1494 2915; x_wconf 74' lang='grc' dir='ltr'><strong>μεθεὶς</strong></span> <span class='ocrx_word' id='word_1_282' title='bbox 1517 2845 1578 2897; x_wconf 83' lang='grc' dir='ltr'><strong>τὸ</strong></span> <span class='ocrx_word' id='word_1_283' title='bbox 1606 2839 1742 2898; x_wconf 85' lang='grc' dir='ltr'>εἶναι</span> <span class='ocrx_word' id='word_1_284' title='bbox 1765 2845 1901 2916; x_wconf 81' lang='grc' dir='ltr'>ὅπερ</span> 
     </span>
    </p>
   </div>
   <div class='ocr_carea' id='block_1_43' title="bbox 322 2935 1903 3007">
    <p class='ocr_par' dir='ltr' id='par_1_43' title="bbox 322 2935 1903 3007">
     <span class='ocr_line' id='line_1_43' title="bbox 322 2935 1903 3007; baseline 0 -19"><span class='ocrx_word' id='word_1_285' title='bbox 322 2937 462 2998; x_wconf 80' lang='grc' dir='ltr'>ἐστὶ,</span> <span class='ocrx_word' id='word_1_286' title='bbox 512 2935 840 3006; x_wconf 86' lang='grc' dir='ltr'><strong>μεμενηκὼς</strong></span> <span class='ocrx_word' id='word_1_287' title='bbox 873 2936 929 2989; x_wconf 84' lang='grc' dir='ltr'><strong>δὲ</strong></span> <span class='ocrx_word' id='word_1_288' title='bbox 972 2937 1174 3007; x_wconf 76' lang='grc' dir='ltr'>μᾶλλον</span> <span class='ocrx_word' id='word_1_289' title='bbox 1215 2938 1307 2990; x_wconf 78' lang='grc' dir='ltr'><strong>καὶ</strong></span> <span class='ocrx_word' id='word_1_290' title='bbox 1336 2935 1479 2989; x_wconf 77' lang='grc' dir='ltr'><strong>οὕτω</strong></span> <span class='ocrx_word' id='word_1_291' title='bbox 1524 2935 1674 2999; x_wconf 85' lang='grc' dir='ltr'>Θεὸς,</span> <span class='ocrx_word' id='word_1_292' title='bbox 1714 2935 1808 2989; x_wconf 76' lang='grc' dir='ltr'><strong>καὶ</strong></span> <span class='ocrx_word' id='word_1_293' title='bbox 1840 2936 1903 2988; x_wconf 84' lang='grc' dir='ltr'><strong>τὸ</strong></span> 
     </span>
    </p>
   </div>
   <div class='ocr_carea' id='block_1_44' title="bbox 320 3027 1970 3118">
    <p class='ocr_par' dir='ltr' id='par_1_44' title="bbox 320 3027 1970 3118">
     <span class='ocr_line' id='line_1_44' title="bbox 320 3027 1970 3118; baseline -0.001 -38"><span class='ocrx_word' id='word_1_294' title='bbox 320 3028 420 3097; x_wconf 83' lang='grc' dir='ltr'><strong>τῆς</strong></span> <span class='ocrx_word' id='word_1_295' title='bbox 446 3027 866 3118; x_wconf 71' lang='grc' dir='ltr'><strong>ἀνθριοποτητος</strong></span> <span class='ocrx_word' id='word_1_296' title='bbox 889 3029 990 3080; x_wconf 75' lang='grc' dir='ltr'><strong>οὐκ</strong></span> <span class='ocrx_word' id='word_1_297' title='bbox 1017 3027 1296 3098; x_wconf 79' lang='grc' dir='ltr'><strong>ἀτιμάσας</strong></span> <span class='ocrx_word' id='word_1_298' title='bbox 1331 3027 1549 3098; x_wconf 81' lang='grc' dir='ltr'><strong>μέτρον.</strong></span> <span class='ocrx_word' id='word_1_299' title='bbox 1577 3029 1763 3082; x_wconf 85' lang='grc' dir='ltr'><strong>Πάντα</strong></span> <span class='ocrx_word' id='word_1_300' title='bbox 1797 3027 1904 3080; x_wconf 78' lang='grc' dir='ltr'><strong>τοί·</strong></span> <span class='ocrx_word' id='word_1_301' title='bbox 1928 3060 1970 3118; x_wconf 76' lang='lat' dir='ltr'>C</span> 
     </span>
    </p>
   </div>
   <div class='ocr_carea' id='block_1_45' title="bbox 320 3116 1901 3188">
    <p class='ocr_par' dir='ltr' id='par_1_45' title="bbox 320 3116 1901 3188">
     <span class='ocr_line' id='line_1_45' title="bbox 320 3116 1901 3188; baseline -0.001 -17"><span class='ocrx_word' id='word_1_302' title='bbox 320 3135 414 3172; x_wconf 88' lang='grc' dir='ltr'><strong>νυν</strong></span> <span class='ocrx_word' id='word_1_303' title='bbox 445 3116 612 3169; x_wconf 85' lang='grc' dir='ltr'>αὑτοῦ</span> <span class='ocrx_word' id='word_1_304' title='bbox 647 3117 714 3170; x_wconf 89' lang='grc' dir='ltr'><strong>τά</strong></span> <span class='ocrx_word' id='word_1_305' title='bbox 761 3117 1039 3188; x_wconf 80' lang='grc' dir='ltr'>θεοπρεπῆ</span> <span class='ocrx_word' id='word_1_306' title='bbox 1096 3120 1191 3171; x_wconf 77' lang='grc' dir='ltr'><strong>καὶ</strong></span> <span class='ocrx_word' id='word_1_307' title='bbox 1251 3117 1586 3187; x_wconf 83' lang='grc' dir='ltr'><strong>ἀνθρώπινα.</strong></span> <span class='ocrx_word' id='word_1_308' title='bbox 1641 3117 1750 3170; x_wconf 87' lang='grc' dir='ltr'><strong>Ποῦ</strong></span> <span class='ocrx_word' id='word_1_309' title='bbox 1791 3119 1901 3187; x_wconf 80' lang='grc' dir='ltr'><strong>γὰρ</strong></span> 
     </span>
    </p>
   </div>
   <div class='ocr_carea' id='block_1_46' title="bbox 326 3208 1903 3280">
    <p class='ocr_par' dir='ltr' id='par_1_46' title="bbox 326 3208 1903 3280">
     <span class='ocr_line' id='line_1_46' title="bbox 326 3208 1903 3280; baseline -0.001 -18"><span class='ocrx_word' id='word_1_310' title='bbox 326 3209 398 3262; x_wconf 71' lang='grc' dir='ltr'><strong>ἔτι</strong></span> <span class='ocrx_word' id='word_1_311' title='bbox 430 3209 740 3261; x_wconf 81' lang='grc' dir='ltr'><strong>κεκένωκεν</strong></span> <span class='ocrx_word' id='word_1_312' title='bbox 763 3208 986 3272; x_wconf 83' lang='grc' dir='ltr'><strong>ἑαυτὸν,</strong></span> <span class='ocrx_word' id='word_1_313' title='bbox 1014 3211 1063 3261; x_wconf 86' lang='grc' dir='ltr'>εἰ</span> <span class='ocrx_word' id='word_1_314' title='bbox 1093 3211 1205 3272; x_wconf 82' lang='grc' dir='ltr'><strong>τοῖς</strong></span> <span class='ocrx_word' id='word_1_315' title='bbox 1236 3209 1335 3279; x_wconf 83' lang='grc' dir='ltr'><strong>τῆς</strong></span> <span class='ocrx_word' id='word_1_316' title='bbox 1359 3209 1777 3280; x_wconf 80' lang='grc' dir='ltr'><strong>ἀνθρωπότητος</strong></span> <span class='ocrx_word' id='word_1_317' title='bbox 1805 3208 1903 3280; x_wconf 82' lang='grc' dir='ltr'><strong>μὲ-</strong></span> 
     </span>
    </p>
   </div>
   <div class='ocr_carea' id='block_1_47' title="bbox 319 3299 1902 3372">
    <p class='ocr_par' dir='ltr' id='par_1_47' title="bbox 319 3299 1902 3372">
     <span class='ocr_line' id='line_1_47' title="bbox 319 3299 1902 3372; baseline -0.001 -20"><span class='ocrx_word' id='word_1_318' title='bbox 319 3317 469 3370; x_wconf 84' lang='grc' dir='ltr'><strong>τροις</strong></span> <span class='ocrx_word' id='word_1_319' title='bbox 513 3301 892 3372; x_wconf 70' lang='grc' dir='ltr'><strong>ἐπερυθριᾷει;</strong></span> <span class='ocrx_word' id='word_1_320' title='bbox 942 3301 1050 3353; x_wconf 75' lang='grc' dir='ltr'><strong>Καὶ</strong></span> <span class='ocrx_word' id='word_1_321' title='bbox 1091 3302 1141 3353; x_wconf 82' lang='grc' dir='ltr'><strong>εί</strong></span> <span class='ocrx_word' id='word_1_322' title='bbox 1189 3303 1529 3372; x_wconf 67' lang='grc' dir='ltr'><strong>παρῃτεῖτοτ</strong></span> <span class='ocrx_word' id='word_1_323' title='bbox 1579 3300 1647 3354; x_wconf 87' lang='grc' dir='ltr'><strong>τά</strong></span> <span class='ocrx_word' id='word_1_324' title='bbox 1689 3299 1902 3371; x_wconf 84' lang='grc' dir='ltr'><strong>ἀνθρώ-</strong></span> 
     </span>
    </p>
   </div>
   <div class='ocr_carea' id='block_1_48' title="bbox 322 3391 1904 3462">
    <p class='ocr_par' dir='ltr' id='par_1_48' title="bbox 322 3391 1904 3462">
     <span class='ocr_line' id='line_1_48' title="bbox 322 3391 1904 3462; baseline -0.001 -18"><span class='ocrx_word' id='word_1_325' title='bbox 322 3407 454 3444; x_wconf 86' lang='grc' dir='ltr'><strong>πινα</strong></span> <span class='ocrx_word' id='word_1_326' title='bbox 478 3431 493 3456; x_wconf 94' lang='grc'>,</span> <span class='ocrx_word' id='word_1_327' title='bbox 531 3392 612 3454; x_wconf 82' lang='grc' dir='ltr'><strong>τίς</strong></span> <span class='ocrx_word' id='word_1_328' title='bbox 642 3393 671 3444; x_wconf 86' lang='grc' dir='ltr'>ὁ</span> <span class='ocrx_word' id='word_1_329' title='bbox 707 3392 1019 3462; x_wconf 78' lang='grc' dir='ltr'><strong>καταοήσας</strong></span> <span class='ocrx_word' id='word_1_330' title='bbox 1040 3401 1062 3429; x_wconf 80' lang='grc'><strong><em>⁵</em></strong></span> <span class='ocrx_word' id='word_1_331' title='bbox 1096 3392 1257 3445; x_wconf 82' lang='grc' dir='ltr'><strong>αὐτὸν</strong></span> <span class='ocrx_word' id='word_1_332' title='bbox 1303 3391 1378 3455; x_wconf 85' lang='grc' dir='ltr'><strong>ὡς</strong></span> <span class='ocrx_word' id='word_1_333' title='bbox 1425 3391 1485 3456; x_wconf 80' lang='grc' dir='ltr'>ἐξ</span> <span class='ocrx_word' id='word_1_334' title='bbox 1529 3391 1776 3460; x_wconf 81' lang='grc' dir='ltr'><strong>ἀνάγκης</strong></span> <span class='ocrx_word' id='word_1_335' title='bbox 1808 3391 1904 3445; x_wconf 74' lang='grc' dir='ltr'><strong>καὶ</strong></span> 
     </span>
    </p>
   </div>
   <div class='ocr_carea' id='block_1_49' title="bbox 327 3479 1904 3552">
    <p class='ocr_par' dir='ltr' id='par_1_49' title="bbox 327 3479 1904 3552">
     <span class='ocr_line' id='line_1_49' title="bbox 327 3479 1904 3552; baseline 0 -20"><span class='ocrx_word' id='word_1_336' title='bbox 327 3481 442 3550; x_wconf 79' lang='grc' dir='ltr'><strong>βίας</strong></span> <span class='ocrx_word' id='word_1_337' title='bbox 476 3482 558 3544; x_wconf 76' lang='grc' dir='ltr'><strong>εἰς</strong></span> <span class='ocrx_word' id='word_1_338' title='bbox 590 3483 651 3534; x_wconf 85' lang='grc' dir='ltr'>τὸ</span> <span class='ocrx_word' id='word_1_339' title='bbox 684 3482 937 3549; x_wconf 81' lang='grc' dir='ltr'>γενέσθαι</span> <span class='ocrx_word' id='word_1_340' title='bbox 972 3481 1092 3534; x_wconf 78' lang='grc' dir='ltr'><strong>καθ’</strong></span> <span class='ocrx_word' id='word_1_341' title='bbox 1137 3482 1318 3552; x_wconf 85' lang='grc' dir='ltr'><strong>ἡμᾶς;</strong></span> <span class='ocrx_word' id='word_1_342' title='bbox 1368 3481 1554 3543; x_wconf 87' lang='grc' dir='ltr'><strong>Πάσας</strong></span> <span class='ocrx_word' id='word_1_343' title='bbox 1586 3481 1765 3533; x_wconf 81' lang='grc' dir='ltr'><strong>τοίνυν</strong></span> <span class='ocrx_word' id='word_1_344' title='bbox 1805 3479 1904 3542; x_wconf 80' lang='grc' dir='ltr'><strong>τὰς</strong></span> 
     </span>
    </p>
   </div>
   <div class='ocr_carea' id='block_1_50' title="bbox 325 3572 1904 3642">
    <p class='ocr_par' dir='ltr' id='par_1_50' title="bbox 325 3572 1904 3642">
     <span class='ocr_line' id='line_1_50' title="bbox 325 3572 1904 3642; baseline -0.003 -15"><span class='ocrx_word' id='word_1_345' title='bbox 325 3576 383 3628; x_wconf 78' lang='grc' dir='ltr'><strong>ὲν</strong></span> <span class='ocrx_word' id='word_1_346' title='bbox 417 3578 530 3636; x_wconf 83' lang='grc' dir='ltr'><strong>τοῖς</strong></span> <span class='ocrx_word' id='word_1_347' title='bbox 563 3573 914 3642; x_wconf 83' lang='grc' dir='ltr'><strong>Εὐαγγελίοις</strong></span> <span class='ocrx_word' id='word_1_348' title='bbox 941 3575 1122 3642; x_wconf 79' lang='grc' dir='ltr'>φωνὰς</span> <span class='ocrx_word' id='word_1_349' title='bbox 1145 3613 1158 3637; x_wconf 92' lang='grc'><strong>,</strong></span> <span class='ocrx_word' id='word_1_350' title='bbox 1196 3574 1294 3636; x_wconf 86' lang='grc' dir='ltr'><strong>τάς</strong></span> <span class='ocrx_word' id='word_1_351' title='bbox 1324 3590 1383 3626; x_wconf 89' lang='grc' dir='ltr'>τε</span> <span class='ocrx_word' id='word_1_352' title='bbox 1413 3572 1781 3642; x_wconf 81' lang='grc' dir='ltr'><strong>ἀνθρωπίνας,</strong></span> <span class='ocrx_word' id='word_1_353' title='bbox 1808 3572 1904 3626; x_wconf 76' lang='grc' dir='ltr'><strong>καὶ</strong></span> 
     </span>
    </p>
   </div>
   <div class='ocr_carea' id='block_1_51' title="bbox 329 3665 1900 3737">
    <p class='ocr_par' dir='ltr' id='par_1_51' title="bbox 329 3665 1900 3737">
     <span class='ocr_line' id='line_1_51' title="bbox 329 3665 1900 3737; baseline -0.001 -19"><span class='ocrx_word' id='word_1_354' title='bbox 329 3667 436 3737; x_wconf 82' lang='grc' dir='ltr'><strong>μὴν</strong></span> <span class='ocrx_word' id='word_1_355' title='bbox 460 3666 556 3718; x_wconf 73' lang='grc' dir='ltr'><strong>καὶ</strong></span> <span class='ocrx_word' id='word_1_356' title='bbox 586 3665 683 3728; x_wconf 81' lang='grc' dir='ltr'><strong>τὰς</strong></span> <span class='ocrx_word' id='word_1_357' title='bbox 711 3665 1060 3736; x_wconf 83' lang='grc' dir='ltr'><strong>θεοπρεπεῖς,</strong></span> <span class='ocrx_word' id='word_1_358' title='bbox 1091 3667 1170 3718; x_wconf 79' lang='grc' dir='ltr'><strong>ἐνὶ</strong></span> <span class='ocrx_word' id='word_1_359' title='bbox 1191 3667 1466 3737; x_wconf 85' lang='grc' dir='ltr'><strong>προσώπῳ</strong></span> <span class='ocrx_word' id='word_1_360' title='bbox 1489 3668 1900 3737; x_wconf 76' lang='grc' dir='ltr'><strong>προσάπτομεν.</strong></span> 
     </span>
    </p>
   </div>
   <div class='ocr_carea' id='block_1_52' title="bbox 339 3753 1907 3827">
    <p class='ocr_par' dir='ltr' id='par_1_52' title="bbox 339 3753 1907 3827">
     <span class='ocr_line' id='line_1_52' title="bbox 339 3753 1907 3827; baseline -0.001 -19"><span class='ocrx_word' id='word_1_361' title='bbox 339 3756 556 3826; x_wconf 80' lang='grc' dir='ltr'>Ἐπειδὴ</span> <span class='ocrx_word' id='word_1_362' title='bbox 587 3757 682 3809; x_wconf 64' lang='grc' dir='ltr'><strong>κα)⁸</strong></span> <span class='ocrx_word' id='word_1_363' title='bbox 713 3755 812 3809; x_wconf 71' lang='grc' dir='ltr'><strong>ἕνα</strong></span> <span class='ocrx_word' id='word_1_364' title='bbox 851 3755 1177 3826; x_wconf 80' lang='grc' dir='ltr'>πιστεύομεν</span> <span class='ocrx_word' id='word_1_365' title='bbox 1207 3757 1330 3809; x_wconf 79' lang='grc' dir='ltr'>Υἱὸν</span> <span class='ocrx_word' id='word_1_366' title='bbox 1361 3753 1500 3810; x_wconf 77' lang='grc' dir='ltr'><strong>εἶναι</strong></span> <span class='ocrx_word' id='word_1_367' title='bbox 1528 3755 1764 3827; x_wconf 75' lang='grc' dir='ltr'>Χριστὸν</span> <span class='ocrx_word' id='word_1_368' title='bbox 1802 3756 1907 3824; x_wconf 80' lang='grc' dir='ltr'><strong>ἰη-</strong></span> 
     </span>
    </p>
   </div>
   <div class='ocr_carea' id='block_1_53' title="bbox 327 3846 1906 3919">
    <p class='ocr_par' dir='ltr' id='par_1_53' title="bbox 327 3846 1906 3919">
     <span class='ocr_line' id='line_1_53' title="bbox 327 3846 1906 3919; baseline -0.001 -21"><span class='ocrx_word' id='word_1_369' title='bbox 327 3848 484 3910; x_wconf 87' lang='grc' dir='ltr'>σοῦν,</span> <span class='ocrx_word' id='word_1_370' title='bbox 514 3847 790 3900; x_wconf 77' lang='grc' dir='ltr'><strong>τουτέστιν</strong></span> <span class='ocrx_word' id='word_1_371' title='bbox 820 3847 1321 3919; x_wconf 84' lang='grc' dir='ltr'><strong>ἐνανθρωπήσαντά</strong></span> <span class='ocrx_word' id='word_1_372' title='bbox 1347 3865 1406 3901; x_wconf 90' lang='grc' dir='ltr'>τε</span> <span class='ocrx_word' id='word_1_373' title='bbox 1431 3849 1524 3901; x_wconf 79' lang='grc' dir='ltr'><strong>καὶ</strong></span> <span class='ocrx_word' id='word_1_374' title='bbox 1550 3846 1906 3916; x_wconf 80' lang='grc' dir='ltr'><strong>σεσαρκωμέ-</strong></span> 
     </span>
    </p>
   </div>
   <div class='ocr_carea' id='block_1_54' title="bbox 256 3938 1906 4012">
    <p class='ocr_par' dir='ltr' id='par_1_54' title="bbox 256 3938 1906 4012">
     <span class='ocr_line' id='line_1_54' title="bbox 256 3938 1906 4012; baseline -0.002 -18"><span class='ocrx_word' id='word_1_375' title='bbox 256 3952 262 3959; x_wconf 90' lang='grc'>·</span> <span class='ocrx_word' id='word_1_376' title='bbox 325 3955 415 3994; x_wconf 87' lang='grc' dir='ltr'><strong>νον</strong></span> <span class='ocrx_word' id='word_1_377' title='bbox 444 3939 536 3992; x_wconf 72' lang='grc' dir='ltr'><strong>τὸν</strong></span> <span class='ocrx_word' id='word_1_378' title='bbox 573 3938 667 3991; x_wconf 92' lang='grc' dir='ltr'><strong>τοῦ</strong></span> <span class='ocrx_word' id='word_1_379' title='bbox 699 3939 835 3992; x_wconf 84' lang='grc' dir='ltr'><strong>Θεοῦ</strong></span> <span class='ocrx_word' id='word_1_380' title='bbox 867 3940 1060 4008; x_wconf 80' lang='grc' dir='ltr'><strong>Λόγον.</strong></span> <span class='ocrx_word' id='word_1_381' title='bbox 1091 3941 1254 3993; x_wconf 85' lang='grc' dir='ltr'>Ὥστε</span> <span class='ocrx_word' id='word_1_382' title='bbox 1285 3939 1387 3993; x_wconf 80' lang='grc' dir='ltr'>κᾶν</span> <span class='ocrx_word' id='word_1_383' title='bbox 1417 3940 1554 4012; x_wconf 79' lang='grc' dir='ltr'><strong>λέγῃ</strong></span> <span class='ocrx_word' id='word_1_384' title='bbox 1588 3957 1640 3992; x_wconf 89' lang='grc' dir='ltr'><strong>τι</strong></span> <span class='ocrx_word' id='word_1_385' title='bbox 1668 3939 1778 3991; x_wconf 81' lang='grc' dir='ltr'>τῶν</span> <span class='ocrx_word' id='word_1_386' title='bbox 1815 3938 1906 3991; x_wconf 84' lang='grc' dir='ltr'><strong>ἀν-</strong></span> 
     </span>
    </p>
   </div>
   <div class='ocr_carea' id='block_1_55' title="bbox 327 4029 1904 4101">
    <p class='ocr_par' dir='ltr' id='par_1_55' title="bbox 327 4029 1904 4101">
     <span class='ocr_line' id='line_1_55' title="bbox 327 4029 1904 4101; baseline 0.001 -21"><span class='ocrx_word' id='word_1_387' title='bbox 327 4029 638 4100; x_wconf 84' lang='grc' dir='ltr'><strong>θρωπίνων,</strong></span> <span class='ocrx_word' id='word_1_388' title='bbox 678 4033 801 4093; x_wconf 60' lang='grc' dir='ltr'><strong>τοῖς</strong></span> <span class='ocrx_word' id='word_1_389' title='bbox 850 4031 950 4100; x_wconf 84' lang='grc' dir='ltr'><strong>τῆς</strong></span> <span class='ocrx_word' id='word_1_390' title='bbox 995 4030 1418 4101; x_wconf 81' lang='grc' dir='ltr'><strong>ἀνθρωπότητος</strong></span> <span class='ocrx_word' id='word_1_391' title='bbox 1464 4029 1628 4084; x_wconf 84' lang='grc' dir='ltr'><strong>αὑτοῦ</strong></span> <span class='ocrx_word' id='word_1_392' title='bbox 1689 4031 1904 4101; x_wconf 84' lang='grc' dir='ltr'><strong>μέτροις</strong></span> 
     </span>
    </p>
   </div>
   <div class='ocr_carea' id='block_1_56' title="bbox 326 4121 1904 4192">
    <p class='ocr_par' dir='ltr' id='par_1_56' title="bbox 326 4121 1904 4192">
     <span class='ocr_line' id='line_1_56' title="bbox 326 4121 1904 4192; baseline 0.001 -19"><span class='ocrx_word' id='word_1_393' title='bbox 326 4121 798 4191; x_wconf 75' lang='grc' dir='ltr'><strong>καταλογιούμεθα</strong></span> <span class='ocrx_word' id='word_1_394' title='bbox 817 4121 887 4174; x_wconf 82' lang='grc' dir='ltr'><strong>τὰ</strong></span> <span class='ocrx_word' id='word_1_395' title='bbox 911 4121 1257 4192; x_wconf 84' lang='grc' dir='ltr'><strong>ἀνθρώπινοι·</strong></span> <span class='ocrx_word' id='word_1_396' title='bbox 1289 4121 1454 4174; x_wconf 86' lang='grc' dir='ltr'>αὑτοῦ</span> <span class='ocrx_word' id='word_1_397' title='bbox 1485 4121 1594 4192; x_wconf 83' lang='grc' dir='ltr'>γὰρ</span> <span class='ocrx_word' id='word_1_398' title='bbox 1621 4122 1780 4176; x_wconf 83' lang='grc' dir='ltr'><strong>πάλιν</strong></span> <span class='ocrx_word' id='word_1_399' title='bbox 1811 4123 1904 4176; x_wconf 77' lang='grc' dir='ltr'><strong>καὶ</strong></span> 
     </span>
    </p>
   </div>
   <div class='ocr_carea' id='block_1_57' title="bbox 324 4210 1904 4284">
    <p class='ocr_par' dir='ltr' id='par_1_57' title="bbox 324 4210 1904 4284">
     <span class='ocr_line' id='line_1_57' title="bbox 324 4210 1904 4284; baseline 0.004 -22"><span class='ocrx_word' id='word_1_400' title='bbox 324 4212 386 4263; x_wconf 88' lang='grc' dir='ltr'><strong>τὸ</strong></span> <span class='ocrx_word' id='word_1_401' title='bbox 413 4210 752 4281; x_wconf 84' lang='grc' dir='ltr'><strong>ἀνθρώπινον</strong></span> <span class='ocrx_word' id='word_1_402' title='bbox 776 4229 788 4245; x_wconf 75' lang='grc' dir='ltr'><strong>ο</strong></span> <span class='ocrx_word' id='word_1_403' title='bbox 815 4213 918 4266; x_wconf 84' lang='grc' dir='ltr'>κᾶν</span> <span class='ocrx_word' id='word_1_404' title='bbox 948 4213 1023 4275; x_wconf 83' lang='grc' dir='ltr'><strong>ὡς</strong></span> <span class='ocrx_word' id='word_1_405' title='bbox 1056 4213 1188 4276; x_wconf 80' lang='grc' dir='ltr'>Θεὸς</span> <span class='ocrx_word' id='word_1_406' title='bbox 1220 4213 1568 4284; x_wconf 78' lang='grc' dir='ltr'>διαλέγηται,</span> <span class='ocrx_word' id='word_1_407' title='bbox 1603 4215 1735 4268; x_wconf 84' lang='grc' dir='ltr'>Θεὸν</span> <span class='ocrx_word' id='word_1_408' title='bbox 1763 4211 1904 4270; x_wconf 76' lang='grc' dir='ltr'><strong>εἶναι</strong></span> 
     </span>
    </p>
   </div>
   <div class='ocr_carea' id='block_1_58' title="bbox 325 4303 1903 4376">
    <p class='ocr_par' dir='ltr' id='par_1_58' title="bbox 325 4303 1903 4376">
     <span class='ocr_line' id='line_1_58' title="bbox 325 4303 1903 4376; baseline 0.001 -21"><span class='ocrx_word' id='word_1_409' title='bbox 325 4303 680 4366; x_wconf 84' lang='grc' dir='ltr'>πιστεύοντες</span> <span class='ocrx_word' id='word_1_410' title='bbox 701 4304 792 4356; x_wconf 85' lang='grc' dir='ltr'>τὸν</span> <span class='ocrx_word' id='word_1_411' title='bbox 817 4304 1339 4376; x_wconf 82' lang='grc' dir='ltr'><strong>ὲνανθρωπήσαντα,</strong></span> <span class='ocrx_word' id='word_1_412' title='bbox 1366 4305 1536 4358; x_wconf 85' lang='grc' dir='ltr'><strong>πάλιν</strong></span> <span class='ocrx_word' id='word_1_413' title='bbox 1555 4306 1630 4368; x_wconf 86' lang='grc' dir='ltr'><strong>ὡς</strong></span> <span class='ocrx_word' id='word_1_414' title='bbox 1666 4306 1746 4357; x_wconf 76' lang='grc' dir='ltr'>ἐνὶ</span> <span class='ocrx_word' id='word_1_415' title='bbox 1767 4307 1903 4376; x_wconf 89' lang='grc' dir='ltr'><strong>Χρι-</strong></span> 
     </span>
    </p>
   </div>
   <div class='ocr_carea' id='block_1_59' title="bbox 2001 1793 3580 1870">
    <p class='ocr_par' dir='ltr' id='par_1_59' title="bbox 2001 1793 3580 1870">
     <span class='ocr_line' id='line_1_59' title="bbox 2001 1793 3580 1870; baseline -0.008 -14"><span class='ocrx_word' id='word_1_416' title='bbox 2001 1799 2298 1870; x_wconf 82' lang='lat' dir='ltr'><strong>Scripta-ris</strong></span> <span class='ocrx_word' id='word_1_417' title='bbox 2325 1799 2528 1868; x_wconf 89' lang='lat' dir='ltr'><strong>passim</strong></span> <span class='ocrx_word' id='word_1_418' title='bbox 2579 1806 2910 1863; x_wconf 88' lang='lat' dir='ltr'><strong>occurrunt;</strong></span> <span class='ocrx_word' id='word_1_419' title='bbox 2948 1809 3136 1864; x_wconf 69' lang='lat' dir='ltr'><strong>qume</strong></span> <span class='ocrx_word' id='word_1_420' title='bbox 3185 1810 3214 1848; x_wconf 89' lang='lat' dir='ltr'><strong>a</strong></span> <span class='ocrx_word' id='word_1_421' title='bbox 3263 1793 3468 1847; x_wconf 85' lang='lat' dir='ltr'><strong>sanctis</strong></span> <span class='ocrx_word' id='word_1_422' title='bbox 3514 1793 3580 1844; x_wconf 81' lang='lat' dir='ltr'><strong>de</strong></span> 
     </span>
    </p>
   </div>
   <div class='ocr_carea' id='block_1_60' title="bbox 1954 1883 3577 1959">
    <p class='ocr_par' dir='ltr' id='par_1_60' title="bbox 1954 1883 3577 1959">
     <span class='ocr_line' id='line_1_60' title="bbox 1954 1883 3577 1959; baseline -0.007 -12"><span class='ocrx_word' id='word_1_423' title='bbox 1954 1895 1962 1906; x_wconf 85' lang='lat'><em>&#39;</em></span> <span class='ocrx_word' id='word_1_424' title='bbox 1997 1891 2235 1954; x_wconf 90' lang='lat' dir='ltr'><strong>Christo,</strong></span> <span class='ocrx_word' id='word_1_425' title='bbox 2275 1891 2356 1946; x_wconf 90' lang='lat' dir='ltr'><strong>vel</strong></span> <span class='ocrx_word' id='word_1_426' title='bbox 2405 1891 2473 1944; x_wconf 89' lang='lat' dir='ltr'><strong>ab</strong></span> <span class='ocrx_word' id='word_1_427' title='bbox 2506 1891 2621 1959; x_wconf 90' lang='lat' dir='ltr'><strong>ipso</strong></span> <span class='ocrx_word' id='word_1_428' title='bbox 2662 1903 2877 1959; x_wconf 86' lang='lat' dir='ltr'><strong>quoque</strong></span> <span class='ocrx_word' id='word_1_429' title='bbox 2921 1888 3142 1943; x_wconf 89' lang='lat' dir='ltr'><strong>Christo</strong></span> <span class='ocrx_word' id='word_1_430' title='bbox 3173 1885 3238 1941; x_wconf 90' lang='lat' dir='ltr'><strong>de</strong></span> <span class='ocrx_word' id='word_1_431' title='bbox 3286 1883 3464 1953; x_wconf 87' lang='lat' dir='ltr'><strong>seipso</strong></span> <span class='ocrx_word' id='word_1_432' title='bbox 3493 1885 3577 1936; x_wconf 87' lang='lat' dir='ltr'><strong>di-</strong></span> 
     </span>
    </p>
   </div>
   <div class='ocr_carea' id='block_1_61' title="bbox 2000 1976 3579 2048">
    <p class='ocr_par' dir='ltr' id='par_1_61' title="bbox 2000 1976 3579 2048">
     <span class='ocr_line' id='line_1_61' title="bbox 2000 1976 3579 2048; baseline -0.008 -10"><span class='ocrx_word' id='word_1_433' title='bbox 2000 1994 2098 2038; x_wconf 83' lang='lat' dir='ltr'><strong>ctae</strong></span> <span class='ocrx_word' id='word_1_434' title='bbox 2130 1989 2295 2046; x_wconf 86' lang='lat' dir='ltr'><strong>sunt;</strong></span> <span class='ocrx_word' id='word_1_435' title='bbox 2331 1990 2385 2036; x_wconf 89' lang='lat' dir='ltr'><strong>et</strong></span> <span class='ocrx_word' id='word_1_436' title='bbox 2416 1981 2548 2036; x_wconf 84' lang='lat' dir='ltr'><strong>alias</strong></span> <span class='ocrx_word' id='word_1_437' title='bbox 2578 1981 2796 2048; x_wconf 82' lang='lat' dir='ltr'><strong>quidem</strong></span> <span class='ocrx_word' id='word_1_438' title='bbox 2831 1978 3038 2033; x_wconf 91' lang='lat' dir='ltr'><strong>homini</strong></span> <span class='ocrx_word' id='word_1_439' title='bbox 3072 1976 3237 2030; x_wconf 88' lang='lat' dir='ltr'><strong>veluti</strong></span> <span class='ocrx_word' id='word_1_440' title='bbox 3277 1989 3518 2030; x_wconf 80' lang='lat' dir='ltr'><strong>seorsum</strong></span> <span class='ocrx_word' id='word_1_441' title='bbox 3550 1989 3579 2027; x_wconf 86' lang='lat' dir='ltr'><strong>a</strong></span> 
     </span>
    </p>
   </div>
   <div class='ocr_carea' id='block_1_62' title="bbox 2002 2067 3578 2134">
    <p class='ocr_par' dir='ltr' id='par_1_62' title="bbox 2002 2067 3578 2134">
     <span class='ocr_line' id='line_1_62' title="bbox 2002 2067 3578 2134; baseline -0.005 -9"><span class='ocrx_word' id='word_1_442' title='bbox 2002 2072 2095 2127; x_wconf 85' lang='lat' dir='ltr'><strong>Dei</strong></span> <span class='ocrx_word' id='word_1_443' title='bbox 2139 2071 2318 2126; x_wconf 87' lang='lat' dir='ltr'><strong>Verbo</strong></span> <span class='ocrx_word' id='word_1_444' title='bbox 2360 2072 2704 2126; x_wconf 84' lang='lat' dir='ltr'><strong>considerato</strong></span> <span class='ocrx_word' id='word_1_445' title='bbox 2753 2070 3016 2134; x_wconf 89' lang='lat' dir='ltr'><strong>ascribit;</strong></span> <span class='ocrx_word' id='word_1_446' title='bbox 3063 2067 3200 2122; x_wconf 88' lang='lat' dir='ltr'><strong>alias</strong></span> <span class='ocrx_word' id='word_1_447' title='bbox 3245 2081 3400 2132; x_wconf 88' lang='lat' dir='ltr'><strong>vero,</strong></span> <span class='ocrx_word' id='word_1_448' title='bbox 3455 2076 3578 2118; x_wconf 89' lang='lat' dir='ltr'><strong>tan-</strong></span> 
     </span>
    </p>
   </div>
   <div class='ocr_carea' id='block_1_63' title="bbox 2001 2157 3577 2232">
    <p class='ocr_par' dir='ltr' id='par_1_63' title="bbox 2001 2157 3577 2232">
     <span class='ocr_line' id='line_1_63' title="bbox 2001 2157 3577 2232; baseline -0.004 -16"><span class='ocrx_word' id='word_1_449' title='bbox 2001 2178 2162 2232; x_wconf 77' lang='lat' dir='ltr'><strong>quam</strong></span> <span class='ocrx_word' id='word_1_450' title='bbox 2197 2162 2306 2217; x_wconf 87' lang='lat' dir='ltr'><strong>Deo</strong></span> <span class='ocrx_word' id='word_1_451' title='bbox 2335 2163 2738 2228; x_wconf 85' lang='lat' dir='ltr'><strong>convenientes,</strong></span> <span class='ocrx_word' id='word_1_452' title='bbox 2778 2161 2880 2218; x_wconf 92' lang='lat' dir='ltr'><strong>soli</strong></span> <span class='ocrx_word' id='word_1_453' title='bbox 2914 2159 3008 2216; x_wconf 90' lang='lat' dir='ltr'><strong>Dei</strong></span> <span class='ocrx_word' id='word_1_454' title='bbox 3037 2157 3217 2215; x_wconf 84' lang='lat' dir='ltr'><strong>Patris</strong></span> <span class='ocrx_word' id='word_1_455' title='bbox 3241 2158 3419 2214; x_wconf 89' lang='lat' dir='ltr'><strong>Verbo</strong></span> <span class='ocrx_word' id='word_1_456' title='bbox 3450 2158 3577 2212; x_wconf 88' lang='lat' dir='ltr'><strong>ada-</strong></span> 
     </span>
    </p>
   </div>
   <div class='ocr_carea' id='block_1_64' title="bbox 2002 2255 2588 2324">
    <p class='ocr_par' dir='ltr' id='par_1_64' title="bbox 2002 2255 2588 2324">
     <span class='ocr_line' id='line_1_64' title="bbox 2002 2255 2588 2324; baseline 0 -14"><span class='ocrx_word' id='word_1_457' title='bbox 2002 2265 2115 2324; x_wconf 86' lang='lat' dir='ltr'><strong>ptat</strong></span> <span class='ocrx_word' id='word_1_458' title='bbox 2137 2269 2152 2307; x_wconf 89' lang='lat'><strong>:</strong></span> <span class='ocrx_word' id='word_1_459' title='bbox 2185 2255 2470 2310; x_wconf 84' lang='lat' dir='ltr'><strong>anathema</strong></span> <span class='ocrx_word' id='word_1_460' title='bbox 2495 2255 2588 2310; x_wconf 89' lang='lat' dir='ltr'><strong>sit.</strong></span> 
     </span>
    </p>
   </div>
   <div class='ocr_carea' id='block_1_65' title="bbox 2517 2367 3062 2438">
    <p class='ocr_par' dir='ltr' id='par_1_65' title="bbox 2517 2367 3062 2438">
     <span class='ocr_line' id='line_1_65' title="bbox 2517 2367 3062 2438; baseline -0.004 -16"><span class='ocrx_word' id='word_1_461' title='bbox 2517 2367 2818 2422; x_wconf 81' lang='lat' dir='ltr'><strong>Declaratio</strong></span> <span class='ocrx_word' id='word_1_462' title='bbox 2849 2376 3062 2438; x_wconf 77' lang='lat' dir='ltr'><strong>quarta.</strong></span> 
     </span>
    </p>
   </div>
   <div class='ocr_carea' id='block_1_66' title="bbox 2073 2476 3584 2550">
    <p class='ocr_par' dir='ltr' id='par_1_66' title="bbox 2073 2476 3584 2550">
     <span class='ocr_line' id='line_1_66' title="bbox 2073 2476 3584 2550; baseline -0.004 -14"><span class='ocrx_word' id='word_1_463' title='bbox 2073 2482 2166 2536; x_wconf 84' lang='lat' dir='ltr'><strong>Dei</strong></span> <span class='ocrx_word' id='word_1_464' title='bbox 2199 2481 2376 2538; x_wconf 85' lang='lat' dir='ltr'><strong>Patris</strong></span> <span class='ocrx_word' id='word_1_465' title='bbox 2407 2481 2641 2536; x_wconf 80' lang='lat' dir='ltr'><strong>Verbum</strong></span> <span class='ocrx_word' id='word_1_466' title='bbox 2697 2482 2747 2534; x_wconf 87' lang='lat' dir='ltr'><strong>in</strong></span> <span class='ocrx_word' id='word_1_467' title='bbox 2799 2480 3042 2550; x_wconf 84' lang='lat' dir='ltr'><strong>ejusdem</strong></span> <span class='ocrx_word' id='word_1_468' title='bbox 3093 2477 3268 2532; x_wconf 82' lang='lat' dir='ltr'><strong>Patris</strong></span> <span class='ocrx_word' id='word_1_469' title='bbox 3308 2476 3477 2531; x_wconf 81' lang='lat' dir='ltr'><strong>forma</strong></span> <span class='ocrx_word' id='word_1_470' title='bbox 3528 2485 3584 2530; x_wconf 83' lang='lat' dir='ltr'><strong>et</strong></span> 
     </span>
    </p>
   </div>
   <div class='ocr_carea' id='block_1_67' title="bbox 2002 2557 3584 2642">
    <p class='ocr_par' dir='ltr' id='par_1_67' title="bbox 2002 2557 3584 2642">
     <span class='ocr_line' id='line_1_67' title="bbox 2002 2557 3584 2642; baseline -0.004 -13"><span class='ocrx_word' id='word_1_471' title='bbox 2002 2574 2312 2642; x_wconf 69' lang='lat' dir='ltr'><strong>aequalitate</strong></span> <span class='ocrx_word' id='word_1_472' title='bbox 2342 2574 2631 2637; x_wconf 81' lang='lat' dir='ltr'><strong>exsistens,</strong></span> <span class='ocrx_word' id='word_1_473' title='bbox 2679 2587 2788 2626; x_wconf 91' lang='lat' dir='ltr'><strong>non</strong></span> <span class='ocrx_word' id='word_1_474' title='bbox 2837 2570 3085 2640; x_wconf 88' lang='lat' dir='ltr'><strong>rapinam</strong></span> <span class='ocrx_word' id='word_1_475' title='bbox 3133 2569 3455 2623; x_wconf 89' lang='lat' dir='ltr'><strong>arbitratum</strong></span> <span class='ocrx_word' id='word_1_476' title='bbox 3499 2557 3584 2622; x_wconf 79' lang='lat' dir='ltr'><strong>est</strong></span> 
     </span>
    </p>
   </div>
   <div class='ocr_carea' id='block_1_68' title="bbox 2003 2660 3582 2732">
    <p class='ocr_par' dir='ltr' id='par_1_68' title="bbox 2003 2660 3582 2732">
     <span class='ocr_line' id='line_1_68' title="bbox 2003 2660 3582 2732; baseline -0.004 -12"><span class='ocrx_word' id='word_1_477' title='bbox 2003 2680 2124 2720; x_wconf 87' lang='lat' dir='ltr'><strong>esse</strong></span> <span class='ocrx_word' id='word_1_478' title='bbox 2170 2680 2227 2719; x_wconf 91' lang='lat' dir='ltr'><strong>se</strong></span> <span class='ocrx_word' id='word_1_479' title='bbox 2272 2663 2476 2732; x_wconf 65' lang='lat' dir='ltr'><strong>aequale</strong></span> <span class='ocrx_word' id='word_1_480' title='bbox 2519 2663 2650 2728; x_wconf 89' lang='lat' dir='ltr'><strong>Deo,</strong></span> <span class='ocrx_word' id='word_1_481' title='bbox 2681 2672 2737 2716; x_wconf 91' lang='lat' dir='ltr'><strong>ut</strong></span> <span class='ocrx_word' id='word_1_482' title='bbox 2763 2663 3026 2732; x_wconf 90' lang='lat' dir='ltr'><strong>scriptum</strong></span> <span class='ocrx_word' id='word_1_483' title='bbox 3056 2669 3138 2715; x_wconf 84' lang='lat' dir='ltr'><strong>est</strong></span> <span class='ocrx_word' id='word_1_484' title='bbox 3161 2660 3228 2726; x_wconf 84' lang='grc'><strong>¹⁶,</strong></span> <span class='ocrx_word' id='word_1_485' title='bbox 3265 2660 3358 2716; x_wconf 91' lang='lat' dir='ltr'><strong>sed</strong></span> <span class='ocrx_word' id='word_1_486' title='bbox 3404 2661 3582 2727; x_wconf 89' lang='lat' dir='ltr'><strong>potius</strong></span> 
     </span>
    </p>
   </div>
   <div class='ocr_carea' id='block_1_69' title="bbox 2003 2753 3583 2827">
    <p class='ocr_par' dir='ltr' id='par_1_69' title="bbox 2003 2753 3583 2827">
     <span class='ocr_line' id='line_1_69' title="bbox 2003 2753 3583 2827; baseline -0.005 -15"><span class='ocrx_word' id='word_1_487' title='bbox 2003 2757 2240 2827; x_wconf 89' lang='lat' dir='ltr'><strong>seipsum</strong></span> <span class='ocrx_word' id='word_1_488' title='bbox 2296 2767 2488 2826; x_wconf 88' lang='lat' dir='ltr'><strong>sponte</strong></span> <span class='ocrx_word' id='word_1_489' title='bbox 2527 2754 2862 2818; x_wconf 82' lang='lat' dir='ltr'><strong>exinauivit,</strong></span> <span class='ocrx_word' id='word_1_490' title='bbox 2897 2763 2954 2808; x_wconf 90' lang='lat' dir='ltr'><strong>et</strong></span> <span class='ocrx_word' id='word_1_491' title='bbox 2995 2754 3059 2807; x_wconf 88' lang='lat' dir='ltr'><strong>ad</strong></span> <span class='ocrx_word' id='word_1_492' title='bbox 3092 2765 3274 2808; x_wconf 88' lang='lat' dir='ltr'><strong>nostra</strong></span> <span class='ocrx_word' id='word_1_493' title='bbox 3319 2769 3378 2807; x_wconf 89' lang='lat' dir='ltr'><strong>se</strong></span> <span class='ocrx_word' id='word_1_494' title='bbox 3407 2753 3583 2806; x_wconf 87' lang='lat' dir='ltr'><strong>demi-</strong></span> 
     </span>
    </p>
   </div>
   <div class='ocr_carea' id='block_1_70' title="bbox 2004 2844 3580 2913">
    <p class='ocr_par' dir='ltr' id='par_1_70' title="bbox 2004 2844 3580 2913">
     <span class='ocr_line' id='line_1_70' title="bbox 2004 2844 3580 2913; baseline -0.004 -11"><span class='ocrx_word' id='word_1_495' title='bbox 2004 2847 2096 2911; x_wconf 87' lang='lat' dir='ltr'><strong>sit,</strong></span> <span class='ocrx_word' id='word_1_496' title='bbox 2137 2863 2243 2902; x_wconf 87' lang='lat' dir='ltr'><strong>non</strong></span> <span class='ocrx_word' id='word_1_497' title='bbox 2292 2846 2549 2902; x_wconf 88' lang='lat' dir='ltr'><strong>amittens</strong></span> <span class='ocrx_word' id='word_1_498' title='bbox 2583 2859 2704 2900; x_wconf 88' lang='lat' dir='ltr'><strong>esse</strong></span> <span class='ocrx_word' id='word_1_499' title='bbox 2742 2845 2883 2913; x_wconf 89' lang='lat' dir='ltr'><strong>quod</strong></span> <span class='ocrx_word' id='word_1_500' title='bbox 2931 2854 3035 2908; x_wconf 87' lang='lat' dir='ltr'><strong>est,</strong></span> <span class='ocrx_word' id='word_1_501' title='bbox 3075 2844 3168 2899; x_wconf 82' lang='lat' dir='ltr'><strong>sed</strong></span> <span class='ocrx_word' id='word_1_502' title='bbox 3217 2844 3387 2913; x_wconf 83' lang='lat' dir='ltr'><strong>magis</strong></span> <span class='ocrx_word' id='word_1_503' title='bbox 3417 2844 3580 2896; x_wconf 89' lang='lat' dir='ltr'><strong>etiam</strong></span> 
     </span>
    </p>
   </div>
   <div class='ocr_carea' id='block_1_71' title="bbox 2008 2933 3582 3006">
    <p class='ocr_par' dir='ltr' id='par_1_71' title="bbox 2008 2933 3582 3006">
     <span class='ocr_line' id='line_1_71' title="bbox 2008 2933 3582 3006; baseline -0.003 -16"><span class='ocrx_word' id='word_1_504' title='bbox 2008 2937 2108 2991; x_wconf 94' lang='lat' dir='ltr'><strong>hoc</strong></span> <span class='ocrx_word' id='word_1_505' title='bbox 2135 2945 2292 3006; x_wconf 88' lang='lat' dir='ltr'><strong>pacto</strong></span> <span class='ocrx_word' id='word_1_506' title='bbox 2320 2936 2458 2991; x_wconf 90' lang='lat' dir='ltr'><strong>Deus</strong></span> <span class='ocrx_word' id='word_1_507' title='bbox 2490 2949 2836 3004; x_wconf 85' lang='lat' dir='ltr'><strong>permanens,</strong></span> <span class='ocrx_word' id='word_1_508' title='bbox 2874 2943 2931 2989; x_wconf 90' lang='lat' dir='ltr'><strong>et</strong></span> <span class='ocrx_word' id='word_1_509' title='bbox 2970 2934 3104 2988; x_wconf 87' lang='lat' dir='ltr'><strong>nihil</strong></span> <span class='ocrx_word' id='word_1_510' title='bbox 3148 2948 3332 2988; x_wconf 88' lang='lat' dir='ltr'><strong>eorum</strong></span> <span class='ocrx_word' id='word_1_511' title='bbox 3361 2948 3483 3004; x_wconf 67' lang='lat' dir='ltr'><strong>quae</strong></span> <span class='ocrx_word' id='word_1_512' title='bbox 3515 2933 3582 2986; x_wconf 86' lang='lat' dir='ltr'><strong>ad</strong></span> 
     </span>
    </p>
   </div>
   <div class='ocr_carea' id='block_1_72' title="bbox 2009 3027 3580 3096">
    <p class='ocr_par' dir='ltr' id='par_1_72' title="bbox 2009 3027 3580 3096">
     <span class='ocr_line' id='line_1_72' title="bbox 2009 3027 3580 3096; baseline -0.003 -14"><span class='ocrx_word' id='word_1_513' title='bbox 2009 3030 2257 3083; x_wconf 66' lang='lat' dir='ltr'><strong>humanae</strong></span> <span class='ocrx_word' id='word_1_514' title='bbox 2280 3038 2487 3083; x_wconf 69' lang='lat' dir='ltr'><strong>natura:</strong></span> <span class='ocrx_word' id='word_1_515' title='bbox 2511 3027 2878 3083; x_wconf 90' lang='lat' dir='ltr'><strong>conditionem</strong></span> <span class='ocrx_word' id='word_1_516' title='bbox 2912 3027 3208 3096; x_wconf 87' lang='lat' dir='ltr'><strong>pertinent,</strong></span> <span class='ocrx_word' id='word_1_517' title='bbox 3238 3034 3580 3096; x_wconf 87' lang='lat' dir='ltr'><strong>aspernatus.</strong></span> 
     </span>
    </p>
   </div>
   <div class='ocr_carea' id='block_1_73' title="bbox 2007 3119 3582 3191">
    <p class='ocr_par' dir='ltr' id='par_1_73' title="bbox 2007 3119 3582 3191">
     <span class='ocr_line' id='line_1_73' title="bbox 2007 3119 3582 3191; baseline -0.002 -17"><span class='ocrx_word' id='word_1_518' title='bbox 2007 3121 2147 3175; x_wconf 89' lang='lat' dir='ltr'><strong>Sunt</strong></span> <span class='ocrx_word' id='word_1_519' title='bbox 2175 3121 2357 3191; x_wconf 89' lang='lat' dir='ltr'><strong>itaque</strong></span> <span class='ocrx_word' id='word_1_520' title='bbox 2391 3120 2536 3176; x_wconf 88' lang='lat' dir='ltr'><strong>illius</strong></span> <span class='ocrx_word' id='word_1_521' title='bbox 2569 3119 2774 3185; x_wconf 88' lang='lat' dir='ltr'><strong>omnia,</strong></span> <span class='ocrx_word' id='word_1_522' title='bbox 2809 3136 2915 3176; x_wconf 92' lang='lat' dir='ltr'><strong>non</strong></span> <span class='ocrx_word' id='word_1_523' title='bbox 2951 3119 3125 3175; x_wconf 88' lang='lat' dir='ltr'><strong>solum</strong></span> <span class='ocrx_word' id='word_1_524' title='bbox 3159 3119 3361 3184; x_wconf 84' lang='lat' dir='ltr'><strong>divina,</strong></span> <span class='ocrx_word' id='word_1_525' title='bbox 3396 3133 3582 3172; x_wconf 88' lang='lat' dir='ltr'><strong>vermn</strong></span> 
     </span>
    </p>
   </div>
   <div class='ocr_carea' id='block_1_74' title="bbox 2005 3210 3584 3281">
    <p class='ocr_par' dir='ltr' id='par_1_74' title="bbox 2005 3210 3584 3281">
     <span class='ocr_line' id='line_1_74' title="bbox 2005 3210 3584 3281; baseline -0.002 -15"><span class='ocrx_word' id='word_1_526' title='bbox 2005 3213 2168 3266; x_wconf 86' lang='lat' dir='ltr'><strong>etiam</strong></span> <span class='ocrx_word' id='word_1_527' title='bbox 2200 3213 2456 3268; x_wconf 89' lang='lat' dir='ltr'><strong>humana.</strong></span> <span class='ocrx_word' id='word_1_528' title='bbox 2484 3213 2599 3279; x_wconf 86' lang='lat' dir='ltr'><strong>Qua</strong></span> <span class='ocrx_word' id='word_1_529' title='bbox 2629 3213 2772 3268; x_wconf 90' lang='lat' dir='ltr'><strong>enim</strong></span> <span class='ocrx_word' id='word_1_530' title='bbox 2806 3212 3013 3268; x_wconf 87' lang='lat' dir='ltr'><strong>ratione</strong></span> <span class='ocrx_word' id='word_1_531' title='bbox 3042 3227 3100 3267; x_wconf 88' lang='lat' dir='ltr'><strong>se</strong></span> <span class='ocrx_word' id='word_1_532' title='bbox 3127 3211 3300 3281; x_wconf 92' lang='lat' dir='ltr'><strong>ipsum</strong></span> <span class='ocrx_word' id='word_1_533' title='bbox 3331 3210 3584 3266; x_wconf 59' lang='lat' dir='ltr'><strong>exinanio</strong></span> 
     </span>
    </p>
   </div>
   <div class='ocr_carea' id='block_1_75' title="bbox 2006 3301 3582 3376">
    <p class='ocr_par' dir='ltr' id='par_1_75' title="bbox 2006 3301 3582 3376">
     <span class='ocr_line' id='line_1_75' title="bbox 2006 3301 3582 3376; baseline -0.001 -20"><span class='ocrx_word' id='word_1_534' title='bbox 2006 3303 2103 3370; x_wconf 90' lang='lat' dir='ltr'><strong>vit,</strong></span> <span class='ocrx_word' id='word_1_535' title='bbox 2135 3305 2181 3360; x_wconf 90' lang='lat' dir='ltr'><strong>si</strong></span> <span class='ocrx_word' id='word_1_536' title='bbox 2231 3306 2482 3360; x_wconf 74' lang='lat' dir='ltr'><strong>humanae</strong></span> <span class='ocrx_word' id='word_1_537' title='bbox 2529 3315 2736 3361; x_wconf 83' lang='lat' dir='ltr'><strong>naturae</strong></span> <span class='ocrx_word' id='word_1_538' title='bbox 2769 3316 2952 3376; x_wconf 85' lang='lat' dir='ltr'><strong>partes</strong></span> <span class='ocrx_word' id='word_1_539' title='bbox 2986 3305 3245 3360; x_wconf 87' lang='lat' dir='ltr'><strong>erubuit?</strong></span> <span class='ocrx_word' id='word_1_540' title='bbox 3275 3301 3340 3358; x_wconf 85' lang='lat' dir='ltr'><strong>Et</strong></span> <span class='ocrx_word' id='word_1_541' title='bbox 3390 3305 3433 3358; x_wconf 93' lang='lat' dir='ltr'><strong>si</strong></span> <span class='ocrx_word' id='word_1_542' title='bbox 3483 3305 3582 3357; x_wconf 85' lang='lat' dir='ltr'><strong>hu-</strong></span> 
     </span>
    </p>
   </div>
   <div class='ocr_carea' id='block_1_76' title="bbox 2009 3394 3585 3466">
    <p class='ocr_par' dir='ltr' id='par_1_76' title="bbox 2009 3394 3585 3466">
     <span class='ocr_line' id='line_1_76' title="bbox 2009 3394 3585 3466; baseline 0 -18"><span class='ocrx_word' id='word_1_543' title='bbox 2009 3410 2166 3448; x_wconf 89' lang='lat' dir='ltr'><strong>rnana</strong></span> <span class='ocrx_word' id='word_1_544' title='bbox 2196 3406 2476 3451; x_wconf 85' lang='lat' dir='ltr'><strong>aversatus</strong></span> <span class='ocrx_word' id='word_1_545' title='bbox 2515 3407 2618 3460; x_wconf 89' lang='lat' dir='ltr'><strong>est,</strong></span> <span class='ocrx_word' id='word_1_546' title='bbox 2643 3396 2765 3466; x_wconf 92' lang='lat' dir='ltr'><strong>quis</strong></span> <span class='ocrx_word' id='word_1_547' title='bbox 2794 3396 2940 3450; x_wconf 91' lang='lat' dir='ltr'><strong>illum</strong></span> <span class='ocrx_word' id='word_1_548' title='bbox 2970 3403 3226 3464; x_wconf 85' lang='lat' dir='ltr'><strong>tanquam</strong></span> <span class='ocrx_word' id='word_1_549' title='bbox 3259 3394 3585 3449; x_wconf 82' lang='lat' dir='ltr'><strong>necessitate</strong></span> 
     </span>
    </p>
   </div>
   <div class='ocr_carea' id='block_1_77' title="bbox 2007 3485 3582 3556">
    <p class='ocr_par' dir='ltr' id='par_1_77' title="bbox 2007 3485 3582 3556">
     <span class='ocr_line' id='line_1_77' title="bbox 2007 3485 3582 3556; baseline -0.001 -17"><span class='ocrx_word' id='word_1_550' title='bbox 2007 3496 2103 3540; x_wconf 87' lang='lat' dir='ltr'><strong>aut</strong></span> <span class='ocrx_word' id='word_1_551' title='bbox 2123 3487 2178 3542; x_wconf 88' lang='lat' dir='ltr'><strong>vi</strong></span> <span class='ocrx_word' id='word_1_552' title='bbox 2206 3487 2271 3542; x_wconf 88' lang='lat' dir='ltr'><strong>ad</strong></span> <span class='ocrx_word' id='word_1_553' title='bbox 2297 3489 2400 3543; x_wconf 91' lang='lat' dir='ltr'><strong>hoc</strong></span> <span class='ocrx_word' id='word_1_554' title='bbox 2429 3488 2662 3556; x_wconf 91' lang='lat' dir='ltr'><strong>impulit,</strong></span> <span class='ocrx_word' id='word_1_555' title='bbox 2693 3495 2750 3541; x_wconf 92' lang='lat' dir='ltr'><strong>ut</strong></span> <span class='ocrx_word' id='word_1_556' title='bbox 2774 3487 2930 3543; x_wconf 90' lang='lat' dir='ltr'><strong>nobis</strong></span> <span class='ocrx_word' id='word_1_557' title='bbox 2951 3487 3146 3542; x_wconf 90' lang='lat' dir='ltr'><strong>similis</strong></span> <span class='ocrx_word' id='word_1_558' title='bbox 3170 3485 3358 3541; x_wconf 81' lang='lat' dir='ltr'><strong>ﬁeret?</strong></span> <span class='ocrx_word' id='word_1_559' title='bbox 3381 3485 3582 3541; x_wconf 82' lang='lat' dir='ltr'><strong>Omnes</strong></span> 
     </span>
    </p>
   </div>
   <div class='ocr_carea' id='block_1_78' title="bbox 2009 3578 3584 3650">
    <p class='ocr_par' dir='ltr' id='par_1_78' title="bbox 2009 3578 3584 3650">
     <span class='ocr_line' id='line_1_78' title="bbox 2009 3578 3584 3650; baseline 0 -18"><span class='ocrx_word' id='word_1_560' title='bbox 2009 3578 2194 3646; x_wconf 88' lang='lat' dir='ltr'><strong>itaque</strong></span> <span class='ocrx_word' id='word_1_561' title='bbox 2242 3581 2517 3650; x_wconf 80' lang='lat' dir='ltr'><strong>Evangelii</strong></span> <span class='ocrx_word' id='word_1_562' title='bbox 2564 3595 2746 3646; x_wconf 90' lang='lat' dir='ltr'><strong>voces,</strong></span> <span class='ocrx_word' id='word_1_563' title='bbox 2797 3582 2911 3635; x_wconf 89' lang='lat' dir='ltr'><strong>sive</strong></span> <span class='ocrx_word' id='word_1_564' title='bbox 2964 3580 3069 3635; x_wconf 69' lang='lat' dir='ltr'><strong>illa:</strong></span> <span class='ocrx_word' id='word_1_565' title='bbox 3113 3580 3409 3634; x_wconf 90' lang='lat' dir='ltr'><strong>humanum</strong></span> <span class='ocrx_word' id='word_1_566' title='bbox 3453 3581 3584 3649; x_wconf 77' lang='lat' dir='ltr'><strong>quid</strong></span> 
     </span>
    </p>
   </div>
   <div class='ocr_carea' id='block_1_79' title="bbox 2009 3671 3583 3741">
    <p class='ocr_par' dir='ltr' id='par_1_79' title="bbox 2009 3671 3583 3741">
     <span class='ocr_line' id='line_1_79' title="bbox 2009 3671 3583 3741; baseline -0.002 -16"><span class='ocrx_word' id='word_1_567' title='bbox 2009 3680 2227 3736; x_wconf 87' lang='lat' dir='ltr'><strong>sonant,</strong></span> <span class='ocrx_word' id='word_1_568' title='bbox 2260 3673 2376 3727; x_wconf 88' lang='lat' dir='ltr'><strong>sive</strong></span> <span class='ocrx_word' id='word_1_569' title='bbox 2405 3673 2669 3736; x_wconf 88' lang='lat' dir='ltr'><strong>divinum,</strong></span> <span class='ocrx_word' id='word_1_570' title='bbox 2708 3671 2798 3725; x_wconf 92' lang='lat' dir='ltr'><strong>uni</strong></span> <span class='ocrx_word' id='word_1_571' title='bbox 2828 3686 3072 3741; x_wconf 79' lang='lat' dir='ltr'><strong>persona:</strong></span> <span class='ocrx_word' id='word_1_572' title='bbox 3104 3672 3432 3726; x_wconf 89' lang='lat' dir='ltr'><strong>tribuimus:</strong></span> <span class='ocrx_word' id='word_1_573' title='bbox 3459 3686 3583 3724; x_wconf 82' lang='lat' dir='ltr'><strong>nam</strong></span> 
     </span>
    </p>
   </div>
   <div class='ocr_carea' id='block_1_80' title="bbox 2009 3760 3588 3827">
    <p class='ocr_par' dir='ltr' id='par_1_80' title="bbox 2009 3760 3588 3827">
     <span class='ocr_line' id='line_1_80' title="bbox 2009 3760 3588 3827; baseline -0.005 -7"><span class='ocrx_word' id='word_1_574' title='bbox 2009 3771 2062 3820; x_wconf 87' lang='lat' dir='ltr'><strong>et</strong></span> <span class='ocrx_word' id='word_1_575' title='bbox 2087 3763 2361 3818; x_wconf 87' lang='lat' dir='ltr'><strong>Christum</strong></span> <span class='ocrx_word' id='word_1_576' title='bbox 2397 3760 2604 3827; x_wconf 87' lang='lat' dir='ltr'><strong>Jesum,</strong></span> <span class='ocrx_word' id='word_1_577' title='bbox 2639 3763 2738 3816; x_wconf 93' lang='lat' dir='ltr'><strong>hoe</strong></span> <span class='ocrx_word' id='word_1_578' title='bbox 2769 3770 2853 3814; x_wconf 91' lang='lat' dir='ltr'><strong>est</strong></span> <span class='ocrx_word' id='word_1_579' title='bbox 2885 3761 3295 3815; x_wconf 87' lang='lat' dir='ltr'><strong>inhumanatutn</strong></span> <span class='ocrx_word' id='word_1_580' title='bbox 3329 3770 3382 3815; x_wconf 90' lang='lat' dir='ltr'><strong>et</strong></span> <span class='ocrx_word' id='word_1_581' title='bbox 3410 3760 3588 3814; x_wconf 79' lang='lat' dir='ltr'><strong>incar-</strong></span> 
     </span>
    </p>
   </div>
   <div class='ocr_carea' id='block_1_81' title="bbox 2009 3851 3581 3917">
    <p class='ocr_par' dir='ltr' id='par_1_81' title="bbox 2009 3851 3581 3917">
     <span class='ocr_line' id='line_1_81' title="bbox 2009 3851 3581 3917; baseline -0.002 -8"><span class='ocrx_word' id='word_1_582' title='bbox 2009 3865 2194 3910; x_wconf 90' lang='lat' dir='ltr'><strong>natum</strong></span> <span class='ocrx_word' id='word_1_583' title='bbox 2235 3855 2326 3910; x_wconf 91' lang='lat' dir='ltr'><strong>Dei</strong></span> <span class='ocrx_word' id='word_1_584' title='bbox 2358 3854 2620 3917; x_wconf 82' lang='lat' dir='ltr'><strong>Verbum,</strong></span> <span class='ocrx_word' id='word_1_585' title='bbox 2673 3868 2836 3906; x_wconf 89' lang='lat' dir='ltr'><strong>unum</strong></span> <span class='ocrx_word' id='word_1_586' title='bbox 2877 3851 3074 3907; x_wconf 87' lang='lat' dir='ltr'><strong>Filium</strong></span> <span class='ocrx_word' id='word_1_587' title='bbox 3122 3868 3266 3908; x_wconf 88' lang='lat' dir='ltr'><strong>esse-</strong></span> <span class='ocrx_word' id='word_1_588' title='bbox 3293 3852 3581 3907; x_wconf 78' lang='lat' dir='ltr'><strong>credimus.</strong></span> 
     </span>
    </p>
   </div>
   <div class='ocr_carea' id='block_1_82' title="bbox 2009 3941 3588 4015">
    <p class='ocr_par' dir='ltr' id='par_1_82' title="bbox 2009 3941 3588 4015">
     <span class='ocr_line' id='line_1_82' title="bbox 2009 3941 3588 4015; baseline -0.003 -17"><span class='ocrx_word' id='word_1_589' title='bbox 2009 3946 2186 4011; x_wconf 76' lang='lat' dir='ltr'><strong>Quare</strong></span> <span class='ocrx_word' id='word_1_590' title='bbox 2217 3945 2261 4000; x_wconf 89' lang='lat' dir='ltr'><strong>si</strong></span> <span class='ocrx_word' id='word_1_591' title='bbox 2289 3945 2415 4015; x_wconf 89' lang='lat' dir='ltr'><strong>quid</strong></span> <span class='ocrx_word' id='word_1_592' title='bbox 2454 3945 2750 3998; x_wconf 89' lang='lat' dir='ltr'><strong>humanum</strong></span> <span class='ocrx_word' id='word_1_593' title='bbox 2783 3941 3062 4011; x_wconf 60' lang='lat' dir='ltr'><strong>praedicat,</strong></span> <span class='ocrx_word' id='word_1_594' title='bbox 3097 3943 3196 3996; x_wconf 92' lang='lat' dir='ltr'><strong>hoc</strong></span> <span class='ocrx_word' id='word_1_595' title='bbox 3228 3942 3293 3995; x_wconf 90' lang='lat' dir='ltr'><strong>ad</strong></span> <span class='ocrx_word' id='word_1_596' title='bbox 3335 3942 3588 3995; x_wconf 90' lang='lat' dir='ltr'><strong>humani-</strong></span> 
     </span>
    </p>
   </div>
   <div class='ocr_carea' id='block_1_83' title="bbox 2010 4032 3589 4106">
    <p class='ocr_par' dir='ltr' id='par_1_83' title="bbox 2010 4032 3589 4106">
     <span class='ocr_line' id='line_1_83' title="bbox 2010 4032 3589 4106; baseline -0.006 -12"><span class='ocrx_word' id='word_1_597' title='bbox 2010 4041 2136 4094; x_wconf 88' lang='lat' dir='ltr'><strong>tatis</strong></span> <span class='ocrx_word' id='word_1_598' title='bbox 2165 4037 2282 4106; x_wconf 89' lang='lat' dir='ltr'><strong>ejus</strong></span> <span class='ocrx_word' id='word_1_599' title='bbox 2312 4036 2679 4091; x_wconf 89' lang='lat' dir='ltr'><strong>conditionem</strong></span> <span class='ocrx_word' id='word_1_600' title='bbox 2711 4033 3106 4088; x_wconf 79' lang='lat' dir='ltr'><strong>transferemus</strong></span> <span class='ocrx_word' id='word_1_601' title='bbox 3135 4032 3241 4103; x_wconf 90' lang='lat' dir='ltr'><strong>(est</strong></span> <span class='ocrx_word' id='word_1_602' title='bbox 3271 4032 3416 4085; x_wconf 93' lang='lat' dir='ltr'><strong>enim</strong></span> <span class='ocrx_word' id='word_1_603' title='bbox 3448 4033 3589 4086; x_wconf 88' lang='lat' dir='ltr'><strong>illius</strong></span> 
     </span>
    </p>
   </div>
   <div class='ocr_carea' id='block_1_84' title="bbox 2007 4124 3592 4199">
    <p class='ocr_par' dir='ltr' id='par_1_84' title="bbox 2007 4124 3592 4199">
     <span class='ocr_line' id='line_1_84' title="bbox 2007 4124 3592 4199; baseline -0.004 -14"><span class='ocrx_word' id='word_1_604' title='bbox 2007 4139 2062 4185; x_wconf 90' lang='lat' dir='ltr'><strong>et</strong></span> <span class='ocrx_word' id='word_1_605' title='bbox 2114 4131 2226 4199; x_wconf 89' lang='lat' dir='ltr'><strong>ipsa</strong></span> <span class='ocrx_word' id='word_1_606' title='bbox 2279 4141 2495 4198; x_wconf 78' lang='lat' dir='ltr'><strong>quoque</strong></span> <span class='ocrx_word' id='word_1_607' title='bbox 2549 4125 2916 4196; x_wconf 88' lang='lat' dir='ltr'><strong>humanitas);</strong></span> <span class='ocrx_word' id='word_1_608' title='bbox 2971 4126 3014 4179; x_wconf 92' lang='lat' dir='ltr'><strong>si</strong></span> <span class='ocrx_word' id='word_1_609' title='bbox 3064 4139 3190 4179; x_wconf 87' lang='lat' dir='ltr'><strong>vero</strong></span> <span class='ocrx_word' id='word_1_610' title='bbox 3232 4124 3484 4193; x_wconf 86' lang='lat' dir='ltr'><strong>loquatur</strong></span> <span class='ocrx_word' id='word_1_611' title='bbox 3533 4135 3592 4178; x_wconf 88' lang='lat' dir='ltr'><strong>ut</strong></span> 
     </span>
    </p>
   </div>
   <div class='ocr_carea' id='block_1_85' title="bbox 2010 4214 3591 4285">
    <p class='ocr_par' dir='ltr' id='par_1_85' title="bbox 2010 4214 3591 4285">
     <span class='ocr_line' id='line_1_85' title="bbox 2010 4214 3591 4285; baseline -0.004 -11"><span class='ocrx_word' id='word_1_612' title='bbox 2010 4221 2171 4284; x_wconf 89' lang='lat' dir='ltr'><strong>Deus,</strong></span> <span class='ocrx_word' id='word_1_613' title='bbox 2225 4220 2315 4274; x_wconf 91' lang='lat' dir='ltr'><strong>uni</strong></span> <span class='ocrx_word' id='word_1_614' title='bbox 2368 4233 2583 4273; x_wconf 89' lang='lat' dir='ltr'><strong>rursum</strong></span> <span class='ocrx_word' id='word_1_615' title='bbox 2636 4217 2858 4272; x_wconf 84' lang='lat' dir='ltr'><strong>Christo</strong></span> <span class='ocrx_word' id='word_1_616' title='bbox 2904 4225 2958 4271; x_wconf 87' lang='lat' dir='ltr'><strong>et</strong></span> <span class='ocrx_word' id='word_1_617' title='bbox 3008 4215 3144 4271; x_wconf 88' lang='lat' dir='ltr'><strong>Filio</strong></span> <span class='ocrx_word' id='word_1_618' title='bbox 3193 4214 3591 4285; x_wconf 82' lang='lat' dir='ltr'><strong>assignabimns</strong></span> 
     </span>
    </p>
   </div>
   <div class='ocr_carea' id='block_1_86' title="bbox 2009 4305 3590 4380">
    <p class='ocr_par' dir='ltr' id='par_1_86' title="bbox 2009 4305 3590 4380">
     <span class='ocr_line' id='line_1_86' title="bbox 2009 4305 3590 4380; baseline -0.003 -17"><span class='ocrx_word' id='word_1_619' title='bbox 2009 4325 2170 4366; x_wconf 80' lang='lat' dir='ltr'><strong>voces</strong></span> <span class='ocrx_word' id='word_1_620' title='bbox 2199 4324 2363 4380; x_wconf 86' lang='lat' dir='ltr'><strong>supra</strong></span> <span class='ocrx_word' id='word_1_621' title='bbox 2399 4317 2648 4362; x_wconf 87' lang='lat' dir='ltr'><strong>naturam</strong></span> <span class='ocrx_word' id='word_1_622' title='bbox 2685 4307 2942 4371; x_wconf 88' lang='lat' dir='ltr'><strong>hominis,</strong></span> <span class='ocrx_word' id='word_1_623' title='bbox 2976 4305 3145 4361; x_wconf 87' lang='lat' dir='ltr'><strong>Deunt</strong></span> <span class='ocrx_word' id='word_1_624' title='bbox 3175 4306 3590 4360; x_wconf 86' lang='lat' dir='ltr'><strong>inhutnanattnn</strong></span> 
     </span>
    </p>
   </div>
   <div class='ocr_carea' id='block_1_87' title="bbox 327 4394 1900 4470">
    <p class='ocr_par' dir='ltr' id='par_1_87' title="bbox 327 4394 1900 4470">
     <span class='ocr_line' id='line_1_87' title="bbox 327 4394 1900 4470; baseline 0.002 -23"><span class='ocrx_word' id='word_1_625' title='bbox 327 4394 438 4464; x_wconf 85' lang='grc' dir='ltr'>στῷ</span> <span class='ocrx_word' id='word_1_626' title='bbox 483 4397 578 4448; x_wconf 79' lang='grc' dir='ltr'><strong>καὶ</strong></span> <span class='ocrx_word' id='word_1_627' title='bbox 600 4395 714 4465; x_wconf 81' lang='grc' dir='ltr'><strong>Υίῷ</strong></span> <span class='ocrx_word' id='word_1_628' title='bbox 738 4397 837 4456; x_wconf 85' lang='grc' dir='ltr'><strong>τάς</strong></span> <span class='ocrx_word' id='word_1_629' title='bbox 861 4396 998 4465; x_wconf 84' lang='grc' dir='ltr'>ὑπὲρ</span> <span class='ocrx_word' id='word_1_630' title='bbox 1017 4397 1305 4468; x_wconf 83' lang='grc' dir='ltr'><strong>ἀνθρώπου</strong></span> <span class='ocrx_word' id='word_1_631' title='bbox 1320 4396 1480 4465; x_wconf 82' lang='grc' dir='ltr'>φύσιν</span> <span class='ocrx_word' id='word_1_632' title='bbox 1491 4397 1900 4470; x_wconf 75' lang='grc' dir='ltr'><strong>προσνεμοῦμεν</strong></span> 
     </span>
    </p>
   </div>
   <div class='ocr_carea' id='block_1_88' title="bbox 2005 4394 3592 4470">
    <p class='ocr_par' dir='ltr' id='par_1_88' title="bbox 2014 4396 3592 4464">
     <span class='ocr_line' id='line_1_88' title="bbox 2014 4396 3592 4464; baseline -0.004 -10"><span class='ocrx_word' id='word_1_633' title='bbox 2014 4400 2162 4454; x_wconf 90' lang='lat' dir='ltr'><strong>illum</strong></span> <span class='ocrx_word' id='word_1_634' title='bbox 2199 4414 2319 4454; x_wconf 86' lang='lat' dir='ltr'><strong>esse</strong></span> <span class='ocrx_word' id='word_1_635' title='bbox 2368 4399 2672 4454; x_wconf 85' lang='lat' dir='ltr'><strong>credentes.</strong></span> <span class='ocrx_word' id='word_1_636' title='bbox 2713 4398 2812 4464; x_wconf 86' lang='lat' dir='ltr'><strong>Qui</strong></span> <span class='ocrx_word' id='word_1_637' title='bbox 2857 4413 2983 4452; x_wconf 84' lang='lat' dir='ltr'><strong>vero</strong></span> <span class='ocrx_word' id='word_1_638' title='bbox 3027 4397 3172 4450; x_wconf 90' lang='lat' dir='ltr'><strong>illum</strong></span> <span class='ocrx_word' id='word_1_639' title='bbox 3220 4396 3272 4450; x_wconf 92' lang='lat' dir='ltr'><strong>in</strong></span> <span class='ocrx_word' id='word_1_640' title='bbox 3310 4396 3442 4449; x_wconf 86' lang='lat' dir='ltr'><strong>duas</strong></span> <span class='ocrx_word' id='word_1_641' title='bbox 3473 4412 3592 4464; x_wconf 80' lang='lat' dir='ltr'><strong>pcr-</strong></span> 
     </span>
    </p>
   </div>
   <div class='ocr_carea' id='block_1_89' title="bbox 326 4485 1905 4558">
    <p class='ocr_par' dir='ltr' id='par_1_89' title="bbox 326 4485 1905 4558">
     <span class='ocr_line' id='line_1_89' title="bbox 326 4485 1905 4558; baseline 0.001 -20"><span class='ocrx_word' id='word_1_642' title='bbox 326 4485 536 4554; x_wconf 80' lang='grc' dir='ltr'><strong>φωνάς.</strong></span> <span class='ocrx_word' id='word_1_643' title='bbox 566 4485 633 4539; x_wconf 81' lang='grc' dir='ltr'><strong>Οἱ</strong></span> <span class='ocrx_word' id='word_1_644' title='bbox 661 4485 717 4537; x_wconf 84' lang='grc' dir='ltr'><strong>δὲ</strong></span> <span class='ocrx_word' id='word_1_645' title='bbox 749 4486 1055 4549; x_wconf 87' lang='grc' dir='ltr'><strong>διιστάντες</strong></span> <span class='ocrx_word' id='word_1_646' title='bbox 1088 4488 1169 4551; x_wconf 79' lang='grc' dir='ltr'><strong>είς</strong></span> <span class='ocrx_word' id='word_1_647' title='bbox 1215 4487 1309 4541; x_wconf 84' lang='grc' dir='ltr'>δύο</span> <span class='ocrx_word' id='word_1_648' title='bbox 1360 4488 1648 4558; x_wconf 87' lang='grc' dir='ltr'><strong>πρόσωπα,</strong></span> <span class='ocrx_word' id='word_1_649' title='bbox 1680 4488 1774 4541; x_wconf 85' lang='grc' dir='ltr'><strong>δύο</strong></span> <span class='ocrx_word' id='word_1_650' title='bbox 1800 4504 1905 4540; x_wconf 84' lang='grc' dir='ltr'>που</span> 
     </span>
    </p>
   </div>
   <div class='ocr_carea' id='block_1_90' title="bbox 325 4573 1906 4648">
    <p class='ocr_par' dir='ltr' id='par_1_90' title="bbox 325 4573 1906 4648">
     <span class='ocr_line' id='line_1_90' title="bbox 325 4573 1906 4648; baseline 0.003 -24"><span class='ocrx_word' id='word_1_651' title='bbox 325 4573 544 4637; x_wconf 82' lang='grc' dir='ltr'><strong>πάντως</strong></span> <span class='ocrx_word' id='word_1_652' title='bbox 577 4573 884 4627; x_wconf 78' lang='grc' dir='ltr'>ἐπινοοῦσιν</span> <span class='ocrx_word' id='word_1_653' title='bbox 914 4575 1083 4638; x_wconf 82' lang='grc' dir='ltr'><strong>υἱούς.</strong></span> <span class='ocrx_word' id='word_1_654' title='bbox 1114 4577 1326 4646; x_wconf 85' lang='grc' dir='ltr'>Ὥσπερ</span> <span class='ocrx_word' id='word_1_655' title='bbox 1355 4576 1464 4648; x_wconf 81' lang='grc' dir='ltr'><strong>γὰρ</strong></span> <span class='ocrx_word' id='word_1_656' title='bbox 1497 4577 1588 4630; x_wconf 78' lang='grc' dir='ltr'><strong>τὸν</strong></span> <span class='ocrx_word' id='word_1_657' title='bbox 1615 4575 1736 4629; x_wconf 83' lang='grc' dir='ltr'><strong>καθ’</strong></span> <span class='ocrx_word' id='word_1_658' title='bbox 1760 4576 1906 4646; x_wconf 75' lang='grc' dir='ltr'><strong>ἡμᾶς</strong></span> 
     </span>
    </p>
   </div>
   <div class='ocr_carea' id='block_1_91' title="bbox 324 4666 1904 4740">
    <p class='ocr_par' dir='ltr' id='par_1_91' title="bbox 324 4666 1904 4740">
     <span class='ocr_line' id='line_1_91' title="bbox 324 4666 1904 4740; baseline 0.001 -21"><span class='ocrx_word' id='word_1_659' title='bbox 324 4666 613 4737; x_wconf 82' lang='grc' dir='ltr'><strong>ἄνθρωπον</strong></span> <span class='ocrx_word' id='word_1_660' title='bbox 656 4667 756 4720; x_wconf 82' lang='grc' dir='ltr'><strong>οὐκ</strong></span> <span class='ocrx_word' id='word_1_661' title='bbox 791 4668 871 4730; x_wconf 86' lang='grc' dir='ltr'><strong>εἰς</strong></span> <span class='ocrx_word' id='word_1_662' title='bbox 905 4667 999 4719; x_wconf 81' lang='grc' dir='ltr'><strong>δύο</strong></span> <span class='ocrx_word' id='word_1_663' title='bbox 1044 4668 1316 4738; x_wconf 80' lang='grc' dir='ltr'><strong>πρόσωπα</strong></span> <span class='ocrx_word' id='word_1_664' title='bbox 1348 4669 1676 4740; x_wconf 85' lang='grc' dir='ltr'><strong>διαιρεῖσθαι</strong></span> <span class='ocrx_word' id='word_1_665' title='bbox 1711 4669 1904 4739; x_wconf 78' lang='grc' dir='ltr'><strong>θέμις,</strong></span> 
     </span>
    </p>
   </div>
   <div class='ocr_carea' id='block_1_92' title="bbox 323 4755 1908 4830">
    <p class='ocr_par' dir='ltr' id='par_1_92' title="bbox 323 4755 1908 4830">
     <span class='ocr_line' id='line_1_92' title="bbox 323 4755 1908 4830; baseline 0.002 -21"><span class='ocrx_word' id='word_1_666' title='bbox 323 4756 427 4810; x_wconf 81' lang='grc' dir='ltr'><strong>κᾶν</strong></span> <span class='ocrx_word' id='word_1_667' title='bbox 461 4759 525 4810; x_wconf 81' lang='grc' dir='ltr'><strong>ὲκ</strong></span> <span class='ocrx_word' id='word_1_668' title='bbox 554 4757 738 4827; x_wconf 81' lang='grc' dir='ltr'>ψυχῆς</span> <span class='ocrx_word' id='word_1_669' title='bbox 763 4761 940 4810; x_wconf 89' lang='grc' dir='ltr'>νοοῖτο</span> <span class='ocrx_word' id='word_1_670' title='bbox 973 4759 1066 4812; x_wconf 75' lang='grc' dir='ltr'><strong>καὶ</strong></span> <span class='ocrx_word' id='word_1_671' title='bbox 1097 4758 1372 4830; x_wconf 83' lang='grc' dir='ltr'><strong>σώματος,</strong></span> <span class='ocrx_word' id='word_1_672' title='bbox 1412 4760 1526 4812; x_wconf 84' lang='grc' dir='ltr'><strong>ἀλλ’</strong></span> <span class='ocrx_word' id='word_1_673' title='bbox 1552 4755 1632 4823; x_wconf 74' lang='grc' dir='ltr'><strong>εἷς</strong></span> <span class='ocrx_word' id='word_1_674' title='bbox 1657 4763 1794 4823; x_wconf 76' lang='grc' dir='ltr'>ἐστι,</span> <span class='ocrx_word' id='word_1_675' title='bbox 1814 4760 1908 4812; x_wconf 83' lang='grc' dir='ltr'><strong>καὶ</strong></span> 
     </span>
    </p>
   </div>
   <div class='ocr_carea' id='block_1_93' title="bbox 322 4848 1898 4922">
    <p class='ocr_par' dir='ltr' id='par_1_93' title="bbox 322 4848 1898 4922">
     <span class='ocr_line' id='line_1_93' title="bbox 322 4848 1898 4922; baseline 0.003 -21"><span class='ocrx_word' id='word_1_676' title='bbox 322 4851 351 4901; x_wconf 82' lang='grc' dir='ltr'>ὁ</span> <span class='ocrx_word' id='word_1_677' title='bbox 383 4849 546 4912; x_wconf 79' lang='grc' dir='ltr'><strong>αὐτὸς</strong></span> <span class='ocrx_word' id='word_1_678' title='bbox 577 4848 868 4920; x_wconf 75' lang='grc' dir='ltr'><strong>ἄνθρωπος</strong></span> <span class='ocrx_word' id='word_1_679' title='bbox 894 4891 909 4915; x_wconf 92' lang='grc'>,</span> <span class='ocrx_word' id='word_1_680' title='bbox 945 4849 1086 4904; x_wconf 70' lang='grc' dir='ltr'>οὕτω</span> <span class='ocrx_word' id='word_1_681' title='bbox 1125 4853 1219 4903; x_wconf 75' lang='grc' dir='ltr'><strong>καὶ</strong></span> <span class='ocrx_word' id='word_1_682' title='bbox 1259 4852 1352 4903; x_wconf 76' lang='grc' dir='ltr'><strong>ἐπὶ</strong></span> <span class='ocrx_word' id='word_1_683' title='bbox 1397 4851 1491 4904; x_wconf 80' lang='grc' dir='ltr'><strong>τοῦ</strong></span> <span class='ocrx_word' id='word_1_684' title='bbox 1532 4851 1898 4922; x_wconf 75' lang='grc' dir='ltr'><strong>Ἐμμανουήλ.</strong></span> 
     </span>
    </p>
   </div>
   <div class='ocr_carea' id='block_1_94' title="bbox 337 4936 1901 5012">
    <p class='ocr_par' dir='ltr' id='par_1_94' title="bbox 337 4936 1901 5012">
     <span class='ocr_line' id='line_1_94' title="bbox 337 4936 1901 5012; baseline 0.001 -18"><span class='ocrx_word' id='word_1_685' title='bbox 337 4941 556 5011; x_wconf 85' lang='grc' dir='ltr'>Ἐπειδὴ</span> <span class='ocrx_word' id='word_1_686' title='bbox 587 4941 694 5012; x_wconf 89' lang='grc' dir='ltr'><strong>γάρ</strong></span> <span class='ocrx_word' id='word_1_687' title='bbox 719 4942 869 4995; x_wconf 80' lang='grc' dir='ltr'>ἐστιν</span> <span class='ocrx_word' id='word_1_688' title='bbox 902 4936 980 5004; x_wconf 77' lang='grc' dir='ltr'>εἷς</span> <span class='ocrx_word' id='word_1_689' title='bbox 1010 4943 1136 5006; x_wconf 81' lang='grc' dir='ltr'><strong>Υἱὸς</strong></span> <span class='ocrx_word' id='word_1_690' title='bbox 1185 4943 1278 4996; x_wconf 76' lang='grc' dir='ltr'><strong>καὶ</strong></span> <span class='ocrx_word' id='word_1_691' title='bbox 1303 4943 1527 5012; x_wconf 82' lang='grc' dir='ltr'><strong>Κύριος,</strong></span> <span class='ocrx_word' id='word_1_692' title='bbox 1562 4947 1590 4995; x_wconf 84' lang='grc' dir='ltr'>ὁ</span> <span class='ocrx_word' id='word_1_693' title='bbox 1621 4961 1901 5012; x_wconf 83' lang='grc' dir='ltr'><strong>σεσαρκω-</strong></span> 
     </span>
    </p>
   </div>
   <div class='ocr_carea' id='block_1_95' title="bbox 326 5031 1900 5104">
    <p class='ocr_par' dir='ltr' id='par_1_95' title="bbox 326 5031 1900 5104">
     <span class='ocr_line' id='line_1_95' title="bbox 326 5031 1900 5104; baseline 0.002 -21"><span class='ocrx_word' id='word_1_694' title='bbox 326 5031 490 5102; x_wconf 80' lang='grc' dir='ltr'><strong>μένος</strong></span> <span class='ocrx_word' id='word_1_695' title='bbox 522 5032 617 5084; x_wconf 76' lang='grc' dir='ltr'><strong>καὶ</strong></span> <span class='ocrx_word' id='word_1_696' title='bbox 673 5032 1104 5104; x_wconf 73' lang='grc' dir='ltr'><strong>ἐνανθρωπήσας</strong></span> <span class='ocrx_word' id='word_1_697' title='bbox 1137 5035 1232 5088; x_wconf 87' lang='grc' dir='ltr'>τοῦ</span> <span class='ocrx_word' id='word_1_698' title='bbox 1263 5033 1396 5088; x_wconf 84' lang='grc' dir='ltr'>Θεοῦ</span> <span class='ocrx_word' id='word_1_699' title='bbox 1418 5035 1607 5104; x_wconf 77' lang='grc' dir='ltr'><strong>Λόγος,</strong></span> <span class='ocrx_word' id='word_1_700' title='bbox 1641 5035 1696 5086; x_wconf 83' lang='grc' dir='ltr'><strong>ἓν</strong></span> <span class='ocrx_word' id='word_1_701' title='bbox 1736 5035 1900 5088; x_wconf 86' lang='grc' dir='ltr'>αὑτοῦ</span> 
     </span>
    </p>
   </div>
   <div class='ocr_carea' id='block_1_96' title="bbox 323 5124 1900 5199">
    <p class='ocr_par' dir='ltr' id='par_1_96' title="bbox 323 5124 1900 5199">
     <span class='ocr_line' id='line_1_96' title="bbox 323 5124 1900 5199; baseline 0.003 -23"><span class='ocrx_word' id='word_1_702' title='bbox 323 5124 543 5187; x_wconf 80' lang='grc' dir='ltr'><strong>πάντως</strong></span> <span class='ocrx_word' id='word_1_703' title='bbox 561 5125 678 5177; x_wconf 75' lang='grc' dir='ltr'>ἐστὶ</span> <span class='ocrx_word' id='word_1_704' title='bbox 706 5125 800 5177; x_wconf 72' lang='grc' dir='ltr'><strong>καὶ</strong></span> <span class='ocrx_word' id='word_1_705' title='bbox 824 5127 1147 5196; x_wconf 78' lang='grc' dir='ltr'>πρόσωπον·</span> <span class='ocrx_word' id='word_1_706' title='bbox 1185 5128 1280 5180; x_wconf 70' lang='grc' dir='ltr'><strong>καὶ</strong></span> <span class='ocrx_word' id='word_1_707' title='bbox 1310 5127 1460 5198; x_wconf 75' lang='grc' dir='ltr'><strong>αὐτῷ</strong></span> <span class='ocrx_word' id='word_1_708' title='bbox 1485 5128 1900 5199; x_wconf 83' lang='grc' dir='ltr'>προσνεμοῦμεν</span> 
     </span>
    </p>
   </div>
   <div class='ocr_carea' id='block_1_97' title="bbox 422 5299 963 5372">
    <p class='ocr_par' dir='ltr' id='par_1_97' title="bbox 422 5299 963 5372">
     <span class='ocr_line' id='line_1_97' title="bbox 422 5299 963 5372; baseline 0.007 -19"><span class='ocrx_word' id='word_1_709' title='bbox 422 5300 444 5330; x_wconf 84' lang='grc'><strong>⁸</strong></span> <span class='ocrx_word' id='word_1_710' title='bbox 467 5299 698 5372; x_wconf 88' lang='lat' dir='ltr'><strong>Philipp.</strong></span> <span class='ocrx_word' id='word_1_711' title='bbox 728 5316 794 5369; x_wconf 88' lang='lat' dir='ltr'><strong>ll,</strong></span> <span class='ocrx_word' id='word_1_712' title='bbox 827 5300 880 5365; x_wconf 86' lang='lat'><strong>6,</strong></span> <span class='ocrx_word' id='word_1_713' title='bbox 911 5302 963 5357; x_wconf 89' lang='grc'><strong>7.</strong></span> 
     </span>
    </p>
   </div>
   <div class='ocr_carea' id='block_1_98' title="bbox 1969 4486 3592 4558">
    <p class='ocr_par' dir='ltr' id='par_1_98' title="bbox 1969 4486 3592 4558">
     <span class='ocr_line' id='line_1_98' title="bbox 1969 4486 3592 4558; baseline -0.004 -13"><span class='ocrx_word' id='word_1_714' title='bbox 1969 4493 1978 4501; x_wconf 91' lang='grc'><em>’</em></span> <span class='ocrx_word' id='word_1_715' title='bbox 2011 4506 2172 4545; x_wconf 84' lang='lat' dir='ltr'><strong>sonas</strong></span> <span class='ocrx_word' id='word_1_716' title='bbox 2199 4491 2463 4558; x_wconf 88' lang='lat' dir='ltr'><strong>dividunt,</strong></span> <span class='ocrx_word' id='word_1_717' title='bbox 2513 4491 2826 4546; x_wconf 88' lang='lat' dir='ltr'><strong>necessario</strong></span> <span class='ocrx_word' id='word_1_718' title='bbox 2867 4491 2999 4544; x_wconf 91' lang='lat' dir='ltr'><strong>duos</strong></span> <span class='ocrx_word' id='word_1_719' title='bbox 3039 4502 3256 4556; x_wconf 91' lang='lat' dir='ltr'><strong>quoque</strong></span> <span class='ocrx_word' id='word_1_720' title='bbox 3286 4486 3423 4542; x_wconf 82' lang='lat' dir='ltr'><strong>ﬁlios</strong></span> <span class='ocrx_word' id='word_1_721' title='bbox 3459 4503 3558 4540; x_wconf 85' lang='lat' dir='ltr'><strong>con</strong></span> <span class='ocrx_word' id='word_1_722' title='bbox 3587 4517 3592 4521; x_wconf 65' lang='grc'><strong><em>«</em></strong></span> 
     </span>
    </p>
   </div>
   <div class='ocr_carea' id='block_1_99' title="bbox 2013 4577 3594 4649">
    <p class='ocr_par' dir='ltr' id='par_1_99' title="bbox 2013 4577 3594 4649">
     <span class='ocr_line' id='line_1_99' title="bbox 2013 4577 3594 4649; baseline -0.004 -14"><span class='ocrx_word' id='word_1_723' title='bbox 2013 4583 2238 4649; x_wconf 81' lang='lat' dir='ltr'><strong>lingunt.</strong></span> <span class='ocrx_word' id='word_1_724' title='bbox 2287 4581 2439 4636; x_wconf 87' lang='lat' dir='ltr'><strong>Sicut</strong></span> <span class='ocrx_word' id='word_1_725' title='bbox 2481 4582 2626 4635; x_wconf 88' lang='lat' dir='ltr'><strong>enim</strong></span> <span class='ocrx_word' id='word_1_726' title='bbox 2673 4581 2834 4635; x_wconf 91' lang='lat' dir='ltr'><strong>homo</strong></span> <span class='ocrx_word' id='word_1_727' title='bbox 2880 4594 2947 4632; x_wconf 80' lang='lat' dir='ltr'><strong>ex</strong></span> <span class='ocrx_word' id='word_1_728' title='bbox 2998 4579 3152 4633; x_wconf 79' lang='lat' dir='ltr'><strong>nobis</strong></span> <span class='ocrx_word' id='word_1_729' title='bbox 3181 4577 3427 4647; x_wconf 76' lang='lat' dir='ltr'><strong>quilibet,</strong></span> <span class='ocrx_word' id='word_1_730' title='bbox 3468 4579 3594 4633; x_wconf 76' lang='lat' dir='ltr'><strong>licet</strong></span> 
     </span>
    </p>
   </div>
   <div class='ocr_carea' id='block_1_100' title="bbox 2017 4669 3588 4743">
    <p class='ocr_par' dir='ltr' id='par_1_100' title="bbox 2017 4669 3588 4743">
     <span class='ocr_line' id='line_1_100' title="bbox 2017 4669 3588 4743; baseline -0.006 -14"><span class='ocrx_word' id='word_1_731' title='bbox 2017 4673 2168 4743; x_wconf 83' lang='lat'><strong>151</strong></span> <span class='ocrx_word' id='word_1_732' title='bbox 2210 4690 2274 4728; x_wconf 82' lang='lat' dir='ltr'><strong>ex</strong></span> <span class='ocrx_word' id='word_1_733' title='bbox 2308 4674 2489 4728; x_wconf 78' lang='lat' dir='ltr'><strong>anima</strong></span> <span class='ocrx_word' id='word_1_734' title='bbox 2526 4683 2579 4726; x_wconf 89' lang='lat' dir='ltr'><strong>et</strong></span> <span class='ocrx_word' id='word_1_735' title='bbox 2609 4686 2836 4741; x_wconf 86' lang='lat' dir='ltr'><strong>corpore</strong></span> <span class='ocrx_word' id='word_1_736' title='bbox 2877 4671 3207 4725; x_wconf 90' lang='lat' dir='ltr'><strong>constitutus</strong></span> <span class='ocrx_word' id='word_1_737' title='bbox 3237 4669 3588 4740; x_wconf 83' lang='lat' dir='ltr'><strong>intelligatur,</strong></span> 
     </span>
    </p>
   </div>
   <div class='ocr_carea' id='block_1_101' title="bbox 2016 4763 3591 4834">
    <p class='ocr_par' dir='ltr' id='par_1_101' title="bbox 2016 4763 3591 4834">
     <span class='ocr_line' id='line_1_101' title="bbox 2016 4763 3591 4834; baseline -0.004 -18"><span class='ocrx_word' id='word_1_738' title='bbox 2016 4781 2119 4817; x_wconf 91' lang='lat' dir='ltr'><strong>non</strong></span> <span class='ocrx_word' id='word_1_739' title='bbox 2153 4765 2422 4834; x_wconf 79' lang='lat' dir='ltr'><strong>geminus,</strong></span> <span class='ocrx_word' id='word_1_740' title='bbox 2467 4765 2560 4817; x_wconf 89' lang='lat' dir='ltr'><strong>sed</strong></span> <span class='ocrx_word' id='word_1_741' title='bbox 2598 4778 2737 4816; x_wconf 90' lang='lat' dir='ltr'><strong>unus</strong></span> <span class='ocrx_word' id='word_1_742' title='bbox 2781 4772 2836 4816; x_wconf 88' lang='lat' dir='ltr'><strong>et</strong></span> <span class='ocrx_word' id='word_1_743' title='bbox 2872 4763 3012 4817; x_wconf 90' lang='lat' dir='ltr'><strong>idem</strong></span> <span class='ocrx_word' id='word_1_744' title='bbox 3056 4763 3216 4818; x_wconf 91' lang='lat' dir='ltr'><strong>homo</strong></span> <span class='ocrx_word' id='word_1_745' title='bbox 3260 4771 3342 4818; x_wconf 90' lang='lat' dir='ltr'><strong>est</strong></span> <span class='ocrx_word' id='word_1_746' title='bbox 3375 4782 3387 4817; x_wconf 90' lang='lat'><strong>:</strong></span> <span class='ocrx_word' id='word_1_747' title='bbox 3424 4763 3496 4816; x_wconf 85' lang='lat' dir='ltr'><strong>ita</strong></span> <span class='ocrx_word' id='word_1_748' title='bbox 3527 4765 3591 4813; x_wconf 73' lang='lat' dir='ltr'><strong>dc</strong></span> 
     </span>
    </p>
   </div>
   <div class='ocr_carea' id='block_1_102' title="bbox 2014 4853 3590 4924">
    <p class='ocr_par' dir='ltr' id='par_1_102' title="bbox 2014 4853 3590 4924">
     <span class='ocr_line' id='line_1_102' title="bbox 2014 4853 3590 4924; baseline -0.003 -16"><span class='ocrx_word' id='word_1_749' title='bbox 2014 4854 2367 4908; x_wconf 88' lang='lat' dir='ltr'><strong>Euunanuele</strong></span> <span class='ocrx_word' id='word_1_750' title='bbox 2413 4869 2630 4922; x_wconf 89' lang='lat' dir='ltr'><strong>quoque</strong></span> <span class='ocrx_word' id='word_1_751' title='bbox 2683 4855 2837 4908; x_wconf 87' lang='lat' dir='ltr'><strong>nobis</strong></span> <span class='ocrx_word' id='word_1_752' title='bbox 2900 4856 3244 4924; x_wconf 74' lang='lat' dir='ltr'><strong>cogitandum</strong></span> <span class='ocrx_word' id='word_1_753' title='bbox 3292 4863 3396 4909; x_wconf 90' lang='lat' dir='ltr'><strong>est.</strong></span> <span class='ocrx_word' id='word_1_754' title='bbox 3455 4853 3590 4920; x_wconf 81' lang='lat' dir='ltr'><strong>Quia</strong></span> 
     </span>
    </p>
   </div>
   <div class='ocr_carea' id='block_1_103' title="bbox 2015 4943 3588 5013">
    <p class='ocr_par' dir='ltr' id='par_1_103' title="bbox 2015 4943 3588 5013">
     <span class='ocr_line' id='line_1_103' title="bbox 2015 4943 3588 5013; baseline -0.005 -15"><span class='ocrx_word' id='word_1_755' title='bbox 2015 4960 2246 5013; x_wconf 90' lang='lat' dir='ltr'><strong>namque</strong></span> <span class='ocrx_word' id='word_1_756' title='bbox 2285 4944 2375 4997; x_wconf 90' lang='lat' dir='ltr'><strong>Dei</strong></span> <span class='ocrx_word' id='word_1_757' title='bbox 2410 4943 2640 4997; x_wconf 89' lang='lat' dir='ltr'><strong>Verbum</strong></span> <span class='ocrx_word' id='word_1_758' title='bbox 2692 4944 3029 4998; x_wconf 87' lang='lat' dir='ltr'><strong>incarnatum</strong></span> <span class='ocrx_word' id='word_1_759' title='bbox 3065 4953 3119 5000; x_wconf 91' lang='lat' dir='ltr'><strong>et</strong></span> <span class='ocrx_word' id='word_1_760' title='bbox 3160 4945 3323 4998; x_wconf 91' lang='lat' dir='ltr'><strong>homo</strong></span> <span class='ocrx_word' id='word_1_761' title='bbox 3368 4943 3588 5000; x_wconf 79' lang='lat' dir='ltr'><strong>factum,</strong></span> 
     </span>
    </p>
   </div>
   <div class='ocr_carea' id='block_1_104' title="bbox 2015 5032 3594 5102">
    <p class='ocr_par' dir='ltr' id='par_1_104' title="bbox 2015 5032 3594 5102">
     <span class='ocr_line' id='line_1_104' title="bbox 2015 5032 3594 5102; baseline -0.006 -12"><span class='ocrx_word' id='word_1_762' title='bbox 2015 5052 2152 5090; x_wconf 90' lang='lat' dir='ltr'><strong>unus</strong></span> <span class='ocrx_word' id='word_1_763' title='bbox 2188 5045 2271 5090; x_wconf 90' lang='lat' dir='ltr'><strong>est</strong></span> <span class='ocrx_word' id='word_1_764' title='bbox 2297 5036 2463 5091; x_wconf 84' lang='lat' dir='ltr'><strong>Filius</strong></span> <span class='ocrx_word' id='word_1_765' title='bbox 2497 5044 2550 5090; x_wconf 87' lang='lat' dir='ltr'><strong>et</strong></span> <span class='ocrx_word' id='word_1_766' title='bbox 2588 5036 2868 5102; x_wconf 69' lang='lat' dir='ltr'><strong>Dominus,</strong></span> <span class='ocrx_word' id='word_1_767' title='bbox 2916 5051 3020 5089; x_wconf 87' lang='lat' dir='ltr'><strong>ttna</strong></span> <span class='ocrx_word' id='word_1_768' title='bbox 3067 5035 3228 5089; x_wconf 88' lang='lat' dir='ltr'><strong>etiam</strong></span> <span class='ocrx_word' id='word_1_769' title='bbox 3259 5032 3480 5087; x_wconf 86' lang='lat' dir='ltr'><strong>omnino</strong></span> <span class='ocrx_word' id='word_1_770' title='bbox 3508 5036 3594 5082; x_wconf 74' lang='lat' dir='ltr'><strong>est</strong></span> 
     </span>
    </p>
   </div>
   <div class='ocr_carea' id='block_1_105' title="bbox 2013 5127 3593 5196">
    <p class='ocr_par' dir='ltr' id='par_1_105' title="bbox 2013 5127 3593 5196">
     <span class='ocr_line' id='line_1_105' title="bbox 2013 5127 3593 5196; baseline -0.005 -16"><span class='ocrx_word' id='word_1_771' title='bbox 2013 5127 2182 5196; x_wconf 89' lang='lat' dir='ltr'><strong>ipsius</strong></span> <span class='ocrx_word' id='word_1_772' title='bbox 2205 5141 2430 5196; x_wconf 88' lang='lat' dir='ltr'><strong>persona</strong></span> <span class='ocrx_word' id='word_1_773' title='bbox 2463 5147 2476 5182; x_wconf 89' lang='lat'><strong>:</strong></span> <span class='ocrx_word' id='word_1_774' title='bbox 2510 5128 2666 5196; x_wconf 86' lang='lat' dir='ltr'><strong>eique</strong></span> <span class='ocrx_word' id='word_1_775' title='bbox 2691 5127 2991 5181; x_wconf 86' lang='lat' dir='ltr'><strong>tribuemus</strong></span> <span class='ocrx_word' id='word_1_776' title='bbox 3023 5136 3077 5180; x_wconf 86' lang='lat' dir='ltr'><strong>et</strong></span> <span class='ocrx_word' id='word_1_777' title='bbox 3107 5127 3340 5180; x_wconf 89' lang='lat' dir='ltr'><strong>humana</strong></span> <span class='ocrx_word' id='word_1_778' title='bbox 3374 5130 3593 5192; x_wconf 83' lang='lat' dir='ltr'><strong>propter</strong></span> 
     </span>
    </p>
   </div>
   <div class='ocr_carea' id='block_1_106' title="bbox 2027 5217 2073 5253">
    <p class='ocr_par' dir='ltr' id='par_1_106' title="bbox 2027 5217 2073 5253">
     <span class='ocr_line' id='line_1_106' title="bbox 2027 5217 2073 5253; baseline 0 -5"><span class='ocrx_word' id='word_1_779' title='bbox 2027 5217 2073 5253; x_wconf 54' lang='grc' dir='ltr'><strong>μ’</strong></span> 
     </span>
    </p>
   </div>
   <div class='ocr_carea' id='block_1_107' title="bbox 1378 5453 2539 5522">
    <p class='ocr_par' dir='ltr' id='par_1_107' title="bbox 1378 5453 2539 5522">
     <span class='ocr_line' id='line_1_107' title="bbox 1378 5453 2539 5522; baseline 0.001 -15"><span class='ocrx_word' id='word_1_780' title='bbox 1378 5454 1553 5510; x_wconf 62' lang='lat' dir='ltr'><strong>Variae</strong></span> <span class='ocrx_word' id='word_1_781' title='bbox 1578 5454 1838 5509; x_wconf 84' lang='lat' dir='ltr'><strong>lectiones</strong></span> <span class='ocrx_word' id='word_1_782' title='bbox 1858 5469 1922 5508; x_wconf 84' lang='lat' dir='ltr'><strong>cx</strong></span> <span class='ocrx_word' id='word_1_783' title='bbox 1952 5454 2137 5509; x_wconf 88' lang='lat' dir='ltr'><strong>codice</strong></span> <span class='ocrx_word' id='word_1_784' title='bbox 2168 5453 2539 5522; x_wconf 82' lang='lat' dir='ltr'><strong>Seguieriano.</strong></span> 
     </span>
    </p>
   </div>
   <div class='ocr_carea' id='block_1_108' title="bbox 398 5609 2661 5686">
    <p class='ocr_par' dir='ltr' id='par_1_108' title="bbox 398 5609 2661 5686">
     <span class='ocr_line' id='line_1_108' title="bbox 398 5609 2661 5686; baseline -0.004 -18"><span class='ocrx_word' id='word_1_785' title='bbox 398 5613 808 5686; x_wconf 62' lang='lat' dir='ltr'><strong>°_xat0r1~{pévov</strong></span> <span class='ocrx_word' id='word_1_786' title='bbox 837 5610 1192 5686; x_wconf 74' lang='grc' dir='ltr'><strong>οἰκονομικῶς</strong></span> <span class='ocrx_word' id='word_1_787' title='bbox 1216 5611 1652 5686; x_wconf 60' lang='grc' dir='ltr'><strong>ἐπιγινώσκομεν</strong></span> <span class='ocrx_word' id='word_1_788' title='bbox 1687 5609 1989 5686; x_wconf 73' lang='grc' dir='ltr'><strong>γεγονέναι,</strong></span> <span class='ocrx_word' id='word_1_789' title='bbox 2030 5614 2211 5682; x_wconf 71' lang='grc' dir='ltr'><strong>φαμὲν</strong></span> <span class='ocrx_word' id='word_1_790' title='bbox 2257 5614 2434 5667; x_wconf 66' lang='grc' dir='ltr'><strong>τοίνυν</strong></span> <span class='ocrx_word' id='word_1_791' title='bbox 2481 5611 2661 5666; x_wconf 69' lang='grc' dir='ltr'><strong>αὐτόν.</strong></span> 
     </span>
    </p>
   </div>
   <div class='ocr_carea' id='block_1_109' title="bbox 325 5680 1896 5756">
    <p class='ocr_par' dir='ltr' id='par_1_109' title="bbox 325 5680 1896 5756">
     <span class='ocr_line' id='line_1_109' title="bbox 325 5680 1896 5756; baseline -0.004 -19"><span class='ocrx_word' id='word_1_792' title='bbox 325 5680 686 5756; x_wconf 55' lang='grc' dir='ltr'><strong>ηρυθρία.”’ΐ</strong></span> <span class='ocrx_word' id='word_1_793' title='bbox 722 5680 1038 5751; x_wconf 81' lang='grc' dir='ltr'><strong>παραιτείτο</strong></span> <span class='ocrx_word' id='word_1_794' title='bbox 1137 5680 1520 5752; x_wconf 67' lang='grc' dir='ltr'><strong>’κατωθήσας</strong></span> <span class='ocrx_word' id='word_1_795' title='bbox 1565 5681 1896 5750; x_wconf 70' lang='grc' dir='ltr'><strong>καταϐήσας.</strong></span> 
     </span>
    </p>
   </div>
   <div class='ocr_carea' id='block_1_110' title="bbox 2746 5613 3592 5680">
    <p class='ocr_par' dir='ltr' id='par_1_110' title="bbox 2746 5613 3592 5680">
     <span class='ocr_line' id='line_1_110' title="bbox 2746 5613 3592 5680; baseline 0.001 -16"><span class='ocrx_word' id='word_1_796' title='bbox 2746 5620 2769 5657; x_wconf 82' lang='lat' dir='ltr'>P</span> <span class='ocrx_word' id='word_1_797' title='bbox 2806 5616 3020 5680; x_wconf 67' lang='grc' dir='ltr'><strong>φρονεῖν</strong></span> <span class='ocrx_word' id='word_1_798' title='bbox 3067 5614 3350 5668; x_wconf 80' lang='grc' dir='ltr'><strong>εἰωθότων.</strong></span> <span class='ocrx_word' id='word_1_799' title='bbox 3433 5623 3458 5661; x_wconf 73' lang='grc' dir='ltr'><strong>τι</strong></span> <span class='ocrx_word' id='word_1_800' title='bbox 3496 5613 3592 5661; x_wconf 62' lang='grc' dir='ltr'><strong>ἐπα</strong></span> 
     </span>
    </p>
   </div>
  </div>
