4014 6128
438 264 541 348 3θῖ

1418 271 1473 324 S.
1514 268 1788 325 CYlilLLl
1832 267 2300 325 ALEXANDlilNl
2341 267 2662 325 ARCHIEP.

3582 274 3688 328 “504

438 387 582 443 illius
609 398 731 439 eum
766 397 928 438 carne
966 382 1449 454 dispensationem,
1481 392 1534 437 et
1567 382 1747 437 divina
1784 392 2003 453 propter

2125 382 2174 435 τά
2216 399 2273 435 τε
2317 382 2633 454 ἀνθρώπινα
2662 383 2749 436 διὰ
2772 381 2874 453 τὴν
2908 384 3222 456 οἰκονομίαν
3253 385 3353 458 τὴν
3386 389 3523 458 μετὰ
3552 406 3688 461 σαρ-

439 476 868 549 inexplieabilem
924 474 1164 543 ejusdem
1214 489 1278 528 ex
1352 472 1510 527 Patre
1573 473 2000 543 generationem.

2106 475 2202 537 κὸς
2225 515 2238 538 ,
2278 475 2371 528 καὶ
2405 476 2512 546 μὴν
2561 477 2652 529 καὶ
2696 476 2763 529 τὰ
2794 476 2910 530 θεῖα
2935 476 3024 531 διὰ
3066 478 3165 550 τὴν
3202 481 3265 533 ὲκ
3292 480 3427 533 Θεοῦ
3477 483 3691 553 [ἰατρὸς

437 572 701 627 Caeterum
740 567 830 637 qui
881 567 1096 623 illuntin
1117 567 1387 621 hominem
1405 566 1695 633 separatim
1734 564 2000 630 dividunt,

2125 564 2417 634 ιπόρῥητον
2445 563 2718 635 γέννησιν.
2747 566 2809 619 Οί
2844 564 2898 618 δὲ
2936 565 3272 632 διιστῶντες,
3299 570 3392 622 καὶ
3417 571 3693 643 ἁπομερί-
3724 604 3737 629 μ

437 668 690 728 tanquam
735 657 823 725 qui
866 655 1006 709 alius
1051 669 1080 707 a
1129 652 1222 707 Dei
1265 653 1443 708 Verbo
1498 654 1571 707 sit
1622 652 1811 717 Filius,
1858 662 1913 707 et
1951 654 2005 707 in

440 751 604 803 Deum
646 761 913 813 seorsum,
967 755 1220 815 tanquam
1254 745 1344 814 qui
1390 744 1530 798 alius
1571 746 1649 800 sit
1683 744 1844 809 lilius,
1873 744 2007 799 duos

439 840 576 893 lilios
638 846 962 902 asserentes,
1007 836 1265 905 propositi
1330 837 1770 892 anathematismi
1820 837 2007 892 virtuti

437 931 631 985 merito
655 927 980 984 subdantur.

882 1042 1533 1100 ANATIIEMATlSMUS
1574 1042 1644 1098 V.

458 1152 465 1157 ’
507 1167 563 1223 Si
596 1166 717 1237 quis
757 1164 939 1219 dicere
971 1162 1153 1225 audet,
1195 1161 1469 1215 Christum
1518 1161 1792 1215 hominetn
1828 1158 2011 1214 Deile-

436 1277 578 1327 rnm,
611 1274 675 1315 ac
707 1273 811 1312 non
843 1255 1022 1328 potius
1057 1268 1241 1308 verum
1286 1251 1455 1307 Deum
1486 1267 1627 1319 esse,
1660 1259 1845 1321 utpote
1891 1251 2013 1304 nni-

436 1362 558 1400 enm
600 1359 663 1399 ac
704 1340 1005 1397 naturalem
1042 1339 1247 1405 lilium;
1280 1348 1547 1410 quatenus
1589 1340 1842 1394 nimirum
1878 1337 2013 1393 Ver-

437 1436 563 1491 bum
604 1450 728 1490 caro
760 1433 985 1499 factum,
1017 1431 1169 1485 carni
1202 1438 1256 1485 et
1284 1432 1533 1501 sanguini
1568 1431 1789 1501 perinde
1818 1445 1881 1486 ac
1916 1446 2013 1487 nos

437 1523 869 1581 communicavit
908 1540 922 1575 :
961 1522 1252 1577 anathema
1283 1522 1375 1575 sit.

954 1630 1259 1685 Declaralio
1291 1632 1496 1700 quinta.

2108 653 2293 719 ζοντες
2346 656 2426 718 είς
2480 654 2765 725 ἄνθρωπον
2807 656 3027 722 ίδικῶς,
3061 658 3136 721 ὡς
3165 659 3352 731 ἕτερον
3393 660 3524 715 ὄντα
3564 663 3694 717 Υἱὸν

2112 746 2263 817 παρὰ
2305 745 2397 799 τὸν
2430 747 2494 799 ὲκ
2539 746 2673 799 Θεοῦ
2704 747 2897 815 Λόγον,
2950 750 3042 802 καὶ
3076 750 3157 812 είς
3190 749 3323 805 Θεὸν
3358 751 3578 817 ίδικῶς,
3617 756 3695 818 ὡς

2110 838 2296 908 ἕτερον
2325 836 2455 892 ὄντα
2496 837 2631 903 υίὸν,
2675 838 2768 891 δύο
2814 838 3064 908 λέγοντες
3115 842 3295 909 υἱοὺς,
3327 842 3695 915 ὑποφέρονται

2111 928 2336 992 δικαίως
2362 931 2426 999 τῇ
2452 928 2681 999 δυνάμει
2702 930 2797 982 τοῦ
2823 930 3185 1000 προκειμένου
3218 932 3690 1006 ἁναθεματισμοῦ.

2546 1026 3137 1099 amem-nmmos
3178 1046 3253 1102 E'.

2183 1156 2252 1211 Εί
2279 1174 2363 1220 τις
2391 1157 2568 1229 τολμᾷ
2594 1158 2774 1227 λέγειν
2810 1158 3067 1230 θεοφόρον
3117 1158 3407 1229 ἄνθρωπον
3438 1158 3531 1212 τὸν
3556 1160 3693 1231 Χριο

2118 1249 2263 1313 στὸν,
2300 1250 2393 1302 καὶ
2425 1250 2545 1320 οὑχ).
2578 1250 2642 1319 δὴ
2668 1249 2866 1320 μᾶλλον
2899 1250 3031 1303 Θεὸν
3064 1246 3206 1303 εἶναι
3236 1251 3379 1304 κατὰ
3410 1249 3692 1321 ἀλήθειαν,

2114 1340 2211 1391 καὶ
2249 1338 2377 1391 Υίὸν
2412 1339 2529 1406 ἕνα,
2562 1340 2657 1392 καὶ
2682 1339 2863 1409 φύσει,
2897 1340 3033 1394 καθὸ
3055 1340 3247 1409 γέγονε
3272 1340 3408 1412 σὰρξ
3438 1342 3467 1394 ὁ
3498 1342 3692 1408 Λόγος,

2114 1429 2208 1484 καὶ
2259 1429 2629 1500 κεκοινώνηκε
2680 1430 3079 1502 παραπλησίως
3124 1434 3258 1503 ἡμῖν
3306 1434 3558 1503 αἵματος,
3600 1433 3695 1486 καὶ

2116 1517 2317 1588 σαρκός
2344 1533 2357 1548 ·
2394 1518 2646 1589 ἀνάθεμα
2678 1518 2840 1574 ἔστω.

2693 1631 3007 1697 Ἐπιλυσις
3044 1638 3107 1685 ε’.

513 1726 744 1782 Verbum
776 1722 881 1801 Dei
914 1738 1132 1777 carnem
1180 1736 1302 1777 esse
1349 1721 1572 1785 factum,
1616 1721 2016 1793 dicit'magnus

2186 1720 2373 1788 Σάρκα
2421 1718 2675 1787 γενέσθαι
2719 1720 2883 1790 φησὶν
2921 1721 2950 1773 ό
2992 1720 3275 1788 θεσπέσιος
3305 1725 3694 1801 εὑαγγελιστὴς

444 1816 533 1871 ille
578 1798 908 1883 evangelista
950 1812 1186 1869 Joannes
1210 1813 1251 1843 ¹⁷
1287 1830 1301 1866 :
1335 1826 1440 1866 non
1476 1813 1613 1880 quod
1650 1812 1865 1882 propria
1920 1828 2017 1866 na-

443 1920 567 1963 tura
594 1912 980 1970 transmutata,
1025 1913 1119 1958 aut
1150 1917 1408 1958 conversa
1446 1904 1497 1957 in
1532 1918 1749 1956 carnem
1788 1904 2018 1958 transie-

448 1997 538 2062 rit,
599 1998 741 2051 sicut
778 1994 894 2060 jam
951 2004 1079 2047 ante
1128 1992 1434 2060 expositum
1486 2000 1568 2045 est
1615 1990 1831 2061 (expers
1873 1992 2016 2045 enim

447 2086 761 2143 mutationis
809 2093 890 2140 est
935 2094 993 2137 ut
1032 2081 1218 2148 Dens),
1270 2079 1362 2136 sed
1406 2082 1532 2151 quia
1580 2096 1733 2149 atque
1790 2096 1853 2136 ac
1898 2097 2015 2147 nos,

443 2180 625 2235 carnis
650 2185 708 2232 et
737 2174 1015 2245 sanguinis
1040 2174 1329 2244 particeps,
1359 2180 1413 2227 et
1440 2173 1600 2227 homo
1634 2171 1888 2226 effectum
1914 2182 2015 2228 cst.

447 2272 613 2326 Sacra
645 2269 791 2325 enim
838 2268 1119 2336 Scriptura
1155 2267 1428 2320 hetninem
1469 2280 1567 2321 suo
1616 2279 1765 2319 more
1798 2280 2019 2321 carnem

448 2362 712 2432 appellat;
768 2360 1031 2429 scriptum
1084 2365 1180 2427 .est
1228 2358 1374 2412 enim
1420 2374 1435 2411 :
1499 2373 1521 2408 ε
1568 2353 1781 2410 Videbit
1845 2357 2019 2410 omnis

448 2468 577 2509 caro
637 2452 874 2507 salutare
920 2450 1015 2505 Dei
1040 2449 1106 2503 “.
1138 2467 1158 2501 ι
1211 2447 1318 2503 Sed
1364 2448 1649 2516 impiorum
1712 2447 2019 2517 dogmatum

450 2546 787 2606 inventores,
825 2540 1132 2604 Nestorius,
1173 2547 1228 2593 et
1272 2538 1363 2608 qui
1409 2538 1556 2592 illum
1584 2545 1885 2601 sectantur,
1929 2546 2024 2592 aut

448 2636 637 2692 eadem
674 2648 795 2688 cum
843 2632 933 2688 illo
973 2632 1216 2700 sapiunt,
1254 2629 1653 2684 incarnationis
1681 2629 1899 2698 quidem
1930 2643 2022 2683 vo-

447 2738 566 2788 cem
618 2722 869 2778 conﬁteri
915 2735 975 2776 se
1021 2720 1299 2785 simulant,
1346 2728 1585 2774 attamen
1640 2717 1731 2774 Dei
1784 2717 2019 2774 Verbum

448 2815 747 2871 secundum
780 2813 1065 2871 veritatem
1095 2814 1461 2877 incantatam,
1493 2811 1594 2866 hoc
1619 2819 1725 2879 est,
1755 2812 2022 2865 manendo

443 2908 591 2979 quod
632 2913 793 2972 erat,
845 2906 1118 2962 hominem
1166 2905 1335 2960 nostri
1386 2902 1620 2959 similem
1660 2901 1861 2958 lactant
1903 2915 2023 2957 esse

449 3007 670 3069 negant.
708 2995 991 3053 Allirmant
1036 3008 1241 3060 autem,
1284 2994 1620 3066 unigenitum
1664 2994 1757 3048 Dei
1791 2993 2020 3049 Verbum

447 3090 505 3145 in
535 3089 754 3145 homine
785 3103 849 3143 es
878 3096 1067 3143 sancta
1096 3085 1312 3156 Virgine
1342 3097 1469 3139 nato
1496 3084 1716 3154 perinde
1745 3099 1810 3140 ac
1832 3085 1885 3139 in
1915 3099 2023 3139 uno

449 3182 632 3252 aliquo
654 3195 724 3235 ex
752 3179 956 3236 sanctis
984 3177 1336 3243 inhabitasse,
1367 3177 1440 3230 ita
1473 3188 1533 3230 ut
1556 3176 1671 3245 lam
1715 3190 1826 3232 non
1855 3190 2022 3247 opor-

448 3282 564 3328 teat
603 3271 874 3332 eontlteri,
904 3270 1046 3339 quod
1083 3282 1223 3324 unus
1271 3269 1343 3324 sit
1381 3267 1638 3324 Christus
1676 3278 1729 3324 et
1761 3266 1933 3324 Filius
1970 3278 2026 3324 et

454 3363 715 3421 Dominus
751 3371 810 3417 et
841 3363 1185 3427 adorandus;
1231 3361 1323 3415 sed
1363 3371 1617 3431 tanquam
1646 3360 1806 3416 homo
1835 3376 1930 3431 per
1962 3375 2025 3417 se

450 3467 508 3512 et
540 3454 835 3527 separatim
879 3453 1209 3517 intellectus,
1241 3453 1310 3507 ob
1350 3454 1520 3507 solam
1549 3453 1942 3523 c0pnlationetn
1971 3453 2023 3507 in

452 3547 654 3602 unione
681 3545 958 3616 dignitatis
1005 3545 1319 3607 honoratus,
1359 3543 1518 3613 152
1550 3545 1710 3621 simul
1749 3545 2022 3613 adoretur,

450 3646 510 3694 et
544 3637 1003 3707 conglorilicetur.
1055 3633 1271 3690 llahitat
1313 3633 2024 3705 quideminnobisomnium

454 3728 599 3785 Deus
628 3742 724 3797 per
754 3726 1017 3797 Spiritum
1053 3735 1327 3780 sanctum.
1360 3725 1502 3779 Dixit
1543 3725 1687 3781 enim
1709 3727 2025 3797 jamdudum

457 3837 555 3892 per
582 3834 750 3875 unum
792 3834 824 3875 e
856 3819 1065 3875 sanctis
1097 3818 1376 3887 prophetis
1407 3834 1422 3872 :
1456 3834 1477 3869 ι
1507 3815 1774 3885 Quoniam
1813 3817 2028 3873 inhabi—

459 3915 583 3977 tabo
626 3911 679 3968 in
710 3911 814 3977 eis,
845 3922 900 3967 et
931 3909 1296 3973 inambulabo,
1334 3916 1391 3963 et
1435 3923 1532 3963 ero
1577 3909 1721 3978 ipsis:
1777 3907 1941 3975 Deus,
1973 3916 2031 3963 et

454 4010 617 4058 erunt
651 4002 779 4058 mihi
817 4001 1045 4071 populus
1068 3999 1135 4055 ¹⁸.
1167 4017 1188 4053 ι
1242 3998 1446 4055 Scribit
1495 4008 1551 4054 et
1597 4001 1788 4055 beatus
1830 3998 2030 4055 Paulus

456 4108 670 4166 quoque
701 4109 717 4148 :
750 4109 771 4145 ι
801 4091 1036 4148 Nescitis
1066 4091 1192 4161 quia
1229 4089 1485 4160 templum
1517 4089 1610 4145 Dei
1635 4090 1792 4166 estis,
1824 4100 1879 4145 et
1909 4088 2032 4161 Spi-

458 4160 601 4241 ritus
626 4182 722 4241 Dei
751 4183 961 4257 habitat
992 4183 1049 4238 in
1090 4160 1351 4238 vobis“?
1380 4200 1400 4233 ι
1435 4180 1498 4235 Ει
1532 4181 1646 4252 ipse
1677 4160 1931 4238 (furiatus
1952 4160 2033 4236 ide

456 4275 661 4333 sanctis
685 4276 799 4331 suis
831 4272 1134 4344 prophetis,
1170 4272 1286 4327 sive
1315 4271 1381 4327 de
1411 4274 1636 4337 sanctis,
1664 4271 1755 4340 qui
1778 4281 2030 4326 anteces-

2049 3055 2092 3112 C

2132 1811 2385 1881 Ἰωάννης
2431 1810 2522 1863 τὸν
2555 1810 2648 1863 τοῦ
2676 1810 2812 1864 Θεοῦ
2843 1812 3036 1880 Λόγον.
3071 1814 3131 1867 οὑ
3164 1815 3303 1869 κατὰ
3340 1819 3692 1887 μετάστασιν,

2119 1904 2150 1973 ἢ
2184 1905 2389 1975 τροπὴν
2419 1906 2518 1975 τῆς
2552 1903 2690 1967 ίδίας
2736 1903 2950 1973 φύσεως
2993 1907 3071 1968 είς
3112 1906 3290 1975 σάρκα
3326 1925 3696 1980 μεταπεποιη-

2123 1995 2301 2064 μένον,
2337 1996 2585 2065 καθάπερ
2625 1995 2728 2065 ἤδη
2756 1996 3093 2065 προείπομεν
3115 2010 3129 2024 ⁶
3168 1997 3279 2067 ἔχει
3308 1997 3412 2069 γάρ
3441 1998 3501 2051 τὸ
3528 2001 3696 2054 ἀναλ-

2119 2085 2342 2137 λοίωτον
2370 2086 2445 2148 ὡς
2479 2083 2611 2148 Θεός
2637 2099 2652 2115 ’
2686 2083 2802 2136 ἀλλ’
2822 2085 2903 2137 ὅτι
2933 2084 3330 2155 κεκοινώνηκεν
3362 2088 3492 2157 ἡμῖν
3518 2105 3698 2158 παρα-

2121 2175 2361 2244 πλησίως
2391 2176 2625 2245 αἵματος
2653 2216 2668 2241 ,
2701 2178 2794 2230 καὶ
2826 2176 3057 2248 σαρκὸς,
3092 2178 3188 2230 καὶ
3217 2178 3442 2246 γέγονεν
3478 2178 3696 2249 ἁνθρω-

2122 2283 2220 2328 πος
2242 2281 2254 2294 ο
2282 2264 2402 2327 ἔθος
2430 2264 2539 2334 γάρ
2567 2268 2631 2337 τῇ
2667 2267 3011 2337 θεοπνεύστῳ
3066 2268 3256 2340 Γραφῇ
3281 2268 3458 2340 σάρκα
3489 2269 3580 2322 τὸν
3606 2269 3697 2323 άνο

2122 2355 2337 2424 θρωπω
2388 2355 2706 2427 ὀνομάζεινο
2752 2358 3061 2429 γέγραπται
3112 2359 3251 2429 γὰρ,
3295 2376 3315 2411 ι
3342 2360 3423 2411 ὅτι
3468 2360 3697 2429 Ὀψεται
3744 2352 3751 2355 ⁷

2122 2449 2274 2502 πᾶσα
2319 2448 2454 2519 σὰρξ
2501 2449 2564 2502 τὸ
2609 2452 2875 2522 σωτήριον
2921 2450 3017 2503 τοῦ
3058 2450 3218 2504 Θευῦ.
3257 2468 3275 2502 ι
3324 2452 3463 2504 Ἀλλ’
3504 2454 3553 2506 οἱ
3592 2452 3698 2505 τῶν

2123 2540 2350 2593 ἀνοσίων
2379 2540 2668 2611 δογμάτων
2705 2541 2947 2611 εὑρεταὶ,
2978 2542 3273 2613 Νεστόριός
3305 2559 3365 2595 τε
3396 2544 3488 2596 καὶ
3520 2545 3568 2595 oi
3599 2543 3700 2597 σὺν

2122 2631 2294 2703 αὑτῷ,
2320 2632 2440 2702 ἢτοι
2468 2632 2534 2685 τὰ
2562 2633 2699 2686 αὑτὰ
2727 2632 3050 2702 φρονοῦντες
3075 2634 3285 2704 ἐκείνῳ,
3316 2634 3700 2705 ὑποκρίνονται

2127 2718 2227 2788 μὲν
2254 2718 2536 2788 ὁμολογεῖν
2566 2720 2666 2790 τὴν
2694 2720 2790 2774 τοῦ
2837 2722 3216 2793 σεσαρκῶσθαι
3244 2724 3448 2793 φωνήν.
3482 2724 3560 2777 Οὑ
3595 2724 3702 2794 μὴν

2122 2807 2250 2859 ὃτε¹
2292 2806 2387 2860 καὶ
2418 2808 2767 2880 σαρκωθῆναί
2812 2827 2945 2879 φασι
2988 2811 3131 2864 κατὰ
3178 2811 3435 2882 ἀληθειαν
3477 2813 3573 2866 τὸν
3606 2812 3699 2866 τοῦ

2123 2896 2259 2951 Θεοῦ
2304 2898 2509 2967 Λόγον·
2561 2899 2841 2953 τουτέστιν
2888 2899 3175 2972 ἄνθρωπον
3218 2901 3471 2970 γενέσθαι
3496 2914 3525 2943 ιι
3578 2902 3699 2956 καθ’

2123 2988 2293 3057 ἡμᾶς,
2327 2988 2468 3058 μετὰ
2498 2987 2592 3041 τοῦ
2640 2991 2821 3059 μεῖναι
2849 2989 2878 3043 ὃ
2901 2986 2989 3061 ἦν.
3032 2990 3189 3045 Ἀλλὰ
3232 2992 3342 3062 γὰρ
3369 2992 3448 3055 ὡς
3484 2994 3566 3057 είς
3603 2988 3703 3049 av;

2124 3077 2340 3148 θρωπον
2371 3078 2481 3133 τῶν
2510 3078 2682 3147 ἁγίων
2713 3078 2829 3145 Eva,
2858 3081 2949 3135 τὸν
2986 3082 3052 3135 ὲκ
3091 3081 3194 3152 τῆς
3217 3082 3382 3149 ἁγίας
3421 3081 3704 3153 Παρθένου

2125 3170 2524 3241 γεγεννημένον
2578 3174 2901 3243 κατοικῆσαι
2948 3172 3374 3244 διισχυρίζονται
3411 3173 3506 3227 τὸν
3541 3191 3703 3245 μονο-

2124 3246 2257 3333 γενῆ
2287 3262 2381 3315 τοῦ
2412 3261 2548 3316 Θεοῦ
2580 3263 2753 3332 Λόγον
2774 3280 2790 3296 ο
2839 3263 2926 3318 ἴνα
2955 3264 3155 3336 μηκέτι
3198 3266 3434 3336 Χριστὸς
3469 3260 3553 3331 εἷς
3575 3269 3706 3338 ὀμο-

2124 3352 2350 3423 λογῆται
2403 3356 2495 3410 καὶ
2539 3355 2703 3423 Υἱὸς,
2752 3358 2847 3411 καὶ
2896 3356 3126 3428 Κύριος,
3175 3357 3271 3410 καὶ
3305 3359 3705 3429 προσκυνητόςε

2125 3445 2240 3497 ἁλλ’
2264 3445 2340 3508 ὡς
2369 3445 2654 3517 ἄνθρωπος
2711 3448 2915 3512 ίδικῶς,
2938 3448 3033 3502 καὶ⁵
3058 3448 3375 3519 καταμόνας
3391 3448 3703 3519 νοούμενος,

2130 3535 2265 3607 μόνη
2297 3539 2563 3609 συναφείᾳ
2586 3541 2653 3609 τῇ
2685 3539 2830 3593 κατὰ
2852 3538 2952 3609 τὴν
2987 3539 3217 3610 ἑνότητα
3243 3540 3344 3610 τῆς
3374 3539 3533 3605 ἀξίας
3557 3558 3707 3594 τετι-

2129 3627 2389 3697 μημένος,
2408 3644 2472 3680 συ
2480 3628 2911 3699 μπροσκυνῆται,
2929 3630 3021 3682 καὶ
3034 3629 3710 3700 συνδοξάζηται.Κατοικεῖ

2127 3720 2279 3790 γάρ*
2318 3721 2379 3774 ὲν
2408 3720 2541 3795 ἡμῖν
2583 3722 2613 3773 ό
2639 3719 2748 3773 τῶν
2778 3720 2915 3774 ὅλων
2942 3720 3075 3784 Θεὸς
3113 3721 3201 3774 διὰ
3227 3719 3322 3775 τοῦ
3349 3721 3508 3789 ἁγίου
3541 3721 3707 3776 Ilvati-

2132 3828 2319 3881 ματος.
2367 3811 2478 3866 Καὶ
2525 3811 2655 3880 γοῦν
2696 3812 2865 3866 πάλαι
2887 3820 2915 3850 ³
2955 3812 3053 3883 μὲν
3100 3811 3305 3881 ἔφασκε
3335 3813 3403 3866 δι’
3438 3814 3560 3878 ἑνὸς
3596 3813 3710 3867 τῶν

2130 3902 2301 3971 ἁγίων
2356 3902 2685 3976 προφητῶν·
2728 3920 2747 3954 t
2776 3903 2900 3957 Ὀτι
2940 3904 3206 3974 ὲνοικήσω
3248 3906 3306 3958 ὲν
3351 3905 3570 3967 αὑτοῖς,
3617 3905 3711 3958 καὶ

2130 3996 2591 4066 ὲμπεριπατήσω,
2625 3995 2721 4049 καὶ
2753 3994 2948 4065 ἔσομαι
2979 3996 3163 4059 αὑτοῖς
3207 3995 3374 4061 Θεὸς,
3425 3997 3524 4050 καὶ
3555 3997 3711 4050 αὐτοὶ

2129 4083 2344 4139 ἔσονταί
2376 4090 2466 4155 μοι
2504 4084 2648 4149 λαός.
2688 4104 2708 4138 ι
2744 4085 2949 4157 Γράφει
2976 4086 3035 4141 δὲ
3066 4087 3161 4141 καὶ
3188 4088 3217 4141 ό
3249 4088 3522 4159 μακάριος
3558 4086 3708 4141 Παῦ-

2130 4174 2239 4239 λοςσ
2267 4195 2286 4226 ε
2315 4175 2430 4229 Οὑκ
2461 4175 2661 4244 οίδατε,
2688 4176 2772 4230 ὅτι
2803 4176 2926 4240 ναὸς
2945 4176 3080 4230 Θεοῦ
3111 4178 3367 4243 ὲστε,καὶ
3397 4178 3460 4231 τὸ
3482 4178 3712 4249 Πνεῦμα

2130 4263 2226 4321 τοῦ
2260 4264 2397 4320 Θεοῦ
2428 4266 2571 4321 οίκεῖ
2599 4268 2658 4321 εν
2708 4268 2872 4339 ὑμϊνς
2911 4286 2930 4319 ι
2964 4268 3111 4338 Ἔφη
3139 4267 3196 4321 δὲ
3213 4269 3307 4322 καὶ
3328 4268 3499 4333 αὑτὸς
3517 4270 3548 4323 ὁ
3570 4271 3713 4340 Χρι-

456 4376 666 4432 serant,
706 4367 829 4421 ait:
863 4381 882 4416 t
912 4362 972 4420 Si
1023 4362 1146 4419 illos
1188 4362 1328 4416 dixit
1370 4348 1523 4426 deos,
1569 4362 1637 4417 ad
1678 4375 1814 4432 quos
1851 4377 2024 4418 sermo

2136 4357 2258 4421 στὸς
2300 4358 2429 4428 περὶ
2473 4358 2583 4413 τῶν
2631 4358 2802 4424 ἁγίων
2850 4358 3019 4413 αὑτοῦ
3068 4359 3399 4430 προφητῶν,
3445 4361 3567 4431 ἦτοι
3604 4361 3715 4414 τῶν

458 4456 556 4514 Dei
604 4456 783 4512 factus
826 4462 952 4510 est:
983 4467 1146 4525 quem
1179 4450 1339 4506 Pater
1368 4449 1746 4517 sanetillcavit,
1791 4462 1848 4506 et
1886 4452 2036 4506 misit

459 4550 514 4604 in
557 4549 836 4614 mundum,
872 4560 967 4602 vos
1019 4543 1198 4600 dicitis
1230 4558 1247 4599 :
1276 4541 1657 4611 Blasphemas;
1703 4543 1829 4612 quia
1864 4543 1978 4598 dixi
2014 4556 2031 4597 :

459 4640 629 4696 Filius
683 4639 774 4694 Dei
829 4653 948 4695 sum
983 4637 1065 4703 υς
1094 4654 1113 4688 ι
1176 4636 1272 4692 sed
1315 4650 1422 4690 non
1477 4634 1552 4690 ita
1599 4633 1738 4690 Deus
1779 4635 1831 4689 in
1873 4634 2031 4689 Chri-

460 4741 546 4786 sto
579 4728 815 4793 babitat,
844 4730 985 4784 sicut
1020 4729 1075 4783 in
1104 4728 1284 4784 nobis.
1319 4726 1455 4782 Erat
1480 4725 1624 4781 enim
1657 4737 1848 4779 natura
1872 4726 2030 4791 Deus,

461 4822 622 4877 nobis
653 4819 851 4876 similis
880 4819 1077 4884 lactus,
1110 4834 1357 4889 unusque
1380 4833 1443 4872 ac
1473 4817 1620 4872 solus
1649 4816 1839 4883 Filius,
1868 4818 2051 4871 etiam

460 4929 583 4969 cum
633 4925 762 4969 caro
813 4908 995 4966 lactus
1036 4920 1140 4967 est.
1182 4910 1503 4978 Quicunque
1552 4910 1713 4978 igitur
1758 4908 2032 4965 Deiferum

460 5004 737 5060 hominem
786 5017 908 5058 euut
951 5016 1071 5057 esse
1107 5002 1287 5056 dicere
1330 5005 1547 5065 audent,
1596 5015 1660 5054 ac
1706 5016 1808 5054 non
1858 5000 2035 5071 potius

463 5096 630 5153 Deum
667 5095 957 5153 hominem
996 5093 1225 5158 factum,
1258 5091 1568 5147 necessario
1617 5091 1670 5145 in
1701 5094 2032 5163 propositum
2073 5130 2081 5137 .

429 5178 972 5265 lanatltematismum
1002 5186 1267 5242 incidunt.

553 5394 767 5449 ".Ioan.
802 5411 842 5462 r,
873 5395 959 5448 14.
1073 5393 1115 5425 ί·
1133 5392 1263 5447 Luc.
1296 5404 1378 5452 ιιι,
1413 5388 1466 5442 6.

1582 5389 1624 5419 ¹⁹
1648 5386 1820 5441 Levit.
1851 5404 1999 5453 xxvr,
2037 5389 2136 5445 l2:
2171 5392 2214 5445 ll
2239 5394 2362 5449 Cor.
2405 5410 2475 5462 vr,
2511 5396 2595 5452 l6.

2136 4450 2545 4520 προγεγονότων
2570 4450 2763 4519 ἁγίων·
2800 4467 2820 4502 ι
2852 4449 2916 4504 Εί
2946 4450 3191 4514 ἐκείνους
3216 4446 3341 4504 εἷπε
3370 4450 3555 4518 θεοὺς,
3573 4454 3717 4523 πρὸς

2130 4537 2224 4602 οὓς
2259 4541 2289 4593 ὁ
2325 4539 2480 4609 λόγος
2510 4539 2605 4594 τοῦ
2646 4537 2783 4595 Θεοῦ
2831 4541 3068 4610 ἐγένετο,
3113 4540 3173 4594 ὸν
3202 4542 3232 4594 ό
3263 4542 3457 4613 Πατὴρ
3488 4544 3713 4613 ήγίασε,

2132 4629 2228 4683 καὶ
2258 4628 2581 4684 ἀπέστειλεν
2621 4632 2705 4694 εἰς
2744 4630 2837 4684 τὸν
2884 4629 3112 4701 κόσμον,
3159 4632 3320 4701 ὑμεῖς
3370 4630 3586 4699 λέγετε,
3632 4632 3719 4685 ὃτι

2135 4716 2508 4789 Βλασφημεῖς,
2539 4719 2626 4773 ὅτι
2655 4714 2810 4773 εἷπον
2830 4734 2846 4751 ⁶
2886 4719 3016 4783 Υἱὸς
3068 4718 3164 4773 τοῦ
3197 4720 3335 4773 Θεοῦ
3359 4722 3477 4791 είμι
3496 4736 3512 4751 ·
3549 4738 3571 4772 ι
3599 4721 3718 4774 ἁλλ’

2132 4809 2232 4879 οὑχ
2255 4808 2445 4882 ὥσπερ
2474 4811 2533 4863 ὲν
2560 4811 2694 4880 ἡμῖν
2719 4812 2859 4863 οἰκεῖ
2889 4810 3043 4876 Θεὸς,
3072 4810 3216 4864 οὓτω
3254 4814 3351 4865 καὶ
3378 4813 3437 4865 ὲν
3467 4811 3715 4882 Χριστιξν

2134 4896 2266 4962 Θεὸς
2298 4898 2406 4971 γὰρ
2431 4898 2591 4969 φύσει
2620 4895 2721 4972 ἦν,
2754 4899 3010 4971 πεφηνὼς
3051 4900 3172 4955 καθ’
3198 4903 3366 4972 ἡμᾶς,
3394 4898 3478 4967 εἷς
3513 4919 3578 4956 τε
3618 4904 3720 4955 καὶ

2139 4989 2489 5081 μόνοςᾉΥἱὸς,
2517 4992 2610 5044 καὶ
2635 4992 2725 5045 ὅτε
2753 4991 2945 5081 γέγονε
2986 4992 3144 5063 σάρξ.
3173 4996 3236 5047 Ui
3266 4992 3448 5047 τοίνυν
3474 4982 3725 5063 τολμῶνο
3766 5040 3775 5081 ι

2134 5096 2225 5144 τες
2262 5079 2440 5148 λέγειν
2475 5080 2732 5151 θεοφόρον
2760 5080 3046 5152 ἄνθρωπον
3078 5083 3353 5155 ὑπάρχειν
3394 5083 3585 5148 αὑτὸν,
3625 5082 3727 5135 καὶ

2137 5172 2258 5241 οὑχὶ
2279 5170 2343 5241 δὴ
2375 5171 2573 5242 μᾶλλον
2605 5171 3105 5243 ὲνανθρωπήσαντα
3127 5174 3279 5239 Θεὸν,
3315 5175 3727 5228 ὑποπίπτουσιν

2138 5261 2451 5329 ἀναγκαίως
2479 5261 2556 5332 τῷ
2581 5264 2928 5334 προκειμένῳ
2957 5264 3407 5335 ἀναθεματισμῷ.

2708 5398 2753 5429 ²⁰
2776 5397 2796 5452 ι
2823 5397 2948 5454 Cor.
2982 5413 3065 5467 ιιι,
3100 5398 3187 5454 16.
3266 5401 3306 5430 ³⁸
3332 5396 3494 5453 Jo;m.
3537 5416 3591 5465 χ,
3624 5395 3707 5453 35

1507 5528 1680 5583 Varia:
1712 5529 1975 5583 lectiones
2002 5544 2068 5584 ex
2095 5531 2280 5587 codice
2306 5532 2680 5605 Seguieriauo.

535 5675 556 5711 ί
586 5670 693 5751 ότι,
722 5668 799 5756 ἦ,
819 5668 923 5721 ἔτι.
997 5675 1024 5705 ιι
1053 5667 1356 5736 γεγονέναι.
1433 5676 1462 5707 ν
1504 5668 1599 5737 μὲν
1622 5665 1751 5736 γάρ.
1830 5678 1855 5706 ι
1882 5664 2067 5719 πάλιν.
