4014 6128
457 324 564 378 507

1481 323 1540 380 S.
1581 321 1851 378 CYRILLI
1893 321 2358 378 ALEXANDRINI
2398 317 2719 376 ARCHIEP.

3607 311 3714 369 508

460 423 705 510 pulsum;
763 441 814 496 in
880 440 1037 513 huius
1109 443 1542 499 anathematismi
1604 459 1818 515 pmnam
1892 445 2027 501 inci-

2148 463 2209 498 τοι
2270 445 2362 498 καὶ
2419 441 2780 512 ὑποφέρονται
2839 440 2905 509 τῇ
2957 437 3182 509 δυνάμει
3237 435 3329 491 τοῦ
3384 434 3714 505 ἀναθεματι-

458 531 614 588 dunt.

837 644 1473 701 ANATIIEMATISMUS
1518 644 1645 700 VIII.

534 757 589 812 Si
627 757 746 827 quis
784 757 966 813 dicere
998 759 1178 823 audet,
1235 759 1506 814 hominem
1548 769 1880 828 assumptum
1923 773 2033 813 una

461 865 582 904 eum
632 849 723 903 Dei
771 847 944 904 Verbo
985 851 1342 916 adorandum,
1395 859 1452 905 et.
1493 851 2028 920 congloriﬁcandum,

459 952 511 993 et
548 941 735 1003 Deum,
785 948 1039 1009 tanquam
1083 941 1314 995 alterum
1353 957 1473 995 cum
1520 941 1710 1001 altero,
1746 942 2031 996 connomi-

461 1031 693 1084 namlum
757 1045 876 1086 esse
912 1032 1078 1099 (hunc
1131 1033 1276 1087 enim
1336 1033 1670 1088 intellectum
1723 1031 2028 1102 particula,

458 1122 618 1184 Cum,
660 1122 892 1191 adjecta,
924 1133 1184 1192 perpetuo
1207 1139 1272 1179 ac
1304 1126 1619 1180 necessario
1644 1123 1820 1195 all’ert)
1847 1132 1898 1179 et
1925 1137 2030 1177 non

459 1212 640 1282 potius
678 1227 782 1266 una
814 1213 1132 1269 adoratione
1158 1214 1561 1270 Emmanuelem
1592 1216 1840 1277 honorat,
1874 1214 2033 1285 154

460 1317 736 1371 unamque
784 1303 858 1359 iIIi
925 1303 1375 1374 gloriﬁcationem
1435 1306 1718 1369 attribuit,
1767 1317 2033 1375 quatenus

459 1390 696 1448 Verbum
729 1393 930 1449 factum
956 1407 1037 1451 est
1069 1408 1195 1450 caro
1230 1412 1245 1449 :
1283 1397 1571 1451 anathema
1600 1396 1688 1451 sit.

961 1506 1261 1561 Declaratio
1312 1517 1518 1562 octava.

531 1617 798 1687 Baptizati
832 1634 1020 1675 sumus
1052 1620 1104 1674 in
1137 1637 1302 1674 unum
1333 1620 1498 1675 Deum
1533 1618 1750 1677 Patrem
1785 1624 2032 1692 omnipo-

461 1718 688 1777 tentem,
739 1720 794 1764 et
839 1711 892 1764 in
945 1727 1111 1765 unum
1145 1711 1366 1778 Filium,
1415 1722 1470 1766 et
1513 1713 1567 1766 in
1609 1729 1774 1767 unum
1819 1729 2034 1784 quoque

463 1801 725 1871 Spiritum
772 1812 1044 1858 sanctum.
1107 1821 1126 1856 ι
1155 1805 1235 1859 An
1269 1803 1530 1873 ignoratis
1555 1844 1570 1868 ,
1616 1805 1812 1860 fratres
1837 1847 1852 1872 ,
1891 1825 1910 1857 ι
1959 1805 2033 1860 ait

2140 555 2299 609 σμου.

2526 644 2533 650 ’
2563 643 3154 699 ΑΝΑΘΕΜΑΤΙΣΜυΣ
3191 645 3272 698 H'.

2321 781 2401 826 τις
2449 761 2621 831 τολμᾷ
2664 759 2844 827 λέγειν
2877 757 2966 810 τὸν
3006 754 3386 825 ἀναληφθέντα
3429 750 3717 821 ἄνθρωπον

2140 852 2673 926 συμπροσκυνεῑσθαι
2720 853 2830 904 δεῖν
2869 849 2946 920 τῷ
2972 847 3090 919 Θεῷ
3116 849 3300 917 Λόγῳ,
3332 846 3428 900 καὶ
3460 843 3712 908 συνδοξά-

2140 947 2350 1011 ζεσθαι,
2369 946 2464 998 καὶ⁸
2495 942 2962 1014 συγχρηματίζειν
2978 951 2999 977 ι
3025 940 3178 1002 Θεὸν,
3195 939 3268 1001 ὡς
3290 939 3475 1008 ἓτερον
3503 937 3678 1007 ἑτέρῳ
3697 951 3712 965 ο

2138 1039 2200 1092 τὸ
2226 1038 2356 1108 γὰρ,
2392 1037 2516 1101 Σύν,
2549 1036 2637 1089 ἀεὶ
2668 1032 3096 1105 προστιθέμενον
3119 1031 3278 1084 τοῦτο
3302 1033 3443 1084 νοεῖν
3467 1029 3713 1096 ἀναγκά-

2141 1148 2220 1184 σει
2241 1147 2253 1158 ’
2291 1130 2383 1182 καὶ
2417 1129 2538 1199 οὑχὶ
2567 1129 2630 1198 δὴ
2674 1127 2876 1197 μᾶλλον
2907 1127 3004 1196 μιᾷ
3042 1125 3417 1195 προσκυνήσει
3453 1123 3591 1192 τιμᾷ
3619 1120 3713 1174 τὸν

2152 1217 2497 1291 Ἐμμανουὴλ
2523 1259 2536 1282 ,
2586 1218 2681 1272 καὶ
2728 1217 2857 1288 μίαν
2913 1215 3062 1284 αὑτῷ
3102 1213 3202 1284 τὴν
3246 1211 3710 1282 ὃμολογίαννσυν-

2141 1312 2302 1365 ἅπτει
2334 1323 2383 1378 α,
2413 1309 2547 1364 καθὸ
2574 1310 2763 1380 γέγονε
2799 1303 2934 1379 σὰρξ
2961 1308 2988 1360 ὁ
3025 1306 3231 1374 Λόγοςο
3267 1303 3515 1374 ἀνάθεμα
3548 1302 3711 1356 ἔστω.

2713 1510 3025 1574 Ἐπίλυσις
3079 1513 3147 1574 η’.

2211 1628 2304 1690 Εἰς
2333 1628 2430 1679 ἕνα
2465 1623 2617 1688 Θεὸν,
2646 1622 2866 1693 Πατέρα
2896 1621 3334 1690 παντοκράτορα,
3371 1615 3464 1671 καί
3497 1616 3578 1680 είς
3616 1614 3712 1668 ἕνα

2141 1719 2304 1782 Υἱὸν,
2367 1716 2460 1769 καὶ
2511 1714 2616 1785 μὴν
2671 1713 2764 1767 καὶ
2797 1713 2876 1776 εἰς
2917 1711 2973 1764 ἒν
3003 1710 3226 1781 Πνεῦμα
3261 1709 3414 1778 ἆγιον
3454 1706 3712 1777 βεϐαπτί-

2142 1809 2347 1878 σμεθα’
2406 1802 2526 1859 εἶτά
2595 1821 2758 1875 φησιν
2829 1803 2857 1856 ὁ
2928 1803 3193 1872 μακάριος
3242 1798 3489 1863 Παῦλος,
3543 1817 3560 1850 ι
3598 1798 3713 1850 Οὑκ

460 1891 655 1947 beatus
679 1892 900 1958 Paulus,
932 1910 952 1944 ι
981 1895 1102 1962 quia
1140 1894 1452 1964 quicunque
1482 1893 1824 1948 inGhristum
1847 1892 2033 1950 Jesum

2148 1900 2347 1964 οἴδατε,
2405 1901 2487 1951 ὅτι
2549 1897 2663 1950 ὅσοι
2721 1897 2800 1958 εἰς
2852 1893 3086 1963 Χριστὸν
3137 1891 3573 1960 ἐϐαπτίσθημεν,
3633 1889 3712 1950 είς

462 1982 726 2052 baptizati
760 1999 968 2049 smnus,
998 1984 1052 2038 in
1082 1993 1314 2039 mortem
1340 1986 1507 2054 ipsius
1533 1985 1788 2055 baptizati
1812 1985 2034 2039 sumus?

461 2071 774 2143 Conscpulti
808 2089 934 2145 ergo
969 2089 1156 2129 sumus
1179 2089 1303 2129 cum
1351 2075 1445 2130 illo
1481 2091 1576 2146 per
1610 2077 1934 2144 baptismum
1978 2077 2031 2130 in

459 2175 730 2231 mOrlem;
771 2175 825 2219 ut
863 2167 1134 2233 quomodo
1161 2167 1416 2223 Christus
1459 2169 1696 2222 surrexit
1733 2183 1762 2221 a
1807 2169 2034 2222 mortuis

461 2269 557 2322 per
583 2255 809 2326 gloriam
839 2256 1037 2322 Patris,
1070 2261 1141 2313 ita
1177 2269 1232 2314 et
1278 2274 1373 2314 nos
1403 2260 1456 2314 in
1499 2261 1739 2314 novitate
1771 2261 1891 2314 vitae
1920 2276 2032 2314 am-

459 2347 706 2402 bulemus
728 2347 792 2400 ²⁸.
825 2366 845 2400 ι
878 2348 1218 2402 Credidimus
1246 2349 1448 2419 itaque,
1485 2358 1540 2405 et
1564 2349 1823 2418 baptizati
1849 2364 2035 2404 sumus

464 2440 515 2489 in
550 2454 736 2502 unum,
765 2451 823 2492 ut
852 2439 984 2506 dixi,
1014 2440 1208 2494 Filium
1246 2443 1528 2496 Dominum
1570 2453 1814 2496 nostrum
1849 2441 2032 2496 Iesum

463 2527 763 2594 Christum,
813 2530 916 2584 hoc
963 2539 1066 2595 est,
1105 2532 1478 2594 incarnatum,
1524 2532 1912 2600 hominemque
1950 2532 2031 2586 fa-

463 2633 612 2672 ctum
658 2616 752 2675 Dei
798 2615 978 2676 Patris
1033 2620 1315 2687 Verbum;
1358 2637 1635 2691 unumque
1679 2623 2032 2678 exsistentcm

461 2721 515 2762 et
547 2710 712 2765 Deum
740 2712 970 2768 adorare
1003 2713 1180 2768 edocti
1237 2728 1447 2780 sumus,
1476 2730 1540 2770 ac
1575 2729 1826 2784 supernae
1859 2715 2032 2769 virtu-

463 2814 545 2856 tes
593 2803 892 2858 nobiscum.
942 2804 1216 2876 Scriptum
1269 2816 1352 2861 est
1396 2791 1581 2862 enim:
1620 2825 1638 2859 ι
1667 2806 1802 2861 Cum
1853 2817 2033 2862 autem

459 2893 761 2950 introducit
803 2895 1230 2967 l’rimogenitum
1289 2899 1341 2953 in
1392 2900 1578 2953 orbem
1625 2907 1804 2965 terrae,
1856 2898 2030 2951 dicit:

458 2985 524 3038 Et
560 2989 792 3041 adorent
840 3002 962 3041 eum
1009 3003 1198 3044 omnes
1235 2989 1410 3056 angeli
1451 2989 1544 3043 Dei
1568 2989 1634 3040 ⁸⁸.
1668 3007 1686 3038 ι
1724 2988 1918 3041 Factus
1953 2993 2036 3040 est

459 3089 641 3134 autem
672 3078 996 3150 Unigenitus
1032 3079 1454 3149 primogenitus,
1489 3079 1703 3148 quando
1745 3081 1906 3133 homo
1939 3093 2033 3130 no-

462 3172 547 3225 bis
602 3171 798 3224 similis
850 3170 1142 3240 apparuit;
1174 3178 1304 3224 tunc
1363 3171 1506 3224 enim
1559 3170 1770 3226 illorum
1818 3183 2032 3239 quoque

459 3260 634 3315 frater
683 3261 990 3331 appellatus
1025 3262 1268 3340 est,.qui
1323 3262 1470 3316 illum
1517 3261 1767 3330 diligunt.
1814 3261 1868 3315 Si
1920 3241 2108 3330 quisC

459 3351 762 3421 ergoilium
799 3351 958 3405 simul
1008 3353 1224 3407 adorari
1272 3353 1424 3417 dicit,
1467 3360 1719 3422 tanquam
1764 3351 2036 3405 hominem

461 3455 730 3505 seorsum,
786 3455 907 3494 cum
957 3442 1048 3496 Dei
1108 3443 1288 3497 Patris
1322 3441 1497 3498 Verbo
1553 3451 1805 3512 tanquam
1866 3443 2040 3498 altero

463 3533 531 3584 ab
568 3531 704 3597 ipso,
732 3540 784 3584 et
815 3547 922 3585 non
975 3534 1270 3585 secundum
1304 3547 1486 3586 veram
1527 3531 1779 3585 unionem
1812 3531 2039 3600 conjun-

463 3634 595 3687 gens
643 3619 696 3673 in
743 3636 906 3673 unum
954 3620 1228 3674 Christum
1278 3629 1332 3674 et
1383 3619 1576 3674 Filium
1632 3630 1684 3674 et
1731 3622 2038 3684 Dmninum,

465 3725 570 3762 una
625 3709 944 3765 adoratione
993 3711 1244 3781 honorat,
1284 3711 1432 3782 juste
1477 3712 1663 3768 virtuti
1705 3713 1863 3782 hujus
1906 3727 2037 3766 ana-

466 3804 796 3858 thetuatismi
832 3805 1139 3876 subjicitur.

859 3918 1500 3976 ANATIIEMATISMUS
1539 3918 1634 3974 IX.

535 4028 592 4084 Si
625 4029 750 4100 quis
794 4046 958 4085 unum
990 4031 1275 4086 Dominum
1300 4029 1483 4086 Jesum
1519 4029 1800 4086 Christum
1853 4046 1882 4085 a
1911 4031 2030 4100 Spi—

468 4128 576 4178 ritu
621 4123 982 4179 clariﬂeatum
1033 4124 1268 4189 dixerit,
1322 4124 1539 4194 pr0pria
1579 4124 1779 4178 virtute
1826 4124 1996 4192 ipsius
2025 4169 2038 4193 ,

473 4225 730 4283 tanquam
775 4215 950 4270 aliena
989 4221 1264 4280 utentem;
1293 4229 1357 4269 ac
1389 4215 1496 4268 vim
1525 4223 1578 4268 et
1628 4215 1924 4271 elﬁcaeiam
1973 4217 2040 4272 ab

472 4307 662 4361 eodem
714 4306 1010 4373 accepisse,
1064 4319 1168 4372 qua
1226 4314 1413 4359 contra
1463 4305 1772 4361 immundos
1817 4308 2041 4376 spiritus

471 4407 810 4466 operaretur,
855 4406 910 4451 et
939 4396 1121 4450 divina
1178 4397 1318 4451 inter
1361 4399 1607 4453 homines
1650 4400 1910 4456 miracula
1947 4417 2041 4470 pa-

471 4500 660 4556 traret,
714 4504 778 4544 ac
829 4503 933 4544 non
967 4489 1144 4560 potius
1191 4491 1365 4558 ipsum
1421 4489 1701 4559 Spiritum,
1753 4506 1851 4560 per
1880 4508 2039 4561 quem

2139 1990 2230 2044 τὸν
2303 1989 2532 2042 θάνατον
2597 1987 2761 2041 αὑτοῦ
2823 1982 3268 2054 ὲϐαπτίσθημεν;
3325 1980 3713 2048 Συνετάφημεν

2141 2077 2234 2136 οὖν
2283 2079 2431 2151 αύτῷ
2475 2078 2562 2132 διὰ
2592 2077 2685 2130 τοῦ
2721 2076 3097 2146 βαπτίσματος
3131 2071 3294 2126 αὑτοῦ
3327 2073 3404 2134 εἰς
3431 2069 3522 2123 τὸν
3552 2068 3713 2122 θάνα-

2139 2185 2262 2224 τον·
2296 2171 2383 2223 ἴνα
2424 2168 2611 2238 ὥσπερ
2637 2166 2848 2236 ἠγέρθη
2887 2162 3123 2235 Χριστὸς
3152 2163 3216 2214 ὲκ
3257 2160 3464 2230 νεκρῶν
3492 2158 3580 2212 διὰ
3615 2158 3711 2228 τῆς

2141 2261 2297 2333 δόξης
2322 2261 2416 2315 τοῦ
2447 2259 2683 2330 Πατρὺς,
2703 2256 2844 2310 οὑτω
2868 2256 2960 2308 καὶ
2989 2257 3146 2326 ἡμεῖς
3169 2255 3227 2306 ὲν
3256 2252 3534 2320 καινότητι
3567 2248 3712 2318 ζωῆς

2146 2353 2633 2424 περιπατήσωμεν.
2662 2369 2678 2401 ι
2707 2346 3158 2416 Πεπιστεύκαμεν
3195 2343 3392 2406 τοίνυν,
3433 2342 3525 2394 καὶ
3553 2339 3712 2410 βεϐα-

2143 2443 2419 2513 πτίσμεθα
2448 2443 2527 2502 είς
2559 2440 2656 2493 ’ένα
2683 2479 2698 2502 ,
2731 2439 2982 2508 καθάπερ
3015 2436 3172 2506 ἔφην,
3213 2434 3340 2486 Υἱδν
3380 2432 3470 2484 τὸν
3508 2431 3713 2501 Κύριον

2142 2537 2299 2610 ἡμῶν
2334 2534 2540 2605 Ἰησοῦν
2572 2530 2828 2604 Χριστὸν,
2872 2529 3157 2592 τουτέστι,
3197 2521 3615 2596 σεσαρκωμένον
3652 2537 3714 2573 τε

2143 2632 2236 2685 καὶ
2263 2628 2758 2698 ὲνανθρωπήσαντα
2787 2623 2876 2676 τὸν
2910 2625 2973 2674 ὲκ
2995 2618 3128 2674 Θεοῦ
3161 2617 3374 2688 Πατρός
3399 2616 3590 2684 Λόγον,
3617 2611 3714 2666 ἕνα

2141 2741 2199 2777 τε
2246 2724 2375 2776 ὅντα
2427 2720 2609 2774 Θεὸνὶι
2661 2716 2986 2788 προσκυνεῖν
3031 2708 3407 2779 δεδιδάγμεθα,
3454 2708 3551 2760 καὶ
3595 2704 3715 2776 μεθ’

2142 2815 2301 2886 ἡμῶν
2327 2815 2382 2866 αἱ
2412 2812 2523 2866 ἄνω
2553 2810 2845 2880 δυνάμεις’
2875 2807 3188 2876 γέγραπται
3214 2802 3358 2873 γάρ·
3397 2819 3414 2852 ι
3450 2795 3714 2886 ὍτανΑᾷ

2141 2882 2508 2976 προσαγάγῃο
2540 2900 2630 2952 τὸν
2656 2897 3002 2969 πρωτότοκον
3019 2895 3097 2956 εἰς
3122 2893 3218 2962 τὴν
3249 2888 3599 2958 οἰκουμένην,
3628 2882 3717 2976 λέ-

2141 2973 2260 3064 γει⁸
2307 2993 2417 3047 Καὶ
2451 2989 2984 3062 προσκυνησάτωσαν
3031 2981 3231 3037 αὑτὸνά
3267 2981 3466 3040 πάντες
3498 2973 3716 3044 ἄγγελοι

2142 3085 2303 3140 Θεοῦ.
2327 3104 2345 3136 ι
2379 3083 2574 3152 Γέγονε
2608 3081 2664 3133 δὲ
2694 3078 3038 3149 πρωτότοκος
3062 3077 3089 3128 ὁ
3120 3070 3544 3141 Μονογενὴς,ὃτι
3572 3066 3668 3120 καὶ
3691 3076 3716 3104 ο

2144 3178 2429 3249 ἄνθρωπος
2465 3174 2673 3244 πέφηνε
2702 3170 2823 3225 καθ’
2852 3170 2997 3240 ἡμᾶς
3019 3184 3031 3196 ·
3080 3166 3201 3220 τότε
3234 3163 3340 3234 γὰρ
3367 3163 3461 3215 καὶ
3489 3158 3718 3227 ἀδελφὸς

2143 3270 2515 3343 κεχρημάτικε
2553 3266 2662 3320 τῶν
2698 3263 3050 3334 ἀγαπώντων,
3084 3258 3265 3312 αὑτόν,
3325 3255 3391 3309 Εἰ
3415 3271 3499 3317 τις
3536 3252 3718 3343 τοίνυν

2143 3340 2741 3434 συμπροσκυνεῖσθαίί
2816 3371 2982 3423 φησιν
3040 3351 3114 3414 ὡς
3179 3347 3466 3434 ἄνθρωπον
3533 3340 3719 3434 ίδικῷς

2141 3431 2356 3525 ἐτέρῳε
2388 3451 2519 3521 παρ’
2563 3448 2725 3502 αὑτὸν
2772 3445 3071 3515 ὑπάρχοντι
3118 3439 3195 3510 τῷ
3226 3440 3290 3493 ὲκ
3333 3433 3468 3490 Θεοῦ
3503 3431 3719 3525 ῌατρρς

2143 3521 2322 3608 Adfui,
2362 3537 2457 3592 καὶ
2493 3535 2614 3604 οὐχὶ
2644 3531 2766 3587 καθ’
2808 3533 3001 3584 ἕνωσιν
3035 3526 3211 3597 ἀληθῆ
3251 3521 3593 3592 συνενεγκὼν
3639 3521 3716 3582 είς

2140 3630 2238 3683 ἕνα
2291 3627 2546 3698 Χριστὸν,
2603 3624 2694 3678 καὶ
2745 3623 2895 3687 re»,
2954 3620 3049 3673 καὶ
3104 3617 3332 3687 Κύριον,
3401 3615 3500 3686 μιᾷ
3554 3627 3718 3698 προσζ

2143 3696 2361 3790 κυνήσει
2395 3717 2566 3787 τιμᾷ,
2603 3713 2937 3784 ὑποφέρεται
2970 3708 3194 3771 δικαίως
3241 3708 3306 3778 τῇ
3354 3704 3583 3774 δυνάμει
3621 3696 3714 3753 τοῦ

2141 3806 2608 3881 ὰναθεματισμοῦ.

2567 3915 3156 3973 ΑΝΑΘΕΜΑΤΙΣΜΟΣ
3191 3911 3269 3968 Θ’.

2214 4040 2283 4093 Εῐ
2317 4056 2400 4102 τις
2437 4051 2591 4105 φησι,
2637 4032 2728 4085 τὸν
2757 4031 2854 4084 ἕνα
2887 4028 3092 4099 Κύριον
3128 4022 3332 4094 Ἰησοῦν
3364 4018 3603 4094 Χριστὸν
3637 4016 3722 4069 δο-

2145 4128 2445 4198 ξάζεσθαιιι
2481 4127 2632 4200 παρὰ
2665 4124 2760 4178 τοῦ
2793 4121 2933 4176 Πνεύ
2944 4137 3112 4192 ματος
3131 4158 3146 4183 ,
3175 4119 3250 4180 ὡς
3275 4112 3532 4184 ἀλλοτρίᾳ
3555 4109 3722 4164 δυνά-

2149 4244 2239 4298 μει
2261 4229 2328 4294 τῇ
2361 4225 2466 4292 ἰδίᾳ
2493 4219 2656 4275 αὑτοῦ
2681 4217 2983 4289 χρώμενον,
3018 4214 3112 4267 καὶ
3132 4211 3260 4281 παρ’
3293 4205 3459 4262 αὐτοῦ
3486 4203 3728 4258 λαϐόντα.

2143 4292 2206 4368 τὸ
2238 4292 2480 4382 ἐνεργεῖν
2527 4307 2787 4362 δύνασθαι
2818 4303 2962 4358 κατὰ
3005 4299 3334 4369 πνευμάτων
3365 4292 3726 4382 ἀκαθάρτων,

2145 4405 2239 4458 καὶ
2283 4379 2343 4456 τδ
2367 4379 2607 4469 πληροῦν
2641 4399 2720 4460 εἰς
2748 4393 3066 4462 ἀνθρώπους
3108 4393 3204 4454 τὰς
3237 4385 3598 4456 θεοσημίαςί,
3622 4379 3730 4469 καὶ.

2146 4495 2265 4566 οὐχ)⁵
2293 4495 2358 4564 δὴ
2390 4463 2586 4563 μᾶλλον
2615 4489 2743 4542 ἴδιον
2777 4484 2942 4540 αὑτοῦ
2997 4484 3058 4537 τὸ
3102 4479 3324 4551 Πνεῦμά
3361 4494 3522 4547 φησι,
3553 4472 3620 4528 δι’
3655 4463 3730 4527 οὗ

467 4578 648 4630 divina
693 4577 845 4646 signa
879 4579 1070 4646 edidit,
1100 4579 1245 4633 illius
1287 4579 1563 4649 proprium
1595 4594 1715 4635 esse
1757 4582 2036 4640 confessus

2148 4590 2240 4642 καὶ
2265 4587 2535 4657 ἐνήργησε
2567 4583 2664 4644 τὰς
2693 4581 2851 4649 θεοση
2862 4580 2988 4650 μίας
3015 4575 3062 4626 3°
3100 4572 3349 4642 ἀνάθεμα
3377 4569 3542 4622 ἔστω.

467 4668 660 4722 luerit:
694 4671 981 4725 anathema
1011 4672 1103 4728 sit.

1005 4782 1302 4837 Declaralia
1335 4800 1491 4838 nona.

537 4889 603 4944 Et
631 4889 676 4944 si
710 4889 1044 4958 unigenitum
1089 4892 1180 4946 Dei
1211 4893 1443 4949 Verbum
1491 4895 1652 4949 homo
1683 4896 1883 4950 factum
1928 4905 2030 4961 est,

463 4983 658 5037 mansit
691 4989 870 5035 tamen
926 4980 1065 5034 Deus
1101 4983 1280 5036 omnia
1317 4984 1472 5054 155
1497 4995 1688 5052 praeter
1725 4988 1894 5041 solam
1940 5004 2035 5056 pa-

463 5073 774 5126 ternitatem
844 5085 965 5124 cum
1019 5067 1182 5124 Patre
1225 5074 1532 5127 communia
1587 5075 1831 5130 habens:
1865 5076 2036 5145 Spirio

466 5176 686 5233 tumque
721 5171 994 5228 sanetum,
1031 5161 1122 5232 qui
1161 5177 1223 5216 ex
1261 5161 1377 5227 ipso
1403 5173 1503 5228 est,
1535 5167 1742 5234 ipsique
1767 5169 2033 5221 essentia-

465 5253 586 5310 liter
615 5255 780 5318 inest,
813 5256 1092 5324 pmprium
1120 5254 1345 5318 habens,
1378 5256 1572 5310 divinae
1597 5257 1848 5325 potentia:
1884 5258 2036 5325 signa

532 5417 576 5445 ’⁸
603 5415 758 5470 Rom.
788 5434 862 5479 rt,
901 5418 934 5471 '5
966 5435 1117 5488 seqq.
1195 5420 1240 5451 "
1267 5417 1428 5473 Hebr.
1463 5433 1503 5483 I,
1534 5417 1586 5474 ϐ.

2720 4780 2891 4834 Ἐπίλ
2901 4792 3038 4843 υσις
3077 4781 3122 4830 θ’
3133 4816 3147 4830 .

2220 4900 2287 4950 ’Δ
2301 4897 2549 4968 νθρωπος
2581 4892 2820 4963 γεγονὼς
2853 4893 2881 4944 ὁ
2909 4886 3201 4961 μονογενὴς
3230 4885 3324 4939 τοῦ
3363 4884 3500 4938 Θεοῦ
3529 4881 3742 4949 Λόγος,

2145 4987 2538 5058 ἀπομεμένηκε
2573 4985 2666 5039 καὶ
2710 4985 2852 5037 οὑτω
2900 4981 3033 5046 Θεὸς
3056 5022 3069 5044 ,
3106 4979 3286 5032 πάντα
3325 4976 3588 5046 ὑπάρχων
3623 4973 3747 5025 ὅσα

2147 5083 2240 5135 καὶ
2275 5081 2302 5132 ὁ
2329 5079 2539 5150 Πατὴρ,
2573 5078 2696 5147 δίχα
2732 5077 2891 5146 μόνου
2915 5073 3006 5126 τοῦ
3031 5069 3171 5126 εἶναι
3207 5070 3398 5138 Πατήρ
3421 5084 3433 5096 ·
3467 5065 3564 5119 καὶ
3593 5063 3749 5117 ῐόιον

2145 5170 2285 5241 ἔχων
2330 5170 2390 5222 τὸ
2434 5168 2491 5234 ἐξ
2551 5167 2737 5232 αὑτοῦ,
2777 5167 2868 5220 καὶ
2910 5163 3183 5226 ούσιωδῶς
3215 5157 3534 5231 ἐμπεφυκὸς
3577 5155 3752 5224 αὐτῷ

2148 5260 2374 5331 Πνεῦμα
2403 5262 2576 5326 ἅγιον,
2604 5256 2891 5330 εἰργάζετο
2919 5257 3014 5320 τὰς
3041 5252 3336 5324 θεοσημίας
3354 5255 3378 5290 κ
3403 5265 3418 5280 ο
3461 5248 3606 5302 ὥστε
3631 5246 3756 5300 καὶ

1520 5556 1690 5610 \‘arire
1718 5558 1975 5611 lectiones
2006 5571 2071 5610 ex
2107 5556 2292 5612 codice
2324 5558 2692 5628 Seguieriano.

540 5683 561 5710 τ
603 5671 1043 5744 συσχηματὶξειν.
1126 5687 1147 5713 ε·
1178 5675 1483 5742 δοξολογὶαν
1511 5677 1763 5739 ἀνάπτει,
1790 5677 1945 5744 alias,
1976 5677 2309 5744 ἀναπέμπει.

465 5744 580 5797 καί.
673 5743 686 5779 ί
728 5745 1170 5812 προσκυνεῖσθαι.
1239 5749 1261 5784 ε
1294 5746 1384 5797 καὶ
1419 5747 1491 5807 ὡς
1524 5748 1711 5817 ἑτέρῳ.
1793 5743 1819 5784 ιι
1849 5745 2179 5809 δεδοξάσθαι.

2817 5685 2836 5708 ο
2862 5672 3148 5741 εἰσαγάγῃ.
3261 5669 3284 5741 τι
3319 5666 3490 5736 αὐτῷ.
3591 5678 3613 5706 ε
3639 5669 3761 5724 ὅτε

2749 5739 3127 5814 ιθεοσημεέαςξ
3187 5742 3220 5780 It
3255 5739 3611 5810 θεοσημείυις.

2378 5676 2402 5714 b
2435 5677 2528 5727 καὶ
2558 5674 2709 5726 Θεόν.

2267 5747 2279 5786 i
2317 5745 2663 5815 θεοσημεὶας.
