4014 6128
347 315 482 399 ἐον

1410 288 1824 401 emissam
1862 327 2220 389 suosscm
2262 333 2594 394 caprrmr.

3531 341 3637 402 sto

364 438 475 510 ἄνθ
486 465 670 522 ρωπος
719 446 952 517 γεγονὼς
976 484 992 509 ν
1042 443 1420 517 ἐπιμεμένηκε
1469 446 1567 501 καὶ
1606 446 1748 500 οὕτω
1783 446 1944 511 Θεός·

2062 454 2403 520 operabatur.
2446 452 2633 520 Quare
2677 456 3031 522 posteaquam
3076 451 3237 506 homo
3284 450 3484 507 factum
3529 465 3635 524 est,

373 544 522 598 ὥστε
555 541 663 612 ἰδίᾳ
686 539 909 608 δυνάμει
937 539 1006 608 τῇ
1034 536 1122 591 διὰ
1148 536 1244 591 τοῦ
1274 536 1592 609 Πνεύματος
1616 536 1857 609 ἐπλήρου
1883 538 1952 592 τὰ

376 634 657 701 θαύματα.
687 631 749 684 Ol
774 630 830 683 δέ
860 628 1132 698 λέγοντες,
1163 629 1239 692 ὡς
1272 628 1556 699 ἄνθρωπον
1586 629 1683 683 Eva
1710 628 1801 682 τὸν
1828 628 1950 682 καθ’

378 727 555 796 ἡμᾶς,
579 723 742 794 ἤγουν
764 719 872 772 τῶν
903 719 1097 787 ἀγίων,
1126 717 1438 784 δεδοξάσθαι
1470 719 1632 772 αὐτὸν
1659 722 1726 789 τῇ
1749 717 1837 772 διὰ
1854 716 1950 771 τοῦ

381 813 699 883 Πνεύματος
745 808 1016 881 ἐνεργείᾳ,
1066 807 1165 878 οὐχ
1219 807 1295 872 ὡς
1330 808 1432 879 ἰδίᾳ
1474 808 1695 879 μᾶλλον,
1730 807 1845 861 ἀλλ’
1876 806 1952 871 ὡς

383 905 653 976 ἀλλοτρίᾳ,
703 903 798 958 καὶ
848 903 910 955 οὐ
953 901 1251 972 θεοπρεπεῖ
1276 900 1579 972 χρώμενον,
1627 902 1724 956 καὶ
1768 900 1844 964 ὼς
1891 900 1952 953 ἐν

381 1003 597 1072 χάριτος
627 999 784 1070 μέρει
833 996 1021 1049 λαϐεῖν
1071 993 1224 1065 παρά
1266 992 1361 1046 τοῦ
1392 992 1710 1061 Πνεύματος
1734 990 1833 1060 τὴν
1871 990 1953 1052 εἰς

376 1091 633 1162 οὐρανοὺς
658 1087 925 1158 ἀνάληψιν
946 1103 960 1117 ο
1003 1084 1386 1138 ὑποκείσονται
1430 1082 1654 1144 δικαίως
1690 1079 1755 1151 τῇ
1790 1078 1949 1134 δυνά·

377 1198 467 1253 με
495 1180 589 1234 τοῦ
623 1176 1101 1250 ἁναθεματισμοῦ.

804 1315 1398 1371 ΑΝΑΘΕΜΑΤΙΣΜΟΣ
1436 1315 1489 1367 1’.

456 1452 749 1525 Ἀρχιερέα
770 1492 787 1518 ,
838 1453 932 1506 καὶ
976 1451 1274 1507 ἀπόστολον
1313 1450 1416 1520 τῆς
1448 1448 1740 1518 ὁμολογίας
1790 1446 1953 1518 ἡμῶν

376 1544 704 1615 γεγενῆσθαι
729 1543 962 1614 Χριστὸν
989 1545 1021 1615 ὴ
1049 1541 1170 1596 Θεία
1195 1541 1347 1611 λέγει
1376 1542 1564 1614 Γραφή
1586 1558 1600 1572 ·
1647 1536 1951 1612 προσκεκο-

382 1634 603 1705 μικέναι
626 1634 683 1687 δὲ
710 1634 901 1688 ἑαυτὸν
930 1633 1069 1703 ὑπὲρ
1099 1632 1257 1703 ἡμῶν
1286 1634 1368 1695 είς
1395 1632 1572 1703 ὀσμὴν
1606 1631 1833 1696 εὐωδίας
1872 1630 1951 1700 τῷ

2057 541 2199 596 Deus
2251 542 2414 597 etiam
2459 543 2542 598 sic
2584 542 2921 611 permansit;
2958 550 3120 610 atque
3155 542 3230 594 ita
3285 542 3501 611 propria
3546 558 3641 611 per

2055 630 2319 703 Spiritum
2369 634 2570 689 virtute
2614 631 2876 687 miracula
2928 633 3200 701 patrabat.
3243 633 3343 699 Qui
3387 647 3518 687 vero
3561 634 3640 687 di-

2051 733 2203 791 cunt,
2233 724 2406 790 illum,
2442 734 2698 792 tanquam
2733 739 2901 778 unum
2934 724 3243 795 quempiam
3273 739 3304 779 e
3334 725 3510 789 nobis,
3541 725 3638 780 hoc

2052 822 2136 868 est
2183 828 2214 869 e
2264 814 2440 869 sancti
2488 814 2730 883 Spiritus
2770 815 3085 883 operatione
3133 812 3516 876 clariﬁealem.
3552 800 3655 868 εειςί

2052 915 2177 972 que,
2213 918 2319 959 non
2367 913 2425 958 ut
2469 905 2713 974 propria,
2763 904 2856 958 sed
2903 913 3162 973 tanquam
3205 903 3402 968 aliena,
3438 914 3493 958 et
3523 919 3642 973 quae

2053 993 2223 1049 Deum
2266 1011 2371 1050 non
2435 997 2652 1061 deceat,
2688 996 2885 1060 usum,
2943 1012 3153 1052 necnon
3202 998 3356 1067 quasi
3406 998 3642 1069 Spiritus

2052 1085 2226 1154 gratia
2258 1086 2323 1139 ad
2372 1086 2544 1142 caelos
2573 1101 2694 1142 esse
2728 1096 3072 1157 assumptum
3102 1104 3119 1143 :
3155 1088 3228 1144 illi
3270 1089 3482 1146 merito
3505 1103 3644 1145 ana-

2054 1176 2385 1233 thematismi
2420 1176 2580 1245 hujus
2612 1178 2799 1232 virtuti
2841 1178 3226 1248 subjacebunt.

2468 1308 3115 1367 ANATHEMATISMUS
3153 1313 3219 1367 X.

2124 1442 2490 1500 Confessionis
2536 1454 2733 1502 nostrae
2771 1447 3082 1518 pontiﬁcem
3123 1456 3177 1504 et
3205 1432 3506 1517 apostolum
3550 1454 3634 1505 ta-

2053 1546 2199 1592 ctum
2254 1553 2376 1594 esse
2447 1539 2730 1595 Christum
2795 1539 3077 1610 Scriptura
3126 1541 3306 1596 divina
3365 1542 3523 1597 docet
3544 1542 3633 1596 "z

2052 1622 2314 1678 obtulisse
2336 1638 2552 1694 quoque
2592 1624 2952 1693 semetipsum
2989 1640 3087 1694 pro
3122 1626 3277 1679 nobis
3312 1625 3419 1680 Deo
3451 1634 3502 1679 et
3533 1624 3637 1679 Pa-

378 1725 500 1795 Θεῴ
535 1728 629 1780 καὶ
671 1726 866 1797 Πατρί.
901 1724 968 1778 Εἴ
1003 1741 1083 1788 τις
1125 1724 1306 1777 τοίνυν
1346 1723 1645 1795 ἀρχιερέα,
1694 1723 1786 1776 καὶ
1819 1722 1947 1777 ἀπόο

2062 1715 2123 1769 tri
2153 1723 2208 1770 et
2235 1717 2287 1770 in
2318 1716 2542 1771 odorem
2586 1717 2881 1772 suavitatis
2904 1717 2976 1770 ³¹.
3004 1717 3060 1772 Si
3091 1717 3213 1787 quis
3251 1731 3385 1786 ergo
3414 1716 3633 1780 dixerit,

379 1819 567 1873 στόλον
611 1817 769 1889 ἡμῶν
812 1815 1147 1886 γεγενῆσθαί
1196 1832 1364 1886 φησιν
1406 1815 1507 1868 οὐκ
1549 1814 1710 1868 αὑτὸν
1758 1814 1849 1868 τὸν
1886 1814 1952 1866 ἐκ

2062 1806 2366 1876 pontiﬁcem
2411 1814 2467 1863 et
2496 1807 2804 1876 apostolum
2849 1818 3095 1863 nostrum
3145 1822 3259 1862 non
3290 1822 3416 1862 esse
3460 1806 3634 1877 ipsum

377 1900 512 1964 Θεοῦ
545 1912 754 1981 Πατρδς
783 1910 979 1979 Λόγον,
1006 1909 1095 1963 ὅτε
1124 1909 1315 1977 γέγονε
1346 1906 1511 1978 σὰρξ,
1537 1907 1630 1961 καὶ
1657 1906 1779 1960 καθ’
1806 1906 1953 1976 ἡμᾶς

2062 1896 2150 1951 Dei
2177 1895 2815 1968 Verbum,posteaquam
2849 1912 2977 1953 caro
3010 1906 3062 1953 et
3103 1898 3265 1953 homo
3294 1897 3450 1954 nobis
3484 1896 3635 1952 simi-

376 2003 685 2074 ἀνθρωπος,
704 2002 820 2056 ἀλλ’
852 2001 928 2065 ὡς
951 2001 1140 2070 ἕτερον
1165 1998 1295 2070 παρ’
1318 1999 1499 2063 αὐτὸν,
1533 1998 1713 2063 ίδικῶς
1746 1996 1954 2068 ἄνθρω-

2062 1986 2123 2043 Iis
2165 1986 2366 2041 factum
2397 2000 2521 2054 est;
2555 1991 2651 2043 sed
2683 1989 2960 2045 hominem
2992 1988 3165 2057 illum,
3198 1989 3289 2059 qui
3316 2004 3382 2044 et
3412 1987 3640 2044 muliere

374 2110 477 2177 που
506 2095 573 2146 ἐκ
592 2091 881 2162 γυναικός·
910 2091 946 2161 ἢ
975 2092 1028 2145 εί
1053 2107 1137 2153 τις
1182 2089 1341 2157 λέγει
1374 2090 1512 2161 ὑπὲρ
1537 2088 1553 2129 ι
1576 2088 1770 2143 ἑαυτοῦ
1793 2106 1954 2161 προσ-

2062 2088 2221 2133 natus
2260 2087 2363 2148 est,
2396 2079 2554 2150 quasi
2590 2080 2821 2135 alterum
2856 2082 3168 2152 quempiam
3201 2080 3269 2135 ab
3318 2080 3437 2150 ipso
3470 2080 3641 2136 diver-

374 2170 623 2252 ἑιεγκεῖν
667 2183 829 2237 αὐτὸν
857 2182 957 2252 τὴν
984 2182 1323 2253 προσφορὰν,
1372 2182 1469 2234 καὶ
1495 2181 1614 2252 οὐχ).
1644 2181 1710 2251 δὴ
1753 2180 1954 2252 μᾶλλον

2062 2183 2175 2233 sum
2207 2188 2220 2226 :
2253 2178 2347 2224 aut
2393 2170 2438 2226 si
2470 2174 2590 2241 quis
2626 2170 2906 2227 Christum
2956 2187 3053 2243 pro
3104 2171 3285 2241 seipso
3314 2185 3553 2242 quoque.
3584 2179 3640 2224 et

376 2276 521 2346 ὑπὲρ
551 2275 727 2346 μόνων
770 2273 962 2346 ἡμῶν·
1015 2273 1075 2326 οὐ
1110 2273 1218 2344 γὰρ
1252 2272 1320 2326 ἂν
1350 2271 1544 2342 ἐδεήθη
1573 2273 1891 2345 προσφορᾶς
1926 2271 1954 2323 6

2062 2276 2164 2317 non
2218 2262 2397 2331 petius
2445 2278 2542 2334 pro
2590 2263 2748 2319 nobis
2805 2264 2937 2319 solis
2990 2263 3320 2319 sacrificium
3376 2263 3640 2318 obtulisse

381 2364 458 2435 μὴ
478 2366 636 2426 εἰδὼς
666 2365 944 2437 ἁμαρτίαν
964 2381 977 2394 ⁸
1012 2356 1261 2436 ἀνάθεμα
1293 2364 1466 2421 ἔστω.

975 2559 1285 2624 Ἐπίλυσις
1317 2566 1369 2614 ι’.

453 2666 675 2737 Σμικρά
723 2667 822 2737 μὲν
866 2667 1310 2738 ὁμολογουμένως
1351 2667 1431 2738 τῷ
1469 2669 1537 2722 ἐκ
1569 2668 1703 2723 Θεοῦ
1750 2670 1962 2742 Πατρδς

376 2759 547 2829 ,φύντι
597 2759 756 2830 Λόγῳ
789 2758 867 2812 τὰ
881 2758 1214 2831 ἀνθρώπινα.
1240 2759 1388 2831 Πλὴν
1421 2759 1535 2813 ἀλλ’
1554 2761 1653 2815 οὔκ
1682 2762 1960 2835 ἀπόϐλητα

384 2850 474 2903 διὰ
502 2846 601 2921 τὴν
627 2849 960 2922 οἰκονομίαν.
1011 2850 1216 2922 Κύριος
1246 2851 1353 2922 γὰρ
1392 2850 1469 2905 ὣν
1498 2853 1606 2905 τῶν
1640 2852 1775 2908 ὅλων
1819 2854 1961 2908 κατὰ

382 2944 566 3016 φύσιν,
609 2942 852 3012 καθῆκεν
889 2942 1081 2995 ἐαυτὸν
1120 2943 1180 2994 ἐν
1213 2944 1325 3005 τοῖς
1357 2940 1499 2995 καθ’“
1522 2944 1699 3015 ἡμᾶς,
1744 2946 1960 3016 μορφὴν

375 3031 564 3085 δούλου
608 3031 823 3085 λαϐὼν⁹
863 3033 957 3086 καὶ
991 3033 1396 3104 κεχρημάτικεν
1431 3034 1591 3106 ἡμῶν
1631 3036 1728 3091 καὶ
1769 3038 1960 3108 ἀρχιε-

2058 2353 2258 2408 dixerit
2286 2355 2485 2424 (neque
2534 2356 2679 2411 enim
2726 2355 2998 2427 oblatione
3042 2355 3261 2426 egebat,
3294 2355 3384 2425 qui
3430 2368 3649 2426 pecca-r

2059 2453 2171 2500 tum
2199 2460 2303 2500 non
2341 2446 2509 2517 novit)
2541 2464 2553 2500 :
2594 2446 2880 2503 anathema
2911 2447 3002 2502 sit.

2568 2558 2870 2615 Declaratio
2889 2560 3121 2616 decium;

2131 2673 2337 2742 Exigua
2378 2687 2511 2728 sane
2542 2682 2665 2733 sunt
2702 2674 2901 2740 Verbo,
2936 2674 3077 2743 quod
3111 2687 3175 2727 ex
3213 2671 3323 2729 Deo
3351 2673 3512 2728 Patre
3543 2687 3639 2728 or—

2062 2773 2172 2819 tum
2197 2774 2299 2830 est,
2329 2777 2449 2833 qua:
2472 2765 2705 2818 humana
2734 2774 2895 2833 sunt;
2923 2774 3159 2819 attamen
3180 2774 3400 2833 propter
3421 2766 3637 2836 dispen-

2060 2861 2326 2916 sationem
2366 2874 2470 2913 non
2516 2855 2830 2924 rejicienda.
2864 2856 2997 2910 Cum
3034 2857 3177 2910 enim
3212 2858 3504 2913 secundum
3537 2874 3637 2913 na-

2062 2954 2238 3005 turain
2285 2949 2659 3004 universorum
2704 2946 2961 3003 Dominus
3001 2954 3188 3012 esset,
3236 2948 3419 3002 servili
3466 2948 3636 3015 forma

2064 3041 2382 3110 accepta,.in
2422 3053 2647 3109 eaquae
2687 3046 2870 3094 nostra
2905 3049 3055 3101 sunt.
3088 3038 3434 3106 semetipsum
3459 3038 3637 3093 demi-

376 3125 525 3194 ρεὺς.
559 3124 655 3178 καὶ
683 3124 1000 3189 ἀπόστολος,
1029 3124 1139 3179 τῶν
1164 3125 1263 3196 τῆς
1293 3126 1707 3200 ἀνθρωπότητος
1744 3129 1954 3201 μέτρων

2071 3132 2175 3197 sit;
2209 3130 2618 3200 appellatusque
2638 3138 2722 3183 est
2758 3139 2945 3184 noster
2980 3129 3308 3198 pontifemet
3340 3130 3635 3198 apostolus,

376 3216 472 3267 καὶ
509 3216 590 3278 είς
625 3215 784 3269 τοῦτο
822 3216 1135 3271 καλούντων
1174 3218 1363 3272 αὐτόν’
1403 3238 1422 3271 ι
1452 3220 1873 3293 Προσκεκόμικε
1901 3222 1959 3276 δὲ

375 3307 570 3361 ἑαυτὸν
604 3308 746 3379 ὑπὲρ
785 3309 944 3380 ⁴ἡμῶν
978 3311 1056 3374 είς
1099 3310 1277 3382 ὀσμὴν
1316 3311 1543 3377 εὐωδίας
1583 3314 1662 3384 τῷ
1709 3315 1828 3386 Θεῷ
1866 3316 1960 3368 καὶ

375 3397 579 3468 Ιιατρί·
614 3400 714 3470 μιᾷ
758 3399 869 3471 γὰρ
897 3403 1183 3473 προσφορᾷ
1224 3403 1542 3457 τετελείωκε
1578 3406 1703 3469 τοὺς
1734 3406 1959 3475 ἁγιαζο-

378 3491 570 3559 μένους
605 3494 686 3556 εἰς
710 3492 773 3545 τὸ
800 3493 1064 3564 διηνεκὲς,
1093 3513 1113 3548 ι
1145 3496 1291 3550 καθά
1319 3497 1647 3568 γέγραπται.
1691 3498 1833 3551 Ἀλλ’
1859 3499 1959 3552 οὐκ

372 3581 640 3650 οἶδ’ὅπως
667 3595 708 3623 ω
737 3589 786 3640 οἱ
830 3588 1180 3660 ἑτερόφρονες
1228 3590 1329 3642 οὐκ
1375 3591 1536 3644 αὑτὸν
1582 3591 1675 3646 τὸν
1724 3595 1789 3646 ἐκ
1821 3592 1957 3647 Θεοῦ

374 3678 544 3745 Λόγον
561 3677 849 3750 ἄνθρωπον
872 3680 1131 3748 γεγονότα
1153 3681 1594 3752 διισχυρίζονται,
1622 3685 1957 3754 χρηματίσαι

373 3785 431 3821 τε
462 3770 556 3823 καὶ
578 3770 898 3836 ἀπόστολον,
925 3772 1017 3824 καὶ
1040 3772 1305 3843 ἀρχιερέα
1348 3774 1446 3843 τῆς
1466 3775 1757 3844 ὁμολογίας
1779 3776 1954 3845 ἡμῶν,

375 3858 489 3910 ἀλλ’
509 3859 584 3922 ὡς
611 3860 801 3931 ἕτερόν
831 3878 956 3915 τινα
982 3862 1111 3931 παρ’
1134 3862 1296 3917 αὑτὸν
1322 3864 1607 3936 ἄνθρωπον
1640 3865 1842 3931 ίδικῶς,
1866 3866 1957 3921 τὸν

375 3948 438 4001 ἐκ
459 3950 557 4018 τῆς
581 3940 739 4020 ἁγίας
764 3951 1041 4023 Παρθένου
1067 3956 1436 4024 γεγενημένον
1459 3955 1591 4023 φασὶ
1617 3956 1956 4027 χρηματίσαι

376 4043 469 4092 καὶ
500 4042 816 4108 ἀπόστολον,
841 4043 934 4097 καὶ
956 4037 1239 4116 ἀρχιερέα,
1267 4046 1362 4098 καὶ
1393 4045 1535 4098 κατά
1566 4047 1847 4118 προκοπὴν
1874 4050 1955 4112 εἰς

373 4132 535 4186 τοῦτο
556 4133 893 4203 ἐληλυθέναι,
921 4135 1017 4189 καὶ
1040 4137 1141 4205 οὐχ
1164 4135 1267 4188 ὗπέ
1276 4153 1306 4204 ρ
1326 4153 1384 4204 γε
1416 4136 1592 4206 μόνων
1618 4137 1793 4207 ἡμῶν,
1820 4139 1955 4193 ἀλλά

376 4226 470 4278 καὶ
518 4225 660 4296 ὑπὲρ
696 4225 890 4283 ἐαυτοῦ
925 4229 1315 4297 προσενεγκεῖν
1345 4235 1372 4263 ³
1415 4227 1608 4281 ἑαυτὸν
1653 4229 1733 4292 είς
1765 4228 1954 4282 Θυσίαν

376 4316 455 4377 τῷ
489 4316 610 4387 Θεῷ
653 4319 747 4372 καὶ
777 4318 984 4390 Πατρί·
1017 4319 1155 4390 ὅπερ
1183 4318 1301 4372 ἐστὶ
1328 4322 1426 4390 τῆς
1459 4319 1646 4390 ὀρθῆς,
1678 4320 1771 4374 καὶ
1802 4322 1955 4392 ἀμω-

377 4408 554 4475 μήτου
585 4407 818 4471 πίστεως
845 4409 1123 4481 ἀλλότριον
1145 4410 1423 4474 παντελῶς
1441 4427 1454 4441 ο
1482 4412 1542 4465 οὐ
1568 4413 1675 4484 γὰρ
1698 4413 1952 4484 ἐποίησεν

2063 3223 2310 3276 humanae
2340 3233 2547 3276 natura:
2579 3219 2980 3275 conditionibus
3010 3221 3077 3276 ad
3120 3220 3221 3276 hoc
3256 3220 3630 3290 etiam~ipsum

2062 3312 2397 3365 vocantibus.
2445 3329 2464 3362 ι
2502 3305 2707 3364 Obtulit
2740 3319 2919 3365 autem
2955 3310 3306 3380 semetipsum
3338 3326 3439 3383 pro
3474 3312 3631 3366 nobis

2061 3403 2171 3457 Deo
2212 3402 2360 3456 Patri
2400 3402 2452 3456 in
2473 3402 2696 3457 odorem
2727 3402 3091 3457 suavitatis".
3116 3402 3234 3458 Una
3261 3404 3457 3473 quippe
3479 3404 3634 3458 obla-

2064 3496 2207 3550 tione
2221 3495 2612 3550 consummavit
2632 3494 2996 3550 sanctiﬁcatos
3027 3495 3079 3549 in
3111 3496 3501 3566 sempiternum
3524 3496 3624 3562 ³³,ι

2061 3586 2213 3641 sicut
2251 3587 2510 3656 scriptum
2564 3594 2664 3640 est.
2709 3585 2775 3639 At
2815 3587 2997 3640 nescio
3046 3587 3316 3656 quomodo
3351 3588 3446 3657 qui
3477 3602 3636 3642 secus

2060 3679 2320 3745 sentiunt,
2356 3694 2459 3731 non
2487 3678 2657 3747 ipsum
2698 3677 2792 3731 Dei
2836 3676 3070 3731 Verbum
3122 3678 3393 3733 hominem
3438 3679 3636 3733 factum

2062 3770 2360 3834 exstitisse,
2392 3779 2444 3823 et
2475 3767 2778 3837 apostolum
2826 3782 2890 3823 ac
2934 3769 3244 3837 pontiﬁcem
3277 3769 3637 3825 confessionis

2060 3871 2284 3924 nostra).
2315 3861 2408 3914 sed
2452 3861 2606 3930 quasi
2642 3860 2911 3914 diversum
2942 3861 3247 3930 quempiam
3285 3862 3353 3915 ab
3387 3862 3501 3931 ipso
3534 3861 3635 3915 ho-

2060 3956 2259 4009 minem
2290 3966 2535 4008 seorsum
2572 3965 2601 4004 e
2628 3960 2814 4004 sancta
2856 3948 3077 4019 Virgine
3125 3962 3308 4004 natum
3333 3992 3348 4017 ,
3386 3960 3440 4005 et
3476 3949 3649 4022 156.

2060 4044 2359 4115 apostolum
2410 4058 2472 4095 ac
2527 4041 2833 4112 pontiﬁcem
2884 4051 3134 4096 vocatum
3193 4041 3359 4096 fuisse
3405 4053 3634 4097 conten-

2058 4135 2225 4200 dunt;
2256 4142 2310 4187 ct
2343 4133 2674 4201 proﬁciendo
2706 4133 2771 4185 ad
2806 4133 2907 4187 hoc
2938 4142 3180 4188 evectum
3214 4147 3333 4188 esse
3360 4150 3373 4187 :
3409 4148 3507 4188 nec
3536 4148 3632 4201 pro

2060 4224 2213 4277 nobis
2239 4223 2369 4277 solis
2397 4221 2741 4290 semetipsum
2784 4221 2893 4277 Deo
2935 4232 2989 4275 et
3034 4222 3178 4276 Patri
3213 4224 3263 4276 in
3302 4223 3630 4279 sacriﬁcium

2058 4315 2334 4379 obtulisse,
2374 4314 2468 4369 sed
2520 4315 2681 4368 etiam
2726 4330 2823 4384 pro
2869 4316 3092 4385 seipso:
3130 4314 3182 4369 id
3221 4316 3361 4384 quod
3409 4332 3436 4368 a
3484 4324 3628 4371 recta

2059 4406 2440 4476 inculpataque
2486 4404 2592 4461 ﬁde
2637 4408 2859 4460 omnino
2901 4416 2982 4461 est
3029 4407 3260 4461 alienum
3287 4447 3302 4471 ,
3350 4417 3628 4475 peccatum

375 4498 682 4567 ἁμαρτίανο
716 4501 745 4552 6
788 4500 847 4555 δὲ
891 4503 1152 4573 κρείττων
1202 4500 1278 4556 ὢν
1314 4501 1409 4556 τοῦ
1447 4483 1808 4573 πλημμελεῖν,
1844 4483 1951 4558 καὶ

2062 4498 2203 4551 enim
2235 4514 2339 4551 non
2368 4496 2594 4552 fecerat.
2629 4497 2728 4564 Qui
2770 4508 2948 4552 autem
2979 4498 3176 4551 delicto
3215 4500 3481 4567 superior,
3507 4514 3655 4573 pecm

374 4588 682 4660 ἀμοιρήσας
701 4590 974 4661 ἁμαρτίας
1000 4590 1299 4656 παντελῶς,
1321 4591 1421 4644 οὐκ
1444 4591 1511 4645 ἂν
1539 4592 1732 4664 ἐδεήθη
1761 4592 1951 4657 θυσίας

372 4677 472 4745 τῆς
503 4677 645 4749 ὑπὲρ
667 4678 881 4734 ἐαυτοῦ.
919 4681 1135 4753 Ἐπειδὴ
1156 4681 1213 4734 δὲ
1244 4680 1304 4734 τὸ
1334 4680 1479 4745 είκὸς
1512 4680 1949 4753 παρωθούμενοι,

373 4769 467 4822 δύο
505 4770 572 4841 δὴ
606 4771 767 4824 πάλιν
795 4772 944 4834 υἱοὺς
966 4772 1268 4828 ἐπινοοῦσιν
1295 4775 1342 4827 οἱ
1373 4773 1745 4846 ἐτερόφρονες,
1779 4775 1950 4843 ἀναγ-

372 4864 546 4927 καίως
574 4862 795 4932 γέγονεν
829 4868 859 4919 6
889 4866 1362 4938 ἀναθεματισμὺς,
1408 4868 1628 4939 ἐμφανῆ
1678 4866 1953 4921 καθιστῶν

371 4953 472 5024 τὴν
511 4954 765 5011 ἀσέϐειαν
792 4956 991 5013 αὐτῶν.

800 5148 1390 5205 ΑΝΑΘΕΜΔΤΙΣΜΟΣ
1421 5152 1524 5205 IA'.

448 5257 523 5312 El’
549 5275 633 5322 τις
666 5258 766 5330 οὐχ
803 5260 1054 5330 ὁμολογεῖ
1080 5262 1180 5332 τὴν
1225 5261 1322 5315 τοῦ
1356 5263 1563 5333 Κυρίου
1600 5263 1779 5333 σάρκα
1811 5261 1942 5326 ζωο-

2058 4588 2270 4658 catique
2297 4602 2522 4657 prorsus
2551 4602 2742 4657 expers
2769 4595 2921 4653 erat,
2951 4586 3225 4641 oblatione
3253 4603 3351 4657 pro
3392 4604 3451 4643 se
3484 4588 3631 4644 nullo

2055 4687 2212 4749 pacto
2240 4694 2375 4747 opus
2404 4679 2657 4732 habebat.
2698 4678 2957 4743 Quoniam
2986 4692 3113 4732 vero
3150 4680 3241 4749 qui
3287 4688 3473 4735 contra
3506 4695 3631 4738 sen-
3682 4662 3686 4667 ’

2061 4770 2221 4831 tiunt,
2269 4768 2401 4820 duos
2443 4781 2629 4820 rursus
2668 4766 2805 4821 ﬁlios
2841 4765 3068 4821 absurde
3107 4769 3625 4832 comminiscuntur,

2057 4871 2233 4927 operae
2259 4856 2489 4924 pretium
2524 4856 2645 4919 fuit,
2679 4864 2738 4910 ut
2760 4857 2847 4911 hic
2881 4872 3095 4928 quoque
3134 4859 3623 4915 anathematismus

2056 4949 2445 5017 assignaretur,
2501 4949 2591 5017 qui
2640 4949 2973 5020 impietatem
3023 4950 3241 5008 illorum
3286 4952 3624 5022 perspicuam

2056 5038 2305 5093 redderet

2456 5149 3093 5208 ANATIIEMATISMUS
3133 5149 3227 5207 XI.

2129 5263 2184 5318 Si
2205 5262 2325 5331 quis
2348 5258 2561 5319 Domini
2585 5278 2803 5319 carnem
2830 5263 3122 5329 viviﬁcam,
3145 5263 3421 5333 ipsiusque
3442 5256 3624 5324 Verbi,

456 5436 505 5470 ⁸⁸
526 5440 695 5495 llebr.
728 5456 812 5510 ιιι,
848 5442 898 5496 l.
998 5442 1038 5474 ³³
1069 5442 1268 5511 Ephes.
1301 5459 1353 5509 ν,
1380 5443 1433 5496 2.
1512 5445 1555 5475 ³²
1583 5443 1718 5499 lbid.
1810 5444 1856 5477 ⁸³
1872 5445 2039 5500 Hebr.
2073 5458 2128 5511 ς,
2161 5445 2245 5501 ll.

1450 5598 1622 5654 Varia:
1661 5599 1923 5656 lectiones
1952 5616 2016 5656 ex
2050 5600 2237 5655 codice
2273 5596 2647 5671 Seguieriano.

436 5745 461 5795 ι
486 5748 581 5807 καὶ
602 5750 764 5821 ὺπέρ.
842 5755 875 5778 ’³
906 5744 1023 5804 οῖδα
1052 5751 1184 5817 πῶς.

1263 5764 1287 5791 η
1329 5754 1526 5825 μᾶλλον
1558 5755 1733 5826 ἡμῶν,
1767 5757 1799 5828 ἢ
1827 5756 2019 5811 ἑαυτοῦ
2050 5756 2460 5828 προσενεγκεῖν.
