4014 6128
424 295 535 358 551

1427 298 1489 357 s.
1526 297 1807 355 CYRILLI
1844 272 2319 354 ALEXANDtnNi
2355 298 2684 356 ARCHIEP.

3577 290 3686 346 532

419 412 563 485 quod
595 426 659 468 ex
708 411 818 469 Deo
861 409 1023 470 Patre
1062 422 1170 478 est,
1214 413 1486 485 propriam
1532 428 1652 471 esse
1699 414 1997 485 negaverit,

2121 414 2258 466 ποιὸν
2292 406 2452 478 εἶναι,
2481 413 2575 468 καὶ
2603 411 2740 465 ἰδίαν
2766 404 2931 463 αὐτοῦ
2954 407 3047 460 τοῦ
3068 408 3139 461 ἐκ
3162 403 3302 459 Θεοῦ
3339 402 3558 474 Πατρός
3585 405 3695 460 Λό-
3752 456 3765 460 -

419 504 513 559 sed
546 502 708 557 veluti
746 503 970 559 alterius
1002 503 1298 575 cujuspiam
1341 504 1443 575 ipsi
1482 504 1662 561 Verbo
1692 506 1987 561 secundum

419 596 738 663 dignitatem
776 596 1047 665 conjuncti
1075 637 1091 662 ,
1127 597 1230 654 hoc
1259 605 1374 662 est,
1414 605 1473 651 ut
1514 595 1751 652 divinam
1784 605 1993 651 tantum

382 670 385 673 ’
421 682 876 739 inhabitationem
906 685 1107 750 sortiti,
1134 700 1198 740 ac
1232 701 1337 742 non
1375 685 1554 756 petius
1582 684 1847 741 viviﬁeam
1878 700 1998 743 esse

418 774 638 843 dixerit,
652 782 711 829 ut
730 775 891 831 modo
901 776 1264 841 meminimus,
1284 791 1350 832 eo
1367 777 1509 848 quod
1523 777 1707 846 Verbi,
1725 777 1865 848 quod
1884 791 2007 832 om-

420 869 508 924 nia
542 866 818 924 viviﬁcare
850 877 1049 939 potest,
1068 867 1205 923 facta
1224 869 1294 924 sit
1314 869 1563 942 propria;
1591 870 1878 927 anathema
1903 870 1994 925 sit.

892 979 1195 1037 Declaralio
1226 983 1526 1039 undecima.

490 1089 754 1149 Sanctum
793 1108 859 1150 ac
887 1093 1159 1150 viviﬁcum
1192 1095 1646 1166 incruentumque
1675 1099 1727 1151 in
1753 1096 2001 1154 ecclesiis

422 1184 756 1241 sacriﬁcium
784 1185 1131 1257 peregimus;
1158 1201 1355 1256 corpus
1377 1190 1523 1257 quod
1552 1190 1892 1258 proponitur,
1922 1190 2002 1246 si-

422 1275 626 1332 militer
646 1287 702 1332 et
726 1277 1020 1346 pretiosum
1052 1279 1399 1349 sanguinem,
1423 1294 1528 1334 non
1553 1281 1885 1347 communis,
1905 1295 2001 1335 no-

356 1380 373 1393 ’
422 1367 613 1439 bisque
651 1368 846 1424 similis
894 1368 1133 1425 hominis
1180 1370 1490 1441 cujnspiam.
1525 1385 1649 1427 esse
1696 1370 1999 1436 credentes,

423 1459 517 1514 sed
564 1460 746 1531 potius
791 1469 1048 1529 tanquam
1093 1463 1370 1531 proprium
1409 1477 1602 1534 corpus
1631 1462 1917 1529 effectum,
1948 1472 2003 1518 et

424 1550 745 1622 sanguinein
775 1553 938 1607 etiam
962 1550 1146 1618 Verbi,
1177 1554 1319 1623 quod
1357 1555 1536 1609 omnia
1568 1553 1830 1618 viviﬁcat,
1861 1554 2004 1610 acci-

421 1641 659 1709 pientes.
711 1642 992 1713 Siquidem
1048 1648 1356 1701 communis
1409 1661 1538 1702 caro
1581 1647 1859 1704 viviﬁeare
1896 1663 2002 1703 non

2101 522 2222 573 γου,
2267 505 2381 558 ἀλλ’
2422 504 2496 569 ὡς
2527 503 2715 575 ἑτέρου
2743 499 2886 564 τινὸς
2925 516 3035 569 παρ
3057 508 3071 529 ’
3096 497 3280 560 αὑτὸν,
3327 495 3685 565 συνημμένου

2103 598 2201 668 μὲν
2221 596 2375 668 αύτῷ
2393 597 2535 651 κατά
2556 595 2655 666 τὴν
2674 594 2858 661 ἀξίαν,
2873 593 3040 663 ἤγουν
3066 591 3142 653 ὼς
3166 589 3336 658 μόνην
3360 586 3641 659 ἐνοίκησιν
3661 592 3685 615 ⁸³

2101 687 2417 758 ἐσχηκότος,
2441 686 2537 740 καὶ
2561 684 2683 756 ούχί
2710 683 2775 755 δὴ
2806 680 3009 753 μᾶλλον
3043 677 3328 747 ζωρποιδν,
3352 677 3428 739 ὡς
3452 676 3686 747 ἔφημεν,

2099 779 2183 833 ὅτι
2211 779 2437 848 γέγονεν
2465 777 2570 849 ἰδίᾳ
2602 788 2629 827 P
2651 775 2745 830 τοῦ
2769 775 2945 844 Λόγου
2975 772 3071 827 τοῦ
3100 770 3169 826 τά
3196 769 3377 825 πάντα
3400 768 3692 834 ζωοποιεῖν

2105 870 2381 941 ἰσχύοντος
2396 886 2411 901 ⁸
2455 867 2705 938 ἀνάθεμα
2728 866 2893 921 ἔστω.

2675 979 2997 1044 Ἐπιλυσις
3027 981 3122 1030 td.

2170 1097 2285 1168 Τὴν
2313 1094 2494 1165 ἁγίαν,
2522 1094 2617 1148 καὶ
2649 1092 2938 1158 ζωοποιὺν,
2968 1090 3065 1145 καὶ
3096 1089 3438 1160 ἀναίμακτον
3474 1088 3534 1142 ἐν
3564 1089 3691 1152 ταῖς

2100 1187 2421 1259 ἐκκλησίαις
2445 1184 2707 1257 τελοῦμεν
2732 1183 2944 1248 θυσίαν,
2970 1183 3068 1254 ούχ
3087 1180 3206 1245 ἑνὸς
3227 1180 3336 1235 τῶν
3361 1179 3483 1234 καθ’
3504 1180 3685 1250 ἡμᾶς,

2101 1279 2196 1332 καὶ
2243 1275 2533 1349 ἀνθρώπου
2583 1274 2765 1330 κοινοῦ
2825 1273 2986 1345 σῶμα
3031 1269 3173 1327 εἶναι
3221 1270 3572 1334 πιστεύοντες
3623 1267 3690 1323 τὸ

2102 1368 2482 1444 προκείμένον,
2504 1369 2705 1441 ὁμοίως
2730 1368 2786 1422 δὲ
2809 1369 2904 1421 καὶ
2929 1366 2991 1420 τὸ
3012 1366 3192 1437 τίμιον
3217 1358 3382 1435 αἷμα,
3405 1362 3691 1434 δεχόμενοι

2103 1464 2161 1517 δὲ
2182 1520 2192 1527 ,
2208 1460 2408 1533 μᾶλλον
2449 1459 2525 1524 ὡς
2566 1459 2699 1514 ἴδιον
2733 1457 2892 1529 σῶμα
2939 1455 3194 1527 γεγονός,
3240 1453 3336 1509 καὶ
3374 1453 3558 1523 μέντοι
3591 1451 3687 1506 καὶ

2103 1551 2243 1627 αἷμα
2270 1552 2367 1608 τοῦ
2391 1555 2459 1608 τά
2483 1552 2659 1606 πάντα
2688 1549 3079 1619 ζωογονοῦντος
3103 1555 3131 1596 (ι
3154 1545 3351 1613 Λόγου.
3377 1544 3547 1614 Κοινὴ
3577 1540 3696 1613 γὰρ

2106 1647 2244 1719 σὰρξ
2268 1646 2551 1712 ζωοποιεῖν
2572 1644 2633 1698 ού
2653 1642 2900 1697 δύναται.
2922 1639 3034 1694 Καὶ
3056 1638 3249 1694 τούτου
3281 1638 3494 1709 μάρτυς
3518 1634 3685 1699 αὐτὸς

424 1739 625 1801 potest.
651 1732 717 1787 Et
738 1735 841 1791 hoc
869 1733 1120 1790 Salvator
1145 1736 1261 1805 ipse
1290 1745 1547 1794 testatum
1573 1737 1703 1794 facit
1733 1756 1748 1794 :
1787 1757 1806 1791 ι
1837 1739 2001 1805 Caro,

2121 1741 2132 1794 i
2173 1737 2384 1809 Σωτὴρ,
2435 1735 2644 1805 λέγων*
2679 1752 2697 1785 ι
2736 1732 2802 1787 Ἢ
2838 1729 2975 1803 σάρξ
3023 1730 3126 1785 οὐκ
3158 1727 3361 1799 ὠφελεῖ
3394 1726 3552 1781 οὐδέν
3573 1741 3589 1757 ·
3627 1724 3694 1780 τδ

427 1822 705 1893 inquiens,
746 1840 854 1881 non
890 1826 1110 1897 prodest
1150 1828 1484 1900 quidquam;
1525 1830 1747 1901 spiritus
1786 1841 1870 1887 est
1909 1829 2002 1901 qui

425 1916 667 1971 viviﬁcat
698 1916 771 1971 “.
804 1935 824 1970 ι
859 1906 996 1984 Quia
1029 1921 1173 1976 enim
1208 1935 1339 1976 caro
1371 1921 1529 1977 Verbi
1572 1921 1717 1978 facta
1758 1931 1843 1979 est
1890 1938 2009 1993 pro-

426 2008 569 2079 pria,
601 2010 671 2065 ob
715 2009 768 2065 id
806 2010 1127 2082 intelligitur
1169 2021 1226 2069 et
1262 1998 1347 2069 est
1385 2012 1623 2081 viviﬁca,
1647 2015 2006 2086 quemadmo-

428 2104 555 2157 dum
605 2103 728 2173 ipse
769 2103 1022 2160 Salvator
1071 2106 1186 2160 ait:
1233 2124 1253 2159 ι
1293 2105 1447 2162 Sicut
1492 2106 1643 2162 misit
1689 2122 1777 2164 me
1819 2108 2009 2164 vivens

426 2187 610 2258 Pater,
639 2201 694 2248 et
724 2206 825 2263 ego
851 2194 976 2249 vivo
1005 2205 1225 2266 propter
1256 2196 1468 2273 Patrem
1505 2215 1520 2252 :
1554 2205 1610 2251 et
1639 2199 1730 2266 qui
1770 2198 2008 2253 mandu-

429 2292 522 2338 eat
554 2299 662 2351 me,
691 2293 747 2340 et
786 2284 901 2355 ipse
944 2285 1086 2341 vivet
1129 2295 1347 2357 propter
1391 2304 1477 2344 me
1496 2289 1563 2344 ³³.
1597 2309 1617 2342 ι
1652 2289 1785 2345 Cum
1826 2290 2010 2361 itaque

427 2371 731 2439 Nestorius,
762 2386 818 2430 et
849 2376 1088 2446 quicum
1132 2377 1223 2433 illo
1267 2379 1527 2445 sentiunt,
1566 2380 1808 2451 mysterii
1848 2380 2011 2450 hujus

431 2464 689 2520 virtutem
725 2476 929 2521 temere
975 2468 1311 2536 dissolvatrt;
1349 2482 1660 2541 propterea,
1704 2482 1761 2528 et
1796 2471 1847 2527 id
1889 2472 2012 2542 qui-

434 2557 556 2612 dem
589 2559 880 2615 admodum
910 2560 1314 2629 convenienter,
1340 2562 1520 2619 editus
1547 2573 1631 2620 est
1663 2563 1754 2621 hic
1783 2565 2012 2621 anathe-

433 2648 741 2706 matismus.

820 2740 1464 2801 ANATHEMATISMUS
1499 2744 1616 2803 XII.

509 2849 565 2906 Si
610 2853 735 2922 quis
764 2869 869 2909 non
921 2856 1230 2923 conﬁtetur,
1269 2858 1362 2914 Dei
1407 2858 1644 2915 Verbum
1687 2873 1857 2916 carne
1890 2875 2016 2932 pas-

434 2957 555 2999 sum
580 2954 635 2998 et
657 2946 975 3027 cruciﬁxum
1001 2963 1142 3014 esse,
1168 2958 1507 3021 mortemque
1533 2966 1698 3007 carne
1722 2962 1968 3023 gustasse
1997 2968 2013 3008 :

433 3050 644 3092 necnon
709 3040 1125 3111 primogenitum
1189 3041 1347 3113 157
1408 3059 1474 3098 ex
1522 3045 1747 3100 mortuis
1803 3045 2009 3102 factum

432 3141 557 3183 esse
582 3128 629 3160 ³⁸
653 3146 670 3196 ;
701 3130 969 3199 quatenus
994 3132 1247 3188 nimirum
1280 3143 1338 3189 ut
1356 3134 1500 3191 Deus
1519 3137 1631 3191 vita
1653 3145 1711 3192 et
1731 3137 2014 3194 viviﬁcaris

435 3226 562 3286 est;
587 3221 876 3275 anathema
913 3222 1008 3278 sit.

897 3335 1195 3391 Declaratio
1219 3338 1549 3393 duodecima.

512 3447 816 3519 lmpatibile
850 3461 905 3504 et
944 3451 1248 3506 immortale
1279 3461 1363 3509 est
1397 3451 1490 3507 Dei
1542 3454 1717 3510 Patris
1742 3455 2014 3522 Verbum,

442 3544 604 3598 altior
629 3551 712 3598 est
734 3544 877 3597 eiiim
915 3544 1090 3598 divina
1128 3543 1213 3597 illa
1258 3553 1313 3600 et
1346 3545 1770 3617 incorruptibilis
1801 3559 2015 3613 natura,

443 3648 604 3705 quam
635 3649 755 3703 qua:
784 3633 983 3702 aliquid
1022 3634 1128 3703 pati
1173 3634 1375 3704 possit,
1408 3649 1579 3706 eaque
1622 3638 1801 3692 omnia
1848 3638 2019 3693 vivifi-

443 3735 576 3783 cal;
612 3728 743 3795 quin
786 3727 947 3779 etiam
988 3726 1305 3791 interitum,
1342 3735 1395 3781 et
1437 3727 1696 3798 quidquid
1741 3729 2016 3784 tristitiam

445 3816 642 3870 alfcrre
672 3816 829 3882 solet,
857 3815 1011 3885 longe
1042 3826 1349 3885 exsuperat.
1394 3817 1627 3873 Verbum
1667 3818 1792 3873 licet
1826 3835 2020 3875 secun-

444 3905 573 3961 dum
603 3907 892 3961 essentiam
921 3909 1019 3962 hoc
1046 3907 1114 3961 sit
1150 3906 1245 3962 Dei
1280 3906 1457 3963 Patris
1500 3908 1735 3963 Verbum
1765 3927 1780 3976 ;
1820 3909 2018 3965 nihilo-

447 3999 625 4054 minus
647 4014 890 4063 carnem,
921 4015 1038 4070 quite
1088 3999 1221 4054 mori
1256 4010 1467 4071 posset,
1507 4002 1607 4056 sibi
1639 3996 1913 4072 prepriam
1945 4000 2016 4058 fe-

447 4089 542 4151 cit,
587 4097 645 4142 ut
694 4105 789 4157 per
833 4089 953 4156 hoc,
992 4091 1132 4159 quod
1181 4091 1287 4158 pati
1342 4092 1558 4145 solitum
1606 4104 1706 4158 est,
1740 4094 2022 4161 passiones

446 4193 545 4249 pro
579 4179 733 4234 nobis
765 4196 825 4234 ac
856 4191 1075 4249 propter
1106 4198 1203 4236 nos
1236 4183 1285 4235 in
1322 4184 1555 4252 seipsnm
1593 4200 1893 4249 assumens,
1925 4201 2023 4241 nos

448 4286 637 4325 euntes
665 4286 692 4323 a
727 4282 899 4324 morte
924 4281 977 4324 et
1012 4274 1358 4340 corruptione
1390 4274 1688 4340 libet-aret;
1718 4290 1874 4330 suum
1902 4290 2018 4330 cor-

449 4377 571 4433 pus,
596 4374 653 4416 ut
676 4361 838 4431 Deus,
860 4364 1159 4427 vivificaris,
1174 4364 1533 4434 primitiaeque
1553 4366 1935 4420 dormientium
1955 4366 2022 4431 ³⁷,

452 4468 516 4508 ac
570 4453 959 4525 primogenitus
1008 4469 1073 4508 ex
1134 4456 1360 4509 mortuis
1415 4456 1664 4520 elfcctnm
1700 4457 1763 4511 ³⁸.
1840 4457 2025 4527 Neque
2058 4443 2101 4498 Ῑ)

450 4545 593 4599 enim
622 4546 712 4616 qui
753 4557 974 4616 propter
1008 4561 1110 4601 nos
1154 4547 1442 4616 pretiosam
1476 4563 1762 4617 perpessus
1788 4562 1870 4605 est
1904 4567 2027 4605 cru-

453 4651 595 4700 cem,
626 4647 962 4707 mortemque
989 4639 1226 4707 gustavit
1250 4639 1317 4705 3’,
1356 4641 1659 4694 communis
1702 4642 1883 4707 homo,
1920 4651 1973 4696 et
1998 4657 2027 4695 a

453 4721 635 4778 Verbo
668 4727 953 4782 distinctus
988 4729 1333 4797 Sejutictusve
1372 4740 1521 4795 erat;
1560 4732 1652 4785 sed
1693 4731 1805 4801 ipse
1845 4732 2029 4801 gloriae

455 4814 718 4870 Dominus
742 4818 788 4848 δ⁰
825 4834 1012 4886 passus
1056 4834 1138 4876 est
1170 4839 1335 4878 carne
1361 4823 1427 4888 “,
1452 4824 1746 4880 secundum
1778 4825 2028 4896 Scriptu-

456 4923 571 4964 ras.
594 4907 859 4975 Quoniam
888 4928 1039 4975 vero,
1074 4917 1166 4984 qui
1198 4932 1333 4970 vana
1368 4906 1639 4988 impiaque
1665 4919 1914 4989 dogmata
1944 4933 2026 4973 re-

457 5011 559 5058 cta:
602 5016 853 5073 sameque
885 5003 1006 5059 fidei
1053 5006 1360 5061 immiscere
1408 5009 1656 5070 student,
1687 5025 2029 5081 communem

458 5094 729 5151 hominem
781 5111 998 5153 crucem
1053 5111 1150 5166 pro
1204 5097 1358 5153 nobis
1422 5100 1742 5154 sustinuisse
1802 5102 2024 5165 dicunt;

458 5186 943 5243 anathematismus
981 5187 1090 5251 hic,
1120 5188 1210 5257 qui
1243 5187 1532 5256 impietatis
1574 5189 1786 5242 illorum
1828 5191 2029 5259 magni-

459 5276 700 5333 tudinem
733 5279 927 5349 aperit,
964 5277 1272 5334 necessario
1306 5278 1636 5334 constitutus
1672 5290 1777 5335 est.

2109 1829 2326 1902 πνεῦμά
2366 1828 2484 1881 ἐστι
2516 1825 2580 1880 τὸ
2615 1823 2932 1892 ζωοποιοῦν.
2960 1840 2978 1874 ι
3019 1819 3241 1891 Ἐπειδὴ
3273 1819 3385 1890 γάρ
3413 1817 3521 1890 ἰδίᾳ
3543 1826 3568 1854 τ
3599 1815 3692 1885 γι-

2106 1939 2229 1993 γονε
2264 1919 2358 1975 τοῦ
2391 1918 2586 1988 Λόγου,
2612 1917 2868 1988 ταύτῃτοι
2894 1915 3097 1969 νοεῖται
3122 1911 3218 1966 καὶ
3251 1909 3367 1964 ἔστι
3399 1906 3698 1973 ζωοποιδς,

2108 2013 2253 2069 mea
2279 2028 2441 2084 φηαιν
2473 2010 2635 2072 αὐτὸς
2660 2011 2688 2062 δ
2720 2008 2939 2080 Σωτήρο
2971 2025 2990 2058 ε
3018 2003 3216 2068 Καθὼς
3238 1999 3523 2056 ἀπέστειλὲ
3560 2016 3633 2070 με
3661 1997 3695 2051 ὁ

2109 2104 2218 2169 ζῶν
2248 2100 2459 2175 Πατὴρ,
2489 2099 2645 2172 κάγὼ
2676 2099 2761 2164 ζῶ
2781 2097 2869 2153 διὰ
2898 2096 2992 2151 τὸν
3008 2095 3254 2167 Πατέρα,
3286 2093 3384 2147 καὶ
3409 2094 3438 2147 ό
3458 2090 3694 2164 τρώγων

2114 2213 2202 2268 με,
2230 2196 2481 2258 κάκεῖνος
2509 2192 2733 2264 ζήσεται
2761 2202 2783 2230 ο
2811 2189 2878 2244 δι’
2901 2188 3024 2260 ὲμέ.
3068 2186 3284 2258 Ἐπειδὴ
3307 2184 3366 2239 δὲ
3398 2182 3699 2254 Νεστόριος

2111 2288 2206 2343 καὶ
2250 2288 2299 2340 οἰ
2341 2286 2413 2341 τά
2467 2283 2632 2339 αὐτοῦ
2686 2280 3010 2355 φρονοῦντες
3053 2276 3425 2348 παραλύουσιν
3467 2271 3695 2343 ἀμαθῶς

2109 2372 2205 2429 τοῦ
2240 2372 2538 2445 μυστηρίου
2562 2370 2660 2443 τὴν
2693 2368 2943 2441 δύναμιν,
2981 2368 3265 2440 ταύτῃτοι,
3306 2366 3406 2420 καὶ
3440 2362 3586 2436 μάλα
3614 2362 3698 2417 εἰ-

2114 2466 2310 2534 κότως,
2342 2466 2570 2535 γέγονεν
2595 2464 2628 2517 ὁ
2665 2460 3133 2534 ἀναθεματισμός.

2544 2743 3134 2803 ΑΝΑΘΕΜΑΤΙΣΜΟΣ
3171 2742 3271 2797 IB'.

2188 2859 2257 2913 Εἰ
2306 2875 2388 2923 τις
2440 2856 2540 2928 οὐχ
2593 2855 2874 2927 ὁμολογεῖ,
2924 2853 3016 2908 τὸν
3046 2851 3143 2907 τοῦ
3180 2850 3317 2906 Θεοῦ
3363 2851 3538 2921 Λόγον
3595 2867 3702 2906 πα-

2119 2951 2280 3006 θόντα
2314 2948 2500 3019 σαρκὶ,
2530 2951 2624 3001 καὶ
2660 2940 3074 3015 ἐσταυρωμένον
3114 2941 3297 3013 σαρκὶ,
3338 2941 3435 2995 καὶ
3468 2940 3703 2994 θανάτου

2119 3043 2454 3113 γευσάμενον
2487 3038 2672 3109 σαρκὶ,
2703 3034 2968 3105 γεγονότα
2989 3033 3048 3086 δὲ
3073 3033 3095 3071 ⁸
3131 3032 3474 3104 πρωτότοκον
3507 3032 3575 3084 ἐκ
3612 3047 3702 3084 νε-

2120 3134 2291 3205 κρῶν,
2332 3131 2468 3186 καθὸ
2506 3130 2618 3203 ζωή
2649 3131 2788 3195 ἐστι,
2815 3128 2911 3182 καὶ
2939 3126 3222 3192 ζωοποιὸς,
3252 3125 3346 3180 καί
3375 3123 3543 3187 Θεόςο
3575 3122 3705 3177 ἀνά-

2122 3226 2181 3280 θε
2191 3243 2267 3297 μα
2293 3223 2452 3277 ἔστω.

2662 3372 2665 3377 .
2699 3330 2868 3384 Ἐπίλ
2878 3344 3015 3393 υσις
3037 3328 3135 3393 ιβ’.

2206 3449 2446 3521 Ἀπαθὴς
2475 3448 2595 3519 μὲν,
2627 3447 2719 3500 καὶ
2744 3445 3007 3506 ἀθάνατος
3031 3443 3059 3495 ὁ
3090 3444 3155 3495 ὲκ
3187 3439 3322 3495 Θεοῦ
3350 3440 3563 3511 Πατρός
3589 3439 3705 3492 ἐστι

2124 3547 2316 3612 Λόγος,
2341 3543 2415 3605 ὡς
2444 3539 2699 3609 ἀνωτέρω
2730 3536 2838 3607 γὰρ
2858 3548 2884 3575 ιι
2916 3533 3011 3587 τοῦ
3042 3533 3279 3603 πάσχειν
3311 3532 3345 3603 ή
3371 3530 3490 3585 θεία
3518 3546 3578 3583 τε
3608 3528 3704 3581 καὶ

2125 3635 2401 3708 ἁκήρατός
2427 3636 2544 3686 ἐστι
2573 3631 2735 3701 φύσις
2754 3644 2769 3659 '
2802 3628 2897 3680 καὶ
2930 3625 3067 3695 αὕτη
3109 3626 3177 3678 τά
3217 3623 3397 3677 πάντα
3426 3620 3703 3686 ζωοποιεῖ,

2127 3730 2221 3784 καὶ
2241 3720 2444 3798 φθορᾶς
2469 3724 2707 3795 ἀμείνων
2736 3721 2873 3780 ἐστὶ,
2901 3720 2993 3773 καὶ
3019 3717 3221 3779 παντὸς
3248 3714 3340 3769 τοῦ
3371 3715 3561 3766 λυπεῖν
3583 3714 3708 3765 εἰω-

2127 3816 2524 3891 θότοςηηᾈλὶιζι,
2560 3816 2736 3869 καίτοι
2769 3813 2939 3867 ταῦτα
2980 3808 3253 3873 ούσιωδῶς
3282 3808 3544 3878 ὑπάρχων
3572 3806 3602 3858 ὁ
3642 3805 3707 3858 ὲκ

2127 3913 2260 3969 Θεοῦ
2297 3908 2509 3981 Πατρὸς
2543 3907 2732 3976 Λόγος.
2775 3905 2908 3958 ἰδίαν
2938 3903 3234 3971 ἐποιήσατο
3268 3898 3450 3969 σάρκα
3481 3896 3579 3967 τὴν
3611 3895 3706 3949 τοῦ

2130 4003 2361 4058 θανάτου
2400 3999 2656 4068 δεκτικήν
2688 4014 2702 4027 ο
2730 3996 2818 4049 ἵνα
2848 3993 3191 4064 τῷπάσχειν
3227 3987 3441 4042 εἰωθότι
3473 3985 3542 4055 τὰ
3566 3985 3710 4056 ὑπὲρ

2129 4093 2306 4166 ἡμῶν,
2335 4091 2429 4145 καὶ
2456 4090 2522 4170 δι’
2544 4090 2712 4160 ἡμᾶς,
2740 4088 2819 4148 εἰς
2845 4084 3036 4137 ἑαυτὸν
3060 4079 3344 4136 ἀναλαϐὼν
3373 4077 3547 4149 πάθη,
3578 4076 3706 4170 πάν·

2129 4205 2225 4251 τας
2262 4186 2407 4255 ἡμᾶς
2445 4168 2732 4248 ἀπαλλάξῃ
2759 4177 2852 4231 καὶ
2886 4175 3138 4237 θανάτου,
3167 4173 3261 4226 καὶ
3292 4171 3532 4242 φθορᾶς,
3576 4168 3716 4232 ζωο-

2131 4279 2360 4348 ποιήσας
2393 4275 2468 4337 ὡς
2509 4273 2639 4336 Θεὸς
2669 4271 2728 4323 τὸ
2766 4269 2894 4322 ίδιον
2932 4265 3096 4322 αὑτοῦ
3135 4264 3315 4334 σῶμα,
3347 4263 3442 4315 καὶ
3484 4258 3714 4330 ἀπαρχὴ

2131 4364 2367 4437 γεγονὼς
2402 4363 2508 4417 τῶν
2538 4357 2974 4429 κεκοιμημένων,
3003 4357 3097 4409 καὶ
3137 4352 3483 4425 πρωτότοκος
3512 4350 3579 4402 ὲκ
3613 4366 3709 4400 νε-

2131 4460 2305 4532 κρῶν·
2334 4458 2393 4511 ού
2428 4454 2534 4527 γὰρ
2583 4452 2866 4523 ἄνθρωπος
2898 4446 2964 4520 ἦν
2996 4448 3194 4510 κοινὸς,
3240 4444 3345 4516 ἰδίᾳ
3394 4459 3451 4496 τε
3482 4442 3577 4495 καί
3609 4441 3717 4493 ἀνά

2137 4556 2297 4626 μέρος
2345 4548 2632 4619 νοούμενος
2687 4542 2839 4613 παρά
2875 4541 2966 4595 τὸν
3004 4541 3069 4593 ὲκ
3097 4536 3231 4592 Θεοῦ
3267 4533 3717 4626 ΠατρὸςμΛόγον,

2133 4620 2252 4699 δεῖ-ι’
2280 4641 2425 4712 ἡμᾶς
2452 4637 2543 4691 τὸν
2576 4634 2753 4704 τίμιον
2784 4629 3083 4701 ὑπομείνας
3129 4624 3382 4696 σταυρὸν,
3416 4621 3507 4675 καὶ
3546 4620 3720 4674 θανάο

2131 4753 2223 4789 του
2282 4730 2650 4800 γευσάμενος·
2698 4725 2813 4781 ἀλλ’
2851 4722 3014 4784 αὐτὸς
3053 4720 3081 4771 ὁ
3114 4719 3213 4782 τῆς
3269 4715 3428 4784 δόξης
3470 4712 3716 4783 Κύριος,

2134 4826 2296 4898 σαρκὶ
2340 4819 2573 4875 πέπονθε
2617 4815 2759 4871 κατά
2794 4814 2891 4877 τὰς
2924 4810 3165 4885 Γραφάς.
3211 4803 3519 4898 Ἐπειδὴ-δὲ
3557 4802 3719 4898 οἰ-τά

2133 4894 2266 4972 κενά
2296 4914 2389 4968 καὶ
2416 4910 2648 4981 δυσσεϐῆ
2671 4917 2696 4946 τ
2725 4907 2971 4975 δόγματα
3012 4904 3080 4973 τῇ
3113 4897 3249 4971 ὀρθῇ
3290 4896 3385 4950 καὶ
3426 4894 3722 4964 ἀμωμήτῳ

2137 5011 2317 5063 πίστει
2348 5002 2758 5077 παρεισκρίνειν
2785 4996 3079 5058 ἐθέλοντες,
3108 4989 3397 5061 ἄνθρωπόν
3430 5002 3564 5055 φασι
3597 5000 3723 5077 Δκοιη

2134 5100 2223 5154 νὸν
2252 5074 2537 5166 ὑπομείναι
2567 5092 2657 5146 τὸν
2687 5090 2827 5160 ὑπὲρ
2859 5084 3017 5158 ἡμῶν
3052 5083 3301 5152 σταυρὸν,
3330 5078 3553 5147 γέγονεν
3578 5074 3717 5166 Αάναο

2137 5162 2375 5260 γκαῖοςό
2400 5180 2855 5254 ἀναθεματισμὺς,
2884 5176 2980 5247 τῆς
3004 5173 3229 5242 ἐνούσης
3254 5170 3439 5231 αὐτοῖς
3459 5162 3721 5225 ἀσεδείας

2139 5278 2449 5354 ἐμφανίζων
2475 5275 2534 5329 τὸ
2566 5271 2816 5344 μέγεθος.

529 5436 836 5507 “Joan.vr,
860 5443 947 5498 64.
991 5443 1034 5474 ³⁸
1060 5442 1188 5498 ibid.
1215 5440 1306 5497 58.
1349 5442 1393 5474 ³⁸
1414 5442 1619 5501 Coloss.
1649 5461 1689 5511 t,
1722 5444 1810 5498 18.
1844 5444 1888 5477 ³⁷
1910 5445 1927 5500 l
1952 5444 2014 5501 Ct

2121 5458 2199 5508 tv,
2228 5440 2320 5496 ει).
2356 5437 2400 5471 ³⁸
2423 5435 2581 5491 Hebr.
2622 5448 2681 5497 ιι,
2710 5431 2760 5487 9.
2796 5430 2840 5462 "
2865 5427 3025 5483 lCor.
3059 5440 3119 5489 ll,
3157 5421 3211 5478 8.
3245 5419 3335 5475 “1
3364 5419 3512 5476 Petr.
3545 5432 3620 5483 tv,
3660 5418 3714 5474 Ι.

1519 5589 1693 5645 Variae
1728 5587 1989 5646 lectiones
2017 5602 2081 5641 ex
2116 5587 2302 5642 codice
2335 5580 2707 5654 Seguieriano.

547 5720 572 5751 ο
602 5710 770 5785 μόνην
801 5710 949 5768 θείαν
987 5709 1277 5782 ἐνοίκησιν,
1318 5719 1345 5761 P
1378 5710 1497 5764 ἰδία.
1561 5719 1589 5762 ιι
1620 5706 2027 5775 ζωοποιοῦντος.
2083 5716 2105 5745 π
2144 5704 2267 5760 ἰδία.
2344 5714 2366 5743 ι
2399 5701 2573 5774 ζήσει.
2650 5697 2671 5735 ί
2708 5712 2787 5749 τε.
2844 5685 3136 5760 ιιάνωτίρα
3162 5678 3288 5754 γάρ.
3369 5688 3399 5721 ν
3427 5679 3712 5750 δύσφημα.
