4014 6128
315 293 427 352 515
927 286 1457 348 APOLOGETICUS
1488 285 1626 344 PRO
1663 285 1758 342 XII
1800 283 2166 342 CAPITIBCS
2202 280 2481 339 CONTRA
2521 277 2976 340 ORIE'NTALES.
3475 274 3578 338 δη

2025 470 3115 498 W

334 471 3569 516 πει-ψ’.ωῶ

1602 675 2293 770 ADMONITIO

759 899 834 963 IN
905 898 1334 975 UTBUMQUE
1395 899 1660 962 SANCTI
1725 901 2024 961 CYRILLI
2093 897 2472 960 LIBELLUM
2537 895 3144 972 APOLOGETICUM,

1833 1097 2076 1139 BCILICB'I'

885 1243 1006 1306 Pro
1044 1243 1158 1304 XII
1181 1241 1492 1322 capitibus
1527 1247 1748 1304 contra
1783 1210 2150 1311 Orientales,
2191 1243 2253 1300 et
2281 1244 2500 1303 contra
2533 1237 3031 1302 Theodoretum.

1067 1433 1085 1495 (
1108 1431 1165 1481 P.
1200 1431 1476 1482 (innatus
1504 1427 1555 1479 in
1583 1429 1709 1492 Opp.
1744 1429 1882 1480 Marii
1925 1430 2234 1492 Mercatoris,
2262 1433 2358 1482 col.
2383 1432 2477 1482 955
2506 1434 2591 1488 ρὰ,
2618 1432 2803 1497 Migne.
2828 1433 2846 1496 )

397 1732 634 1808 Cyrillus
652 1731 896 1804 epistolas
918 1747 1030 1789 sua:
1051 1733 1224 1790 tertia:
1252 1733 1316 1788 ad
1339 1732 1648 1788 Nestorium
1675 1731 2033 1802 subjunxerat
2071 1732 2248 1801 capita
2274 1747 2522 1788 errorum
2563 1734 2874 1800 duodecim,
2892 1750 3009 1805 qua
3030 1736 3156 1805 quia
3176 1735 3384 1808 singula
3411 1735 3596 1805 subje-

327 1837 476 1890 ctum
505 1829 704 1884 habent
727 1828 1042 1893 anathema,
1073 1828 1235 1898 vulgo
1267 1826 1713 1882 anathematismi
1740 1835 2023 1893 vocantur,
2072 1842 2381 1896 quanquam
2419 1838 2630 1884 veteres
2660 1829 2937 1884 malebant
2963 1830 3200 1901 capitula
3233 1831 3438 1889 dicere.
3466 1832 3592 1889 llaec

329 1939 453 1979 cum
469 1923 1098 1994 accepissetNestorius,
1131 1922 1418 1979 confestim
1450 1922 1790 1976 Antiochiam
1816 1921 1964 1976 misit
1986 1921 2052 1976 ad
2079 1919 2340 1976 Joannem
2371 1925 2706 1993 episcopum,
2742 1940 2940 1992 rogans
2976 1935 3034 1980 ut
3058 1942 3091 1980 a
3113 1927 3594 1997 praestantissimis

328 2017 536 2072 dttobus
557 2032 670 2073 sua:
705 2017 958 2072 dimcesis
997 2016 1327 2083 hominibus,
1363 2017 1578 2071 Andrea
1623 2013 1984 2070 Samosateuo
2038 2022 2092 2070 et
2125 2013 2471 2071 Theodoreto
2498 2016 2744 2088 Cyrensi,
2790 2016 3119 2082 refellendad
3156 2030 3212 2075 et
3248 2019 3592 2091 Apollinarii,

327 2120 558 2187 Ariique
600 2131 852 2171 errorum
888 2104 1192 2172 damnanda
1229 2126 1465 2171 curaret.

400 2208 675 2264 Fecerunt
710 2209 872 2264 ambo
899 2209 1042 2280 quod
1077 2209 1428 2278 rogabantur,
1465 2209 1837 2279 scriptumque
1869 2207 2068 2278 singuli
2109 2208 2364 2262 acerbum
2412 2207 2615 2277 pariter
2646 2218 2808 2279 atque
2849 2207 3244 2262 amarulentum
3273 2204 3588 2272 ediderunt,

330 2301 582 2356 Andreas
605 2298 966 2357 Orientalium
999 2299 1239 2362 nomine,
1264 2297 1634 2353 Theodoretus
1669 2312 1802 2363 suo;
1829 2296 2053 2365 scripsit
2080 2298 2224 2351 enim
2246 2297 2336 2352 ille
2358 2297 2677 2366 Antiochiar,
2707 2298 2808 2354 iste
2825 2297 2971 2368 Cyri.
2997 2297 3227 2352 Andreae
3251 2296 3592 2364 obiectiones

332 2394 577 2462 probavit
609 2391 836 2447 Joannis
867 2391 1143 2462 synodus;
1180 2390 1458 2459 misitque,
1491 2391 1706 2458 opinor,
1737 2389 2118 2444 Alexandriam
2157 2403 2253 2458 per
2290 2388 2663 2445 Possidonium
2697 2391 2873 2459 ipsum
2908 2390 3220 2452 diaconum,
3255 2391 3346 2458 qui
3380 2389 3598 2444 litteras

333 2487 611 2543 (Itelestini
647 2502 708 2541 ac
744 2485 928 2558 Cyrilli
961 2487 1028 2540 ad
1065 2485 1328 2539 Joannem
1377 2483 1656 2538 attulerat.
1691 2483 2064 2538 Theodoretus
2111 2483 2564 2551 reprehensiones
2600 2495 2726 2534 suas
2761 2495 2856 2550 per
2897 2479 3237 2534 Phteniciam
3273 2480 3596 2548 vicinasque

337 2578 590 2648 regiones
623 2577 844 2645 sparsit,
914 2576 1025 2630 imo
1064 2586 1118 2630 et
1149 2577 1200 2628 in
1231 2575 1420 2629 urbem
1450 2575 1653 2643 regiam
1679 2574 1846 2638 misit,
1878 2574 2282 2644 gratificaturus
2311 2573 2488 2629 amico
2523 2571 2774 2628 Nestorio
2805 2590 2817 2626 :
2855 2571 2955 2626 has
2979 2587 3103 2627 cum
3130 2572 3430 2641 accepisset
3455 2569 3596 2625 Evo-

337 2672 488 2741 ptius
521 2668 876 2724 Ptolemaidis
905 2667 1268 2737 Pentapoleos
1298 2668 1536 2737 regionis
1565 2669 1866 2737 episcopus,
1899 2670 1962 2721 ad
1993 2667 2257 2738 Cyrillum
2286 2667 2451 2720 misit.

418 2757 657 2829 Uterque
685 2759 906 2828 scripsit
933 2766 1060 2812 ante
1087 2757 1373 2813 concilium
1404 2757 1756 2828 Ephesinum,
1782 2758 1920 2827 quod
1951 2759 2018 2812 de
2043 2772 2102 2811 se
2132 2764 2362 2812 testatur
2390 2755 2763 2812 Theodoretus
2794 2758 2847 2812 in
2882 2759 3199 2828 prmfatione
3230 2757 3529 2828 Pentalogii
3568 2783 3588 2820 τ

349 2855 564 2923 utrique
599 2852 830 2925 Cyrillus
884 2865 1010 2908 ante
1042 2854 1326 2908 concilium
1364 2854 1659 2924 respondit,
1693 2854 1836 2924 quod
1867 2854 1953 2908 vel
1985 2869 2052 2908 ex
2081 2869 2146 2907 eo
2173 2862 2407 2916 constat,
2440 2855 2584 2923 quod
2621 2855 2868 2908 damnati
2897 2869 2924 2906 a
2960 2853 3166 2924 synodo
3196 2852 3430 2909 Nestorii
3465 2868 3594 2909 nus-

343 2959 502 3011 quam
528 2944 796 3008 meminit,
822 2959 941 2998 cum
978 2955 1160 3000 tamen
1189 2946 1366 3015 magni
1395 2945 1447 2998 in
1477 2960 1587 2999 rem
1620 2960 1772 2998 suam
1809 2946 2066 2999 momenti
2095 2945 2334 2998 futurum
2360 2954 2506 3000 esset
2534 2953 2741 2999 tantum
2772 2943 3022 2999 Ecclesiae
3041 2944 3210 3015 judici
3229 2961 3341 2998 um.

411 3033 530 3088 Fuit
571 3049 700 3090 vero
732 3035 976 3092 Andreas
1017 3051 1078 3091 ea
1121 3044 1440 3106 tempestate
1477 3038 1618 3093 inter
1647 3036 1956 3093 Orientales
1987 3036 2247 3090 doctrina:
2277 3035 2420 3091 fama
2447 3035 2774 3107 pietatisque
2802 3037 3054 3092 celebris.
3094 3035 3229 3091 Tres
3270 3043 3490 3092 exstant
3529 3048 3597 3090 au

339 3142 460 3181 eum
485 3127 808 3184 Theodoreti
834 3129 1097 3200 epistolae,
1125 3133 1297 3201 prima
1321 3131 1462 3187 inter
1494 3133 1671 3186 editas
1694 3147 1723 3184 a
1752 3131 2043 3185 Sirmondo
2066 3131 2326 3200 vigesimo
2349 3141 2545 3201 quarto
2575 3148 2800 3187 immero
2824 3141 3108 3197 censetur;
3137 3132 3308 3186 altera
3336 3131 3387 3186 in
3411 3132 3596 3200 quinta

356 3222 563 3293 synodo
593 3225 896 3293 reperitur;
933 3226 1088 3282 tertia
1115 3227 1255 3296 apud
1282 3225 1510 3281 Marium
1544 3225 1923 3288 Mercatorem,
1949 3240 2057 3294 quo
2093 3226 2385 3296 interprete
2419 3242 2562 3280 nunc
2586 3227 2818 3296 primum
2853 3227 3053 3282 editur.
3083 3225 3159 3280 Ex
3189 3226 3362 3296 prima
3394 3225 3596 3282 intelli-

344 3318 487 3387 gitur
511 3328 772 3388 quantam
807 3320 896 3376 ille
928 3323 1010 3376 sui
1049 3322 1360 3390 opinionem
1388 3322 1524 3391 apud
1555 3335 1746 3375 omnes
1773 3321 2010 3387 fecerat;
2045 3334 2108 3374 ex
2145 3322 2401 3386 secunda,
2434 3339 2538 3376 non
2573 3325 2784 3378 venisse
2815 3324 2880 3377 ad
2913 3323 3203 3377 concilium
3237 3321 3597 3392 Ephesinum,

346 3419 566 3480 pr0pter
593 3411 876 3464 adversam
914 3411 1317 3479 valetudinem;
1340 3427 1404 3466 ex
1437 3413 1622 3475 tertia,
1654 3411 2006 3480 pertinaciter
2032 3412 2322 3466 adhaesisse
2351 3412 2632 3481 Nestorio;
2668 3429 2842 3485 neque
2877 3431 3113 3484 unquam
3141 3415 3192 3468 in
3227 3413 3343 3483 ejus
3375 3417 3598 3470 datuna-

349 3501 543 3554 tionem
581 3502 940 3570 consensisse,
974 3505 1135 3557 etiam
1166 3515 1395 3574 cogente
1421 3519 1519 3572 per
1545 3503 1876 3558 Aristolaum
1905 3503 2180 3557 tribunum
2216 3503 2546 3560 Theodosio.

417 3594 610 3650 Mirum
643 3612 796 3661 sane,
834 3599 974 3666 quod
1010 3600 1199 3655 scribit
1227 3599 1495 3654 Baronius
1531 3599 1634 3668 (Ad
1680 3617 1804 3653 amt.
1837 3599 1963 3664 431,
1991 3614 2140 3653 num.
2171 3599 2324 3671 185),
2359 3601 2646 3668 impulsum
2682 3604 2849 3658 fuisse
2870 3604 3139 3660 Andream
3173 3619 3202 3658 a
3235 3603 3442 3658 Joanne
3475 3604 3592 3658 An.

352 3689 623 3754 tiocheno,
657 3699 778 3756 post
802 3689 1039 3744 solutum
1064 3689 1376 3758 concilium,
1401 3693 1467 3746 ad
1494 3691 1841 3746 scribendum
1873 3699 2060 3744 contra
2093 3689 2280 3760 Cyrilli
2326 3694 2583 3760 capitula,
2637 3695 2932 3764 tulisseque
2981 3710 3101 3750 eam
3168 3710 3264 3764 pro
3320 3695 3599 3764 impietate

350 3786 676 3848 mercedem,
711 3793 765 3837 ut
801 3799 868 3838 ex
899 3785 1165 3839 monacho
1187 3784 1785 3856 Constantinopolitano
1814 3783 2198 3842 Samosatenus
2227 3789 2511 3857 episc0pus
2547 3789 2700 3840 fieret
2730 3804 2742 3840 :
2778 3802 2899 3840 nam
2929 3787 3100 3855 primo
3130 3787 3586 3855 Constantinopo-

348 3876 548 3933 litanus
583 3880 669 3934 ille
695 3880 1011 3945 monachus,
1041 3888 1162 3949 post
1194 3896 1377 3950 pacem
1404 3875 1795 3946 Ecclesiarum,
1827 3895 1949 3936 cum
1982 3883 2048 3935 ad
2072 3897 2192 3936 eum
2217 3883 2476 3937 scriberet
2500 3881 2893 3945 Theodorctus,
2922 3882 3099 3934 adhuc
3129 3890 3248 3934 erat
3272 3883 3588 3935 monachus.

354 3971 552 4026 Deinde
582 3971 870 4026 Liberatus
902 3971 1088 4035 tradit,
1121 3973 1304 4027 statim
1333 3973 1570 4039 acceptis
1597 3971 1782 4042 Cyrilli
1811 3973 2025 4038 litteris,
2063 3973 2372 4026 Nestorium
2400 3988 2429 4025 a
2459 3971 2669 4026 Joanne
2698 3971 2938 4040 petiisse,
2968 3981 3023 4022 ut
3049 3985 3077 4022 a
3111 3971 3222 4025 suis
3257 3973 3406 4040 argui
3447 3970 3599 4038 capi-

350 4058 458 4113 tula
486 4071 722 4124 curaret,
749 4060 1099 4130 idipsumque
1134 4062 1302 4116 refert
1332 4077 1395 4115 ex
1423 4061 1675 4116 Liberale
1703 4061 1966 4118 Baronius
1991 4065 2058 4117 ad
2090 4079 2216 4117 ann.
2247 4063 2372 4116 450.
2412 4062 2648 4130 Denique
2676 4061 3050 4114 Theodoretus
3075 4068 3201 4113 ante
3227 4060 3513 4114 concilium
3543 4076 3600 4116 se

352 4157 640 4225 Scripsisse
674 4166 900 4212 testatus
950 4165 1065 4222 est;
1104 4164 1159 4210 et
1187 4157 1521 4210 ostendimus
1551 4159 1762 4227 utrique
1792 4175 1821 4214 a
1857 4161 2062 4232 Cyrillo
2093 4175 2404 4230 responsum
2430 4167 2555 4214 ante
2580 4161 2755 4227 ipsum
2783 4172 3001 4227 quoque
3033 4156 3343 4211 concilium.
3370 4153 3600 4224 Cyrillus

349 4259 497 4301 certe
545 4247 872 4304 l‘heodoreto
906 4248 1206 4316 respondit,
1241 4248 1383 4303 velut
1413 4250 1616 4305 homini
1653 4253 1833 4323 ignoto
1867 4272 1880 4307 :
1915 4256 2005 4319 qui
2038 4268 2165 4306 vero
2191 4253 2378 4307 fuisset
2417 4262 2537 4322 post
2569 4252 2876 4317 concilium,
2913 4265 3034 4305 cum
3071 4249 3450 4303 Theodoretus
3478 4261 3589 4300 rem

350 4342 855 4405 Schismaticorum,
896 4340 974 4394 vel
1008 4356 1166 4405 unus,
1200 4340 1281 4395 vel
1314 4341 1454 4395 inter
1479 4342 1681 4411 primos
1705 4346 2073 4411 promoverit?
2111 4345 2392 4398 Postremo
2424 4345 2695 4398 Andream
2723 4340 3222 4409 Theodoretusjam
3255 4340 3600 4411 episcopum,

349 4445 404 4491 et
431 4434 646 4503 quidem
673 4450 779 4488 non
814 4434 887 4487 ita
916 4435 1123 4503 pridem
1158 4432 1381 4499 factum,
1409 4435 1624 4503 Epheso
1658 4437 1852 4492 litteris
1879 4439 2155 4495 convenit.

425 4527 700 4582 Incertum
731 4543 1012 4598 quousque
1035 4529 1200 4580 vitam
1236 4529 1589 4595 protraxerit,
1622 4545 1744 4583 nam
1776 4533 1916 4600 quod
1947 4531 2109 4586 habet
2145 4532 2457 4586 Theodorus
2479 4529 2701 4584 Lector:
2733 4529 2996 4583 Rabbulas
3021 4530 3312 4581 Edessena:
3333 4529 3600 4598 episcopus

352 4637 520 4677 rwcus
549 4631 702 4688 erat;
731 4623 969 4676 Andreas
998 4640 1114 4676 vero
1143 4623 1518 4679 Samosatenus
1557 4627 1819 4679 accusavit
1851 4643 1990 4690 eum,
2015 4627 2165 4695 quasi
2205 4635 2389 4681 contra
2433 4628 2706 4679 duodecim
2737 4626 2912 4692 capita
2961 4622 3274 4677 Theodoreti
3306 4625 3600 4693 scripsisset

353 4715 505 4783 (Lib.
535 4731 550 4770 ι
582 4714 1052 4782 Collectaneorum,
1093 4724 1131 4767 t.
1163 4715 1202 4768 ll
1233 4713 1568 4770 Bibliotheca:
1621 4715 1845 4768 Patrum
1873 4716 1921 4785 ),
1951 4716 2082 4771 nihil
2129 4726 2309 4787 potest
2337 4717 2402 4770 ad
2433 4716 2836 4781 chrono|0giam
2861 4716 3187 4778 conducere,
3215 4731 3334 4769 cum
3362 4716 3496 4770 nihil
3522 4717 3594 4771 sit

350 4807 713 4866 Collectaneis
746 4809 900 4878 hujus
949 4811 1048 4864 viri
1086 4811 1474 4880 perturbatius.
1505 4809 1620 4865 Non
1656 4813 1957 4883 supervixit
1986 4828 2117 4866 sane
2146 4815 2210 4867 ad
2245 4825 2444 4864 annum
2484 4825 2652 4878 usque
2679 4810 2805 4875 451,
2839 4825 2946 4880 quo
2978 4809 3269 4865 concilium
3298 4810 3599 4867 Chalcedo-

356 4915 522 4954 nense
560 4900 797 4955 habitum
828 4911 928 4956 est.
965 4902 1020 4956 lu
1052 4917 1116 4956 eo
1154 4903 1298 4956 enim
1335 4902 1531 4972 legitur
1559 4919 1756 4958 nomen
1791 4902 1970 4955 Rufini
2020 4901 2442 4963 Samosalensis,
2471 4900 2584 4966 qui,
2630 4915 2758 4954 cum
2788 4901 3090 4956 centesimo
3119 4901 3379 4969 vigesimo
3424 4902 3599 4966 primo

353 4994 474 5050 loco
507 4998 834 5052 sententiam
865 4997 1082 5063 dixerit,
1114 4997 1252 5050 inter
1277 4997 1457 5066 plures
1493 4999 1765 5053 sexcentis
1793 4997 2098 5067 episc0pos,
2135 5011 2238 5048 non
2264 4996 2346 5049 ita
2367 4995 2570 5066 pridem
2603 4995 2787 5049 debuit
2821 4995 3262 5050 Samosatensem
3290 4993 3594 5046 Ecclesiam

357 5102 570 5158 regere,
603 5088 1037 5156 quandoquidem
1065 5088 1322 5144 credibile
1349 5097 1432 5144 est
1466 5103 1563 5158 pro
1598 5089 1805 5142 ratione
1846 5087 2207 5141 ordinationis
2245 5087 2540 5142 recensitos
2566 5101 2688 5142 esse
2723 5086 2930 5140 Patres.
2974 5087 3153 5151 Quare
3193 5086 3279 5137 vix
3324 5084 3599 5136 Andream

358 5197 480 5235 reor
505 5185 748 5251 adusque
777 5198 906 5239 ann.
933 5183 1037 5237 440
1071 5185 1232 5238 vitam
1260 5185 1600 5253 produxisse.

429 5275 713 5330 Methodus
743 5290 905 5345 porro
939 5290 1100 5343 quam
1134 5276 1184 5328 in
1219 5276 1384 5331 hocce
1410 5290 1574 5344 opere
1605 5285 1788 5331 servat
1813 5276 1914 5331 ista
1947 5276 2058 5331 fere
2091 5284 2192 5328 est.
2226 5273 2482 5342 Cyrillum
2515 5275 2694 5341 arguit
2723 5287 2835 5324 non
2866 5282 2973 5325 tam
3007 5269 3213 5323 erroris
3256 5281 3414 5335 quam
3456 5269 3597 5336 quod

360 5369 654 5438 pugnantia
678 5370 748 5422 sit
771 5369 1016 5434 locutus;
1047 5369 1189 5438 quod
1211 5370 1432 5424 vocibus
1461 5370 1778 5426 inconsultis
1809 5383 1862 5425 ct
1887 5370 2156 5438 ambiguis
2184 5378 2398 5433 utatur;
2427 5377 2480 5421 et
2519 5376 2662 5433 quod
2692 5365 2925 5430 maligne
2966 5364 3106 5418 forte
3146 5363 3346 5432 aliquid
3381 5362 3597 5418 latentis

360 5462 565 5515 erroris
593 5460 923 5516 dissimulet.

433 5556 511 5610 Ex
537 5558 745 5612 duobtts
789 5563 966 5608 autem
1015 5555 1274 5609 duntaxat
1309 5555 1566 5625 operibus
1596 5555 1779 5625 Cyrilli
1819 5555 2086 5623 depromit
2123 5555 2256 5615 loca,
2289 5565 2406 5618 qua:
2455 5545 2924 5601 anathematismis
2958 5555 3210 5615 opponat,
3249 5562 3314 5601 ex
3366 5544 3590 5615 epistola

364 5662 564 5718 nempe
591 5647 656 5703 ad
690 5646 904 5718 Egypti
933 5645 1250 5711 monachos,
1283 5655 1336 5701 et
1368 5648 1584 5702 homilia
1618 5647 1854 5717 paschali
1889 5646 1975 5710 l7,
2009 5647 2261 5710 illamque
2294 5640 2451 5711 primi
2480 5636 2612 5692 torni
2647 5633 2881 5698 nomine,
2911 5637 3071 5694 istam
3100 5640 3321 5696 secundi
3353 5636 3599 5705 appellat.
