4014 6128
1183 247 1244 260 ηυγ

3573 275 3679 334 516

429 285 538 344 315
1097 295 1104 298 ’
1423 289 1481 345 S.
1522 285 1800 344 CYRILLI
1839 283 2308 342 ALEXANDRINI
2346 282 2666 341 ARCHIEP.

430 403 565 460 Nam
598 406 697 462 ista
731 407 840 464 duo
869 408 1094 465 fuerunt
1119 409 1290 481 aperti
1319 423 1440 465 cum
1465 406 1721 464 Nestorio
1744 407 1954 464 dissidii
1993 409 2167 478 prima
2201 407 2346 462 velut
2387 407 2608 470 indicia,
2646 410 2702 459 et
2734 402 2891 474 quasi
2920 400 3045 458 belli
3075 400 3328 466 classica,
3364 397 3589 454 fuerunt
3624 406 3683 454 et

426 497 626 568 ubique
653 503 892 571 gentium
918 503 1225 566 notissima,
1249 518 1369 558 cum
1401 509 1623 572 propter
1649 501 1886 556 bomiliar
1907 500 2374 563 communitatem,
2399 508 2511 552 tum
2545 496 2781 551 maxime
2808 494 2880 549 ob
2936 493 3181 562 epistola:
3207 491 3402 547 factam
3426 489 3685 547 de‘indu-

429 594 562 647 stria
594 609 690 663 per
717 595 898 663 urbes,
928 605 982 652 et
1012 596 1475 665 Constantinopoli
1513 595 1770 660 maxime,
1812 595 1898 650 cui
1933 593 2179 649 Andreas
2212 593 2504 657 scribebat,
2541 589 3072 647 disseminationem.

497 687 901 745 Observandum
935 692 1037 746 sub
1082 692 1266 756 ﬁnem,
1299 691 1588 744 admodum
1636 705 1806 759 pauca
1843 690 1911 743 ab
1943 690 2161 744 Andrea
2205 688 2375 744 asseri
2411 701 2530 756 qua:
2572 686 2772 740 bonum
2819 697 3038 738 sensum
3077 680 3221 736 ferre
3264 695 3372 734 non
3420 678 3690 748 possint:

428 793 598 848 quare
633 794 734 832 non
767 784 840 835 ita
862 782 1170 850 discrepare
1190 782 1362 851 ipsum
1389 795 1418 834 a
1451 779 1676 851 Cyrillo,
1712 781 1840 850 quin
1871 779 2049 845 facile,
2074 780 2119 834 si
2153 778 2516 834 contentionis
2534 765 2774 830 studium
2793 773 2951 838 absit,
2974 771 3255 826 conciliari
3280 778 3444 840 queat
3468 787 3482 824 :
3510 768 3682 823 asseri

427 869 571 934 dico,
595 869 717 937 quia
746 871 1075 926 sententiam
1103 870 1458 927 Orientalium
1475 869 1866 926 velutNestorii
1900 871 2118 925 nomine
2136 867 2608 924 auatbematismis
2635 865 2927 934 appetitam
2949 863 3179 918 subinde
3204 861 3450 931 exponit,
3477 866 3534 913 ut
3562 860 3682 916 haec

426 956 766 1013 elucubratio
793 975 900 1016 non
941 970 1050 1016 tam
1089 961 1429 1030 impugnatio
1455 960 1691 1015 hominis
1724 961 1950 1029 alicujus
1977 961 2148 1016 videri
2183 961 2375 1031 possit,
2407 974 2570 1028 quam
2602 957 2684 1012 vel
2711 955 2954 1012 defensio
2981 954 3361 1024 iudiciumque
3388 949 3688 1008 Orientalis

424 1033 638 1122 sy'nodi,
675 1053 758 1109 vel
789 1057 1062 1111 sententia
1093 1057 1160 1112 de
1195 1056 1689 1120 anatbematismis,
1721 1064 1979 1126 tanquam
2009 1057 2109 1112 sibi
2141 1055 2663 1112 contradicentibus.

491 1147 671 1216 Atque
698 1149 812 1203 haec
846 1165 1004 1205 causa
1036 1149 1138 1205 fuit
1167 1167 1266 1206 cur
1301 1149 1558 1222 Cyrillus,
1593 1149 1695 1204 etsi
1731 1151 2000 1206 interdum
2028 1152 2314 1214 irascatur,
2338 1157 2561 1219 propter
2589 1146 3060 1216 importunitatem
3091 1144 3545 1212 obtrectatorum,
3575 1143 3679 1197 mi-

425 1239 531 1293 tius
557 1250 736 1296 tamen
767 1257 888 1296 cum
915 1243 1134 1298 Andrea
1165 1259 1327 1314 quam
1353 1256 1477 1297 cum
1507 1241 1856 1296 Theodoreto
1890 1251 2051 1313 agat;
2081 1243 2134 1296 in
2160 1242 2253 1297 illo
2285 1241 2430 1296 enim
2465 1239 2801 1310 provinciam
2841 1252 3005 1293 unam
3039 1243 3237 1302 totam,
3267 1236 3320 1290 in
3355 1235 3458 1290 isto
3487 1235 3676 1304 singu-

420 1333 589 1390 larem
622 1350 934 1406 personam,
963 1347 1020 1392 et
1047 1354 1167 1394 eam
1203 1338 1422 1408 quidem
1451 1334 1555 1390 sibi
1591 1335 1828 1406 ignotam
1861 1337 2151 1408 spectavit.

1127 1735 1474 1868 ΤΟΥ
1549 1730 2074 1867 ΑΓΙΟΥ
2131 1730 3004 1867 ΚΥΡΙΛΛΟΥ

1446 2004 2014 2059 ΑΡΧΙΕΠΙΣΚΟΠΟΥ
2060 1999 2584 2059 ΑΛΕΞΑΝΔΡΕΙΑΣ

635 2185 1520 2277 ΑΠΟΛΟΓΗΤΙΚΟΣ
1592 2189 1892 2276 ΥΠΕΡ
1963 2190 2192 2276 ΤΩΝ
2272 2187 2723 2276 ΔΩΔΕΚΑ
2799 2185 3450 2289 ΚΕΦΑΛΑΙΩΝ

1272 2396 1463 2448 ΠΡΟΣ
1503 2393 1684 2448 ΤοΥΣ
1727 2367 2283 2446 ΤΗΣ-ΑΝΑΤΟΛΗΣ
2313 2393 2684 2448 ΕΠΙΣΚοηο
2699 2395 2806 2449 ΥΣ.

1253 2727 1940 2888 SANCTI
2039 2732 2818 2905 CYBILLI

1513 3028 1986 3085 ALEXANDRIIE
2023 3027 2552 3085 ARCIIIEPISCOPI

713 3219 1624 3319 APOLOGETICUS
1701 3227 1934 3321 PRO
2010 3230 2638 3321 DUODECIM
2717 3228 3346 3320 CAP'ITIB'US

1330 3418 1726 3480 ADVERSUS
1782 3419 2263 3482 ORIENTALES
2313 3423 2732 3484 EPISCOPOS.

475 3739 576 3808 Qui
611 3755 763 3798 suam
805 3754 1038 3801 mentem
1079 3748 1423 3806 sanctissimo
1456 3752 1566 3808 Deo
1603 3755 1882 3824 dicarunt,
1924 3769 1975 3814 et
2005 3762 2051 3820 Α

2152 3761 2213 3812 Οἱ
2245 3758 2323 3828 τῷ
2356 3758 2606 3828 παναγίῳ
2651 3756 2769 3828 Θεῷ
2812 3757 2910 3829 τὴν
2949 3757 3155 3811 ἑαυτῶν
3190 3756 3430 3811 διάνοιαν
3480 3774 3659 3830 παρα-

403 3833 651 3888 vcritatis
679 3833 1024 3906 dogmatibus
1049 3840 1374 3906 patrocinari
1413 3842 1749 3912 delegerunt,
1782 3857 1977 3902 cavent

405 3923 628 3993 profana
663 3925 1086 3996 irreligiosorum
1125 3931 1499 3988 haereticorum
1540 3937 1846 4007 vaniloquia
1871 3955 1886 4005 ;
1913 3956 1976 3995 ac

408 4023 632 4080 ruentes
666 4018 936 4075 internum
969 4030 1023 4076 ct
1055 4023 1432 4080 absconditum
1459 4029 1639 4084 cordis
1676 4032 1889 4085 oculum
1921 4033 1972 4086 in

406 4110 742 4179 Scripturam
771 4113 1032 4170 divinitus
1069 4117 1410 4186 inspiratam,
1436 4119 1624 4191 sicque
1655 4123 1808 4177 bonis
1835 4125 1975 4192 cogi-

405 4201 696 4256 tationibus
716 4216 838 4256 eum
871 4201 1075 4257 aﬂ'atim
1101 4206 1397 4274 explentes,
1437 4209 1501 4263 iis
1531 4209 1620 4278 qui
1658 4221 1802 4265 recta
1845 4227 1973 4280 per-

401 4300 640 4356 vertunt,
665 4292 1013 4348 obluctantur
1041 4311 1298 4365 perquam
1333 4308 1576 4366 strenue,
1605 4304 1762 4369 quasi
1793 4303 1975 4358 dicen-

401 4390 522 4439 tes:
557 4402 576 4436 ι
627 4383 862 4440 Zelando
911 4386 1069 4441 zelati
1121 4403 1309 4444 sumus
1353 4389 1579 4445 Domino
1610 4392 1674 4445 δι.
1717 4413 1735 4445 ι
1787 4393 1974 4464 Itaque

398 4488 519 4526 cum
564 4473 846 4532 Nestorius
888 4477 1087 4532 multas
1140 4487 1196 4533 et
1243 4480 1484 4536 diversas
1517 4481 1678 4553 158
1723 4484 1974 4553 blasphe-

401 4565 539 4619 nuias
570 4576 756 4620 contra
787 4568 1062 4625 Christum
1092 4570 1427 4627 Salvatorem
1458 4577 1700 4630 omnium
1729 4587 1971 4632 nostrum

398 4652 716 4722 eﬂunderet,
745 4669 800 4714 et
825 4665 1220 4730 quodammodo
1253 4667 1614 4722 venerandum
1643 4678 1698 4722 et
1720 4683 1969 4736 magnum

400 4743 793 4804 incarnationis
864 4766 1266 4811 sacramentum
1343 4757 1584 4814 funditus
1633 4769 1968 4828 removeret,

401 4849 506 4890 non
566 4836 880 4906 ignorantes
925 4843 991 4896 ad
1044 4845 1157 4899 lucc
1209 4847 1346 4902 velle
1394 4850 1556 4905 silere
1606 4851 1968 4921 periculosum

397 4941 541 4991 esse,
580 4936 632 4984 et
678 4944 800 4984 ctuu
851 4932 1148 4999 saepissime
1191 4939 1646 4997 consuluissemus
1699 4944 1799 5010 illi,
1849 4952 1968 4998 uta

401 5018 600 5076 talibus
634 5019 988 5091 blaspbetuiis
1019 5036 1292 5092 cessaret,
1330 5031 1815 5102 nihilquepenitus
1846 5049 1970 5104 pro-

2084 3853 2398 3923 στήσαντες,
2431 3851 2662 3913 καὶτοῖς
2695 3851 2792 3919 τῆς
2826 3849 3084 3920 ἀληθείας
3117 3850 3348 3919 δόγμασι
3381 3851 3662 3903 συνειπεῖν

2083 3942 2379 4012 ᾑρημένοι,
2426 3938 2814 4010 παραιτοῦνται
2852 3940 2949 4008 μὲν
2985 3941 3080 4004 τὰς
3125 3940 3388 4010 βεϐήλους
3420 3957 3663 4008 κενοφω-

2082 4031 2199 4092 νίας
2223 4039 2249 4066 ³
2273 4030 2379 4084 τῶν
2401 4031 2627 4083 ἀνοσίων
2651 4029 2964 4100 αἱρετικῶν,
2991 4030 3301 4100 ἐρείσαντες
3327 4030 3384 4082 δὲ
3411 4030 3503 4083 τὸν
3531 4030 3658 4094 ἔσω,

2082 4121 2172 4172 καὶ
2199 4118 2722 4189 κατακεκρυμμένον
2761 4118 3036 4187 ὀφθαλμὸν
3074 4119 3170 4187 τῆς
3192 4119 3420 4189 καρδίας
3444 4121 3512 4188 τῇ
3543 4118 3660 4171 Θεο-

2081 4213 2330 4283 πνεύστῳ
2358 4214 2568 4284 Γραφῇ,
2592 4211 2734 4264 οὕτω
2767 4227 2826 4263 τε
2853 4211 3018 4263 αὑτὸν
3049 4210 3320 4274 πλουσίως
3346 4210 3662 4281 ἀναμεστὼ-

2083 4321 2270 4367 σαντες
2313 4303 2528 4356 ἐννοιῶν
2559 4303 2800 4370 ἀγαθῶν,
2844 4303 2955 4365 τοῖς
2983 4302 3050 4355 τὰ
3079 4300 3217 4371 ὀρθὰ
3243 4303 3662 4373 διαστρέφουσιν

2081 4394 2521 4459 ἀντανίστανται,
2569 4395 2664 4447 κοιλ⁵
2700 4395 2843 4465 μάλα
2891 4393 3183 4457 νεανικῶς,
3239 4395 3528 4464 μονονουχὶ
3571 4394 3660 4446 λέ-

2080 4503 2266 4554 γοντες
2288 4503 2300 4516 ⁸
2347 4505 2364 4536 ι
2399 4484 2692 4556 Ζηλοῦντες
2742 4486 3097 4556 ἐζηλώκαμεν
3131 4485 3207 4551 τῷ
3242 4484 3458 4556 Κυρίῳ.
3489 4507 3507 4539 ι
3553 4487 3661 4540 Νε-

2082 4577 2295 4648 στορίου
2331 4576 2508 4630 τοίνυν
2539 4577 2737 4640 πολλάς
2763 4595 2824 4630 τε
2851 4578 2943 4630 καὶ
2969 4578 3261 4648 διαφόρους
3296 4579 3661 4648 καταχέοντος

2081 4667 2425 4738 βλασφημίας
2451 4665 2544 4719 τοῦ
2575 4667 2790 4720 πάντων
2816 4667 2971 4737 ἡμῶν
2992 4668 3243 4739 Σωτῆρος
3268 4669 3534 4740 Χριστοῦ,
3563 4670 3660 4723 καὶ
3691 4719 3703 4762 ί

2076 4753 2186 4810 οἷον
2215 4758 2278 4809 ὲκ
2310 4755 2524 4826 βάθρων
2553 4755 3015 4827 ἀναμοχλεύοντος
3041 4756 3100 4808 τὸ
3127 4757 3344 4823 σεπτὸν,
3382 4759 3479 4811 καὶ
3517 4759 3660 4828 μέγα

2076 4849 2176 4918 τῆς
2197 4847 2657 4919 ὲνανθρωπήσεως
2685 4848 3001 4918 μυστήριον,
3025 4848 3124 4900 οὐκ
3151 4848 3432 4902 ἀκίνδυνον
3457 4851 3658 4912 εἰδότες

2075 4939 2135 4992 τὸ
2155 4939 2246 4992 ἐπί
2277 4956 2338 5008 γε
2369 4939 2578 5002 τούτοις
2608 4939 2820 4992 ἑλέσθαι
2854 4940 3030 5010 σιγᾷν,
3059 4938 3567 5009 συμϐουλεύσαντές
3594 4957 3654 4994 τε

2076 5030 2394 5094 πλειστάκις
2450 5030 2598 5101 αὑτῴ
2643 5029 2754 5083 τῶν
2790 5029 3045 5083 τοιούτων
3089 5028 3392 5100 ἀπέχεσθαι
3442 5032 3652 5102 δυσφη-

399 5108 738 5180 fecissemus,
767 5117 1078 5171 necessario
1119 5121 1330 5174 tandem
1374 5125 1441 5177 ad
1487 5123 1817 5180 defendenda
1852 5126 1967 5192 pie-
1999 5117 2041 5174 Β

2079 5124 2231 5196 μιῶν,
2283 5125 2570 5192 ὀνήσαντες
2607 5122 2662 5175 δὲ
2709 5121 2992 5184 παντελῶς
3029 5121 3202 5185 οὐδὲν,
3243 5123 3652 5194 κεχωρήκαμεν

402 5203 528 5258 tatis
577 5206 829 5277 dogmata
885 5211 1236 5280 accessimus,
1285 5221 1340 5268 ct
1379 5215 1594 5272 selectis
1648 5217 1968 5286 quibusdam

477 5376 516 5411 δ’
547 5377 607 5433 Ill
640 5378 770 5451 Reg.
805 5401 920 5450 nx,
957 5385 1041 5440 Η.

2077 5215 2386 5283 ἀναγκαίως
2429 5217 2520 5270 ἐπὶ
2563 5215 2624 5268 τὸ
2657 5215 2854 5286 χρῆναι
2892 5213 3171 5267 συναθλεῖν
3203 5215 3317 5278 τοῖς
3359 5213 3459 5283 τῆς
3495 5214 3653 5266 εὗσε-

1463 5546 1636 5602 Varizc
1665 5547 1924 5604 lectiones
1945 5561 2008 5602 cx
2043 5548 2226 5604 codice
2262 5549 2628 5618 Seguicriano.

410 5693 438 5726 ³
459 5687 623 5749 ἴσως.
654 5683 1034 5754 καινοφωνίας.
