4014 6128
353 277 460 334 317

966 277 1500 338 APOLOGETICUS
1538 280 1676 339 PRO
1716 281 1811 339 XII
1850 283 2217 344 CAPITIBUS
2249 286 2533 346 CONTRA
2572 284 3036 345 ORIENTALES.

3526 289 3631 346 5l3

355 393 514 455 655a;
538 390 828 462 δόγμασιν.
853 391 1282 466 ’Λπολεξάμενοι
1304 397 1362 450 δὲ
1389 399 1665 468 κεφάλαιά
1684 417 1806 454 τινα
1834 401 1921 454 τῶι

2054 402 2198 459 illius
2223 399 2682 476 blasphemiarum
2737 400 3028 472 capitibus,
3071 413 3134 455 ea
3169 400 3373 456 utiliter
3409 403 3631 455 anathe-

356 483 577 535 ἐκείνου
606 483 944 555 δυσφημιῶν,
995 485 1170 539 ταῦτα
1214 489 1503 559 χρησίμως
1545 491 1944 562 ἀνεθεματίσα-

367 591 491 642 μεν,
529 575 647 644 ἡτοι
686 575 814 638 τοὺς
843 578 1060 645 φρονεῖν
1105 575 1390 642 ἐθέλοντας
1420 578 1589 644 αὐτὰ,
1632 580 1946 650 πειθόμενοι

362 662 575 732 ὶέγοντι
609 664 690 734 τῷ
719 667 974 736 μακαρίῳ
1009 667 1240 738 Παύλῳ·
1274 686 1291 720 ο
1325 668 1392 722 El
1421 686 1505 732 τις
1536 671 1680 740 ὑμᾶς
1713 672 1944 739 εὐαγγε-

367 754 573 818 λίζεται
616 755 741 825 παρ’
783 755 812 808 ὃ
879 756 1252 827 παρελάϐετε,
1299 759 1549 830 ἀνάθεμα
1595 760 1767 813 ἔστω·
1810 761 1946 816 ἀλλὰ

370 847 472 899 κᾶν
496 849 670 917 ἡμεῖς,
699 847 731 917 ἦ
758 847 988 915 ἄγγελος
1017 848 1076 912 ἐξ
1098 849 1329 920 ούρανοῦ
1353 850 1777 919 εὐαγγελίσηται
1799 851 1944 921 ὑμᾶς

371 939 494 1006 τεῖρ’
520 938 547 990 ὃ
589 939 954 1009 παρελάϐετε,
998 939 1248 1010 ἀνάθεμα
1277 941 1436 995 ἔστω.
1466 960 1484 992 ι
1541 942 1682 995 Ἀλλ’
1716 943 1816 995 ούκ
1848 942 1943 996 οἷδ’

366 1031 507 1093 ὅπως
553 1031 994 1104 δεδυσφορήκασί
1025 1051 1170 1096 τινες
1213 1034 1308 1088 ἐπὶ
1340 1034 1516 1106 τούτῳ
1548 1035 1690 1102 λίαν,
1735 1035 1770 1106 ἢ
1816 1037 1946 1107 ὁμόο

278 1134 282 1136 ‘
362 1139 550 1189 ςρονες
575 1121 748 1188 ὄντες,
774 1124 867 1177 καὶ
901 1125 1332 1196 ίσογνώμονες,ῆ
1359 1127 1814 1199 προσποιούμενοι
1845 1129 1944 1198 μὲν

358 1215 746 1284 παραιτεῖσθαι
777 1217 876 1288 τὴν
910 1218 1216 1288 ὁμοδοξίαν,
1253 1218 1584 1291 πειρώμενοι
1622 1220 1679 1274 δὲ
1712 1220 1800 1274 διὰ
1827 1221 1946 1292 τρό-

359 1324 461 1359 που
501 1308 704 1372 παντὸς
751 1311 1066 1381 ἐπικουρεῖν
1103 1309 1280 1382 αὐτῷ,
1331 1312 1426 1366 καὶ
1489 1312 1760 1366 ποιεῖσθαι
1807 1329 1941 1367 κατ-

359 1401 768 1472 εστυγημένους
799 1403 928 1464 τοὺς
956 1402 1035 1473 τῷ
1069 1403 1284 1473 Σωτῆρι
1321 1404 1704 1476 συναγορεύειν
1727 1404 1940 1459 ἐθέλον-

356 1509 478 1556 τας.
517 1493 658 1546 Ἀλλ’
686 1489 756 1565 ἧν
793 1493 1087 1548 ἀκόλουθον
1131 1496 1351 1561 ἐννοεῖν,
1390 1495 1473 1549 ὅτι
1501 1498 1616 1559 τοῖς
1644 1495 1944 1567 ἑτεροδιδα-

359 1583 578 1646 σκάλοις
628 1584 890 1655 ἐπιτιμᾷν
945 1584 1315 1656 προύξένησεν
1365 1585 1432 1639 ἂν
1478 1571 1664 1650 αὐτοῖς
1712 1585 1812 1656 τῆς
1861 1585 1942 1649 είς

357 1674 596 1741 Χριστὸν
635 1675 853 1746 ἀγάπης
887 1677 947 1728 τὸ
979 1675 1227 1746 γνήσιον·
1268 1677 1366 1731 νῦν
1395 1677 1453 1731 δὲ
1486 1675 1804 1748 πεπράκασι
1841 1675 1940 1747 μὲν

2053 496 2453 562 matizavimus,
2481 497 2585 550 hoc
2605 502 2710 559 est,
2741 508 2836 549 eos
2875 492 2967 561 qui
3010 490 3136 546 talia
3169 492 3374 547 sentire
3422 493 3629 558 volunt,

2047 588 2484 655 obtemperantes
2511 588 2672 640 beato
2703 585 2870 639 Paulo
2895 585 3095 640 dicenti
3136 601 3148 635 :
3185 603 3205 635 ι
3245 584 3300 638 Si
3333 584 3452 652 quis
3477 585 3628 638 vobis

2047 676 2502 746 evangelizaverit
2554 684 2750 744 praeter
2805 674 2857 729 id
2919 675 3060 743 quod
3130 671 3436 740 accepistis.
3493 685 3627 722 ana-

2047 767 2226 820 thema
2266 766 2358 820 sit.
2389 765 2492 819 Sed
2526 765 2628 820 etsi
2671 779 2789 829 nos,
2818 762 2900 818 vel
2937 763 3159 832 angelus
3187 763 3252 816 de
3296 761 3434 816 caelo
3464 775 3626 814 evan-

2047 855 2358 924 gelizaverit
2397 854 2554 909 vobis
2595 864 2793 928 praeter
2845 855 2894 909 id
2947 853 3090 922 quod
3133 852 3445 921 accepistis,
3491 865 3622 904 ana-

2049 948 2227 1003 thema
2257 947 2330 1002 sit
2358 947 2423 1000 “.
2462 961 2483 998 ι
2515 948 2584 998 At
2617 947 2800 1001 nescio
2828 960 2937 1014 quo
2966 954 3124 1015 pacto
3155 944 3208 998 id
3248 944 3464 999 modum
3500 957 3626 1011 gra-

2045 1049 2167 1093 vate
2207 1039 2426 1094 tulerint
2453 1038 2642 1109 aliqui,
2669 1039 2751 1092 vel
2780 1038 2922 1108 quod
2971 1038 3080 1093 sint
3123 1036 3360 1104 ejusdem
3406 1045 3625 1091 senten-

2046 1132 2134 1185 tia:
2159 1146 2222 1184 ac
2251 1131 2522 1200 opinionis
2560 1145 2681 1185 cum
2731 1130 2851 1197 illo;
2885 1129 2965 1183 vel
3006 1129 3148 1199 quod
3197 1126 3451 1182 simulent
3501 1127 3624 1195 qui-

2045 1221 2163 1276 dem
2194 1236 2254 1276 se
2279 1221 2452 1275 vitare
2475 1221 2746 1290 opinionis
2773 1221 3111 1285 societatem,
3142 1227 3405 1272 attentent
3439 1227 3626 1271 autem-

2045 1313 2219 1367 modis
2247 1313 2497 1368 omnibus
2533 1313 2707 1382 ipsum
2755 1311 3031 1376 adjuvare,
3064 1317 3118 1365 et
3153 1309 3376 1364 reddere
3425 1324 3622 1363 exosos

2043 1417 2136 1457 eos
2203 1405 2294 1473 qui
2346 1404 2684 1459 Salvatorem
2738 1404 3013 1458 Christum
3067 1400 3359 1456 defendere
3413 1401 3616 1454 volunt.

2043 1492 2424 1549 Verumtamen
2449 1495 2793 1564 cogitandum
2841 1504 2981 1560 erat,
3023 1493 3166 1563 quod
3217 1494 3497 1560 increpare
3536 1492 3615 1544 dio

2043 1598 2197 1640 versa
2233 1586 2509 1653 docentes,
2543 1586 2887 1641 conciliasset
2927 1585 3059 1653 ipsis
3110 1583 3312 1638 amoris
3357 1583 3412 1636 in
3457 1581 3618 1635 Chri-

2043 1686 2183 1732 stum
2239 1677 2652 1731 sinceritatem:
2707 1692 2849 1731 nunc
2899 1685 3078 1730 autem
3125 1680 3352 1744 egerunt
3396 1671 3616 1741 quidem

357 1766 456 1836 οὐχ
494 1767 629 1838 ὅπερ
653 1742 722 1838 ἦν
745 1742 999 1838 ἄμεινονλ
1032 1742 1227 1822 πολλοῦ
1257 1785 1321 1836 γε
1347 1769 1440 1822 καὶ
1465 1768 1574 1822 δεῖ·
1603 1742 1921 1838 πεποίηνται

2044 1784 2150 1824 non
2212 1771 2353 1838 quod
2397 1769 2514 1824 ﬁeri
2560 1770 2878 1839 oportebat;
2949 1742 3208 1837 quinam?
3261 1765 3387 1820 facti
3434 1772 3615 1817 autem

351 1855 408 1907 δὲ
446 1857 907 1928 πολεμιωτάτους,
938 1851 1013 1913 ὧν
1058 1862 1107 1912 εί
1145 1858 1400 1928 γεγόνασι
1443 1858 1701 1930 ζηλωταὶ,
1743 1858 1936 1928 ἀνεδή-

358 1965 517 2001 σαντο
545 1948 611 2002 ἂν
661 1952 759 2005 σὺν
799 1953 988 2013 αὐτοῖς
1028 1953 1128 2022 τῆς
1161 1950 1473 2022 ἀφθαρσίας
1512 1951 1604 2004 τὸν
1648 1949 1930 2020 στέφανον.

363 2038 853 2111 Έπιλαμϐάνονται
877 2042 1057 2097 τοίνυν
1079 2043 1187 2096 τῶν
1217 2041 1695 2113 ἀναθεματισμῶν,
1723 2042 1800 2106 ὡς
1832 2043 1934 2096 οὐκ

349 2127 408 2184 εὗ
444 2133 779 2201 γεγονότων⁸
813 2133 910 2188 καὶ
949 2134 1013 2196 δὴ
1053 2134 1150 2188 καὶ
1195 2134 1412 2205 ἑκάστῳ
1457 2134 1798 2208 παραθέντες
1837 2134 1934 2202 έγ-

347 2223 574 2293 γράφως
601 2223 672 2277 τὰ
693 2225 794 2294 τῆς
825 2225 1033 2279 ἑαυτῶν
1058 2225 1298 2290 διανοίας
1321 2227 1627 2297 εὑρήματα,
1658 2227 1750 2279 καὶ
1776 2227 1933 2280 ἀσυν-

345 2315 499 2378 έτους
541 2315 693 2380 τινὰς
737 2317 1140 2386 είκαιομυθίας,
1176 2317 1544 2388 συναρπάσειν
1569 2318 1770 2372 οἴονται
1804 2317 1931 2380 τοὺς

345 2393 778 2471 ἐντευξομένους,
810 2404 906 2456 καλ⁴
932 2403 1311 2469 ἀόασανίστως
1343 2408 1456 2469 τοῖς
1481 2406 1612 2477 παρ’
1634 2405 1813 2458 αὐτῶν
1843 2407 1928 2458 ὲν-

345 2492 711 2560 τυγχάνοντας
751 2493 953 2568 λόγοις,
1003 2491 1112 2549 Ἦν
1160 2491 1252 2550 οὖν
1300 2497 1595 2566 ἀναγκαῖον
1633 2499 1728 2552 καὶ
1777 2499 1926 2568 ἡμᾶς

347 2582 545 2645 αὐτοὺς
584 2567 1036 2654 ἀντιπαρεξάγειν
1065 2587 1124 2640 τὸ
1153 2587 1375 2657 ἀληθὲς,
1402 2567 1924 2661 καΐάποκρούεσθαι

347 2671 445 2741 τὴν
481 2672 840 2744 κατάρῤησιν,
863 2675 1137 2746 ἀποφῆναί
1164 2695 1221 2730 τε
1249 2677 1730 2749 φιλοσκώμμονας,
1759 2681 1924 2752 ἤγουν

350 2762 604 2832 ἀληθείας
651 2766 949 2836 ὲρευνητάς
997 2771 1123 2832 τοὺς
1150 2769 1216 2822 δι’
1255 2771 1520 2834 ἐναντίας.
1553 2771 1922 2842 Προτάξαντες

348 2855 530 2907 τοίνυν
573 2855 803 2910 ἕκαστον
829 2857 937 2912 τῶν
965 2860 1446 2929 ἀναθεματισμῶν,
1475 2857 1591 2915 εἷτα
1619 2864 1828 2929 τούτοις
1851 2865 1919 2920 τὰ

2039 1871 2165 1917 sunt
2196 1861 2540 1917 infensissimi
2592 1862 2696 1927 his,
2729 1875 2957 1931 quorum
3011 1859 3056 1914 si
3106 1857 3331 1913 fuissent
3379 1856 3615 1910 imitato-

2038 1967 2146 2017 res,
2182 1953 2605 2008 immortalitatis
2643 1967 2840 2008 corona
2893 1967 3012 2006 cum
3062 1950 3195 2018 ipsis
3241 1949 3476 2004 redimiti
3533 1948 3613 2002 fo-

2037 2051 2178 2098 rent.
2207 2042 2392 2113 ltaque
2438 2044 2925 2099 anathematismos
2971 2041 3409 2112 reprehendunt,
3453 2039 3608 2109 quasi

2037 2149 2144 2190 non
2196 2145 2343 2190 recte
2392 2135 2671 2191 habeant:
2727 2146 2885 2206 atque
2931 2135 3093 2189 etiam
3147 2132 3440 2201 unicuique
3498 2145 3610 2185 sua:

2034 2226 2233 2280 mentis
2261 2226 2700 2293 adinventiones,
2743 2238 2797 2281 et
2824 2225 3024 2281 stultas
3057 2222 3318 2294 quasdam
3353 2236 3417 2276 ac
3443 2221 3608 2277 frivo-

2032 2317 2114 2372 las
2165 2317 2524 2374 fabulationes
2575 2319 2860 2374 scribendo
2921 2323 3309 2387 apposuerunt,
3367 2316 3496 2379 rati,
3547 2329 3608 2370 se

2030 2421 2127 2476 per
2163 2407 2407 2464 fraudem
2456 2420 2789 2464 attracturos
2834 2408 3093 2463 librorum
3139 2421 3361 2461 suorum
3397 2405 3608 2474 impru—

2029 2498 2217 2554 dentes
2272 2499 2528 2555 lectores.
2571 2500 2757 2570 Itaque
2805 2507 2860 2555 et
2907 2499 3062 2554 nobis
3105 2497 3466 2552 necessarium
3505 2496 3607 2549 fuit

2027 2605 2059 2646 e
2088 2591 2302 2645 diverso
2346 2592 2628 2646 veritatem
2667 2605 2961 2662 opponere,
3003 2600 3054 2645 et
3100 2589 3314 2643 illorum
3356 2585 3606 2640 reiellere

2027 2679 2450 2746 oblocutionem,
2486 2695 2550 2736 ac
2589 2682 2877 2737 ostendere
2912 2680 3036 2734 illos
3062 2677 3364 2733 dicacitatis
3399 2675 3608 2731 studio-

2025 2785 2134 2836 sos,
2161 2772 2262 2827 lioc
2286 2781 2369 2826 est
2391 2786 2577 2825 eorum
2603 2773 2946 2826 adversarios
2968 2770 3216 2825 veritatis
3237 2770 3602 2838 indagatores.

2023 2861 2259 2918 Proinde
2278 2864 2766 2932 praeordinavimus
2799 2863 3040 2933 singulos
3084 2861 3597 2928 anathematismos;

341 2947 474 3013 παρ’
497 2946 721 3001 ἐκείνων
754 2933 1137 3020 συντέθειμένα
1171 2953 1549 3019 συντάξαντες,
1578 2957 1917 3026 παρεζεύξα-

2028 2952 2218 3007 deinde
2249 2953 2336 3007 his
2359 2953 2724 3022 adjunximus,
2755 2968 2873 3022 quae
2899 2953 2967 3006 ab
2991 2952 3095 3006 illis
3119 2951 3417 3021 composita
3449 2961 3597 3016 sunt;

340 3053 439 3106 μεν
467 3035 534 3089 τὰ
565 3039 694 3108 παρ’
719 3039 945 3104 ἑαυτῶν,
977 3044 1086 3106 τοῖς
1114 3043 1219 3096 τῶν
1250 3045 1412 3098 θείων
1435 3047 1667 3116 Γραφῶν
1694 3051 1918 3120 ἐπιστήο

2028 3055 2294 3114 postremo
2335 3045 2673 3101 subdidimus
2711 3055 2766 3100 et
2794 3055 3002 3110 nostra,
3037 3045 3246 3099 divinas
3286 3041 3601 3111 Scripturas

339 3145 483 3197 μοσι,
506 3129 786 3193 δικασταῖς
811 3132 968 3185 οἱονεὶ
995 3133 1285 3204 χρώμενοι,
1312 3137 1406 3189 καὶ
1433 3137 1610 3208 ψῆφον
1635 3139 1916 3204 αἰτοῦντες

336 3221 501 3289 ὀρθήν
541 3237 601 3273 τε
631 3222 725 3274 καὶ
772 3223 1173 3295 ἀνεπίπληκτον
1222 3226 1376 3298 παρά
1423 3229 1531 3282 τῶν
1565 3230 1783 3285 εἰδότων
1815 3228 1916 3299 τὴν

335 3310 610 3382 ἀλήθειαν.

765 3428 1356 3486 ΔΝΑΘΕΜΑΤΙΣΜΟΣ
1372 3436 1473 3499 ,Α’.

400 3533 470 3586 Εἴ
491 3552 576 3600 τις
605 3536 704 3607 οὐχ
737 3536 992 3608 ὁμολογεῖ
1024 3539 1158 3594 Θεὸν
1189 3538 1329 3595 εἶναι
1358 3545 1502 3598 κατά
1531 3547 1788 3618 ἀλήθειαν
1817 3552 1911 3606 τὸν

348 3627 716 3699 Ἰεζμμανουὴλ,
743 3631 836 3683 καὶ
865 3631 951 3686 διὰ
979 3633 1136 3686 τοῦτο
1161 3635 1424 3692 Θεοτόκον
1445 3638 1544 3708 τὴν
1579 3641 1739 3708 ἀγίαν
1765 3644 1909 3714 Παρυ

333 3719 501 3772 (ii-mw
536 3722 836 3792 γεγέννηκε
866 3724 974 3795 γὰρ
1006 3727 1283 3795 σαρκικῶς
1311 3729 1492 3796 σάρκα
1523 3733 1785 3799 γεγονότα
1817 3735 1908 3791 τὸν

327 3811 351 3860 ὲ
370 3827 389 3859 ι
417 3811 552 3864 Θεοῦ
578 3813 790 3883 Πατρὸς
818 3816 988 3883 Λόγον
1007 3832 1021 3846 ο
1043 3818 1288 3890 ἀνάθεμα
1315 3819 1457 3874 ἔστω

633 3923 998 3994 Ἀντίρῤησις
1032 3926 1152 3980 τῶν
1195 3929 1606 3985 Ἀνατολικῶν.

397 4035 507 4088 Καὶ
549 4036 632 4098 τίς
683 4039 986 4108 σαρκικῶς,
1025 4041 1203 4111 σάρκα
1235 4042 1495 4110 γεγονότα
1537 4045 1627 4098 τὸν
1674 4047 1736 4100 ἐκ
1767 4047 1904 4102 Θεοῦ

327 4126 520 4192 Λόγον,
543 4128 905 4198 ἀπο-τετέχθαι
937 4131 1456 4203 συνομολογήσειεν;
1484 4134 1546 4188 ΕΞ
1575 4135 1682 4207 γάρ
1710 4154 1902 4209 σαρκιο

327 4217 438 4281 κῶς
471 4220 779 4291 ἐγέννησεν,
814 4222 998 4275 οὐκέτι
1029 4222 1170 4276 κατά
1216 4224 1482 4295 παρθένον
1503 4244 1517 4258 ·
1545 4227 1638 4281 καὶ
1677 4229 1779 4282 ποῦ
1813 4230 1903 4300 θή-

2017 3135 2320 3191 scientibus
2345 3138 2502 3207 quasi
2524 3136 2798 3206 iudicibus
2842 3147 3078 3199 utentes,
3109 3145 3269 3206 atque
3295 3135 3363 3190 ab
3395 3136 3478 3188 his
3503 3135 3596 3204 qui

2017 3227 2303 3282 veritatem
2336 3229 2536 3294 sciunt,
2570 3239 2775 3284 rectam
2811 3237 2866 3284 et
2905 3228 3233 3299 iueulpatam
3271 3227 3596 3296 sententiam

2011 3320 2366 3389 postulantes.

2443 3431 3084 3489 ANATIIEMATISMUS
3121 3429 3163 3484 Ι.

2083 3547 2140 3605 Si
2174 3549 2297 3620 quis
2330 3564 2435 3606 non
2475 3549 2787 3613 conﬁtetur,
2832 3544 3236 3601 Emmanuelem
3273 3541 3432 3613 159
3466 3555 3592 3597 vere

2014 3643 2180 3698 Deum
2224 3659 2367 3709 esse,
2412 3652 2467 3698 et
2511 3642 2582 3697 ob
2617 3642 2667 3695 id
2713 3648 2954 3695 sanctam
2989 3636 3266 3707 Virginem
3302 3635 3588 3702 Deiparam

2013 3734 2235 3804 (genuit
2260 3737 2404 3790 enim
2443 3735 2532 3789 illa
2565 3731 2863 3787 carnaliter
2895 3731 3235 3785 incarnatutn
3279 3725 3370 3782 Dei
3413 3725 3589 3781 Patris

2010 3823 2282 3881 Verbuml
2309 3843 2322 3878 :
2360 3826 2647 3879 anathema
2690 3821 2781 3874 sit.

2461 3933 2814 3987 Orientalium
2852 3929 3124 3999 appositio.

2077 4048 2274 4118 Ecquis
2321 4061 2542 4101 carnem
2590 4045 2791 4100 factum
2850 4045 2943 4098 Dei
2983 4044 3244 4107 Verbum,
3293 4040 3586 4095 carnaliter

2006 4149 2189 4196 natum
2209 4155 2329 4194 esse
2344 4139 2505 4194 simul
2534 4137 2916 4193 conﬁtebitur?
2943 4151 3063 4189 nam
3088 4135 3131 4190 si
3167 4134 3460 4189 carnaliter
3491 4149 3585 4202 ge-

2005 4234 2146 4299 nuit,
2168 4233 2278 4302 jam
2311 4248 2415 4287 non
2443 4241 2498 4285 ut
2525 4232 2695 4300 virgo.
2731 4231 2796 4285 Et
2821 4231 2907 4285 ubi
2942 4245 3201 4300 ponemus
3225 4228 3326 4282 hoc
3357 4247 3369 4281 :
3405 4246 3424 4278 ι
3455 4227 3582 4296 Spi-

326 4325 494 4378 σομεν
536 4310 628 4362 τόο
670 4329 688 4361 ι
720 4311 944 4381 Πνεῦμα
977 4313 1037 4365 τὸ
1079 4313 1231 4382 ἅγιον
1278 4314 1631 4369 ἐπελεύσεται
1679 4318 1772 4371 ἐπὶ
1807 4319 1893 4384 σὲ,

2028 4324 2141 4378 ’ἰιυε
2171 4331 2392 4377 sanctus
2433 4322 2782 4392 superveniet
2815 4324 2866 4375 in
2900 4329 2974 4388 te,
3009 4330 3064 4376 et
3099 4321 3270 4374 virtus
3315 4318 3580 4372 Altissimi

325 4401 416 4452 καὶ
432 4400 661 4471 δύναμις
689 4402 940 4471 Ὑψίστου
960 4406 1266 4459 ἐπισκιάσει
1283 4424 1384 4472 σοι,
1418 4427 1436 4459 ι
1475 4409 1757 4479 σαρκικῶς
1780 4412 1902 4464 κατ’

323 4489 484 4544 αὑτὸν
518 4493 616 4562 τῆς
643 4493 939 4565 Παρθένου,
971 4499 1064 4550 καὶ
1093 4499 1155 4550 ού
1186 4497 1507 4571 θεοπρεπῶς
1529 4505 1900 4574 γεννησάσης;

322 4582 413 4632 καὶ
441 4581 560 4645 πῶς
590 4583 794 4653 ταύτην
815 4593 844 4632 ἓν
869 4586 1043 4659 ἀστὴρ
1076 4589 1392 4659 παραδόξως
1417 4592 1740 4661 φαινόμενος
1769 4611 1902 4647 κατ-

320 4672 564 4740 εμήνυε;
619 4672 785 4742 μάγοι
840 4675 896 4727 δὲ
938 4678 1002 4728 ὲκ
1052 4679 1314 4749 Περσίδος
1357 4680 1425 4733 δι’
1465 4681 1631 4734 αὑτοῦ
1669 4682 1898 4753 ὁδηγού-

321 4778 472 4825 μενοι
515 4768 803 4834 παρῄεσαν
829 4776 876 4830 ²,
907 4767 997 4822 τὸν
1027 4770 1288 4838 τεχθέντα
1327 4770 1648 4841 ζητοῦντεςο
1681 4775 1774 4826 καὶ
1803 4776 1895 4828 εὑ-

320 4853 750 4926 ρόντες,.έφερον
783 4857 930 4929 δῶρα
962 4862 1055 4913 καὶ
1084 4856 1161 4932 τῷ
1205 4865 1500 4934 νοουμένῳ,
1546 4864 1640 4917 καλ⁸
1667 4865 1744 4935 τῷ
1775 4884 1898 4935 φαι-

315 4946 528 5016 νομένῳ
563 4949 870 5018 πρόσφορα.
897 4952 1151 5020 Ἀγγελοί
1180 4971 1237 5006 τε
1285 4955 1578 5026 οὐρανόθεν
1611 4959 1897 5013 κατελθόν-

304 5054 403 5099 τες
428 5037 528 5110 τὴν
556 5039 827 5111 γέννησιν,
865 5043 1002 5112 μετὰ
1029 5044 1138 5098 τῶν
1166 5049 1437 5117 ποιμένων
1464 5051 1821 5119 ἀναμιγέντες
1842 5065 1892 5116 8,

319 5127 569 5197 ἐχόρευον
603 5130 884 5199 λέγοντες·
921 5154 939 5185 ι
966 5135 1105 5200 Δόξα
1136 5139 1194 5191 ὲν
1225 5139 1470 5208 ὑψίστοις
1501 5141 1640 5211 Θεῷ,
1671 5144 1764 5195 καὶ
1797 5144 1892 5196 ἐπὶ

315 5219 418 5288 γῆς
469 5221 684 5292 εἰρήνη,
732 5224 789 5276 ἐν
832 5225 1138 5296 ἀνθρώποις
1185 5228 1420 5285 εὐδοκία.
1450 5251 1468 5282 ι
1518 5231 1703 5287 Ταῦτα
1748 5234 1892 5296 τίνος

2004 4413 2350 4469 obumbrabit
2388 4413 2484 4468 tibi
2513 4414 2580 4480 ",
2610 4433 2628 4465 ι
2655 4415 2724 4479 si,
2750 4415 2904 4483 juxta
2930 4414 3071 4468 illius
3103 4421 3363 4476 mentem,
3391 4425 3581 4464 carna-

2002 4505 2128 4560 liter
2150 4515 2204 4561 et
2235 4520 2339 4560 non
2371 4515 2430 4560 ut
2469 4485 2632 4562 Deum
2666 4506 2840 4571 decet,
2886 4505 3051 4574 Virgo
3089 4502 3318 4572 genuit?
3361 4511 3416 4556 et
3441 4515 3579 4570 quo-

2004 4601 2165 4655 modo
2205 4600 2348 4655 hunc
2393 4601 2549 4655 stella
2597 4599 2812 4654 insolito
2856 4598 3015 4650 modo
3056 4607 3322 4663 apparens
3353 4594 3577 4647 demon-

2001 4691 2399 4760 stravitHlagi
2433 4706 2563 4746 vero
2598 4705 2664 4744 ex
2708 4689 2951 4751 Perside,
3000 4687 3087 4741 illa
3143 4687 3300 4750 duce,
3347 4685 3580 4738 advene-

2005 4790 2148 4843 runt,
2179 4789 2364 4832 natum
2393 4789 2720 4848 quaerentes,
2753 4786 2810 4833 et
2843 4777 3062 4832 invento
3089 4776 3228 4830 dona
3262 4775 3593 4831 obtulerunt,

2001 4880 2056 4924 et
2089 4871 2160 4936 ei,
2191 4871 2280 4939 qui
2311 4870 2594 4925 videbatur
2621 4870 2816 4936 oculis,
2851 4879 2903 4924 et
2931 4871 3005 4934 ei,
3049 4870 3139 4938 qui
3179 4878 3360 4922 mente
3395 4865 3574 4935 perci-

1993 4960 2265 5029 piebatur,
2337 4963 2719 5018 convenientia
2750 4963 2812 5016 “.
2865 4962 3078 5032 Angeli,
3123 4961 3211 5030 qui
3273 4958 3572 5012 descende-

1992 5061 2117 5106 runt
2145 5053 2213 5108 de
2245 5057 2404 5121 caelo,
2435 5072 2557 5111 cum
2594 5057 2902 5125 pastoribus
2941 5055 3106 5117 misti,
3153 5054 3217 5104 de
3265 5048 3432 5102 natali
3471 5047 3567 5098 tri-

1993 5147 2279 5215 pudiarunt
2306 5149 2592 5219 ,_dicentes
2629 5165 2643 5200 :
2695 5165 2714 5197 ι
2745 5146 2927 5200 Gloria
2975 5145 3027 5197 in
3077 5141 3307 5196 excelsis
3346 5138 3476 5200 Deo.
3513 5145 3569 5188 (ει

1990 5239 2043 5292 in
2083 5243 2224 5293 terra
2256 5254 2381 5306 pax,
2418 5240 2468 5292 in
2502 5237 2812 5294 hominibus
2841 5237 2978 5291 bona
3014 5232 3257 5288 voluntas
3285 5229 3352 5284 ".
3389 5246 3406 5279 ι
3444 5227 3567 5281 Ihec

385 5395 434 5430 “
460 5398 640 5456 Galat.
685 5420 723 5467 ι,
754 5405 807 5470 8,
842 5403 893 5458 9.
976 5405 1020 5437 ⁸³
1049 5405 1181 5460 Luc.
1217 5423 1266 5474 ι,
1296 5409 1382 5463 55.
1463 5408 1507 5441 “
1535 5411 1720 5466 Matth.
1764 5429 1832 5478 tt,
1867 5414 1885 5466 l

2029 5429 2081 5482 q.
2160 5415 2204 5444 ⁸⁵³
2241 5414 2374 5469 Luc.
2402 5429 2463 5478 ιι,
2496 5413 2581 5464 id.

1368 5564 1536 5620 Varia:
1573 5566 1828 5625 lectiones
1861 5584 1920 5623 ex
1957 5567 2143 5622 codice
2173 5565 2544 5637 chuicriano.

383 5724 408 5763 γ
438 5714 643 5769 τοῦτον.
729 5723 749 5751 ι
776 5714 1061 5786 παρίεσαν.
1141 5728 1165 5757 ι
1193 5716 1604 5787 ἀναμιγνύντες.
