4014 6128
397 327 507 384 389

1394 315 1455 370 5.
1503 309 1789 373 οῖηιιιι
1818 300 2288 363 ALEXANDRINI
2327 297 2648 355 ARCHIEP.

3566 283 3681 344 520

396 460 551 515 ciuus
591 441 837 500 indicia?
870 441 1135 508 carnalis,
1180 453 1249 494 an
1293 437 1410 509 ejus
1457 442 1579 506 qua:
1620 434 1791 489 Deum
1819 430 1987 486 decet-

2107 423 2405 495 ιηνύματας
2435 418 2735 493 Σαρκικῆς,
2756 418 2790 490 ἢ
2812 412 3150 489 θεοπρεποῦς
3174 411 3514 515 γεννήσεωςς
3546 407 3679 515 Ἀλ-

396 536 744 594 nativitatis?
775 535 838 589 Et
870 533 1073 604 alioqu’i
1108 533 1155 589 si
1191 532 1397 601 absque
1438 527 1710 592 examine,
1745 532 1802 579 et
1834 522 1984 590 judi-

397 632 485 686 cio
516 631 570 685 in
607 627 727 698 ejus
757 637 920 682 voces
962 623 1342 686 inciderimus,
1380 630 1438 675 et
1476 617 1889 675 conversionem
1930 622 1987 668 et

404 718 888 774 commutationem
917 714 1080 771 Verbi
1113 714 1166 769 in
1200 725 1420 767 carnem
1452 709 1895 779 imaginabimur,
1933 714 1987 759 et

400 814 478 866 sic
509 810 674 865 etiam
700 818 978 879 peccatum
998 808 1047 840 "
1061 815 1116 861 et
1140 805 1484 860 maledictum
1515 802 1560 836 "
1587 803 1759 870 ipsum
1786 800 1987 854 factum

400 914 521 955 e~=se
555 898 962 969 suspicabimur
989 913 1004 951 :
1039 896 1084 952 si
1114 896 1331 965 quidem
1360 895 1545 950 minus
1574 894 1642 948 ad
1676 889 1991 960 sequentia,

398 991 485 1045 vel
530 988 893 1061 praecedentia
929 996 1220 1043 contextus
1261 985 1555 1052 sermonis,
1598 991 1654 1038 et
1701 981 1768 1037 ad
1816 982 1988 1051 ipsam

400 1072 851 1138 consuetudinem
904 1078 1204 1150 Scriptura;
1241 1077 1659 1133 attenderimus.
1715 1073 1989 1130 Caeterum

330 1230 334 1236 ,
400 1187 617 1228 carnem
656 1185 781 1227 esse
824 1169 1031 1232 factum
1068 1167 1327 1233 Verbum,
1374 1178 1525 1223 recte
1548 1165 1704 1237 juxta
1742 1165 1991 1233 Evange-

402 1263 597 1319 liurum
634 1269 896 1327 mentem,
931 1258 1324 1316 habitationem
1362 1258 1419 1312 in
1445 1272 1611 1312 carne
1640 1256 1988 1327 exponimus.

947 1386 1199 1459 Defensio
1228 1384 1440 1458 Cyrilli.

378 1546 389 1555 η
475 1520 905 1592 Dispensationis
935 1521 1201 1593 unigeniti
1232 1519 1353 1576 Filii
1391 1518 1484 1576 Dei
1522 1519 1578 1574 in
1606 1533 1776 1575 carne
1805 1532 1995 1574 saera-

407 1620 649 1668 mentum
675 1613 1112 1684 sapientissimus
1139 1611 1381 1669 Joannes
1412 1611 1675 1676 declarat,
1707 1610 1990 1667 scribens:

411 1703 505 1755 «Et
521 1701 758 1758 Verbum
776 1716 908 1757 caro
924 1701 1121 1757 factum
1144 1710 1251 1769 est,
1276 1709 1331 1756 et
1352 1701 1621 1758 habitavit
1639 1702 1690 1755 in
1712 1699 1869 1756 nobis
1888 1700 1989 1757 ⁸⁸.»

2083 516 2213 580 λωςπ
2237 532 2296 567 τε
2326 516 2377 567 εί
2427 511 2972 583 άὸασανίστωςταῖς
3013 506 3219 580 φωναῖς
3267 502 3601 573 ὲμϐάλοιμεν
3623 500 3677 563 b,

2085 610 2181 665 καὶ
2209 605 2418 679 τροπὴν
2451 604 2546 659 τοῦ
2584 603 2771 673 λόγου,
2793 602 2887 656 καὶ
2925 598 3231 670 μεταϐολὴν
3256 595 3355 668 τὴν
3385 595 3466 657 εἰς
3488 594 3679 663 ,σάρκα

2086 696 2614 770 φαντασθησόμεθα’
2639 694 2736 749 καὶ
2760 692 2935 757 οὕτως
2960 691 3055 746 καὶ
3076 688 3352 761 ἁμαρτίαν
3373 685 3559 751 αὑτὸν,
3587 683 3683 738 καὶ

2087 790 2334 863 κατάραν
2386 784 2722 857 γεγενῆσθαι
2769 780 3194 855 ὑποληψόμεθα,
3238 780 3286 831 εἰ
3319 779 3434 840 τοῖς
3479 773 3684 846 ἑπομέ-

2086 899 2219 946 νοις,
2247 882 2281 953 ἢ
2322 878 2646 953 ἡγουμένοις
2674 877 2784 931 τῶν
2824 875 3115 947 κειμένων,
3145 872 3242 927 καὶ
3282 869 3420 939 αὐτῇ
3450 869 3517 938 τῇ
3556 881 3683 919 συν-

2085 973 2253 1045 ηθείᾳ.
2297 973 2397 1043 τῆς
2442 969 2669 1042 Γραφῆς
2705 970 2779 1040 μὴ
2843 967 3230 1040 προσέχωμεν.
3267 960 3435 1017 ’Δλλὰ
3479 959 3588 1031 γὰρ
3616 958 3690 1012 τὸ

2091 1064 2350 1134 γενέσθαι
2379 1063 2557 1135 σάρκα
2584 1060 2681 1114 τὸν
2700 1060 2897 1129 Λόγον,
2925 1058 3023 1130 τὴν
3046 1060 3104 1111 ὲν
3126 1059 3197 1128 τῇ
3221 1053 3386 1127 σαρκὶ⁸
3407 1052 3686 1121 σκήνωσιν

2091 1154 2271 1219 καλῶς
2294 1153 2711 1224 ὲκλαμόάνομεν
2737 1149 2882 1206 κατὰ
2909 1149 3006 1221 τὴν
3040 1147 3152 1203 τῶν
3175 1143 3528 1215 Εὑαγγελίων
3565 1141 3680 1196 διὰ-

2090 1263 2261 1302 νοιαν.

2553 1376 2865 1447 Ἀπολογία
2898 1374 3228 1443 Κυρίλλου.

2163 1513 2277 1583 Τῆς
2306 1510 2445 1584 μετὰ
2477 1509 2679 1581 σαρκδς
2716 1506 3028 1580 οἰκονομίας
3058 1504 3152 1560 τοῦ
3194 1502 3533 1574 μονογενοῦς.
3554 1500 3692 1556 Υἱοῦ

2094 1602 2187 1659 τοῦ
2217 1602 2353 1656 Θεοῦ
2383 1601 2442 1656 τὸ
2479 1602 2777 1673 μυστήριον
2804 1602 2833 1653 ό
2864 1593 3139 1670 πάνσοφὸς
3171 1597 3427 1667 Ἰωάννης
3455 1596 3685 1668 διατρα-

2095 1697 2178 1750 νοῖ
2210 1692 2614 1766 γεγραφηκὼς’
2651 1711 2668 1744 t
2700 1693 2813 1747 Kal.
2854 1695 2884 1747 ό
2907 1691 3079 1761 Λόγος
3121 1688 3261 1762 σὰρξ
3308 1690 3548 1759 ἐγένετο,
3583 1688 3681 1742 καὶ

408 1793 534 1847 nec
561 1802 713 1849 recte
745 1792 1105 1864 intelligentes
1151 1794 1293 1850 beati
1327 1793 1516 1851 Patres
1546 1793 1676 1850 olim
1713 1794 1766 1848 in
1812 1792 1987 1848 Nicaea

2107 1785 2399 1855 εσκήνωσεν
2428 1784 2485 1838 ὲν
2516 1784 2671 1853 ἡμῖν.
2700 1800 2720 1835 ι
2755 1780 2943 1837 Ταῦτα
2978 1779 3251 1840 συνιέντες
3279 1778 3456 1851 ὀρθῶς
3485 1779 3537 1832 οἱ
3571 1794 3681 1849 μα-

407 1886 723 1956 eongrcgati
756 1885 1034 1951 dixerunt,
1081 1886 1256 1955 ipsum
1302 1884 1543 1943 Verbum
1596 1902 1661 1941 ex
1697 1885 1805 1941 Deo
1837 1884 1998 1941 Patre

407 1985 619 2040 mlum,
650 1991 749 2045 per
776 1978 919 2047 quod
943 1962 1141 2032 omnia
1194 1977 1322 2033 fecit
1366 1977 1547 2046 Pater,
1579 1979 1767 2032 lumen
1805 1977 1874 2032 de
1912 1976 1997 2030 lu-

407 2066 575 2132 mine,
608 2066 772 2123 Deum
805 2082 989 2122 verum
1021 2067 1085 2123 de
1112 2067 1223 2122 Deo
1253 2082 1406 2132 vero,
1455 2067 1798 2123 incarnatum
1826 2076 1882 2123 et
1910 2067 1996 2123 in-

410 2156 765 2212 humanatum
816 2171 960 2224 esse,
1008 2159 1111 2213 hoc
1156 2168 1263 2225 est,
1309 2160 1522 2219 unitum
1569 2158 1719 2214 carni
1762 2159 1997 2214 animam

409 2249 631 2303 habenti
687 2249 1032 2314 ratioitalem,
1069 2259 1126 2305 et
1168 2251 1445 2305 hominem
1493 2250 1695 2307 factum
1741 2265 1890 2317 esse;
1947 2260 2001 2307 et

407 2352 529 2392 cum
565 2337 667 2395 hoc
692 2338 858 2394 etiam
889 2340 1157 2396 mansisse
1184 2340 1372 2397 Deum.
1406 2340 1562 2409 Quod
1592 2349 1772 2396 autem
1797 2341 2002 2410 absque

406 2432 768 2488 conversione
790 2441 846 2487 et
870 2433 1195 2490 confusione
1220 2434 1438 2490 unionis
1465 2435 1626 2507 160
1642 2449 1780 2504 opus
1795 2434 2001 2492 factum

408 2525 518 2583 est,
551 2530 829 2587 manente,
866 2529 924 2574 ut
962 2521 1099 2587 dixi,
1151 2521 1263 2577 Deo
1296 2523 1474 2578 Verbo
1514 2524 1564 2577 id
1606 2524 1751 2594 quod
1778 2534 1881 2591 est,
1919 2535 2001 2580 ta-

412 2609 568 2666 metsi
606 2610 812 2666 factum
845 2612 919 2668 sit
947 2628 1077 2669 caro
1107 2615 1488 2683 (immutabile
1515 2616 1660 2671 enim
1705 2618 2002 2673 secundum

411 2710 666 2757 naturam
703 2703 851 2769 est),
881 2703 1011 2758 nulli
1048 2705 1296 2760 dubium.
1334 2705 1470 2760 Nam
1500 2710 1645 2774 quod
1676 2705 1876 2760 dicitur
1920 2706 2006 2759 in-

412 2793 654 2858 carnari,
684 2808 790 2848 non
825 2794 879 2849 in
919 2796 1104 2851 carnis
1146 2807 1393 2851 naturam
1436 2797 1686 2862 vertitur,
1726 2797 1822 2851 sed
1856 2794 2003 2851 aliud

411 2884 667 2954 quiddam
704 2885 774 2941 ab
804 2885 916 2952 illa,
947 2895 1003 2941 et
1043 2889 1093 2941 ei
1127 2889 1333 2942 unitum
1367 2887 1708 2958 intelligitur.
1748 2886 1841 2941 Sic
1880 2901 2007 2939 sen-

415 2976 612 3031 tientes
651 2976 795 3032 beati
848 2975 1040 3034 Patres
1089 2979 1181 3033 Dei
1215 2979 1534 3048 genitricem
1586 2978 2006 3033 nominaverunt

414 3079 664 3123 sanctam
689 3069 984 3140 virginem.
1020 3068 1384 3124 Crediderunt
1429 3069 1598 3135 enim,
1644 3067 1785 3139 quod
1823 3068 2005 3121 incar-

416 3170 604 3215 natum
638 3170 693 3215 et
729 3136 1009 3215 hominem
1048 3159 1250 3213 factum
1284 3158 1535 3227 genuerit
1586 3136 1781 3212 Filium
1826 3156 2001 3223 illum,
2032 3136 2074 3193 (ἶ

415 3265 511 3314 per
539 3266 698 3319 quem
735 3252 920 3306 omnia
952 3249 1080 3305 fecit
1122 3250 1305 3305 Pater.
1342 3248 1543 3305 Verum
1582 3249 1863 3305 Nestorius
1904 3265 2005 3302 nu-

420 3343 678 3395 vellarum
704 3342 1158 3411 blasphemiarum
1180 3342 1431 3398 inventor
1459 3356 1580 3395 cum
1606 3341 1706 3396 hac
1731 3342 2005 3396 sententia

420 3440 686 3497 pugnans,
729 3431 1001 3499 improbat
1040 3431 1261 3501 quidem
1308 3447 1495 3487 vocem
1542 3432 1699 3495 hanc,
1733 3430 1824 3485 Dei
1856 3432 2006 3501 geni-

422 3524 550 3588 trix,
583 3523 745 3593 quasi
786 3539 891 3578 non
928 3524 1000 3578 sit
1029 3539 1156 3580 vere
1188 3525 1366 3587 dicta;
1412 3523 1623 3578 dicebat
1659 3532 1838 3577 autem
1867 3524 1947 3579 sic
1990 3541 2005 3577 :

422 3612 775 3682 Interrogavi,
818 3613 1013 3683 inquit,
1056 3630 1199 3684 stupe
1236 3629 1332 3669 eos
1371 3632 1384 3669 :
1423 3614 1774 3670 Divinltatem
1826 3624 2007 3668 natam

422 3703 600 3757 dii-itis
640 3718 671 3757 e
717 3702 873 3758 beata
921 3703 1185 3775 Virgine?
1234 3703 1499 3760 Resiliunt
1540 3707 1722 3761 statim
1765 3706 1830 3760 ad
1874 3708 2013 3761 hanc

425 3808 634 3847 vocent.
676 3791 743 3848 Et
784 3795 928 3864 quis,
989 3795 1182 3865 inquit,
1231 3805 1380 3849 tanto
1422 3795 1777 3865 blasphemiae
1824 3797 2013 3850 morbo

426 3883 662 3945 laborat,
690 3894 750 3936 ut
784 3899 906 3952 qua:
932 3885 1116 3953 genuit
1145 3884 1428 3953 templum,
1459 3884 1510 3937 in
1544 3884 1632 3938 illa
1660 3886 1805 3941 dicat
1835 3902 1861 3938 τι
1894 3884 2014 3956 Spi-

426 3976 530 4029 ritu
558 3984 750 4029 sancto
783 3973 950 4029 Deum
984 3985 1231 4031 creatum
1261 3975 1424 4030 esse?
1454 3974 1656 4030 Deinde
1679 3978 1896 4045 quando
1934 3978 2017 4030 in-

427 4069 696 4123 lerimus:
740 4068 878 4135 Quid
921 4069 1085 4138 igitur
1114 4070 1413 4124 absurdum
1460 4083 1556 4124 nos
1588 4068 1842 4133 dicimus,
1886 4083 2018 4124 cou-

425 4156 662 4212 sulentes
693 4155 998 4225 fugiendam
1026 4156 1170 4211 illam
1206 4173 1417 4221 vocem,
1441 4158 1748 4212 ctcundum
1777 4162 1842 4213 ad
1871 4174 2014 4213 com-

428 4262 642 4303 munem
677 4248 963 4316 utriusque
997 4258 1204 4303 natura:
1233 4249 1600 4319 significatum
1620 4250 1643 4302 Τ
1664 4251 1713 4304 id
1742 4258 1869 4304 tunc
1900 4250 2018 4305 bla-

426 4339 647 4405 spheme
692 4338 900 4393 dictum
957 4349 1176 4407 putant.
1237 4340 1334 4394 Vel
1392 4342 1655 4396 conﬁtere
1704 4342 2016 4408 manifeste,

2097 1875 2276 1947 κάριοι
2302 1875 2569 1946 Πατέρες,
2587 1877 2635 1928 οἱ
2672 1872 2815 1928 κατὰ
2843 1873 3071 1947 καιροὺς
3090 1874 3147 1935 ὲν
3175 1873 3243 1942 τῇ
3276 1870 3529 1925 Νικαέων
3555 1886 3687 1923 συν-

2098 1965 2423 2037 ειλεγμένοι,
2450 1964 2617 2020 αὐτὸν
2645 1964 2856 2035 ἔφασαν
2883 1963 2982 2019 τὸν
3003 1964 3069 2018 ὲκ
3101 1962 3236 2016 Θεοῦ
3266 1961 3476 2034 Πατρδς
3508 1961 3687 2031 φύντα

2099 2055 2292 2126 Λόγον,
2329 2055 2422 2109 τὸν
2464 2054 2532 2108 δι’
2556 2048 2617 2108 οὗ
2653 2055 2724 2109 τὰ
2756 2054 2938 2109 πάντα
2978 2052 3280 2124 πεποίηκεν
3307 2054 3335 2107 ὀ
3366 2051 3590 2124 Πατὴρ,
3624 2050 3688 2105 τὸ

2101 2149 2216 2216 φῶς
2247 2147 2306 2201 τὸ
2338 2150 2403 2201 ὲκ
2449 2145 2545 2200 τοῦ
2581 2147 2791 2216 φωτὸς,
2841 2144 2932 2199 τὸν
2974 2144 3108 2198 Θεὸν
3142 2143 3402 2216 ἀληθινὸν
3443 2145 3508 2197 ὲκ
3548 2141 3695 2196 Θεοῦπ

2100 2238 2380 2312 ἀληθινοῦ,
2411 2236 2764 2310 σαρκωθῆναί
2791 2254 2853 2291 τε
2883 2237 2977 2292 καὶ
3020 2235 3477 2307 ὲνανθρωπῆσαι·
3523 2252 3691 2288 τουτ-

2101 2331 2250 2386 ἐστιν
2289 2330 2556 2401 ὲνωθῆναι
2606 2329 2773 2400 σαρκὶ
2820 2328 2998 2399 ψυχὴν
3050 2327 3263 2401 ἐχούσῃν
3294 2328 3394 2398 τὴν
3438 2327 3685 2398 λογικὴν,

2102 2425 2198 2479 καὶ
2219 2423 2506 2495 ἄνθρωπον
2532 2420 2787 2491 γενέσθαι
2818 2420 2957 2492 μετὰ
2978 2419 3073 2473 τοῦ
3098 2420 3189 2474 καὶ
3215 2421 3509 2490 ἁπομεῖναι
3530 2417 3684 2473 Θεόν.

2105 2517 2231 2571 Ὅτι
2256 2514 2314 2567 δὲ
2348 2514 2638 2587 ἀτρέπτως
2666 2529 2725 2567 τε
2752 2513 2846 2567 καὶ
2874 2512 3197 2581 ἅσυγχύτως
3225 2511 3287 2565 τὸ
3311 2510 3413 2581 τῆς
3444 2508 3689 2574 ένώσεως

2103 2607 2417 2680 πέπρακται
2446 2605 2657 2677 χρῆμα,
2702 2605 3095 2676 μεμενηκότος,
3120 2604 3197 2666 ὡς
3230 2602 3386 2674 ἔφην,
3429 2602 3523 2657 τοῦ
3553 2601 3701 2657 Θεοᾶ

2102 2700 2279 2769 Λόγου
2328 2698 2474 2752 τοῦθ’
2502 2697 2640 2768 ὅπερ
2671 2695 2822 2761 ἐστὶ,
2868 2696 2962 2749 καὶ
2991 2696 3040 2749 εἰ
3086 2694 3278 2764 γέγονε
3313 2692 3484 2763 σὰρξ.
3531 2693 3699 2747 ἀναλα

2103 2791 2323 2854 λοίωτος
2350 2789 2459 2861 γὰρ
2488 2788 2629 2843 κατὰ
2658 2785 2819 2856 φύσιν
2850 2786 3019 2852 ἐστὶν,
3046 2785 3225 2840 οὐδενὶ
3251 2784 3361 2840 τῶν
3390 2783 3561 2838 ὄντων
3593 2786 3693 2853 ἀμ-

2107 2880 2345 2952 φίϐολον.
2371 2880 2445 2933 Τὸ
2474 2877 2583 2949 γὰρ
2618 2876 2954 2950 σαρκοῦσθαι
2985 2876 3298 2946 λεγόμενον,
3325 2876 3427 2929 οὐκ
3456 2862 3541 2938 εἰς
3569 2891 3693 2945 σαρ·

2106 2969 2201 3032 κὸς
2233 2966 2497 3039 τρέπεται
2533 2966 2716 3036 φύσιν,
2761 2967 2874 3021 ἀλλ’
2905 2967 3092 3039 ἔτερόν
3122 2983 3176 3019 τι
3204 2968 3467 3020 ἐννοεῖται
3496 2978 3520 3006 ε
3564 2966 3691 3036 παρ’

2110 3063 2280 3134 αὐτὴν
2311 3062 2578 3133 ὑπάρχον,
2620 3061 2714 3114 καὶ
2745 3060 2943 3114 ἑνωθὲν
2974 3060 3136 3131 αὐτῇ.
3168 3059 3326 3114 Οὕτω
3371 3059 3693 3129 φρονοῦντες

2108 3154 2155 3207 οἱ
2189 3152 2445 3224 μακάριοι
2488 3151 2749 3223 Πατέρες,
2782 3151 3043 3208 Θεοτόκον
3075 3152 3367 3221 ὠνόμασαν
3398 3152 3498 3224 τὴν
3533 3152 3697 3221 ἁγίαν

2107 3246 2402 3316 Παρθένον.
2446 3243 2854 3299 Πεπιστεύκασι
2909 3243 3019 3316 γὰρ
3071 3245 3153 3298 ὅτι
3206 3244 3560 3316 σαρκωθέντα
3605 3245 3699 3300 καὶ⁵

2108 3337 2610 3409 ὲνανθρωπήσαντα
2639 3338 2941 3408 γεγέννηκε
2984 3337 3075 3389 τὸν
3125 3337 3275 3398 Υίὸν.
3319 3336 3412 3390 τὸν
3443 3337 3510 3391 δι’
3536 3329 3598 3391 οὗ
3628 3338 3698 3391 τὰ

2109 3428 2289 3483 πάντα
2330 3428 2633 3499 πεποίηκεν
2673 3430 2701 3483 ό
2746 3429 2958 3499 Πατήρ.
3006 3429 3066 3482 Ὀ
3099 3428 3157 3481 δὲ
3216 3426 3324 3480 τῶν
3375 3427 3511 3481 νέων
3570 3431 3701 3500 ἡμῖν

2109 3520 2433 3591 δυσφημιῶν
2511 3520 2742 3592 εὑρετὴς
2812 3521 3111 3592 Νεστόριος
3162 3522 3337 3593 τοιᾷδε
3399 3522 3704 3593 μαχόμενος

2112 3596 2262 3683 δόξῃ,
2291 3611 2740 3681 κατακιὸδηλεύει
2773 3613 2869 3683 μὲν
2893 3611 2919 3652 δ
2950 3613 3026 3677 ὡς
3051 3615 3157 3667 οὐκ
3183 3610 3352 3668 οὖσαν
3387 3613 3570 3684 ἀληθῆ
3603 3615 3701 3685 τὴν

2118 3707 2380 3769 Θεότοκος
2420 3707 2637 3778 φωνήν
2675 3706 2778 3778 ἔφη
2847 3706 2903 3760 δὲ
2948 3706 3149 3771 οὕτως’
3192 3706 3503 3778 Ἦρώτησα,
3536 3708 3702 3778 φησὶ,

2115 3798 2376 3860 πολλάκις
2412 3796 2639 3860 αὐτούς·
2675 3796 2786 3868 Τὴν
2816 3796 3057 3864 Θεότητα
3106 3797 3292 3866 λέγετε
3344 3790 3703 3870 γεγεννῆσθαι

2116 3890 2180 3941 ἐκ
2200 3889 2298 3960 τῆς
2325 3888 2604 3960 μακαρίας
2629 3889 2908 3960 Παρθένου
2935 3907 2949 3954 ;
2985 3890 3366 3959 Ἀποτι-ηδῶσιν
3385 3889 3550 3955 εὐθὺς
3573 3891 3705 3962 πρὸς

2116 3977 2178 4031 τὺ
2206 3978 2378 4048 ῥῆμα·
2405 3979 2513 4032 Καὶ
2540 3979 2644 4045 τίς,
2676 3980 2831 4050 φησὶ,
2857 3979 3511 4052 τοσαύτηνᾚλασφημίαν
3538 3981 3703 4045 νοσεῖ,

2117 4069 2192 4132 ὼς
2221 4070 2438 4142 ἐκείνην
2464 4072 2563 4141 τὴν
2592 4072 2932 4141 γεννήσασαν
2961 4073 3052 4127 τὸν
3078 4073 3205 4127 ναὸν
3229 4073 3411 4141 λέγειν
3435 4073 3591 4143 παρὰ
3614 4072 3707 4126 τοῦ

2121 4157 2439 4228 Πνεύματος
2470 4160 2560 4213 τὸν
2589 4161 2722 4215 Θεὸν
2752 4165 2809 4216 ὲν
2844 4164 3029 4236 ἐκείνῃ
3054 4164 3302 4218 ἐκτίσθαι
3329 4175 3389 4229 ος
3423 4160 3558 4218 Εἶτα
3582 4166 3709 4219 ὅταν

2122 4250 2492 4320 ὲπαγάγωμεν
2521 4250 2563 4289 τ’
2592 4252 2656 4305 Τί
2687 4248 2780 4307 οὖν
2809 4255 3010 4308 ἄτοπον
3054 4256 3218 4326 ἡμεῖς
3257 4253 3515 4326 λέγομεν,
3574 4273 3710 4327 συμ-

2124 4327 2471 4404 ϐουλεύοντες
2511 4345 2704 4410 φυγεῖν
2741 4344 2840 4414 τὴν
2872 4343 3074 4415 φωνὴν,
3106 4345 3201 4398 καὶ
3230 4344 3488 4417 ἔρχεσθαι
3520 4347 3615 4400 ἐπὶ
3651 4347 3712 4400 τὸ

426 4432 680 4485 deitatem
717 4445 784 4486 ex
821 4430 979 4484 beata
1026 4429 1192 4486 Maria
1218 4440 1397 4486 natam
1437 4448 1561 4488 esse
1590 4450 1604 4486 :
1637 4434 1746 4499 vel,
1783 4435 1827 4487 si
1874 4434 2004 4505 lugi:

2123 4432 2300 4486 κοινὸν
2350 4434 2749 4504 σημαινόμενον
2792 4437 2902 4489 τῶν
2934 4435 3028 4490 δύο
3070 4437 3327 4506 φύσεων;
3368 4438 3507 4492 Τότε
3554 4440 3708 4510 νομε-

427 4521 567 4577 hanc
606 4521 977 4591 blaspltcmam
1013 4537 1221 4587 vocem,
1267 4538 1367 4579 cur
1400 4525 1493 4594 qui
1538 4524 1727 4580 eadem
1770 4524 1935 4592 dicis,
1966 4536 2004 4579 tt

2120 4519 2273 4585 ζεται
2305 4522 2517 4587 ἑαυτοῖς
2548 4520 2684 4578 εἶναι
2722 4524 3043 4598 βλάσφημον
3068 4528 3132 4581 τὸ
3157 4527 3571 4598 λεγόμενονοἹί
3591 4533 3715 4600 όμο-

429 4627 538 4664 ιιοη
569 4612 752 4667 dicere
778 4612 1047 4668 simulas?
1077 4612 1249 4683 lgitur
1286 4614 1377 4668 illo
1408 4624 1652 4683 urgente,
1704 4616 1811 4669 imo
1845 4616 2020 4670 incul-

429 4710 588 4756 rante
618 4702 801 4770 impie,
834 4715 890 4758 ut
914 4705 947 4759 ii
980 4717 1224 4772 sanctam
1254 4705 1529 4777 Virginem
1566 4706 1661 4760 Dei
1689 4706 2009 4777 genitricem

430 4794 642 4859 dicunt,
675 4794 830 4849 fateri
863 4796 1112 4864 debeant,
1137 4800 1323 4855 carnis
1347 4798 1517 4856 fuisse
1549 4798 1779 4855 fructum
1817 4799 2013 4856 nudam

432 4894 485 4938 et
508 4897 755 4938 seorsum
793 4886 1023 4953 positam
1058 4888 1275 4943 deitatis
1319 4899 1590 4952 naturam,
1627 4896 1682 4942 et
1716 4887 2015 4943 subsisten-

432 4980 518 5030 tia:
555 4975 770 5030 initium
798 4992 865 5031 ex
901 4978 1125 5033 muliere
1158 4979 1413 5033 habuisse
1455 4979 1548 5034 Dei
1582 4980 1854 5047 Verbum;
1891 4995 2012 5049 pro-

432 5069 561 5123 bare
584 5067 851 5132 volentes,
887 5082 985 5122 nos
1032 5070 1100 5121 ab
1134 5069 1237 5121 hoc
1265 5069 1519 5139 opinione
1550 5085 1772 5139 prorsus
1804 5070 2012 5125 alienos

429 5175 553 5214 esse
594 5176 733 5232 tuon
781 5159 925 5215 enim
963 5160 1033 5213 itu
1088 5160 1404 5224 deliramus,
1451 5170 1509 5215 ut
1552 5161 1777 5217 velimus
1823 5177 2013 5231 sapere

431 5247 595 5311 aliud,
623 5262 783 5318 quant
814 5249 957 5319 quod
994 5258 1208 5318 oportet
1247 5252 1498 5320 sapere).
1525 5249 1807 5323 Virginem
1845 5267 2011 5321 pepe-

503 5422 550 5454 “
577 5420 615 5475 ll
643 5421 766 5478 Cor.
798 5424 961 5490 v.2l.
1040 5425 1079 5458 δ’
1111 5425 1286 5481 Galat.
1325 5442 1406 5495 tu,
1435 5426 1520 5483 l5.
1598 5426 1644 5459 “
1672 5426 1829 5483 Joan.
1858 5440 1895 5493 l,
1926 5426 2014 5481 Η.

2120 4611 2352 4683 λόγησον
2406 4616 2593 4683 σαφῶς
2623 4615 2852 4687 θεότητα
2890 4619 3251 4690 γεγεννῆσθαι
3282 4623 3347 4675 ἐκ
3393 4622 3493 4693 τῆς
3528 4640 3713 4692 μακα-

2123 4702 2244 4773 ρίας
2285 4703 2523 4774 Μαρίας,
2567 4705 2600 4776 ἢ
2636 4707 2851 4776 φεύγων
2886 4708 3211 4780 βλάσφημον
3256 4710 3356 4781 τὴν
3406 4712 3617 4783 φωνὴν,
3659 4714 3712 4766 τί

2119 4793 2292 4848 ταῦτά
2329 4812 2420 4864 μοι
2460 4795 2652 4865 λέγων,
2684 4799 2953 4873 ὑποκρίνῃ
2991 4802 3065 4872 μὴ
3090 4801 3308 4870 λέγειν;
3343 4803 3715 4872 Περιστάντος

2121 4884 2296 4939 τοίνυν
2327 4887 2559 4954 ἐκείνου,
2598 4886 2797 4959 μᾶλλον
2822 4890 2880 4943 δὲ
2911 4892 3299 4956 άναπείθοντος
3327 4893 3563 4958 ἀνοσίως
3589 4896 3716 4957 τοὺς

2120 4976 2384 5031 Θεοτόκον
2418 4978 2675 5047 λέγοντας
2699 4981 2798 5054 τὴν
2829 4974 3106 5055 Παρθένον
3144 4985 3226 5047 εἰς
3266 4985 3327 5038 τὸ
3364 4985 3474 5039 δεῖν
3518 4985 3716 5052 ὁμολο-

2119 5072 2235 5137 γεῖν
2270 5070 2472 5141 σαρκὸς
2521 5072 2776 5139 γενέσθαι
2811 5075 3022 5145 καρπὸν
3060 5076 3277 5146 γυμνήν
3309 5094 3369 5129 τε
3409 5076 3507 5130 καὶ
3542 5093 3706 5130 κατα-

2122 5160 2290 5231 μόνας
2335 5161 2430 5232 τὴν
2464 5161 2716 5234 θεότητος
2760 5165 2941 5234 φύσιν,
2990 5167 3082 5220 καὶ
3124 5168 3223 5238 τῆς
3266 5167 3562 5238 ὑπάρξεως
3614 5166 3720 5238 τὴν

2118 5252 2295 5323 ἀρχὴν
2333 5255 2397 5306 ὲκ
2433 5256 2691 5325 γυναικὸς
2734 5258 3026 5329 ἐσχηκέναι
3070 5258 3163 5312 τὸν
3202 5258 3294 5313 τοῦ
3337 5257 3477 5313 Θεοῦ
3513 5258 3713 5331 Λόγον,

1487 5577 1659 5638 Varia:
1685 5579 1952 5638 lectiones
1974 5597 2037 5637 ex
2062 5583 2248 5638 codice
2275 5583 2643 5653 Seguiertauo.

414 5805 420 5821 ι
515 5730 548 5778 δ
572 5748 635 5788 συ
642 5730 961 5803 μὸάλοιμεν.

1043 5741 1063 5769 ο
1097 5735 1316 5787 νοεῖται.
1391 5734 1417 5774 δ
1454 5736 1573 5791 κατ’
1611 5736 1777 5791 αὑτοῦ
1812 5734 2118 5800 κιϐδηλεύει
2154 5737 2270 5807 μέν.

2349 5747 2373 5774 ⁸
2399 5736 2696 5790 κεκτίσθαι.
2778 5733 2798 5777 ί
2832 5734 3115 5805 ἐπαγάγω.
