4014 6128
300 290 403 346 521

922 281 1456 340 APOLOGETICUS
1498 283 1632 340 ΡΙὶο
1673 283 1767 339 XII
1807 280 2176 339 CAPlTlBUS
2214 284 2491 341 CONTRA
2535 285 2995 344 ORIENTALES.

3480 296 3588 351 322

298 402 680 474 πληροφορεῖν
722 399 1013 462 ἐθέλοντες,
1052 399 1135 452 ὅτι
1164 401 1263 464 τῆς
1307 401 1520 452 τοιᾶσδε
1547 398 1702 470 δόξης
1737 401 1880 454 ἀλλό-

1998 399 2134 455 risse
2203 401 2436 457 ditimus
2487 403 2582 458 Dei
2637 403 2871 460 Verbum
2924 405 3224 460 secundum
3277 406 3590 479 Scriptura:

301 511 446 565 τριοι
494 491 776 554 παντελῶς
810 491 1262 562 καθεστήκαμεν·
1298 492 1360 544 οὑ
1400 493 1508 564 γὰρ
1559 492 1702 547 οὕτω
1735 492 1892 563 λεληο

306 587 589 655 ρήκαμεν,
633 582 708 646 ὡς
751 580 967 634 ἑλέσθαι
1021 584 1240 652 φρονεῖν
1276 585 1407 653 παρ’
1434 583 1462 635 6
1506 583 1586 639 δεῖ
1632 587 1890 654 φρονεῖν·

301 678 597 730 ἀποτεκεῖν
617 674 820 743 ἔφημεν
839 673 939 742 τῆν
963 672 1238 742 Παρθένον
1261 673 1440 745 σάρκα
1456 664 1725 743 γεγονότα
1751 677 1894 730 κατά

305 766 408 830 τὰς
440 767 656 837 Γραφάς
680 765 771 817 τὸν
817 764 910 817 τοῦ
958 763 1096 817 Θεοῦ
1134 764 1328 832 Λόγον,
1359 767 1640 820 τουτέστιν
1685 767 1894 839 ἀνθρω-

311 875 444 910 πον·
473 859 756 910 ἀποτεκεῖν
801 855 857 909 δὲ
892 857 1056 910 αὐτὸν
1106 859 1420 930 σαρκικῶς,
1470 859 1716 912 τουτέστι
1753 860 1894 914 κατά

315 950 485 1020 σάρκα
506 966 518 977 ·
545 951 573 1002 ό
603 949 703 1019 μὲν
737 949 846 1020 γὰρ
877 948 1012 1013 Θεὸς
1071 952 1164 1003 καὶ
1197 951 1387 1022 Πατὴρ
1414 951 1610 1015 θεῖκῶς
1640 952 1893 1023 γεγέννη.

311 1059 399 1095 κεν
428 1042 484 1105 ἐξ
512 1041 680 1094 αὑτοῦ
715 1041 852 1094 Θεὸν
896 1041 1027 1095 ὄντα
1067 1035 1160 1096 τὸν
1204 1044 1327 1097 Υίόν
1347 1059 1360 1073 ο
1393 1044 1581 1115 ἐπειδὴ
1613 1045 1669 1097 δὲ
1700 1045 1760 1097 τὸ
1796 1061 1890 1114 γε-

307 1134 630 1205 γεννημένον
657 1136 722 1186 ἐκ
756 1135 856 1203 τῆς
887 1135 1112 1205 σαρκὸς,
1156 1135 1291 1205 σάρξ
1319 1136 1459 1200 ἐστι,
1491 1137 1822 1206 γεγέννηκεν
1857 1137 1890 1206 ἡ

304 1226 599 1297 Παρθένος,
619 1227 696 1288 ὠς
729 1225 868 1296 σὰρξ
899 1227 1236 1297 ὑπάρχουσα,
1265 1229 1542 1298 σαρκικῶς
1561 1246 1574 1258 ο
1595 1229 1656 1282 τὸ
1676 1229 1731 1282 δὲ
1759 1245 1890 1300 σαρ-

302 1319 470 1381 γικῶς
499 1319 696 1382 εἰπεῖν,
713 1317 814 1370 οὐκ
846 1318 1197 1387 ἀναιροῦντός
1222 1320 1336 1371 ἐστι
1367 1321 1468 1391 τῆς
1493 1321 1802 1390 γεννήσεως
1828 1321 1890 1374 τὸ

300 1406 626 1477 παράδοξον,
657 1406 779 1459 οὔτε
809 1406 914 1475 μὴν
952 1395 1348 1478 ἀνατρέποντος
1391 1409 1482 1462 τοῦ
1517 1411 1678 1478 ἁγίου
1717 1410 1890 1463 Ilvati-

303 1515 470 1570 ματος
508 1501 607 1568 τὴν
651 1499 968 1570 ἐνέργειαν,
1016 1499 1084 1552 δι’
1115 1496 1182 1572 ἧς
1229 1503 1287 1554 ἐν
1322 1503 1505 1572 μήτρα
1537 1501 1793 1555 διέπλασε
1828 1503 1890 1556 τὸ

300 1589 524 1658 τεχθένο
559 1589 899 1653 διδάσκοντος
927 1585 985 1642 δὲ
1027 1591 1249 1660 μᾶλλον,
1291 1592 1373 1644 ὅτι
1419 1591 1608 1663 ὥσπερ
1641 1592 1774 1656 Θεὸς
1805 1593 1889 1645 τί·-

300 1699 423 1734 κτει
455 1683 672 1745 θεῖκῶς,
707 1684 825 1752 ἦτοι
859 1682 1179 1754 θεοπρεπῶς
1220 1685 1360 1739 κατά
1394 1685 1491 1755 τὴν
1523 1685 1661 1739 ἰδίαν
1700 1685 1882 1755 φύσιν,

1995 504 2222 546 carnem
2255 492 2480 554 factum,
2512 494 2612 547 hoc
2636 503 2740 560 est,
2769 495 3077 559 hominem;
3104 496 3378 562 peperisse
3403 505 3586 551 autem

1997 581 2146 636 illum
2189 585 2506 648 carnaliter,
2539 585 2642 640 hoc
2679 595 2808 652 est,-
2834 584 3132 640 secundum
3159 600 3401 640 carnem.
3447 587 3582 643 Nam

1997 673 2138 729 Deus
2179 683 2236 730 et
2280 673 2443 731 Pater
2485 677 2783 732 secundum
2818 677 3161 733 divinitatem
3195 679 3381 748 genuit
3425 693 3491 733 ex
3531 695 3591 734 se

1999 764 2168 818 Deum
2220 767 2576 822 exsistentem
2625 767 2843 822 Filium.
2899 769 3170 835 Quoniam
3217 778 3398 824 autem
3445 771 3590 840 quod

1995 867 2181 912 natum
2227 867 2312 912 est
2347 872 2416 913 ex
2459 874 2642 924 carne,
2690 875 2819 915 caro
2848 871 2932 916 est
2959 861 3040 926 ἠς
3089 863 3277 933 genuit
3308 861 3496 933 Virgo,
3533 871 3590 917 ut

1995 963 2124 1002 caro
2157 949 2452 1012 exsistens,
2489 951 2801 1006 carnaliter.
2827 951 3138 1010 Carnaliter
3172 963 3356 1008 autem
3380 955 3584 1016 dicere,

1995 1055 2102 1093 non
2148 1051 2230 1094 est
2285 1040 2527 1096 tollentis
2573 1042 2950 1097 admirabilem
3001 1036 3361 1110 nativitatem,
3414 1061 3589 1115 neque

1993 1131 2291 1186 evertentis
2356 1131 2594 1201 Spiritus
2655 1135 2828 1188 sancti
2897 1138 3303 1204 operationem,
3364 1151 3469 1206 qua
3529 1140 3582 1192 iu

1995 1233 2148 1276 utero
2189 1224 2443 1279 formavit
2482 1236 2700 1295 partum
2744 1244 2759 1281 :
2803 1228 2897 1282 sed
2941 1229 3186 1285 docentis
3225 1230 3407 1298 potius
3441 1229 3588 1298 quod

1992 1314 2134 1370 sicut
2163 1315 2304 1371 Deus
2329 1317 2500 1388 gignit
2529 1318 2734 1380 divine,
2768 1319 2869 1373 hoc
2899 1329 3002 1384 est,
3039 1321 3198 1390 digne
3236 1321 3346 1376 Deo
3384 1335 3585 1375 secun-

1991 1403 2118 1456 dum
2160 1419 2314 1458 suam
2356 1415 2645 1470 naturam;
2695 1407 2847 1478 161
2894 1408 2964 1461 ita
3007 1417 3060 1462 et
3115 1410 3276 1464 homo
3327 1409 3582 1476 humane,

1995 1495 2095 1548 hoc
2158 1507 2273 1558 est,
2320 1510 2448 1550 caro
2495 1499 2807 1553 carnaliter.
2878 1498 3020 1553 Dens
3074 1509 3252 1556 autem
3314 1502 3585 1556 exsistcns

1989 1587 2284 1640 secundum
2320 1596 2566 1642 naturam
2601 1587 2868 1656 Verbum,
2906 1593 3152 1657 quamvis
3182 1607 3311 1648 caro
3355 1591 3584 1658 factum,

1993 1677 2173 1732 divine
2200 1680 2497 1746 processit,
2535 1681 2636 1734 hoc
2666 1690 2748 1736 est
2767 1722 2783 1746 ,
2811 1691 2869 1735 ut
2896 1682 3057 1736 decet
3075 1696 3197 1736 eum
3223 1721 3240 1748 ,
3270 1683 3359 1750 qui
3384 1697 3580 1737 secun-

300 1773 443 1827 οὕτω
482 1776 574 1826 καὶ
618 1775 902 1846 ἄνθρωπος
934 1774 1309 1845 ἀνθρωπίνως,
1346 1776 1463 1846 ἤτοι
1503 1776 1642 1846 σάρξ
1691 1794 1883 1847 σαρκι-

1990 1769 2115 1823 dum
2153 1769 2431 1826 veritatem
2458 1781 2540 1825 est
2564 1772 2720 1826 Deus.
2760 1772 2917 1827 Solus
2947 1776 3090 1828 enim
3125 1773 3318 1828 habuit
3346 1783 3579 1829 matrem

300 1865 433 1928 κῶς.
483 1865 613 1928 Θεὸς
640 1865 694 1918 δὲ
729 1864 805 1917 ὢν
838 1863 983 1917 κατά
1033 1865 1194 1933 φύσιν
1241 1867 1270 1917 6
1320 1865 1514 1932 Λόγος,
1542 1867 1659 1937 ἦτοι
1694 1870 1717 1906 ε
1744 1867 1882 1936 σὰρξ

297 1958 558 2026 γεγονὼς,
585 1958 823 2029 προῆλθε
854 1957 1197 2028 θεοπρεπῶς,
1217 1959 1516 2024 τουτέστιν,
1550 1961 1624 2024 ὡς
1652 1961 1717 2014 ἂν
1752 1961 1884 2032 πρέ-

301 2066 391 2102 ποι
420 2048 498 2118 τῷ
529 2065 594 2116 γε
626 2051 740 2102 δντι
771 2050 917 2102 κατά
949 2050 1048 2119 τὴν
1092 2050 1350 2120 ἀλήθειαν
1379 2051 1518 2121 Θεῷ.
1561 2053 1736 2116 Μόνος
1773 2053 1882 2124 γὰρ

297 2142 424 2211 ἔσχε
461 2141 676 2211 μητέρα
727 2140 825 2210 τὴν
859 2142 1267 2212 ἀπειρόγαμον,
1301 2143 1392 2195 καὶ
1423 2145 1692 2215 τετήρηκε
1742 2162 1884 2215 παρ-

300 2232 455 2285 θένον
489 2233 588 2302 τὴν
619 2231 888 2284 τεκοῦσαν
916 2233 1080 2285 αὐτὸν
1107 2233 1246 2286 κατὰ
1272 2234 1471 2304 σάρκα.
1499 2234 1776 2304 Θαυμάζω
1805 2237 1879 2302 δὲ,

300 2325 382 2377 ὅτι
426 2322 693 2376 Θεοτόκον
723 2323 1010 2386 ὀκνοῦντες
1034 2327 1208 2377 εἰπεῖν
1236 2325 1334 2395 τὴν
1373 2327 1536 2394 ἀγίαν
1581 2329 1880 2399 Παρθένον,

296 2414 620 2485 ’θεοπρεπῶς
648 2415 812 2469 αὑτὸν
849 2415 1212 2486 γεγεννῆσθαί
1247 2434 1412 2485 φασιν
1435 2419 1488 2471 δ.
1523 2419 1594 2472 Οὐ
1641 2419 1749 2491 γὰρ
1791 2420 1884 2474 άν-

299 2508 519 2579 θρωπος
565 2509 743 2570 κοινὸς
780 2509 1022 2563 τίκτεται
1057 2509 1395 2580 θεοπρεπῶς.
1435 2511 1594 2582 Δῶρα
1624 2512 1680 2564 δὲ
1718 2529 1885 2582 προσ-

299 2599 629 2669 κεκομίσθαι
663 2601 796 2667 φασὶ
825 2601 974 2670 παρά
1008 2601 1116 2655 τῶν
1153 2603 1342 2671 μάγων
1369 2603 1441 2655 τά
1468 2605 1753 2674 πρόσφορα
1790 2605 1885 2657 καὶ

302 2686 384 2755 τῷ
409 2687 703 2756 νοουμένῳ.
729 2689 824 2740 καὶ
858 2687 934 2756 τῷ
965 2691 1295 2760 φαινομένῳ,
1323 2691 1658 2762 διαιροῦντες
1687 2694 1766 2755 είς
1792 2693 1884 2747 δύο

305 2771 370 2840 δὴ
399 2771 562 2824 πάλιν
591 2773 726 2842 μετά
749 2773 847 2842 τὴν
873 2773 1067 2828 ἕνωσιν
1095 2776 1186 2830 τὸν
1223 2777 1426 2850 Κύριον
1454 2782 1471 2820 i
1513 2781 1717 2851 Ἰησοῦν
1746 2783 1882 2853 Χρι-

305 2863 435 2915 στόν
455 2879 468 2893 ο
501 2863 528 2914 ό
561 2864 668 2933 γάρ
701 2864 992 2934 νοούμενος
1031 2866 1255 2935 γέγονεν
1284 2871 1478 2941 ὁρατὸς
1521 2875 1579 2926 οὐ
1612 2875 1878 2944 μεταϐολῇ

300 2955 538 3024 φύσεως,
572 2955 686 3008 ἀλλ’
712 2955 900 3009 ένὼσει
927 2959 988 3028 τῇ
1023 2958 1160 3028 πρὸς
1189 2960 1248 3013 τὸ
1272 2959 1544 3032 ὁρώμενον
1568 2965 1745 3035 σῶμα.
1770 2968 1880 3021 Καὶ

295 3045 430 3114 γοῦν
475 3047 775 3110 αὐτόπτας,
819 3049 914 3100 καὶ
964 3049 1241 3120 ὑπηρέτας
1283 3053 1533 3120 γενέσθαι
1569 3055 1664 3108 τοῦ
1700 3057 1877 3125 Λόγου

1986 1862 2202 1931 nuptias
2247 1877 2356 1916 non
2387 1873 2707 1932 expertam;
2749 1873 2803 1917 et
2851 1865 3087 1919 servavit
3123 1865 3388 1935 virginem
3433 1881 3574 1934 eam,

1989 1966 2110 2020 qua:
2163 1952 2336 2020 ipsum
2388 1953 2598 2021 peperit
2656 1953 2951 2008 secundmn
3005 1969 3249 2009 carnem.
3318 1955 3581 2012 Admiror

1983 2051 2184 2105 autem,
2213 2041 2352 2110 quod
2378 2057 2483 2096 non
2513 2043 2772 2098 audentes
2801 2044 2984 2098 dicere
3014 2054 3264 2099 sanctam
3297 2043 3579 2115 Virginem

1983 2131 2074 2186 Dei
2111 2131 2460 2198 Genitricem,
2489 2149 2610 2188 cum
2636 2133 2745 2188 Deo
2774 2133 2934 2204 digne
2965 2134 3139 2202 ipsum
3177 2148 3298 2188 esse
3328 2135 3568 2202 genitum

1983 2219 2238 2274 fatentur.
2293 2219 2410 2274 Non
2445 2223 2586 2275 enim
2629 2223 2791 2276 homo
2835 2221 3142 2276 communis
3186 2221 3423 2292 gignitur
3469 2223 3578 2277 Deo

1984 2313 2162 2381 digne.
2187 2311 2334 2366 Dona
2365 2328 2490 2367 vero
2520 2313 2681 2367 allata
2715 2329 2834 2368 esse
2864 2313 3053 2368 dicunt
3082 2327 3146 2368 ac
3176 2313 3348 2383 magis
3382 2327 3578 2367 conve-

1984 2405 2185 2459 nientia
2213 2415 2264 2458 et
2291 2404 2340 2460 ei
2379 2406 2468 2471 qui
2496 2405 2930 2475 intelligebatur,
2958 2414 3014 2459 et
3049 2405 3098 2460 ei
3125 2405 3217 2475 qui
3269 2403 3575 2471 videbatur,

1983 2496 2283 2552 dividentes
2325 2499 2376 2551 in
2403 2501 2536 2552 duos
2576 2498 2766 2552 iterum
2803 2509 2922 2570 post
2950 2501 3254 2555 unitionem
3294 2499 3576 2554 Dominum

1983 2597 2227 2644 nostrum
2261 2588 2444 2644 Jesum
2465 2589 2766 2646 Christum.
2815 2588 2914 2658 Qui
2947 2593 3090 2646 enim
3117 2591 3467 2662 intelligitur,
3495 2591 3576 2644 fa-

1983 2688 2103 2736 r-tus
2135 2690 2220 2734 est
2263 2681 2491 2736 visibilis
2530 2698 2634 2736 non
2665 2683 3037 2739 immutatione
3067 2692 3293 2748 naturae,
3329 2685 3424 2738 sed
3455 2683 3576 2736 uni-

1983 2771 2127 2824 tione
2141 2785 2263 2824 cum
2282 2784 2524 2837 corpore,
2552 2772 2692 2839 quod
2718 2772 3018 2827 videbatur.
3042 2772 3108 2827 Et
3140 2782 3287 2828 certe
3310 2781 3579 2842 spectato-

1983 2875 2070 2915 res
2087 2869 2140 2914 et
2154 2860 2430 2915 ministros
2454 2860 2622 2915 fuisse
2651 2860 2807 2915 Verbi
2849 2873 3068 2917 sanctos
3097 2863 3244 2931 ipsos
3274 2863 3572 2931 apostolos,

1982 2965 2136 3006 sacra
2157 2951 2433 3020 Scriptura
2458 2953 2694 3006 ostendit
2713 2953 2758 2984 "°
2790 2968 2804 3004 :
2839 2955 3087 3022 quamvis
3105 2955 3191 3009 cui
3219 2967 3324 3008 non
3350 2953 3576 3008 manife-

1981 3053 2122 3097 stum
2149 3052 2250 3108 est,
2272 3045 2414 3113 quod
2440 3044 2834 3112 incorporeum,
2863 3059 2927 3100 ac
2948 3044 3282 3116 intangibile,
3307 3054 3362 3100 et
3380 3044 3573 3099 invisi-

294 3138 421 3200 τοὺς
458 3139 648 3207 ἁγίους
683 3139 1038 3206 ἀποστόλους,
1061 3115 1128 3194 τὸ
1157 3115 1400 3214 Γράμμα
1438 3147 1572 3217 φησι
1602 3147 1662 3200 rb
1697 3115 1840 3218 ἱερόν
1865 3166 1877 3177 ·

1987 3135 2091 3189 bile
2115 3136 2184 3190 sit
2205 3136 2378 3205 ipsum
2405 3135 2496 3190 Dei
2520 3134 2700 3192 Patris
2731 3135 3008 3192 Verbum?
3039 3137 3200 3208 Atqui
3236 3136 3456 3192 invenio
3487 3137 3568 3190 di-

294 3229 474 3282 καίτοι
503 3231 620 3295 πῶς
649 3231 711 3283 οὺ
740 3232 918 3303 πάντη
946 3233 1007 3286 rb
1032 3237 1202 3304 σαφὲς
1226 3246 1272 3300 ι,
1323 3237 1398 3300 ὡς
1423 3236 1568 3291 ἔστιν
1593 3239 1882 3312 ἀσώματός

295 3337 355 3372 τε
385 3321 480 3374 καὶ
513 3321 750 3392 ἀναφὴς,
789 3324 884 3376 καὶ
929 3325 1164 3396 ἀόρατος
1201 3328 1229 3380 ὁ
1259 3328 1322 3380 ὲκ
1354 3329 1489 3382 Θεοῦ
1525 3331 1740 3402 Πατρὸς
1780 3332 1884 3384 Λό-

297 3428 426 3480 γοςς
470 3412 611 3465 Ἀλλ’
645 3414 887 3485 εὑρίσκω
938 3417 1198 3485 λέγοντας
1243 3420 1370 3482 τοὺς
1414 3421 1600 3486 ἁγίους
1641 3421 1882 3475 ἀποστό-

297 3502 449 3566 λους·
495 3521 513 3553 ‹
546 3505 611 3556 Ὃ
642 3500 711 3575 ἦν
759 3505 853 3558 ἀπ’
885 3507 1082 3577 ἀρχῆς,
1115 3507 1143 3560 6
1185 3509 1526 3578 ἀκηκόαμεν,
1555 3511 1584 3561 6
1629 3512 1883 3580 ἑωράκα-

299 3611 418 3663 μεν,
453 3593 482 3646 6
528 3592 880 3665 ἐθεασάμεθα
913 3599 1027 3660 τοῖς
1077 3597 1378 3668 ὀφθαλμοῖς
1429 3601 1584 3670 ἡμῶν
1616 3643 1630 3668 ,
1675 3602 1770 3655 καὶ
1825 3604 1882 3656 αί

295 3687 474 3755 χεῖρες
501 3684 659 3755 ἡμῶν
689 3685 1050 3758 ἐψηλάφησαν
1075 3689 1204 3760 περὶ
1236 3687 1332 3742 τοῦ
1354 3690 1526 3758 Λόγου
1552 3691 1651 3760 τῆς
1680 3693 1876 3762 ζωῆς.»

296 3775 590 3845 Πρόσφορα
612 3776 796 3831 τοίνυν
829 3777 896 3831 τά
933 3778 1082 3852 δῶρα
1113 3780 1190 3849 τῷ
1221 3781 1319 3846 ένὶ,
1353 3781 1602 3834 τουτέστι
1639 3781 1717 3851 τῷ
1747 3783 1882 3853 Χρι-
1937 3829 1941 3832 .

297 3866 405 3936 στῷ
427 3883 440 3897 ο
467 3870 562 3920 καὶ
595 3868 704 3939 γάρ
737 3870 886 3922 ἐστιν
920 3872 978 3924 ὲν
1025 3870 1210 3942 ταυτῷ
1235 3872 1369 3936 Θεός
1403 3889 1460 3926 τε
1493 3871 1630 3942 ὁμοῦ
1663 3873 1756 3927 καὶ
1789 3873 1882 3928 ἇν-

298 3958 516 4029 θρωπος
548 3963 576 4012 6
623 3961 806 4025 αὑτός.
855 3962 1124 4036 Ταύτῃτοι
1177 3963 1463 4034 τεχθέντος
1509 3963 1676 4018 αὑτοῦ
1721 3983 1880 4039 χορο-

295 4051 512 4105 στασίαι
547 4051 648 4122 μὲν
687 4047 829 4124 ἦσαν
874 4054 987 4107 τῶν
1029 4055 1199 4123 ἁγίων
1238 4056 1506 4126 ἀγγέλων,
1545 4061 1791 4129 στρατιαὶ
1821 4060 1879 4114 δὲ

292 4142 641 4212 πνευμάτων,
680 4145 908 4216 Σωτῆρα
951 4147 1047 4199 καὶ
1073 4147 1368 4218 Λυτρωτὴν
1397 4147 1660 4217 λεγόντων
1692 4152 1874 4206 αὐτόν.

307 4230 523 4302 Ἐπειδὴ
555 4233 612 4286 δὲ
662 4233 756 4286 τοῦ
798 4235 1191 4302 εὐαγγελιστοῦ
1242 4235 1516 4305 λέγοντος
1557 4257 1575 4290 t
1615 4239 1671 4293 '0
1704 4241 1878 4310 Λόγος

293 4324 438 4394 σὰρξ
479 4326 716 4393 ἐγένετο,
751 4345 769 4376 ι
803 4326 1038 4380 δεδιέναι
1094 4328 1249 4396 φασὶ,
1303 4328 1379 4399 μὴ
1432 4329 1538 4403 ἄρα
1590 4348 1729 4396 πως,
1782 4331 1876 4386 τοῦ

1987 3238 2171 3284 centes
2199 3239 2421 3285 sanctos
2447 3229 2718 3299 apostolos
2745 3247 2758 3283 :
2791 3248 2808 3281 ι
2834 3229 2988 3296 Quod
3011 3229 3114 3284 fuit
3131 3231 3200 3285 ab
3222 3229 3374 3285 initio
3392 3269 3408 3297 ,
3430 3229 3573 3298 quod

1987 3319 2312 3384 audivimus,
2345 3322 2490 3392 quod
2517 3322 2753 3377 vidimus
2777 3360 2791 3386 ,
2822 3323 2966 3391 quod
3003 3321 3378 3393 perspeximus
3397 3321 3572 3376 oculis

1986 3414 2206 3476 nostris,
2227 3414 2365 3482 quod
2383 3429 2573 3468 manus
2593 3423 2790 3468 nostra:
2814 3422 3287 3469 contrectaverunt
3311 3412 3378 3469 de
3392 3410 3571 3470 Verbo

1985 3501 2108 3556 vitae
2141 3503 2210 3556 δι.
2267 3520 2294 3554 ›
2339 3501 2727 3558 Convenientia
2799 3504 2962 3572 igitur
3023 3502 3246 3558 fuerunt
3287 3502 3423 3558 dona
3480 3503 3569 3557 illa

1986 3595 2074 3648 uni
2097 3639 2111 3657 ,
2144 3596 2244 3650 hoc
2268 3603 2351 3650 est
2369 3596 2606 3651 Christo.
2659 3595 2868 3649 Etenim
2895 3604 2979 3649 est
3002 3596 3207 3664 pariter
3232 3593 3375 3650 Deus
3400 3595 3564 3649 simul

1983 3699 2037 3742 et
2063 3689 2222 3742 homo
2257 3687 2419 3742 idem.
2468 3686 2580 3742 Hac
2613 3687 2820 3741 ratione
2844 3696 2972 3742 nato
3003 3685 3122 3756 ipso
3151 3687 3304 3742 chori
3337 3686 3556 3755 quidem

1983 3779 2296 3834 cecinerunt
2331 3789 2642 3835 sanctorum
2669 3776 3004 3846 angelorum,
3044 3777 3318 3856 eaercitus
3347 3790 3566 3847 quoque

1982 3871 2266 3940 spirituum
2285 3870 2578 3926 dicentium
2601 3870 2776 3937 ipsum
2796 3868 3131 3925 Salvatorem
3158 3884 3222 3924 ac
3241 3869 3565 3940 Redempto-

1983 3979 2118 4018 rem.
2160 3963 2294 4029 Quia
2326 3977 2487 4030 porro
2511 3977 2634 4018 cum
2661 3961 2994 4030 evangelista
3033 3961 3179 4016 dicat
3212 3977 3226 4015 :
3262 3979 3282 4014 ι
3327 3961 3564 4016 Verbum

1982 4068 2108 4110 caro
2135 4052 2336 4106 factum
2358 4062 2465 4119 est;
2505 4071 2523 4103 ι
2559 4050 2853 4106 formidare
2880 4064 2938 4106 se
2959 4050 3164 4114 dicunt,
3189 4063 3278 4115 ne,
3308 4050 3352 4106 si
3379 4051 3564 4116 dictio,

1989 4163 2006 4198 ι
2039 4145 2262 4200 Factum
2283 4154 2391 4208 est,
2427 4162 2445 4194 ι
2471 4144 2742 4214 propriam
2762 4142 3565 4212 servetsigniﬁcationem,ver-
3661 4175 3664 4178 ~

1981 4238 2064 4294 sio
2091 4239 2334 4308 quoniam
2370 4235 2700 4306 intelligatur
2751 4236 2896 4289 circa
2929 4233 3173 4289 divinam
3200 4231 3365 4289 Verbi
3395 4244 3556 4289 natu-

1983 4346 2096 4385 ram
2130 4330 2297 4384 fuisse
2329 4345 2344 4394 ;
2379 4328 2539 4382 laudo
2599 4327 2814 4396 quidem
2863 4337 3101 4392 metum,
3155 4326 3325 4380 miror
3357 4337 3564 4389 autem,

296 4435 314 4468 ι
346 4416 565 4485 ἐγένετο
594 4437 611 4470 ι
646 4417 742 4490 τὴν
798 4419 933 4472 ἰδίαν
970 4418 1236 4484 σώζοντος
1265 4419 1519 4489 δήλωσιν,
1553 4423 1752 4493 τρόπος
1791 4441 1877 4489 τις

1986 4424 2120 4491 quod
2145 4429 2402 4476 caventes
2441 4419 2732 4474 dictionem
2755 4457 2771 4483 ,
2803 4431 3095 4487 veramque
3117 4424 3170 4471 et
3194 4416 3563 4472 necessariam

295 4509 462 4559 νοοῖτο
521 4507 652 4578 περὶ
697 4507 792 4578 τὴν
832 4507 984 4562 Θείαν
1015 4508 1107 4562 τοῦ
1158 4508 1336 4576 Λόγου
1387 4509 1640 4578 γενέσθαι
1676 4511 1871 4580 φύσιν·

291 4595 495 4648 ἐπαινῶ
534 4585 634 4667 μὲν
658 4598 719 4650 τὸ
754 4597 918 4668 δεῖμα
937 4641 951 4665 ,
986 4598 1252 4670 θαυμάζω
1273 4599 1353 4664 δὲ,
1378 4600 1460 4654 ὅτι
1499 4603 1767 4672 παραιτοῦ
1778 4620 1874 4672 μεε⁵

290 4703 367 4739 νοι
411 4687 520 4764 τὴν
553 4687 721 4753 λέξιν,
756 4689 854 4760 τὴν
893 4690 1069 4761 ἀληθῆ
1109 4707 1170 4742 τε
1213 4690 1307 4744 καὶ
1362 4691 1670 4760 ἀναγκαίαν
1698 4693 1874 4764 δήλω.

290 4793 395 4842 σιν,
425 4762 570 4830 οὖέω
597 4779 852 4847 γενέσθαι
879 4784 1012 4850 φασὶ
1055 4784 1234 4856 σάρκα
1266 4784 1358 4838 τὸν
1391 4786 1583 4854 Λόγον,
1615 4787 1691 4850 ὡς
1722 4762 1788 4841 ἀν
1823 4789 1870 4841 εί

288 4867 497 4937 λέγοιτο
529 4870 783 4938 γενέσθαι
830 4875 1071 4946 κατάρα,
1119 4878 1215 4928 καὶ
1263 4877 1527 4947 ἁμαρτία.
1580 4873 1713 4931 Εἶτα
1753 4879 1870 4942 πῶς

287 4960 383 5011 οὐκ
434 4961 542 5013 ἔδει
584 4962 709 5015 νοῦν
753 4963 975 5034 ἔχοντας
1022 4969 1154 5038 δρᾷν
1184 4968 1232 5035 ιε,
1274 4969 1355 5022 ὅτι
1406 4969 1485 5032 τὸ,
1526 4986 1544 5018 ι
1579 4969 1814 5036 ἐγένετο,
1848 4989 1865 5020 ι

285 5051 546 5117 τεθεικὼς
589 5055 918 5126 ὸλμακάριος
953 5058 1368 5130 εὑαγγελιστὴς,
1411 5060 1628 5130 ἀπάσης
1663 5061 1871 5130 τροπῆς

288 5145 541 5198 ὑπόνοιαν
594 5148 842 5219 ἀναιρεῖ,
895 5153 1353 5220 προσεπενεγκὼν
1418 5152 1579 5215 εὐθὺς
1633 5153 1725 5204 καὶ
1775 5151 1864 5204 τό·

356 5325 582 5381 "Joan.
623 5342 703 5389 Ill,
731 5327 782 5380 6.
865 5327 908 5357 ⁸⁸
932 5325 1060 5381 Luc.
1098 5346 1131 5392 ι,
1170 5329 1224 5382 9..
1303 5331 1344 5360 ⁵¹
1383 5328 1398 5380 l
1433 5329 1590 5384 Joan.
1627 5345 1665 5393 ι,
1698 5331 1746 5383 ι.

1981 4512 2430 4584 signiﬁcationem
2453 4551 2470 4577 ,
2500 4511 2580 4566 sic
2629 4509 2831 4565 factmn
2869 4508 3038 4563 luisse
3069 4520 3288 4562 carnem
3323 4502 3562 4560 Verbum

1982 4606 2186 4669 dicunt,
2219 4604 2441 4672 perinde
2479 4617 2542 4656 ac
2576 4600 2620 4656 si
2649 4601 2863 4654 dicatur
2884 4639 2897 4662 ,
2924 4599 3128 4652 factum
3162 4594 3337 4651 fuisse
3381 4596 3556 4650 male-

1981 4697 2184 4752 dictum
2215 4706 2270 4749 et
2301 4703 2605 4764 peccatmn.
2661 4689 2866 4744 Deinde
2899 4702 3006 4755 quo
3035 4695 3196 4757 pacto
3228 4701 3332 4740 non
3379 4675 3562 4741 vident

1981 4796 2163 4840 mente
2209 4783 2421 4854 prmditi
2473 4779 2926 4853 [prudentissimi
2959 4779 3058 4833 viri
3097 4775 3313 4850 ],quod
3367 4776 3560 4832 beatus

1979 4876 2306 4946 evangelista
2336 4887 2542 4944 ponens
2564 4872 2880 4937 dictionem,
2915 4889 2933 4923 ί
2963 4869 3188 4924 Factum
3221 4876 3325 4932 est,
3362 4885 3382 4920 ι
3423 4882 3550 4921 mox

1979 4969 2156 5022 omnis
2207 4965 2578 5020 conversionis
2629 4965 2993 5033 suspicionem
3034 4964 3204 5028 tollit,
3257 4959 3552 5030 adjiciens:

1984 5078 2002 5110 ι
2049 5059 2115 5112 Ει
2168 5056 2430 5111 habitavit
2475 5057 2526 5109 in
2558 5057 2714 5110 nobis
2759 5057 2782 5110 ?
2817 5076 2834 5108 ι
2874 5057 3183 5110 Absurdum
3239 5060 3417 5104 autem
3451 5051 3557 5102 alia

1979 5165 2196 5221 quoque
2228 5149 2437 5204 ratione
2467 5157 2570 5214 est,
2608 5151 2652 5203 si
2684 5149 2808 5218 quis
2837 5149 2998 5202 audet
3019 5148 3220 5208 dicere,
3251 5141 3330 5197 sic
3355 5138 3561 5195 factum

1339 5482 1514 5541 Varia:
1537 5485 1797 5540 lectiones
1821 5497 1885 5537 ex
1914 5479 2100 5536 codice
2125 5477 2498 5549 Seguicriano.

357 5637 386 5679 li
415 5637 610 5716 καίτοι.
685 5637 711 5675 h
746 5639 915 5711 αὐτὴν
954 5643 1211 5711 γεννῆσαί
1256 5662 1439 5714 φασιν.
1524 5648 1538 5686 ί
1579 5646 1669 5699 τὸν
1713 5645 1810 5698 ’ένα
1857 5643 2085 5716 Κύριον.
2167 5640 2179 5691 ἱ
2221 5637 2397 5702 ἴσως,
2434 5629 2595 5686 παντί
2621 5646 2698 5699 τῳ
2731 5630 2921 5699 σαφέςο

295 5707 447 5770 ὂντας
477 5710 632 5780 ὀρᾷν.

3023 5629 3049 5670 ι
3085 5645 3300 5702 νουνεχε
3310 5630 3531 5688 στὰτους
