4014 6128
424 306 531 361 525

1454 297 1512 352 S.
1554 294 1833 352 CYRILLI
1855 293 2336 353 'ALEXANDBINI
2370 294 2690 354 AllClllEP.

3583 303 3697 358 524

430 439 556 480 esse
586 436 805 478 carnem
845 421 1076 480 V‘erbum
1104 458 1118 483 ,
1144 427 1203 475 ut
1235 417 1433 475 factum
1459 431 1578 472 esse
1621 417 1817 471 dicitur
1839 416 2008 472 male-

2119 435 2136 469 ι
2176 417 2514 487 Ἑσκήνωσεν
2541 417 2598 468 ὲν
2627 415 2793 486 ήμῖν;
2823 432 2842 465 I
2880 414 3116 468 ’Ἄτοπον
3165 413 3226 468 δὲ
3273 415 3370 469 καὶ
3401 414 3606 486 ἑτέρως
3638 417 3702 471 τὸ

428 517 635 571 dictum
666 523 723 570 et
763 525 1066 586 peccatum.
1109 512 1223 567 Non
1262 511 1404 565 enim
1459 509 1752 578 ipsummet
1794 507 2016 562 maledi-

425 620 575 662 ctum
601 608 684 661 vel
703 614 980 676 peccatum
1007 605 1208 658 factum
1225 611 1328 668 est,
1361 601 1455 657 sed
1485 616 1606 656 cum
1627 600 1828 669 iniquis
1859 615 2016 670 repu-

432 710 579 754 tatus
596 697 954 766 est",justus
981 696 1250 749 exsistens
1276 701 1334 747 ut
1357 692 1568 747 aboleat
1597 702 1877 761 peccatum
1908 708 1922 755 ;
1958 698 2013 746 et

340 805 345 809 ·
428 791 726 860 appellatus
764 797 847 844 est
878 786 1228 848 maledicms,
1263 785 1354 854 qui
1389 783 1657 866 benedieit
1685 791 2009 846 creaturam,

433 882 589 952 162
605 892 660 934 ut
681 879 855 934 solvat
873 886 1114 932 nostrum
1135 875 1502 940 maledictum,
1521 881 1576 929 et
1593 874 1783 929 liberet
1799 889 1826 927 a
1852 888 2012 943 poena

429 974 712 1025 credentes
737 970 790 1022 in
819 968 1016 1038 ipsum.
1057 967 1221 1036 Igitur
1260 981 1366 1020 non
1391 973 1476 1020 est
1520 964 1693 1019 factus
1718 964 2012 1018 secundum

428 1062 711 1114 veritatem
754 1057 1098 1112 maledictum
1131 1064 1185 1110 et
1229 1063 1508 1122 peccatum
1543 1067 1557 1106 :
1599 1051 1901 1122 appellatus
1930 1058 2014 1105 est

429 1157 606 1203 autem
662 1148 746 1202 his
805 1147 1148 1209 nominibus,
1199 1154 1259 1199 ut
1311 1142 1527 1197 aboleat
1573 1142 1916 1196 maledictum
1958 1148 2014 1195 et

428 1249 734 1310 peceatum.
802 1238 969 1310 Igitur
1011 1239 1056 1292 si
1091 1238 1171 1293 sic
1216 1235 1418 1290 factum
1467 1246 1551 1291 est
1589 1250 1754 1299 caro,
1780 1234 2012 1288 abolevit

431 1332 616 1404 utique
646 1345 864 1386 camem
885 1369 900 1395 ,
955 1329 1098 1384 sicut
1127 1339 1182 1382 et
1213 1325 1558 1380 maledictum
1599 1336 1653 1380 et
1678 1337 1958 1394 peccaturo
1991 1340 2007 1390 ;

429 1434 483 1478 et
514 1437 688 1493 neque
723 1421 924 1476 factum
954 1430 1041 1476 est
1089 1421 1249 1474 homo
1274 1462 1287 1485 ,
1342 1432 1518 1486 neque
1563 1417 1902 1471 incarnatum
1928 1425 2012 1470 est

431 1515 724 1569 secundum
766 1512 1048 1566 veritatem
1090 1528 1103 1564 :
1135 1511 1228 1564 sed
1255 1509 1307 1563 in
1336 1508 1742 1563 existimatione
1786 1506 1895 1561 sola
1929 1513 2011 1560 est

431 1612 828 1662 sacramentum
852 1642 867 1667 ,
896 1612 951 1656 et
983 1601 1034 1655 in
1072 1601 1233 1654 nudis
1264 1599 1576 1654 nominibus
1606 1597 1881 1651 invenitur
1924 1597 2007 1650 in-

2115 509 2291 576 λέγειν
2326 507 2659 578 ἀποτολμᾷν,
2692 505 2834 558 οῦτω
2859 505 3116 574 γενέσθαι
3153 505 3336 577 σάρκα
3363 505 3456 560 τὸν
3498 507 3696 576 Λόγον,

2113 598 2186 662 ὡς
2219 596 2470 665 γενέσθαι
2518 596 2740 664 λέγεται
2773 595 3014 666 κατάρα,
3047 595 3143 647 καὶ
3179 595 3462 666 ἁμαρτίαο
3501 595 3563 648 οῦ
3591 595 3700 666 γὰρ

2115 690 2440 760 αὐτόχρημα
2467 675 2660 758 γέγονε
2691 687 2929 758 κατάρα,
2962 685 3086 740 οὔτε
3121 686 3228 759 μὴν
3262 686 3511 757 ἁμαρτία
3531 702 3544 714 ·
3581 686 3698 739 ἀλλ’

2115 782 2173 833 ἐν
2201 783 2315 843 τοῖς
2347 780 2572 849 ἀνόμοις
2616 778 2868 849 ἐλογίσθη
2897 777 3102 841 δίκαιος
3130 777 3228 842 ὢν,
3256 779 3344 832 ἴνα
3373 779 3701 848 καταργήσῃ

2111 869 2213 938 τὴν
2267 867 2573 937 ἁμαρτίαν·
2609 867 2706 920 καὶ
2757 867 3165 936 κεχρημάτικεν
3219 866 3622 936 ὲπικατάρατος
3670 868 3700 919 ό

2113 958 2350 1027 εὐλογῶν
2381 957 2480 1028 τὴν
2514 957 2714 1023 κτίσιν,
2752 957 2841 1010 ἵνα
2868 957 3006 1028 λύσῃ
3035 959 3136 1028 τὴν
3177 956 3298 1011 καθ’
3334 957 3494 1027 ήμῶν
3531 959 3696 1029 ἀρὰν,

2114 1052 2208 1106 καὶ
2238 1049 2526 1123 ἀπαλλάξῃ
2558 1050 2714 1120 δίκης
2741 1051 2868 1113 τοὺς
2899 1051 3252 1114 πιστεύοντας
3277 1051 3357 1113 είς
3381 1050 3563 1104 αὐτόν.
3590 1051 3698 1104 Οὑ-

2114 1141 2244 1197 κοῦν
2276 1143 2339 1194 οὐ
2366 1141 2558 1209 γέγονε
2585 1140 2726 1193 κατά
2761 1139 3020 1211 ἀλήθειαν
3041 1141 3278 1211 κατάρα,
3309 1141 3402 1193 καὶ
3429 1140 3697 1212 ἁμαρτία·

2113 1235 2490 1305 κεχρημάτικε
2540 1233 2598 1286 δὲ
2648 1230 2861 1298 ταῦτα,
2918 1233 3006 1285 ἵνα
3053 1232 3189 1303 λύσῃ
3229 1231 3246 1270 ι
3297 1232 3566 1303 κατάραν,
3603 1233 3699 1286 καὶ

2112 1325 2406 1395 ἁμαρτίαν.
2438 1321 2647 1377 Ούκοῦν
2675 1323 2722 1374 εί
2757 1321 2898 1375 οῦτω
2927 1323 3117 1391 γέγονε
3154 1322 3313 1394 σὰρξ,
3349 1325 3699 1394 κατήργηκεν

2111 1416 2219 1486 ἄρα
2252 1416 2352 1486 τὴν
2397 1415 2594 1486 σάρκα,
2629 1415 2773 1467 καθά
2801 1415 2895 1467 καὶ
2923 1415 3021 1485 τὴν
3073 1413 3235 1485 ἀρὰν,
3262 1414 3355 1468 καὶ⁵
3385 1415 3482 1486 τὴν
3513 1417 3700 1485 ἀμαρ-

2110 1507 2230 1560 τίαν
2256 1522 2269 1537 ο
2313 1508 2406 1559 καὶ
2439 1505 2563 1559 οῦτε
2608 1507 2832 1575 γέγονεν
2878 1505 3187 1576 ἄνθρωπος,
3217 1504 3344 1559 οὔτε
3394 1505 3499 1577 μὴν
3535 1509 3701 1577 ἑσαρ⁴

2111 1589 2263 1665 κώθη
2291 1594 2433 1647 κατά
2465 1594 2757 1666 ἀλήθειαν·
2795 1593 2911 1647 ἀλλ’
2947 1596 3005 1646 ὲν
3051 1594 3269 1664 δοκήσει
3319 1595 3456 1668 μόνῃ
3497 1595 3560 1648 τὸ
3595 1614 3698 1666 μυ-

432 1695 770 1750 carnationis
817 1693 1032 1746 modus.
1088 1689 1318 1744 Tollitur
1370 1700 1550 1743 autem
1597 1689 1816 1742 omnino
1846 1697 1899 1742 et
1926 1703 2011 1743 re-

2125 1687 2368 1758 στήριον,
2408 1687 2502 1740 καὶ
2533 1689 2592 1740 ὲν
2631 1687 2806 1757 ψιλοῖς
2838 1687 3098 1756 ὀνόμασιν
3132 1688 3160 1739 ὁ
3208 1687 3308 1757 τῆς
3343 1687 3702 1758 ἐνανορωπή’

433 1785 787 1842 surrectionis
817 1798 961 1853 spes.
1009 1781 1063 1835 III
1110 1781 1262 1851 cujus
1294 1779 1456 1848 igitur
1489 1789 1720 1834 mortem
1751 1780 2009 1848 baptizati

434 1892 620 1934 sumus
647 1875 741 1928 ⁵³2
773 1874 873 1931 Ubi
927 1875 1150 1927 verbum
1207 1871 1329 1925 ﬁdei
1352 1909 1368 1936 ,
1401 1872 1542 1940 quod
1589 1872 1952 1940 praedicamus
1991 1872 2013 1924 ?

433 1969 681 2025 Confessi
708 1969 850 2023 enim
875 1969 1015 2037 quod
1052 1965 1307 2021 Dominus
1335 1973 1418 2018 est
1469 1962 1627 2017 Jesus
1653 1972 1706 2016 et
1734 1965 2013 2018 credentes

435 2061 576 2131 quod
626 2063 761 2115 Dens
805 2061 982 2129 ipsum
1007 2057 1260 2112 excitavit
1304 2071 1332 2109 a
1384 2057 1650 2120 mortuis,
1708 2055 2008 2109 salvamnr.

435 2151 603 2220 Igitur
635 2152 685 2206 in
721 2166 887 2204 unum
919 2150 1152 2206 similem
1188 2148 1362 2213 nobis,
1395 2157 1448 2203 et
1475 2162 1813 2202 communem
1838 2147 2014 2201 homi-

433 2255 558 2295 nem
609 2241 712 2294 erit
768 2240 936 2306 ﬁdes,
986 2253 1086 2293 nec
1136 2238 1246 2307 jam
1299 2235 1531 2306 amplius
1571 2235 1837 2300 Verbum,
1869 2234 2013 2304 quod

437 2331 488 2384 in
526 2332 757 2385 humana
791 2330 963 2386 forma
989 2339 1210 2399 propter
1241 2343 1342 2384 nos
1371 2329 1643 2399 apparuit,
1676 2326 2013 2382 adoramus?

436 2423 514 2476 An
549 2437 654 2476 non
684 2423 889 2492 accepit
921 2421 1064 2476 servi
1096 2420 1346 2486 formam,
1378 2421 1469 2489 qui
1494 2427 1578 2474 est
1610 2420 1747 2474 liber
1765 2430 1821 2473 ut
1843 2418 2014 2473 Deus?

438 2528 542 2566 non
578 2512 878 2566 humiliavit
919 2512 1152 2581 seipsum
1178 2551 1194 2577 ,
1229 2509 1318 2578 qui
1352 2509 1658 2564 divinitatis
1689 2509 2012 2564 excellentia

435 2603 758 2672 conSpicuus
803 2601 931 2657 est?
979 2603 1071 2671 qui
1138 2602 1189 2655 in
1225 2599 1398 2656 forma
1445 2610 1499 2656 et
1542 2601 1848 2670 aequalitate
1895 2600 2014 2655 Pa-

438 2697 569 2759 tris,
624 2709 728 2750 non
776 2694 993 2750 demisit
1028 2709 1084 2750 se
1135 2696 1188 2749 in
1235 2693 1664 2748 exinanitionem
1693 2734 1708 2759 ,
1757 2696 2010 2764 quamvis

438 2787 726 2842 distribuat
779 2787 846 2841 de
897 2785 1371 2857 sua.plenitudine
1427 2795 1691 2842 creatura:
1749 2786 1888 2841 bona
1916 2787 2015 2841 “Y

436 2876 618 2946 Apage
649 2891 678 2929 a
710 2874 850 2930 malo
885 2875 988 2930 isto
1017 2876 1268 2930 consilio.
1322 2875 1495 2930 Aliter
1542 2891 1640 2931 nos
1679 2876 2014 2933 edocuerunt

437 2965 578 3020 beati
607 2963 799 3020 Patres
837 2965 1176 3020 incarnatum
1202 2980 1326 3021 esse
1349 3006 1366 3031 ,
1401 2975 1456 3020 et
1491 2967 1762 3021 hominem
1811 2969 2011 3023 factum
2039 3005 2082 3064 α

437 3056 731 3112 secundum
769 3056 1044 3110 veritatem
1082 3057 1256 3125 ipsum
1292 3057 1385 3111 Dei
1415 3055 1596 3112 Patris
1654 3057 1899 3142 Verbum
1931 3060 2016 3114 di-

438 3154 658 3210 xerunt,
688 3145 892 3213 absque
919 3145 1271 3200 conversione
1300 3156 1353 3199 et
1379 3144 2016 3203 confusione.lnell'abilis

439 3244 619 3287 autem
675 3233 897 3288 omnino
943 3243 1028 3288 est
1083 3233 1504 3302 dispensationis
1557 3238 1766 3289 modus.
1830 3234 2016 3292 Testes

440 3338 568 3380 vero
588 3338 797 3390 eorum,
819 3339 940 3394 quae
962 3324 1106 3380 dicta
1131 3333 1278 3392 sunt,
1299 3338 1579 3381 sermones
1601 3326 1815 3382 illorum
1831 3339 2013 3385 erunt.

683 3587 832 3644 Petri
870 3592 1120 3658 martyris
1155 3588 1382 3658 episcopi
1412 3588 1768 3646 Alexandrina.

513 3701 664 3759 Unde
679 3712 733 3757 et
759 3701 1088 3772 evangelista
1117 3716 1243 3757 vere
1262 3702 1533 3773 loquitur,
1563 3703 1749 3760 dicens
1781 3722 1796 3760 :
1834 3723 1854 3757 ι
1883 3703 2017 3760 Ver~

439 3793 566 3848 bum
595 3809 722 3849 caro
753 3793 951 3850 factum
975 3804 1076 3860 est,
1111 3804 1165 3850 et
1194 3795 1461 3851 habitavit
1487 3795 1541 3851 in
1574 3798 1732 3854 nobis
1765 3813 1781 3864 ;
1823 3816 1842 3850 ι
1884 3807 2014 3853 tunc

439 3886 718 3952 videlicet,
745 3901 811 3940 ex
842 3901 948 3955 quo
1003 3885 1226 3957 angelus
1279 3885 1534 3942 salutavit
1593 3886 1895 3959 Virginem,
1934 3889 2016 3944 in-

439 3979 634 4050 quiens
664 3995 678 4032 :
718 3997 736 4030 ι
763 3979 896 4044 Ave,
925 3978 1098 4049 gratia
1125 3977 1301 4047 plena,
1340 3979 1599 4034 Dominus
1655 3989 1830 4036 tecum
1867 3981 1934 4036 ⁸⁵.
1990 3999 2009 4034 ι

439 4072 589 4138 Quod
631 4071 762 4126 dicit
789 4070 1006 4126 Gabriel
1041 4090 1055 4127 :
1095 4089 1115 4123 ι
1165 4072 1423 4126 Dominus
1465 4081 1673 4137 tecum,
1718 4091 1737 4124 ι
1768 4088 1864 4142 pro
1912 4073 2016 4128 hoc

439 4170 521 4216 est
575 4163 811 4230 dictum,
865 4162 1124 4216 Dominus
1183 4161 1419 4218 Verbum
1481 4173 1697 4229 tecum,
1745 4165 2017 4235 signiticat

439 4254 583 4308 enim
617 4255 791 4324 ipsum
839 4253 984 4324 gigni
1027 4255 1080 4307 in
1112 4267 1298 4320 utero,
1338 4265 1393 4309 et
1448 4255 1561 4310 ﬁeri
1605 4271 1845 4321 carnem,
1878 4257 2016 4311 sicut

2115 1793 2252 1840 σεως
2301 1777 2620 1847 εὑρίσκεται
2676 1775 2877 1848 τρόπος
2901 1786 2960 1830 ³³.
3008 1776 3300 1847 Ἀνῄρηται
3346 1777 3403 1831 δὲ
3445 1779 3526 1839 εἰς
3555 1780 3702 1832 ἆπαν

2113 1869 2209 1921 καὶ
2241 1869 2273 1937 ἡ
2308 1872 2407 1940 τῆς
2433 1869 2786 1931 ἀναστάσεως
2819 1866 2995 1930 ὲλπίς.
3028 1868 3120 1930 Εἰς
3156 1867 3248 1920 τὸν
3284 1869 3428 1931 τίνος
3459 1865 3552 1922 οὖν
3586 1870 3699 1937 ἄρα

2113 1959 2341 2014 θάνατον
2376 1959 2823 2031 βεϐαπτίσμεθα;
2858 1957 2968 2012 Ποῦ
3007 1958 3068 2012 τὸ
3101 1959 3254 2030 ῥῆμα
3300 1959 3397 2030 τῆς
3428 1960 3696 2028 πίστεως,

2112 2050 2140 2102 ὃ
2186 2052 2576 2121 κηρύσσομεν;
2641 2050 3108 2121 Ὀμολογήσαντες
3163 2049 3306 2120 γὰρ,
3360 2051 3440 2103 ὅτι
3486 2050 3698 2122 Κύριος

2126 2143 2356 2213 Ἰησοῦς,
2395 2144 2490 2196 καὶ
2538 2141 2934 2204 πιστεύσαντες
2989 2142 3071 2194 ὃτι
3111 2141 3242 2204 Θεὸς
3272 2141 3436 2194 αὑτὸν
3481 2142 3708 2213 ἡγειρεν

2113 2237 2177 2287 ὲκ
2223 2235 2470 2305 νεκρῶν,
2514 2233 2820 2304 σωζόμεθα.
2867 2227 2994 2304 ’Ἆρ’
3029 2227 3121 2286 οῦν
3156 2234 3236 2294 εἱς
3273 2231 3370 2284 ἕνα
3403 2230 3494 2284 τὸν
3524 2242 3550 2268 ο
3579 2231 3703 2286 καθ’

2113 2323 2283 2392 ἡμᾶς,
2319 2325 2414 2375 καὶ
2454 2322 2633 2376 κοινὸν
2663 2321 2949 2392 ἄνθρωπον
2982 2323 3014 2392 ἡ
3051 2320 3251 2384 πίστις,
3296 2319 3480 2373 οὐκέτι
3524 2319 3581 2373 δὲ
3611 2320 3703 2372 τὸν

2113 2414 2170 2467 ἐν
2203 2415 2522 2486 ἀνθρωπεία
2557 2417 2740 2486 μορφῇ
2774 2413 3052 2483 πεφηνότα
3086 2413 3152 2466 δι’
3186 2416 3333 2484 ἡμᾶς
3364 2411 3701 2486 προσκυνοῦ-

2116 2523 2215 2576 μεν
2243 2507 2418 2574 Λόγον
2446 2525 2460 2572 ;
2495 2507 2608 2560 Ούκ
2634 2506 2792 2559 ἔλαϐε
2816 2506 2914 2577 τὴν
2933 2507 3026 2559 τοῦ
3046 2506 3233 2560 δούλου
3269 2505 3482 2578 μορφὴν
3504 2507 3534 2559 6
3557 2505 3704 2559 ὲλεύο

2114 2596 2272 2668 θερος
2303 2598 2380 2662 ὼς
2405 2598 2536 2660 Θεός
2565 2605 2620 2663 ⁰;
2658 2598 2717 2651 ού
2753 2597 3153 2650 τεταπείνωκεν
3193 2599 3384 2652 ἑαυτὸν
3411 2601 3439 2651 ὁ
3465 2600 3578 2660 τοῖς
3605 2597 3702 2668 τῆς

2113 2686 2367 2759 θεότητος
2406 2688 2663 2760 ὑψώμασι
2695 2689 3047 2760 διαπρέπων;
3082 2690 3110 2741 6
3135 2691 3191 2743 ὲν
3235 2692 3438 2760 μορφῇ,
3469 2691 3564 2742 καὶ
3595 2689 3704 2742 ἰσόο

2112 2798 2236 2851 τητι
2282 2779 2376 2833 τοῦ
2423 2781 2638 2852 Πατρός
2670 2782 2733 2834 ού
2787 2780 3029 2851 καθῆκεν
3075 2779 3264 2832 ἑαυτὸν
3305 2781 3386 2843 εἰς
3446 2780 3698 2842 κένωσιν,

2113 2871 2291 2925 καίτοι
2327 2871 2598 2942 διανέμων
2632 2871 2690 2936 ἐξ
2735 2871 2867 2925 ἰδίου
2910 2870 3284 2944 πληρώματος
3326 2874 3392 2942 τῇ
3431 2872 3603 2924 κτίσει
3634 2873 3700 2926 τὰ

2115 2960 2322 3029 ἀγαθά;
2359 2962 2571 3030 Ἀπαγε
2605 2962 2707 3032 τῆς
2765 2963 3126 3026 δυσϐουλίας’
3168 2962 3370 3032 ἑτέρως
3411 2964 3559 3031 ἡμᾶς
3600 2979 3700 3030 με·

2121 3057 2619 3125 μυσταγωγὴκασιν
2648 3057 2697 3108 oi
2727 3056 2988 3126 μακάριοι
3033 3055 3277 3126 Πατέρες
3301 3071 3312 3083 ·
3351 3056 3703 3125 σαρκωθῆνε.ι

2117 3147 2249 3218 γὰρ,
2285 3148 2377 3200 καὶ
2406 3148 2824 3217 ὲνανθρωπῆσαι
2855 3148 2994 3202 κατά
3021 3147 3280 3218 ἀλήθειαν
3308 3147 3472 3200 αὑτὸν
3495 3147 3703 3217 ἔφασαν

2115 3237 2209 3290 τὸν
2249 3240 2314 3291 ὲκ
2341 3236 2476 3290 Θεοῦ
2519 3238 2731 3308 Πατρός
2754 3238 2927 3306 Λόγον
2972 3239 3282 3308 ἀτρέπτως,
3330 3237 3424 3292 καὶ
3457 3238 3702 3308 ἀσυγχύ-

2116 3346 2242 3393 τως.
2280 3330 2616 3402 ’Λπόρρητος
2635 3330 2692 3382 δὲ
2731 3330 3012 3393 παντελῶς
3049 3331 3150 3400 τῆς
3177 3331 3493 3400 οἰκονομίας
3517 3333 3546 3384 ό
3581 3331 3706 3398 τρό·

2117 3439 2236 3485 πος,
2267 3421 2570 3493 Μάρτυρας
2599 3422 2655 3474 δὲ
2695 3422 2805 3475 τῶν
2839 3423 3148 3494 εἰρημένων
3173 3423 3298 3486 τοὺς
3334 3422 3514 3476 αὐτῶν
3549 3426 3705 3492 ποιή-

2119 3526 2282 3580 σομαι
2317 3510 2507 3577 λόγους
2519 3549 2532 3563 .

2189 3599 2412 3668 Πέτρου
2434 3601 2736 3670 μιίρτιιρος
2783 3602 3125 3657 ἐπισκόπου
3162 3603 3631 3672 Ἀλεξανδρείας.

2191 3713 2353 3766 Ὅθεν
2377 3716 2470 3767 καὶ
2495 3715 2523 3766 6
2545 3715 2935 3787 εύαγγελιστὴς
2965 3716 3218 3787 ἀληθεύει
3246 3718 3418 3786 λέγων
3434 3735 3447 3748 ο
3481 3738 3500 3770 ι
3524 3720 3582 3772 ’0
3606 3720 3706 3772 A6-

2067 3840 2074 3846 -
2115 3821 2210 3873 γος
2247 3805 2382 3876 σὰρξ
2425 3806 2676 3874 ἐγένετο,
2713 3809 2807 3860 καὶ
2851 3810 3165 3879 ἐσκήνωσεν
3203 3811 3260 3862 ὲν
3305 3813 3474 3880 ἡμῖν·
3523 3831 3542 3864 ι
3583 3812 3704 3864 τότε

2121 3896 2388 3966 δηλονότι,
2416 3899 2510 3967 ἀφ’
2539 3893 2598 3953 οῦ
2624 3901 2652 3952 ὁ
2687 3900 2916 3968 ἄγγελος
2945 3901 3235 3970 ἠσπάσατο
3272 3902 3370 3972 τὴν
3405 3902 3701 3972 Παρθένον,

2117 3987 2306 4042 εἰπών·
2329 4007 2346 4039 ι
2375 3990 2570 4060 Χαῖρε,
2598 3992 3041 4061 κεχαριτωμένη,
3091 3995 3120 4045 ὁ
3143 3992 3345 4062 Κύριος
3373 3994 3513 4064 μετά
3538 3995 3634 4047 σοῦ
3656 4012 3699 4046 ·»

2115 4079 2177 4133 τὸ
2204 4080 2331 4149 γάρ,
2369 4098 2388 4130 ι
2433 4078 2637 4151 Κύριος
2667 4082 2807 4151 μετά
2837 4080 2956 4146 σοῦ,
2984 4100 3002 4132 ι
3033 4082 3130 4135 νῦν
3167 4081 3316 4136 ἔστιν
3345 4085 3578 4138 ἀκοῦσαι
3612 4084 3721 4138 τοῦ.

2117 4170 2380 4242 Γαϐριὴλ,
2411 4173 2532 4224 ἀντὶ
2559 4172 2677 4236 τοῦ,
2710 4174 2769 4226 '0
2790 4173 2920 4236 Θεὸς
2937 4174 3109 4243 Λόγος
3137 4175 3275 4246 μετά
3302 4176 3395 4229 σοῦ
3413 4192 3426 4204 ⁸
3449 4179 3705 4248 σημαίνει

2117 4263 2226 4330 γὰρ
2277 4259 2440 4313 αὑτὸν
2474 4262 2813 4334 γεννώμενον
2858 4267 2915 4319 ὲν
2953 4266 3155 4337 μήτρᾳ,
3201 4267 3296 4320 καὶ
3344 4268 3525 4339 σάρκα
3557 4271 3707 4339 γινόι

440 4344 696 4412 scriptum
733 4350 815 4398 est
855 4358 869 4393 :
911 4359 929 4392 ι
965 4341 1200 4411 Spiritus
1229 4352 1447 4396 sanctus
1481 4343 1827 4412 superveniet
1853 4341 1907 4396 in
1937 4349 2008 4404 te,

2121 4370 2299 4423 μενον,
2344 4354 2526 4418 καθὼς
2570 4356 2917 4424 γέγραπται·
2961 4378 2979 4409 ι
3012 4358 3234 4429 Πνεῦμα
3283 4359 3441 4427 ἅγιον
3481 4362 3708 4415 ἐπελεύο

439 4444 494 4488 et
522 4436 690 4488 virtus
734 4434 997 4488 Altissimi
1055 4433 1397 4487 obumbrabit
1451 4434 1592 4488 tibi:
1627 4433 1748 4487 ideo
1779 4440 1835 4488 et
1873 4430 2017 4502 quod

441 4539 694 4584 nascetur
718 4538 989 4593 sanetum,
1019 4525 1296 4581 vocabitur
1327 4524 1498 4581 Filius
1525 4524 1621 4578 Dei
1641 4525 1710 4578 ⁵⁸.
1739 4543 1758 4578 ι

766 4643 1040 4698 Athanasii
1077 4643 1304 4714 episcopi
1327 4640 1686 4696 Alexandria.

514 4753 666 4809 Unde
695 4764 750 4809 et
773 4771 893 4810 cum
937 4765 1252 4812 nasceretur
1276 4770 1405 4810 caro
1446 4769 1509 4809 ex
1546 4752 1639 4808 Dei
1675 4750 1830 4823 163
1861 4750 2016 4821 geni-

442 4849 576 4902 trice
632 4844 836 4912 Maria,
888 4849 1001 4916 ipse
1057 4849 1254 4904 dicitur
1307 4857 1464 4903 natus
1519 4861 1673 4910 esse,
1747 4845 1837 4914 qui
1895 4843 2017 4898 aliis

439 4940 779 4994 nativitatem
816 4948 873 4991 ut
907 4939 1016 4993 sint
1045 4941 1291 5005 exhibet,
1321 4949 1378 4994 ut
1409 4949 1648 4994 nostram
1675 4937 1727 4992 in
1759 4952 1817 4992 se
1844 4943 2023 4990 trans-

441 5028 608 5085 ferret
631 5029 989 5083 nativitatem.

697 5141 952 5214 Ejusdem
977 5157 1040 5196 ea:
1069 5143 1290 5210 epistola
1328 5143 1397 5195 ad
1429 5141 1746 5210 Epictetum.

515 5255 797 5323 Quomodo
825 5265 880 5314 et
912 5257 1189 5328 ambigere
1231 5256 1348 5311 ausi
1385 5266 1545 5321 sunt,
1587 5256 1679 5325 qui
1714 5255 2010 5315 Christiani

2118 4461 2270 4498 σεται
2300 4445 2392 4498 ἐπὶ
2431 4445 2514 4512 σὲ,
2545 4449 2638 4501 καὶ
2684 4448 2914 4518 δύναμις
2941 4450 3201 4518 Ὑψίστου
3241 4450 3557 4505 ἐπισκιάσει
3591 4471 3668 4506 σοι
3689 4471 3704 4486 ο

2114 4535 2195 4588 διὸ
2229 4537 2323 4588 καὶ
2350 4537 2410 4590 τὸ
2430 4537 2768 4608 γεννώμενον
2797 4541 2971 4607 ἅγιον,
2995 4541 3328 4612 κληθήσεται
3357 4543 3484 4607 Υἱὸς
3508 4545 3665 4598 Θεοῦ.
3682 4565 3699 4596 I

2267 4651 2618 4704 Ἀθανασίου
2651 4652 2991 4708 ἐπισκόπου
3021 4665 3045 4703 ιτ
3088 4655 3564 4724 Ἀλεξανδρείας.

2196 4761 2360 4815 Ὅθεν
2390 4763 2486 4816 καὶ
2520 4764 2866 4835 γεννωμένης
2900 4766 2998 4836 τῆς
3038 4767 3242 4838 σαρκὸς
3279 4769 3343 4820 ὲκ
3380 4768 3481 4838 τῆς
3516 4768 3706 4822 Geo-.6-

2124 4869 2219 4906 κου
2236 4851 2472 4922 Μαρίας,
2491 4854 2653 4916 αὐτὸς
2679 4854 2929 4908 λέλεκται
2948 4855 3317 4926 γεγεννῆσθαι
3340 4859 3368 4908 ό
3382 4859 3496 4920 τοῖς
3526 4856 3704 4918 ἄλλοις

2117 4947 2331 5013 γένεσιν
2361 4947 2440 5008 εἰς
2472 4945 2529 4998 τὸ
2556 4941 2696 5000 εἶναι
2732 4947 3010 5019 παρέχων,
3042 4948 3130 5001 ἴνα
3158 4947 3256 5020 τὴν
3281 4948 3441 5020 ἡμῶν
3477 4951 3559 5012 εἰς
3581 4951 3705 5003 £19-

2114 5035 2206 5089 τὸν
2239 5036 2448 5108 μεταθῇ
2478 5035 2753 5108 γέννησιν.

2155 5147 2264 5200 Τοῦ
2292 5148 2480 5203 αὑτοῦ
2504 5148 2573 5203 ἐκ
2600 5150 2709 5217 τῆς
2739 5153 2890 5219 πρὸς
2929 5153 3284 5234 Ἐπικτηῃτον
3308 5152 3668 5221 ἐπιστολῆς.

2179 5258 2305 5322 Πῶς
2349 5261 2405 5313 δὲ
2439 5263 2531 5314 καὶ
2577 5262 2942 5332 ἀμφιϐάλλειν
2985 5265 3295 5338 ἐτόλμησαν
3321 5268 3372 5319 σί
3415 5266 3707 5338 λεγόμενοι

511 5411 557 5442 ⁸⁸
587 5410 688 5467 lsa.
715 5427 830 5476 Llll,
862 5411 968 5479 l2;
1001 5409 1164 5465 Marc.
1189 5425 1276 5478 xv,
1311 5408 1402 5464 28.
1480 5409 1526 5441 ⁸³
1562 5409 1717 5464 Rom.
1751 5424 1827 5474 Vl,
1858 5411 1915 5466 '5.
1948 5409 1996 5442 “
2028 5408 2267 5482 Philipp.
2303 5429 2365 5481 II,
2407 5414 2440 5468 6
2466 5429 2618 5484 seqq.
2695 5417 2743 5449 "
2778 5416 2910 5473 Luc.
2951 5434 2989 5484 I,
3018 5417 3109 5475 28.
3184 5418 3230 5450 "
3261 5418 3390 5473 ibid.
3425 5417 3498 5474 55

1488 5568 1660 5623 Variae
1687 5567 1943 5624 lectiones
1967 5583 2033 5623 ex
2055 5569 2242 5625 codice
2271 5570 2646 5641 Seguieriano.

513 5730 530 5771 ι
564 5721 866 5796 καταλύσῃ.
939 5721 1177 5792 nam.
1253 5730 1280 5763 ³
1317 5721 1444 5778 τῶν.
1525 5727 1551 5759 °
1583 5721 1864 5793 ἐλεύθερος
1897 5724 2048 5788 Θεός.

2125 5735 2154 5776 ιτ
2184 5727 2640 5798 ἁρχιεπισκόπου.
