4014 6128
326 267 440 330 325

945 261 1478 322 APOLOGETICUS
1515 262 1650 321 PRO
1684 262 1781 318 XII
1820 261 2188 321 CAPITIBUS
2219 263 2500 322 CONTRA
2536 263 2995 324 ORIENTALES.

3496 277 3602 336 526

329 387 692 462 Χριστιανοὶ,
726 383 774 436 εί
810 383 838 436 ὁ
862 383 923 434 ἐκ
955 381 1173 453 Μαρίας
1205 381 1485 453 προελθὼν
1526 379 1751 446 Κύριος,
1792 378 1889 434 Υίὺ

2024 381 2321 448 vacantur,
2381 397 2509 436 num
2569 382 2859 450 Dominus,
2911 381 3255 452 quieMaria
3314 395 3600 459 processit,

334 482 436 552 μὲν
463 482 534 550 τῇ
560 476 736 548 οὐσίᾳ,
767 475 859 528 καὶ
884 477 947 546 τῇ
974 474 1135 545 φύσει
1156 475 1250 527 τοῦ
1274 474 1409 527 Θεοῦ
1434 477 1574 527 ἐστι·
1600 473 1662 526 τὺ
1689 473 1745 525 δὲ
1776 473 1916 527 κατὰ

335 570 547 642 σάρκα,
587 570 650 620 ἐκ
701 567 1017 636 σπέρματός
1063 566 1177 618 ἐστι
1227 564 1410 627 Δανῒδ,
1449 564 1649 636 σαρκὸς
1703 565 1761 618 δὲ
1815 565 1914 634 τῆς

334 664 504 731 ἁγίας
531 660 780 730 Μαρίαςς
816 659 969 721 Τίνες
1002 658 1059 712 δὲ
1085 657 1192 730 ἄρα
1223 656 1364 710 οὕτω
1394 656 1655 728 τολμηροὶ
1687 657 1914 726 γεγόνα.

337 770 448 815 σιν,
476 751 611 804 ὥστε
641 752 811 802 εἰπεῖν
839 748 931 802 τὸν
962 747 1198 813 Χριστὸν
1236 747 1328 800 τὸν
1352 747 1517 816 σαρκὶ
1551 746 1792 800 παθόντα
1817 747 1912 802 καὶ

338 839 746 911 ἐσταυρωμένον
783 838 858 909 μὴ
910 834 1051 891 εἶναι
1101 838 1331 908 Κύριον,
1374 831 1468 890 καὶ
1517 836 1777 908 Σωτῆρα,
1817 837 1912 891 καὶ

337 933 483 995 Θεὸν,
523 931 614 985 καὶ
642 931 770 983 Υίὸν
805 929 902 982 τοῦ
951 929 1198 999 Πατρός;
1233 929 1266 999 ἢ
1303 928 1420 992 πῶς
1460 930 1781 1000 Χριστιανοὶ
1823 930 1911 984 θέ-

335 1024 509 1077 λουσιν
549 1021 914 1094 ὀνομάζεσθαι
943 1022 994 1074 οί
1033 1020 1282 1088 λέγοντες
1320 1022 1399 1083 είς
1420 1019 1706 1089 ἄνθρωπον
1730 1020 1904 1089 ἅγιον,

329 1114 402 1178 ὡς
426 1116 517 1167 ἐπὶ
547 1114 646 1169 ἕνα
676 1113 786 1168 τῶν
818 1112 1113 1182 προφητῶν
1138 1110 1452 1180 ἐληλυθέναι
1474 1111 1564 1163 τὸν
1597 1105 1786 1180 Λόγον,
1813 1111 1908 1165 καὶ

329 1207 402 1276 μὴ
418 1206 580 1259 αὑτὸν
610 1205 902 1276 ἄνθρωπον
928 1203 1236 1272 γεγονέναι,
1261 1203 1494 1256 λαϐόντα
1523 1205 1586 1256 ἐκ
1607 1203 1821 1274 Μαρίας
1843 1203 1906 1256 τὸ

326 1299 508 1366 σῶμα,
523 1298 639 1352 ἀλλ’
656 1297 844 1367 ἕτερον
861 1293 999 1349 εἶναι
1013 1295 1104 1348 τὸν
1121 1295 1376 1364 Χριστὸν,
1391 1296 1484 1347 καὶ
1499 1295 1583 1346 ἐτε
1593 1311 1684 1366 ρον
1705 1295 1795 1348 τὸν
1811 1293 1904 1347 τοῦ

322 1390 457 1444 Θεοῦ
471 1391 671 1458 Λόγον,
687 1389 779 1443 τὸν
801 1390 906 1459 πρὸ
919 1389 1155 1460 Μαρίας,
1170 1389 1264 1442 καὶ
1280 1387 1386 1459 πρὸ
1408 1386 1618 1440 αἰώνων
1635 1388 1760 1441 Υίδν
1777 1388 1906 1441 ὄντα

320 1481 415 1535 τοῦ
432 1482 647 1552 Πατρός
667 1482 732 1551 ;ἢ
755 1481 869 1544 πῶς
883 1477 1353 1551 εἷναιΧριστιανοὶ
1379 1478 1631 1532 δύνανται
1658 1481 1706 1533 οί
1726 1481 1906 1549 λέγον·

321 1587 414 1634 τες
433 1570 591 1624 ἄλλον
607 1566 747 1624 εἶναι
761 1570 852 1623 τὸν
870 1569 1014 1632 Υἱδν,
1031 1570 1123 1622 καὶ
1143 1569 1300 1623 ἄλλον
1321 1569 1410 1622 τὸν
1427 1569 1522 1622 τοῦ
1545 1569 1680 1622 Θεοῦ
1694 1570 1865 1639 Λόγον
1885 1589 1900 1638 ;

397 1661 637 1725 Ταύταις
669 1664 831 1732 ἡμεῖς
856 1664 975 1724 ταῖς
999 1662 1106 1714 τῶν
1148 1661 1319 1728 ἁγίων
1363 1659 1623 1730 Πατέρων
1657 1661 1902 1731 ἑψόμεθα

2017 470 2190 526 Filius
2235 471 2450 540 quidem
2505 471 2807 526 substantia
2840 480 2896 526 et
2937 481 3128 527 natura
3171 475 3267 530 Dei
3300 477 3402 542 sit,
3457 485 3601 548 quod

2017 575 2142 615 vero
2175 562 2471 615 secundum
2501 575 2743 627 carnem,
2772 575 2839 616 ex
2871 565 3076 618 semine
3105 565 3180 620 sit
3212 564 3403 633 David,
3430 583 3596 626 came

2015 661 2193 706 autem
2247 661 2451 707 sanctae
2508 651 2754 706 Μαι·ὶωῖ
2805 652 2913 720 Qui
2975 663 3154 712 autem
3197 667 3305 729 tam
3371 662 3601 718 audaces

2015 741 2164 796 fuere
2185 783 2200 808 ,
2231 751 2290 797 ιιι
2319 744 2584 808 dicerent,
2617 743 2928 812 Christum,
2962 748 3055 818 qui
3097 763 3261 804 carne
3299 765 3490 820 passus
3518 763 3600 808 est

2012 842 2064 886 et
2097 834 2426 899 cruciﬁxus,
2459 850 2561 888 non
2606 851 2727 892 esse
2753 837 3037 893 Dominum
3068 851 3122 895 et
3144 839 3480 898 Salvatnrem
3503 884 3518 909 ,
3546 857 3600 902 et

2009 922 2178 977 Deum
2209 934 2262 978 et
2287 923 2478 978 Filium
2505 924 2682 982 Patris
2717 945 2731 993 ;
2770 930 2852 984 vel
2880 945 2986 999 quo
3019 941 3181 1001 pacto
3213 934 3397 989 volunt
3420 940 3593 992 nomi-

2011 1013 2128 1066 nari
2177 1013 2500 1083 Christiani,
2543 1019 2633 1086 qui
2681 1019 2866 1076 dicunt
2921 1021 2973 1076 in
3009 1023 3279 1080 hominem
3325 1039 3592 1097 sanctum,

2009 1103 2148 1157 sicut
2187 1103 2240 1157 in
2271 1119 2436 1158 unum
2490 1107 2909 1192 prophetarum,
2965 1113 3179 1168 venisse
3233 1113 3505 1182 Verbum,
3540 1131 3596 1176 et

2008 1208 2112 1248 non
2146 1195 2319 1264 ipsum
2350 1196 2622 1252 hominem
2659 1197 2881 1266 factum,
2911 1216 3032 1256 cum
3064 1207 3293 1276 sumpsit
3325 1222 3391 1262 ex
3418 1209 3586 1266 Maria

2007 1300 2247 1355 corpus:
2277 1287 2370 1342 sed
2427 1287 2591 1342 alium
2639 1305 2760 1345 esse
2809 1290 3123 1360 Christum,
3163 1307 3218 1351 et
3262 1299 3428 1354 alium
3498 1304 3590 1358 Dei

2007 1372 2243 1429 Verbum
2290 1377 2430 1446 quod
2482 1388 2608 1432 ante
2645 1379 2866 1435 Mariam
2935 1395 2987 1438 et
3015 1396 3141 1440 ante
3176 1390 3370 1444 saecula
3420 1391 3589 1450 Filius

2005 1475 2122 1520 erat
2156 1465 2329 1521 Patris
2358 1467 2487 1523 ivel
2518 1472 2787 1538 quomodo
2832 1470 3128 1531 Christiani
3164 1493 3283 1535 esse
3337 1494 3586 1551 possunt.

2006 1555 2248 1611 dicentes
2283 1557 2446 1611 alium
2469 1573 2588 1614 esse
2613 1560 2807 1616 Filium
2831 1601 2846 1627 ,
2881 1572 2936 1618 et
2961 1565 3124 1619 alium
3162 1568 3254 1624 Dei
3307 1571 3588 1629 Verbum?

2076 1645 2186 1701 Has
2219 1663 2320 1704 nos
2351 1659 2661 1705 sanctorum
2689 1651 2911 1708 Patrum
2945 1671 3239 1726 sequemur
3266 1667 3582 1724 sententias.

322 1751 524 1818 δόξαις.
560 1717 635 1804 Εὶ⁷
765 1717 850 1815 τίς
898 1717 1402 1822 ἑτεροδιδασκαλεῖ,
1441 1717 1534 1803 καλ
1590 1717 1889 1824 ἐτερόςρρωι

2010 1737 2065 1793 Si
2097 1747 2276 1794 autem
2337 1743 2460 1809 quis
2489 1742 2764 1798 diversum
2806 1746 2998 1812 docet,
3033 1759 3087 1804 et
3111 1750 3383 1806 diversum
3418 1758 3580 1824 sapit,

323 1843 491 1908 ἐστὶν,
532 1842 637 1908 ἔξω
663 1845 761 1914 τῆς
797 1846 878 1908 είς
916 1845 1067 1908 εὐθὺ,
1105 1844 1200 1898 καὶ
1235 1843 1520 1914 βασιλικῆς
1543 1843 1769 1913 φέρεται
1793 1843 1904 1914 τρί-

321 1935 436 1989 6ου.
471 1936 593 1988 Ὀτι
632 1935 690 1989 δὲ
719 1937 816 1989 καὶ
851 1936 912 1988 τὸ
945 1934 1222 2005 σαρκικῶς
1265 1933 1520 2002 λέγεσθαι
1572 1933 1901 2004 γεννηθῆναι

317 2027 580 2098 Χριστὸν,
639 2027 739 2080 οὐκ
769 2025 1041 2095 ἀσύνηθες
1073 2027 1186 2088 τοῖς
1217 2024 1391 2092 ἁγίοις
1448 2025 1748 2094 Πατράσιν,
1785 2024 1900 2076 ἔστι

318 2116 376 2169 δὲ
408 2116 474 2188 δὴ
506 2116 707 2186 μᾶλλον
752 2117 847 2169 καὶ
896 2117 1106 2186 ἑτέροις
1163 2113 1416 2185 ἐντριϐὴς
1461 2114 1494 2182 ἡ
1531 2113 1697 2178 λέξις,
1748 2115 1898 2168 οὐδὲν

316 2200 483 2278 ἦττον
515 2207 644 2276 ἡμῖν
687 2205 888 2276 ἀληθὲς
933 2205 1178 2276 ὑπάρχον
1224 2201 1511 2274 ἀποφαίνει
1542 2203 1602 2255 τὸ
1637 2205 1896 2257 ὑποτετα-

315 2297 518 2368 γμένον
549 2297 716 2367 ρητόν
735 2313 749 2328 ’
783 2295 895 2366 ἔχει
917 2296 974 2348 δὲ
1001 2297 1194 2360 οὕτως·

577 2409 955 2478 Ἀμφιλοχίου
993 2408 1334 2464 ἐπισκόπου
1373 2411 1642 2464 Ἰκονίου.

384 2495 450 2546 El.
486 2495 562 2564 μὴ
591 2497 701 2566 γὰρ
737 2497 944 2559 ἐκεῖνος
977 2497 1240 2569 ἐγεννήθη
1272 2499 1572 2568 σαρκικῶς,
1600 2498 1700 2550 ούκ
1732 2495 1797 2551 ἂν
1829 2496 1892 2550 σὺ

315 2586 616 2656 ἐγεννήθης
643 2589 1028 2657 πνευματικῶς
1052 2607 1064 2620 ·
1095 2592 1146 2642 εί
1176 2591 1253 2661 μὴ
1281 2592 1485 2654 ἐκεῖνος
1513 2591 1769 2660 ἠνέσχετο
1795 2589 1894 2659 τῆς

316 2675 414 2727 τοῦ
444 2676 631 2728 δούλου
676 2679 910 2747 μορφῆς,
949 2680 1049 2732 ούκ
1078 2680 1144 2733 ἂν
1176 2682 1240 2733 σὺ
1269 2681 1365 2750 τὴν
1397 2681 1553 2744 δόξαν
1583 2681 1680 2750 τῆς
1717 2679 1890 2732 υἱοθεο

322 2767 446 2829 σίας
474 2766 794 2837 ἐκέρδανας.
844 2769 1008 2840 Δηλοῖ
1045 2770 1101 2824 δὲ
1149 2770 1426 2825 κάνταῦθα
1463 2772 1544 2837 τὸ,
1591 2769 1887 2841 σαρκικῶς,

317 2856 400 2921 τὸ,
433 2858 575 2912 κατά
626 2861 839 2930 σάρκαο
885 2861 1137 2936 καθάπερ
1183 2863 1374 2935 ἀμέλει
1434 2863 1496 2916 τὸ
1560 2863 1774 2926 θεῖκῶς,
1807 2863 1884 2929 τὸ,

315 2947 462 3001 κατὰ
484 2948 739 3019 θεότητα.

741 3065 1327 3122 ΑΝΑΘΕΜΑΤΙΣΜΟΣ
1363 3068 1412 3120 Γ
1422 3109 1435 3122 .

376 3176 447 3232 Et
479 3196 563 3244 τις
595 3179 687 3233 ἐπὶ
713 3179 810 3233 τοῦ
851 3180 971 3244 ἑνὸς
1008 3181 1246 3251 Χριστοῦ
1286 3181 1486 3254 διαιρεῖ
1523 3182 1621 3246 τὰς
1646 3183 1885 3238 ὑποστά-

309 3282 420 3331 σεις
448 3269 588 3338 μετὰ
645 3269 744 3340 τὴν
772 3268 984 3334 ἕνωσιν,
1043 3270 1181 3340 μόνῃ
1218 3270 1505 3325 συνάπτων
1555 3272 1726 3336 αὐτάς
1762 3289 1888 3325 συν-

307 3359 470 3429 αφείᾳ
497 3364 564 3431 τῇ
600 3363 741 3414 κατὰ
770 3360 868 3432 τὴν
892 3361 1049 3427 ἀξίαν
1077 3401 1092 3425 ,
1125 3361 1292 3430 ἤγουν
1323 3362 1632 3427 αύθεντίαν,
1661 3364 1694 3435 ἢ
1729 3363 1888 3418 δυνα-

308 3451 490 3504 στείαν
515 3492 529 3516 ,
567 3453 661 3504 καὶ
694 3452 816 3522 οὐχὶ
846 3451 910 3522 δὴ
960 3450 1162 3521 μᾶλλον
1194 3452 1397 3524 συνόδῳ
1425 3456 1492 3526 τῇ
1532 3454 1653 3508 καθ’
1693 3454 1886 3509 ἕνωσιν

307 3541 544 3610 φυσικήν
566 3558 580 3572 °
607 3541 856 3612 ἀνάθεμα
887 3540 1045 3598 ἔστω.

620 3653 1002 3722 Ἀντὶρῤησις
1028 3651 1146 3707 τῶν
1178 3653 1585 3711 Ἀνατολικῶν.

376 3744 546 3797 Πάλιν
581 3745 744 3797 αὑτὸν
764 3744 871 3797 τῶν
903 3745 1068 3798 αὐτοῦ
1100 3747 1486 3817 ὑπομνήσομεν
1510 3757 1537 3796 ιι
1563 3747 1759 3815 λόγων,
1784 3749 1885 3803 δει-

304 3834 526 3898 κνύντες
553 3835 716 3888 αὑτὸν
753 3835 846 3888 δύο
876 3837 1202 3901 ὑποστάσεις
1230 3837 1476 3906 λέγοντα,
1513 3840 1571 3891 ἐν
1607 3832 1689 3900 οἷς
1721 3855 1883 3910 φησιν

305 3931 360 3985 ἐν
382 3928 458 4000 τῷ
483 3931 682 4000 πρώτῳ
707 3930 880 4000 τόμῳ·
915 3929 1120 3984 Οὐκοῦν
1146 3931 1268 3983 ὅσον
1293 3931 1370 3993 είς
1413 3930 1548 3982 ἰδίαν
1573 3929 1755 3998 φύσιν,
1784 3932 1881 4002 ούχ

303 4022 563 4093 ἡγίασται
595 4021 754 4091 μόνος
786 4021 814 4073 ὁ
856 4023 920 4074 ἐκ
971 4021 1106 4074 Θεοῦ
1141 4023 1358 4092 Πατρὸς
1399 4021 1571 4088 Λόγος
1595 4037 1606 4048 “
1649 4024 1695 4075 εί
1729 4022 1786 4074 δὲ
1813 4023 1876 4094 δή

301 4127 380 4175 τις
411 4112 576 4164 οἴοιτο
604 4112 695 4164 τὸν
738 4113 804 4165 ἐκ
834 4112 932 4182 τῆς
978 4111 1141 4181 άγίας
1187 4112 1461 4182 Παρθένου
1485 4113 1878 4184 γεγεννημένον

301 4202 588 4271 κεχρῖσθαί
641 4218 700 4253 τε
763 4201 856 4254 καὶ
906 4201 1163 4270 ἡγιάσθαι
1245 4201 1423 4272 μόνον,
1481 4202 1733 4275 ταύτῃτοι.
1783 4205 1878 4257 καὶ

299 4290 615 4361 ὠνομάσθαι
666 4292 798 4346 Θεόν
823 4303 844 4330 ι’
877 4309 890 4322 ·
925 4292 1046 4355 πῶς
1088 4287 1180 4346 οῦν
1203 4292 1278 4354 ὡς
1332 4292 1718 4364 ἐπιλαθόμενος
1767 4295 1875 4349 τῶν

2005 1837 2157 1884 extra
2185 1839 2456 1886 reclamet
2482 1834 2682 1904 regiam
2719 1836 2858 1890 viam
2885 1839 3080 1894 fertur.
3138 1841 3290 1908 Quod
3326 1853 3503 1900 autem
3528 1858 3584 1903 et

2005 1921 2298 1977 carnaliter
2325 1923 2428 1978 dici
2459 1935 2642 1978 natum
2689 1941 2812 1982 esse
2843 1928 3142 1999 Christum,
3167 1948 3272 1988 non
3305 1935 3578 1994 insolitum

2006 2011 2080 2065 sit
2121 2014 2326 2068 sanctis
2372 2013 2661 2084 Patribus,
2693 2019 2804 2074 imo
2846 2036 2974 2076 vero
3007 2025 3170 2078 etiam
3210 2025 3334 2082 aliis
3389 2029 3579 2084 tritum

2003 2104 2260 2168 verbum,
2307 2121 2411 2161 non
2449 2109 2627 2164 minus
2670 2127 2859 2166 verum
2911 2115 3066 2172 nobis
3112 2131 3237 2174 esse
3293 2120 3580 2192 subjnncta

2002 2194 2164 2250 verba
2206 2196 2597 2254 demonstrant.
2640 2201 2712 2257 Ea
2742 2203 2820 2258 sic
2844 2204 3074 2261 habent:

2367 2399 2719 2470 Amphilochii
2753 2383 2986 2474 episcopi
3027 2404 3218 2463 lcam’i.

2066 2485 2181 2542 Nisi
2213 2488 2356 2542 enim
2390 2489 2475 2545 ille
2531 2501 2692 2548 natus
2729 2505 2874 2548 esset
2916 2497 3242 2564 carnaliter,
3293 2515 3464 2570 neque
3517 2512 3572 2556 tu

1996 2587 2152 2634 natus
2187 2594 2336 2635 esses
2370 2581 2684 2651 spiritaliter
2717 2600 2730 2636 :
2769 2585 2870 2640 nisi
2901 2585 2988 2641 ille
3016 2589 3227 2644 tulisset
3267 2594 3409 2646 servi
3457 2594 3572 2646 lur-

1993 2686 2166 2737 mam,
2201 2687 2377 2742 neque
2418 2683 2470 2727 tu
2512 2675 2737 2743 gloriam
2773 2677 3078 2747 ad0pti0uis
3118 2681 3346 2737 ﬁliorum
3385 2698 3575 2742 nactus

1990 2774 2165 2815 esses.
2232 2761 2515 2832 Signiﬁcat
2575 2774 2754 2820 autem
2807 2777 2859 2822 et
2913 2769 3014 2824 hoc
3069 2771 3189 2826 loco
3242 2777 3569 2842 carnaliter,

1991 2851 2132 2907 idem
2166 2853 2306 2921 quod
2337 2855 2633 2908 secundum
2665 2871 2905 2926 carnem,
2933 2861 3076 2915 sicut
3106 2861 3318 2919 scilicet
3367 2867 3570 2937 divine,

1989 2943 2293 2998 secundum
2326 2944 2688 3002 divinitatem.

2403 3055 3041 3120 ANATIIEMATISMUS
3079 3063 3171 3120 Ill.

2062 3164 2120 3220 Si
2156 3166 2278 3235 quis
2307 3167 2360 3221 in
2403 3183 2508 3223 uno
2542 3169 2760 3226 Christo
2788 3182 2911 3242 post
2955 3159 3214 3232 unionem
3243 3179 3430 3235 dividit
3471 3182 3572 3252 by-

1989 3265 2268 3324 postases,
2321 3259 2576 3330 ipsasque
2617 3271 2828 3318 tantum
2878 3267 3264 3337 conjunctione
3317 3272 3457 3327 inter
3509 3289 3568 3328 se

1990 3349 2284 3414 connectit,
2319 3365 2439 3418 quae
2471 3355 2768 3409 secundum
2802 3357 3142 3426 dignitatem,
3175 3359 3289 3416 sive
3327 3366 3569 3419 auctori-

1991 3446 2178 3505 tatem,
2212 3439 2294 3493 vel
2329 3451 2676 3509 potestatem,
2703 3454 2756 3500 et
2793 3462 2895 3500 non
2928 3451 3106 3517 potius
3145 3467 3438 3521 concursu,
3475 3459 3568 3526 qui

1987 3537 2073 3583 est
2105 3531 2401 3586 secundum
2433 3533 2737 3589 naturalem
2769 3537 3052 3593 unionem:
3082 3545 3370 3600 anathema
3400 3546 3493 3604 sit.

2362 3643 2522 3716 164
2565 3643 2917 3701 Orientalium
2961 3651 3203 3720 objertio.

2055 3733 2254 3789 lterum
2276 3735 2423 3790 illum
2449 3753 2667 3792 suorum
2687 3743 3237 3802 commonefaciemus
3252 3748 3561 3815 verbormn,

1985 3828 2333 3883 ostendentes
2379 3829 2554 3897 ipsum
2581 3831 2717 3885 duas
2743 3832 3122 3892 snbsistentias
3157 3839 3377 3895 dixisse.
3423 3842 3564 3899 Dicit

1983 3918 2126 3971 enim
2155 3919 2207 3972 in
2231 3919 2404 3987 primo
2435 3931 2580 3974 tomo
2618 3939 2630 3974 :
2671 3921 2852 3989 Itaque
2879 3937 3139 3991 quantmu
3165 3930 3231 3982 ad
3273 3945 3424 3983 suam
3462 3949 3559 3985 na-

1986 4015 2184 4070 turam,
2215 4023 2320 4060 non
2355 4009 2758 4064 sanctiﬁcatum
2790 4021 2874 4066 est
2895 4015 3068 4068 solum
3098 4015 3189 4070 Dei
3222 4017 3400 4073 Patris
3429 4022 3561 4074 Ver-

1982 4097 2130 4152 bum.
2161 4096 2216 4151 Si
2248 4105 2427 4152 autem
2460 4101 2582 4168 quis
2618 4103 2911 4171 putaverit,
2957 4120 3103 4171 eum,
3137 4109 3226 4176 qui
3262 4123 3327 4163 ex
3371 4123 3555 4167 sancta

1981 4186 2202 4257 Virgine
2249 4190 2461 4258 genitus
2505 4200 2610 4257 est,
2645 4200 2864 4247 unctum
2901 4210 3020 4251 esse
3064 4206 3117 4251 et
3163 4199 3557 4257 sanctiﬁcatum

1980 4277 2172 4344 solum,
2193 4279 2293 4334 hac
2315 4281 2522 4336 ratione
2545 4284 2707 4338 etiam
2737 4287 3070 4342 nominatum
3087 4288 3380 4349 Christum.
3415 4293 3558 4360 Quo-

299 4383 517 4450 ἐαυτοῦ,
540 4387 619 4448 εἰς
649 4384 779 4454 μίαν
809 4384 1105 4438 ὑπόστασιν
1131 4385 1348 4454 συνάγει
1375 4386 1615 4455 συγχέων
1641 4387 1737 4449 τὰς
1769 4387 1870 4456 φύ-

1999 4371 2139 4426 nodo
2187 4372 2372 4442 igitur,
2421 4377 2576 4444 quasi
2611 4379 2814 4434 oblitus
2861 4394 3082 4435 suorum
3137 4385 3440 4452 verborum,
3487 4389 3554 4442 ad

299 4493 436 4540 σεις,
469 4476 706 4546 φυσικὴν
738 4475 837 4546 τὴν
872 4476 1022 4529 θείαν
1050 4477 1242 4530 ἕνωσιν
1280 4477 1600 4540 ἁποκαλῶν;
1649 4479 1759 4530 Καὶ
1787 4478 1872 4542 τίς

296 4584 425 4619 ποτε
460 4567 820 4639 παραδέξεται
853 4569 1088 4638 φυσικὴν
1117 4568 1213 4638 τὴν
1248 4567 1397 4621 θείαν
1419 4569 1612 4622 ἕνωσιν
1640 4569 1733 4622 τοῦ
1771 4588 1872 4640 μυ-

295 4659 520 4729 στηρίου
561 4660 660 4730 τῆς
705 4660 1055 4729 οἰκονομίας;
1088 4660 1152 4711 Εἰ
1197 4658 1307 4730 γὰρ
1345 4661 1547 4730 φυσικὴ
1589 4663 1622 4730 η
1655 4660 1865 4727 ἓνωσις,

294 4750 395 4802 ποῦ
423 4753 456 4820 ἡ
500 4751 691 4821 χάριςς
721 4750 826 4804 ποῦ
861 4752 922 4805 τὸ
976 4751 1118 4804 θεῖον
1157 4752 1486 4822 μυστήριον;
1514 4753 1580 4804 Αἱ
1620 4754 1727 4823 γάρ
1761 4753 1866 4822 φύ-

293 4858 428 4906 σεις,
461 4843 537 4905 ὡς
567 4842 947 4912 δεδιδάγμεθα,
976 4841 1122 4908 ἅπαξ
1150 4842 1298 4912 παρὰ
1336 4842 1428 4895 τοῦ
1445 4843 1702 4908 τάξαντος
1730 4844 1865 4897 Θεοῦ

289 4935 572 4998 παγεῖσαι,
609 4933 855 5003 ἀνάγκης
902 4932 1196 5003 ἀκολουθίᾳ
1219 4941 1241 4968 ⁵
1282 4932 1654 4986 δουλεύουσιν·
1704 4935 1736 5004 ἢ
1770 4937 1866 4988 καὶ

289 5021 442 5077 ἔσται
478 5023 640 5078 πάλιν
673 5024 815 5077 κατὰ
848 5023 1239 5093 ἀνακύκλησιν,
1274 5025 1366 5077 καὶ
1405 5025 1616 5093 φύσεως
1642 5026 1863 5078 ἀκολου-

289 5111 408 5166 θίαν
442 5115 504 5166 τὺ
532 5115 630 5184 τῆς
670 5115 982 5184 οἰκονομίας
1024 5117 1211 5188 χρῆμα
1250 5115 1389 5168 κατὰ
1417 5115 1508 5168 τὸν
1537 5115 1718 5186 λῆρον,
1767 5117 1861 5169 καὶ

290 5203 506 5274 μυθώδη
553 5204 652 5274 τῆς
693 5205 1182 5275 χιλιονταετηρίδος
1209 5203 1305 5256 τοῦ
1339 5202 1654 5272 δυσωνύμου
1698 5204 1857 5259 Ἀπο-

286 5291 530 5368 λιναρίου
559 5295 806 5366 δόγματα
823 5313 838 5361 ὂ

1980 4480 2141 4518 unam
2186 4466 2498 4536 hypostasiu
2546 4470 2710 4538 cogit,
2745 4481 2964 4527 naturas
2995 4473 3352 4540 contundens,
3397 4490 3556 4532 natu-

1973 4558 2142 4614 ralem
2177 4561 2413 4615 divinam
2465 4564 2761 4618 unitionem
2808 4567 3135 4621 nominans?
3176 4568 3240 4622 Et
3290 4569 3410 4638 quis
3455 4589 3554 4628 un-

1973 4665 2133 4719 quam
2171 4652 2420 4706 admittet
2451 4655 2752 4708 naturalem
2780 4656 3015 4708 divinam
3051 4659 3348 4714 unitionem
3385 4660 3435 4715 iu
3466 4679 3553 4718 sa-

1973 4753 2252 4796 cramento
2281 4745 2742 4810 dispensationis?
2787 4746 2843 4800 Si
2880 4748 3024 4802 enim
3067 4750 3328 4806 naturalis
3357 4753 3547 4819 unitio,

1975 4833 2062 4886 ubi
2120 4833 2331 4901 gratia?
2396 4833 2485 4888 ubi
2538 4834 2777 4890 divinum
2830 4844 3272 4897 sacramentum?
3333 4841 3549 4901 Natura

1972 4924 2138 4988 enim,
2178 4933 2234 4977 ut
2261 4925 2439 4978 edocti
2474 4939 2680 4990 smnus,
2706 4927 2872 4982 semel
2902 4928 2970 4983 ab
2992 4932 3280 4988 ordinante
3314 4934 3423 4989 Deo
3453 4952 3547 4988 or-

1972 5015 2204 5078 dinatae,
2271 5017 2593 5071 necessariis
2642 5022 3042 5089 consequentiis
3089 5024 3357 5079 serviunt.
3407 5024 3545 5080 Num

1970 5106 2131 5159 etiam
2169 5107 2364 5160 iterum
2393 5107 2499 5162 erit
2531 5112 2824 5165 secundum
2853 5113 3240 5167 revolutionem
3264 5124 3318 5168 et
3339 5125 3545 5172 natura:

1967 5199 2409 5267 consequentiam
2463 5200 2884 5269 dispensationis
2944 5219 3077 5272 Opus
3134 5204 3284 5272 juxta
3344 5207 3542 5260 delira-

1967 5296 2171 5356 menta,
2207 5289 2558 5359 l‘abulosaque
2598 5292 2743 5347 mille
2775 5309 3038 5349 annorum
3081 5295 3304 5352 infausti
3333 5295 3543 5368 Apolli-

1969 5381 2104 5435 narii
2137 5379 2424 5450 dogmata?

1332 5515 1506 5570 Variae
1525 5517 1783 5571 lectiones
1816 5529 1877 5572 ex
1905 5517 2093 5572 codice
2119 5516 2492 5583 Seguieriano.

353 5677 377 5720 ιι
410 5670 835 5741 ὑπομνήσωμεν.
919 5680 938 5708 τ
971 5669 1224 5741 Χριστόν.
1306 5680 1326 5709 ³
1361 5671 1629 5738 ταγεῖσαι,
1664 5669 1927 5737 ἀνάγκαις
1960 5671 2304 5741 ἀκολουθίας,
2332 5672 2369 5740 ἢ
2403 5671 2571 5735 ἴσως,
2617 5670 2951 5743 ἀναγκαίαις
2975 5679 3334 5741 ἀκολουθίαις.

3517 5709 3581 5728 ω

3585 5610 3596 5660 ι
