4014 6128
392 338 498 395 39.7

385 448 390 456 ’
473 417 478 422 1
943 444 1132 516 Cyrilli
1172 445 1424 514 defensio.

470 558 695 616 Divinus
729 556 948 623 Paulus,
972 557 1240 626 quomodo
1269 557 1467 610 factum
1496 556 1567 611 sit
1594 557 1754 610 homo
1789 557 1974 626 unige-

395 655 570 709 nitum
606 651 698 706 Dei
738 649 994 713 Verbum,
1019 659 1075 701 ιιι
1103 648 1273 702 ﬁdelis
1295 648 1636 716 dispensator
1670 663 1976 703 sacramen-

397 754 572 798 torum
602 741 691 795 Dei
716 741 857 804 ",et
885 740 1054 808 ipsum
1079 737 1282 791 habens
1313 738 1364 790 in
1397 752 1456 792 se
1481 737 1787 804 loquentem
1815 737 1973 792 Chri-

393 845 536 889 stum
564 832 630 898 ⁸⁸,
666 830 951 885 manifeste
981 829 1233 883 omnibus
1260 829 1557 884 ostendens
1591 849 1604 884 :
1638 849 1656 880 ι
1685 829 1801 884 Non
1829 830 1974 884 enim

395 925 613 994 angelos
643 920 1020 991 apprehendit,
1043 920 1243 989 inquit,
1273 921 1366 974 sed
1399 935 1582 975 semen
1617 920 1849 976 Abrahae
1879 937 1973 990 ap-

393 1014 763 1083 prehendit".
794 1032 813 1066 ›
839 1011 993 1068 Unde
1009 1013 1267 1081 oportuit,
1291 1027 1416 1067 eum
1451 1027 1546 1082 per
1579 1013 1760 1067 omnia
1788 1013 1974 1067 fratri-

392 1109 491 1161 bus
521 1104 750 1161 similem
784 1103 932 1170 ﬁeri,
963 1111 1020 1156 ut
1053 1088 1364 1157 misericors
1384 1111 1438 1157 et
1471 1102 1640 1157 ﬁdelis
1659 1103 1810 1158 ﬁeret
1844 1118 1976 1172 pon-

393 1197 523 1251 tifex
556 1196 608 1250 in
642 1195 748 1259 his,
784 1208 904 1263 qua:
933 1194 1001 1247 ad
1034 1193 1203 1248 Deum
1236 1192 1302 1246 ⁸⁸.
1340 1191 1450 1246 Nos
1475 1207 1605 1246 vero
1637 1201 1693 1244 ut
1729 1191 1972 1246 rectissi-

393 1305 480 1346 me
528 1288 799 1358 prolatum
832 1287 933 1340 hoc
967 1283 1186 1338 dictum'
1217 1293 1401 1338 ttOStra
1455 1284 1724 1337 sententia
1775 1283 1970 1351 proba-

394 1393 533 1443 mus,
563 1381 852 1444 sequentes
883 1372 1084 1440 ubique
1119 1371 1380 1425 divinitus
1407 1371 1698 1440 inspiratus
1721 1370 1973 1440 Scriptu-

270 1449 280 1454 ’
393 1486 502 1533 ras,
540 1477 594 1522 et
635 1466 790 1520 valde
831 1464 1166 1519 admirantes
1214 1461 1588 1532 theOIOgorum
1639 1475 1820 1525 voces,
1867 1460 1973 1513 imo

391 1575 484 1613 eas
521 1575 616 1626 pro
657 1555 877 1611 divinis.
906 1554 1112 1624 legibus
1151 1551 1435 1618 habentes,
1474 1551 1706 1606 dicimus
1739 1549 1831 1604 Dei
1867 1549 1970 1603 Pa-

393 1649 490 1701 tris
521 1647 754 1700 Verbum
802 1658 910 1697 non
961 1641 1389 1712 apprehendisse
1433 1653 1610 1709 neque
1660 1649 1970 1694 sanctorum

394 1740 731 1808 angelorum,
765 1751 940 1806 neque
963 1751 1115 1791 suam
1146 1744 1394 1789 naturam
1428 1751 1442 1787 :
1469 1733 1743 1788 credimus
1768 1741 1968 1798 autem,

391 1831 688 1886 secundum
713 1829 856 1899 quod
881 1828 1054 1883 sacris
1084 1825 1308 1880 Litteris
1343 1825 1578 1889 videtur,
1608 1824 1751 1894 quod
1779 1824 1971 1878 obum-

392 1915 557 1979 brans
590 1933 790 1977 sanctae
821 1921 1058 1990 Virgini,
1102 1928 1286 1989 utpote
1319 1917 1490 1972 virtus
1516 1917 1783 1972 exsistens
1816 1917 1970 1970 altis-

391 2013 515 2067 simi
553 2011 748 2077 Patris,
784 2009 1040 2064 formavit
1075 2007 1178 2063 sibi
1215 2021 1412 2074 corpus
1444 2021 1510 2060 ex
1547 2004 1658 2072 illa,
1699 1991 1969 2059 verumta-

392 2119 512 2156 men
541 2119 635 2171 per
665 2102 1037 2170 operationem
1066 2099 1239 2155 sancti
1272 2097 1538 2168 Spiritus;
1574 2107 1626 2152 et
1653 2095 1850 2152 factum
1886 2107 1970 2153 cst

391 2197 570 2262 homo,
607 2193 1041 2264 appellatumque
1083 2198 1167 2245 est
1203 2189 1343 2245 ﬁlius
1372 2189 1602 2244 Abrahre
1636 2198 1690 2244 et
1719 2190 1966 2255 Davidis;

390 2303 492 2340 non
533 2287 787 2340 amittens
827 2293 1046 2353 propter
1076 2281 1493 2348 humanitatem,
1519 2281 1662 2351 quod
1703 2280 1774 2336 sit
1803 2281 1968 2334 Filius

390 2379 480 2430 Dei
510 2386 564 2431 et
602 2375 778 2429 Patris
820 2373 1117 2429 secundum
1164 2373 1484 2436 veritatem;
1533 2387 1757 2426 manens
1787 2383 1966 2428 autem

389 2469 592 2537 potius,
625 2467 873 2536 quamvis
901 2463 1104 2519 factum
1137 2463 1208 2516 sit
1238 2477 1388 2525 caro,
1427 2461 1583 2532 165
1617 2461 1670 2515 in
1700 2473 1890 2517 natura
1915 2471 1969 2518 et

388 2556 678 2611 eminentia
697 2563 750 2607 et
772 2552 942 2622 gloria
961 2551 1198 2606 deitatis.
1233 2548 1588 2604 lmmutabilis
1615 2549 1767 2628 enim
1791 2559 1892 2615 est,
1915 2558 1968 2604 et

387 2647 738 2702 conversione
755 2641 1046 2712 potentior,
1063 2650 1121 2695 ut
1139 2639 1300 2695 Deus.
1317 2639 1411 2695 Est
1425 2640 1586 2710 igitur
1603 2656 1740 2696 unus
1757 2651 1810 2694 et
1823 2640 1966 2695 idem

386 2747 438 2790 et
463 2733 628 2789 Filius
651 2741 704 2787 et
729 2731 986 2786 Dominus
1014 2738 1066 2784 et
1108 2739 1235 2784 ante
1271 2738 1325 2785 et
1362 2740 1483 2799 post
1515 2731 1962 2786 incarnationem.

389 2827 636 2882 Dividere
659 2833 838 2880 autem
869 2837 1033 2876 unum
1069 2821 1123 2876 in
1151 2821 1286 2877 duos
1314 2820 1472 2890 ﬁlios,
1501 2830 1556 2877 et
1582 2822 1792 2880 solvere
1825 2837 1966 2878 verae

385 2917 644 2974 unitionis
688 2930 848 2987 opus,
881 2914 1263 2982 distinguendo
1304 2929 1571 2980 seorsum,
1619 2923 1674 2971 et
1719 2917 1964 2986 ponendo

385 3010 636 3082 privatim
657 3008 953 3070 hominem,
971 3015 1026 3060 et
1053 3004 1307 3075 privatim
1333 3005 1521 3072 Deum,
1546 3005 1752 3062 crimen
1800 3016 1883 3060 est
1908 3005 1962 3060 in

1385 332 1444 387 S.
1485 329 1760 386 ργιιιιιι
1799 328 2269 387 ALEXANDRINI
2306 329 2623 389 ARClllEP.

2009 451 2054 505 Α

3549 331 3653 390 ὄίὂ

2548 446 2857 516 Ἀπολογία
2884 445 3205 514 Κιορίλλου.

2159 559 2214 612 '0
2245 557 2528 622 θεσπέσιος
2575 557 2785 621 Παῦλος
2812 560 2896 621 τό,
2940 558 3061 612 τίνα
3093 559 3155 630 δὴ
3193 557 3397 628 τρόπον
3431 560 3655 629 γέγονεν

2076 648 2361 720 ἄνθρωπος
2414 651 2442 701 ὁ
2494 647 2930 719 μονογενὴςητοῦ
2987 648 3121 700 Θεοῦ
3168 649 3372 717 Λόγος,
3427 651 3656 722 ἐναργὲς

2075 738 2246 792 ἆπασι
2275 739 2555 803 καθιστὰς,
2594 739 2670 802 ὡς
2702 737 2983 807 οἰκονόμος
3016 740 3334 810 μυστηρίων
3365 739 3524 805 Θεοῦ,
3560 743 3657 794 καὶ

2075 830 2234 882 αὑτὸν
2283 830 2419 898 ἔχων
2454 817 2511 883 ἐν
2569 829 2746 898 ἐαυτῷ
2780 828 3044 884 λαλοῦντα
3075 831 3343 901 Χριστόν·
3381 850 3399 880 ο
3427 833 3501 885 Οὑ
3545 835 3657 902 γὰρ

2073 919 2137 988 δή
2177 935 2275 970 που
2307 918 2552 986 ἀγγέλων
2602 918 3052 988 ἐπιλαμϐάνεται,
3094 921 3280 988 φησὶν,
3307 920 3453 986 ἀλλὰ,
3482 921 3654 992 σπέρ-

2078 1026 2247 1079 ματος
2280 1009 2530 1080 Ἀϐραὰμ
2569 1009 3032 1079 ἐπιλαμϐάνεται’
3076 1029 3094 1061 ι
3138 1011 3258 1063 ὅθεν
3285 1009 3481 1080 ὤφειλε
3511 1015 3652 1070 κατὰ

2074 1102 2250 1156 πάντα
2284 1104 2393 1164 τοῖς
2423 1102 2669 1171 ἀδελφοῖς
2696 1102 3056 1173 ὁμοιωθῆναι,
3089 1103 3175 1156 ἵνα
3205 1105 3455 1176 ἐλεήμων
3486 1107 3647 1176 γένη-

2073 1210 2180 1256 ται,
2200 1193 2293 1245 καὶ
2320 1192 2509 1256 πιστὸς
2541 1193 2829 1264 ἀρχιερεὺς
2857 1195 2925 1248 τὰ
2960 1193 3095 1264 πρὸς
3110 1195 3200 1248 τὸν
3222 1196 3372 1250 θεόν.
3392 1197 3578 1268 Ἡμεῖς
3591 1200 3649 1252 δὲ

2072 1285 2192 1344 ταῖς
2231 1285 2308 1345 εἰς
2345 1283 2613 1354 ὀρθότητα
2660 1282 2859 1353 ψήφοις
2914 1285 3302 1354 στεφανοῦντες
3333 1287 3393 1339 τὸ
3424 1291 3648 1359 εἰρημέ-

2071 1388 2181 1436 νον,
2205 1373 2462 1442 ἐπόμενοί
2491 1391 2549 1426 τε
2573 1375 2819 1444 πανταχῆ
2841 1378 2958 1437 ταῖς
2981 1374 3356 1440 θεοπνεύστοις
3383 1378 3646 1449 Γραφαίς,

2072 1465 2164 1517 καὶ
2196 1465 2295 1528 τὰς
2342 1463 2448 1517 τῶν
2483 1463 2760 1537 θεηγόρων
2794 1467 2979 1535 φωνὰς
3013 1467 3106 1520 τοῦ
3143 1469 3345 1533 παντὸς
3373 1471 3648 1538 ἀξιοῦντες

2073 1555 2368 1626 θαύματος,
2403 1556 2600 1627 μᾶλλον
2638 1557 2695 1610 δέ
2742 1558 2836 1610 καὶ
2887 1559 3064 1622 θείους
3105 1560 3395 1630 ἡγούμενοι
3429 1564 3642 1633 νόμους,

2071 1649 2132 1700 οὐ
2164 1647 2264 1717 τῆς
2307 1647 2418 1700 τῶν
2470 1647 2642 1717 ἁγίων
2696 1649 2964 1718 ἀγγέλων,
2994 1650 3116 1704 οὔτε
3159 1653 3265 1722 μὴν
3305 1656 3404 1724 τῆς
3448 1655 3643 1709 ἐαυτοῦ

2073 1736 2283 1805 φύσεως
2320 1739 2671 1792 ἐπιλαϐέσθαι
2707 1742 2886 1810 φαμὲν
2918 1742 3010 1795 τὸν
3043 1745 3107 1795 ἐκ
3137 1743 3271 1796 Θεοῦ
3302 1746 3519 1814 Πατρὸς
3546 1748 3646 1800 Λό-

2072 1846 2200 1897 γον·
2250 1830 2694 1902 πεπιστεύκαμεν
2753 1832 2831 1896 δέ,
2887 1833 2969 1886 ὅτι
3017 1833 3156 1887 κατὰ
3208 1833 3268 1887 τὸ
3312 1839 3422 1898 τοῖς
3480 1838 3645 1908 ἱεροῖς

2071 1923 2365 1994 Γράμμασι
2394 1922 2604 1986 δοκοῦν,
2633 1925 2960 1988 ἐπισκιάσας
2983 1929 3049 1997 τῇ
3083 1927 3215 1997 ἁγίᾳ
3245 1926 3522 1998 Παρθένῳ,
3547 1930 3643 1982 ἁτε

2068 2015 2132 2087 δὴ
2175 2016 2265 2069 καὶ
2318 2015 2547 2086 δύναμις
2590 2013 2666 2070 ὢν
2699 2015 2794 2069 τοῦ
2851 2017 3074 2086 ὑψίστου
3130 2019 3361 2089 Πατρὸς,
3408 2019 3646 2074 ἔπλασεν

2071 2106 2249 2178 ἐαυτῷ
2282 2106 2343 2159 τὸ
2382 2106 2542 2177 σῶμα
2569 2107 2630 2160 τὸ
2665 2106 2722 2171 ἐξ
2754 2108 2944 2177 αὑτῆς,
2982 2109 3120 2180 πλὴν
3149 2109 3214 2162 δι’
3243 2110 3518 2180 ἐνεργείας
3547 2111 3642 2164 τοῦ

2071 2198 2228 2267 ἁγίου
2267 2197 2583 2266 Πνεύματος
2607 2215 2620 2228 ·
2663 2199 2756 2251 καὶ
2791 2198 3013 2267 γέγονεν
3028 2199 3334 2272 ἄνθρωπος,
3362 2203 3646 2272 κεχρημά-

2069 2291 2187 2344 τικέ
2213 2307 2270 2344 τε
2328 2289 2423 2343 καὶ
2461 2289 2574 2352 υἱὸς
2613 2288 2884 2361 Ἀϐραὰμ,
2917 2291 3009 2344 καὶ
3032 2291 3224 2344 Δαυῒδ·
3263 2292 3363 2344 οὑκ
3400 2293 3646 2362 ἀπεμπο-

2070 2384 2237 2451 λήσας
2270 2383 2358 2436 διὰ
2385 2411 2400 2414 -
2423 2382 2483 2435 τὸ
2527 2381 2866 2453 ἀνθρώπινον
2908 2383 2969 2436 τὸ
3025 2380 3162 2437 εἶναι
3197 2386 3338 2438 κατὰ
3387 2385 3644 2455 ἀλήθειαν

2071 2473 2200 2536 Υἱὸς
2228 2471 2322 2526 τοῦ
2356 2472 2516 2538 Θεοῦ,
2563 2475 2656 2525 καὶ
2701 2474 2936 2544 Πατρὸς,
2976 2475 3301 2547 μεμενηκὼς
3332 2476 3389 2530 δέ
3418 2478 3640 2549 μᾶλλον,

2070 2565 2163 2618 καὶ
2203 2566 2253 2617 εί
2303 2564 2495 2633 γέγονε
2534 2565 2689 2636 σὰρξ,
2718 2567 2774 2619 ἐν
2828 2566 2989 2636 φύσει
3015 2584 3075 2621 τε
3119 2570 3216 2623 καὶ
3249 2569 3512 2640 ὑπεροχῇ,
3549 2572 3643 2623 καὶ

2067 2655 2193 2729 δόξῃ
2243 2654 2520 2726 θεότητος·
2557 2657 2911 2722 ἀναλλοίωτος
2937 2658 3046 2730 γάρ
3097 2661 3232 2727 ἐστι,
3286 2663 3381 2714 καὶ
3434 2662 3643 2731 τροπῆς

2067 2748 2326 2818 ἀμείνων,
2354 2747 2429 2810 ὼς
2449 2746 2600 2810 Θεός.
2632 2747 2789 2800 Ἐστι
2825 2750 2845 2784 ι
2876 2748 3056 2803 τοίνυν
3082 2746 3165 2814 εἷς
3187 2768 3248 2804 τε
3298 2752 3392 2806 καὶ
3424 2753 3454 2804 ὑ
3479 2753 3641 2816 αὐτὸς

2069 2840 2216 2905 Υἱὸς,
2245 2841 2336 2893 καὶ
2365 2839 2570 2910 Κύριος
2601 2840 2693 2894 καὶ
2720 2840 2824 2909 πρὸ
2876 2841 2976 2910 τῆς
3006 2841 3353 2914 σαρκώσεως,
3375 2843 3472 2899 καὶ
3503 2843 3641 2915 μετὰ

2066 2931 2164 3004 τὴν
2190 2931 2486 3004 σὰρκωσιν.
2509 2932 2622 2986 Καὶ
2645 2931 2705 2984 τὸ
2733 2931 2960 3003 διαιρεῖν
2992 2934 3072 2996 είς
3105 2935 3253 2997 υίοῦς
3283 2935 3374 2989 δύο
3402 2935 3494 2989 τὸν
3521 2936 3637 3004 ἕνα,

2067 3023 2163 3077 καὶ
2190 3023 2250 3076 τὸ
2286 3023 2386 3094 τῆς
2416 3021 2648 3093 ἀληθοῦς
2680 3022 2924 3088 ἐνώσεως
2969 3023 3272 3095 παραλύειν
3315 3027 3525 3097 χρῆμα,
3561 3027 3641 3081 δι·

383 3106 572 3175 primis
605 3086 856 3172 impium.
878 3099 1047 3153 Porro
1069 3096 1349 3153 Nestor-ius
1376 3097 1479 3152 ista
1510 3113 1698 3166 parum
1734 3114 1960 3167 curans,

2071 3086 2459 3175 ιστάνταςὰνὰ
2499 3086 2685 3182 μέρος,
2724 3113 2818 3166 καὶ
2849 3086 3096 3177 τιθέντας
3123 3086 3638 3185 ίδικῶςξνθρωπον,

383 3197 545 3250 audet
578 3193 708 3264 ipsis
735 3189 1003 3245 verbissic
1028 3187 1210 3243 dicere
1243 3204 1257 3241 :
1292 3205 1311 3238 ι
1338 3186 1449 3242 Hoc
1479 3188 1751 3243 sentiteiu
1782 3189 1962 3256 vobis,

384 3289 528 3355 quod
559 3284 684 3337 etin
714 3279 932 3336 Christo
954 3276 1105 3343 Jesu,
1140 3276 1234 3346 qui
1255 3276 1307 3331 in
1339 3275 1512 3332 forma
1545 3277 1638 3332 Dei
1669 3279 1960 3346 exsistens,

384 3378 621 3446 seipsqu
648 3369 967 3435 esinanivit,
996 3368 1224 3423 formam
1246 3367 1388 3423 servi
1413 3369 1805 3438 accipiens“.»
1846 3369 1961 3427 Non

383 3467 522 3521 dixit
562 3481 579 3520 :
625 3463 736 3518 Hoc
768 3462 968 3517 sentite
1002 3459 1055 3512 in
1087 3457 1257 3525 vobis,
1281 3459 1424 3527 quod
1453 3470 1509 3513 et
1541 3461 1594 3514 in
1626 3461 1735 3515 Deo
1763 3459 1958 3528 Verbo,

381 3557 526 3626 quod
552 3555 795 3608 informa
820 3551 912 3607 Dei
931 3549 1224 3615 exsistens,
1255 3550 1398 3605 servi
1424 3550 1657 3606 formam
1687 3554 1956 3622 suscepit:

383 3651 477 3704 sed
501 3663 622 3703 cum
652 3645 958 3717 accepisset
988 3642 1090 3698 hoc
1110 3655 1332 3707 nomen,
1362 3640 1632 3708 Christus,
1660 3652 1719 3697 ut
1733 3645 1958 3699 duarum

382 3749 695 3794 naturarum
707 3735 1122 3808 appellationem
1145 3732 1581 3804 signiﬁcativam,
1595 3733 1712 3790 sine
1723 3735 1960 3805 periculo

382 3835 555 3903 ipsum
607 3842 662 3886 et
704 3830 846 3886 servi
890 3829 1119 3886 formam
1157 3828 1292 3884 dicit
1339 3829 1666 3898 suscepisse,
1701 3838 1755 3886 et
1787 3830 1956 3889 Deum

382 3925 646 3988 nominat,
696 3924 826 3978 dum
865 3937 955 3986 ea,
993 3936 1111 3991 qua:
1141 3922 1418 3987 dicuntur,
1471 3921 1524 3975 in
1558 3925 1692 3977 duas
1736 3931 1958 3980 naturas

378 4016 495 4071 sine
517 4013 936 4084 reprehensione
956 4011 1293 4068 dividuntur.
1325 4011 1380 4067 In
1404 4013 1570 4073 altera
1595 4022 1774 4068 autem
1799 4028 1960 4070 enar-

377 4108 586 4163 ratione
628 4106 825 4161 iterum
871 4105 1003 4160 dicit
1058 4121 1074 4158 :
1129 4123 1148 4158 ι
1182 4104 1252 4161 Ut
1281 4106 1338 4160 in
1372 4104 1591 4160 nomine
1630 4103 1756 4160 Jesu
1796 4119 1957 4162 omne

373 4215 511 4272 genu
533 4199 779 4255 ﬂectatur
791 4197 1120 4264 caelestium,
1136 4198 1474 4253 terrestrium
1497 4209 1552 4254 et
1577 4197 1911 4254 infernarum
1937 4214 1952 4252 :

373 4303 431 4348 et
459 4290 638 4346 omnis
662 4289 842 4360 lingua
866 4287 1211 4353 conﬁteatur,
1237 4291 1382 4358 quod
1405 4289 1670 4344 Dominus
1697 4297 1779 4344 est
1799 4287 1956 4344 Jesus

372 4382 624 4438 Christus
644 4383 714 4434 “.
753 4400 773 4433 ι
806 4379 1035 4449 Propter
1069 4387 1396 4449 gestantem,
1433 4395 1556 4435 eum
1589 4381 1680 4450 qui
1712 4388 1956 4450 gestatur

374 4489 602 4529 veneror
641 4491 656 4527 :
708 4479 928 4542 propter
971 4469 1253 4535 latentem,
1291 4471 1436 4541 quod
1483 4479 1709 4540 apparet
1754 4471 1948 4526 adoro.

1985 4439 2029 4496 D

2066 3204 2160 3256 atat
2188 3200 2370 3265 ίδικῶς
2391 3201 2544 3266 Θεὸν,
2575 3200 2892 3264 δυσσεϐείας
2922 3201 3035 3272 ἔχει
3067 3201 3170 3272 τῆς
3209 3203 3470 3257 ἀνωτάτω
3500 3220 3638 3275 γρα-
3685 3269 3693 3277 1

2064 3298 2190 3367 φήν.
2237 3293 2422 3362 Ὀλίγα
2446 3303 2475 3332 ιι
2507 3291 2564 3344 δὲ
2605 3293 2797 3346 τούτου
2849 3294 3230 3365 πεφροντικὼς
3253 3297 3282 3348 ὁ
3317 3295 3636 3366 Νεστόριος,

2061 3386 2395 3456 τετόλμηκεν
2415 3383 2589 3436 εἰπεῖν
2620 3383 2814 3446 αὑταῖς
2832 3383 3044 3449 λέξεσιν
3068 3384 3263 3448 οὕτως·
3285 3384 3487 3439 «Τοῦτο
3506 3402 3633 3456 φρο-

2061 3476 2259 3531 νείσθω
2285 3477 2342 3529 ἐν
2379 3475 2528 3547 ὑμῖν,
2554 3474 2584 3528 ὃ
2616 3475 2708 3528 καὶ
2732 3476 2792 3529 ἐν
2821 3474 3049 3546 Χριστῷ
3088 3475 3262 3546 Ἰησοῦ
3286 3492 3301 3507 ο
3337 3477 3396 3540 ὃς
3424 3478 3483 3529 ἐν
3511 3493 3640 3548 μορ-

2061 3571 2136 3640 φῇ
2188 3567 2322 3621 Θεοῦ
2351 3565 2636 3638 ὑπάρχων,
2683 3566 2877 3620 ἑαυτὸν
2903 3567 3159 3633 ἐκένωσε,
3199 3569 3415 3639 μορφὴν
3446 3569 3637 3622 δούλου

2060 3659 2260 3716 λαϐών.
2290 3678 2310 3712 ›
2345 3659 2459 3713 Οὐκ
2488 3653 2630 3724 εἷπε,
2660 3656 2832 3712 Τοῦτο
2866 3659 3168 3730 φρονείσοω
3208 3662 3265 3713 ἐν
3302 3661 3452 3731 ὑμῖν,
3481 3659 3512 3713 δ
3542 3661 3637 3714 καὶ

2061 3753 2120 3805 ἐν
2152 3748 2231 3821 τῷ
2257 3747 2376 3820 Θεῷ
2405 3747 2595 3818 Λόγῳ,
2627 3745 2686 3809 ὃς
2723 3747 2782 3799 ἐν
2823 3750 3004 3819 μορφῇ
3038 3745 3174 3801 θεοῦ
3206 3747 3490 3820 ὑπάρχων,
3523 3748 3637 3803 δού·

2059 3836 2151 3890 λου
2184 3835 2399 3908 μορφὴν
2428 3833 2620 3888 ἔλαϐεν
2640 3833 2818 3908 ’ίὰλλὰ
2844 3834 3024 3890 λαϐὼν
3041 3836 3124 3900 τὸ,
3153 3837 3407 3908 Χριστὸς,
3429 3837 3505 3901 ὡς
3525 3837 3635 3891 τῶν

2057 3928 2151 3982 δύο
2434 3905 2806 3999 προσηγορίαν
2834 3905 3516 3999 σημαντικὴν,νὰκινδύνως
3543 3929 3637 3983 αὑ-

2057 4019 2147 4073 τὸν
2179 4020 2274 4072 καὶ
2313 4017 2502 4073 δούλου
2556 4017 2771 4090 μορφὴν
2800 4017 3006 4084 λαϐεῖν,
3038 4020 3134 4075 καὶ
3181 4019 3311 4076 Θεὸν
3337 4019 3632 4090 ὀνομάζειο

2057 4109 2162 4162 τῶν
2191 4109 2248 4164 δὲ
2281 4108 2598 4180 λεγομένων
2628 4118 2656 4148 ν
2684 4111 2764 4173 είς
2793 4109 2853 4162 τδ
2875 4109 2983 4164 τῶν
3015 4109 3230 4179 φύσεων
3255 4109 3514 4180 ἁλήπτως
3541 4127 3637 4178 μοι

2059 4198 2358 4270 ριζομένων
2378 4198 2619 4254 διπλοῦν.
2667 4199 2756 4254 Ἐν
2787 4199 2951 4270 ἑτέρᾳ
2977 4199 3032 4252 δὲ
3053 4199 3214 4254 πάλιν
3240 4198 3501 4270 ἐξηγήσει
3531 4217 3634 4269 φησι

2059 4291 2176 4344 σίνο
2213 4309 2231 4343 ι
2261 4291 2380 4344 Ἵνα
2415 4292 2473 4345 ἐν
2521 4290 2599 4362 τῷ
2637 4289 2861 4362 ὀνόματι
2901 4289 3074 4362 Ἰησοῦ
3107 4291 3217 4346 πᾶν
3260 4291 3389 4358 γόνυ
3436 4290 3633 4363 κάμψῃ

2058 4380 2419 4452 ἐπουρανίων,
2483 4379 2579 4432 καὶ
2632 4379 2910 4448 ἐπιγείων,
2953 4379 3046 4432 καὶ
3091 4375 3494 4448 καταχθονίων,
3537 4378 3632 4433 καὶ

2059 4473 2206 4526 πᾶσα
2248 4471 2472 4540 γλῶσσα
2513 4471 3013 4543 ἐξομολογήσηται,
3060 4469 3142 4524 ὅτι
3177 4468 3379 4542 Κύριος
3421 4468 3632 4538 Ἰησοῦς

375 4562 760 4633 luseparahilis
799 4569 886 4616 est
929 4561 999 4616 ab
1035 4575 1101 4615 eo
1128 4559 1222 4631 qui
1251 4559 1466 4615 videtur
1497 4558 1680 4626 Deus;
1730 4569 1954 4630 propter

2065 4562 2304 4634 Χριστός.
2343 4579 2362 4614 t
2390 4559 2490 4615 Διὰ
2522 4561 2612 4615 τὸν
2642 4560 2931 4631 φοροῦντα,
2977 4561 3038 4614 τὸ
3069 4558 3407 4630 φορούμενον
3444 4558 3593 4612 σέϐω
3612 4573 3628 4590 ’

373 4657 480 4711 hoc
509 4656 647 4725 ejus,
678 4657 770 4724 qui
804 4669 910 4711 non
947 4663 1255 4726 separatur,
1287 4654 1549 4709 honorem
1583 4667 1690 4708 non
1728 4665 1950 4722 separo;

373 4761 570 4817 separo
603 4756 845 4812 naturas,
876 4747 970 4802 sed
1002 4747 1131 4801 unio
1174 4746 1566 4802 adorationem.
1600 4743 1703 4815 (Et
1751 4743 1950 4799 iterum

375 4838 431 4893 in
467 4836 574 4890 alia
601 4835 959 4905 explicatione
989 4854 1002 4890 :
1039 4835 1136 4890 Dic
1180 4838 1247 4890 de
1273 4851 1340 4890 eo
1376 4837 1470 4905 qui
1501 4835 1759 4905 suscepit,
1805 4834 1950 4904 quod

369 4930 446 4984 sit
475 4927 656 4994 Deus;
683 4939 892 4995 appone
915 4926 1065 4980 illum
1089 4926 1179 4995 qui
1210 4937 1493 4997 susceptus
1521 4936 1624 4992 est,
1652 4926 1779 4996 quia
1799 4927 1946 4982 servi

373 5024 577 5087 t'ortna;
609 5018 784 5090 adjice
807 5019 1045 5088 posthaec
1067 5018 1430 5074 connexionis
1452 5019 1794 5089 dignitatem,
1817 5019 1943 5088 quia

371 5113 604 5166 duorum
640 5107 940 5164 auctoritas
968 5108 1292 5171 communis,
1323 5107 1450 5177 quia
1485 5108 1714 5164 duorum
1755 5110 1944 5164 eadem

369 5205 636 5274 dignitas;
666 5200 880 5257 naturis
910 5197 1276 5264 manentibus,
1311 5198 1482 5254 fatere
1510 5199 1786 5270 dignitatis
1821 5201 1943 5254 uni-

2050 4654 2139 4710 διὰ
2162 4655 2252 4708 τὸν
2278 4653 2661 4726 κεκρυμμένον
2696 4653 2987 4726 προσκυνῶ
3014 4653 3076 4708 τὸ
3106 4652 3461 4722 φαινόμενον·
3493 4651 3631 4723 ἁχὼ-

2051 4759 2230 4810 ριστος
2262 4742 2355 4796 τοῦ
2384 4742 2709 4814 φαινομένου
2732 4742 2894 4806 Θεός·
2928 4742 3016 4796 διὰ
3036 4740 3197 4796 τοῦτο
3221 4741 3317 4796 τοῦ
3355 4741 3433 4815 μὴ
3464 4760 3630 4813 χωρι-

2049 4831 2279 4904 ζομένου
2317 4831 2418 4904 τὴν
2444 4833 2610 4907 τιμὴν
2640 4835 2701 4888 οὑ
2736 4832 2973 4906 χωρίζω.
3011 4833 3246 4903 Χωρίζω
3272 4833 3375 4898 τὰς
3411 4833 3627 4905 φύσεις,

2055 4921 2170 4976 ἀλλ’
2207 4921 2312 4975 ἐνῶ
2355 4922 2454 4993 τὴν
2489 4923 2880 4994 προσκύνησιν.
2909 4923 3020 4977 Καὶ
3068 4924 3127 4978 ἐν
3177 4921 3438 4994 ἐξηγήσει
3467 4922 3629 4976 πάλιν

2054 5013 2240 5084 ἐτέρᾳκ
2277 5012 2413 5066 Εἰπὲ
2443 5013 2533 5068 τὸν
2563 5014 2924 5068 ἀναλαϐόνταο
2956 5015 3038 5069 ὅτι
3068 5014 3223 5080 Θεός.
3255 5013 3502 5086 Πρόσθες
3537 5013 3628 5064 τὸν

2053 5105 2458 5176 ἀναληφθέντα,
2489 5107 2570 5160 ὅτι
2601 5106 2788 5162 δούλου
2816 5107 2996 5179 μορφή
3017 5124 3030 5138 ’
3069 5107 3317 5177 ἐπάγαγε
3343 5107 3483 5179 μετὰ
3507 5103 3632 5158 ταῦ-

2053 5215 2122 5252 τα
2155 5197 2214 5251 τὸ
2240 5196 2341 5268 τῆς
2368 5197 2661 5267 συναφείας
2681 5196 2920 5268 ἀξίωμα,
2941 5197 3026 5251 ὅτι
3057 5196 3168 5252 τῶν
3185 5195 3278 5251 δύο
3306 5199 3340 5268 ή
3370 5193 3630 5251 αὐθεντία

445 5378 490 5410 ⁵⁷
523 5381 536 5433 l
568 5379 690 5435 Cor.
728 5397 778 5436 tv
832 5381 883 5434 i.
959 5380 1006 5411 ⁸⁸
1038 5377 1079 5433 ll
1107 5378 1232 5435 Cor.
1264 5393 1380 5443 xm,
1409 5378 1442 5431 5
1539 5375 1584 5406 ”
1612 5373 1777 5430 Hebr.
1805 5390 1867 5439 ιι,
1900 5373 1962 5428 16

2065 5373 2110 5404 ⁸⁸
2134 5371 2297 5428 Hebr.
2326 5388 2386 5440 ιι,
2423 5373 2510 5427 17.
2587 5374 2629 5405 ⁶¹
2657 5372 2890 5444 Philipp.
2916 5389 2972 5440 ll,
3019 5373 3073 5433 5.
3097 5373 3146 5428 6.
3226 5373 3270 5406 ⁸⁸
3298 5370 3431 5427 ibid.
3462 5369 3520 5431 8.

1417 5551 1592 5607 Varia:
1612 5551 1872 5607 lectiones
1896 5563 1960 5606 ex
1993 5548 2178 5604 codice
2201 5547 2574 5620 Seguieriano.

449 5711 674 5787 “jacet.
748 5719 777 5750 ι
805 5710 1001 5778 ὀλίγον.
1065 5717 1091 5746 ν
1116 5709 1222 5762 τῶν
1250 5708 1579 5778 λεγομένων,
1613 5707 1650 5774 ἢ
1684 5705 1855 5772 ισως,
1884 5705 1992 5760 τῶν
2018 5703 2080 5758 δὲ·
2117 5703 2442 5776 λεγομένων.
