4014 6128
295 244 400 305 329

911 238 1437 299 APOLOGETICUS
1473 241 1612 300 ΡΙίο
1656 244 1747 302 XII
1782 244 2152 304 CAPiTlBUS
2190 244 2473 305 CONTRA
2511 245 2975 304 ORIENTALES.

3456 252 3560 310 550
3580 208 3584 213 ’

297 361 479 433 κοινὴ,
511 361 597 415 ὅτι
619 358 729 415 τῶν
759 359 854 414 δύο
879 359 1079 415 ταυτὸν
1110 358 1175 412 τὸ
1217 357 1472 432 ἀξίωμα,
1505 363 1614 418 τῶν
1650 365 1871 434 φύσεων

1987 365 2211 439 tatem.)
2244 365 2412 423 Vides
2436 364 2637 435 ubique
2679 373 3029 434 separantem
3063 366 3280 435 quidem
3328 368 3473 424 inter
3503 385 3563 425 se

296 452 589 526 μενουσῶν
642 452 892 523 ὁμολόγει
938 452 1039 522 τὴν
1076 450 1176 522 τῆς
1213 450 1373 519 ἀξίας
1421 455 1669 527 ἑνότητα.
1719 457 1882 529 Ὁρᾷς

301 545 564 617 πανταχῆ
580 545 879 618 διορίζοντα
903 544 1002 615 μὲν
1031 545 1282 618 ἀλλήλων
1304 546 1402 614 τὰς
1422 546 1633 616 φύσεις,
1656 548 1884 605 ἐνοῦντα

303 635 386 702 δὲ,
421 635 498 700 ῶς
524 654 675 707 φησι,
708 635 804 706 τὴν
829 636 1224 708 προσκύνησιν,
1248 639 1342 694 καὶ
1370 640 1557 712 κοινὴν
1595 639 1882 696 αὐθεντίαν

303 728 658 800 ὀνομάζοντα,
690 729 783 783 καὶ
804 728 903 799 τὴν
933 729 1032 799 τῆς
1063 729 1224 797 ἀξίας
1261 732 1491 804 ἑνότητα
1513 732 1700 805 μόνης,
1721 733 1797 788 Τὸ
1825 732 1882 787 δέ

310 820 490 873 κοινὸν
516 820 610 890 οὐχ
640 818 718 883 ἐν,
752 820 802 872 εί
853 819 1035 873 κοινὸν
1081 833 1132 888 ι,
1181 823 1268 893 είη
1301 822 1368 877 ἂν
1393 833 1444 889 1,
1483 823 1621 879 ἀλλά
1646 824 1744 879 δύο
1777 842 1879 879 που

316 910 545 977 πάντως,
572 911 605 982 ἦ
636 909 878 965 πλείοσιν
912 909 1102 976 ίδικῶς
1123 929 1182 966 τε
1214 912 1312 968 καὶ
1336 914 1441 970 ἀνά
1462 914 1625 988 μέρος
1643 917 1880 990 θεωρου-

310 1001 506 1072 μένοις.
547 1000 691 1055 ’Λνθ⁹
724 1002 850 1054 ὅτου
880 1002 950 1073 δὴ
980 999 1075 1058 οὖν
1099 1004 1370 1077 τοσαύτην
1417 1006 1694 1061 ποιοῦνται
1730 1017 1753 1045 ι
1781 1008 1882 1079 τὴν

258 1100 261 1103 ’
307 1093 641 1165 κατάρρησιν
680 1092 779 1148 τοῦ
822 1093 893 1147 τὰ
939 1094 1122 1149 τοιάδε
1161 1095 1343 1160 καλῶς
1389 1097 1881 1168 ἀναθεματίσαντος

299 1182 493 1252 λόγου;
529 1185 595 1239 Τί
629 1185 692 1239 τὸ
717 1185 940 1252 ἄτοπον,
979 1188 1030 1242 εί
1065 1190 1179 1253 τοῖς
1229 1187 1503 1261 βδελυροῖς
1530 1190 1625 1244 καὶ
1680 1191 1883 1263 ἀπηχε-

296 1276 513 1342 στάτοις
554 1278 855 1351 Νεστορίου
884 1280 1064 1349 λόγοις
1099 1280 1170 1335 τά
1206 1282 1308 1352 τῆς
1334 1280 1619 1345 εὐσεϐείας
1639 1282 1882 1351 ἀντεγεί-

295 1386 489 1442 ροντες
515 1368 787 1441 δόγματα,
809 1371 912 1443 τῆς
952 1372 1062 1427 τῶν
1111 1371 1357 1443 ἀδελφῶν
1385 1372 1687 1442 ἀσφαλείας
1727 1391 1883 1444 φρον-

296 1461 421 1516 τίδα
445 1461 549 1533 τὴν
569 1461 799 1517 δέουσαν
825 1463 1212 1536 πεποιήμεθας
1257 1464 1476 1536 Ἐπειδὴ
1505 1464 1567 1518 δέ
1591 1481 1757 1535 φασιν
1780 1464 1881 1535 ἐμὲ

295 1554 416 1617 τοῖς
439 1551 607 1607 αὑτοῦ
652 1552 924 1625 μάχεσθαι
962 1554 1164 1624 λόγοις,
1186 1555 1628 1626 παρακομίζουσι
1658 1555 1715 1609 δέ
1744 1555 1881 1627 πρὸς

297 1639 579 1706 ἀπόδειξιν
601 1642 763 1715 μέρος
786 1643 885 1713 τῆς
907 1642 1216 1715 ἐπιστολῆς,
1236 1638 1306 1717 ἦς
1322 1644 1577 1714 γέγραφα
1601 1643 1737 1716 πρὸς
1756 1646 1883 1709 τοὺς

302 1733 500 1803 ἁγίους
525 1733 817 1804 μοναστάς,
846 1736 957 1790 δεῖν
991 1735 1175 1807 ᾠήθην
1201 1735 1269 1790 τά
1298 1736 1485 1790 είκότα
1522 1738 1616 1789 καὶ
1645 1734 1782 1806 πρός
1811 1751 1876 1804 γε

297 1824 460 1879 τοῦτο
494 1825 669 1879 είπεῖν
688 1842 703 1857 ο
735 1826 869 1896 φασὶ
892 1825 1003 1897 γὰρ
1035 1827 1118 1881 ὅτι
1143 1825 1238 1880 δύο
1277 1828 1370 1881 καὶ
1387 1826 1550 1890 αὐτὸς
1572 1826 1874 1898 ὠνόμασα⁸

300 1917 650 1982 ὑποστάσεις*
681 1920 777 1973 καὶ
805 1919 1142 1990 ἀποχρήσειν
1159 1919 1187 1959 δ
1211 1918 1396 1982 αὐτοῖς
1423 1919 1506 1984 είς
1532 1919 1753 1991 ἔλεγχον
1780 1921 1875 1975 τοῦ

299 2011 393 2065 καὶ
422 2011 569 2080 ἡμᾶς
595 2009 813 2063 ἑλέσθαι
841 2010 1007 2064 ταυτὺ
1049 2010 1226 2064 εἰπεῖν
1266 2011 1378 2073 τοῖς
1401 2020 1425 2049 ο
1462 2010 1596 2065 αὐτὸ
1634 2010 1699 2082 δὴ
1721 2011 1879 2065 τοῦτο

296 2099 599 2170 νομίζουσι.
620 2099 897 2171 Παραθεὶς
924 2095 1019 2155 οὖν
1040 2099 1355 2169 ἀναγκαίως
1381 2099 1444 2154 τὺ
1474 2100 1574 2171 τῆς
1593 2100 1876 2173 ἐπιστολῆς

295 2187 493 2260 μέρος,
520 2188 870 2259 προσεποίσω
900 2189 1043 2260 μετὰ
1079 2186 1240 2242 τοῦτο
1267 2186 1335 2243 τὰ
1362 2187 1428 2242 δι’
1469 2181 1545 2243 ὧν
1571 2189 1639 2243 ἂν
1668 2191 1879 2259 γένοιτο

294 2280 659 2351 ψευδομυθεῖν
693 2280 1006 2352 ᾑρημένους
1056 2280 1333 2351 ἀποφῆναι
1389 2280 1685 2351 πανταχοῦ.
1723 2282 1877 2354 Ἔχει

208 2356 214 2361 ’
289 2369 355 2424 δὲ
399 2368 606 2435 οὕτως·
643 2371 855 2426 Οὐκοῦν
900 2370 1025 2424 ὅσον
1063 2365 1200 2442 ἧκεν
1247 2371 1328 2434 είς
1384 2366 1524 2427 ίδίαν
1557 2370 1745 2441 φύσιν,
1778 2373 1877 2444 οὐχ

299 2460 559 2530 ἡγίασται
584 2461 905 2532 καταμόνας
931 2464 960 2516 ό
987 2464 1051 2516 ἐκ
1093 2461 1229 2516 Θεοῦ
1257 2463 1473 2535 Πατρὸς
1504 2464 1676 2534 Λόγος
1693 2482 1709 2497 ’
1737 2466 1787 2519 εί
1819 2465 1878 2521 δέ

294 2552 366 2625 δή
400 2570 485 2616 τις
510 2555 675 2607 οἴοιτο
706 2554 798 2607 τὸν
828 2555 893 2608 ἐκ
927 2555 1027 2625 τῆς
1055 2555 1216 2624 ἁγίας
1241 2555 1522 2629 Παρθένου
1548 2559 1878 2630 γεγεννημέ-

301 2662 394 2698 νον
419 2643 706 2714 κεχρίσθαι
733 2661 793 2697 τε
826 2645 920 2697 καὶ
948 2644 1211 2715 ἠγιόισθαι
1240 2647 1428 2717 μόνον,
1465 2647 1639 2722 ταύτῃ
1668 2665 1752 2703 τοι
1783 2651 1878 2705 καὶ

302 2730 621 2802 ὠνομάσθαι
652 2734 910 2804 Χριστὸν,
930 2735 1136 2804 λεγέτω
1165 2736 1472 2809 παρελθὼν,
1499 2740 1548 2792 εί
1574 2740 1788 2814 ἀπόχρη
1818 2743 1878 2798 τὸ

303 2825 517 2895 χρίσμα
544 2825 677 2896 πρὸς
705 2825 768 2879 τὸ
791 2826 1067 2897 ἀποφῆναι
1095 2828 1185 2882 τὸν
1204 2829 1491 2901 χριόμενον
1520 2831 1739 2886 ίσοκλεᾶ
1781 2834 1877 2889 καὶ

293 2914 593 2985 ὁμόθρονον
637 2913 718 2986 τῷ
750 2917 971 2972 πάντων
1023 2917 1279 2972 ἐπέκεινα
1328 2917 1466 2990 Θεῷ.
1523 2920 1738 2994 Ἐπειδὴ
1766 2920 1876 2995 γὰρ

295 3005 389 3058 τὸν
413 3006 480 3059 ἐκ
510 3004 646 3061 Θεοῦ
677 3007 853 3077 Λόγον
884 3007 1066 3073 ίδικῶς
1086 3007 1403 3080 ὠνομάσθαι
1430 3011 1685 3084 Χριστὸν,
1713 3015 1744 3068 ὁ
1766 3014 1876 3069 τῶν

293 3097 431 3151 νέων
489 3097 621 3169 ἡμῖν
678 3097 1039 3170 βλασφημιῶν
1097 3100 1322 3173 εὑρετὴς
1364 3103 1661 3176 Νεστόριος
1688 3105 1874 3161 διαδε-

291 3187 547 3245 6αιοῦται
570 3188 779 3262 συχνῶς
798 3206 812 3220 °
853 3190 1036 3255 ίδικῶς
1083 3190 1162 3259 δέ,
1190 3194 1285 3248 καὶ
1312 3193 1418 3249 ἀνὰ
1444 3196 1610 3269 μέρος
1636 3198 1876 3271 Χριστὸν

293 3282 484 3352 ἕτερον
527 3281 620 3336 τὸν
668 3283 734 3336 ἐκ
779 3282 876 3355 τῆς
913 3282 1079 3353 ἁγίας
1125 3283 1406 3357 Παρθένου
1444 3289 1872 3361 γεγεννημένον⁸

294 3370 853 3444 κατακισδηλεύοντες
873 3374 975 3444 τὴν
995 3373 1173 3442 δόξαν,
1206 3375 1283 3440 ὡς
1309 3376 1521 3450 ἀκαλλῆ
1571 3380 1667 3434 καὶ
1698 3380 1872 3451 ἀσύμ.

295 3459 458 3527 φυλον
477 3458 506 3499 ἀ
528 3461 625 3515 καὶ
650 3460 749 3533 τῆς
779 3461 1040 3534 ἀληθείας
1084 3463 1481 3539 ἐξῳκισμένην,
1500 3466 1624 3523 οὔτε
1643 3469 1698 3524 δὲ
1725 3480 1752 3510 θ
1780 3470 1875 3524 τὸν

294 3548 359 3599 ἐκ
387 3548 524 3603 Θεοῦ
556 3548 770 3623 [ἰατρὸς
799 3552 974 3621 Λόγον
1000 3555 1145 3609 κατά
1172 3556 1340 3626 μόνας
1373 3558 1660 3631 νοούμενον
1692 3561 1874 3632 κεχρί-

297 3637 421 3692 σθαι
474 3638 557 3710 τῷ
606 3639 776 3713 ἐλαίῳ
822 3644 920 3715 τῆς
965 3645 1341 3714 ἀγαλλιάσεως
1392 3649 1870 3725 διαϐεϐαιούμεθα,

293 3728 417 3782 οὕτε
450 3730 555 3802 μὴν
594 3732 701 3805 ίδίᾳ
738 3751 799 3787 τε
830 3737 924 3788 καὶ
956 3737 1101 3792 κατὰ
1134 3738 1300 3809 μόνας
1332 3739 1406 3804 ὠς
1442 3743 1747 3815 ἄνθρωπον,
1778 3749 1873 3801 καὶ

292 3818 481 3891 ἕτερον
510 3819 639 3877 ὄντα
694 3824 823 3878 Υἱὸν
855 3826 1006 3897 παρά
1053 3829 1146 3881 τὸν
1176 3831 1240 3884 ὲκ
1290 3831 1425 3885 Θεοῦ
1465 3835 1658 3903 Λόγον,
1694 3836 1782 3891 τὸν
1809 3841 1871 3891 ἐκ

294 3911 393 3980 τῆς
438 3912 598 3982 ἁγίας
635 3914 937 3989 Παρθένου.
972 3919 1113 3974 Ἕνα
1161 3922 1217 3974 δὲ
1248 3924 1452 3993 μᾶλλον
1486 3927 1683 3997 χρῆναι
1734 3931 1871 4001 πρὸς

293 4001 550 4095 ἀπαντων
571 4005 1019 4080 διισχυριζόμεθα
1044 4013 1427 4082 ὁμολογεῖσθαι
1449 4017 1705 4089 Χριστὸν,
1733 4038 1868 4095 σαρι

294 4093 540 4148 κωθέντα
574 4097 670 4150 κα)⁸
716 4098 1253 4171 ἐνανθρωπήσαντα,
1305 4107 1398 4161 τὸν
1458 4110 1718 4183 μονογενῆ
1774 4093 1867 4167 τοῦ

292 4184 429 4238 Θεοῦ
460 4186 634 4256 Λόγον
654 4204 668 4218 ’
713 4208 731 4240 ι
761 4185 853 4252 Εἷς
886 4190 997 4262 γὰρ
1036 4192 1263 4264 Κύριος,
1312 4196 1409 4267 μία
1450 4199 1649 4267 πίστις,
1680 4202 1738 4255 ἓν
1773 4202 1868 4274 βά-

293 4292 525 4347 πτισμα.
558 4296 577 4330 ι
606 4279 764 4333 Ἐστι
784 4281 967 4335 τοίνυν
994 4282 1170 4338 οὐδενὶ
1203 4285 1310 4340 τῶν
1345 4288 1482 4360 ὀρθὰ
1499 4296 1713 4363 φρονεῖν
1746 4298 1869 4350 είω-

288 4368 465 4462 θότων
514 4371 854 4443 ἀσυμφανές,
909 4376 990 4430 ὅτι
1051 4380 1536 4453 παραχαράττουσι
1573 4386 1682 4441 τῶν
1735 4388 1867 4462 παρ’

289 4459 426 4530 ἐμοῦ
456 4463 865 4535 γεγραμμένων
897 4468 996 4539 τὴν
1030 4467 1292 4535 διάνοιαν,
1329 4477 1426 4527 καὶ
1467 4459 1864 4548 συκοφαντοῦσι

287 4552 390 4605 κάν
422 4552 600 4624 τούτῳ
625 4554 724 4627 τὴν
761 4555 1040 4628 ἀλήθειαν.
1075 4560 1185 4614 Καὶ
1213 4564 1335 4617 καθ’
1366 4564 1554 4637 ἕτερον
1581 4569 1637 4623 δὲ
1665 4571 1865 4642 τρόπον

285 4640 779 4732 ἀπλημμελὲςῗείη
811 4645 899 4712 ἂν,
940 4648 1038 4702 καὶ⁸
1070 4651 1216 4719 μάλα
1261 4656 1504 4723 εἰκότως,
1544 4640 1865 4732 ἀμοιρήσειε

282 4728 328 4783 δ’
360 4728 429 4784 ἂν
457 4731 554 4785 καὶ
596 4731 791 4803 μώμου
815 4738 1019 4801 παντὸς
1051 4740 1114 4792 τὸ
1150 4741 1348 4796 εἰδέναι
1374 4747 1559 4816 τυχὸν,
1595 4728 1864 4824 ὡςῂἐτέρα

288 4826 387 4894 μέν
417 4825 535 4880 ἐστι
567 4828 709 4882 κατά
745 4828 909 4897 φύσιν
955 4833 1094 4888 ἰδίαν
1127 4837 1161 4906 ὴ
1205 4836 1343 4908 σὰρξ
1390 4843 1543 4912 παρά
1579 4859 1644 4910 γε
1672 4844 1765 4898 τὸν
1799 4847 1865 4900 ἐκ

285 4913 419 4968 Θεοῦ
454 4916 669 4988 Πατρὸς
710 4917 887 4987 φύντα
915 4920 934 4959 ί
960 4922 1153 4992 Λόγον,
1185 4926 1370 4998 ἔτερος
1407 4930 1464 4983 δὲ
1509 4928 1576 4985 αὖ
1617 4936 1758 4988 κατά
1802 4954 1865 5005 γε

283 5007 370 5061 τὸν
400 5006 504 5078 τῆς
553 5008 689 5073 ιδίας
721 5010 938 5080 φύσεως
985 5016 1144 5084 λόγον
1187 5020 1216 5071 ὁ
1256 5022 1588 5095 Μονογενής.
1625 5027 1762 5081 Ἀλλ’
1801 5030 1862 5081 ού

282 5098 340 5152 τὸ
373 5099 779 5169 εἰδέναιταῦτα,
815 5105 1057 5178 μερίζειν
1088 5110 1204 5164 ἐστὶ
1244 5112 1341 5176 τὰς
1376 5115 1567 5182 φύσεις
1596 5120 1735 5189 μετά
1767 5121 1866 5192 τὴν

350 5252 397 5284 ⁸⁸
426 5252 622 5323 Ephes.
660 5273 732 5321 tv,
763 5257 813 5311 5.

1915 1712 1953 1764 Β

1985 468 2229 523 naturas,
2266 457 2540 512 unientem
2575 463 2776 518 autem,
2825 463 2884 508 ut
2920 454 3073 518 dicit,
3107 456 3478 513 adorationem
3508 468 3565 514 et

1985 563 2329 604 communem
2357 547 2738 603 auctoritatem
2771 547 3163 613 nominantem,
3201 556 3255 602 et
3288 548 3452 604 solius
3481 549 3565 604 di-

1983 640 2210 711 gnitatis
2236 640 2525 695 unitatem.
2556 637 2709 705 Quod
2753 647 3285 726 autem.commune,
3325 654 3429 693 non
3458 639 3566 692 nti-

1983 728 2101 799 qne'
2130 730 2220 785 uni
2247 743 2539 785 commune
2572 737 2679 795 est,
2704 728 2798 784 sed
2826 729 3036 784 duobus
3064 743 3309 799 prorsus,
3340 729 3423 784 vel
3448 729 3568 800 plu-

1986 823 2153 885 ribus,
2186 820 2276 890 qui
2310 832 2558 874 seorsum
2582 828 2637 873 et
2668 819 2958 889 separatim
2993 818 3427 875 considerantur.
3457 819 3566 875 Cur

1986 913 2153 982 igitur
2174 919 2326 966 tanta
2348 909 2489 965 facta
2513 918 2599 965 est
2620 910 2945 965 declamatio
2967 911 3227 967 adversus
3254 927 3562 968 sermonem

1987 1013 2132 1059 recte
2164 1004 2281 1059 haec
2323 1002 2923 1059 anathematizantem?
2965 1002 3104 1071 Quid
3140 1003 3458 1071 absurdum,
3489 1005 3559 1072 si,

1982 1094 2408 1151 cxsecrahilibus
2432 1104 2489 1150 et
2518 1094 2928 1151 absurdissimis
2954 1094 3189 1151 Nestorii
3218 1097 3563 1153 sermonibus

1983 1188 2067 1256 pia
2099 1187 2352 1255 dogmata
2378 1196 2736 1256 opponentes,
2770 1187 2837 1242 de
2876 1186 3109 1242 fratrum
3155 1187 3328 1244 salute
3358 1188 3560 1259 justam

1982 1292 2167 1332 curant
2191 1278 2496 1349 gessimus!
2518 1277 2785 1347 Quoniam
2813 1279 2998 1335 dicunt
3044 1294 3165 1335 mea
3186 1281 3359 1338 verba
3377 1296 3560 1337 secum

1982 1384 2156 1440 pugna
2170 1384 2245 1435 re,
2268 1378 2323 1425 et
2350 1367 2583 1425 aﬂ'erunt
2607 1371 2673 1427 ad
2704 1371 3224 1428 demonstrationem
3256 1373 3417 1446 166
3438 1388 3563 1444 par-

1983 1468 2090 1516 tem
2140 1460 2382 1531 epistolae
2419 1476 2585 1532 quam
2629 1464 2820 1534 scripsi
2869 1465 2936 1519 ad
2981 1475 3207 1522 sanctos
3243 1465 3562 1534 monachos,

1982 1567 2162 1623 opera:
2192 1555 2424 1622 pretium
2459 1554 2700 1610 arbitror
2741 1566 2795 1611 et
2823 1557 2889 1610 ad
2922 1556 3026 1613 hoc
3067 1560 3448 1614 convenientia
3481 1559 3566 1617 di-

1982 1660 2127 1699 cere.
2164 1641 2362 1698 Dicunt
2387 1645 2535 1700 enim
2569 1647 2712 1715 quod
2760 1649 2901 1703 duas
2928 1649 3093 1703 etiam
3130 1649 3246 1719 ipse
3286 1650 3563 1706 nominavi

1983 1735 2385 1802 subsistentias,
2433 1744 2489 1792 et
2545 1734 2792 1793 suﬂicere
2845 1737 2926 1794 eis
2979 1738 3049 1794 ad
3105 1739 3562 1811 redarguendum,

1979 1830 2121 1897 quod
2165 1842 2262 1883 nos
2309 1828 2450 1884 idem
2496 1839 2665 1900 atque
2699 1829 2800 1900 ipsi
2832 1830 3013 1886 dicere
3056 1845 3164 1887 non
3198 1834 3561 1901 renuerimus,

1979 1922 2067 1989 qui
2125 1921 2269 1977 istud
2337 1922 2513 1993 ipsum
2573 1923 2784 1980 scilicet
2852 1933 3068 1995 putant.
3142 1925 3401 1997 Apposita
3463 1927 3565 1998 igi-

1981 2025 2066 2067 tur
2095 2014 2402 2070 necessario
2441 2029 2507 2069 ea
2553 2026 2709 2086 parte
2757 2016 3026 2087 epistolae,
3077 2018 3412 2075 subinieram
3444 2030 3565 2091 post

1980 2107 2095 2161 haec
2126 2119 2211 2173 ea,
2257 2106 2454 2176 quibus
2486 2108 2687 2178 ubique
2725 2106 2863 2165 falso
2909 2111 3100 2181 nugari
3146 2111 3286 2167 velle
3332 2115 3563 2168 demon-

1979 2207 2240 2254 sm-ntur.
2268 2197 2442 2253 Habet
2461 2209 2640 2254 autem
2664 2200 2744 2255 sic
2769 2218 2782 2255 :
2813 2199 3002 2271 Itaque
3022 2210 3285 2272 quantum
3312 2202 3380 2257 ad
3407 2217 3561 2258 suam

1982 2299 2252 2355 naturam,
2288 2305 2391 2345 non
2430 2291 2835 2347 sanctificatum
2865 2299 2949 2349 est
2978 2294 3275 2363 separatim
3319 2294 3416 2351 Dei
3462 2293 3562 2350 Pa-

1984 2380 2078 2436 tris
2107 2378 2368 2437 Verbum.
2398 2379 2454 2436 Si
2481 2389 2661 2437 antem
2692 2382 2817 2454 quis
2847 2384 3135 2440 existimet
3178 2398 3329 2453 eum,
3355 2386 3449 2456 qui
3479 2395 3564 2442 est

1977 2486 2044 2527 ex
2077 2479 2264 2526 sancta
2299 2468 2522 2541 Virgine
2552 2480 2735 2538 natus,
2769 2484 2993 2530 unctum
3018 2488 3140 2531 esse
3170 2482 3226 2530 et
3248 2477 3562 2531 sanctiﬁca-

1974 2572 2089 2618 tum
2132 2562 2328 2630 solum,
2375 2573 2432 2620 et
2485 2563 2588 2621 hac
2639 2564 2851 2621 ratione
2882 2568 3223 2624 nominatum
3259 2568 3557 2636 Christum,

1974 2654 2204 2723 prodeat
2236 2663 2296 2708 et
2341 2653 2508 2720 dicat,
2560 2670 2688 2711 num
2723 2655 2954 2713 suﬂlciat
2994 2659 3180 2715 unctio
3213 2660 3281 2716 ad
3323 2659 3451 2726 hoc,
3501 2671 3562 2716 ut

1977 2746 2194 2815 eiiiciat,
2230 2746 2374 2816 quod
2421 2755 2617 2802 unctus
2659 2749 2885 2818 aequalis
2931 2750 3117 2820 gloriae
3160 2759 3216 2805 et
3257 2750 3560 2819 maiestatis

1979 2840 2050 2895 sit
2089 2852 2211 2893 cum
2259 2851 2345 2901 eo,
2379 2838 2470 2906 qui
2515 2846 2602 2892 est
2643 2851 2808 2907 super
2833 2841 3038 2905 omnia,
3089 2839 3253 2896 Deus.
3291 2841 3557 2908 Quoniam

1976 2932 2122 2985 enim
2158 2927 2256 2985 Dei
2284 2926 2523 2984 Verbum
2554 2929 2779 2984 seorsim
2805 2929 3079 2984 nominari
3111 2929 3411 2996 Christum,
3444 2929 3558 2987 Ne-

1902 3040 1946 3098 c
1979 3020 2202 3084 storius,
2251 3018 2590 3074 novellarum
2622 3018 2779 3075 nobis
2803 3018 3269 3089 blasphemiarum
3310 3020 3561 3077 inventor

1980 3110 2197 3166 assidue
2220 3108 2480 3177 aﬂirmat;
2512 3122 2567 3168 et
2596 3112 2826 3168 seorsim
2858 3110 3137 3168 Christum
3170 3111 3429 3181 alterum,
3461 3114 3555 3184 qui

1976 3216 2043 3257 ex
2078 3211 2264 3257 sancta
2294 3199 2518 3271 Virgine
2559 3202 2777 3274 genitus
2814 3209 2898 3258 est
2941 3220 2955 3257 :
2990 3209 3049 3256 ut
3080 3202 3221 3258 hanc
3246 3203 3555 3273 opinionem

1980 3300 2296 3348 notaremus
2339 3301 2601 3364 tanquam
2645 3292 3055 3364 improbandam
3081 3308 3147 3349 ac
3183 3296 3555 3364 temerariam,

1976 3393 2033 3439 ct
2075 3400 2104 3439 a
2155 3386 2387 3443 veritate
2417 3385 2681 3452 alienam,
2726 3400 2902 3457 neque
2953 3385 3192 3441 Verbum
3244 3389 3338 3443 Dei
3378 3388 3559 3445 Patris

1975 3490 2219 3533 seorsum
2266 3479 2693 3548 consideratum,
2733 3488 2957 3535 unctum
3000 3494 3121 3538 esse
3166 3479 3288 3536 oleo
3319 3481 3556 3537 exsulta-

1978 3566 2142 3624 tiouis
2187 3566 2559 3636 alﬁrmamus,
2594 3582 2770 3639 neque
2815 3584 3062 3627 seorsum
3103 3580 3158 3627 et
3193 3572 3447 3641 privatim
3499 3584 3559 3628 ut

1975 3657 2269 3725 hominem,
2295 3670 2351 3715 et
2372 3659 2536 3714 alium
2564 3657 2763 3714 Filium
2793 3661 2861 3717 ab
2878 3676 2969 3729 eo,
2990 3663 3081 3733 qui
3113 3673 3199 3719 est
3224 3663 3462 3720 Verbum
3485 3679 3555 3720 ex

1974 3748 2108 3816 Deo,
2150 3766 2272 3806 eum
2319 3750 2411 3821 qui
2455 3765 2487 3805 e
2520 3760 2708 3806 sancta
2752 3751 3004 3822 Virgine;
3045 3755 3340 3812 asserimus
3373 3765 3553 3812 autem

1975 3842 2342 3897 necessarium
2396 3855 2541 3908 esse,
2593 3850 2657 3897 ut
2712 3856 2906 3899 omnes
2968 3844 3331 3903 conﬁteantur
3384 3863 3553 3903 unum

1972 3930 2652 4007 Christum,incarnatum
2694 3943 2750 3988 et
2797 3934 3073 3990 hominem
3125 3937 3326 3992 factum
3363 3940 3555 4007 unige-

1972 4006 2591 4076 nituntDei'Verbum:
2650 4039 2669 4073 ι
2703 4022 2854 4079 Unus
2905 4025 3051 4078 enim
3104 4024 3386 4093 Dominus,
3444 4006 3551 4083 una

1970 4108 2123 4174 ﬁdes,
2186 4125 2351 4165 unum
2393 4112 2660 4182 baptisma
2706 4112 2770 4167 ⁸⁸.
2804 4132 2823 4165 ι
2866 4111 3036 4185 igitur
3089 4116 3241 4183 nulli,
3276 4119 3366 4189 qui
3403 4130 3552 4176 recte

1973 4203 2177 4257 sentire
2214 4201 2371 4269 solet,
2425 4203 2715 4260 obscurum
2757 4214 2860 4273 est,
2920 4206 3064 4276 quod
3104 4208 3298 4264 vitiant
3331 4225 3549 4267 sensum

1971 4308 2158 4349 eorum
2212 4308 2333 4366 quae
2379 4311 2409 4351 a
2458 4311 2546 4352 me
2615 4300 2816 4366 scripta
2866 4308 3012 4365 sunt,
3057 4312 3112 4358 et
3146 4303 3552 4359 calumniantur

1899 4386 1945 4442 D
1972 4385 2139 4441 etiam
2172 4385 2227 4442 in
2262 4387 2367 4443 hoc
2397 4389 2707 4449 veritatem.
2732 4391 2841 4449 sed
2871 4393 3053 4450 etalio
3083 4395 3246 4452 modo
3271 4396 3425 4466 culpa
3455 4413 3549 4450 va-

1970 4487 2123 4533 caret
2166 4487 2222 4533 et
2274 4480 2422 4536 omni
2472 4482 2918 4552 reprehensione,
2954 4483 3115 4554 idque
3150 4485 3367 4551 merito,
3405 4487 3549 4543 scire

1970 4567 2219 4637 forsitan,
2250 4573 2396 4641 quod
2442 4573 2547 4627 alia
2583 4574 2801 4643 quidem
2843 4581 2929 4629 est
2966 4575 3260 4630 secundum
3295 4588 3546 4633 naturam

1969 4663 2246 4733 propriam
2269 4678 2400 4719 caro
2434 4678 2465 4718 a
2501 4663 2680 4720 Verbo
2729 4664 2842 4720 Deo
2893 4665 3055 4721 Patre
3100 4675 3253 4737 nato,
3304 4678 3359 4725 et
3411 4671 3548 4726 alius

1966 4770 2162 4811 rursus
2192 4753 2524 4825 Unigenitus
2558 4757 2856 4812 secundum
2888 4767 3095 4814 natura:
3126 4762 3356 4832 propria:
3375 4764 3546 4818 ratio-

1965 4861 2107 4902 nem.
2142 4845 2247 4902 Sed
2281 4846 2425 4903 scire
2452 4847 2591 4914 haec,
2625 4863 2730 4904 non
2766 4859 2851 4907 est
2885 4851 3127 4908 dividere
3159 4865 3386 4910 naturas
3421 4864 3544 4925 post

1968 4941 2287 4995 unitionem.
2334 4939 2453 4996 Jam
2488 4944 2535 4997 si
2580 4944 2704 5013 quis
2734 4945 2967 5002 voluerit
3013 4953 3337 5005 sacramenti
3374 4951 3545 5004 virtu-

1972 5043 2079 5086 tem
2112 5045 2303 5088 cxacto
2329 5037 2525 5090 mentis
2554 5035 2713 5093 oculo
2735 5041 3103 5107 considerare,
3130 5042 3334 5097 videbit
3359 5042 3545 5110 utique

1978 5124 2118 5192 quod
2148 5123 2324 5193 (sicut
2377 5126 2485 5180 dixi
2520 5127 2572 5180 in
2610 5129 2913 5200 principio)
2959 5146 3068 5185 non
3101 5146 3252 5186 suam
3292 5141 3540 5185 naturam

1343 5417 1516 5475 Varia:
1548 5420 1805 5479 lectiones
1832 5442 1896 5478 cx
1926 5426 2110 5482 codice
2144 5426 2527 5499 Seguieriano.

345 5578 373 5609 χ
403 5566 464 5620 τὸ
485 5565 778 5641 δὲλκοινὴν,
803 5565 961 5641 ’ἴσως
995 5566 1095 5641 οῦκ
1127 5568 1325 5641 ἐννοεῖν
1373 5576 1575 5641 κοινήν.

282 5647 382 5694 σιν.
459 5648 482 5677 ε
513 5635 721 5699 αὐτοίςζ
792 5635 818 5676 ά
848 5637 1141 5709 ἀσύφηλον.

600 5730 871 5795 Panos.
905 5729 1020 5792 Gn.
1048 5731 1315 5795 LXXV].

1225 5577 1325 5623 οεῖν
1373 5577 1575 5641 κοινήν.
1654 5584 1682 5624 1
1720 5615 1734 5636 .
1761 5577 1858 5648 οὐχ
1888 5578 1968 5632 ἑνὶ
2001 5581 2181 5637 κοινὸν
2201 5582 2308 5655 εῐη.

1225 5650 1249 5678 θ
1282 5640 1446 5696 hmo.
1483 5646 1568 5696 δή-
1651 5645 1669 5685 ί
1708 5650 2003 5696 πεφηνότα-

1396 5664 1446 5709 ς,
1483 5646 1568 5718 δή,
1651 5645 1669 5685 ί
1708 5645 2004 5720 πεφηνότα.

2388 5593 2410 5621 ι
2441 5585 2786 5656 πεποίηνται.
2864 5603 2889 5632 α
2919 5592 3253 5667 ὡνόμασεν.δ
3286 5602 3528 5679 ἀπόχρη-

3062 5760 3124 5820 11
