4014 6128
441 322 539 378 5³31

1468 315 1526 371 S.
1567 312 1838 372 CYRILLI
1874 308 2341 367 ALEXANDRINI
2384 307 2700 364 ARCHIEP.

3583 314 3693 370 332

442 434 799 509 apprehendit
845 434 984 488 Deus
1032 432 1299 487 exsistens
1358 427 1629 494 Verbum,
1682 427 1778 481 sed
1828 440 2009 480 semen

2119 422 2328 475 ἕνωσιν.
2361 422 2420 474 Ei
2453 421 2511 473 δὲ
2536 421 2598 491 δή
2631 437 2715 483 τις
2747 391 2988 489 βούλοιτο
3010 421 3110 491 τὴν
3141 420 3236 474 τοῦ
3267 424 3570 495 μυστηρίου
3596 428 3692 482 δύ-

442 526 696 583 Abrahae.
726 524 841 579 Non
875 531 960 580 est
999 531 1177 577 autem
1215 517 1673 578 consubstantiale
1725 516 1905 572 Verbo
1949 531 2016 569 ex

442 620 554 674 Deo
585 625 732 678 nato,
762 616 904 684 quod
936 630 1003 669 ex
1027 613 1231 667 semine
1255 610 1487 665 Abrahae
1516 616 1763 664 sanctum
1797 622 2014 676 corpus,

411 698 583 781 'quod
615 706 771 777 167
802 722 832 760 e
856 705 1012 761 beata
1052 702 1270 773 Virgine
1303 700 1554 769 sumpsit,
1589 699 1886 769 procedens
1908 698 2015 753 ho-

413 806 423 858 .”
444 815 554 866 mo,
592 808 648 852 ut
685 797 943 851 fratribus
986 795 1177 850 similis
1214 801 1378 857 esset,
1412 802 1467 847 et
1506 790 1873 861 appellaretur
1903 791 2016 858 pri-

408 934 413 942 .
444 889 748 959 mogenitus
783 886 872 957 qui
902 896 1019 941 erat
1043 884 1370 957 unigenitus.
1398 883 1654 951 Quamvis
1680 891 1859 936 autem
1889 882 2019 935 alte-

442 981 555 1034 rius
587 987 794 1032 naturae
823 977 893 1030 sit
920 990 1116 1044 corpus
1140 989 1169 1027 a
1196 972 1377 1028 Verbo
1413 973 1501 1026 Dei
1534 971 1736 1036 Patris;
1770 987 1908 1025 unus
1933 980 2018 1026 ta-

442 1084 562 1124 men
591 1076 673 1123 est
708 1067 979 1132 Christus,
1015 1076 1069 1121 et
1102 1064 1292 1130 Filius,
1329 1073 1383 1120 et
1422 1064 1587 1131 Deus,
1635 1072 1686 1118 et
1737 1060 2014 1127 Dominus,

444 1158 653 1213 tametsi
705 1156 881 1212 factus
930 1156 1005 1211 sit
1046 1170 1196 1210 caro.
1242 1153 1356 1208 Non
1405 1152 1553 1209 caret
1587 1162 1766 1208 autem
1798 1153 2014 1218 damno,

441 1248 736 1303 dissolvere
773 1261 915 1302 vera:
949 1246 1211 1300 nnitionis
1254 1245 1496 1307 modum,
1531 1257 1586 1299 et
1622 1244 1859 1299 dividere
1892 1247 2018 1298 sub-

440 1339 722 1393 sistentias
771 1352 799 1390 a
849 1351 909 1391 se
942 1349 1129 1390 mutuo
1179 1335 1452 1405 sejunctas
1486 1334 1538 1387 in
1584 1335 1718 1388 duos
1753 1334 1912 1398 lilios,
1964 1342 2021 1386 ut

441 1429 692 1500 privatim
728 1438 781 1483 et
829 1441 1074 1482 seorsum
1133 1425 1265 1492 sint,
1318 1426 1581 1480 habentes
1626 1436 1803 1479 autem
1847 1426 2017 1479 solum

440 1530 720 1574 externam
750 1517 1167 1581 connexionem,
1206 1524 1260 1571 et
1313 1524 1370 1569 ut
1408 1516 1461 1569 in
1505 1517 1695 1570 ordine
1720 1516 2017 1587 dignitatis.

442 1609 594 1675 Quod
628 1607 671 1662 si
715 1607 1016 1661 naturalem
1053 1606 1309 1660 unionem
1351 1605 1674 1670 dixerimus,
1718 1620 1901 1660 veram
1937 1606 2021 1659 in-

443 1701 756 1772 telligimus.
789 1698 962 1753 [labet
989 1700 1133 1751 enim
1167 1697 1447 1768 Scriptura
1473 1698 1725 1752 divinitus
1763 1698 2020 1766 inspirata

2120 530 2281 583 ναμιν
2315 513 2533 584 ἀκριϐεῖ
2565 510 2804 575 διανοίας
2836 510 3043 582 ὄμματι
3065 513 3562 580 κατασκάπτεσθαι,
3592 537 3694 574 κα-

2118 603 2442 674 ταθρήσειεν
2468 602 2557 664 ἀν,
2585 601 2688 663 ὅτι,
2714 599 2967 671 καθάπερ
3001 599 3137 671 ἔφην
3166 602 3224 653 ὲν
3257 600 3477 672 ἀρχαῖς,
3511 606 3572 658 ού
3595 607 3695 678 τῆς

2118 695 2279 750 αὑτοῦ
2294 695 2506 764 φύσεως
2528 692 2824 746 ἐπελάϐετο
2842 692 2974 756 Θεὸς
3006 692 3082 746 ὢν
3103 695 3131 747 ὁ
3159 693 3350 763 Λόγος,
3369 694 3508 749 ἀλλά
3534 699 3696 771 σπέρ-

2123 803 2288 856 ματος
2321 782 2573 856 Ἀϐραάμ
2596 799 2611 814 ο
2642 784 2740 853 οὐχ
2765 782 3050 853 ὁμοούσιον
3075 784 3133 837 δὲ
3163 784 3241 856 τῷ
3272 788 3336 840 ὲκ
3366 786 3503 841 Θεοῦ
3536 789 3698 857 φύντι

2118 878 2295 946 Λόγῳ,
2319 876 2379 929 τὸ
2407 879 2471 929 ὲκ
2499 876 2812 946 σπέρματος
2847 875 3101 946 Ἀϐραὰμ
3140 877 3296 946 ἆγιον
3326 879 3487 950 σῶμα
3557 882 3696 953 ὅπερ

2120 969 2184 1020 ὲκ
2206 968 2305 1036 τῆς
2339 967 2615 1036 μακαρίας
2640 962 2921 1035 Παρθένου
2959 962 3159 1030 λαϐὼν,
3180 964 3449 1034 προῆλθεν
3480 966 3695 1038 ἀνθρω-

2121 1074 2240 1121 πος,
2267 1058 2353 1109 ἵνα
2382 1059 2492 1118 τοῖς
2511 1055 2761 1125 ἀδελφοῖς
2786 1055 3048 1126 ὁμοιωθῇ,
3075 1055 3167 1108 καὶ
3203 1057 3517 1128 χρηματίσῃ
3549 1075 3700 1129 πρω-

2119 1150 2337 1214 τότοκος
2356 1151 2385 1202 ὁ
2414 1151 2729 1221 μονογενής.
2770 1150 2910 1204 Ἀλλ’
2940 1152 2989 1203 εἰ
3022 1150 3116 1203 καὶ
3141 1149 3287 1203 ἐστιν
3314 1150 3603 1221 ὲτεροφυὲς
3636 1152 3698 1204 τὸ

2122 1241 2281 1311 σῶμα
2316 1242 2467 1311 παρά
2493 1257 2556 1310 γε
2596 1241 2683 1293 τὸν
2725 1242 2789 1293 ὲκ
2821 1240 2959 1293 Θεοῦ
2995 1240 3208 1309 Πατρὸς
3233 1241 3425 1309 Λόγον,
3460 1241 3574 1294 ἀλλ’
3602 1238 3696 1294 οὖν

2123 1328 2202 1395 εἷς
2231 1332 2485 1403 Χριστὸς,
2518 1330 2614 1386 καὶ
2638 1332 2786 1396 Υἱὸς,
2821 1332 2918 1384 καὶ
2946 1331 3100 1396 Θεὸς,
3130 1332 3224 1385 καὶ
3256 1331 3495 1402 Κύριος,
3527 1331 3621 1385 καὶ
3650 1333 3699 1386 εί

2123 1425 2318 1492 γέγονε,
2353 1423 2508 1495 σάρξ.
2546 1424 2656 1476 Καὶ
2688 1425 2779 1477 τὸν
2818 1424 2917 1491 τῆς
2947 1422 3183 1493 ἀληθοῦς
3211 1422 3458 1487 ἑνώσεως
3499 1424 3701 1493 τρόπον

2125 1514 2427 1586 παραλύειν
2455 1516 2556 1568 ούκ
2582 1515 2837 1587 ἀζήμιον,
2861 1515 3171 1579 διιστάντας
3198 1516 3277 1579 είς
3303 1515 3453 1578 υἱοὺς
3481 1516 3573 1569 δύο
3599 1516 3701 1579 τὰς

2124 1607 2472 1672 ὑποστάσεις,
2514 1608 2901 1678 ἀποφοιτώσας
2960 1607 3057 1677 μὲν
3087 1606 3336 1679 ἀλλήλων
3377 1609 3458 1671 εἰς
3490 1607 3552 1661 τὸ
3595 1609 3702 1681 ἰδίᾳ

2123 1715 2182 1751 τε
2213 1695 2353 1752 εἶναι
2400 1698 2495 1752 καὶ⁵
2518 1698 2623 1753 ἀνά
2648 1699 3078 1770 μέρος,ὲχούσας
3106 1698 3164 1752 δὲ
3191 1699 3365 1769 μόνην
3405 1701 3701 1768 συνάφειαν

438 1793 588 1846 hunc
617 1805 845 1856 morem,
873 1791 974 1844 hac
997 1789 1231 1844 dictione
1254 1790 1304 1844 in
1335 1790 1479 1844 hunc
1506 1804 1722 1845 sensum
1743 1791 1840 1844 uti.
1868 1790 2018 1844 Scri-

2119 1788 2217 1860 τὴν
2252 1786 2449 1853 ἔξωθέν
2478 1800 2537 1843 τε
2569 1790 2663 1843 καὶ
2693 1790 2770 1854 ὡς
2806 1790 2866 1842 ἐν
2917 1789 3070 1856 τάξει
3108 1789 3300 1860 τιμῆς.
3342 1790 3406 1843 Et
3433 1789 3494 1843 δὲ
3523 1791 3589 1861 δὴ
3616 1790 3702 1844 λέ-

443 1883 523 1939 bit
553 1883 698 1938 enim
750 1882 949 1937 alicubi
984 1882 1311 1951 quibusdam
1357 1882 1571 1936 divinus
1606 1880 1809 1936 Paulus
1842 1899 1857 1935 :
1901 1902 1918 1932 ο
1958 1882 2022 1937 Et

441 1990 662 2031 eramus
701 1982 890 2027 natura
918 1972 1010 2026 lilii
1046 1974 1159 2038 irae,
1192 1973 1334 2027 sicut
1357 1980 1406 2026 et
1439 1972 1621 2026 caeteri
1646 1970 1722 2038 “;
1753 1990 1771 2022 ι
1811 1981 1865 2026 et
1892 1986 2021 2025 nen-

443 2067 647 2135 tiquam
695 2064 897 2120 dixerit
924 2065 1188 2133 quispiam
1225 2063 1522 2125 subsistere
1554 2073 1800 2118 naturam
1830 2065 2022 2118 divina:

441 2157 558 2221 irae,
605 2156 678 2210 ita
730 2164 789 2210 ut
842 2165 1155 2224 peccatores
1191 2155 1333 2210 illius
1360 2155 1467 2210 sint
1514 2156 1728 2210 soboles
1777 2156 2019 2226 :alioqui

440 2262 662 2317 prorsus
691 2256 748 2302 et
775 2247 1026 2303 omnibus
1060 2247 1236 2303 modis
1286 2246 1686 2302 consentiamus
1722 2247 2022 2302 laboranti-

440 2341 540 2394 bus
596 2338 805 2394 insania
854 2337 1300 2393 Manichaeorum.
1346 2337 1450 2393 Sed
1484 2338 1578 2403 ibi,
1622 2348 1833 2404 natura,
1879 2338 2020 2393 idem

438 2436 522 2484 est
553 2428 718 2497 quod,
769 2441 919 2484 vere.
964 2426 1082 2482 Non
1136 2428 1300 2497 igitur
1328 2429 1725 2483 confundentes
1776 2436 2019 2492 naturas,

446 2534 621 2587 neque
649 2519 797 2588 ipsas
829 2523 970 2573 inter
1001 2534 1060 2574 se
1096 2519 1409 2584 miscentes,
1441 2520 1586 2574 sicut
1610 2520 1795 2575 dicunt
1825 2522 2020 2575 adver-

442 2609 593 2674 sarii,
614 2608 912 2664 naturalem
937 2610 1168 2664 dicimus
1195 2609 1390 2665 factam
1410 2625 1531 2666 esse
1559 2612 1892 2678 unitionem;
1926 2611 2021 2666 sed
2082 2610 2083 2613 “

440 2714 509 2754 ει
546 2699 758 2753 duabus
803 2699 966 2753 rebus
997 2698 1367 2766 dissimilibus,
1421 2700 1639 2766 deitate,
1679 2700 1920 2770 inquam,
1970 2710 2024 2756 et

450 2790 812 2854 humanitate,
848 2804 1010 2842 unum
1049 2787 1251 2843 factum
1286 2803 1408 2844 esse
1427 2788 2022 2855 Christum,etFilinm,

445 2890 500 2935 et
524 2878 830 2945 Dominum,
857 2880 1055 2948 ubique
1077 2877 1430 2936 aﬂirmamus.
1463 2881 1684 2936 Demum
1708 2897 1829 2936 cum
1859 2881 2024 2950 Apol-

442 2974 622 3030 linarii
667 2975 934 3045 dogmatis
978 2973 1140 3044 plane
1185 2974 1320 3029 nihil
1376 2975 1531 3030 nobis
1584 2989 1869 3029 commune
1917 2986 2018 3029 est.

441 3067 622 3123 Semel
648 3068 794 3122 enim
828 3068 1243 3131 condemnatos,
1276 3075 1531 3135 tanquam
1561 3067 1844 3121 veritatem
1873 3067 2022 3121 adul-

445 3168 680 3213 terantes
710 3156 948 3212 aversari
975 3165 1211 3225 oportet.

2120 1896 2316 1950 γοιμεν
2349 1881 2584 1952 φυσικὴν
2613 1881 2714 1949 τὴν
2753 1880 2971 1946 ἕνωσιν,
2998 1883 3097 1951 τὴν
3132 1881 3305 1952 ἀληθῆ
3346 1899 3551 1952 φαμεν,
3583 1883 3701 1948 ἔθος

2123 1971 2355 2043 ἐχούσης
2381 1973 2483 2043 τῆς
2535 1973 2898 2027 θεοπνεύστου
2942 1973 3169 2044 Γραφῆς
3218 1974 3357 2028 οὕτω
3394 1974 3701 2046 κεχρῆσθαι

2120 2067 2186 2135 τῇ
2223 2063 2388 2132 λέξει.
2425 2065 2631 2136 Γράφει
2653 2065 2764 2136 γάρ
2786 2065 2887 2119 πού
2916 2081 3058 2118 τισιν
3082 2067 3112 2119 ὁ
3137 2065 3417 2129 θεσπέσιος
3450 2066 3698 2131 Παῦλος·

2128 2171 2147 2205 ι
2188 2155 2298 2209 Καὶ
2338 2151 2483 2225 ἦμεν
2510 2154 2675 2210 τέκνα
2703 2157 2864 2224 φύσει
2904 2155 3098 2226 ὀργῆς,
3129 2157 3206 2220 ώς
3238 2157 3333 2210 καὶ
3354 2159 3403 2211 ot
3435 2157 3645 2211 λοιποί·
3678 2177 3697 2210 ι

2121 2245 2216 2299 καὶ
2258 2246 2317 2298 ού
2349 2247 2520 2318 δήπου
2549 2248 2684 2318 φαίη
2715 2264 2798 2311 τις
2825 2246 2889 2300 ἂν
2911 2247 3212 2316 ὑφεστάναι
3252 2250 3395 2302 κατά
3423 2248 3586 2318 φύσιν
3605 2249 3700 2321 τὴν

2123 2335 2273 2388 θείαν
2307 2336 2500 2406 ὀργὴν,
2559 2336 2700 2389 ὥστε
2757 2337 2852 2390 καὶ
2887 2337 3055 2407 αὐτῆς
3109 2337 3430 2408 γεννήματα
3458 2338 3697 2392 νοεῖσθαι

2122 2430 2247 2491 τοὺς
2270 2428 2689 2499 ἁμαρτάνοντας
2712 2444 2726 2458 °
2752 2429 2784 2499 ή
2809 2430 2989 2500 πάντη
3011 2446 3070 2482 τε
3099 2430 3192 2483 καὶ
3222 2430 3438 2494 πάντως
3464 2431 3702 2502 ἐσόμεθα

2125 2519 2441 2590 σύμφρονες
2471 2522 2496 2559 5
2528 2522 2641 2584 τοῖς
2689 2519 2786 2591 τὴν
2836 2521 3156 2591 Μανιχαίων
3218 2521 3434 2576 νοσοῦσι
3483 2524 3698 2593 μανίαν.

2134 2611 2296 2665 ’Λλλά
2324 2611 2404 2676 τὸ,
2437 2612 2618 2680 φύσει,
2643 2610 2795 2683 δηλοί
2828 2614 2889 2665 τὸ
2918 2613 3057 2668 κατά
3085 2613 3367 2685 ἀλήθειαν.
3402 2613 3613 2668 Οὐκοῦν
3640 2616 3702 2669 οὒ

2122 2704 2448 2774 συγχέοντες
2491 2704 2591 2767 τάς
2635 2704 2826 2773 φύσεις
2850 2744 2863 2768 ,
2903 2704 3027 2759 οὔτε
3077 2707 3185 2776 μὴν
3229 2706 3489 2778 ἀλλήλαις
3533 2708 3704 2771 αὐτὰς

2123 2794 2492 2865 ἀναφύροντες
2515 2836 2530 2861 ,
2568 2794 2712 2850 καθά
2744 2813 2906 2866 φασιν
2937 2800 2985 2850 οἱ
3028 2798 3094 2850 δι’
3147 2799 3415 2862 ἐναντίας,
3466 2799 3703 2869 φυσικήν

2123 2903 2304 2957 φαμεν
2336 2887 2587 2955 γενέσθαι
2610 2889 2708 2959 τὴν
2740 2888 2961 2942 ἕνωσιν·
2995 2889 3109 2942 ἀλλ’
3141 2891 3205 2943 ἐκ
3230 2890 3325 2944 δύο
3357 2893 3701 2962 πραγμάτων

2123 2977 2413 3047 ἀνομοίων,
2457 2976 2708 3049 θεότητος
2736 2995 2796 3031 τε
2852 2981 2946 3032 καὶ
2978 2980 3414 3050 ἀνθρωπότητος,
3462 2982 3558 3034 τὸν
3608 2982 3699 3034 ἕνα

2123 3068 2378 3139 γενέσθαι
2407 3071 2660 3140 Χριστὸν,
2693 3071 2785 3123 καὶ
2817 3070 2966 3136 Υἰὸν,
2995 3073 3089 3124 καὶ
3123 3068 3327 3143 Κύριον
3358 3072 3701 3127 διαϐεϐαιού-

2050 3141 2090 3196 C
2127 3158 2269 3227 μεθα
2297 3159 2594 3230 πανταχοῦ.
2637 3160 2758 3214 Τῶν
2784 3161 2840 3214 δὲ
2889 3141 3264 3235 Ἀπολιναρίου
3302 3165 3589 3237 δογμάτων
3614 3165 3702 3218 ού-

440 3253 552 3317 δεὶς
587 3230 867 3315 παντελῶς
936 3254 1068 3322 ἡμῖν
1099 3255 1127 3305 ὁ
1159 3253 1314 3322 λόγος
1339 3269 1352 3282 ·
1414 3254 1539 3317 τοὺς
1582 3254 1690 3323 γὰρ
1756 3252 1902 3319 ἅπαξ
1972 3258 2504 3327 κατακεκριμένους,
2554 3258 2630 3321 ὠς
2695 3230 3219 3331 παραχαράττοντας
3267 3230 3699 3333 τὴν-’ἀλήθειαῆ

442 3343 886 3416 ἀποστρέφεσθαι
928 3344 1056 3415 χρή.

851 3434 1484 3493 ANATIIEMATISMUS
1517 3438 1613 3493 ιν.

518 3550 577 3604 Si
611 3550 731 3618 quis
780 3548 990 3603 duabus
1025 3563 1119 3616 per
1152 3549 1289 3612 onis,
1315 3550 1427 3604 sive
1461 3551 1866 3622 hypostasibus,
1923 3566 2016 3609 eas

447 3658 605 3698 voces
650 3640 917 3703 attribuit,
970 3655 1089 3709 quae
1133 3640 1184 3693 in
1238 3642 1563 3710 evangelicis
1606 3654 1659 3698 et
1703 3644 2013 3714 apostolicis

449 3734 747 3802 δατήριοι-ιε
792 3718 989 3800 passim
1042 3742 1357 3796 occurrunt,
1409 3750 1595 3802 qtneve
1634 3750 1663 3789 a
1701 3736 1905 3790 sanctis
1948 3736 2015 3790 de

443 3825 684 3889 Christo,
716 3822 796 3877 vel
827 3822 891 3876 ab
917 3821 1031 3890 ipso
1060 3836 1272 3890 qutique
1313 3821 1531 3878 Christo
1559 3825 1625 3878 de
1655 3825 1832 3892 scipso
1859 3825 2016 3879 dictae

444 3930 606 3983 sunt;
651 3925 704 3973 et
744 3915 878 3971 alias
911 3914 1126 3983 quidem
1159 3912 1360 3966 homini
1408 3922 1662 3982 tanquam
1692 3928 1937 3968 seorsum
1982 3930 2013 3968 a

436 4010 552 4066 Deo
576 4009 750 4066 Verbo
772 4007 1112 4063 considerato
1143 4005 1396 4068 ascribit;
1431 4005 1564 4061 alias
1596 4019 1725 4061 vero
1756 4014 2013 4074 tanquam

443 4106 549 4157 Deo
587 4101 993 4161 convenientes,
1045 4097 1143 4152 soli
1200 4097 1291 4151 Dei
1341 4096 1516 4150 Patris
1569 4096 1738 4151 Verbo
1759 4097 2011 4166 adaptat;

437 4197 722 4248 anathema
763 4192 857 4246 sit.

895 4300 1249 4355 Orientalium
1284 4302 1555 4369 oppositiu.

499 4416 882 4485 Congruenter
940 4411 1100 4466 etiam
1153 4414 1254 4467 hoc
1309 4412 1426 4467 loco
1476 4411 1548 4465 illi
1588 4426 1684 4475 sua
1715 4412 1885 4483 ipsius
1923 4414 2015 4467 dc-

430 4515 584 4561 creta
637 4501 970 4579 suggerenda
1024 4509 1167 4555 sunt.
1205 4499 1349 4554 Dixit
1384 4500 1527 4554 enim
1576 4500 1878 4568 :Quamvis
1912 4516 2011 4555 au-

438 4595 553 4649 dias
597 4594 737 4663 quod
787 4590 1077 4661 profecerit
1104 4599 1263 4644 ωιειιι
1292 4598 1345 4642 et
1372 4588 1635 4657 sapientia
1658 4598 1712 4643 et
1742 4590 1913 4658 gratia
1939 4588 2006 4655 ⁸⁸,

2547 3436 3140 3492 ΑΝΑΘΕΜΑΤΙΣΜΟΣ
3201 3444 3274 3495 Δ’.

2198 3548 2265 3600 Εἴ
2297 3564 2376 3611 τις
2405 3547 2717 3618 προσώποις
2743 3549 2915 3614 δυσὶν,
2946 3553 3112 3622 ἦγουν
3141 3554 3496 3622 ὑποστάσεσι,
3520 3562 3622 3626 τάς
3644 3579 3700 3615 τε

2122 3638 2181 3693 ὲν
2204 3643 2314 3704 τοῖς
2352 3640 2726 3709 εύαγγελικοῖς
2770 3645 2864 3696 καὶ
2892 3645 3267 3712 ἀποστολικοῖς
3305 3653 3702 3723 συγγράμμασι

2121 3730 2366 3802 διανέμει
2420 3733 2622 3803 φωνὰς,
2681 3736 2712 3807 ἢ
2771 3738 2864 3789 ἐπὶ
2916 3738 3136 3810 Χριστῴ
3186 3742 3336 3813 παρά
3371 3743 3483 3796 τῶν
3534 3747 3703 3814 ἁγίων

2122 3820 2444 3893 λεγομένας,
2477 3823 2510 3893 ἢ
2539 3826 2669 3897 παρ’
2699 3825 2867 3879 αὐτοῦ
2909 3829 3036 3898 περὶ
3076 3831 3268 3884 ἑαυτοῦ
3296 3848 3317 3872 ἰ
3350 3834 3568 3901 καὶτὰς
3607 3838 3700 3908 μὲν

2121 3910 2197 3977 ώς
2223 3913 2493 3984 ἀνθρώπῳ
2528 3914 2678 3986 παρὰ
2710 3916 2800 3969 τὸν
2829 3919 2892 3971 ὲκ
2921 3918 3055 3972 Θεοῦ
3088 3921 3300 3994 Πατρδς
3327 3924 3501 3993 Λόγον
3522 3925 3701 3989 tame;

2121 4006 2393 4077 νοουμένῳ
2431 4012 2755 4077 προσάπτει,
2784 4013 2881 4076 τὰς
2913 4012 2970 4065 δὲ
2997 4013 3072 4077 ώς
3099 4014 3423 4087 θεοπρεπεῖς
3448 4023 3599 4094 μόνῳ
3625 4022 3698 4093 τῷ

2120 4097 2186 4150 ἐκ
2222 4097 2355 4151 Θεοῦ
2386 4099 2596 4170 [ἰατρὸς
2622 4101 2780 4172 Λόγῳ
2798 4118 2811 4132 ⁸
2838 4103 3084 4175 ἀνάθεμᾶ
3113 4106 3270 4162 ἔστω.

2394 4299 2766 4369 Ἀντίρῤησις
2823 4303 2942 4358 τῶν
3006 4306 3411 4364 Ἀνατολικῶν.

2205 4409 2521 4465 Ἀκόλουθον
2594 4414 2876 4469 κάνταῦθα
2921 4416 3028 4471 τῶν
3083 4420 3248 4474 αὐτοῦ
3307 4421 3696 4497 θεσπισμάτων

2119 4499 2279 4553 αὐτὸν
2323 4502 2656 4573 ὑπομνῆσαι,
2711 4507 2766 4560 ὲν
2813 4502 2896 4572 οἷς
2930 4526 3091 4580 φησι·
3138 4511 3256 4567 Κᾶν
3303 4514 3571 4589 ἀκούσῃς,
3618 4520 3695 4573 ὅτι

2122 4591 2428 4662 προέκοπτε
2466 4594 2648 4665 σοφίᾳ,
2682 4597 2775 4648 καὶ
2805 4598 3012 4669 ἡλικίᾳ,
3048 4602 3140 4653 καὶ
3168 4602 3373 4672 χάριτι,
3409 4607 3485 4677 μὴ
3538 4609 3696 4675 σοφὸν

439 4701 504 4738 ne
534 4692 689 4751 putes
723 4683 939 4751 sapiens
982 4695 1049 4736 ex
1097 4681 1429 4743 incremento
1462 4679 1663 4735 factum
1701 4680 1862 4751 168
1892 4694 2011 4735 esse

2119 4682 2173 4747 ἐξ
2196 4684 2487 4749 ἐπιδόσεως
2520 4687 2772 4755 γενέσθαι
2802 4692 3029 4762 νομίσῃς
3062 4693 3152 4746 τὸν
3196 4695 3292 4748 τοῦ
3326 4696 3461 4751 Θεοῦ
3490 4700 3689 4768 Λόγον·

440 4771 671 4827 Verbum
710 4771 805 4825 Dei
843 4789 857 4824 :
906 4787 1079 4840 neque
1126 4786 1314 4827 rursus
1358 4771 1485 4825 illud
1541 4773 1820 4844 nngaeiter
1862 4774 2012 4827 ansis

2119 4774 2237 4845 μηδ’
2269 4771 2337 4829 αὖ
2377 4777 2553 4830 ἐκεῖνο
2606 4779 2900 4849 φληνάφως
2947 4783 3226 4856 τολμήσῃς
3267 4788 3466 4852 εἰπεῖν,
3508 4790 3591 4843 ὃτι
3633 4791 3695 4842 τὸ

439 4865 639 4927 dicere,
673 4864 834 4931 quod,
865 4863 1127 4930 proiicere
1154 4863 1206 4916 in
1239 4872 1397 4917 artata
1421 4874 1479 4919 et
1507 4864 1768 4934 sapientia
1804 4873 1858 4919 et
1888 4880 2012 4934 gra-

2112 4867 2444 4937 προκόπτειν
2498 4870 2555 4922 ὲν
2613 4871 2820 4943 ἡλικία,
2870 4875 2964 4927 καὶ
3012 4876 3191 4947 σοφίᾳ,
3247 4879 3341 4931 καὶ
3397 4882 3581 4950 χάριτι
3618 4882 3697 4951 τῷ

439 4956 537 5020 tia,
582 4952 786 5008 homini
828 4953 1155 5020 aptabimus.
1202 4954 1433 5022 (Verum
1466 4956 1686 5011 tametsi
1717 4968 1873 5027 neget
1909 4956 2011 5013 hoc

2119 4955 2383 5026 ἀνθρώπῳ
2401 4959 2754 5030 προσάψομεν
2776 4979 2789 4991 ·
2813 4962 2832 5026 (
2848 4962 2984 5015 ’Λλλ’
3001 4965 3050 5017 εί
3067 4966 3161 5018 καὶ
3188 4966 3433 5036 ἀρνεῖται
3461 4969 3699 5024 ἐνταῦθα

439 5047 559 5103 loco
601 5045 899 5113 Scriptura:
943 5043 1338 5107 testimonium,
1373 5060 1480 5114 quo
1515 5047 1791 5112 docemur,
1833 5046 2010 5115 profe-

434 5151 582 5195 ctum
614 5136 763 5193 illum
799 5135 952 5205 juxta
984 5141 1233 5187 naturam
1270 5135 1454 5189 carnis
1483 5135 1720 5201 Domini,
1766 5152 1886 5206 qua:
1926 5137 2007 5190 vi-

435 5233 683 5290 dehatur,
716 5229 913 5292 fuisse;
944 5241 1088 5281 nunc
1122 5235 1298 5279 tamen
1329 5240 1432 5279 non
1465 5237 1548 5282 est
1580 5238 1789 5298 tempus
1820 5229 2005 5283 redar-

505 5388 549 5419 “
574 5386 767 5456 Ephes.
802 5400 862 5447 ll,
891 5383 943 5437 5.
1021 5383 1066 5415 ⁸⁸
1104 5380 1236 5437 Luc.
1281 5398 1337 5447 tt,
1379 5382 1466 5438 52.

2109 5047 2209 5117 τὴν
2230 5051 2327 5118 τῆς
2355 5049 2578 5120 Γραφῆς
2602 5053 2911 5123 μαρτυρίαν
2934 5054 3292 5111 διδάσκουσαν
3321 5060 3403 5112 ὅτι
3437 5062 3576 5114 κατά
3598 5073 3700 5129 τὴν

2110 5139 2207 5209 τῆς
2241 5139 2573 5210 φαινομένης
2621 5143 2822 5213 σαρκὸς
2863 5144 3024 5213 φύσιν
3073 5147 3169 5203 τοῦ
3223 5149 3435 5221 Κυρίου
3484 5150 3553 5204 τὰ
3594 5154 3701 5219 τὴς

2110 5227 2395 5300 προκοπῆς
2443 5232 2653 5299 ἐγίνετο
2714 5235 2763 5299 ιι,
2818 5235 2936 5289 ἀλλ’
2965 5239 3024 5290 ού
3061 5240 3253 5312 καιρὸς
3290 5239 3384 5297 νῦν
3413 5240 3573 5297 τοῦτο
3617 5239 3701 5294 ὄι-

1496 5538 1663 5593 Varia:
1695 5540 1951 5594 lectiones
1980 5555 2042 5595 ex
2073 5541 2257 5597 codice
2289 5540 2663 5612 Segnieriano.

512 5699 534 5736 ε
562 5691 859 5761 ἰσόφρονες.
930 5690 958 5728 ιι
983 5688 1213 5758 ἐγένετο.
