4014 6128
331 306 423 363 533

919 298 1445 360 APOLOGETICUS
1480 300 1617 359 PRO
1653 298 1746 354 XII
1783 294 2145 356 CAPITIBUS
2178 300 2458 359 CONTRA
2495 299 2956 357 ()RIENTALES.

3456 304 3568 359 5⁸54

335 423 590 493 ελένχειν,
608 417 978 490 ἐπειγομένοις
1004 420 1174 473 ἐπὶτὸ
1189 420 1547 491 προκείμενον
1570 419 1885 490 κεφάλαιον·
1917 470 1919 475 ι

2027 419 2184 475 nendi
2211 420 2335 487 hoc,
2372 421 2756 479 festinantibus
2799 422 2864 474 ad
2883 417 3216 490 propositum
3244 420 3553 489 capitulum.

334 512 420 568 τοῦ
452 512 565 583 γὰρ
597 510 766 577 δεῖξαι
798 508 892 562 δύο
933 510 1259 573 ὑποστάσεις
1302 511 1465 563 αὑτὸν
1503 510 1749 578 λέγοντα,
1798 509 1894 561 καὶ

2022 507 2152 576 iam,
2182 519 2239 564 ut
2259 513 2670 567 ostenderemus
2700 527 2824 566 eum
2853 512 3034 565 dicere
3067 510 3199 564 duas
3221 510 3563 581 hypostases,

336 604 508 675 ἑαυτῷ
536 602 959 671 ἐναντιούμενον,
995 602 1393 673 παρεθήκαμεν
1440 602 1509 656 τὰ
1548 602 1717 656 πάλαι
1747 600 1896 670 αὐτῷ

2022 610 2048 654 ιι
2082 601 2181 657 sibi
2217 603 2319 674 ipsi
2349 618 2469 659 esse
2514 604 2870 666 contrarium,
2920 600 3267 671 opposuimus
3311 615 3398 667 ea,
3449 614 3569 670 quae

288 744 293 750 .
341 696 614 767 εἰρημένα.
654 682 818 755 Ὡςδὲ
856 694 871 732 ί
908 695 1220 764 προσώποις
1246 691 1422 756 δυσὶν,
1449 692 1482 763 ἢ
1514 691 1893 757 ὑποστάσεσιν,

347 793 376 863 ἦ
403 793 533 853 υἱοῖς
556 789 672 842 δυσὶ
712 785 1055 859 διαιροῦντας
1084 788 1184 860 τὴν
1209 787 1427 855 ἕνωσιν,
1456 790 1624 860 ἤγουν
1662 789 1754 842 τὸν
1801 788 1897 841 ἕνα

349 885 484 950 Υίὸν,
512 882 609 947 τὰς
635 881 819 952 φωνὰς
846 881 1179 953 ἐφαρμόζειν
1199 883 1260 935 οὐ
1284 880 1390 936 δείἱ
1427 898 1442 914 ·
1472 882 1774 952 ἀδιαίρετος
1790 880 1899 953 γὰρ

346 978 426 1030 καὶ
468 973 769 1046 ἀχώριστος
817 974 851 1043 ἡ
896 972 1041 1043 ἄκρα
1081 973 1306 1036 ἓνωσις·
1359 973 1455 1027 καὶ
1502 976 1531 1026 ὁ
1577 967 1657 1036 εἷς
1703 972 1833 1036 Υίὸς
1868 973 1897 1013 ι

342 1068 464 1123 κατὰ
488 1068 668 1120 πάντα
698 1067 793 1120 καὶ
818 1065 997 1134 λόγον,
1039 1065 1133 1118 καὶ
1157 1065 1377 1135 τρόπον,
1402 1067 1494 1119 καὶ
1526 1064 1733 1120 ἔννοιάν
1761 1066 1897 1119 ἐστι.

340 1160 435 1222 Τῆς
458 1159 514 1212 δὲ
542 1159 719 1230 ἄκρας
757 1156 1002 1220 ἐνῶσεως
1046 1156 1474 1229 φυλαττομένης,
1522 1158 1614 1212 καὶ
1657 1157 1751 1211 τοῦ
1786 1157 1902 1221 ἐνὸς

339 1249 454 1302 Υίοῦ
500 1247 546 1314 1,
597 1248 694 1302 καὶ
732 1246 992 1319 Χριστοῦ,
1049 1247 1144 1300 καὶ
1195 1248 1399 1318 Κυρίου
1449 1248 1902 1320 ὁμολογουμένου,

337 1342 456 1413 περὶ
481 1340 575 1395 τὸν
601 1340 701 1394 ἕνα
758 1341 850 1394 καὶ
882 1339 974 1393 τὸν
1000 1338 1160 1392 αὐτὸν
1189 1339 1316 1393 Υίὸν
1340 1340 1778 1410 ἐπιλαμϐάνεσθαι
1800 1340 1905 1413 χρὴ

336 1434 399 1487 τὰ
450 1433 742 1503 λεγόμενα.
821 1430 977 1485 Κατὰ
1035 1430 1219 1500 μέντοι
1274 1430 1374 1502 τὴν
1441 1431 1551 1485 τῶν
1604 1431 1905 1485 ὲνωθεισῶν

340 1524 547 1593 φύσεων
585 1521 817 1592 δύναμιν
847 1520 1251 1592 ἐφαρμόζεσθαι
1292 1521 1493 1593 πρέπει
1540 1521 1618 1594 τῷ
1662 1523 1743 1576 ἐνὶ
1795 1522 1908 1591 Υίῷ

340 1617 405 1669 τὰ
430 1615 744 1684 λεγόμενα.)
768 1613 840 1666 Τὸ
870 1612 926 1666 δὲ
966 1613 1040 1684 μὴ
1068 1614 1217 1685 ἐρεῖν
1245 1622 1284 1650 ω
1314 1614 1413 1678 τὰς
1441 1617 1499 1668 ὲν
1526 1618 1638 1679 τοῖς
1659 1615 1908 1683 Εὑαγγε-

343 1705 473 1769 λίοις
499 1704 705 1774 φωνὰς,
736 1704 769 1775 ἥ
796 1704 894 1768 τὰς
925 1705 1054 1775 παρ’
1084 1704 1247 1757 αὑτοῦ
1276 1704 1369 1757 τοῦ
1401 1705 1606 1774 Κυρίου
1636 1705 1764 1775 περὶ
1787 1707 1912 1758 ἐαυ-

340 1796 429 1851 τοῦ
455 1795 767 1868 εἰρημένας,
793 1796 825 1867 ἢ
854 1795 952 1859 τὰς
993 1798 1052 1848 ἐν
1080 1796 1192 1859 τοῖς
1219 1794 1597 1858 ἀποστολικοῖς
1626 1795 1908 1865 συγγράμ-

344 1905 469 1959 μασι
524 1890 804 1959 κειμένας,
852 1888 1013 1942 ποίαν
1060 1886 1365 1959 ὑπερϐολὴν
1412 1888 1766 1960 βλασφημίας
1810 1889 1910 1958 οὐχ

339 1977 656 2051 ὑπεραίρειξ
704 1980 767 2033 Εἰ
795 1979 903 2050 γὰρ
943 1978 1019 2049 μὴ
1057 1978 1375 2051 διαιροῦμεν
1408 1980 1508 2044 τὰς
1553 1980 1758 2050 φωνὰς,
1792 1980 1910 2043 πῶς

340 2074 402 2126 ἂν
430 2072 852 2142 ἀντιϐλέψιιμεν
879 2074 992 2135 τοῖς
1018 2072 1283 2143 Εὐνομίου
1335 2074 1428 2127 καὶ
1458 2073 1697 2144 Ἀρείου,
1734 2074 1913 2129 πάντα

340 2163 412 2226 ὼς
464 2164 545 2225 είς
591 2162 718 2231 μίαν
764 2161 929 2229 φύσιν
972 2163 1242 2233 εἰρημένα
1283 2164 1647 2235 συμφύρουσι,
1697 2164 1793 2218 καὶ
1843 2164 1916 2218 τὰ

341 2254 571 2307 ταπεινὰ
611 2254 711 2323 τῆς
750 2252 1172 2324 ἀνορωπὸτητος
1214 2256 1295 2319 είς
1320 2255 1420 2327 τὴν
1448 2255 1790 2327 ὑψηλοτάτην
1816 2256 1915 2325 τῆς

341 2346 619 2416 ἀκηράτου
679 2344 949 2416 Θεὸτητος
985 2346 1145 2415 φύσιν
1195 2347 1528 2419 βλασφήμως
1582 2348 1915 2416 ἀνάγουσιν;

343 2441 412 2492 Ἢ
437 2440 554 2501 πῶς
579 2440 844 2509 νοήσομεν
870 2440 967 2501 τὰς
999 2437 1089 2491 τοῦ
1124 2439 1329 2509 Κυρίου
1361 2438 1564 2508 φωνὰς,
1586 2439 1674 2493 διὰ
1694 2439 1792 2510 τὴν
1819 2439 1918 2508 τῆς

345 2527 673 2597 φαινομένης
716 2528 918 2597 σαρκὸς
951 2528 1113 2596 φύσιν
1159 2528 1432 2591 εἰπόντος’
1474 2548 1492 2578 ι
1521 2529 1636 2581 Οὐκ
1670 2522 1830 2598 ἦλθον
1858 2529 1920 2581 τὸ

346 2619 479 2689 ὲμὸν
510 2618 723 2688 θέλημα
742 2618 966 2687 ποιῆσαι
994 2635 1009 2683 ;
1034 2637 1053 2669 ι
1083 2619 1178 2672 καὶ
1210 2620 1270 2671 τὸ
1290 2659 1304 2683 ,
1340 2639 1357 2669 ι
1383 2619 1633 2690 Ἐντολὴν
1657 2619 1848 2673 ἔλαϐον
1868 2621 1921 2674 τί

352 2710 510 2774 εἴπω,
539 2709 634 2761 καὶ
671 2708 724 2761 τί
756 2707 1016 2778 λαλήσως
1051 2727 1071 2761 ι
1106 2709 1202 2762 καὶ
1228 2709 1288 2761 τὸ
1314 2750 1328 2773 ,
1368 2728 1386 2761 ι
1432 2707 1573 2778 Ἐγὼ
1613 2710 1707 2763 ἀπ’
1752 2714 1921 2782 ἐμαυ-

350 2800 446 2854 τοῦ
497 2800 650 2854 οὒδὲν
696 2800 865 2866 ποιῶ;
898 2819 918 2853 ι
968 2801 1062 2854 καὶ
1095 2801 1192 2866 τὸ,
1251 2782 1603 2873 «Πορεύομαι
1652 2803 1789 2874 πρὸς
1833 2805 1923 2858 τὸν

353 2891 572 2959 Πατέρα
598 2908 721 2960 μου,
754 2892 848 2943 καὶ
889 2891 1109 2962 Πατέρα
1147 2892 1319 2961 ὑμῶν,
1356 2894 1449 2946 καὶ
1496 2893 1627 2947 Θεόν
1661 2911 1784 2966 μου,
1828 2898 1925 2950 καὶ

348 2981 482 3033 Θεὸν
507 2981 690 3051 ὑμῶν·
722 3000 741 3033 ι
774 2982 868 3035 καὶ
898 2980 967 3034 τὰ
988 2981 1148 3035 λοιπά
1169 2983 1268 3037 ὅσα
1282 2983 1541 3051 τοιαῦτα;
1584 2985 1925 3058 Ἀδιαιρέτων

344 3071 452 3147 τῶν
487 3071 699 3141 φωνῶν,
729 3071 918 3145 ὥσπερ
940 3073 1033 3127 καὶ
1056 3074 1161 3128 τῶν
1187 3073 1419 3143 φύσεων,
1451 3078 1748 3146 μενουσῶν,
1772 3078 1926 3132 ἔσται

349 3164 470 3217 κατ’
507 3163 668 3217 αὐτὸν
735 3163 828 3217 τοῦ
893 3166 1213 3235 μονογενοῦς
1247 3167 1382 3219 Θεοῦ
1422 3167 1578 3235 Θεὸς,
1620 3168 1647 3221 ὁ
1696 3170 1889 3240 Πατήρ
1912 3186 1926 3201 ο

344 3253 659 3324 λειτουργὸς
704 3253 762 3307 δὲ
817 3256 912 3309 καὶ
967 3254 1210 3319 διάκονος
1252 3256 1360 3310 τῶν
1418 3257 1703 3329 πατρικῶν
1758 3277 1930 3331 προσ-

1999 694 2124 748 olim
2158 694 2226 750 ab
2257 696 2375 764 ipso
2403 697 2542 751 dicta
2578 705 2729 751 sunt.
2760 694 3044 766 Tanquam
3070 709 3197 750 vero
3218 694 3426 749 duabus
3448 707 3568 762 per-

1998 783 2167 851 sonis,
2203 783 2291 840 vel
2324 786 2533 841 duabus
2563 785 2903 850 substantiis,
2940 785 3022 840 vel
3069 784 3275 839 duobus
3316 784 3461 852 liliis,
3492 785 3568 837 di-

2000 875 2229 931 videndo
2279 877 2603 944 unitionem,
2634 877 2739 933 hoc
2799 886 2881 931 est
2936 889 3103 930 unum
3132 874 3352 939 Filium,
3410 890 3572 930 voces

2001 974 2185 1033 aptare
2213 980 2319 1021 non
2355 975 2572 1036 oportet
2611 982 2626 1021 :
2663 967 3007 1022 indivisibilis
3036 966 3178 1019 enim
3214 975 3269 1020 et
3298 968 3576 1036 insepara-

2002 1057 2125 1111 bilis
2155 1066 2239 1113 est
2268 1071 2475 1111 summa
2504 1058 2710 1123 unitio;
2739 1070 2793 1112 et
2817 1071 2957 1112 unus
2986 1056 3157 1111 Filius
3189 1058 3439 1111 omnibus
3464 1071 3577 1111 mo-

2003 1148 2086 1203 dis
2114 1161 2170 1204 et
2192 1148 2491 1205 rationibus
2517 1158 2572 1204 et
2606 1149 3025 1221 cogitationibus
3051 1158 3134 1206 est
3181 1167 3195 1204 :
3229 1151 3323 1206 sed
3366 1164 3576 1204 summa

2005 1241 2246 1297 unitione
2273 1250 2508 1309 servata,
2526 1251 2579 1297 et
2598 1242 2906 1299 confitendo
2930 1258 3093 1296 unum
3110 1242 3303 1297 Filium
3342 1250 3394 1297 et
3420 1241 3581 1296 Chri-

2006 1340 2147 1387 stum
2166 1342 2222 1388 et
2246 1333 2555 1396 Dominum,
2579 1333 2646 1389 de
2671 1349 2777 1389 uno
2802 1343 2857 1388 et
2879 1335 3069 1388 eodem
3104 1332 3244 1387 Filio
3269 1332 3580 1402 accipienda

2008 1436 2134 1479 sunt
2172 1440 2292 1495 qua:
2326 1426 2580 1481 dicuntur
2611 1442 2626 1479 :
2660 1434 2901 1480 attamen
2935 1426 3087 1495 juxta
3122 1426 3379 1480 virtutem
3427 1433 3583 1480 natu-

2010 1530 2190 1570 rarum
2230 1515 2505 1570 unitarum
2551 1517 2811 1586 adaptare
2845 1516 3102 1573 convenit
3143 1516 3236 1571 uni
3284 1515 3421 1571 Filio
3465 1529 3584 1584 quae

2010 1607 2322 1679 dicuntur.)
2352 1606 2625 1663 Caeterum
2658 1623 2763 1664 non
2796 1622 3054 1677 separare
3111 1622 3276 1664 voces
3310 1622 3429 1677 quae
3459 1616 3585 1662 sunt

2014 1696 2064 1750 in
2102 1696 2430 1766 Evangeliis,
2460 1712 2595 1765 quas
2630 1697 2711 1751 vel
2752 1699 2866 1767 ipse
2891 1697 3152 1751 Dominus
3182 1699 3249 1750 de
3276 1709 3337 1751 se
3374 1696 3585 1750 locutus

2013 1794 2117 1851 est,
2164 1784 2248 1839 vel
2281 1786 2575 1856 apostolica
2608 1787 2807 1857 scripta
2856 1789 3076 1853 habent,
3116 1801 3276 1857 quam
3316 1787 3589 1859 hyperbo-

2014 1878 2100 1933 len
2127 1877 2475 1948 blasphemia!
2505 1893 2611 1934 non
2643 1879 3020 1935 transcendit?
3048 1878 3180 1934 Nam
3212 1879 3256 1935 si
3281 1894 3445 1935 voces
3478 1894 3586 1933 non

2016 1969 2416 2037 distinguimus,
2442 1973 2711 2041 quomodo
2737 1973 3210 2029 obsistemusArio
3233 1980 3287 2027 et
3305 1973 3588 2039 Eunotnio,

2017 2062 2197 2116 omnia
2230 2071 2484 2132 tanquam
2532 2064 2586 2118 in
2614 2081 2776 2118 uuam
2808 2075 3051 2119 naturam
3080 2068 3221 2119 dicta
3249 2066 3590 2121 Coninmien-

2021 2154 2188 2219 tibus,
2216 2161 2275 2208 et
2306 2152 2526 2209 humilia
2560 2155 2915 2210 humanitatis
2944 2155 2999 2210 in
3035 2170 3301 2211 summam
3341 2158 3590 2211 incorru-

2023 2244 2228 2314 ptibilis
2261 2244 2480 2301 deitatis
2528 2256 2778 2301 naturam
2831 2247 2997 2316 impie
3045 2248 3444 2304 referentibus?
3500 2248 3595 2305 Vel

2023 2336 2292 2405 quomodo
2328 2337 2690 2408 intelligemus
2736 2338 2946 2395 Domini
2978 2355 3162 2406 voces,
3188 2352 3407 2413 propter
3437 2352 3598 2398 natu-

2026 2443 2140 2483 ram
2189 2429 2393 2496 carnis,
2456 2446 2575 2500 quae
2626 2433 2859 2499 videtur,
2911 2434 3138 2490 dicentis
3179 2453 3192 2489 :
3246 2454 3265 2487 ι
3306 2433 3423 2489 Non
3476 2437 3597 2490 veni

2026 2535 2200 2575 meam
2226 2523 2562 2578 voluntatem
2601 2523 2784 2579 facere
2814 2525 2893 2591 ⁶⁶;
2930 2544 2948 2578 ι
2984 2536 3034 2580 et
3068 2541 3083 2579 :
3121 2544 3139 2577 ι
3173 2525 3478 2582 Mandatum
3508 2543 3599 2581 ac-

2026 2613 2142 2681 cepi
2172 2613 2299 2678 quid
2338 2614 2535 2677 dicam,
2565 2624 2620 2669 et
2669 2616 2799 2684 quid
2840 2616 3033 2686 loquar
3066 2619 3148 2685 ‘7;
3188 2638 3211 2672 ι
3240 2629 3332 2674 et:
3378 2640 3394 2671 ι
3431 2620 3539 2689 Ego
3569 2635 3598 2674 a

2030 2706 2232 2771 meipso
2287 2706 2418 2759 nihil
2454 2707 2591 2761 iacio
2615 2708 2693 2773 °°;
2724 2727 2742 2759 ι
2769 2719 2860 2761 et:
2889 2710 3070 2765 «Vado
3093 2712 3157 2766 ad
3186 2711 3396 2767 Patrem
3424 2727 3598 2767 meum

2029 2804 2084 2849 et
2114 2792 2331 2849 Patrem
2365 2807 2629 2861 vestrum,
2673 2809 2728 2854 et
2764 2799 2932 2852 Deum
2975 2815 3152 2855 meum
3198 2812 3252 2856 et
3301 2802 3467 2856 Deum
3510 2816 3604 2856 ve-

2031 2894 2200 2937 strum
2234 2886 2313 2952 ‘9;
2348 2905 2365 2937 ι
2403 2895 2459 2940 et
2500 2900 2697 2942 czetera
2740 2904 3075 2959 qumcunque
3101 2892 3223 2945 talia
3268 2892 3604 2948 sunt?lndi-

2034 2975 2161 3028 visis
2195 2976 2340 3029 enim
2388 2979 2632 3041 vocibus,
2675 2980 2815 3032 sicut
2863 2988 2916 3033 et
2971 2981 3184 3034 naturis
3237 2983 3602 3048 manentibus,

1955 3109 2000 3167 ο
2034 3067 2137 3120 erit
2167 3068 2459 3122 secundum
2492 3069 2642 3122 illum
2671 3071 2932 3141 unigeniti
2974 3071 3066 3125 Dei
3104 3071 3245 3127 Deus
3287 3071 3467 3138 Pater,
3501 3077 3607 3128 mi-

2035 3159 2207 3211 nister
2230 3170 2405 3214 autem
2444 3170 2499 3215 et
2531 3172 2819 3217 exsecutor
2847 3172 3193 3232 paternorum
3230 3166 3603 3221 mandatorum

2032 3250 2202 3308 Filius
2230 3253 2523 3308 secundum
2555 3253 2912 3310 divinitatem.
2948 3255 3016 3310 Et
3051 3257 3096 3313 si
3141 3258 3361 3312 humilia
3400 3260 3450 3312 in
3488 3260 3605 3315 dei-

344 3345 663 3415 ταγμάτων,
681 3346 710 3398 ὁ
732 3345 858 3408 Υἱὸς
874 3346 1013 3400 κατὰ
1026 3346 1125 3417 τὴν
1141 3347 1371 3419 θεότητα
1388 3366 1401 3380 ο
1428 3350 1524 3405 καὶ
1545 3351 1594 3403 ει
1614 3350 1682 3404 τὰ
1703 3352 1919 3405 ταπεινᾶ

2038 3343 2164 3396 tatis
2210 3354 2457 3399 naturam
2506 3347 2898 3416 acceperimus,
2948 3347 3035 3400 cui
3080 3348 3382 3416 aptabimus
3425 3348 3603 3406 illud:

344 3438 425 3497 εἰς
448 3436 550 3505 τὴν
578 3438 678 3507 τῆς
701 3434 951 3506 θεότητος
976 3436 1137 3507 φύσιν
1176 3438 1523 3509 ἑκλάδοιμεν,
1552 3440 1659 3494 τίνι
1697 3442 1790 3494 καὶ
1826 3441 1886 3493 τὸ
1915 3483 1930 3505 ,

354 3547 374 3577 ι
397 3525 537 3597 Ἐγὼ
576 3527 671 3580 καὶ
702 3529 730 3580 ὁ
758 3529 946 3601 Πατὴρ
975 3529 1032 3583 ’ἐν
1065 3532 1253 3601 ἐσμεν,
1284 3549 1303 3581 ι
1337 3531 1684 3603 ἁρμὸσομεν;
1727 3533 1823 3586 καὶ
1851 3534 1930 3599 τὸ,

346 3620 551 3689 ὁμοίως
607 3620 769 3673 αὑτὸν
826 3622 996 3675 ποιεῖν
1032 3620 1109 3691 τῷ
1140 3623 1348 3692 Πατρί;
1384 3624 1479 3678 καὶ
1523 3626 1621 3691 τὸ,
1680 3645 1697 3678 ι
1722 3627 1932 3697 Ὥσπερ

348 3712 457 3781 γὰρ
494 3711 522 3762 ὁ
563 3711 754 3781 Πατὴρ
780 3712 983 3779 ἐγείρει
1016 3714 1139 3774 τοὺς
1160 3716 1409 3785 νεκροὺς,
1444 3715 1587 3770 οὕτω
1619 3719 1711 3772 καὶ
1741 3721 1768 3772 ὁ
1806 3719 1933 3782 Υίὸς

349 3798 442 3861 οὓς
490 3799 653 3865 θέλει,
718 3802 811 3853 καὶ
866 3801 961 3872 οὐχ
1006 3801 1099 3866 οὓς
1130 3804 1548 3874 προστάσσεται,
1603 3808 1926 3876 ζωοποιεϊςι

360 3893 503 3944 Ἀλλ’
534 3893 682 3948 ἔστιν
706 3893 879 3963 ὀρθῶς
908 3896 1049 3950 κατὰ
1076 3897 1173 3966 τὴν
1203 3898 1368 3951 αὑτοῦ
1393 3898 1487 3951 τοῦ
1514 3901 1722 3970 Κυρίου
1750 3902 1933 3973 φωνὴν

350 3983 566 4055 Πατὴρ,
598 3984 692 4036 καὶ
721 3984 871 4049 Θεὸς,
910 3986 937 4038 ὁ
968 3987 1188 4058 Πατήρο
1223 3989 1356 4051 Θεὸς
1389 3991 1485 4057 μὲν
1514 3990 1607 4043 τοῦ
1637 4001 1662 4027 η
1695 3993 1751 4046 ἐν
1782 3993 1933 4047 ὑστέ-

352 4091 471 4145 ροις
513 4076 725 4144 καιροῖς
769 4075 832 4127 ὲκ
877 4076 1190 4146 σπέρματος
1226 4078 1389 4130 Δαυῖδ
1441 4080 1579 4148 μετὰ
1622 4081 1821 4150 σαρκὸς
1871 4090 1927 4148 ο,

352 4166 549 4236 Πατὴρ
582 4166 636 4219 δὲ
660 4165 755 4217 τοῦ
784 4166 841 4232 ἐξ
866 4166 1029 4218 αὑτοῦ
1053 4166 1281 4230 ἀπαθῶς
1308 4186 1366 4220 τε
1398 4170 1491 4223 καὶ
1517 4171 1699 4234 atate;
1742 4190 1933 4243 γεννη-

351 4259 542 4323 θέντος
590 4259 722 4312 Θεοῦ
770 4258 965 4327 Λόγου,
1006 4259 1105 4329 τῆς
1153 4260 1399 4331 υἰότητος
1434 4262 1492 4315 ὲν
1536 4261 1614 4333 τῷ
1661 4266 1932 4336 μοναδικῷ

350 4351 514 4423 τύπῳ
558 4351 963 4421 φυλαττομένης
1008 4369 1064 4403 τε
1098 4352 1191 4405 καὶ
1217 4352 1675 4425 ὀμολογουμένης.
1719 4356 1839 4420 Πῶς
1888 4357 1930 4408 δ’

2042 3453 2060 3485 ι
2089 3434 2200 3505 Ego
2228 3448 2281 3490 et
2306 3435 2467 3491 Pater
2499 3456 2662 3494 unum
2696 3455 2884 3494 sumus
2912 3439 2999 3492 7°?
3028 3458 3047 3492 ι
3074 3451 3131 3494 et
3162 3439 3313 3507 illud,
3358 3442 3609 3496 similiter

2034 3542 2097 3579 ae
2140 3526 2378 3596 Patrem,
2412 3530 2582 3599 ipsum
2623 3532 2881 3601 operari?
2913 3540 2969 3587 el.
3002 3531 3134 3588 illud
3169 3549 3183 3587 :
3222 3552 3242 3584 ‹
3274 3532 3427 3587 Sicut
3463 3534 3609 3588 enim

2033 3617 2194 3673 Pater
2231 3623 2434 3675 excitat
2464 3634 2724 3691 mortuos,
2757 3624 2829 3677 ita
2872 3632 2924 3677 et
2972 3622 3139 3678 Filius
3170 3640 3306 3695 quos
3353 3624 3484 3691 vult,
3516 3634 3612 3683 »θι

2008 3784 2011 3785 ν
2035 3727 2139 3765 non
2156 3727 2290 3780 quos
2315 3712 2388 3766 illi
2415 3715 2744 3783 praecipitur,
2769 3732 2788 3767 ι
2810 3714 3099 3770 viviilcat'“
3124 3716 3147 3769 ?
3175 3734 3194 3769 ›
3228 3717 3333 3771 Sed
3358 3727 3442 3770 est
3467 3726 3614 3771 recte

2034 3805 2327 3857 secundum
2362 3804 2529 3874 ipsius
2564 3805 2783 3860 Domini
2810 3820 3023 3869 vocem,
3054 3805 3215 3862 Pater
3247 3818 3303 3861 et
3329 3806 3471 3861 Deus
3500 3808 3615 3875 ipse

2035 3893 2214 3948 Pater.
2252 3895 2395 3949 Deus
2424 3897 2638 3964 quidem
2674 3896 2838 3960 illius,
2876 3896 3037 3966 169
3083 3896 3175 3965 qui
3211 3898 3263 3950 iu
3302 3896 3614 3951 novissimis

2036 3988 2369 4056 temporibus
2395 4002 2463 4042 ex
2495 3988 2702 4040 semine
2729 3988 2895 4041 David
2923 3989 3132 4043 exstitit
3172 3991 3468 4043 secundum
3491 4002 3615 4043 car-
3642 4057 3646 4060 ἠ

2036 4093 2157 4133 nem
2202 4077 2406 4131 :Pater
2446 4087 2626 4131 autem
2669 4079 2805 4148 ejus.
2850 4080 2940 4146 qui
2972 4095 3040 4133 ex
3090 4079 3208 4149 ipso
3251 4080 3456 4147 absque
3490 4094 3615 4147 pas-

2034 4172 2187 4223 sione
2219 4178 2271 4222 et
2301 4177 2505 4222 aatcrne
2538 4180 2693 4222 natus
2714 4181 2816 4235 est,
2844 4169 2935 4223 Dei
2970 4170 3132 4224 Verbi
3160 4188 3174 4224 :
3207 4181 3267 4223 ut
3300 4169 3611 4224 liliationem

2037 4261 2174 4312 intra
2201 4259 2421 4313 unitatis
2444 4260 2813 4330 praescriptum
2839 4275 3116 4317 servemus
3156 4271 3211 4317 et
3234 4260 3612 4320 confiteantur.

2036 4351 2315 4417 Quomodo
2359 4361 2537 4405 autem
2574 4353 2939 4420 intelligemus
2965 4352 3094 4406 illud
3125 4369 3139 4405 :
3176 4371 3195 4404 ι
3224 4353 3421 4416 Amen,
3453 4369 3610 4407 amen

354 4443 423 4495 ἂν
472 4452 499 4491 P
534 4444 800 4512 νοήσομεν
836 4442 931 4506 τὸ,
990 4462 1006 4493 ι
1031 4442 1202 4514 Ἀμὴν
1238 4442 1384 4513 ἀμὴν
1429 4442 1570 4512 λέγω
1608 4446 1757 4514 ὑμῖν,
1803 4447 1919 4516 πρὶι

2042 4442 2158 4494 dico
2182 4441 2354 4504 vobis,
2383 4442 2692 4509 priusquam
2724 4441 3001 4496 Abraham
3034 4442 3186 4496 ﬁeret
3220 4456 3318 4510 ego
3338 4457 3457 4497 sum
3481 4442 3604 4496 "li

351 4532 611 4604 Ἀϐραὰμ
624 4530 875 4600 γενέσθαι
896 4530 1003 4601 ἐγὼ
1025 4533 1166 4603 είμι;
1198 4552 1216 4585 ι
1241 4533 1335 4586 καὶ
1354 4533 1435 4599 τὸ,
1457 4553 1474 4585 ι
1499 4534 1933 4589 Πάνταδι“αὑτοῦ

353 4625 658 4692 ἐγένετομ
710 4623 1051 4695 Ἀδιαιρέτων
1095 4624 1203 4677 τῶν
1243 4624 1435 4693 φωνῶν
1472 4626 1781 4696 μενουσῶν,
1828 4624 1936 4699 ἆρα

353 4714 701 4783 περιᾶψομεν
731 4724 758 4763 (1
792 4713 888 4785 τὴν
920 4716 1102 4784 φωνὴν
1127 4717 1192 4785 τῇ
1220 4714 1398 4784 φύσει,
1430 4717 1495 4786 τῇ
1529 4717 1593 4769 ὲκ
1621 4718 1936 4787 σπέρματος

355 4805 522 4858 Δαυῖδ
583 4807 639 4859 ἐν
694 4805 940 4876 ὑστέροις
996 4809 1205 4877 καιροῖς
1252 4808 1543 4880 γενομένῃ,
1576 4808 1637 4860 τὸ
1690 4811 1794 4878 πρὸ
1841 4808 1934 4861 τοῦ

368 4898 623 4969 Ἀϐραὰμ
674 4900 768 4953 καὶ
834 4897 995 4952 Δαυῒδ
1043 4893 1204 4965 εἶναι,
1257 4900 1348 4953 καὶ
1390 4902 1566 4955 πάντα
1604 4901 1670 4954 δι’
1710 4901 1879 4971 αὐτῆς
1920 4911 1938 4937 τ

368 4993 611 5056 γενέσθαι
637 5010 650 5057 ;
679 4993 712 5063 ἢ
744 4993 991 5063 φήσομεν
1019 4992 1281 5059 εὐσεϐῶς,
1310 4992 1417 5045 τῶν
1450 4992 1665 5061 φύσεων
1695 4991 1937 5062 ἀσυγχύ-

366 5095 466 5134 των
498 5094 518 5120 ε
556 5082 853 5151 μενουσῶν,
878 5084 971 5136 καὶ
998 5083 1097 5153 τῆς
1126 5084 1373 5149 ὲνώσεως
1403 5085 1708 5154 ἀδιαιρέτου
1747 5085 1938 5154 ὁμολο-

2040 4542 2092 4585 et
2129 4533 2271 4587 hoc:
2315 4550 2334 4583 ι
2374 4534 2568 4589 Omnia
2605 4550 2698 4601 per
2728 4534 2900 4602 ipsum
2947 4534 3087 4588 facta
3117 4546 3244 4589 sunt
3278 4534 3353 4599 ⁷³;
3387 4553 3405 4585 ι
3444 4535 3488 4588 si
3525 4535 3608 4590 in-

2041 4625 2289 4679 discreta:
2316 4637 2572 4680 maneant
2598 4626 2799 4680 voces?
2824 4626 2959 4680 Num
2985 4627 3291 4696 aptabimus
3320 4641 3482 4683 voces
3509 4628 3608 4683 bas

2042 4724 2272 4779 naturae,
2296 4731 2415 4784 qtue
2435 4731 2500 4769 ex
2526 4716 2733 4770 semine
2760 4715 2924 4770 David
2952 4718 3258 4774 novissimis
3282 4719 3614 4789 temporibus

2045 4805 2181 4858 facta
2206 4814 2307 4871 est,
2341 4819 2532 4876 nempe
2556 4808 2699 4875 quod
2731 4808 2944 4864 sitante
2967 4809 3236 4864 Abraham
3268 4821 3323 4866 et
3351 4811 3537 4874 David,
3562 4820 3616 4864 et

2043 4895 2222 4948 omnia
2249 4910 2345 4964 per
2367 4897 2536 4965 ipsam
2567 4897 2706 4951 facta
2732 4899 2883 4952 sint?
2909 4914 2975 4953 an
3007 4898 3247 4955 dicemus
3274 4901 3379 4969 pie,
3409 4899 3615 4953 naturis

2046 4987 2343 5042 inconfusis
2373 4990 2732 5055 manentibus,
2760 5000 2816 5045 et
2849 4992 3089 5046 unitione
3129 4989 3479 5059 inseparabili
3523 5004 3617 5056 po-

2046 5083 2172 5144 sita,
2201 5082 2371 5150 aptari
2400 5082 2616 5151 quidem
2660 5083 2757 5136 has
2805 5099 2964 5136 voces
3012 5083 3306 5137 secundum
3344 5080 3613 5132 unitarmn

437 5258 481 5287 ⁶⁸
513 5258 659 5311 lnan.
703 5275 773 5323 γι,
815 5258 903 5311 '58.
978 5258 1022 5289 ‘7
1069 5258 1224 5313 Joan.
1248 5276 1345 5326 xu,
1373 5260 1463 5313 49.
1541 5259 1585 5290 ⁸⁸
1610 5257 1769 5313 Joan.
1804 5274 1922 5321 vm,
1957 5259 2047 5312 28.
2127 5258 2170 5287 “9
2200 5255 2352 5310 Joan.
2389 5275 2477 5324 xx,
2510 5259 2594 5312 l7.
2671 5258 2716 5289 "°
2739 5257 2893 5313 Joan.
2925 5273 2978 5320 χ,
3011 5258 3103 5310 '50.
3180 5256 3221 5284 '”
3257 5253 3486 5316 Joan.v.
3519 5257 3608 5310 ομ

363 5326 408 5358 "
438 5336 587 5380 υιειιιιι.
625 5345 747 5393 vm,
779 5329 869 5380 58.
944 5327 1173 5381 "10.1".
1202 5346 1237 5392 ι,
1266 5331 1321 5382 5.

1441 5480 1612 5535 Variae
1645 5481 1906 5533 lectiones
1940 5495 2001 5531 ex
2033 5480 2219 5532 codice
2252 5480 2628 5547 Segnierlnno.

444 5644 462 5685 ἰ
499 5642 637 5696 ιιῦδέ.
719 5654 732 5691 l
772 5641 869 5693 δεῖ.
916 5641 938 5677 ιί
962 5640 1141 5708 ἴσως,
1170 5639 1261 5692 καὶ
1294 5633 1374 5701 εἷς
1400 5641 1427 5690 ὁ
1458 5638 1605 5699 Υἱός.
1660 5634 1675 5675 ί
1713 5637 1805 5687 καὶ
1839 5635 2130 5711 ένὸςηΐίοῦ.
2177 5654 2208 5673 η·
2238 5636 2482 5706 διαιρεῖν.
2557 5643 2583 5673 τι
2618 5635 2712 5702 τῆς
2736 5637 2897 5691 Annia
2926 5641 3146 5708 σαρκός.
3192 5649 3217 5676 ο
3249 5641 3389 5711 κατὰ
3424 5641 3611 5707 σάρκα.

441 5721 468 5761 Ρ
501 5714 665 5780 ἴσως,
700 5708 790 5764 αὖ.
868 5722 893 5760 (1
920 5710 1299 5779 περιάψωμεν.
1383 5718 1401 5744 τ
1444 5709 1627 5760 αὑτοῦ.

1318 5797 1344 5810 ἦ

1719 5713 1736 5738 ³
1766 5723 2096 5773 ατυγχυτως.
