4014 6128
427 301 532 356 555

1419 298 1478 355 S.
1519 294 1794 352 CYRILLI
1833 293 2306 349 ALEXANDRIM
2343 291 2663 350 ARCHIEP.

3579 293 3683 346 636

427 429 747 474 naturarum
797 417 900 473 vim
948 418 1124 490 (sicut
1176 417 1490 486 prmdictnm
1540 416 1676 485 est),
1727 416 1780 468 in
1831 429 1994 469 unum

2103 405 2392 482 γουμένης,
2441 410 2539 474 τὰς
2570 409 2751 480 φωνὰς
2810 407 3218 480 ἐφαρμόζεσθαι
3263 405 3403 461 κατά
3445 405 3544 477 τήν
3576 406 3686 460 τῶν

427 510 646 577 Filium,
680 519 732 564 et
768 510 1076 574 Dominum,
1099 519 1151 564 et
1179 510 1476 574 Christum,
1508 509 1602 563 sed
1627 523 1732 562 non
1761 509 1811 561 in
1837 522 1998 561 unam

427 613 676 656 naturam
694 603 875 657 omnia
909 604 1331 667 contrahentes;
1364 601 1434 655 ita
1465 610 1523 655 ut
1546 617 1612 655 ex
1645 614 1751 654 uno
1775 609 1998 654 natura-

427 711 546 748 rum
579 695 796 749 nomine
824 705 1052 763 utraque
1081 694 1411 764 intelligatur
1440 702 1659 763 propter
1696 694 2001 762 incompre-

429 785 750 840 hensibilem
803 783 1062 838 unitionis
1109 783 1502 850 summitatem,
1550 781 1998 852 quemadmodum

427 887 480 932 et
505 879 607 932 hoc
640 895 654 930 :
697 896 714 928 ι
742 873 912 930 Nemo
940 875 1184 929 ascendit
1211 874 1262 927 in
1287 874 1503 940 coelum,
1527 875 1630 928 nisi
1659 873 1746 943 qui
1777 873 1999 927 descen-

427 969 504 1022 dit
530 969 595 1021 de
622 967 760 1020 ccelo
796 965 965 1019 Filius
1003 966 1239 1020 hominis
1262 964 1352 1034 qui
1390 975 1472 1019 est
1502 967 1552 1018 iu
1586 965 1722 1020 coelo
1745 965 1822 1029 τις
1855 982 1873 1016 ι
1906 970 1995 1017 et:

432 1056 536 1111 «Si
588 1057 752 1125 igitur
803 1056 1046 1110 videritis
1092 1054 1288 1109 Filium
1338 1055 1998 1129 hominis’ascendentem

425 1148 515 1204 ubi
546 1148 696 1217 prius
731 1147 952 1214 erat";
988 1165 1006 1198 ι
1046 1161 1224 1201 nonne
1263 1162 1328 1200 ex
1363 1145 1720 1215 appellatione
1753 1145 1869 1200 Filii
1904 1147 2001 1215 ho-

425 1241 585 1295 minis
611 1242 774 1294 etiam
801 1240 972 1304 illum,
999 1241 1090 1309 qui
1126 1240 1176 1293 ei
1207 1239 1494 1293 inconfuse
1531 1247 1584 1292 et
1619 1238 2000 1307 inseparabili-

425 1343 507 1388 ter
531 1333 712 1387 unitus
736 1342 820 1386 est
853 1330 1248 1400 intelligimus?
1282 1328 1413 1382 Nam
1443 1331 1690 1398 quamvis
1713 1342 1768 1383 et
1805 1329 1998 1383 Filium

426 1421 659 1475 hominis
709 1422 1006 1474 nominarit
1053 1428 1271 1488 propter
1316 1430 1611 1488 assumpta:
1667 1429 1721 1474 et
1771 1419 2000 1474 visibilis

428 1514 607 1566 carnis
633 1523 914 1576 naturam;
942 1519 1118 1564 tamen
1152 1525 1248 1580 per
1272 1524 1354 1574 ea,
1388 1525 1507 1580 qua:
1539 1511 1606 1565 ab
1632 1509 1747 1578 ipso
1776 1510 1996 1574 ﬁebant,

427 1605 593 1658 Deum
644 1605 878 1673 seipsum
931 1603 1358 1658 demonstrabat.
1405 1603 1487 1656 ‘El
1518 1603 1757 1657 iterum:
1799 1602 2000 1659 «Iesus

423 1697 672 1751 Christus
707 1711 804 1765 per
844 1712 1004 1764 quem
1051 1695 1232 1750 omnia
1263 1695 1348 1759 '6;
1381 1713 1399 1747 ι
1430 1706 1484 1749 et
1517 1695 1710 1752 iterum
1740 1713 1753 1748 :
1790 1714 1808 1747 ι
1842 1695 1998 1750 Jesus

2108 503 2408 556 ἑνωθεισῶν
2455 501 2666 571 φύσεων
2696 499 2944 570 δύναμιν,
2985 499 3060 561 ὡς
3091 497 3438 568 προείρηται,
3471 497 3551 560 εἰς
3589 497 3687 551 ἕνα

2112 596 2210 666 μὲν
2239 595 2330 647 τὸν
2360 595 2506 657 Υἱὸν,
2538 595 2630 646 καὶ
2661 592 2888 664 Κύριον,
2921 590 3016 644 καὶ
3045 588 3302 660 Χριστὸν,
3331 587 3445 641 ἀλλ’
3479 587 3580 640 οὐκ
3607 589 3688 649 εἰς

2112 687 2237 756 μίαν
2270 687 2428 756 φύσιν
2459 685 2528 738 τὰ
2562 685 2738 737 πάντα
2772 681 3152 752 συναιροῦντες
3175 695 3189 710 ’
3243 679 3320 743 ὡς
3349 679 3444 732 καὶ
3481 679 3541 742 ὲξ
3569 679 3688 741 ἑνὸς

2107 779 2217 831 τῶν
2249 780 2463 848 φύσεων
2504 777 2770 847 ὀνόματος
2815 774 3079 843 ἑκατέρας
3113 771 3349 825 νοεῖσθαι
3378 771 3465 824 διὰ
3497 770 3559 823 τὸ
3587 770 3690 839 τῆς

2108 869 2354 932 ὲνώσεως
2386 871 2580 941 ἄκρον,
2611 869 2705 922 καὶ
2729 871 2862 938 ἡμῖν
2889 865 3279 935 ἀκατάληπτον
3299 881 3313 894 ·
3349 863 3423 926 ῶς
3464 880 3569 916 που
3593 863 3710 932 κοιλ⁴

2106 964 2166 1016 τὸ
2190 1003 2205 1028 ,
2239 982 2256 1014 ι
2289 963 2476 1026 Οὐδεὶς
2507 961 2847 1031 ἀναϐέϐηκεν
2880 962 2959 1023 εἰς
2993 959 3083 1012 τὸν
3115 958 3361 1028 οὐρανὸν,
3397 959 3446 1009 εί
3483 956 3558 1027 μὴ
3579 957 3690 1008 ὁὲκ

2108 1054 2200 1107 τοῦ
2235 1053 2464 1122 ούρανοῦ
2501 1053 2770 1116 καταϐὰς,
2805 1053 2835 1104 ὁ
2868 1051 2996 1115 Υίδς
3038 1049 3134 1104 τοῦ
3180 1048 3490 1118 ἀνθρώπου,
3542 1050 3570 1100 ὁ
3613 1045 3690 1098 ῶν

2107 1149 2164 1200 ὲν
2187 1145 2263 1216 τῷ
2289 1144 2503 1216 οὐρανῷ
2523 1161 2536 1174 ο
2573 1163 2592 1196 ›
2641 1145 2735 1198 καὶ
2763 1144 2822 1196 τὸ
2841 1184 2855 1209 ,
2911 1162 2928 1194 ι
2953 1143 3077 1196 Ἐὰν
3117 1137 3210 1196 οῦν
3241 1142 3386 1210 ίδητε
3431 1140 3522 1192 τὸν
3563 1139 3691 1191 Υἱὺν

2107 1237 2200 1291 τοῦ
2236 1237 2522 1308 ἀνθρώπου
2558 1237 2936 1300 ἀναϐαίνοντα,
2975 1237 3110 1289 ὅπου
3138 1231 3206 1304 ἦν
3246 1233 3306 1286 τὸ
3337 1234 3634 1303 πρότερον·
3662 1251 3680 1282 ι

2107 1331 2226 1401 ούχὶ
2258 1333 2322 1383 ὲκ
2347 1330 2448 1400 τῆς
2476 1331 2848 1402 προσηγορίας
2876 1330 2968 1383 τοῦ
3003 1329 3131 1383 Υίοῦ
3160 1328 3252 1382 τοῦ
3283 1328 3571 1399 ἀνθρώπου
3596 1329 3689 1381 καὶ

2105 1422 2196 1475 τὸν
2230 1422 2380 1492 αὐτῷ
2416 1421 2742 1491 ἀσυγχύτως
2771 1439 2832 1475 τε
2865 1424 2981 1492 ἅμα
3011 1421 3104 1475 καὶ
3133 1420 3450 1491 ἀχωρίστως
3483 1437 3688 1490 συνημ-

2111 1514 2270 1584 μένον
2309 1513 2575 1585 νοοῦμεν;
2626 1515 2689 1566 Et
2721 1514 2830 1585 γὰρ
2853 1513 2948 1566 καὶ
2974 1513 3102 1566 Υίὸν
3125 1511 3413 1583 ἀνθρώπου
3443 1509 3689 1581 ὠνόμαζε

2105 1603 2192 1657 διὰ
2216 1603 2314 1675 τὴν
2338 1603 2437 1673 τῆς
2472 1602 2924 1674 προσληφθείσης
2991 1603 3086 1656 καὶ
3117 1601 3453 1671 φαινομένης
3491 1599 3691 1670 σαρκὸς

2108 1695 2290 1764 φύσιν,
2315 1693 2449 1748 ἀλλά
2464 1693 2552 1748 διὰ
2573 1692 2722 1764 [τῶν]
2742 1693 2837 1746 καὶ
2858 1695 2989 1764 παρ’
3011 1692 3177 1746 αὐτοῦ
3199 1691 3540 1762 τελουμένων
3561 1690 3691 1744 Θεὸν

425 1787 676 1843 Christus
707 1788 821 1842 heri
844 1797 899 1842 et
925 1787 1103 1849 hodie,
1141 1787 1255 1857 ipse
1279 1797 1334 1842 et
1369 1787 1420 1840 in
1447 1787 1724 1842 saecula".
1754 1806 1770 1839 ι
1805 1787 1859 1841 Si
1886 1788 1997 1842 heri

2109 1785 2296 1839 ἑαυτὸν
2343 1784 2692 1855 παρεδείκνυ.
2735 1783 2844 1838 Καὶ
2886 1785 3080 1838 πάλινο
3130 1803 3148 1834 ι
3179 1783 3388 1853 Ἰησοῦς
3432 1782 3688 1854 Χριστὸς,

422 1888 478 1932 et
501 1873 987 1946 hodie,‘quomodo
1022 1891 1120 1946 per
1149 1877 1322 1947 ipsum
1352 1876 1574 1932 omnia?
1599 1876 1654 1932 Si
1698 1887 1877 1932 autem
1913 1893 2007 1948 per

425 1970 598 2038 ipsum
631 1970 835 2034 omnia,
862 1969 1133 2038 quomodo
1180 1969 1290 2024 heri
1340 1978 1394 2024 et
1439 1968 1639 2024 hodie?
1666 1969 1771 2024 Sed
1795 1981 2003 2024 certum

422 2075 507 2120 est
535 2072 588 2119 et
617 2065 757 2133 quod
785 2081 798 2118 :
826 2082 844 2118 ι
867 2064 1058 2120 Omnia
1086 2080 1180 2133 per
1207 2065 1381 2134 ipsum
1409 2065 1479 2134 ⁷⁸,
1511 2084 1528 2117 ι
1553 2074 1606 2119 et
1635 2067 1800 2135 quod,
1832 2087 1850 2119 ι
1877 2065 2003 2121 Heri

423 2167 478 2211 et
510 2156 690 2223 hodie,
723 2176 739 2208 ι
769 2157 872 2211 lide
914 2157 1306 2226 recipiendum,
1337 2166 1390 2211 et
1428 2158 1529 2213 hoc
1570 2177 1584 2213 :
1621 2177 1638 2211 ι
1670 2157 1787 2228 Ipse
1816 2161 1869 2214 in
1900 2175 2002 2216 sae-

423 2247 572 2312 cula,
613 2267 630 2299 ι
660 2261 867 2313 verum,
894 2248 938 2304 si
971 2249 1266 2304 secundum
1294 2246 1653 2303 diﬂ‘erentiam
1688 2264 2001 2307 naturarum

425 2337 705 2394 iucont‘use
733 2348 790 2394 et
837 2338 1272 2410 inseparabiliter
1330 2338 1602 2393 unitarum
1645 2356 1801 2397 voces
1849 2355 2002 2414 apte-

427 2445 565 2495 mus,
643 2432 1024 2502 intelligentes,
1073 2431 1368 2486 secundum
1418 2430 1629 2487 visibile
1700 2436 1919 2503 quidem
1985 2457 1998 2492 :

429 2537 448 2569 ο
485 2518 612 2574 lleri
641 2531 694 2576 et
724 2523 910 2588 hodie;
943 2540 960 2572 ι
997 2523 1298 2577 secundum
1330 2536 1458 2576 vero
1489 2521 1822 2594 intelligibile
1849 2544 1864 2581 :
1895 2545 1914 2578 ι
1946 2527 2000 2581 In

425 2611 656 2676 smcula;
710 2631 729 2663 ι
780 2614 1073 2668 secundum
1137 2625 1316 2668 autem
1375 2615 1651 2672 tiliationis
1717 2619 1998 2686 unitatem,

433 2718 452 2751 ι
492 2715 656 2754 unum
683 2711 736 2757 et
764 2702 1038 2760 eumdem.
1071 2723 1088 2754 ι

978 3010 1166 3080 Cyrilli
1193 3012 1450 3079 defensio.

2105 1878 2172 1931 δι’
2200 1872 2259 1932 οῦ
2280 1876 2348 1930 τὰ
2377 1876 2577 1932 πάντα.
2605 1895 2623 1928 ι
2647 1877 2762 1930 Καὶ
2793 1876 2976 1932 πάλιν·
3012 1896 3030 1928 ι
3074 1876 3279 1948 Ἰησοῦς
3303 1876 3536 1946 Χριστὸς
3565 1875 3690 1945 χθὲς

2106 1971 2202 2024 καὶ
2234 1971 2475 2041 σήμερον
2508 1971 2537 2022 ὁ
2564 1969 2726 2032 αὐτὸς
2753 1970 2848 2022 καὶ
2883 1970 2964 2033 είς
2995 1969 3125 2031 τοὺς
3167 1967 3386 2031 αἰῶνας.
3415 1985 3434 2018 ›
3471 1967 3534 2019 El
3561 1965 3692 2036 χθὲς

2107 2061 2201 2114 καὶ
2230 2061 2493 2132 σήμερον,
2526 2059 2646 2122 πῶς
2666 2058 2733 2111 δι’
2753 2057 2918 2112 αὑτοῦ
2941 2057 3012 2111 τά
3031 2057 3238 2122 πάντα;
3269 2057 3331 2109 Et
3353 2055 3408 2108 δὲ
3433 2054 3500 2108 δι’
3520 2051 3689 2107 αὑτοῦ

2105 2153 2173 2207 τά
2224 2153 2424 2216 πάντα,
2479 2149 2598 2214 πῶς
2645 2151 2770 2220 χθὲς
2816 2150 2912 2203 καὶ
2959 2150 3234 2222 σήμερον;
3277 2147 3437 2201 Ἀλλά
3468 2147 3563 2201 καὶ
3594 2147 3685 2210 τὸ,

2113 2261 2130 2294 ι
2158 2243 2344 2297 Πάντα
2390 2242 2456 2296 δι’
2510 2239 2700 2305 αὑτοῦ,
2731 2259 2748 2293 ι
2792 2239 3029 2311 ἀληθές·
3081 2240 3176 2294 καὶ
3223 2241 3306 2304 τὸ,
3347 2259 3365 2292 ι
3397 2238 3558 2304 Χθὲς,
3596 2240 3691 2290 καὶ

2107 2334 2366 2405 σήμερον,
2388 2352 2405 2384 ι
2435 2333 2647 2387 πιστόψ
2673 2331 2864 2397 καὶτὸ,
2894 2350 2912 2384 ι
2935 2332 2994 2385 '0
3011 2332 3172 2396 αὐτὸς
3193 2333 3273 2395 είς
3289 2331 3415 2395 τοὺς
3432 2331 3682 2392 αίῶνας,-»

2105 2424 2357 2496 ἀληθινόν
2376 2439 2392 2457 ⁶
2426 2423 2522 2477 ἐὰν
2554 2423 2696 2477 κατὰ
2723 2422 2785 2476 τὸ
2815 2420 2927 2474 τῶν
2956 2421 3259 2476 ὲνωθεισῶν
3289 2421 3611 2498 ἀσυγχύτως
3629 2439 3686 2474 τε

2103 2514 2196 2567 καὶ
2228 2511 2549 2584 ἀχωρίστως
2579 2511 2796 2580 φύσεων
2825 2510 3082 2584 διάφορον
3109 2512 3207 2576 τάς
3233 2512 3419 2581 φωνὰς
3449 2511 3689 2582 ὲφαρμό-
3773 2557 3781 2567 .

2103 2603 2307 2674 ζωμεν,
2350 2602 2598 2667 νοοῦντες
2633 2603 2776 2656 κατά
2836 2601 2936 2673 μὲν
2967 2603 3029 2656 τὸ
3093 2603 3442 2673 φαινόμενον,
3480 2621 3498 2654 ι
3550 2603 3686 2666 Χθὲς

2103 2692 2196 2746 καὶ
2240 2694 2514 2765 σήμερον·
2543 2710 2561 2744 ι
2610 2693 2751 2746 κατά
2807 2692 2865 2745 δὲ
2921 2693 2982 2746 τὸ
3025 2693 3336 2763 νοούμενον,
3386 2713 3406 2746 ι
3444 2693 3539 2758 Εἰς
3566 2695 3687 2756 τοὺς

2103 2781 2303 2844 αἰῶνας
2325 2797 2336 2809 °
2367 2800 2385 2832 ι
2419 2781 2562 2835 κατὰ
2587 2780 2642 2834 δὲ
2661 2781 2720 2835 τὸ
2763 2780 2863 2852 τῆς
2889 2779 3137 2852 υίότητος
3174 2781 3479 2852 μοναδικὸν,
3514 2799 3532 2830 ι
3558 2780 3686 2832 Ἕνα

2103 2872 2197 2925 καὶ
2225 2873 2313 2926 τίν
2342 2873 2521 2926 αὐτόν.
2537 2892 2554 2924 ι

2563 2987 2888 3077 Ἀπολογία
2931 3009 3254 3075 Κυρίλλου.

489 3120 567 3176 -υι
592 3132 834 3193 apparet,
865 3123 946 3176 his
972 3123 1066 3191 qui
1100 3127 1586 3180 anathematismos
1635 3143 1664 3179 a
1706 3128 1865 3198 170
1897 3143 1996 3182 no-

2176 3129 2382 3192 Σκοπὸς
2431 3123 2540 3192 οῦν,
2585 3127 2659 3189 ῶς
2707 3129 2724 3161 ί
2777 3125 2942 3187 ἔοικε,
3006 3127 3118 3186 τοῖς
3162 3123 3444 3176 ἐθέλουσιν
3496 3123 3688 3192 ἀπερι·

430 3214 510 3269 bis
541 3214 828 3268 utilissime
865 3223 919 3268 et
948 3215 1257 3270 necessario
1302 3215 1474 3272 factos
1515 3219 1887 3288 imprudenter
1916 3236 2000 3276 re-

431 3305 763 3374 prehendere
798 3304 1218 3371 volunt,unicus
1251 3306 1341 3361 ille
1369 3322 1562 3376 scapus
1607 3319 1712 3375 est,
1762 3319 1819 3364 ut
1868 3312 1998 3366 nihil

429 3411 615 3450 verum
655 3395 734 3449 vel
761 3396 974 3464 sapiant
1000 3396 1082 3450 vel
1107 3397 1327 3463 dicant,
1361 3399 1752 3472 declareutque
1801 3418 1859 3459 se
1883 3406 1999 3460 solo

426 3487 788 3541 calumniandi
820 3486 995 3542 studio
1012 3499 1327 3559 occupatos.
1353 3489 1484 3544 Nam
1509 3492 1554 3547 si
1573 3503 1806 3556 mentem
1844 3511 1998 3552 suam

425 3576 668 3630 studiose
698 3591 760 3629 ac
789 3575 1078 3645 diligenter
1112 3577 1335 3647 scriptis
1365 3580 1626 3636 adhibere
1653 3591 1990 3652 paterentur,

427 3683 534 3721 non
564 3667 922 3738 ignorassent,
963 3670 1104 3739 quod
1137 3672 1250 3727 suis
1305 3673 1589 3729 sententiis
1633 3683 1687 3730 et
1729 3678 1998 3732 sermoni-

428 3761 550 3827 bus,
579 3775 712 3830 quos
745 3759 968 3829 faciunt,
1018 3763 1295 3818 stabilian‘t
1337 3765 1879 3834 anathematismum,
1943 3780 1999 3826 et

424 3865 768 3919 nequaquam
805 3852 1096 3905 ostendant
1125 3852 1274 3906 illum
1300 3853 1568 3908 inerudite
1606 3856 1906 3914 conditum.
1931 3859 1999 3915 Et

424 3943 717 4014 quomodo,
748 3943 946 3997 dicam.
969 3941 1149 3999 Bonus
1179 3943 1460 4001 Nestorius
1481 3946 1695 4002 dicebat
1719 3949 1825 4006 tale
1840 3951 2000 4020 quid—

423 4037 566 4100 dant,
600 4035 652 4088 in
688 4033 918 4090 ecclesia
966 4048 1255 4090 enarrans.
1294 4033 1365 4090 Ut
1394 4042 1574 4090 autem
1605 4035 1779 4106 ipsum
1824 4041 1998 4095 mani-

422 4125 612 4180 ﬁ-slins
663 4126 866 4191 dicam,
914 4135 977 4181 et
1035 4126 1106 4179 ita
1167 4134 1224 4178 ut
1276 4140 1462 4180 omnes
1497 4125 1706 4184 facilius
1736 4132 1994 4200 capiant:

420 4219 599 4282 Arius,
635 4226 690 4270 et
723 4215 1041 4278 Eunomius,
1074 4224 1129 4268 et
1154 4214 1540 4284 Apollinarius,
1569 4227 1624 4271 et
1681 4234 1872 4274 omnes
1901 4236 1993 4275 so-

421 4308 634 4362 cietatis
671 4307 880 4361 illorum
906 4307 1082 4370 chori,
1148 4305 1439 4360 studebant
1491 4306 1749 4363 inducere
1799 4325 1992 4366 nomen

419 4400 542 4464 huc,
574 4400 664 4454 Dei
702 4398 958 4470 genitrix,
987 4407 1046 4452 ut
1067 4397 1111 4450 si
1136 4396 1443 4450 cmnmistio
1495 4397 1669 4462 fleret,
1699 4409 1753 4453 et
1781 4411 1988 4457 natura:

425 4508 526 4548 non
567 4500 970 4561 separarentur,
1029 4487 1163 4542 nihil
1211 4486 1490 4541 humiliter
1538 4489 1737 4542 dictum
1779 4491 1844 4545 de
1889 4493 1991 4546 hu-

427 4583 683 4637 manitate
708 4581 1080 4652 accipiendum
1113 4589 1278 4643 esset,
1331 4577 1622 4648 locumque
1667 4581 1780 4650 jam
1833 4584 1994 4638 liabe—

710 4631 1079 4652 _---,----__--_
1248 4631 1276 4643 γ,
1368 4631 1409 4632 η
1524 4631 1546 4648 τ
1604 4631 1615 4632 κ
1833 4631 1965 4638 η--

401 4631 542 4743 irent
574 4675 674 4743 ipsi
709 4684 895 4729 contra
932 4674 1225 4738 deitatem;
1270 4671 1427 4740 quasi
1455 4670 1800 4740 omnia,quze
1841 4674 1996 4728 dice-

393 4741 640 4830 ibautur,
663 4766 728 4816 de
756 4779 861 4816 uno
891 4765 1220 4818 dicerentur.
1250 4760 1374 4816 Haec
1399 4778 1520 4818 cum
1542 4763 1624 4818 sic
1675 4764 1819 4818 dicta
1865 4766 1994 4830 sint,

396 4833 717 4922 futilissime
747 4853 1254 4906 anathematismum
1302 4851 1548 4916 fecimus,
1613 4868 1716 4907 non
1775 4855 1996 4922 permit-

379 4919 603 4999 )tentes
649 4943 701 4997 in
761 4942 897 4997 duas
961 4943 1123 4996 dividi
1187 4956 1446 5010 personas
1485 4953 1540 4998 et
1597 4919 1987 5001 subsistentias'

425 5054 590 5093 unum
623 5035 910 5091 Dominum
945 5032 1126 5088 Jesum
1159 5034 1457 5088 Christum.
1489 5034 1640 5099 Quod
1703 5047 1882 5090 autem
1934 5045 1989 5090 et

423 5131 522 5200 ipsi
554 5145 676 5184 cum
701 5127 902 5182 nostris
915 5125 1256 5180 sermonibus
1281 5126 1625 5190 conveniant,
1648 5128 1988 5195 perspicuum

489 5308 535 5341 “
561 5307 709 5363 Joan.
741 5323 825 5372 ιιι,
864 5305 953 5361 l3.
1028 5304 1074 5335 "
1109 5301 1263 5360 Joan.
1297 5318 1377 5368 νι,
1417 5304 1501 5358 63.
1574 5303 1616 5334 ⁷⁸
1651 5303 1812 5360 llchr.
1849 5323 1906 5372 ιι,
1940 5307 2028 5362 lt).

2104 3218 2354 3279 σκέπτως
2392 3217 2658 3288 ἐπιτιμᾷν
2689 3217 2801 3278 τοῖς
2847 3213 2978 3284 παρ’
3009 3212 3165 3283 ήμῶν
3194 3212 3600 3285 χρειωδέστατά
3631 3231 3688 3266 τε

2101 3310 2196 3364 καὶ
2239 3308 2555 3377 ἀναγκαίως
2597 3305 2881 3377 γεγονόσιν
2923 3304 3416 3376 ἀναθεματισμοίς,
3470 3306 3689 3375 φρονεῖν

2108 3401 2208 3472 μὲν
2253 3401 2286 3472 ἢ
2344 3399 2527 3467 λέγειν
2568 3398 2677 3452 τῶν
2725 3397 2996 3470 ἀληθινῶν
3049 3397 3222 3462 οὐδὲν,
3267 3397 3588 3467 φιλοψογίας
3635 3398 3690 3450 δὲ

2105 3494 2272 3564 μόνης
2307 3491 2582 3558 ἀπόδειξιν
2614 3491 2822 3562 ἐναργῆ
2857 3489 3131 3543 ποιεῖσθαι
3157 3489 3218 3543 τὸ
3243 3491 3433 3561 χρῆμα
3455 3503 3469 3518 ·
3513 3492 3561 3542 εί
3585 3491 3690 3560 γάρ

2101 3585 2390 3654 ἀνίσχοντα
2411 3595 2439 3622 ιι
2481 3582 2577 3635 καὶ⁵
2597 3581 2800 3652 ἀκριϐῆ
2821 3584 2933 3644 τοῖς
2955 3580 3361 3651 γεγραμμένοις
3379 3580 3473 3634 τὸν
3494 3583 3688 3633 οἰκεῖον

2101 3674 2475 3744 ὲνερείσαντες
2519 3671 2665 3738 νοῦν,
2712 3672 2813 3725 οὐκ
2851 3672 3159 3742 ἠγνόησαν,
3223 3671 3305 3724 ὅτι
3360 3671 3685 3742 κρατύνουσι

2100 3765 2221 3826 ταῖς
2279 3763 2408 3831 παρ’
2455 3761 2664 3814 ἑαυτῶν
2693 3770 2722 3799 τ
2747 3761 2972 3833 ψήφοις,
3009 3761 3102 3813 καὶ
3146 3760 3213 3814 δι’
3257 3754 3333 3816 ὧν
3359 3763 3688 3832 πεποίηνται

2101 3853 2296 3922 λόγων,
2362 3852 2453 3904 τὸν
2505 3851 2970 3922 ἀναθεματισμδν,
3043 3853 3138 3906 καὶ
3189 3853 3309 3924 οὐχὶ
3361 3853 3425 3923 δή
3489 3853 3689 3923 μᾶλλον

2101 3945 2551 4017 ἀνεπιστημόνως
2581 3944 2744 3998 αὑτὸν
2777 3943 3046 4013 γεγονότα
3071 3943 3547 3998 καταδεικνύουσι.
3581 3947 3688 3998 Καὶ

2100 4041 2221 4094 τίνα
2247 4039 2469 4110 τρόπον,
2499 4037 2631 4110 ἐρῶο
2678 4034 2736 4089 '0
2767 4035 3005 4107 χρηστὸς
3029 4037 3162 4107 ἡμῖν
3193 4036 3485 4108 Νεπόριος
3508 4037 3612 4108 ἔφη
3637 4056 3686 4090 τι

2098 4131 2338 4186 τοιοῦτον
2383 4132 2470 4183 ἐπ’
2513 4131 2808 4201 ἐκκλησίας
2843 4140 2868 4166 κ
2910 4129 3294 4201 ἐξηγούμενος.
3325 4130 3444 4183 Ἵνα
3471 4130 3528 4183 δὲ
3556 4130 3687 4184 αὐτὸ

2101 4223 2433 4293 σαφέστερον
2488 4223 2579 4277 καὶ
2640 4225 2805 4276 πᾶσιν
2863 4223 3258 4292 εύληπτότερον
3349 4224 3510 4287 εἴπω,
3574 4224 3684 4284 τοῖς

2111 4312 2343 4382 ’Δρείου,
2380 4313 2474 4365 καὶ
2508 4313 2797 4382 Εὐνομίου,
2834 4313 2928 4365 καὶ
2967 4312 3366 4382 Ἀπολιναρίου,
3409 4314 3505 4366 καὶ
3553 4314 3685 4366 πάν-

2027 4438 2069 4490 υ
2097 4420 2203 4456 των
2228 4405 2336 4466 τοῖς
2360 4405 2536 4473 χοροῖς
2561 4403 2668 4455 τῶν
2697 4402 2797 4473 τῆς
2830 4402 3084 4473 τοιαύτης
3117 4404 3348 4473 φατρίας
3367 4412 3418 4468 Υ,
3455 4404 3680 4475 σπουδὴ,

2098 4496 2178 4561 τὸ,
2214 4495 2501 4560 Θεοτὸκος,
2533 4495 2792 4562 εἰσάγειν,
2841 4495 2916 4558 ὡς
2953 4496 3202 4565 κράσεως
3244 4496 3560 4567 γινομένης,
3595 4498 3684 4550 καὶ

2102 4587 2210 4638 τῶν
2253 4585 2468 4656 φύσεων
2509 4586 2583 4655 μὴ
2623 4585 3038 4656 διαιρουμένων,
3094 4585 3259 4656 μηδὲν
3303 4585 3413 4639 τῶν
3454 4587 3682 4639 εὐτελῶν

2101 4678 2180 4740 εἰς
2205 4677 2301 4748 τὴν
2332 4676 2725 4747 ἀνθρωπότητα
2749 4677 3142 4746 λαμϐάνεσθαι,
3167 4678 3261 4730 καὶ
3286 4676 3472 4748 χώραν
3490 4679 3681 4740 αὐτοὺς

2102 4769 2288 4821 λοιπὸν
2337 4767 2476 4822 κατὰ
2530 4769 2628 4838 τῆς
2689 4768 2942 4838 θεότητος
2986 4769 3128 4839 ἔχειν
3155 4786 3166 4797 ·
3196 4769 3271 4832 ὡς
3317 4769 3534 4822 πάντων
3577 4770 3679 4822 τῶν

2103 4857 2410 4928 λεγομένων
2455 4861 2586 4931 παρ’
2618 4861 2735 4923 ἑνὸς
2769 4860 3094 4931 λεγομένων.
3143 4859 3361 4913 Τούτων
3387 4860 3485 4913 ὡδὶ
3529 4861 3679 4928 λεγο-

2107 4950 2301 5019 μένων,
2339 4951 2760 5021 χρειωδὲστατος
2789 4960 2810 4987 τ
2842 4953 2968 5023 παρ’
3002 4961 3019 4981 ⁸
3059 4950 3215 5022 ήμῶν
3246 4951 3468 5020 γέγονεν
3494 4954 3523 5006 ὁ
3555 4953 3678 5005 ἀναο

2105 5041 2460 5112 θεματισμὸς,
2511 5044 2610 5095 οὐκ
2650 5044 2824 5112 ἐφιεὶς
2875 5045 2955 5107 εἰς
3017 5043 3108 5096 δύο
3147 5042 3471 5115 μερίζεσθαι
3517 5044 3678 5114 πρόσε-

2103 5132 2230 5184 mea
2253 5150 2310 5185 τε
2346 5136 2437 5186 καὶ
2467 5135 2798 5199 ὑποστάσεις
2827 5135 2919 5190 τὸν
2952 5135 3046 5189 ἕνα
3077 5135 3279 5206 Κύριον
3311 5135 3524 5205 Ἰησοῦν
3550 5138 3678 5207 Χρι⁶

2098 5309 2142 5339 ⁷⁷
2178 5309 2341 5364 llcbr.
2381 5327 2496 5378 ιιιι,
2531 5313 2585 5366 8.
2664 5314 2708 5344 ⁷⁸
2735 5312 2889 5371 Joan.
2927 5331 2966 5380 ι,
3013 5315 3065 5368 ’5.

1483 5457 1655 5512 Variae
1693 5459 1950 5516 lectiones
1987 5479 2050 5517 ex
2077 5464 2262 5518 codice
2299 5465 2672 5535 Seguieriano.

496 5627 516 5665 ι
547 5624 772 5687 Σκοπὸς,
804 5621 896 5685 ὼς.

427 5702 451 5729 ⁸
477 5693 809 5766 λελεγμένων
840 5687 1258 5762 χρειωδέστατα.
1309 5687 1364 5764 ,Διί
1399 5687 1486 5740 lo’.
1524 5688 1673 5757 περῖ.

1011 5618 1157 5690 {Itan
1190 5619 1237 5670 εἰ
1271 5616 1378 5688 γὰρ
1403 5615 1681 5690 ᾑνείχοντο
1729 5617 2005 5683 ἀκριϐοῦν.
2081 5629 2108 5659 ν
2140 5621 2267 5690 παρ’
2299 5619 2500 5675 αὐτῶν.

2619 5630 2641 5657 ι
2685 5620 2972 5693 ἐκκλησίᾳ.
3092 5630 3121 5671 Ι
3159 5621 3329 5693 αὐτῆς
3365 5621 3655 5696 φρατρίας,
