4014 6128
345 335 447 396 537

961 331 1494 395 APOLOGETICUS
1532 332 1671 393 PRO
1710 337 1806 395 XII
1845 304 2212 394 CAPITIBUS
2251 333 2535 393 CONTRA
2572 332 3029 392 ORIENTALES.

3495 341 3599 397 538

348 452 495 506 στόν.
523 451 648 505 Ὀτι
669 448 725 505 δὲ
749 449 840 505 καὶ
868 450 1053 516 αὐτοῖς
1076 440 1194 517 τοῖς
1221 455 1350 525 παρ’
1381 454 1539 526 ἡμῶν
1564 458 1925 529 συμφέρονται

2028 455 2220 512 eritex
2252 456 2338 513 bis
2378 471 2498 527 qua;
2526 456 2863 527 scripserunt
2930 464 2986 511 et
3053 456 3316 513 sentiunt.
3388 460 3599 520 Habent

348 543 553 611 λόγοις,
579 541 828 615 δῆλοναάν
856 541 944 612 sti]
970 541 1239 614 δήπουθεν
1272 545 1332 610 ἐξ
1369 539 1445 601 ὧν
1470 550 1802 619 γεγράφασι,
1832 552 1924 605 καὶ

351 637 571 706 φρονεῖν
604 634 903 704 ἐγνώκασιν
929 651 943 665 ·
989 634 1105 707 ἔχει
1142 636 1201 691 δὲ
1245 637 1420 703 οὕτως
1445 656 1462 672 ·
1530 641 1617 705 Ὠς
1648 643 1705 696 δὲ.
1754 661 1921 715 προσ·

355 726 542 791 ώποις,
565 726 597 797 ἢ
621 727 648 766 δ
672 727 999 780 ὑποστάσεσι
1019 727 1193 796 δυσὶν,
1222 730 1255 802 ἢ
1288 732 1425 795 υίοτς
1443 732 1562 787 δυσὶ
1586 734 1924 806 διαιροῦντας

356 818 453 889 τὴν
475 819 681 886 ἕνωσιν,
714 819 884 890 ἤγουν
913 820 1005 874 τὸν
1031 819 1127 874 ἕνα
1152 822 1302 886 Υίδν,
1329 823 1429 888 τὰς
1462 826 1648 894 φωνάς
1676 827 1923 899 ἐφαρμό-

359 910 469 973 ζειν
494 910 549 962 οὐ
573 909 684 962 δεί’
737 910 1048 982 ἀδιαίρετος
1081 910 1191 983 γάρ
1223 914 1317 968 καὶ
1350 914 1655 987 ἁχώριστος
1703 920 1734 989 ἡ
1778 921 1924 992 ἄκρα

363 1002 544 1064 ἕνωσις
565 1015 580 1030 ’
628 1002 726 1055 καὶ
752 1004 781 1056 ό
812 997 894 1066 εἷς
928 1003 1058 1068 Υἱὸς
1081 1004 1226 1058 κατά
1269 1005 1447 1061 πάντα
1475 1009 1570 1062 καὶ
1608 1008 1784 1079 λόγον,
1830 1013 1925 1067 καὶ

349 1091 563 1161 τρόπον,
604 1094 702 1146 καὶ
741 1093 951 1148 ἔννοιάν
987 1095 1130 1150 ἐστι.
1171 1095 1283 1166 Τῆς
1335 1096 1395 1150 δὲ
1454 1097 1633 1170 ἄκρας
1679 1100 1926 1165 ὲνώσεως

347 1179 780 1252 φυλαττομένης,
820 1184 917 1237 καὶ
946 1182 1040 1236 τοῦ
1067 1185 1186 1248 ἑνὸς
1218 1186 1372 1252 Υίοῦ,
1404 1189 1500 1242 καὶ
1526 1189 1790 1260 Χριστοῦ,
1830 1191 1926 1246 καὶ

334 1272 549 1343 Κυρίου
578 1273 1040 1346 ὁμολογουμένου,
1070 1276 1202 1348 περὶ
1239 1278 1330 1332 τὸν
1360 1279 1457 1334 ἕνα
1510 1282 1605 1335 καὶ
1638 1283 1733 1337 τὸν
1762 1283 1924 1336 αὐτὴν

344 1362 473 1417 Υἱδν
500 1363 832 1419 ὲκλαὸἑσθαι
871 1376 896 1405 ε
953 1367 1060 1438 χρὴ
1098 1366 1167 1421 τά
1198 1368 1500 1441 λεγόμενα·
1549 1373 1691 1427 κατὰ
1741 1373 1923 1445 μέντοι

341 1453 442 1525 τὴν
486 1455 598 1509 τῶν
642 1456 946 1510 ἑνωθεισῶν
991 1458 1208 1529 φύσεων
1246 1460 1475 1532 δύναμιν
1517 1465 1926 1535 ὲφαρμόζεσθαι

346 1545 553 1615 πρέπει
614 1545 696 1617 τῷ
729 1548 811 1602 ἐνὶ
864 1548 977 1620 Υίῷ
1012 1549 1081 1604 τὰ
1119 1550 1409 1623 λεγόμενα.
1453 1555 1663 1610 Οὐκοῦν
1695 1556 1798 1627 τῆς
1845 1559 1927 1622 είς

346 1637 520 1708 ἄκρον
577 1639 826 1704 ὲνὼσεως
912 1642 1246 1714 σωζομένης,
1302 1645 1431 1701 ποία
1487 1648 1838 1718 παρείσδυσις
1891 1651 1926 1723 ἢ

344 1728 481 1797 γοῦν
532 1732 804 1799 φαντασία
852 1735 1028 1804 τομῆς
1063 1736 1504 1808 παρεισκρίνοιτο
1537 1738 1604 1792 ἂν
1633 1739 1747 1806 Est;
1776 1742 1870 1795 καὶ
1898 1743 1927 1795 ὁ

348 1820 589 1891 μερίζειν
614 1822 935 1894 άποτολμῶν
956 1823 1070 1889 πῶς
1087 1827 1189 1880 οὐκ
1210 1825 1318 1893 ἔξω
1344 1828 1570 1900 φέρεται
1590 1832 1690 1902 τῆς
1710 1832 1929 1896 εὐθείας

344 1912 485 1978 ὁδοῦ,
534 1913 629 1968 καὶ
675 1914 785 1969 τῶν
829 1918 930 1988 τῆς
980 1918 1265 1984 εὐσεϐείας
1312 1921 1600 1993 δογμάτων
1650 1926 1731 1989 είς
1781 1925 1927 1980 άπαν

343 2005 696 2074 άποφοιτῶν;
731 2006 798 2060 Τί
838 2004 934 2061 οὖν
965 2025 1132 2079 φησιν
1163 2012 1193 2065 ό
1231 2012 1722 2086 άναθεματισμός;
1754 2016 1822 2069 Et
1846 2033 1930 2080 τις

347 2094 558 2164 μερίζει
587 2096 689 2160 τὰς
730 2096 916 2165 φωνὰς
946 2100 1088 2153 κατά
1115 2117 1180 2169 γε
1206 2103 1417 2156 τουτονὶ
1452 2103 1545 2157 τὸν
1578 2104 1804 2175 τρόπον,
1834 2107 1930 2161 καὶ

342 2179 443 2243 τὰς
469 2179 495 2218 ει
522 2181 620 2250 μὲν
640 2182 716 2246 ὡς
743 2183 1015 2256 ἀνθρώπῳ
1031 2187 1182 2258 παρὰ
1206 2188 1298 2242 τὸν
1314 2190 1379 2243 ἐκ
1400 2190 1535 2245 Θεοῦ
1555 2193 1728 2263 Λόγον
1750 2194 1931 2260 ίδικῶς

345 2272 622 2343 νοουμένῳ
661 2276 1022 2346 προσάπτειν,
1077 2278 1173 2344 τάς
1217 2280 1275 2334 δὲ
1317 2282 1394 2347 ὡς
1429 2283 1755 2356 θεοπρεπεῖς
1784 2287 1931 2358 μόνῳ

343 2361 423 2432 τῷ
457 2364 521 2416 ὲκ
550 2364 687 2419 Θεοῦ
726 2368 922 2440 Λόγῳο
950 2370 1202 2444 ἀνάθεμα
1263 2373 1424 2429 ἔστω.
1473 2376 1538 2429 El
1589 2377 1689 2447 μὲν
1734 2375 1828 2432 οὖν
1879 2381 1930 2433 οί

343 2454 648 2521 διιστάντες
676 2469 700 2498 θ
736 2461 831 2514 καὶ
855 2460 1186 2534 διορίζοντες
1210 2467 1293 2530 είς
1320 2466 1609 2537 ἄνθρωπον
1636 2469 1820 2535 ίδικῶς
1866 2489 1929 2525 τε

347 2544 445 2597 καὶ⁵
478 2545 582 2600 άνὰ
626 2548 811 2617 μέρος,
846 2553 943 2605 καὶ
986 2553 1065 2615 είς
1105 2553 1238 2608 Θεὸν
1290 2544 1463 2624 Λόγον
1498 2556 1684 2621 ίδικῶς
1725 2575 1787 2612 τε
1833 2560 1930 2612 καὶ

349 2633 456 2685 ἀνὰ
503 2633 690 2703 μέρος,
721 2636 780 2688 οὐ
818 2638 1099 2709 μερίζουσι
1126 2642 1218 2695 τὸν
1247 2642 1346 2697 ἕνα
1377 2645 1635 2715 Χριστὸν,
1665 2648 1760 2702 καὶ
1786 2647 1880 2702 δύο
1905 2648 1925 2689 τ

352 2722 610 2790 λέγουσιν
644 2726 814 2789 υἱοὺς,
862 2728 1342 2796 ἀγανακτείτωσαν
1368 2733 1489 2788 καθ’
1514 2736 1672 2807 ἡμῶν
1697 2738 1748 2791 οί
1805 2740 1928 2808 φιλ-

357 2812 695 2884 εγκλήμονες
721 2832 735 2845 ⁸
765 2819 813 2870 εί
830 2818 888 2871 δὲ
906 2820 1048 2893 τομὴ
1068 2824 1162 2877 καὶ
1185 2823 1442 2895 διαίρεσις
1459 2828 1522 2882 τὸ
1545 2827 1687 2884 οὕτω
1711 2835 1927 2904 φρονεῖν

355 2905 495 2970 ἐστι,
521 2906 663 2961 κατά
694 2907 816 2963 τίνα
844 2913 1047 2983 τρόπον
1065 2918 1178 2980 τοῖς
1206 2920 1335 2985 παρ’
1366 2922 1521 2991 ἡμῶν
1550 2923 1728 2994 λόγοις
1750 2928 1928 2982 ἐπιτι-

353 2996 463 3065 μᾷν
492 2996 784 3066 ἐγνώκασι,
827 3003 1008 3058 καίτοι
1033 3006 1128 3060 καὶ
1157 3007 1332 3075 αὐτοὶ,
1367 3013 1511 3067 καθά
1530 3031 1712 3084 φασιν,
1746 3018 1925 3073 ἀδιαί-

2026 557 2204 603 autem
2242 550 2321 603 sic
2351 564 2366 602 :
2392 547 2675 618 Tanquam
2703 562 2832 603 vero
2855 549 3103 617 personis
3132 548 3444 609 duahns;vel
3467 556 3599 605 sub-

2026 639 2289 695 sistenliis
2322 639 2550 706 duabus,
2590 638 2674 695 vel
2728 638 2855 693 liliis
2888 639 3117 703 duobus,
3170 639 3459 694 dividendo
3481 644 3603 696 uni-

2028 732 2250 795 tionem,
2278 732 2378 786 hoc
2398 739 2485 785 est
2508 746 2673 785 unum
2708 730 3095 795 Filium,voces
3125 745 3313 800 aptare
3337 749 3442 786 non
3472 749 3594 787 con-

2027 822 2190 875 venit.
2221 820 2574 876 lndivisibilis
2598 822 2742 877 enim
2781 830 2837 877 et
2867 822 3241 892 inseparabilis
3271 831 3355 878 est
3389 837 3599 877 summa

2026 910 2220 974 unitio,
2258 916 2474 964 ctunus
2510 909 2681 964 Filius
2708 919 2791 966 est
2828 912 3124 967 secundum
3177 926 3393 966 omnem
3436 916 3602 967 ratiu-

2026 1015 2148 1053 nem
2176 1011 2233 1055 et
2262 998 2480 1055 modum
2520 1010 2573 1056 et
2598 1003 3005 1070 cogitationem.
3050 1003 3107 1057 Si
3159 1012 3345 1057 autem
3388 1019 3599 1058 summa

2026 1092 2202 1147 unitio
2234 1103 2504 1156 servetur,
2539 1103 2593 1147 et
2633 1109 2770 1148 unus
2800 1092 2969 1149 Filius
2988 1104 3045 1148 et
3069 1095 3316 1149 Christus
3337 1104 3390 1149 et
3418 1096 3597 1150 Denti-

2027 1198 2128 1237 nus
2162 1190 2416 1253 ponatur,
2448 1184 2515 1238 de
2547 1200 2654 1239 uno
2683 1193 2738 1239 et
2762 1185 2953 1240 eodem
2987 1183 3124 1239 Filio
3153 1186 3405 1257 accipere
3435 1202 3597 1257 opor-

2030 1284 2126 1339 tet,
2165 1288 2285 1344 quae
2311 1274 2571 1329 dicuntur
2599 1292 2613 1329 :
2646 1275 2741 1330 sed
2773 1284 2954 1331 tamen
2985 1276 3281 1332 secundum
3325 1269 3621 1346 unitarum‘

2029 1374 2341 1420 naturarum
2387 1366 2641 1423 virtutem
2673 1367 3087 1422 accommodare
3119 1370 3273 1423 decet
3321 1369 3413 1423 uni
3441 1368 3597 1433 Filio,

2027 1470 2149 1524 quae
2175 1455 2452 1511 dicuntur.
2480 1450 2651 1526 Igitur
2684 1457 2810 1511 dum
2834 1467 3087 1513 servatur
3135 1474 3349 1515 summa
3397 1462 3597 1527 unitas,

2026 1545 2202 1614 qualis
2233 1544 2476 1615 irreptio,
2509 1548 2595 1601 vel
2623 1546 2810 1602 saltem
2841 1548 3152 1618 imaginatio
3173 1551 3599 1606 sectionisindu-

2029 1636 2280 1691 ceretur?
2310 1636 2377 1691 Et
2405 1638 2497 1706 qui
2532 1639 2696 1693 audet
2720 1638 2987 1706 dividere,
3012 1642 3284 1715 quomodo
3307 1657 3412 1697 non
3448 1651 3599 1697 extra

2034 1733 2238 1780 ret-tam
2305 1727 2448 1789 viam
2506 1726 2729 1792 incedit,
2749 1736 2805 1782 et
2860 1741 2891 1781 a
2932 1727 3146 1797 pietatis
3177 1730 3516 1799 dogmatibus
3546 1731 3604 1784 in

1962 1795 2001 1851 Β
2033 1819 2342 1875 universum
2371 1818 2625 1873 recedit?
2646 1817 2784 1885 Quid
2845 1795 3025 1889 igitur-
3057 1818 3191 1874 dicit
3241 1795 3602 1874 anathemati-

2032 1909 2217 1964 smus?
2243 1909 2300 1965 Si
2331 1911 2453 1980 quis
2496 1910 2689 1964 dividit
2744 1924 2923 1973 voces,
2954 1911 3250 1965 secundum
3301 1910 3444 1966 hunc
3490 1926 3603 1965 nio-‘

2031 2002 2178 2066 dum,
2211 2009 2271 2056 ut
2297 2001 2433 2056 alias
2469 2002 2684 2071 quidem
2716 2012 2968 2072 tanquam
2998 2002 3204 2058 homini
3241 2017 3271 2056 a
3314 2001 3426 2060 Deo
3450 2018 3603 2059 seor-

2030 2095 2132 2146 sim
2162 2093 2432 2148 intellecto
2453 2093 2688 2163 adaptet,
2719 2093 2855 2148 alias
2876 2108 3024 2159 vero,
3049 2100 3109 2146 ut
3130 2093 3238 2149 Deo
3255 2094 3468 2162 dignas,
3498 2095 3600 2149 soli

2036 2183 2210 2239 Verbo
2242 2182 2356 2250 Dei,
2395 2185 2683 2238 anathema
2721 2183 2812 2238 sit.
2868 2183 2924 2237 Si
2985 2185 3145 2254 igitur
3193 2193 3510 2253 separantes
3550 2192 3606 2239 et

2031 2274 2428 2344 distinguentes
2457 2274 2508 2327 in
2542 2274 2816 2329 hominem
2847 2274 3061 2343 proprie
3099 2283 3155 2327 et
3182 2274 3437 2336 seorsim,
3466 2285 3519 2327 et
3547 2273 3599 2328 in

2035 2366 2268 2420 Verbum
2298 2366 2391 2421 Dei
2427 2367 2643 2437 proprie
2670 2375 2725 2421 et
2746 2366 2998 2434 seorsim,
3030 2359 3184 2437 171
3211 2380 3316 2420 non
3350 2366 3601 2434 partiun-

2031 2466 2118 2511 tur
2143 2472 2308 2512 unum
2339 2457 2635 2522 Christum,
2660 2472 2768 2513 non
2794 2458 2930 2513 duos
2952 2458 3143 2513 dicunt
3180 2456 3356 2525 illius;
3383 2471 3606 2511 succen-

2030 2561 2188 2609 seant
2221 2551 2375 2607 nobis
2402 2551 2803 2608 criminatores.
2840 2550 2899 2605 Si
2927 2561 3108 2607 autem
3140 2550 3312 2605 sectio
3346 2557 3401 2603 et
3450 2562 3606 2619 sepa-

2029 2644 2168 2700 ratio
2188 2644 2370 2699 estita
2400 2644 2640 2699 sentire:
2672 2642 2968 2699 secundum
3024 2655 3185 2712 quem
3227 2642 3446 2698 modum
3504 2656 3601 2695 no-

2030 2744 2177 2790 stros
2206 2748 2488 2789 sermones
2517 2734 2916 2803 reprehendere
2940 2742 3273 2798 statuerunt,
3308 2735 3525 2801 quando
3549 2741 3606 2786 et

2030 2825 2158 2895 ipsi,
2186 2826 2326 2881 sicut
2352 2825 2557 2889 dicunt,
2584 2823 2965 2887 indivisibilem
2995 2834 3050 2879 et
3100 2840 3265 2878 unum
3298 2826 3605 2880 secundum

2028 2933 2293 2975 summam
2320 2916 2618 2972 unitionem
2641 2915 3007 2982 conﬁteantur
3022 2930 3143 2971 esse
3176 2915 3608 2971 Emmanuelemi

2029 3008 2217 3080 Itaque
2243 3009 2545 3080 prudenter
2586 3022 3025 3078 unamquamque
3049 3021 3259 3074 vocem,
3295 3008 3378 3061 vel
3440 3008 3605 3060 etiam

352 3087 506 3194 ρετόν
544 3106 604 3143 τε
657 3093 750 3194 καὶ
786 3092 883 3148 ἕνα
910 3095 1053 3151 κατὰ
1095 3099 1272 3172 ἄκραν
1309 3102 1500 3161 ἕνωσιν
1531 3107 1924 3177 ὁμολογοῦντες

2028 3099 2093 3153 ab
2165 3099 2280 3168 ipso
2312 3096 2452 3153 forte
2499 3096 2721 3163 dictam,
2778 3097 3147 3167 accipiendam
3207 3110 3366 3161 esse,
3416 3096 3607 3150 lauda-

347 3181 614 3252 ὑπάρχειν
653 3182 746 3238 τὸν
781 3184 1159 3260 ⁹Εμμανουήλ;
1219 3191 1293 3245 Τὸ
1341 3195 1440 3264 μὲν
1495 3192 1589 3251 οὖν
1638 3200 1924 3271 ἐμφρόνως

346 3272 587 3345 ἑκάστην
616 3276 823 3349 φωνὴν,
851 3280 900 3332 εί
923 3279 1016 3335 καὶ
1050 3282 1179 3353 παρ’
1210 3283 1376 3339 αὐτοῦ
1405 3286 1568 3357 τυχὸν
1601 3290 1922 3362 είρημένην,

346 3361 789 3433 ὲκλαμϐάνεσθαι
821 3369 951 3437 δεῖν,
990 3371 1339 3446 ἐπαινέσαιμ’
1370 3376 1438 3431 ἂν
1466 3379 1561 3432 καὶ⁹
1593 3361 1754 3446 αὐτὸς
1788 3361 1923 3452 ἐγὼ,

347 3453 440 3507 καὶ
466 3456 821 3537 άπασςισοῦν,
840 3454 1017 3532 οἶμαι,
1046 3462 1153 3517 τῶν
1186 3465 1323 3536 ὀρθὰ
1353 3472 1572 3538 φρονεῖν
1617 3471 1886 3527 εἰωθότων
1908 3491 1922 3506 ·

346 3546 404 3599 αἱ
445 3548 545 3617 μὲν
570 3549 680 3620 γάρ
717 3551 825 3604 είσι
866 3540 1213 3626 θεοπρεπετς,
1244 3559 1303 3611 al.
1340 3558 1398 3612 δὲ
1446 3563 1512 3632 τῇ
1550 3562 1691 3632 μετά
1726 3565 1927 3635 σαρκὸς

344 3641 629 3713 οἰκονομίᾳ
655 3643 854 3713 μᾶλλον
885 3645 1306 3722 άρμοδιώτεραι.
1341 3652 1558 3726 Ἐπειδὴ
1586 3655 1644 3709 δέ
1672 3640 1820 3711 ἐστιν
1848 3652 1928 3722 εἷς

344 3733 445 3786 καὶ
471 3736 500 3788 ό
530 3735 714 3802 αὐτὸς,
744 3737 877 3802 Θεός
906 3756 968 3793 τε
994 3740 1132 3811 ὁμοῦ
1168 3743 1262 3797 καὶ
1295 3744 1601 3813 ἄνθρωπος,
1642 3748 1814 3819 ταύτῃ
1847 3766 1929 3803 τοι

345 3824 445 3877 καὶ
462 3825 582 3880 λίαν
600 3826 799 3898 ὀρθῶς,
815 3830 948 3884 ποτὲ
970 3832 1070 3902 μὲν
1095 3832 1313 3898 θεῖκῶς,
1342 3837 1469 3890 ποτὲ
1490 3837 1549 3891 δὲ
1572 3830 1929 3908 ἀνθρωπίνως

340 3918 582 3971 ποιεῖται
618 3919 745 3983 τοὺς
772 3921 965 3990 λόγους
989 3940 1002 3954 ⁸
1033 3924 1174 3996 πλὴν
1198 3926 1291 3979 τοῦ
1318 3927 1434 3990 te;
1488 3928 1664 3996 Ἰησοῦ
1687 3931 1924 4001 Χριστοῦ

340 4005 549 4071 ταύτας
597 4027 658 4063 τε
712 4012 973 4077 κάκείνας
1018 4011 1157 4069 εἶναι
1216 4017 1403 4085 φωνὰς
1451 4017 1925 4092 διισχυριζόμεθα·

337 4096 476 4152 οὔτε
505 4098 790 4168 ψιλοῦντες
821 4104 1075 4175 θεότητος
1113 4106 1206 4160 τὸν
1246 4109 1312 4160 ὲκ
1339 4107 1441 4177 τῆς
1468 4110 1741 4178 παναγίας
1773 4114 1926 4183 Παρ-

339 4189 506 4243 Θένου
552 4191 701 4255 ναὸν,
735 4192 861 4246 οὔτε
910 4194 1017 4266 μὴν
1053 4195 1293 4268 άσαρκον
1325 4199 1524 4263 εἰδότες
1564 4201 1656 4256 τὸν
1692 4204 1758 4257 ἐκ
1791 4204 1926 4257 Θεοῦ

338 4279 567 4351 Πατρὸς
601 4282 774 4350 Λόγον
817 4285 955 4355 μετὰ
994 4285 1093 4357 τὴν
1128 4287 1368 4359 ἄρρητον
1406 4290 1616 4347 ἕνωσιν.
1654 4292 1929 4364 Θαυμάζω

336 4370 408 4423 δὲ
447 4371 553 4436 ὅτι,
584 4374 762 4428 καίτοι
789 4376 1374 4448 πολυπραγμονοῦντες
1401 4381 1559 4451 ἄγαν,
1606 4386 1699 4439 καὶ
1744 4386 1819 4450 ῶς
1861 4404 1926 4455 γε

2029 3187 2128 3241 rim
2156 3188 2319 3242 etiam
2352 3202 2472 3257 ego,
2498 3197 2570 3252 et,
2596 3197 2653 3242 ut
2678 3186 2893 3256 opinor,
2911 3186 3141 3256 quisque
3173 3193 3319 3242 recte
3344 3185 3602 3242 sentiens.

2027 3276 2162 3333 Nam
2195 3279 2317 3333 alia:
2341 3279 2558 3348 quidem
2588 3276 2843 3334 suntDeo
2869 3277 3067 3348 dignae,
3097 3278 3215 3333 alias
3252 3293 3377 3334 vero
3393 3278 3608 3349 dispen-

2031 3369 2232 3425 sationi
2259 3384 2380 3423 cum
2428 3384 2593 3424 carne
2637 3369 3103 3439 congruentiores.
3131 3369 3393 3437 Quoniam
3424 3382 3605 3426 autem

2028 3473 2108 3517 εδει
2128 3477 2263 3516 unus
2280 3471 2335 3516 et
2351 3462 2487 3516 idem
2506 3462 2643 3516 Deus
2659 3462 2882 3517 simulet
2918 3462 3095 3526 homo,
3118 3464 3219 3517 hac
3237 3464 3443 3519 ratione
3462 3471 3606 3518 recte

2029 3554 2317 3624 aliquando
2359 3553 2554 3620 divine,
2588 3555 2875 3624 aliquando
2927 3554 3161 3609 humane
3207 3554 3443 3625 loquitur
3480 3570 3604 3610 :ve-

2033 3657 2337 3703 rumtamen
2358 3647 2516 3701 unius
2541 3643 2666 3700 Jesu
2696 3645 2893 3700 Christi
2912 3652 2965 3698 et
2992 3645 3091 3699 has
3108 3654 3162 3698 ct
3178 3645 3292 3701 illas
3312 3661 3470 3701 voces
3488 3661 3606 3699 csse

2029 3738 2344 3805 asscrimus,
2368 3752 2469 3793 nec
2496 3736 2783 3791 divinitate
2817 3722 3118 3806 spoliantes
3148 3737 3430 3806 templum,
3460 3739 3601 3806 quod

2031 3842 2096 3880 ex
2130 3836 2316 3881 sancta
2346 3825 2573 3896 Virgine
2602 3834 2706 3889 est,
2736 3839 2836 3879 nec
2864 3825 2981 3879 sine
3000 3839 3168 3879 carne
3226 3835 3481 3894 putantes
3511 3825 3600 3877 Dei

2032 3915 2209 3970 Patris
2237 3914 2470 3971 Verbum
2513 3924 2634 3985 post
2667 3913 2993 3970 ineﬂ‘abilem
3046 3915 3369 3970 unitionem.
3415 3917 3603 3968 Admi-

2034 4023 2123 4061 ror
2142 4016 2320 4061 autem
2347 4007 2511 4077 quod,
2547 4006 2792 4076 quamvis
2814 4005 2967 4061 valde
2989 4006 3203 4060 curiose
3239 4005 3597 4073 inquirentes,

2031 4108 2106 4161 et,
2136 4106 2193 4150 ut
2243 4097 2602 4161 arbitrantur,
2653 4096 2926 4152 subtiliter
2995 4096 3369 4152 exaniinautes
3450 4111 3601 4151 musis

2032 4188 2309 4258 epistolas,
2348 4203 2686 4258 quascunque
2706 4189 2757 4241 in
2781 4188 2860 4242 eis
2890 4198 3016 4241 sunt
3036 4189 3185 4242 utilia
3217 4197 3270 4242 et
3299 4189 3598 4242 necessaria

2033 4277 2097 4330 ad
2128 4274 2598 4330 demonstrandam
2630 4277 2938 4344 dogmatum
2965 4276 3338 4330 rectitudinem
3386 4284 3441 4327 et
3490 4275 3605 4328 dili-

2032 4369 2288 4435 gentiam,
2373 4367 2616 4422 volentes
2687 4376 3043 4436 praetereunt;
3117 4367 3362 4421 insiliunt
3420 4376 3599 4420 autem

336 4460 652 4530 νομίζουσι,
689 4463 900 4529 λεπτῶς
952 4465 1331 4535 βασανίζοντες
1346 4471 1443 4535 τάς
1457 4473 1596 4543 ἐμὰς
1614 4474 1923 4540 ἐπιστολὰς,

2032 4458 2451 4527 promptissime,
2483 4458 2527 4511 si
2553 4473 2656 4526 qua
2707 4458 2838 4524 ipsis
2869 4457 2951 4511 vel
2986 4457 3271 4510 minimam
3325 4456 3604 4524 conjectu-

333 4550 419 4603 τὰ
455 4550 555 4619 μὲν
588 4552 688 4605 ὅσα
709 4554 856 4606 ἐστὶν
882 4556 940 4608 ἐν
956 4556 1146 4622 αὐταῖς
1167 4559 1414 4629 χρήσιμά
1440 4577 1498 4613 τε
1528 4562 1622 4615 καὶ
1648 4563 1924 4631 ἀναγκαῖα

335 4641 490 4713 πρὸς
518 4643 794 4710 ἀπόδειξιν
828 4647 927 4718 τῆς
947 4647 1055 4702 τῶν
1092 4649 1380 4720 δογμάτων
1411 4651 1702 4723 ὀρθότητός
1733 4671 1794 4708 τε
1828 4655 1923 4708 καὶ

332 4731 660 4800 ἀκριϐείας,
699 4734 974 4800 ἐθέλοντες
1011 4735 1472 4811 παρατρέχουσιν,
1524 4743 1832 4815 ἐπιπηδῶσι
1864 4744 1924 4798 δὲ

332 4824 444 4877 καὶ
463 4823 609 4893 μάλα
624 4825 840 4895 γοργῶς
877 4830 988 4891 τοῖς
1015 4828 1119 4882 κᾶν
1159 4830 1289 4899 γοῦν
1318 4833 1502 4902 ἰσχνὴν
1557 4833 1769 4905 ἔχουσιν
1817 4837 1922 4892 ὑπ-

329 4913 531 4982 οψίαν,
572 4916 714 4970 κατά
750 4933 813 4985 γε
835 4917 894 4970 τὸ
931 4919 1110 4984 αὐτοῖς
1138 4920 1346 4985 δοκοῦν,
1374 4924 1454 4985 εἰς
1471 4924 1544 4981 ,τὸ
1571 4923 1829 4979 δύνασθαι
1859 4925 1927 4978 δι’

331 5004 531 5057 αὐτῶν
618 5005 716 5067 τὰς
780 5005 901 5059 καθ’
973 5008 1128 5077 ἡμῶν
1209 5009 1480 5063 ποιεῖσθαι
1539 5012 1923 5081 συκοφαντίας.

332 5096 719 5165 Μεμνήσομαι
743 5096 800 5148 δὲ
827 5097 933 5150 τῶν
953 5099 1189 5169 ἐμαυτοῦ
1230 5100 1410 5170 ῥητῶν
1441 5108 1489 5153 κ.
1536 5101 1792 5173 Γέγραφα
1816 5103 1927 5173 γάρ

330 5185 525 5247 οὕτως
562 5187 620 5238 ἐν
648 5189 717 5257 τῇ
748 5187 882 5256 πρὸς
904 5187 1194 5257 Νεστόριον
1231 5191 1488 5262 ἐπιστολῇ
1508 5205 1521 5218 '
1543 5190 1652 5256 Τὰς
1683 5192 1741 5245 δέ
1774 5211 1835 5263 γε
1864 5195 1921 5247 ἐν

328 5278 460 5339 τοῖς
523 5277 875 5347 Εὑαγγελίοις
926 5278 1018 5332 τοῦ
1067 5280 1315 5351 Σωτῆρος
1371 5280 1528 5351 ἡμῶν
1574 5283 1756 5350 φωνὰς
1798 5283 1919 5338 οὔτε

2034 4565 2145 4602 ram
2171 4549 2418 4619 praebere.
2445 4550 2753 4614 videantur,
2787 4565 2851 4601 es
2889 4548 3018 4616 ipsis
3037 4559 3226 4602 contra
3263 4563 3362 4604 nos
3396 4549 3602 4602 calum-

2033 4642 2152 4695 nias
2197 4642 2412 4696 contexi
2445 4656 2621 4710 posse.
2650 4641 3099 4695 Cotinnemorabo
3129 4651 3305 4693 autem
3374 4651 3429 4695 et
3485 4657 3601 4696 mea

2032 4734 2220 4796 verba,
2248 4748 2367 4801 qua:
2391 4733 2469 4787 sic
2498 4733 2552 4786 in
2578 4732 2803 4800 epistola
2862 4733 2929 4786 ad
2986 4732 3295 4786 Nestorium
3352 4733 3543 4803 scripsi
3580 4749 3596 4786 :

2033 4824 2205 4879 Voces
2223 4834 2399 4880 autem
2425 4823 2721 4880 Salvatoris
2750 4828 2918 4880 nostri
2945 4827 2998 4880 in
3052 4827 3376 4897 Evangeliis,
3430 4842 3607 4898 neque

2037 4916 2355 4971 substantiis
2388 4916 2616 4980 duabus,
2652 4933 2824 4985 neque
2888 4930 3035 4973 certe
3088 4920 3297 4974 duabus
3359 4919 3606 4988 personis

2033 5007 2408 5064 distribuimus
2470 5008 2600 5080 (non
2627 5011 2771 5066 enim
2806 5012 3000 5080 duplex
3027 5021 3110 5067 est
3165 5027 3304 5066 unus
3356 5019 3411 5064 et
3457 5011 3602 5063 solus

2030 5097 2311 5165 Christus,
2331 5100 2543 5157 etiamsi
2571 5116 2637 5156 ex
2670 5104 2877 5157 duabus
2902 5114 2956 5158 et
2983 5104 3212 5157 diversis
3252 5102 3408 5154 rebus
3448 5101 3604 5154 intel-

2028 5190 2225 5258 ligatur
2259 5192 2311 5245 in
2336 5193 2989 5264 unitatem]ndivisibilem
3019 5194 3393 5257 coadunatus;
3420 5206 3604 5260 quem.

2027 5285 2312 5337 admodum
2372 5285 2578 5340 scilicet
2627 5295 2681 5340 et
2709 5286 2867 5341 homo
2907 5300 2973 5340 ex
3000 5286 3176 5339 anima
3208 5283 3524 5355 intelligitur
3552 5294 3603 5339 et

1422 5495 1591 5549 Varia:
1619 5495 1875 5550 lectiones
1900 5512 1964 5550 ex
1997 5500 2181 5553 codice
2214 5501 2581 5569 Sugnieriano.

446 5693 472 5734 δ
507 5694 824 5767 προσώποις
857 5691 1027 5759 δυσὶν,

1188 5705 1207 5731 ε
1242 5693 1366 5746 Υἰὺν
1396 5693 1487 5745 καὶ
1525 5692 1977 5761 ἐκλανθάνεσθαι.
2043 5693 2066 5731 d
2107 5690 2177 5755 ὥς
2206 5713 2309 5759 τις.
2382 5709 2402 5733 9
2440 5698 2497 5749 οὐ
2531 5695 2842 5758 διιστάντες.
2891 5696 2911 5733 ί
2939 5699 2997 5749 οὐ
3037 5697 3145 5750 δύο.
3230 5701 3255 5738 3
3292 5699 3570 5768 ῥημάτων.
