4014 6128
377 343 483 403 5'59

1370 345 1428 400 S.
1471 344 1742 401 CYBILLI
1781 345 2251 402 ALEXANDRINI
2292 345 2611 405 ARCIIIEP.

3533 344 3640 400 540

379 476 627 532 corpore,
661 473 716 519 et
750 478 856 520 non
880 463 1097 534 duplex,
1128 465 1224 521 sed
1256 464 1428 535 magis
1465 478 1604 520 unus
1655 464 1739 534 (ex
1791 466 1956 519 utris-

2060 467 2392 521 ὑποστάσεσι
2430 467 2604 528 δυσὶν,
2625 462 2749 517 οὔτε
2774 461 2883 533 μὴν
2913 458 3225 532 προσώποις
3243 458 3364 512 δυσὶ
3395 474 3640 520 καταμε-

380 554 529 624 quc),
553 556 645 612 sed
683 557 950 612 humanas
981 565 1031 611 et
1060 557 1271 613 divinas
1298 572 1516 628 quoque
1538 557 1606 611 ab
1643 572 1752 613 uno
1781 557 1953 612 dictas

383 656 499 701 esse
524 649 924 717 cognoscimus,
944 657 1091 704 recte
1116 650 1410 719 sapientes.
1438 647 1665 714 Quando
1695 648 1869 713 enim,
1893 658 1951 704 ut

383 738 547 791 llenm
580 738 754 804 decet,
786 739 854 794 de
883 754 942 794 se
968 739 1207 808 loquitur
1243 755 1258 791 :
1288 756 1309 792 ι
1345 737 1446 805 Qui
1484 738 1618 794 vidit
1662 753 1768 804 me,
1821 739 1956 794 vidit

378 840 434 883 ct
490 829 706 885 Patrem
737 832 818 897 7’;
858 850 878 884 ι
936 841 1039 886 et:
1114 849 1134 883 ι
1176 830 1286 902 Ego
1344 841 1401 886 et
1457 830 1617 885 Pater
1662 846 1825 885 unum
1858 846 1953 886 su-

330 961 337 969 .
383 919 595 986 unus“;
628 937 649 973 ι
692 920 929 975 divinam
967 921 1139 991 ipsius
1161 919 1563 976 etinel'l‘abilcm
1600 921 1956 990 intelligimus

382 1017 655 1078 naturam,
687 1012 982 1067 secundum
1014 1027 1178 1082 quam
1220 1022 1303 1068 est
1354 1012 1537 1069 Patris
1588 1012 1693 1077 sui,
1733 1022 1957 1082 propter

381 1103 717 1158 identitatem
750 1103 1087 1167 substantiae,
1127 1114 1183 1159 et
1240 1105 1415 1174 imago
1461 1115 1515 1160 et
1569 1104 1853 1159 character
1902 1113 1958 1158 et

381 1196 635 1264 splendor
660 1196 843 1267 gloriae
872 1196 1041 1266 ipsius
1060 1198 1125 1251 ⁸⁸.
1148 1197 1308 1267 172
1324 1197 1545 1264 Quando
1565 1206 1744 1251 autem
1763 1197 1956 1251 imma-

382 1288 570 1342 nitatis
594 1303 903 1344 mensuram
931 1290 1228 1345 observans
1244 1290 1443 1347 Judaeis
1468 1290 1739 1361 loquitur:
1764 1310 1783 1344 ι
1808 1290 1959 1346 Nunc

382 1387 562 1433 autem
599 1393 687 1434 me
715 1380 958 1449 quaeritis
988 1380 1244 1435 occidere
1272 1382 1574 1448 hominem,
1631 1381 1721 1451 qui
1757 1380 1958 1435 verita.

387 1483 491 1524 tem
525 1470 679 1527 vobis
704 1472 917 1528 locutus
964 1488 1084 1529 sum
1134 1473 1212 1539 3’;
1259 1494 1279 1526 ι
1336 1489 1549 1530 rursum
1612 1473 1961 1529 nihilominus

384 1566 639 1630 ipsumin
670 1565 983 1635 aequalitate
1051 1574 1108 1621 et
1154 1567 1509 1622 similitudine
1567 1566 1743 1622 Patris
1793 1565 1961 1620 Deum

388 1657 643 1724 Verbum,
681 1668 737 1714 et
759 1673 823 1713 ex
848 1659 1209 1714 humanitatis
1245 1674 1356 1714 sua:
1399 1659 1673 1715 mensuris
1706 1658 1963 1727 agnosci-

387 1764 526 1804 mus.
556 1747 691 1804 Nam
726 1750 770 1804 si
801 1749 1173 1805 necessarium
1202 1758 1287 1806 est
1348 1752 1576 1807 credere
1618 1751 1762 1821 quod
1821 1749 1963 1806 Deus

2059 557 2282 630 ρίζομεν
2303 575 2315 587 ·
2349 559 2411 612 οὐ
2452 557 2561 629 γάρ
2597 557 2714 610 ἐστι
2768 553 2992 618 διπλοῦς
3021 553 3050 606 ό
3073 546 3157 615 εἷς
3185 551 3283 607 καὶ
3318 551 3477 622 μόνος
3507 552 3644 622 Χρι-

2058 653 2202 717 στὸς,
2225 650 2329 705 κᾶν
2344 651 2409 705 ὲκ
2440 649 2534 703 δύο
2545 648 2734 719 νοῆται
2759 647 2854 701 καὶ
2886 645 3162 717 διαφόρων
3189 643 3535 716 πραγμάτων
3563 644 3645 708 είς

2056 745 2285 814 ἑνότητα
2329 743 2426 816 τὴν
2487 741 2777 812 ἀμέριστον
2841 737 3332 808 συνενηνεγμένος·
3387 734 3646 804 καθάπερ

2055 835 2248 906 ἀμέλει
2276 835 2370 888 καὶ
2391 833 2677 906 ἄνθρωπος
2700 834 2766 885 ὲκ
2790 831 2965 902 ψυχῆς
2986 832 3185 884 νοεῖται
3228 828 3324 882 καὶ¹
3357 827 3642 898 σώματος·

2056 928 2152 981 καὶ
2176 927 2235 980 ού
2280 925 2503 989 διπλοῦς
2537 924 2758 995 μᾶλλον,
2807 922 2925 977 ἀλλ’
2961 916 3087 985 εῒςιι
3124 921 3185 986 ea
3206 921 3418 991 ’ἀμφοῖν
3440 935 3454 950 ’
3507 919 3645 972 ἀλλά

2055 1019 2154 1083 τάς
2185 1035 2244 1071 τε
2276 1018 2645 1088 ἀνθρωπίνας,
2692 1016 2787 1069 καὶ
2824 1014 2965 1086 πρός
3005 1031 3071 1083 γε
3104 1011 3281 1081 τούτῳ
3317 1011 3418 1074 τὰς
3455 1010 3646 1075 θεῖκάς

2057 1110 2187 1180 παρ’
2226 1108 2344 1172 ἑνὸς
2377 1108 2651 1181 εἰρῆσθαι,
2675 1105 3066 1177 διακεισόμεθα
3090 1103 3417 1175 φρονοῦντες
3445 1101 3640 1173 ὀρθῶς.

2060 1202 2228 1255 Ὅταν
2272 1201 2368 1272 μὲν
2408 1200 2515 1270 γὰρ
2553 1199 2872 1270 θεοπρεπῶς
2914 1197 3047 1268 λέγῃ
3096 1197 3225 1266 περὶ
3253 1194 3451 1249 ἑαυτοῦ
3483 1212 3496 1225 ·
3542 1214 3560 1245 ι
3583 1193 3642 1245 Ὀ

2058 1292 2318 1365 ἑωρακὼς
2366 1292 2490 1363 ἐμὲ,
2536 1290 2751 1363 ἑώρακε
2782 1290 2874 1344 τὸν
2907 1288 3129 1360 Πατέρα
3150 1303 3163 1315 ·
3186 1307 3206 1339 ι
3256 1286 3351 1340 καὶ
3371 1324 3391 1353 ,
3452 1305 3470 1338 ι
3503 1285 3644 1354 Ἐγὼ

2058 1389 2155 1442 καὶ
2178 1388 2206 1440 ό
2236 1385 2427 1456 Πατὴρ
2458 1385 2518 1438 ἓν
2556 1385 2757 1455 ὲσμεν’
2785 1402 2804 1436 ι
2834 1381 2934 1453 τὴν
2968 1381 3116 1435 θείαν
3149 1378 3317 1434 αὑτοῦ
3344 1379 3439 1434 καὶ
3468 1378 3643 1451 ἀπόρ-

2063 1483 2224 1552 ρητον
2265 1477 2551 1548 ἐννοοῦμεν
2597 1475 2780 1546 φύσιν,
2827 1473 2948 1528 καθ’
2998 1474 3066 1544 ἦν
3124 1474 3246 1527 ἐστι
3287 1474 3303 1513 ἱ
3360 1471 3498 1543 πρὸς
3554 1470 3646 1524 τὸν

2061 1571 2281 1643 Πατέρα
2325 1570 2417 1623 τὸν
2460 1566 2655 1624 ἑαυτοῦ
2701 1565 2789 1621 διὰ
2835 1565 2934 1637 τὴν
2976 1565 3282 1636 ταυτότητα
3315 1564 3416 1634 τῆς
3461 1562 3646 1625 οὐσίας

2062 1662 2228 1718 εἰκών
2267 1679 2327 1715 τε
2357 1660 2452 1715 καὶ
2486 1657 2793 1730 χαρακτὴρ,
2827 1656 2923 1711 καὶ⁹
2971 1654 3318 1725 ἀπαύγασμα
3353 1654 3453 1726 τῆς
3488 1653 3647 1722 δόξης

2062 1755 2431 1810 αὑτοῦ.“οταν
2475 1752 2533 1806 δὲ
2579 1751 2641 1805 τὸ
2672 1751 2775 1820 τῆς
2821 1749 3244 1821 ἀνθρωπότητος
3300 1747 3500 1818 μέτρον
3550 1746 3648 1799 οὐκ

384 1845 653 1901 exsistens
694 1852 889 1900 natura
940 1845 1143 1903 factum
1177 1854 1261 1901 est
1302 1859 1469 1912 caro,
1514 1849 1617 1902 hoc
1656 1846 1953 1915 cst;homo,

2062 1847 2363 1921 ἀτιμάζων,
2416 1849 2531 1910 τοῖς
2574 1844 2851 1908 Ἰουδαίοις
2899 1841 3210 1914 προσλαλῇ’
3267 1860 3286 1894 ι
3312 1839 3429 1893 Νῦν
3471 1839 3528 1892 δέ
3581 1856 3646 1908 με

384 1944 548 1986 carne
585 1933 824 1988 animata
856 1934 1037 1989 anima
1070 1933 1324 1990 rationali
1361 1953 1373 1988 :
1413 1936 1660 2005 quamam
1693 1936 1829 2003 ratio
1881 1934 1963 1989 ie-

385 2032 489 2089 rat,
513 2031 573 2077 ut
601 2025 723 2093 quis
745 2040 903 2082 voces
928 2028 1046 2097 ejus
1099 2027 1410 2092 erubescat,
1450 2027 1496 2082 si
1527 2026 1681 2082 factae
1708 2036 1833 2082 sunt
1869 2028 1960 2082 ho-

386 2113 518 2169 mini,
548 2117 940 2186 congruentes?
966 2116 1103 2172 Nam
1130 2116 1175 2172 si
1206 2126 1479 2187 respueret
1543 2131 1824 2173 sermones
1867 2117 1957 2187 qui

384 2202 694 2260 hominibus
718 2215 1047 2275 congruunt,
1078 2207 1202 2276 quis
1235 2207 1500 2275 compulit
1528 2216 1586 2261 ut
1613 2208 1775 2264 homo
1804 2206 1961 2263 ﬁeret

382 2294 575 2350 similis
593 2296 788 2352 nobis?
833 2298 932 2365 Qui
965 2309 1147 2354 autem
1178 2313 1237 2354 se
1266 2297 1490 2353 demisit
1519 2309 1744 2369 propter
1776 2315 1876 2354 nos
1900 2299 1957 2354 in

383 2388 739 2444 Voluntariam
762 2393 1213 2458 exinanitionem,
1243 2401 1464 2463 propter
1498 2408 1670 2462 quam
1733 2407 1955 2447 causam

386 2491 663 2551 respueret
691 2496 973 2540 sermones
1005 2499 1120 2539 suae
1146 2485 1513 2540 exinanitioni
1542 2483 1962 2539 convenientes?

383 2572 550 2643 igitur
572 2573 667 2629 uni
697 2588 946 2645 persona:
964 2591 1154 2632 omnes
1187 2577 1424 2632 vocesin
1468 2574 1794 2647 Evangeliis,
1831 2575 1963 2630 sub-

384 2665 668 2730 sistentize,
705 2666 951 2737 inquam,
985 2668 1078 2723 uni
1110 2666 1275 2725 Verbi
1331 2667 1600 2724 incarnati
1656 2667 1961 2723 tribuendas

384 2766 508 2813 sunt
563 2757 846 2830 (Dominus
879 2760 1024 2815 enim
1083 2774 1223 2816 unus
1258 2758 1419 2816 Jesus
1452 2758 1726 2826 Christus,
1767 2773 1962 2815 secun-

384 2848 507 2901 dum
535 2844 894 2922 Scripturas).
934 2848 1123 2921 Igitur,
1150 2861 1413 2920 quantum
1441 2863 1509 2906 ex
1531 2863 1644 2919 1am
1681 2859 1808 2905 ante
1832 2849 1962 2905 scri-

384 2940 512 3008 ptis,
542 2957 647 2997 non
681 2941 959 3011 ignorasse
1006 2940 1464 3011 deprehendimur
1480 2940 1960 3012 dispensationem,

382 3041 441 3086 et
468 3047 595 3089 suas
628 3034 913 3103 utriusque
934 3043 1144 3091 natura;
1174 3038 1465 3101 voces,scd
1497 3038 1677 3107 potius
1710 3048 1817 3090 non
1839 3048 1961 3105 per-

388 3126 603 3182 mittere
656 3127 1003 3193 animalibus,
1063 3137 1117 3183 et
1162 3126 1412 3198 spiritum
1456 3144 1563 3185 non
1606 3128 1961 3192 habentibus,

387 3220 524 3275 duos
544 3218 788 3291 cegitare
815 3219 899 3275 vel
922 3221 1103 3277 dicere
1130 3220 1317 3287 Filios,
1350 3220 1426 3275 ita
1453 3230 1514 3276 ut
1537 3221 1782 3276 dividant
1811 3222 1957 3276 inter

387 3325 446 3364 se
491 3310 874 3367 subsistentias
922 3320 1046 3382 post
1082 3312 1405 3367 indivulsam
1465 3312 1785 3368 unitionem.
1841 3312 1952 3368 Sed

388 3400 515 3469 quia
549 3416 737 3471 parum
771 3402 899 3473 quid
924 3418 988 3458 ex
1048 3415 1233 3458 nostra
1296 3403 1525 3475 epistola
1556 3412 1859 3472 posuerunt
1904 3402 1958 3457 in

389 3491 661 3561 principio
720 3508 941 3549 suorum
1009 3509 1346 3562 sermonum,
1375 3504 1433 3549 et
1486 3494 1956 3559 minanturnobis,

387 3585 530 3651 quod
571 3584 624 3637 in
658 3591 902 3654 tempore
925 3585 1427 3657 sintredarguturi,
1484 3587 1638 3657 quasi
1691 3602 1796 3641 non
1849 3600 1963 3641 me-

388 3675 645 3730 diocriter
677 3676 1083 3744 peccaverimus
1105 3678 1158 3734 in
1183 3677 1421 3734 Verbum
1448 3693 1513 3735 ex
1539 3677 1650 3734 Deo
1679 3677 1845 3733 Patre
1866 3720 1881 3745 ,
1907 3691 1961 3735 et

387 3767 782 3823 incrementum
813 3782 875 3824 ac
901 3768 1325 3839 profectum,qui
1353 3770 1422 3826 ad
1452 3784 1673 3826 carnem
1702 3771 1959 3842 pertinet,

387 3868 595 3916 naturae
622 3859 791 3929 ipsius
818 3860 1266 3932 insipientissime
1311 3862 1716 3919 tribuerimus:
1760 3878 1862 3935 age
1909 3872 1964 3919 et

389 3955 453 4010 ad
480 3954 583 4009 hoc
597 3953 978 4010 convenientia
1003 3953 1271 4020 dicamus,
1306 3953 1609 4023 adiiciendo
1638 3963 1808 4010 totam
1835 3954 1954 4025 epi-

386 4043 537 4099 ειοΙιε
570 4053 799 4114 partem.
852 4042 958 4113 Ipsi
1017 4046 1163 4099 enim
1210 4051 1512 4101 metuentes
1556 4046 1869 4114 veritatem,
1907 4054 1964 4100 et

386 4135 660 4191 auditores
702 4135 973 4202 fallentes,
1026 4144 1234 4204 partem
1278 4137 1568 4206 quamdam
1639 4147 1957 4206 posuerunt,

386 4245 502 4283 eam
531 4241 651 4289 qua
679 4229 809 4297 ipsis
847 4227 1137 4283 utilissima
1172 4242 1295 4284 esse
1337 4226 1620 4283 videbatur
1638 4228 1705 4282 ad
1742 4229 1866 4294 hoc,
1902 4239 1965 4284 ut

387 4320 517 4374 inde
570 4326 789 4389 possent
816 4333 882 4373 ac
904 4318 1219 4372 viderentur
1240 4317 1389 4388 iuste
1413 4318 1711 4374 calumnias
1754 4319 1807 4374 in
1862 4334 1960 4376 nos

386 4421 622 4467 struere.
654 4409 828 4465 Habet
858 4416 1040 4465 autem
1061 4409 1141 4465 sic
1190 4410 1333 4478 quod
1378 4410 1585 4466 dictum
1628 4421 1709 4467 est
1741 4429 1757 4469 :
1793 4412 1860 4468 Et
1914 4412 1960 4467 si

2063 1940 2274 2012 ζητεῖτε
2302 1937 2620 1992 ἀποκτεῖναι
2679 1933 2985 2013 ἄνθρωπον,
3022 1932 3081 1996 ὃς
3111 1931 3212 2002 τὴν
3234 1929 3493 2001 ἀλήθειαν
3520 1929 3651 1998 ὑμῖν

2061 2030 2336 2100 λελάληκα
2364 2046 2378 2061 ·
2415 2047 2435 2081 ι
2471 2027 2635 2084 πάλιν
2663 2026 2815 2080 οὐδὲν
2847 2018 3012 2097 ἦττον
3039 2021 3201 2077 αὐτὸν
3230 2021 3320 2076 τὸν
3352 2022 3409 2074 ὲν
3437 2019 3652 2088 ἰσότητί

2062 2140 2121 2176 τε
2151 2122 2244 2176 καί⁵
2266 2121 2546 2192 όμοιότητι
2572 2117 2668 2174 τοῦ
2696 2116 2908 2188 Πατρὸς
2940 2115 3072 2169 Θεὸν
3102 2113 3293 2182 Λόγον,
3316 2112 3411 2166 καὶ
3439 2113 3506 2164 ὲκ
3537 2110 3649 2165 τῶν

2062 2216 2162 2286 τῆς
2189 2212 2609 2283 ἀνθρωπότητος
2640 2207 2806 2263 αὐτοῦ
2838 2206 3052 2279 μέτρων
3093 2201 3555 2272 ὲπιγινώσκομεν.
3584 2200 3648 2252 Εἰ

2063 2304 2173 2376 γάρ
2202 2304 2352 2357 ἐστιν
2398 2302 2694 2370 ἀναγκαῖον
2740 2299 2803 2353 τὸ
2843 2297 3143 2362 πιστεύειν,
3176 2297 3259 2352 ὅτι
3286 2293 3419 2357 Θεὸς
3445 2291 3520 2347 ὣν
3552 2290 3652 2362 φύ-

2067 2414 2178 2464 σει,
2229 2394 2427 2464 γέγονε
2474 2391 2646 2465 σὰρξ,
2699 2392 2866 2463 ἠγουν
2918 2383 3650 2460 ἄνθρωπος,ὲμψυχωμένης

2062 2489 2207 2560 ψυχῇ
2238 2487 2431 2559 λογικῇ
2465 2486 2566 2557 τῆς
2605 2484 2805 2555 σαρκός
2826 2499 2840 2514 ο
2878 2479 3068 2536 ποῖονί
3129 2482 3196 2536 ἀν
3239 2479 3352 2550 ἔχοι
3399 2478 3554 2546 λόγον
3585 2475 3651 2529 τὸ

2063 2578 2483 2652 ἐπαισχύνεσθαί
2499 2594 2619 2631 τινα
2638 2579 2758 2640 ταῖς
2776 2577 2906 2647 παρ’
2923 2574 3088 2630 αὑτοῦ
3112 2575 3338 2644 φωναῖς,
3360 2573 3409 2625 εἰ
3424 2568 3647 2640 γεγόνα-

2066 2690 2151 2727 σιν
2175 2670 2691 2745 ἀνθρωποπρεπῶςς
2727 2669 2792 2723 Εἰ
2824 2667 2936 2740 γὰρ
2968 2668 3266 2739 παρῃτεῖτο
3287 2665 3415 2728 τοὺς
3440 2660 3650 2733 ἀνθρώ-

2066 2783 2155 2836 πῳ
2181 2765 2490 2837 πρέτωντας
2509 2761 2721 2832 λόγους,
2746 2760 2828 2826 τίς
2850 2762 2878 2814 ό
2900 2760 3217 2829 ἀναγκάσας
3237 2755 3495 2827 γενέσθαι
3518 2754 3623 2809 καθ
3640 2752 3652 2772 ¹

2065 2859 2213 2929 ἡμᾶς
2254 2855 2582 2928 hepterem);
2627 2854 2684 2910 Ὀ
2714 2853 2771 2907 δὲ
2805 2852 2996 2916 καθεὶς
3040 2852 3232 2905 ἑαυτὸν
3280 2849 3348 2904 δι’
3380 2848 3529 2919 ἡμᾶς
3573 2848 3649 2911 εἰς

2067 2949 2313 3005 ἑκούσιον
2364 2947 2616 3013 κένωσιν,
2647 2945 2737 3001 διὰ
2783 2947 2946 2999 ποίαν
3001 2944 3185 2999 αἰτίαν
3238 2943 3539 3013 παρῃτεῖτο
3584 2939 3649 2992 ἂν

2065 3046 2193 3110 τοὺς
2236 3046 2302 3115 τῇ
2337 3039 2565 3097 κενώσει
2613 3039 2924 3111 πρέποντας
2953 3036 3188 3104 λόγους;
3228 3034 3344 3087 Ἐνὶ
3364 3030 3653 3103 τοιγαροῦν

1999 3162 2047 3227 C
2077 3136 2354 3212 προσώπῳ
2384 3134 2485 3199 τὰς
2518 3135 2575 3187 ὲν
2607 3134 2722 3195 τοῖς
2756 3128 3107 3227 Εὐαγγελίρις
3147 3126 3329 3191 πάσας
3365 3123 3651 3227 ἀναθετέον

2063 3231 2267 3306 φωνὰς,
2299 3226 2595 3282 ὑποστάσει
2626 3224 2726 3295 μιᾷ
2750 3224 2816 3293 τῇ
2848 3219 2942 3274 τοῦ
2965 3217 3141 3289 Λόγου
3165 3215 3566 3290 σεσαρκωμένῃ
3590 3214 3614 3253 ι
3633 3231 3648 3245 ο

2059 3325 2266 3395 Κύριος
2296 3320 2407 3391 γὰρ
2436 3311 2517 3381 εἷς
2550 3314 2758 3385 Ἰησοῦς
2784 3310 3080 3386 Χριστδςι,
3105 3311 3244 3366 κατά
3273 3309 3372 3373 τὰς
3406 3308 3650 3380 Γραφάς.

2061 3416 2272 3473 Οὐκοῦν
2305 3414 2435 3477 ὼςω
2466 3410 2575 3466 ἀπό
2607 3425 2672 3479 γε
2698 3407 2808 3462 τῶν
2839 3407 2940 3477 ἥδη
2970 3403 3484 3477 προγεγραμμένων
3503 3442 3518 3465 ,
3553 3401 3655 3453 οὐκ

2061 3507 2391 3580 ἠγνοηκότες
2442 3504 2541 3575 μὲν
2579 3499 2902 3572 ἀλωσόμεθα
2928 3499 3030 3570 τὴν
3058 3496 3395 3567 οἰκονομίαν,
3427 3494 3525 3548 καὶ
3553 3492 3655 3562 τὴν

2061 3602 2268 3674 ἑκάστῃ
2321 3598 2481 3669 φύσει
2543 3593 2862 3666 πρέπουσαν
2910 3589 3115 3661 φωνὴν,
3163 3589 3263 3643 οὐκ
3307 3585 3553 3655 ἐφιέντες
3597 3584 3655 3637 δὲ

2065 3694 2265 3765 μᾶλλον
2296 3692 2433 3754 τοῖς
2476 3687 2749 3760 ψυχικοῖς,
2774 3684 2871 3739 καὶ
2899 3683 3119 3753 πνεῦμα
3166 3682 3241 3751 μὴ
3276 3678 3483 3751 ἔχουσι,
3516 3679 3657 3732 νοεῖν

2061 3786 2156 3840 δύο
2181 3784 2352 3847 υἱοὺς,
2384 3782 2417 3852 ἢ
2449 3781 2652 3849 λέγειν,
2683 3774 3029 3848 διαιροῦντας
3078 3772 3330 3843 ἀλλήλων
3375 3770 3478 3834 τὰς
3519 3771 3654 3824 ὕπο-

2064 3877 2284 3938 στάσεις
2334 3870 2472 3945 μετὰ
2507 3870 2606 3942 τὴν
2649 3856 3066 3923 ἀδιάσπαοῆονιι
3094 3865 3311 3918 ἕνωσιν.
3329 3860 3554 3951 Ἐπειδὴ
3597 3859 3655 3913 δὲ

2064 3967 2236 4039 βραχύ
2289 3983 2343 4019 τι
2393 3963 2558 4036 μέρος
2591 3960 2849 4024 λαϐόντες
2898 3958 2961 4024 ἐξ
3010 3956 3289 4029 ἡμετέρας
3336 3952 3654 4021 ἐπιστολῆς,

2059 4057 2370 4111 τεθείκασιν
2422 4057 2480 4109 ὲν
2526 4054 2669 4124 ἀρχῇ
2720 4050 2828 4104 τῶν
2883 4048 3029 4103 ἰδίων
3080 4047 3275 4116 λόγων,
3302 4041 3657 4106 ἀπειλοῦντες

2063 4150 2211 4220 ἡμᾶς
2241 4146 2336 4201 ἐπὶ
2362 4143 2556 4214 καιροῦ
2589 4141 2909 4212 διελέγχειν,
2932 4138 3010 4203 ὡς
3037 4139 3099 4192 οὐ
3136 4135 3372 4208 μετρίως
3402 4136 3658 4205 ἡμαρτη-

2062 4239 2226 4303 κότας
2254 4239 2334 4301 εἰς
2364 4236 2458 4290 τὸν
2502 4237 2567 4288 ἐκ
2603 4232 2740 4287 Θεοῦ
2777 4230 2990 4303 Πατρὸς
3021 4229 3213 4297 Λόγον,
3245 4224 3341 4281 καὶ
3372 4228 3440 4296 τῇ
3488 4224 3654 4279 αὐτοῦ

2062 4326 2220 4396 φύσει
2246 4325 2344 4397 τὴν
2368 4327 2435 4396 τῇ
2465 4323 2631 4394 σαρκὶ
2662 4321 2984 4392 πρέπουσαν
3019 4316 3249 4388 αὔξησίν
3286 4332 3348 4369 τε
3382 4316 3479 4369 καὶ
3519 4332 3651 4387 προ-

2063 4409 2237 4482 κοπὴν
2265 4409 2605 4465 ἀϐουλότατα
2629 4407 3176 4480 προσνενεμηκόταςο
3221 4404 3357 4476 φέρε
3385 4404 3486 4458 καὶ
3520 4403 3657 4474 πρός

385 4504 623 4559 audieris
665 4500 808 4572 quod
843 4500 1142 4569 profecerit
1159 4499 1317 4557 Jesus
1351 4510 1513 4557 aetate
1533 4511 1590 4558 et
1611 4505 1876 4573 sapientia
1902 4514 1957 4560 et

2059 4520 2122 4573 γε
2151 4504 2326 4557 ταῦτα
2362 4502 2431 4556 τὰ
2476 4502 2665 4555 εἰκότα
2703 4500 2975 4570 λέγωμεν,
3009 4497 3128 4552 ὅλον
3163 4495 3508 4567 παραθέντες
3557 4493 3655 4563 τῆς

385 4596 557 4665 gratia
589 4592 657 4657 ⁸³,
694 4604 763 4645 ne
786 4599 942 4659 putes
992 4589 1229 4645 Verbum
1295 4590 1389 4646 Dei
1455 4592 1672 4661 sapiens
1716 4593 1959 4662 profectu

2064 4594 2356 4665 ἐπιστολῆς
2379 4593 2440 4648 τὸ
2472 4594 2657 4664 μέρος.
2692 4591 2999 4654 Δεδοικότες
3016 4598 3043 4628 ⁸
3068 4589 3179 4660 γὰρ
3211 4589 3368 4643 αὐτοὶ
3393 4588 3497 4659 τὴν
3526 4586 3655 4656 ἀλή-

387 4684 635 4739 el'l‘ectum
650 4695 792 4738 esse.
828 4680 1276 4738 Commemorabo
1295 4689 1474 4738 autem
1508 4685 1697 4755 magis,
1724 4685 1866 4754 quod
1886 4685 1959 4740 sic

2065 4683 2237 4749 θειαν,
2266 4684 2363 4742 καὶ
2393 4681 2833 4755 συναρπάζοντες
2878 4681 3005 4744 τοὺς
3052 4678 3462 4749 ἀκροωμένους,
3492 4675 3653 4746 μέρος

388 4775 602 4830 divinus
649 4771 852 4829 Paulus
899 4774 1183 4845 scripserit
1218 4790 1232 4827 :
1272 4791 1292 4826 ι
1326 4773 1578 4831 Christus
1625 4775 1722 4830 Dei
1766 4776 1959 4842 virtus,

2061 4792 2118 4828 τι
2144 4774 2481 4840 τεθείκασιν,
2510 4775 2649 4845 ὅπερ
2681 4773 2866 4835 αὐτοῖς
2904 4771 3079 4825 ἐδόκει
3111 4768 3546 4841 χρειωδέστατον
3579 4763 3655 4820 εἷ-

387 4875 441 4921 et
477 4865 574 4921 Dei
595 4865 857 4937 sapientia
887 4866 954 4921 “.
999 4886 1019 4919 ι
1061 4865 1246 4936 Neque
1274 4882 1466 4923 rursus
1492 4867 1622 4923 illud
1682 4870 1959 4939 nugaciter

2073 4884 2155 4919 aut.
2186 4866 2324 4937 πρὸς
2342 4866 2407 4919 τὸ
2433 4864 2694 4921 δύνασθαί
2728 4881 2789 4919 τε
2831 4864 2973 4917 καὶι⁵
3006 4860 3112 4934 μὴν
3143 4861 3241 4916 καὶ
3275 4860 3458 4914 δοκεῖν
3498 4859 3649 4913 εὐλό-

386 4957 536 5013 ausis
564 4955 768 5020 dicere,
793 4954 935 5025 quod
957 4956 1222 5025 proiicere
1256 4958 1310 5012 in
1326 4968 1486 5014 aetate
1514 4958 1875 5028 etsapientia,
1907 4969 1959 5015 et

2067 4967 2239 5025 γουςίι
2269 4955 2368 5020 τάς
2396 4953 2519 5008 καθ’
2545 4952 2703 5026 ἡμῶν
2728 4952 3000 5007 ποιεῖσθαι
3028 4950 3393 5019 συκοφαντίας
3412 4965 3427 4980 ο
3462 4947 3575 5019 ἔχει
3596 4947 3650 5001 δὲ

386 5049 584 5120 gratia,
615 5046 818 5102 homini
848 5047 1207 5104 attribuamus
1240 5067 1254 5104 :
1284 5048 1388 5105 hoc
1423 5048 1580 5120 173
1596 5049 1827 5115 enim,ut
1856 5051 1959 5120 opi-

2068 5047 2242 5111 οὕτως
2277 5047 2339 5100 τὸ
2376 5045 2667 5117 εἰρημένον
2691 5060 2706 5075 ⁸
2742 5044 2862 5099 Κᾶν
2894 5042 3157 5116 ἀκούσῃς,
3185 5042 3268 5096 ὅτι
3313 5039 3652 5113 προέκοπτεν

388 5156 508 5207 nor,
543 5137 679 5195 nihil
703 5137 847 5194 aliud
877 5146 984 5202 est,
1014 5152 1176 5209 quam
1228 5138 1470 5195 dividere
1522 5140 1576 5195 in
1617 5141 1755 5196 duos
1799 5156 1959 5195 unum

2068 5142 2099 5194 ό
2133 5139 2339 5210 Ἰησοῦς
2383 5138 2587 5210 ἡλικίᾳ,
2622 5137 2717 5193 καὶ
2765 5136 2948 5207 σοφίᾳ,
2979 5136 3078 5191 καὶ
3117 5134 3322 5207 χάριτι,
3364 5133 3441 5204 μὴ
3487 5131 3652 5199 σοφὸν
3678 5171 3695 5183 .

385 5228 660 5286 Christum
691 5248 707 5287 :
737 5231 858 5297 sed,
874 5228 1017 5286 sicut
1040 5228 1201 5299 paulo
1225 5238 1352 5286 ante
1387 5230 1523 5299 dixi,
1545 5227 1736 5300 Filius,
1759 5230 1853 5302 qui
1881 5241 1959 5289 est

2070 5231 2131 5297 ἐξ
2162 5231 2454 5295 ἐπιδόσεως
2480 5229 2708 5303 νομίσῃς
2739 5228 2991 5298 γενέσθαι
3022 5227 3116 5282 τὸν
3141 5225 3236 5280 τοῦ
3268 5223 3407 5278 Θεοῦ
3437 5222 3615 5290 Λόγον
3633 5236 3648 5250 ·

454 5388 500 5420 ⁷⁸
523 5388 681 5443 Joan.
715 5404 827 5454 xnv,
854 5389 908 5444 9.
987 5388 1033 5421 ⁸⁸
1062 5386 1217 5444 Joan.
1243 5403 1279 5443 ι
1333 5387 1415 5444 30.
1487 5386 1533 5420 ⁸³
1559 5387 1723 5444 llehr.
1755 5404 1793 5454 ι,
1826 5389 1882 5442 5.

2059 5387 2197 5444 ioan.
2236 5404 2349 5452 vm,
2381 5387 2469 5443 40.
2547 5386 2593 5421 ”
2620 5385 2751 5444 Luc.
2782 5402 2844 5455 ιι,
2868 5385 2956 5443 52.
3031 5385 3078 5418 ⁸⁸⁵
3108 5384 3273 5440 lCor.
3311 5401 3346 5446 ι,
3380 5381 3470 5437 24.

1452 5541 1627 5599 Variae
1652 5543 1914 5599 lectiones
1944 5558 2011 5598 ex
2043 5544 2226 5599 codice
2258 5542 2629 5614 Seguicriano.

472 5698 500 5739 λ
524 5697 761 5762 διπλοῦς,

806 5699 1005 5770 μᾶλλον
1033 5698 1150 5754 ἀλλ’
1170 5694 1271 5764 εἷς.
1357 5701 1372 5740 ί

410 5768 424 5809 ῑ
454 5772 481 5829 ὀ
516 5768 770 5842 Χριστός.

848 5699 1005 5753 ἄλλον
1033 5694 1271 5764 ἀλλἐἴς.
1357 5701 1372 5740 ί
1413 5699 1537 5754 καθ’
1563 5701 1631 5771 ἢν
1661 5701 1755 5755 καὶ
1782 5698 1841 5752 ἓν
1870 5702 2007 5754 ἐστι.
2096 5711 2109 5749 ι
2149 5699 2544 5769 ὲμψυχωμένος
2591 5698 2738 5770 ψυχῇ
2773 5699 2988 5769 λογικῇ.
3066 5692 3093 5736 ι
3128 5696 3562 5770 σεσαρκωμένου.

847 5777 885 5800 ¹¹
911 5770 1001 5822 καὶ
1034 5770 1126 5822 ὡς.
1208 5781 1233 5808 υ
1263 5769 1615 5822 ἀδιάστατον.
1700 5778 1722 5805 ο
1748 5770 1997 5822 δεδιότες.
2085 5782 2110 5820 Ρ
2144 5771 2227 5822 ἵσ.
2272 5771 2381 5822 ναί.
2462 5780 2490 5820 ει
2515 5770 2774 5822 εὐδοκεω.
2808 5769 3063 5822 εὐλόγως.

1208 5781 1233 5808 υ
1263 5769 1615 5825 ἀδιάστατον.
1700 5778 1722 5805 ο
1748 5770 1997 5834 δεδιότες.
2085 5782 2110 5820 l‘
2144 5771 2227 5827 ἵσ.
2272 5771 2381 5825 ναί.
2462 5780 2490 5820 ει
2515 5769 2774 5839 εὐδοκεω,
2808 5769 3063 5836 εὐλόγως.
