4014 6128
464 337 570 392 3ίὸ

533 453 738 510 Felicis
763 452 1083 508 sanctissimi
1107 452 1337 522 episcopi
1382 450 1578 516 Romar,
1605 462 1650 506 et
1683 453 1953 522 martyris.

529 627 605 683 De
627 626 788 682 Verbi
816 633 994 680 autem
1027 624 1400 680 incarnatione
1429 635 1484 679 et
1518 623 1642 689 ﬁde,
1676 625 1949 681 credimus
1978 626 2030 680 in

459 719 743 775 Dominum
771 725 1014 772 nostrum
1043 715 1227 771 Jcsum
1256 714 1533 771 Christum
1571 732 1634 771 ex
1675 715 1894 786 Virgine
1923 717 2000 770 Ma
2019 746 2032 760 -
2067 771 2080 778 _

460 811 540 864 ria
575 818 779 873 uatum,
806 809 947 876 quod
976 807 1092 876 ipse
1122 814 1206 862 est
1234 807 1603 876 sempiternus
1629 806 1722 861 Dei
1775 807 1944 862 Filius
1979 817 2033 862 et

455 901 735 967 Verbum,
792 915 898 955 non
951 909 1132 954 autem
1180 900 1342 954 homo
1383 913 1411 953 a
1455 897 1567 953 Deo
1627 909 1953 968 assumptus,
1975 907 2032 953 ut

455 991 594 1046 alius
629 991 699 1047 sit
737 991 944 1047 abillo.
979 989 1164 1059 Neque
1222 992 1366 1045 enim
1427 990 1700 1046 hominem
1738 990 2034 1058 assumpsit

461 1085 549 1140 Dei
577 1085 832 1151 Filius,ut
856 1085 994 1140 alius
1024 1085 1091 1139 ab
1119 1084 1237 1154 ipso
1262 1083 1495 1138 exsistat
1527 1099 1542 1136 :
1574 1084 1667 1138 sed
1708 1098 1829 1138 eum
1856 1082 2035 1152 perie-

455 1190 574 1234 rtus
597 1179 736 1234 Deus
754 1187 918 1243 esset,
950 1176 1124 1231 iactus
1154 1184 1240 1231 est
1259 1175 1427 1258 simul
1465 1184 1520 1230 et
1548 1175 1709 1230 homo
1735 1174 2030 1246 perfectus,

454 1288 522 1327 ex-
548 1270 764 1346 Virgine
795 1273 1130 1327 incarnatus.

851 1467 1499 1527 ANATHEMATISMUS
1520 1465 1633 1522 Vll.

537 1583 594 1639 Si
631 1584 753 1654 quis
790 1581 977 1639 Jesum
1013 1591 1271 1652 tanquam
1305 1581 1581 1636 hominem
1629 1593 1662 1634 a
1718 1577 1816 1634 Dei
1854 1577 2034 1634 Verbo

461 1674 702 1743 agitante
733 1682 941 1729 motum
974 1672 1251 1736 habuisse,
1277 1669 1664 1740 Unigenitique
1695 1668 1922 1740 gloriam
1956 1669 2032 1725 illi

459 1774 714 1833 tanquam
761 1764 913 1818 alteri
943 1762 1176 1832 cuipiam
1235 1762 1302 1817 ab
1357 1762 1472 1830 ipso
1527 1761 1724 1827 Verbo,
1749 1761 2034 1817 advenisse

459 1855 661 1912 dixerit
694 1870 714 1910 :_
745 1855 1031 1910 anathema
1056 1855 1148 1910 sit.
1197 1839 1200 1843 ’

911 1967 1532 2038 Orientalium-objectio.

528 2081 851 2139 Possessum
883 2081 1050 2138 fuisse
1072 2083 1358 2140 Dominum
1387 2089 1636 2138 nostrum
1655 2081 1838 2138 Jesum
1872 2081 2032 2139 Chri-

457 2184 604 2231 stum
625 2190 655 2229 a
693 2173 896 2245 Spiritu
934 2175 1176 2244 agitante
1196 2185 1256 2230 ut
1279 2174 1556 2230 hominem
1588 2174 1932 2245 simpliciter,
1948 2176 2031 2232 vel

459 2275 518 2322 ut
545 2267 887 2338 prophetam,
920 2267 1004 2322 vel
1044 2277 1102 2322 ut
1133 2267 1461 2336 apostolum,
1510 2267 1689 2322 nullus
1744 2267 2033 2323 eontitebi-

458 2369 548 2414 tur
584 2363 719 2414 :sed
751 2368 930 2413 tamen
961 2357 1293 2428 apostolicas
1349 2373 1510 2414 voces
1561 2358 1628 2413 de
1659 2357 1751 2413 illo
1809 2367 2034 2428 propter

455 2449 684 2504 visibilis
707 2449 890 2504 carnis
925 2460 1179 2503 naturam
1200 2450 1397 2513 dictas,
1466 2463 1641 2518 neque
1693 2450 2028 2519 negabimus,

459 2552 634 2608 neque
662 2552 1074 2608 expungemus,
1120 2538 1364 2594 dicentes
1416 2538 1635 2609 quidem
1691 2538 2028 2608 aliquando:

463 2647 486 2681 ι
521 2628 828 2683 Secundum
864 2628 1235 2698 operationem
1266 2629 1476 2686 roboris
1491 2629 1706 2685 virtutis
1726 2630 2030 2701 ejus,quam

457 2730 716 2790 operatus
744 2728 829 2776 est
866 2719 921 2775 in
947 2720 1187 2785 Christo,
1234 2722 1504 2777 suscitans
1551 2720 1724 2793 ipsum
1765 2737 1833 2778 ex
1877 2738 2028 2778 mor-

459 2813 582 2878 tuis,
612 2813 828 2869 solvens
855 2811 1070 2869 dolores
1092 2813 1285 2869 mortis
1312 2814 1436 2856 ⁹¹-⁸²
1465 2823 1577 2882 pet
1603 2814 1795 2869 iterum
1824 2834 1838 2871 :
1869 2814 2028 2870 «Vir-

458 2913 571 2960 tute
589 2904 681 2960 Dei
709 2903 979 2961 exaltatus
1011 2904 1096 2974 ⁸¹;
1132 2924 1151 2958 ι
1173 2913 1228 2962 et
1253 2920 1591 2976 quaecunque
1622 2906 1771 2961 talia.
1829 2905 2028 2962 Verum

455 2995 704 3065 quamvis
728 2996 847 3054 haec
879 2996 1056 3068 posita
1114 2997 1226 3053 sint
1253 3006 1478 3066 propter
1511 2997 1583 3062 id,
1619 2998 1764 3068 quod
1800 3007 1920 3053 erat
1949 2997 2030 3053 vi-

455 3087 632 3152 sibile,
661 3102 821 3143 nemo
847 3096 1030 3144 tamen
1058 3088 1132 3142 ita
1156 3088 1408 3158 accipiet,
1449 3103 1514 3144 ac
1536 3089 1580 3145 si
1619 3090 1698 3145 vel
1751 3097 1812 3144 ut
1867 3089 2029 3145 homo

457 3181 776 3251 simpliciter
799 3191 946 3239 esset
987 3181 1180 3239 aliena:
1209 3183 1542 3253 operationis
1597 3182 1650 3237 vi
1710 3191 1916 3247 motus,
1947 3181 2029 3235 vel
2057 3167 2100 3224 C

459 3281 517 3326 ut
535 3271 735 3343 justus,
762 3271 844 3326 vel
877 3281 936 3328 ut
964 3276 1252 3344 propheta,
1277 3273 1363 3328 vel
1391 3282 1449 3328 ut
1496 3273 1806 3343 apostolus:
1859 3288 2032 3344 neque

459 3377 647 3418 rursus
676 3363 890 3420 divinas
919 3379 1082 3426 voces
1110 3373 1205 3420 aut
1245 3364 1490 3422 delemus
1529 3373 1622 3420 aut
1686 3365 2028 3429 inﬂciamur;

459 3467 635 3524 neque
669 3453 917 3523 imperite
941 3455 1104 3511 simul
1136 3463 1192 3510 et
1222 3454 1542 3526 blaspheme
1595 3456 2031 3511 anathematiza-

459 3562 583 3602 mus
611 3546 785 3602 dictas
824 3556 877 3602 et
903 3546 1064 3618 175
1091 3547 1302 3618 positas
1321 3556 1544 3617 propter
1574 3547 1804 3602 visibilis
1852 3548 2031 3602 carnis

459 3649 741 3706 naturam;
769 3655 947 3710 neque
971 3648 1029 3696 ut
1061 3641 1334 3698 hominem
1360 3641 1700 3712 simpliciter,
1732 3641 1813 3696 vel
1849 3650 1907 3696 ut
1935 3641 2029 3711 ju-

456 3739 624 3798 stum,
653 3729 736 3785 vel
761 3730 1104 3801 preph'etam,
1151 3731 1238 3786 vel
1299 3732 1627 3800 apostolum.
1683 3731 2031 3801 operationes

455 3822 632 3878 aliena
663 3823 861 3878 virtute
887 3825 1199 3880 exercuisse
1219 3823 1484 3880 dicemus.
1546 3822 1661 3878 Non
1713 3824 1856 3879 enim
1885 3823 2031 3880 dice-

454 3913 583 3972 bat:
622 3913 747 3970 Haec
783 3915 913 3970 dicit
937 3913 1198 3974 Dominus
1221 3933 1237 3982 ;
1262 3915 1358 3971 sed
1392 3919 1455 3967 ut
1493 3913 1662 3971 Filius
1701 3912 1978 3988 legislator
2011 3931 2026 3969 :

460 4023 489 4061 ι
513 4004 633 4077 Ege
655 4017 836 4064 autem
865 4007 987 4064 dico
1004 4007 1161 4064 vobis
1192 4005 1262 4064 “.
1289 4024 1310 4061 ι

967 4118 1159 4191 Cyrilli
1196 4119 1452 4190 defensio.

523 4237 591 4293 Et
617 4251 761 4292 nunc
789 4249 1005 4308 quoque
1051 4234 1246 4290 iisdem
1295 4235 1640 4290 sermonibus
1696 4235 2028 4291 defensionis

454 4331 646 4384 modus
678 4330 910 4383 incedet.
947 4327 1082 4382 Nam
1121 4340 1259 4380 unus
1281 4326 1498 4394 quidem
1542 4334 1625 4381 est
1643 4327 1847 4397 absque
1872 4327 2029 4382 dubi-

455 4421 658 4476 tatione
688 4419 950 4476 Dominus
975 4429 1158 4474 noster
1209 4415 1367 4471 Jesus
1421 4415 1692 4482 Christus,
1727 4419 1818 4487 qui
1883 4419 2024 4474 idem

1457 331 1514 387 S.
1557 329 1830 388 CYRILLI
1869 324 2337 385 ALEXANDRINI
2376 324 2695 384 ARCHIEP.

2057 453 2104 509 Δ
2175 451 2434 518 Φήλικος
2464 448 2570 502 τοῦ
2603 445 2932 518 ἁγιωτάζου
2958 442 3296 497 ἐπισκόπου
3322 439 3562 510 Ῥώμης,
3585 442 3688 495 καὶ

2067 1813 2109 1868 Β

3613 325 3647 378 ’3
3661 324 3721 380 Η

2768 516 3082 583 μάρτυρος.

2209 634 2344 705 Περὶ
2395 632 2450 685 δὲ
2493 630 2590 700 τῆς
2640 627 2970 700 σαρκώσεως
3001 623 3095 678 τοῦ
3124 623 3320 692 Λόγου,
3361 621 3455 674 καὶ
3493 621 3596 692 τῆς
3627 622 3720 674 πε-

2143 743 2353 789 στεως,
2399 723 2728 794 πιστεύομεν
2780 722 2860 782 είς
2907 718 2999 770 τὸν
3050 714 3260 786 Κύριον
3308 713 3468 785 ἡμῶν
3512 712 3720 785 Ἰησοῦν

2139 817 2396 886 Χριστὸν,
2430 817 2519 870 τὸν
2553 817 2622 875 ἐκ.
2650 813 2749 884 τῆς
2784 808 3064 881 Παρθένου
3102 805 3322 878 Μαρίας
3366 803 3718 875 γεννηθέντα,

2137 910 2220 962 ὅτι
2263 907 2424 972 αὐτός
2468 907 2616 959 ἐστιν
2656 906 2684 958 ὁ
2717 901 2810 957 τοῦ
2847 899 2983 954 Θεοῦ
3018 897 3189 960 ἀΐδιος
3216 895 3343 958 Υἱὸς
3375 893 3472 947 καὶ
3523 894 3716 963 Λόγος,

2139 1003 2237 1060 καὶ,
2256 1002 2355 1058 οὐκ
2381 1000 2664 1072 ἄνθρωπος
2692 996 2796 1049 ὑπὸ
2827 991 2964 1048 Θεοῦ
2994 988 3344 1060 ἀναληφθεὶς,
3372 987 3439 1040 ἵν’
3469 985 3656 1057 ἔτερος

2139 1096 2268 1167 παρ’
2292 1095 2516 1147 ἐκεῖνον.
2537 1089 2671 1146 Οὐδὲ
2698 1089 2806 1158 γὰρ
2831 1085 3116 1156 ἄνθρωπον
3137 1079 3397 1135 ἀνέλαϐεν
3417 1080 3446 1132 ὁ
3466 1078 3559 1132 τοῦ
3580 1078 3716 1131 Θεοῦ

2139 1188 2286 1250 Υἱὸς,
2311 1187 2400 1240 ἵνα
2489 1184 2674 1256 ἕτερος
2697 1177 2828 1249 παρ’
2859 1175 3018 1230 αὐτόν
3039 1192 3052 1206 ο
3082 1172 3219 1227 ἀλλά
3240 1169 3376 1234 Θεὸς
3399 1170 3474 1223 ὢν
3491 1169 3716 1235 τέλειος,

2139 1280 2360 1348 γέγονεν
2399 1275 2515 1346 ἅμα
2565 1276 2659 1327 καὶ
2707 1269 2910 1333 τέλειος
2959 1265 3268 1339 ἄνθρωπος,
3300 1261 3603 1335 σαρκωθεὶς
3652 1262 3721 1318 ὲκ

2138 1369 2437 1443 Παρθένου.

2579 1468 3172 1531 ΑΝΑΘΕΜΑΤΙΣΜΟΣ
3209 1469 3286 1523 Ζ’.

2209 1599 2276 1652 ΕΞ
2315 1595 2399 1658 τίς
2437 1608 2624 1665 φησιν,
2658 1589 2734 1651 ὡς
2769 1583 3056 1654 ἄνθρωπον
3088 1577 3424 1651 ὲνηργῆσθαι
3470 1575 3576 1631 ὑπὸ
3621 1571 3716 1628 τοῦ

2140 1689 2275 1746 Θεοῦ
2306 1688 2479 1756 Λόγου
2505 1683 2596 1737 τὸν
2634 1677 2862 1750 Ἰησοῦν,
2891 1675 2988 1728 καὶ
3015 1672 3116 1744 τὴν
3148 1670 3242 1724 τοῦ
3268 1665 3609 1758 Μονογενοῦς
3627 1665 3717 1720 εὐι-

2139 1783 2318 1849 δοξίαν
2348 1775 2649 1849 περιῆφθαι
2696 1772 2770 1835 ὡς
2814 1768 2984 1838 ἑτέρῳ
3011 1765 3140 1835 παρ’
3177 1761 3338 1817 αὑτὸν
3379 1760 3714 1830 ὑπάρχοντι·

2141 1872 2392 1940 ἀνάθεμα
2422 1867 2583 1920 έστω.
3557 1878 3559 1880 -

2441 1978 2813 2048 Ἀντίρῤησις
2850 1973 2972 2028 τῶν
3023 1963 3427 2026 Ἀνατολικῶν.

2222 2093 2590 2168 Ἐνηργῆσθαι
2633 2091 2724 2144 τὸν
2776 2087 2981 2160 Κύριον
3029 2083 3186 2156 ήμῶν
3229 2074 3434 2150 Ἰησοῦν
3477 2073 3722 2145 Χριστὸν

2140 2193 2244 2251 ὑπὸ
2277 2191 2374 2246 τοῦ
2413 2187 2731 2258 Πνεύματος
2760 2183 2837 2247 ὡς
2869 2182 3155 2252 ἄνθρωπον
3186 2172 3394 2238 ἁπλῶς,
3424 2170 3458 2238 ἢ
3488 2170 3566 2232 ὡς
3586 2184 3720 2238 προ·

2139 2289 2336 2357 φήτην,
2366 2284 2400 2354 ἢ
2431 2282 2506 2345 ὼς
2542 2276 2862 2338 ἀπόστολον,
2897 2272 3074 2336 οὐδεὶς
3103 2269 3168 2326 ἂν
3195 2265 3550 2357 ὁμολογήσειε
3570 2277 3584 2289 ο
3619 2258 3718 2357 tib;

2142 2349 2330 2448 έιέντὸί
2369 2349 2731 2432 ἀποπολικάς
2763 2365 2946 2436 φωνὰς
2977 2362 3107 2434 περὶ
3131 2357 3297 2413 αὐτοῦ
3343 2355 3431 2448 διά
3473 2351 3569 2448 τὴν
3616 2349 3718 2448 της

2139 2440 2470 2539 φαινομένης
2519 2461 2719 2534 σαρκὸς
2765 2458 2926 2529 φύσιν
2979 2452 3300 2527 εἰρημένας,
3346 2440 3716 2539 οὔτ’ἀρνησόρ

2142 2535 2315 2633 μεθα,
2349 2557 2460 2612 οὔτ’
2497 2556 2563 2611 ἂν
2600 2552 2984 2622 ἐξαλείψαιμεν
3008 2549 3054 2612 ί,
3086 2545 3216 2599 ποτὲ
3261 2540 3362 2634 μὲν
3407 2535 3715 2634 ite-7065.“:

2143 2625 2162 2703 ὲ
2191 2649 2348 2704 Κατὰ
2377 2647 2475 2719 τὴν
2511 2646 2792 2716 ἐνέργειαν
2827 2640 2921 2694 τοῦ
2951 2637 3186 2711 κράτους
3217 2634 3317 2704 τῆς
3352 2628 3534 2700 ἰσχύος
3555 2625 3723 2680 αὑτοῦ

2137 2743 2203 2813 ἣν
2225 2741 2533 2811 ἐνήργησεν
2579 2738 2638 2789 ὲν
2666 2735 2746 2806 τῷ
2778 2730 3021 2805 Χριστῷ,
3055 2727 3276 2797 ἐγείρας
3319 2721 3482 2779 αὐτὸν
3527 2721 3717 2813 saeve-

2137 2810 2315 2900 ιιρῶν,
2341 2830 2509 2894 λύσας
2541 2828 2640 2892 τὰς
2664 2826 2856 2889 ὀδύνας
2885 2823 2978 2877 τοῦ
3010 2819 3273 2875 θανάτου’
3312 2834 3330 2868 ι
3387 2815 3485 2868 καὶ
3525 2810 3714 2874 πάλιν,

2142 2941 2160 2974 ι
2194 2923 2272 2993 Τῇ
2301 2920 2530 2992 δυνάμει
2559 2918 2656 2973 τοῦ
2689 2916 2826 2971 Θεοῦ
2852 2912 3088 2984 ὑψωθείς
3107 2927 3120 2942 ’
3154 2930 3173 2963 ι
3208 2908 3304 2962 καὶ
3335 2907 3436 2960 ὅσα
3471 2901 3715 2957 τοιαῦτα.

2148 3013 2287 3068 Ἀλλ’
2317 3015 2366 3068 εί
2413 3012 2509 3066 καὶ
2555 3010 2733 3065 ταῦτα
2779 3009 3104 3082 πρόσκειται,
3147 3000 3239 3056 διά
3277 2998 3338 3051 τὸ
3373 2995 3714 3065 φαινόμενον,

2135 3105 2310 3169 οὐδεὶς
2351 3104 2420 3159 ἂν
2467 3101 2690 3156 ὲκλάϐοι
2738 3101 2779 3172 ἢ⁴
2831 3099 2904 3162 ὡς
2950 3095 3238 3169 ἄνθρωπον
3271 3088 3460 3151 ἁπλῶς
3491 3085 3716 3140 ἑαυτδνι

2133 3193 2546 3264 ἐνεργούμενον,
2576 3193 2611 3264 ἢ
2651 3193 2728 3255 ὡς
2771 3190 3004 3252 δίκαιον,
3035 3187 3070 3258 ἢ
3105 3185 3182 3248 ὼς
3223 3183 3540 3256 προφήτην,
3580 3175 3718 3250 ἢὼς

2134 3286 2460 3343 ἀπόστολοψ
2513 3275 2625 3339 οὔτ’
2653 3278 2721 3344 αῦ
2757 3283 2894 3346 τάςν
2928 3281 3076 3343 θείας
3119 3276 3305 3348 φωνὰς
3337 3271 3716 3341 ἐξαλείφομεν,

2131 3377 2168 3448 ἢ
2209 3375 2541 3448 ἀρνούμεθα,
2585 3373 2619 3446 ἢ
2654 3373 2886 3445 ἀμαθῶς
2936 3389 2994 3424 τε
3037 3367 3176 3441 ὁμοῦ
3231 3366 3323 3420 καὶ⁴
3382 3362 3719 3434 βλασφήμως

2131 3467 2626 3539 ἀναθεματίζομεν,
2686 3464 2987 3537 εἰρημένας
3029 3461 3125 3518 καὶ
3181 3458 3440 3530 κειμένας
3485 3454 3579 3514 διὰ
3624 3452 3721 3524 τὴν

2129 3560 2228 3632 τῆς
2276 3559 2614 3628 φαινομένης
2658 3557 2864 3628 σαρκὸς
2915 3555 3098 3625 φύσιν,
3134 3551 3259 3616 οῦτε
3306 3551 3382 3615 ὡς
3433 3548 3722 3619 ἄνθρωπον

2130 3651 2337 3716 ἀπλῶς,
2367 3651 2400 3722 ἢ
2430 3650 2505 3714 ὡς
2533 3651 2766 3717 δίκαιον,
2800 3649 2833 3720 ἢ
2867 3649 2944 3711 ὡς
2973 3647 3284 3718 προφήτην,
3320 3643 3456 3715 ἢὼς
3487 3640 3722 3695 ἀπόστο-

2129 3743 2219 3796 λον
2258 3741 2592 3813 ὲνηργῆσθαι
2639 3740 2914 3811 φήσομενο
2946 3738 3008 3790 ού
3036 3737 3147 3808 γὰρ
3177 3735 3355 3802 ἔλεγεο
3395 3732 3541 3786 Τάδε
3571 3729 3719 3798 λέγει

2130 3835 2366 3907 Κύριοςο
2402 3833 2518 3890 ἀλλ’
2547 3832 2623 3899 ὡς
2669 3832 2800 3896 Υίὸς
2845 3828 3186 3902 νομοθετῶν
3235 3845 3254 3878 ι
3277 3824 3420 3895 Ἐγὼ
3468 3824 3530 3877 δὲ
3577 3821 3720 3890 λέγω

2131 3928 2281 3999 ὑμῖν.
2315 3945 2334 3979 ι

2586 4120 2913 4189 Ἀπολογία
2940 4117 3279 4187 Κυρίλλουκ

2201 4237 2310 4290 Καὶ
2342 4235 2436 4289 νῦν
2481 4236 2614 4306 ἡμῖν
2663 4233 2816 4288 οὐδὲν
2845 4228 3007 4305 ἦττον
3045 4229 3144 4284 διὰ·
3183 4227 3293 4281 τῶν
3332 4224 3466 4280 ῐσων
3497 4224 3720 4296 ἔρχεται

2127 4327 2299 4396 λόγων
2329 4327 2429 4397 τῆς
2474 4325 2772 4394 ἀπολογίας
2800 4327 2827 4378 ὁ
2858 4324 3088 4396 τρόπος’
3138 4315 3218 4385 εἷς
3267 4319 3367 4391 μὲν
3413 4318 3527 4389 γάρ
3572 4319 3720 4370 ἐστιν

2128 4419 2574 4490 ὁμολογουμένως
2627 4419 2652 4470 ὁ
2701 4416 2907 4486 Κύριος
2953 4414 3111 4487 ήμῶν
3145 4411 3355 4484 Ἰησοῦς
3402 4408 3724 4482 Χριστὸς,ὁ

452 4511 689 4566 creditus
715 4520 938 4566 estesse
968 4516 1022 4564 et
1055 4523 1122 4564 ex
1153 4507 1264 4564 Deo
1298 4507 1456 4562 Patre
1495 4506 1732 4562 Verbum
1763 4519 2025 4565 aeternum

2138 4509 2291 4574 αὐτὸς
2338 4505 2527 4563 είναιι
2576 4507 3007 4578 πεπιστευμένος
3047 4505 3143 4558 καὶ
3194 4505 3260 4556 ὲκ
3309 4499 3448 4554 Θεοῦ
3503 4498 3724 4569 Πατρὸς

453 4610 509 4657 et
530 4610 657 4656 ante
675 4601 978 4663 saecula;el
1013 4600 1065 4654 in
1116 4598 1424 4655 novissimis
1462 4598 1645 4656 saeculi
1693 4603 2024 4670 temporibus

456 4690 620 4746 homo
647 4706 712 4745 ex
732 4693 986 4756 muliere,
1015 4690 1104 4760 qui
1160 4689 1534 4745 admirabilem
1595 4690 1776 4746 habuit
1834 4706 2026 4746 secun-

458 4783 584 4836 dum
615 4795 833 4834 carnem
868 4781 1228 4835 nativitatem.
1266 4778 1652 4836 Verumtamen
1706 4796 1824 4837 cum
1889 4797 2026 4837 unus

455 4881 600 4928 esset
636 4869 805 4924 Filius
836 4880 892 4926 et
930 4870 1071 4927 Deus
1097 4880 1154 4926 et
1186 4871 1466 4938 Dominus,
1514 4875 1843 4942 operabatur
1868 4874 2023 4944 signa

455 4980 550 5034 per
583 4964 840 5018 virtutem
905 4961 1192 5032 plusquam
1248 4963 1575 5028 humanam;
1636 4965 2029 5023 sullicientibus

451 5053 786 5126 argumentis
815 5053 1038 5117 docens,
1075 5053 1219 5122 quod
1249 5054 1496 5124 quamvis
1553 5054 1726 5112 iactus
1757 5058 1829 5113 sit
1873 5073 2025 5124 caro,

455 5146 808 5203 nihilominus
830 5155 1011 5200 tamen
1041 5145 1114 5200 sit
1135 5145 1299 5200 etiam
1335 5145 1415 5200 sic
1446 5143 1587 5202 Deus
1627 5163 1812 5216 verus,
1841 5160 1894 5205 et
1919 5151 2030 5205 vir-

458 5245 542 5290 tus
575 5235 775 5292 Patris.
808 5235 926 5292 Non
963 5235 1108 5291 enim
1137 5235 1488 5292 destititesse
1505 5237 1650 5306 quod
1685 5247 1824 5305 erat,
1855 5239 2028 5296 iactus

515 5409 638 5448 οι-εί
666 5411 864 5479 Ephes.
899 5414 1052 5478 1,19.
1114 5415 1158 5448 ιι
1191 5415 1312 5470 Act.
1355 5427 1415 5478 ιι,
1448 5412 1531 5468 35.
1617 5414 1664 5446 ει
1694 5413 1882 5469 Matth.
1924 5429 1979 5479 v,
2005 5413 2096 5470 ea.

2126 4600 2298 4670 Λόγος
2327 4599 2499 4664 ἀΐδιος
2529 4617 2589 4653 τε
2614 4599 2710 4654 καὶ
2737 4596 3084 4670 προαιώνιος,
3125 4594 3224 4649 καὶ
3255 4595 3312 4647 ὲν
3339 4591 3594 4663 ἐσχάτοις
3621 4587 3722 4642 τοῦ

2126 4689 2324 4753 αἰῶνος
2371 4691 2582 4762 καιροῖς
2632 4688 2916 4760 ἄνθρωπος
2965 4688 3030 4740 ἐκ
3070 4683 3366 4755 γυναικὸς,
3413 4679 3726 4753 παράδοξον

2124 4779 2374 4852 ἐσχηκὼς
2405 4781 2502 4852 τὴν
2535 4779 2678 4836 κατά
2727 4779 2910 4850 σάρκα
2955 4777 3233 4847 γέννησιν.
3251 4772 3394 4826 Ἀλλ’
3426 4767 3507 4834 είς
3539 4769 3731 4839 ὐπάρο

2125 4889 2237 4946 χων
2265 4871 2414 4938 Υἱὸς,
2443 4873 2537 4926 καὶ
2581 4870 2737 4938 Θεὸς,
2767 4871 2865 4924 καὶ
2902 4869 3131 4941 Κύριος,
3157 4863 3448 4937 εἰργάζετο
3472 4863 3570 4925 τὰς
3600 4860 3734 4914 θεο-

2129 4963 2363 5034 σημείας
2401 4963 2490 5017 διὰ
2534 4966 2635 5035 τῆς
2683 4964 2825 5034 ὑπὲρ
2857 4961 3149 5031 ἄνθρωπον
3186 4955 3404 5028 ἰσχύος·
3440 4953 3736 5024 πληροφο-

2132 5055 2241 5126 ρῶν
2271 5055 2372 5122 ὅτι,
2405 5055 2499 5108 καὶ
2541 5057 2590 5110 εί
2634 5055 2830 5125 γέγονε
2869 5052 3028 5124 σὰρξ,
3067 5049 3184 5106 ἀλλ’
3219 5047 3373 5104 οὐδὲν
3403 5040 3568 5118 ἧττόν
3595 5045 3736 5098 ἐστι

2132 5147 2225 5206 καὶ
2267 5147 2408 5201 οὕτω
2445 5147 2577 5211 Θεὸς
2608 5147 2863 5220 ἀληθινὸς
2896 5147 2992 5200 καὶ
3041 5143 3280 5213 δύναμις
3327 5139 3422 5193 τοῦ
3457 5136 3678 5206 Πατρός
3708 5151 3728 5167 ⁶

2129 5240 2192 5292 οὺ
2227 5239 2334 5311 γὰρ
2363 5238 2638 5294 πέπαυται
2675 5238 2769 5294 τοῦ
2804 5233 2944 5292 εἶναι
2987 5236 3016 5290 ὃ
3055 5230 3144 5307 ἦν,
3177 5231 3472 5302 γενόμενος
3500 5225 3708 5298 ἄνθραξ

1515 5569 1691 5626 Varia:
1724 5569 1988 5625 lectiones
2015 5585 2080 5623 ex
2115 5571 2298 5627 codice
2322 5569 2695 5642 Seguicriauo.

529 5719 546 5753 ι
578 5712 644 5772 αὖ
673 5716 1046 5788 έξαλεὲφομεν.
1121 5731 1148 5760 ιι
1182 5724 1266 5778 ἴον.
1299 5724 1478 5780 αὐτόν.
1551 5719 1700 5796 νόῦν
1730 5721 1846 5787 τάς.

1926 5731 1954 5760 ι
1981 5717 2092 5776 οὖν.
