4014 6128
400 224 507 284 345

1011 225 1540 290 APOLOGETICUS
1578 235 1713 292 PRO
1755 235 1846 291 X‘ll
1885 234 2249 292 CAPITIBUS
2287 235 2567 294 CONTRA
2607 237 3058 296 ORIEN'I‘ALES.

3541 242 3646 300 546

399 343 811 415 πος.Ἐπλήρου
846 345 1136 416 τοιγαροῦν
1190 347 1256 400 τά
1305 328 1610 421 παράδοξα’
1665 353 1824 407 τοῦτο
1879 353 1956 423 μὲι

2083 354 2264 410 homo.
2292 354 2548 412 Faciebat
2577 355 2744 425 igitur.
2771 353 3009 422 insolita,
3060 362 3173 408 tum
3218 355 3358 423 quod
3379 356 3645 411 daemonia

398 435 698 506 δαιμονίοις
742 435 1024 505 ἐπιτιμῶν,
1053 437 1148 490 καὶ
1199 441 1496 510 συντρίϐων
1539 443 1628 496 τὸν
1687 445 1928 498 Σατανᾶν
1953 461 1966 476 ·

403 527 565 582 τοῦτο
593 527 648 581 δὲ
673 527 886 596 τυφλοῖς
912 529 974 580 τὸ
1003 529 1118 596 φῶς
1151 531 1341 595 ἐνιείςο
1375 535 1602 606 νεκροὺς
1647 535 1878 589 ἀνιστῶν
1898 543 1923 583 7
1952 551 1966 565 ·

407 620 676 674 Θάλασσαν
705 619 1093 689 ἀγριαίνουσαν
1135 622 1216 675 ἐνὶ
1244 626 1590 691 κατευνάζων
1618 629 1684 696 ρή
1696 643 1839 682 tum:
1867 628 1964 696 οὑχ

408 711 482 773 ὡς
509 709 782 778 ἄνθρωπόν
813 728 956 777 τινα,
987 713 1084 766 καὶ
1119 713 1304 785 ἕτερον
1332 717 1461 771 ὄντα
1491 719 1802 786 καταμόνας
1833 720 1966 790 Χρι-

409 801 547 865 στὸν,
579 799 892 865 δοξάζεσθαι
923 802 1113 868 ποιῶν,
1132 805 1383 878 καθάπερ
1399 807 1590 875 ἀμέλει
1621 809 1711 861 καὶ
1741 809 1836 862 ἕνα
1859 808 1966 862 τῶν

405 891 566 959 ἁγίων
607 891 921 963 προφητῶν,
964 893 998 964 ἢ
1045 893 1172 963 γοῦν
1215 897 1594 951 ἀποστόλωνιο
1649 898 1762 952 ἀλλ’
1794 899 1968 970 ἑαυτῷ

402 981 493 1051 τὴν
540 982 695 1049 δόξαν
737 986 1284 1057 πραγματευόμενος,
1321 989 1407 1041 ἵνα
1443 989 1596 1060 παρά
1627 990 1846 1045 πάντων
1876 1009 1967 1044 πι-

398 1071 649 1144 στεύηται
695 1074 827 1138 Θεὸς
873 1074 950 1128 ὣν
990 1076 1171 1145 φύσει,
1203 1079 1297 1132 καὶ
1332 1079 1382 1132 εί
1413 1079 1633 1149 γέγονεν
1661 1081 1962 1152 ἄνθρωπος.

397 1158 501 1216 Ἦν
531 1159 625 1217 οὖν
655 1164 766 1236 ἀρα
806 1165 915 1218 τῶν
957 1166 1346 1221 ὲκτοπωτάτων
1393 1169 1723 1240 ἀνασχέσθαι
1765 1171 1966 1224 Νεστο-

396 1252 510 1324 ρίου
539 1253 790 1321 λέγοντος
809 1270 822 1282 ·
851 1257 1042 1308 Κοιναὶ
1072 1255 1180 1326 γὰρ
1211 1258 1266 1311 αἱ
1287 1258 1387 1328 τῆς
1418 1260 1643 1330 Τριάδος
1671 1260 1962 1332 ἐνέργειαι,

395 1342 488 1394 καὶ
522 1343 710 1412 μόναις
738 1345 1064 1398 ὑποστάσεσι
1098 1345 1196 1416 τὴν
1220 1347 1481 1419 διαίρεσιν
1509 1349 1764 1420 ἔχουσαι·
1795 1353 1964 1423 ἤγουν

393 1431 489 1484 τοῦ
517 1434 856 1501 Μονογενοῦς
887 1437 920 1505 ἡ
953 1435 1161 1500 εὐδοξία
1185 1438 1312 1491 ποτὲ
1349 1439 1448 1509 μὲν
1479 1441 1557 1512 τῷ
1603 1443 1779 1514 Πατρὶ
1803 1461 1962 1514 περιο

395 1521 589 1590 ἧπται,
620 1524 749 1576 ποτὲ
774 1524 830 1577 δὲ
857 1525 934 1596 τῷ
967 1526 1258 1597 Πνεῦματι,
1281 1530 1412 1582 ποτὲ
1437 1529 1492 1583 δὲ
1519 1533 1585 1602 τῇ
1607 1531 1700 1584 τοῦ
1726 1531 1962 1602 Χριστοῦ

395 1611 698 1688 δυναστείᾳ.
731 1615 936 1670 Οὐκοῦν
983 1617 1015 1688 ἢ
1063 1617 1444 1687 δεικνύτωσαν,
1465 1622 1515 1674 οἱ
1560 1624 1819 1693 ἐπιτιμᾷν
1847 1623 1963 1676 ἐθέ-

394 1704 594 1772 λοντες,
634 1705 812 1778 ἕτερον
842 1709 973 1779 ἡμῖν
1006 1709 1238 1779 Χριστὸν
1271 1711 1375 1782 ἰδίᾳ
1406 1711 1496 1764 καὶ
1523 1712 1626 1766 ἀνά
1665 1715 1829 1784 μέρος
1858 1715 1962 1767 ὑπο
1997 1699 2036 1752 Β

392 1795 623 1866 ἄρχοντα
678 1798 770 1852 καλ⁵
810 1799 1132 1869 νοούμενον,
1160 1795 1206 1868 ᾧ
1249 1803 1348 1872 τὴν
1396 1803 1588 1857 ἑαυτοῦ
1644 1805 1962 1858 δυναστείαν

391 1887 659 1959 περιῆψεν
677 1891 706 1942 6
740 1891 1037 1961 μονογενὴς
1064 1891 1158 1944 τοῦ
1191 1891 1325 1946 Θεοῦ
1359 1894 1550 1962 Λόγος,
1576 1895 1650 1958 ὡς
1676 1896 1862 1967 ἕτερος
1886 1897 1962 1949 ὢν

387 1978 517 2048 παρ’
547 1979 707 2032 αὑτὸν
738 1980 919 2044 ίδικῶς
948 1982 978 2034 6
1004 1981 1128 2046 Υἱός
1146 1998 1160 2012 ο
1190 1984 1284 2035 καὶ⁵
1309 1982 1342 2053 ἢ
1367 1985 1455 2036 εἰ·
1483 1989 1556 2055 μή
1585 1988 1728 2040 ἐστιν
1751 1987 1958 2058 ἕτερος,

389 2073 482 2122 καὶ
515 2069 720 2140 ἕτερος,
750 2071 863 2125 ἀλλ’
893 2066 975 2134 εἷς
1006 2073 1186 2132 τεκαὶ
1225 2075 1256 2126 6
1297 2074 1479 2141 αὐτὸς,
1515 2077 1607 2128 καὶ
1643 2078 1709 2130 ὲκ
1751 2079 1960 2150 Πατρδς

389 2162 702 2232 μονογενὴς,
733 2163 824 2215 καὶ
857 2165 1115 2232 γυναικὸς
1143 2164 1424 2235 ἅνθρωπος
1457 2167 1598 2222 κατά
1621 2168 1817 2240 σάρκα,
1845 2171 1962 2235 πῶς

381 2245 451 2323 ἦν
476 2252 766 2308 ἀκόλουθον
796 2254 1012 2308 ἑλέσθαι
1037 2257 1213 2326 σιγᾷν,
1239 2257 1333 2316 καὶ
1365 2258 1484 2331 οὐχὶ
1506 2259 1570 2329 δὴ
1601 2259 1801 2330 μᾶλλον
1831 2261 1960 2313 ἀντ-

381 2346 715 2415 αναστῆναιὶι
764 2345 926 2400 πάλιν
969 2348 1070 2417 τῆς
1114 2348 1372 2419 ἀληθείας
1413 2349 1512 2424 τὴν
1559 2350 1786 2422 δύναμιν
1850 2356 1960 2417 τοῖς

387 2436 517 2504 παρ’
557 2437 765 2490 ἐκείνου
820 2438 1227 2510 βατταρισμοῖς,
1255 2441 1366 2494 τῶν
1415 2443 1514 2510 τῆς
1561 2441 1842 2507 εὐσεϐείας
1873 2444 1960 2498 δο-

386 2527 612 2596 γμάτων
635 2527 697 2580 τὸ
716 2528 910 2592 κάλλος
938 2531 1413 2602 παρασημαίναυσι
1433 2551 1450 2600 ;
1471 2530 1581 2586 Ἦν
1612 2534 1709 2610 μὲν
1731 2530 1823 2588 οῦν
1866 2536 1959 2589 καὶ

390 2613 505 2668 ἐστι
537 2614 668 2678 Θεὸς
692 2618 720 2670 6
753 2617 902 2680 Υἱός.
919 2619 1137 2690 Ἐπειδὴ
1160 2620 1216 2672 δὲ
1245 2620 1392 2688 ἅπαξ
1412 2622 1472 2675 τὸ
1493 2626 1589 2693 τῆς
1613 2623 1963 2696 ἀνθρωπότη-

387 2719 483 2768 τος
529 2706 694 2759 ὑπέδυ
745 2707 964 2778 μέτρον,
1001 2709 1093 2762 καὶ
1143 2711 1282 2764 οὑκο
1331 2713 1634 2785 ἀπόϐλητον
1671 2717 1958 2791 ἐποιήσατο

386 2793 485 2865 τὴν
512 2797 840 2868 οἰκονομίαν,
874 2801 1130 2870 ὑπέμεινε
1169 2802 1224 2856 δὲ
1253 2803 1427 2857 πάντα
1463 2804 1549 2858 διά
1585 2806 1684 2878 τὴν
1729 2808 1957 2862 κένωσιν

382 2886 662 2941 ἐθελοντὶά
711 2889 782 2943 δι’
809 2893 958 2960 ἡμᾶς
979 2909 992 2922 ⁸
1048 2893 1217 2965 ταύτῃ
1248 2911 1351 2960 τοι,
1409 2896 1588 2950 καίτοι
1626 2899 1764 2952 κατά
1795 2900 1956 2968 φύσιν

380 2979 638 3050 ὑπάρχων
667 2979 800 3052 ζωὴ,
833 2983 1210 3046 ζωοποιείσθαι
1239 2986 1453 3055 λέγεται
1501 2989 1652 3060 παρά
1698 2991 1794 3046 τοῦ
1838 2993 1955 3046 Παα

377 3071 536 3141 τρόςο
569 3071 663 3124 καὶ
704 3072 803 3137 τῆς
832 3072 990 3144 δόξης
1019 3074 1221 3145 Κύριος
1257 3077 1354 3142 ὢν,
1389 3078 1547 3144 δόξαν
1593 3080 1814 3150 λέγεται
1857 3083 1956 3136 λα-

380 3161 512 3213 ϐεῖν.
532 3160 675 3230 Ἔφη
704 3159 835 3229 γοῦν
863 3163 891 3214 6
923 3162 1166 3234 Ἐϐραῖος
1191 3165 1250 3230 ἐξ
1279 3164 1564 3237 Ἑϐραίων,
1591 3170 1620 3222 6
1641 3169 1957 3241 νομομαθὴς

378 3250 612 3318 ἀληθῶς,
647 3252 741 3307 καὶ
770 3255 834 3306 ὲκ
861 3255 1032 3326 φυλῆς
1062 3255 1345 3326 Βενιαμίν·
1383 3276 1402 3310 ι
1429 3257 1639 3323 Παῦλος
1659 3259 1957 3325 ἀπόστολος

375 3340 476 3396 οὑκ
505 3342 601 3395 ἀπ’
638 3341 959 3414 ἀνθρώπων,
995 3345 1114 3398 οὑδὲ
1141 3345 1207 3399 δι’
1230 3345 1537 3420 ἀνθρώπου,
1565 3349 1699 3404 ἀλλά
1726 3350 1814 3405 διὰ
1849 3352 1954 3422 ’1η-

377 3432 472 3486 σοῦ
507 3433 771 3505 Χριστοῦ,
811 3436 906 3489 καὶ
946 3436 1082 3490 Θεοῦ
1121 3439 1353 3510 Πατρὸς,
1381 3440 1474 3493 τοῦ
1505 3442 1820 3512 ἐγείραντος
1856 3444 1956 3497 αὑ-

373 3523 464 3577 τὸν
488 3525 554 3577 ὲκ
591 3524 819 3595 νεκρῶν,
849 3525 942 3578 καὶ
968 3525 1125 3591 δόξαν
1153 3527 1302 3599 αὑτῷ
1328 3529 1527 3592 δόντος.
1565 3549 1584 3582 ›
1623 3531 1783 3586 Ἀλλά
1829 3533 1951 3587 καί-

376 3629 456 3666 τοι
497 3612 789 3684 λεγόμενος
839 3613 995 3680 δόξαν
1033 3615 1216 3669 λαϐεῖν
1261 3617 1412 3688 παρά
1455 3619 1549 3671 τοῦ
1599 3620 1833 3690 Πατρὸς,
1868 3622 1950 3674 δι-

374 3703 599 3774 ήκοντος
642 3703 740 3758 τοῦ
787 3704 1113 3777 πράγματος
1165 3706 1258 3759 ἐπὶ
1304 3706 1364 3761 τὸ
1407 3709 1504 3779 τῆς
1529 3710 1951 3782 ἀνθρωπότητος

376 3794 592 3866 μέτρον,
616 3790 759 3850 οἶδεν
791 3798 981 3851 ἑαυτὸν
1028 3797 1239 3868 ἔχοντα,
1269 3799 1405 3852 καθὸ
1449 3802 1652 3856 νοεῖται
1704 3802 1794 3855 καὶ
1835 3803 1950 3858 ἐστι

373 3886 526 3950 Θεὸς,
567 3886 630 3940 τὸ
675 3889 817 3956 ὑπὲρ
866 3889 1041 3943 κτίσιν
1086 3891 1474 3964 dilectu."qu
1519 3891 1680 3960 γοῦν·
1717 3912 1736 3946 ι
1767 3895 1948 3950 Πάντα

376 3995 465 4049 μοι
497 3980 764 4051 παρεδόθη
793 3979 946 4050 παρὰ
968 3981 1062 4034 τοῦ
1091 3982 1304 4053 Πατρός
1339 3999 1440 4052 μου
1460 4001 1474 4014 ·
1504 3985 1597 4038 καὶ
1627 3985 1804 4049 οὐδεὶς
1827 3990 1947 4041 ὲπι-

372 4069 629 4137 γινώσκει
661 4071 744 4135 τίς
775 4073 924 4125 ἐστιν
950 4075 978 4125 6
1007 4072 1154 4138 Υἱὸς,
1201 4074 1249 4125 εί
1294 4073 1370 4144 μὴ
1397 4076 1427 4128 6
1455 4077 1644 4149 Πατήρ
1667 4097 1678 4107 ·
1712 4079 1831 4136 οὐδὲ
1855 4082 1948 4134 τὸν

371 4161 589 4233 Πατέρα
618 4181 703 4227 τις
731 4164 1087 4233 ἐπιγινώσκει
1115 4165 1198 4230 τίς
1235 4167 1403 4230 ἐστιν,
1435 4169 1483 4222 ei
1511 4171 1584 4240 μὴ
1619 4173 1647 4225 ὁ
1668 4173 1815 4238 Υίὸς,
1849 4175 1946 4229 καὶ

369 4245 413 4320 ᾧ
459 4252 524 4306 ἂν
550 4255 578 4306 6
606 4254 732 4318 Υἱὸς
775 4255 1122 4329 ἀποκαλύψῃ.
1154 4276 1173 4308 ›
1211 4257 1348 4311 Ἀλλ’
1376 4257 1506 4323 ῐσως
1555 4263 1670 4331 ἐρεῖ
1709 4281 1794 4326 τις
1836 4265 1944 4317 τῶν

2074 448 2408 518 increpabat,
2435 456 2490 504 et
2534 445 2793 502 Satanam
2851 447 3169 503 conterebat
3206 446 3291 510 ἰς
3347 457 3456 500 tum
3503 453 3644 517 quod

2071 540 2228 595 caecis
2257 540 2434 594 lumen
2459 538 2752 609 praestabat
2780 539 2850 608 ⁸⁸,
2876 548 3118 596 mortuos
3171 541 3536 594 resuscitabat
3572 541 3642 605 ⁸⁸,

2074 643 2222 684 mare
2244 629 2599 698 procellosum
2619 644 2729 686 uno
2756 619 2925 688 verbo
2967 631 3194 686 sedebat
3215 630 3300 698 ⁸⁷;
3347 646 3453 685 non
3506 632 3647 685 sicut

2074 719 2342 774 hominem
2357 719 2749 790 quempiam,et
2765 721 2993 776 alterum
3014 721 3366 777 exsistentem
3415 720 3644 775 seorsim

2069 805 2342 862 Christum
2359 807 2646 876 glorilicari
2711 808 2942 875 faciens,
2972 810 3435 879 quemadmodum
3495 809 3644 864 scili-

2068 903 2154 950 cet
2181 905 2237 952 et
2281 912 2444 951 unum
2479 912 2545 954 ex
2573 900 2777 955 sanctis
2802 902 3078 970 prophetis
3113 900 3199 956 vel
3234 901 3522 970 apostolis:
3547 901 3642 956 sed

2066 986 2165 1042 sibi
2183 987 2405 1058 gloriam
2430 1003 2752 1058 procurans,
2783 999 2844 1046 ut
2889 991 2960 1046 ab
3021 991 3278 1046 omnibus
3325 993 3643 1047 crederetur

2065 1077 2208 1134 Deus
2238 1079 2506 1135 exsistens
2533 1089 2748 1147 natura,
2774 1081 2992 1137 tametsi
3035 1076 3212 1136 l'actus
3267 1092 3413 1137 esset
3450 1083 3638 1138 homo.

2065 1169 2459 1240 Fuissetigitur
2481 1171 2932 1228 absurdissimum
3002 1172 3148 1228 ferre
3209 1172 3514 1228 Nestorium
3554 1174 3640 1229 di-

2063 1271 2272 1319 centem
2308 1279 2323 1317 :
2363 1263 2690 1320 Communes
2713 1264 2858 1319 enim
2885 1263 3174 1318 Trinitatis
3208 1273 3337 1319 sunt
3371 1266 3641 1334 Operatio-

2064 1369 2182 1421 nes,
2213 1363 2268 1410 et
2290 1355 2420 1411 solis
2467 1356 2843 1412 subsistentiis
2885 1355 3293 1411 distinctionem
3347 1359 3636 1412 habentes.

2064 1443 2293 1498 Proinde
2318 1442 2594 1514 Unigenitl
2626 1446 2796 1516 gloria
2833 1445 3108 1501 interdum
3143 1444 3291 1500 Patri
3323 1446 3637 1516 adaptatur,

2064 1533 2331 1590 interdum
2365 1533 2608 1605 Spiritui,
2646 1537 2915 1593 interdum
2948 1537 3146 1593 Christi
3210 1537 3487 1606 potentiae.
3550 1536 3637 1590 ldo

2066 1623 2212 1681 circo
2239 1627 2330 1695 qui
2365 1626 2763 1696 reprehendere
2797 1627 3007 1692 volunt,
3036 1627 3120 1682 vel
3153 1629 3444 1682 ostendant
3482 1627 3639 1682 nobis

2065 1714 2228 1768 alium
2251 1714 2549 1782 Christum,
2579 1716 2671 1785 qui
2699 1717 2950 1785 privatim
3011 1717 3240 1771 seorsim
3291 1717 3521 1770 exsistat
3584 1726 3637 1769 et

2065 1803 2428 1886 intelligaturIL
2443 1805 2530 1860 cui
2554 1820 2704 1862 suam
2737 1807 3034 1874 potentiam
3068 1805 3392 1876 applicuerit
3445 1807 3637 1875 unige-

2065 1897 2235 1950 nitum
2257 1895 2348 1950 Dei
2367 1894 2628 1963 Verbum,
2673 1898 2829 1966 quasi
2876 1897 3108 1953 seorsim
3165 1896 3414 1951 diversus
3445 1898 3516 1950 sit
3570 1897 3636 1950 ab

2064 1986 2180 2056 ipso
2205 1984 2412 2053 Filius;
2440 1986 2646 2043 velnisi
2679 1988 2753 2042 sit
2779 1988 2918 2044 alius
2945 1997 2999 2043 et
3056 1987 3216 2052 alius,
3263 1988 3357 2042 sed
3398 2001 3538 2040 unus
3584 1993 3640 2040 et

2063 2075 2203 2129 idem
2233 2082 2288 2128 et
2307 2088 2374 2129 ex
2411 2073 2572 2130 Patre
2596 2076 2926 2146 unigenitus,
2955 2085 3011 2132 et
3042 2091 3109 2132 ex
3143 2084 3315 2130 matre
3365 2075 3528 2130 homo
3552 2090 3637 2130 se-

2060 2165 2292 2219 cundum
2317 2179 2566 2231 carnem,
2599 2167 2868 2235 quomodo
2905 2167 3100 2222 silendi
3151 2166 3303 2222 locus
3357 2175 3526 2233 esset,
3577 2175 3634 2220 et

2063 2271 2166 2309 non
2195 2256 2366 2325 magis
2393 2258 2637 2312 veritatis
2659 2258 2898 2327 potentia
2931 2257 3077 2313 illius
3109 2257 3266 2326 nugis
3288 2257 3633 2326 opponenda,

2062 2346 2278 2414 pulchra
2304 2347 2521 2416 pietatis
2574 2348 2827 2417 dogmata
2892 2347 3402 2416 corrumpentibus?
3440 2345 3637 2416 -ltaque

2061 2447 2175 2491 erat
2194 2438 2408 2507 quidem
2445 2449 2500 2493 et
2523 2447 2605 2492 est
2637 2439 2776 2493 Deus
2799 2439 2913 2508 ipse
2957 2438 3117 2509 I76
3152 2436 3340 2493 Filius.
3369 2435 3634 2502 Quoniam

2059 2537 2236 2583 autem
2265 2527 2430 2584 semel
2455 2528 2621 2584 subiit
2654 2529 3003 2584 humanitatis
3051 2543 3386 2593 mensuram,
3414 2537 3469 2582 et
3523 2528 3636 2582 dis-

2059 2617 2426 2684 pensationem
2477 2617 2617 2672 haud
2647 2616 3002 2687 rejiciendam
3051 2617 3289 2682 censuit,
3341 2617 3410 2670 ob
3449 2617 3638 2670 exina-

2058 2709 2316 2762 nitionem
2347 2715 2528 2763 autem
2554 2708 2813 2763 sustinuit
2876 2709 3061 2763 omnia
3113 2707 3421 2762 voluntarie
3451 2707 3633 2762 nostri

2056 2813 2219 2854 causa
2245 2798 2644 2869 ":eapropter
2671 2837 2686 2863 ,
2728 2800 2976 2868 quamvis
3025 2800 3098 2854 sit
3154 2799 3453 2854 secundum
3478 2810 3634 2854 natu-

2057 2905 2172 2944 ram
2203 2889 2337 2956 vita,
2373 2889 2640 2945 vivificari
2663 2889 2862 2944 dicitur
2893 2904 2922 2943 a
2950 2889 3154 2944 Patre:
3191 2898 3388 2944 etcum
3417 2891 3491 2944 sit
3521 2891 3634 2960 glo-

2059 2981 2151 3036 riae
2184 2980 2446 3037 Dominus
2469 2981 2538 3048 δ’,
2559 2980 2756 3036 dicitur
2779 2979 3007 3051 gloriam
3034 2981 3328 3049 accepisse.
3370 2979 3505 3034 Hinc
3529 2979 3635 3034 lle-

2061 3073 2236 3127 bratus
2256 3087 2322 3127 ex
2355 3070 2625 3139 Hebraeis,
2643 3085 2772 3127 vere
2800 3069 2995 3127 doctus
3033 3070 3087 3125 in
3113 3071 3251 3142 lege,
3279 3079 3333 3125 et
3389 3085 3457 3126 ex
3488 3070 3631 3125 tribu

2058 3163 2364 3231 Beniamin,
2389 3163 2604 3219 (licebat
2639 3180 2654 3218 :
2693 3181 2712 3214 ι
2747 3161 2947 3218 Paulus
2972 3161 3254 3232 apostolus
3285 3177 3391 3215 non
3430 3163 3496 3214 ab
3531 3162 3630 3216 ho-

2059 3254 2315 3321 minibus,
2351 3267 2524 3324 neque
2546 3269 2643 3323 per
2674 3254 2972 3318 hominem,
3006 3252 3106 3308 sed
3131 3267 3224 3323 per
3263 3251 3447 3306 Jesum
3475 3251 3633 3308 Chri-

2055 3354 2218 3409 stum,
2252 3355 2306 3400 et
2337 3345 2502 3400 Deum
2528 3343 2768 3411 Patrem,
2799 3343 2892 3414 qui
2921 3343 3205 3400 suscitavit
3245 3358 3370 3397 eum
3419 3357 3448 3396 a
3485 3357 3632 3398 mor-

2056 3439 2164 3492 tuis
2182 3438 2256 3502 ",
2289 3446 2344 3492 et
2376 3437 2600 3507 gloriam
2621 3437 2698 3492 illi
2734 3436 2883 3492 dedit
2912 3437 3014 3490 ⁹¹.›
3048 3435 3244 3492 Verum
3271 3435 3518 3505 quamvis
3549 3433 3632 3489 di-

2052 3541 2208 3586 catur
2234 3529 2464 3600 gloriam
2522 3529 2799 3598 accepisse
2849 3542 2880 3581 a
2935 3525 3116 3592 Patre,
3167 3541 3290 3580 cum
3339 3540 3400 3581 ea
3437 3540 3523 3580 res
3563 3524 3631 3580 ad

2054 3620 2401 3676 humanitatis
2436 3634 2743 3690 mensuram
2772 3617 3078 3688 perveniat,
3115 3618 3265 3674 novit
3318 3629 3497 3672 tamen
3550 3629 3632 3671 se-

2049 3708 2224 3778 ipsum
2285 3710 2484 3764 habere
2511 3709 2827 3778 dignitatem
2866 3707 3007 3761 ultra
3059 3717 3391 3770 creaturam,
3429 3719 3629 3761 secun-

2049 3801 2175 3855 dum
2207 3800 2351 3869 quod
2387 3799 2697 3869 intelligitur
2729 3807 2784 3853 et
2814 3807 2899 3852 est
2925 3797 3088 3853 Deus.
3118 3797 3350 3852 Proinde
3378 3798 3624 3852 dicebat:

2055 3909 2073 3944 ι
2103 3891 2296 3947 Omnia
2335 3892 2466 3945 mihi
2496 3890 2696 3945 tradita
2729 3897 2858 3943 sunt
2886 3902 2916 3942 a
2974 3887 3135 3942 Patre
3165 3903 3324 3943 meo:
3356 3897 3412 3943 et
3467 3901 3628 3942 nemo

2047 3980 2323 4049 cognoscit
2349 3981 2469 4049 quis
2497 3980 2567 4034 sit
2601 3977 2796 4043 Filius,
2824 3977 2929 4031 nisi
2975 3975 3141 4030 Pater
3165 3993 3180 4043 ;
3208 3991 3384 4044 neque
3409 3974 3624 4030 Patrem

2046 4075 2166 4143 quis
2188 4073 2428 4143 agnoscit
2456 4072 2579 4141 quis
2613 4072 2702 4137 sit,
2735 4068 2840 4122 nisi
2872 4067 3060 4130 Filius,
3102 4076 3155 4122 et
3204 4066 3287 4120 cui
3313 4065 3485 4120 Filius
3528 4079 3618 4120 re-

2045 4164 2307 4219 velaverit
2340 4163 2432 4220 ⁹¹·.
2476 4180 2493 4213 ι
2528 4161 2782 4216 Fortasse
2814 4158 3084 4228 quispiam
3120 4157 3507 4213 studiosiorum
3538 4158 3623 4212 in-

2044 4255 2380 4326 terrogabit:
2435 4254 2491 4310 Si
2543 4254 2724 4308 omnia
2784 4253 2879 4307 tibi
2923 4251 3122 4306 tradita
3176 4258 3309 4303 sunt
3364 4264 3393 4302 a
3429 4248 3615 4314 Patre,

372 4343 839 4416 φιλομαθεστέρων
859 4361 874 4377 ο
923 4347 986 4399 Εἰ
1032 4347 1211 4402 πάντα
1241 4365 1322 4402 σοι
1352 4350 1624 4422 παρεδόθη
1670 4354 1823 4424 παρά
1851 4354 1943 4407 τοῦ

2057 4347 2199 4414 quasi
2259 4346 2308 4401 ei
2343 4346 2432 4417 qni
2469 4345 2641 4417 gloria
2678 4343 3003 4413 indigneris,
3039 4352 3095 4397 et
3146 4341 3399 4397 debueris
3425 4341 3623 4394 habere

370 4435 598 4506 Πατρὸς,
623 4435 698 4500 ὡς
719 4436 873 4508 δόξης
901 4437 1049 4508 δεδεη
1058 4439 1223 4510 μένῳ,
1252 4439 1346 4493 καὶ
1373 4440 1520 4494 δοτὸν
1545 4442 1688 4513 ἔχειν
1706 4444 1944 4513 ὀφείλον-

369 4542 420 4598 τι
456 4526 517 4579 τὸ
543 4526 683 4581 κατά
713 4527 928 4581 πάντων
944 4539 967 4568 ο
996 4530 1197 4600 κράτος
1223 4531 1310 4584 διά
1331 4532 1392 4585 τὸ
1417 4533 1756 4604 ἀνθρώπινον
1774 4551 1788 4566 ο
1825 4537 1941 4600 πῶς

369 4613 653 4684 ἀνέφικτον
675 4617 796 4678 ταῖς
839 4615 1139 4686 ἀνθρώπων
1171 4618 1430 4684 διανοίαις
1461 4616 1600 4673 εἶναι
1630 4622 1740 4690 φὴς
1773 4622 1832 4674 τὸ
1864 4623 1942 4674 εὶ-

367 4706 513 4759 δέναι
557 4723 640 4772 σε,
665 4705 914 4777 καθάπερ
963 4708 1158 4777 ἀμέλει
1203 4710 1296 4762 καὶ
1335 4711 1426 4763 τὸν
1469 4711 1723 4781 Πατέρα;
1781 4711 1940 4766 Ἀλλά

366 4796 475 4858 ναὶ,
517 4798 702 4865 φησὶν,
727 4798 786 4850 οὑ
826 4799 985 4867 μέχρι
1036 4798 1143 4851 τῶν
1188 4800 1539 4871 όρωμένωνή
1573 4801 1659 4854 ἐπ’
1693 4802 1815 4872 ἐμοὶ
1842 4820 1938 4855 συ-

369 4886 643 4940 στέλλεται
679 4887 896 4955 γνῶσις.
928 4889 1058 4957 Εἰμὶ
1105 4889 1213 4961 γὰρ
1260 4890 1393 4954 Θεὸς
1426 4892 1484 4943 ὲν
1519 4891 1682 4960 σαρκὶ
1727 4893 1818 4945 καὶ
1850 4893 1937 4944 αἴο

371 4995 518 5048 ματι,
551 4978 688 5036 κατά
743 4979 840 5048 μὲν
889 4981 987 5049 τὴν
1023 4981 1200 5050 σάρκα
1240 4982 1660 5052 γινωσκόμενος,
1696 4982 1836 5036 κατά
1881 4983 1936 5034 δὲ

369 5068 462 5141 τὴν
487 5069 737 5141 θεότητος
779 5070 938 5140 φύσιν
966 5088 1024 5124 τε
1053 5074 1148 5127 καὶ
1176 5072 1334 5138 δόξαν
1365 5073 1664 5149 ίσομέτρως
1692 5073 1828 5146 ἔχων
1860 5072 1936 5142 τῷ

2045 4440 2227 4494 datum
2259 4439 2545 4510 imperium
2582 4439 2635 4493 in
2664 4451 2854 4492 omnes
2920 4443 3153 4504 propter
3185 4432 3618 4492 humanitatem;

2041 4529 2311 4602 quomodo
2337 4531 2587 4584 humanis
2613 4528 2884 4582 mentibus
2922 4524 3260 4595 impossibile
3318 4538 3441 4578 esse
3484 4521 3620 4576 dicis

2041 4621 2184 4676 scire
2208 4630 2275 4685 te,
2307 4619 2758 4687 quemadmodum
2815 4618 2957 4672 scire
3011 4624 3062 4672 et
3125 4614 3383 4670 Patrem?
3434 4613 3614 4679 Certe,

2043 4711 2234 4780 inquit,
2261 4711 2364 4765 mei
2391 4709 2627 4779 cognitio
2658 4724 2766 4764 non
2801 4723 2972 4779 usque
3007 4708 3074 4763 ad
3133 4707 3406 4762 visibilem
3455 4714 3615 4760 natu-

2045 4817 2158 4856 ram
2179 4810 2507 4858 coarctatur.
2539 4800 2676 4856 Nam
2696 4801 2836 4856 Deus
2859 4815 2977 4855 sum
2998 4801 3049 4854 in
3073 4815 3238 4856 carne
3259 4808 3314 4855 et
3330 4800 3613 4867 sanguine,

2043 4903 2098 4949 et
2126 4893 2420 4948 secundum
2449 4908 2667 4949 carnem
2696 4894 2912 4964 quidem
2937 4907 3267 4963 cognoscor,
3311 4890 3611 4946 secundum

2046 4992 2290 5035 naturam
2321 4993 2497 5039 autem
2529 4993 2582 5039 et
2601 4985 2829 5055 gloriam
2863 4982 3468 5051 divinitatis,a:qualem
3492 4995 3613 5033 cum

2049 5076 2154 5128 Deo
2177 5083 2230 5129 et
2257 5073 2414 5130 Patre
2451 5089 2757 5132 mensuram
2792 5077 2987 5140 habeo,
3023 5076 3264 5131 omnium
3306 5081 3542 5125 mentem
3560 5083 3614 5125 et

415 5223 464 5296 ’ξ
501 5220 689 5296 Matth.
734 5240 806 5289 Iv,
839 5226 872 5279 4
905 5241 1058 5295 seqq.
1128 5226 1172 5258 ⁸⁵
1197 5224 1350 5282 Joan.
1390 5242 1461 5280 Ix.
1495 5227 1516 5279 l
1551 5242 1702 5294 seqq.
1774 5227 1819 5258 ⁸⁸
1849 5224 1956 5278 Joai

2057 5243 2115 5289 ιι,
2150 5230 2170 5280 l
2205 5242 2358 5296 seqq.
2432 5230 2474 5258 ατ
2503 5231 2684 5283 .llalth.
2727 5244 2836 5289 χιι,
2869 5228 2938 5280 26
2963 5242 3113 5296 seqq.
3183 5223 3228 5254 ⁸³
3261 5221 3487 5290 Philipp.
3512 5190 3611 5285 ἰιι,

368 5292 481 5348 5-7.
555 5295 598 5327 ³³
624 5294 644 5348 l
669 5296 796 5350 Cor.
834 5312 894 5359 ιι,
915 5292 995 5349 8.’
1021 5292 1090 5328 ’³ο
1115 5297 1288 5351 Galat.
1317 5313 1355 5360 ι,
1393 5299 1442 5350 l.
1476 5297 1518 5330 "
1546 5297 1561 5348 Ι
1594 5292 1735 5351 Petr.
1774 5313 1810 5362 I,
1834 5297 1922 5352 2|.

2057 5301 2067 5316 '
2103 5292 2299 5351 Matth.
2325 5292 2384 5359 ll,
2414 5300 2503 5350 ‘27.

1435 5455 1611 5511 Varia:
1642 5457 1899 5513 lectiones
1930 5472 1992 5512 ex
2030 5457 2214 5514 codice
2249 5456 2619 5524 Seguieriano.

414 5621 440 5660 ἵ
467 5613 705 5678 ἀνιστάς.
788 5623 807 5649 ⁸
837 5614 868 5680 ἢ
898 5613 1224 5671 ἀποστόλων.

1271 5627 1295 5653 α
1334 5611 1512 5676 ξδικῶς
1539 5613 1683 5675 Υἱός·
1717 5612 1747 5682 ἦ
1785 5614 1849 5665 εἰ.
1930 5613 1956 5652 ι)
1992 5613 2410 5682 ἀνταναστῆσαι.

2500 5621 2517 5645 ε
2554 5608 2746 5680 μέτρον
2778 5610 2892 5667 οὐκ,
2964 5610 2984 5648 1
3016 5609 3313 5682 ἐθελοντής.
3362 5623 3382 5649 ε
3412 5610 3599 5664 πάντα.
