4014 6128
401 283 509 342 547

1436 282 1495 340 8.
1521 280 1801 339 CYRlLLl
1851 275 2323 336 ALEXANDRINI
2351 272 2669 332 ARGHIEP.

3554 259 3659 317 368

403 418 711 461 sermonem
745 405 1085 462 transcendo.
1120 403 1355 461 Proinde
1393 403 1665 474 (revertor
1713 402 1858 458 enim
1911 402 1976 455 ad

2095 398 2201 470 θεῷ
2235 398 2328 453 καὶ
2357 396 2553 468 Πατρὶ,
2586 395 2679 449 καὶ
2709 392 2800 447 νοῦ
2865 391 2958 445 καὶ
2985 387 3145 457 λόγου
3174 382 3376 447 παντὸς
3408 380 3666 474 ἐπέκεινα

406 494 699 564 propositae
726 495 802 550 rei
829 494 1178 566 sententiam)
1208 505 1386 563 neque
1427 490 1759 560 apostolicas
1818 504 1980 545 voces

407 583 664 653 tollimus,
725 587 908 642 absit!
976 601 1151 656 neque
1193 587 1317 645 dum
1364 584 1469 640 alia
1529 582 1774 653 quaedam
1805 581 1984 635 minus

405 687 769 733 consentanea
801 679 1114 745 sentientes,
1151 677 1235 732 vel
1267 672 1983 745 quuentes,incarnationis

405 771 709 827 rationibus
774 772 1147 824 adversamur.
1208 768 1499 837 Sequimur
1538 775 1722 821 autem
1787 766 1984 833 ubique

405 876 592 916 sacras
622 861 1015 930 Scripturas,et
1044 862 1422 931 theologorum
1457 860 1680 916 vocibus
1710 872 1982 914 summum

401 954 489 1021 jus
506 954 891 1015 concedentes,
918 953 1237 1007 obsistimus
1266 953 1401 1009 solis
1428 955 1569 1020 istis,
1589 955 1679 1023 qui
1709 961 1854 1007 recta
1881 950 1985 1007 Ec-

404 1045 588 1099 clesia:
628 1044 877 1113 dogmata
923 1054 1259 1114 pervertunt.
1291 1045 1444 1112 Quod
1486 1055 1667 1099 autem
1706 1044 1868 1098 Pater
1916 1058 1982 1099 ex

406 1135 633 1188 mortuis
657 1135 1015 1190 resuscitasse
1036 1136 1326 1190 Dominum
1350 1146 1595 1191 nostrum
1614 1134 1796 1191 Iesum
1821 1135 1976 1189 Chri~

404 1236 543 1277 stum
585 1226 804 1289 dicitur,
838 1240 905 1281 eo
934 1241 1100 1295 opere
1125 1226 1331 1281 scilicet
1376 1229 1526 1282 circa
1586 1227 1706 1297 ejus
1758 1242 1981 1282 carnem

404 1316 619 1384 eﬂ‘ccto,
644 1333 802 1373 nemo
828 1328 913 1374 est
942 1318 1035 1388 qui
1074 1319 1336 1389 ambigat.
1360 1318 1480 1391 Ipse
1512 1328 1719 1381 autem.
1749 1334 1869 1373 cum
1912 1319 1987 1373 sit

404 1411 533 1472 vita,
556 1417 611 1464 et
647 1410 968 1477 viviﬁcator,
994 1420 1048 1467 et
1073 1413 1381 1480 operatoria
1403 1414 1584 1467 virtus
1613 1412 1984 1473 Patris.suum

407 1500 718 1555 viviﬁcabat
755 1502 1035 1572 templum,
1060 1503 1215 1572 juxta
1241 1505 1410 1574 illud_:
1455 1524 1473 1557 ι
1503 1504 1708 1560 Solvite
1729 1504 1983 1573 templmn

408 1593 530 1656 hoc,
562 1601 614 1647 et
638 1594 690 1647 in
717 1594 889 1649 tribus
924 1596 1114 1650 diebus
1147 1596 1399 1652 excitabo
1460 1597 1589 1651 illud
1620 1599 1696 1648 ⁸³.
1737 1615 1757 1649 ι
1797 1597 1987 1665 Itaque

406 1685 548 1752 quod
584 1686 985 1751 viviﬁcabatur,
1019 1703 1127 1744 non
1158 1699 1275 1742 erat
1307 1689 1564 1754 alienum,
1600 1704 1778 1759 neque
1815 1688 1986 1743 alicu-

2083 490 2313 560 τρέχων.
2346 487 2553 541 Οὐκοῦν
2585 483 2900 555 (ἀνθέξομαι
2933 480 3042 550 γὰρ
3085 479 3183 548 τῆς
3215 474 3324 528 τῶν
3364 471 3663 544 προκειμέ-

2084 598 2190 636 νων
2223 579 2449 650 ἑννοίας)
2482 578 2605 631 οὔτε
2660 576 2756 639 τὰς
2803 571 3164 632 ἀποστολικὰς
3195 565 3525 637 ἀναιροῦμεν
3554 583 3665 635 φω-

2085 673 2200 736 νὰς,
2232 672 2306 743 μὴ
2333 672 2561 739 γένοιτο,
2589 668 2711 722 οὔτε
2742 666 2847 739 μὴν
2879 666 3043 736 ἕτερα
3075 664 3211 718 ἄττα
3249 658 3403 731 παρά
3424 658 3486 712 τὸ
3520 658 3666 721 εἰκὸς

2084 764 2117 834 ἦ
2158 761 2503 833 φρονοῦντες,
2538 759 2571 830 ἢ
2602 758 2872 828 λέγοντες,
2903 758 3015 819 τοῖς
3056 756 3155 825 τῆς
3198 750 3667 822 ὲνανθρωπήσεως

2084 851 2522 923 ἀντιπράττομεν
2566 849 2777 916 λόγοις”
2826 846 3079 916 ἑπόμενοι
3124 845 3182 897 δὲ
3229 838 3502 910 πανταχοῦ
3553 841 3667 901 τοῖς

2088 943 2255 1013 ίεροῖς
2284 942 2599 1011 Γράμμασι,
2629 942 2722 993 καὶ
2760 942 2877 1002 ταῖς
2918 937 3025 991 τῶν
3064 936 3343 1007 θεηγόρων
3372 934 3577 1002 φωναῖς
3606 930 3668 983 τὸ

2085 1032 2284 1103 χρῆναι
2330 1034 2553 1101 κρατεῖν
2596 1030 2982 1101 ἀπονέμοντες,
3017 1022 3457 1090 ἀντανιστὰμεθα
3487 1023 3667 1095 μόνοις

2084 1128 2195 1188 τοῖς
2228 1123 2296 1177 τὰ
2323 1122 2458 1195 ὀρθὰ
2481 1125 2580 1192 τῆς
2609 1120 2930 1192 Ἐκκλησίας
2957 1120 3204 1189 δόγματα
3228 1116 3659 1187 διαστρέφουσιν.

2088 1217 2208 1268 Ὅτι
2238 1216 2294 1268 δὲ
2340 1217 2369 1268 6
2413 1215 2603 1284 Πατὴρ
2638 1215 2701 1266 ὲκ
2746 1212 2955 1283 νεκρῶν
2996 1211 3300 1281 ἀναστῆσαι
3332 1208 3423 1261 τὸν
3464 1206 3659 1278 Κύριον

2087 1307 2241 1377 ἡμῶν
2278 1306 2484 1377 Ἰησοῦν
2510 1305 2745 1377 Χριστὸν
2789 1304 3028 1372 λέγεται,
3066 1298 3460 1375 ὲνεργουμένου
3483 1298 3662 1369 δηλον-

2085 1398 2168 1451 ότι
2207 1399 2334 1468 περὶ
2363 1398 2462 1468 τὴν
2495 1397 2676 1468 σάρκα
2718 1394 2883 1450 αὑτοῦ
2930 1394 3024 1447 τοῦ
3075 1394 3423 1464 πράγματος,
3454 1392 3554 1444 οὐκ
3599 1393 3665 1444 ἂν

2088 1488 2379 1543 ὲνδοιάσειέ
2410 1505 2514 1552 τις.
2548 1486 2719 1550 Αὐτὸς
2765 1485 2822 1539 δὲ
2857 1484 3118 1554 ὑπάρχων
3172 1485 3206 1555 ἡ
3237 1481 3373 1553 ζωὴ,
3406 1481 3666 1545 ζωοποιός

2086 1598 2145 1633 τε
2177 1581 2268 1633 καὶ
2321 1579 2549 1650 ἐνεργὴς
2574 1577 2802 1648 δύναμις
2830 1576 2924 1629 τοῦ
2955 1575 3189 1645 Πατρὸς,
3218 1573 3311 1627 τὸν
3344 1573 3474 1626 ἴδιον
3503 1574 3666 1636 simo-

2089 1673 2228 1726 ποίει
2262 1672 2416 1725 ναόνο
2449 1691 2467 1723 ι
2496 1670 2852 1725 Καταλύσατε
2876 1668 2895 1707 ί
2943 1668 3035 1722 τὸν
3079 1667 3204 1721 ναὸν
3258 1666 3467 1732 τοῦτον,
3512 1666 3665 1736 φησὶ,

403 1777 492 1842 jus
526 1777 683 1847 177
713 1792 775 1831 ex
806 1779 1115 1834 hominibus
1181 1780 1338 1836 nobis
1379 1753 1812 1845 similibus-sed
1857 1795 1984 1846 pro-

2095 1762 2184 1815 καὶ
2214 1763 2270 1815 ὲν
2297 1761 2477 1832 τρισὶν
2505 1761 2743 1833 ἡμέραις
2771 1759 2946 1831 ἐγερῶ
2983 1758 3165 1812 αὐτόν.
3198 1754 3334 1812 ιτΗν
3360 1753 3453 1811 οὖν
3474 1757 3583 1829 ἄρα
3606 1756 3670 1809 τὸ

408 1868 583 1935 prium
614 1868 784 1940 ipsius
805 1869 968 1925 Verbi
998 1885 1213 1940 corpus.

779 2184 1434 2245 ANATIIEMATISMUS
1471 2183 1611 2266 vin.

483 2301 540 2355 Si
570 2300 692 2371 quis
724 2302 905 2357 dicere
937 2302 1099 2355 audet
1154 2298 1432 2354 hominem
1496 2305 1836 2365 assumptum
1881 2309 1986 2348 una

407 2407 529 2447 cum
571 2393 662 2448 Dei
701 2392 882 2448 Verbo
905 2391 1264 2454 adorandum,
1315 2398 1372 2444 et
1434 2386 1985 2458 congloriiicandum,

407 2492 460 2538 et
486 2485 673 2550 Deum,
706 2494 959 2554 tanquam
995 2484 1222 2539 alterum
1253 2495 1378 2536 cum
1397 2479 1569 2535 altero
1598 2478 1987 2537 connominan-

407 2574 536 2628 dum
570 2589 694 2629 esse
718 2575 882 2645 (hunc
911 2574 1055 2629 enim
1098 2572 1433 2626 intellectum
1490 2569 1777 2641 particula,
1836 2583 1983 2633 cum,

407 2664 643 2735 adjecta,
666 2673 930 2735 perpetuo
957 2679 1020 2719 ac
1043 2664 1352 2719 necessario
1382 2660 1562 2732 affert)
1588 2670 1642 2716 et
1669 2676 1774 2716 non
1807 2661 1986 2730 potius

409 2773 516 2813 una
563 2759 881 2814 adoratione
922 2757 1331 2811 Emmanuelem
1384 2756 1643 2822 honorat,
1710 2767 1986 2823 unamque

409 2843 488 2899 illi
547 2844 998 2915 gloriﬁcationem
1072 2845 1346 2910 attribuit,
1415 2854 1681 2915 quatenus
1746 2843 1984 2899 Verbum

409 2935 609 2992 factum
642 2947 728 2994 est
754 2953 924 3004 caro;
961 2939 1249 2993 anathema
1279 2939 1369 2993 sit.

866 3048 1221 3104 Orientalium
1257 3049 1534 3117 apparitio.

481 3155 776 3213 Coadorari
836 3165 891 3213 et
924 3157 1348 3226 congloriﬂcari,
1380 3157 1537 3226 quasi
1594 3156 1663 3211 de
1712 3154 1982 3225 personis,

410 3246 904 3310 velsubsistentiis,
982 3247 1064 3303 vel
1124 3248 1247 3302 ﬁliis
1315 3249 1525 3302 duobus
1582 3261 1687 3300 non
1731 3248 1983 3314 dicimus,

411 3340 563 3410 quasi
620 3339 778 3392 aliter
828 3338 920 3391 ﬁat
964 3340 1212 3394 adoratio
1264 3340 1375 3394 Deo
1438 3337 1650 3403 Verbo,
1703 3347 1755 3394 et
1829 3338 1989 3395 aliter

412 3431 596 3497 carni;
624 3430 719 3485 sed
753 3445 913 3485 unam
937 3431 1118 3501 potius
1158 3430 1552 3495 adorationem,
1599 3440 1654 3485 et
1685 3440 1880 3487 caetera
1930 3441 1990 3487 ut

413 3523 511 3578 uni
545 3522 683 3579 Filio
727 3522 1023 3589 oﬂ'erimus,
1055 3534 1110 3580 et
1152 3524 1325 3595 ipsum
1377 3525 1686 3591 coadorari,
1730 3526 1872 3582 sicut
1935 3535 1991 3580 et

411 3612 530 3682 ipse
560 3613 613 3669 in
639 3613 816 3682 primo
845 3623 992 3674 tomo
1021 3617 1172 3672 dicit.
1198 3615 1330 3671 Nam
1381 3616 1629 3688 quamvis
1674 3630 1890 3686 semper
1933 3627 1992 3672 ut

412 3700 651 3760 Verbum
685 3721 806 3761 cum
830 3705 994 3763 Patre
1022 3722 1121 3764 suo
1153 3706 1455 3777 consideat,
1488 3717 1543 3764 et
1571 3722 1637 3763 ex
1679 3709 1797 3777 ipso
1851 3719 1905 3764 et
1937 3712 1987 3764 in

414 3796 531 3869 ipso
559 3798 854 3855 secundum
914 3809 1159 3856 naturam
1198 3801 1447 3868 exsistat,
1502 3810 1681 3857 tamen
1739 3801 1992 3857 audiebat

411 3888 577 3943 etiam
622 3904 744 3947 cum
798 3904 964 3946 carne
1028 3891 1299 3948 exsistens
1348 3892 1670 3948 dicentem:
1709 3912 1727 3945 ι
1767 3890 1906 3949 Sede
1959 3910 1987 3948 a

413 3981 619 4036 dextris
658 3982 813 4051 meis,
845 3982 1017 4039 donec
1042 3999 1236 4054 ponam
1272 3984 1522 4041 inimicos
1546 3992 1665 4042 tuos
1694 3985 1987 4042 scabellum

410 4075 607 4141 pedum
631 4085 849 4131 tuorum
865 4076 933 4131 ”.
979 4096 998 4129 ι
1025 4076 1106 4132 Ita
1139 4085 1194 4133 et
1216 4078 1432 4134 adorari
1467 4078 1702 4134 dicimus
1736 4079 1911 4148 ipsum
1937 4087 1991 4132 et

415 4180 448 4220 a
480 4167 635 4223 nobis
663 4168 797 4238 ipsis
843 4178 898 4225 et
924 4170 1176 4226 asanctis
1212 4171 1438 4241 angelis.
1489 4170 1723 4227 Proinde
1752 4171 1819 4224 ad
1876 4171 1991 4227 haec

413 4256 681 4324 dicimus,
713 4259 857 4328 quod
881 4259 1018 4316 scite
1075 4258 1365 4315 admodum
1418 4262 1677 4332 praecepit
1730 4261 1838 4323 bis,
1898 4260 1989 4330 qui

414 4362 537 4402 cum
556 4363 723 4405 carne
747 4364 914 4404 unum
949 4356 1003 4405 et
1028 4348 1275 4404 eumdem
1301 4347 1497 4404 Filium
1525 4352 1752 4407 adorare
1778 4350 1987 4413 volunt,

2089 1853 2520 1924 ζωοποιούμενον
2564 1852 2664 1905 οὐκ
2713 1850 3016 1922 ἀλλότριον,
3064 1848 3191 1905 οὔτε
3234 1851 3339 1921 μὴν
3389 1850 3510 1914 ἐνὸς
3558 1848 3669 1901 τῶν

2088 1942 2208 1996 καθ’
2246 1943 2393 2013 ἡμᾶς
2440 1939 2775 2012 ἀνθρώπων,
2814 1940 2931 1994 ἀλλ’
2959 1939 3090 1994 ἴδιον
3140 1938 3306 1993 αὑτοῦ
3352 1938 3447 1992 τοῦ
3488 1937 3668 2005 Λόγου

2090 2051 2270 2104 σωμα.

2523 2162 3119 2217 ΑΝΑΘΕΜΑΤΙΣΜΟΣ
3155 2162 3239 2215 Η’.

2157 2280 2227 2334 Et
2268 2297 2353 2343 τις
2400 2277 2576 2350 τολμᾷ
2614 2277 2793 2345 λέγειν
2826 2275 2917 2329 τὸν
2959 2273 3342 2345 ἀναληφθέντα
3386 2272 3670 2342 ἄνθρωπον

2090 2370 2623 2446 συμπροσκυνεῖσθαι
2651 2369 2761 2423 δεῖν
2787 2367 2864 2439 τῷ
2896 2366 3015 2439 Θεῷ
3063 2367 3242 2437 Λόγῳ,
3274 2365 3370 2418 καὶ
3418 2363 3666 2430 συνδοξά-

2087 2465 2296 2530 ζεσθαι,
2332 2464 2428 2517 καὶ
2457 2458 2923 2533 συγχρηματίξειν
2957 2459 3121 2524 Θεὸν,
3167 2458 3241 2521 ὡς
3271 2458 3458 2527 ἕτερον
3499 2455 3668 2526 ἑτέρῳ

2088 2559 2168 2629 (τὸ
2198 2557 2307 2632 γὰρ
2338 2557 2480 2620 σὺν,
2506 2556 2595 2611 ἀεὶ
2615 2552 3039 2626 προστιθέμενον
3071 2550 3228 2605 τοῦτο
3256 2552 3395 2604 νοεῖν
3422 2546 3666 2615 ἀναγκά-

2089 2647 2191 2720 σει)
2223 2666 2239 2681 ο
2275 2648 2368 2701 καὶ
2400 2647 2520 2717 οὐχὶ
2552 2646 2616 2716 δὴ
2655 2642 2984 2716 μᾶλλον·μιᾷ
3009 2641 3377 2714 προσκυνήσει
3410 2640 3545 2710 τιμᾷ
3582 2636 3671 2691 τὸν

2099 2738 2444 2811 Ἐμμανουήλ
2470 2779 2485 2804 ,
2535 2736 2630 2791 καὶ
2682 2735 2812 2808 μίαν
2860 2733 3010 2804 αὐτῷ
3057 2733 3157 2805 τὴν
3201 2730 3496 2804 ὁμολογίαν
3546 2745 3666 2782 συν-

2087 2831 2248 2884 ἅπτει
2265 2839 2312 2896 8,
2351 2826 2486 2883 καθὸ
2514 2827 2704 2898 γέγονε
2743 2820 2881 2895 σὰρξ
2918 2825 2947 2877 6
2973 2823 3143 2892 Λόγος
3166 2838 3182 2854 ο
3221 2821 3473 2891 ἀνάθεμα
3509 2820 3665 2873 ἔστω.

2399 3030 2766 3098 Ἀντίρῤησις
2803 3025 2921 3080 τῶν⁴
2968 3019 3382 3078 Ἀνατολικῶν.

2159 3144 2234 3199 Τὸ
2263 3138 2819 3213 συμπροσκυνεῖσθαι,
2856 3136 2950 3191 καὶ
2980 3131 3421 3199 συνδοξὰζεσθαι,
3440 3131 3517 3195 ὡς
3544 3131 3667 3197 περὶ

2087 3234 2416 3309 προσώπων,
2448 3232 2480 3303 ἢ
2516 3230 2866 3284 ὑποστάσεων
2917 3227 2952 3298 ἢ
2995 3225 3128 3279 υίῶν
3175 3224 3268 3277 δύο
3305 3223 3367 3277 οὐ
3418 3222 3667 3293 λέγομεν,

2086 3330 2163 3394 ὡς
2209 3329 2275 3398 τῇ
2319 3324 2484 3397 σαρκὶ
2523 3323 2726 3394 ἑτέρως
2780 3319 3200 3392 προσκυνήσεως
3233 3315 3553 3388 γινομένης,
3581 3312 3674 3368 καὶ

2086 3420 2164 3492 τῷ
2191 3417 2311 3489 Θεῷ
2347 3417 2505 3488 Λόγῳ
2535 3414 2767 3486 ἑτέρως·
2796 3411 2932 3466 ἀλλά
2964 3410 3165 3482 μᾶλλον
3197 3410 3328 3480 μίαν
3364 3405 3675 3479 προσκύνη-

2092 3527 2195 3576 σιν,
2227 3510 2321 3562 xui.
2346 3508 2414 3562 τὰ
2439 3507 2604 3561 λοιπά
2628 3506 2705 3568 ὡς
2747 3504 2830 3558 ἑνὶ
2885 3502 3003 3574 Υίῷ
3052 3502 3460 3574 προσφέρομεν,
3494 3500 3585 3553 καὶ
3614 3498 3676 3550 τὸ

2092 3599 2650 3675 συμπροσκυνεῖσθαι,
2679 3599 2756 3663 ὡς
2784 3598 2880 3651 καὶ
2906 3595 3069 3658 αὐτὸς
3101 3595 3160 3649 ὲν
3185 3593 3263 3664 τῷ
3296 3591 3498 3664 πρώτῳ
3519 3592 3672 3660 τόμῳ

2093 3696 2263 3764 λέγει.
2306 3693 2501 3748 Καίτοι
2525 3693 2637 3762 γὰρ
2663 3690 2752 3744 ἀεὶ
2782 3686 3118 3759 συνεδρεύων
3141 3686 3219 3750 ὼς
3246 3686 3420 3752 Λόγος
3453 3685 3531 3754 τῷ
3563 3683 3679 3753 ιδὶῳ

2092 3786 2289 3858 Πατρὶ,
2318 3786 2412 3838 καὶ
2453 3784 2513 3848 ἐξ
2536 3781 2703 3838 αὐτοῦ
2731 3798 2791 3833 τε
2825 3778 2921 3833 κα¹ι
2946 3780 3004 3831 ὲν
3030 3775 3181 3847 αὐτῷ
3203 3775 3346 3831 κατὰ
3380 3773 3545 3844 φύσιν
3576 3775 3678 3827 ὐπ-

2092 3878 2295 3949 άρχων,
2336 3876 2498 3930 πάλιν
2546 3875 2714 3944 ἤκουε
2758 3871 3045 3941 λέγονίιιοςιι
3106 3870 3195 3926 καὶ
3247 3867 3387 3939 μετά
3437 3868 3638 3938 σαρκός
3661 3882 3677 3899 ⁸

2098 3987 2118 4021 ι
2149 3967 2334 4022 Κάθου
2363 3967 2427 4019 ὲκ
2464 3962 2652 4030 δεξιῶν
2687 3978 2809 4032 μου,
2841 3960 2944 4023 ἕως
2976 3958 3042 4013 ἂν
3067 3956 3291 4033 θῶΙτοὺς
3323 3953 3558 4025 ἐχθρούς
3583 3969 3678 4006 σου

2093 4059 2384 4114 ὑποπόδιον
2415 4054 2524 4108 τῶν
2570 4052 2748 4107 ποδῶν
2794 4067 2914 4105 σου.
2952 4067 2971 4101 ι
3036 4048 3193 4102 Οὕτω
3231 4046 3326 4099 καὶ
3356 4047 3683 4115 προσκυνεῖ-

2094 4150 2219 4205 σθαί
2266 4166 2445 4219 φαμεν
2482 4145 2645 4202 αὐτὸν
2693 4144 2832 4215 πρός
2879 4157 2938 4195 τε
2992 4138 3151 4210 ἡμῶν
3191 4135 3397 4200 αὐτῶν,
3426 4136 3525 4189 καὶ
3573 4133 3681 4190 τῶν

2093 4241 2265 4310 ἁγίων
2312 4237 2580 4307 ἀγγέλων.
2616 4233 2763 4305 Πρὸς
2807 4227 2899 4287 οὖν
2950 4228 3125 4283 ταῦτα
3176 4244 3380 4297 φαμεν,
3411 4226 3488 4290 ὡς
3538 4226 3681 4279 πάνυ

2094 4326 2532 4401 ὲπιστημονικῶς
2566 4322 2850 4393 ἐπέσκηψε
2895 4322 3008 4383 τοῖς
3047 4320 3145 4372 σὺν
3181 4319 3247 4388 τῇ
3300 4316 3469 4387 σαρκὶ⁵
3511 4331 3683 4386 προσ-

418 4448 669 4508 tanquam
733 4439 877 4495 aliud
929 4440 1185 4510 quiddam
1244 4441 1316 4494 sit
1356 4441 1522 4510 μετὰ,
1574 4457 1738 4512 quam
1785 4443 1905 4507 σὺν,
1932 4407 1986 4497 id

2095 4423 2274 4476 κυνεῖν
2319 4419 2398 4489 τῷ
2449 4418 2530 4471 ἑνὶ
2591 4415 2687 4470 καὶ
2732 4414 2811 4485 τῷ
2854 4410 3006 4482 αὐτῴ
3038 4409 3156 4480 Υἱῷ
3187 4407 3569 4478 βουλομένοις·
3609 4407 3683 4469 ὡς

417 4530 559 4597 quod
579 4539 634 4584 et
654 4530 768 4599 ipse
814 4531 1016 4599 posuit,
1062 4531 1205 4585 sicut
1250 4530 1566 4600 praedictum
1614 4540 1720 4595 est,
1779 4531 1984 4596 dicens,

418 4618 592 4687 ipsum
623 4633 746 4673 cum
774 4620 1310 4686 carneadorandum,
1332 4636 1537 4693 negans
1570 4631 1749 4677 autem
1784 4623 1984 4676 coado-

421 4711 645 4765 raudam
678 4724 800 4765 cum
826 4710 1107 4767 divinitate
1130 4728 1372 4769 carnem.

961 4909 1148 4982 Cyrilli
1183 4915 1435 4984 defensio.

490 5026 672 5083 Mente
720 5026 1084 5083 attentissima
1155 5043 1252 5084 nos
1313 5044 1436 5085 esse
1486 5030 1737 5085 hortatur
1777 5028 1997 5086 divinus

423 5120 643 5183 Paulus,
689 5119 915 5175 dicens:
954 5137 973 5172 ι
1010 5118 1246 5175 Probate
1268 5135 1364 5176 vos
1406 5121 1578 5190 ipsos,
1616 5136 1744 5176 num
1788 5120 1908 5177 sitis
1941 5121 1994 5176 in

426 5209 615 5266 ﬁde“.
679 5229 699 5264 ι
754 5209 889 5267 Nam
928 5226 1082 5267 mens
1122 5212 1379 5279 humana,
1428 5212 1551 5268 licet
1599 5225 1989 5282 nonnunquam

2096 4514 2287 4584 ἐτέρου
2320 4511 2466 4575 τινὸς
2519 4508 2675 4571 ὄντος
2703 4506 2855 4578 παρὰ
2901 4503 2958 4558 τὸ
2999 4502 3143 4566 σὺν,
3173 4500 3269 4554 τοῦ
3311 4499 3503 4571 μετὰ,
3549 4500 3681 4567 ὅπερ

2095 4606 2257 4670 αὐτὸς
2308 4603 2536 4675 ἔθηκεν,
2574 4599 2651 4663 ὡς
2698 4597 3065 4668 προείρηται,
3094 4592 3268 4660 λέγων
3322 4588 3490 4644 αὐτὸν
3549 4587 3682 4659 μετά

2098 4700 2301 4771 σαρκὸς
2324 4699 2434 4753 δεῖν
2461 4692 2904 4767 προσκυνεῖσθαι,
2921 4687 3282 4760 ἀπαγορεύων
3306 4685 3367 4740 δὲ
3398 4674 3680 4755 συμπροσ-

2099 4793 2376 4849 κυνεῖσθαι
2413 4792 2481 4862 τῇ
2508 4788 2745 4858 Θεότητι
2773 4784 2874 4856 τὴν
2911 4783 3113 4852 σάρκα.

2566 4898 2878 4967 Ἀπολογία
2909 4893 3232 4962 Κυριλκῖου.

2174 5015 2640 5089 Νουνεχεστάτους
2667 5025 2683 5053 ι
2717 5011 2863 5084 ἡμᾶς
2901 5011 2929 5063 ὁ
2963 5006 3247 5069 θεσπέσιος
3294 5003 3514 5066 Παῦλος
3548 5005 3679 5057 ἀπο-

2104 5112 2303 5182 φαίνει,
2322 5109 2525 5178 λέγων·
2563 5126 2582 5160 ι
2621 5102 2879 5166 Ἑαυτοὺς
2908 5098 3256 5171 δοκιμάζετε,
3283 5095 3332 5149 εί
3361 5094 3491 5148 ἐστὲ
3523 5095 3582 5146 ὲν
3613 5092 3676 5162 τῇ

2099 5205 2300 5257 πίστει.
2329 5221 2347 5254 ι
2385 5199 2527 5263 Νοῦς
2562 5198 2659 5269 μὲν
2698 5196 2807 5267 γὰρ
2835 5195 2863 5248 6
2895 5188 3235 5264 ἀνθρώπινος
3266 5185 3370 5241 ὁπὺ
3397 5183 3676 5256 φιλαυτίας

495 5391 541 5426 ⁹²
567 5389 729 5447 Joan.
773 5409 837 5460 tt,
864 5395 950 5450 19.
1030 5394 1075 5426 ”
1106 5392 1250 5448 Psal.
1280 5408 1386 5457 cur,
1428 5394 1474 5453 l.
1517 5393 1574 5448 2.
1651 5392 1699 5424 ”
1730 5388 1773 5444 ll
1804 5389 1930 5446 Cor.
1959 5402 2059 5444 xm
2082 5433 2095 5455 ,
2126 5386 2178 5439 ὅ.

1478 5548 1652 5604 ι’ω-ῑςε
1684 5547 1941 5602 lectiones
1974 5562 2038 5601 cx
2067 5543 2251 5601 codice
2281 5540 2655 5613 Segnieriano.

503 5704 524 5747 ί
570 5703 709 5758 κατά
736 5707 827 5770 τὸς
850 5707 1047 5762 λύσατε
1079 5709 1167 5762 τὸν
1189 5710 1332 5763 ναόν.
1416 5710 1438 5749 ⁸
1470 5710 1717 5772 ἀνάπτει,
1757 5708 1787 5774 ἧ
1820 5705 2155 5773 ἀναπέμπει.
2235 5704 2258 5742 h
2293 5700 2533 5767 λέγοντα.
2617 5698 2633 5738 ¹
2668 5693 3094 5765 Νουνεχέστατα.
