4014 6128
289 269 391 329 διο

920 237 1461 321 APOLOGETICUS
1496 260 1634 318 ιιιιο
1673 260 1765 316 XII
1804 260 2171 319 CAPITIBUS
2210 258 2494 317 CONTRA
2535 255 2993 316 ORIENTALES.

3461 251 3566 311 550

304 392 419 446 ἐσθ’
450 388 565 452 ὅτε,
604 384 710 439 κᾶν
751 385 799 437 εἰ
829 381 934 448 ἔξω
968 382 1189 453 φέροιτο
1215 381 1316 451 τῆς
1350 381 1564 445 εὐθείας
1605 381 1750 447 ὁδοῦ,
1795 383 1889 436 xal.

1998 390 2214 451 propter
2260 395 2501 436 amorem
2556 379 2636 436 sui
2674 394 2705 433 a
2750 385 2899 434 recta
2944 375 3028 430 ria
3084 372 3414 446 egrediatur,
3451 382 3506 427 et
3534 388 3564 426 a

302 480 413 534 τῶν
445 479 547 548 τῆς
592 475 848 546 ἀληθείας
876 473 1164 543 δογμάτων
1211 472 1595 541 ἀποφοιτιῖηαν
1626 471 1740 542 ἑχοι
1778 460 1885 544 ¹τὴν

305 572 549 642 κίνησιν,
588 569 698 622 τῶν
745 566 887 621 ἰδίων
936 564 1160 620 ἐννοιῶν
1213 564 1521 636 καθορίζειν
1564 565 1627 617 τὸ
1677 565 1887 635 ἀπηχὲς

309 666 462 719 ὀκνεῖ
494 680 610 725 πως
635 660 722 715 ἀεὶ
744 658 840 713 καὶ
865 658 1039 711 δέδιεν
1058 675 1071 688 ·
1105 657 1298 710 ἑαυτόν
1329 673 1394 725 γε
1429 655 1535 728 μὴν
1577 654 1888 726 ἐπανορθώ-

316 771 471 809 σεται
512 752 605 807 καὶ
636 750 778 822 μάλα
813 749 1045 821 ῥᾳδίως,
1091 747 1218 809 τοὺς
1268 745 1378 799 τῶν
1407 747 1582 814 ἁγίων
1629 744 1888 814 Πατέρων

320 845 843 918 πολυπραγμονήσας
894 842 1127 907 πόνους,
1169 841 1220 894 οἳ
1250 841 1346 894 καὶ
1398 841 1487 893 ἐπ’
1534 838 1787 910 ὀρθότητί
1828 855 1888 892 τε

320 942 410 995 καὶ
435 936 683 1010 ἀκριϐείᾳ
717 936 1006 1007 δογμάτων
1043 934 1330 1004 διαϐόητον
1354 932 1537 1003 έχουσι
1573 931 1726 1003 παρά
1752 931 1889 986 πάν-

318 1048 421 1084 των
447 1029 543 1100 τὴν
583 1028 883 1100 εὐφημίαν.
911 1027 1046 1081 Τότε
1074 1025 1173 1098 τὴν
1197 1025 1407 1080 οἰκείαν
1437 1023 1706 1094 εὐτέχνως
1745 1022 1890 1075 δοκι-

316 1123 473 1192 μάσει
510 1122 725 1175 πίστιν
759 1119 963 1184 σκοπὸς
1009 1120 1121 1188 γάρ
1166 1118 1338 1173 ἃπασι
1379 1119 1493 1180 τοῖς
1548 1116 1756 1187 ἀρτίοις
1791 1115 1891 1185 τὴν

311 1212 510 1282 φρένα,
546 1215 669 1274 ταῖς
717 1211 944 1265 ἐκείνων
988 1209 1216 1264 ἕπεσθαι
1249 1207 1460 1273 δόξαις·
1490 1206 1572 1260 ὅτι
1611 1205 1707 1259 καὶ
1736 1203 1892 1258 αὐτοὶ

307 1306 405 1374 τῆς
450 1322 510 1357 τε
560 1303 927 1372 ἀπστολικῆς
944 1299 1082 1361 ,καὶ
1124 1298 1484 1368 εύαγγελικῆς
1539 1294 1892 1366 παραδόσεως

309 1394 401 1447 τὸν
425 1396 626 1448 οίκεῖον
655 1393 1038 1464 ἐμπλήσαντες
1065 1389 1211 1451 νοῦν.
1238 1390 1332 1444 καὶ
1357 1388 1466 1442 τῶν
1496 1385 1590 1441 ἐπὶ
1615 1389 1683 1457 τῇ
1710 1383 1892 1439 πίστει

309 1487 484 1556 λόγων
509 1485 524 1536 i
556 1485 738 1558 ὀρθῶς
762 1502 823 1539 τε
852 1486 947 1539 καὶ
972 1486 1282 1555 ἀμωμήτως
1303 1485 1368 1536 ὲκ
1391 1482 1500 1535 τῶν
1524 1480 1685 1553 ἱερῶν
1708 1481 1893 1552 Γραμ-

317 1577 504 1645 μάτων
545 1570 605 1629 εὖ
644 1574 791 1645 μάλα
839 1573 1283 1643 κατωρθωκότες,
1318 1572 1604 1643 φωστῆρες
1650 1565 1793 1641 ἦσαν
1833 1570 1892 1622 ὲν

315 1666 530 1736 κόσμῳ,
558 1665 717 1734 λόγον
732 1664 876 1736 ζωῆς
904 1665 1210 1735 ἐπέχοντες,
1243 1663 1461 1718 κατὰτὸ
1480 1660 1889 1732 γεγραμμένον.

1989 473 2133 529 veris
2163 473 2503 544 dogmatibus
2536 472 2801 532 discedat,
2846 484 3068 524 suarum
3127 477 3309 523 tamen
3364 465 3566 535 cogita-

1988 564 2194 619 tionum
2252 563 2645 619 absurditatem
2705 572 2943 617 statuere
3007 556 3409 631 quodammodo
3460 571 3565 608 non

1989 655 2170 709 audet.
2207 653 2314 709 Sed
2350 663 2526 709 tamen
2554 653 2788 722 seipsam
2815 651 2971 706 lacile
2993 651 3252 720 corriget,
3280 648 3325 701 si
3350 647 3567 700 labores

1989 755 2228 800 scrutata
2285 743 2449 799 fuerit
2510 752 2823 799 sanctorum
2883 742 3128 803 Patrum,
3173 738 3335 810 178
3372 738 3460 806 qui
3500 736 3567 788 ah

1991 838 2245 893 omnibus
2302 838 2371 892 de
2433 837 2762 893 rectitudine
2794 847 2850 892 et
2876 834 3204 892 certitutline
3253 833 3565 898 dogmatnm

1991 929 2359 991 celebrantur,
2422 937 2534 982 tum
2586 943 2738 984 suam
2783 938 2989 983 rectam
3035 925 3194 978 Iidem
3242 922 3565 992 explorabit.

1991 1022 2193 1078 Omnes
2213 1022 2380 1087 enim,
2408 1021 2607 1092 quibus
2637 1020 2908 1090 integrqu
2930 1033 3027 1073 cor
3062 1028 3167 1083 est,
3204 1016 3417 1069 illorum
3444 1028 3568 1068 sen-

1990 1114 2189 1168 tentias
2217 1112 2370 1182 sequi
2425 1112 2761 1169 contendunt
2799 1130 2811 1164 :
2855 1111 2982 1181 quia
3025 1117 3080 1163 et
3129 1106 3227 1176 ipsi
3270 1104 3567 1176 apostolica

1993 1214 2049 1258 et
2076 1203 2387 1275 evangelica
2439 1204 2733 1257 traditione
2764 1216 2916 1256 suam
2951 1207 3189 1254 mentem
3215 1211 3339 1250 cum
3376 1194 3572 1263 imple—

1994 1294 2220 1362 vissent,
2245 1301 2301 1348 et
2326 1309 2392 1350 ex
2421 1293 2593 1348 sacris
2623 1292 2925 1363 Scripturis
2960 1303 3244 1348 sermones
3273 1286 3394 1341 fidei
3427 1295 3571 1340 recte

1998 1394 2054 1440 et
2086 1386 2224 1441 citra
2279 1383 2758 1452 reprehensionem
2799 1388 3153 1443 tractassent,
3191 1376 3377 1431 mundi
3420 1373 3572 1427 fuere

1995 1473 2360 1538 luminariam,
2388 1487 2692 1528 sermonem
2725 1474 2848 1527 vita:
2877 1464 3569 1538 corttinentes,proutscri-

1994 1570 2140 1632 ptum
2181 1571 2264 1616 est
2293 1562 2360 1616 ⁸⁵.
2392 1560 2579 1631 Itaque
2620 1561 2812 1617 scribit
2842 1571 3058 1615 atterunt
3098 1557 3373 1613 memoria
3414 1555 3572 1609 l'ater

1999 1665 2181 1708 noster
2214 1662 2267 1705 et
2296 1654 2583 1722 episcopus
2619 1652 2951 1706 Athanasius
2986 1652 3052 1706 de
3112 1648 3283 1705 nostri
3328 1645 3570 1723 omnium

310 1727 519 1826 Γράφει
538 1727 713 1810 τοίνυν
775 1727 875 1825 τῖίς
895 1727 1067 1809 ἀϊδίου
1112 1756 1329 1825 μνήμης
1353 1753 1380 1792 ιι
1402 1727 1600 1823 Πατὴρ.
1614 1727 1773 1821 apex;
1797 1750 1889 1804 καὶ

2000 1744 2279 1799 Salvatore
2324 1743 2540 1798 Christo
2586 1743 2638 1797 in
2681 1743 2838 1797 libris
2872 1744 2937 1796 de
2974 1739 3346 1795 incarnatione
3376 1755 3390 1792 :
3426 1736 3572 1791 Con—

310 1847 610 1912 ἐπίσκοπος
664 1848 981 1911 Ἀθανάσιος
1043 1846 1172 1917 περὶ
1209 1844 1302 1899 τοῦ
1348 1844 1565 1899 πάντων
1594 1847 1627 1915 ἡ
1638 1844 1753 1914 μῶν
1778 1843 1894 1896 Σω-

309 1939 471 2011 τῆρος
495 1940 732 2011 Χριστοῦ
759 1942 817 1993 ὲν
837 1943 951 2004 τοῖς
978 1939 1109 2010 περὶ
1138 1939 1237 2009 τῆς
1274 1937 1600 2008 σαρκώσεως
1618 1953 1631 1967 ·
1672 1934 1892 2008 Ὁμολο-

308 2029 511 2100 γοῦμεν
539 2031 635 2083 καὶ
658 2026 800 2084 εἶναι
825 2032 987 2085 αὐτὸν
1012 2029 1143 2083 Υίὸν
1168 2028 1260 2082 τοῦ
1292 2027 1451 2092 Θεοῦ,
1476 2028 1570 2080 καί
1596 2024 1727 2079 Θεὸν
1751 2024 1893 2080 κατά

309 2121 562 2191 πνεῦμα,
603 2122 716 2176 υἱὸν
745 2121 1039 2192 ἀνθρώπου
1067 2120 1209 2174 κατὰ
1237 2119 1435 2189 σάρκα.
1465 2117 1540 2171 Οὐ
1576 2115 1671 2168 δύο
1705 2115 1894 2185 φύσεις

306 2214 399 2266 τὸν
429 2213 525 2266 ἕνα
557 2213 708 2279 Υίὸν,
739 2213 870 2283 μίαν
902 2211 1310 2283 προσκυνητὴν,
1336 2210 1430 2262 καὶ
1460 2208 1590 2279 μίαν
1620 2206 1891 2278 άπροσκύ-

306 2322 488 2375 νητον,
516 2304 654 2357 ἀλλὰ
691 2304 822 2374 μίαν
853 2303 1015 2371 φύσιν
1040 2300 1134 2355 τοῦ
1168 2300 1302 2354 Θεοῦ
1329 2301 1506 2368 Λόγου
1543 2296 1894 2369 σεσαρκωμέ-

306 2412 428 2467 νην,
455 2396 550 2449 καὶ
575 2394 1052 2465 προσκυνούμενον
1088 2392 1228 2463 μετὰ
1251 2394 1348 2463 τῆς
1373 2392 1572 2465 σαρκὸς
1599 2389 1763 2444 αὑτοῦ
1796 2389 1895 2460 μιᾷ

308 2486 717 2556 προσκυνήσειο
750 2486 872 2539 οὐδὲ
910 2483 1007 2538 δύο
1036 2486 1205 2552 υἱοὺς,
1244 2484 1402 2538 ἄλλον
1450 2484 1547 2555 μὲν
1589 2482 1719 2535 Υἱὸν
1760 2480 1893 2535 Θεοῦ

311 2574 569 2642 ἀληθινὸν
595 2577 691 2627 καὶ
717 2575 1211 2645 προσκυνούμενον,
1232 2574 1390 2629 ἄλλον
1410 2574 1468 2627 δὲ
1488 2575 1551 2626 ὲκ
1571 2572 1790 2642 Μαρίας
1812 2571 1899 2625 ἄνα

316 2666 541 2735 θρωπον
566 2665 641 2735 μὴ
668 2666 1159 2736 προσκυνούμενον,
1183 2666 1323 2719 κατὰ
1351 2665 1510 2737 χάριν
1535 2664 1591 2717 δὲ
1617 2664 1742 2717 Υἱὸν
1762 2661 1895 2718 Θεοῦ

318 2757 637 2827 γενόμενον,
661 2757 736 2820 ὡς
764 2757 857 2811 καὶ
894 2757 1189 2829 ἄνθρωποι.
1218 2759 1327 2812 Καὶ
1370 2757 1485 2828 μεθ’
1515 2758 1676 2827 ἕτερα
1716 2756 1893 2811 πάλιν⁵

334 2847 392 2900 '0
434 2847 615 2902 τοίνυν
643 2848 928 2917 γεννηθεὶς
955 2852 1020 2903 ὲκ
1050 2850 1152 2919 τῆς
1177 2850 1458 2920 Παρθένου
1488 2849 1725 2920 Μαρίας,
1770 2847 1898 2912 Υἱὸς

317 2937 454 2989 Θεοῦ
480 2935 657 3005 φύσει,
677 2938 771 2993 καὶ
786 2938 921 3002 Θεὸς
946 2939 1218 3009 ἀληθινὸς,
1238 2941 1331 2994 καὶ
1356 2940 1417 2992 ού
1433 2940 1618 3011 χάριτι
1647 2940 1738 2992 καὶ
1764 2955 1896 3010 μετ-

1996 1838 2214 1894 ﬁtemur
2264 1836 2426 1891 etiam
2454 1849 2575 1890 esse
2624 1833 2773 1888 illunt
2818 1831 3013 1886 Filium
3048 1831 3163 1897 Dei,
3191 1829 3443 1901 etDeum
3485 1842 3571 1882 se-

1994 1931 2226 1986 cundum
2260 1912 2534 1999 spiritum,
2572 1925 2770 1981 Filium
2829 1925 3069 1981 hominis
3122 1923 3414 1979 secundum
3448 1935 3560 1975 car-

1995 2036 2140 2085 nem,
2168 2034 2275 2075 non
2315 2020 2449 2087 duas
2485 2026 2731 2084 naturas,
2771 2032 2935 2071 unum
2971 2014 3167 2071 Filium
3201 2031 3216 2081 ;
3258 2027 3421 2067 unam
3452 2025 3572 2080 qua:

1995 2113 2273 2177 adoretur,
2307 2118 2361 2164 et
2383 2108 2609 2164 alteram
2648 2123 2767 2177 quae
2793 2122 2897 2161 non
2933 2106 3189 2161 adoretur
3219 2121 3234 2171 ;
3277 2104 3371 2159 sed
3409 2116 3571 2156 unam

1996 2213 2246 2259 naturam
2279 2200 2372 2256 Dei
2413 2200 2574 2256 Verbi
2618 2199 2957 2254 incarnatam
2985 2204 3042 2253 et
3071 2195 3402 2251 adorandam
3450 2209 3571 2248 eunt

1995 2311 2160 2353 carne
2200 2310 2297 2349 sua
2326 2310 2429 2347 una
2463 2292 3010 2361 adorationetneque
3047 2290 3181 2345 duos
3212 2284 3572 2354 ﬁlios;alinm

1996 2389 2213 2459 quidem
2268 2385 2465 2441 Filium
2530 2383 2623 2437 Dei
2671 2399 2855 2438 verum
2898 2392 2953 2437 et
2992 2379 3369 2444 adorandum;
3408 2377 3571 2431 alium

1996 2492 2127 2533 vero
2159 2492 2226 2531 ex
2263 2474 2432 2530 Maria
2486 2474 2756 2529 hominem
2791 2487 2895 2526 non
2938 2470 3271 2526 adorandum
3313 2485 3329 2535 ;
3365 2466 3574 2523 scilicet

1997 2568 2290 2624 secundum
2327 2565 2564 2638 gratiam
2602 2564 2802 2619 Filittm
2834 2561 2931 2616 Dei
2973 2561 3175 2616 factum
3224 2559 3367 2614 sicut
3388 2568 3444 2612 et
3471 2558 3571 2611 ho-

1999 2661 2171 2714 mines
2211 2658 2339 2730 (l).
2382 2658 2449 2712 Et
2477 2666 2597 2728 post
2648 2656 2753 2711 alia
2787 2655 2984 2710 iterum
3021 2671 3036 2709 :
3075 2652 3245 2724 Igitur
3292 2650 3383 2721 qui
3412 2660 3574 2703 natus

1998 2767 2069 2806 ex
2105 2749 2330 2819 Virgine
2383 2748 2572 2814 Maria,
2632 2757 2828 2802 natura
2864 2746 3036 2800 Filius
3084 2744 3175 2798 Dei
3213 2749 3319 2805 est,
3353 2751 3407 2797 et
3432 2738 3574 2796 Dens

1998 2857 2181 2907 verus,
2221 2852 2276 2896 et
2329 2856 2433 2896 non
2465 2840 2636 2910 gratia
2688 2848 2739 2893 et
2785 2834 3228 2907 participatione,
3276 2834 3573 2886 secundum

1999 2949 2221 2990 carnem
2255 2933 2425 2988 solam
2454 2946 2519 2985 ex
2538 2929 2706 2985 Maria
2736 2929 2896 2984 homo
2930 2944 2945 2994 ;
2986 2923 3286 2980 secundum
3322 2922 3573 2992 spiritum

311 3028 518 3124 ουσὶαᾷ
549 3029 690 3084 κατὰ
720 3030 902 3101 σάρκα
931 3031 1102 3101 μόνην
1127 3030 1225 3103 τὴν
1254 3032 1318 3085 ὲκ
1340 3009 1561 3104 Μαρίας
1589 3009 1894 3103 ἄνθρωπος,

2002 3036 2207 3091 autem,
2249 3024 2361 3096 ipse
2427 3023 2598 3079 Filius
2650 3020 2743 3077 Dei
2799 3030 2854 3076 et
2901 3021 3064 3074 Deus.
3129 3015 3196 3070 Et
3236 3016 3482 3068 iterum:
3520 3009 3579 3067 Si

313 3120 456 3173 κατά
474 3118 533 3173 δὲ
550 3120 769 3190 πνεῦμα
790 3121 952 3186 αὐτὸς
971 3121 1095 3186 Υίὸς
1115 3121 1250 3178 Θεοῦ
1296 3124 1391 3178 καὶ
1410 3123 1542 3187 Θεός
1558 3140 1571 3153 ο
1593 3123 1689 3179 καὶ
1708 3123 1870 3178 πάλιν
1884 3140 1896 3154 ’

314 3211 376 3265 Εἰ
405 3210 462 3266 δέ
483 3227 571 3274 τις
593 3210 746 3282 παρά
775 3211 945 3271 ταῦτα
969 3213 1031 3267 ὲκ
1058 3211 1167 3266 τῶν
1193 3212 1352 3267 θείων
1380 3213 1614 3285 Γραφῶν
1633 3214 1899 3279 διδάσκει,

314 3299 713 3371 ἕτερον’λέγων
742 3302 870 3356 Υίὸν
894 3304 988 3356 τοῦ
1031 3303 1191 3368 Θεοῦ,
1230 3305 1321 3358 καὶ
1355 3303 1539 3375 ἕτερον
1572 3304 1661 3357 τὸν
1693 3305 1760 3358 ἐκ
1801 3303 1901 3374 τῆς

312 3392 555 3464 Μαρίας,
581 3393 722 3448 κατά
748 3395 906 3466 χάριν
930 3394 1315 3466 υίοποιηθέντα
1333 3395 1408 3458 ὼς
1433 3397 1599 3466 ἡμεῖς
1617 3410 1631 3426 ·
1656 3395 1731 3460 ὡς
1761 3390 1901 3450 εἶναι

310 3477 404 3534 δύο
428 3482 597 3547 υἱοὺς,
623 3481 720 3535 ἕνα
745 3484 886 3537 κατὰ
911 3483 1071 3553 φύσιν
1096 3483 1225 3538 Υίὸν
1252 3483 1408 3549 Θεοῦ,
1437 3485 1531 3538 τὸν
1552 3487 1617 3539 ὲκ
1635 3484 1793 3552 Θεοῦ,
1811 3486 1903 3539 καὶ

311 3571 409 3624 ἕνα
428 3572 569 3626 κατά
598 3574 756 3644 χάριν
780 3574 871 3627 τὸν
898 3578 961 3628 ὲκ
985 3574 1207 3645 Μαρίας
1230 3575 1515 3647 ἄνθρωπον
1531 3591 1546 3606 ⁸
1567 3575 1602 3645 ἢ
1631 3575 1684 3630 ετ
1699 3593 1783 3641 τις
1803 3577 1902 3646 τὴν

312 3662 406 3714 τοῦ
437 3664 638 3735 Κυρίου
661 3665 820 3734 ἡμῶν
852 3665 1030 3736 σάρκα
1053 3664 1258 3718 ἄνωθεν
1280 3664 1451 3734 λέγει,
1479 3664 1574 3720 καὶ
1604 3666 1680 3737 μὴ
1708 3666 1775 3720 ἐκ
1802 3665 1900 3736 τῆς

313 3755 591 3824 Παρθένου
605 3757 825 3827 Μαρίας
843 3773 855 3785 ·
874 3757 907 3827 ἢ
923 3760 1226 3829 τραπεῖσαν
1241 3758 1340 3831 τὴν
1356 3759 1585 3831 θεότητα
1602 3761 1682 3822 είς
1701 3759 1899 3830 σάρκα,

312 3842 348 3913 ἢ
390 3846 838 3918 συγχυθεῖσαν,ἢ
873 3846 1279 3915 ἀλλοιωθεῖσαν,
1320 3848 1355 3921 ἢ
1400 3848 1652 3920 παθητὴν
1679 3847 1777 3919 τὴν
1807 3847 1901 3901 τοῦ

312 3936 523 4007 Κυρίου
568 3938 797 4010 θεότητα
822 3957 835 3970 ·
875 3940 909 4009 ἢ
965 3940 1381 4011 ἀπροσκύνητον
1428 3941 1528 4012 τὴν
1556 3939 1651 3994 τοῦ
1694 3940 1901 4012 Κυρίου

313 4027 470 4098 ἡμῶν
501 4030 680 4100 σάρκα
710 4030 786 4094 ὡς
818 4029 1130 4102 ἀνθρώπου,
1162 4033 1258 4086 καὶ
1291 4032 1366 4104 μὴ
1399 4031 1801 4114 προᾳκυνητὴν,
1826 4032 1902 4097 ὼς

313 4120 518 4189 Κυρίου
572 4120 666 4173 καὶ
684 4120 822 4174 Θεοῦ
843 4122 1022 4193 σάρκα
1040 4138 1053 4151 ο
1079 4121 1268 4176 τοῦτον
1291 4120 1678 4193 ἀναθεματίζει
1698 4122 1730 4193 ἡ
1750 4122 1879 4191 ἁγία

312 4211 411 4262 καὶ
443 4210 706 4283 καθολικὴ
739 4212 1039 4283 Ἐκκλησία
1059 4253 1076 4279 ,
1126 4213 1424 4286 πειθομένη
1464 4215 1542 4285 τῷ
1573 4214 1703 4287 θείῳ
1734 4215 1900 4267 Ἀπο-

313 4297 489 4367 στόλῳ
519 4296 764 4367 λέγοντι·
803 4318 821 4351 ι
852 4300 923 4353 Et
958 4319 1046 4365 τις
1080 4303 1224 4372 ὑμᾶς
1269 4303 1683 4372 εὐαγγελίζεται
1718 4305 1847 4375 παρ’
1874 4304 1902 4357 ὃ

2002 3117 2124 3188 quis
2164 3125 2341 3172 autem
2372 3111 2569 3186 praeter
2603 3113 2719 3168 hate
2744 3126 2808 3166 ex
2844 3109 3043 3165 divinis
3079 3105 3376 3176 Scripturis
3399 3105 3579 3169 docet,

2004 3207 2168 3262 alium
2208 3205 2394 3261 dicens
2432 3202 2629 3259 Filium
2659 3203 2776 3267 Dei,
2805 3202 2971 3257 alium
2999 3216 3063 3256 ex
3087 3198 3253 3254 Maria
3286 3198 3580 3252 secundum

2002 3296 2230 3366 gratiam
2271 3293 2439 3348 ﬁlium
2485 3292 2827 3363 adoptatum,
2883 3290 3023 3344 sicut
3066 3302 3186 3351 nos,
3238 3293 3299 3339 ut
3340 3285 3448 3339 sint
3476 3283 3582 3338 duo

2006 3389 2120 3456 lilii,
2152 3390 2294 3443 un‘us
2344 3386 2637 3441 secundum
2679 3393 2929 3438 naturam
2976 3380 3149 3435 Filius
3204 3376 3321 3442 Dei,
3382 3375 3473 3445 qui
3516 3389 3580 3429 ex

2005 3481 2154 3549 Deo;
2179 3490 2233 3535 et
2273 3494 2414 3534 unus
2461 3478 2757 3534 secundum
2791 3475 3049 3545 gratiam,
3072 3473 3236 3527 homo
3268 3484 3337 3525 ex
3373 3468 3581 3523 Maria:

2006 3574 2088 3628 vel
2111 3573 2155 3629 si
2185 3572 2306 3642 quis
2332 3570 2546 3626 Domini
2570 3569 2741 3624 nostri
2775 3581 2997 3621 carnem
3022 3579 3256 3634 superne
3283 3577 3405 3617 esse
3426 3561 3577 3625 dicit,

2004 3675 2058 3721 et
2104 3679 2211 3720 non
2238 3678 2302 3717 ex
2333 3658 2554 3733 Virgine
2606 3657 2810 3722 Maria;
2849 3654 2932 3711 vel
2969 3667 3287 3708 conversam
3326 3650 3581 3705 divinita-

2007 3767 2109 3812 tem
2143 3757 2196 3810 in
2227 3769 2469 3820 carnem,
2508 3762 2596 3806 aut
2629 3747 2933 3813 confusam,
2971 3755 3064 3801 aut
3098 3747 3476 3811 immutatam;
3502 3742 3582 3797 vel

2005 3848 2311 3917 passibilem
2358 3845 2569 3900 Domini
2616 3842 2916 3905 deitatem;
2953 3840 3035 3895 vel
3088 3853 3195 3893 non
3249 3838 3581 3891 adoranti-am

2005 3938 2215 3993 Domini
2242 3936 2410 3991 nostri
2444 3949 2688 3999 carnem,
2727 3941 2785 3985 ut
2808 3929 3063 3993 hominis,
3112 3937 3166 3981 et
3194 3942 3297 3980 non
3346 3929 3581 3979 adoran-

2005 4034 2126 4086 tlam
2164 4040 2220 4083 ut
2246 4027 2453 4083 Domini
2487 4035 2540 4080 et
2572 4024 2665 4078 Dei
2713 4036 2933 4077 carnem
2966 4037 2981 4086 ;
3016 4021 3160 4074 hunc
3214 4014 3580 4070 anathemati-

2006 4128 2300 4176 zatsancta
2359 4124 2416 4172 et
2456 4113 2732 4171 catholica
2791 4110 3035 4165 Ecclesia
3084 4108 3270 4162 divino
3320 4104 3581 4175 Apostolo

2004 4213 2405 4279 obtemperans,
2458 4206 2550 4277 qui
2591 4206 2722 4261 dicit
2752 4222 2766 4259 :
2810 4222 2829 4256 ‹
2880 4200 2939 4256 Si
2973 4201 3096 4270 quis
3127 4197 3282 4253 vobis
3307 4196 3581 4266 evangeli-

2005 4304 2206 4360 zuverit
2232 4310 2427 4372 prazter
2447 4298 2683 4369 id,quod
2711 4293 3025 4366 accepistis,
3052 4290 3342 4346 anathema
3365 4288 3435 4342 sit
3453 4288 3520 4343 ’°.
3557 4306 3577 4340 ι

316 4384 679 4455 παρελάῦετε,
709 4385 958 4457 ἀνάθεμα
990 4389 1151 4444 ἔστω.
1175 4410 1194 4441 ι
1230 4390 1415 4445 Ταῦτα
1442 4393 1767 4464 φρονοῦντος
1802 4395 1894 4448 καὶ

2001 4395 2157 4466 (llzec
2196 4409 2316 4448 cum
2340 4392 2424 4447 vir
2457 4392 2544 4447 ille
2575 4389 2812 4447 senserit
2846 4396 2900 4442 et
2927 4384 3211 4456 scripserit
3261 4380 3440 4443 nobis,
3474 4378 3580 4433 Ne-

311 4477 620 4548 γράφοντος
648 4477 666 4515 1
698 4480 829 4550 ἡμῖν
852 4480 948 4534 τοῦ
978 4481 1191 4552 ἀνδρὸς,
1221 4483 1250 4536 ὁ
1272 4485 1339 4555 τῇ
1370 4484 1607 4555 Χριστοῦ
1641 4483 1768 4557 δόξῃ
1798 4503 1895 4538 πο-

312 4570 501 4640 λεμεῖν
543 4571 859 4640 ᾑρημένος,
910 4574 1008 4628 καὶ
1055 4573 1341 4629 ἀπύλωτον
1391 4578 1478 4630 ἐπ’
1526 4574 1737 4647 αύτῷιη
1796 4576 1894 4648 τὴν

312 4657 570 4728 γλῶσσαν
599 4659 752 4722 ἀνεὶς
796 4660 1087 4731 Νεστόριος
1108 4703 1124 4730 ,
1172 4663 1316 4718 οῦτω
1350 4683 1451 4719 που
1488 4666 1652 4720 πάλιν
1690 4667 1856 4736 φησίν
1879 4684 1893 4697 ο

327 4750 730 4823 Ὀμολογοῦμεν
747 4752 838 4807 τὸν
860 4755 917 4807 ὲν
938 4753 1209 4827 ἀνθρώπῳ
1231 4756 1383 4824 Θεὸν,
1407 4758 1637 4830 σέϐομεν
1686 4762 1749 4830 τῇ
1778 4758 1900 4829 θεία

317 4841 587 4912 συναφείᾳ
614 4841 693 4911 τῷ
724 4841 842 4913 Θεῷ
869 4842 1030 4915 Λόγῳ
1074 4845 1658 4918 συμπροσκυνούμενον
1690 4848 1900 4919 ἀνθρωο

317 4949 418 4984 πον
435 4972 449 4984 .
472 4927 598 5004 Ἆρ’
623 4932 726 4986 οὐκ
750 4933 998 5005 ἐναργῶς
1049 4935 1309 5007 θεοφόρον
1333 4938 1618 5011 ἄνθρωπον
1643 4939 1901 5011 ὀνομάζει

316 5022 575 5094 Χριστὸν,
610 5025 705 5079 καὶ
754 5026 1046 5096 συνάφειαν
1075 5028 1260 5095 ἁπλῶς
1310 5029 1598 5103 ἀνθρώπου
1642 5032 1775 5103 φησὶ
1805 5047 1899 5100 γε·

389 5181 436 5214 ⁸⁸
460 5181 694 5255 Philipp.
737 5183 919 5250 ν,15.
994 5184 1040 5217 ’⁸
1080 5182 1257 5238 Galat.
1292 5200 1332 5249 ι,
1360 5184 1412 5239 9.

2000 4486 2200 4543 storius
2221 4486 2443 4557 gloriam
2463 4484 2664 4541 Christi
2697 4494 3013 4552 Oppugnare
3035 4476 3243 4541 volens,
3272 4482 3325 4528 et
3350 4470 3584 4526 eﬁ'rena-

2004 4589 2110 4632 tam
2149 4578 2390 4649 linguam
2424 4579 2634 4643 laxans,
2664 4593 2881 4631 rursum
2916 4575 2994 4628 sic
3038 4569 3212 4626 dicit:
3247 4565 3585 4623 Conﬁtentur

2004 4672 2055 4725 in
2114 4672 2333 4726 homine
2398 4669 2565 4724 Deum
2608 4688 2623 4736 ;
2666 4669 2828 4738 179
2849 4667 3074 4721 colimus
3126 4661 3309 4717 divina
3352 4657 3582 4725 conjun-

2003 4764 2185 4817 ctione
2215 4764 2329 4816 Deo’
2355 4760 2535 4815 Verbo
2585 4759 2986 4814 coadorandum
3033 4750 3363 4821 hominem.)
3396 4749 3586 4803 Nonne

2003 4853 2090 4910 hic
2120 4852 2402 4908 manifeste
2431 4854 2706 4909 hominem
2729 4850 2992 4907 deiferum
3019 4850 3261 4905 nominat
3285 4844 3579 4905 Christum,

2002 4952 2056 4997 et
2089 4940 2523 5010 coniunctionem
2556 4942 2881 5011 simpliciter
2931 4941 3062 4996 dicit
3096 4934 3334 4992 hominis
3378 4932 3580 4984 factam

2006 5049 2126 5089 esse
2149 5049 2269 5089 cum
2298 5032 2430 5102 Deo,
2455 5034 2749 5090 secundum
2778 5031 2906 5088 illud
2948 5029 3219 5093 fortassis,
3260 5021 3403 5093 quod
3442 5029 3521 5074 est
3554 5034 3583 5070 a

1382 5319 1557 5375 Variae
1591 5320 1856 5375 lectiones
1878 5337 1942 5376 ex.
1979 5324 2163 5377 codice
2192 5323 2564 5391 Seguieriano.

398 5454 413 5507 ἱ
452 5456 621 5523 Huic,
659 5455 750 5509 τὸν
786 5455 875 5506 ἐπὶ
902 5457 966 5525 τῇ
1010 5456 1191 5507 πίστει
1224 5453 1397 5522 λόγον.
1478 5455 1500 5492 ¹ι
1539 5453 1806 5525 ἀοιδίμου.
1893 5454 1909 5493 ι
1943 5457 2298 5528 γεγραφότος.

2377 5468 2417 5496 ω
2450 5456 2641 5525 αὐτήν.

394 5609 470 5681 (l)
512 5612 585 5666 De
614 5611 700 5664 his
731 5607 943 5661 dicendi
976 5606 1147 5663 modis
1179 5605 1316 5674 apud
1380 5605 1566 5663 Patres
1597 5623 1735 5676 sa-pc
1772 5608 2007 5672 usitatis,
2070 5609 2187 5662 vide
2246 5608 2482 5678 Mugislt‘.
2522 5608 2693 5671 Sent.,
2721 5607 2812 5659 lib.
2839 5621 2920 5674 tu,
2949 5608 3071 5663 dist.
3102 5606 3165 5674 εἰ,
3193 5616 3241 5668 et
3272 5605 3328 5659 S.
3358 5604 3527 5659 Thom
3559 5641 3570 5665 ,

333 5693 410 5749 ιιι,
448 5702 494 5752 ιι.
521 5700 576 5753 q.
613 5683 667 5743 '5,
702 5690 801 5733 art.
844 5684 895 5737 2.
