4014 6128
406 295 510 353 35!
1411 299 1472 354 S.
1513 296 1786 355 CYRlLLl
1827 294 2296 352 ALEXANDRINI
2337 291 2656 351 ARCHIEP.
3571 286 3678 343 352

410 410 580 466 Paulo
610 412 817 469 dictum
853 432 866 469 :
911 433 930 466 ι
961 414 1060 482 Qui
1088 416 1330 470 adhmret
1359 417 1741 474 Dominounus
1773 421 1977 490 spiritu:

2099 419 2284 474 νέσθαι
2318 418 2456 490 πρὸς
2491 416 2646 481 Θεὸν,
2680 415 2800 468 κατ’
2841 412 3015 465 ἐκεῖνο
3067 409 3203 478 τάχα
3238 424 3339 460 που
3369 405 3430 506 τὸ
3457 405 3545 459 διὰ
3567 410 3677 506 τῆς

405 513 491 560 est
516 505 611 560 ’τῖ
651 525 670 558 ι
707 506 964 572 Quamvis
1000 510 1272 576 qumnodo
1314 526 1419 564 non
1445 519 1527 564 est
1591 526 1816 572 verum,
1846 520 1977 582 quod

2095 511 2306 566 Παύλου
2329 510 2508 579 φωνῆς
2527 526 2540 539 ·
2571 527 2589 558 ι
2613 505 2672 562 Ὀ
2695 502 3030 574 κολλώμενος
3051 501 3127 571 τῷ
3149 499 3363 601 Κυρίῳ,
3380 496 3437 550 ἓν
3459 497 3680 601 πνεῦμά

409 597 524 665 ipse
552 597 715 652 fuerit
759 601 936 668 potius
965 600 1104 654 Deus
1155 600 1314 654 simul
1344 609 1399 654 et
1439 601 1602 655 homo
1629 642 1645 667 ,
1677 611 1731 656 et
1756 617 1860 658 non
1890 603 1977 658 ho-

2093 605 2246 665 ἐστι;
2279 620 2297 652 ι
2334 599 2528 653 Καίτοι
2591 595 2708 658 πῶς
2737 595 2838 648 οὐκ
2872 591 3091 662 ἀληθὲς,
3122 591 3202 697 ὅτι
3238 588 3438 697 μάλλοὲ
3460 590 3495 697 :5
3518 597 3546 624 ιι
3579 588 3679 697 αἳ,
3706 658 3716 697 1

409 705 499 743 mo
532 689 772 759 quidam,
836 689 925 759 qui
967 692 1198 744 seorsim
1230 705 1295 745 ac
1322 691 1571 760 privatim
1632 693 1977 764 intelligatur,

2091 693 2184 756 τὸς
2218 691 2352 754 Θεός
2381 707 2440 742 τε
2477 688 2612 759 ὁμοῦ
2654 687 2748 740 καὶ
2776 685 3083 756 ἅνθρωπος,
3110 681 3205 735 καὶ
3243 682 3344 734 οὐκ
3389 678 3678 751 ἄνθρωπός

409 781 845 848 coniunctionem
903 795 1026 834 cum
1089 781 1201 835 Deo
1253 782 1553 836 secundum
1608 783 1977 839 habitudinem

2091 803 2175 849 τις
2221 784 2326 838 ἀνὰ
2370 782 2536 854 μέρος
2580 797 2640 833 τε
2682 779 2778 832 καὶ
2834 777 3020 839 ίδικῶς
3059 774 3372 844 νοούμενος,
3414 773 3507 826 καὶ
3547 790 3674 842 σχε-

413 871 662 926 habens?
695 869 904 923 Etenim
955 880 1076 940 post
1133 872 1460 930 ineffabilem
1518 876 1842 940 ttnitiOnem,
1873 879 1977 932 sive

2090 877 2251 946 τικὴν
2280 861 2419 944 έχων
2449 872 2746 940 συνάφειαν
2781 870 2918 940 πρὸς
2943 867 3112 931 Θεόνς
3144 865 3300 940 Μετὰ
3324 865 3436 936 γάρ
3465 881 3548 918 τοι
3575 866 3674 936 τὴν

408 964 530 1030 quis
587 963 727 1014 dicat
787 961 953 1014 Deum
1004 962 1413 1020 Emmanuelem
1463 968 1739 1022 hominem
1785 967 1977 1024 factum

2092 968 2370 1037 ἄφραστον
2405 965 2618 1025 ἕνωσιν,
2651 961 2757 1015 κᾶν
2779 960 2832 1013 ετ
2869 976 2954 1022 τις
2987 959 3120 1031 λέγῃ
3163 957 3298 1010 Θεὸν
3328 957 3423 1010 τὸν
3457 956 3672 1058 Ἰιξμμαῑ

407 1062 460 1104 et
487 1052 849 1112 incarnatum,
890 1051 981 1106 Dei
1024 1052 1260 1109 Verbum
1291 1056 1517 1128 intelligi
1545 1061 1800 1114 convenit
1829 1075 1844 1124 ;
1873 1060 1977 1116 sive

2091 1057 2252 1130 νουὴλ
2297 1055 2796 1127 ὲνανθρωπήσαντα
2830 1052 2924 1106 καὶ
2967 1049 3410 1121 σεσαρκωμένον,
3461 1049 3551 1102 τὸν
3576 1049 3671 1102 τοῦ

407 1144 679 1198 hominem
712 1146 972 1209 nominet,
1011 1149 1216 1202 scimus
1241 1158 1441 1215 tamen,
1474 1166 1594 1205 cum
1624 1153 1791 1208 hocet
1811 1154 1984 1222 ipsum

403 1250 525 1288 esse
586 1235 678 1289 Dei
715 1235 894 1291 Patris
941 1237 1202 1294 Verbum.
1251 1241 1350 1296 Est
1403 1243 1568 1314 igitur
1621 1244 1789 1311 aliud,
1821 1261 1984 1300 unum

403 1327 591 1380 dicere
620 1325 814 1381 Filium
854 1343 976 1382 cum
1004 1331 1152 1384 unita
1183 1332 1286 1386 sibi
1313 1347 1477 1387 carne
1509 1332 1602 1388 Dei
1635 1334 1814 1390 Patris
1851 1333 1987 1390 Ver-

407 1419 554 1482 bum,
609 1427 664 1474 et
721 1419 974 1484 similiter
998 1422 1165 1488 aliud,
1226 1424 1277 1477 in
1341 1424 1561 1480 homine
1622 1427 1804 1483 dicere
1862 1442 1985 1483 esse

406 1511 1073 1580 Deum,quemadmodum
1103 1515 1361 1571 videlicet
1404 1517 1458 1570 in
1501 1520 1785 1586 prophetis
1841 1531 1980 1586 erat,

403 1601 517 1656 sive
564 1604 727 1657 etiam
781 1605 833 1658 in
868 1605 1024 1660 nobis
1075 1607 1209 1676 ipsis
1267 1623 1363 1676 per
1415 1607 1680 1678 Spiritum
1711 1621 1974 1667 sanctum.

405 1691 610 1760 Itaque,
637 1708 694 1747 ut
718 1696 846 1749 mihi
875 1697 1110 1762 videtur,
1181 1699 1317 1753 citra
1354 1701 1652 1772 periculum
1687 1712 1742 1756 et
1769 1704 1981 1774 culpam

2089 1150 2227 1205 Θεοῦ
2251 1150 2423 1218 Λόγον
2447 1147 2686 1201 νοεῖσθαι
2712 1145 2942 1216 πρέπειο
2969 1143 3072 1196 κᾶν
3097 1140 3382 1211 ἄνθρωπον
3403 1140 3666 1210 ὀνομάσῃ,

2090 1245 2204 1300 ἀλλ’
2230 1244 2450 1314 οἴδαμεν
2485 1240 2623 1312 μετὰ
2659 1239 2850 1293 τούτου
2882 1235 2976 1291 καὶ
3007 1235 3180 1301 Λόγον
3214 1232 3345 1285 ὅντα
3376 1231 3534 1285 αὑτὸν
3572 1231 3665 1284 τοῦ

2089 1336 2325 1408 Πατρός.
2349 1336 2506 1387 Ἔστι
2533 1332 2712 1385 τοίνυν
2739 1330 2926 1400 ἕτερον
2956 1326 3146 1386 τῶἕνα
3170 1323 3350 1391 λέγειν
3376 1321 3507 1376 Υίὸν
3534 1321 3669 1392 μετὰ

2086 1430 2186 1499 τῆς
2235 1426 2530 1495 ὲνωθείσης
2577 1421 2726 1494 αύτῷ
2776 1419 2978 1492 σαρκὸς
3026 1418 3119 1471 τὸν
3157 1418 3222 1470 ὲκ
3271 1414 3406 1469 Θεοῦ
3459 1414 3669 1484 Πατρὸς

2089 1523 2281 1590 Λόγον,
2308 1521 2402 1574 καὶ
2425 1519 2624 1589 ὁμοίως
2649 1517 2832 1587 ἕτερον
2858 1514 2918 1568 τὸ
2942 1516 3000 1566 ὲν
3025 1509 3300 1583 ἀνθρώπῳ
3326 1509 3505 1577 λέγειν
3531 1503 3667 1561 εἶναι

2087 1615 2238 1675 Θεὸν,
2286 1611 2537 1682 καθάπερ
2570 1608 2762 1678 ἀμέλει
2804 1606 2898 1660 καὶ
2930 1608 2988 1659 ὲν
3027 1605 3338 1675 προφήταις
3377 1597 3467 1672 ἦν,
3500 1601 3666 1671 ἤγουν

2089 1705 2183 1757 καὶ
2215 1705 2273 1756 έν
2306 1705 2436 1772 ἡμῖν
2467 1701 2650 1763 αὐτοῖς
2680 1697 2768 1752 διὰ
2800 1696 2894 1751 τοῦ
2929 1695 3086 1764 ἁγίου
3119 1694 3456 1764 [Ινεύματος.
3492 1694 3664 1746 ’Λκιν-

405 1786 602 1839 dixerit
630 1790 772 1857 quis,
799 1791 939 1856 quod
982 1790 1322 1844 incarnatum
1368 1769 1460 1845 Dei
1500 1790 1757 1858 Verbum,
1800 1769 1977 1863 utpote

2085 1794 2256 1857 δύνως
2389 1793 2482 1846 καὶ
2538 1791 2825 1860 ἁλήπτως,
2855 1787 2930 1851 ὥς
2973 1804 3037 1856 γε
3070 1781 3256 1856 οἶμαι,
3289 1786 3421 1856 φαίη
3459 1802 3543 1848 τις
3579 1785 3662 1845 ἂν,

406 1893 544 1931 unus
587 1879 860 1936 exsistcns
903 1873 1092 1954 Filius,
1146 1899 1250 1937 non
1288 1885 1493 1952 absque
1532 1898 1628 1939 sua
1662 1900 1849 1950 carne,
1886 1886 1984 1942 sed

405 1984 526 2022 cum
569 1969 655 2024 illa
682 1973 857 2042 potius
877 1973 1212 2028 adorandum
1243 1975 1314 2028 sit
1347 1994 1358 2029 :
1391 1978 1847 2044 quemadmodum
1871 1979 1983 2032 sci-

405 2061 533 2116 licet
559 2063 723 2117 etiam
755 2065 990 2120 hominis
1025 2067 1204 2120 anima
1239 2082 1360 2120 cum
1409 2083 1508 2122 suo
1547 2083 1780 2136 corpore
1809 2069 1983 2124 hono-

408 2161 602 2219 ratur;
640 2168 742 2206 una
772 2163 954 2209 autem
1005 2155 1392 2225 appellatione,
1431 2159 1575 2227 quod
1621 2175 1684 2213 ex
1737 2161 1984 2230 utrisque

404 2251 636 2307 constat,
657 2253 725 2304 ut
755 2260 920 2299 unum
943 2247 1167 2313 animal,
1204 2249 1566 2317 significatur.
1606 2249 1774 2320 Igitur
1811 2266 1982 2320 quan-

404 2334 473 2387 do
504 2334 570 2390 de
597 2337 838 2392 omnium
875 2346 1118 2392 nostrum
1148 2339 1428 2396 Salvntore
1458 2341 1678 2396 Christo
1698 2359 1980 2400 sermones

405 2422 585 2480 facere
611 2440 834 2496 paratus
870 2429 1122 2486 diviseris
1148 2431 1200 2486 in
1233 2432 1338 2488 duo
1379 2449 1542 2486 unum
1575 2451 1590 2499 ;
1623 2442 1678 2488 et
1707 2435 1978 2490 hominem

407 2515 660 2582 privatim
692 2533 756 2572 ae
785 2521 1012 2573 seorsim
1075 2521 1485 2593 intelligendum
1522 2509 1978 2592 pronuntiaveris,

405 2607 601 2662 deinde
622 2605 770 2662 illum
799 2611 1200 2666 coadorandum
1232 2621 1288 2667 et
1313 2615 1754 2683 coappellandum
1789 2616 1977 2683 Deum,

405 2701 559 2770 quasi
599 2700 688 2759 ille
719 2701 856 2758 alius
885 2703 953 2757 sit
986 2719 1014 2757 a
1056 2704 1272 2760 Christo
1306 2720 1373 2760 ex
1402 2707 1510 2760 Deo
1561 2707 1858 2762 secundum
1883 2724 1978 2761 na-

406 2802 582 2847 turam
621 2796 826 2863 genito,
860 2795 1044 2851 dicere
1064 2795 1234 2853 fueris
1261 2813 1460 2865 ausus;
1488 2798 1611 2870 quis
1651 2798 1793 2854 ferre
1827 2811 1979 2869 pote-

405 2886 500 2951 rit,
530 2895 581 2940 et
616 2896 722 2940 tam
756 2888 1096 2958 perspicuam
1132 2900 1322 2946 contra
1361 2891 1509 2945 illum
1545 2893 1979 2948 criminationem

405 2974 624 3030 silentio
669 2979 996 3047 praeterire?
1027 2979 1212 3035 Potius
1264 2981 1410 3036 enim
1473 2982 1762 3036 dicendum
1818 2994 1978 3038 erat:

2085 1886 2167 1938 ὅτι
2206 1886 2235 1937 ὁ
2268 1883 2570 1954 σαρκωθεὶς
2602 1882 2698 1936 τοῦ
2731 1879 2868 1934 Θεοῦ
2900 1879 3106 1948 Λόγος,
3149 1879 3224 1941 ὠς
3271 1872 3353 1941 εἷς
3402 1877 3667 1947 ὑπάρχων

2087 1977 2233 2041 Υἱὸς,
2277 1976 2397 2045 οὐχὶ
2425 1975 2550 2046 δίχα
2586 1974 2684 2044 τῆς
2715 1969 2909 2026 ἑαυτοῦ
2940 1969 3162 2041 σαρκὸς,
3202 1968 3338 2040 μετὰ
3367 1967 3581 2038 ταύτης
3609 1969 3667 2020 δὲ

2087 2067 2308 2138 μᾶλλον,
2349 2066 2466 2118 ἐστὶ
2499 2062 2897 2135 προσκυνητός.
2942 2060 3211 2131 Καθάπερ
3248 2058 3438 2128 ἀμέλει
3485 2059 3585 2112 καὶ
3631 2061 3665 2129 ή

2083 2159 2175 2215 τοῦ
2221 2158 2510 2231 ἀνθρώπου
2543 2157 2690 2228 ψυχὴ
2725 2156 2859 2226 μετὰ
2891 2154 2984 2208 τοῦ
3023 2153 3154 2207 ἰδίου
3203 2154 3431 2223 τιμᾶται
3479 2150 3666 2219 σώμα-

2081 2272 2193 2318 τος,
2225 2253 2414 2322 κλήσει
2435 2251 2492 2304 δὲ
2527 2252 2624 2322 μιᾷ
2651 2250 2712 2302 τὸ
2744 2247 2803 2312 ἐξ
2830 2249 3052 2318 ἀμφοῖν,
3079 2245 3155 2309 ὡς
3185 2244 3242 2297 ἓν
3268 2243 3429 2309 ζῶον,
3468 2245 3666 2314 σημαί-

2082 2363 2252 2401 νεται.
2278 2346 2445 2396 Ὅταν
2476 2342 2655 2394 τοίνυν
2694 2342 2823 2411 περὶ
2850 2339 2946 2391 τοῦ
2979 2337 3194 2391 πάντων
3224 2337 3384 2408 ἡμῶν
3413 2337 3664 2406 Σωτῆρος

2082 2434 2316 2508 Χριστοῦ
2341 2437 2465 2496 τοὺς
2488 2433 2680 2501 λόγους
2707 2429 2975 2485 ποιεῖσθαι
2995 2427 3166 2516 προθμ
3176 2428 3279 2498 μού
3289 2443 3462 2498 μενος,
3480 2426 3661 2497 διέλῃς

2081 2527 2162 2591 είς
2189 2525 2283 2579 δύο
2309 2524 2398 2579 τὸν
2431 2523 2547 2589 ἕνα,
2569 2523 2662 2576 καὶ
2688 2521 2975 2592 ἄνθρωπον
3011 2519 3196 2582 ίδικῶς
3228 2519 3324 2572 καὶ
3363 2518 3466 2571 ἀνὰ
3498 2517 3664 2588 μέρος

2080 2617 2368 2689 νοούμενον
2398 2616 2709 2688 ἀποφήνῃς,
2739 2611 2858 2666 εἷτα
2893 2610 3082 2664 τοῦτον
3119 2627 3183 2663 συ
3193 2609 3664 2681 μπροσκυνεῖσθαι

2080 2711 2190 2764 δεῖν
2241 2710 2333 2762 καὶ
2360 2706 2826 2779 συγχρηματίζειν
2853 2705 3007 2770 Θεὸν,
3029 2704 3106 2766 ὼς
3134 2703 3306 2773 ἑτέρῳ
3342 2703 3473 2772 παρ’
3505 2701 3665 2756 αὐτὸν

2083 2804 2381 2875 ὑπάρχοντι
2410 2798 2629 2871 Χριστῷ
2658 2798 2735 2869 τῷ
2766 2799 2831 2850 ἐκ
2859 2795 2993 2850 Θεοῦ
3021 2795 3166 2849 κατὰ
3192 2794 3352 2864 φύσιν
3378 2793 3515 2864 Υίῷ,
3547 2793 3663 2846 το).-

2087 2897 2266 2966 μήσῃς
2296 2895 2494 2957 εἰπεῖν,
2533 2892 2617 2954 τίς
2640 2892 2668 2943 ὁ
2706 2889 3050 2961 καρτερῆσαι
3085 2887 3408 2956 δυνάμενος,
3442 2886 3539 2939 καὶ
3566 2887 3661 2955 τὴν

2082 2988 2223 3041 οὕτω
2255 2985 2507 3059 προφανῆ
2537 2977 2916 3054 γλωσσαλγίαν
2951 2981 3072 3034 κατ’
3094 2978 3263 3033 αὐτοῦ
3295 2981 3476 3049 σιωπῇ
3504 2986 3530 3013 ο
3562 2995 3660 3030 πα-

400 3067 534 3123 Colo
583 3071 801 3140 quidem
847 3072 1082 3126 Verbum
1126 3071 1221 3128 Dei
1249 3072 1454 3127 factum
1501 3074 1798 3140 hominem,
1832 3077 1973 3146 quod

2089 3079 2395 3152 ρατρέχων;
2426 3076 2574 3130 Ἔδει
2607 3075 2716 3145 γὰρ
2755 3072 2953 3145 μᾶλλον
2992 3073 3199 3125 εἰπεῖν·
3240 3071 3484 3140 Σέὸομεν
3516 3079 3542 3119 P
3575 3068 3661 3163 τὸν

404 3158 707 3227 appellatur
742 3159 906 3227 Deus,
941 3174 998 3217 et
1032 3163 1088 3216 in
1147 3163 1485 3218 humanitate
1527 3165 1784 3221 adoratur
1810 3185 1824 3234 ;
1852 3169 1976 3237 quia

404 3262 597 3305 natura
633 3253 772 3306 Deus
801 3263 904 3318 est,
943 3262 997 3309 et
1025 3269 1088 3308 ex
1108 3253 1218 3310 Deo
1240 3254 1403 3310 Patre
1433 3257 1704 3324 apparuit.
1736 3259 1812 3313 At
1833 3260 1978 3314 enim

404 3341 590 3396 dicunt
638 3344 934 3399 adversarii
966 3364 979 3400 :
1007 3344 1170 3402 Certe
1223 3347 1645 3414 deprehenderis
1695 3359 1750 3405 et
1783 3351 1898 3420 ipse
1923 3354 1977 3406 in

404 3434 634 3501 epistola
678 3437 945 3501 scribens,
998 3439 1141 3508 quod
1190 3439 1395 3494 sederit
1448 3439 1618 3495 Filius
1664 3457 1786 3497 cum
1821 3443 1982 3498 Patre

405 3539 528 3578 cum
568 3529 784 3596 propria
811 3531 1296 3601 carnezquomodo
1339 3548 1471 3604 ergo
1505 3535 1860 3602 reprehendis
1899 3537 1978 3592 di-

404 3627 638 3684 centem,
680 3621 822 3689 quod
878 3637 1000 3677 cum
1053 3625 1162 3678 Deo
1192 3623 1370 3680 Verbo
1417 3625 1690 3680 hominem
1738 3628 1977 3694 adorari,

401 3720 458 3764 et
491 3711 651 3766 simul
681 3712 848 3768 Demn
875 3717 1056 3770 vocari
1084 3726 1334 3785 oporteat
1362 3717 1385 3771 ?
1421 3717 1563 3773 Idem
1591 3719 1734 3774 enim
1773 3731 1857 3776 est
1898 3724 1981 3776 di-

401 3817 526 3858 cere
557 3804 675 3870 σὺν,
711 3817 766 3861 et
795 3808 950 3878 μετά.
1001 3809 1234 3865 Proinde
1266 3811 1657 3880 redarguamus
1701 3828 1800 3868 eos
1824 3814 1978 3884 igno-

401 3909 526 3950 rare
583 3897 851 3953 dictorum
893 3901 1020 3966 vim,
1053 3910 1108 3955 et
1143 3917 1323 3957 rerum
1358 3909 1623 3962 naturam.
1654 3920 1760 3960 non
1804 3907 1977 3977 inspi-

2083 3170 2174 3225 τοῦ
2205 3168 2341 3224 Θεοῦ
2371 3168 2563 3236 Λόγον,
2597 3166 2886 3236 γενόμενον
2925 3161 3229 3232 ἄνθρωπον,
3259 3161 3356 3214 καὶ
3393 3161 3661 3232 χρηματί·

2083 3266 2243 3330 ζοντα
2272 3263 2424 3327 Θεὸν,
2453 3260 2552 3314 καὶ
2577 3261 2635 3313 ὲν
2666 3256 3016 3328 ἀθρωπότητι
3054 3253 3557 3326 προσκυνούμενον,
3585 3253 3663 3306 ὅτι

2084 3357 2175 3408 καὶ
2211 3358 2368 3424 φύσει
2409 3353 2540 3415 Θεός
2579 3352 2696 3404 ἐστι
2719 3391 2734 3415 ,
2773 3350 2867 3404 καὶ
2901 3349 2965 3401 ὲκ
2998 3346 3135 3400 Θεοῦ
3175 3347 3384 3416 πέφηνε
3428 3345 3662 3416 Πατρός.

2095 3447 2255 3499 Ἀλλὰ
2296 3447 2402 3517 γὰρ
2447 3444 2568 3507 ναὶ,
2609 3442 2775 3511 φασὶν
2801 3443 2850 3494 οἱ
2900 3440 2967 3494 δι’
2991 3439 3264 3503 ἐναντίας,
3298 3437 3484 3508 ἁλώσῃ
3517 3446 3663 3489 που(

2081 3540 2176 3591 καὶ
2201 3539 2362 3600 αὐτὸς
2403 3540 2459 3589 ὲν
2491 3533 2745 3609 ἐπιστολῇ
2778 3529 3096 3602 γεγραφὼς,
3135 3530 3217 3582 ὅτι
3249 3528 3608 3600 συνήδρευσεν
3636 3529 3665 3580 ό

2082 3631 2208 3692 Υἱὸς
2263 3628 2339 3698 τῷ
2387 3628 2565 3698 Πατρὶ
2607 3626 2744 3696 μετὰ
2784 3625 2884 3696 τῆς
2919 3624 3052 3684 ἰδίας
3095 3623 3318 3694 σαρκός.
3366 3619 3494 3676 Εἶτα
3543 3623 3663 3686 πῶς

2082 3721 2425 3791 ἐπιλαμϐάνῃ
2453 3719 2542 3771 τοῦ
2573 3719 2843 3788 λέγοντος,
2869 3717 2948 3769 ὄτι
2983 3715 3088 3787 χρὴ
3123 3713 3664 3786 συμπροσκυνεῖσθαι

2080 3815 2168 3867 τὸν
2219 3811 2505 3882 ἄνθρωπον
2557 3809 2633 3878 τῷ
2671 3807 2790 3878 Θεῷ
2826 3807 3005 3876 Λόγῳ,
3057 3806 3152 3859 καὶ
3195 3806 3663 3876 συγχρηματίζειν

2079 3907 2246 3972 Θεόν;
2277 3904 2482 3957 Ταυτὸν
2511 3903 2619 3972 γάρ
2645 3903 2791 3954 ἐστιν
2819 3902 2994 3953 εἰπεῖν
3037 3899 3131 3953 καὶ
3158 3899 3220 3952 τὸ
3262 3899 3408 3964 σὺν,
3469 3899 3567 3952 καὶ
3604 3898 3663 3950 τὸ

399 4001 545 4041 cere.
608 3989 771 4060 180
821 3989 1036 4046 Etenim
1096 3993 1313 4063 quando
1352 3993 1406 4048 in
1453 4011 1558 4049 una
1629 4011 1864 4067 persona
1924 4011 1977 4055 et

2082 3998 2243 4069 μετά.
2273 3996 2480 4050 Οὐκοῦν
2507 3993 2844 4065 ἠγνοηκότας
2872 3993 3187 4064 ὲλέγχωμεν
3213 3991 3322 4045 τῶν
3353 3990 3662 4062 εἰρημένων

402 4087 615 4144 natura,
643 4081 748 4136 hoc
784 4091 886 4150 est,
921 4083 1275 4141 subsistentia
1318 4102 1446 4151 una,
1486 4103 1666 4143 sermo
1690 4091 1978 4160 diligenter

397 4173 717 4228 examinans
746 4191 831 4241 ea,
863 4191 929 4231 ex
950 4179 1146 4248 quibus
1167 4188 1273 4243 est,
1300 4179 1403 4234 hoc
1427 4189 1534 4245 est,
1575 4190 1791 4236 constat
1821 4194 1979 4237 natu-

400 4265 606 4332 raliter,
641 4269 918 4341 subjungit
950 4273 1386 4341 praapositionem
1432 4277 1528 4329 σὺν
1556 4276 1639 4331 vel
1674 4276 1834 4347 μετὰ,
1860 4292 1976 4331 ser-

397 4358 541 4411 vavit
573 4360 738 4414 etiam
789 4363 869 4416 sic
923 4362 975 4416 in
1039 4379 1099 4418 re
1143 4365 1469 4434 significata,
1538 4369 1678 4436 quod
1708 4384 1872 4422 unum
1905 4367 1976 4422 sit

2079 4093 2177 4162 τὴν
2207 4090 2458 4160 δύναμιν,
2507 4087 2601 4140 καὶ¹
2632 4089 2698 4156 τῇ
2727 4095 2748 4122 ι’
2777 4085 2886 4138 τῶν
2918 4084 3262 4154 πραγμάτων
3302 4084 3404 4136 οὐκ
3434 4082 3660 4154 ἐνορῶν·-

2079 4200 2176 4246 τας
2244 4180 2474 4250 φύσειε.
2538 4178 2708 4230 Ὅταν
2763 4175 3000 4246 μὲνγὰρ
3050 4177 3136 4244 ἐφ’
3190 4174 3309 4238 ἐνὸς
3339 4173 3656 4244 προσώπου,

2079 4274 2172 4327 καὶ
2207 4272 2448 4342 φύσεως,
2486 4270 2654 4340 ῆγουν
2701 4268 3051 4330 ὑποστάσεως
3102 4268 3250 4338 μιᾶς,
3280 4265 3587 4335 βασανίζων
3628 4265 3657 4316 ό

2077 4365 2232 4434 λόγος
2268 4363 2336 4416 τὰ
2367 4363 2426 4428 ἐξ
2457 4357 2531 4415 ὧν
2564 4361 2730 4423 ἔστιν,
2767 4361 2885 4428 ῆτοι
2916 4358 3200 4426 σύγκειται
3235 4357 3502 4426 φυσικῶς,
3544 4358 3659 4408 ὲπι-

395 4451 692 4504 secundum
718 4453 1190 4521 compositionem,
1219 4466 1275 4511 et
1325 4473 1433 4511 non
1477 4459 1530 4511 in
1558 4460 1664 4511 duo
1715 4461 1970 4516 distincte

2082 4458 2214 4529 φέρῃ
2242 4456 2302 4510 τὺ
2330 4455 2472 4518 σὺν,
2498 4455 2615 4524 ῆτοι
2649 4452 2710 4505 τὸ
2760 4451 2944 4520 μετὰ,
2992 4451 3261 4521 τετήρηκε
3288 4448 3366 4519 τῷ
3400 4465 3658 4519 σημαινο-

397 4537 680 4594 discernit.
702 4540 928 4606 Quando
956 4555 1136 4599 autem
1165 4555 1291 4602 ante
1313 4548 1584 4603 distinctis
1606 4550 1972 4606 subsistentiis

400 4625 453 4677 in
488 4628 614 4695 duo,
639 4640 693 4684 et
721 4641 779 4685 ut
827 4649 1071 4691 seorsum
1123 4647 1411 4710 utrumque
1447 4649 1501 4695 et
1530 4642 1783 4710 privatim
1806 4643 1970 4697 intel-

2079 4551 2245 4623 μένῳ,
2275 4549 2366 4603 καὶ
2399 4547 2542 4601 οὕτω
2577 4546 2639 4598 τὸ
2682 4545 2741 4598 ἓν
2769 4541 2910 4599 εῖναι
2949 4543 3093 4597 κατὰ
3121 4541 3394 4607 σύνθεσιν,
3439 4542 3534 4595 καὶ
3563 4539 3657 4593 οὐκ

2075 4647 2153 4707 εἰς
2191 4643 2283 4696 δύο
2330 4639 2673 4712 διῃρημένως
2721 4637 2912 4707 διοριεῖ
2937 4636 2956 4671 ί
2979 4653 2991 4664 ·
3032 4636 3160 4687 ὅταν
3193 4633 3248 4686 δὲ
3287 4633 3656 4706 προδιῃρημέο

401 4717 620 4787 ligatur,
675 4728 988 4794 praepositio
1066 4732 1185 4795 σὺν,
1241 4733 1324 4787 vel
1389 4734 1530 4804 ’μετὰ
1576 4735 1794 4799 dicitur,
1848 4745 1974 4789 tunc

2082 4752 2178 4788 νων
2203 4746 2230 4773 υ
2263 4732 2619 4786 ὑποστάσεων
2647 4731 2726 4793 εἰς
2755 4727 2870 4794 δύο,
2898 4727 2993 4783 καὶ
3024 4727 3161 4797 πρός
3194 4743 3259 4794 γε
3296 4726 3358 4780 τὸ
3400 4727 3513 4778 δεῖν
3557 4725 3655 4778 ἀνὰ

397 4808 528 4874 dun,
574 4812 658 4865 vel
717 4815 878 4871 etiam
927 4821 1102 4888 plura,
1159 4836 1215 4878 et
1275 4840 1381 4879 non
1446 4842 1612 4881 unum
1677 4827 1970 4881 secundum

395 4905 846 4972 compositionem
877 4912 1172 4982 signiﬁcari
1202 4917 1455 4974 dicimus.
1486 4919 1728 4990 Exempli
1751 4919 1921 4988 gratia
1951 4958 1966 4984 ,

391 4997 436 5052 si
473 4997 611 5052 forte
644 5001 910 5064 dicamus,
941 5005 1262 5061 cohonorari
1296 5010 1533 5064 animam
1569 5011 1803 5066 hominis
1845 5026 1966 5065 cum

391 5105 489 5145 suo
526 5107 779 5158 corpore,
822 5095 866 5147 si
917 5097 1041 5164 quis
1077 5099 1248 5152 honor
1279 5108 1427 5154 certe
1472 5101 1628 5156 ﬁeret
1651 5115 1679 5154 a
1709 5101 1966 5170 quopiam

389 5198 516 5252 erga
545 5201 707 5239 unum
741 5188 1036 5254 hominem,
1073 5191 1165 5260 qui
1187 5201 1272 5247 est
1299 5205 1364 5246 ex
1398 5192 1683 5263 utrisque:
1716 5193 1818 5247 hoc
1845 5204 1950 5254 est,

457 5344 502 5376 ⁹⁷
542 5347 554 5398 l
592 5348 718 5404 ϐων.
749 5366 820 5414 vr,
854 5351 936 5404 l7.

2078 4826 2243 4896 μέρος
2274 4824 2534 4894 ἑκάτερον
2567 4818 2807 4874 νοεῖσθαι
2835 4819 2928 4871 καὶ
2961 4817 3144 4880 ίδικῶς
3173 4817 3234 4870 τὸ
3276 4816 3418 4879 σὺν,
3442 4817 3609 4886 ἤγουν
3629 4823 3654 4854 ν

2078 4917 2137 4969 τὸ
2196 4915 2346 4985 μετὰ
2383 4914 2643 4983 λέγηται,
2687 4910 2808 4964 τότε
2843 4910 3008 4973 δυοῖν,
3043 4908 3074 4978 ἦ
3126 4909 3220 4963 καὶ
3263 4906 3343 4959 ἔτι
3398 4906 3654 4960 πλειόνων

2076 5007 2227 5070 αὐτὸ,
2257 5006 2352 5058 καὶ
2380 5006 2479 5076 οὐχ
2523 5004 2640 5067 ἐνὸς
2679 5002 2819 5056 κατὰ
2868 5000 3120 5054 σύνθεσιν
3162 4996 3440 5052 ποιεῖσθαί
3482 5014 3654 5066 φαμεν

2077 5097 2174 5168 τὴν
2201 5096 2452 5166 δήλωσιν.
2485 5088 2630 5158 Οἷον,
2651 5093 2699 5144 εί
2730 5092 2982 5162 λέγοιμεν
3009 5089 3173 5159 τυχὸν
3192 5090 3555 5158 συντιμᾶσοαι
3584 5085 3653 5154 τῷ

2065 5190 2178 5258 ἰδίῳ
2211 5187 2425 5258 σώματι
2456 5183 2556 5255 τὴν
2581 5182 2674 5236 τοῦ
2703 5181 2992 5253 ἀνθρώπου
3018 5181 3220 5251 ψυχὴν,
3253 5179 3306 5232 εί
3330 5197 3418 5242 τις
3448 5180 3654 5248 γένοιτο

1353 5523 1359 5529 .
1459 5481 1630 5535 Varize
1667 5481 1923 5534 lectiones
1954 5496 2016 5534 ex
2049 5481 2234 5532 entire
2265 5479 2640 5550 Seguieriano.

1469 5651 1494 5690 tt
1527 5639 1596 5700 ὣς
1630 5655 1748 5692 που.

445 5638 571 5776 ἐῆν
611 5637 658 5690 ὁ.
741 5646 762 5673 ο
797 5643 941 5711 σιγῇ.
1017 5650 1049 5692 ι’
1084 5641 1222 5697 σέϐω
1249 5643 1366 5712 pf).

485 5725 584 5761 τοι.

389 5718 413 5747 ν
445 5718 584 5761 ἤτοι.

1871 5642 1888 5669 τ
1917 5637 1998 5688 VU.
2033 5639 2146 5705 τήν.
2265 5646 2285 5670 π
2321 5634 2404 5686 Ic.
2444 5633 2625 5700 φύσιν.

2722 5639 2736 5668 ί
2777 5634 2990 5704 διαιρεῖ.
3073 5643 3097 5670 ιι
3134 5632 3640 5706 προσόιῃρημένων.
