4014 6128
306 308 412 364 535

907 299 1434 360 APOLOGETICUS
1472 301 1607 359 PRO
1649 303 1745 360 XII
1785 303 1888 359 CA!

1993 303 2152 361 IDUS
2189 303 2469 362 CONTRA
2508 303 2965 361 OlllENTALES.

3455 313 3562 370 354

307 424 439 496 παρ’
469 420 635 477 αὑτοῦ
656 430 688 472 ὃ
721 420 850 492 τιμὴ
897 422 1025 493 περὶ
1054 420 1146 477 τὸν
1175 421 1272 475 ἕνα
1303 421 1611 493 ἄνθρωπον,
1639 423 1696 488 ὃς
1743 425 1888 478 ἐστιν

1994 426 2040 481 si
2087 426 2210 495 quis
2249 427 2476 490 diceret,
2544 424 2781 479 animam
2844 439 2968 479 cum
3018 441 3117 480 suo
3171 442 3399 497 corpore
3442 449 3565 490 esse

307 518 372 585 ἐξ
417 517 625 587 ἀμφοῖν
645 513 879 584 "ﬁxo-av,
913 514 966 566 εί
995 531 1080 577 τις
1124 513 1273 583 λέγει
1316 514 1376 569 ἓν
1403 515 1542 581 ζῶον
1572 510 1713 570 εἶναι
1750 518 1888 587 μετά

250 638 256 645 -
310 606 409 662 τοῦ
448 605 580 660 ἰδίου
610 605 876 676 σώματος,
922 605 1042 675 οὐχὶ
1079 606 1301 668 πάντως
1327 607 1408 669 είς
1444 604 1764 675 ἀνθρώπους
1795 605 1890 660 δύο

314 700 510 772 διοριεῖ
543 698 632 752 τὸν
663 696 786 751 ἕνα·
833 697 1087 766 φαίνεται
1136 698 1194 751 δὲ
1231 698 1434 768 μᾶλλον
1473 699 1575 752 οὐκ
1602 697 1890 770 ἠγνοηκὼς

319 793 391 846 τά
424 793 481 859 ἐξ
513 785 585 847 ὧν
614 790 779 855 ἐστιν,
815 790 937 862 ἦτοι
970 790 1301 845 συντέθειται
1345 791 1612 862 φυσικῶς.
1634 792 1803 846 Ὅταν
1832 791 1890 845 δὲ

325 882 488 936 εἴπω*
518 881 717 951 Πέτρος
740 897 800 935 τε
826 882 923 935 καὶ
951 880 1204 951 Ἰωάννης
1236 881 1771 953 συγχρηματίζουσιν
1796 882 1890 938 ἇν-

325 973 542 1042 θρωποι,
571 972 603 1042 ἦ
637 971 792 1040 γοῦν,
830 972 1102 1066 ὅτιδΜεῇ
1131 972 1340 1044 Πέτρου
1384 975 1480 1027 καὶ
1511 972 1761 1047 Ἰωάννης
1792 975 1887 1027 ἀν-

232 1084 244 1101 ι
323 1063 524 1117 έδαινεν
548 1064 629 1126 είς
648 1064 711 1117 τὸ
736 1064 903 1134 ίερὸν,
931 1063 1115 1118 οὐκέτι
1136 1063 1200 1117 τὸ
1214 1063 1411 1135 σὺν-,ἢ
1438 1064 1569 1133 γοῦν
1609 1065 1671 1118 τὺ
1714 1065 1886 1135 μετὰ,

316 1153 409 1223 τὴν
437 1154 555 1216 ἑνὸς
584 1156 822 1208 ποιεῖται
852 1155 1109 1225 δήλωσιν.
1155 1155 1230 1207 Uti
1278 1153 1387 1226 γὰρ
1418 1155 1755 1210 συντέθειται
1788 1155 1890 1210 Πέ-

311 1258 438 1313 τρος
475 1241 723 1313 Ἰωάννῃ,
765 1241 879 1296 ἀλλ’
903 1242 1023 1295 οὐδὲ
1053 1243 1136 1305 είς
1161 1241 1280 1306 ὲνὺς
1310 1241 1599 1314 ἀνθρώπου
1631 1242 1889 1296 σύστασιν

309 1336 554 1391 τελοῦσιν
578 1339 902 1410 ἀμφότεροι.
936 1338 999 1390 Τί
1026 1338 1204 1391 τοίνυν
1232 1338 1540 1407 σοφίζονται
1563 1346 1591 1386 7
1624 1337 1722 1410 τὴν
1758 1338 1891 1409 ἀλή-

309 1428 481 1495 θειαν,
510 1429 845 1501 διαιροῦντες
873 1428 1204 1501 ἀμαθῶςᾼείς
1230 1428 1325 1482 δύο
1351 1430 1620 1499 Χριστοὺς
1650 1428 1743 1484 τὸν
1761 1428 1888 1494 ἕνας

313 1520 449 1574 Είδὶ
480 1498 819 1591 νομίζουσιν,
842 1498 948 1585 ὅτι,
973 1498 1307 1589 συνεδρεύειν
1331 1498 1582 1588 λέγοντες
1611 1519 1689 1591 τῷ
1714 1520 1892 1590 Πατρῖ⁹

311 1612 406 1665 τὸν
440 1612 569 1664 Υίδν
618 1612 755 1682 μετά
782 1611 877 1665 τοῦ
912 1611 1042 1665 ίδίου
1074 1611 1359 1683 σώματος,
1396 1611 1493 1665 δύο
1533 1611 1771 1666 νοεῖσθαι
1801 1610 1889 1663 δεε-

307 1702 569 1775 δὼκαμεν
621 1704 803 1769 υἱοὺς,
854 1703 1263 1774 ὲρευνάτωσαν,
1304 1705 1355 1758 εί
1390 1702 1465 1776 μὴ
1499 1704 1595 1757 ἕνα
1639 1703 1890 1772 λέγοντες

1992 533 2153 571 unum
2177 517 2397 581 animal,
2427 530 2535 571 non
2561 523 2844 585 pr0pterea
2874 516 2926 570 in
2958 516 3094 572 duos
3125 519 3372 576 homines
3397 539 3562 577 unum

1989 607 2457 673 dividit;videtur
2485 613 2665 660 autem
2687 604 2869 674 potius
2920 621 3027 661 non
3079 606 3329 676 ignorare
3359 624 3446 674 ea,
3493 626 3560 666 ex

1988 698 2189 767 quibus
2237 710 2340 761 est,
2377 698 2484 752 hoc
2523 705 2630 763 est,
2677 697 3037 767 compositum
3081 704 3166 752 est
3212 700 3559 755 naturaliter.

1989 788 2215 856 Quando
2241 803 2371 843 vero
2402 788 2547 855 dico,
2572 786 2763 844 Petrus
2791 798 2847 844 et
2876 786 3120 844 Joannes
3155 790 3563 860 coappellantur

1990 880 2259 946 homines,
2314 877 2401 932 vel
2425 879 2617 945 etiam,
2650 879 2787 934 Cum
2822 879 2986 935 Petro
3036 877 3276 936 Joannes
3317 883 3561 938 ascendit

1990 972 2043 1026 in
2087 969 2388 1041 templum:
2420 986 2529 1026 non
2579 968 2691 1039 iam
2737 972 2855 1037 σὺν,
2901 972 2984 1027 vel
3033 971 3194 1043 μετὰ,
3226 973 3278 1028 id
3309 984 3393 1029 est
3420 991 3559 1041 cum,

1990 1076 2155 1116 unum
2194 1061 2450 1130 quiddam
2475 1062 2767 1132 signiﬁcat.
2809 1061 2926 1117 Non
2964 1064 3109 1119 enim
3145 1065 3381 1121 Joannes
3406 1081 3561 1121 com-

1990 1154 2196 1222 positus
2227 1164 2310 1208 est
2332 1168 2453 1209 cum
2484 1153 2664 1222 Petro,
2696 1154 2792 1210 sed
2829 1170 3004 1224 neque
3026 1156 3093 1211 ad
3140 1158 3300 1213 unius
3328 1159 3564 1213 hominis

1989 1244 2436 1299 constitutionem
2459 1245 2621 1300 ambo
2655 1246 3006 1301 conveniunt.
3046 1246 3157 1302 Cur
3190 1262 3320 1317 ergo
3348 1250 3561 1303 veritati

1991 1336 2240 1401 illudnnt,
2278 1337 2582 1394 dividentes
2631 1338 2882 1408 imperite
2927 1354 3091 1394 unum
3131 1340 3184 1394 in
3231 1340 3369 1395 duos
3407 1340 3565 1395 Chri-

1990 1428 2145 1484 stosl
2176 1426 2234 1483 Si
2265 1437 2446 1484 autem
2484 1438 2699 1499 putant,
2747 1430 2891 1500 quod
2937 1431 3169 1486 dicendo
3207 1430 3403 1487 Filium
3436 1447 3563 1487 cum

1990 1519 2210 1588 proprio
2240 1533 2471 1590 corpore
2493 1520 2779 1576 considere
2809 1519 2982 1587 Patri,
3018 1522 3153 1577 duos
3185 1523 3589 1594 intelligendos.

1994 1610 2160 1666 Filios
2251 1612 2685 1667 concesserimus
2730 1630 2746 1680 ;
2802 1613 3099 1683 inquirant,
3168 1629 3236 1668 an
3295 1616 3564 1681 dicamus,

1993 1717 2158 1757 unum
2185 1700 2380 1756 Filium
2414 1702 2572 1758 unica
2606 1703 2940 1759 considentia
2990 1707 3313 1762 honoratum
3341 1720 3486 1770 esse,
3510 1718 3567 1761 et

314 1794 466 1858 Υίὸν,
498 1796 595 1866 μιᾷ
620 1795 957 1864 συνεδρεύσει
980 1795 1308 1866 τετιμῆσθαι
1333 1812 1532 1866 φαμεν,
1558 1796 1654 1849 καὶ
1677 1795 1739 1847 ού
1763 1794 1885 1848 δυσὶ

1993 1809 2099 1849 non
2128 1793 2361 1856 duabus,
2405 1795 2478 1849 ita
2506 1803 2567 1850 ut
2603 1810 2710 1849 una
2743 1806 2796 1851 et
2838 1798 3091 1865 privatim
3124 1794 3323 1852 tributa
3344 1798 3417 1853 sit
3444 1812 3566 1852 cor-

313 1886 517 1955 μᾶλλον
537 1902 550 1916 ·
576 1887 652 1950 ὡς
701 1887 828 1957 μίαν
866 1886 971 1958 μὲν
1013 1888 1109 1942 καὶ
1143 1887 1317 1959 ίδικὴν
1365 1886 1764 1958 ὲκνενεμῆσθαι
1810 1884 1889 1955 τῷ

312 1978 543 2049 σώματι,
581 1978 773 2050 ἑτέραν
807 1978 866 2033 δὲ
904 1979 1068 2033 πάλιν
1100 1981 1197 2033 καὶ
1229 1979 1399 2051 ίδικὴν
1428 1980 1505 2050 τῷ
1535 1980 1713 2050 Λόγῳ.
1749 1977 1888 2031 Ἀλλ’

307 2069 409 2123 οὐκ
452 2070 520 2123 ἂν
555 2070 729 2139 ἔχοιεν
773 2070 1038 2137 ἐπιδεῖξαι
1077 2070 1270 2124 τοῦτον
1304 2070 1423 2132 πῶς
1453 2071 1582 2141 γὰρ,
1620 2071 1656 2143 ἢ
1691 2069 1886 2136 πόθεν;

310 2161 452 2214 Ἕνα
476 2162 585 2232 γὰρ
626 2161 756 2215 ὄντα
788 2161 917 2214 Υίδν
949 2161 1088 2232 μετά
1117 2163 1218 2231 τῆς
1252 2162 1390 2224 ἰδίας
1417 2163 1618 2233 σαρκὸς
1648 2162 1741 2215 τὸν
1764 2161 1890 2215 Υίδν

308 2250 444 2306 Θεόν
471 2269 532 2305 τε
560 2251 697 2323 ὁμοῦ
719 2253 813 2307 καὶ
836 2252 1124 2325 ἄνθρωπον
1150 2252 1244 2307 τὸν
1274 2252 1461 2316 αὑτὸν,
1488 2255 1586 2326 μιᾷ
1612 2252 1892 2324 συνεδρεύ-

312 2358 395 2406 σει
419 2344 486 2415 τῇ
517 2343 654 2412 πρὸς
678 2342 771 2396 τὸν
799 2342 1021 2414 Πατέρα
1047 2343 1370 2414 διαπρέπειν
1398 2344 1853 2416 διαϐεϐαιούμεθα
1873 2360 1889 2376 ο

309 2433 371 2487 τό
399 2451 464 2503 γε
500 2434 608 2505 μὴν
650 2434 1190 2506 συμπροσκυνεῖσθαι
1223 2435 1400 2505 λέγειν
1429 2435 1718 2509 ἄνθρωπον
1746 2436 1885 2508 Θεῷ,

311 2527 407 2580 καὶ
431 2527 894 2598 συγχρηματίζειν
923 2529 1077 2597 Θεὸν,
1097 2530 1190 2584 δύο
1213 2546 1320 2583 που
1360 2528 1578 2593 πάντως
1603 2523 1891 2601 ὂμολογεῖν

315 2619 434 2670 ἐστι
457 2618 584 2680 τοὺς
608 2620 1132 2690 προσκυνουμένους,
1151 2620 1188 2692 ἢ
1217 2620 1306 2673 καὶ
1332 2630 1355 2657 ι
1375 2620 1623 2690 ἀλλήλοις
1656 2636 1892 2691 συγκρη-

323 2706 686 2775 ματίζοντας.
707 2708 924 2780 Εὑήθης
963 2708 1019 2762 δὲ
1045 2708 1188 2775 λίαν,
1236 2710 1332 2763 καὶ
1367 2709 1475 2763 τῶν
1506 2711 1586 2773 είς
1626 2709 1889 2779 ὀρθότητα

324 2799 418 2852 καὶ
462 2797 721 2869 ἀλήθειαν
754 2797 971 2854 ἐννοιῶν
1000 2799 1280 2872 ἀλλότριος
1315 2798 1643 2863 παντελῶςοδ
1684 2798 1889 2851 τοιόσδε

320 2889 496 2957 λόγος.
538 2890 732 2959 Γέγονε
772 2893 949 2946 τοίνυν
979 2891 1419 2963 ἀναθεματισμὸς
1464 2890 1603 2945 κατά
1632 2889 1739 2943 τῶν
1771 2889 1882 2944 ὁλο-

315 2980 532 3050 τρόπως
568 2981 908 3052 διοριζόντων
951 2984 1041 3037 τὸν
1087 2982 1432 3054 Ἐμμανουήλ
1476 2983 1556 3046 είς
1599 2981 1886 3053 ἄνθρωπον

315 3070 521 3135 ίδικῶς,
553 3073 649 3126 καὶ
676 3072 809 3127 Θεὸν
835 3073 1007 3143 Λόγον
1036 3074 1252 3139 ίδικῶς’
1281 3074 1378 3129 ἕνα
1407 3073 1515 3147 γὰρ
1552 3076 1686 3146 ἡμῖν
1720 3074 1885 3128 αὑτὸν

306 3163 338 3216 ὁ
359 3162 469 3216 τῶν
492 3163 771 3236 θεηγόρων
793 3139 1027 3236 ἐκήρυξε
1056 3165 1232 3234 λόγος,
1259 3165 1355 3221 καὶ
1377 3139 1497 3221 τιῦν.
1512 3139 1672 3239 ίερῖὺν
1696 3166 1883 3238 Γραμ-
1910 3139 1953 3198 C

312 3253 501 3323 μάτων
530 3255 564 3325 ὴ
593 3253 977 3326 ἀκιὸδήλευτος
1003 3254 1222 3325 γνῶσις.

744 3366 1335 3424 ΔΝΑΘΕΜΑΤΙΣΜΟΣ
1371 3368 1448 3425 Θν.

378 3480 447 3534 Et
461 3480 561 3545 -τίς
596 3497 728 3553 φησι
769 3482 860 3537 τὸν
896 3482 991 3538 ἕνα
1027 3484 1234 3557 Κύριον
1266 3485 1477 3558 Ἰησοῦν
1525 3487 1884 3559 Χριστδννδο-

306 3572 616 3640 ξάζεσθαιι
649 3573 799 3646 παρὰ
839 3575 934 3629 τοῦ
980 3576 1330 3648 Πνεύματος,
1374 3579 1451 3644 ὡς
1492 3579 1752 3652 ἀλλοτρίᾳ
1794 3581 1883 3634 δυ-

307 3666 471 3735 νάμει
496 3664 565 3737 τῇ
598 3665 705 3737 ἰδίᾳ
729 3667 893 3721 αὑτοῦ
915 3667 944 3707 δ
972 3665 1273 3738 χρώμενον,
1309 3670 1404 3723 καὶ
1432 3671 1564 3742 παρ’
1592 3670 1757 3725 αὑτοῦ
1787 3672 1884 3725 λα-

304 3756 471 3809 ϐόντα
486 3754 547 3810 τὸ
571 3758 815 3829 ἐνεργεῖν
840 3757 1096 3812 δύνασθαι
1121 3759 1264 3813 κατά
1290 3763 1616 3831 πνευμάτων
1636 3762 1884 3833 ἀκαθάρ-

304 3865 437 3913 των,
455 3849 552 3903 uoti.
581 3849 643 3902 τὸ
672 3850 914 3922 πληροῦν
941 3852 1019 3915 είς
1041 3851 1361 3922 ἀνθρώπους
1390 3853 1490 3917 τὰς
1523 3853 1849 3923 θεοσημείας
1868 3872 1881 3886 ·

306 3941 404 3994 καὶ
430 3942 552 4012 ούχὶ
581 3941 647 4014 δὴ
681 3943 881 4014 μᾶλλον
921 3943 1050 3997 ίδιον
1086 3942 1253 3998 αὐτοῦ
1280 3946 1342 3997 τὸ
1372 3945 1600 4015 Πνεῦμά
1632 3963 1787 4016 φησι,
1816 3946 1884 4000 δι’

304 4024 371 4085 οὗ
398 4034 490 4087 καὶ
527 4035 800 4107 ἐνήργησε
828 4035 927 4098 τὰς
959 4034 1310 4107 θεοσημείας·
1342 4035 1592 4107 ἀνάθεμα
1612 4036 1775 4091 ¹ἔστω.

616 4233 982 4303 Ἆντίρῤησις
1013 4233 1133 4289 τῶν
1174 4234 1581 4291 Ἀνατολικῶν.

377 4342 545 4411 Αὖθις
592 4348 756 4403 καλὸν
784 4349 855 4402 τὰ
898 4349 1065 4404 πάλαι
1105 4350 1254 4421 αὐτῷ
1300 4353 1569 4423 εἰρημένα
1602 4355 1681 4418 είς
1717 4354 1880 4423 μέσον

303 4444 558 4511 ἀγαγεῖν,
593 4444 686 4497 καὶ
721 4443 850 4508 ἴσως
890 4444 1315 4516 ἐπιλελησμένον
1368 4446 1460 4499 τοῦ
1487 4458 1509 4485 ε
1543 4447 1708 4501 αὐτοῦ
1745 4448 1878 4501 ὑπο·
1915 4469 1960 4526 D

305 4533 515 4607 μνῆσαι
561 4536 724 4589 αὐτόν
745 4553 758 4566 ’
792 4537 852 4590 οὐ
883 4537 992 4608 γὰρ
1024 4538 1184 4608 μόνον
1210 4538 1301 4591 τὸν
1330 4538 1538 4609 Κύριον
1569 4538 1638 4593 τὰ
1679 4542 1881 4610 σημεῖα

303 4627 365 4679 ὲν
399 4627 680 4697 Πνεύματι
725 4629 898 4684 ποιεῖν
940 4629 1277 4700 ἀπεφήνατο,
1318 4630 1453 4683 ἀλλὰ
1495 4629 1560 4700 δὴ
1594 4630 1687 4683 καὶ
1721 4630 1882 4683 αὐτὸν

300 4716 395 4769 τὸν
419 4715 662 4771 τεθνῶτα
682 4717 707 4757 ά
739 4718 1133 4789 ζωοποιηθῆναι
1176 4717 1475 4789 Πνεύματι,
1513 4721 1570 4772 ὲν
1606 4713 1688 4783 οἷς
1717 4737 1882 4790 φησιν

304 4811 361 4861 ὲν
395 4807 470 4878 τῷ
500 4808 704 4880 πρώτῳ
725 4809 908 4881 Δτόμῳ·
942 4811 1006 4864 Εί
1033 4810 1210 4864 τοίνυν
1239 4810 1300 4863 οὺ
1335 4810 1568 4863 πέπονθε
1599 4811 1660 4863 τὸ
1693 4811 1881 4864 τεθνά-

304 4915 391 4954 ναι
425 4900 701 4970 σαρκικῶς
745 4902 884 4957 κατά
919 4903 1018 4966 τὰς
1065 4902 1323 4972 Γραφάς,
1370 4902 1490 4956 οὐδὲ
1537 4902 1876 4972 ὲζωοποιήθη

306 4986 605 5055 Πνεύματι.
652 4986 883 5043 Σκοπεῖν
921 4989 978 5044 δὲ
1017 4990 1096 5044 δεῖ
1126 4991 1225 5060 τὴν
1269 4989 1461 5042 ἑαυτοῦ
1514 4990 1650 5061 πρὸς
1684 4991 1874 5043 ἑαυτὸν

305 5081 675 5152 ἐναντιότητα,
700 5083 759 5135 ὲν
792 5084 888 5152 μὲν
914 5086 1025 5147 τοῖς
1054 5082 1522 5152 ἀναθεματισμοῖς
1552 5081 1716 5134 αὑτοῦ
1773 5083 1874 5134 ἀπ-

305 5170 702 5240 αγορεύσαντος
729 5174 820 5226 τὸν
845 5174 1048 5245 Κύριον
1064 5175 1122 5227 ἐν
1153 5173 1582 5244 ΠνεύματιΘεοῦ
1615 5172 1874 5242 δαίμονας

306 5261 607 5327 ἐκϐάλλειν,
647 5266 742 5318 καὶ
773 5266 841 5318 τὰ
882 5265 1019 5320 ἀλλα
1072 5268 1276 5336 σημεῖα
1314 5266 1514 5328 ποιεῖν,
1557 5266 1649 5318 καὶ
1682 5264 1781 5334 τὴν
1816 5267 1873 5315 ἐν

307 5353 411 5414 τοῖς
442 5353 792 5424 Εὑαγγελίοις
821 5356 1079 5427 κειμένην
1107 5357 1383 5427 ἔγγραφον
1412 5354 1505 5408 τοῦ
1532 5355 1735 5426 Κυρίου
1764 5368 1874 5423 gow-

1986 1873 2134 1957 pori,
2159 1887 2329 1943 altera
2346 1902 2478 1943 vero
2501 1902 2716 1943 rursum
2749 1896 2805 1943 et
2837 1889 3090 1959 privatim
3143 1890 3338 1945 Verbo.
3365 1888 3565 1945 Verum

1992 1978 2102 2032 hoc
2146 1992 2255 2032 non
2287 1986 2547 2047 poterunt
2587 1977 2896 2034 ostendere.
2947 1979 3230 2046 Quomodo
3270 1981 3443 2046 enim,
3482 1980 3567 2035 vel

1993 2069 2135 2123 unde
2157 2067 2182 2121 ί
2208 2066 2347 2123 Nam
2374 2083 2541 2122 unum
2573 2069 2895 2123 eteumdem
2927 2069 3097 2124 Deum
3129 2070 3360 2125 simulet
3386 2070 3567 2125 homi-

1994 2172 2116 2212 nem
2170 2173 2273 2212 una
2309 2158 2648 2213 considentia
2683 2160 2825 2229 apud
2866 2158 3081 2215 Patrem
3114 2162 3390 2216 bonestari
3421 2160 3567 2216 amr-

1994 2263 2224 2304 mamus.
2268 2247 2542 2304 Craterum
2615 2250 2798 2307 dicere
2835 2251 3109 2307 hominem
3166 2253 3380 2306 adorari
3441 2269 3563 2307 cum

1993 2342 2126 2406 Deo,
2158 2350 2214 2397 οι
2258 2341 2585 2413 coappellari
2649 2342 2845 2413 Deum,
2917 2347 3140 2401 omnino
3191 2357 3274 2402 est
3317 2347 3562 2402 conﬁteri

1994 2436 2127 2491 duos
2154 2433 2478 2502 adorandos,
2526 2434 2610 2491 vel
2651 2436 2814 2491 etiam
2850 2437 2995 2492 inter
3044 2453 3104 2493 se
3127 2438 3558 2508 coappellandos.

1990 2527 2155 2597 Atqui
2202 2526 2358 2583 valde
2387 2527 2595 2595 latuus,
2635 2537 2691 2583 et
2730 2542 2762 2583 a
2803 2529 2969 2585 rectis
3002 2537 3060 2585 et
3091 2530 3237 2585 veris
3280 2530 3566 2599 cogitatio-

1992 2619 2151 2674 nibus
2185 2619 2408 2674 omnino
2459 2618 2671 2675 alienus
2712 2628 2798 2674 est
2839 2618 3110 2689 ejusmodi
3152 2635 3354 2675 sermo.
3398 2621 3565 2691 Igitur

1991 2707 2170 2764 factus
2212 2716 2296 2763 est
2329 2708 2819 2763 anathematismus
2867 2718 3057 2764 contra
3093 2724 3207 2774 eos,
3240 2709 3332 2778 qui
3386 2711 3563 2764 modis

1990 2800 2245 2855 omnibus
2295 2799 2543 2854 dividunt
2586 2799 2992 2855 Emmanuelem
3027 2802 3079 2855 in
3111 2801 3385 2855 hominem
3413 2816 3564 2857 seor-

1990 2892 2119 2957 sim,
2159 2900 2214 2947 et
2247 2890 2439 2944 Deum.
2478 2889 2646 2946 Nobis
2686 2890 2830 2945 enim
2882 2907 3048 2945 ttnum
3100 2892 3273 2961 ipsum
3313 2894 3561 2946 eumdem

1995 2983 2367 3054 theologorum
2397 2995 2579 3038 sermo
2611 2981 2946 3050 praedicavit,
2980 2997 3378 3054 sacrarumque
3414 2982 3563 3039 Scri-

1992 3086 2271 3146 pturarum
2300 3072 2662 3130 inadulterata
2697 3074 2953 3145 cognitio.

2288 3366 2448 3438 131
2485 3364 3131 3423 ANATHEMATISMUS
3162 3350 3252 3423 nt.

2060 3481 2118 3538 Si
2159 3480 2282 3549 quis
2309 3495 2475 3535 unum
2502 3477 2789 3534 Dominum
2827 3476 3008 3534 Iesum
3056 3478 3334 3534 Christum
3362 3493 3391 3532 a
3433 3480 3558 3550 Spi-

1986 3574 2093 3630 ritu
2131 3573 2483 3630 clarilicatum
2507 3571 2727 3637 dixerit,
2754 3571 2970 3641 propria
3013 3572 3213 3627 virtute
3252 3573 3419 3643 ipsius
3442 3582 3561 3628 tan-

1987 3680 2150 3735 quam
2214 3663 2388 3718 aliena
2447 3670 2737 3726 utentem;
2785 3674 2849 3716 ac
2896 3661 3003 3714 vim
3061 3669 3115 3715 et
3155 3651 3453 3717 'elIicaciam
3491 3662 3558 3717 ab

1985 3757 2173 3812 eodem
2213 3754 2507 3824 accepisse,
2555 3754 2683 3822 quia
2733 3762 2925 3806 contra
2974 3751 3280 3808 immundos
3330 3757 3559 3824 spiritus

1985 3856 2327 3919 operaretur,
2373 3854 2430 3901 et
2476 3844 2658 3899 divina
2711 3844 2853 3897 inter
2888 3843 3137 3899 homines
3171 3845 3428 3899 miracula
3465 3861 3560 3914 pa-

1988 3924 2175 3998 traret,
2223 3936 2286 3989 ac
2318 3949 2422 3988 non
2463 3934 2644 4002 potius
2690 3931 2869 4000 ipsum
2929 3930 3209 4000 Spiritum,
3256 3948 3353 4003 per
3395 3949 3556 4002 quem

1985 4029 2164 4085 divina
2193 4027 2345 4092 signa
2368 4024 2555 4088 edidit,
2602 4021 2747 4075 illius
2796 4020 3073 4091 pr0prium
3109 4036 3230 4076 esse
3274 4021 3558 4077 confessus

1981 4118 2146 4175 'l'ucrit
2169 4135 2183 4183 ;
2203 4116 2490 4170 anathema
2521 4113 2611 4167 sit.

2434 4225 2789 4281 Orientalium
2824 4226 3102 4295 appetitio.

2057 4346 2253 4397 lterum
2286 4354 2464 4409 operte
2493 4338 2719 4408 pretium
2756 4337 2917 4390 fuerit
2944 4351 3028 4403 ea,
3069 4351 3189 4406 qua
3216 4336 3344 4390 olim
3374 4336 3556 4393 abillo

1986 4435 2126 4489 dicta
2156 4439 2301 4499 sunt,
2324 4431 2379 4484 in
2448 4428 2684 4484 medium
2721 4428 3012 4492 adducere,
3059 4441 3115 4482 et
3146 4444 3363 4482 suorum
3389 4429 3556 4483 dicto-

1987 4542 2105 4581 rum
2139 4525 2386 4580 fortassis
2410 4522 2638 4578 oblitum
2678 4522 2992 4575 admonere.
3052 4518 3170 4573 Non
3202 4519 3345 4573 enim
3382 4520 3554 4574 solum

1985 4619 2276 4674 Dominum
2310 4619 2462 4687 signa
2484 4615 2537 4669 in
2558 4613 2762 4683 Spiritu
2805 4611 2997 4665 fecisse
3034 4612 3555 4681 pronuntiavit;setl

1984 4713 2147 4767 etiam
2178 4711 2355 4781 ipsum
2390 4715 2660 4760 mortuum
2687 4702 3017 4756 viviﬁcatum
3042 4716 3163 4757 esse
3188 4699 3393 4774 Spiritu
3422 4705 3557 4759 dixit

1982 4805 2158 4875 primo
2190 4811 2356 4866 tomo,
2394 4799 2481 4853 his
2520 4795 2733 4850 verbis:
2759 4794 2927 4864 Igitur
2963 4793 3008 4848 si
3040 4810 3141 4849 non
3173 4796 3393 4865 pertulit
3419 4798 3553 4852 mori

1983 4893 2276 4952 carnaliter
2335 4889 2629 4945 secundum
2680 4886 3014 4957 Scripturas,
3067 4903 3169 4942 non
3219 4890 3346 4945 item
3382 4889 3553 4944 viviﬁ-

1983 4996 2137 5042 catus
2166 4975 2248 5036 est
2283 4980 2509 5050 Spiritu.
2538 4977 2638 5033 llic
2661 4976 2848 5033 videre
2894 4977 3044 5043 licet,
3084 4990 3342 5048 quantum
3372 4993 3552 5033 secum

1984 5079 2098 5146 ipse
2160 5082 2382 5143 pugnet,
2416 5086 2539 5126 cum
2571 5070 2625 5124 in
2661 5070 3132 5125 anathematismis
3186 5069 3416 5137 negarit.
3453 5070 3550 5123 Do-

1983 5170 2188 5222 minum
2240 5165 2294 5219 in
2334 5164 2538 5234 Spiritu
2592 5162 2867 5217 daemones
2917 5162 3134 5227 ejicere,
3181 5170 3235 5214 et
3266 5161 3366 5213 alia
3402 5164 3550 5231 signa

1985 5258 2182 5319 facere,
2225 5266 2281 5310 et
2341 5256 2598 5324 scriptam
2653 5254 2708 5307 in
2753 5252 3057 5320 Evangeliis
3101 5265 3286 5303 vorem
3343 5250 3552 5306 Domini

1982 5348 2298 5417 exploserit,
2346 5345 2607 5401 dicentis:
2643 5362 2660 5395 ι
2695 5344 2752 5398 Si
2784 5353 2963 5397 autem
2996 5342 3046 5396 in
3088 5340 3292 5410 Spiritu
3327 5342 3417 5397 Dei
3453 5360 3552 5414 rgo

1378 5532 1547 5586 Varia:
1577 5530 1837 5586 lectiones
1878 5544 1941 5582 ex
1973 5528 2157 5584 codice
2193 5524 2569 5597 Seguietiano.

311 5698 330 5728 ‘
359 5690 443 5750 τσ.
479 5692 633 5766 παρά
656 5708 774 5744 του.
852 5697 879 5737 γ
910 5688 1173 5759 σοφίζετε.

1274 5697 1296 5726 κ
1332 5704 1527 5758 προσκ.
1572 5686 1687 5742 καί.
1764 5697 1789 5726 ι
1824 5681 2153 5750 δεδοξάσθαι.
2232 5681 2259 5723 b
2290 5680 2357 5733 δι’
2391 5676 2576 5735 αὐτοῦ,
2655 5686 2676 5715 ε
2711 5675 2796 5729 ἷσ.
2830 5678 2954 5732 τῶν.
2997 5674 3024 5716 δ
3054 5675 3216 5732 αὐτὸν
3253 5674 3544 5730 τεθνεῶτα.
