4014 6128
456 323 561 384 365
1477 321 1533 378 S.
1571 319 1843 378 CYBILIJ
1883 316 2351 378 ALEXANDRlNI
2390 315 2706 373 ARCHIEP.
3579 316 3689 372 556

455 440 620 513 ejicio
681 438 945 495 daemonia
973 439 1039 493 ".
1088 456 1107 489 ι
1158 438 1228 493 At
1278 452 1376 493 nos
1428 438 1713 493 Dominum
1775 447 2017 494 nostrum

2136 439 2218 509 θὴν
2247 436 2582 498 άθετοῦντος.
2613 432 2862 494 εἰπόντος
2884 445 2896 459 ·
2934 449 2950 481 ι
2981 431 3044 483 Ei
3077 429 3133 483 δὲ
3162 430 3219 483 ὲν
3252 428 3530 500 Ιῐνεύματι
3556 431 3695 490 θεοῦ

457 532 643 589 Jesum
678 529 955 585 Christum
994 537 1050 582 et
1095 543 1192 582 sua
1243 528 1444 584 virtute
1488 538 1542 583 et
1569 527 1806 598 Spiritus
1830 543 2023 598 opera-

2136 529 2238 598 ὲγὼ
2279 528 2523 583 ἐκϐάλλω
2553 529 2619 581 τά
2657 525 2927 597 δαιμόνια.
2956 543 2974 576 ι
3012 523 3154 576 Ἀλλ’
3179 526 3340 594 ἡμεῖς
3367 525 3461 578 τοι
3491 528 3699 597 Κύριον

388 598 416 615 ’
462 626 607 680 tione
647 622 941 693 perfecisse
993 620 1145 690 signa
1174 620 1522 675 conﬁtemur.
1554 620 1673 675 Non
1693 622 1835 675 enim
1870 622 2022 691 quasi

2136 622 2284 694 ἡμῶν
2315 621 2522 694 Ἰησοῦν
2554 621 2644 674 τὸν
2681 619 2935 692 Χριστὸν,
2981 616 3074 671 καὶ
3104 619 3171 688 τῇ
3216 617 3396 689 οἰκείᾳ
3436 619 3695 690 δυνάμει,

460 723 645 769 careat
688 711 902 781 propria
936 711 1157 773 virtute,
1214 711 1289 764 uti
1333 711 1562 766 dicimus
1606 713 1802 766 virtute
1854 711 2027 781 Spiri-

2136 715 2222 767 καὶ
2248 716 2313 783 τῇ
2343 711 2436 766 τοῦ
2463 710 2775 781 Πνεὺματος
2797 708 3046 780 ἐνεργείᾳ
3067 707 3379 761 ἐπιτελέσαι
3402 707 3473 762 τὰ
3500 715 3701 780 σημεῖα

443 815 550 860 -tus
593 804 785 859 sancti.
844 801 957 855 Non
996 811 1172 855 autem
1227 800 1488 871 Spiritum
1561 812 1806 858 sanctum
1867 804 2026 859 simul

2136 803 2498 873 ὁμολογοῦμεν
2520 818 2534 834 ·
2569 803 2631 856 οὐ
2682 801 2791 873 γὰρ
2830 799 2906 864 ὡς
2950 800 3051 853 οὑκ
3082 798 3274 870 ἔχοντα
3307 799 3405 870 τὴν
3441 800 3578 855 ἰδίαν
3609 802 3702 855 δῦ-

463 896 653 949 adesse
687 895 887 957 dicere,
928 906 1115 947 eorum
1165 902 1250 947 est
1288 894 1544 959 arbitror,
1576 896 1667 963 qui
1717 893 2029 966 Scripturas

467 995 683 1039 sanctas
736 992 952 1054 negant.
1012 982 1145 1037 Nam
1200 986 1445 1054 quamvis
1503 985 1699 1041 alicubi
1748 987 2028 1056 Scriptura

461 1079 628 1143 dicat,
670 1076 885 1131 Patrem
924 1078 1188 1147 perficere
1232 1092 1393 1147 opera
1440 1078 1848 1144 miraculorum,
1903 1079 2027 1132 dum

463 1169 593 1222 dicit
625 1186 639 1223 :
677 1185 697 1218 ι
725 1166 889 1222 Pater
926 1167 1019 1237 qui
1062 1178 1244 1223 manet
1272 1169 1325 1222 in
1359 1184 1466 1232 me,
1500 1170 1616 1238 ipse
1686 1170 1814 1225 facit
1863 1184 2028 1240 opera

461 1274 583 1329 qua:
599 1274 697 1329 ego
729 1258 869 1312 facio
888 1258 971 1325 ";
1011 1278 1030 1311 ι
1071 1257 1240 1315 Filius
1296 1269 1473 1315 tamen
1511 1268 1594 1315 est
1620 1261 1709 1328 qui
1743 1260 1873 1316 facit
1915 1278 2031 1316 om-

463 1351 553 1405 nia
587 1365 751 1419 opera
802 1348 1103 1404 Patriszet
1153 1350 1281 1404 licet
1303 1364 1467 1419 opera
1515 1349 1634 1405 Filii
1676 1351 1912 1421 Spiritus
1946 1354 2031 1407 di-

465 1448 620 1494 catur
652 1439 847 1504 facere,
881 1439 1007 1491 dum
1027 1438 1203 1493 dicit:
1243 1454 1262 1488 ι
1306 1438 1362 1491 Si
1396 1447 1573 1492 autem
1618 1453 1716 1508 ego
1741 1439 1792 1491 in
1831 1439 2032 1507 Spiritu

469 1530 561 1584 Dei
598 1529 757 1597 ejieio
773 1528 1034 1583 daemonia
1071 1529 1120 1595 ¹;
1151 1544 1170 1579 ι
1204 1527 1466 1582 Dominus
1487 1537 1662 1583 tamen
1691 1530 1877 1599 estqui
1905 1529 2035 1584 facit

467 1618 525 1674 in
558 1618 787 1687 Spiritu.
836 1616 955 1671 Non
991 1617 1136 1672 enim
1167 1615 1433 1671 alienatus
1478 1625 1558 1671 est
1593 1616 1756 1673 Filius
1787 1633 1815 1671 a
1850 1617 2030 1683 Patre,

470 1709 557 1764 vel
593 1708 1040 1777 Spiritu;neque
1071 1716 1320 1776 separata
1372 1716 1426 1763 et
1481 1710 1707 1763 seorsim
1767 1709 2031 1779 disjuncta

470 1810 596 1860 sunt
632 1804 916 1858 Trinitatis
957 1817 1165 1872 opera:
1197 1804 1292 1858 sed
1354 1804 1571 1873 propria
1632 1802 1916 1859 Trinitatis
1955 1814 2037 1860 est

473 1896 893 1967 uniuscujusque
912 1895 1295 1960 subsistentia,
1315 1911 1435 1965 quae
1462 1896 1515 1950 in
1538 1894 1814 1965 Scriptura
1840 1896 2037 1952 dicitur

471 1988 713 2056 operatio
749 2004 762 2043 :
810 1987 968 2057 182
1022 1997 1083 2041 ut
1111 1986 1391 2057 Scriptura
1424 1987 1556 2042 dicit
1597 1987 1891 2057 aliquando
1919 2004 2037 2044 om-

472 2094 592 2133 nem
623 2088 931 2134 creaturam
955 2078 1077 2133 Filii
1105 2094 1260 2147 opus,
1281 2079 1469 2135 dicens
1499 2097 1513 2133 :
1552 2100 1573 2131 ι
1616 2080 1792 2136 Verbo
1827 2082 2036 2137 Domini

483 2170 605 2226 cmli
631 2169 828 2224 ﬁrmati
860 2179 1020 2238 sunt;
1054 2189 1074 2223 ι
1099 2170 1386 2239 aliquando
1418 2179 1595 2228 autem
1623 2171 1879 2243 Spiritus,
1907 2174 2035 2228 dum

470 2261 660 2317 infert:
686 2281 704 2315 ι
730 2263 794 2316 Ει
820 2261 1027 2331 Spiritu
1054 2262 1167 2316 oris
1198 2261 1314 2330 eius
1330 2263 1505 2317 omnis
1529 2264 1700 2318 virtus
1725 2267 1972 2319 corum'.
2011 2284 2031 2317 ι

470 2353 578 2409 Sed
613 2371 718 2408 non
740 2356 893 2424 quasi
918 2355 1078 2409 Pater
1111 2371 1213 2424 non
1241 2355 1411 2422 possit
1453 2355 1631 2409 omnia
1674 2356 1874 2419 facere,
1908 2371 2038 2426 0pc-

468 2454 622 2501 ratur
642 2445 808 2499 etiam
844 2446 1048 2501 Filius:
1100 2455 1153 2499 et
1211 2445 1446 2514 Spiritus
1496 2461 1708 2515 quoque
1740 2449 2040 2502 assumitur

468 2539 537 2592 ad
593 2538 911 2602 creandum,
969 2552 1077 2592 non
1119 2542 1272 2607 quasi
1300 2537 1545 2592 infirmus
1582 2539 1656 2592 sit
1682 2537 2038 2610 Filiustvere

468 2628 612 2681 enim
635 2627 836 2681 dictum
855 2635 957 2692 est,
982 2627 1124 2695 quod
1145 2641 1239 2696 per
1256 2627 1432 2697 ipsum
1456 2628 1597 2684 facta
1614 2639 1738 2685 sunt
1758 2633 1936 2686 omnia
1958 2632 1978 2663 ³
1993 2632 2034 2702 ),

469 2718 566 2772 sed
598 2727 657 2771 ut
679 2718 963 2771 Trinitatis
990 2717 1180 2772 eadem
1215 2720 1538 2787 substantia,
1571 2720 1726 2789 ,idem
1757 2722 1962 2795 honor,f
1983 2732 2038 2777 et

467 2810 657 2863 eadem
691 2809 863 2863 virtus
897 2811 1329 2876 commendetur,
1356 2810 1490 2866 dicit
1522 2812 1711 2867 eadem
1765 2814 2034 2868 interdum

469 2918 499 2955 a
527 2901 708 2966 Patre,
735 2902 1001 2957 interdum
1021 2918 1049 2956 a
1076 2901 1236 2969 Filio,
1266 2902 1534 2957 interdum
1565 2917 1595 2957 a
1622 2903 1824 2973 Spiritu
1850 2914 2038 2959 saneto

465 3008 585 3049 esse
632 2993 795 3048 facta.
835 2992 926 3049 Sic
990 2993 1136 3048 enim
1184 3002 1238 3048 et
1282 2994 1352 3049 ab
1398 3010 1503 3048 una
1539 2994 1839 3050 substantia
1859 2995 2037 3049 divina

2130 892 2642 965 ναμιν,χρῆσθαιτῇ
2669 891 2894 961 δυνάμει
2917 888 3010 943 τοῦ
3046 889 3203 958 ἁγίου
3242 891 3590 960 Πνεύματος·
3627 893 3700 962 μὴ

2133 986 2371 1038 συνεῖναι
2400 980 2458 1037 δὲ
2485 982 2546 1036 τὸ
2583 981 2808 1052 Πνεῦμα
2834 980 3106 1061 τζμάγιβν,
3131 980 3485 1052 ἀρνουμένων
3525 984 3697 1042 ἐστὶν,

2130 1074 2206 1138 ὡς
2243 1070 2419 1146 οἶμαι,
2446 1075 2546 1137 τὰς
2591 1073 2744 1137 θείας
2771 1073 3013 1144 Γραφάς.
3057 1071 3177 1125 Κᾶν
3227 1073 3336 1143 γάρ
3378 1076 3539 1142 πουή
3579 1073 3698 1129 θεία

2132 1167 2323 1239 Γραφὴ
2352 1167 2506 1238 λέγῃ,
2523 1165 2614 1219 τὸν
2649 1165 2867 1235 Πατέρα
2896 1162 3163 1217 ἐπιτελεῖν
3192 1163 3414 1233 τὰιέργα
3439 1163 3542 1217 τῶν
3567 1164 3697 1218 θαυ-

2136 1254 2340 1326 μάτων,
2376 1255 2444 1308 δι’
2479 1247 2553 1308 ὧν
2588 1269 2780 1324 φησιν·
2820 1273 2836 1303 ι
2877 1253 2936 1305 '0
2968 1252 3158 1324 Πατὴρ
3184 1254 3214 1306 ό
3251 1253 3426 1323 μένων
3456 1256 3510 1306 ὲν
3549 1255 3692 1326 ἐμοὶ,

2133 1346 2297 1410 αὐτὸς
2326 1348 2468 1399 ποιεῖ
2497 1344 2566 1398 τὰ
2589 1343 2756 1415 ἔργα,
2787 1343 2824 1397 ἃ.
2850 1342 2960 1411 ἐγὼ
3004 1344 3143 1396 ποιῶ
3173 1359 3187 1372 '
3220 1360 3238 1394 ι
3274 1345 3303 1397 ό
3334 1343 3459 1405 Υίός
3491 1347 3634 1397 ἐστιν
3669 1348 3699 1398 ό

2134 1438 2306 1491 ποιῶν
2346 1438 2522 1492 πάντα
2550 1436 2619 1490 τὰ
2650 1435 2786 1507 ἔργα
2818 1436 2912 1511 τοῦ
2947 1436 3157 1506 Πατρός
3175 1452 3188 1466 ·
3206 1435 3322 1490 κᾶν
3355 1438 3423 1491 τὰ
3450 1437 3544 1489 τοῦ
3573 1437 3699 1491 Υίοῦ

2133 1530 2196 1583 τὸ
2222 1528 2444 1600 Πνεῦμα
2472 1528 2604 1599 λέγῃ
2640 1530 2833 1592 ποιεῖν,
2863 1527 2930 1581 δι’
2956 1520 3031 1580 ὧν
3070 1543 3233 1597 φησιν
3257 1544 3272 1559 ’
3299 1546 3318 1574 ι
3350 1526 3413 1581 Ei
3444 1528 3501 1581 δὲ
3523 1528 3631 1598 ἐγὼ
3645 1530 3699 1581 ὲν

2135 1620 2410 1691 Πνεύματι
2465 1619 2601 1673 Θεοῦ
2655 1619 2899 1672 ἐκϐάλλω
2942 1620 3013 1673 τὰ
3062 1619 3347 1689 δαιμόνιαο
3380 1638 3399 1671 ι
3434 1623 3463 1673 ό
3506 1620 3701 1691 Κύριός

2138 1716 2283 1767 ἐστιν
2311 1715 2339 1766 ό
2368 1713 2533 1766 ποιῶν
2583 1714 2641 1768 ἐν
2678 1712 2972 1782 Πνεύματι.
3019 1708 3154 1764 οὐδὲ
3212 1709 3320 1783 γὰρ
3350 1713 3700 1784 ἠλλοτρίωται

2068 1778 2109 1832 Β
2137 1806 2166 1858 ό
2194 1805 2316 1868 Υἱὸς
2341 1804 2434 1856 τοῦ
2466 1804 2697 1874 Πατρὸς,
2720 1804 2754 1874 ἢ
2785 1778 2881 1856 τοῦ
2916 1778 3262 1873 Πνεύματοςήο
3291 1778 3415 1857 οὐδὲ
3473 1778 3701 1875 κεχωρι-

2092 1934 2111 1943 κ,
2140 1898 2334 1966 σμέναι
2363 1896 2458 1949 καὶ
2491 1893 2787 1957 ἰδιάζουσαι
2808 1910 2910 1946 που
2936 1895 2993 1947 αἱ
3016 1893 3117 1964 τῆς
3149 1895 3192 1947 Τ
3197 1893 3376 1962 ριάδος
3407 1894 3704 1965 ἐνέργειαι,

2137 1989 2253 2044 ἀλλ’
2279 1990 2453 2043 οἰκεία
2484 1991 2584 2059 τῆς
2612 1990 2841 2060 Τριάδος
2866 1991 2898 2059 ἠ
2926 1991 3163 2060 ἑκάστης
3186 1989 3533 2053 ὑποστάσεως
3558 1992 3619 2044 ὲν
3643 1994 3708 2062 τῇ

2137 2083 2328 2154 Γραφῇ
2363 2081 2631 2152 λεγομένη
2673 2082 2958 2151 ἐνέργεια*
2991 2081 3178 2149 ὥσπερ
3204 2095 3227 2120 ε
3261 2083 3354 2134 καὶ
3388 2085 3576 2135 πᾶσαν
3608 2083 3710 2153 τὴν

2138 2174 2315 2227 κτίσιν
2350 2172 2479 2225 ποτὲ
2517 2173 2614 2244 μὲν
2642 2172 2847 2243 λέγειή
2887 2171 3078 2243 Γραφὴ
3103 2171 3199 2225 τοῦ
3234 2172 3366 2225 Υίοῦ
3407 2172 3591 2244 ἔργον,
3622 2171 3709 2226 λέ-

2136 2280 2335 2333 γουσα·
2377 2284 2394 2315 ι
2426 2263 2516 2332 Τῷ
2563 2264 2721 2334 Λόγῳ
2768 2264 2973 2335 Κυρίου
3015 2265 3064 2318 oi
3110 2265 3329 2335 οὐρανοὶ
3370 2265 3709 2336 ἐστερεώθη-

2138 2372 2268 2409 σαν·
2294 2376 2314 2407 ι
2348 2355 2480 2408 ποτὲ
2510 2355 2568 2408 δὲ
2600 2355 2694 2408 τοῦ
2722 2356 3059 2425 Πνεῦματος,
3092 2355 3160 2409 δι’
3183 2350 3258 2409 ὧν
3284 2356 3509 2424 ἐπάγει*
3543 2375 3564 2408 ι
3594 2358 3709 2410 Καὶ

2137 2447 2216 2517 τῷ
2263 2447 2543 2517 Πνεύματι
2601 2446 2696 2500 τοῦ
2732 2448 2999 2517 στόματος
3029 2446 3194 2500 αὑτοῦ
3226 2449 3379 2501 πᾶσα
3408 2450 3440 2518 ἡ
3477 2448 3709 2518 δύναμις

2138 2539 2339 2595 αὐτῶν.
2366 2557 2384 2591 ι
2425 2538 2562 2592 Ἀλλ’
2583 2538 2681 2608 οὑχ
2709 2539 2784 2601 ὡς
2831 2536 3227 2600 ἀδυνατοῦντος
3271 2538 3366 2592 τοῦ
3400 2540 3614 2609 Πατρδς
3638 2539 3711 2592 τά

2140 2633 2319 2687 πάντα
2348 2634 2595 2702 ποιῆσαι,
2625 2631 2950 2701 δημιουργεῖ
3000 2632 3096 2684 καὶ
3118 2632 3149 2683 ό
3182 2630 3309 2694 Υίός
3328 2646 3342 2660 ·
3379 2631 3490 2683 οὐδ’
3512 2627 3581 2684 αὖ
3611 2633 3711 2685 πά-

2136 2726 2243 2788 λιν,
2278 2724 2354 2786 ὡς
2383 2723 2731 2787 ἀσθενοῦντος
2756 2723 2851 2776 τοῦ
2883 2721 3013 2776 Υίοῦ
3058 2724 3138 2788 είς
3182 2723 3282 2793 τὴν
3312 2723 3709 2794 -ὅημιουργίαν,

2139 2815 2744 2886 συμπαραλαμϐάνεται
2792 2815 2854 2869 τὸ
2906 2814 3130 2886 Πνεῦμα
3173 2814 3414 2891 (ἀληθὲς
3453 2815 3564 2886 γάρ
3607 2815 3705 2881 τὸ,

2145 2927 2164 2960 ι
2196 2908 2382 2961 Πάντα
2410 2908 2475 2961 δι’
2499 2909 2664 2962 αὑτοῦ
2685 2909 2903 2976 ἐγένετο
2933 2910 2979 2977 ι)
2999 2926 3011 2938 ’
3032 2908 3146 2961 ἀλλ’
3178 2908 3266 2960 ἵνα
3281 2909 3343 2960 τὸ
3359 2907 3461 2976 τῆς
3484 2906 3707 2978 Τριάδος

2138 2999 2443 3069 ὁμοοὺσιον,
2466 3003 2559 3053 καὶ
2583 3001 2865 3070 ὁμότιμον,
2896 3002 2988 3053 καὶ
3015 2999 3358 3070 όμοδύναμον
3380 3000 3513 3069 ἡμῖν
3537 3014 3707 3068 παρα·
3756 2990 3759 2991 ν

467 3084 702 3153 pendere
728 3085 908 3137 omnia
938 3085 1308 3152 intelligimus.
1340 3082 1473 3137 Nam
1498 3096 1558 3138 ut
1589 3082 1822 3140 Verbum
1849 3101 2034 3142 essen-

2140 3091 2335 3161 στήσῃ,
2362 3090 2510 3159 λέγει
2536 3090 2603 3144 τὰ
2627 3091 2769 3144 αὑτά
2788 3091 2919 3144 ποτὲ
2956 3091 3056 3162 μὲν
3074 3090 3181 3143 ὑπὸ
3198 3090 3291 3143 τοῦ
3311 3090 3551 3161 Πατρὸς,
3586 3088 3709 3142 ποτὶ

469 3172 597 3225 tiale
620 3182 673 3225 et
705 3170 1012 3226 subsistens
1035 3173 1150 3240 ipse
1200 3171 1519 3239 Unigenitus
1552 3174 1755 3242 absque
1783 3176 2035 3243 passione

467 3278 533 3317 ex
602 3278 668 3318 eo
719 3263 930 3332 genitus
970 3272 1095 3328 est;
1128 3274 1182 3316 et
1242 3262 1474 3332 Spiritus
1527 3275 1745 3319 sanctus
1795 3281 1860 3320 ex
1922 3267 2037 3337 ipso

468 3355 788 3423 procedens,
854 3354 908 3407 in
960 3354 1177 3423 pr0pria
1263 3355 1618 3423 subsistentia
1674 3358 2037 3424 exsistit;ita

472 3454 529 3495 ιιι
558 3445 612 3497 in
636 3445 806 3498 tribus
833 3445 1202 3499 subsistentiis
1251 3460 1356 3499 una
1384 3444 1690 3501 substantia
1723 3461 1962 3516 notetur,
1985 3459 2040 3506 et

470 3534 618 3588 nulla
653 3536 892 3605 ipsarum
929 3537 982 3590 in
1010 3538 1220 3591 ratione
1277 3538 1592 3595 substantize
1641 3540 1815 3597 aliena
1855 3545 2036 3600 consi-

469 3627 878 3693 tierettir;solis
926 3638 1106 3681 autem
1165 3629 1588 3697 proprietatibus
1634 3633 2035 3702 denotantibus,

470 3718 585 3771 sive
611 3718 1070 3787 distinguentibus
1113 3719 1253 3774 inter
1287 3720 1429 3790 ipsas
1458 3722 1845 3792 intelligantur.
1894 3727 2040 3792 Quo-

471 3807 629 3863 modo
654 3809 815 3878 igitur
847 3810 950 3863 erit
971 3811 1186 3880 propria
1236 3813 1504 3880 operatio,
1551 3829 1782 3883 quorum
1824 3834 1927 3872 una
1953 3828 2037 3875 est

467 3901 724 3966 essentia,
760 3910 811 3954 et
836 3900 1164 3970 potentia,et
1196 3902 1485 3957 voluntas?
1514 3903 1647 3959 Nam
1684 3908 1880 3975 quibus
1918 3910 2034 3966 hinc

466 3998 590 4042 sunt
612 3990 942 4056 communia,
980 4002 1163 4041 eorum
1201 4005 1303 4042 una
1333 4003 1554 4057 prorsus
1579 4000 1661 4045 cst
1686 3995 1952 4061 operatio.

2137 3181 2196 3234 δὲ
2233 3180 2338 3234 ὑπὸ
2382 3180 2477 3234 τοῦ
2510 3180 2664 3246 Υίοῦ,
2704 3182 2834 3235 ποτὲ
2863 3182 2921 3235 δὲ
2958 3182 3062 3235 ὑπὸ
3081 3182 3175 3235 τοῦ
3204 3182 3360 3248 ἁγίου
3399 3182 3714 3252 Πνεύματος

2140 3272 2487 3342 γεγενῆσθαι.
2508 3272 2662 3326 Οῦτω
2675 3273 2784 3343 γὰρ
2801 3274 2895 3325 καὶ
2921 3275 3051 3344 μιᾶς
3073 3290 3217 3336 τινος
3234 3273 3422 3335 οὐσίας
3444 3274 3597 3337 Θείας
3620 3273 3716 3342 ἡρ-

2139 3361 2335 3432 τῆσθαι
2372 3363 2551 3417 πάντα
2594 3363 2843 3432 νοοῦμεν.
2882 3364 2972 3427 Ὠς
3007 3362 3114 3433 γάρ
3155 3363 3395 3426 ὲνούσιος
3424 3361 3444 3401 ί
3498 3364 3593 3416 καὶ
3631 3366 3718 3416 ὲν-

2142 3455 2443 3518 υπόστατος
2472 3455 2824 3526 όΜονογενὴς
2866 3453 2925 3519 ὲξ
2957 3455 3122 3509 αὑτοῦ
3147 3454 3411 3517 εάπαθῶς
3429 3453 3719 3525 ἐγεννήθη,

2145 3546 2237 3599 καὶ
2266 3546 2326 3599 τὸ
2355 3547 2581 3617 Πνεῦμα
2606 3546 2665 3600 δὲ
2699 3547 2793 3601 καὶ
2825 3546 2957 3599 αὐτὸ
2988 3546 3049 3612 ἐξ
3091 3546 3256 3601 αὑτοῦ
3282 3547 3310 3586 h
3350 3546 3723 3616 ἐκπορευόμε-

2140 3650 2252 3700 νον,
2280 3637 2336 3689 ὲν
2365 3636 2470 3708 ἰδίᾳ
2500 3637 2798 3690 ὑποστάσει
2820 3635 3110 3706 τυγχάνει·
3147 3634 3289 3688 ὥστε
3322 3635 3448 3705 μίαν
3478 3636 3496 3676 i
3527 3634 3722 3687 οὐσίαν

2138 3727 2198 3781 ὲν
2244 3727 2421 3799 τρισὶν
2476 3728 2811 3782 ὑποστάσεσι
2869 3727 3394 3798 χαρακτηρίζεσθαι,
3443 3725 3539 3779 καὶ
3583 3725 3713 3796 μηδ-

2137 3816 2330 3889 ετέραν
2374 3818 2553 3871 αὐτῶν
2600 3819 2679 3889 τῷ
2716 3820 2816 3888 τῆς
2856 3819 3044 3881 οὐσίας
3082 3819 3224 3888 λόγῳ
3276 3817 3721 3889 ἠλλοτριωμένην

2134 3908 2476 3979 θεωρεῖσθαι,
2505 3911 2697 3979 μόναις
2719 3910 2775 3962 δὲ
2801 3910 3024 3980 ἰδιότησι
3046 3910 3599 3981 χαρακτηριστικαίς,
3623 3908 3722 3959 εἶτ’

2129 3994 2223 4052 οὖν
2261 4000 2638 4071 διοριστικαῖς,
2675 3998 2920 4068 ἀλλήλων
2955 4001 3213 4053 νοεῖσθαι.
3274 3999 3394 4064 Πῶς
3440 3996 3537 4053 οὖν
3586 3997 3721 4051 ἰδιά-

464 4079 633 4147 ζουσα
672 4080 942 4151 ἐνέργεια,
981 4071 1057 4133 ὧν
1096 4078 1194 4151 μία
1226 4079 1323 4134 καὶ
1370 4082 1404 4152 ή
1439 4080 1617 4148 οὐσία,
1663 4083 2080 4156 καὶὴδύναμις,
2120 4091 2215 4143 καὶ
2251 4093 2283 4161 ἡ
2342 4092 2631 4162 βούλησις;
2659 4084 2732 4144 ὧν
2764 4091 2872 4161 γὰρ
2931 4091 3107 4144 ταῦτα
3137 4090 3328 4154 κοινὰ,
3364 4089 3463 4160 μία
3501 4089 3719 4150 πάντως

464 4174 730 4246 ἐνέργεια.

1018 4290 1204 4360 Cyrilli
1230 4289 1481 4357 deIemio.

538 4403 811 4472 Numquid
852 4403 980 4457 mihi
1013 4404 1228 4457 testium
1286 4416 1417 4456 voce
1456 4416 1590 4470 opus
1630 4402 1734 4455 erit
1782 4401 1846 4454 ad
1887 4415 2035 4456 coni-

464 4496 896 4559 monslrandum,
950 4493 1290 4547 adversarios
1364 4508 1497 4544 vaua
1563 4491 1706 4560 loqui
1766 4491 1920 4557 velle,
1982 4499 2035 4545 et

463 4588 752 4640 adversum
786 4602 883 4641 nos
933 4595 1137 4641 temere
1167 4582 1516 4651 blasphemiis
1548 4582 1673 4636 uti?
1711 4583 1902 4636 Verum
1932 4584 2035 4638 hoc

466 4677 614 4731 solus
652 4676 866 4731 illorum
907 4692 1106 4741 sermo,
1143 4685 1202 4729 ut
1239 4673 1454 4744 Opinor,
1497 4673 1780 4728 indicabit.
1811 4673 1938 4727 Nam
1979 4675 2031 4727 in

466 4767 746 4833 proposito
788 4769 1242 4822 anatlieinatismo
1285 4764 1676 4821 aﬂirmavinius
1727 4764 2031 4830 manifeste,

466 4860 745 4929 proprium
799 4873 916 4913 esse
961 4860 1082 4914 Filii
1146 4861 1410 4930 Spiritum
1461 4871 1710 4915 sanctum
1745 4875 1759 4925 ;
1800 4869 1854 4913 et
1892 4859 2034 4929 quod

467 4966 564 5020 per
591 4951 824 5021 seipsutn
877 4951 1165 5020 perfecerit
1204 4953 1383 5006 divina
1415 4954 1588 5022 signa.
1628 4954 1696 5006 At
1723 4953 1818 5016 illi,
1843 4966 2032 5021 quam-

466 5047 547 5098 vis
572 5056 712 5113 smpe
738 5041 1028 5109 aliirment,
1059 5056 1145 5096 me
1179 5044 1407 5097 oblitum
1461 5059 1583 5098 esse
1644 5057 1887 5097 meorum
1919 5058 2034 5096 ser-

467 5150 704 5199 monum,
758 5134 809 5186 in
842 5145 961 5187 eam
1001 5132 1418 5202 progrediuntur
1466 5132 1854 5200 stupiditateui,
1926 5133 2035 5189 imo

2591 4296 2904 4366 Ἀπολογία
2943 4296 3267 4362 Κυρίλλου.

2210 4404 2359 4478 Ἀρά
2394 4424 2481 4477 μοι
2515 4408 2807 4479 μαρτύρων
2845 4407 3027 4478 δεήσει
3065 4405 3251 4475 φωνῆς
3295 4403 3434 4475 πρὸς
3480 4405 3543 4458 τὸ
3581 4406 3717 4459 ἀπο-

2141 4504 2306 4573 φῆναι
2359 4500 2484 4562 τοὺς
2523 4499 2590 4552 δι’
2646 4499 2892 4562 ἐναντίας
2940 4497 3308 4565 εἰκαιολόγους
3353 4495 3713 4560 ὲθέλονταςὶ,

2140 4590 2234 4642 καὶ
2263 4592 2384 4651 ταῖς
2420 4587 2542 4641 καθ’
2567 4590 2599 4657 ἡ
2611 4589 2725 4655 μῶν
2751 4586 3082 4656 δυσφημίαις
3117 4584 3547 4656 ἀπερισκέπτως
3578 4602 3718 4654 χρω-

2144 4678 2369 4749 μένους;
2407 4676 2568 4740 Ἀλλ’,
2599 4672 2774 4745 οἶμαι,
2804 4675 2959 4728 τουτὶ
2999 4674 3094 4726 καὶ
3131 4673 3288 4742 μόνος
3317 4674 3345 4724 ό
3379 4675 3515 4744 παρ’
3544 4672 3719 4725 αὐτῶν

2136 4768 2389 4833 διαδείξει
2417 4768 2439 4806 Ιί
2470 4768 2645 4836 λόγος.
2689 4767 2777 4819 Ἐν
2822 4766 2919 4836 μὲν
2957 4764 3063 4835 γὰρ
3091 4763 3169 4834 τῷ
3206 4766 3563 4835 προκειμένῳ
3591 4766 3716 4817 ἀνα-

2139 4855 2463 4926 θεματισμῷ
2505 4856 2966 4925 διιηυρισὰμεθα
3017 4852 3203 4921 σαφῶς
3258 4852 3390 4905 ἴδιον
3433 4850 3577 4907 εἶναι
3625 4851 3716 4906 τοῦ

2140 4949 2272 5002 Υίοῦ
2286 4949 2344 5002 τὸ
2372 4948 2592 5019 Πνεῦμα
2605 4948 2663 5000 τὸ
2685 4948 2860 5016 ἅγιον,
2892 4946 2989 4999 καὶ
3019 4944 3145 5016 μὴν,
3172 4945 3251 4997 ὄτι
3279 4943 3349 4997 δι’
3375 4944 3545 4997 αὑτοῦ
3573 4945 3719 4997 τετέ-

2140 5041 2263 5094 λεκε
2284 5042 2384 5104 τὰς
2415 5041 2769 5111 οεοσημείας.
2794 5041 2856 5093 Οἱ
2884 5038 2963 5102 δὲ,
2990 5038 3164 5091 καίτοι
3192 5035 3461 5100 πολλάκις
3488 5036 3503 5074 ¹
3537 5036 3717 5105 ἐπιλή-

2142 5133 2314 5203 σμονά
2341 5149 2407 5203 με
2430 5131 2537 5185 τῶν
2565 5131 2801 5201 ἐμαυτοῦ
2824 5138 2863 5166 ω
2891 5130 3065 5197 λόγων
3098 5127 3351 5196 γενέσθαι
3391 5127 3719 5199 διισχυριζόο

535 5308 578 5339 ’⁸
605 5304 791 5360 Matth.
836 5322 909 5370 xl,
936 5304 1027 5359 28.
1104 5303 1149 5335 "
1181 5300 1335 5357 Joan.
1360 5319 1470 5367 xiv,
1505 5301 1597 5357 10.
1676 5302 1901 5371 ‘Matth.
1930 5317 2027 5365 xu,

2136 5346 2137 5351 η
2217 5302 2237 5332 ¹
2261 5300 2405 5354 Psal.
2449 5315 2619 5364 χχιιι,
2651 5298 2703 5351 6.
2781 5298 2802 5328 ³
2835 5293 2991 5349 Joan.
3026 5312 3061 5361 ι,
3090 5295 3143 5348 5.

1532 5458 1703 5511 Varia:
1733 5456 1991 5511 lectiones
2018 5471 2084 5510 ex
2114 5456 2300 5510 codice
2329 5455 2709 5525 Seguieriano.

538 5639 562 5666 θ
594 5626 665 5688 ὣς
692 5644 815 5681 που.
897 5628 914 5665 τ
945 5628 1019 5688 ὡς
1051 5626 1158 5695 γὰρ
1177 5625 1366 5702 [λόγος.

1766 5627 1790 5666 h
1826 5628 1889 5679 αὖ
1902 5625 2011 5696 τῆς.

473 5696 488 5739 ι
526 5698 860 5762 πλειστάκις,
938 5708 975 5735 πι
1010 5696 1221 5748 ἑαυτοῦ.

1446 5632 1468 5668 ⁸
1503 5628 1688 5697 αὐτῆς.

2100 5626 2110 5664 ί
2147 5623 2221 5686 ὡς
2250 5623 2344 5691 τὴν
2381 5621 2522 5691 μίαν.
2607 5620 2618 5670 i
2667 5618 3030 5684 εἰκαιολογεῖν
3055 5614 3356 5675 ἐθέλοντας.

3442 5615 3463 5652 ιε
3492 5614 3709 5678 διδάξει.
