4014 6128
346 285 451 344 3'57

960 266 1496 330 APOLOGETIGUS
1534 264 1673 323 PRO
1714 264 1808 323 XII
1845 264 1914 321 CA

2018 263 2212 323 I‘IBUS
2248 267 2531 326 CONTRA
2566 268 3030 334 ORIENTALES.

3512 289 3618 347 558

352 418 531 476 μενοι,
551 398 885 469 προήκουσιν
908 396 991 458 είς
1026 394 1184 449 τοῦτο
1200 397 1430 460 νωθείας
1448 393 1623 457 αὐτοὶ,
1656 391 1795 464 [καὶ]
1824 390 1914 462 pip

2036 403 2163 444 vero
2200 391 2554 459 dementiam,
2591 402 2651 450 ut
2706 404 2896 465 putent
2926 414 3014 455 me
3038 400 3241 471 dicere,
3283 408 3426 475 quod
3454 409 3613 470 Iesus

352 496 455 550 καὶ
484 488 832 561 ἁϐελτηρίας,
850 487 925 551 ὡς
943 487 1151 541 οἴεσθαί
1170 504 1239 558 με
1270 486 1450 555 λέγειν
1467 486 1527 540 οὐ
1542 485 1631 538 διὰ
1647 484 1740 537 τοῦ
1757 483 1928 536 ΙΙνεύ-

358 602 531 657 ματος
571 579 849 637 ἐκϐάλλειν
885 578 978 633 τὸν
1015 577 1226 649 Ἰησοῦν
1268 578 1337 631 τά
1364 577 1637 647 δαιμόνια.
1668 572 1795 646 'Ap‘
1829 575 1928 628 οὐκ

359 674 598 749 ἐναργὴς
643 668 973 740 συκοφαντία
1027 668 1187 722 τοῦτό
1236 683 1341 736 γε;
1382 668 1445 720 Ei
1495 667 1569 739 μὴ
1616 664 1780 738 γὰρυ
1828 665 1928 718 οὐκ

360 765 596 831 ἀξιοῦσιν
623 763 901 834 ὁμολογεῖν
940 760 1266 832 θεοσημείας
1302 755 1439 814 εῖναι
1486 762 1686 831 τρόπον
1723 760 1784 812 τὸ
1832 760 1926 811 ἐκ-

361 854 640 909 ϐάλλεσθαι
666 853 734 907 τὰ
759 854 1035 924 δαιμόνια,
1068 852 1334 921 λεγόντων
1361 852 1398 905 ἃ
1428 849 1729 922 βούλονται,
1754 850 1925 903 ποιεί-

360 963 530 1000 τωσαν
555 946 675 999 κατ’
705 944 886 1017 ὲμοῦο
915 944 977 997 τὸ
1004 943 1191 1014 χρῆμα
1236 942 1477 1015 γραφὴν,
1521 940 1926 1011 ἐγκαλείτωσαν

353 1035 430 1088 ὅτι
477 1034 552 1105 μὴ
596 1034 757 1087 τοῦτο
786 1033 926 1105 ἔφην
958 1032 1206 1100 ἐναργῶς
1232 1072 1246 1095 ,
1296 1032 1582 1100 σιωπήσας
1608 1029 1706 1092 τὰς
1734 1029 1924 1099 θεοση-

352 1126 530 1197 μείας.
566 1127 629 1178 Εί
658 1125 714 1178 δὲ
737 1123 873 1196 ὁμοῦ
909 1126 1023 1187 τοῖς
1059 1123 1240 1185 ἄλλοις
1270 1123 1367 1177 καὶ
1389 1123 1450 1175 τὸ
1477 1120 1833 1175 ὲκδάλλεσθαι
1857 1120 1925 1172 τὰ

346 1204 600 1288 δαιμόνια
626 1256 642 1281 ,
675 1216 877 1288 τρόπος
918 1214 983 1268 ἂν
1033 1215 1139 1286 εἴη,
1163 1216 1257 1267 καὶ
1299 1215 1400 1267 οὐκ
1430 1213 1804 1283 ἀθαύμαστος,
1823 1212 1925 1279 τῆς

348 1309 718 1379 θεοσημείας,
780 1308 833 1360 τί
878 1308 1079 1377 δήποτε
1145 1306 1403 1375 μεθέντες
1456 1304 1532 1368 ὡς
1580 1304 1807 1375 ἀκερδὲς
1863 1303 1924 1356 τὸ

347 1399 566 1452 ἑλέσθαι
604 1399 807 1468 μᾶλλον
830 1399 1140 1467 εὐστομεῖν,
1175 1398 1352 1450 καὶτὸ
1373 1398 1571 1468 χρῆναι
1606 1395 1787 1448 λαλεῖν
1823 1395 1922 1465 τὴν

346 1495 615 1565 ἀλήθειαν
654 1490 729 1554 ὡς
773 1491 942 1544 ἕωλον
988 1490 1458 1561 παραιτούμενοι,
1511 1488 1572 1541 τὸ
1612 1490 1755 1560 τῆςι)
1800 1486 1921 1541 καθ’

349 1585 508 1655 ἡμῶν
536 1582 938 1652 ἀθυροστομίας
982 1580 1307 1650 τετιμήκασι
1330 1579 1519 1649 χρῆμα
1537 1588 1588 1642 ι,
1622 1578 1716 1631 καὶ
1738 1577 1837 1630 οὐκ
1865 1578 1922 1628 ἐν

351 1673 538 1746 μικρῷ
560 1673 881 1742 πεποίηνται
914 1671 1055 1740 λόγῳ
1079 1671 1138 1723 τὸ
1162 1670 1306 1723 οὕτω
1339 1668 1744 1740 κατεψεγμένον
1772 1668 1923 1739 παρά

2031 484 2297 539 daemonia
2355 501 2462 542 non
2505 487 2730 555 ejecerit
2786 504 2881 559 per
2946 490 3234 563 Spiritum.
3280 496 3473 556 Annon
3531 514 3614 559 est

2032 574 2319 632 manifesta
2351 577 2624 633 calumnia
2649 578 2763 635 haec
2793 580 2817 634 ἲ
2864 579 3000 637 Nam
3039 584 3085 639 si
3112 585 3385 657 refugium
3436 593 3610 646 conli-

2032 664 2175 731 teri,
2198 666 2502 721 divinorum
2556 667 2832 739 signorum
2882 686 3050 742 genus
3082 689 3202 732 esse
3240 678 3364 748 ejicl
3402 681 3610 735 daemo-

2030 755 2140 821 nia,
2208 757 2391 812 dicant
2414 772 2536 827 quas
2572 760 2774 827 volunt,
2809 762 2862 818 id
2889 765 3019 820 mihi
3052 782 3150 837 pro
3181 769 3408 826 crimine
3440 775 3613 828 ascri-

2030 846 2177 912 bant,
2222 861 2477 905 accusent
2532 854 2674 921 quod
2725 855 2829 910 hoc
2874 872 2979 913 non
3031 861 3320 916 manifeste
3355 863 3608 932 dixerim,

2027 938 2317 1008 divinaque
2348 940 2501 1010 signa
2532 943 2753 1000 silentio
2783 949 3161 1015 praeterierim.
3202 951 3259 1007 Si
3292 963 3474 1010 autem
3519 958 3608 1011 in-

2030 1038 2108 1083 ter
2136 1040 2333 1085 caetera
2361 1030 2562 1100 ejicere
2595 1035 2859 1092 daemonia
2892 1040 3050 1111 183
3080 1056 3250 1113 genus
3286 1054 3370 1100 est
3395 1048 3605 1103 divino-

2025 1135 2145 1175 rum
2199 1122 2473 1192 signorum
2530 1126 2889 1184 admiratione
2938 1133 3196 1201 dignum,
3262 1151 3360 1190 cur
3408 1138 3605 1208 linguae

2024 1218 2334 1280 temperare
2365 1221 2623 1285 tanquam
2652 1232 2767 1272 rem
2804 1220 3054 1275 inutilem
3084 1233 3514 1295 contemnentes,
3550 1238 3607 1284 et

2026 1303 2170 1372 loqui
2205 1305 2497 1360 veritatem
2526 1315 2783 1378 tanquam
2832 1327 2946 1365 rem
2976 1308 3218 1382 putidam
3250 1317 3602 1390 refugientes,

2025 1395 2237 1450 dicendi
2264 1395 2699 1466 intemperantia
2729 1400 3016 1457 adversum
3043 1419 3143 1461 nos
3171 1407 3248 1461 uti
3275 1410 3602 1479 maluerunt,

2024 1492 2078 1538 et
2111 1499 2224 1540 rem
2259 1495 2545 1555 tantopere
2576 1492 2722 1559 apud
2758 1492 2925 1548 Deum
2966 1505 3022 1549 et
3051 1497 3300 1554 homines
3331 1501 3601 1572 vitupera-

2026 1586 2133 1629 tam
2166 1576 2300 1630 nihil
2360 1578 2632 1636 interesse
2662 1586 3023 1649 putaverunt?
3059 1587 3166 1642 Sed
3195 1590 3442 1645 videntur
3470 1592 3599 1647 mihi

2024 1678 2148 1720 esse
2189 1666 2344 1721 obliti
2373 1667 2580 1725 Christi
2608 1672 2839 1729 dicentis
2865 1693 2880 1729 :
2912 1696 2930 1727 ι
2959 1678 3239 1743 Quomodo
3265 1682 3412 1736 dices
3442 1683 3595 1737 fratri

346 1744 405 1819 τε
431 1744 549 1834 Θεῷ
575 1765 668 1818 καὶ
718 1762 1055 1835 άνθρώποις;
1087 1761 1472 1831 Ἐπιλελῆσθαι
1501 1761 1557 1814 δέ
1586 1778 1675 1831 μοι
1704 1759 1914 1813 δοκοῦσι

2029 1760 2119 1805 tuo
2148 1766 2164 1805 :
2194 1750 2412 1820 Frater,
2449 1756 2570 1812 sine
2601 1758 2814 1827 ejiciam
2840 1762 3100 1818 festucam
3129 1766 3194 1822 de
3219 1769 3373 1823 oculo
3402 1778 3514 1836 tuo,
3545 1782 3601 1826 et

343 1856 595 1926 λέγοντος
623 1854 715 1908 τοῦ
744 1854 985 1925 Χριστοῦ
1010 1871 1023 1882 ·
1061 1872 1079 1905 ι
1118 1854 1245 1917 Πῶς
1278 1856 1421 1925 ἐρεῖς
1449 1852 1527 1923 τῷ
1560 1851 1775 1922 ἀδελφῴ
1800 1868 1916 1905 σου·

354 1946 597 2016 ’Δδελφὲ,
632 1946 768 2014 ἄφες
800 1944 1017 1998 ἐκϐάλω
1043 1954 1067 1981 ι’
1092 1944 1154 1996 τὸ
1189 1943 1398 2014 κάρφος
1429 1945 1493 1996 ὲκ
1519 1942 1612 1995 τοῦ
1635 1940 1917 2011 ὀφθαλμοῦ

343 2055 459 2102 σου,
479 2038 576 2090 καὶ
598 2037 709 2090 ἰδοὺ
737 2038 773 2107 ἠ
790 2036 946 2098 δοκὸς
975 2036 1035 2088 ἐν
1055 2035 1133 2105 τῷ
1160 2035 1238 2106 σῷ
1264 2033 1565 2105 ὀφθαλμῷ;
1594 2032 1915 2105 ’Υποκριτὰ,

341 2129 538 2182 ἔκϐαλε
569 2126 784 2198 πρῶτον
809 2127 909 2195 τὴν
931 2126 1089 2180 δοκὸν
1124 2127 1187 2179 ὲκ
1216 2127 1310 2179 τοῦ
1349 2125 1629 2196 ὀφθαλμοῦ
1671 2143 1787 2191 σου,
1823 2127 1919 2178 καὶ

341 2220 462 2275 τότε
492 2218 787 2289 ἐμϐλέψεις
811 2229 833 2256 ⁸
889 2216 1143 2271 ἐκϐαλεῖν
1171 2218 1233 2270 τὸ
1265 2216 1476 2288 κάρφος
1505 2219 1570 2269 ἐκ
1600 2215 1695 2269 τοῦ
1725 2215 1921 2285 ὀφθαλ-

344 2313 447 2382 μοῦ
474 2313 569 2366 τοῦ
609 2311 839 2381 ἀδελφοῦ
873 2328 990 2364 σου.
1030 2330 1049 2363 ι
1087 2311 1208 2365 Ὅτι
1240 2312 1339 2381 μὲν
1367 2310 1474 2379 γὰρ
1533 2310 1818 2379 ὀμοούσιός
1856 2309 1916 2362 τέ

340 2406 490 2456 ἐστιν
515 2409 531 2438 ι
559 2402 592 2472 ἡ
627 2402 758 2470 άγία
788 2401 981 2473 Τριὰς,
1017 2401 1298 2473 ίσοσθενής
1326 2419 1387 2454 τε
1433 2402 1525 2454 καὶ
1558 2402 1828 2470 ίσουργός,
1858 2400 1919 2454 οὐ

339 2493 432 2547 διά
458 2509 523 2560 γε
570 2491 665 2544 τοῦ
695 2492 826 2562 παρ’
861 2492 1017 2561 ὑμῶν
1046 2491 1367 2562 ἐγνώκαμεν
1400 2492 1560 2559 λόγου
1582 2508 1595 2521 ·
1638 2491 1918 2562 πεπληρο-

345 2580 638 2650 φορήμεθα
679 2580 737 2632 δὲ
785 2580 983 2649 μᾶλλον
1028 2583 1090 2633 ὲκ
1123 2581 1221 2650 τῆς
1271 2580 1630 2635 θεοπνεύστου
1673 2581 1914 2651 Γραφῆς.

349 2672 475 2721 Ὀτι
503 2670 561 2722 δὲ
585 2672 702 2722 κατ’
737 2670 929 2723 οὐδένα
956 2671 1156 2740 τρόπον
1192 2674 1303 2734 τοῖς
1341 2672 1443 2741 τῆς
1471 2671 1638 2743 ὀρθῆς
1685 2672 1917 2736 πίστεως

350 2760 756 2830 διαλυμανεῖται
794 2759 990 2829 λόγοις,
1023 2761 1227 2830 ὀνίνησι
1256 2760 1309 2814 δὲ
1340 2762 1543 2831 μᾶλλον
1569 2765 1597 2816 ὀ
1630 2763 1916 2833 προκείμε-

347 2868 438 2915 νος
468 2850 932 2922 άναθεματισμός,
959 2853 1341 2924 ἀταλαίπωρον
1373 2854 1519 2908 ἰδεῖν.
1539 2856 1674 2918 Τοὺς
1701 2855 1810 2926 γάρ
1835 2874 1914 2909 τοι

342 2943 687 3012 διαιροῦντας
716 2943 809 2996 τὸν
838 2943 934 2998 ἕνα
977 2944 1184 3016 Κύριον
1227 2946 1431 3017 Ἰησοῦν
1467 2948 1722 3018 Χριστὸν,
1758 2950 1916 3019 μερί-

336 3036 534 3101 ζοντας
560 3053 619 3088 τε
647 3035 830 3100 αὐτὸν,
862 3037 935 3100 ὡς
979 3036 1079 3107 ἤδη
1128 3037 1444 3103 πλειστάκις
1474 3042 1799 3112 είρήκαμεν,
1834 3042 1914 3103 είς

334 3127 628 3199 ἄνθρωπον
681 3127 902 3193 ίδικῶς,
948 3130 1042 3182 καὶ
1088 3131 1168 3191 είς
1198 3130 1329 3185 Θεὸν
1369 3132 1544 3200 Λόγον
1585 3132 1790 3197 ίδικῶς,
1838 3133 1915 3196 ὼς

333 3219 476 3274 δύοιι
500 3220 738 3274 νοεῖσθαι
766 3221 1035 3291 πρόσωπά
1057 3239 1117 3275 τε
1154 3223 1247 3276 καὶ
1274 3224 1603 3288 ὑποστάσεις
1646 3224 1915 3295 διισχυρι-

337 3310 573 3383 ζομένας
604 3313 700 3366 ἀπ’
721 3312 969 3384 ἀλλήλων
981 3324 1032 3378 τ,
1049 3314 1210 3367 τοῦτο
1230 3315 1365 3386 δρᾷν
1389 3316 1491 3368 οὐκ
1521 3317 1588 3386 ἐᾷ
1608 3332 1623 3346 ο
1655 3314 1780 3369 οὔτε
1806 3316 1913 3386 μὴν

338 3405 522 3476 ἐφίησι
568 3404 748 3473 λέγειν
793 3407 869 3469 ὡς
910 3406 1006 3461 ἕνα
1056 3406 1235 3461 κοινὸν
1265 3407 1552 3478 ἄνθρωπον
1585 3407 1914 3477 ὲνηργῆσθαι

342 3498 490 3568 παρὰ
531 3496 626 3550 τοῦ
676 3497 991 3567 ΙΙνεύματος
1015 3498 1106 3551 τὸν
1147 3498 1375 3569 Ἰησοῦν,
1404 3499 1541 3569 πρός
1572 3515 1636 3567 γε
1668 3501 1728 3551 τὸ
1756 3498 1916 3552 δύνα-

340 3590 466 3641 σθαι
516 3588 817 3658 κατορθοῦν
865 3589 963 3651 τὰς
997 3589 1328 3660 θεοσημείας
1351 3607 1364 3620 ο
1411 3590 1531 3643 ἐπεὶ
1570 3592 1690 3643 κατ’
1723 3590 1914 3643 οὐδένα

334 3680 522 3733 διοίσει
552 3681 754 3750 τρόπον
781 3680 888 3733 τῶν
914 3681 1084 3748 ἁγίων
1115 3681 1449 3745 ἀποστόλων,
1472 3682 1505 3754 ἢ
1539 3680 1671 3749 γοῦν
1698 3698 1911 3752 προφη-

333 3773 464 3836 τῶν,
499 3772 547 3826 οἶ
594 3772 680 3826 διά
719 3773 816 3844 τῆς
850 3771 1056 3827 ἄνωθεν
1102 3773 1441 3845 ἡμερότητος
1482 3773 1593 3826 τῶν
1624 3773 1785 3826 θείων
1818 3791 1911 3844 χα-

337 3865 618 3934 ρισμάτων
645 3864 1127 3935 ἀναπιμπλάμενοι
1146 3868 1304 3933 φαῖεν
1329 3865 1395 3919 ἂν
1420 3866 1665 3928 εἰκότωςο
1688 3865 1911 3934 ιΧάριτι

335 3955 467 4007 Θεοῦ
508 3957 675 4025 ἐσμεν
700 3955 727 4007 ὃ
756 3956 942 4025 ἐσμεν.
979 3975 996 4007 ι
1043 3955 1207 4009 Ἀλλὰ
1234 3959 1345 4020 τοῖς
1381 3958 1478 4026 μὲν
1509 3956 1682 4025 ἁγίοις
1712 3957 1909 4028 ἀνδρά-

334 4062 441 4109 σιν,
494 4043 575 4108 οἷς
617 4046 650 4115 ἡ
699 4044 809 4097 τῶν
851 4045 1002 4116 παρὰ
1050 4045 1187 4098 Θεοῦ
1233 4046 1589 4117 χαρισμάτων
1635 4048 1908 4118 ἐμπρέπει

333 4136 599 4205 διανομὴ,
653 4135 946 4206 ἁρμόσειεν
990 4134 1058 4189 ἂν
1101 4136 1376 4200 είκότωςι
1431 4139 1463 4208 ἡ
1506 4138 1683 4193 τοιάδε
1729 4141 1904 4211 φωνὴ,

330 4224 557 4294 Χριστῷ
581 4225 637 4277 δὲ
664 4224 869 4278 οὐκέτι.
902 4224 1062 4279 Ἴδιον
1090 4223 1198 4296 γὰρ
1229 4225 1376 4296 αὐτῷ
1399 4234 1428 4274 1
1455 4226 1514 4280 τὸ
1539 4228 1764 4299 Πνεῦμά
1790 4232 1905 4283 ἐστι

331 4318 393 4368 τὸ
420 4315 594 4383 ano»,
627 4316 880 4385 καθάπερ
911 4315 1105 4386 ἀμέλει
1130 4318 1224 4369 καὶ
1247 4316 1341 4369 τοῦ
1369 4318 1504 4372 Θεοῦ
1534 4320 1628 4372 καὶ
1657 4322 1869 4392 Πατρός
1889 4339 1902 4351 ·

2023 1852 2153 1894 ecce
2202 1841 2350 1898 trabs
2397 1852 2480 1899 est
2530 1846 2581 1901 in
2616 1849 2773 1903 oculo
2814 1853 2946 1907 tuo?
2972 1853 3297 1925 Hypocrita,
3330 1860 3465 1929 ejice
3496 1864 3600 1931 pri-

2024 1943 2171 1983 mum
2207 1932 2416 1987 trabem
2458 1935 2526 1989 de
2564 1938 2723 1993 oculo
2763 1949 2876 2006 tuo,
2918 1953 2973 1998 et
3013 1955 3141 2000 tunc
3166 1947 3373 2004 videbis
3400 1951 3598 2020 ejicere

2022 2019 2290 2077 festucam
2329 2026 2394 2079 de
2426 2027 2585 2082 oculo
2618 2029 2802 2087 fratris
2833 2034 2908 2087 tui
2932 2034 2971 2089 δ.
3005 2055 3024 2086 ι
3058 2035 3190 2092 Nam
3228 2042 3368 2109 quod
3409 2019 3594 2099 sancta

2023 2111 2265 2168 Trinitas
2311 2114 2552 2182 ejusdem
2607 2120 2677 2174 sit
2724 2124 3062 2193 substantiae,
3095 2130 3335 2197 ejusdem
3387 2133 3597 2189 roboris

2020 2212 2075 2258 et
2119 2207 2474 2275 operationis,
2518 2224 2627 2264 non
2658 2226 2755 2280 per
2789 2228 3027 2270 vestrum
3064 2220 3351 2277 didicimus
3392 2238 3598 2280 sermo-

2023 2306 2167 2361 nem,
2205 2295 2299 2349 sed
2339 2311 2526 2352 sumus
2554 2300 2729 2355 edocti
2767 2304 2946 2371 potius
2989 2321 3055 2361 ex
3085 2323 3239 2363 sacra
3286 2312 3591 2383 Scriptura.

2021 2383 2175 2451 Quod
2205 2395 2387 2441 autem
2409 2390 2720 2457 propositus
2744 2396 3234 2456 anathematismus
3253 2404 3403 2458 nullo
3435 2407 3594 2462 modo

2023 2484 2185 2530 rectae
2239 2475 2361 2529 fidei
2411 2480 2758 2535 sermonibus
2807 2482 2974 2550 obsit,
3014 2488 3106 2541 sed
3154 2490 3327 2557 prosit
3371 2494 3589 2561 potius.

2021 2567 2140 2623 sine
2165 2568 2353 2623 labore
2382 2570 2568 2626 videre
2588 2571 2734 2627 licet.
2765 2572 2899 2629 Nam
2924 2592 3016 2633 eos
3037 2579 3128 2648 qui
3155 2580 3403 2636 dividunt
3430 2601 3591 2640 unum

2019 2656 2304 2713 Dominum
2346 2657 2527 2714 Jesum
2560 2661 2871 2733 Christum,
2918 2678 2972 2723 et
3014 2670 3258 2726 dividunt
3305 2674 3501 2743 ipsum,
3537 2692 3595 2731 ιιι

2011 2749 2122 2815 jam
2153 2750 2453 2817 saepissime
2487 2752 2741 2818 diximus,
2778 2756 2829 2811 in
2862 2758 3135 2815 hominem
3170 2767 3424 2832 seorsim,
3453 2780 3508 2822 et
3539 2770 3590 2823 in

2021 2840 2188 2895 Deum
2237 2840 2474 2897 Verbum
2531 2846 2786 2911 seorsim,
2841 2849 2916 2903 ita
2969 2861 3024 2904 ut
3063 2853 3182 2908 dna:
3227 2856 3593 2929 intelligantur

2018 2946 2261 2998 personae
2310 2943 2366 2989 et
2415 2935 2788 2991 subsistentia:
2840 2939 2980 2997 inter
3025 2958 3085 2998 se
3131 2944 3431 3015 disjunctae,
3491 2951 3592 3005 hoc

2024 3025 2201 3081 facere
2255 3042 2363 3082 non
2415 3029 2798 3099 sinit:neque
2849 3035 3119 3101 permittit
3173 3037 3398 3105 dicere,
3450 3044 3590 3110 quod

2025 3126 2275 3185 tanquam
2307 3133 2446 3173 unus
2478 3118 2785 3174 communis
2812 3121 2974 3177 homo
3000 3122 3157 3181 Jesus
3187 3126 3365 3182 divina
3400 3130 3448 3183 vi
3478 3132 3592 3201 agi-

2022 3217 2170 3275 tante
2209 3221 2386 3264 motus
2419 3210 2586 3268 fuerit
2612 3230 2641 3269 a
2668 3215 2872 3286 Spiritu
2906 3219 3119 3283 saneto,
3150 3224 3210 3271 ut
3247 3219 3420 3286 possit
3446 3221 3592 3276 scili-

2017 3309 2105 3353 cet
2156 3301 2341 3355 divina
2388 3305 2546 3375 signa
2634 3310 2937 3377 perlicere;
2981 3308 3180 3379 alioqui
3236 3311 3384 3366 nullo
3431 3314 3589 3367 modo

2017 3389 2230 3445 dill'eret
2265 3409 2296 3447 a
2348 3397 2554 3452 sanctis
2595 3400 2857 3468 apostolis
2890 3401 2973 3454 vel
3014 3403 3315 3472 prophetis,
3356 3406 3445 3475 qui
3491 3421 3590 3476 per

2016 3483 2254 3538 divinam
2288 3485 2679 3557 benignitatem
2712 3492 2912 3547 divinis
2945 3494 3149 3565 impleti
3181 3496 3357 3561 donis,
3393 3499 3590 3553 merito

2016 3572 2200 3629 dicere
2265 3589 2531 3645 possunt:
2572 3599 2591 3631 ι
2624 3581 2810 3637 Gratia
2863 3585 2961 3638 Dei
3022 3602 3243 3651 sumus,
3298 3590 3441 3657 quod
3497 3606 3587 3644 su-

2015 3682 2135 3723 mus
2157 3668 2200 3723 '.
2237 3688 2254 3719 ι
2294 3670 2400 3724 Sed
2437 3674 2641 3728 sanctis
2672 3677 2888 3743 quidem
2921 3679 3076 3745 viris,
3111 3680 3164 3733 in
3190 3682 3383 3749 quibus
3415 3684 3585 3736 dono-

2016 3774 2134 3813 rum
2167 3764 2342 3816 sancti
2375 3764 2613 3832 Spiritus
2640 3768 2952 3824 distributio
2983 3772 3265 3841 praecellit,
3297 3774 3431 3828 bene
3451 3791 3582 3829 con—

2012 3852 2157 3920 gruit
2199 3854 2313 3907 hazc
2352 3869 2477 3920 vox,
2509 3856 2732 3913 Christo
2772 3868 2949 3914 autem
2983 3878 3092 3916 non
3138 3863 3290 3918 item.
3329 3864 3586 3934 Prnprius

2011 3945 2156 3997 enim
2193 3956 2277 3998 est
2309 3943 2424 4012 ejus
2457 3944 2697 4015 Spiritus
2725 3960 2966 4017 sanctus,
2994 3954 3445 4021 quemadmodum
3479 3957 3584 4010 sci-

2010 4034 2139 4089 licet
2185 4046 2267 4089 est
2314 4038 2405 4090 Dei
2457 4037 2639 4093 Patris
2671 4058 2684 4093 :
2713 4052 2971 4109 operatur
3017 4053 3196 4096 autem
3244 4046 3384 4098 sicut
3422 4045 3586 4100 Pater

2009 4143 2109 4196 per
2143 4126 2427 4196 Spiritum,
2475 4131 2547 4184 ita
2596 4141 2651 4186 et
2696 4133 2830 4200 ipse.
2868 4132 3056 4203 Itaque
3090 4135 3339 4203 quamvis
3376 4137 3583 4191 diceret

2009 4217 2209 4272 Judmis
2246 4237 2258 4272 :
2295 4238 2312 4269 ι
2345 4220 2506 4274 Multa
2542 4221 2682 4276 bona
2715 4238 2877 4293 opera
2910 4224 3122 4280 ostendi
3155 4226 3310 4280 vobis
3347 4242 3375 4281 a
3422 4227 3583 4284 Patre

2009 4325 2133 4364 meo
2157 4311 2207 4375 ⁶;
2242 4329 2260 4361 ι
2287 4321 2341 4365 et
2374 4331 2387 4366 :
2421 4330 2439 4363 ι
2472 4313 2508 4365 Α
2541 4314 2745 4384 meipso
2800 4332 2904 4370 non
2942 4316 3173 4386 loquor:
3200 4315 3361 4372 Pater
3401 4328 3579 4374 autem

332 4408 548 4476 ἐνεργεῖ
573 4407 627 4459 δὲ
654 4406 843 4480 ὥσπερ
877 4410 905 4461 ὀ
941 4408 1131 4479 Πατὴρ
1159 4407 1245 4461 διὰ
1277 4409 1369 4462 τοῦ
1408 4410 1901 4482 Πνεύματος,οὐτω

2018 4404 2065 4458 in
2109 4419 2194 4458 me
2241 4420 2485 4470 manens,
2519 4406 2633 4474 ipse
2669 4406 2799 4461 facit
2846 4423 3007 4477 opera
3033 4408 3053 4436 ⁸⁷
3080 4424 3094 4473 ;
3125 4426 3144 4461 ι
3179 4423 3367 4463 rursus
3402 4419 3579 4464 tamen

330 4498 424 4551 καὶ
446 4497 631 4560 αὐτός.
654 4499 764 4551 Καὶ
786 4498 938 4566 γοῦν,
964 4498 1140 4551 καίτοι
1167 4498 1338 4567 λέγων
1354 4500 1627 4565 Ἰουδαίοις
1647 4518 1660 4532 ⁶
1688 4521 1705 4554 ι
1731 4502 1906 4557 Πολλὰ

331 4588 473 4643 καλὰ
501 4588 676 4654 ἔδειξα
705 4591 834 4659 ὑμῖν
864 4588 999 4660 ἔργα
1022 4589 1174 4661 παρὰ
1204 4590 1297 4643 τοῦ
1331 4592 1543 4662 Πατρός
1579 4610 1680 4663 μου
1701 4612 1747 4646 ἰ
1782 4595 1904 4661 καὶ,

336 4700 355 4732 ι
396 4681 515 4734 Ἀπ’
557 4679 797 4752 ἐμαυτοῦ
827 4682 886 4734 οὐ
916 4682 1094 4735 λαλῶ·
1126 4685 1154 4736 ὀ
1186 4682 1248 4757 δὲ
1282 4682 1467 4755 Πατὴρ
1514 4686 1541 4736 ὀ
1572 4687 1628 4737 ἐν
1658 4688 1778 4756 ἐμοὶ
1810 4688 1907 4757 μὲ-

330 4790 456 4836 νων,
489 4775 634 4824 ποιεῖ
654 4772 722 4824 τὰ
753 4771 890 4842 ἔργα
922 4773 1083 4835 αὐτός
1108 4755 1195 4825 κοί
1224 4773 1328 4845 ἔφη
1356 4774 1412 4827 δέ
1444 4791 1546 4827 που
1581 4755 1760 4828 πάλιν·
1798 4755 1820 4826 ιν
1842 4778 1905 4829 EE

328 4862 385 4917 δὲ
417 4865 529 4931 ἐγὼ
559 4866 616 4917 ἐν
662 4863 938 4933 Πνεῦμα-ιι
977 4863 1110 4916 Θεοῦ
1161 4865 1406 4919 ἐκϐάλλω
1454 4866 1523 4920 τὰ
1568 4868 1839 4937 δαιμόνια·
1877 4889 1893 4918 ι

328 4955 425 5023 τὴν
449 4955 537 5007 διὰ
562 4953 654 5008 τοῦ
691 4955 831 5008 Πνεύ
842 4973 1008 5026 ματος
1030 4956 1312 5026 ἐνέργειαν
1343 4958 1616 5021 ἀνατιθεὶς
1642 4959 1816 5029 ἑαυτῴ
1840 4978 1896 5012 τε

326 5046 419 5098 καὶ
451 5045 528 5115 τῷ
578 5045 756 5114 Πατρὶ
786 5045 873 5098 διὰ
908 5045 1006 5115 τὴν
1062 5047 1365 5118 ταυτότητα
1399 5048 1497 5117 τῆς
1540 5049 1744 5112 οὐσίας.
1788 5051 1899 5103 Καὶ

326 5135 491 5199 πολὺς
530 5135 597 5188 ἂν
627 5135 833 5203 γένοιτο
869 5137 962 5189 καὶ
995 5137 1201 5208 μακρὸς
1233 5140 1260 5191 ό
1306 5139 1436 5209 περὶ
1471 5139 1675 5192 τούτων
1701 5140 1856 5208 λόγος
1878 5157 1892 5171 ο

392 5295 415 5321 ⁸
446 5291 639 5347 Matth.
688 5306 783 5356 vn,
813 5291 870 5356 4,
907 5293 961 5349 5.
1038 5294 1059 5325 ⁵
1088 5294 1108 5347 ι
1139 5295 1361 5362 Cor.xv,
1398 5296 1486 5348 10.
1565 5297 1584 5327 ⁸
1610 5295 1764 5350 Joan.
1805 5314 1857 5363 κ,
1888 5299 1914 5351 5

2056 5299 2075 5328 ⁷
2108 5297 2266 5354 Joan.
2314 5315 2424 5361 xw,
2466 5299 2552 5352 l0.

2007 4495 2204 4551 alicubi
2237 4495 2448 4552 dicebat
2479 4512 2495 4550 :
2532 4518 2550 4548 ι
2588 4498 2643 4551 Si
2686 4508 2864 4552 autem
2910 4514 3007 4568 ego
3038 4500 3088 4552 in
3122 4497 3326 4568 Spiritu
3357 4501 3449 4554 Dei
3482 4500 3581 4568 eji-

2007 4589 2092 4643 cio
2132 4588 2473 4654 daemonia“;
2513 4609 2530 4640 ι
2564 4591 2935 4658 operationem
2984 4605 3080 4658 per
3129 4588 3391 4660 Spiritum
3439 4595 3580 4649 refe-

1990 4682 2134 4735 rens
2164 4682 2214 4733 in
2249 4696 2307 4735 se
2344 4691 2398 4733 et
2423 4680 2662 4746 Patrem,
2693 4692 2915 4750 propter
2942 4683 3279 4738 identitatem
3312 4685 3570 4740 substan-

2008 4776 2113 4828 tize.
2157 4775 2222 4827 Et
2275 4774 2475 4828 inultus
2522 4774 2735 4840 quidem
2788 4790 2850 4828 ac
2903 4777 3144 4845 prolixus
3194 4787 3340 4832 esset
3386 4781 3451 4833 de
3494 4778 3579 4833 his

2008 4870 2170 4923 rebus
2228 4883 2445 4922 sermo:
2483 4866 2642 4941 184
2671 4871 2762 4923 sed
2805 4869 2950 4924 illum
3003 4872 3231 4926 dilatare
3275 4872 3578 4926 volentibus

2008 4962 2348 5015 convenicnti
2402 4970 2663 5030 tempore,
2714 4970 2771 5016 ut
2808 4972 2956 5032 puto,
3000 4980 3133 5033 Opus
3185 4973 3348 5018 esset.
3392 4963 3577 5030 Itaque

2007 5067 2111 5105 non
2140 5053 2295 5121 quasi
2339 5053 2514 5107 aliena
2549 5054 2746 5108 virtute
2773 5070 2867 5123 per
2899 5054 3161 5124 Spiritum
3198 5065 3401 5107 motum
3444 5053 3578 5105 dici-

2006 5159 2125 5199 mus
2179 5142 2579 5197 Emmanuelem
2611 5184 2627 5209 ,
2669 5146 2763 5199 sed
2814 5145 2901 5198 illa
2959 5147 3134 5214 potius
3190 5145 3371 5198 divino
3427 5158 3578 5198 more

2648 5299 2669 5329 ⁸
2702 5298 2891 5351 Matth.
2936 5315 3030 5362 xu,
3069 5298 3160 5352 93.

1386 5450 1561 5505 Vat-im
1603 5450 1863 5506 lectiones
1893 5466 1958 5505 ex
1985 5450 2172 5506 codice
2211 5451 2585 5521 Segnieriano.

396 5620 419 5647 η
445 5611 490 5660 si
519 5607 623 5684 μὲν
649 5604 788 5684 γάρ.
867 5612 890 5641 ο
921 5602 1297 5684 ποιείσθωσαν
1340 5604 1395 5684 δὲ
1430 5605 1550 5657 κατ’
1580 5605 1734 5684 ἐμοῦ.
1814 5617 1840 5655 Ρ
1862 5605 1940 5684 τῷ
1962 5605 2084 5684 τῆς.
2163 5615 2187 5654 q
2219 5604 2486 5684 χρήματι.
2570 5612 2596 5684 ξ
2622 5601 2854 5683 ἐκϐαλῶ.
2933 5611 2953 5637 ³
2980 5604 3348 5684 περιϐλέψας.
3431 5607 3450 5644 ι
3483 5600 3574 5657 οὗν

324 5674 574 5747 ignouerit:
600 5678 661 5732 τέ
690 5674 851 5745 ἐστιν,
931 5686 955 5715 ιι
991 5679 1069 5737 εἰς
1106 5674 1215 5731 δύο.

1298 5685 1321 5710 ν
1360 5674 1434 5727 διε
1447 5678 1820 5744 τχοινισμὲνας
1852 5675 2111 5745 ἀλλήλων.

2194 5688 2217 5715 x
2249 5674 2494 5734 εἰκότως.
2572 5680 2596 5719 Y
2627 5672 2810 5725 αὐτοῦ.
2894 5684 2913 5709 τ
2952 5672 3136 5728 αὐτοῦ.
