4014 6128
389 306 492 363 359

1410 301 1469 355 S.
1511 298 1784 354 CYHILLI
1821 293 2287 354 ALEXANDHINI
2329 292 2649 352 ARCHIEP.

3535 293 3640 347 560

387 429 568 479 usum,
603 423 659 468 et
699 414 976 484 propriam
1014 413 1273 468 habuisse
1312 411 1789 468 consubstantialis
1819 409 1952 480 Spi-

2068 411 2150 475 Βῶ,
2195 407 2422 481 οἶμαια,
2473 406 2664 478 καιροῦ
2717 405 2810 458 τοῦ
2863 402 3194 491 καθήκοντος
3243 401 3354 466 τοῖς
3399 402 3645 459 ἐθέλουσι

388 508 526 563 ritus
568 505 847 562 virtutem.
897 503 1033 559 Nam
1079 505 1224 559 beati
1260 503 1477 573 quidem
1525 501 1772 572 discipuli
1809 501 1961 570 signa

395 599 653 653 facientes
699 597 1002 652 dicebant:
1044 615 1062 646 ι
1101 595 1234 658 Viri,
1284 593 1411 663 quid
1458 593 1612 648 nobis
1661 592 1961 657 attenditis,

397 688 542 758 quasi
586 686 802 756 propria
859 685 1059 739 virtute
1104 693 1196 738 aut
1230 684 1431 752 pietate
1461 681 1749 738 fecerimus
1773 680 1962 735 ambu-

400 779 507 833 lare
555 778 825 848 Speciosae
882 786 1052 846 porta:
1111 776 1441 830 assidentem
1492 773 1776 828 claudum?
1836 771 1960 827 Pro-

391 870 541 937 prius
576 878 754 922 autem
786 867 991 922 Christi
1049 878 1133 921 est
1165 866 1399 935 Spiritus
1447 863 1622 934 ejus“.
1658 883 1676 917 ι
1707 864 1818 920 Illis
1863 880 1961 918 au.

395 969 498 1015 tem
536 960 627 1028 qui
675 967 858 1013 nostra
887 958 1238 1022 cavillantur,
1289 958 1390 1012 hoc
1426 941 1699 1011 dicimus:
1736 955 1793 1010 Si
1837 956 1960 1025 qui-

392 1053 510 1105 dem
542 1065 649 1104 non
677 1050 926 1120 displicet
964 1050 1180 1104 illorum
1217 1048 1489 1103 mentibus
1522 1046 1685 1100 dividi
1722 1047 1963 1101 indivisi-

392 1140 646 1207 bilem,et
663 1141 864 1204 dicere,
887 1141 1030 1196 sicut
1051 1155 1391 1194 communem
1416 1139 1688 1194 hominem
1708 1140 1961 1208 operandi

392 1234 688 1305 impulsum
719 1234 904 1290 Iesum
951 1233 1230 1300 accepisse
1258 1246 1354 1299 per
1377 1229 1634 1299 Spiritum
1663 1247 1676 1283 ε
1703 1243 1807 1284 non
1851 1244 1961 1284 ma-

391 1341 624 1396 gnopere
652 1325 953 1381 curandum
1015 1323 1124 1377 erit
1155 1321 1222 1376 de
1256 1321 1321 1374 iis
1357 1319 1446 1388 qui
1497 1319 1576 1373 sic
1606 1317 1782 1372 aﬁ‘ecti
1817 1327 1958 1372 sunt.

394 1417 487 1471 Sin
539 1417 810 1470 Christum
864 1428 1032 1468 unum
1093 1420 1150 1465 et
1181 1409 1374 1464 Filium
1421 1416 1476 1462 et
1519 1407 1800 1461 Dominum
1844 1421 1964 1463 esse

392 1507 750 1570 conﬁtentur,
799 1505 1165 1570 enmdemque
1207 1515 1329 1556 csse
1367 1499 1527 1555 simul
1571 1499 1736 1553 Deum
1768 1510 1824 1555 et
1866 1499 1963 1556 ho-

393 1598 633 1659 minem;
667 1595 890 1650 credant
938 1593 1246 1656 nobiscum,
1273 1590 1417 1661 quod
1451 1577 1572 1645 'non
1602 1591 1798 1660 accipit
1837 1605 1964 1660 ope-

393 1689 543 1742 randi
581 1688 892 1742 facultatem
931 1685 1090 1755 quasi
1127 1699 1155 1736 a
1187 1682 1412 1737 meliore
1441 1681 1672 1751 quadam
1707 1691 1763 1737 et
1790 1681 1960 1736 aliena

2068 499 2416 572 κατευρύνειν
2437 501 2463 540 ι)
2512 498 2694 553 αὐτόν.
2731 490 2940 550 Οὐκοῦν
2966 495 3065 565 οὐχ
3095 494 3168 556 ὡς
3198 493 3458 565 ἀλλοτρίᾳ
3483 490 3644 551 δυνά-

2067 609 2158 662 μει
2181 594 2246 662 τῇ
2275 591 2362 644 διὰ
2383 590 2697 660 Πνεύματος
2727 586 3061 660 ένηργῆσθαί
3092 603 3272 656 φαμεν
3295 586 3386 638 τὸν
3425 586 3642 657 Ἐμμα-

2064 681 2262 751 νουὴλ,
2300 679 2714 752 ἀποκεχρῆσθαι
2747 678 2804 731 δὲ
2851 677 3050 749 μᾶλλον
3093 675 3231 747 αὐτῇ
3278 675 3499 741 θεῖκῶς,
3547 678 3644 732 καὶ

2069 773 2203 826 ίδίαν
2235 772 2379 842 έχειν
2421 772 2520 843 τὴν
2553 770 2647 825 τοῦ
2691 770 2977 841 ὁμοουσίου
3020 767 3339 840 Πνεύματος
3384 768 3638 840 δύναμιν.

2066 865 2127 918 Ol
2158 863 2258 934 μὲν
2304 863 2414 934 γὰρ
2454 863 2710 935 μακάριοι
2760 861 3001 933 μαθηταὶ
3029 861 3098 915 τά
3130 864 3332 933 σημεῖα
3360 861 3643 923 ποιοῦντες

2064 952 2282 1023 ἔλεγον⁸
2327 974 2346 1006 ι
2386 955 2634 1025 Ἄνδρες,
2680 954 2734 1008 τί
2765 957 2894 1026 ἡμῖν
2929 944 3270 1026 προσέχετεί
3300 953 3374 1017 ὡς
3411 954 3519 1024 ἰδίᾳ
3553 953 3643 1007 δυ·-

2064 1047 2226 1118 νάμει
2257 1047 2289 1118 ἢ
2328 1047 2580 1118 εὐσεϐείᾳ
2611 1047 2942 1118 πεποιηκόσι
2968 1047 3060 1101 τοῦ
3091 1049 3415 1118 περιπατεῖν
3441 1047 3532 1100 τὸν
3569 1049 3636 1116 τῇ

2075 1132 2266 1207 Ὡραίᾳ
2285 1135 2424 1208 πύλῃ
2445 1137 2642 1210 προῖζή
2654 1154 2823 1191 σαντα
2843 1148 2864 1176 ε
2888 1137 3060 1208 χωλόν
3080 1155 3094 1204 ;
3131 1138 3292 1191 Ἴδιον
3319 1138 3377 1191 δὲ
3399 1134 3634 1211 Χριστοῦ

2063 1227 2124 1281 τὸ
2169 1227 2396 1297 Πνεῦμα
2439 1229 2626 1282 αὐτοῦ.
2676 1249 2694 1280 ι
2753 1231 2878 1293 Τοῖς
2933 1247 2997 1299 γε
3057 1228 3164 1301 μὴν
3217 1229 3632 1282 κατασκοπεῖνιι

2064 1318 2307 1373 ἐθέλουσι
2355 1319 2422 1373 τὰ
2465 1322 2595 1392 παρ’
2643 1320 2819 1392 ἡμῶν,
2855 1315 3034 1376 ἐκεῖνό
3063 1338 3275 1392 φαμεν·
3309 1322 3371 1374 Εἰ
3402 1322 3498 1392 μὲν
3524 1321 3634 1393 γὰρ

2063 1409 2164 1462 οὐκ
2193 1410 2390 1482 ἀπᾴδει
2429 1414 2548 1475 ταῖς
2579 1412 2760 1465 αὐτῶν
2788 1411 3045 1477 διανοίαις
3072 1413 3135 1465 τὸ
3162 1412 3483 1484 μερίζεσθαι
3521 1412 3582 1466 τδ
3609 1425 3634 1452 ε

2064 1502 2388 1574 ἀμέριστον,
2419 1505 2514 1557 καὶ
2539 1505 2615 1569 ὡς
2644 1507 2819 1561 κοινὸν
2859 1509 3145 1578 ἄνθρωπον
3175 1505 3515 1577 ὲνηργῆσθαι
3550 1505 3635 1558 λέι·

2065 1607 2182 1659 γειν
2227 1591 2316 1646 διὰ
2358 1593 2452 1646 τοῦ
2503 1595 2820 1666 Πνεύματος
2863 1596 2954 1651 τόν
2997 1595 3224 1668 Ἰησοῦν,
3270 1592 3485 1660 πολὺςῖ
3527 1596 3634 1649 τῶν

2064 1681 2208 1736 οὕτω
2235 1684 2600 1756 διακειμένων
2647 1690 2675 1741 ό
2720 1687 2895 1756 λόγος.
2941 1689 3005 1741 Ei
3038 1687 3094 1742 δὲ
3129 1683 3366 1760 Χριστὸν
3404 1686 3502 1741 ἕνα
3543 1685 3634 1740 καὶ

391 1781 462 1834 ab
493 1779 580 1833 illo
614 1779 845 1843 virtute;
895 1779 1015 1846 ipse
1062 1783 1244 1828 autem
1282 1775 1458 1843 potius
1498 1781 1754 1847 operatur
1783 1773 1962 1826 divina

2068 1773 2217 1842 Υἱὸν,
2239 1777 2333 1828 καὶ
2348 1777 2552 1847 Κύριον
2583 1777 2988 1848 ὁμολογούντων
3009 1787 3034 1825 8
3059 1777 3342 1848 ὑπάρχειν,
3363 1773 3453 1829 τὸν
3478 1773 3635 1828 αὑτὸν

392 1873 542 1942 signa
569 1872 719 1941 quasi
749 1885 843 1940 per
868 1868 1149 1939 proprium
1176 1864 1460 1935 Spiritum,
1489 1865 1541 1919 in
1572 1879 1681 1933 quo
1706 1873 1761 1918 et
1785 1865 1960 1919 omnis

2068 1864 2192 1920 ὄντα
2237 1866 2371 1922 Θεόν
2421 1885 2479 1920 τε
2528 1868 2664 1939 ὁμοῦ
2735 1871 2829 1923 καὶ
2873 1868 3178 1940 ἄνθρωπον,
3231 1865 3636 1920 πιστευέτωσαν

391 1975 571 2016 rerum
601 1961 865 2016 factarum
899 1961 1071 2012 virtus
1096 1957 1164 2010 “.
1192 1955 1327 2009 Nam
1370 1955 1448 2009 sic
1475 1953 1724 2009 desinent
1754 1953 1955 2008 frustra

2068 1958 2184 2027 μεθ’
2215 1959 2392 2030 ἡμῶν,
2427 1962 2502 2026 ὡς
2537 1962 2639 2015 οὐκ
2685 1961 2937 2033 ἐνεργείᾳ
2959 1962 2986 2002 ιι
3021 1961 3215 2032 μᾶλλον
3261 1958 3337 2022 ὡς
3365 1957 3639 2030 κρείττονι

392 2066 491 2106 nos
518 2051 766 2116 irridere,
799 2058 854 2104 et
893 2048 1114 2102 invidiae
1142 2045 1392 2100 dentibus
1425 2044 1477 2097 in
1510 2058 1610 2098 nos
1641 2043 1952 2098 intremere.

2061 2050 2191 2120 παρ’
2219 2052 2380 2105 αὐτὸν
2411 2055 2508 2107 καὶ
2530 2054 2784 2126 ἀλλοτρίᾳ
2810 2055 3034 2124 δυνάμει
3055 2056 3122 2124 τῇ
3144 2052 3230 2106 διὰ
3256 2051 3348 2104 τοῦ
3379 2050 3637 2120 Πνεῦμα-

388 2159 500 2205 τος,
529 2140 778 2213 ἐνεργείᾳ
801 2140 900 2193 δὲί
939 2139 1136 2209 μᾶλλον
1163 2137 1325 2190 αὐτὸν
1353 2135 1493 2205 τῆςί
1569 2134 1918 2206 θεοσημείας,
1958 2138 2032 2203 ὡς
2068 2141 2137 2194 δι’
2171 2143 2300 2198 ἰδίου
2328 2146 2648 2217 Πνεύματος
2667 2189 2682 2214 ,
2718 2148 2779 2200 ὲν
2804 2140 2848 2214 ᾧ
2882 2149 2973 2200 καὶ
3001 2146 3150 2199 πᾶσα
3182 2144 3290 2197 τῶν
3313 2141 3590 2213 γεννητῶν
3611 2141 3639 2180 ι

387 2233 422 2302 ή
452 2232 697 2303 δύναμις.
745 2230 1124 2284 Πεπαύσονται
1164 2227 1273 2300 γάρ
1300 2226 1442 2280 οὕτω
1473 2225 1956 2298 διαλοιδορούμενοι
1998 2232 2195 2306 μάτην,
2244 2238 2341 2291 καὶ
2387 2239 2514 2302 τοὺς
2581 2241 2683 2309 τῆς
2731 2237 3028 2308 βασκανίας
3095 2237 3313 2299 ὀδόντας
3345 2237 3477 2306 ἡμῖν
3519 2235 3638 2286 tm.

390 2326 732 2398 στηρίζοντες
758 2323 800 2381 ι.

802 2432 1446 2489 ANATHEMATISMUS
1483 2432 1550 2487 Χ.

458 2548 832 2604 Confessionis
868 2555 1070 2602 nostrae
1107 2545 1418 2617 pontiﬁcem
1460 2555 1516 2600 et
1555 2545 1854 2615 apostolum
1881 2545 1965 2600 fa-

391 2650 535 2695 ctum
588 2655 712 2695 esse
759 2639 1077 2703 Christum,
1130 2638 1414 2708 Scriptura
1465 2638 1645 2693 divina
1691 2637 1849 2694 docet
1873 2638 1963 2694 υτ

390 2731 652 2787 obtulisse
680 2745 900 2801 quoque
923 2730 1279 2800 semetipsum
1303 2743 1402 2797 pro
1431 2729 1586 2784 nobis
1611 2729 1720 2784 Deo
1739 2738 1794 2784 et
1815 2728 1964 2784 Patri

390 2824 446 2878 in
483 2823 702 2879 odorem
741 2822 1031 2878 suavitatis
1057 2823 1123 2878 “.
1161 2821 1219 2877 Si
1262 2821 1385 2892 quis
1410 2834 1542 2892 ergo
1575 2820 1777 2876 dixerit
1821 2835 1959 2891 pon-

393 2915 589 2970 tiﬁcem
623 2923 678 2971 et
724 2913 1028 2985 apostolum
1064 2922 1308 2969 nostrum
1360 2927 1466 2968 non
1497 2927 1619 2969 esse
1652 2913 1826 2982 ipsum
1866 2911 1962 2968 Dei

393 3007 647 3074 Verbum,
684 3017 1033 3078 posteaquam
1079 3021 1209 3062 caro
1250 3015 1305 3062 et
1348 3006 1513 3060 homo
1565 3004 1721 3060 nobis
1767 3005 1961 3060 similis
1987 2989 2030 3044 (ἶ

392 3097 590 3153 factum
641 3109 753 3164 est;
791 3099 883 3152 sed
931 3098 1210 3152 hominem
1262 3095 1432 3160 illum,
1485 3096 1576 3164 qui
1623 3111 1688 3150 ex
1741 3094 1966 3150 muliere

393 3199 552 3246 natus
594 3199 696 3255 est,
736 3189 891 3258 quasi
939 3188 1170 3243 alterum
1205 3186 1515 3257 quempiain
1551 3187 1621 3241 ab
1649 3187 1764 3256 ipso
1790 3187 1966 3242 diver-

391 3294 508 3333 sum
537 3292 552 3331 :
581 3277 673 3332 a'ut
706 3279 752 3332 si
791 3278 913 3347 quis
947 3278 1096 3331 illum
1136 3290 1238 3345 pro
1286 3276 1467 3345 seipso
1496 3289 1732 3344 quoque,
1774 3284 1831 3330 et
1860 3289 1964 3330 non

393 3368 571 3438 potius
599 3384 697 3438 pro
731 3368 888 3422 nobis
935 3369 1068 3423 solis
1116 3367 1449 3423 sacriﬁcium
1483 3366 1744 3423 obtulisse
1770 3367 1970 3424 dixerit

395 3461 589 3528 (neque
621 3460 764 3515 enim
819 3459 1101 3515 oblatione
1146 3459 1363 3528 egebat,
1411 3459 1502 3528 qui
1543 3468 1821 3530 peccatum
1861 3473 1966 3514 non

395 3550 564 3622 norit)
594 3568 608 3604 :
642 3552 928 3606 anathema
970 3550 1061 3606 sit.

867 3660 1222 3715 Orientalium
1265 3661 1509 3730 objectio.

467 3773 522 3828 Si
558 3775 696 3829 Deus
733 3775 970 3830 Verbum
1019 3786 1103 3830 est
1147 3791 1393 3830 summus
1423 3775 1701 3838 sacerdos,
1742 3775 1827 3829 cui
1863 3774 1970 3829 Deo

395 3879 514 3929 suo,
551 3866 633 3918 vel
667 3865 811 3933 quali
854 3867 1218 3921 ministerium
1269 3881 1424 3922 suum
1471 3866 1667 3922 offert?
1700 3867 1806 3922 Sed
1835 3866 1969 3921 obli-

399 3969 484 4012 tus
509 3967 590 4012 est
627 3959 770 4013 beati
813 3957 966 4013 Pauli
1014 3959 1292 4014 dicentis:
1327 3979 1346 4012 ι
1379 3958 1495 4016 Non
1538 3960 1680 4015 enim
1710 3961 1970 4015 habemus

398 4049 737 4118 pontiﬁcem,
781 4051 872 4118 qui
923 4065 1030 4104 non
1079 4050 1252 4118 possit
1299 4051 1531 4121 compati
1567 4049 1970 4104 inﬁrmitatibus

399 4137 558 4209 185
597 4140 835 4206 nosrris,
877 4142 970 4196 sed
1009 4151 1272 4196 tentatum
1319 4155 1413 4210 per
1445 4142 1625 4195 omnia
1671 4141 1968 4196 secundum

395 4230 804 4284 similitudinem
865 4231 1075 4300 absque
1116 4241 1340 4300 peccato
1366 4231 1431 4284 ⁸³.
1464 4251 1483 4283 ι
1519 4229 1653 4297 Quis
1689 4231 1851 4300 igitur
1887 4238 1972 4282 est

2511 2434 3100 2488 ΑΝΑΘΕΜΑΤΙΣΜΟΣ
3141 2433 3194 2487 1’.

2152 2544 2434 2617 Ἀρχιερέα
2455 2546 2550 2599 καὶ
2565 2545 2860 2600 ἀπόστολον
2892 2547 2992 2618 τῆς
3026 2547 3321 2616 ὁμολογίας
3349 2548 3506 2619 ἡμῶν
3542 2566 3638 2619 γει

2067 2635 2329 2706 γενῆσθαι
2349 2636 2590 2708 ’Χριστὸν
2625 2640 2658 2709 ἡ
2696 2638 2814 2692 θεία
2841 2638 2991 2707 λέγει
3024 2641 3240 2712 Γραφῇ,
3271 2659 3640 2714 προσκεκομι⁸

2067 2729 2220 2783 κέναι
2263 2730 2322 2783 δὲ
2364 2729 2555 2784 ἑαυτὸν
2587 2730 2726 2802 ὑπὲρ
2757 2730 2915 2802 ἡμῶν
2957 2732 3038 2796 είς
3076 2731 3255 2802 ὀσμὴν
3299 2733 3528 2797 εὐωδίας
3563 2733 3642 2804 τῷ

2066 2822 2187 2892 Θεῷ
2214 2822 2312 2876 καὶ
2338 2822 2534 2893 Πατρί.
2567 2823 2636 2876 Et
2659 2839 2743 2886 τις
2769 2823 2948 2878 τοίνυν
2981 2825 3240 2895 ἀρχιερέα
3267 2825 3362 2878 καὶ
3410 2826 3642 2880 ἀπόστο·

2067 2916 2160 2971 λον
2185 2915 2342 2988 ἡμῶν
2384 2915 2708 2986 γεγενῆσθαί
2757 2931 2924 2984 φησιν
2967 2916 3067 2968 οὐκ
3099 2916 3262 2970 αὑτὸν
3287 2917 3380 2970 τὸν
3407 2918 3474 2971 ὲκ
3506 2916 3635 2972 Θεοῦ

2068 3006 2280 3078 Πατρὸς
2305 3007 2498 3076 Λόγον,
2548 3007 2636 3060 ὅτε
2660 3018 2698 3046 ιη
2727 3007 2916 3075 γέγονε
2962 3004 3136 3077 σὰρξ,
3187 3007 3282 3060 καὶ
3331 3008 3458 3062 καθ’
3496 3009 3636 3078 ἡμᾶς

2066 3097 2370 3169 ἄνθρωπος,
2403 3098 2519 3152 ἀλλ’
2538 3098 2614 3162 ὡς
2635 3097 2722 3152 έτε
2732 3115 2824 3168 ρον
2853 3098 2982 3170 παρ’
3014 3098 3197 3164 αὐτὸν,
3224 3098 3411 3162 ίδικῶς
3435 3099 3640 3169 ἀνθρω-

2069 3207 2169 3243 πον
2209 3191 2275 3242 ὲκ
2321 3189 2610 3258 γυναικόςο
2654 3189 2688 3260 ἢ
2749 3189 2804 3243 εῐ
2845 3207 2929 3253 τις
3002 3189 3148 3258 λέγει
3203 3189 3399 3260 ὑπὲριι
3449 3188 3641 3244 ἑαυτοῦ

2068 3283 2452 3350 προσενεγκεῖν
2500 3279 2662 3334 αὑτὸν
2708 3282 2806 3352 τὴν
2858 3280 3198 3351 προσφορὰν,
3260 3280 3354 3333 καὶ
3397 3279 3523 3351 οὐχὶ
3578 3281 3645 3350 δὴ

2071 3371 2269 3442 μᾶλλον
2308 3372 2448 3442 ὑπὲρ
2497 3372 2672 3443 μόνων
2705 3371 2861 3443 ἡμῶν
2893 3373 2974 3442 (οὐ
3007 3371 3116 3444 γὰρ
3148 3371 3215 3426 ἂν
3243 3371 3440 3443 ἐδεήθη
3468 3387 3644 3443 προσ·-

2071 3465 2242 3535 φορᾶς
2267 3465 2296 3517 ὁ
2325 3463 2400 3534 μὴ
2429 3463 2586 3526 εἰδὼς
2615 3463 2914 3535 ἁμαρτίαν)
2968 3461 3220 3532 ἀνάθεμα
3255 3462 3418 3515 ἔστω.

2377 3660 2742 3733 Ἀντίρῤησις
2777 3662 2896 3716 τῶν
2941 3661 3349 3716 Ἀνατολικῶν.

2144 3779 2204 3833 Ei
2253 3780 2544 3849 ἀρχιερεὺς
2577 3781 2605 3832 ὁ
2641 3777 2772 3840 Θεὸς
2835 3776 3000 3844 Λόγος
3025 3815 3040 3843 ,
3081 3777 3187 3830 τίνι
3232 3776 3350 3846 Θεῷ
3391 3774 3561 3832 αὐτοῦ
3616 3774 3647 3845 ἦ

2072 3869 2210 3939 ποίῳ
2227 3866 2296 3920 τὰ
2315 3867 2413 3938 τῆς
2440 3865 2733 3934 θεραπείας
2764 3863 3095 3936 προσφέρεις
3136 3864 3275 3918 Ἀλλ’
3308 3866 3606 3920 ἐπελάθετο
3625 3874 3650 3903 ο

2071 3959 2163 4012 τοῦ
2195 3957 2465 4029 μακαρίου
2488 3957 2704 4011 Παύλου
2732 3957 2983 4021 εἰπόντος
3001 3974 3014 3987 °
3053 3977 3070 4008 ‹
3097 3958 3170 4011 Οὐ
3194 3956 3302 4027 γὰρ
3325 3957 3527 4028 ἔχομεν
3552 3960 3652 4027 ἀρ-

2071 4049 2258 4120 χιερέα
2294 4049 2368 4118 μὴ
2418 4047 2717 4118 δυνάμενον
2768 4048 3125 4118 συμπαθῆσαι
3174 4051 3294 4110 ταῖς
3343 4049 3652 4110 ἀσθενείαις

2070 4138 2250 4209 ἡμῶν,
2283 4139 2688 4209 πεπειραμένον
2721 4138 2778 4192 δὲ
2824 4139 2966 4192 κατά
2995 4141 3172 4193 πάντα
3198 4138 3323 4192 καθ’
3356 4141 3653 4210 ὁμοιότητα

2073 4233 2240 4302 χωρὶς
2267 4231 2564 4301 ἁμαρτίας.
2603 4249 2621 4282 ι
2656 4230 2752 4294 Τίς
2779 4225 2873 4285 οῦν
2906 4233 3053 4285 ἐστιν
3081 4232 3110 4285 ὁ
3143 4232 3585 4302 πεπειραμένος;
3623 4235 3651 4285 ὁ

399 4329 636 4375 tentatus
666 4321 787 4374 ille?
814 4337 938 4375 num
973 4321 1118 4376 Deus
1146 4321 1493 4388 Vcrbum,an
1525 4322 1754 4375 humana
1781 4331 1966 4375 natura

2075 4321 2206 4384 Θεὸς
2255 4321 2464 4389 Λόγος,
2513 4321 2545 4391 ἢ
2593 4321 2627 4392 ἡ
2673 4322 2986 4393 ἀνθρωπεία
3033 4321 3196 4393 φύσις
3233 4322 3296 4377 τὸ
3339 4323 3436 4378 τοῦ
3489 4323 3652 4376 Δαυῖδ

396 4426 579 4466 semen
636 4411 840 4466 David?
897 4413 963 4466 Et
1016 4413 1211 4467 iterum
1262 4431 1333 4467 ιι
1370 4412 1538 4468 Nemo
1583 4413 1686 4467 sibi
1741 4412 1973 4468 assumit

398 4503 680 4569 honorem,
730 4505 824 4558 sed
856 4513 1080 4559 vocatus
1113 4520 1141 4557 a
1185 4503 1316 4570 Deo,
1350 4506 1493 4559 sicut
1535 4513 1588 4559 et
1631 4504 1812 4558 Aaron
1848 4522 1860 4557 :
1894 4502 1967 4556 ita

395 4605 450 4648 et
479 4596 727 4651 Christus
769 4611 874 4651 non
909 4597 1153 4667 seipsum
1186 4597 1536 4668 gloriﬁcavit,
1575 4606 1632 4650 ut
1659 4597 1810 4650 ﬁeret
1837 4611 1970 4664 pon-

399 4681 615 4738 tifex“.
651 4701 669 4734 ›
704 4684 836 4750 Quis
883 4686 1046 4755 igitur
1091 4686 1202 4752 ille,
1240 4685 1331 4755 qui
1383 4693 1732 4754 comparatur
1776 4698 1970 4738 secun-

399 4773 524 4826 dum
579 4775 866 4828 sacerdotii
916 4777 1234 4846 dignitatem
1286 4776 1386 4845 ipsi
1428 4777 1635 4841 Aaron,
1683 4784 1739 4830 et
1783 4789 1887 4830 non
1936 4789 1967 4828 a

295 4861 307 4874 '
400 4864 582 4932 seipso
612 4864 868 4919 honorem
899 4868 1222 4932 assumenti,
1261 4869 1356 4922 sed
1381 4880 1570 4923 vocato
1599 4883 1628 4922 a
1657 4867 1790 4932 Deo,
1816 4877 1870 4923 et
1899 4866 1966 4921 ad

402 4956 713 5025 dignitatem
749 4957 1048 5011 sacerdotis
1091 4958 1451 5012 ascendenti?
1496 4974 1620 5013 num
1649 4960 1828 5015 divina
1867 4974 1966 5012 na-

465 5133 485 5165 ’
521 5135 641 5190 Act.
681 5149 762 5198 Ill,
795 5132 978 5196 12,13.
1046 5133 1088 5162 ¹⁰
1122 5131 1262 5186 Psal.
1295 5147 1465 5198 χχιιι,
1499 5131 1554 5186 6.

2077 4413 2335 4483 σπέρμα;
2369 4413 2480 4466 Καὶ
2515 4412 2678 4466 πάλιν
2700 4428 2714 4443 °
2747 4432 2766 4466 ι
2793 4414 2905 4484 Ούχ
2931 4413 3108 4486 έαυτῷ
3136 4431 3218 4478 τις
3247 4414 3518 4484 λαμϐάνει
3553 4416 3652 4484 τὴν

2073 4503 2260 4572 τιμὴν,
2291 4500 2428 4554 ἀλλὰ
2448 4512 2474 4550 P
2503 4501 2831 4572 καλούμενος
2854 4503 2958 4557 ὑπὸ
2989 4503 3149 4568 Θεοῦ,
3183 4503 3483 4575 καθώσπερ
3530 4507 3652 4558 ’Δαο

2076 4590 2256 4662 ρώνιι⁸
2295 4591 2437 4644 οὕτω
2466 4591 2560 4644 καὶ
2606 4593 2634 4644 ὁ
2678 4590 2916 4662 Χριστὸς
2945 4593 3043 4663 οὐχ
3074 4594 3266 4646 ἑαυτὸν
3301 4593 3526 4660 ὲδόξασε
3556 4611 3649 4662 γε·

2073 4683 2262 4737 νέσθαι
2291 4683 2568 4753 ἀρχιερέα.
2605 4701 2623 4734 ι
2653 4683 2751 4746 Τίς
2777 4679 2869 4738 οῦν
2896 4687 2924 4737 ό
2953 4683 3028 4754 τῷ
3063 4683 3272 4755 Ἀαρὼν
3305 4686 3447 4739 κατά
3470 4687 3532 4740 τὸ
3554 4686 3653 4755 τῆς

2075 4775 2374 4848 ἱερωσύνης
2413 4775 2629 4846 ἀξίωμα
2652 4818 2666 4841 ,
2709 4775 2804 4829 καὶ
2849 4775 2926 4846 τῷ
2957 4777 3033 4847 μὴ
3070 4777 3164 4846 ἀφ’
3192 4777 3358 4831 αὑτοῦ
3381 4786 3405 4817 ³
3436 4778 3646 4849 λαμϐἀο

2073 4883 2215 4920 νοντι
2239 4877 2261 4904 ³
2306 4867 2404 4937 τὴν
2446 4867 2629 4937 τιμὴν,
2661 4865 2798 4919 ἀλλὰ
2827 4866 3148 4938 καλουμένῳ
3177 4869 3195 4904 ί
3232 4869 3337 4922 ὑπὸ
3368 4868 3464 4922 τοῦ
3495 4869 3647 4931 Θεοῦ,

2075 4960 2169 5012 καὶ
2191 4961 2270 5022 είς
2291 4959 2388 5029 τὴν
2411 4957 2569 5023 ἀξίαν
2592 4959 2691 5028 τῆς
2718 4957 3016 5030 ἱερωσύνης
3047 4957 3395 5013 ἀναϐαίνοντι
3428 4977 3646 5029 συγκριο

1629 5135 1670 5165 ¹¹
1702 5132 1866 5188 Hebr.
1901 5151 1959 5188 ιιι

2124 5137 2166 5167 ¹²
2205 5135 2536 5202 Ειιίιθε.ν,2.
2601 5137 2645 5167 ¹³
2679 5135 2841 5193 Hebr.
2881 5151 2954 5204 Iv,
2991 5137 3076 5192 15.
3125 5137 3170 5167 ¹⁸
3202 5136 3367 5192 Hebr.
3406 5153 3459 5200 ν,
3499 5137 3553 5198 4,
3594 5137 3646 5192 5.

1445 5288 1620 5342 Varia:
1643 5289 1900 5344 lectiones
1924 5306 1986 5343 ex
2018 5289 2205 5344 codice
2234 5290 2602 5358 Seguieriano.

476 5480 500 5508 ι
535 5466 709 5530 δεῖδὲ,
751 5467 922 5538 οἶμαι.
1015 5468 1044 5508 ὶ)
1070 5466 1436 5520 κατευθύνειν.

409 5543 432 5578 ε
463 5535 831 5605 ὁμολογοῦσιν.
906 5541 932 5578 ιι
967 5540 1287 5607 ἐνεργεῖται.
1387 5539 1399 5575 ί
1447 5537 1657 5607 ἐνεργεῖ
1683 5535 1760 5587 δέ.

403 5617 444 5646 ιη
469 5610 568 5662 ὅτι.
643 5615 669 5642 η
696 5612 786 5663 καὶ
821 5609 981 5680 ὑπέρ.

407 5692 583 5753 μενος.

1544 5477 1565 5504 ο
1604 5465 2029 5535 προσιζήσαντα.
2059 5464 2095 5531 ἢ
2130 5465 2407 5535 ίζὴσαντα.
2485 5461 2512 5535 ἒ
2541 5462 2983 5535 κατασκῴπτειν.
3017 5533 3036 5535 μ
3067 5475 3089 5502 ο
3124 5463 3267 5535 τόν..Δ
3323 5463 3339 5500 ί
3367 5465 3431 5516 οὐ
3455 5463 3642 5535 πολύς.

1863 5533 1876 5582 i
1926 5536 2086 5596 αὐτὸς
2113 5531 2233 5596 τὰς,
2256 5531 2314 5598 ἢ,
2353 5533 2515 5586 αὑτοῦ
2545 5534 2662 5595 τάς.

1059 5604 1083 5644 ξ’
1106 5604 1418 5660 ἐπελάϐετο.
1495 5617 1522 5655 P
1551 5605 1662 5660 ἀλλ’
1693 5607 1740 5656 ὁ.
1817 5615 1843 5654 ιι
1874 5607 1962 5657 καὶ
2007 5604 2233 5675 Ἀαρών.

2770 5534 2816 5603 ii
2836 5533 3098 5603 γενητῶν.

3211 5531 3227 5569 ι
3255 5532 3641 5604 ὲπιτρίζοντες.

2337 5611 2356 5637 τ
2389 5604 2486 5655 οὐκ
2515 5603 2607 5672 ἀφ’
2635 5602 2855 5658 ἑαυτοῦ.

2957 5601 2979 5641 ἰ
3003 5602 3318 5678 λαμϐάνων.
3387 5601 3419 5641 ’⁸
3456 5601 3644 5657 καλού-
