  <div class='ocr_page' id='page_1' title='image "/cluster/home/n/w/nwhite01/storage/ocr_20150623/76/mdp.39015013094878/188.png"; bbox 0 0 2007 3064; ppageno 0'>
   <div class='ocr_carea' id='block_1_1' title="bbox 147 129 220 167">
    <p class='ocr_par' dir='ltr' id='par_1_1' title="bbox 147 129 220 167">
     <span class='ocr_line' id='line_1_1' title="bbox 147 129 220 167; baseline -0.014 -9"><span class='ocrx_word' id='word_1_1' title='bbox 147 129 220 167; x_wconf 60' lang='grc' dir='ltr'><strong>ιιι⁷</strong></span> 
     </span>
    </p>
   </div>
   <div class='ocr_carea' id='block_1_2' title="bbox 451 123 1521 154">
    <p class='ocr_par' dir='ltr' id='par_1_2' title="bbox 451 123 1521 154">
     <span class='ocr_line' id='line_1_2' title="bbox 451 123 1521 154; baseline 0 -1"><span class='ocrx_word' id='word_1_2' title='bbox 451 123 714 154; x_wconf 77' lang='lat' dir='ltr'><strong>APOLOGETICUS</strong></span> <span class='ocrx_word' id='word_1_3' title='bbox 732 124 801 152; x_wconf 83' lang='lat' dir='ltr'><strong>PRO</strong></span> <span class='ocrx_word' id='word_1_4' title='bbox 820 124 867 153; x_wconf 78' lang='lat' dir='ltr'><strong>Xll</strong></span> <span class='ocrx_word' id='word_1_5' title='bbox 887 123 1071 154; x_wconf 80' lang='lat' dir='ltr'><strong>CAPITIBUS</strong></span> <span class='ocrx_word' id='word_1_6' title='bbox 1090 125 1231 154; x_wconf 77' lang='lat' dir='ltr'><strong>CONTRA</strong></span> <span class='ocrx_word' id='word_1_7' title='bbox 1251 126 1483 154; x_wconf 75' lang='lat' dir='ltr'><strong>ORIENTALES.</strong></span> <span class='ocrx_word' id='word_1_8' title='bbox 1517 132 1521 136; x_wconf 92' lang='lat'>&#39;</span> 
     </span>
    </p>
   </div>
   <div class='ocr_carea' id='block_1_3' title="bbox 1723 132 1775 158">
    <p class='ocr_par' dir='ltr' id='par_1_3' title="bbox 1723 132 1775 158">
     <span class='ocr_line' id='line_1_3' title="bbox 1723 132 1775 158; baseline 0 0"><span class='ocrx_word' id='word_1_9' title='bbox 1723 132 1775 158; x_wconf 73' lang='lat'><strong>562</strong></span> 
     </span>
    </p>
   </div>
   <div class='ocr_carea' id='block_1_4' title="bbox 147 183 943 223">
    <p class='ocr_par' dir='ltr' id='par_1_4' title="bbox 147 183 935 223">
     <span class='ocr_line' id='line_1_4' title="bbox 147 183 935 223; baseline -0.006 -8"><span class='ocrx_word' id='word_1_10' title='bbox 147 187 275 223; x_wconf 83' lang='grc' dir='ltr'>νόμενος;</span> <span class='ocrx_word' id='word_1_11' title='bbox 298 186 330 213; x_wconf 86' lang='grc' dir='ltr'><strong>Ἦ</strong></span> <span class='ocrx_word' id='word_1_12' title='bbox 347 186 406 213; x_wconf 79' lang='grc' dir='ltr'>θεία</span> <span class='ocrx_word' id='word_1_13' title='bbox 422 185 502 220; x_wconf 76' lang='grc' dir='ltr'>φύσις</span> <span class='ocrx_word' id='word_1_14' title='bbox 515 207 522 219; x_wconf 85' lang='grc'><strong>,</strong></span> <span class='ocrx_word' id='word_1_15' title='bbox 547 186 562 220; x_wconf 88' lang='grc' dir='ltr'>ἡ</span> <span class='ocrx_word' id='word_1_16' title='bbox 589 183 627 220; x_wconf 86' lang='grc' dir='ltr'>τῷ</span> <span class='ocrx_word' id='word_1_17' title='bbox 643 185 731 219; x_wconf 58' lang='lat' dir='ltr'><strong>“arpi</strong></span> <span class='ocrx_word' id='word_1_18' title='bbox 757 184 902 217; x_wconf 78' lang='grc' dir='ltr'>συναΐδιος,</span> <span class='ocrx_word' id='word_1_19' title='bbox 919 186 935 220; x_wconf 85' lang='grc' dir='ltr'>ἡ</span> 
     </span>
    </p>
   </div>
   <div class='ocr_carea' id='block_1_5' title="bbox 996 183 1775 223">
    <p class='ocr_par' dir='ltr' id='par_1_5' title="bbox 996 185 1775 221">
     <span class='ocr_line' id='line_1_5' title="bbox 996 185 1775 221; baseline 0.005 -9"><span class='ocrx_word' id='word_1_20' title='bbox 996 190 1060 218; x_wconf 81' lang='lat' dir='ltr'><strong>Lura,</strong></span> <span class='ocrx_word' id='word_1_21' title='bbox 1084 192 1143 221; x_wconf 69' lang='lat' dir='ltr'><strong>quae</strong></span> <span class='ocrx_word' id='word_1_22' title='bbox 1166 191 1207 214; x_wconf 82' lang='lat' dir='ltr'><strong>est</strong></span> <span class='ocrx_word' id='word_1_23' title='bbox 1226 185 1300 214; x_wconf 83' lang='lat' dir='ltr'><strong>Patri</strong></span> <span class='ocrx_word' id='word_1_24' title='bbox 1328 191 1474 219; x_wconf 82' lang='lat' dir='ltr'><strong>coaeterna,</strong></span> <span class='ocrx_word' id='word_1_25' title='bbox 1503 192 1545 213; x_wconf 75' lang='lat' dir='ltr'><strong>cur</strong></span> <span class='ocrx_word' id='word_1_26' title='bbox 1569 187 1660 214; x_wconf 74' lang='lat' dir='ltr'><strong>omnia</strong></span> <span class='ocrx_word' id='word_1_27' title='bbox 1686 188 1775 217; x_wconf 79' lang='lat' dir='ltr'><strong>Pulris</strong></span> 
     </span>
    </p>
   </div>
   <div class='ocr_carea' id='block_1_6' title="bbox 150 230 936 268">
    <p class='ocr_par' dir='ltr' id='par_1_6' title="bbox 150 230 936 268">
     <span class='ocr_line' id='line_1_6' title="bbox 150 230 936 268; baseline -0.004 -8"><span class='ocrx_word' id='word_1_28' title='bbox 150 233 240 261; x_wconf 81' lang='grc' dir='ltr'>πάντα</span> <span class='ocrx_word' id='word_1_29' title='bbox 253 232 287 259; x_wconf 80' lang='grc' dir='ltr'>τὰ</span> <span class='ocrx_word' id='word_1_30' title='bbox 300 231 347 258; x_wconf 76' lang='grc' dir='ltr'>τοῦ</span> <span class='ocrx_word' id='word_1_31' title='bbox 358 231 463 266; x_wconf 70' lang='grc' dir='ltr'>Πατρὸς</span> <span class='ocrx_word' id='word_1_32' title='bbox 479 230 534 258; x_wconf 82' lang='grc' dir='ltr'>ἴδια</span> <span class='ocrx_word' id='word_1_33' title='bbox 548 230 664 268; x_wconf 47' lang='lat' dir='ltr'><strong>Exeo“;</strong></span> <span class='ocrx_word' id='word_1_34' title='bbox 678 230 717 257; x_wconf 82' lang='grc' dir='ltr'>εἰς</span> <span class='ocrx_word' id='word_1_35' title='bbox 738 231 812 256; x_wconf 85' lang='grc' dir='ltr'>ποῖον</span> <span class='ocrx_word' id='word_1_36' title='bbox 827 230 936 265; x_wconf 81' lang='grc' dir='ltr'>ἀξίωμα</span> 
     </span>
    </p>
   </div>
   <div class='ocr_carea' id='block_1_7' title="bbox 154 269 937 314">
    <p class='ocr_par' dir='ltr' id='par_1_7' title="bbox 154 269 937 314">
     <span class='ocr_line' id='line_1_7' title="bbox 154 269 937 314; baseline -0.006 -9"><span class='ocrx_word' id='word_1_37' title='bbox 154 278 245 314; x_wconf 74' lang='grc' dir='ltr'>μεῖζον</span> <span class='ocrx_word' id='word_1_38' title='bbox 262 269 358 311; x_wconf 70' lang='grc' dir='ltr'>ἑαυτῆς</span> <span class='ocrx_word' id='word_1_39' title='bbox 377 273 521 305; x_wconf 76' lang='grc' dir='ltr'>ἁνέὃαινες</span> <span class='ocrx_word' id='word_1_40' title='bbox 545 275 599 301; x_wconf 76' lang='grc' dir='ltr'><strong>Καὶ</strong></span> <span class='ocrx_word' id='word_1_41' title='bbox 614 275 759 310; x_wconf 82' lang='grc' dir='ltr'>φήσομαιιι</span> <span class='ocrx_word' id='word_1_42' title='bbox 782 274 831 310; x_wconf 83' lang='grc' dir='ltr'>τὴν</span> <span class='ocrx_word' id='word_1_43' title='bbox 857 274 937 310; x_wconf 82' lang='grc' dir='ltr'>ῑερω-</span> 
     </span>
    </p>
   </div>
   <div class='ocr_carea' id='block_1_8' title="bbox 153 318 936 359">
    <p class='ocr_par' dir='ltr' id='par_1_8' title="bbox 153 318 936 359">
     <span class='ocr_line' id='line_1_8' title="bbox 153 318 936 359; baseline -0.006 -9"><span class='ocrx_word' id='word_1_44' title='bbox 153 319 237 359; x_wconf 61' lang='lat' dir='ltr'><strong>eam</strong></span> <span class='ocrx_word' id='word_1_45' title='bbox 259 320 406 357; x_wconf 78' lang='grc' dir='ltr'><strong>ἀξιωτέραν</strong></span> <span class='ocrx_word' id='word_1_46' title='bbox 422 321 471 355; x_wconf 84' lang='grc' dir='ltr'>τῆς</span> <span class='ocrx_word' id='word_1_47' title='bbox 487 320 563 351; x_wconf 84' lang='grc' dir='ltr'>θείας</span> <span class='ocrx_word' id='word_1_48' title='bbox 577 319 685 354; x_wconf 80' lang='grc' dir='ltr'>φύσεως</span> <span class='ocrx_word' id='word_1_49' title='bbox 701 320 846 354; x_wconf 78' lang='grc' dir='ltr'><strong>ὑπάρχειν,</strong></span> <span class='ocrx_word' id='word_1_50' title='bbox 867 318 936 355; x_wconf 88' lang='grc' dir='ltr'>πρὸς</span> 
     </span>
    </p>
   </div>
   <div class='ocr_carea' id='block_1_9' title="bbox 155 364 936 404">
    <p class='ocr_par' dir='ltr' id='par_1_9' title="bbox 155 364 936 404">
     <span class='ocr_line' id='line_1_9' title="bbox 155 364 936 404; baseline -0.006 -8"><span class='ocrx_word' id='word_1_51' title='bbox 155 370 188 404; x_wconf 86' lang='grc' dir='ltr'>ἣν</span> <span class='ocrx_word' id='word_1_52' title='bbox 202 369 250 395; x_wconf 84' lang='grc' dir='ltr'><strong>οὐκ</strong></span> <span class='ocrx_word' id='word_1_53' title='bbox 265 369 310 401; x_wconf 78' lang='grc' dir='ltr'><strong>ἀφ’</strong></span> <span class='ocrx_word' id='word_1_54' title='bbox 324 367 432 400; x_wconf 79' lang='grc' dir='ltr'>ἑαυτοῦ,</span> <span class='ocrx_word' id='word_1_55' title='bbox 458 366 527 393; x_wconf 85' lang='grc' dir='ltr'>ἀλλὰ</span> <span class='ocrx_word' id='word_1_56' title='bbox 551 365 718 401; x_wconf 85' lang='grc' dir='ltr'>καλούμενος</span> <span class='ocrx_word' id='word_1_57' title='bbox 735 365 787 392; x_wconf 84' lang='grc' dir='ltr'><strong>ὑπὸ</strong></span> <span class='ocrx_word' id='word_1_58' title='bbox 802 364 849 391; x_wconf 80' lang='grc' dir='ltr'>τοῦ</span> <span class='ocrx_word' id='word_1_59' title='bbox 869 364 936 391; x_wconf 82' lang='grc' dir='ltr'>Θεοῦ</span> 
     </span>
    </p>
   </div>
   <div class='ocr_carea' id='block_1_10' title="bbox 156 410 935 448">
    <p class='ocr_par' dir='ltr' id='par_1_10' title="bbox 156 410 935 448">
     <span class='ocr_line' id='line_1_10' title="bbox 156 410 935 448; baseline -0.005 -8"><span class='ocrx_word' id='word_1_60' title='bbox 156 413 214 440; x_wconf 80' lang='grc' dir='ltr'>κατ’</span> <span class='ocrx_word' id='word_1_61' title='bbox 236 413 317 448; x_wconf 78' lang='grc' dir='ltr'>αὐτὴν</span> <span class='ocrx_word' id='word_1_62' title='bbox 330 418 341 431; x_wconf 77' lang='grc' dir='ltr'><strong>τ</strong></span> <span class='ocrx_word' id='word_1_63' title='bbox 358 412 495 444; x_wconf 73' lang='grc' dir='ltr'>ἀνέϐαινε,</span> <span class='ocrx_word' id='word_1_64' title='bbox 514 411 560 438; x_wconf 74' lang='grc' dir='ltr'>καὶ</span> <span class='ocrx_word' id='word_1_65' title='bbox 580 411 614 437; x_wconf 81' lang='grc' dir='ltr'><strong>δι’</strong></span> <span class='ocrx_word' id='word_1_66' title='bbox 634 411 718 446; x_wconf 84' lang='grc' dir='ltr'>αὐτῆς</span> <span class='ocrx_word' id='word_1_67' title='bbox 742 410 897 444; x_wconf 78' lang='grc' dir='ltr'>ὲδοξάζετο;</span> <span class='ocrx_word' id='word_1_68' title='bbox 919 410 935 445; x_wconf 83' lang='grc' dir='ltr'><strong>ἢ</strong></span> 
     </span>
    </p>
   </div>
   <div class='ocr_carea' id='block_1_11' title="bbox 156 454 937 496">
    <p class='ocr_par' dir='ltr' id='par_1_11' title="bbox 156 454 937 496">
     <span class='ocr_line' id='line_1_11' title="bbox 156 454 937 496; baseline -0.005 -9"><span class='ocrx_word' id='word_1_69' title='bbox 156 462 186 487; x_wconf 72' lang='grc' dir='ltr'>ἐκ</span> <span class='ocrx_word' id='word_1_70' title='bbox 202 461 355 496; x_wconf 84' lang='grc' dir='ltr'>σπέρματος</span> <span class='ocrx_word' id='word_1_71' title='bbox 378 459 460 486; x_wconf 82' lang='grc' dir='ltr'><strong>Δαυῖδ</strong></span> <span class='ocrx_word' id='word_1_72' title='bbox 482 460 499 494; x_wconf 81' lang='grc' dir='ltr'>ἡ</span> <span class='ocrx_word' id='word_1_73' title='bbox 523 458 655 493; x_wconf 82' lang='grc' dir='ltr'><strong>γενομένη</strong></span> <span class='ocrx_word' id='word_1_74' title='bbox 677 458 723 485; x_wconf 80' lang='grc' dir='ltr'><strong>καὶ</strong></span> <span class='ocrx_word' id='word_1_75' title='bbox 749 458 899 493; x_wconf 78' lang='grc' dir='ltr'>ὁρισθεῖσα,</span> <span class='ocrx_word' id='word_1_76' title='bbox 920 454 937 494; x_wconf 78' lang='grc' dir='ltr'>ἦ</span> 
     </span>
    </p>
   </div>
   <div class='ocr_carea' id='block_1_12' title="bbox 156 503 938 541">
    <p class='ocr_par' dir='ltr' id='par_1_12' title="bbox 156 503 938 541">
     <span class='ocr_line' id='line_1_12' title="bbox 156 503 938 541; baseline -0.004 -8"><span class='ocrx_word' id='word_1_77' title='bbox 156 506 198 534; x_wconf 80' lang='grc' dir='ltr'><strong>καὶ</strong></span> <span class='ocrx_word' id='word_1_78' title='bbox 215 507 250 537; x_wconf 84' lang='grc' dir='ltr'>ὡς</span> <span class='ocrx_word' id='word_1_79' title='bbox 265 505 371 541; x_wconf 79' lang='grc' dir='ltr'><strong>ὤμοσεν</strong></span> <span class='ocrx_word' id='word_1_80' title='bbox 380 510 392 523; x_wconf 69' lang='grc' dir='ltr'>ι</span> <span class='ocrx_word' id='word_1_81' title='bbox 408 506 422 532; x_wconf 88' lang='grc' dir='ltr'><strong>ὸ</strong></span> <span class='ocrx_word' id='word_1_82' title='bbox 432 504 506 537; x_wconf 83' lang='grc' dir='ltr'>Θεὸς,</span> <span class='ocrx_word' id='word_1_83' title='bbox 524 504 596 531; x_wconf 82' lang='grc' dir='ltr'>κατὰ</span> <span class='ocrx_word' id='word_1_84' title='bbox 607 504 652 530; x_wconf 84' lang='grc' dir='ltr'><strong>τὸν</strong></span> <span class='ocrx_word' id='word_1_85' title='bbox 666 504 831 538; x_wconf 74' lang='grc' dir='ltr'>Ψαλμῳδὸν,</span> <span class='ocrx_word' id='word_1_86' title='bbox 841 503 938 530; x_wconf 80' lang='grc' dir='ltr'>δώσειν</span> 
     </span>
    </p>
   </div>
   <div class='ocr_carea' id='block_1_13' title="bbox 154 548 935 584">
    <p class='ocr_par' dir='ltr' id='par_1_13' title="bbox 154 548 935 584">
     <span class='ocr_line' id='line_1_13' title="bbox 154 548 935 584; baseline -0.004 -7"><span class='ocrx_word' id='word_1_87' title='bbox 154 552 189 582; x_wconf 81' lang='grc' dir='ltr'><strong>εις</strong></span> <span class='ocrx_word' id='word_1_88' title='bbox 209 550 254 577; x_wconf 82' lang='grc' dir='ltr'><strong>τὸν</strong></span> <span class='ocrx_word' id='word_1_89' title='bbox 273 550 361 577; x_wconf 81' lang='grc' dir='ltr'>αἰῶνα</span> <span class='ocrx_word' id='word_1_90' title='bbox 383 549 414 575; x_wconf 84' lang='grc' dir='ltr'><strong>τὸ</strong></span> <span class='ocrx_word' id='word_1_91' title='bbox 434 550 483 584; x_wconf 80' lang='grc' dir='ltr'>τῆς</span> <span class='ocrx_word' id='word_1_92' title='bbox 506 548 698 584; x_wconf 69' lang='grc' dir='ltr'>ἱερωσύνηςγ;</span> <span class='ocrx_word' id='word_1_93' title='bbox 717 557 726 573; x_wconf 81' lang='grc' dir='ltr'><strong>ι</strong></span> <span class='ocrx_word' id='word_1_94' title='bbox 746 548 847 583; x_wconf 85' lang='grc' dir='ltr'>Ὤμοσε</span> <span class='ocrx_word' id='word_1_95' title='bbox 871 548 935 583; x_wconf 84' lang='grc' dir='ltr'>γὰρ,</span> 
     </span>
    </p>
   </div>
   <div class='ocr_carea' id='block_1_14' title="bbox 153 593 937 632">
    <p class='ocr_par' dir='ltr' id='par_1_14' title="bbox 153 593 937 632">
     <span class='ocr_line' id='line_1_14' title="bbox 153 593 937 632; baseline -0.005 -9"><span class='ocrx_word' id='word_1_96' title='bbox 153 596 227 632; x_wconf 68' lang='grc' dir='ltr'>φησὶ,</span> <span class='ocrx_word' id='word_1_97' title='bbox 249 596 364 631; x_wconf 78' lang='grc' dir='ltr'>Κύριος,</span> <span class='ocrx_word' id='word_1_98' title='bbox 387 596 435 621; x_wconf 78' lang='grc' dir='ltr'>καὶ</span> <span class='ocrx_word' id='word_1_99' title='bbox 453 595 482 621; x_wconf 75' lang='grc' dir='ltr'><strong>οὐ</strong></span> <span class='ocrx_word' id='word_1_100' title='bbox 510 593 777 629; x_wconf 68' lang='grc' dir='ltr'><strong>μεταμεληθήσεται·</strong></span> <span class='ocrx_word' id='word_1_101' title='bbox 796 593 831 620; x_wconf 79' lang='grc' dir='ltr'><strong>Σὺ</strong></span> <span class='ocrx_word' id='word_1_102' title='bbox 849 594 937 628; x_wconf 77' lang='grc' dir='ltr'>ἱερεὺς</span> 
     </span>
    </p>
   </div>
   <div class='ocr_carea' id='block_1_15' title="bbox 152 638 939 676">
    <p class='ocr_par' dir='ltr' id='par_1_15' title="bbox 152 638 939 676">
     <span class='ocr_line' id='line_1_15' title="bbox 152 638 939 676; baseline -0.006 -7"><span class='ocrx_word' id='word_1_103' title='bbox 152 643 190 674; x_wconf 81' lang='grc' dir='ltr'>εἰς</span> <span class='ocrx_word' id='word_1_104' title='bbox 202 642 246 669; x_wconf 85' lang='grc' dir='ltr'><strong>τὸν</strong></span> <span class='ocrx_word' id='word_1_105' title='bbox 260 641 346 668; x_wconf 85' lang='grc' dir='ltr'>αἰῶνα</span> <span class='ocrx_word' id='word_1_106' title='bbox 360 640 430 667; x_wconf 84' lang='grc' dir='ltr'>κατὰ</span> <span class='ocrx_word' id='word_1_107' title='bbox 446 640 495 676; x_wconf 87' lang='grc' dir='ltr'>τὴν</span> <span class='ocrx_word' id='word_1_108' title='bbox 507 640 582 671; x_wconf 74' lang='grc' dir='ltr'>τάξιν</span> <span class='ocrx_word' id='word_1_109' title='bbox 592 639 768 674; x_wconf 81' lang='grc' dir='ltr'>Μελχισεδέκ.</span> <span class='ocrx_word' id='word_1_110' title='bbox 782 648 790 664; x_wconf 77' lang='grc' dir='ltr'><strong>ι</strong></span> <span class='ocrx_word' id='word_1_111' title='bbox 802 639 833 665; x_wconf 80' lang='grc' dir='ltr'><strong>Ἡ</strong></span> <span class='ocrx_word' id='word_1_112' title='bbox 843 638 939 674; x_wconf 83' lang='grc' dir='ltr'>θεότης</span> 
     </span>
    </p>
   </div>
   <div class='ocr_carea' id='block_1_16' title="bbox 153 681 937 719">
    <p class='ocr_par' dir='ltr' id='par_1_16' title="bbox 153 681 937 719">
     <span class='ocr_line' id='line_1_16' title="bbox 153 681 937 719; baseline -0.003 -8"><span class='ocrx_word' id='word_1_113' title='bbox 153 685 196 712; x_wconf 77' lang='grc' dir='ltr'>τοῦ</span> <span class='ocrx_word' id='word_1_114' title='bbox 206 684 376 718; x_wconf 77' lang='grc' dir='ltr'>Μονογενοῦς</span> <span class='ocrx_word' id='word_1_115' title='bbox 390 683 541 719; x_wconf 77' lang='grc' dir='ltr'><strong>ἐνωμότους</strong></span> <span class='ocrx_word' id='word_1_116' title='bbox 555 683 715 718; x_wconf 80' lang='grc' dir='ltr'><strong>ὑποσχέσεις</strong></span> <span class='ocrx_word' id='word_1_117' title='bbox 730 681 805 717; x_wconf 77' lang='grc' dir='ltr'>παρὰ</span> <span class='ocrx_word' id='word_1_118' title='bbox 814 683 861 709; x_wconf 84' lang='grc' dir='ltr'>τοῦ</span> <span class='ocrx_word' id='word_1_119' title='bbox 870 682 937 709; x_wconf 81' lang='grc' dir='ltr'>Θεοῦ</span> 
     </span>
    </p>
   </div>
   <div class='ocr_carea' id='block_1_17' title="bbox 152 722 937 765">
    <p class='ocr_par' dir='ltr' id='par_1_17' title="bbox 152 722 937 765">
     <span class='ocr_line' id='line_1_17' title="bbox 152 722 937 765; baseline -0.003 -8"><span class='ocrx_word' id='word_1_120' title='bbox 152 730 300 765; x_wconf 77' lang='grc' dir='ltr'>ἐλάμϐανε,</span> <span class='ocrx_word' id='word_1_121' title='bbox 323 722 459 765; x_wconf 73' lang='grc' dir='ltr'>λήψεσθαι</span> <span class='ocrx_word' id='word_1_122' title='bbox 482 729 531 764; x_wconf 84' lang='grc' dir='ltr'>τὴν</span> <span class='ocrx_word' id='word_1_123' title='bbox 546 728 696 765; x_wconf 78' lang='grc' dir='ltr'>ἱερωσύνην</span> <span class='ocrx_word' id='word_1_124' title='bbox 717 730 757 760; x_wconf 70' lang='grc' dir='ltr'>εἰς</span> <span class='ocrx_word' id='word_1_125' title='bbox 780 729 826 756; x_wconf 76' lang='grc' dir='ltr'><strong>τὸν</strong></span> <span class='ocrx_word' id='word_1_126' title='bbox 841 729 937 762; x_wconf 78' lang='grc' dir='ltr'>αἰῶνα,</span> 
     </span>
    </p>
   </div>
   <div class='ocr_carea' id='block_1_18' title="bbox 153 773 939 811">
    <p class='ocr_par' dir='ltr' id='par_1_18' title="bbox 153 773 939 811">
     <span class='ocr_line' id='line_1_18' title="bbox 153 773 939 811; baseline -0.003 -9"><span class='ocrx_word' id='word_1_127' title='bbox 153 776 200 802; x_wconf 75' lang='grc' dir='ltr'>καὶ</span> <span class='ocrx_word' id='word_1_128' title='bbox 214 775 278 811; x_wconf 75' lang='grc' dir='ltr'>παρ’</span> <span class='ocrx_word' id='word_1_129' title='bbox 294 775 363 810; x_wconf 83' lang='grc' dir='ltr'>αὐτῇ</span> <span class='ocrx_word' id='word_1_130' title='bbox 377 779 388 792; x_wconf 75' lang='grc' dir='ltr'><strong>ι</strong></span> <span class='ocrx_word' id='word_1_131' title='bbox 405 774 633 810; x_wconf 78' lang='grc' dir='ltr'>δοξασθήσεσθαι;</span> <span class='ocrx_word' id='word_1_132' title='bbox 654 774 710 800; x_wconf 82' lang='grc' dir='ltr'><strong>Καὶ</strong></span> <span class='ocrx_word' id='word_1_133' title='bbox 726 774 767 806; x_wconf 77' lang='grc' dir='ltr'><strong>τίς</strong></span> <span class='ocrx_word' id='word_1_134' title='bbox 779 773 859 809; x_wconf 84' lang='grc' dir='ltr'>ἡμῶν</span> <span class='ocrx_word' id='word_1_135' title='bbox 873 774 939 800; x_wconf 84' lang='grc' dir='ltr'><strong>ἀνά-</strong></span> 
     </span>
    </p>
   </div>
   <div class='ocr_carea' id='block_1_19' title="bbox 155 819 940 856">
    <p class='ocr_par' dir='ltr' id='par_1_19' title="bbox 155 819 940 856">
     <span class='ocr_line' id='line_1_19' title="bbox 155 819 940 856; baseline -0.003 -9"><span class='ocrx_word' id='word_1_136' title='bbox 155 829 215 856; x_wconf 86' lang='grc' dir='ltr'>σχοι</span> <span class='ocrx_word' id='word_1_137' title='bbox 227 828 239 842; x_wconf 82' lang='grc' dir='ltr'>ιι</span> <span class='ocrx_word' id='word_1_138' title='bbox 252 821 339 847; x_wconf 83' lang='grc' dir='ltr'>ταῦτα</span> <span class='ocrx_word' id='word_1_139' title='bbox 352 820 492 854; x_wconf 82' lang='grc' dir='ltr'>λεγόντων,</span> <span class='ocrx_word' id='word_1_140' title='bbox 513 820 530 855; x_wconf 83' lang='grc' dir='ltr'>ἢ</span> <span class='ocrx_word' id='word_1_141' title='bbox 546 819 687 852; x_wconf 88' lang='grc' dir='ltr'>νοούντων,</span> <span class='ocrx_word' id='word_1_142' title='bbox 710 820 757 846; x_wconf 78' lang='grc' dir='ltr'><strong>καὶ</strong></span> <span class='ocrx_word' id='word_1_143' title='bbox 772 820 821 846; x_wconf 85' lang='grc' dir='ltr'><strong>οὐκ</strong></span> <span class='ocrx_word' id='word_1_144' title='bbox 840 819 940 846; x_wconf 79' lang='grc' dir='ltr'>εὐτελε-</span> 
     </span>
    </p>
   </div>
   <div class='ocr_carea' id='block_1_20' title="bbox 992 232 1775 267">
    <p class='ocr_par' dir='ltr' id='par_1_20' title="bbox 992 232 1775 267">
     <span class='ocr_line' id='line_1_20' title="bbox 992 232 1775 267; baseline 0.003 -8"><span class='ocrx_word' id='word_1_145' title='bbox 992 236 1056 259; x_wconf 90' lang='lat' dir='ltr'><strong>sunt</strong></span> <span class='ocrx_word' id='word_1_146' title='bbox 1070 232 1200 267; x_wconf 84' lang='lat' dir='ltr'><strong>propria?</strong></span> <span class='ocrx_word' id='word_1_147' title='bbox 1228 237 1253 259; x_wconf 87' lang='lat' dir='ltr'><strong>et</strong></span> <span class='ocrx_word' id='word_1_148' title='bbox 1269 232 1294 258; x_wconf 92' lang='lat' dir='ltr'><strong>in</strong></span> <span class='ocrx_word' id='word_1_149' title='bbox 1319 239 1400 266; x_wconf 83' lang='lat' dir='ltr'><strong>quam</strong></span> <span class='ocrx_word' id='word_1_150' title='bbox 1424 232 1584 267; x_wconf 78' lang='lat' dir='ltr'><strong>dignitatem</strong></span> <span class='ocrx_word' id='word_1_151' title='bbox 1601 239 1631 259; x_wconf 85' lang='lat' dir='ltr'><strong>se</strong></span> <span class='ocrx_word' id='word_1_152' title='bbox 1648 233 1775 266; x_wconf 78' lang='lat' dir='ltr'><strong>majorem</strong></span> 
     </span>
    </p>
   </div>
   <div class='ocr_carea' id='block_1_21' title="bbox 990 276 1773 304">
    <p class='ocr_par' dir='ltr' id='par_1_21' title="bbox 990 276 1773 304">
     <span class='ocr_line' id='line_1_21' title="bbox 990 276 1773 304; baseline 0.001 -1"><span class='ocrx_word' id='word_1_153' title='bbox 990 277 1131 304; x_wconf 86' lang='lat' dir='ltr'><strong>ascendit?</strong></span> <span class='ocrx_word' id='word_1_154' title='bbox 1156 276 1316 304; x_wconf 87' lang='lat' dir='ltr'><strong>Dicemusne</strong></span> <span class='ocrx_word' id='word_1_155' title='bbox 1344 276 1527 304; x_wconf 70' lang='lat' dir='ltr'><strong>sacerdotium</strong></span> <span class='ocrx_word' id='word_1_156' title='bbox 1554 276 1645 304; x_wconf 84' lang='lat' dir='ltr'><strong>divina</strong></span> <span class='ocrx_word' id='word_1_157' title='bbox 1677 282 1773 304; x_wconf 81' lang='lat' dir='ltr'><strong>natura</strong></span> 
     </span>
    </p>
   </div>
   <div class='ocr_carea' id='block_1_22' title="bbox 991 321 1777 357">
    <p class='ocr_par' dir='ltr' id='par_1_22' title="bbox 991 321 1777 357">
     <span class='ocr_line' id='line_1_22' title="bbox 991 321 1777 357; baseline 0.001 -9"><span class='ocrx_word' id='word_1_158' title='bbox 991 321 1109 355; x_wconf 81' lang='lat' dir='ltr'><strong>dignius,</strong></span> <span class='ocrx_word' id='word_1_159' title='bbox 1124 322 1157 349; x_wconf 87' lang='lat' dir='ltr'><strong>ad</strong></span> <span class='ocrx_word' id='word_1_160' title='bbox 1175 322 1245 356; x_wconf 90' lang='lat' dir='ltr'><strong>quod</strong></span> <span class='ocrx_word' id='word_1_161' title='bbox 1261 329 1313 349; x_wconf 92' lang='lat' dir='ltr'><strong>non</strong></span> <span class='ocrx_word' id='word_1_162' title='bbox 1328 329 1343 349; x_wconf 90' lang='lat' dir='ltr'><strong>a</strong></span> <span class='ocrx_word' id='word_1_163' title='bbox 1361 322 1462 357; x_wconf 85' lang='lat' dir='ltr'><strong>seipso,</strong></span> <span class='ocrx_word' id='word_1_164' title='bbox 1484 321 1530 349; x_wconf 89' lang='lat' dir='ltr'><strong>sed</strong></span> <span class='ocrx_word' id='word_1_165' title='bbox 1542 329 1590 356; x_wconf 88' lang='lat' dir='ltr'><strong>per</strong></span> <span class='ocrx_word' id='word_1_166' title='bbox 1611 321 1675 349; x_wconf 89' lang='lat' dir='ltr'><strong>illud</strong></span> <span class='ocrx_word' id='word_1_167' title='bbox 1690 330 1704 349; x_wconf 92' lang='lat' dir='ltr'><strong>a</strong></span> <span class='ocrx_word' id='word_1_168' title='bbox 1722 322 1777 350; x_wconf 86' lang='lat' dir='ltr'><strong>Deo</strong></span> 
     </span>
    </p>
   </div>
   <div class='ocr_carea' id='block_1_23' title="bbox 992 366 1775 402">
    <p class='ocr_par' dir='ltr' id='par_1_23' title="bbox 992 366 1775 402">
     <span class='ocr_line' id='line_1_23' title="bbox 992 366 1775 402; baseline 0.001 -9"><span class='ocrx_word' id='word_1_169' title='bbox 992 371 1102 394; x_wconf 82' lang='lat' dir='ltr'><strong>vocatus</strong></span> <span class='ocrx_word' id='word_1_170' title='bbox 1124 367 1254 398; x_wconf 79' lang='lat' dir='ltr'><strong>ascendit,</strong></span> <span class='ocrx_word' id='word_1_171' title='bbox 1272 372 1298 394; x_wconf 90' lang='lat' dir='ltr'><strong>et</strong></span> <span class='ocrx_word' id='word_1_172' title='bbox 1319 374 1366 402; x_wconf 91' lang='lat' dir='ltr'><strong>per</strong></span> <span class='ocrx_word' id='word_1_173' title='bbox 1383 367 1447 394; x_wconf 90' lang='lat' dir='ltr'><strong>illud</strong></span> <span class='ocrx_word' id='word_1_174' title='bbox 1469 371 1511 402; x_wconf 82' lang='lat' dir='ltr'><strong>est</strong></span> <span class='ocrx_word' id='word_1_175' title='bbox 1535 366 1702 401; x_wconf 80' lang='lat' dir='ltr'><strong>gloriﬁcatus</strong></span> <span class='ocrx_word' id='word_1_176' title='bbox 1715 388 1723 400; x_wconf 90' lang='lat'><strong>,</strong></span> <span class='ocrx_word' id='word_1_177' title='bbox 1742 376 1775 394; x_wconf 85' lang='lat' dir='ltr'><strong>an</strong></span> 
     </span>
    </p>
   </div>
   <div class='ocr_carea' id='block_1_24' title="bbox 991 405 1775 447">
    <p class='ocr_par' dir='ltr' id='par_1_24' title="bbox 991 405 1775 447">
     <span class='ocr_line' id='line_1_24' title="bbox 991 405 1775 447; baseline 0.003 -9"><span class='ocrx_word' id='word_1_178' title='bbox 991 418 1056 439; x_wconf 86' lang='lat' dir='ltr'><strong>vero</strong></span> <span class='ocrx_word' id='word_1_179' title='bbox 1078 415 1172 438; x_wconf 86' lang='lat' dir='ltr'><strong>natura</strong></span> <span class='ocrx_word' id='word_1_180' title='bbox 1197 419 1230 439; x_wconf 85' lang='lat' dir='ltr'><strong>ex</strong></span> <span class='ocrx_word' id='word_1_181' title='bbox 1255 412 1359 439; x_wconf 86' lang='lat' dir='ltr'><strong>semine</strong></span> <span class='ocrx_word' id='word_1_182' title='bbox 1385 411 1467 439; x_wconf 81' lang='lat' dir='ltr'><strong>David</strong></span> <span class='ocrx_word' id='word_1_183' title='bbox 1494 405 1565 439; x_wconf 81' lang='lat' dir='ltr'><strong>facta</strong></span> <span class='ocrx_word' id='word_1_184' title='bbox 1590 417 1617 439; x_wconf 91' lang='lat' dir='ltr'><strong>et</strong></span> <span class='ocrx_word' id='word_1_185' title='bbox 1632 413 1775 447; x_wconf 76' lang='lat' dir='ltr'><strong>praedesti-</strong></span> 
     </span>
    </p>
   </div>
   <div class='ocr_carea' id='block_1_25' title="bbox 992 455 1775 490">
    <p class='ocr_par' dir='ltr' id='par_1_25' title="bbox 992 455 1775 490">
     <span class='ocr_line' id='line_1_25' title="bbox 992 455 1775 490; baseline 0.001 -6"><span class='ocrx_word' id='word_1_186' title='bbox 992 461 1073 488; x_wconf 85' lang='lat' dir='ltr'><strong>nata,</strong></span> <span class='ocrx_word' id='word_1_187' title='bbox 1093 456 1136 483; x_wconf 91' lang='lat' dir='ltr'><strong>cui</strong></span> <span class='ocrx_word' id='word_1_188' title='bbox 1153 456 1233 483; x_wconf 86' lang='lat' dir='ltr'><strong>etiam</strong></span> <span class='ocrx_word' id='word_1_189' title='bbox 1256 455 1357 490; x_wconf 76' lang='lat' dir='ltr'><strong>iuravit</strong></span> <span class='ocrx_word' id='word_1_190' title='bbox 1375 456 1456 489; x_wconf 70' lang='lat' dir='ltr'><strong>Deus,</strong></span> <span class='ocrx_word' id='word_1_191' title='bbox 1480 458 1627 484; x_wconf 91' lang='lat' dir='ltr'><strong>secundum</strong></span> <span class='ocrx_word' id='word_1_192' title='bbox 1646 457 1775 490; x_wconf 79' lang='lat' dir='ltr'><strong>Psaltem,</strong></span> 
     </span>
    </p>
   </div>
   <div class='ocr_carea' id='block_1_26' title="bbox 993 501 1778 530">
    <p class='ocr_par' dir='ltr' id='par_1_26' title="bbox 993 501 1778 530">
     <span class='ocr_line' id='line_1_26' title="bbox 993 501 1778 530; baseline 0.003 -2"><span class='ocrx_word' id='word_1_193' title='bbox 993 501 1118 528; x_wconf 82' lang='lat' dir='ltr'><strong>daturum</strong></span> <span class='ocrx_word' id='word_1_194' title='bbox 1146 508 1176 528; x_wconf 85' lang='lat' dir='ltr'><strong>se</strong></span> <span class='ocrx_word' id='word_1_195' title='bbox 1205 501 1386 529; x_wconf 81' lang='lat' dir='ltr'><strong>sacerdotium</strong></span> <span class='ocrx_word' id='word_1_196' title='bbox 1416 502 1442 529; x_wconf 93' lang='lat' dir='ltr'><strong>in</strong></span> <span class='ocrx_word' id='word_1_197' title='bbox 1471 503 1622 529; x_wconf 79' lang='lat' dir='ltr'><strong>aeternum?</strong></span> <span class='ocrx_word' id='word_1_198' title='bbox 1648 502 1778 530; x_wconf 67' lang='lat' dir='ltr'><strong>«Iuravit</strong></span> 
     </span>
    </p>
   </div>
   <div class='ocr_carea' id='block_1_27' title="bbox 992 545 1778 582">
    <p class='ocr_par' dir='ltr' id='par_1_27' title="bbox 992 545 1778 582">
     <span class='ocr_line' id='line_1_27' title="bbox 992 545 1778 582; baseline 0.005 -10"><span class='ocrx_word' id='word_1_199' title='bbox 992 545 1077 578; x_wconf 82' lang='lat' dir='ltr'><strong>enim,</strong></span> <span class='ocrx_word' id='word_1_200' title='bbox 1090 545 1188 580; x_wconf 86' lang='lat' dir='ltr'><strong>inquit,</strong></span> <span class='ocrx_word' id='word_1_201' title='bbox 1200 546 1342 579; x_wconf 83' lang='lat' dir='ltr'><strong>Dominus,</strong></span> <span class='ocrx_word' id='word_1_202' title='bbox 1360 551 1386 574; x_wconf 88' lang='lat' dir='ltr'><strong>et</strong></span> <span class='ocrx_word' id='word_1_203' title='bbox 1404 555 1458 574; x_wconf 92' lang='lat' dir='ltr'><strong>non</strong></span> <span class='ocrx_word' id='word_1_204' title='bbox 1480 548 1621 582; x_wconf 71' lang='lat' dir='ltr'><strong>patuitebit</strong></span> <span class='ocrx_word' id='word_1_205' title='bbox 1646 556 1706 576; x_wconf 94' lang='lat' dir='ltr'><strong>eum</strong></span> <span class='ocrx_word' id='word_1_206' title='bbox 1720 558 1726 575; x_wconf 92' lang='lat'>:</span> <span class='ocrx_word' id='word_1_207' title='bbox 1738 549 1778 576; x_wconf 85' lang='lat' dir='ltr'><strong>Tu</strong></span> 
     </span>
    </p>
   </div>
   <div class='ocr_carea' id='block_1_28' title="bbox 992 591 1779 621">
    <p class='ocr_par' dir='ltr' id='par_1_28' title="bbox 992 591 1779 621">
     <span class='ocr_line' id='line_1_28' title="bbox 992 591 1779 621; baseline 0.005 -4"><span class='ocrx_word' id='word_1_208' title='bbox 992 598 1022 618; x_wconf 85' lang='lat' dir='ltr'><strong>es</strong></span> <span class='ocrx_word' id='word_1_209' title='bbox 1047 591 1173 619; x_wconf 82' lang='lat' dir='ltr'><strong>sacerdos</strong></span> <span class='ocrx_word' id='word_1_210' title='bbox 1198 591 1223 618; x_wconf 93' lang='lat' dir='ltr'><strong>in</strong></span> <span class='ocrx_word' id='word_1_211' title='bbox 1249 596 1380 619; x_wconf 73' lang='lat' dir='ltr'><strong>aeternum</strong></span> <span class='ocrx_word' id='word_1_212' title='bbox 1400 593 1547 621; x_wconf 87' lang='lat' dir='ltr'><strong>secundum</strong></span> <span class='ocrx_word' id='word_1_213' title='bbox 1566 593 1688 621; x_wconf 87' lang='lat' dir='ltr'><strong>ordinem</strong></span> <span class='ocrx_word' id='word_1_214' title='bbox 1714 594 1779 621; x_wconf 82' lang='lat' dir='ltr'><strong>Mel-</strong></span> 
     </span>
    </p>
   </div>
   <div class='ocr_carea' id='block_1_29' title="bbox 993 635 1780 674">
    <p class='ocr_par' dir='ltr' id='par_1_29' title="bbox 993 635 1780 674">
     <span class='ocr_line' id='line_1_29' title="bbox 993 635 1780 674; baseline 0.006 -12"><span class='ocrx_word' id='word_1_215' title='bbox 993 635 1137 663; x_wconf 86' lang='lat' dir='ltr'><strong>chisedech</strong></span> <span class='ocrx_word' id='word_1_216' title='bbox 1150 636 1181 663; x_wconf 72' lang='grc' dir='ltr'>η,</span> <span class='ocrx_word' id='word_1_217' title='bbox 1199 645 1208 662; x_wconf 87' lang='grc'><strong>›</strong></span> <span class='ocrx_word' id='word_1_218' title='bbox 1227 636 1295 664; x_wconf 88' lang='lat' dir='ltr'><strong>Num</strong></span> <span class='ocrx_word' id='word_1_219' title='bbox 1311 638 1397 665; x_wconf 87' lang='lat' dir='ltr'><strong>deitas</strong></span> <span class='ocrx_word' id='word_1_220' title='bbox 1412 638 1548 674; x_wconf 76' lang='lat' dir='ltr'><strong>Unigeniti</strong></span> <span class='ocrx_word' id='word_1_221' title='bbox 1561 647 1575 665; x_wconf 91' lang='lat' dir='ltr'><strong>a</strong></span> <span class='ocrx_word' id='word_1_222' title='bbox 1587 640 1640 667; x_wconf 93' lang='lat' dir='ltr'><strong>Deo</strong></span> <span class='ocrx_word' id='word_1_223' title='bbox 1660 641 1780 674; x_wconf 89' lang='lat' dir='ltr'><strong>promis-</strong></span> 
     </span>
    </p>
   </div>
   <div class='ocr_carea' id='block_1_30' title="bbox 994 681 1780 720">
    <p class='ocr_par' dir='ltr' id='par_1_30' title="bbox 994 681 1780 720">
     <span class='ocr_line' id='line_1_30' title="bbox 994 681 1780 720; baseline 0.008 -13"><span class='ocrx_word' id='word_1_224' title='bbox 994 681 1085 708; x_wconf 89' lang='lat' dir='ltr'><strong>siones</strong></span> <span class='ocrx_word' id='word_1_225' title='bbox 1099 689 1159 709; x_wconf 92' lang='lat' dir='ltr'><strong>cum</strong></span> <span class='ocrx_word' id='word_1_226' title='bbox 1173 682 1329 717; x_wconf 87' lang='lat' dir='ltr'><strong>jnramento</strong></span> <span class='ocrx_word' id='word_1_227' title='bbox 1349 685 1464 720; x_wconf 85' lang='lat' dir='ltr'><strong>accepit,</strong></span> <span class='ocrx_word' id='word_1_228' title='bbox 1485 690 1672 720; x_wconf 77' lang='lat' dir='ltr'><strong>suscepturum</strong></span> <span class='ocrx_word' id='word_1_229' title='bbox 1690 694 1719 713; x_wconf 91' lang='lat' dir='ltr'><strong>sc</strong></span> <span class='ocrx_word' id='word_1_230' title='bbox 1735 694 1780 713; x_wconf 80' lang='lat' dir='ltr'><strong>sa-</strong></span> 
     </span>
    </p>
   </div>
   <div class='ocr_carea' id='block_1_31' title="bbox 993 724 1780 766">
    <p class='ocr_par' dir='ltr' id='par_1_31' title="bbox 993 724 1780 766">
     <span class='ocr_line' id='line_1_31' title="bbox 993 724 1780 766; baseline 0.006 -13"><span class='ocrx_word' id='word_1_231' title='bbox 993 727 1143 754; x_wconf 87' lang='lat' dir='ltr'><strong>cerdotium</strong></span> <span class='ocrx_word' id='word_1_232' title='bbox 1167 728 1193 754; x_wconf 92' lang='lat' dir='ltr'><strong>in</strong></span> <span class='ocrx_word' id='word_1_233' title='bbox 1210 733 1351 762; x_wconf 65' lang='lat' dir='ltr'><strong>aeternum,</strong></span> <span class='ocrx_word' id='word_1_234' title='bbox 1368 736 1416 764; x_wconf 86' lang='lat' dir='ltr'><strong>per</strong></span> <span class='ocrx_word' id='word_1_235' title='bbox 1436 731 1508 765; x_wconf 88' lang='lat' dir='ltr'><strong>quod</strong></span> <span class='ocrx_word' id='word_1_236' title='bbox 1531 732 1566 758; x_wconf 87' lang='lat' dir='ltr'><strong>sit</strong></span> <span class='ocrx_word' id='word_1_237' title='bbox 1581 724 1780 766; x_wconf 70' lang='lat' dir='ltr'><strong>&#39;gloriticanda?</strong></span> 
     </span>
    </p>
   </div>
   <div class='ocr_carea' id='block_1_32' title="bbox 995 770 1780 810">
    <p class='ocr_par' dir='ltr' id='par_1_32' title="bbox 995 770 1780 810">
     <span class='ocr_line' id='line_1_32' title="bbox 995 770 1780 810; baseline 0.008 -14"><span class='ocrx_word' id='word_1_238' title='bbox 995 770 1028 797; x_wconf 82' lang='lat' dir='ltr'><strong>Et</strong></span> <span class='ocrx_word' id='word_1_239' title='bbox 1055 770 1116 804; x_wconf 89' lang='lat' dir='ltr'><strong>quis</strong></span> <span class='ocrx_word' id='word_1_240' title='bbox 1135 776 1257 799; x_wconf 89' lang='lat' dir='ltr'><strong>nostrum</strong></span> <span class='ocrx_word' id='word_1_241' title='bbox 1280 773 1348 800; x_wconf 80' lang='lat' dir='ltr'><strong>feret</strong></span> <span class='ocrx_word' id='word_1_242' title='bbox 1370 774 1433 801; x_wconf 86' lang='lat' dir='ltr'><strong>talia</strong></span> <span class='ocrx_word' id='word_1_243' title='bbox 1452 775 1572 802; x_wconf 83' lang='lat' dir='ltr'><strong>dicentes</strong></span> <span class='ocrx_word' id='word_1_244' title='bbox 1597 775 1638 802; x_wconf 82' lang='lat' dir='ltr'><strong>vel</strong></span> <span class='ocrx_word' id='word_1_245' title='bbox 1655 775 1780 810; x_wconf 76' lang='lat' dir='ltr'><strong>cogitan—</strong></span> 
     </span>
    </p>
   </div>
   <div class='ocr_carea' id='block_1_33' title="bbox 996 816 1778 852">
    <p class='ocr_par' dir='ltr' id='par_1_33' title="bbox 996 816 1778 852">
     <span class='ocr_line' id='line_1_33' title="bbox 996 816 1778 852; baseline 0.006 -10"><span class='ocrx_word' id='word_1_246' title='bbox 996 816 1057 843; x_wconf 83' lang='lat' dir='ltr'><strong>tes?</strong></span> <span class='ocrx_word' id='word_1_247' title='bbox 1071 816 1136 849; x_wconf 88' lang='lat' dir='ltr'><strong>Quis</strong></span> <span class='ocrx_word' id='word_1_248' title='bbox 1155 824 1207 844; x_wconf 93' lang='lat' dir='ltr'><strong>non</strong></span> <span class='ocrx_word' id='word_1_249' title='bbox 1223 822 1378 846; x_wconf 85' lang='lat' dir='ltr'><strong>contemnet</strong></span> <span class='ocrx_word' id='word_1_250' title='bbox 1391 826 1440 846; x_wconf 90' lang='lat' dir='ltr'><strong>nos</strong></span> <span class='ocrx_word' id='word_1_251' title='bbox 1462 820 1545 846; x_wconf 88' lang='lat' dir='ltr'><strong>Deum</strong></span> <span class='ocrx_word' id='word_1_252' title='bbox 1566 820 1778 852; x_wconf 73' lang='lat' dir='ltr'><strong>introducentes,</strong></span> 
     </span>
    </p>
   </div>
   <div class='ocr_carea' id='block_1_34' title="bbox 156 861 943 902">
    <p class='ocr_par' dir='ltr' id='par_1_34' title="bbox 156 865 942 902">
     <span class='ocr_line' id='line_1_34' title="bbox 156 865 942 902; baseline -0.003 -8"><span class='ocrx_word' id='word_1_253' title='bbox 156 868 222 894; x_wconf 68' lang='lat' dir='ltr'><strong>ossb</strong></span> <span class='ocrx_word' id='word_1_254' title='bbox 241 868 332 902; x_wconf 79' lang='grc' dir='ltr'>ἡμᾶς,</span> <span class='ocrx_word' id='word_1_255' title='bbox 358 866 424 893; x_wconf 85' lang='grc' dir='ltr'>Θεὸν</span> <span class='ocrx_word' id='word_1_256' title='bbox 450 865 610 899; x_wconf 71' lang='grc' dir='ltr'>εἰσάγοντας</span> <span class='ocrx_word' id='word_1_257' title='bbox 634 865 872 902; x_wconf 83' lang='grc' dir='ltr'>χειροτονούμενον</span> <span class='ocrx_word' id='word_1_258' title='bbox 891 866 942 901; x_wconf 83' lang='grc' dir='ltr'><strong>ἀρ-</strong></span> 
     </span>
    </p>
   </div>
   <div class='ocr_carea' id='block_1_35' title="bbox 996 861 1779 902">
    <p class='ocr_par' dir='ltr' id='par_1_35' title="bbox 996 861 1779 899">
     <span class='ocr_line' id='line_1_35' title="bbox 996 861 1779 899; baseline 0.008 -13"><span class='ocrx_word' id='word_1_259' title='bbox 996 861 1039 895; x_wconf 87' lang='lat' dir='ltr'><strong>qui</strong></span> <span class='ocrx_word' id='word_1_260' title='bbox 1065 861 1185 895; x_wconf 83' lang='lat' dir='ltr'><strong>pontifex</strong></span> <span class='ocrx_word' id='word_1_261' title='bbox 1215 863 1365 896; x_wconf 86' lang='lat' dir='ltr'><strong>ordinetur,</strong></span> <span class='ocrx_word' id='word_1_262' title='bbox 1389 868 1416 891; x_wconf 88' lang='lat' dir='ltr'><strong>et</strong></span> <span class='ocrx_word' id='word_1_263' title='bbox 1442 865 1519 899; x_wconf 76' lang='lat' dir='ltr'><strong>pacta</strong></span> <span class='ocrx_word' id='word_1_264' title='bbox 1545 872 1606 892; x_wconf 92' lang='lat' dir='ltr'><strong>cum</strong></span> <span class='ocrx_word' id='word_1_265' title='bbox 1623 865 1779 899; x_wconf 71' lang='lat' dir='ltr'><strong>iuramento</strong></span> 
     </span>
    </p>
   </div>
   <div class='ocr_carea' id='block_1_36' title="bbox 155 911 943 948">
    <p class='ocr_par' dir='ltr' id='par_1_36' title="bbox 155 911 943 948">
     <span class='ocr_line' id='line_1_36' title="bbox 155 911 943 948; baseline -0.001 -9"><span class='ocrx_word' id='word_1_266' title='bbox 155 913 259 948; x_wconf 72' lang='grc' dir='ltr'>χιερέα,</span> <span class='ocrx_word' id='word_1_267' title='bbox 276 913 321 939; x_wconf 77' lang='grc' dir='ltr'>καὶ</span> <span class='ocrx_word' id='word_1_268' title='bbox 334 912 467 947; x_wconf 75' lang='grc' dir='ltr'>ὲνωμόσει</span> <span class='ocrx_word' id='word_1_269' title='bbox 485 912 648 947; x_wconf 82' lang='grc' dir='ltr'>ὑποσχέσεις</span> <span class='ocrx_word' id='word_1_270' title='bbox 661 917 671 931; x_wconf 72' lang='grc' dir='ltr'><strong>ε</strong></span> <span class='ocrx_word' id='word_1_271' title='bbox 691 911 875 946; x_wconf 72' lang='grc' dir='ltr'>λαμϐάνοντα,</span> <span class='ocrx_word' id='word_1_272' title='bbox 891 919 943 937; x_wconf 87' lang='grc' dir='ltr'>κα-</span> 
     </span>
    </p>
   </div>
   <div class='ocr_carea' id='block_1_37' title="bbox 155 957 942 993">
    <p class='ocr_par' dir='ltr' id='par_1_37' title="bbox 155 957 942 993">
     <span class='ocr_line' id='line_1_37' title="bbox 155 957 942 993; baseline -0.003 -8"><span class='ocrx_word' id='word_1_273' title='bbox 155 959 258 985; x_wconf 75' lang='grc' dir='ltr'>λεῖσθαί</span> <span class='ocrx_word' id='word_1_274' title='bbox 273 967 302 985; x_wconf 86' lang='grc' dir='ltr'><strong>τε</strong></span> <span class='ocrx_word' id='word_1_275' title='bbox 323 959 362 991; x_wconf 82' lang='grc' dir='ltr'>εὶς</span> <span class='ocrx_word' id='word_1_276' title='bbox 382 958 414 984; x_wconf 83' lang='grc' dir='ltr'><strong>τὸ</strong></span> <span class='ocrx_word' id='word_1_277' title='bbox 431 958 484 993; x_wconf 82' lang='grc' dir='ltr'>τῆς</span> <span class='ocrx_word' id='word_1_278' title='bbox 506 957 656 993; x_wconf 80' lang='grc' dir='ltr'><strong>ἱερωσύνης</strong></span> <span class='ocrx_word' id='word_1_279' title='bbox 680 957 805 992; x_wconf 80' lang='grc' dir='ltr'>ἀξίωμα,</span> <span class='ocrx_word' id='word_1_280' title='bbox 826 957 873 984; x_wconf 75' lang='grc' dir='ltr'><strong>καὶ</strong></span> <span class='ocrx_word' id='word_1_281' title='bbox 893 957 942 992; x_wconf 79' lang='grc' dir='ltr'>οὺχ</span> 
     </span>
    </p>
   </div>
   <div class='ocr_carea' id='block_1_38' title="bbox 155 1003 944 1040">
    <p class='ocr_par' dir='ltr' id='par_1_38' title="bbox 155 1003 944 1040">
     <span class='ocr_line' id='line_1_38' title="bbox 155 1003 944 1040; baseline -0.001 -9"><span class='ocrx_word' id='word_1_282' title='bbox 155 1004 243 1040; x_wconf 74' lang='grc' dir='ltr'>ἑαυτῷ</span> <span class='ocrx_word' id='word_1_283' title='bbox 267 1004 441 1040; x_wconf 80' lang='grc' dir='ltr'>λαμϐάνοντα</span> <span class='ocrx_word' id='word_1_284' title='bbox 463 1003 514 1039; x_wconf 82' lang='grc' dir='ltr'>τὴν</span> <span class='ocrx_word' id='word_1_285' title='bbox 535 1004 628 1038; x_wconf 81' lang='grc' dir='ltr'>τιμὴν,</span> <span class='ocrx_word' id='word_1_286' title='bbox 655 1003 713 1030; x_wconf 74' lang='grc' dir='ltr'>ἀλλ’</span> <span class='ocrx_word' id='word_1_287' title='bbox 727 1004 766 1034; x_wconf 81' lang='grc' dir='ltr'><strong>εἰς</strong></span> <span class='ocrx_word' id='word_1_288' title='bbox 777 1003 880 1039; x_wconf 80' lang='grc' dir='ltr'>ταύτην</span> <span class='ocrx_word' id='word_1_289' title='bbox 895 1012 944 1030; x_wconf 86' lang='grc' dir='ltr'>κα-</span> 
     </span>
    </p>
   </div>
   <div class='ocr_carea' id='block_1_39' title="bbox 155 1048 945 1086">
    <p class='ocr_par' dir='ltr' id='par_1_39' title="bbox 155 1048 945 1086">
     <span class='ocr_line' id='line_1_39' title="bbox 155 1048 945 1086; baseline -0.004 -9"><span class='ocrx_word' id='word_1_290' title='bbox 155 1050 296 1086; x_wconf 82' lang='grc' dir='ltr'>λούμενον,</span> <span class='ocrx_word' id='word_1_291' title='bbox 311 1050 359 1076; x_wconf 73' lang='grc' dir='ltr'>καὶ</span> <span class='ocrx_word' id='word_1_292' title='bbox 375 1049 589 1085; x_wconf 86' lang='grc' dir='ltr'>συγκρινόμενον</span> <span class='ocrx_word' id='word_1_293' title='bbox 610 1048 649 1084; x_wconf 84' lang='grc' dir='ltr'>τῷ</span> <span class='ocrx_word' id='word_1_294' title='bbox 673 1049 774 1084; x_wconf 83' lang='grc' dir='ltr'>πρώτῳ</span> <span class='ocrx_word' id='word_1_295' title='bbox 795 1048 845 1084; x_wconf 79' lang='grc' dir='ltr'>τὴν</span> <span class='ocrx_word' id='word_1_296' title='bbox 866 1049 945 1084; x_wconf 60' lang='grc' dir='ltr'>ἱερω.</span> 
     </span>
    </p>
   </div>
   <div class='ocr_carea' id='block_1_40' title="bbox 157 1095 944 1131">
    <p class='ocr_par' dir='ltr' id='par_1_40' title="bbox 157 1095 944 1131">
     <span class='ocr_line' id='line_1_40' title="bbox 157 1095 944 1131; baseline -0.004 -8"><span class='ocrx_word' id='word_1_297' title='bbox 157 1097 241 1131; x_wconf 80' lang='grc' dir='ltr'>σόνην</span> <span class='ocrx_word' id='word_1_298' title='bbox 254 1096 379 1129; x_wconf 76' lang='grc' dir='ltr'>λαϐόντι;</span> <span class='ocrx_word' id='word_1_299' title='bbox 390 1096 447 1123; x_wconf 78' lang='grc' dir='ltr'>Καὶ</span> <span class='ocrx_word' id='word_1_300' title='bbox 459 1095 541 1122; x_wconf 81' lang='grc' dir='ltr'>πάλιν</span> <span class='ocrx_word' id='word_1_301' title='bbox 555 1096 633 1130; x_wconf 77' lang='grc' dir='ltr'>φησὶ,</span> <span class='ocrx_word' id='word_1_302' title='bbox 654 1095 747 1127; x_wconf 86' lang='grc' dir='ltr'>καθὼς</span> <span class='ocrx_word' id='word_1_303' title='bbox 759 1095 807 1121; x_wconf 72' lang='grc' dir='ltr'><strong>καὶ</strong></span> <span class='ocrx_word' id='word_1_304' title='bbox 819 1096 847 1120; x_wconf 85' lang='grc' dir='ltr'>ὲν</span> <span class='ocrx_word' id='word_1_305' title='bbox 860 1095 944 1130; x_wconf 81' lang='grc' dir='ltr'>ἑτέρῳ</span> 
     </span>
    </p>
   </div>
   <div class='ocr_carea' id='block_1_41' title="bbox 156 1141 945 1178">
    <p class='ocr_par' dir='ltr' id='par_1_41' title="bbox 156 1141 945 1178">
     <span class='ocr_line' id='line_1_41' title="bbox 156 1141 945 1178; baseline -0.003 -9"><span class='ocrx_word' id='word_1_306' title='bbox 156 1143 248 1177; x_wconf 78' lang='grc' dir='ltr'>λέγει·</span> <span class='ocrx_word' id='word_1_307' title='bbox 269 1153 278 1168; x_wconf 83' lang='grc' dir='ltr'><strong>ι</strong></span> <span class='ocrx_word' id='word_1_308' title='bbox 296 1143 331 1169; x_wconf 80' lang='grc' dir='ltr'><strong>Σὺ</strong></span> <span class='ocrx_word' id='word_1_309' title='bbox 358 1143 447 1178; x_wconf 78' lang='grc' dir='ltr'>ἱερεὺς</span> <span class='ocrx_word' id='word_1_310' title='bbox 467 1143 507 1174; x_wconf 74' lang='grc' dir='ltr'><strong>εις</strong></span> <span class='ocrx_word' id='word_1_311' title='bbox 533 1142 577 1168; x_wconf 85' lang='grc' dir='ltr'><strong>τὸν</strong></span> <span class='ocrx_word' id='word_1_312' title='bbox 601 1141 685 1168; x_wconf 71' lang='grc' dir='ltr'>αἰῶνα</span> <span class='ocrx_word' id='word_1_313' title='bbox 711 1141 781 1168; x_wconf 86' lang='grc' dir='ltr'>κατὰ</span> <span class='ocrx_word' id='word_1_314' title='bbox 801 1141 850 1176; x_wconf 80' lang='grc' dir='ltr'><strong>τὴν</strong></span> <span class='ocrx_word' id='word_1_315' title='bbox 870 1141 945 1173; x_wconf 78' lang='grc' dir='ltr'>τάξιν</span> 
     </span>
    </p>
   </div>
   <div class='ocr_carea' id='block_1_42' title="bbox 157 1186 945 1224">
    <p class='ocr_par' dir='ltr' id='par_1_42' title="bbox 157 1186 945 1224">
     <span class='ocr_line' id='line_1_42' title="bbox 157 1186 945 1224; baseline -0.005 -8"><span class='ocrx_word' id='word_1_316' title='bbox 157 1189 334 1224; x_wconf 78' lang='grc' dir='ltr'>Μελχισεδὲκ.</span> <span class='ocrx_word' id='word_1_317' title='bbox 353 1198 363 1214; x_wconf 70' lang='grc' dir='ltr'>ι</span> <span class='ocrx_word' id='word_1_318' title='bbox 385 1189 440 1215; x_wconf 81' lang='grc' dir='ltr'><strong>Καὶ</strong></span> <span class='ocrx_word' id='word_1_319' title='bbox 462 1188 504 1220; x_wconf 73' lang='grc' dir='ltr'><strong>τίς</strong></span> <span class='ocrx_word' id='word_1_320' title='bbox 524 1188 605 1215; x_wconf 81' lang='grc' dir='ltr'>πάλιν</span> <span class='ocrx_word' id='word_1_321' title='bbox 633 1187 701 1214; x_wconf 74' lang='grc' dir='ltr'>κατὰ</span> <span class='ocrx_word' id='word_1_322' title='bbox 720 1187 769 1223; x_wconf 86' lang='grc' dir='ltr'>τὴν</span> <span class='ocrx_word' id='word_1_323' title='bbox 795 1186 945 1222; x_wconf 85' lang='grc' dir='ltr'>ἱερωσύνην</span> 
     </span>
    </p>
   </div>
   <div class='ocr_carea' id='block_1_43' title="bbox 159 1232 945 1269">
    <p class='ocr_par' dir='ltr' id='par_1_43' title="bbox 159 1232 945 1269">
     <span class='ocr_line' id='line_1_43' title="bbox 159 1232 945 1269; baseline -0.004 -8"><span class='ocrx_word' id='word_1_324' title='bbox 159 1235 325 1269; x_wconf 77' lang='grc' dir='ltr'>Μελχισεδὲκ</span> <span class='ocrx_word' id='word_1_325' title='bbox 352 1234 536 1267; x_wconf 61' lang='lat' dir='ltr'><strong>rimimo-rat;</strong></span> <span class='ocrx_word' id='word_1_326' title='bbox 549 1232 623 1268; x_wconf 71' lang='grc' dir='ltr'><strong>Ἀρα</strong></span> <span class='ocrx_word' id='word_1_327' title='bbox 643 1233 716 1260; x_wconf 78' lang='grc' dir='ltr'>ὅσιον</span> <span class='ocrx_word' id='word_1_328' title='bbox 733 1233 778 1259; x_wconf 85' lang='grc' dir='ltr'><strong>τὸν</strong></span> <span class='ocrx_word' id='word_1_329' title='bbox 796 1233 863 1259; x_wconf 82' lang='grc' dir='ltr'>Θεὸν</span> <span class='ocrx_word' id='word_1_330' title='bbox 879 1232 945 1258; x_wconf 84' lang='grc' dir='ltr'>ὑπο-</span> 
     </span>
    </p>
   </div>
   <div class='ocr_carea' id='block_1_44' title="bbox 158 1278 944 1315">
    <p class='ocr_par' dir='ltr' id='par_1_44' title="bbox 158 1278 944 1315">
     <span class='ocr_line' id='line_1_44' title="bbox 158 1278 944 1315; baseline -0.003 -10"><span class='ocrx_word' id='word_1_331' title='bbox 158 1280 319 1315; x_wconf 68' lang='grc' dir='ltr'>λαμϐάνειν,</span> <span class='ocrx_word' id='word_1_332' title='bbox 345 1280 362 1314; x_wconf 85' lang='grc' dir='ltr'>ἢ</span> <span class='ocrx_word' id='word_1_333' title='bbox 383 1280 432 1314; x_wconf 88' lang='grc' dir='ltr'>τὴν</span> <span class='ocrx_word' id='word_1_334' title='bbox 449 1279 479 1312; x_wconf 70' lang='grc' dir='ltr'><strong>ἐξ</strong></span> <span class='ocrx_word' id='word_1_335' title='bbox 501 1279 579 1314; x_wconf 79' lang='grc' dir='ltr'>ἡμῶν</span> <span class='ocrx_word' id='word_1_336' title='bbox 603 1279 750 1314; x_wconf 78' lang='grc' dir='ltr'>ληφθεῖσαν</span> <span class='ocrx_word' id='word_1_337' title='bbox 776 1278 875 1313; x_wconf 80' lang='grc' dir='ltr'>σάρκα,</span> <span class='ocrx_word' id='word_1_338' title='bbox 895 1278 944 1312; x_wconf 79' lang='grc' dir='ltr'>τὴν</span> 
     </span>
    </p>
   </div>
   <div class='ocr_carea' id='block_1_45' title="bbox 161 1323 944 1358">
    <p class='ocr_par' dir='ltr' id='par_1_45' title="bbox 161 1323 944 1358">
     <span class='ocr_line' id='line_1_45' title="bbox 161 1323 944 1358; baseline -0.001 -9"><span class='ocrx_word' id='word_1_339' title='bbox 161 1323 309 1350; x_wconf 74' lang='grc' dir='ltr'>ἑνωθεῖσαν</span> <span class='ocrx_word' id='word_1_340' title='bbox 334 1323 493 1358; x_wconf 80' lang='grc' dir='ltr'>ὰχωρὶστως</span> <span class='ocrx_word' id='word_1_341' title='bbox 525 1323 601 1358; x_wconf 75' lang='grc' dir='ltr'>ἅμα,</span> <span class='ocrx_word' id='word_1_342' title='bbox 623 1323 670 1349; x_wconf 67' lang='grc' dir='ltr'>καὶ</span> <span class='ocrx_word' id='word_1_343' title='bbox 695 1323 856 1357; x_wconf 83' lang='grc' dir='ltr'>ἁσυγχύτως</span> <span class='ocrx_word' id='word_1_344' title='bbox 882 1331 944 1349; x_wconf 80' lang='grc' dir='ltr'>συν-</span> 
     </span>
    </p>
   </div>
   <div class='ocr_carea' id='block_1_46' title="bbox 163 1368 944 1404">
    <p class='ocr_par' dir='ltr' id='par_1_46' title="bbox 163 1368 944 1404">
     <span class='ocr_line' id='line_1_46' title="bbox 163 1368 944 1404; baseline -0.001 -9"><span class='ocrx_word' id='word_1_345' title='bbox 163 1369 309 1404; x_wconf 79' lang='grc' dir='ltr'>ημμένην;</span> <span class='ocrx_word' id='word_1_346' title='bbox 328 1369 384 1395; x_wconf 73' lang='grc' dir='ltr'><strong>Καὶ</strong></span> <span class='ocrx_word' id='word_1_347' title='bbox 396 1369 477 1395; x_wconf 78' lang='grc' dir='ltr'>’πάλιν</span> <span class='ocrx_word' id='word_1_348' title='bbox 498 1369 594 1403; x_wconf 78' lang='grc' dir='ltr'>φησίν·</span> <span class='ocrx_word' id='word_1_349' title='bbox 615 1379 624 1394; x_wconf 88' lang='grc' dir='ltr'><strong>ι</strong></span> <span class='ocrx_word' id='word_1_350' title='bbox 642 1370 689 1400; x_wconf 85' lang='grc' dir='ltr'>Ὃς</span> <span class='ocrx_word' id='word_1_351' title='bbox 709 1369 738 1394; x_wconf 82' lang='grc' dir='ltr'>ὲν</span> <span class='ocrx_word' id='word_1_352' title='bbox 752 1369 812 1399; x_wconf 86' lang='grc' dir='ltr'>ταῖς</span> <span class='ocrx_word' id='word_1_353' title='bbox 828 1368 944 1404; x_wconf 81' lang='grc' dir='ltr'>ἡμέραις</span> 
     </span>
    </p>
   </div>
   <div class='ocr_carea' id='block_1_47' title="bbox 164 1413 944 1450">
    <p class='ocr_par' dir='ltr' id='par_1_47' title="bbox 164 1413 944 1450">
     <span class='ocr_line' id='line_1_47' title="bbox 164 1413 944 1450; baseline -0.001 -10"><span class='ocrx_word' id='word_1_354' title='bbox 164 1415 214 1450; x_wconf 78' lang='grc' dir='ltr'>τῆς</span> <span class='ocrx_word' id='word_1_355' title='bbox 236 1414 336 1450; x_wconf 88' lang='grc' dir='ltr'>σαρκὸς</span> <span class='ocrx_word' id='word_1_356' title='bbox 357 1414 440 1440; x_wconf 78' lang='grc' dir='ltr'>αὑτοῦ</span> <span class='ocrx_word' id='word_1_357' title='bbox 457 1413 564 1448; x_wconf 83' lang='grc' dir='ltr'>δεήσεις</span> <span class='ocrx_word' id='word_1_358' title='bbox 576 1422 614 1444; x_wconf 84' lang='grc' dir='ltr'><strong>τε,</strong></span> <span class='ocrx_word' id='word_1_359' title='bbox 629 1414 674 1440; x_wconf 81' lang='grc' dir='ltr'>καὶ</span> <span class='ocrx_word' id='word_1_360' title='bbox 695 1413 831 1449; x_wconf 80' lang='grc' dir='ltr'>ἱκετηρίας</span> <span class='ocrx_word' id='word_1_361' title='bbox 843 1413 857 1433; x_wconf 68' lang='grc' dir='ltr'><em>ἀ</em></span> <span class='ocrx_word' id='word_1_362' title='bbox 876 1413 944 1449; x_wconf 86' lang='grc' dir='ltr'>πρὸς</span> 
     </span>
    </p>
   </div>
   <div class='ocr_carea' id='block_1_48' title="bbox 161 1458 945 1495">
    <p class='ocr_par' dir='ltr' id='par_1_48' title="bbox 161 1458 945 1495">
     <span class='ocr_line' id='line_1_48' title="bbox 161 1458 945 1495; baseline 0 -9"><span class='ocrx_word' id='word_1_363' title='bbox 161 1460 207 1487; x_wconf 85' lang='grc' dir='ltr'><strong>τὸν</strong></span> <span class='ocrx_word' id='word_1_364' title='bbox 221 1458 370 1494; x_wconf 64' lang='grc' dir='ltr'>δὺνάμενον</span> <span class='ocrx_word' id='word_1_365' title='bbox 387 1459 482 1491; x_wconf 82' lang='grc' dir='ltr'>σώζειν</span> <span class='ocrx_word' id='word_1_366' title='bbox 499 1460 578 1485; x_wconf 75' lang='grc' dir='ltr'>αὑτὸν</span> <span class='ocrx_word' id='word_1_367' title='bbox 600 1460 631 1485; x_wconf 80' lang='grc' dir='ltr'>ἐκ</span> <span class='ocrx_word' id='word_1_368' title='bbox 648 1459 763 1486; x_wconf 84' lang='grc' dir='ltr'>Θανάτου</span> <span class='ocrx_word' id='word_1_369' title='bbox 777 1459 846 1494; x_wconf 75' lang='grc' dir='ltr'>μετὰ</span> <span class='ocrx_word' id='word_1_370' title='bbox 858 1468 945 1495; x_wconf 84' lang='grc' dir='ltr'>κραυ-</span> 
     </span>
    </p>
   </div>
   <div class='ocr_carea' id='block_1_49' title="bbox 159 1503 945 1539">
    <p class='ocr_par' dir='ltr' id='par_1_49' title="bbox 159 1503 945 1539">
     <span class='ocr_line' id='line_1_49' title="bbox 159 1503 945 1539; baseline 0 -9"><span class='ocrx_word' id='word_1_371' title='bbox 159 1505 212 1539; x_wconf 87' lang='grc' dir='ltr'>γῆς</span> <span class='ocrx_word' id='word_1_372' title='bbox 239 1505 353 1539; x_wconf 76' lang='grc' dir='ltr'>ἔσχυρᾶς</span> <span class='ocrx_word' id='word_1_373' title='bbox 375 1505 422 1530; x_wconf 79' lang='grc' dir='ltr'>καὶ</span> <span class='ocrx_word' id='word_1_374' title='bbox 447 1503 572 1539; x_wconf 77' lang='grc' dir='ltr'>δακρύων</span> <span class='ocrx_word' id='word_1_375' title='bbox 598 1504 794 1539; x_wconf 76' lang='grc' dir='ltr'>προσενέγκας,</span> <span class='ocrx_word' id='word_1_376' title='bbox 817 1505 865 1531; x_wconf 77' lang='grc' dir='ltr'>καὶ</span> <span class='ocrx_word' id='word_1_377' title='bbox 888 1505 945 1530; x_wconf 74' lang='grc' dir='ltr'>εισ-</span> 
     </span>
    </p>
   </div>
   <div class='ocr_carea' id='block_1_50' title="bbox 159 1533 981 1585">
    <p class='ocr_par' dir='ltr' id='par_1_50' title="bbox 159 1533 981 1585">
     <span class='ocr_line' id='line_1_50' title="bbox 159 1533 981 1585; baseline -0.001 -9"><span class='ocrx_word' id='word_1_378' title='bbox 326 1533 380 1576; x_wconf 57' lang='grc' dir='ltr'><strong>ἀὲτδ</strong></span> <span class='ocrx_word' id='word_1_379' title='bbox 401 1550 450 1584; x_wconf 80' lang='grc' dir='ltr'><strong>τῆς</strong></span> <span class='ocrx_word' id='word_1_380' title='bbox 465 1533 625 1581; x_wconf 52' lang='grc' dir='ltr'>εὐλαϐείας..</span> <span class='ocrx_word' id='word_1_381' title='bbox 635 1559 643 1575; x_wconf 76' lang='grc' dir='ltr'><strong>ι</strong></span> <span class='ocrx_word' id='word_1_382' title='bbox 657 1533 731 1585; x_wconf 54' lang='grc' dir='ltr'><strong>τΑριι⁸</strong></span> <span class='ocrx_word' id='word_1_383' title='bbox 743 1550 757 1575; x_wconf 87' lang='grc' dir='ltr'><strong>ό</strong></span> <span class='ocrx_word' id='word_1_384' title='bbox 772 1533 839 1581; x_wconf 58' lang='grc' dir='ltr'>ὁεὸς</span> <span class='ocrx_word' id='word_1_385' title='bbox 859 1550 945 1583; x_wconf 88' lang='grc' dir='ltr'>Λόγος</span> <span class='ocrx_word' id='word_1_386' title='bbox 960 1533 981 1562; x_wconf 76' lang='lat' dir='ltr'><strong><em>C</em></strong></span> 
     </span>
    </p>
   </div>
   <div class='ocr_carea' id='block_1_51' title="bbox 156 1595 945 1631">
    <p class='ocr_par' dir='ltr' id='par_1_51' title="bbox 156 1595 945 1631">
     <span class='ocr_line' id='line_1_51' title="bbox 156 1595 945 1631; baseline -0.001 -9"><span class='ocrx_word' id='word_1_387' title='bbox 156 1596 267 1630; x_wconf 74' lang='grc' dir='ltr'>δεήσεις</span> <span class='ocrx_word' id='word_1_388' title='bbox 281 1596 328 1621; x_wconf 73' lang='grc' dir='ltr'>καὶ</span> <span class='ocrx_word' id='word_1_389' title='bbox 351 1595 490 1630; x_wconf 79' lang='grc' dir='ltr'>ἱκετηρίας</span> <span class='ocrx_word' id='word_1_390' title='bbox 500 1600 523 1628; x_wconf 77' lang='grc' dir='ltr'><strong>ε,</strong></span> <span class='ocrx_word' id='word_1_391' title='bbox 537 1595 583 1621; x_wconf 79' lang='grc' dir='ltr'><strong>καὶ</strong></span> <span class='ocrx_word' id='word_1_392' title='bbox 601 1595 670 1630; x_wconf 82' lang='grc' dir='ltr'>μετὰ</span> <span class='ocrx_word' id='word_1_393' title='bbox 690 1596 814 1631; x_wconf 81' lang='grc' dir='ltr'>κραυγῆς</span> <span class='ocrx_word' id='word_1_394' title='bbox 832 1596 945 1630; x_wconf 77' lang='grc' dir='ltr'>ἰσχυρᾶς</span> 
     </span>
    </p>
   </div>
   <div class='ocr_carea' id='block_1_52' title="bbox 158 1639 944 1677">
    <p class='ocr_par' dir='ltr' id='par_1_52' title="bbox 158 1639 944 1677">
     <span class='ocr_line' id='line_1_52' title="bbox 158 1639 944 1677; baseline -0.001 -10"><span class='ocrx_word' id='word_1_395' title='bbox 158 1641 228 1677; x_wconf 82' lang='grc' dir='ltr'>πρός</span> <span class='ocrx_word' id='word_1_396' title='bbox 254 1649 315 1667; x_wconf 87' lang='grc' dir='ltr'>τινα</span> <span class='ocrx_word' id='word_1_397' title='bbox 344 1641 492 1675; x_wconf 80' lang='grc' dir='ltr'>δυνάμενον</span> <span class='ocrx_word' id='word_1_398' title='bbox 518 1639 614 1672; x_wconf 79' lang='grc' dir='ltr'>σώζειν</span> <span class='ocrx_word' id='word_1_399' title='bbox 641 1641 738 1673; x_wconf 81' lang='grc' dir='ltr'>αὑτὸν,</span> <span class='ocrx_word' id='word_1_400' title='bbox 770 1641 944 1675; x_wconf 80' lang='grc' dir='ltr'>προσφέρων,</span> 
     </span>
    </p>
   </div>
   <div class='ocr_carea' id='block_1_53' title="bbox 157 1682 946 1721">
    <p class='ocr_par' dir='ltr' id='par_1_53' title="bbox 157 1682 946 1721">
     <span class='ocr_line' id='line_1_53' title="bbox 157 1682 946 1721; baseline 0.001 -10"><span class='ocrx_word' id='word_1_401' title='bbox 157 1686 324 1721; x_wconf 71' lang='grc' dir='ltr'>εἰσηκούσθη</span> <span class='ocrx_word' id='word_1_402' title='bbox 351 1685 405 1711; x_wconf 79' lang='grc' dir='ltr'>ἀπὸ</span> <span class='ocrx_word' id='word_1_403' title='bbox 423 1685 472 1720; x_wconf 84' lang='grc' dir='ltr'>τῆς</span> <span class='ocrx_word' id='word_1_404' title='bbox 487 1685 639 1718; x_wconf 79' lang='grc' dir='ltr'>εὐλαϐείας,</span> <span class='ocrx_word' id='word_1_405' title='bbox 663 1686 710 1712; x_wconf 73' lang='grc' dir='ltr'>καὶ</span> <span class='ocrx_word' id='word_1_406' title='bbox 730 1686 830 1721; x_wconf 79' lang='grc' dir='ltr'>ἔμαθεν</span> <span class='ocrx_word' id='word_1_407' title='bbox 845 1687 892 1720; x_wconf 79' lang='grc' dir='ltr'><strong>ἀφ’</strong></span> <span class='ocrx_word' id='word_1_408' title='bbox 908 1682 946 1712; x_wconf 85' lang='grc' dir='ltr'>ὧν</span> 
     </span>
    </p>
   </div>
   <div class='ocr_carea' id='block_1_54' title="bbox 158 1731 946 1766">
    <p class='ocr_par' dir='ltr' id='par_1_54' title="bbox 158 1731 946 1766">
     <span class='ocr_line' id='line_1_54' title="bbox 158 1731 946 1766; baseline -0.001 -8"><span class='ocrx_word' id='word_1_409' title='bbox 158 1731 243 1758; x_wconf 75' lang='grc' dir='ltr'>ἔπαθε</span> <span class='ocrx_word' id='word_1_410' title='bbox 259 1731 308 1766; x_wconf 82' lang='grc' dir='ltr'><strong>τὴν</strong></span> <span class='ocrx_word' id='word_1_411' title='bbox 323 1731 458 1766; x_wconf 73' lang='grc' dir='ltr'>ὕπακοήνς</span> <span class='ocrx_word' id='word_1_412' title='bbox 481 1731 513 1757; x_wconf 87' lang='grc' dir='ltr'>Εἰ</span> <span class='ocrx_word' id='word_1_413' title='bbox 529 1731 618 1757; x_wconf 76' lang='grc' dir='ltr'>τοίνυν</span> <span class='ocrx_word' id='word_1_414' title='bbox 640 1732 653 1757; x_wconf 86' lang='grc' dir='ltr'><strong>ό</strong></span> <span class='ocrx_word' id='word_1_415' title='bbox 667 1731 733 1762; x_wconf 83' lang='grc' dir='ltr'>Θεὸς</span> <span class='ocrx_word' id='word_1_416' title='bbox 746 1731 832 1765; x_wconf 84' lang='grc' dir='ltr'>Λόγος</span> <span class='ocrx_word' id='word_1_417' title='bbox 851 1731 946 1766; x_wconf 83' lang='grc' dir='ltr'>ἀρχιε-</span> 
     </span>
    </p>
   </div>
   <div class='ocr_carea' id='block_1_55' title="bbox 159 1772 945 1812">
    <p class='ocr_par' dir='ltr' id='par_1_55' title="bbox 159 1772 945 1812">
     <span class='ocr_line' id='line_1_55' title="bbox 159 1772 945 1812; baseline 0 -10"><span class='ocrx_word' id='word_1_418' title='bbox 159 1777 235 1812; x_wconf 81' lang='grc' dir='ltr'>ρεὺς,</span> <span class='ocrx_word' id='word_1_419' title='bbox 250 1777 297 1803; x_wconf 72' lang='grc' dir='ltr'><strong>καὶ</strong></span> <span class='ocrx_word' id='word_1_420' title='bbox 310 1776 412 1810; x_wconf 73' lang='grc' dir='ltr'>ἔμαθεν</span> <span class='ocrx_word' id='word_1_421' title='bbox 426 1775 473 1810; x_wconf 74' lang='grc' dir='ltr'><strong>ἀφ’</strong></span> <span class='ocrx_word' id='word_1_422' title='bbox 488 1772 524 1802; x_wconf 85' lang='grc' dir='ltr'>ὧν</span> <span class='ocrx_word' id='word_1_423' title='bbox 540 1775 641 1802; x_wconf 72' lang='grc' dir='ltr'>ἔπαθεν</span> <span class='ocrx_word' id='word_1_424' title='bbox 652 1775 745 1807; x_wconf 78' lang='grc' dir='ltr'>αὐτὸς,</span> <span class='ocrx_word' id='word_1_425' title='bbox 761 1777 808 1802; x_wconf 74' lang='grc' dir='ltr'><strong>καὶ</strong></span> <span class='ocrx_word' id='word_1_426' title='bbox 821 1776 945 1802; x_wconf 78' lang='grc' dir='ltr'>ἐτελειώ-</span> 
     </span>
    </p>
   </div>
   <div class='ocr_carea' id='block_1_56' title="bbox 158 1820 947 1856">
    <p class='ocr_par' dir='ltr' id='par_1_56' title="bbox 158 1820 947 1856">
     <span class='ocr_line' id='line_1_56' title="bbox 158 1820 947 1856; baseline 0 -9"><span class='ocrx_word' id='word_1_427' title='bbox 158 1821 204 1856; x_wconf 87' lang='grc' dir='ltr'>θη.</span> <span class='ocrx_word' id='word_1_428' title='bbox 236 1820 318 1847; x_wconf 80' lang='grc' dir='ltr'>Ἀλλὰ</span> <span class='ocrx_word' id='word_1_429' title='bbox 340 1820 377 1856; x_wconf 82' lang='grc' dir='ltr'>μὴ</span> <span class='ocrx_word' id='word_1_430' title='bbox 399 1820 577 1856; x_wconf 77' lang='grc' dir='ltr'>ταρασσέσθω</span> <span class='ocrx_word' id='word_1_431' title='bbox 597 1821 672 1855; x_wconf 77' lang='grc' dir='ltr'>ὑμῶν</span> <span class='ocrx_word' id='word_1_432' title='bbox 694 1821 710 1855; x_wconf 83' lang='grc' dir='ltr'>ὴ</span> <span class='ocrx_word' id='word_1_433' title='bbox 734 1820 861 1847; x_wconf 72' lang='grc' dir='ltr'>διάνοιαί</span> <span class='ocrx_word' id='word_1_434' title='bbox 884 1821 947 1856; x_wconf 78' lang='grc' dir='ltr'><strong>περὶ</strong></span> 
     </span>
    </p>
   </div>
   <div class='ocr_carea' id='block_1_57' title="bbox 157 1866 945 1901">
    <p class='ocr_par' dir='ltr' id='par_1_57' title="bbox 157 1866 945 1901">
     <span class='ocr_line' id='line_1_57' title="bbox 157 1866 945 1901; baseline -0.001 -8"><span class='ocrx_word' id='word_1_435' title='bbox 157 1866 207 1893; x_wconf 80' lang='grc' dir='ltr'>τοῦ</span> <span class='ocrx_word' id='word_1_436' title='bbox 227 1866 359 1898; x_wconf 76' lang='grc' dir='ltr'>παθόντος</span> <span class='ocrx_word' id='word_1_437' title='bbox 383 1866 540 1893; x_wconf 76' lang='grc' dir='ltr'>ἀκούσασα·</span> <span class='ocrx_word' id='word_1_438' title='bbox 569 1876 578 1891; x_wconf 80' lang='grc' dir='ltr'><strong>ι</strong></span> <span class='ocrx_word' id='word_1_439' title='bbox 593 1866 702 1901; x_wconf 78' lang='grc' dir='ltr'>Καίπερ</span> <span class='ocrx_word' id='word_1_440' title='bbox 727 1866 764 1893; x_wconf 83' lang='grc' dir='ltr'>ὣν</span> <span class='ocrx_word' id='word_1_441' title='bbox 783 1867 857 1898; x_wconf 82' lang='grc' dir='ltr'>Υἱός.</span> <span class='ocrx_word' id='word_1_442' title='bbox 875 1876 883 1891; x_wconf 77' lang='grc' dir='ltr'>ι</span> <span class='ocrx_word' id='word_1_443' title='bbox 908 1866 945 1892; x_wconf 91' lang='grc' dir='ltr'><strong>Οὐ</strong></span> 
     </span>
    </p>
   </div>
   <div class='ocr_carea' id='block_1_58' title="bbox 158 1912 947 1947">
    <p class='ocr_par' dir='ltr' id='par_1_58' title="bbox 158 1912 947 1947">
     <span class='ocr_line' id='line_1_58' title="bbox 158 1912 947 1947; baseline -0.003 -8"><span class='ocrx_word' id='word_1_444' title='bbox 158 1913 214 1947; x_wconf 74' lang='grc' dir='ltr'><strong>γὰρ</strong></span> <span class='ocrx_word' id='word_1_445' title='bbox 229 1912 275 1939; x_wconf 80' lang='grc' dir='ltr'><strong>δύο</strong></span> <span class='ocrx_word' id='word_1_446' title='bbox 291 1912 366 1943; x_wconf 81' lang='grc' dir='ltr'>υἱούς</span> <span class='ocrx_word' id='word_1_447' title='bbox 377 1921 476 1947; x_wconf 80' lang='grc' dir='ltr'>φαμεν,</span> <span class='ocrx_word' id='word_1_448' title='bbox 489 1912 534 1939; x_wconf 86' lang='grc' dir='ltr'><strong>τόν</strong></span> <span class='ocrx_word' id='word_1_449' title='bbox 544 1921 573 1938; x_wconf 89' lang='grc' dir='ltr'><strong>τε</strong></span> <span class='ocrx_word' id='word_1_450' title='bbox 589 1912 720 1945; x_wconf 76' lang='grc' dir='ltr'>παθόντα,</span> <span class='ocrx_word' id='word_1_451' title='bbox 735 1912 783 1938; x_wconf 79' lang='grc' dir='ltr'>καὶ</span> <span class='ocrx_word' id='word_1_452' title='bbox 795 1913 841 1938; x_wconf 89' lang='grc' dir='ltr'><strong>τὸν</strong></span> <span class='ocrx_word' id='word_1_453' title='bbox 854 1912 947 1947; x_wconf 84' lang='grc' dir='ltr'>ἁπαθῆ</span> 
     </span>
    </p>
   </div>
   <div class='ocr_carea' id='block_1_59' title="bbox 161 1957 947 1994">
    <p class='ocr_par' dir='ltr' id='par_1_59' title="bbox 161 1957 947 1994">
     <span class='ocr_line' id='line_1_59' title="bbox 161 1957 947 1994; baseline -0.001 -9"><span class='ocrx_word' id='word_1_454' title='bbox 161 1959 308 1994; x_wconf 82' lang='grc' dir='ltr'>μείναντα·</span> <span class='ocrx_word' id='word_1_455' title='bbox 336 1959 365 1984; x_wconf 77' lang='grc' dir='ltr'>οὐ</span> <span class='ocrx_word' id='word_1_456' title='bbox 389 1959 443 1994; x_wconf 77' lang='grc' dir='ltr'>γὰρ</span> <span class='ocrx_word' id='word_1_457' title='bbox 468 1959 702 1994; x_wconf 77' lang='grc' dir='ltr'>κεχωρισμένωςκ</span> <span class='ocrx_word' id='word_1_458' title='bbox 722 1958 769 1984; x_wconf 82' lang='grc' dir='ltr'><strong>καὶ</strong></span> <span class='ocrx_word' id='word_1_459' title='bbox 793 1957 947 1989; x_wconf 69' lang='grc' dir='ltr'>ἰδιαζόντως</span> 
     </span>
    </p>
   </div>
   <div class='ocr_carea' id='block_1_60' title="bbox 158 2003 946 2040">
    <p class='ocr_par' dir='ltr' id='par_1_60' title="bbox 158 2003 946 2040">
     <span class='ocr_line' id='line_1_60' title="bbox 158 2003 946 2040; baseline -0.003 -9"><span class='ocrx_word' id='word_1_460' title='bbox 158 2006 209 2040; x_wconf 82' lang='grc' dir='ltr'>τῆς</span> <span class='ocrx_word' id='word_1_461' title='bbox 221 2005 346 2040; x_wconf 82' lang='grc' dir='ltr'>θεότητος</span> <span class='ocrx_word' id='word_1_462' title='bbox 358 2005 372 2030; x_wconf 83' lang='grc' dir='ltr'>ὁ</span> <span class='ocrx_word' id='word_1_463' title='bbox 382 2006 414 2031; x_wconf 80' lang='grc' dir='ltr'><strong>ἐκ</strong></span> <span class='ocrx_word' id='word_1_464' title='bbox 422 2003 436 2023; x_wconf 61' lang='grc'><strong><em>³</em></strong></span> <span class='ocrx_word' id='word_1_465' title='bbox 449 2005 603 2039; x_wconf 78' lang='grc' dir='ltr'>σπέρματος</span> <span class='ocrx_word' id='word_1_466' title='bbox 618 2003 698 2030; x_wconf 84' lang='grc' dir='ltr'><strong>Δαυῖδ</strong></span> <span class='ocrx_word' id='word_1_467' title='bbox 708 2004 771 2034; x_wconf 84' lang='grc' dir='ltr'>Υἱὸς</span> <span class='ocrx_word' id='word_1_468' title='bbox 780 2003 946 2039; x_wconf 80' lang='grc' dir='ltr'>ὠνόμασται,</span> 
     </span>
    </p>
   </div>
   <div class='ocr_carea' id='block_1_61' title="bbox 158 2049 948 2086">
    <p class='ocr_par' dir='ltr' id='par_1_61' title="bbox 158 2049 948 2086">
     <span class='ocr_line' id='line_1_61' title="bbox 158 2049 948 2086; baseline -0.001 -9"><span class='ocrx_word' id='word_1_469' title='bbox 158 2051 198 2083; x_wconf 87' lang='grc' dir='ltr'>ὼς</span> <span class='ocrx_word' id='word_1_470' title='bbox 215 2051 277 2077; x_wconf 71' lang='grc' dir='ltr'>οὐδὲ</span> <span class='ocrx_word' id='word_1_471' title='bbox 301 2052 317 2086; x_wconf 85' lang='grc' dir='ltr'><strong>ὴ</strong></span> <span class='ocrx_word' id='word_1_472' title='bbox 341 2050 434 2086; x_wconf 85' lang='grc' dir='ltr'>θεότης</span> <span class='ocrx_word' id='word_1_473' title='bbox 456 2050 524 2085; x_wconf 73' lang='grc' dir='ltr'>μετὰ</span> <span class='ocrx_word' id='word_1_474' title='bbox 538 2050 587 2085; x_wconf 87' lang='grc' dir='ltr'>τὴν</span> <span class='ocrx_word' id='word_1_475' title='bbox 602 2049 698 2076; x_wconf 72' lang='grc' dir='ltr'>ἕνωσιν</span> <span class='ocrx_word' id='word_1_476' title='bbox 714 2050 777 2076; x_wconf 76' lang='grc' dir='ltr'>ἄνευ</span> <span class='ocrx_word' id='word_1_477' title='bbox 789 2050 838 2085; x_wconf 83' lang='grc' dir='ltr'><strong>τῆς</strong></span> <span class='ocrx_word' id='word_1_478' title='bbox 852 2058 948 2084; x_wconf 81' lang='grc' dir='ltr'>φαινο-</span> 
     </span>
    </p>
   </div>
   <div class='ocr_carea' id='block_1_62' title="bbox 160 2094 948 2131">
    <p class='ocr_par' dir='ltr' id='par_1_62' title="bbox 160 2094 948 2131">
     <span class='ocr_line' id='line_1_62' title="bbox 160 2094 948 2131; baseline -0.001 -9"><span class='ocrx_word' id='word_1_479' title='bbox 160 2096 248 2131; x_wconf 76' lang='grc' dir='ltr'>μένης</span> <span class='ocrx_word' id='word_1_480' title='bbox 266 2096 366 2131; x_wconf 84' lang='grc' dir='ltr'>σαρκὸς</span> <span class='ocrx_word' id='word_1_481' title='bbox 383 2096 446 2127; x_wconf 79' lang='grc' dir='ltr'>Υἱὸς</span> <span class='ocrx_word' id='word_1_482' title='bbox 461 2095 693 2130; x_wconf 77' lang='grc' dir='ltr'>προσηγόρευται’</span> <span class='ocrx_word' id='word_1_483' title='bbox 711 2095 740 2121; x_wconf 87' lang='grc' dir='ltr'><strong>τὸ</strong></span> <span class='ocrx_word' id='word_1_484' title='bbox 757 2095 809 2130; x_wconf 87' lang='grc' dir='ltr'>γὰρ</span> <span class='ocrx_word' id='word_1_485' title='bbox 829 2095 878 2130; x_wconf 82' lang='grc' dir='ltr'><strong>τῆς</strong></span> <span class='ocrx_word' id='word_1_486' title='bbox 892 2094 948 2121; x_wconf 81' lang='grc' dir='ltr'>υἱό-</span> 
     </span>
    </p>
   </div>
   <div class='ocr_carea' id='block_1_63' title="bbox 157 2140 946 2177">
    <p class='ocr_par' dir='ltr' id='par_1_63' title="bbox 157 2140 946 2177">
     <span class='ocr_line' id='line_1_63' title="bbox 157 2140 946 2177; baseline -0.001 -9"><span class='ocrx_word' id='word_1_487' title='bbox 157 2150 242 2177; x_wconf 81' lang='grc' dir='ltr'>τητος</span> <span class='ocrx_word' id='word_1_488' title='bbox 258 2142 326 2176; x_wconf 84' lang='grc' dir='ltr'>μετά</span> <span class='ocrx_word' id='word_1_489' title='bbox 351 2141 400 2177; x_wconf 80' lang='grc' dir='ltr'>τὴν</span> <span class='ocrx_word' id='word_1_490' title='bbox 421 2142 517 2168; x_wconf 74' lang='grc' dir='ltr'>ἕνωσιν</span> <span class='ocrx_word' id='word_1_491' title='bbox 543 2140 686 2176; x_wconf 78' lang='grc' dir='ltr'>ἑκατέραις</span> <span class='ocrx_word' id='word_1_492' title='bbox 699 2142 758 2173; x_wconf 85' lang='grc' dir='ltr'>ταῖς</span> <span class='ocrx_word' id='word_1_493' title='bbox 773 2141 886 2176; x_wconf 75' lang='grc' dir='ltr'>φύσεσιν</span> <span class='ocrx_word' id='word_1_494' title='bbox 906 2141 946 2172; x_wconf 82' lang='grc' dir='ltr'>ἒν,</span> 
     </span>
    </p>
   </div>
   <div class='ocr_carea' id='block_1_64' title="bbox 995 906 1779 943">
    <p class='ocr_par' dir='ltr' id='par_1_64' title="bbox 995 906 1779 943">
     <span class='ocr_line' id='line_1_64' title="bbox 995 906 1779 943; baseline 0.005 -10"><span class='ocrx_word' id='word_1_495' title='bbox 995 906 1120 941; x_wconf 85' lang='lat' dir='ltr'><strong>accipiat,</strong></span> <span class='ocrx_word' id='word_1_496' title='bbox 1144 912 1309 943; x_wconf 85' lang='lat' dir='ltr'><strong>voceturque</strong></span> <span class='ocrx_word' id='word_1_497' title='bbox 1334 909 1367 936; x_wconf 84' lang='lat' dir='ltr'><strong>ad</strong></span> <span class='ocrx_word' id='word_1_498' title='bbox 1390 909 1582 942; x_wconf 84' lang='lat' dir='ltr'><strong>sacerdotium,</strong></span> <span class='ocrx_word' id='word_1_499' title='bbox 1598 915 1625 937; x_wconf 92' lang='lat' dir='ltr'><strong>et</strong></span> <span class='ocrx_word' id='word_1_500' title='bbox 1648 918 1701 937; x_wconf 87' lang='lat' dir='ltr'><strong>non</strong></span> <span class='ocrx_word' id='word_1_501' title='bbox 1728 910 1779 937; x_wconf 91' lang='lat' dir='ltr'><strong>sibi</strong></span> 
     </span>
    </p>
   </div>
   <div class='ocr_carea' id='block_1_65' title="bbox 995 952 1781 988">
    <p class='ocr_par' dir='ltr' id='par_1_65' title="bbox 995 952 1781 988">
     <span class='ocr_line' id='line_1_65' title="bbox 995 952 1781 988; baseline 0.005 -9"><span class='ocrx_word' id='word_1_502' title='bbox 995 952 1046 987; x_wconf 84' lang='lat' dir='ltr'><strong>ipsi</strong></span> <span class='ocrx_word' id='word_1_503' title='bbox 1076 957 1199 980; x_wconf 85' lang='lat' dir='ltr'><strong>assumat</strong></span> <span class='ocrx_word' id='word_1_504' title='bbox 1220 953 1360 988; x_wconf 83' lang='lat' dir='ltr'><strong>honorem,</strong></span> <span class='ocrx_word' id='word_1_505' title='bbox 1384 956 1432 983; x_wconf 86' lang='lat' dir='ltr'><strong>sed</strong></span> <span class='ocrx_word' id='word_1_506' title='bbox 1457 956 1490 983; x_wconf 90' lang='lat' dir='ltr'><strong>ad</strong></span> <span class='ocrx_word' id='word_1_507' title='bbox 1513 955 1586 983; x_wconf 93' lang='lat' dir='ltr'><strong>illum</strong></span> <span class='ocrx_word' id='word_1_508' title='bbox 1611 961 1732 988; x_wconf 85' lang='lat' dir='ltr'><strong>vocetur,</strong></span> <span class='ocrx_word' id='word_1_509' title='bbox 1754 962 1781 983; x_wconf 83' lang='lat' dir='ltr'><strong>et</strong></span> 
     </span>
    </p>
   </div>
   <div class='ocr_carea' id='block_1_66' title="bbox 996 999 1782 1036">
    <p class='ocr_par' dir='ltr' id='par_1_66' title="bbox 996 999 1782 1036">
     <span class='ocr_line' id='line_1_66' title="bbox 996 999 1782 1036; baseline 0.006 -12"><span class='ocrx_word' id='word_1_510' title='bbox 996 1003 1168 1032; x_wconf 88' lang='lat' dir='ltr'><strong>comparetur</strong></span> <span class='ocrx_word' id='word_1_511' title='bbox 1184 999 1271 1034; x_wconf 88' lang='lat' dir='ltr'><strong>primo</strong></span> <span class='ocrx_word' id='word_1_512' title='bbox 1285 999 1331 1036; x_wconf 85' lang='lat' dir='ltr'><strong>qui</strong></span> <span class='ocrx_word' id='word_1_513' title='bbox 1346 1002 1527 1029; x_wconf 84' lang='lat' dir='ltr'><strong>sacerdotium</strong></span> <span class='ocrx_word' id='word_1_514' title='bbox 1542 1001 1663 1036; x_wconf 88' lang='lat' dir='ltr'><strong>accepit?</strong></span> <span class='ocrx_word' id='word_1_515' title='bbox 1684 1002 1716 1029; x_wconf 86' lang='lat' dir='ltr'><strong>Et</strong></span> <span class='ocrx_word' id='word_1_516' title='bbox 1731 1002 1782 1029; x_wconf 88' lang='lat' dir='ltr'><strong>ite-</strong></span> 
     </span>
    </p>
   </div>
   <div class='ocr_carea' id='block_1_67' title="bbox 997 1042 1782 1077">
    <p class='ocr_par' dir='ltr' id='par_1_67' title="bbox 997 1042 1782 1077">
     <span class='ocr_line' id='line_1_67' title="bbox 997 1042 1782 1077; baseline 0.005 -6"><span class='ocrx_word' id='word_1_517' title='bbox 997 1052 1055 1071; x_wconf 91' lang='lat' dir='ltr'><strong>rum</strong></span> <span class='ocrx_word' id='word_1_518' title='bbox 1070 1054 1076 1072; x_wconf 92' lang='lat'><strong>:</strong></span> <span class='ocrx_word' id='word_1_519' title='bbox 1094 1053 1103 1070; x_wconf 90' lang='grc'><strong><em>‹</em></strong></span> <span class='ocrx_word' id='word_1_520' title='bbox 1119 1045 1348 1077; x_wconf 79' lang='lat' dir='ltr'><strong>Quemadmodum</strong></span> <span class='ocrx_word' id='word_1_521' title='bbox 1367 1052 1394 1074; x_wconf 86' lang='lat' dir='ltr'><strong>et</strong></span> <span class='ocrx_word' id='word_1_522' title='bbox 1410 1047 1436 1074; x_wconf 94' lang='lat' dir='ltr'><strong>in</strong></span> <span class='ocrx_word' id='word_1_523' title='bbox 1452 1045 1505 1074; x_wconf 87' lang='lat' dir='ltr'><strong>alio</strong></span> <span class='ocrx_word' id='word_1_524' title='bbox 1526 1042 1585 1075; x_wconf 84' lang='lat' dir='ltr'><strong>loco</strong></span> <span class='ocrx_word' id='word_1_525' title='bbox 1601 1048 1664 1075; x_wconf 90' lang='lat' dir='ltr'><strong>dicit</strong></span> <span class='ocrx_word' id='word_1_526' title='bbox 1677 1057 1684 1075; x_wconf 86' lang='lat'><strong><em>:</em></strong></span> <span class='ocrx_word' id='word_1_527' title='bbox 1697 1047 1735 1074; x_wconf 90' lang='lat' dir='ltr'><strong>Tu</strong></span> <span class='ocrx_word' id='word_1_528' title='bbox 1751 1055 1782 1075; x_wconf 85' lang='lat' dir='ltr'><strong>es</strong></span> 
     </span>
    </p>
   </div>
   <div class='ocr_carea' id='block_1_68' title="bbox 996 1085 1782 1120">
    <p class='ocr_par' dir='ltr' id='par_1_68' title="bbox 996 1085 1782 1120">
     <span class='ocr_line' id='line_1_68' title="bbox 996 1085 1782 1120; baseline 0.004 -5"><span class='ocrx_word' id='word_1_529' title='bbox 996 1089 1124 1116; x_wconf 80' lang='lat' dir='ltr'><strong>sacerdos</strong></span> <span class='ocrx_word' id='word_1_530' title='bbox 1140 1085 1173 1117; x_wconf 71' lang='lat' dir='ltr'><strong>irf</strong></span> <span class='ocrx_word' id='word_1_531' title='bbox 1191 1094 1321 1118; x_wconf 65' lang='lat' dir='ltr'><strong>mternunt’</strong></span> <span class='ocrx_word' id='word_1_532' title='bbox 1341 1092 1488 1119; x_wconf 78' lang='lat' dir='ltr'><strong>secundum</strong></span> <span class='ocrx_word' id='word_1_533' title='bbox 1505 1092 1627 1120; x_wconf 91' lang='lat' dir='ltr'><strong>ordinem</strong></span> <span class='ocrx_word' id='word_1_534' title='bbox 1641 1092 1782 1119; x_wconf 80' lang='lat' dir='ltr'><strong>Melchise-</strong></span> 
     </span>
    </p>
   </div>
   <div class='ocr_carea' id='block_1_69' title="bbox 997 1132 1781 1172">
    <p class='ocr_par' dir='ltr' id='par_1_69' title="bbox 997 1132 1781 1172">
     <span class='ocr_line' id='line_1_69' title="bbox 997 1132 1781 1172; baseline 0.001 -9"><span class='ocrx_word' id='word_1_535' title='bbox 997 1136 1064 1163; x_wconf 88' lang='lat' dir='ltr'><strong>dech</strong></span> <span class='ocrx_word' id='word_1_536' title='bbox 1075 1136 1106 1163; x_wconf 82' lang='lat'><strong>‘°.</strong></span> <span class='ocrx_word' id='word_1_537' title='bbox 1120 1145 1129 1162; x_wconf 75' lang='grc' dir='ltr'><strong>ι</strong></span> <span class='ocrx_word' id='word_1_538' title='bbox 1148 1135 1181 1163; x_wconf 84' lang='grc' dir='ltr'>Ει</span> <span class='ocrx_word' id='word_1_539' title='bbox 1195 1137 1255 1171; x_wconf 88' lang='lat' dir='ltr'><strong>quis</strong></span> <span class='ocrx_word' id='word_1_540' title='bbox 1270 1145 1363 1164; x_wconf 85' lang='lat' dir='ltr'><strong>rursus</strong></span> <span class='ocrx_word' id='word_1_541' title='bbox 1376 1137 1546 1172; x_wconf 81' lang='lat' dir='ltr'><strong>comparatus</strong></span> <span class='ocrx_word' id='word_1_542' title='bbox 1554 1138 1654 1172; x_wconf 80' lang='lat' dir='ltr'><strong>estipsi</strong></span> <span class='ocrx_word' id='word_1_543' title='bbox 1671 1132 1781 1164; x_wconf 76' lang='lat' dir='ltr'><strong>Melchi—</strong></span> 
     </span>
    </p>
   </div>
   <div class='ocr_carea' id='block_1_70' title="bbox 996 1179 1780 1217">
    <p class='ocr_par' dir='ltr' id='par_1_70' title="bbox 996 1179 1780 1217">
     <span class='ocr_line' id='line_1_70' title="bbox 996 1179 1780 1217; baseline 0.005 -11"><span class='ocrx_word' id='word_1_544' title='bbox 996 1179 1094 1206; x_wconf 88' lang='lat' dir='ltr'><strong>sedecb</strong></span> <span class='ocrx_word' id='word_1_545' title='bbox 1114 1179 1261 1208; x_wconf 86' lang='lat' dir='ltr'><strong>secundum</strong></span> <span class='ocrx_word' id='word_1_546' title='bbox 1288 1182 1488 1209; x_wconf 82' lang='lat' dir='ltr'><strong>sacerdotium?</strong></span> <span class='ocrx_word' id='word_1_547' title='bbox 1507 1190 1570 1209; x_wconf 91' lang='lat' dir='ltr'><strong>num</strong></span> <span class='ocrx_word' id='word_1_548' title='bbox 1591 1183 1678 1217; x_wconf 87' lang='lat' dir='ltr'><strong>ipsum</strong></span> <span class='ocrx_word' id='word_1_549' title='bbox 1697 1182 1780 1210; x_wconf 79' lang='lat' dir='ltr'><strong>Deum</strong></span> 
     </span>
    </p>
   </div>
   <div class='ocr_carea' id='block_1_71' title="bbox 998 1224 1782 1260">
    <p class='ocr_par' dir='ltr' id='par_1_71' title="bbox 998 1224 1782 1260">
     <span class='ocr_line' id='line_1_71' title="bbox 998 1224 1782 1260; baseline 0.003 -8"><span class='ocrx_word' id='word_1_550' title='bbox 998 1224 1114 1252; x_wconf 85' lang='lat' dir='ltr'><strong>Verbum</strong></span> <span class='ocrx_word' id='word_1_551' title='bbox 1139 1225 1293 1254; x_wconf 83' lang='lat' dir='ltr'><strong>existimare</strong></span> <span class='ocrx_word' id='word_1_552' title='bbox 1314 1226 1354 1254; x_wconf 79' lang='lat' dir='ltr'><strong>fas</strong></span> <span class='ocrx_word' id='word_1_553' title='bbox 1379 1232 1430 1260; x_wconf 87' lang='lat' dir='ltr'><strong>est,</strong></span> <span class='ocrx_word' id='word_1_554' title='bbox 1454 1235 1488 1254; x_wconf 90' lang='lat' dir='ltr'><strong>an</strong></span> <span class='ocrx_word' id='word_1_555' title='bbox 1511 1235 1620 1255; x_wconf 84' lang='lat' dir='ltr'><strong>carnem</strong></span> <span class='ocrx_word' id='word_1_556' title='bbox 1646 1236 1679 1255; x_wconf 87' lang='lat' dir='ltr'><strong>ex</strong></span> <span class='ocrx_word' id='word_1_557' title='bbox 1705 1228 1782 1256; x_wconf 77' lang='lat' dir='ltr'><strong>rubis</strong></span> 
     </span>
    </p>
   </div>
   <div class='ocr_carea' id='block_1_72' title="bbox 996 1272 1781 1308">
    <p class='ocr_par' dir='ltr' id='par_1_72' title="bbox 996 1272 1781 1308">
     <span class='ocr_line' id='line_1_72' title="bbox 996 1272 1781 1308; baseline 0.006 -11"><span class='ocrx_word' id='word_1_558' title='bbox 996 1275 1173 1305; x_wconf 87' lang='lat' dir='ltr'><strong>assumptam,</strong></span> <span class='ocrx_word' id='word_1_559' title='bbox 1196 1272 1246 1306; x_wconf 85' lang='lat' dir='ltr'><strong>ipsi</strong></span> <span class='ocrx_word' id='word_1_560' title='bbox 1271 1272 1490 1308; x_wconf 87' lang='lat' dir='ltr'><strong>inseparabiliter</strong></span> <span class='ocrx_word' id='word_1_561' title='bbox 1508 1280 1535 1302; x_wconf 83' lang='lat' dir='ltr'><strong>et</strong></span> <span class='ocrx_word' id='word_1_562' title='bbox 1559 1274 1699 1303; x_wconf 79' lang='lat' dir='ltr'><strong>inconfuse</strong></span> <span class='ocrx_word' id='word_1_563' title='bbox 1720 1275 1781 1302; x_wconf 85' lang='lat' dir='ltr'><strong>uni-</strong></span> 
     </span>
    </p>
   </div>
   <div class='ocr_carea' id='block_1_73' title="bbox 998 1317 1781 1354">
    <p class='ocr_par' dir='ltr' id='par_1_73' title="bbox 998 1317 1781 1354">
     <span class='ocr_line' id='line_1_73' title="bbox 998 1317 1781 1354; baseline 0.008 -11"><span class='ocrx_word' id='word_1_564' title='bbox 998 1321 1063 1344; x_wconf 85' lang='lat' dir='ltr'><strong>tam.</strong></span> <span class='ocrx_word' id='word_1_565' title='bbox 1086 1317 1118 1354; x_wconf 71' lang='lat' dir='ltr'><strong>Et</strong></span> <span class='ocrx_word' id='word_1_566' title='bbox 1137 1317 1233 1344; x_wconf 92' lang='lat' dir='ltr'><strong>iterum</strong></span> <span class='ocrx_word' id='word_1_567' title='bbox 1249 1318 1313 1345; x_wconf 91' lang='lat' dir='ltr'><strong>dicit</strong></span> <span class='ocrx_word' id='word_1_568' title='bbox 1327 1327 1333 1345; x_wconf 88' lang='lat'><strong>:</strong></span> <span class='ocrx_word' id='word_1_569' title='bbox 1349 1327 1358 1343; x_wconf 80' lang='grc' dir='ltr'><strong>ι</strong></span> <span class='ocrx_word' id='word_1_570' title='bbox 1377 1319 1427 1351; x_wconf 76' lang='lat' dir='ltr'><strong>Qui</strong></span> <span class='ocrx_word' id='word_1_571' title='bbox 1446 1320 1472 1346; x_wconf 89' lang='lat' dir='ltr'><strong>in</strong></span> <span class='ocrx_word' id='word_1_572' title='bbox 1490 1320 1585 1347; x_wconf 90' lang='lat' dir='ltr'><strong>diebus</strong></span> <span class='ocrx_word' id='word_1_573' title='bbox 1601 1321 1693 1348; x_wconf 81' lang='lat' dir='ltr'><strong>carnis</strong></span> <span class='ocrx_word' id='word_1_574' title='bbox 1714 1329 1781 1353; x_wconf 74' lang='lat' dir='ltr'><strong>sum,</strong></span> 
     </span>
    </p>
   </div>
   <div class='ocr_carea' id='block_1_74' title="bbox 997 1363 1782 1400">
    <p class='ocr_par' dir='ltr' id='par_1_74' title="bbox 997 1363 1782 1400">
     <span class='ocr_line' id='line_1_74' title="bbox 997 1363 1782 1400; baseline 0.008 -12"><span class='ocrx_word' id='word_1_575' title='bbox 997 1369 1091 1398; x_wconf 81' lang='lat' dir='ltr'><strong>preces</strong></span> <span class='ocrx_word' id='word_1_576' title='bbox 1107 1367 1134 1389; x_wconf 87' lang='lat' dir='ltr'><strong>et</strong></span> <span class='ocrx_word' id='word_1_577' title='bbox 1150 1363 1362 1397; x_wconf 87' lang='lat' dir='ltr'><strong>supplicationes</strong></span> <span class='ocrx_word' id='word_1_578' title='bbox 1378 1365 1412 1391; x_wconf 88' lang='lat' dir='ltr'><strong>ad</strong></span> <span class='ocrx_word' id='word_1_579' title='bbox 1430 1372 1502 1397; x_wconf 88' lang='lat' dir='ltr'><strong>eum,</strong></span> <span class='ocrx_word' id='word_1_580' title='bbox 1518 1366 1563 1399; x_wconf 90' lang='lat' dir='ltr'><strong>qui</strong></span> <span class='ocrx_word' id='word_1_581' title='bbox 1577 1366 1663 1400; x_wconf 92' lang='lat' dir='ltr'><strong>possit</strong></span> <span class='ocrx_word' id='word_1_582' title='bbox 1675 1367 1782 1395; x_wconf 80' lang='lat' dir='ltr'><strong>sulvarc</strong></span> 
     </span>
    </p>
   </div>
   <div class='ocr_carea' id='block_1_75' title="bbox 997 1406 1783 1446">
    <p class='ocr_par' dir='ltr' id='par_1_75' title="bbox 997 1406 1783 1446">
     <span class='ocr_line' id='line_1_75' title="bbox 997 1406 1783 1446; baseline 0.009 -14"><span class='ocrx_word' id='word_1_583' title='bbox 997 1406 1072 1433; x_wconf 79' lang='lat' dir='ltr'><strong>illurn</strong></span> <span class='ocrx_word' id='word_1_584' title='bbox 1088 1414 1103 1433; x_wconf 86' lang='lat' dir='ltr'><strong>a</strong></span> <span class='ocrx_word' id='word_1_585' title='bbox 1124 1411 1220 1441; x_wconf 82' lang='lat' dir='ltr'><strong>morte,</strong></span> <span class='ocrx_word' id='word_1_586' title='bbox 1238 1416 1299 1435; x_wconf 92' lang='lat' dir='ltr'><strong>cum</strong></span> <span class='ocrx_word' id='word_1_587' title='bbox 1318 1408 1437 1436; x_wconf 88' lang='lat' dir='ltr'><strong>clamore</strong></span> <span class='ocrx_word' id='word_1_588' title='bbox 1453 1410 1541 1437; x_wconf 77' lang='lat' dir='ltr'><strong>valido</strong></span> <span class='ocrx_word' id='word_1_589' title='bbox 1555 1415 1582 1437; x_wconf 93' lang='lat' dir='ltr'><strong>et</strong></span> <span class='ocrx_word' id='word_1_590' title='bbox 1598 1411 1726 1446; x_wconf 79' lang='lat' dir='ltr'><strong>laCrymis</strong></span> <span class='ocrx_word' id='word_1_591' title='bbox 1742 1413 1783 1440; x_wconf 79' lang='lat' dir='ltr'><strong>of-</strong></span> 
     </span>
    </p>
   </div>
   <div class='ocr_carea' id='block_1_76' title="bbox 997 1452 1784 1488">
    <p class='ocr_par' dir='ltr' id='par_1_76' title="bbox 997 1452 1784 1488">
     <span class='ocr_line' id='line_1_76' title="bbox 997 1452 1784 1488; baseline 0.008 -10"><span class='ocrx_word' id='word_1_592' title='bbox 997 1452 1098 1485; x_wconf 84' lang='lat' dir='ltr'><strong>ferens,</strong></span> <span class='ocrx_word' id='word_1_593' title='bbox 1111 1453 1253 1480; x_wconf 83' lang='lat' dir='ltr'><strong>exauditus</strong></span> <span class='ocrx_word' id='word_1_594' title='bbox 1267 1458 1309 1481; x_wconf 92' lang='lat' dir='ltr'><strong>est</strong></span> <span class='ocrx_word' id='word_1_595' title='bbox 1320 1461 1368 1488; x_wconf 92' lang='lat' dir='ltr'><strong>pro</strong></span> <span class='ocrx_word' id='word_1_596' title='bbox 1385 1462 1433 1481; x_wconf 90' lang='lat' dir='ltr'><strong>sua</strong></span> <span class='ocrx_word' id='word_1_597' title='bbox 1449 1455 1600 1482; x_wconf 81' lang='lat' dir='ltr'><strong>reverentia</strong></span> <span class='ocrx_word' id='word_1_598' title='bbox 1615 1456 1656 1482; x_wconf 63' lang='lat' dir='ltr'><strong>&#39;G&#39;.</strong></span> <span class='ocrx_word' id='word_1_599' title='bbox 1673 1466 1682 1481; x_wconf 75' lang='grc' dir='ltr'><strong>ι</strong></span> <span class='ocrx_word' id='word_1_600' title='bbox 1700 1456 1784 1484; x_wconf 83' lang='grc' dir='ltr'>Νυιιι-</span> 
     </span>
    </p>
   </div>
   <div class='ocr_carea' id='block_1_77' title="bbox 998 1497 1782 1535">
    <p class='ocr_par' dir='ltr' id='par_1_77' title="bbox 998 1497 1782 1535">
     <span class='ocr_line' id='line_1_77' title="bbox 998 1497 1782 1535; baseline 0.006 -10"><span class='ocrx_word' id='word_1_601' title='bbox 998 1499 1061 1532; x_wconf 91' lang='lat' dir='ltr'><strong>quid</strong></span> <span class='ocrx_word' id='word_1_602' title='bbox 1082 1499 1128 1526; x_wconf 88' lang='lat' dir='ltr'><strong>Dei</strong></span> <span class='ocrx_word' id='word_1_603' title='bbox 1149 1499 1264 1526; x_wconf 86' lang='lat' dir='ltr'><strong>Verbum</strong></span> <span class='ocrx_word' id='word_1_604' title='bbox 1280 1497 1491 1535; x_wconf 81' lang='lat' dir='ltr'><strong>supplicationes</strong></span> <span class='ocrx_word' id='word_1_605' title='bbox 1510 1506 1537 1529; x_wconf 92' lang='lat' dir='ltr'><strong>et</strong></span> <span class='ocrx_word' id='word_1_606' title='bbox 1553 1509 1659 1535; x_wconf 57' lang='lat' dir='ltr'><strong>preces,</strong></span> <span class='ocrx_word' id='word_1_607' title='bbox 1670 1507 1706 1530; x_wconf 26' lang='lat' dir='ltr'><strong>tet</strong></span> <span class='ocrx_word' id='word_1_608' title='bbox 1722 1510 1782 1531; x_wconf 86' lang='lat' dir='ltr'><strong>cum</strong></span> 
     </span>
    </p>
   </div>
   <div class='ocr_carea' id='block_1_78' title="bbox 998 1544 1783 1583">
    <p class='ocr_par' dir='ltr' id='par_1_78' title="bbox 998 1544 1783 1583">
     <span class='ocr_line' id='line_1_78' title="bbox 998 1544 1783 1583; baseline 0.006 -12"><span class='ocrx_word' id='word_1_609' title='bbox 998 1544 1116 1573; x_wconf 85' lang='lat' dir='ltr'><strong>clamore</strong></span> <span class='ocrx_word' id='word_1_610' title='bbox 1139 1546 1228 1573; x_wconf 78' lang='lat' dir='ltr'><strong>valido</strong></span> <span class='ocrx_word' id='word_1_611' title='bbox 1250 1546 1282 1573; x_wconf 82' lang='lat' dir='ltr'><strong>ad</strong></span> <span class='ocrx_word' id='word_1_612' title='bbox 1304 1546 1492 1581; x_wconf 89' lang='lat' dir='ltr'><strong>aliquem,qni</strong></span> <span class='ocrx_word' id='word_1_613' title='bbox 1514 1549 1598 1582; x_wconf 84' lang='lat' dir='ltr'><strong>possit</strong></span> <span class='ocrx_word' id='word_1_614' title='bbox 1618 1548 1783 1583; x_wconf 70' lang='lat' dir='ltr'><strong>ipsunrsal-</strong></span> 
     </span>
    </p>
   </div>
   <div class='ocr_carea' id='block_1_79' title="bbox 998 1587 1785 1629">
    <p class='ocr_par' dir='ltr' id='par_1_79' title="bbox 998 1587 1785 1629">
     <span class='ocr_line' id='line_1_79' title="bbox 998 1587 1785 1629; baseline 0.008 -12"><span class='ocrx_word' id='word_1_615' title='bbox 998 1599 1061 1618; x_wconf 85' lang='lat' dir='ltr'><strong>vare</strong></span> <span class='ocrx_word' id='word_1_616' title='bbox 1088 1587 1213 1624; x_wconf 62' lang='lat' dir='ltr'><strong>offerens,</strong></span> <span class='ocrx_word' id='word_1_617' title='bbox 1242 1593 1398 1620; x_wconf 85' lang='lat' dir='ltr'><strong>exauditum</strong></span> <span class='ocrx_word' id='word_1_618' title='bbox 1428 1598 1470 1621; x_wconf 89' lang='lat' dir='ltr'><strong>est</strong></span> <span class='ocrx_word' id='word_1_619' title='bbox 1496 1600 1544 1627; x_wconf 90' lang='lat' dir='ltr'><strong>pro</strong></span> <span class='ocrx_word' id='word_1_620' title='bbox 1567 1596 1730 1629; x_wconf 81' lang='lat' dir='ltr'><strong>reverentia,</strong></span> <span class='ocrx_word' id='word_1_621' title='bbox 1757 1601 1785 1624; x_wconf 89' lang='lat' dir='ltr'><strong>et</strong></span> 
     </span>
    </p>
   </div>
   <div class='ocr_carea' id='block_1_80' title="bbox 998 1636 1787 1676">
    <p class='ocr_par' dir='ltr' id='par_1_80' title="bbox 998 1636 1787 1676">
     <span class='ocr_line' id='line_1_80' title="bbox 998 1636 1787 1676; baseline 0.009 -14"><span class='ocrx_word' id='word_1_622' title='bbox 998 1636 1089 1663; x_wconf 84' lang='lat' dir='ltr'><strong>didicit</strong></span> <span class='ocrx_word' id='word_1_623' title='bbox 1104 1644 1136 1663; x_wconf 78' lang='lat' dir='ltr'><strong>ex</strong></span> <span class='ocrx_word' id='word_1_624' title='bbox 1151 1637 1202 1669; x_wconf 90' lang='lat' dir='ltr'><strong>bis,</strong></span> <span class='ocrx_word' id='word_1_625' title='bbox 1219 1645 1278 1672; x_wconf 75' lang='lat' dir='ltr'><strong>qua:</strong></span> <span class='ocrx_word' id='word_1_626' title='bbox 1288 1644 1456 1672; x_wconf 83' lang='lat' dir='ltr'><strong>passumcst,</strong></span> <span class='ocrx_word' id='word_1_627' title='bbox 1473 1640 1673 1668; x_wconf 86' lang='lat' dir='ltr'><strong>obedientiam?</strong></span> <span class='ocrx_word' id='word_1_628' title='bbox 1692 1641 1720 1668; x_wconf 90' lang='lat' dir='ltr'><strong>Si</strong></span> <span class='ocrx_word' id='word_1_629' title='bbox 1737 1641 1787 1676; x_wconf 79' lang='lat' dir='ltr'><strong>igi-</strong></span> 
     </span>
    </p>
   </div>
   <div class='ocr_carea' id='block_1_81' title="bbox 1000 1676 1783 1719">
    <p class='ocr_par' dir='ltr' id='par_1_81' title="bbox 1000 1676 1783 1719">
     <span class='ocr_line' id='line_1_81' title="bbox 1000 1676 1783 1719; baseline 0.009 -11"><span class='ocrx_word' id='word_1_630' title='bbox 1000 1686 1042 1709; x_wconf 90' lang='lat' dir='ltr'><strong>tur</strong></span> <span class='ocrx_word' id='word_1_631' title='bbox 1057 1681 1127 1709; x_wconf 86' lang='lat' dir='ltr'><strong>Deus</strong></span> <span class='ocrx_word' id='word_1_632' title='bbox 1144 1682 1258 1711; x_wconf 85' lang='lat' dir='ltr'><strong>Verbum</strong></span> <span class='ocrx_word' id='word_1_633' title='bbox 1277 1689 1318 1711; x_wconf 87' lang='lat' dir='ltr'><strong>est</strong></span> <span class='ocrx_word' id='word_1_634' title='bbox 1329 1676 1460 1719; x_wconf 81' lang='lat' dir='ltr'><strong>pontii‘ex,</strong></span> <span class='ocrx_word' id='word_1_635' title='bbox 1478 1686 1559 1713; x_wconf 78' lang='lat' dir='ltr'><strong>etiam</strong></span> <span class='ocrx_word' id='word_1_636' title='bbox 1573 1686 1669 1714; x_wconf 89' lang='lat' dir='ltr'><strong>didicit</strong></span> <span class='ocrx_word' id='word_1_637' title='bbox 1682 1694 1715 1714; x_wconf 79' lang='lat' dir='ltr'><strong>ex</strong></span> <span class='ocrx_word' id='word_1_638' title='bbox 1731 1688 1783 1719; x_wconf 87' lang='lat' dir='ltr'><strong>bis,</strong></span> 
     </span>
    </p>
   </div>
   <div class='ocr_carea' id='block_1_82' title="bbox 998 1730 1786 1768">
    <p class='ocr_par' dir='ltr' id='par_1_82' title="bbox 998 1730 1786 1768">
     <span class='ocr_line' id='line_1_82' title="bbox 998 1730 1786 1768; baseline 0.01 -16"><span class='ocrx_word' id='word_1_639' title='bbox 998 1734 1058 1761; x_wconf 61' lang='lat' dir='ltr'><strong>qua;</strong></span> <span class='ocrx_word' id='word_1_640' title='bbox 1083 1735 1177 1762; x_wconf 86' lang='lat' dir='ltr'><strong>passus</strong></span> <span class='ocrx_word' id='word_1_641' title='bbox 1201 1733 1243 1756; x_wconf 88' lang='lat' dir='ltr'><strong>est</strong></span> <span class='ocrx_word' id='word_1_642' title='bbox 1269 1730 1336 1764; x_wconf 88' lang='lat' dir='ltr'><strong>ipse,</strong></span> <span class='ocrx_word' id='word_1_643' title='bbox 1362 1736 1390 1757; x_wconf 88' lang='lat' dir='ltr'><strong>et</strong></span> <span class='ocrx_word' id='word_1_644' title='bbox 1411 1738 1614 1760; x_wconf 82' lang='lat' dir='ltr'><strong>consummatus</strong></span> <span class='ocrx_word' id='word_1_645' title='bbox 1634 1738 1685 1760; x_wconf 84' lang='lat' dir='ltr'><strong>est.</strong></span> <span class='ocrx_word' id='word_1_646' title='bbox 1705 1733 1786 1768; x_wconf 65' lang='lat'><strong>186</strong></span> 
     </span>
    </p>
   </div>
   <div class='ocr_carea' id='block_1_83' title="bbox 998 1772 1813 1812">
    <p class='ocr_par' dir='ltr' id='par_1_83' title="bbox 998 1772 1813 1812">
     <span class='ocr_line' id='line_1_83' title="bbox 998 1772 1813 1812; baseline 0.006 -12"><span class='ocrx_word' id='word_1_647' title='bbox 998 1772 1098 1801; x_wconf 90' lang='lat' dir='ltr'><strong>Verum</strong></span> <span class='ocrx_word' id='word_1_648' title='bbox 1117 1782 1150 1801; x_wconf 92' lang='lat' dir='ltr'><strong>ne</strong></span> <span class='ocrx_word' id='word_1_649' title='bbox 1164 1775 1287 1803; x_wconf 82' lang='lat' dir='ltr'><strong>turbetur</strong></span> <span class='ocrx_word' id='word_1_650' title='bbox 1299 1783 1375 1803; x_wconf 90' lang='lat' dir='ltr'><strong>mens</strong></span> <span class='ocrx_word' id='word_1_651' title='bbox 1386 1781 1486 1808; x_wconf 79' lang='lat' dir='ltr'><strong>vestra,</strong></span> <span class='ocrx_word' id='word_1_652' title='bbox 1502 1778 1614 1805; x_wconf 83' lang='lat' dir='ltr'><strong>audiens</strong></span> <span class='ocrx_word' id='word_1_653' title='bbox 1632 1779 1663 1812; x_wconf 86' lang='lat' dir='ltr'><strong>de</strong></span> <span class='ocrx_word' id='word_1_654' title='bbox 1679 1787 1710 1805; x_wconf 88' lang='lat' dir='ltr'><strong>eo</strong></span> <span class='ocrx_word' id='word_1_655' title='bbox 1738 1781 1783 1812; x_wconf 82' lang='lat' dir='ltr'><strong>qui</strong></span> <span class='ocrx_word' id='word_1_656' title='bbox 1805 1779 1813 1791; x_wconf 86' lang='lat'>‘</span> 
     </span>
    </p>
   </div>
   <div class='ocr_carea' id='block_1_84' title="bbox 1001 1821 1784 1856">
    <p class='ocr_par' dir='ltr' id='par_1_84' title="bbox 1001 1821 1784 1856">
     <span class='ocr_line' id='line_1_84' title="bbox 1001 1821 1784 1856; baseline 0.006 -10"><span class='ocrx_word' id='word_1_657' title='bbox 1001 1827 1095 1854; x_wconf 83' lang='lat' dir='ltr'><strong>passus</strong></span> <span class='ocrx_word' id='word_1_658' title='bbox 1109 1825 1150 1848; x_wconf 84' lang='lat' dir='ltr'><strong>est</strong></span> <span class='ocrx_word' id='word_1_659' title='bbox 1166 1831 1171 1848; x_wconf 98' lang='lat'>:</span> <span class='ocrx_word' id='word_1_660' title='bbox 1188 1831 1196 1847; x_wconf 87' lang='grc' dir='ltr'><strong>ι</strong></span> <span class='ocrx_word' id='word_1_661' title='bbox 1217 1821 1249 1848; x_wconf 86' lang='lat' dir='ltr'><strong>Et</strong></span> <span class='ocrx_word' id='word_1_662' title='bbox 1266 1823 1373 1856; x_wconf 88' lang='lat' dir='ltr'><strong>quidem</strong></span> <span class='ocrx_word' id='word_1_663' title='bbox 1395 1830 1455 1849; x_wconf 91' lang='lat' dir='ltr'><strong>cum</strong></span> <span class='ocrx_word' id='word_1_664' title='bbox 1472 1828 1543 1850; x_wconf 89' lang='lat' dir='ltr'><strong>esset</strong></span> <span class='ocrx_word' id='word_1_665' title='bbox 1560 1824 1683 1851; x_wconf 82' lang='lat' dir='ltr'><strong>Filius”.</strong></span> <span class='ocrx_word' id='word_1_666' title='bbox 1701 1836 1709 1850; x_wconf 85' lang='grc'><strong>›</strong></span> <span class='ocrx_word' id='word_1_667' title='bbox 1725 1825 1784 1852; x_wconf 85' lang='lat' dir='ltr'><strong>Non</strong></span> 
     </span>
    </p>
   </div>
   <div class='ocr_carea' id='block_1_85' title="bbox 999 1867 1785 1904">
    <p class='ocr_par' dir='ltr' id='par_1_85' title="bbox 999 1867 1785 1904">
     <span class='ocr_line' id='line_1_85' title="bbox 999 1867 1785 1904; baseline 0.004 -11"><span class='ocrx_word' id='word_1_668' title='bbox 999 1867 1069 1893; x_wconf 91' lang='lat' dir='ltr'><strong>enim</strong></span> <span class='ocrx_word' id='word_1_669' title='bbox 1094 1867 1160 1895; x_wconf 90' lang='lat' dir='ltr'><strong>duos</strong></span> <span class='ocrx_word' id='word_1_670' title='bbox 1174 1867 1243 1895; x_wconf 83' lang='lat' dir='ltr'><strong>ﬁlios</strong></span> <span class='ocrx_word' id='word_1_671' title='bbox 1266 1869 1409 1903; x_wconf 86' lang='lat' dir='ltr'><strong>ponimus,</strong></span> <span class='ocrx_word' id='word_1_672' title='bbox 1429 1875 1490 1895; x_wconf 90' lang='lat' dir='ltr'><strong>eum</strong></span> <span class='ocrx_word' id='word_1_673' title='bbox 1508 1871 1552 1904; x_wconf 88' lang='lat' dir='ltr'><strong>qui</strong></span> <span class='ocrx_word' id='word_1_674' title='bbox 1572 1878 1668 1904; x_wconf 77' lang='lat' dir='ltr'><strong>passus</strong></span> <span class='ocrx_word' id='word_1_675' title='bbox 1688 1876 1740 1902; x_wconf 81' lang='lat' dir='ltr'><strong>est,</strong></span> <span class='ocrx_word' id='word_1_676' title='bbox 1760 1876 1785 1896; x_wconf 85' lang='lat' dir='ltr'><strong>et</strong></span> 
     </span>
    </p>
   </div>
   <div class='ocr_carea' id='block_1_86' title="bbox 1000 1913 1787 1948">
    <p class='ocr_par' dir='ltr' id='par_1_86' title="bbox 1000 1913 1787 1948">
     <span class='ocr_line' id='line_1_86' title="bbox 1000 1913 1787 1948; baseline 0.003 -9"><span class='ocrx_word' id='word_1_677' title='bbox 1000 1913 1044 1946; x_wconf 88' lang='lat' dir='ltr'><strong>qui</strong></span> <span class='ocrx_word' id='word_1_678' title='bbox 1065 1913 1351 1948; x_wconf 86' lang='lat' dir='ltr'><strong>mansitimpassibilis</strong></span> <span class='ocrx_word' id='word_1_679' title='bbox 1366 1923 1372 1940; x_wconf 91' lang='lat'><strong>:</strong></span> <span class='ocrx_word' id='word_1_680' title='bbox 1387 1921 1472 1948; x_wconf 88' lang='lat' dir='ltr'><strong>neque</strong></span> <span class='ocrx_word' id='word_1_681' title='bbox 1485 1915 1555 1941; x_wconf 88' lang='lat' dir='ltr'><strong>enim</strong></span> <span class='ocrx_word' id='word_1_682' title='bbox 1569 1923 1582 1940; x_wconf 69' lang='grc' dir='ltr'><strong>ιι</strong></span> <span class='ocrx_word' id='word_1_683' title='bbox 1597 1916 1696 1942; x_wconf 69' lang='lat' dir='ltr'><strong>deinde</strong></span> <span class='ocrx_word' id='word_1_684' title='bbox 1713 1924 1787 1941; x_wconf 77' lang='lat' dir='ltr'><strong>scor-</strong></span> 
     </span>
    </p>
   </div>
   <div class='ocr_carea' id='block_1_87' title="bbox 999 1956 1787 1994">
    <p class='ocr_par' dir='ltr' id='par_1_87' title="bbox 999 1956 1787 1994">
     <span class='ocr_line' id='line_1_87' title="bbox 999 1956 1787 1994; baseline 0.003 -9"><span class='ocrx_word' id='word_1_685' title='bbox 999 1958 1049 1986; x_wconf 89' lang='lat' dir='ltr'><strong>sim</strong></span> <span class='ocrx_word' id='word_1_686' title='bbox 1063 1963 1250 1993; x_wconf 84' lang='lat' dir='ltr'><strong>sequestratus</strong></span> <span class='ocrx_word' id='word_1_687' title='bbox 1263 1960 1296 1993; x_wconf 90' lang='lat' dir='ltr'><strong>is,</strong></span> <span class='ocrx_word' id='word_1_688' title='bbox 1310 1960 1355 1994; x_wconf 92' lang='lat' dir='ltr'><strong>qui</strong></span> <span class='ocrx_word' id='word_1_689' title='bbox 1372 1964 1412 1987; x_wconf 86' lang='lat' dir='ltr'><strong>est</strong></span> <span class='ocrx_word' id='word_1_690' title='bbox 1428 1968 1460 1987; x_wconf 87' lang='lat' dir='ltr'><strong>ex</strong></span> <span class='ocrx_word' id='word_1_691' title='bbox 1477 1961 1579 1987; x_wconf 83' lang='lat' dir='ltr'><strong>semine</strong></span> <span class='ocrx_word' id='word_1_692' title='bbox 1592 1956 1685 1991; x_wconf 78' lang='lat' dir='ltr'><strong>David,</strong></span> <span class='ocrx_word' id='word_1_693' title='bbox 1702 1961 1787 1987; x_wconf 80' lang='lat' dir='ltr'><strong>Filius</strong></span> 
     </span>
    </p>
   </div>
   <div class='ocr_carea' id='block_1_88' title="bbox 1000 2004 1784 2040">
    <p class='ocr_par' dir='ltr' id='par_1_88' title="bbox 1000 2004 1784 2040">
     <span class='ocr_line' id='line_1_88' title="bbox 1000 2004 1784 2040; baseline 0 -9"><span class='ocrx_word' id='word_1_694' title='bbox 1000 2004 1156 2032; x_wconf 82' lang='lat' dir='ltr'><strong>nominatus</strong></span> <span class='ocrx_word' id='word_1_695' title='bbox 1179 2009 1236 2038; x_wconf 80' lang='lat' dir='ltr'><strong>est;</strong></span> <span class='ocrx_word' id='word_1_696' title='bbox 1263 2009 1291 2032; x_wconf 86' lang='lat' dir='ltr'><strong>ut</strong></span> <span class='ocrx_word' id='word_1_697' title='bbox 1316 2012 1402 2040; x_wconf 88' lang='lat' dir='ltr'><strong>neque</strong></span> <span class='ocrx_word' id='word_1_698' title='bbox 1422 2005 1507 2032; x_wconf 79' lang='lat' dir='ltr'><strong>tleitas</strong></span> <span class='ocrx_word' id='word_1_699' title='bbox 1534 2009 1594 2040; x_wconf 83' lang='lat' dir='ltr'><strong>post</strong></span> <span class='ocrx_word' id='word_1_700' title='bbox 1623 2006 1784 2038; x_wconf 88' lang='lat' dir='ltr'><strong>unitionem,</strong></span> 
     </span>
    </p>
   </div>
   <div class='ocr_carea' id='block_1_89' title="bbox 1000 2049 1787 2085">
    <p class='ocr_par' dir='ltr' id='par_1_89' title="bbox 1000 2049 1787 2085">
     <span class='ocr_line' id='line_1_89' title="bbox 1000 2049 1787 2085; baseline 0.001 -8"><span class='ocrx_word' id='word_1_701' title='bbox 1000 2050 1059 2077; x_wconf 87' lang='lat' dir='ltr'><strong>sine</strong></span> <span class='ocrx_word' id='word_1_702' title='bbox 1073 2057 1156 2077; x_wconf 84' lang='lat' dir='ltr'><strong>carne</strong></span> <span class='ocrx_word' id='word_1_703' title='bbox 1171 2050 1268 2077; x_wconf 76' lang='lat' dir='ltr'><strong>visibili</strong></span> <span class='ocrx_word' id='word_1_704' title='bbox 1287 2049 1371 2078; x_wconf 85' lang='lat' dir='ltr'><strong>Filius</strong></span> <span class='ocrx_word' id='word_1_705' title='bbox 1385 2050 1518 2085; x_wconf 82' lang='lat' dir='ltr'><strong>appellata</strong></span> <span class='ocrx_word' id='word_1_706' title='bbox 1534 2056 1573 2078; x_wconf 83' lang='lat' dir='ltr'><strong>est</strong></span> <span class='ocrx_word' id='word_1_707' title='bbox 1588 2059 1593 2077; x_wconf 92' lang='lat'>:</span> <span class='ocrx_word' id='word_1_708' title='bbox 1611 2058 1672 2077; x_wconf 80' lang='lat' dir='ltr'><strong>nam</strong></span> <span class='ocrx_word' id='word_1_709' title='bbox 1694 2050 1787 2078; x_wconf 83' lang='lat' dir='ltr'><strong>liliatio</strong></span> 
     </span>
    </p>
   </div>
   <div class='ocr_carea' id='block_1_90' title="bbox 1001 2096 1787 2130">
    <p class='ocr_par' dir='ltr' id='par_1_90' title="bbox 1001 2096 1787 2130">
     <span class='ocr_line' id='line_1_90' title="bbox 1001 2096 1787 2130; baseline 0.005 -9"><span class='ocrx_word' id='word_1_710' title='bbox 1001 2100 1061 2130; x_wconf 88' lang='lat' dir='ltr'><strong>post</strong></span> <span class='ocrx_word' id='word_1_711' title='bbox 1083 2096 1232 2123; x_wconf 92' lang='lat' dir='ltr'><strong>unitionem</strong></span> <span class='ocrx_word' id='word_1_712' title='bbox 1255 2096 1363 2130; x_wconf 86' lang='lat' dir='ltr'><strong>utrique</strong></span> <span class='ocrx_word' id='word_1_713' title='bbox 1386 2101 1489 2123; x_wconf 75' lang='lat' dir='ltr'><strong>natura:</strong></span> <span class='ocrx_word' id='word_1_714' title='bbox 1513 2103 1564 2123; x_wconf 83' lang='lat' dir='ltr'><strong>una</strong></span> <span class='ocrx_word' id='word_1_715' title='bbox 1580 2102 1631 2128; x_wconf 89' lang='lat' dir='ltr'><strong>est,</strong></span> <span class='ocrx_word' id='word_1_716' title='bbox 1646 2103 1706 2124; x_wconf 91' lang='lat' dir='ltr'><strong>cum</strong></span> <span class='ocrx_word' id='word_1_717' title='bbox 1723 2104 1737 2123; x_wconf 69' lang='grc' dir='ltr'>ξι</span> <span class='ocrx_word' id='word_1_718' title='bbox 1757 2103 1787 2125; x_wconf 83' lang='lat' dir='ltr'><strong>se</strong></span> 
     </span>
    </p>
   </div>
   <div class='ocr_carea' id='block_1_91' title="bbox 1001 2142 1785 2177">
    <p class='ocr_par' dir='ltr' id='par_1_91' title="bbox 1001 2142 1785 2177">
     <span class='ocr_line' id='line_1_91' title="bbox 1001 2142 1785 2177; baseline 0.004 -10"><span class='ocrx_word' id='word_1_719' title='bbox 1001 2147 1093 2168; x_wconf 92' lang='lat' dir='ltr'><strong>mutuo</strong></span> <span class='ocrx_word' id='word_1_720' title='bbox 1104 2149 1155 2169; x_wconf 92' lang='lat' dir='ltr'><strong>non</strong></span> <span class='ocrx_word' id='word_1_721' title='bbox 1170 2142 1225 2169; x_wconf 87' lang='lat' dir='ltr'><strong>sittt</strong></span> <span class='ocrx_word' id='word_1_722' title='bbox 1239 2148 1379 2177; x_wconf 64' lang='lat' dir='ltr'><strong>separatae.</strong></span> <span class='ocrx_word' id='word_1_723' title='bbox 1395 2142 1453 2170; x_wconf 73' lang='lat' dir='ltr'><strong>Non</strong></span> <span class='ocrx_word' id='word_1_724' title='bbox 1470 2143 1542 2170; x_wconf 89' lang='lat' dir='ltr'><strong>enim</strong></span> <span class='ocrx_word' id='word_1_725' title='bbox 1556 2148 1618 2177; x_wconf 88' lang='lat' dir='ltr'><strong>post</strong></span> <span class='ocrx_word' id='word_1_726' title='bbox 1634 2143 1785 2170; x_wconf 91' lang='lat' dir='ltr'><strong>unitionem</strong></span> 
     </span>
    </p>
   </div>
   <div class='ocr_carea' id='block_1_92' title="bbox 156 2187 943 2228">
    <p class='ocr_par' dir='ltr' id='par_1_92' title="bbox 156 2187 943 2228">
     <span class='ocr_line' id='line_1_92' title="bbox 156 2187 943 2228; baseline -0.003 -13"><span class='ocrx_word' id='word_1_727' title='bbox 156 2189 189 2215; x_wconf 75' lang='grc' dir='ltr'>οὐ</span> <span class='ocrx_word' id='word_1_728' title='bbox 207 2188 423 2224; x_wconf 63' lang='grc' dir='ltr'>κεχωρισμένως</span> <span class='ocrx_word' id='word_1_729' title='bbox 436 2188 568 2222; x_wconf 85' lang='grc' dir='ltr'>ἀλλήλων.</span> <span class='ocrx_word' id='word_1_730' title='bbox 584 2188 621 2214; x_wconf 86' lang='grc' dir='ltr'><strong>Οὐ</strong></span> <span class='ocrx_word' id='word_1_731' title='bbox 638 2188 694 2228; x_wconf 13' lang='grc' dir='ltr'>γὰρ,</span> <span class='ocrx_word' id='word_1_732' title='bbox 708 2187 776 2222; x_wconf 79' lang='grc' dir='ltr'>μετὰ</span> <span class='ocrx_word' id='word_1_733' title='bbox 787 2188 835 2222; x_wconf 84' lang='grc' dir='ltr'>τὴν</span> <span class='ocrx_word' id='word_1_734' title='bbox 849 2187 943 2213; x_wconf 70' lang='grc' dir='ltr'>ἕνωσιν</span> 
     </span>
    </p>
   </div>
   <div class='ocr_carea' id='block_1_93' title="bbox 996 2187 1786 2228">
    <p class='ocr_par' dir='ltr' id='par_1_93' title="bbox 1001 2187 1786 2224">
     <span class='ocr_line' id='line_1_93' title="bbox 1001 2187 1786 2224; baseline 0.004 -11"><span class='ocrx_word' id='word_1_735' title='bbox 1001 2187 1137 2221; x_wconf 78' lang='lat' dir='ltr'><strong>separatio</strong></span> <span class='ocrx_word' id='word_1_736' title='bbox 1166 2187 1235 2215; x_wconf 80' lang='lat' dir='ltr'><strong>facta</strong></span> <span class='ocrx_word' id='word_1_737' title='bbox 1260 2193 1301 2216; x_wconf 89' lang='lat' dir='ltr'><strong>est</strong></span> <span class='ocrx_word' id='word_1_738' title='bbox 1317 2198 1323 2215; x_wconf 78' lang='grc' dir='ltr'><strong>ε</strong></span> <span class='ocrx_word' id='word_1_739' title='bbox 1340 2193 1431 2216; x_wconf 82' lang='lat' dir='ltr'><strong>manet</strong></span> <span class='ocrx_word' id='word_1_740' title='bbox 1449 2189 1520 2217; x_wconf 88' lang='lat' dir='ltr'><strong>enint</strong></span> <span class='ocrx_word' id='word_1_741' title='bbox 1539 2193 1667 2224; x_wconf 84' lang='lat' dir='ltr'><strong>perpetua</strong></span> <span class='ocrx_word' id='word_1_742' title='bbox 1690 2189 1786 2216; x_wconf 89' lang='lat' dir='ltr'><strong>unitio.</strong></span> 
     </span>
    </p>
   </div>
   <div class='ocr_carea' id='block_1_94' title="bbox 155 2233 943 2270">
    <p class='ocr_par' dir='ltr' id='par_1_94' title="bbox 155 2233 943 2270">
     <span class='ocr_line' id='line_1_94' title="bbox 155 2233 943 2270; baseline -0.001 -10"><span class='ocrx_word' id='word_1_743' title='bbox 155 2233 301 2270; x_wconf 83' lang='grc' dir='ltr'>χωρισμὸς</span> <span class='ocrx_word' id='word_1_744' title='bbox 318 2233 478 2267; x_wconf 65' lang='grc' dir='ltr'>ἐπεγένετοε</span> <span class='ocrx_word' id='word_1_745' title='bbox 505 2234 579 2268; x_wconf 81' lang='grc' dir='ltr'>μένει</span> <span class='ocrx_word' id='word_1_746' title='bbox 599 2234 653 2270; x_wconf 75' lang='grc' dir='ltr'>γὰρ</span> <span class='ocrx_word' id='word_1_747' title='bbox 675 2233 782 2267; x_wconf 59' lang='grc' dir='ltr'>αἰώνιος</span> <span class='ocrx_word' id='word_1_748' title='bbox 797 2235 813 2268; x_wconf 87' lang='grc' dir='ltr'>ἡ</span> <span class='ocrx_word' id='word_1_749' title='bbox 837 2233 943 2264; x_wconf 71' lang='grc' dir='ltr'>ἕνωσις.</span> 
     </span>
    </p>
   </div>
   <div class='ocr_carea' id='block_1_95' title="bbox 165 2279 946 2315">
    <p class='ocr_par' dir='ltr' id='par_1_95' title="bbox 165 2279 946 2315">
     <span class='ocr_line' id='line_1_95' title="bbox 165 2279 946 2315; baseline 0 -10"><span class='ocrx_word' id='word_1_750' title='bbox 165 2279 247 2306; x_wconf 78' lang='grc' dir='ltr'>Ἀλλὰ</span> <span class='ocrx_word' id='word_1_751' title='bbox 265 2279 320 2314; x_wconf 82' lang='grc' dir='ltr'>γὰρ</span> <span class='ocrx_word' id='word_1_752' title='bbox 335 2279 383 2305; x_wconf 82' lang='grc' dir='ltr'>καὶ</span> <span class='ocrx_word' id='word_1_753' title='bbox 396 2280 425 2305; x_wconf 78' lang='grc' dir='ltr'>ἐν</span> <span class='ocrx_word' id='word_1_754' title='bbox 442 2280 498 2310; x_wconf 83' lang='grc' dir='ltr'>τοῖς</span> <span class='ocrx_word' id='word_1_755' title='bbox 517 2279 614 2306; x_wconf 86' lang='grc' dir='ltr'>πάθεσι</span> <span class='ocrx_word' id='word_1_756' title='bbox 630 2280 679 2312; x_wconf 81' lang='grc' dir='ltr'>τῆς</span> <span class='ocrx_word' id='word_1_757' title='bbox 702 2279 801 2315; x_wconf 78' lang='grc' dir='ltr'>σαρκὸς</span> <span class='ocrx_word' id='word_1_758' title='bbox 816 2280 831 2314; x_wconf 86' lang='grc' dir='ltr'>ἡ</span> <span class='ocrx_word' id='word_1_759' title='bbox 851 2279 946 2314; x_wconf 86' lang='grc' dir='ltr'>θεότης</span> 
     </span>
    </p>
   </div>
   <div class='ocr_carea' id='block_1_96' title="bbox 154 2324 947 2360">
    <p class='ocr_par' dir='ltr' id='par_1_96' title="bbox 154 2324 947 2360">
     <span class='ocr_line' id='line_1_96' title="bbox 154 2324 947 2360; baseline -0.003 -8"><span class='ocrx_word' id='word_1_760' title='bbox 154 2326 314 2360; x_wconf 78' lang='grc' dir='ltr'>ἀχώριστος</span> <span class='ocrx_word' id='word_1_761' title='bbox 326 2345 333 2357; x_wconf 88' lang='grc'><strong>,</strong></span> <span class='ocrx_word' id='word_1_762' title='bbox 349 2324 456 2359; x_wconf 85' lang='grc' dir='ltr'>ἀπαθὴς</span> <span class='ocrx_word' id='word_1_763' title='bbox 473 2325 605 2360; x_wconf 83' lang='grc' dir='ltr'>μένουσα-</span> <span class='ocrx_word' id='word_1_764' title='bbox 628 2325 675 2351; x_wconf 72' lang='grc' dir='ltr'><strong>καὶ</strong></span> <span class='ocrx_word' id='word_1_765' title='bbox 689 2325 722 2351; x_wconf 72' lang='grc' dir='ltr'>τὰ</span> <span class='ocrx_word' id='word_1_766' title='bbox 745 2324 883 2359; x_wconf 79' lang='grc' dir='ltr'>θεοπρεπῆ</span> <span class='ocrx_word' id='word_1_767' title='bbox 902 2325 947 2350; x_wconf 79' lang='grc' dir='ltr'><strong>διὰ</strong></span> 
     </span>
    </p>
   </div>
   <div class='ocr_carea' id='block_1_97' title="bbox 153 2369 948 2406">
    <p class='ocr_par' dir='ltr' id='par_1_97' title="bbox 153 2369 948 2406">
     <span class='ocr_line' id='line_1_97' title="bbox 153 2369 948 2406; baseline 0 -10"><span class='ocrx_word' id='word_1_768' title='bbox 153 2372 208 2406; x_wconf 74' lang='grc' dir='ltr'>τῆς</span> <span class='ocrx_word' id='word_1_769' title='bbox 225 2371 328 2406; x_wconf 85' lang='grc' dir='ltr'>σαρκὸς</span> <span class='ocrx_word' id='word_1_770' title='bbox 344 2370 497 2397; x_wconf 83' lang='grc' dir='ltr'>ὲπετελεῖτο</span> <span class='ocrx_word' id='word_1_771' title='bbox 507 2380 513 2386; x_wconf 90' lang='grc'><strong>·</strong></span> <span class='ocrx_word' id='word_1_772' title='bbox 531 2371 592 2397; x_wconf 78' lang='grc' dir='ltr'>ὅθεν</span> <span class='ocrx_word' id='word_1_773' title='bbox 604 2370 652 2396; x_wconf 80' lang='grc' dir='ltr'><strong>ἐνα</strong></span> <span class='ocrx_word' id='word_1_774' title='bbox 666 2370 712 2396; x_wconf 78' lang='grc' dir='ltr'><strong>καὶ</strong></span> <span class='ocrx_word' id='word_1_775' title='bbox 729 2371 773 2396; x_wconf 67' lang='grc' dir='ltr'><strong>τὸν</strong></span> <span class='ocrx_word' id='word_1_776' title='bbox 789 2370 869 2396; x_wconf 78' lang='grc' dir='ltr'>αὐτὸν</span> <span class='ocrx_word' id='word_1_777' title='bbox 883 2369 948 2397; x_wconf 85' lang='grc' dir='ltr'>Υἰὸν</span> 
     </span>
    </p>
   </div>
   <div class='ocr_carea' id='block_1_98' title="bbox 150 2416 947 2451">
    <p class='ocr_par' dir='ltr' id='par_1_98' title="bbox 150 2416 947 2451">
     <span class='ocr_line' id='line_1_98' title="bbox 150 2416 947 2451; baseline 0 -9"><span class='ocrx_word' id='word_1_778' title='bbox 150 2416 356 2451; x_wconf 80' lang='grc' dir='ltr'>ὁμολογοῦμεν,</span> <span class='ocrx_word' id='word_1_779' title='bbox 381 2416 541 2451; x_wconf 84' lang='grc' dir='ltr'>ἀσυγχύτων</span> <span class='ocrx_word' id='word_1_780' title='bbox 566 2416 621 2451; x_wconf 72' lang='grc' dir='ltr'>τῷν</span> <span class='ocrx_word' id='word_1_781' title='bbox 653 2417 760 2450; x_wconf 81' lang='grc' dir='ltr'>φύσεων</span> <span class='ocrx_word' id='word_1_782' title='bbox 789 2416 947 2451; x_wconf 84' lang='grc' dir='ltr'>μενουσῶν·</span> 
     </span>
    </p>
   </div>
   <div class='ocr_carea' id='block_1_99' title="bbox 150 2462 947 2497">
    <p class='ocr_par' dir='ltr' id='par_1_99' title="bbox 150 2462 947 2497">
     <span class='ocr_line' id='line_1_99' title="bbox 150 2462 947 2497; baseline -0.001 -8"><span class='ocrx_word' id='word_1_783' title='bbox 150 2465 208 2489; x_wconf 61' lang='grc' dir='ltr'>οὐκ</span> <span class='ocrx_word' id='word_1_784' title='bbox 226 2462 306 2488; x_wconf 87' lang='grc' dir='ltr'>ἄλλον</span> <span class='ocrx_word' id='word_1_785' title='bbox 323 2463 371 2489; x_wconf 72' lang='grc' dir='ltr'>καὶ</span> <span class='ocrx_word' id='word_1_786' title='bbox 391 2463 468 2490; x_wconf 84' lang='grc' dir='ltr'>ἄλλον</span> <span class='ocrx_word' id='word_1_787' title='bbox 482 2463 618 2497; x_wconf 79' lang='grc' dir='ltr'>λέγοντες,</span> <span class='ocrx_word' id='word_1_788' title='bbox 637 2462 673 2497; x_wconf 87' lang='grc' dir='ltr'>μὴ</span> <span class='ocrx_word' id='word_1_789' title='bbox 694 2463 810 2496; x_wconf 78' lang='grc' dir='ltr'>γένοιτο,</span> <span class='ocrx_word' id='word_1_790' title='bbox 826 2462 883 2489; x_wconf 82' lang='grc' dir='ltr'>ἀλλ’</span> <span class='ocrx_word' id='word_1_791' title='bbox 900 2463 947 2489; x_wconf 66' lang='grc' dir='ltr'>ἕνα</span> 
     </span>
    </p>
   </div>
   <div class='ocr_carea' id='block_1_100' title="bbox 149 2507 947 2544">
    <p class='ocr_par' dir='ltr' id='par_1_100' title="bbox 149 2507 947 2544">
     <span class='ocr_line' id='line_1_100' title="bbox 149 2507 947 2544; baseline 0 -9"><span class='ocrx_word' id='word_1_792' title='bbox 149 2509 205 2535; x_wconf 61' lang='grc' dir='ltr'><strong>ίαὶ</strong></span> <span class='ocrx_word' id='word_1_793' title='bbox 223 2508 269 2534; x_wconf 86' lang='grc' dir='ltr'><strong>τὸν</strong></span> <span class='ocrx_word' id='word_1_794' title='bbox 292 2508 383 2535; x_wconf 70' lang='grc' dir='ltr'>αὐτόν.</span> <span class='ocrx_word' id='word_1_795' title='bbox 406 2509 547 2544; x_wconf 75' lang='grc' dir='ltr'>’Δρχιερέα</span> <span class='ocrx_word' id='word_1_796' title='bbox 571 2507 616 2535; x_wconf 71' lang='grc' dir='ltr'><strong>οὖν</strong></span> <span class='ocrx_word' id='word_1_797' title='bbox 634 2508 681 2535; x_wconf 77' lang='grc' dir='ltr'>καὶ</span> <span class='ocrx_word' id='word_1_798' title='bbox 695 2509 847 2535; x_wconf 80' lang='grc' dir='ltr'>ἀπόστολον</span> <span class='ocrx_word' id='word_1_799' title='bbox 863 2509 947 2544; x_wconf 86' lang='grc' dir='ltr'>ἡμῶν</span> 
     </span>
    </p>
   </div>
   <div class='ocr_carea' id='block_1_101' title="bbox 190 2598 795 2631">
    <p class='ocr_par' dir='ltr' id='par_1_101' title="bbox 190 2598 795 2631">
     <span class='ocr_line' id='line_1_101' title="bbox 190 2598 795 2631; baseline -0.003 -5"><span class='ocrx_word' id='word_1_800' title='bbox 190 2600 213 2614; x_wconf 69' lang='grc' dir='ltr'>ι’</span> <span class='ocrx_word' id='word_1_801' title='bbox 235 2598 308 2626; x_wconf 83' lang='lat' dir='ltr'><strong>Psal.</strong></span> <span class='ocrx_word' id='word_1_802' title='bbox 324 2599 415 2631; x_wconf 65' lang='lat' dir='ltr'><strong>cix,4.</strong></span> <span class='ocrx_word' id='word_1_803' title='bbox 455 2599 475 2614; x_wconf 74' lang='grc'><strong>¹⁸</strong></span> <span class='ocrx_word' id='word_1_804' title='bbox 491 2598 570 2626; x_wconf 88' lang='lat' dir='ltr'><strong>Hebr.</strong></span> <span class='ocrx_word' id='word_1_805' title='bbox 585 2607 611 2631; x_wconf 78' lang='grc' dir='ltr'><strong>ν,</strong></span> <span class='ocrx_word' id='word_1_806' title='bbox 634 2599 659 2631; x_wconf 85' lang='grc'>7,</span> <span class='ocrx_word' id='word_1_807' title='bbox 680 2599 709 2614; x_wconf 77' lang='grc'><strong>¹⁶⁴</strong></span> <span class='ocrx_word' id='word_1_808' title='bbox 730 2599 795 2625; x_wconf 87' lang='lat' dir='ltr'><strong>ibid.</strong></span> 
     </span>
    </p>
   </div>
   <div class='ocr_carea' id='block_1_102' title="bbox 835 2597 983 2624">
    <p class='ocr_par' dir='ltr' id='par_1_102' title="bbox 835 2597 983 2624">
     <span class='ocr_line' id='line_1_102' title="bbox 835 2597 983 2624; baseline -0.014 0"><span class='ocrx_word' id='word_1_809' title='bbox 835 2599 855 2613; x_wconf 76' lang='grc'>¹⁷</span> <span class='ocrx_word' id='word_1_810' title='bbox 875 2598 939 2624; x_wconf 76' lang='lat' dir='ltr'><strong>ibid.</strong></span> <span class='ocrx_word' id='word_1_811' title='bbox 958 2597 983 2623; x_wconf 76' lang='lat'><strong>3.</strong></span> 
     </span>
    </p>
   </div>
   <div class='ocr_carea' id='block_1_103' title="bbox 1000 2234 1786 2270">
    <p class='ocr_par' dir='ltr' id='par_1_103' title="bbox 1000 2234 1786 2270">
     <span class='ocr_line' id='line_1_103' title="bbox 1000 2234 1786 2270; baseline 0.001 -9"><span class='ocrx_word' id='word_1_812' title='bbox 1000 2235 1069 2267; x_wconf 87' lang='lat' dir='ltr'><strong>Quin</strong></span> <span class='ocrx_word' id='word_1_813' title='bbox 1085 2239 1112 2262; x_wconf 91' lang='lat' dir='ltr'><strong>et</strong></span> <span class='ocrx_word' id='word_1_814' title='bbox 1131 2234 1157 2262; x_wconf 88' lang='lat' dir='ltr'><strong>in</strong></span> <span class='ocrx_word' id='word_1_815' title='bbox 1175 2235 1345 2270; x_wconf 82' lang='lat' dir='ltr'><strong>passionibus</strong></span> <span class='ocrx_word' id='word_1_816' title='bbox 1361 2235 1452 2262; x_wconf 85' lang='lat' dir='ltr'><strong>carnis</strong></span> <span class='ocrx_word' id='word_1_817' title='bbox 1468 2235 1555 2263; x_wconf 86' lang='lat' dir='ltr'><strong>deitas</strong></span> <span class='ocrx_word' id='word_1_818' title='bbox 1571 2239 1630 2262; x_wconf 83' lang='lat' dir='ltr'><strong>erat</strong></span> <span class='ocrx_word' id='word_1_819' title='bbox 1647 2235 1786 2270; x_wconf 73' lang='lat' dir='ltr'><strong>insepara-</strong></span> 
     </span>
    </p>
   </div>
   <div class='ocr_carea' id='block_1_104' title="bbox 1001 2280 1786 2315">
    <p class='ocr_par' dir='ltr' id='par_1_104' title="bbox 1001 2280 1786 2315">
     <span class='ocr_line' id='line_1_104' title="bbox 1001 2280 1786 2315; baseline 0.001 -8"><span class='ocrx_word' id='word_1_820' title='bbox 1001 2280 1071 2313; x_wconf 82' lang='lat' dir='ltr'><strong>bilis,</strong></span> <span class='ocrx_word' id='word_1_821' title='bbox 1094 2288 1205 2308; x_wconf 89' lang='lat' dir='ltr'><strong>manens</strong></span> <span class='ocrx_word' id='word_1_822' title='bbox 1230 2281 1419 2315; x_wconf 87' lang='lat' dir='ltr'><strong>impassibilis;</strong></span> <span class='ocrx_word' id='word_1_823' title='bbox 1440 2286 1466 2308; x_wconf 91' lang='lat' dir='ltr'><strong>et</strong></span> <span class='ocrx_word' id='word_1_824' title='bbox 1488 2289 1547 2315; x_wconf 72' lang='lat' dir='ltr'><strong>quae</strong></span> <span class='ocrx_word' id='word_1_825' title='bbox 1568 2281 1651 2308; x_wconf 90' lang='lat' dir='ltr'><strong>Deum</strong></span> <span class='ocrx_word' id='word_1_826' title='bbox 1678 2282 1786 2313; x_wconf 89' lang='lat' dir='ltr'><strong>decent,</strong></span> 
     </span>
    </p>
   </div>
   <div class='ocr_carea' id='block_1_105' title="bbox 1002 2326 1787 2360">
    <p class='ocr_par' dir='ltr' id='par_1_105' title="bbox 1002 2326 1787 2360">
     <span class='ocr_line' id='line_1_105' title="bbox 1002 2326 1787 2360; baseline 0.001 -8"><span class='ocrx_word' id='word_1_827' title='bbox 1002 2333 1049 2360; x_wconf 87' lang='lat' dir='ltr'><strong>per</strong></span> <span class='ocrx_word' id='word_1_828' title='bbox 1060 2334 1169 2353; x_wconf 85' lang='lat' dir='ltr'><strong>carnem</strong></span> <span class='ocrx_word' id='word_1_829' title='bbox 1187 2326 1416 2360; x_wconf 80' lang='lat' dir='ltr'><strong>perﬁciebantur:</strong></span> <span class='ocrx_word' id='word_1_830' title='bbox 1433 2326 1504 2353; x_wconf 86' lang='lat' dir='ltr'><strong>unde</strong></span> <span class='ocrx_word' id='word_1_831' title='bbox 1519 2333 1599 2352; x_wconf 92' lang='lat' dir='ltr'><strong>unum</strong></span> <span class='ocrx_word' id='word_1_832' title='bbox 1621 2330 1648 2353; x_wconf 84' lang='lat' dir='ltr'><strong>et</strong></span> <span class='ocrx_word' id='word_1_833' title='bbox 1662 2327 1787 2353; x_wconf 86' lang='lat' dir='ltr'><strong>eumdem</strong></span> 
     </span>
    </p>
   </div>
   <div class='ocr_carea' id='block_1_106' title="bbox 1003 2371 1786 2414">
    <p class='ocr_par' dir='ltr' id='par_1_106' title="bbox 1003 2371 1786 2414">
     <span class='ocr_line' id='line_1_106' title="bbox 1003 2371 1786 2414; baseline 0.001 -16"><span class='ocrx_word' id='word_1_834' title='bbox 1003 2372 1099 2399; x_wconf 85' lang='lat' dir='ltr'><strong>Filium</strong></span> <span class='ocrx_word' id='word_1_835' title='bbox 1116 2373 1288 2405; x_wconf 81' lang='lat' dir='ltr'><strong>conﬁtemur,</strong></span> <span class='ocrx_word' id='word_1_836' title='bbox 1310 2373 1415 2411; x_wconf 83' lang='lat' dir='ltr'><strong>naturis</strong></span> <span class='ocrx_word' id='word_1_837' title='bbox 1434 2371 1584 2400; x_wconf 79' lang='lat' dir='ltr'><strong>inconl‘usis</strong></span> <span class='ocrx_word' id='word_1_838' title='bbox 1599 2373 1786 2414; x_wconf 59' lang='lat' dir='ltr'><strong>manentibus:</strong></span> 
     </span>
    </p>
   </div>
   <div class='ocr_carea' id='block_1_107' title="bbox 1003 2418 1789 2452">
    <p class='ocr_par' dir='ltr' id='par_1_107' title="bbox 1003 2418 1789 2452">
     <span class='ocr_line' id='line_1_107' title="bbox 1003 2418 1789 2452; baseline -0.001 -7"><span class='ocrx_word' id='word_1_839' title='bbox 1003 2426 1055 2445; x_wconf 87' lang='lat' dir='ltr'><strong>non</strong></span> <span class='ocrx_word' id='word_1_840' title='bbox 1074 2418 1155 2445; x_wconf 81' lang='lat' dir='ltr'><strong>alium</strong></span> <span class='ocrx_word' id='word_1_841' title='bbox 1171 2423 1198 2445; x_wconf 91' lang='lat' dir='ltr'><strong>et</strong></span> <span class='ocrx_word' id='word_1_842' title='bbox 1224 2418 1304 2445; x_wconf 83' lang='lat' dir='ltr'><strong>alium</strong></span> <span class='ocrx_word' id='word_1_843' title='bbox 1329 2419 1461 2452; x_wconf 83' lang='lat' dir='ltr'><strong>dicentes,</strong></span> <span class='ocrx_word' id='word_1_844' title='bbox 1479 2419 1562 2446; x_wconf 90' lang='lat' dir='ltr'><strong>absit!</strong></span> <span class='ocrx_word' id='word_1_845' title='bbox 1582 2419 1630 2447; x_wconf 88' lang='lat' dir='ltr'><strong>sed</strong></span> <span class='ocrx_word' id='word_1_846' title='bbox 1653 2426 1739 2446; x_wconf 91' lang='lat' dir='ltr'><strong>unum</strong></span> <span class='ocrx_word' id='word_1_847' title='bbox 1761 2423 1789 2445; x_wconf 85' lang='lat' dir='ltr'><strong>et</strong></span> 
     </span>
    </p>
   </div>
   <div class='ocr_carea' id='block_1_108' title="bbox 1003 2454 1788 2498">
    <p class='ocr_par' dir='ltr' id='par_1_108' title="bbox 1003 2454 1788 2498">
     <span class='ocr_line' id='line_1_108' title="bbox 1003 2454 1788 2498; baseline -0.004 -9"><span class='ocrx_word' id='word_1_848' title='bbox 1003 2463 1138 2489; x_wconf 84' lang='lat' dir='ltr'><strong>eumdem.</strong></span> <span class='ocrx_word' id='word_1_849' title='bbox 1159 2462 1251 2496; x_wconf 84' lang='lat' dir='ltr'><strong>Itaque</strong></span> <span class='ocrx_word' id='word_1_850' title='bbox 1272 2454 1425 2498; x_wconf 80' lang='lat' dir='ltr'><strong>pontiﬁcem</strong></span> <span class='ocrx_word' id='word_1_851' title='bbox 1441 2468 1466 2490; x_wconf 90' lang='lat' dir='ltr'><strong>et</strong></span> <span class='ocrx_word' id='word_1_852' title='bbox 1488 2462 1637 2498; x_wconf 86' lang='lat' dir='ltr'><strong>apostolum</strong></span> <span class='ocrx_word' id='word_1_853' title='bbox 1664 2467 1788 2489; x_wconf 89' lang='lat' dir='ltr'><strong>nostrum</strong></span> 
     </span>
    </p>
   </div>
   <div class='ocr_carea' id='block_1_109' title="bbox 1002 2506 1786 2542">
    <p class='ocr_par' dir='ltr' id='par_1_109' title="bbox 1002 2506 1786 2542">
     <span class='ocr_line' id='line_1_109' title="bbox 1002 2506 1786 2542; baseline -0.004 -7"><span class='ocrx_word' id='word_1_854' title='bbox 1002 2507 1093 2535; x_wconf 84' lang='lat' dir='ltr'><strong>Jesum</strong></span> <span class='ocrx_word' id='word_1_855' title='bbox 1122 2507 1259 2535; x_wconf 84' lang='lat' dir='ltr'><strong>Christum</strong></span> <span class='ocrx_word' id='word_1_856' title='bbox 1285 2509 1432 2536; x_wconf 90' lang='lat' dir='ltr'><strong>secundum</strong></span> <span class='ocrx_word' id='word_1_857' title='bbox 1457 2509 1562 2535; x_wconf 80' lang='lat' dir='ltr'><strong>divinas</strong></span> <span class='ocrx_word' id='word_1_858' title='bbox 1598 2506 1786 2542; x_wconf 84' lang='lat' dir='ltr'><strong>Scripturas&quot;</strong></span> 
     </span>
    </p>
   </div>
   <div class='ocr_carea' id='block_1_110' title="bbox 1026 2596 1283 2629">
    <p class='ocr_par' dir='ltr' id='par_1_110' title="bbox 1026 2596 1283 2629">
     <span class='ocr_line' id='line_1_110' title="bbox 1026 2596 1283 2629; baseline 0.008 -7"><span class='ocrx_word' id='word_1_859' title='bbox 1026 2597 1045 2612; x_wconf 74' lang='grc'><strong>¹⁸</strong></span> <span class='ocrx_word' id='word_1_860' title='bbox 1063 2596 1143 2623; x_wconf 84' lang='lat' dir='ltr'><strong>llebr.</strong></span> <span class='ocrx_word' id='word_1_861' title='bbox 1160 2605 1198 2629; x_wconf 78' lang='grc' dir='ltr'>ιιι,</span> <span class='ocrx_word' id='word_1_862' title='bbox 1220 2598 1244 2624; x_wconf 85' lang='lat' dir='ltr'><strong>l.</strong></span> <span class='ocrx_word' id='word_1_863' title='bbox 1279 2612 1283 2617; x_wconf 84' lang='lat'><strong><em>-</em></strong></span> 
     </span>
    </p>
   </div>
   <div class='ocr_carea' id='block_1_111' title="bbox 697 2675 1287 2710">
    <p class='ocr_par' dir='ltr' id='par_1_111' title="bbox 697 2675 1287 2710">
     <span class='ocr_line' id='line_1_111' title="bbox 697 2675 1287 2710; baseline -0.002 -7"><span class='ocrx_word' id='word_1_864' title='bbox 697 2677 782 2703; x_wconf 66' lang='lat' dir='ltr'><strong>Varia:</strong></span> <span class='ocrx_word' id='word_1_865' title='bbox 802 2676 930 2704; x_wconf 85' lang='lat' dir='ltr'><strong>lectiones</strong></span> <span class='ocrx_word' id='word_1_866' title='bbox 946 2684 976 2703; x_wconf 85' lang='lat' dir='ltr'><strong>ex</strong></span> <span class='ocrx_word' id='word_1_867' title='bbox 993 2676 1085 2703; x_wconf 84' lang='lat' dir='ltr'><strong>codice</strong></span> <span class='ocrx_word' id='word_1_868' title='bbox 1100 2675 1287 2710; x_wconf 74' lang='lat' dir='ltr'><strong>Seguieriano.</strong></span> 
     </span>
    </p>
   </div>
   <div class='ocr_carea' id='block_1_112' title="bbox 197 2755 517 2790">
    <p class='ocr_par' dir='ltr' id='par_1_112' title="bbox 197 2755 517 2790">
     <span class='ocr_line' id='line_1_112' title="bbox 197 2755 517 2790; baseline 0 -9"><span class='ocrx_word' id='word_1_869' title='bbox 197 2762 210 2775; x_wconf 66' lang='grc' dir='ltr'>α</span> <span class='ocrx_word' id='word_1_870' title='bbox 227 2756 361 2790; x_wconf 74' lang='grc' dir='ltr'>φήσομεν.</span> <span class='ocrx_word' id='word_1_871' title='bbox 400 2760 414 2773; x_wconf 70' lang='grc' dir='ltr'><strong>τ</strong></span> <span class='ocrx_word' id='word_1_872' title='bbox 429 2755 517 2781; x_wconf 73' lang='grc' dir='ltr'>αὐτόν.</span> 
     </span>
    </p>
   </div>
   <div class='ocr_carea' id='block_1_113' title="bbox 146 2764 321 2823">
    <p class='ocr_par' dir='ltr' id='par_1_113' title="bbox 146 2764 321 2823">
     <span class='ocr_line' id='line_1_113' title="bbox 197 2764 307 2790; baseline -0.009 0"><span class='ocrx_word' id='word_1_873' title='bbox 197 2764 210 2775; x_wconf 75' lang='lat'><strong>&quot;</strong></span> <span class='ocrx_word' id='word_1_874' title='bbox 227 2764 307 2790; x_wconf 63' lang='grc' dir='ltr'>φησον</span> 
     </span>
     <span class='ocr_line' id='line_1_114' title="bbox 146 2764 321 2823; baseline -0.006 -6"><span class='ocrx_word' id='word_1_875' title='bbox 146 2790 273 2822; x_wconf 64' lang='grc' dir='ltr'>ἱελίσει,</span> <span class='ocrx_word' id='word_1_876' title='bbox 293 2764 321 2823; x_wconf 48' lang='lat' dir='ltr'><strong>1f;</strong></span> 
     </span>
    </p>
   </div>
   <div class='ocr_carea' id='block_1_114' title="bbox 146 2827 282 2852">
    <p class='ocr_par' dir='ltr' id='par_1_114' title="bbox 146 2827 282 2852">
     <span class='ocr_line' id='line_1_115' title="bbox 146 2827 282 2852; baseline 0.007 -1"><span class='ocrx_word' id='word_1_877' title='bbox 146 2830 161 2845; x_wconf 71' lang='grc' dir='ltr'><strong>ι»</strong></span> <span class='ocrx_word' id='word_1_878' title='bbox 192 2827 226 2851; x_wconf 72' lang='grc' dir='ltr'><strong>τὸ</strong></span> 
     </span>
    </p>
   </div>
   <div class='ocr_carea' id='block_1_115' title="bbox 315 2790 938 2825">
    <p class='ocr_par' dir='ltr' id='par_1_115' title="bbox 315 2790 938 2825">
     <span class='ocr_line' id='line_1_116' title="bbox 315 2790 938 2825; baseline -0.003 -9"><span class='ocrx_word' id='word_1_879' title='bbox 315 2810 322 2822; x_wconf 86' lang='grc'><strong>,</strong></span> <span class='ocrx_word' id='word_1_880' title='bbox 336 2790 366 2816; x_wconf 71' lang='grc' dir='ltr'><strong>οὐ</strong></span> <span class='ocrx_word' id='word_1_881' title='bbox 379 2790 564 2825; x_wconf 72' lang='grc' dir='ltr'>κατευτελξςῃ.</span> <span class='ocrx_word' id='word_1_882' title='bbox 588 2790 615 2809; x_wconf 57' lang='grc' dir='ltr'><strong>⁷⁷ε</strong></span> <span class='ocrx_word' id='word_1_883' title='bbox 631 2790 781 2823; x_wconf 67' lang='grc' dir='ltr'>ἐνωμῧτοης</span> <span class='ocrx_word' id='word_1_884' title='bbox 796 2790 938 2824; x_wconf 53' lang='lat' dir='ltr'><strong>smmi-41;.</strong></span> 
     </span>
    </p>
   </div>
   <div class='ocr_carea' id='block_1_116' title="bbox 304 2868 665 2900">
    <p class='ocr_par' dir='ltr' id='par_1_116' title="bbox 304 2868 665 2900">
     <span class='ocr_line' id='line_1_117' title="bbox 304 2868 665 2900; baseline -0.014 1"><span class='ocrx_word' id='word_1_885' title='bbox 304 2871 439 2900; x_wconf 74' lang='lat' dir='ltr'><strong>PATROL.</strong></span> <span class='ocrx_word' id='word_1_886' title='bbox 463 2869 519 2897; x_wconf 79' lang='lat' dir='ltr'><strong>GR.</strong></span> <span class='ocrx_word' id='word_1_887' title='bbox 542 2868 614 2897; x_wconf 67' lang='lat' dir='ltr'><strong>LXX</strong></span> <span class='ocrx_word' id='word_1_888' title='bbox 621 2868 665 2896; x_wconf 71' lang='lat' dir='ltr'><strong>VI.</strong></span> 
     </span>
    </p>
   </div>
   <div class='ocr_carea' id='block_1_117' title="bbox 557 2753 1102 2791">
    <p class='ocr_par' dir='ltr' id='par_1_117' title="bbox 557 2753 1102 2791">
     <span class='ocr_line' id='line_1_118' title="bbox 557 2753 1102 2791; baseline 0.002 -10"><span class='ocrx_word' id='word_1_889' title='bbox 557 2760 569 2773; x_wconf 65' lang='grc' dir='ltr'><strong>κ</strong></span> <span class='ocrx_word' id='word_1_890' title='bbox 617 2754 663 2781; x_wconf 73' lang='grc' dir='ltr'><strong>καὶ</strong></span> <span class='ocrx_word' id='word_1_891' title='bbox 679 2753 795 2782; x_wconf 64' lang='grc' dir='ltr'>ὤμοσεν.</span> <span class='ocrx_word' id='word_1_892' title='bbox 834 2759 851 2791; x_wconf 57' lang='grc' dir='ltr'><strong>ὶί</strong></span> <span class='ocrx_word' id='word_1_893' title='bbox 863 2755 881 2788; x_wconf 79' lang='lat' dir='ltr'><strong>I&#39;.</strong></span> <span class='ocrx_word' id='word_1_894' title='bbox 899 2755 968 2781; x_wconf 78' lang='lat' dir='ltr'><strong>deest</strong></span> <span class='ocrx_word' id='word_1_895' title='bbox 983 2755 1102 2791; x_wconf 62' lang='grc' dir='ltr'>ἀξίωμα.</span> 
     </span>
    </p>
   </div>
   <div class='ocr_carea' id='block_1_118' title="bbox 1144 2753 1341 2789">
    <p class='ocr_par' dir='ltr' id='par_1_118' title="bbox 1144 2753 1341 2789">
     <span class='ocr_line' id='line_1_119' title="bbox 1144 2753 1341 2789; baseline -0.02 -8"><span class='ocrx_word' id='word_1_896' title='bbox 1144 2761 1153 2773; x_wconf 73' lang='grc' dir='ltr'><strong>τ</strong></span> <span class='ocrx_word' id='word_1_897' title='bbox 1168 2755 1231 2789; x_wconf 66' lang='grc' dir='ltr'>παρ’</span> <span class='ocrx_word' id='word_1_898' title='bbox 1245 2755 1277 2780; x_wconf 69' lang='grc' dir='ltr'>αὖ</span> <span class='ocrx_word' id='word_1_899' title='bbox 1283 2753 1341 2786; x_wconf 71' lang='grc' dir='ltr'>τῆς.</span> 
     </span>
    </p>
   </div>
   <div class='ocr_carea' id='block_1_119' title="bbox 1382 2750 1789 2784">
    <p class='ocr_par' dir='ltr' id='par_1_119' title="bbox 1382 2750 1789 2784">
     <span class='ocr_line' id='line_1_120' title="bbox 1382 2750 1789 2784; baseline 0 -7"><span class='ocrx_word' id='word_1_900' title='bbox 1382 2760 1390 2769; x_wconf 89' lang='grc'><strong>·</strong></span> <span class='ocrx_word' id='word_1_901' title='bbox 1410 2750 1564 2784; x_wconf 49' lang='lat' dir='ltr'><strong>avium-.0.</strong></span> <span class='ocrx_word' id='word_1_902' title='bbox 1606 2752 1619 2771; x_wconf 71' lang='grc' dir='ltr'>δ</span> <span class='ocrx_word' id='word_1_903' title='bbox 1635 2754 1665 2779; x_wconf 69' lang='grc' dir='ltr'>οὗ</span> <span class='ocrx_word' id='word_1_904' title='bbox 1682 2756 1789 2778; x_wconf 60' lang='lat' dir='ltr'><strong>teat-ceu:</strong></span> 
     </span>
    </p>
   </div>
   <div class='ocr_carea' id='block_1_120' title="bbox 1163 2787 1480 2819">
    <p class='ocr_par' dir='ltr' id='par_1_120' title="bbox 1163 2787 1480 2819">
     <span class='ocr_line' id='line_1_121' title="bbox 1163 2787 1480 2819; baseline -0.019 -3"><span class='ocrx_word' id='word_1_905' title='bbox 1163 2796 1172 2809; x_wconf 72' lang='grc' dir='ltr'><strong>ο</strong></span> <span class='ocrx_word' id='word_1_906' title='bbox 1189 2787 1304 2819; x_wconf 64' lang='grc' dir='ltr'>ἱκῑτῖτς.</span> <span class='ocrx_word' id='word_1_907' title='bbox 1362 2787 1480 2819; x_wconf 62' lang='grc' dir='ltr'>τκαρῖἱλι</span> 
     </span>
    </p>
   </div>
   <div class='ocr_carea' id='block_1_121' title="bbox 976 2786 1788 2821">
    <p class='ocr_par' dir='ltr' id='par_1_121' title="bbox 976 2786 1788 2821">
     <span class='ocr_line' id='line_1_122' title="bbox 976 2786 1788 2821; baseline -0.006 -4"><span class='ocrx_word' id='word_1_908' title='bbox 976 2790 987 2808; x_wconf 72' lang='lat' dir='ltr'><strong>d</strong></span> <span class='ocrx_word' id='word_1_909' title='bbox 1007 2786 1120 2821; x_wconf 65' lang='grc' dir='ltr'>ἴκετὲας.</span> <span class='ocrx_word' id='word_1_910' title='bbox 1163 2796 1172 2809; x_wconf 73' lang='grc' dir='ltr'><strong>ο</strong></span> <span class='ocrx_word' id='word_1_911' title='bbox 1189 2786 1304 2819; x_wconf 64' lang='grc' dir='ltr'>ἱκῑτῖες.</span> <span class='ocrx_word' id='word_1_912' title='bbox 1362 2786 1492 2820; x_wconf 59' lang='grc' dir='ltr'><strong>ἵκαρῖἱλι.</strong></span> <span class='ocrx_word' id='word_1_913' title='bbox 1534 2789 1545 2806; x_wconf 68' lang='grc' dir='ltr'>ε</span> <span class='ocrx_word' id='word_1_914' title='bbox 1565 2787 1788 2821; x_wconf 54' lang='grc' dir='ltr'>κεχιιὶρισμένιλςε</span> 
     </span>
    </p>
   </div>
   <div class='ocr_carea' id='block_1_122' title="bbox 1577 2869 1608 2896">
    <p class='ocr_par' dir='ltr' id='par_1_122' title="bbox 1577 2869 1608 2896">
     <span class='ocr_line' id='line_1_123' title="bbox 1577 2869 1608 2896; baseline 0 0"><span class='ocrx_word' id='word_1_915' title='bbox 1577 2869 1608 2896; x_wconf 70' lang='lat' dir='ltr'><strong>l3</strong></span> 
     </span>
    </p>
   </div>
  </div>
