4014 6128
430 321 537 382 365

1393 319 1452 377 S.
1493 312 1772 376 CVRILLI
1812 314 2282 416 ALEXANDRINI
2322 323 2634 383 ARCHIEP.

3579 333 3685 391 3M

437 445 644 499 factum
694 455 814 499 esse
865 442 1041 500 nullus
1100 458 1204 502 non
1255 442 1637 509 conﬁtebitur;
1691 459 1793 499 non
1835 455 2004 503 tamen

2117 453 2474 524 γεγεννῆσθαι
2504 453 2591 506 τὸν
2624 452 2826 523 Κύριον
2858 452 3014 524 ἡμῶν
3052 451 3256 526 Ἰησοῦν
3281 453 3514 528 Χριστὸν
3542 461 3687 515 κατά

436 544 748 603 separatum
791 535 1016 591 seorsim
1053 535 1324 590 hominem
1362 548 1427 590 ex
1465 535 1688 589 muliere
1715 550 1742 590 a
1778 535 1868 592 Dei
1905 537 2006 593 Pa-

439 626 536 678 tris
568 623 765 688 Verbo,
795 625 869 678 ita
893 633 949 677 ut
972 625 1113 693 quod
1140 639 1205 678 ex
1238 624 1445 679 semine
1476 622 1644 678 David
1676 625 1888 680 unitum
1925 637 2010 683 est

437 712 745 776 inconfuse,
782 710 1126 766 ineﬂ‘abiliter
1156 719 1210 766 et
1269 711 1704 780 inseparabiliter
1728 712 1906 770 Verbo
1940 729 2005 769 ex

437 802 600 856 Patre
627 801 830 871 genito,
862 802 932 854 sit
973 800 1212 870 pontifex
1263 809 1500 857 tentatus
1537 817 1635 872 per
1665 804 1847 858 omnia
1879 806 2005 861 abs-

435 908 540 963 que
573 902 792 961 peccato
819 892 881 956 ⁸⁸,
924 900 978 944 et
1022 891 1244 946 edoctus
1291 907 1356 947 ex
1394 892 1499 958 his,
1533 907 1651 963 quae
1685 909 1874 963 passus
1906 903 2005 959 est,

433 984 824 1048 obedientiam;
877 985 967 1052 qui
1008 983 1269 1038 obtulerit
1307 983 1418 1040 Deo
1469 995 1525 1040 et
1556 984 1703 1040 Patri
1758 1000 1861 1042 non
1910 1001 2008 1056 pro

434 1077 635 1146 seipso,
667 1077 765 1130 sed
794 1090 892 1146 pro
925 1077 1056 1130 solis
1080 1076 1237 1130 nobis
1262 1091 1415 1130 suam
1448 1090 1688 1131 carnem.
1716 1075 1832 1132 Non
1863 1077 2006 1132 enim

433 1166 679 1233 imperite
731 1166 972 1220 dicemus
1034 1163 1200 1220 Deum
1255 1163 1493 1220 Verbum
1545 1165 1893 1236 pontiﬁcem,
1955 1173 2010 1221 et

433 1255 694 1311 obtulisse
725 1254 1090 1325 seipsumDeo
1117 1267 1171 1310 et
1201 1254 1346 1310 Patri
1373 1275 1386 1310 :
1417 1271 1541 1311 nam
1575 1256 1847 1327 Unigeniti
1891 1259 2006 1314 dei-

436 1347 564 1402 tatis
599 1347 712 1416 ipse
739 1344 902 1401 Pater
937 1359 1042 1400 non
1073 1355 1156 1400 est
1195 1345 1360 1412 Deus,
1386 1347 1478 1404 sed
1507 1345 1694 1403 Pater.

982 1631 1168 1704 Cyrilli
1197 1631 1455 1702 defensio.

504 1744 706 1800 lterum
735 1743 1064 1799 adversariis
1089 1753 1390 1814 opportune
1427 1743 1668 1798 dicemus
1697 1757 1710 1797 :
1742 1760 1761 1793 ι
1795 1742 2002 1812 Usque-

434 1847 544 1901 quo
597 1832 915 1886 claudicatis
977 1808 1237 1887 ambobus
1287 1831 1580 1901 p0plitibus
1639 1830 1838 1886 vestris
1862 1808 1951 1884 ’δί
1981 1852 1997 1883 ι
2035 1808 2080 1867 Β

430 1919 661 1990 Oportet
707 1922 848 1976 enim
896 1935 990 1975 vos
1037 1920 1237 1975 habere
1285 1935 1470 1975 sanam
1518 1927 1574 1975 et
1627 1920 1892 1990 integram
1941 1921 2005 1974 ad

412 2014 810 2083 cognoscenda
845 2022 989 2067 recte
1026 2011 1145 2067 ﬁdei
1191 2014 1441 2083 dogmata
1485 2021 1744 2079 mentem,
1775 2028 1884 2068 non
1911 2015 2006 2068 du-

433 2105 680 2176 plicitate
711 2106 876 2159 animi
921 2104 1340 2171 claudicantem,
1381 2114 1436 2159 et
1476 2104 1630 2158 valde
1660 2104 2003 2173 imbecillem,

434 2183 512 2250 et
541 2205 687 2252 recte
739 2196 990 2251 incedere
1038 2210 1144 2250 non
1206 2195 1473 2250 valentem
1520 2213 1534 2249 :
1573 2213 1592 2246 ι
1622 2194 1755 2250 Nam
1810 2196 2005 2266 duplex

433 2287 613 2344 animo
650 2285 966 2343 inconstans
1007 2297 1092 2342 est
1123 2285 1176 2340 in
1217 2287 1472 2342 omnibus
1513 2287 1614 2342 viis
1646 2287 1781 2352 suis,
1817 2297 1874 2343 et
1900 2303 2003 2342 non

434 2379 666 2448 accipiet
716 2377 919 2446 aliquid
965 2393 994 2431 a
1050 2376 1277 2432 Domino
1305 2377 1372 2430 ".
1407 2397 1424 2428 ι
1475 2375 1642 2445 quue
1687 2375 1808 2431 dico
1851 2376 2006 2432 valde

437 2464 1132 2530 admiranspadversarios!
1150 2471 1258 2518 tam
1309 2464 1651 2533 impudenter
1693 2479 1757 2519 ac
1805 2473 2006 2520 temere

435 2557 766 2625 pr0positum
810 2556 1106 2609 etiamnum
1167 2553 1698 2609 anathematismum
1751 2554 2006 2624 perstrin-

421 2659 562 2715 gere
588 2644 742 2702 velle.
782 2643 894 2700 Nec
937 2645 1250 2707 absurdum,
1288 2645 1431 2714 quod
1471 2643 1658 2699 nolunt
1693 2643 1790 2700 Dei
1828 2643 2006 2700 Patris

437 2735 670 2790 Verbum
704 2751 732 2790 a
769 2736 923 2790 nobis
950 2735 1219 2790 nominari
1255 2735 1414 2805 187
1453 2734 1754 2804 apostolum
1784 2743 1838 2790 et
1871 2749 2004 2805 pon-

435 2826 631 2882 tiﬁcem
685 2826 1045 2882 confessionis
1104 2835 1340 2894 nostrae,
1395 2827 1613 2896 quando
1662 2825 1865 2882 factum
1922 2835 2004 2882 est

436 2921 617 2974 homo.
661 2917 794 2973 Nam
825 2919 914 2988 qui
946 2933 1170 2988 prorsus
1203 2926 1475 2974 atlentant
1519 2919 1854 2973 nativitatem
1887 2918 2003 2988 ejus

434 3010 730 3063 secundum
771 3023 991 3063 carnem
1024 3007 1368 3073 calumniari,
1395 3016 1450 3063 et
1479 3008 1636 3078 quasi
1670 3022 1779 3063 non
1817 3023 2001 3063 veram

433 3098 658 3165 rejicere
707 3099 930 3164 audent,
982 3113 1080 3152 nec
1133 3097 1369 3152 ferentes
1419 3107 1664 3153 sanctam
1729 3095 2000 3168 Virginem

429 3190 537 3244 dici
578 3189 670 3243 Dei
716 3188 1056 3258 genitricem,
1087 3188 1356 3257 quomodo
1388 3202 1501 3242 non
1540 3196 1594 3242 et
1637 3187 2002 3260 dispensatio-

435 3278 521 3329 nis
576 3276 761 3330 modos
809 3274 1096 3342 rejicient?
1158 3275 1394 3329 Audiant
1473 3276 1639 3345 igitur
1705 3277 1809 3333 hoc
1861 3281 2004 3346 quod

435 3363 602 3420 Isaias
631 3365 768 3419 dixit
793 3380 810 3418 :
842 3383 860 3415 ι
892 3363 1007 3419 Nisi
1027 3364 1393 3431 credideritis,
1423 3379 1529 3420 non
1559 3365 1948 3438 intelligetis”.
1979 3389 1996 3421 ι

434 3454 647 3509 Etenim
675 3453 886 3508 divinus
923 3453 1249 3524 evangelista
1287 3452 1522 3509 Joannes
1555 3470 1813 3525 magnum
1851 3458 2005 3527 quid-

435 3545 558 3599 dam
593 3553 648 3598 et
687 3543 962 3598 insolitum
1000 3544 1310 3599 hominibus
1352 3544 1606 3612 intonuit,
1654 3547 1840 3604 dicens
1870 3550 2002 3605 Ver—

438 3629 566 3681 bum
619 3641 838 3682 carnem
888 3641 1009 3682 esse
1054 3627 1252 3682 factum
1275 3628 1345 3682 ¹³.
1385 3628 1486 3694 Qui
1531 3640 1709 3686 autem
1749 3633 2000 3689 virtutem

433 3718 677 3772 veritatis
708 3716 1060 3786 suﬂ‘urantur,
1094 3719 1166 3773 ita
1195 3733 1414 3776 carnem
1441 3721 1619 3792 ipsum
1650 3721 1850 3778 factum
1882 3739 2002 3782 esse

433 3809 637 3872 dicunt,
669 3807 811 3863 sicut
855 3817 912 3862 et
958 3809 1300 3865 maledictum
1323 3812 1392 3878 “,
1422 3821 1477 3868 et
1508 3823 1789 3883 peccatum
1811 3817 1858 3848 "
1883 3831 2002 3873 esse

432 3897 630 3953 factum
678 3897 1011 3968 intelligitur.
1061 3900 1126 3955 Et
1159 3901 1225 3956 de
1271 3903 1354 3958 his
1405 3904 1519 3975 jam
1562 3914 1688 3961 ante
1738 3906 2000 3974 diximus,

432 4003 526 4058 per
552 3979 670 4057 quze
694 4004 792 4058 par
813 3998 930 4044 erat
958 3990 1220 4060 ejusmodi
1255 4007 1536 4051 sermones
1568 3995 1730 4052 falsos
1754 4006 1810 4052 et
1835 4013 2000 4054 vanos

429 4081 734 4135 ostendere.
766 4079 872 4135 Sed
911 4082 1166 4137 adversus
1206 4083 1627 4141 calumniatores
1675 4087 1739 4141 ad
1765 4101 2000 4157 praesens

431 4167 558 4222 illud
584 4168 814 4223 dicimus
843 4187 856 4222 :
892 4169 1092 4224 Discite
1119 4170 1326 4236 audire,
1366 4172 1694 4241 angustiati,
1736 4173 1996 4243 suscipite

433 4254 836 4314 fundamentum
895 4261 1217 4314 sacramenti
1292 4265 1589 4316 secundum
1679 4261 1994 4328 Christum,

429 4349 601 4418 prima
631 4350 1045 4418 dispensationis
1078 4352 1322 4416 exordia,
1370 4361 1424 4408 et
1453 4353 1652 4423 ipsum,
1708 4365 1767 4410 ut
1807 4357 1880 4410 ita
1915 4354 1996 4410 di-

2112 545 2207 608 τάς
2251 545 2398 608 θείας
2435 543 2655 614 Γραφάς
2687 543 2862 608 οὐδεὶς
2909 544 2974 599 ἂν
3021 546 3117 616 οὐχ
3161 545 3581 618 ὁμολογήσειεν
3623 553 3684 606 οὐ

2112 636 2515 706 κεχωρισμένον
2563 636 2746 707 μέντοι
2798 635 2978 700 ἰδικῶς
3010 636 3294 708 ἄνθρωπον
3323 640 3388 692 ὲκ
3425 643 3686 708 γυναικὸς

2108 726 2202 779 τοῦ
2237 725 2371 778 Θεοῦ
2402 727 2612 799 Πατρὸς
2642 727 2836 796 Λόγου,
2886 728 2962 791 ὼς
3008 723 3147 783 εἶναι
3185 729 3244 782 τὸ
3272 732 3336 784 ὲκ
3368 732 3685 803 σπέρματος

2110 817 2272 871 Δαυῖδ
2311 819 2592 888 ἡνωμένον
2619 820 2960 890 ἀσυγχύτως,
3005 822 3324 892 ἀφράστως,
3353 824 3450 878 καὶ
3480 828 3683 898 ἀχωρί-

2112 925 2251 972 στως
2297 908 2374 979 τῷ
2407 912 2471 962 ἐκ
2505 909 2716 980 Πατρὸς
2747 910 2937 981 Λόγῳ,
2975 913 3235 983 ἀρχιερέα
3274 915 3681 984 πεπειραμένον

2110 997 2252 1050 κατά
2296 997 2472 1052 πάντα
2519 1000 2688 1070 χωρὶς
2727 999 3002 1070 ἁμαρτίας
3029 1039 3045 1064 ,
3074 1002 3170 1054 καὶ
3202 1001 3444 1072 μαθόντα
3473 1004 3568 1071 ἀφ’
3607 998 3685 1059 ὧν

2111 1087 2276 1140 ἔπαθε
2311 1089 2411 1159 τὴν
2439 1090 2708 1160 ὑπακοὴν,
2736 1093 3218 1162 προσκεκομικότα
3247 1093 3304 1147 δὲ
3335 1093 3412 1164 τῷ
3442 1093 3560 1164 Θεῷ
3588 1092 3681 1149 καὶ

2111 1180 2287 1251 Πατρ“ι
2313 1180 2409 1248 οὐχ
2440 1179 2584 1251 ὑπὲρ
2619 1180 2817 1235 ἑαυτοῦ
2836 1221 2850 1246 ,
2887 1181 3002 1234 ἀλλ’
3030 1183 3169 1254 ὑπὲρ
3199 1181 3354 1253 ἡμῶν
3386 1184 3557 1254 μόνων
3579 1185 3677 1256 τὴν

2112 1270 2290 1324 ἰδίανί
2331 1271 2526 1341 σάρκα.
2580 1271 2655 1324 Οὐ
2699 1272 2808 1344 γὰρ
2854 1272 3081 1344 ἀμαθῶς
3135 1275 3382 1346 φήσομεν
3417 1276 3506 1330 τὸν
3544 1276 3674 1329 Θεὸν

2109 1361 2281 1429 Λόγον
2331 1361 2592 1432 ἀρχιερέα
2618 1402 2634 1428 ,
2683 1363 2779 1416 καὶ
2824 1365 3321 1435 προσκεκομικέναι
3365 1367 3552 1420 ἑαυτὸν
3597 1367 3675 1437 τῷ

2109 1451 2226 1521 Θεῷ
2250 1453 2343 1505 καὶ
2373 1452 2546 1524 Πατρί
2566 1467 2579 1480 °
2602 1453 2662 1506 οῦ
2685 1453 2793 1525 γὰρ
2820 1455 2918 1526 τῆς
2942 1455 3034 1508 τοῦ
3064 1457 3404 1525 Μονογενοῦς
3425 1458 3679 1529 θεότητος

2103 1541 2239 1604 Θεὸς
2270 1545 2295 1594 ὁ
2324 1542 2530 1613 Πατὴρ,
2567 1543 2703 1598 ἀλλά
2731 1545 2939 1616 Πατήρ.

2571 1674 2877 1741 Ἀπολογία
2910 1676 3232 1743 Κιιρίλλου.

2191 1787 2314 1838 Ἐπὶ
2348 1784 2540 1856 καιροῦ
2580 1785 2644 1857 δὴ
2699 1785 2858 1840 πάλιν
2891 1787 3343 1860 εἰρήσεται“πρὸς
3371 1790 3532 1862 ήμῶν
3570 1796 3677 1855 τοῖς

2104 1881 2170 1934 δι’
2203 1881 2450 1946 ἐναντίας
2469 1899 2483 1914 ·
2523 1900 2542 1934 ι
2566 1882 2712 1946 Ἕως
2741 1883 2872 1936 πότε
2907 1882 3194 1953 χωλανεῖτε
3223 1884 3309 1936 ἐπ’
3341 1873 3679 1956 ἀμφοτέραις

2103 1975 2224 2036 ταῖς
2272 1972 2481 2039 ἰγνύαις
2534 1973 2718 2043 ὑμῶν;
2756 1992 2774 2024 ι
2817 1973 2938 2045 Χρὴ
2991 1974 3100 2045 γὰρ
3146 1974 3290 2044 ὑμᾶς
3345 1975 3517 2045 ὑγιῆί
3585 1976 3681 2030 καὶ

2105 2067 2307 2137 ἀρτίως
2337 2063 2528 2137 ἔχοντα
2555 2068 2690 2138 πρὸς
2720 2067 2924 2138 εἴδησιν
2950 2067 3156 2139 ἀκριϐῆ
3186 2069 3286 2140 τῆς
3315 2069 3534 2131 εὐθείας
3567 2068 3682 2122 τῶν

2105 2158 2389 2229 δογμάτων
2415 2158 2560 2230 ἔχειν
2588 2158 2679 2212 τὸν
2711 2158 2855 2224 νοῦν,
2914 2161 2974 2213 οὑ
3016 2163 3137 2224 ταῖς
3170 2160 3440 2230 διψυχίαις
3471 2160 3680 2230 χωλεύ-

2105 2267 2252 2315 οντα,
2283 2252 2376 2303 καὶ
2406 2250 2542 2303 πολὺ
2575 2249 2832 2304 νοσοῦντα
2854 2249 2914 2304 τὸ
2941 2250 3157 2317 ἄναλκι,
3185 2251 3280 2305 καὶ
3309 2250 3447 2322 ὀρθὰ
3477 2249 3680 2320 βαίνειν

2104 2341 2204 2394 οὐκ
2245 2341 2603 2412 ἀνεχόμενονο
2649 2362 2668 2393 ι
2691 2341 3092 2406 Ἀκατάστατος
3137 2343 3248 2414 γὰρ
3297 2344 3325 2396 ὁ
3369 2342 3587 2412 δίψυχος
3619 2343 3679 2394 ἐν

2107 2434 2308 2495 πάσαις
2340 2435 2462 2497 ταῖς
2487 2434 2629 2498 ὁδοῖς
2661 2433 2848 2498 αὐτοῦ,
2875 2435 2974 2491 καὶ
3011 2435 3112 2488 οὐκ
3158 2435 3224 2489 ἀν
3255 2452 3306 2487 τι
3342 2433 3490 2487 λάϐοι
3524 2433 3677 2504 παρά

2105 2522 2198 2575 τοῦ
2224 2523 2450 2597 Κυρίου.
2484 2543 2503 2576 ι
2531 2527 2641 2581 Καὶ
2687 2526 2860 2580 ταῦτά
2897 2544 3038 2598 φημι
3061 2565 3076 2590 ,
3125 2523 3488 2596 τεθαυμακὼς
3538 2525 3678 2592 ἀγαν

2103 2616 2228 2680 τοὺς
2263 2617 2289 2655 ιι
2326 2617 2393 2670 δι’
2419 2617 2667 2682 ἐναντίας
2718 2617 2983 2688 ἀναίδηνι
3032 2617 3176 2671 οῦτω
3229 2617 3320 2670 καὶ
3369 2616 3677 2688 προαλῶςυι

2105 2707 2458 2778 ἐπιπλήττειν
2499 2709 2780 2772 ἐθέλοντας
2807 2708 2885 2779 τῷ
2919 2709 3269 2779 προκειμένῳ
3301 2708 3395 2761 καὶ
3423 2706 3520 2760 νῦν
3549 2707 3676 2760 ἀνα·

2107 2796 2449 2868 θεματισμῷ.
2477 2799 2588 2852 Καὶ
2614 2798 2675 2852 τὸ
2712 2798 2941 2863 ἀπεικὸς
2974 2800 3148 2862 οὐδὲν,
3179 2800 3228 2851 εἰ
3267 2798 3341 2869 μὴ
3365 2797 3674 2867 βούλοιντοιι

2104 2889 2195 2943 τὸν
2226 2891 2289 2941 ὲκ
2324 2889 2459 2942 Θεοῦ
2492 2890 2704 2960 Πατρὸς
2732 2890 2903 2958 Λόγον
2950 2888 3307 2959 ὀνομάζεσθαι
3351 2888 3492 2958 πρὸς
3525 2886 3674 2958 ἡμῶν

2105 2981 2400 3035 ἀπόστολον
2440 2982 2535 3034 καί⁵
2585 2981 2846 3052 ἀρχιερέα
2879 2982 2978 3051 τῆς
3005 2983 3295 3052 ὁμολογίας
3327 2983 3358 3050 ἡ
3370 2980 3508 3049 μῶν,
3539 2980 3619 3031 ὅτε
3641 2985 3667 3013 ο

2105 3069 2328 3137 γέγονεν
2375 3067 2676 3138 ἄνθρωπος.
2719 3071 2782 3124 Ol
2829 3070 2937 3140 γὰρ
2981 3071 3118 3134 ὅλως
3155 3069 3254 3140 τὴν
3301 3069 3443 3121 κατὰ
3500 3068 3668 3136 σάρκα

2105 3163 2355 3231 γέννησιν
2405 3160 2568 3215 αὑτοῦ
2605 3163 2959 3230 συκοφαντεῖν
2993 3159 3362 3232 πειρώμενοι,
3405 3161 3501 3213 καί.
3543 3158 3674 3212 ams.

2104 3253 2319 3324 ϐλητον,
2354 3255 2430 3317 ὼς
2477 3254 2576 3306 οὐκ
2623 3253 2837 3324 ἀληθῆ,
2884 3253 3109 3324 ποιῆσαι
3141 3252 3546 3324 τολμήσαντες,
3577 3251 3675 3304 οὐκ

2103 3343 2418 3414 ἀνεχόμενοι
2444 3360 2504 3396 τε
2533 3343 2792 3397 Θεοτόκον
2819 3345 2991 3397 εἰπεῖν
3032 3344 3129 3414 τὴν
3175 3343 3336 3412 ἀγίαν
3375 3342 3678 3415 Παρθένον,

2104 3436 2220 3498 πῶς
2247 3435 2306 3486 οὐ
2331 3435 2762 3506 παραιτήσονται
2790 3434 2888 3504 τῆς
2914 3434 3223 3504 οἰκονομίας
3253 3435 3378 3498 τοὺς
3405 3435 3675 3503 τρόπους;

2115 3525 2484 3579 ’Λκουέτωσαν
2534 3527 2714 3578 τοίνυν
2774 3525 2834 3577 τὸ
2877 3524 2965 3578 διά
3014 3525 3116 3594 τῆς
3175 3525 3356 3596 φωνῆς
3412 3524 3673 3577 Ἠσατοιν

2109 3635 2127 3667 ι
2174 3617 2299 3669 Ἐὰν
2335 3617 2410 3688 μὴ
2435 3616 2782 3686 πιστεύσητε,
2812 3614 2920 3668 οὐδ’
2952 3615 3012 3668 οὐ
3047 3617 3121 3686 μὴ
3154 3616 3374 3686 συνῆτε.
3415 3633 3433 3666 ι
3483 3615 3541 3667 '0
3576 3614 3679 3682 μὲν

2101 3708 2211 3779 γὰρ
2257 3708 2540 3772 θεσπέσιος
2586 3706 2978 3778 εὐαγγελιστὴς
3009 3707 3263 3778 Ἰωάννης
3299 3707 3442 3778 μέγα
3469 3724 3521 3758 τι
3579 3707 3676 3759 καὶ

2101 3797 2334 3861 ἐξαίσιον
2367 3797 2766 3867 κατεϐρόντησε
2795 3798 2909 3860 τοῖς
2942 3796 3034 3849 ὑπ’
3079 3796 3324 3866 οὐρανὸν,
3367 3795 3548 3866 σάρκα
3586 3794 3675 3847 λέ-

2102 3903 2213 3955 γων
2252 3885 2583 3957 γεγενῆσθαι
2616 3886 2710 3939 τὸν
2738 3886 2929 3954 Λόγον.
2965 3888 3027 3939 Οἱ
3057 3886 3114 3940 δὲ
3145 3886 3246 3956 τῆς
3279 3885 3538 3954 ἀληθείας
3569 3884 3678 3955 τὴν

2100 3976 2327 4046 δύναμιν
2364 3973 2814 4042 ὑποκλέπτοντες,
2844 3973 2987 4028 οὕτω
3013 3976 3192 4046 σάρκα
3217 3974 3470 4043 γενέσθαι
3503 3974 3676 4044 φασὶν

2101 4068 2282 4131 αὑτὸν,
2315 4067 2390 4130 ὡς
2435 4067 2500 4133 ἂν
2532 4067 2703 4120 νοοῖτο
2731 4065 2985 4134 γενέσθαι
3019 4064 3234 4135 κατάρα
3263 4065 3358 4118 καὶ
3401 4063 3671 4135 ἁμαρτία.

2100 4161 2211 4211 Καὶ
2239 4158 2371 4230 περὶ
2403 4157 2501 4227 μὲν
2528 4157 2732 4210 τούτων
2761 4156 2864 4226 ἤδη
2898 4156 3202 4225 φθάσαντες
3229 4157 3454 4226 εἴπομεν
3476 4195 3490 4220 ,
3525 4155 3678 4226 ἅπερ

2097 4249 2164 4322 ἦν
2196 4253 2342 4314 εἰκὸς
2373 4252 2537 4304 ἕωλον
2565 4252 2746 4314 αὐτοῖς
2768 4251 3089 4320 ἀποφαίνειν
3113 4249 3371 4306 δύνασθαι
3404 4248 3496 4302 τὸν
3519 4247 3577 4300 ἐν
3605 4263 3672 4314 γε

2097 4344 2334 4397 τουτοισί
2379 4343 2555 4411 λόγον.
2594 4341 2737 4412 Πρὸς
2764 4341 2822 4394 δέ
2863 4357 2926 4409 γε
2962 4341 3090 4403 τοὺς
3133 4341 3437 4409 φιλαιτίους
3483 4339 3563 4400 είς
3607 4337 3680 4390 τὸ

428 4455 570 4504 cam,
615 4441 918 4509 ingressum
956 4459 969 4495 :
1015 4443 1218 4497 credite
1269 4437 1547 4500 nobiseum
1585 4485 1600 4511 ,
1661 4446 1771 4500 imo
1823 4447 1996 4502 sacris

2105 4435 2270 4506 παρὸν
2305 4434 2478 4488 ἐκεῖνό
2526 4450 2740 4503 φαμεν·
2775 4433 2992 4488 Μάθετε
3034 4433 3274 4501 ἀκούειν,
3306 4430 3677 4503 στενοχωρού-

432 4527 758 4598 Scripturis;
799 4528 945 4592 date,
973 4530 1096 4584 date
1141 4531 1384 4586 veritatis
1411 4532 1703 4600 calculum,
1734 4534 1994 4590 conﬁten-

2105 4544 2254 4598 μενοι
2270 4545 2282 4558 ·
2305 4525 2666 4589 καταδέξασθε
2688 4525 2782 4578 τοῦ
2817 4526 2960 4580 κατά
2986 4525 3223 4598 Χριστὸν
3255 4525 3559 4597 μυστηρίου
3583 4522 3678 4575 τὸν

431 4629 512 4672 tes
547 4620 688 4686 quod
732 4621 848 4690 ipse
894 4619 1214 4690 Unigenitus
1256 4622 1347 4678 Dei
1399 4623 1658 4688 Verbum,
1695 4625 1784 4693 qui
1823 4633 1906 4680 est
1940 4625 1992 4679 in

2105 4617 2372 4686 θεμέλιον,
2417 4615 2516 4685 τῆς
2553 4615 2863 4686 οἰκονομίας
2908 4616 3006 4679 τάς
3053 4616 3278 4688 πρώτας
3326 4614 3540 4687 ἀρχὰς,
3581 4613 3678 4666 καὶ

429 4710 553 4762 sinu
595 4709 792 4775 Patris,
829 4728 924 4781 per
955 4729 1113 4782 quem
1157 4715 1358 4780 omnia,
1393 4724 1446 4770 et
1483 4716 1534 4770 in
1577 4731 1685 4785 quo
1721 4717 1900 4770 omnia
1920 4716 1989 4780 ",

2105 4707 2286 4778 αὐτὴν,
2335 4708 2402 4760 ἵν’
2451 4706 2623 4770 οὕτως
2667 4708 2825 4774 εἴπω,
2873 4708 2972 4778 τὴν
3009 4708 3292 4777 εἰσϐολήν·
3339 4705 3677 4760 ’πιστεύσατε

430 4796 603 4851 factus
627 4798 698 4851 sit
726 4814 872 4862 caro,
909 4816 1012 4855 non
1044 4817 1237 4870 passus
1263 4806 1704 4871 conversionem,
1733 4807 1815 4860 vel
1847 4820 1993 4860 com-

2105 4801 2218 4871 μεθ’
2253 4800 2426 4872 ἡμῶν,
2463 4798 2661 4868 μᾶλλον
2686 4798 2741 4851 δὲ
2765 4801 2875 4862 τοῖς
2907 4800 3072 4870 ἱεροῖς
3104 4799 3400 4870 Γράμμασι
3422 4814 3436 4826 ·
3462 4796 3582 4850 δότε
3606 4794 3679 4865 δὴ

431 4887 766 4953 mistionem,
811 4892 904 4945 sed
951 4906 1161 4962 semper
1210 4897 1477 4952 exsistens
1530 4898 1633 4952 hoc
1691 4898 1987 4953 secundum

2105 4894 2194 4964 τῆς
2227 4892 2488 4962 ἀληθείας
2523 4891 2620 4960 τὴν
2651 4890 2853 4960 ψῆφον,
2905 4889 3294 4960 ὁμολογοῦντες
3329 4890 3414 4942 ὅτι
3446 4886 3606 4948 αὐτὸς
3645 4887 3680 4940 ὁ

320 4990 324 4992 '
429 4988 708 5043 naturam,
736 4983 880 5049 quod
915 4993 1054 5049 erat,
1105 4995 1159 5039 et
1189 4995 1293 5050 est,
1324 4998 1375 5042 et
1393 4984 1530 5044 'erit.
1569 4989 1768 5043 Factus
1808 4999 1988 5044 autem

2105 4986 2394 5056 μονογενὴς
2424 4984 2518 5037 τοῦ
2545 4984 2680 5037 Θεοῦ
2710 4984 2900 5051 Λόγος,
2935 4985 2963 5035 ό
2992 4986 3048 5036 ἐν
3076 4983 3294 5044 κόλποις
3323 4980 3398 5034 ὢν
3427 4978 3522 5033 τοῦ
3561 4979 3678 5032 Πα-

426 5080 509 5123 est
551 5085 712 5137 caro,
763 5074 1100 5130 nativitatem
1150 5078 1328 5133 ferens
1381 5094 1445 5133 ex
1505 5090 1692 5134 sancta
1740 5081 1992 5150 Virgine,

497 5221 539 5253 ¹⁴⁵
573 5222 730 5277 llebr.
761 5241 831 5289 tv,
859 5225 942 5279 i5.
1045 5226 1088 5258 ¹⁰
1119 5225 1178 5278 Ill
1219 5227 1346 5289 Reg.
1387 5245 1538 5289 xvm,
1583 5229 1671 5282 21.
1744 5230 1784 5260 ²¹
1816 5228 1933 5282 Jac.
1972 5245 2004 5289 ι,

2180 5233 2222 5261 ²²
2257 5229 2354 5284 lsa.
2395 5247 2492 5289 vtt,
2527 5231 2580 5284 9.
2659 5231 2704 5261 "
2731 5230 2884 5284 .Iuan.
2921 5248 2956 5289 ι,
2996 5229 3082 5283 Η.
3165 5228 3209 5257 ’⁵
3247 5225 3428 5280 Galat.
3463 5241 3548 5286 ιιι,
3584 5224 3672 5276 15.

1045 5226 1088 5258 ¹⁰
1119 5225 1178 5278 Ill
1219 5227 1346 5295 Reg.
1387 5245 1538 5292 xvm,
1583 5229 1671 5282 2|.

423 5291 469 5321 η
503 5291 539 5344 ιι
571 5293 696 5346 Cor.
724 5309 781 5361 ν,
809 5295 896 5348 ει.

989 5296 1033 5326 ²⁶
1063 5296 1077 5350 Ι
1105 5297 1229 5350 Cor.
1269 5312 1381 5363 ιἰιι,
1413 5299 1464 5349 6.

1744 5230 1784 5260 ²¹
1816 5228 1933 5282 Jac.
1972 5245 2008 5292 ι,
2048 5229 2101 5283 8.
2180 5233 2222 5261 “
2257 5229 2354 5284 lsa.
2395 5247 2492 5292 vtt,
2527 5231 2580 5284 9.
2659 5231 2704 5261 "
2731 5230 2884 5284 .Iuan.
2921 5248 2956 5292 ι,
2996 5229 3082 5283 Η.

2180 5233 2222 5261 ²²
2257 5229 2354 5284 lsa.
2395 5247 2492 5293 vtt,
2527 5231 2580 5284 9.

1485 5449 1658 5503 Variae
1686 5449 1952 5504 lectiones
1983 5463 2048 5504 ex
2072 5449 2260 5504 codice
2290 5447 2661 5518 chuieriano.

498 5609 512 5680 ξ
549 5603 771 5657 οἰκείαν.
861 5603 874 5651 i
906 5608 1051 5671 ὑγιεῖ.
1131 5608 1156 5646 ιι
1188 5605 1507 5676 τεθαύμακα
1540 5606 1645 5674 γὰρ
1684 5606 1821 5673 ἄγαν
1856 5605 1996 5669 τούς.
2084 5606 2097 5643 ¹
2133 5607 2348 5677 ἀνέδην.
2426 5619 2462 5644 π’
2492 5609 2788 5679 προδήλως,
2819 5611 2848 5680 ἢ
2891 5608 3204 5679 προφανῶς.
3277 5613 3302 5642 η
3338 5605 3670 5674 βούλωνται.

425 5683 449 5710 ο
488 5674 590 5726 ὅτι.

2104 5080 2247 5148 τρος,
2277 5080 2306 5130 ὁ
2338 5080 2404 5130 δι’
2435 5071 2493 5130 οὗ
2519 5076 2587 5129 τά
2617 5076 2793 5129 πάντα
2814 5115 2829 5140 ,
2856 5077 2950 5128 καὶ
2983 5077 3040 5129 ὲν
3065 5069 3109 5142 ᾧ
3142 5078 3209 5128 τὰ
3251 5075 3451 5137 πάντα,
3483 5069 3676 5139 γέγονε
3769 5103 3774 5114 ι
