4014 6128
294 221 404 309 εει

910 213 1444 301 APOLOGETICUS
1480 235 1618 296 eno
1656 236 1752 294 xu
1790 236 2154 295 CAPITIBUS
2192 236 2473 295 comas
2513 238 2982 299 ORIENTALES.
3066 272 3075 287 ι

3450 212 3561 308 sse

302 362 472 434 σάρξ·
502 359 566 416 ού
600 354 830 431 τροπὴν,
856 356 891 428 ἢ
931 357 1145 430 φυρμὸν
1175 354 1471 427 ὑπομείνας
1495 393 1512 419 ,
1547 354 1661 409 ἀλλ’
1692 353 1769 409 ὣν
1794 354 1882 410 ἀεὶ

1995 354 2282 417 secundum
2317 369 2563 423 carnem,
2596 356 2842 427 inquam,
2892 364 2949 413 et
2989 357 3290 428 appellatus
3331 360 3555 437 [factus]

301 451 463 506 τοῦτο
511 448 653 506 κατὰ
691 447 870 518 φύσιν,
907 446 1045 515 ὅπερ
1072 440 1143 517 ἦν
1169 461 1252 509 τε,
1290 444 1383 498 καὶ
1416 442 1555 506 ἐστι,
1587 443 1682 496 καὶ
1708 441 1882 499 ἔσται.

301 544 505 613 Γέγονε
541 541 598 595 δὲ
634 537 806 610 σὰρξ,
854 537 1109 608 γέννησιν
1160 536 1463 607 ὑπομείνας
1495 537 1560 590 ὲκ
1584 537 1684 606 τῆς
1723 534 1885 603 ἁγίας

307 633 614 705 Παρθένου,
637 632 733 702 τήν
762 628 903 684 κατὰ
930 629 1111 700 σάρκα
1138 627 1281 699 φημί
1302 644 1316 658 '
1345 628 1442 681 καὶ
1476 625 1885 698 κεχρημάτικεν

312 724 444 788 Υἱὸς
466 721 765 794 ἀνθρώπου,
791 722 887 775 καὶ
916 719 1319 792 παραπλησίως
1348 719 1483 790 ήμῖν
1515 718 1778 790 μετέσχεν
1809 716 1888 770 αἴ-

314 831 488 885 ματος
529 813 619 867 καὶ
658 813 878 885 σαρκός.
929 810 1088 864 Οῦτω
1134 808 1535 879 διατιθεμένοις
1555 818 1605 875 ιτ,
1653 809 1749 862 καὶ
1785 809 1886 879 τὴν

317 904 455 959 οὕτω
494 903 690 976 σεπτὴν
724 905 818 958 καὶ
845 902 1220 974 ἀληθεστάτην
1245 900 1430 954 πίστιν
1461 899 1884 970 είσδεξαμένοις,

318 999 484 1053 πάντα
507 1001 752 1068 φανεῖται
788 999 857 1053 τὰ
877 997 1076 1068 ἐφεξῆς
1113 995 1323 1067 βάσιμά
1351 1010 1433 1058 τε,
1463 993 1558 1048 καὶ
1584 992 1884 1064 ίππήλατα,

315 1090 402 1143 καὶ
421 1088 568 1144 οὐδὲν
597 1089 829 1155 ἄναντες
854 1089 887 1160 ἢ
916 1086 1113 1160 τραχύ.
1134 1086 1449 1158 Γέγραπται
1470 1084 1577 1157 γὰρ
1603 1085 1684 1138 ὅτι
1706 1084 1885 1139 πάντα

309 1180 511 1234 ἐνώπια
559 1184 693 1245 τοῖς
730 1180 1014 1244 συνιοῦσι,
1063 1179 1159 1233 καὶ
1206 1177 1343 1250 ὀρθᾲ
1394 1179 1509 1240 τοῖς
1570 1174 1887 1246 εὑρίσκουσι

308 1272 526 1342 γνῶσιν.
561 1265 777 1344 Χρῆναι
814 1273 874 1326 δὲ
920 1266 1074 1342 οἴμαι
1122 1270 1216 1325 καὶ
1246 1268 1342 1324 νῦν
1372 1268 1522 1340 ἡμᾶς
1569 1266 1669 1339 τὴν
1708 1267 1887 1355 αἰτίαν

307 1365 499 1431 εἰπεῖν,
527 1365 599 1419 δι’
623 1365 691 1436 ἢν
720 1363 902 1418 αἰτίαν
924 1363 1145 1433 γέγονεν
1166 1363 1195 1415 ό
1215 1360 1677 1432 άναθεματισμός.
1695 1360 1753 1413 '0
1777 1360 1887 1431 γάρ

308 1473 392 1509 τοι
423 1457 604 1512 πάντα
648 1457 964 1527 διακινήσας
988 1494 1004 1520 ,
1036 1453 1147 1508 ἄνω
1184 1470 1244 1507 τε
1279 1453 1375 1506 καὶ
1416 1453 1569 1507 κάτω
1600 1453 1672 1507 τὰ
1708 1452 1887 1507 πάντα

310 1549 551 1619 συγχέας
584 1548 882 1620 Νεστόριος
909 1546 1011 1617 ἔφη
1033 1563 1087 1599 τι
1113 1545 1351 1600 τοιοῦτον
1380 1544 1516 1617 περὶ
1539 1543 1635 1599 τοῦ
1666 1544 1884 1600 πάντων

309 1642 342 1711 ἡ
352 1641 471 1711 μῶν
504 1639 759 1711 Σωτῆρος
791 1637 1058 1710 Χριστοῦ·
1092 1637 1430 1710 (Ἃπεστάλη
1462 1635 1696 1708 κηρύξαι
1726 1636 1887 1707 αίχμ-

1987 457 2073 504 est
2101 447 2273 504 Filius
2298 448 2554 515 hominis,
2584 456 2638 502 et
2667 448 2923 504 similiter
2947 456 3007 503 ut
3029 463 3129 505 nos
3155 451 3429 524 particeps
3457 455 3558 510 fuit

1986 538 2267 610 sanguinis
2296 548 2349 594 et
2394 541 2578 593 carnis
2599 538 2669 593 ’⁷.
2719 537 2812 595 Sic
2843 537 3191 606 habentibus,
3226 549 3282 598 et
3324 552 3434 598 tam
3466 560 3557 599 ve-

1987 630 2321 696 nerandam,
2375 628 2825 702 verissimamque
2874 630 3034 687 ﬁdem
3080 632 3558 704 amplexantibus,

1987 720 2170 776 omnia
2201 720 2457 792 deinceps
2487 723 2823 792 apparebunt
2855 725 3039 795 pervia
3086 734 3143 781 et
3171 726 3353 798 plana,
3385 738 3440 784 et
3476 728 3558 783 ni-

1987 808 2062 865 hil
2095 824 2317 880 prorsus
2359 825 2610 882 asperum
2633 820 2689 868 et
2716 814 2965 870 arduum.
2994 813 3266 885 Scriptum
3295 827 3377 875 est
3410 820 3557 875 enim

1987 901 2129 971 quod
2159 902 2339 957 omnia
2365 904 2647 975 perspicua
2686 914 2813 960 sunt
2846 902 3296 978 intelligentibus,
3331 918 3387 965 et
3410 920 3559 966 recta

1988 988 2388 1050 invenientibus
2451 996 2734 1052 scientiam
2762 986 2829 1052 ’δε
2882 997 3089 1069 Opinor
3136 1009 3317 1057 autem
3379 1018 3560 1073 opera:

1987 1083 2218 1152 pretium
2276 1084 2418 1151 fore,
2462 1086 2509 1142 si
2552 1094 2696 1145 nunc
2726 1104 2940 1160 quoque
2972 1105 3191 1146 causam
3227 1107 3563 1163 exponamus

1987 1181 2205 1244 propter
2230 1190 2388 1246 quam
2418 1177 2592 1234 factus
2620 1189 2704 1235 est
2734 1181 3249 1241 anathematlsmus.
3275 1182 3559 1243 Nestorius

1988 1261 2159 1326 enim,
2188 1265 2282 1334 qui
2320 1267 2502 1320 omnia
2539 1267 2897 1338 perturbairit,
2928 1277 2983 1326 et
3020 1271 3203 1327 Omnia
3237 1280 3439 1343 susque
3468 1275 3565 1331 de-

1987 1347 2096 1424 que
2142 1355 2404 1423 confudit,
2459 1358 2565 1413 tale
2606 1359 2861 1429 quiddam
2901 1360 2969 1417 de
3019 1364 3262 1418 omnium
3312 1366 3561 1420 nostrum

1989 1436 2271 1499 Salvatore
2313 1443 2531 1503 Christo
2571 1446 2831 1503 dicebat:
2873 1448 3094 1521 (Missus
3121 1458 3205 1507 est
3248 1454 3316 1509 ad
3370 1455 3565 1524 praedi-

1988 1530 2221 1585 candum
2271 1533 2505 1603 captivis
2559 1537 2932 1596 remissionem
2956 1541 3037 1609 ",
3090 1539 3178 1599 hic
3230 1543 3403 1601 ﬁdelis
3452 1545 3563 1602 Deo

1988 1617 2164 1677 factus
2189 1623 2451 1692 pontifex.
2477 1626 2678 1685 Factus
2709 1636 2793 1685 est
2840 1631 2987 1686 enim
3017 1631 3125 1699 hic,
3167 1648 3275 1688 non
3303 1644 3565 1705 perpetuo

310 1727 541 1793 αλώτοις
578 1728 785 1798 ἄφεσιν,
805 1724 957 1792 οὗτος
987 1729 1015 1782 0
1049 1728 1237 1791 πιστὸς
1262 1725 1341 1797 τῷ
1373 1724 1494 1797 Θεῷ
1522 1725 1888 1797 πεποιημένος

1995 1720 2110 1767 erat
2140 1730 2156 1769 :
2183 1713 2271 1771 hic
2293 1716 2553 1785 paulatim
2591 1720 2657 1774 ad
2685 1720 2962 1789 pontiﬁcis
3008 1722 3333 1793 dignitatem
3366 1741 3562 1796 prove-

311 1818 625 1890 ἆρχιερεύς.
669 1818 915 1887 Ἐγένετο
943 1819 1052 1890 γὰρ
1080 1813 1254 1883 οὗτος,
1282 1818 1383 1871 οῦκ
1404 1816 1590 1880 άῖδίως
1610 1812 1710 1888 ἦν’
1730 1808 1888 1879 οὗτος

311 1912 342 1964 ό
396 1910 538 1965 κατὰ
577 1911 771 1983 μικρὸν
796 1914 878 1975 εἰς
923 1910 1257 1982 ἀρχιερέως,
1304 1908 1569 1980 αἱρετικὲ,
1604 1907 1888 1981 προκόψας

312 2003 574 2074 ἀξίωμα.)
609 2004 812 2073 Ἕτερα
833 2012 861 2052 ς
888 2002 947 2056 δὲ
990 2000 1201 2063 τούτοις
1227 1998 1462 2069 ἀδελφὴν
1491 1997 1767 2079 ὠδίνοντα.
1786 1997 1887 2068 τὴν

310 2092 567 2147 άσέόειαν
597 2091 939 2161 προσεπάγει
970 2089 1160 2143 πολλά.
1190 2088 1287 2151 Τίς
1330 2083 1421 2142 οῦν
1444 2088 1554 2158 ἄρα
1581 2086 1689 2141 τῶν
1717 2084 1890 2150 οὕτως

309 2183 556 2255 αίσχρῶν
590 2181 902 2245 ἐπακούσας
929 2180 1127 2250 λόγων,
1174 2179 1235 2233 οὐ
1294 2178 1470 2233 πάντα
1500 2178 1565 2232 ἂν
1593 2178 1766 2232 ἕλοιτο
1796 2194 1892 2231 πα-

311 2274 444 2342 θεῖν,
476 2276 508 2346 ἧ
546 2275 643 2347 τήν
688 2274 766 2346 τῷ
796 2273 916 2346 Θεῷ
949 2270 1431 2342 κατεστυγημένην
1481 2270 1767 2340 ἀγαπῆσαι
1806 2287 1890 2324 σι-

311 2369 447 2441 γήν;
488 2368 787 2423 Ἀπέθανεν
846 2368 988 2437 ὑπὲρ
1032 2364 1188 2437 ήμῶν
1230 2365 1259 2417 ό
1304 2364 1574 2436 Χριστὸς,
1628 2364 1893 2435 αἰσχύνης

312 2456 770 2530 καταφρονήσαςο
823 2457 1056 2529 σταυρὸν
1109 2456 1404 2526 ὑπέμεινε,
1452 2456 1546 2510 καὶ
1601 2454 1696 2509 τὸν
1747 2456 1891 2510 κατὰ

309 2552 497 2622 ,σάρκα
529 2551 784 2604 θάνατον.
814 2548 947 2603 Εἶτα
975 2549 1135 2618 ἡμεῖς
1163 2548 1283 2601 οὐδὲ
1306 2549 1430 2611 ταῖς
1457 2548 1539 2610 είς
1568 2546 1762 2615 λόγους
1799 2547 1891 2599 εύ-

315 2638 491 2701 νοίαις
520 2636 869 2707 ἀμειψόμεθα
913 2636 1003 2690 τὸν
1029 2636 1357 2707 εὐεργέτηνς
1404 2635 1517 2689 ἀλλ’
1553 2636 1734 2706 ήσυχῆ
1769 2636 1893 2690 καθ-

320 2729 440 2781 εδού
451 2728 728 2798 μεθα,τῶν
748 2726 920 2791 οὕτως
937 2727 1179 2781 ἐκτόπων
1198 2726 1516 2798 δυσφημιῶν
1532 2726 1888 2797 ἀκροώμενοι,

322 2820 356 2890 ἢ
386 2820 527 2890 τάχα
556 2836 658 2873 που
682 2819 778 2873 καὶ
803 2818 1147 2890 μεριζόμενοι
1166 2819 1262 2888 τῆς
1284 2818 1406 2872 κατ’
1426 2816 1588 2872 αὑτοῦ
1610 2819 1889 2888 γλωσσαλ-

322 2909 447 2977 γίας
469 2911 536 2962 τὰ
558 2909 914 2979 ὲγκλήματα;
946 2908 1009 2960 Τί
1031 2906 1154 2977 φής,
1178 2901 1223 2959 ὧ
1242 2897 1425 2973 0570;;
1451 2905 1791 2979 Προέκοπτεν
1810 2909 1891 2971 είς

316 2997 581 3068 ἀρχιερέα
638 2995 992 3067 καταδραχύ;
1045 2996 1154 3048 Καί
1214 3012 1295 3048 τοι
1340 2996 1643 3051 κεκένωκεν
1698 2996 1890 3052 ἑαυτὸν

315 3086 448 3148 Θεὸς
485 3085 561 3139 ὢν
590 3088 619 3138 ό
652 3087 824 3154 Λόγος
844 3102 859 3117 ·
887 3084 1046 3138 ἔλαϐε
1086 3084 1274 3138 δούλου
1307 3085 1520 3158 μορφήν
1544 3086 1573 3139 0
1604 3084 1891 3156 ἐλεύθερος

316 3178 456 3231 κατὰ
483 3177 646 3246 φύσιν
663 3194 677 3208 -
702 3176 1098 3249 τεταπείνωκεν
1124 3176 1313 3229 ἑαυτὸν
1346 3177 1375 3229 0
1399 3177 1600 3240 παντὸς
1633 3177 1894 3232 ἐπέκεινα

315 3268 604 3340 γεννητοῦ,
632 3269 727 3322 καὶ
759 3270 871 3331 τοῖς
893 3268 988 3338 τῆς
1013 3266 1265 3337 θεότητος
1292 3267 1546 3339 ἑπαυχῶν
1576 3267 1890 3339 ὑψώμασιν.

314 3361 379 3412 Ei
409 3360 466 3412 δὲ
500 3358 793 3430 προέκοψε,
822 3358 962 3411 κατὰ
988 3358 1107 3411 τίνα
1130 3357 1427 3412 κεκένωται
1450 3359 1654 3429 τρόπον
1676 3375 1689 3423 ;
1713 3358 1746 3429 ἢ
1778 3357 1895 3422 πῶς

316 3451 511 3504 ἑαυτὸν
565 3451 806 3520 καθῆκεν
857 3451 938 3512 εἰς
995 3449 1353 3514 ταπείνωσιν;
1407 3450 1585 3521 Τιμῆς
1633 3450 1743 3522 ἄρα
1797 3448 1896 3505 atat

315 3541 475 3612 δόξης
500 3540 652 3611 αύτῴ
678 3543 1088 3612 προμνήστριαν
1117 3539 1377 3605 γενέσθαι
1408 3539 1544 3609 φαίη
1573 3556 1659 3603 τις
1693 3539 1760 3593 ἂν
1792 3539 1893 3611 τὴν

317 3632 582 3696 κένωσινς
617 3624 751 3685 Εἶτα
781 3631 896 3694 πῶς
929 3631 1009 3683 ἔτι
1060 3629 1290 3692 κένωσις
1329 3630 1628 3702 πρόχρημά
1654 3636 1676 3667 τ
1710 3631 1893 3694 tactv;

331 3719 516 3786 una,
564 3721 674 3787 ναὶ,
731 3719 921 3791 φησιν,
970 3720 1018 3772 εἰ
1070 3719 1234 3782 αὐτὸς
1286 3721 1315 3772 0
1371 3723 1435 3773 ὲκ
1486 3720 1622 3773 Θεοῦ
1681 3719 1895 3790 Πατρὸς

316 3811 493 3879 Λόγος
523 3811 748 3880 γέγονεν
795 3810 1085 3882 ἀρχιερεὺς
1107 3849 1122 3874 ,
1170 3809 1254 3872 τίς
1297 3808 1407 3880 ἄρα
1456 3809 1605 3863 ἐστὶν
1636 3810 1662 3861 0
1693 3808 1897 3878 μείζων

318 3902 522 3967 αὐτοῦ,
566 3900 661 3954 καὶ¹
701 3900 802 3970 τῆς
860 3900 1166 3972 ἱερουργίας
1213 3899 1533 3971 λειτουργίᾳ,
1597 3898 1897 3969 θεραπευό-

322 4008 511 4062 μενος;
568 3992 777 4045 Οὐκοῦν
828 3991 939 4062 ἐρῶ
990 3991 1054 4061 δή
1111 4007 1164 4043 τι
1214 3990 1407 4044 πάλιν’
1465 3990 1761 4042 Πίστευσον
1816 3990 1897 4043 ὅτι

322 4084 505 4135 καίτοι
551 4081 683 4146 Θεὸς
747 4083 889 4136 κατὰ
941 4080 1102 4151 φύσιν
1146 4080 1439 4152 ὑπάρχων,
1482 4082 1576 4134 καὶ
1617 4080 1676 4133 ὲν
1715 4081 1897 4150 μορφῆ

317 4173 416 4228 τοῦ
471 4174 682 4244 Πατρὸς
725 4174 754 4226 0
807 4174 970 4238 Υἱὸς,
1020 4173 1117 4243 οὐχ
1177 4172 1475 4244 ἁρπαγμὸν
1530 4173 1776 4243 ἡγήσατο
1837 4172 1899 4224 τὸ

321 4261 463 4317 εἶναι
540 4264 629 4317 ίσα
684 4262 802 4334 Θεῷ
832 4304 849 4327 ,
888 4263 1028 4338 ,ἀλλ’
1085 4263 1277 4317 ἑαυτὸν
1335 4261 1612 4328 ὲκένωσε,
1685 4260 1899 4333 μορφὴν

1991 1813 2131 1871 ctus,
2162 1805 2461 1879 haeretice.)
2507 1809 2782 1882 Multaque
2821 1812 2926 1868 alia
2974 1814 3060 1870 his
3098 1816 3435 1872 consimilem
3476 1833 3565 1888 pa-

1990 1896 2185 1952 rientia
2244 1898 2575 1981 impietatem
2629 1903 2892 1975 adjungit.
2945 1904 3079 1973 Quis
3125 1907 3313 1979 igitur,
3363 1910 3566 1966 auditis

1992 1995 2101 2041 tam
2149 1987 2308 2046 {mdis
2351 1992 2715 2057 sermonibus,
2773 1994 2937 2065 188
2979 2010 3084 2050 non
3144 1995 3329 2053 mallet
3381 2000 3565 2056 omnia

1992 2077 2125 2147 pati,
2169 2093 2331 2149 quam
2390 2081 2659 2137 silentium
2695 2083 2808 2140 Deo
2847 2096 3075 2141 exosum
3120 2081 3381 2159 diligere?
3423 2086 3564 2158 Dior-

1993 2174 2115 2221 tnus
2146 2176 2230 2223 est
2257 2182 2356 2239 pro
2388 2171 2545 2227 nobis
2587 2171 2857 2239 Christus,
2892 2164 3267 2233 confusionem
3317 2178 3564 2236 contem-

1994 2257 2100 2327 psit
2117 2258 2184 2325 ”,
2204 2275 2421 2318 crucem
2441 2274 2497 2318 et
2514 2273 2743 2321 mortem
2777 2266 2900 2323 tulit
2921 2269 3219 2325 secundum
3241 2284 3484 2340 carnem,
3505 2278 3565 2329 et

1994 2363 2092 2404 nos
2126 2349 2455 2408 benefactori
2484 2364 2671 2410 nostro
2696 2370 2763 2411 ne
2782 2357 3057 2414 sermonis
3086 2358 3301 2428 quidem
3328 2361 3562 2420 oﬁicium

1992 2449 2148 2511 grato
2197 2447 2379 2498 animo
2436 2446 2814 2515 rependemus,
2869 2447 2963 2502 sed
3015 2448 3185 2518 quieti
3232 2451 3565 2520 sedebimus,

1995 2538 2102 2586 tam
2144 2532 2408 2590 absurdas
2449 2536 2733 2592 audientes
2781 2535 3169 2608 blasphemias,
3199 2541 3283 2596 vel
3312 2540 3565 2600 fortassis

1993 2622 2159 2676 etiam
2193 2625 2439 2679 criminis
2470 2627 2707 2683 incitata;
2724 2629 2998 2685 adversus
3040 2645 3163 2685 eum
3207 2631 3404 2703 linguae
3441 2639 3568 2705 par-

1997 2711 2190 2780 ticipes
2224 2713 2468 2766 erimus?
2512 2712 2658 2781 licus
2714 2725 2794 2780 ιιι,
2842 2718 2972 2785 quid
3014 2718 3185 2775 dicis?
3225 2719 3462 2777 Profecit
3511 2724 3567 2779 in

1993 2801 2263 2855 Summum
2316 2804 2651 2858 sacerdotem
2706 2799 3005 2872 paulatim?
3052 2810 3215 2879 Atqtii
3265 2812 3568 2867 e'xinani’vit

1992 2895 2229 2963 Seipsum
2265 2888 2524 2960 Verbum,
2569 2908 2691 2951 cum
2741 2897 2883 2953 Deus
2918 2900 3122 2956 esset"
3156 2917 3171 2955 :
3222 2911 3276 2955 et
3305 2904 3399 2972 qui
3449 2898 3571 2960 erat

1996 2983 2130 3039 liber
2163 2986 2460 3042 secundum
2492 2997 2737 3057 naturam
2771 2991 2984 3061 accepit
3023 2993 3166 3046 servi
3212 2991 3439 3048 formam
3466 3034 3480 3050 .
3513 3002 3570 3050 ct

1996 3078 2089 3148 qui
2121 3078 2263 3135 ultra
2290 3094 2506 3135 omnem
2536 3088 2842 3139 creaturam
2874 3090 2978 3148 est,
3009 3092 3065 3139 et
3100 3084 3403 3141 divinitatis
3431 3088 3570 3142 emi-

1996 3178 2086 3223 net
2121 3169 2313 3239 gloria,
2350 3166 2657 3227 humiliavit
2702 3171 2963 3242 seipsum.
3007 3169 3063 3227 Si
3095 3168 3273 3228 autem
3309 3176 3564 3246 prol‘bcit,

1993 3274 2228 3329 quonam
2258 3262 2417 3317 modo
2445 3264 2753 3320 exinanitus
2788 3273 2894 3328 est,
2927 3264 3008 3319 vel
3051 3280 3157 3335 quo
3196 3272 3356 3336 pacto
3386 3283 3444 3325 se
3472 3269 3571 3323 dea

1996 3352 2144 3406 misit
2175 3353 2243 3408 ad
2267 3350 2749 3435 .hnmiliationem?
2794 3353 3030 3411 Honoris
3082 3356 3244 3425 igitur
3288 3369 3343 3414 et
3384 3361 3571 3431 gloria:

1994 3444 2096 3513 ipsi
2120 3445 2545 3502 conciliatricem
2573 3446 2738 3503 fuisse
2763 3450 2960 3505 dixerit
2986 3450 3183 3521 aliquis
3208 3452 3350 3507 hanc
3374 3454 3570 3509 exina-

1997 3535 2295 3592 nitionem?
2322 3537 2524 3594 Deinde
2562 3542 2720 3610 quem
2753 3537 2929 3596 locum
2974 3542 3197 3599 habebit
3228 3544 3569 3603 e'xinanitioi

1995 3627 2066 3679 At
2104 3627 2270 3693 enim,
2314 3626 2509 3698 inquit,
2557 3630 2602 3685 si
2638 3631 2815 3701 ipsum
2864 3630 2957 3688 Dei
3008 3632 3186 3689 Patris
3215 3632 3448 3691 Verbum
3487 3634 3597 3701 l'a-V

1999 3726 2145 3771 ctum
2171 3728 2256 3773 est
2287 3719 2554 3786 p‘ontil‘ex,
2588 3708 2737 3790 quis,
2766 3736 2883 3787 oro,
2919 3723 3092 3789 major
3121 3730 3205 3779 εει
3234 3724 3342 3788 illo,
3393 3734 3450 3781 et
3483 3724 3570 3781 cui

1997 3808 2317 3863 sacerdotali
2356 3810 2684 3866 .Ininlsterio
2753 3814 2968 3867 servit?
3026 3810 3194 3884 Igitur
3249 3816 3424 3871 dicam
3468 3818 3572 3872 itc-

1998 3914 2116 3952 rum
2173 3917 2185 3952 ε
2241 3899 2412 3955 Crede
2480 3902 2661 3970 quod,
2735 3904 2984 3971 quamvis
3058 3904 3202 3960 Deus
3274 3908 3571 3961 sectmdunt

1999 4000 2245 4043 naturam
2323 4002 2468 4046 esset
2560 4002 2616 4047 et
2699 3993 2751 4047 in
2851 3992 3024 4048 forma
3099 3992 3280 4050 Patris
3321 3996 3570 4063 'Filins,

2001 4095 2103 4135 non
2139 4081 2382 4149 rapinam
2428 4082 2724 4153 arbitratus
2747 4092 2833 4139 est
2874 4082 2994 4139 esse
3023 4099 3082 4139 se
3114 4086 3375 4155 aequalem
3418 4087 3571 4154 Deo;

1996 4167 2092 4225 sed
2121 4176 2358 4241 seipsu‘m
2406 4173 2726 4240 exinanivit,
2766 4174 2998 4229 formam
3049 4176 3190 4232 Servi
3254 4191 3565 4233 assumens;

2002 4262 2058 4316 Si
2082 4273 2259 4316 autem
2297 4262 2469 4318 iactus
2488 4266 2573 4318 est
2606 4264 2784 4331 homo,
2823 4264 3116 4336 assumpsit
3147 4274 3330 4321 autem
3355 4276 3408 4322 et
3426 4269 3570 4322 servi

321 4354 512 4407 δούλου
560 4353 758 4408 λαὸὡν.
810 4354 873 4406 Ei
911 4352 967 4405 δὲ
1001 4353 1223 4422 γέγονεν
1264 4352 1585 4424 ἄνθρωπος,
1637 4350 1798 4405 ἔλαϐε
1840 4350 1891 4403 δὲ

2006 4350 2274 4417 formam;
2314 4352 2583 4421 quomodo
2614 4356 2858 4410 censebit
2890 4370 3140 4424 parvum,
3189 4364 3245 4412 et
3292 4357 3574 4428 dispensa-

322 4445 421 4498 καὶ⁵
450 4442 642 4497 δούλου
687 4444 921 4514 μορφὴν,
962 4444 1078 4507 πῶς
1107 4445 1379 4515 ἡγήσεται
1419 4442 1632 4515 μικρὸν,
1658 4443 1755 4497 καὶ
1781 4443 1898 4504 τοῖς

326 4537 426 4605 τῆς
468 4536 781 4605 οἰκονομίας
819 4535 996 4605 λόγοις
1040 4537 1402 4607 ἀνάρμοστον,
1449 4536 1511 4588 τὸ
1557 4535 1898 4607 χρηματίσαι

326 4627 424 4681 καὶ
457 4625 754 4688 ἀπόστολος
786 4626 879 4678 καὶ¹
910 4627 1230 4697 άρχιερεύς;
1266 4627 1372 4680 Καὶ
1412 4628 1441 4679 ὁ
1471 4625 1570 4695 τῆς
1599 4624 1721 4677 καθ’
1752 4626 1900 4696 ήμᾶς

324 4718 745 4788 ὰνθρωπότητος
764 4717 825 4770 τὸ
859 4717 1053 4788 μέτρον
1082 4719 1181 4771 οὐκ
1209 4718 1502 4788 ἀτιμάσας,
1526 4718 1647 4781 πῶς
1668 4720 1733 4771 ἂν
1765 4715 1901 4770 ἀπό-

321 4807 500 4875 ϐλητα
534 4808 757 4875 ποιήσαι
799 4816 821 4843 ³
862 4807 930 4860 τὰ
970 4805 1319 4876 ἁνθρώπινα;
1369 4808 1477 4860 Καὶ
1523 4802 1591 4876 ἦν
1638 4806 1736 4877 μὲν
1769 4807 1900 4869 ίσως

271 4950 274 4952 ν
315 4900 558 4972 χαλεπὸν
590 4898 745 4952 οὐδὲν
798 4898 892 4952 καὶ
935 4898 1022 4951 διὰ
1068 4898 1329 4950 πλειόνων
1374 4897 1452 4951 ἔτι
1486 4897 1658 4965 λόγων
1701 4897 1896 4961 ἐλθεῖν,

313 4995 415 5047 καὶ
455 4991 801 5062 μακροτέραν
832 4993 911 5054 είς
942 4989 1099 5042 τοῦτο
1130 4992 1442 5042 κατατεῖναι
1470 4989 1568 5059 τὴν
1602 4990 1894 5058 ἀφήγησιν.

309 5082 524 5145 Μεθεὶς
570 5083 625 5136 δὲ
654 5080 814 5134 τοῦτο
852 5080 985 5151 πρὸς
1018 5080 1078 5132 τὸ
1128 5080 1320 5150 παρὸν,
1370 5082 1494 5142 τοὺς
1542 5080 1669 5151 παρ’
1716 5080 1897 5132 αὐτῶν

308 5174 616 5243 γεγονότας
670 5171 917 5241 παροίσω
972 5170 1183 5238 λόγους.
1239 5172 1548 5242 Γεγράφασι
1597 5170 1703 5240 γὰρ
1757 5171 1888 5223 oat-

392 5353 438 5383 ’τ
472 5352 634 5412 llcbr.
675 5362 714 5421 l,
754 5354 840 5410 14.

2004 4440 2168 4494 tionis
2232 4442 2527 4497 rationibus
2577 4442 2930 4512 incongruum
2964 4485 2978 4510 ,
3038 4444 3298 4514 appellari
3351 4455 3405 4508 et
3451 4463 3576 4504 esse

2006 4530 2305 4601 apostolum
2336 4541 2389 4587 et
2414 4534 2723 4602 pontiﬁcem
2747 4534 2769 4588 ’ἐ
2795 4547 2850 4590 et
2880 4536 2971 4604 qui
3015 4550 3323 4590 mensuram
3375 4538 3571 4591 huma-

2010 4622 2195 4679 nitatis
2226 4635 2424 4678 nostrae
2447 4638 2553 4679 non
2593 4624 2914 4691 dedignatus
2943 4636 3049 4690 est,
3092 4630 3362 4695 quomodo
3396 4636 3565 4699 repu-

2009 4712 2204 4769 dianda
2260 4715 2486 4769 duceret
2529 4715 2810 4769 humana?
2870 4716 3118 4772 Forsitan
3163 4719 3302 4773 haud
3355 4719 3573 4778 diﬂicile‘

2008 4805 2149 4860 foret
2183 4807 2232 4860 id
2260 4806 2501 4874 pluribus
2534 4815 2777 4861 tractare
2805 4811 3172 4875 sermonibus,
3229 4820 3282 4866 et
3310 4812 3573 4881 prolixio-

2009 4911 2119 4950 rem
2146 4897 2210 4949 ad
2231 4897 2331 4950 hoc
2359 4897 2725 4952 narrationem
2745 4900 3079 4966 pretrahere.
3100 4901 3227 4968 Sed,
3247 4903 3332 4957 his
3351 4904 3415 4957 ad
3448 4912 3577 4971 praeé

2007 5002 2132 5040 sens
2158 4988 2560 5055 praetermissis,
2595 4987 2836 5057 ipsorum
2861 4989 3081 5047 aﬂeram
3101 5008 3403 5048 sermones.
3432 4994 3577 5047 Scri-

2007 5087 2230 5145 pserunt
2257 5078 2400 5130 enim
2435 5079 2512 5133 sic
2547 5096 2557 5130 :
2594 5078 2796 5134 Verum
2825 5098 2892 5135 ne
2927 5084 3172 5138 turbetur
3203 5092 3377 5137 vestra
3411 5089 3566 5137 mens

2007 5170 2228 5223 audiens
2255 5168 2321 5223 de
2361 5184 2445 5234 eo,
2482 5172 2582 5241 qui
2617 5188 2814 5241 passus
2860 5182 2943 5227 est
2978 5194 2989 5226 :
3033 5193 3051 5223 ι
3088 5173 3153 5226 Ει
3198 5174 3413 5242 quidem
3451 5185 3573 5227 cunt

917 5350 961 5386 ’³
991 5355 1146 5411 Prov.
1177 5366 1290 5414 vm,
1320 5351 1373 5405 9.
1465 5350 1507 5379 "
1541 5352 1637 5408 lsa.
1673 5353 1760 5415 6|,
1800 5352 1847 5414 l;
1913 5350 2040 5405 Luc.
2075 5363 2147 5417 tv,
2182 5353 2261 5405 l9.
2334 5353 2376 5382 ³ο
2404 5353 2562 5407 licbr.
2597 5367 2694 5412 xu,
2725 5351 2776 5403 9..
2855 5352 2893 5384 ³¹
2928 5351 3157 5420 Philipp.
3198 5368 3256 5419 ιι,
3290 5351 3345 5407 7;

1417 5508 1585 5563 Varia:
1625 5507 1879 5563 lectiones
1907 5524 1972 5563 ex
2005 5508 2185 5563 codice
2214 5508 2581 5575 Seguieriano.

394 5658 421 5699 Ρ
451 5652 899 5723 διατεθειμένοις.
976 5664 1002 5703 ει
1039 5653 1128 5705 καὶ
1162 5652 1344 5721 ἕτερα.
1423 5661 1444 5690 τ
1475 5652 1534 5705 τὸ
1559 5651 1767 5722 χρῆμα.

1848 5663 1868 5690 ³
1910 5655 2208 5725 ποιήσαντες
