4014 6128
442 302 545 363 351
1430 295 1489 352 s.
1533 293 1815 351 cmeLt
1855 286 2329 348 ALEXANDRINI
2369 285 2691 353 Attalum
3605 297 3710 360 359

444 432 591 482 esset
614 422 808 478 Filius.
824 440 842 474 ι
872 419 989 478 Non
1014 420 1159 477 enim
1185 421 1319 476 duos
1343 421 1479 478 ﬁlios
1499 423 1750 488 dicimus;
1770 435 1905 478 eum
1930 420 2021 491 qui

2144 421 2299 477 Ἀλλὰ
2339 425 2415 496 μὴ
2462 424 2817 495 ταραττέσθω
2868 422 3021 495 ὑμῶν
3070 424 3104 496 ή
3148 410 3383 489 διάνοια,
3436 425 3567 497 περὶ
3613 430 3711 484 τοῦ

443 532 634 588 passus
652 524 768 583 cst,
803 524 856 569 et
893 529 1016 570 eum
1063 515 1154 584 qui
1182 514 1386 569 mansit
1416 515 1794 584 impassibilis.
1832 514 2018 583 Neque

2127 514 2385 579 παθόντος
2436 515 2712 570 ἀκούουσα
2747 518 2765 554 ί
2787 558 2801 581 ,
2842 534 2862 567 ‹
2891 514 3112 586 Καίπερ
3137 514 3213 568 ὢν
3243 513 3394 578 Υἱός.
3436 534 3455 567 ι
3484 515 3570 570 Οὐ
3602 519 3712 591 γὰρ

443 609 587 664 enim
619 623 646 660 a
679 604 881 661 deitate
913 606 1142 659 seorsim
1176 612 1579 673 sequestratum
1637 604 1690 660 id
1742 604 1888 675 quod
1939 612 2021 659 est

2122 604 2212 659 δύο
2252 604 2404 670 υἱούς
2436 622 2638 677 φαμεν.
2673 607 2765 661 τόν
2812 624 2871 660 τε
2905 607 3166 672 παθόντα,
3218 607 3316 661 κτιιὶ⁵
3365 606 3460 660 τὸν
3515 609 3707 680 ἀπαθῆ

443 716 512 754 cx
546 699 753 754 semine
806 697 975 751 David
1012 695 1185 750 Filius
1230 695 1542 750 nominatus
1588 704 1701 761 est,
1739 705 1799 750 ut
1844 710 2021 764 neque

2124 698 2402 768 μείναντα.
2438 697 2513 750 Οὐ
2543 696 2654 768 γὰρ
2682 697 3105 770 κεχωρισμένως
3137 698 3234 753 καὶ
3260 697 3582 763 ἰδιαζόντως
3609 699 3709 769 τῆς

446 792 621 846 deitas
642 798 763 860 post
801 787 1102 842 unitionetn
1131 787 1249 843 sine
1280 787 1477 842 visibili
1506 802 1672 842 carne
1699 786 1877 843 Filius
1911 803 2010 856 ap-

2125 784 2374 862 θεότητος
2397 791 2456 845 τὸ
2484 795 2549 847 ὲκ
2576 792 2890 864 σπέρματος
2916 790 3081 846 Δαυῖδ
3104 790 3231 856 Υἱὸς
3255 791 3575 863 ὠνόμασται
3594 809 3606 823 ’
3634 791 3710 856 ὡς

444 881 665 952 pellata.
694 879 764 934 Et
793 877 987 933 iterum
1014 893 1028 930 :
1066 875 1218 932 Unde
1256 891 1420 930 unum
1454 884 1510 931 et
1543 876 1792 933 eumdem
1822 876 2018 932 Filium

2124 882 2241 936 οὐδὲ
2270 884 2302 953 ὴ
2337 881 2527 955 θεότης
2560 886 2699 955 μετὰ
2726 883 2825 955 τὴν
2853 882 3045 936 ἕνωσιν
3073 882 3200 938 ἄνευ
3231 882 3334 955 τῆς
3376 883 3709 955 φαινομένης

444 972 768 1028 conﬁtemur
785 967 1085 1024 inconfusis
1109 969 1317 1023 naturis
1335 969 1703 1036 manentibus,
1732 983 1838 1024 non
1855 968 2020 1024 alium

2125 973 2327 1045 σαρκὸς
2356 974 2485 1039 Υἱὸς
2516 975 2973 1047 προσηγόρευται.
3021 973 3133 1028 Καὶ
3176 974 3340 1029 πάλιν
3361 991 3374 1006 ’
3416 975 3579 1030 Ὅθεν
3611 977 3710 1031 ἕνα

443 1071 499 1118 ει
525 1062 687 1116 alium
714 1061 977 1124 dicentes;
1005 1060 1177 1115 absit!
1209 1060 1307 1117 sed
1335 1076 1499 1115 unum
1532 1069 1584 1115 et
1608 1061 1860 1117 eumdem
1887 1074 2022 1130 pon-

2124 1066 2218 1118 καὶ
2269 1065 2362 1119 τὸν
2410 1066 2570 1121 αὐτὴν
2605 1067 2733 1121 Υίδν
2779 1067 3171 1138 ὁμολογοῦμεν,
3225 1066 3555 1140 ἀσυγχύτων
3597 1068 3708 1123 τῶν

444 1154 689 1220 tiﬁcem;
766 1160 973 1224 ergoet
1007 1153 1309 1222 apostolum
1364 1161 1611 1207 nostrum
1662 1152 1862 1207 factum
1902 1165 2023 1206 esse

2124 1157 2339 1225 φύσεων
2373 1158 2668 1230 μενουσῶν,
2695 1159 2796 1213 οὐκ
2822 1158 2981 1214 ἄλλον
3007 1159 3101 1213 καὶ
3133 1158 3296 1213 ἄλλον
3324 1160 3592 1230 λέγοντες,
3625 1162 3702 1232 μὴ

447 1245 608 1317 189
624 1245 910 1300 Dominum
934 1253 1174 1298 nostrum
1193 1242 1375 1299 Jesum
1400 1243 1698 1307 Christum,
1726 1241 2022 1299 secundum

2124 1249 2353 1318 γένοιτο,
2385 1249 2500 1303 ἀλλ’
2534 1250 2629 1304 ἕνα
2662 1251 2757 1305 καὶ
2784 1251 2876 1305 τὸν
2907 1250 3088 1306 αὐτόν.
3143 1248 3432 1324 Ἀρχιερέα
3464 1248 3556 1307 οὖν
3603 1253 3699 1307 καὶ

444 1339 655 1394 divinas
690 1335 1029 1406 Scripturas,
1072 1335 1253 1391 nullus
1303 1350 1411 1391 non
1464 1335 1860 1401 conﬁtebitur;
1915 1348 2022 1387 non

2124 1338 2424 1392 ἀπόστολον
2465 1340 2625 1411 ἡμῶν
2673 1341 2999 1413 γεγενῆσθαι
3033 1341 3125 1396 τδν
3153 1341 3365 1414 Κύριον
3396 1344 3551 1414 ἡμῶν
3601 1344 3700 1414 Ἰη-

446 1440 623 1484 tamen
646 1435 959 1495 separatum
984 1427 1214 1482 seorsim
1246 1427 1521 1482 hominem
1537 1440 1602 1480 ex
1628 1425 1854 1480 muliere
1879 1439 1909 1478 a
1927 1423 2021 1480 Dei

2127 1430 2252 1484 σοῦν
2285 1432 2519 1500 Χριστὸν
2550 1430 2689 1485 κατὰ
2718 1432 2816 1496 τὰς
2844 1432 2995 1497 θείας
3023 1433 3270 1504 Γραφὰς,
3305 1434 3483 1497 οὐδεὶς
3518 1433 3584 1487 ἂν
3606 1434 3704 1504 οὐχ

444 1521 625 1577 Patris
655 1517 851 1575 Verbo.
895 1518 1080 1589 Itaque
1134 1518 1180 1574 si
1209 1533 1374 1573 unum
1403 1516 1835 1582 dicuntFilium,
1877 1515 2024 1571 nullo

2124 1510 2530 1594 ὁμολογήσειεν,
2576 1524 2636 1577 οὐ
2671 1524 3043 1597 χωριζόμενον
3076 1525 3259 1594 μέντοι
3292 1525 3476 1590 ἱδικῶς
3499 1526 3708 1598 ἄνθρωέ-

449 1611 609 1667 modo
634 1612 930 1681 partientes
960 1611 1015 1665 in
1047 1610 1186 1666 duos
1220 1623 1439 1665 :‘unum
1469 1625 1537 1665 ex
1590 1610 1800 1666 semine
1828 1607 2022 1673 David,

2127 1630 2225 1667 πον
2253 1614 2317 1667 ὲκ
2341 1611 2596 1681 γυναικὸς
2627 1612 2720 1666 τοῦ
2754 1614 2818 1667 ὲκ
2861 1612 2995 1667 Θεοῦ
3027 1614 3240 1686 Πατρδς
3268 1615 3465 1684 Λόγου.
3498 1616 3706 1671 Οὐκοῦν

445 1711 499 1759 et
530 1703 695 1758 alium
728 1717 794 1757 ex
818 1700 930 1756 Deo
959 1700 1120 1757 Patre
1144 1694 1407 1771 Verbum;
1444 1704 1722 1773 quomodo
1770 1716 1880 1757 non
1934 1702 2023 1755 lae-

2125 1704 2174 1756 εἱ
2211 1703 2306 1757 ἕνα
2340 1704 2502 1773 φασιν
2539 1703 2687 1769 Υξὸν,
2730 1705 2851 1758 κατ’
2897 1704 3085 1757 οὐδένα
3122 1705 3323 1775 τρόπον
3370 1705 3704 1777 διαιροῦντες

444 1797 583 1852 dunt
604 1800 1037 1861 sacramentum,
1052 1794 1349 1863 partientes
1366 1795 1821 1867 dispensationem
1836 1794 1946 1849 Deo
1968 1803 2024 1847 et

2125 1799 2205 1860 είς
2222 1796 2334 1863 δύο,
2352 1765 2459 1850 ’τόν
2476 1806 2535 1849 τε
2566 1797 2630 1848 ὲκ
2660 1765 2972 1867 σπέρματος
3002 1765 3185 1860 Δαυῒδ,
3219 1796 3312 1850 καὶ
3340 1796 3434 1851 τὸν
3472 1765 3539 1852 ἐκ
3573 1765 3705 1852 Θεοῦ

445 1888 740 1953 hominiet;
773 1903 877 1942 non
909 1887 1088 1957 potius
1111 1902 1276 1941 unum
1301 1896 1355 1942 et
1383 1888 1629 1942 eumdem
1662 1889 1828 1942 Deum
1846 1878 1902 1941 et
1924 1888 2023 1942 ho-

2124 1872 2336 1960 Πατρὸξ
2388 1889 2580 1957 Λόγον,
2644 1887 2761 1952 πῶς
2815 1888 2915 1941 οὐκ
2963 1887 3205 1941 ἀδικοῦσι
3257 1888 3319 1940 τὸ
3378 1891 3705 1961 μυστήριον,

448 1980 646 2035 minem
666 1993 784 2034 esse
796 1977 1001 2043 dicunt,
1017 1977 1388 2033 utsintomnia
1413 1976 1549 2046 ejus,
1569 1985 1756 2047 etquae
1769 1977 1946 2033 divina
1969 1988 2023 2033 ct

2126 1981 2442 2052 μερίζοντες
2474 1979 2573 2051 τὴν
2610 1977 2922 2048 οἰκονομίαν
2968 1976 3092 2048 Θεῷ
3133 1978 3226 2032 καὶ
3264 1976 3563 2050 ἀνθρώπῳ,
3616 1983 3711 2035 καὶ

446 2082 566 2140 qua
590 2069 861 2124 humana?
886 2067 1017 2123 Nam
1049 2068 1262 2138 quando
1285 2068 1507 2136 aliquid,
1533 2069 1673 2138 quod
1700 2068 1868 2125 Deum
1901 2084 2021 2124 ma-

2125 2076 2243 2145 οὐχὶ
2270 2075 2334 2145 δὴ
2371 2072 2571 2144 μᾶλλον
2599 2072 2688 2126 τδν
2713 2072 2834 2137 ἕνα,
2866 2070 3069 2126 καὶτὸν
3098 2070 3261 2125 αὐτὸν
3287 2071 3380 2124 καὶ
3399 2071 3535 2125 Θεὸν
3564 2068 3710 2127 εἶναί

445 2166 588 2220 xime
616 2165 800 2227 decet,
826 2161 893 2216 de
922 2161 1037 2231 ipso
1067 2160 1284 2222 dicitur,
1314 2161 1416 2216 hoc
1442 2170 1588 2215 certe
1619 2161 1932 2216 omnimodo
1966 2166 2020 2216 et

2123 2176 2276 2234 φασι,
2310 2162 2405 2217 καὶ
2436 2162 2745 2233 ἄνθρωπον,
2788 2161 2864 2226 ὡς
2914 2157 3053 2216 εἶναι
3095 2160 3274 2215 πάντα
3327 2161 3513 2228 αὐτοῦ,
3549 2164 3622 2217 τά
3650 2178 3708 2217 τε

443 2267 630 2308 verum
655 2266 775 2305 esse
798 2250 1047 2315 dicimus,
1077 2250 1242 2304 Deum
1267 2249 1409 2303 enim
1440 2249 1614 2319 ipsum
1655 2264 1772 2305 esse
1795 2249 2017 2305 scimus.

2124 2254 2425 2326 θεοπρεπῆ,
2457 2253 2552 2307 καὶ
2583 2254 2651 2308 τὰ
2676 2251 3024 2325 ἁνθρώπινα;
3054 2252 3223 2305 Ὅταν
3255 2250 3366 2323 γάρ
3394 2269 3448 2305 τι
3481 2252 3589 2305 τῶν
3626 2253 3706 2306 ὅτι

444 2340 512 2400 Et
537 2344 580 2399 si
624 2344 858 2397 humane
887 2341 1163 2411 quidpiam
1219 2339 1422 2395 dictum
1476 2339 1661 2406 fuerit,
1711 2341 1875 2395 etiam
1918 2340 2022 2395 hoc

2126 2349 2361 2419 μάλιστα
2395 2345 2881 2417 θεοπρεπεστάτων
2912 2344 3137 2414 λέγηται
3167 2344 3296 2414 περὶ
3331 2342 3518 2409 αὑτοῦ,
3549 2345 3708 2398 τοῦτο

445 2437 812 2491 admittemus.
864 2432 1200 2487 Conﬁtemur
1250 2433 1393 2486 enim
1449 2434 1591 2501 quod
1642 2431 1785 2490 Deus
1840 2440 1922 2486 est
1966 2433 2019 2485 iu

2122 2437 2185 2509 δὴ
2215 2436 2434 2499 πάντως
2475 2435 2569 2489 καὶ
2603 2431 2802 2504 ἀληθὲς
2829 2428 2968 2486 εἷναί
2990 2448 3201 2503 φαμεν·
3234 2431 3368 2485 Θεὸν
3406 2431 3512 2504 γὰρ
3546 2431 3707 2503 ἴσμεν

447 2542 610 2585 carne
652 2535 707 2581 et
739 2526 1021 2590 sanguine,
1077 2532 1132 2578 et
1163 2524 1525 2579 humanitatis
1565 2539 1874 2579 mensuram
1923 2539 2021 2594 per

2124 2526 2309 2583 αὐτόν.
2340 2525 2458 2579 Κᾶν
2486 2521 2827 2595 ἀνθρώπινόν
2850 2538 2903 2575 τι
2922 2520 2983 2575 τδ
3013 2520 3343 2592 λαλούμενον
3367 2517 3423 2595 ᾖ,
3451 2521 3544 2574 καὶ
3562 2521 3707 2576 οὕτω

447 2621 680 2687 humana
715 2617 1081 2687 agnoscimus.
1138 2613 1302 2667 Millia
1350 2615 1495 2669 enim
1530 2614 1758 2668 millium
1809 2626 2023 2670 sancto-

2127 2617 2522 2688 συννεύσομενυ
2574 2612 2946 2686 ὁμολογοῦμεν
2992 2614 3102 2684 γὰρ
3146 2613 3229 2666 ὅτι
3274 2613 3409 2677 Θεός
3453 2615 3600 2667 ἐστιν
3650 2615 3709 2667 ἐν

447 2725 566 2765 rum
619 2708 933 2776 angelorum
988 2705 1304 2760 ministrant
1362 2706 1453 2772 ei;
1520 2715 1576 2760 ει
1615 2706 1860 2760 divinum
1905 2706 2023 2776 ejus

2125 2713 2291 2781 σαρκὶ
2330 2709 2425 2765 κα)⁵
2452 2708 2645 2779 αἵματι
2664 2723 2678 2738 ο
2711 2706 2807 2760 καὶ
2835 2705 2896 2759 τὸ
2926 2706 3024 2777 τῆς
3056 2705 3479 2776 ἀνθρωπότητος
3512 2706 3708 2776 μέτρον

447 2804 702 2857 thronum
781 2800 1143 2853 circumstant
1187 2795 1498 2866 Seraphim.
1561 2796 1789 2864 Quando
1838 2807 2017 2852 autem

2123 2804 2210 2858 διὰ
2236 2803 2346 2857 τῶν
2374 2799 2730 2873 ἀνθρωπίνων
2756 2795 3213 2867 ὲπιγινώσκομεν.
3247 2797 3434 2850 Χίλιαι
3468 2798 3569 2869 μὲν
3600 2801 3706 2869 γὰρ

444 2896 623 2951 factus
656 2900 741 2947 est
764 2892 946 2954 homo,
975 2896 1205 2944 vocatus
1249 2895 1333 2942 est
1356 2887 1520 2940 etiam
1566 2885 1849 2957 pontifex;
1912 2902 2021 2941 non

2123 2894 2357 2967 χιλιάδες
2382 2891 2551 2961 ἁγίων
2576 2889 2824 2959 ἀγγέλων
2851 2888 3262 2960 λειτουργοῦσιν
3286 2889 3460 2960 αὐτῷ,
3493 2891 3586 2943 καὶ
3616 2891 3704 2943 τὸν

446 2986 591 3058 quod
632 2988 885 3053 tauquam
919 2979 1109 3050 majori
1142 2977 1253 3033 Deo
1285 2976 1507 3032 oﬁ'erret
1533 2977 1887 3042 sacriﬁcium,
1920 2978 2016 3033 sed

2126 2986 2268 3040 θεῖον
2296 2981 2462 3037 αὐτοῦ
2492 2981 2681 3053 θρόνον
2714 2978 3024 3050 περιιστᾶσι
3052 2977 3123 3032 τὰ
3162 2976 3436 3049 Σεραφίμ.
3488 2977 3700 3049 Ἐπειδὴ

445 3078 590 3152 quod
636 3077 841 3145 sibiipsi
896 3083 951 3126 et
1006 3071 1151 3126 Patri
1200 3069 1321 3125 ﬁdei
1365 3076 1562 3124 nostrae
1617 3068 2015 3126 confessionem

2120 3078 2177 3136 δὲ
2206 3076 2428 3147 γέγονεν
2450 3072 2755 3144 ἄνθρωπος,
2780 3069 3161 3140 κεχρημάτικε
3187 3069 3281 3122 καὶ
3302 3070 3578 3140 ἀχιερευς,
3606 3069 3701 3139 οὐχ

448 3174 782 3239 procuraret.
813 3164 1051 3218 Audiens
1082 3160 1223 3230 quod
1262 3160 1439 3214 dictus
1462 3170 1545 3215 est
1596 3160 1858 3217 sacerdos
1886 3174 2016 3231 pro-

2123 3170 2198 3235 ὡς
2233 3165 2440 3238 μείζονι
2477 3161 2597 3232 Θεῷ
2646 3159 3030 3232 προσκομίζων
3072 3159 3171 3229 τὴν
3222 3159 3564 3230 ἱερουργίαν,
3590 3157 3702 3212 ἀλλ’

444 3271 567 3332 pter
588 3257 1000 3318 humanitatem,
1043 3253 1348 3308 erubescis?
1370 3252 1575 3308 Deinde
1599 3254 1876 3323 quomodo
1908 3268 2015 3308 non

2126 3258 2301 3331 ὲαυτῷ
2337 3275 2399 3312 τε
2431 3255 2524 3309 καὶ
2549 3253 2628 3324 τῷ
2670 3253 2847 3325 Πατρὶ
2875 3251 2977 3321 τῆς
3004 3250 3240 3314 πίστεως
3267 3251 3424 3321 ἡμῶν
3455 3250 3554 3321 τὴν
3582 3252 3709 3319 ὁμοι

450 3349 751 3402 admiratus
779 3359 857 3410 es,
886 3342 1030 3413 quod
1075 3356 1185 3397 non
1214 3343 1510 3397 secundum
1532 3343 1877 3399 sacerdotum
1907 3361 2022 3401 mo-

2124 3356 2309 3423 λογὶαν
2371 3346 2914 3423 πραγματευόμενος.
2995 3342 3287 3415 Ἐρυθριᾷς
3347 3343 3561 3396 ἀκούων
3626 3342 3709 3395 ὅτι

452 3452 586 3504 rem,
619 3436 773 3491 alteri
809 3435 1062 3491 detulerit
1091 3434 1343 3490 sacriﬁcii
1381 3436 1621 3503 modum,
1664 3436 1760 3490 sed
1808 3437 2021 3505 sibiipsi

2127 3443 2536 3519 κεχρημάτικεν
2580 3439 2758 3510 ἱερεὺς
2788 3436 2877 3491 διὰ
2917 3437 2980 3489 τδ
3011 3434 3389 3507 ὰνθρώπινον;
3425 3431 3557 3488 Εἶτα
3594 3433 3712 3497 πῶς

451 3533 629 3603 potius
665 3540 719 3587 et
754 3528 922 3595 Patri,
965 3536 1026 3583 ut
1064 3526 1217 3582 dixi?
1263 3526 1493 3594 Quando
1546 3528 1684 3583 dicis
1743 3528 2019 3598 indignum

2127 3541 2185 3594 ού
2206 3535 2557 3607 τεθαύμακας
2584 3532 2664 3585 ὅτι
2700 3529 2774 3601 μὴ
2802 3528 2942 3583 κατὰ
2968 3528 3029 3581 τὸ
3047 3527 3157 3581 τῶν
3183 3526 3372 3597 ἱερέων
3395 3525 3516 3588 ἔθος
3536 3525 3712 3596 ἑτέρῳ

450 3637 571 3678 esse
630 3621 740 3676 Deo
782 3628 840 3674 ut
893 3619 1184 3685 sacriﬁcet,
1248 3617 1510 3687 astipulor
1563 3630 1618 3673 ct
1648 3633 1768 3689 ego.
1822 3619 1927 3674 Sed
1976 3620 2022 3676 si

2127 3629 2347 3699 ποιῆται
2370 3637 2405 3664 ἰι
2436 3623 2532 3694 τῆς
2563 3618 2872 3693 ἱερουργίας
2902 3617 2993 3672 τὸν
3023 3617 3244 3689 τρόπον,
3275 3616 3453 3685 ἑαυτῷ
3482 3616 3540 3668 δὲ
3573 3616 3712 3685 μᾶλ-

450 3713 624 3770 solum
655 3720 803 3768 esset
848 3720 903 3766 et
935 3710 1144 3781 absque
1182 3723 1349 3765 carne
1391 3704 1652 3778 Verbum,
1704 3720 1847 3768 recte
1877 3712 2024 3768 dice-

2127 3718 2235 3781 λον,
2266 3712 2341 3778 ὡς
2371 3713 2529 3782 ἔφην,
2550 3710 2646 3763 καὶ
2675 3708 2754 3779 τῷ
2782 3708 2958 3779 Πατρί
2982 3725 2997 3775 ;
3035 3707 3204 3760 Ὅταν
3238 3706 3395 3779 εἴπῃς
3426 3705 3527 3758 οὐκ
3556 3704 3712 3768 ἄξιον

450 3814 580 3860 res:
610 3811 663 3858 at
693 3816 817 3856 vero
839 3800 963 3870 quia
999 3800 1198 3853 factum
1239 3808 1324 3853 est
1379 3814 1530 3866 caro,
1582 3801 1707 3856 vide
1754 3812 1810 3856 et
1845 3803 2021 3858 sacri-

2129 3799 2267 3857 εἶναι
2299 3799 2394 3856 τοῦ
2427 3800 2562 3854 Θεοῦ
2594 3798 2656 3852 τὸ
2692 3800 3013 3869 ἱερουργεῖν,
3047 3797 3300 3868 σύμφημι
3339 3794 3517 3864 κάγώ.
3566 3793 3714 3847 Ἀλλ’

450 3898 701 3952 ﬁcautem
750 3901 970 3963 prapter
1010 3890 1439 3956 humanitatem;
1470 3899 1526 3946 et
1566 3892 1619 3946 in
1670 3893 2022 3964 dignitatibus

2132 3897 2173 3949 εἱ
2208 3895 2366 3966 μόνος
2410 3888 2500 3964 ἦν,
2531 3891 2626 3945 καὶ¹
2671 3889 2795 3959 δίχα
2824 3888 3027 3958 σαρκὸς
3060 3890 3089 3942 ό
3118 3888 3308 3957 Λόγος,
3348 3886 3486 3958 ἔφης
3513 3884 3578 3940 ἂν
3617 3887 3717 3956 ὀρ-

447 3988 594 4044 ultra
624 3995 930 4062 creaturam
956 4024 972 4048 ,
1008 3983 1145 4038 sicut
1175 3982 1342 4037 Deum
1388 3997 1402 4034 :
1438 3983 1681 4039 considet
1715 3984 1859 4039 enim
1901 4000 2022 4039 cum

2132 3987 2266 4051 θῶς·
2302 3985 2488 4055 ἐπειδὴ
2519 3983 2575 4038 δὲ
2606 3983 2828 4052 γέγονεν
2874 3980 3184 4051 ἅνθρωπος,
3216 3980 3320 4049 ὅρα
3360 3978 3457 4032 καὶ
3492 3978 3717 4047 ἱερου-ρ-

446 4083 560 4138 Deo
589 4087 644 4133 et
670 4077 849 4133 Patre.
898 4075 1091 4145 Itaque
1143 4083 1198 4129 et
1239 4074 1361 4129 vide
1406 4075 1579 4143 ipsum
1620 4075 2021 4131 sacriﬁcantem

2132 4077 2326 4147 γοῦντα
2355 4075 2443 4131 διὰ
2488 4074 2549 4129 τὸ
2591 4072 2953 4144 ἀνθρώπινον,
2990 4071 3084 4126 καὶ
3133 4071 3191 4123 ὲν
3221 4073 3332 4133 τοῖς
3364 4069 3505 4139 ὑπὲρ
3533 4067 3717 4122 κτίσιν

447 4171 742 4229 secundum
793 4168 1187 4224 humanitatem
1219 4207 1235 4232 ,
1302 4166 1673 4222 considentem
1729 4176 1913 4223 autem
1965 4177 2023 4221 ut

2132 4169 2455 4240 ἀξιώμασιν,
2507 4166 2583 4230 ὠς
2634 4165 2803 4219 Θεόνο
2857 4162 3164 4235 συνεδρεύει
3198 4161 3307 4233 γὰρ
3351 4159 3430 4230 τῷ
3460 4157 3581 4229 Θεῷ
3617 4159 3717 4213 καὶ

447 4263 638 4321 Deum.
686 4260 825 4328 Quid
859 4259 1004 4313 enim
1053 4257 1185 4312 dicit
1230 4257 1422 4313 beatus
1472 4255 1721 4313 Paulus?
1767 4277 1786 4309 ‹
1837 4258 2023 4313 Talem

2131 4263 2323 4334 Πατρί.
2361 4261 2501 4333 Ὅρα
2532 4259 2710 4313 τοίνυν
2759 4257 3104 4330 ἱερατεύοντα
3137 4253 3429 4341 parum»
3465 4251 3604 4305 κατὰ
3648 4250 3716 4304 τὸ

450 4357 711 4411 habemus
746 4348 1082 4421 pontiﬁcem,
1117 4348 1207 4419 qui
1226 4348 1476 4403 censedit
1506 4349 1559 4403 in
1581 4349 1807 4404 dextera
1841 4350 2023 4406 throni

2133 4352 2490 4425 ἀνθρώπινον,
2522 4347 2907 4420 συνεδρεύοντα
2945 4346 3002 4400 δὲ
3026 4346 3103 4410 ὼς
3132 4344 3283 4397 Θεόν.
3318 4342 3384 4395 Τί
3414 4342 3524 4412 γάρ
3545 4356 3718 4410 φησιν

449 4444 838 4519 magnitudinis
872 4443 925 4498 in
957 4441 1187 4498 excelsis
1214 4440 1281 4495 ³².
1318 4459 1337 4493 ι
1391 4441 1640 4497 Scientes
1667 4443 1835 4512 igitur
1878 4446 2023 4515 quod

2136 4449 2160 4499 ό
2197 4443 2463 4516 μακάριος
2494 4440 2735 4505 Παῦλος;
2772 4459 2790 4491 ι
2828 4439 3082 4493 Τοιοῦτον
3110 4436 3309 4519 ἔχομεν
3340 4434 3628 4507 ἀρχιερέα,
3656 4433 3721 4497 ὃς

448 4518 623 4595 lactus
647 4547 731 4593 est
755 4540 939 4600 homo,
966 4547 1090 4590 cum
1118 4533 1260 4588 Deus
1306 4541 1452 4587 esset
1501 4539 1608 4603 (est
1646 4543 1826 4589 autem
1886 4550 2026 4591 unus

2137 4536 2386 4591 ἐκάθισεν
2416 4535 2474 4587 ἐν
2518 4531 2667 4603 δεξιᾷ
2708 4530 2802 4584 τοῦ
2840 4530 3031 4603 θρόνου
3074 4529 3175 4599 τῆς
3220 4518 3611 4598 μεγαλωσύνης
3659 4526 3722 4577 ἓν

450 4644 504 4684 ct
530 4630 670 4685 idem
698 4625 914 4697 Filius),
944 4623 1018 4679 illi
1047 4622 1229 4679 omnia
1261 4621 1580 4689 tribuemus,
1605 4632 1664 4679 ut
1691 4625 1803 4691 uni;
1832 4636 1888 4681 et
1915 4627 2026 4683 dis-

2136 4630 2249 4691 τοῖς
2281 4625 2524 4695 ὑψηλοῖς.
2566 4643 2583 4677 ι
2619 4622 2836 4685 Εἱδότες
2867 4621 3045 4675 τοίνυν
3091 4621 3174 4674 ὅτι
3206 4619 3340 4683 Θεὸς
3380 4616 3458 4671 ὢν
3492 4618 3721 4686 γέγονεν

451 4720 784 4790 pensationls
843 4717 1032 4773 modos
1078 4731 1186 4771 non
1222 4716 1633 4787 ignorabimus,
1675 4718 2024 4789 cogitationis

2137 4712 2443 4791 ἄνθρωπος,
2472 4715 2587 4769 ἔστι
2618 4715 2675 4769 δὲ
2704 4699 2784 4779 εἷς
2807 4716 2897 4767 καὶ
2932 4715 2960 4765 ὁ
2987 4712 3147 4775 αὐτὸς
3178 4711 3326 4775 Υἱὸς,
3364 4709 3515 4780 αὐτῷ
3541 4710 3722 4764 πάντα

454 4811 560 4863 vim
610 4823 823 4876 semper
863 4808 1086 4877 provide
1124 4817 1180 4863 et
1221 4809 1497 4879 sapienter
1546 4810 1613 4866 ad
1655 4811 2022 4868 obedientiam

2137 4804 2553 4880 προσνεμοῦμεν
2580 4802 2656 4865 ὼς
2700 4802 2811 4855 ὲνί’
2848 4802 2941 4854 καὶ
2976 4801 3102 4862 τοὺς
3138 4800 3239 4870 τῆς
3275 4798 3591 4869 οἱκονομὶας
3618 4799 3722 4851 οὐκ

450 4900 571 4970 ejus
602 4907 991 4952 couvertentes.
1603 4954 1606 4960 λ

2139 4900 2459 4969 ἐννοήσομεν
2481 4905 2508 4933 ν
2536 4894 2792 4966 τρόπους,
2823 4894 2924 4961 τὴν
2960 4892 3068 4945 τῶν
3102 4890 3320 4946 ἐννοιῶν
3354 4890 3590 4961 δύναμιν
3626 4890 3724 4942 es.

450 4986 652 5059 τέχνως
696 4985 787 5039 καὶ
824 4985 1108 5055 ἐμφρόνως
1148 4987 1234 5039 ἀεὶ
1283 4988 1704 5059 περιτρέποντες
1737 4990 1762 5026 κ
1796 4992 1875 5055 εἱς
1922 4991 2021 5063 τὴν
2064 4989 2313 5061 ὑπακοὴν
2347 4986 2533 5041 αὑτοῦ.

738 5097 897 5168 190
926 5096 1562 5156 ANATHEMATISMUS
1599 5101 1691 5156 χι.

2550 5090 3144 5151 ΛΝΛΘΕΜΑΤΙΣΜΟΣ
3184 5097 3267 5149 IA'
3293 5133 3310 5150 .

518 5211 579 5266 Si
605 5210 728 5280 quis
748 5209 961 5264 Domini
991 5222 1212 5263 carnem
1240 5209 1529 5276 viviﬁcam,
1551 5210 1828 5280 ipsiusque
1850 5210 2032 5274 Verbi,

2206 5214 2273 5267 Εἴ
2296 5232 2377 5277 τις
2400 5214 2496 5283 οὐχ
2520 5210 2771 5282 ὁμολογεῖ
2793 5209 2890 5279 τὴν
2910 5208 3004 5261 τοῦ
3028 5207 3234 5278 Κυρίου
3257 5207 3438 5277 σάρκα
3462 5207 3727 5270 ξωοπςιὶν

452 5304 593 5372 quod
637 5318 701 5358 cx
742 5304 847 5358 Deo
878 5302 1040 5357 Patre
1076 5311 1179 5367 est,
1228 5303 1505 5372 propriam
1537 5317 1658 5359 csse
1694 5304 1980 5373 negaverit
2012 5320 2027 5369 ;

2138 5302 2294 5369 εἶναι,
2332 5305 2425 5358 καὶ
2459 5303 2592 5355 ίδὶαν
2636 5301 2799 5355 αὑτοῦ
2833 5300 2927 5354 τοῦ
2975 5302 3038 5352 ὲκ
3070 5298 3204 5351 Θεοῦ
3257 5297 3476 5367 Πατρὶς
3525 5298 3723 5367 Λόγτυ,

528 5479 570 5511 ³²
598 5479 760 5534 Hebr.
794 5497 911 5546 vm,
944 5476 995 5534 l.

1544 5564 1719 5618 Varia:
1752 5564 2010 5618 lectiones
2034 5579 2096 5617 ετ
2123 5562 2309 5618 codice
2343 5564 2711 5635 Seguicriaun.

531 5665 547 5703 ¹
582 5661 877 5718 ἀκούσασα.
956 5673 981 5699 υ
1012 5662 1257 5713 ποιεῖται.
1338 5667 1362 5693 ν
1398 5658 1757 5725 ἁγνιιήτομεν.
1838 5664 1862 5690 κ
1890 5654 2109 5726 περιϐλὲ

1246 5697 1257 5709 .
1338 5667 1362 5693 ν
1398 5658 1757 5725 ἁγνιιήτομεν.
1838 5664 1862 5690 κ
1890 5654 2328 5726 περιϐλέποντες,
2354 5658 2413 5724 ἢ,
2452 5659 2826 5730 περιέποντες.
