4014 6128
309 335 410 394 56‘.)

918 332 1447 395 APOLOGETIEUS
1488 334 1621 391 PRO
1662 334 1752 390 XII
1794 334 2160 392 CAPITIBUS
2197 334 2480 391 CON'FRA
2519 327 2974 389 ORIENTALES.

3455 282 3564 399 τιποί

311 451 425 505 ἀλλ’
461 449 538 514 ὡς
584 448 768 521 ἐτέρου
799 448 943 514 τινὸς
985 453 1116 524 παρ’
1163 451 1342 518 αὐτὸν,
1396 453 1745 524 συνημμένου
1792 454 1878 524 ps»

1994 453 2089 509 sed
2124 453 2285 509 veluti
2315 452 2543 508 alterius
2579 448 2880 519 cujuspiam
2911 444 3013 517 ipsi
3052 443 3229 500 Verbo
3268 442 3562 498 secundum

317 540 464 612 αὐτῷ
497 541 637 595 κατὰ
667 541 762 612 τὴν
807 541 987 609 ἀξίαν,
1023 544 1191 614 ἧγουν
1217 543 1293 607 ὡς
1328 545 1495 617 μόνην
1543 545 1694 601 θείαν
1746 548 1883 601 ὲνοί-

319 649 481 702 κησιν
528 633 833 703 ἐσχηκότος,
866 634 960 687 καὶ
991 634 1110 704 οὐχί
1156 635 1221 706 δὴ
1255 635 1458 705 μᾶλλον
1496 637 1774 702 ζωοποιὸν,
1807 637 1883 702 ὡς

322 724 546 795 ἔφημεν,
575 726 652 779 ὅτι
683 725 905 793 γέγονεν
943 726 1048 798 ἰδία
1074 737 1103 776 1
1131 726 1226 781 τοῦ
1263 727 1437 796 Λόγου
1469 728 1562 782 τοῦ
1601 729 1670 783 τὰ
1705 730 1881 789 πάντα

324 814 593 877 ζωοποιεῖν
623 815 915 885 ἰσχύοντος
946 815 1193 886 ἀνάθεμα
1228 816 1390 871 ἔστω.

622 1008 1004 1077 Ἀντίρῤησις
1034 1008 1154 1064 τῶν
1181 1009 1570 1065 ἀνατολικῶν.

395 1120 543 1175 ’ἰδίαν
583 1123 837 1191 γενέσθαι
867 1123 964 1195 τὴν
993 1124 1328 1197 Δεσποτικὴν
1361 1125 1539 1197 σάρκα
1573 1124 1669 1179 τοῦ
1708 1127 1879 1194 Λόγου

314 1213 396 1266 διὰ
422 1214 519 1284 τῆς
547 1212 815 1278 ἑνώσεως,
841 1216 1220 1286 ὁμολογεῖσθαι
1244 1217 1427 1283 καλὸν,
1461 1216 1718 1280 νοοῦντας
1752 1217 1881 1287 μέν·

313 1321 393 1357 τοι
443 1304 503 1371 ἐξ
554 1303 712 1375 ἡμῶν
753 1306 924 1378 αὐτὴν
977 1308 1393 1379 προσειλῆφθαι.
1446 1307 1704 1379 Περιττὺν
1734 1306 1790 1360 δὲ
1821 1307 1883 1360 τὸ

313 1396 535 1465 ἐπάγειν
558 1412 573 1433 η
621 1398 735 1452 Καὶ
760 1398 869 1474 οὐχ⁸
906 1398 1093 1470 ἑτέρου
1124 1400 1265 1472 τινὸς
1309 1400 1440 1471 παρ’
1488 1399 1679 1453 αὐτόν·
1708 1398 1757 1452 εἰ
1804 1398 1881 1470 μὴ

314 1488 420 1560 ἄρα
469 1488 677 1559 ἐξαίρει
720 1488 891 1560 αὐτὴν
927 1488 1022 1542 τοῦ
1061 1488 1122 1555 ἐξ
1162 1490 1319 1567 ἡμῶν
1348 1490 1621 1561 εἰλῆφθαι.
1668 1489 1749 1542 Τδ
1774 1490 1883 1560 γάρ

317 1579 554 1649 συνεχῶς
590 1579 770 1648 λέγειν
812 1579 981 1651 αὐτὴν
1032 1579 1189 1645 ἰδίαν,
1235 1579 1578 1653 ὲξαιροῦιηός
1618 1581 1734 1634 ἐστι
1782 1581 1883 1649 τὴν

313 1671 650 1742 Δεσποτικὴν
683 1673 857 1743 σάρκα
890 1667 1029 1726 εἶναι
1070 1672 1169 1742 τῆς
1204 1672 1479 1746 ἡμετέρας
1507 1672 1739 1742 φύσεως.
1772 1671 1883 1726 Καὶ

314 1763 418 1816 ποῦ
444 1764 508 1816 τὸ
551 1763 806 1834 καύχημα
847 1763 1036 1834 ήμῶν;
1080 1763 1183 1817 Διὰ
1213 1764 1378 1832 τίνος,
1407 1763 1555 1833 λέγει
1584 1765 1613 1817 ό
1645 1761 1878 1829 Παῦλος,

315 1854 630 1925 συνήγειρεν
660 1856 825 1925 ἡμᾶς,
850 1856 944 1909 καὶ
967 1856 1318 1910 συνεκάθισεν
1339 1857 1519 1927 ἡμᾶς
1551 1858 1660 1910 Καὶ
1688 1866 1709 1892 ι
1737 1855 1881 1919 τίνος

311 1944 419 2015 γὰρ
455 1944 565 1998 τῶν
606 1944 910 2016 ἀνθρώπων
951 1945 1139 2016 ἑτέρου
1172 1949 1206 2016 ἡ
1255 1947 1485 2001 ἑκάστου
1535 1945 1709 2017 σάρξ;
1746 1946 1880 2016 Οὐχὶ

309 2036 535 2102 ἕκαστος
569 2037 665 2108 μὲν
691 2037 850 2107 ἡμῶν
880 2038 1063 2109 κοινὴν
1082 2037 1196 2108 ἔχει
1225 2037 1403 2108 σάρκα
1434 2039 1648 2109 ἑκάστῳ
1669 2038 1749 2108 τῷ
1783 2037 1879 2091 τοῦ

307 2128 596 2199 ὁμοουσίου
623 2127 789 2197 λόγῳ,
818 2128 957 2187 ἰδίαν
987 2145 1047 2182 τε
1075 2128 1155 2198 τῷ
1178 2129 1278 2200 τὴν
1311 2129 1543 2183 ἑκάστου
1577 2141 1604 2170 α
1635 2128 1710 2200 μὴ
1742 2124 1883 2182 εἰναι

308 2218 520 2289 ἑτέρου,
549 2218 583 2289 ἢ
614 2219 776 2288 μόνου
802 2214 863 2273 οὗ
886 2222 1005 2273 ἐστι
1036 2220 1207 2290 σάρξς
1242 2220 1307 2273 Τί
1335 2217 1602 2292 οὖναὺτῷ
1634 2221 1881 2291 βούλεται

306 2308 386 2380 τῷ
425 2309 582 2375 ἰδίαν,
635 2310 713 2374 ὠς
754 2310 943 2381 ἕτερόν
983 2327 1037 2364 τι
1082 2311 1328 2379 λέγοντι;
1380 2314 1455 2367 Εἰ
1475 2312 1584 2384 γὰρ
1625 2315 1737 2367 νοεῖ
1782 2313 1882 2383 τὴν

308 2401 645 2470 Δεσποτικὴν
684 2401 862 2472 σάρκα
906 2401 971 2453 ὲκ
999 2401 1097 2471 τῆς
1126 2401 1404 2473 ἡμετέρας
1454 2402 1728 2472 εἰλῆφθαι,
1770 2404 1881 2456 νοεῖ

307 2488 366 2542 δὲ
403 2490 479 2552 ὡς
520 2491 556 2559 ἡ
589 2489 815 2544 ἑκάστου
863 2488 1000 2560 σὰρξ
1043 2491 1252 2545 ἐκείνου
1309 2492 1454 2545 ἐστὶν
1506 2491 1611 2546 ἰδία
1653 2484 1714 2545 οὗ
1764 2493 1880 2543 ἐστι

313 2578 473 2649 σὰρξ,
501 2578 596 2631 καὶ
626 2579 724 2648 οὐχ
755 2579 964 2649 ἑτέρου,
1002 2581 1054 2633 τί
1076 2581 1151 2644 ὡς
1187 2581 1248 2634 οὑ
1279 2581 1430 2646 ξένου
1460 2582 1511 2647 b,
1533 2581 1682 2649 λέγει
1714 2582 1880 2651 αὐτὴν

316 2668 456 2725 ἰδίαν
480 2665 651 2733 εἰναις
678 2665 752 2720 Ἶι
786 2669 941 2738 δῆλον
971 2671 1051 2722 ὅτι
1086 2682 1108 2706 π
1137 2670 1204 2723 δι’
1232 2670 1679 2742 ὲπικαλύμματος
1705 2673 1765 2725 οὐ
1795 2671 1881 2724 λέ-

315 2773 407 2827 γει
442 2756 610 2828 αὐτὴν
649 2759 715 2811 ὲκ
763 2758 864 2828 τῆς
909 2762 1193 2831 ἡμετέρας.
1231 2763 1447 2831 φύσεως
1486 2762 1879 2834 εἰλῆφθω,ὡς

317 2848 649 2921 σαφέστερον
673 2849 819 2917 λέγει
855 2851 1019 2921 ἐντῷ
1050 2852 1248 2924 πρώτῳ
1272 2854 1433 2908 αὑτοῦ
1462 2855 1613 2926 τόμῳ
1632 2857 1786 2911 ’Καὶ
1815 2857 1878 2910 τὺ

311 2939 533 3012 βρέφος,
573 2941 756 3010 φησὶν,
789 2937 857 3011 ἦν
889 2938 948 2995 εὖ
998 2942 1119 2995 καθ’
1158 2942 1186 2983 ἀ
1220 2946 1366 3015 ἡμᾶς
1388 2963 1400 2975 ·
1448 2946 1740 3013 τουτέστιν,
1777 2949 1877 3002 οὐκ

306 3034 367 3086 ὲν
393 3031 522 3102 ψιλῇ
556 3033 648 3086 καὶ
694 3032 830 3105 μόνῃ
876 3036 942 3104 τῇ
982 3035 1117 3104 πρὸς
1146 3037 1295 3106 ἡμᾶς
1341 3038 1641 3108 ὁμοιότητι,
1674 3038 1791 3101 an:
1817 3040 1875 3094 ὲν

1985 544 2299 616 dignitatem
2327 541 2621 611 conjuncti,
2664 540 2923 596 nimirum
2956 534 3112 608 quasi
3150 533 3397 616 divinam
3435 540 3555 585 tan-

1987 614 2098 690 tum
2126 634 2574 691 iubahitationem
2600 630 2803 698 sortiti,
2841 644 2903 685 ac
2934 644 3040 684 non
3075 625 3254 696 potius
3286 614 3560 678 viviﬁcam

1983 740 2108 782 esse
2136 725 2360 791 dixerit,
2424 732 2483 779 ut
2530 723 2687 779 modo
2717 721 3061 777 meminimus
3108 732 3172 774 eo
3203 715 3347 787 quod
3371 713 3557 777 Verbi,

1983 817 2126 887 quod
2153 817 2332 873 omnia
2348 816 2631 871 virilicare
2653 821 2852 883 potest.
2886 812 3029 869 facta
3051 813 3123 868 sit
3149 809 3395 881 propria;
3430 822 3562 862 ana-

1983 908 2162 963 thema
2199 907 2286 963 sit.

2431 1017 2782 1072 Orientalium
2819 1018 3096 1087 oppositio.

2058 1130 2335 1200 Propriam
2368 1129 2567 1184 factam
2609 1127 2944 1184 Dominicam
2986 1142 3208 1183 carnem
3257 1126 3420 1182 Verbi
3459 1139 3559 1195 per

1983 1222 2238 1277 unionem
2270 1214 2517 1278 conﬁteri
2545 1219 2687 1277 bene
2732 1219 2913 1281 habet,
2971 1218 3334 1288 intelligentes
3374 1224 3554 1271 tamen

1982 1327 2100 1369 eam
2155 1329 2219 1369 ex
2271 1313 2431 1369 nobis
2468 1320 2827 1382 assumptam.
2873 1307 3218 1380 Snperﬂuum
3255 1317 3433 1363 autem
3473 1314 3558 1361 est

1982 1404 2221 1474 adjicere
2254 1421 2270 1458 :
2307 1404 2373 1458 Et
2416 1418 2525 1459 non
2559 1402 2783 1459 alterius
2830 1400 3131 1470 cujuspiam
3170 1407 3372 1468 praeter
3408 1412 3555 1461 eum,

1982 1494 2088 1549 nisi
2131 1494 2273 1550 forte
2293 1502 2455 1565 negat
2475 1509 2594 1549 eam
2617 1508 2686 1549 ex
2712 1493 2871 1549 nobis
2888 1499 3241 1559 assumptam.
3260 1489 3396 1543 Nam
3416 1501 3557 1557 saepe

1982 1586 2162 1642 dicere
2198 1588 2474 1656 propriam
2510 1585 2759 1654 negantis
2798 1595 2914 1651 est,
2958 1583 3294 1638 Dominicam
3336 1593 3554 1634 carnem

1982 1684 2181 1731 nostra:
2208 1689 2330 1731 esse
2362 1683 2591 1731 naturae.
2636 1675 2706 1731 Et
2754 1674 2844 1730 ubi
2889 1673 3141 1744 gloriatio
3182 1681 3366 1728 nostra
3424 1669 3557 1725 est?

1993 1765 2098 1822 Per
2129 1781 2314 1837 quem,
2345 1766 2478 1822 dicit
2514 1766 2737 1831 Paulus,
2778 1764 3230 1821 conresuscitavit
3274 1772 3328 1819 et
3361 1777 3555 1819 conse-

1985 1860 2117 1917 dere
2146 1860 2277 1917 fecit
2303 1876 2406 1917 nos
2435 1860 2520 1914 ιιι
2566 1861 2736 1932 Cujus
2768 1860 2914 1918 enim
2941 1861 3170 1919 alterius
3202 1858 3436 1915 hominis
3471 1865 3557 1911 est

1983 1934 2078 2005 sua
2129 1950 2393 2019 cujusque
2422 1951 2602 2006 caro?
2652 1950 2843 2007 Nonne
2889 1952 3258 2022 unusquisque
3308 1957 3552 2005 nostrum

1983 2053 2327 2095 communem
2382 2039 2604 2110 quidem
2658 2041 2825 2098 habet
2862 2056 3085 2098 carnem
3151 2055 3273 2096 cum
3313 2052 3556 2106 unoquo-

1982 2140 2090 2197 que
2163 2127 2743 2184 consubstantialitatis
2818 2130 3066 2195 ratione;
3148 2137 3205 2182 et
3279 2129 3553 2196 propriam

1990 2234 2056 2274 eo
2104 2222 2247 2287 quod
2295 2233 2415 2288 qua:
2449 2228 2534 2275 est
2578 2221 3006 2291 uniuscujusque
3051 2235 3158 2276 non
3203 2219 3276 2275 sit
3308 2218 3552 2280 alterius,

1982 2310 2087 2365 nisi
2121 2309 2330 2377 solius,
2381 2311 2535 2380 cujus
2584 2322 2668 2367 est
2711 2313 2882 2368 caro?
2925 2312 3065 2380 Quid
3112 2326 3239 2381 ergo
3267 2310 3371 2366 sibi
3420 2309 3551 2371 vnit,

1983 2416 2105 2456 cum
2132 2400 2266 2456 dicit
2298 2403 2594 2472 propriam,
2645 2411 2906 2474 tanquam
2956 2403 3101 2458 aliud
3135 2402 3264 2473 quid
3317 2400 3505 2457 dicens
3530 2399 3568 2453 ἓ

1990 2487 2048 2544 Si
2092 2490 2239 2544 enim
2300 2490 2574 2562 intelligit,
2613 2491 2947 2548 Dominicam
2991 2506 3211 2548 carnem
3251 2505 3316 2546 ex
3368 2499 3552 2544 nostra

1980 2590 2334 2652 assumptam,
2364 2591 2422 2637 et
2455 2583 2728 2653 intelligit,
2770 2586 2913 2655 quod
2964 2582 3394 2651 uniuscujusque
3423 2596 3553 2637 caro

1981 2672 2135 2728 illius
2165 2682 2250 2729 est
2302 2673 2521 2743 propria
2554 2675 2709 2744 cujus
2736 2685 2821 2730 est
2865 2689 3013 2740 caro,
3064 2684 3120 2729 et
3141 2689 3249 2730 non
3277 2672 3505 2728 alterius
3534 2687 3551 2734 ;

1979 2779 2097 2828 cur,
2126 2775 2381 2833 tanquam
2412 2780 2519 2819 non
2556 2766 2629 2820 sit
2659 2767 2928 2829 extranei,
2968 2765 3102 2820 dicit
3123 2766 3395 2835 propriam
3430 2777 3549 2818 eam

1979 2855 2147 2911 esse?
2174 2855 2256 2908 An
2283 2865 2493 2909 certum
2541 2864 2644 2917 est.
2687 2856 2830 2922 quod
2887 2864 3076 2923 aperte
3122 2863 3282 2923 negat
3323 2868 3442 2908 eam
3483 2868 3552 2907 ex

1980 2957 2166 3003 nostra
2191 2944 2526 3016 assumptam
2551 2962 2675 3003 esse
2701 2957 2913 3012 natura,
2951 2946 3095 3002 sicut
3121 2945 3321 3001 clarius
3343 2945 3475 3000 dicit
3495 2942 3551 2998 in

1978 3038 2151 3108 primo
2176 3052 2275 3092 suo
2302 3045 2454 3093 torno
2488 3055 2502 3091 :
2533 3036 2601 3091 Et
2628 3035 2827 3101 infans,
2851 3036 3043 3107 inquit,
3072 3042 3191 3091 erat
3222 3049 3328 3088 non
3353 3047 3552 3088 secun-

304 3123 686 3194 ἀνθρωπότητι
716 3125 833 3195 μὲν.
869 3125 956 3179 διὰ
981 3127 1079 3197 τὴν
1107 3128 1306 3199 σάρκα,
1341 3129 1481 3184 θεῖον
1510 3130 1588 3196 δὲ,
1632 3132 1707 3195 ὼς
1734 3131 1876 3203 ὑπὲρ

1981 3130 2103 3183 dum
2157 3144 2286 3197 nos,
2332 3128 2436 3184 hoc
2471 3137 2586 3191 est,
2618 3143 2723 3183 nou
2775 3128 2828 3182 in
2879 3142 3014 3197 pura
3038 3137 3092 3183 et
3122 3126 3234 3183 sola
3270 3126 3441 3183 nostri
3474 3125 3551 3181 si-

303 3216 474 3285 ἡμᾶς,
522 3216 615 3268 καὶ
647 3214 705 3279 ἐξ
749 3216 1012 3286 οὐρανοῦ;
1062 3219 1171 3272 Καὶ
1218 3219 1378 3272 πάλιν
1425 3222 1484 3273 ὲν
1519 3221 1597 3290 τῷ
1642 3221 1880 3295 δευτέρῳ

301 3306 475 3377 τόμῳ,
514 3305 660 3361 καθά
705 3324 838 3377 φησι
863 3323 877 3338 ο
912 3307 1081 3377 Σῶμα
1125 3310 1234 3381 γὰρ
1262 3307 1332 3382 ἦν
1363 3313 1463 3382 οὐχ
1502 3311 1688 3382 ἑτέρου
1738 3312 1880 3376 τινὸς

302 3399 413 3452 τῶν
437 3399 562 3452 καθ’
588 3401 757 3469 ἡμᾶς,
793 3398 921 3454 tam
944 3401 1002 3454 δὲ
1028 3401 1226 3472 μᾶλλον
1255 3403 1420 3457 αὐτοῦ
1452 3403 1549 3457 τοῦ
1583 3406 1645 3457 ὲκ
1668 3404 1881 3475 Πατρὸς

301 3489 457 3554 ὄντος
487 3491 661 3560 Λόγου
706 3491 767 3544 τὸ
810 3492 1069 3563 γεννηθὲν
1116 3494 1177 3559 ἐξ
1224 3493 1416 3564 αὐτῆς.
1457 3494 1554 3556 Τίς
1602 3495 1714 3564 γὰρ
1758 3489 1880 3547 εἰπέ

303 3596 459 3643 ποτε,
490 3581 572 3632 ὅτι
617 3578 803 3647 ἑτέρου
849 3579 993 3641 τινὸς
1025 3579 1133 3632 τῶν
1165 3581 1259 3633 ἀπ’
1290 3579 1485 3643 αἰῶνος
1522 3581 1742 3648 γέγονεν
1782 3580 1879 3633 ἁν-

304 3669 542 3741 θρώπων
588 3671 622 3740 ἡ
667 3669 970 3740 Δεσποτικὴ
1016 3670 1172 3742 σὰρξ,
1219 3671 1380 3742 τυχὸν
1420 3669 1575 3742 ἢτοῦ
1609 3670 1794 3736 ’Λόελ,
1843 3670 1876 3741 ἢ

301 3763 452 3830 Νῶε,
488 3762 522 3834 ἢ
582 3762 756 3828 Ἠλία,
787 3764 827 3833 1}
854 3780 999 3827 τινος
1030 3764 1140 3817 τῶν
1181 3765 1276 3825 άπτ
1306 3763 1500 3828 αἰῶνος
1537 3762 1876 3835 άνθρώπων;

301 3856 378 3908 οὐ
414 3855 575 3925 μόνον
609 3854 665 3908 δὲ
700 3854 830 3925 περὶ
859 3855 962 3925 τῆς
992 3855 1327 3925 Δεσποτικῆς
1354 3854 1559 3926 σαρκὸς
1584 3854 1880 3923 ’ἀποφαινόο

302 3945 467 4017 μεθα,
512 3946 589 4010 ὡς
637 3946 696 3998 οὑ
737 3946 961 4014 γέγονεν
1004 3947 1191 4018 ἐτέρου
1234 3948 1381 4010 τινὸς
1412 3945 1522 4001 τῶν
1552 3945 1647 3999 ἀπ’
1686 3945 1877 4012 αἰῶνος

296 4035 626 4109 ἀνθρώπων,
654 4037 769 4091 ἀλλ’
813 4037 977 4092 αὐτοῦ
1003 4037 1096 4091 τοῦ
1126 4038 1327 4109 Κυρίου
1363 4037 1489 4103 ἰδία,
1522 4039 1616 4093 καὶ
1657 4038 1812 4110 μόνη,
1840 4040 1873 4109 ἠ

293 4129 642 4200 ἀσυγχύτως,
671 4131 767 4184 καί
796 4129 1115 4200 ἀχωρίστους
1143 4129 1404 4183 ὲνωθεῖσα
1430 4128 1508 4200 τῷ
1535 4127 1653 4199 Θεῷ
1678 4129 1835 4200 Λόγῳ
1859 4147 1871 4160 ·

294 4219 417 4274 ἀλλ’
446 4220 616 4291 eam,
648 4220 765 4284 ἑνὸς
793 4221 1024 4284 ἑκάστου
1056 4219 1213 4290 ἡμῶν
1247 4218 1382 4292 σὰρξ
1404 4221 1592 4289 γέγονέ
1618 4238 1769 4285 ποτῆ
1800 4222 1876 4285 ὡς

295 4312 536 4382 ἔφαμεν,
585 4310 773 4381 ἑτέρου
822 4310 988 4374 τινὸς,
1018 4310 1160 4382 πλὴν
1205 4310 1412 4365 ἐκείνου
1472 4306 1537 4373 οὗ,
1564 4313 1681 4365 ἐστι
1720 4311 1872 4383 σάρξ.

295 4404 506 4457 Τούτου
534 4403 713 4457 τοίνυν
743 4403 893 4474 παρὰ
924 4405 1057 4457 πᾶσι
1097 4407 1210 4468 τοῖς
1247 4404 1349 4475 τῆς
1391 4405 1714 4476 Ἐκκλησίας
1745 4408 1874 4476 όμο-

1983 3219 2309 3286 militudine,
2345 3221 2440 3276 sed
2466 3221 2521 3275 in
2568 3220 2905 3276 humanitate
2932 3220 3147 3290 quidem
3177 3227 3400 3289 propter.
3433 3233 3552 3273 car-

1982 3326 2125 3377 nem,
2159 3312 2375 3367 divinus
2395 3322 2574 3368 autem
2595 3323 2855 3382 tanquam
2875 3327 3036 3383 supra
3057 3326 3177 3376 nos,
3203 3320 3274 3374 εις
3288 3312 3354 3366 de
3373 3310 3553 3366 οωιοῖ

1980 3403 2045 3458 Et
2106 3404 2303 3459 iterum
2340 3405 2392 3458 in
2427 3406 2669 3461 secundo
2697 3414 2844 3460 tomo
2875 3405 2957 3460 sic
2989 3404 3066 3460 ait
3099 3424 3113 3459 :
3146 3403 3356 3475 Corpus
3404 3404 3549 3458 enim

1980 3493 2097 3563 ejus
2126 3508 2236 3550 non
2282 3504 2401 3551 erat
2443 3495 2667 3551 alterius
2698 3496 2929 3566 alicujus
2959 3511 2992 3552 e
3041 3497 3214 3553 nostri
3260 3494 3547 3559 similibus,

1978 3584 2074 3640 sed
2132 3584 2313 3655 potius
2366 3586 2868 3656 propriumipsius
2924 3586 3242 3642 exsistentis
3277 3601 3344 3640 ex
3386 3584 3550 3640 Patre

1985 3670 2148 3728 Verbi
2171 3688 2237 3729 ex
2264 3688 2328 3729 ea
2368 3682 2578 3729 natum.
2607 3674 2739 3741 Quis
2768 3674 2910 3731 enim
2935 3675 3226 3744 aliquando
3253 3675 3389 3729 dixit
3425 3675 3552 3743 quia

1979 3762 2207 3820 alterius
2238 3762 2466 3832 alicujus
2493 3765 2763 3819 asseculo
2797 3765 3075 3819 hominum
3118 3764 3260 3819 facta
3299 3773 3383 3819 est
3423 3779 3550 3819 cara

1980 3850 2287 3923 Dominica,
2312 3854 2480 3909 veluti
2511 3853 2666 3921 Abel,
2706 3863 2801 3908 aut
2826 3852 2958 3919 Noe,
3004 3864 3099 3909 aut
3126 3855 3275 3921 Elim,
3312 3864 3406 3913 aut
3450 3870 3545 3908 cu.-

1973 3946 2207 4016 juspiam
2241 3960 2272 3999 a
2302 3945 2499 4000 saeculo
2547 3944 2869 4001 hominum?
2898 3943 3014 3999 Non
3049 3944 3222 4000 solum
3270 3952 3451 3998 autem
3486 3946 3552 4001 de

1978 4037 2257 4093 Dominica
2285 4050 2449 4091 carne
2480 4036 2767 4090 deﬁnimus
2812 4036 2935 4105 quia
2969 4035 3110 4090 facta
3165 4050 3271 4090 non
3320 4044 3408 4090 est
3447 4050 3548 4088 cu-

1975 4127 2211 4198 juspiam
2231 4126 2456 4182 alterius
2482 4127 2637 4198 191
2667 4143 2697 4181 a
2719 4127 2915 4183 saeculo
2936 4127 3237 4191 hominum,
3253 4128 3347 4189 sed
3376 4127 3548 4196 ipsius

1980 4218 2191 4273 Domini
2223 4217 2442 4287 propria
2465 4228 2520 4273 et
2543 4219 2682 4283 sola,
2717 4233 2837 4288 qua:
2862 4215 3151 4283 inconfnse
3192 4227 3245 4272 et
3270 4217 3547 4284 insepara-

1978 4306 2161 4364 biliter
2190 4308 2342 4363 unita
2364 4316 2446 4363 est
2473 4308 2582 4365 Deo
2614 4308 2789 4365 Verbo
2817 4331 2829 4365 :
2864 4310 2957 4365 sed
2987 4324 3162 4379 neque
3208 4306 3551 4375 uniuscujuSr

1979 4414 2087 4469 que
2113 4414 2243 4454 caro
2272 4399 2417 4454 facta
2444 4409 2529 4454 est
2558 4399 2873 4470 aliquando,
2927 4400 3066 4455 sicut
3102 4399 3438 4463 dicebamus,
3477 4400 3553 4452 al-

294 4478 652 4567 λογουμένου,
682 4495 732 4549 τί
757 4496 905 4567 αὐτῷ
942 4496 1188 4566 βούλεται
1232 4497 1294 4550 τὸ
1324 4499 1559 4568 συνεχῶς
1606 4497 1741 4551 ἰδίαν
1773 4499 1872 4552 αὑ-

1983 4490 2152 4546 terius
2179 4491 2434 4561 alicujus,
2473 4493 2577 4555 nisi
2626 4493 2771 4552 illius
2799 4492 2953 4560 cuius
2990 4500 3074 4547 est
3114 4506 3264 4546 caro.
3296 4490 3413 4545 lloc
3451 4492 3554 4544 ita-

292 4588 400 4658 τὴν
439 4588 642 4655 λέγειν,
677 4589 725 4639 εἰ
761 4588 835 4657 μὴ
866 4588 972 4658 ἄρα
1002 4586 1209 4659 ἐξαίρει
1253 4589 1423 4660 αὐτὴν
1452 4588 1547 4643 τοῦ
1594 4585 1732 4642 εἶναι
1774 4589 1876 4658 τῆς

295 4680 575 4750 ἡμετέρας
615 4679 867 4748 (passing;
902 4680 1025 4743 Ιιῶς
1062 4680 1120 4732 δὲ
1161 4681 1255 4733 καὶ
1296 4666 1626 4753 ἀπαγορεύει
1663 4682 1736 4751 μὴ
1768 4682 1876 4734 δεῖν

292 4769 558 4839 λέγεσθαι
600 4769 953 4841 συνημμένην
986 4771 1082 4841 μὲν
1108 4771 1256 4841 αὐτῷ
1288 4773 1434 4826 κατὰ
1451 4774 1549 4845 τὴν
1575 4772 1750 4837 ἀξίαν,
1784 4772 1877 4825 καὶ

294 4860 613 4926 αὐθεντίαν,
641 4860 805 4923 αὐτὸς
841 4860 1015 4928 λέγων
1044 4864 1102 4914 ὲν
1130 4860 1208 4931 τῷ
1247 4861 1447 4932 πρώτῳ
1487 4862 1672 4932 τόμῳῤ
1721 4860 1876 4915 Οὕτω

293 4952 408 5023 γὰρ
441 4954 537 5005 καὶ
565 4955 729 5023 ἡμεῖς
755 4952 822 5023 τῇ
872 4952 1080 5005 ἐκείνου
1110 4953 1350 5023 πτωχείᾳ
1390 4952 1869 5022 πεπλουτήκαμεν,

288 5042 762 5111 ἀνακομισθείσης
793 5044 849 5093 ὲν
878 5041 1025 5110 αὐτῷ
1055 5042 1152 5111 τῆς
1185 5042 1527 5112 ἀνθρωπείας
1557 5042 1768 5109 φύσεως
1793 5043 1872 5104 εἰς

286 5131 514 5201 ἀξίωμα
566 5132 627 5185 τὸ
670 5131 991 5202 θεοπρεπές;
1053 5132 1190 5190 Ἀλλ’
1235 5133 1395 5201 ἡμεῖς
1443 5132 1684 5201 εἴπωμεν
1725 5130 1874 5201 αὐτῷ

285 5225 697 5294 ἑναντιουμένῳ
732 5228 824 5277 καὶ
852 5224 1059 5293 ἑαυτῷ-
1096 5223 1159 5277 Εἰ
1182 5224 1361 5277 τοίνυν
1389 5225 1447 5277 αἰ
1471 5224 1660 5293 φύσεις
1691 5226 1877 5293 μένου-

288 5332 381 5370 σιν
430 5316 746 5386 ἁσύγχυτοι,
786 5316 933 5384 μένει
964 5316 1020 5368 δὲ
1055 5316 1147 5368 καὶ
1192 5318 1223 5384 ἡ
1254 5317 1475 5378 ἓνωσις·
1514 5316 1690 5385 φαμὲν
1720 5315 1774 5368 δὲ
1810 5315 1876 5367 τὰ

368 5495 413 5527 ³³
445 5496 641 5566 Epltes.
676 5512 732 5557 μ,
765 5496 816 5546 6.

1979 4596 2084 4651 que
2111 4596 2234 4636 cum
2256 4586 2601 4651 apudpmnes
2632 4581 2887 4635 Ecclesiae
2918 4580 3056 4634 ﬁlios
3087 4580 3157 4634 sit
3184 4581 3237 4633 in
3276 4579 3550 4647 confesso,

1968 4671 2102 4740 'quid
2138 4673 2240 4726 sibi
2276 4671 2414 4736 vult,
2445 4672 2587 4741 quod
2615 4686 2759 4739 saepe
2787 4670 3060 4738 propriam
3087 4685 3207 4724 eam
3234 4671 3402 4736 dicit,
3448 4671 3552 4731 nisi

1979 4763 2120 4820 forte
2165 4763 2376 4832 excepit
2409 4776 2530 4815 eam
2561 4778 2592 4816 a
2621 4772 2805 4817 nostra
2834 4772 3028 4815 natura
3058 4761 3081 4814 ?
3139 4760 3418 4827 Quomodo
3453 4777 3551 4822 au,—

1981 4863 2084 4907 tem
2125 4852 2291 4907 etiam
2336 4853 2657 4918 interdicit,
2711 4867 2779 4907 ne
2840 4853 3069 4913 dicatur;
3100 4869 3396 4910 connexum
3431 4867 3552 4907 esse

1978 4944 2026 4998 ei
2065 4945 2359 4999 secundum
2397 4944 2715 5013 dignitatem
2759 4953 2814 4999 et
2843 4945 3252 5010 auctoritatem,
3285 4959 3408 4998 cum
3437 4943 3551 5010 ipse

1979 5036 2206 5091 dicatin
2241 5036 2413 5106 primo
2441 5044 2583 5091 tomo
2616 5056 2629 5090 :
2669 5037 2761 5091 Sic
2784 5038 2929 5092 enim
2968 5048 3022 5092 et
3078 5053 3175 5092 nos
3235 5037 3376 5090 illius
3420 5048 3552 5102 pau-

1982 5137 2192 5196 pertate
2230 5127 2381 5181 ditati
2409 5142 2619 5196 sumus,
2662 5129 2876 5183 elevata
2907 5129 2961 5183 in
2994 5142 3059 5183 eo
3087 5129 3329 5183 humana
3358 5133 3551 5179 natura

1982 5217 2035 5271 in
2069 5217 2384 5288 dignitatem
2416 5218 2525 5274 Deo
2552 5220 3008 5276 convenientem?
3039 5218 3144 5273 Sed
3175 5231 3273 5270 nos
3309 5215 3551 5270 dicamus

1983 5315 2051 5379 ci,
2078 5313 2166 5383 qui
2199 5313 2518 5367 adversatur
2545 5314 2706 5367 etiam
2737 5312 2837 5368 sibi
2866 5313 2967 5382 ipsi
3009 5327 3020 5361 :
3053 5311 3109 5365 Si
3141 5310 3304 5379 igitur
3347 5317 3550 5363 natura:

1366 5645 1533 5697 Variae
1566 5645 1821 5698 lectiones
1851 5662 1911 5699 ex
1948 5620 2133 5699 addice
2162 5647 2533 5715 chuicriano.

368 5751 398 5789 J'
434 5742 549 5794 Ξδῐα.
635 5749 654 5775 ι
690 5735 1080 5796 συνεκάθισεν;
1118 5736 1223 5787 καί.
1306 5748 1324 5771 η
1362 5736 1418 5787 τὸ
1458 5735 1551 5804 ’.ὴν
1580 5737 1825 5789 ἐλάττου,

1925 5756 1930 5771 ‘
1972 5736 2043 5797 ὡς
2078 5737 2244 5801 ξένῦξ).

2704 5733 2728 5773 (ί
2765 5734 2925 5802 ἴσως,
2969 5737 3024 5789 οὐ
3053 5734 3195 5789 καθ’.

2324 5750 2342 5770 “
2369 5736 2625 5805 δηλονότι.
