4014 6128
461 360 562 418 371

1448 356 1504 412 S.
1556 352 1835 418 CYRILLI
1875 353 2340 411 ALEXANDRl-Nl
2381 353 2700 428 ABCHIEP.

3601 354 3711 412 3'72

461 470 756 528 inconfusaa
783 481 1022 540 manent,
1047 480 1223 541 manet
1248 482 1426 528 autem
1455 483 1511 528 et
1544 475 1761 540 unitas;
1794 473 2025 530 dicimus

2131 474 2228 544 τῆς
2279 475 2724 544 προσκυνήσεως.
2776 471 2869 525 καὶ
2913 471 3213 542 δυνάμεως,
3255 487 3348 523 και
3392 468 3570 540 ἀξίας,
3619 477 3711 530 καὶ

461 578 590 618 vero
611 564 1005 631 adorationem,
1027 573 1081 620 et
1109 565 1387 630 virtutem,
1408 576 1464 619 et
1481 565 1824 636 dignitatem,
1851 576 1903 621 et
1921 581 2024 635 au-_

461 654 792 721 ctoritatem,
822 664 1074 725 tanquam
1095 656 1185 710 uni
1205 655 1341 710 Filio
1362 655 1543 711 oﬂ‘erri
1561 657 1781 723 debere,
1801 671 2022 712 manen-

463 744 607 816 tibus
643 745 854 799 naturis
893 745 943 799 in
982 747 1189 801 unitate
1231 746 1531 802 inconfusis
1563 763 1578 800 :
1614 748 1661 803 si
1692 748 1822 818 quid
1856 757 2026 803 restat

460 835 624 902 aliud,
664 836 805 903 quod
834 837 1122 892 certiorem
1161 838 1426 894 unitatem
1458 839 1728 908 exprimat
1776 849 1834 895 et
1874 841 2024 895 dabi-

461 940 602 992 tuus,
636 935 689 979 et
719 928 1143 996 consentiemus,
1175 940 1328 985 extra
1373 929 1747 985 confusionem
1778 931 2025 988 videlicet

460 1025 800 1085 naturarum.
834 1015 939 1071 Sed
974 1018 1321 1087 perspicuum
1355 1026 1440 1074 est
1476 1018 1602 1088 quia
1636 1020 1685 1074 ei
1717 1020 1853 1075 nihil
1884 1021 2026 1077 suﬂi-

459 1105 530 1169 ιιὶι
564 1105 632 1160 ad
662 1121 932 1181 summam
966 1108 1248 1184 unitatem,
1279 1109 1385 1183 nisi
1431 1117 1492 1164 ut
1526 1115 1750 1187 naturas
1801 1110 2023 1188 confun-

459 1194 566 1262 dat.
603 1192 708 1260 Sed
737 1211 837 1251 nos
868 1205 1090 1254 naturas
1114 1199 1332 1270 quidem
1359 1199 1686 1272 exsisteutes
1713 1201 2025 1266 inconfusas

459 1285 820 1354 servabimus,
850 1288 1221 1358 unitatemque
1257 1304 1546 1356 summam,
1587 1301 1640 1345 et
1669 1291 1904 1346 divinam
1925 1335 1938 1359 ,
1970 1304 2025 1350 et

463 1374 616 1446 nobis
649 1376 1250 1447 incomprehensibilem
1297 1380 1659 1450 conﬁtemur;
1715 1383 1900 1438 omnia
1957 1385 2024 1440 ad

459 1464 901 1542 gloriﬁcationem
928 1478 1188 1546 tanquam
1204 1471 1310 1526 Deo
1332 1479 1394 1526 et
1416 1473 1506 1527 uni
1533 1472 1676 1527 Filio
1704 1472 2022 1540 offerentes,

461 1564 517 1608 et
541 1555 782 1613 dicentes
813 1560 862 1612 ei
898 1560 1038 1631 beati
1068 1547 1212 1624 Petri
1243 1576 1436 1638 vocem
1482 1582 1495 1618 :
1553 1582 1570 1613 ι
1629 1562 1708 1617 Tu
1757 1577 1813 1618 es
1859 1564 2023 1638 Chri-

461 1652 577 1701 stus
603 1646 769 1704 Filius
803 1648 895 1703 Dei
927 1650 1029 1704 vivi
1056 1649 1124 1704 ιι.
1160 1671 1177 1702 ι
1313 1633 1329 1639 ’ί
1433 1633 1436 1638 ’
1573 1637 1576 1640 ’
1655 1637 1657 1639 ’
1931 1637 1959 1642 ”

977 1757 1163 1830 Cyrillt'
1191 1763 1444 1831 defensio.

535 1867 948 1928 Exacuebantur
969 1873 1261 1944 aliquando
1285 1875 1351 1929 ad
1374 1876 1713 1932 iracundiam
1736 1879 2023 1946 scelestam

460 1960 706 2016 infelices
735 1961 944 2030 Judaei,
995 1967 1177 2020 animo
1233 1967 1498 2064 vulne{ati
1546 1968 1764 2024 invidia:
1807 1971 2021 2039 jaculis.

459 2053 597 2118 Quia
628 2067 756 2108 vero
785 2068 951 2125 super
989 2057 1102 2112 haec
1146 2058 1310 2112 etiam
1345 2053 1536 2128 impias
1566 2059 1871 2117 inferebant
1913 2079 2053 2133 mag

459 2156 561 2209 nus
587 2140 804 2197 Christo
842 2145 1089 2218 omnium,
1110 2156 1353 2201 nostrum
1378 2143 1677 2214 Salvatori',
1727 2159 1891 2207 tantae
1932 2169 2027 2207 au-

457 2233 626 2287 daciae
649 2249 844 2311 causas
863 2249 957 2306 eos
981 2235 1205 2305 jubebat
1218 2239 1435 2293 edicere
1456 2257 1468 2292 :
1491 2256 1510 2290 ι
1550 2238 1734 2304 Multa.
1753 2243 2023 2311 inquiens,

456 2320 598 2376 bona
625 2337 788 2394 opera
817 2327 1026 2381 ostendi
1081 2329 1232 2383 vobis
1266 2345 1333 2396 ex
1377 2329 1540 2384 Patre
1589 2346 1712 2386 meo
1741 2373 1755 2397 ,
1809 2345 2027 2405 propter

459 2415 604 2478 quod
627 2414 818 2470 borum
847 2431 984 2486 opus
1006 2433 1089 2472 me
1117 2418 1366 2489 lapidatis
1390 2422 1479 2475 ".1?
1509 2423 1579 2476 At
1611 2423 1684 2477 illi
1719 2427 1785 2479 ad
1820 2430 2026 2481 tantam

463 2505 823 2574 temeritatem
847 2519 902 2563 et
942 2509 1273 2583 impietatem
1312 2515 1704 2584 cogitationum
1739 2528 2023 2588 venerunt,

461 2605 519 2668 ιιι
561 2598 726 2664 etiam
777 2600 1097 2666 criminibus
1136 2604 1486 2676 blasphemia:
1535 2624 1656 2664 eum
1711 2611 2029 2668 molirentur

459 2685 816 2760 pbstringere.
849 2689 1110 2757 Dicebant
1133 2694 1278 2763 enim
1318 2713 1331 2750 :
1376 2714 1395 2758 ι
1436 2696 1511 2762 De
1544 2697 1688 2755 bono
1726 2715 1890 2771 opere
1921 2718 2026 2757 non

460 2775 758 2851 iupidamus
787 2787 861 2841 te.
877 2781 968 2836 sed
1002 2783 1066 2839 de
1091 2784 1442 2853 blasphemia,
1467 2786 1589 2850 quia
1615 2795 1692 2856 tu,
1724 2790 1883 2846 homo
1906 2806 2027 2847 cum

459 2864 554 2931 sis,
587 2867 720 2940 facis
749 2870 978 2939 teipsttm
1040 2872 1208 2928 Deum
1256 2875 1321 2929 ³⁸.
1362 2893 1380 2927 ι
1431 2876 1578 2931 Dixit
1613 2888 1794 2933 autem
1827 2882 1893 2935 ad
1936 2893 2030 2937 eos

460 2957 741 3034 Salvator:
768 2976 791 3031 ι
830 2960 986 3030 192
1008 2960 1193 3018 Nonne
1210 2964 1472 3034 scriptum
1495 2976 1578 3021 est
1597 2968 1646 3020 in
1670 2967 1785 3036 lege
1812 2979 2026 3024 vestra:

402 3068 406 3072 ι
459 3048 572 3117 Ego
607 3051 716 3126 dixi
755 3067 770 3104 :
822 3053 903 3108 Dii
951 3055 1122 3110 estis?
1165 3055 1222 3111 Si
1255 3055 1376 3112 illos
1403 3057 1542 3112 dixit
1591 3059 1744 3123 deos,
1777 3060 1843 3114 ad
1895 3075 2029 3130 quos

2126 567 2432 632 αύθεντίας,
2463 566 2539 629 ὡς
2561 566 2641 619 ένὶ
2660 565 2773 635 Υίῷ
2806 552 3403 636 προσφέρεσθαιᾶξιον,
3435 567 3713 634 μενουσῶν

2121 656 2230 712 τῶν
2276 655 2490 726 φύσεων
2530 655 2588 707 ὲν
2619 656 2684 726 τῇ
2718 652 2907 707 ένώσει
2936 651 3289 722 ἀσυγχύτωνο
3341 653 3393 706 τί
3426 663 3451 692 ε
3496 654 3716 718 ύπολείτ

2126 763 2284 799 πεται
2331 745 2540 815 ἕτερον,
2574 743 2608 814 ἦ
2661 742 3052 814 ἀκριϐέστερον
3083 742 3182 813 τὴν
3217 743 3238 782 ί
3295 745 3492 796 ἕνωσιν
3534 763 3709 816 χαρατ

2123 836 2396 908 κτηρίζει,
2422 837 2514 890 καὶ
2541 835 2807 905 δώσομεν,
2843 835 2936 889 καὶ
2984 834 3385 905 συνθησόμεθα,
3421 835 3583 897 ἐκτὸς
3611 837 3709 906 τῆς

2123 928 2233 982 τῶν
2265 928 2480 996 φύσεων
2528 927 2858 997 συγχύσεως.
2915 926 3077 982 Ἀλλά
3112 925 3381 997 πρόδηλον
3434 927 3512 990 ὡς
3558 927 3708 979 οὐδὲν

2125 1017 2273 1088 αύτῷ
2298 1018 2520 1088 ἐξαρκεῖ
2541 1017 2601 1070 τὸ
2623 1018 2720 1089 τῆς
2765 1016 3012 1080 ένώσεως
3054 1016 3244 1086 ἀκρον,
3277 1016 3351 1088 μὴ
3378 1016 3477 1081 τὰς
3517 1017 3707 1086 φύσεις

2127 1106 2427 1178 συγχέοντι.
2473 1107 2611 1160 Ἀλλ’
2644 1109 2802 1179 ἡμεῖς
2833 1108 2932 1170 τὰς
2970 1107 3068 1178 μὲν
3107 1107 3299 1177 φύσεις
3343 1107 3507 1172 οὔσας
3531 1109 3704 1176 ἀσυγτ

2125 1198 2319 1269 χύτους
2372 1198 2678 1269 φυλάξομεν
2724 1202 2782 1264 εξ,
2833 1199 2928 1253 καὶ
2969 1199 3070 1270 τὴν
3119 1197 3316 1271 ἕνωσιν
3363 1199 3555 1270 ἄκραν,
3607 1201 3700 1253 καὶ

2127 1273 2298 1354 θείαν,
2345 1272 2438 1344 καὶ
2489 1286 2619 1361 ἡμῖν
2661 1290 3044 1360 ἀκατάληπτον
3083 1287 3476 1360 ὁμολογοῦμεν,
3526 1289 3700 1343 πάντα

2127 1383 2206 1447 εἰς
2249 1381 2553 1451 δοξολογίαν
2585 1381 2660 1443 ὡς
2708 1380 2825 1452 Θεῷ
2859 1381 2954 1434 καὶ
3002 1380 3083 1435 ὲνὶ
3127 1379 3239 1449 Υἱῷ
3283 1379 3706 1456 προσφέροντες,

2127 1471 2219 1526 καὶ
2247 1472 2494 1540 λέγοντες
2523 1471 2673 1542 αύτῷ
2703 1470 2799 1541 τὴν
2827 1470 2921 1524 τοῦ
2947 1470 3216 1539 μακαρίου
3249 1469 3458 1538 Πέτρου
3490 1469 3702 1538 φωνήνθ

2133 1582 2151 1636 ι
2287 1559 2338 1615 εἷ
2364 1565 2392 1616 6
2421 1562 2651 1634 Χριστὸς
2679 1563 2706 1615 ό
2738 1562 2862 1624 Υἱὸς
2889 1559 2983 1630 τοῦ
3012 1559 3148 1632 Θεοῦ
3185 1560 3278 1615 τοῦ
3310 1559 3531 1624 ζῶντος.
3575 1577 3593 1611 ι

2583 1767 2904 1835 Ἀπολογία
2931 1766 3256 1834 Κυρίλλου.

2199 1882 2574 1953 Κατεθήγοντό
2597 1900 2724 1936 ποτε
2752 1883 2886 1952 πρὸς
2910 1882 3156 1944 ἀνοσίους
3175 1881 3344 1951 ὀργὰς
3364 1882 3413 1933 oi
3443 1881 3554 1934 τῶν
3579 1883 3705 1934 Ἰου-

2125 1971 2285 2043 δαίων
2314 1972 2494 2042 δῆμοι,
2526 1973 2635 2034 τοῖς
2664 1972 2688 2011 ιι
2725 1971 2816 2025 τοῦ
2841 1971 3034 2040 φθόνου
3072 1970 3245 2040 βέλεσι
3275 1969 3363 2022 τὸν
3401 1969 3529 2023 νοῦν
3566 1988 3706 2024 κατ-

2125 2061 2515 2133 ηκοντισμένοι.
2537 2061 2752 2132 Ἐπειδὴ
2772 2060 2846 2128 δὲ,
2870 2061 2999 2132 πρὸς
3019 2060 3195 2125 τοῦτο,
3214 2061 3304 2113 καὶ
3325 2059 3420 2123 τάς
3443 2060 3709 2130 βεϐήλους

2129 2151 2394 2222 ἐπέφερον
2423 2153 2611 2222 χεῖρας
2647 2150 2725 2220 τῷ
2759 2152 2973 2204 πάντων
3017 2151 3174 2222 ἡμῶν
3213 2150 3430 2219 Σωτῆρι
3459 2151 3704 2221 Χριστῷ,

2127 2245 2234 2298 τῶν
2261 2243 2516 2298 τοιούτων
2546 2244 2744 2304 αὐτοὺς
2769 2242 3134 2312 τολμημάτων
3181 2242 3277 2304 τὰς
3317 2241 3498 2304 αἰτίας
3529 2243 3705 2294 εἰπεῖν

2125 2339 2478 2402 διεκελεύετο,
2507 2336 2679 2406 λέγων
2705 2353 2717 2366 ·
2756 2355 2774 2388 ι
2812 2335 2988 2388 Πολλὰ
3019 2334 3158 2388 καλά
3200 2334 3334 2404 ἔργα
3363 2332 3534 2397 ἔδειξα
3572 2334 3708 2402 ὑμῖν

2127 2430 2191 2481 ὲκ
2219 2429 2312 2481 τοῦ
2361 2427 2574 2500 Πατρός
2609 2444 2736 2498 μου,
2770 2425 2858 2479 διὰ
2889 2427 3040 2479 ποῖον
3085 2424 3264 2477 αὐτῶν
3295 2424 3451 2495 ἔργον
3476 2424 3574 2492 ἐμὲ
3615 2423 3706 2489 1t.-~

2130 2517 2350 2584 θάζετες
2384 2538 2402 2571 ι
2435 2521 2497 2571 Οἱ
2525 2517 2579 2570 δὲ
2605 2513 2739 2590 ἦχον
2765 2518 2845 2580 είς
2872 2515 3030 2569 τοῦτο
3053 2515 3373 2583 δυσϐουλίας
3398 2533 3454 2567 τε
3485 2513 3623 2584 όμοῦ
3656 2516 3704 2591 i,

2128 2611 2222 2663 καὶ
2261 2610 2605 2680 ἀνοσιότητος
2635 2609 2876 2672 ἐννοιῶν,
2910 2607 3051 2661 ὥστε
3097 2609 3189 2662 καὶ
3220 2610 3333 2670 τοῖς
3365 2608 3462 2677 τῆς
3500 2606 3707 2677 δυσφη-

2131 2702 2259 2771 μίας
2287 2702 2456 2771 ὲγκλή
2467 2718 2598 2771 μασι
2623 2697 2971 2771 περιϐάλλειν
3002 2699 3320 2771 ἐπεχείρουν
3346 2697 3390 2754 i.
3428 2699 3706 2766 Ἐφασκον

2127 2792 2268 2864 γάρ·
2326 2811 2344 2842 ι
2391 2793 2527 2863 Περὶ
2565 2791 2730 2846 καλοῦ
2779 2791 2943 2862 ἔργου
2997 2792 3057 2845 οὐ
3103 2789 3395 2860 λιθάζομέν
3445 2807 3525 2854 σε,
3570 2789 3700 2842 ἀλλά

2127 2883 2256 2953 περὶ
2287 2880 2652 2953 βλασφημίας,
2684 2882 2766 2935 ὅτι
2803 2883 2890 2948 σὺ,
2914 2881 3198 2951 ἄνθρωπος
3217 2879 3312 2943 ὢν,
3341 2882 3515 2941 ποιεῖς
3548 2896 3699 2932 σεαυ-

2127 2972 2220 3026 τὸν
2267 2973 2419 3026 Θεόν.
2461 2992 2480 3025 ›
2532 2974 2677 3044 ’Ἔφη
2726 2971 2782 3025 δέ
2836 2989 2939 3024 που
2975 2971 3112 3041 πρὸς
3147 2970 3347 3032 αὐτοὺς
3397 2971 3426 3038 6
3480 2969 3693 3038 Σωτήρ·

2137 3080 2156 3114 ι
2210 3063 2324 3116 Ούκ
2370 3061 2487 3115 ἔστι
2517 3061 2901 3135 γεγραμμένον
2935 3061 2993 3113 ἔν
3024 3058 3102 3127 τῷ
3137 3058 3286 3128 νόμῳ
3329 3057 3515 3126 ὑμῶν’
3563 3055 3705 3126 Ἐγὼ

459 3157 640 3216 sermo
671 3145 764 3198 Dei
799 3143 974 3214 factus
1004 3155 1107 3212 est,
1127 3157 1183 3200 et
1208 3161 1312 3203 non
1339 3159 1514 3216 potest
1542 3151 1676 3205 solvi
1704 3151 2020 3221 Scriptura:

2131 3151 2280 3220 εἶπα,
2311 3153 2432 3208 Θεοί
2460 3155 2614 3218 ὲστες
2658 3153 2720 3208 Ei
2748 3151 2988 3214 ἐκείνους
3015 3145 3134 3203 εἷπε
3161 3148 3339 3210 θεοὺς,
3370 3147 3508 3216 πρὸς
3542 3145 3635 3208 οὓς
3675 3146 3704 3215 6

458 3248 618 3299 quem
651 3233 812 3289 Pater
848 3236 1228 3302 sanctiticavit,
1259 3249 1314 3293 et
1342 3240 1489 3311 misit
1521 3241 1572 3294 in
1616 3243 1897 3310 mundum,
1931 3259 2027 3300 vos

461 3324 642 3385 dicitis
711 3326 840 3395 quia
891 3327 1243 3398 Blasphemas
1273 3366 1290 3393 ,
1337 3331 1462 3399 quia
1520 3331 1666 3395 dixi,
1722 3332 1890 3388 Filius
1933 3334 2025 3390 Dei

462 3430 582 3468 sum
595 3415 679 3484 "2
706 3435 724 3468 ι
749 3415 854 3470 Nos
877 3431 1004 3472 vero
1026 3418 1312 3489 diligenter
1335 3429 1740 3494 perscrutantes
1756 3423 2028 3494 missionis

467 3504 694 3560 formam
720 3547 736 3572 ,
772 3507 840 3562 de
888 3522 992 3577 qua
1025 3508 1114 3564 hic
1143 3509 1342 3566 dicitur
1395 3526 1427 3567 e
1479 3514 1650 3576 sacris
1687 3512 1986 3584 Scripturis
2010 3559 2026 3583 ,

461 3597 581 3669 ejus
607 3597 681 3652 rei
712 3599 993 3654 scientiam
1022 3600 1344 3671 colligimus.
1382 3603 1524 3666 Dicit
1575 3605 1737 3673 igitur
1771 3607 1883 3676 ipse
1933 3625 2028 3678 per

465 3702 652 3755 vocem
680 3688 834 3745 Isaia:
862 3705 877 3744 :
914 3709 932 3743 ι
959 3692 1192 3760 Spiritus
1224 3693 1430 3748 Domini
1454 3710 1615 3766 super
1643 3713 1728 3752 me
1761 3715 1775 3750 :
1812 3709 2030 3770 propter

463 3777 606 3850 quod
637 3781 789 3832 unxit
813 3794 917 3846 me,
950 3782 1320 3851 evangelizare
1363 3773 1691 3857 pauperibus
1734 3786 1881 3842 misit
1922 3803 2027 3853 me,

466 3861 518 3923 et
559 3870 851 3943 praedicare
877 3872 1103 3938 captivis
1145 3873 1543 3939 remissionem,
1598 3885 1652 3930 et
1683 3878 1841 3932 catcis
1872 3881 2030 3949 resti-

466 3961 729 4016 tutionem
766 3963 913 4032 visus
949 3964 1015 4020 ³⁸.
1057 3984 1074 4018 ι
1118 3963 1340 4022 Missum
1386 3981 1517 4028 vero
1556 3968 1791 4025 dicimus
1834 3968 2028 4025 Filium

463 4069 492 4107 a
522 4053 712 4119 Patre,
750 4053 949 4123 factum
977 4057 1271 4128 hominem.
1317 4058 1489 4123 Valde
1529 4060 1674 4114 enim
1725 4072 2030 4131 congruunt

461 4144 846 4216 exinanitio‘nis
864 4147 1130 4216 mensuris
1157 4147 1431 4213 missionis
1453 4164 1651 4211 nomen
1676 4156 1730 4203 et
1759 4163 1868 4204 res.
1905 4147 2030 4204 Mis-

461 4253 581 4291 sum
615 4239 800 4308 itaque
830 4249 948 4303 est.
993 4239 1151 4294 sicuti
1198 4239 1332 4305 dixi,
1378 4256 1483 4295 non
1509 4241 1711 4296 nudum
1746 4252 1798 4295 et
1829 4242 2032 4312 absque

462 4342 624 4383 carne
647 4327 902 4395 Verbum,
919 4329 1058 4396 quod
1077 4337 1239 4386 estex
1261 4330 1368 4384 Deo
1390 4327 1568 4402 Patre;
1589 4330 1681 4384 sed
1698 4330 2032 4384 nativitatem

469 4419 646 4485 potius
679 4419 974 4473 secundum
1010 4433 1228 4474 carnem
1257 4419 1496 4484 subiens,
1531 4419 1582 4473 id
1611 4430 1714 4482 est,
1744 4435 1940 4489 corpus
1967 4436 2032 4475 ex

2125 3245 2282 3313 λόγος
2325 3244 2418 3298 τοῦ
2451 3243 2584 3298 Θεοῦ
2631 3242 2868 3312 ἐγένετο,
2913 3241 3007 3310 καὶ
3039 3240 3100 3293 ού
3141 3238 3364 3304 δύναται
3405 3238 3636 3306 λυθῆναι
3670 3239 3704 3309 ὴ

2127 3335 2339 3406 Γραφὴ,
2383 3335 2442 3388 ὃν
2473 3336 2501 3387 6
2531 3335 2719 3405 Πατὴρ
2748 3333 2967 3404 ὴγίασε,
3013 3332 3106 3386 καὶ
3147 3330 3466 3385 ἀπέστειλεν
3507 3330 3590 3391 είς
3615 3329 3708 3381 τὸν

2129 3427 2362 3498 κόσμον,
2404 3428 2558 3498 ὑμεῖς
2603 3427 2825 3494 λέγετε,
2858 3426 2939 3478 ὅτι
2984 3412 3363 3492 Βλασφημεῖς,
3393 3422 3475 3475 ὅτι
3528 3416 3708 3484 εἷπον,

2131 3521 2257 3584 Υἱὸς
2298 3518 2434 3572 Θεοῦ
2465 3520 2613 3589 sitit;
2653 3537 2670 3570 ι
2704 3515 3197 3587 Περιεργαζόμενοι
3226 3515 3282 3567 δὲ
3307 3515 3470 3585 ἡμεῖς
3497 3512 3595 3580 τῆς
3621 3513 3710 3564 ὲνι

2130 3608 2255 3663 θάδε
2286 3609 2586 3679 λεγομένης
2623 3606 2924 3673 ἀποστολῆς
2951 3605 3042 3658 τὸν
3063 3604 3284 3676 τρόπον,
3315 3606 3379 3656 ὲκ
3411 3603 3516 3655 τῶν
3544 3601 3709 3672 ἱερῶν

2127 3682 2482 3770 Γραμμάτων
2506 3697 2603 3767 τὴν
2632 3698 2723 3750 ἐπὶ
2756 3696 2890 3767 τῷδε
2916 3695 3115 3764 γνῶσιν
3143 3693 3522 3766 ὲρανιζόμεθα.
3557 3693 3709 3761 Ἔφη

2128 3791 2305 3846 τοίνυν
2340 3790 2502 3852 αὐτὸς
2528 3789 2617 3842 διά
2647 3789 2827 3858 φωνῆς
2875 3787 3095 3840 Ἦσαῖου
3119 3801 3132 3814 ·
3175 3805 3192 3837 ι
3246 3783 3467 3854 Πνεῦμα
3500 3783 3710 3852 Κυρίου

2132 3882 2217 3944 ἐπ’
2250 3880 2350 3950 ἐμέ
2371 3896 2385 3910 ο
2416 3873 2476 3934 οὗ
2505 3879 2689 3931 ἕνεκεν
2717 3876 2900 3947 ἔχρισέ
2945 3893 3012 3946 με
3032 3891 3044 3903 ·
3076 3871 3527 3942 εὐαγγελίσασθαι
3561 3886 3711 3922 πτω-

2132 3977 2245 4044 χοῖς
2282 3971 2589 4027 ἀπέσταλκέ
2646 3987 2746 4038 με,
2794 3966 3027 4038 κηρύξαι
3077 3963 3443 4034 αἰχμαλώτοις
3491 3961 3711 4030 ἄφεσιν,

2133 4048 2228 4128 καὶ
2256 4063 2474 4129 τυφλοῖς
2503 4057 2814 4126 ἀνάϐλεψιν.
2853 4075 2869 4107 ι
2914 4053 3273 4108 Ἀπεστάλθαι
3304 4051 3361 4105 δέ
3408 4067 3587 4120 φαμεν
3613 4049 3714 4102 τὸν

2133 4153 2260 4206 Υίὸν
2283 4151 2432 4222 παρὰ
2457 4149 2548 4203 τοῦ
2581 4151 2813 4219 Πατρὸς,
2839 4147 3128 4218 γενόμενον
3155 4144 3439 4215 ἄνθρωπον
3459 4162 3472 4174 ·
3505 4141 3710 4212 πρέποι

2134 4243 2243 4314 γὰρ
2271 4242 2336 4308 ἂν
2363 4243 2455 4296 καὶ¹
2485 4242 2628 4312 μάλα
2658 4239 2832 4312 ὀρθῶς
2872 4240 2983 4301 τοῖς
3021 4238 3121 4308 τῆς
3163 4234 3448 4297 κενώσεως
3489 4233 3713 4304 μέτροις

2133 4335 2317 4404 τὸτῆς
2344 4333 2647 4402 ἀποστολῆς
2693 4329 2863 4399 ὄνομά
2908 4346 2963 4382 τε
3009 4329 3100 4383 καὶ
3139 4327 3349 4397 χρῆμα.
3400 4323 3710 4393 Ἀπεστάλη

2137 4426 2212 4491 δὲ,
2244 4425 2318 4487 ὠς
2345 4423 2502 4494 ἔφην,
2530 4423 2590 4476 οὐ
2625 4421 2849 4492 γυμνὸς,
2891 4420 2986 4474 καὶ
3010 4419 3249 4489 ἄσαρκος
3276 4419 3304 4470 6
3335 4417 3402 4468 ὲκ
3437 4413 3570 4468 Θεοῦ
3597 4415 3714 4466 Πα-

469 4497 658 4590 sancta
684 4509 902 4581 Virgine
924 4521 1262 4579 assumptum
1294 4509 1639 4568 ineﬂabiliter
1665 4521 1721 4566 et
1752 4512 2028 4567 iuconfuse

2137 4517 2261 4588 τρὸς
2290 4515 2483 4583 Λόγος,
2513 4513 2762 4583 γέννησιν
2791 4512 2848 4565 δὲ
2881 4509 3078 4580 μᾶλλον
3109 4507 3408 4578 ὑπομείνας
3439 4505 3538 4575 τὴν
3569 4505 3714 4557 κατά

466 4601 567 4653 sibi
597 4601 814 4665 uniens,
839 4604 981 4656 sicut
1015 4602 1316 4671 saepissime
1349 4603 1582 4657 diximus
1605 4644 1620 4670 ,
1666 4622 1684 4655 ι
1724 4603 1899 4662 illuxit
1930 4619 2027 4658 no-

469 4691 560 4766 bis
595 4692 733 4756 Deus
765 4693 1047 4760 Dominus,
1086 4713 1105 4746 ›
1141 4697 1434 4751 secundum
1461 4696 1859 4766 Scripturas”.
1901 4695 2032 4751 Pro-

470 4783 648 4852 prium
675 4784 839 4852 igitur
870 4801 1067 4856 corpus
1089 4789 1318 4844 dicimus
1366 4788 1566 4845 factum
1598 4805 1718 4847 esse
1751 4790 1929 4855 Verbi,
1975 4800 2034 4845 et

471 4889 578 4951 non
635 4875 870 4943 hominis
928 4877 1154 4945 alicujus
1198 4881 1425 4936 seorsim
1477 4891 1534 4935 et
1583 4890 1866 4950 separate,
1914 4891 2036 4934 tan-

468 4980 632 5037 quam
672 4965 810 5022 alius
842 4976 1040 5037 praeter
1071 4968 1219 5040 illum
1253 4971 1503 5027 Christus
1530 4981 1586 5027 et
1627 4971 1795 5028 Filius
1835 4972 2036 5027 intelli-

473 5070 657 5132 gatur.
711 5059 1176 5128 Quemadmodum
1219 5071 1398 5135 autem
1452 5063 1875 5135 uniuscujusque
1939 5080 2035 5122 no-

467 5162 642 5206 strum
674 5151 951 5221 proprium
981 5152 1178 5210 dicitur
1225 5134 1441 5223 corpus,
1475 5155 1616 5223 quod
1664 5134 1880 5226 proprie
1918 5155 2034 5225 ejus

469 5251 571 5317 est,
606 5243 681 5297 ita
707 5252 763 5298 et
792 5245 843 5299 in
879 5259 989 5300 uno
1021 5243 1239 5318 Christo
1281 5254 1364 5301 est
1404 5245 1832 5318 intelligendum.
1890 5245 2023 5300 Nam

2141 4609 2338 4678 σάρκα,
2373 4608 2492 4677 ἦτοι
2535 4605 2692 4672 σῶμα
2739 4602 2914 4656 λαϐὼν
2947 4603 3010 4654 ὲκ
3055 4601 3153 4670 τῆς
3197 4597 3359 4666 ἁγίας
3404 4594 3710 4665 Παρθένου,

2137 4696 2296 4751 τοῦτό
2332 4713 2391 4749 τε
2438 4696 2728 4766 ἀφράστως
2772 4693 2867 4746 καὶ
2899 4689 3219 4760 ἀσυγχύτως
3267 4686 3472 4748 ὲνώσας
3507 4683 3711 4753 ἑαυτῷ,

2142 4789 2285 4843 καθά
2315 4789 2632 4850 πλειστάκις
2653 4788 2974 4857 εἰρήκαμεν,
3009 4803 3026 4834 ι
3058 4781 3328 4850 ὲπέφανεν
3352 4780 3483 4848 ἡμῖν
3520 4778 3549 4830 ὁ
3577 4775 3716 4838 Θεὸς

2141 4882 2364 4952 Κύριος,
2419 4901 2437 4933 ι
2493 4880 2634 4934 κατά
2683 4879 2779 4942 τὰς
2819 4875 3062 4948 Γραφάς.
3116 4873 3278 4946 Ἰδιον
3314 4867 3406 4924 οῦν
3445 4869 3506 4921 τὸ
3551 4867 3719 4936 σῶμά

2143 4991 2324 5043 φαμεν
2353 4971 2608 5040 γενέσθαι
2635 4969 2729 5023 τοῦ
2771 4969 2964 5036 Λόγου,
2994 4965 3090 5018 καὶ
3116 4965 3216 5016 οὐκ
3248 4959 3539 5032 ἀνθρώπου
3565 4957 3721 5020 τινὸς

2144 5063 2346 5128 ίδικῶς,
2377 5065 2472 5116 καὶ
2503 5060 2919 5132 κεχωρισμένως
2956 5057 3141 5126 ἑτέρου
3191 5055 3321 5123 παρῖ
3362 5049 3524 5104 αὑτὸν
3556 5064 3723 5103 νοου-

2146 5157 2305 5228 μένου
2357 5153 2589 5224 Χριστοῦ
2641 5151 2733 5204 καὶ
2789 5148 2938 5202 Υίοῦ.
2998 5148 3208 5216 Ὥσπερ
3263 5144 3320 5196 δὲ
3373 5141 3503 5195 [διον
3549 5139 3721 5210 ἡμῶν

2134 5246 2360 5298 ὲκάστου
2407 5242 2624 5312 λέγεται
2664 5239 2821 5308 σῶμα
2872 5236 2931 5290 τὸ
2981 5233 3162 5297 ίδικῶς
3192 5228 3380 5294 αὑτοῦ,
3425 5228 3571 5281 οὕτω
3615 5229 3724 5281 καὶ

543 5399 583 5470 ξδ
625 5401 813 5456 Matth.
846 5419 966 5466 xvt.
1006 5405 1088 5460 16.
1169 5404 1212 5436 ³⁵
1245 5400 1402 5458 Joan.
1432 5420 1495 5470 κ,
1525 5405 1612 5461 52.
1703 5403 1747 5436 ³⁸
1777 5403 1906 5459 ibid.
1933 5403 2021 5457 55.

2131 5403 2155 5432 ⁸⁷
2184 5402 2310 5456 ibid.
2347 5402 2531 5455 ὅτι-56.
2625 5399 2668 5429 ³⁸
2701 5401 2800 5453 lsa.
2833 5408 2949 5458 LXI,
2985 5392 3044 5454 ι,
3079 5389 3149 5455 2;
3187 5386 3319 5443 Luc.
3345 5399 3432 5448 tv,
3465 5381 3531 5439 l8
3554 5420 3571 5448 ,
3625 5383 3724 5438 i9.

477 5468 520 5525 Ψ
549 5469 687 5524 Psal.
715 5486 878 5538 cxvn,
909 5475 996 5527 ‘27.

1539 5600 1711 5655 Varia:
1737 5599 1994 5654 lectiones
2020 5612 2081 5652 ex
2111 5598 2296 5652 codice
2324 5595 2691 5665 Seguieriano.

555 5747 574 5774 °
602 5745 686 5798 ῖσ.
719 5743 855 5796 είτι.
939 5743 954 5780 ί
994 5744 1019 5796 ὃ
1052 5741 1441 5814 ἀκριϐεστέραν
1473 5741 1587 5810 τήν.
1668 5740 1691 5777 ⁸
1721 5736 2059 5818 φυλάξωμεν.

2136 5737 2161 5777 h
2190 5735 2411 5798 τάλανες
2452 5734 2710 5798 Ἰουδαῖοι,
2741 5735 2866 5795 τοῖς.
2951 5731 2965 5772 ἱ
2998 5728 3126 5801 ἅμα.
3207 5723 3219 5775 i
3257 5725 3583 5806 ἐπιχειρεῖν,
