3970 6136
264 232 425 318 ἰιεε

1289 252 1663 311 ADVERSUS
1701 250 2509 313 ANTHROPOMORPIHTAS.

3414 259 3553 316 M26

283 379 437 433 θειαν
458 392 471 407 ’
520 374 743 431 ἐπειδὰν
784 374 841 430 δέ
887 372 1150 444 στάσιμον
1187 372 1411 444 γένηται
1441 373 1503 426 τὸ
1534 372 1723 439 κακὸν,
1754 372 1875 425 τότε

1995 387 2093 425 .nm
2122 373 2455 441 pervenerit,
2485 378 2614 427 tunc
2640 373 2873 441 primum
2899 382 3072 427 artem
3098 386 3248 427 suam
3275 372 3551 440 adhibent,

282 470 383 541 τὴν
410 468 607 540 τέχνην
647 468 932 537 ἐπάγουσι,
967 465 1295 536 ἐκφανείσης
1339 465 1522 534 πάσης
1551 463 1648 536 τῆς
1676 464 1832 517 νόσου
1853 479 1866 493 °

284 560 460 625 οὕτως
486 560 584 614 καὶ
608 560 737 622 τοὺς
764 557 952 621 κακῶς
979 555 1202 626 ἔχοντας
1229 556 1329 627 τὴν
1365 553 1543 626 ψυχὴν
1586 553 1869 624 ίατρεύων,

285 654 385 724 τὴν
411 652 477 707 ἐκ
506 652 704 715 κακίας
726 649 880 705 νόσον
921 648 1198 718 ἀνέμεινε,
1290 643 1605 716 κατεκράθη
1626 645 1660 715 ἡ
1685 643 1869 713 φύσις,

289 747 473 799 πᾶσαν
512 741 940 811 ἐκκαλυφθῆναι,
971 739 1048 802 ὡς
1095 737 1162 792 ἂν
1215 737 1380 808 μηδὲν
1413 734 1519 807 τῶν
1553 733 1864 805 κεκρυμμέ-

293 854 399 891 νων
430 833 800 905 ἀθεράπευτον
831 829 1053 901 μείνειε·
1080 827 1173 881 τοῦ
1212 826 1396 899 ἰατροῦ
1433 826 1591 897 μόνον
1621 826 1681 879 τὸ
1707 824 1871 894 φανὲν

295 926 707 998 θεραπεύοντος.
740 923 851 976 Καὶ
872 921 960 975 διὰ
985 918 1146 974 τοῦτο
1182 917 1306 972 οὔτε
1331 918 1473 972 κατὰ
1492 918 1618 980 τοὺς
1646 917 1873 988 καιροὺς

292 1020 386 1075 τοῦ
434 1016 578 1080 Νῶε,
608 1017 792 1085 πάσης
827 1012 1032 1085 σαρκὸς
1063 1013 1121 1065 ἐν
1169 1010 1357 1083 ἀδικίᾳ
1403 1007 1870 1080 καταφθαρείσης,

295 1114 488 1181 ἐπάγει
517 1109 605 1164 διὰ
640 1109 739 1179 τῆς
775 1107 912 1170 ίδίας
944 1101 1245 1203 ἐμφανείας
1272 1103 1372 1172 τὴν
1414 1101 1575 1168 ἴασιν,
1603 1100 1684 1154 ὅτι
1721 1099 1873 1153 οῦπω

289 1204 389 1275 τῆς
430 1201 729 1269 Σοδομικῆς
770 1188 981 1259 κακίας’
1014 1195 1043 1246 6
1081 1191 1309 1263 βλαστὸς
1332 1189 1532 1261 ἐξεφύη
1557 1207 1572 1225 ο
1614 1189 1732 1242 οὐδὲ
1780 1188 1872 1242 ἐπὶ

289 1295 383 1347 τοῦ
408 1290 602 1362 καιροῦ
631 1290 732 1359 τῆς
758 1288 1008 1358 Σοδόμων
1040 1282 1427 1354 καταστροφῆς
1453 1284 1482 1334 6
1513 1280 1716 1351 Κύριος
1746 1280 1873 1348 φαί-

198 1358 212 1372 ’
293 1402 462 1445 νεται,
494 1358 628 1436 διότι
654 1358 825 1434 πολλὰ
865 1378 974 1432 τῶν
1002 1376 1309 1431 ὑπολοίπων
1348 1373 1536 1428 κακῶν
1562 1375 1629 1444 τῇ
1661 1370 1873 1442 ἀνθρω-

295 1481 426 1552 πίνῃ
454 1478 532 1531 ἔτι
577 1474 984 1547 κατεκρύπτετο
1031 1472 1213 1541 φύσει,
1264 1470 1375 1524 Ποῦ
1408 1469 1515 1540 γὰρ
1546 1470 1576 1522 6
1606 1467 1875 1537 θεομάχος

294 1567 532 1639 Φαραώ;
564 1567 667 1620 ποῦ
710 1564 820 1619 τῶν
850 1563 1163 1633 Αἰγυπτίων
1192 1564 1226 1633 ή
1268 1561 1576 1629 ἀδάμαστος
1606 1558 1870 1629 πονηρία;

297 1662 373 1715 Ού
416 1662 522 1731 μὴν
551 1658 672 1712 οὐδὲ
704 1657 826 1712 τότε
859 1656 936 1726 τῷ
964 1654 1230 1727 διορθωτῇ
1263 1652 1357 1706 τοῦ
1391 1650 1591 1713 παντὸς
1620 1649 1875 1721 εὔκαιρον

1978 478 2101 518 cum
2128 463 2241 533 jam
2284 472 2430 518 totus
2461 463 2684 519 morbus
2711 477 2771 518 se
2803 463 3120 518 exeruerit:
3156 462 3226 516 ita
3267 462 3431 516 etiam
3462 478 3557 517 cos

1978 554 2069 622 qui
2105 555 2299 610 anima:
2325 555 2470 610 vitiis
2498 555 2754 611 laborant
2783 569 3008 621 curans,
3050 555 3238 610 morbo
3268 568 3337 609 ex
3369 554 3556 622 nequi-

1979 647 2052 699 tia
2110 648 2348 703 curando
2403 648 2669 716 tantisper
2724 646 3075 715 supersedit,
3130 647 3303 701 donec
3359 654 3558 699 natura

1979 736 2239 806 quidquid
2281 738 2334 792 in
2369 752 2431 793 se
2483 739 2609 793 mali
2645 738 2880 794 habebat
2925 746 3095 793 totum
3146 737 3441 807 patefecit,
3492 752 3559 792 ne

1979 829 2107 897 quid
2139 829 2340 885 occulti
2372 830 2678 886 iucuratum
2706 831 3131 907 relinqueretur:
3165 845 3285 883 cum
3320 829 3560 883 medicus

1978 934 2039 974 ea
2074 928 2284 973 tantum
2312 935 2431 989 quae.
2465 930 2731 990 apparent
2766 931 2941 976 curet.
2987 920 3192 974 Idcirco
3220 933 3394 987 neque
3422 927 3559 972 tem-

1980 1011 2199 1078 poribus
2226 1008 2361 1076 Noe,
2399 1027 2522 1065 cum
2550 1013 2726 1067 omnis
2756 1027 2886 1067 caro
2917 1012 2970 1064 in
3000 1011 3284 1079 iniquitate
3307 1016 3559 1079 corrupta

1979 1110 2167 1166 esset,
2208 1100 2546 1170 apparitione
2584 1117 2680 1156 sua
2729 1102 2995 1156 medelam
3039 1100 3194 1155 affert
3224 1117 3236 1153 :
3262 1098 3387 1168 quia
3424 1112 3562 1151 nun-

1980 1195 2105 1248 dnm
2137 1193 2485 1248 Sodomiticte
2521 1194 2777 1264 nequitiae
2804 1208 3027 1264 germen
3059 1192 3383 1260 epullularat
3410 1210 3423 1244 :
3460 1205 3555 1244 ne—

1980 1300 2084 1354 qne
2120 1301 2185 1340 eo
2223 1296 2463 1354 tempore
2493 1299 2600 1353 quo
2641 1283 3001 1340 Sodomorum
3040 1268 3187 1338 urbs.
3211 1298 3401 1338 eversa
3438 1281 3559 1345 fuit,

1984 1377 2241 1431 Dominus
2291 1381 2584 1446 apparuit:
2620 1364 2747 1445 quia
2801 1376 2966 1428 umlta
3013 1376 3191 1429 adhuc
3225 1375 3277 1428 in
3327 1373 3560 1427 humana

1982 1469 2159 1523 anima
2193 1469 2319 1521 vitia
2348 1468 2761 1521 delitescehant.
2803 1466 2902 1521 Ubi
2933 1467 3075 1520 enim
3109 1464 3369 1518 adversus
3395 1463 3560 1517 Deum

1984 1560 2192 1613 bellans
2222 1558 2470 1612 Pharao?
2495 1558 2585 1612 ubi
2614 1556 2999 1628 Egyptiornm
3029 1556 3292 1611 indomita
3326 1554 3565 1607 malitia?

1982 1644 2052 1697 At
2108 1661 2176 1698 ne
2240 1654 2350 1697 tum
2416 1645 2635 1713 quidem
2684 1647 2849 1699 totius
2906 1646 3146 1700 universi
3209 1643 3560 1699 instauraturi

300 1754 414 1822 (ἐπί
443 1753 553 1805 τῶν
592 1750 905 1817 Αἰγυπτίων
937 1748 1079 1816 λέγω
1108 1746 1322 1813 κακῶν)
1358 1742 1766 1813 καταμιχθῆναι
1800 1741 1879 1812 τῷ

1995 1743 2348 1803 opportunum
2407 1734 2580 1787 visunt
2636 1732 2737 1786 fuit
2777 1733 2922 1803 (post
2971 1731 3251 1804 Egyptia,
3312 1734 3557 1800 inquam,

301 1844 423 1915 βίῳ.
466 1842 603 1896 Ἀλλ’
635 1842 743 1895 ἔδει
769 1842 860 1895 καὶ
891 1840 997 1894 τῶν
1030 1836 1381 1910 Ἰσραηλιτῶν
1404 1836 1502 1907 τὴν
1534 1833 1878 1908 παρανομίαν

300 1938 601 2009 ἀναφῆναν
651 1934 758 1988 ἔδει
809 1932 1031 2001 καὶτῆς
1095 1928 1396 1998 Ἀσσυρίων
1442 1924 1735 1997 βασιλείας,
1785 1924 1881 1978 καὶ

300 2029 393 2083 τοῦ
438 2024 925 2097 Ναϐουχοδονόζωρ
953 2021 1052 2094 τὴν
1083 2017 1494 2092 ύπερηφανείαν
1537 2016 1882 2087 ὑποσμύχον-

303 2140 401 2175 σαν
429 2120 509 2173 ἔτι
534 2118 613 2190 τῷ
641 2117 742 2189 βίῳ
772 2114 1014 2185 φανεράν
1035 2111 1318 2183 γενέσθαι·
1350 2111 1457 2164 ἔδει
1482 2100 1579 2179 τὴν
1606 2109 1746 2163 κατά
1773 2107 1881 2162 τῶν

300 2208 476 2261 ὁσίων
493 2204 824 2275 μιαιφονίαν,
857 2199 969 2256 οἷόν
998 2218 1121 2256 τινα
1150 2199 1386 2270 πονηρὸν
1424 2197 1711 2269 ἀκανθώδη
1757 2198 1884 2269 βλα-

304 2298 429 2351 στὸν
474 2299 572 2366 τῆς
617 2294 795 2362 κακῆς
841 2292 936 2347 τοῦ
982 2289 1229 2346 διαϐόλου
1295 2288 1451 2361 ῥίζης
1512 2289 1880 2361 ἀναδραμεῖν

301 2391 408 2444 ἔδει
455 2389 556 2459 τὴν
605 2386 714 2440 τῶν
758 2384 1026 2438 Ἰουδαίων
1059 2382 1203 2438 κατὰ
1249 2381 1358 2436 τῶν
1407 2381 1578 2450 ἁγίων
1626 2380 1720 2433 τοῦ
1749 2379 1883 2434 Θεοῦ

306 2479 684 2551 φανερωθῆναι
725 2477 948 2539 λύσσαν,
993 2474 1104 2529 τῶν
1145 2474 1274 2539 τοὺς
1324 2474 1610 2545 προφήτας
1644 2474 1878 2527 ἀποκτα-

305 2571 524 2631 νόντων,
553 2568 647 2622 καὶ
684 2565 1101 2620 λιθοϐολούντων
1129 2566 1254 2628 τοὺς
1286 2563 1757 2635 ἀπεσταλμένους,
1792 2563 1887 2618 καὶ

307 2661 457 2723 τέλος
493 2658 584 2713 τοῦ
611 2657 741 2713 ναοῦ
771 2657 865 2710 καὶ
886 2655 977 2710 τοῦ
1009 2653 1399 2726 θυσιαστηρίου
1432 2653 1636 2725 μεταξὺ
1665 2653 1725 2707 τὸ
1746 2653 1888 2707 κατά

306 2750 399 2803 τὸν
433 2748 707 2820 Ζαχαρίαν
738 2747 867 2817 ἄγος
912 2746 1326 2817 ἐργασαμένων.
1375 2744 1618 2816 Πρόσθες
1669 2744 1749 2815 τῷ
1784 2761 1885 2798 κα-

308 2842 517 2910 ταλόγῳ
546 2841 655 2893 τῶν
686 2837 938 2908 πονηρῶν
980 2835 1398 2917 βλαστημάτων,
1435 2837 1530 2888 καὶ
1573 2835 1668 2888 τοῦ
1712 2834 1887 2906 Ἠρώ-

306 2935 397 2986 δου
429 2933 525 3002 τὴν
559 2930 931 3000 παιδοφονίαν.
977 2929 1127 2982 Ἐπεὶ
1164 2923 1258 2983 οῦν
1287 2929 1439 2981 πᾶσα
1476 2928 1573 2999 τῆς
1607 2926 1806 2991 κακίας
1852 2928 1886 2998 ἡ

307 3024 533 3093 δύναμις
578 3024 642 3076 ἐκ
672 3022 768 3092 τῆς
800 3020 1042 3090 πονηρᾶς
1072 3017 1231 3088 ῥίζης
1261 3017 1508 3089 ἀνεδόθη,
1541 3018 1635 3071 καὶ
1673 3017 1890 3071 πολυει-

307 3117 410 3180 δῶς
439 3116 644 3185 ηὔξησε
672 3115 730 3167 ἐν
774 3116 893 3175 ταῖς
941 3111 1295 3183 προαιρέσεσι
1344 3109 1451 3162 τῶν
1485 3108 1607 3162 καθ’
1654 3109 1892 3178 ἑκάστην
1919 3089 1963 3147 C

310 3207 523 3275 γενεὰν,
566 3209 630 3277 τῇ
680 3206 851 3276 κακίᾳ
896 3204 1228 3274 ἀγνωρίμως
1275 3201 1697 3272 ύλομανησάσῃ,
1749 3200 1891 3266 τότε,

311 3300 492 3363 καθώς
523 3316 654 3370 φησι
692 3298 832 3371 πρὸς
874 3296 1197 3367 Ἀθηναίους
1240 3295 1269 3345 6
1298 3293 1531 3358 Παῦλος,
1571 3310 1589 3343 ι
1633 3292 1771 3354 Τοὺς
1792 3291 1894 3361 τῆς

310 3390 530 3458 ἀγνοίας
559 3388 782 3459 χρόνους
819 3384 1091 3455 ὑπεριδὼν
1134 3386 1161 3435 6
1186 3383 1337 3446 Θεὸς,
1382 3384 1478 3436 ἐπὶ
1505 3381 1615 3433 τῶν
1647 3380 1894 3450 ἐσχάτων

314 3478 536 3549 ἡμερῶν
569 3476 956 3547 παραγίνεται,
1016 3492 1034 3525 ι
1070 3474 1158 3525 ὅτε
1190 3473 1291 3524 οὐκ
1327 3467 1395 3542 ἦν
1429 3474 1456 3525 6
1507 3469 1725 3535 συνιὼν,
1769 3468 1894 3523 οῦτε

314 3571 416 3621 οὐκ
442 3564 509 3635 ἦν
553 3569 580 3619 ὁ
610 3565 855 3636 ἐκζητῶν
896 3566 989 3617 τὸν
1042 3564 1194 3628 Θεὸν,
1226 3563 1317 3616 ὅτε
1367 3563 1565 3625 πάντες
1597 3561 1894 3627 ἐξέκλιναν,

320 3658 436 3727 ἆμα
486 3656 888 3728 ἠχρειώθησαν,
939 3657 1029 3710 ὅτε
1072 3654 1426 3724 συνεκλείσθη
1474 3654 1543 3707 τὰ
1598 3654 1773 3707 πάντα
1819 3654 1899 3716 είς

324 3748 618 3819 ἁμαρτίαν,
651 3749 741 3801 ὅτε
787 3747 1115 3799 ἐπλεόνασεν
1156 3748 1190 3816 ἡ
1240 3745 1503 3816 ἀμαρτία,
1555 3745 1643 3798 ὅτε
1676 3744 1809 3815 πρὸς
1840 3744 1899 3797 τὸ

323 3841 619 3910 ἀκρότατον
653 3839 850 3909 μέτρον
900 3838 929 3890 6
966 3838 1063 3906 τῆς
1094 3836 1291 3898 κακίας
1322 3833 1524 3907 ηὔξησε
1554 3834 1746 3904 ζόφοςο
1778 3834 1901 3887 τότε

323 3932 569 4001 ἐπεφάνη
613 3933 647 4002 ἡ
697 3932 880 4001 χάρις,
914 3929 1033 3982 τότε
1064 3930 1097 3999 ἠ
1130 3927 1225 3981 τοῦ
1254 3926 1509 3999 ἀληθινοῦ
1541 3927 1715 3997 φωτὸς
1743 3926 1900 3990 ἀκτὶς

324 4025 661 4088 ἐπανέτειλε,
692 4023 813 4077 τότε
842 4022 1116 4092 ἐπέφανεν
1158 4023 1186 4075 6
1213 4022 1315 4093 τῆς
1346 4020 1690 4091 δικαιοσύνης
1711 4020 1900 4083 Ἤλιος

322 4118 434 4180 τοῖς
457 4118 513 4169 ἐν
535 4115 715 4169 σκότει
745 4114 839 4168 καὶ
870 4115 997 4185 σκιᾷ
1027 4111 1379 4183 καθημένοις,
1413 4111 1536 4164 τότε
1570 4110 1668 4176 τὰς
1700 4110 1900 4175 πολλὰς

326 4207 567 4278 κεφαλὰς
594 4206 688 4260 τοῦ
716 4207 1008 4278 δράκοντος
1038 4204 1384 4267 συνέθλασεν,
1416 4202 1611 4267 ἐπιὸἀς
1658 4202 1736 4272 τῷ
1778 4202 1901 4255 ποδὶ

325 4299 411 4353 διά
453 4300 549 4369 τῆς
579 4298 930 4369 ἀνθρωπίνης
961 4296 1182 4368 σαρκὸς,
1212 4295 1307 4349 καὶ
1342 4297 1408 4366 τῇ
1452 4297 1523 4366 γῇ
1555 4294 1902 4365 προσθλάσας

1989 1824 2151 1895 mala)
2183 1826 2305 1878 vita:
2333 1824 2570 1879 misceri.
2603 1822 2900 1895 Oportebat
2925 1827 3069 1879 enim
3103 1825 3266 1879 etiam
3298 1824 3567 1880 Israelita-

1991 1933 2105 1971 ru:n
2132 1915 2297 1987 395
2325 1916 2746 1971 inoliedientiam
2782 1918 3153 1983 manifestari;
3202 1916 3487 1986 oportebat
3513 1927 3567 1970 et

1989 2010 2139 2077 regni
2179 2008 2530 2076 Assyriorum
2580 2019 2633 2064 et
2667 2007 3175 2064 Nabuchodonozor
3213 2009 3568 2078 ﬂagrantissi-

1991 2115 2137 2154 mam
2179 2099 2491 2168 superbiam
2536 2096 2881 2154 manifestam
2931 2100 3048 2154 ﬁeri
3083 2101 3408 2170 :0portebat
3442 2112 3569 2154 san-

1991 2203 2203 2248 ctorum
2242 2193 2444 2247 cedem
2485 2192 2648 2247 veluti
2682 2206 2908 2261 pravum
2945 2192 3163 2260 aliquod
3201 2204 3256 2245 et
3288 2193 3566 2261 spinosum

1992 2286 2149 2340 malae
2199 2284 2395 2341 diaboli
2452 2284 2655 2340 radicis
2705 2299 2926 2354 germen
2983 2284 3570 2354 excitarizoportebat

1990 2372 2307 2432 Judaeorum
2368 2375 2629 2431 adversus
2661 2384 2882 2431 sanctos
2932 2374 3027 2429 Dei
3091 2375 3295 2429 rabiem
3350 2373 3571 2429 manife-

1992 2468 2152 2531 SIari,
2197 2466 2558 2522 occidentium
2591 2467 2902 2536 prophetas,
2927 2477 2980 2520 et
3006 2480 3097 2521 eos
3119 2465 3210 2534 qui
3240 2465 3389 2519 missi
3414 2474 3572 2527 erant

1994 2563 2263 2633 lapidibus
2302 2562 2677 2627 obruentium,
2723 2576 2789 2617 ac
2823 2561 3037 2617 tandem
3084 2561 3366 2630 piaculare
3396 2559 3573 2614 scelus

1994 2657 2050 2710 in
2082 2654 2406 2709 Zachariam
2437 2653 2580 2708 inter
2612 2654 2786 2724 ipsum
2817 2654 2989 2710 altare
3012 2664 3066 2710 et
3097 2653 3353 2723 templum
3381 2667 3572 2722 perpe-

1996 2746 2252 2815 trantium
2276 2762 2292 2813 ;
2317 2745 2455 2801 adde
2480 2746 2644 2801 etiam
2669 2747 2916 2817 catalogo
2940 2762 3223 2818 pravorum
3246 2745 3571 2816 germinum,

2000 2838 2287 2892 infantium
2347 2839 2550 2894 caadem
2615 2838 2684 2893 ab
2724 2838 2939 2895 Herode
2998 2849 3384 2908 perpetratum.
3437 2837 3574 2892 Cum

2000 2930 2161 2998 igitur
2200 2930 2381 2984 omnis
2421 2929 2475 2983 in
2522 2929 2837 2984 universum
2886 2931 3141 3005 nequitiae
3181 2930 3264 2983 vis
3296 2943 3360 2982 ex
3411 2942 3577 2998 prava

1999 3020 2182 3076 radice
2212 3020 2456 3087 emersit,
2483 3020 2774 3089 multisque
2808 3020 2987 3075 modis
3024 3019 3271 3075 excrevit
3300 3019 3354 3072 in
3386 3017 3577 3073 volun-

1998 3113 2201 3169 tatibus
2235 3128 2299 3185 a_c
2325 3113 2521 3168 studiis
2546 3127 2644 3182 per
2671 3126 3110 3181 unamquamque
3141 3108 3573 3182 generationem,

1999 3204 2202 3259 malitia
2245 3204 2552 3275 promiscue
2595 3203 2946 3258 luxuriante:
2979 3211 3091 3257 tum
3146 3202 3388 3266 demum,
3434 3202 3579 3256 sicut

1997 3296 2074 3350 ait
2118 3298 2183 3350 ad
2228 3296 2591 3361 Athenienses
2636 3295 2855 3360 Paulus,
2900 3312 2920 3346 ι
2964 3294 3285 3365 Ignorantia:
3337 3303 3579 3361 tempora

1999 3388 2304 3458 despiciens
2351 3388 2512 3454 Deus,
2560 3386 2767 3442 ultimis
2817 3386 3157 3457 temporibus
3201 3384 3513 3451 advenit";
3553 3402 3572 3435 ι

1998 3498 2124 3537 cum
2169 3498 2274 3538 non
2311 3491 2456 3537 esset
2487 3482 2578 3552 qui
2624 3482 2968 3552 intelligeret,
3015 3495 3190 3551 neque
3241 3480 3581 3536 inveniretur

1999 3573 2090 3642 qui
2148 3584 2417 3641 quaereret
2469 3573 2633 3627 Deum
2678 3590 2694 3628 :
2737 3574 2955 3643 quando
3003 3587 3193 3627 omnes
3237 3572 3581 3627 decliuarant

1999 3664 2267 3736 simulque
2299 3664 2517 3718 inutiles
2547 3662 2674 3717 facti
2716 3675 2892 3726 erant,
2922 3664 3142 3732 quando
3174 3665 3356 3718 omnia
3401 3663 3579 3732 impli-

2000 3767 2119 3813 cata
2156 3757 2375 3811 fuerunt
2420 3754 2643 3821 malitia,
2686 3753 2903 3823 quando
2933 3754 3227 3808 abundavit
3265 3765 3573 3823 peccatum,

2000 3849 2216 3919 quando
2267 3848 2334 3901 ad
2388 3860 2654 3901 summam
2723 3860 3031 3900 mensuram
3087 3845 3343 3913 nequitia:
3401 3846 3578 3915 caligo

1999 3938 2246 3993 excrevit
2275 3950 2293 3991 :
2320 3946 2470 4001 tunc,
2506 3936 2741 4005 inquam,
2782 3934 3036 4004 apparuit
3071 3935 3266 4004 gratia,
3308 3943 3437 3989 tunc
3463 3938 3575 3989 veri

2002 4031 2223 4087 luminis
2252 4031 2435 4086 radius
2461 4028 2683 4095 effulsit,
2715 4037 2843 4085 tunc
2873 4036 3095 4084 exortus
3123 4038 3205 4084 est
3233 4028 3325 4084 Sol
3351 4028 3577 4098 iustitiae

2002 4127 2071 4180 iis
2099 4123 2190 4194 qui
2234 4123 2288 4178 in
2343 4123 2579 4177 tenebris
2612 4134 2776 4192 atque
2807 4122 2862 4177 iu
2895 4124 3082 4177 umbra
3133 4122 3414 4188 sedebant,
3450 4130 3577 4178 tunc

2004 4217 2170 4272 multa
2216 4210 2394 4284 capita
2433 4213 2688 4269 draconis
2733 4214 3013 4280 contrivit,
3047 4215 3184 4285 pede
3235 4213 3326 4268 illa
3360 4215 3578 4283 procul-

2003 4323 2137 4364 cans
2176 4322 2272 4377 per
2297 4307 2589 4361 humanam
2639 4321 2882 4369 carnem,
2919 4314 3187 4377 terraque
3227 4305 3380 4360 illisit
3418 4315 3578 4375 atque

326 4392 421 4445 καὶ
439 4392 853 4463 καταπατήσας.
886 4391 996 4444 Καὶ
1017 4390 1207 4461 μηδεὶς
1236 4388 1371 4460 πρὸς
1394 4388 1461 4442 τὰ
1490 4387 1585 4440 νῦν
1610 4389 1670 4439 ἐν
1691 4386 1771 4457 τῷ
1801 4387 1888 4457 βίῳ

2004 4400 2277 4470 protrivit.
2330 4397 2521 4468 Neque
2560 4413 2689 4453 vero
2734 4398 3000 4468 quispiam
3064 4399 3118 4451 in
3163 4398 3411 4467 pratsenti
3456 4399 3579 4452 vitae

328 4482 758 4552 καταψεύδεσθαι
790 4481 1056 4553 νομιζέτω
1098 4482 1188 4535 τὸν
1216 4480 1395 4549 λόγον,
1428 4479 1549 4532 καθ’
1578 4480 1637 4532 ὃν
1683 4482 1741 4532 ἐν
1790 4481 1900 4542 τοῖς

327 4576 653 4638 τελευταίοις
701 4576 913 4646 χρόνοις
967 4576 1147 4646 φαμὲν
1198 4574 1503 4645 ἐπιλάμψαι
1552 4572 1630 4643 τῷ
1676 4573 1776 4643 βίῳ
1813 4577 1904 4626 τὸν

327 4668 550 4739 Κύριον.
578 4668 725 4738 Ἑρεῖ
760 4666 868 4738 γὰρ
897 4667 927 4718 6
952 4667 1251 4736 ἀντιλέγων
1283 4668 1446 4737 τυχὸν
1466 4706 1481 4731 ,
1522 4666 1604 4719 ὅτι
1637 4665 1743 4718 Τὸν
1772 4666 1903 4718 ἀνα-

328 4761 581 4831 μείνοντα
615 4760 742 4822 τοὺς
789 4764 1009 4829 χρόνους
1056 4758 1192 4828 πρὸς
1221 4757 1320 4829 τὴν
1370 4760 1470 4828 τῆς
1508 4757 1709 4820 κακίας
1738 4756 1904 4826 φανέ-

328 4868 518 4922 ρωσιν,
568 4850 715 4914 ὅπως
743 4851 912 4920 αὐτὴν
941 4849 1269 4921 αύξηθεῖσαν
1312 4849 1490 4921 ἐξέλῃ,
1532 4849 1903 4920 προθέλυμνόν

327 4944 507 4996 πᾶσαν
522 4942 691 5014 αὐτὴν
708 4941 854 5005 εἰκὸς
870 4942 1223 5013 ἀνῃρηκέναι,
1237 4940 1311 5004 ὠς
1332 4940 1496 5011 μηδὲν
1508 4941 1677 5010 αὐτῆς
1688 4939 1849 4994 ύπολε
1859 4957 1899 4991 ι-

327 5031 528 5103 φθῆναι
557 5030 635 5102 τῷ
661 5032 761 5102 βίῳ
775 5030 1025 5100 λείψανον
1044 5048 1058 5062 ο
1080 5030 1199 5084 νυνὶ
1213 5029 1268 5083 δὲ
1287 5030 1454 5098 φόνοι,
1468 5031 1562 5083 καὶ
1579 5029 1794 5091 κλοπαὶ,
1809 5029 1902 5082 καὶ

331 5126 591 5195 μοιχεῖαι,
621 5125 716 5177 καὶ
746 5124 924 5178 πάντα
953 5122 1217 5193 τολμᾶται
1247 5120 1315 5175 τὰ
1357 5121 1721 5192 πονηρότατα.
1767 5121 1905 5173 Ἀλλ’

325 5225 353 5275 6
384 5222 519 5292 πρὸς
546 5219 705 5273 τοῦτο
736 5218 969 5289 βλέπων,
1023 5216 1380 5286 ὑποδείγματι
1421 5232 1526 5268 τινι
1558 5213 1664 5267 τῶν
1707 5212 1906 5283 γνωρί-

331 5330 445 5382 μων
474 5311 572 5381 τὴν
605 5310 733 5380 περὶ
778 5308 983 5362 τούτων
1032 5306 1365 5379 ἀμφιϐολίαν
1407 5306 1642 5361 λυσάτω.
1696 5306 1905 5376 Ὠσπερ

327 5403 434 5472 γὰρ
468 5402 594 5454 ίδεῖν
625 5400 739 5453 ἐστι
770 5400 864 5453 ἐπὶ
892 5400 991 5469 τῆς
1021 5399 1129 5451 τῶν
1159 5397 1404 5467 ἑρπετῶν
1430 5397 1781 5466 ἀναιρέσεως,
1808 5398 1906 5450 οὐκ

326 5492 486 5553 εὐθὺς
534 5495 599 5562 τῇ
648 5492 859 5561 κεφαλῇ
910 5490 1001 5543 τὸν
1045 5488 1202 5543 ὃλκον
1252 5487 1758 5558 συγκεκρουμένων,
1791 5488 1905 5541 ἀλλ’

403 5664 449 5697 ⁷⁸
470 5665 586 5719 Act.
626 5679 756 5727 xv",
786 5664 875 5719 30.

2005 4501 2149 4547 statu
2198 4505 2505 4545 sermonem
2552 4489 2698 4545 hunc
2741 4490 2957 4545 veritati
3007 4504 3309 4558 repugnare
3349 4489 3579 4543 arbitre-

2008 4593 2114 4647 tur,
2142 4597 2250 4647 quo
2278 4580 2577 4635 asserimus
2609 4579 2893 4634 Dominum
2936 4577 3139 4632 ultimis
3168 4576 3418 4631 humana:
3456 4577 3580 4630 vita:

2009 4672 2351 4743 temporibus
2384 4671 2646 4726 illuxisse.
2678 4669 2829 4724 Dicet
2854 4668 2996 4723 enim
3034 4667 3283 4723 fortassis
3323 4666 3579 4723 adversa-

2007 4764 2143 4829 rius,
2186 4762 2479 4818 verisimile
2512 4775 2635 4817 esse
2665 4775 2789 4815 eum
2822 4759 2913 4829 qui
2965 4767 3210 4829 tempora
3242 4758 3582 4827 prmatolatus

2007 4856 2173 4911 estad
2208 4852 2460 4923 nequitia:
2482 4851 2978 4906 manifestationem
3006 4851 3312 4916 commoda,
3334 4858 3392 4905 ut
3414 4850 3577 4913 illam,

2008 4959 2132 5001 cum
2181 4944 2247 4999 ad
2283 4957 2554 4998 summum
2595 4941 2951 5007 excrevisset,
2990 4936 3237 4995 tolleret:
3269 4939 3578 5003 verisimile,

2019 5037 2266 5104 inquam,
2287 5048 2408 5090 esse
2427 5048 2547 5088 eum
2572 5046 2786 5088 omnem
2819 5031 2964 5086 illam
2995 5031 3162 5085 semel
3192 5029 3431 5084 funditus
3457 5043 3549 5082 sus
3566 5056 3580 5066 -

2013 5124 2204 5181 tulisse
2228 5165 2244 5191 ,
2294 5125 2367 5179 ita
2413 5131 2474 5178 ut
2512 5122 2671 5178 nullm
2699 5124 2928 5193 amplius
2957 5121 3072 5190 ejus
3108 5122 3161 5174 in
3199 5122 3303 5173 vita
3340 5119 3582 5186 reliquize
3682 5144 3689 5167 ι

2012 5218 2302 5273 ὸωιοεῐεηι.
2336 5213 2492 5271 Νυηο
2522 5230 2653 5270 vero
2684 5223 2740 5269 et
2769 5215 2962 5276 caedes,
2996 5221 3051 5267 et
3083 5210 3307 5280 rapiam,
3337 5220 3387 5264 et
3429 5210 3581 5262 adul-

2011 5308 2170 5374 teria,
2221 5315 2275 5363 et
2313 5307 2440 5376 quid
2486 5320 2593 5361 non
2640 5304 2999 5375 pessimorum
3034 5300 3358 5371 ﬂagitiorum
3391 5315 3581 5369 perpe-

2011 5398 2223 5454 tratur?
2258 5397 2451 5466 Atqui
2490 5412 2555 5452 eo
2600 5395 2919 5465 respexerit,
2967 5392 3321 5448 similitudine
3349 5394 3579 5461 quadam

2011 5506 2040 5545 a
2067 5490 2228 5545 rebus
2263 5487 2567 5544 notioribus
2599 5497 2810 5556 sumpta
2837 5485 3056 5541 dubium
3092 5483 3289 5539 solvat.
3318 5483 3583 5548 Quemad-
