3970 6136
480 376 501 426 l
521 377 533 426 ί
552 376 615 426 ἰῗὶ

1496 375 1552 427 S.
1589 373 1862 429 (‘X'RlLLl
1908 373 2371 428 ALEXAMERiNl
2415 372 2730 427 ARCHII‘ZP.

3602 371 3738 424 Ηῧεί

479 494 745 556 interierit,
785 508 917 546 vana
951 494 1161 546 illorum
1186 490 1406 561 consilia
1442 504 1605 564 alque
1635 495 1811 550 studia
1836 497 1888 548 in
1917 511 2039 551 ven-

2153 499 2268 564 γόνυ
2297 495 2517 566 ζητοῦσι
2543 496 2630 547 τὸν
2658 495 2826 546 ἔλεον.
2854 495 3137 564 Τοιγάρτοι
3164 493 3480 563 κεκράτηκε
3511 494 3612 560 τῆς
3645 495 3736 544 ὑπ’

481 596 564 638 tus
611 598 730 637 mox
779 586 1004 649 abeunt;
1052 585 1246 653 quippe
1292 584 1379 651 qui
1411 587 1694 639 amentiam
1722 601 1876 640 suam
1914 586 2044 640 mis-

479 693 592 728 sam
640 676 921 739 laciwtes,
971 676 1229 744 evestigiu
1256 680 1321 729 ad
1359 691 1531 746 genua
1571 687 1744 731 vestra
1776 693 1896 733 sese
1924 692 2049 746 pro-

478 767 682 831 volant,
733 765 1111 836 supplicesque
1156 766 1368 819 veniam
1416 778 1731 836 exposcam.
1783 766 2047 819 Nimirum

478 861 731 913 cohortes
780 866 970 910 vestra-
1002 856 1446 920 bellicosissima',
1498 857 1857 924 militarisque
1885 856 2048 910 disci-

480 950 636 1019 plinre
684 947 1043 1018 peritissimum,
1078 963 1143 1001 ac
1185 948 1468 1015 triumphis
1516 948 1740 1016 agendis
1772 963 2047 1018 nunquam

480 1057 582 1093 non
621 1038 956 1101 assuefactm,
1001 1049 1262 1093 terrarum
1310 1038 1493 1092 orbem
1528 1039 1900 1108 subjugaruut.
1945 1039 2049 1094 Vos

480 1133 704 1202 proinde
734 1142 877 1186 totus
897 1132 1111 1192 Oriens,
1144 1145 1237 1184 ves
1268 1141 1409 1184 totus
1440 1132 1584 1185 canit
1609 1130 1882 1187 Occidens
1935 1148 2052 1186 om-

484 1224 645 1291 nique
683 1221 900 1276 laudum
947 1235 1146 1288 genere
1176 1220 1550 1289 prosequitur;
1594 1235 1707 1287 vos,
1739 1221 1830 1290 qui
1855 1222 1919 1275 ad
1953 1237 2051 1274 au-

484 1325 656 1368 strunt
704 1322 949 1384 vergunt,
1000 1328 1113 1378 vos,
1162 1312 1250 1381 qui
1287 1313 1352 1364 ad
1398 1312 1705 1381 aquilonem
1759 1314 2050 1381 pertinent,

486 1405 689 1457 festivis
714 1402 1164 1472 gratulationibus
1185 1417 1446 1455 exornare
1474 1417 1745 1473 nunquam
1778 1403 2047 1458 desinunt.

394 1564 399 1567 _
483 1494 869 1548 inconcussum
895 1501 1071 1546 autem
1100 1491 1331 1560 piissimi
1374 1498 1428 1547 et
1452 1493 1807 1547 sacratissimi
1839 1493 2052 1561 imperii

480 1586 646 1638 vestri
696 1583 1094 1637 ﬁrmamentum
1137 1592 1220 1637 est
1260 1582 1375 1650 ipse
1416 1584 1671 1637 Dominus
1700 1581 1859 1639 Jesus
1890 1583 2051 1638 Chri-

483 1687 617 1730 stus.
665 1695 683 1727 ι
726 1675 825 1729 l‘er
874 1675 1017 1729 hunc
1061 1674 1231 1736 enim,
1267 1682 1323 1724 ut
1366 1673 1627 1740 scriptum
1676 1682 1779 1738 cst,
1816 1673 1858 1739 ³,
1902 1687 2054 1744 reges

486 1775 842 1837 regnantum
893 1776 1153 1833 potentes'
1180 1765 1478 1817 decernunt
1517 1763 1782 1832 justitiam
1835 1784 1848 1819 :
1901 1784 1920 1816 ι
1972 1777 2055 1820 est

2149 585 2376 656 οὐρανὸν
2406 584 2514 638 τῶν
2545 584 2827 654 ὑμετέρων
2877 582 3234 636 ὑπασπιστῶν
3263 584 3296 653 ὴ
3337 583 3733 653 μαχιμωτάτη,

2152 678 2241 731 καὶ
2279 677 2768 747 ἐμπειροπόλεμος,
2796 676 2888 729 καὶ
2919 675 3006 728 ἀεὶ
3033 675 3242 730 νικῶσα
3274 675 3511 746 πληθύς.
3546 675 3737 746 ’Υμεξ

2150 767 2272 819 ἐστε
2302 758 2410 819 τῶν
2437 766 2574 835 πρὸς
2602 766 2743 836 ἑῴαν
2776 765 2867 818 καὶ
2895 765 3137 835 ἑσπέραν
3160 766 3257 817 καὶ
3280 764 3416 835 ᾠδὴ,
3446 766 3545 817 καὶ
3573 765 3734 836 λύρα,

2150 858 2246 911 καὶ
2280 857 2496 928 ἀπάσης
2523 857 2780 920 ὑπόθεσις
2809 856 3086 927 εὐφημίας
3105 873 3119 886 ⁶
3149 857 3295 926 ὑμᾶς
3317 857 3365 908 οἱ
3396 856 3535 926 πρὸς
3560 856 3733 916 νότον.

2153 949 2246 1000 καὶ
2296 948 2402 1019 μὴν
2454 947 2548 1000 καὶ
2588 947 2703 1001 ὅσοι
2745 945 3083 1017 βορειότερον
3126 945 3336 997 οἰκοῦσι
3384 944 3581 1009 τόπον,
3628 963 3739 1015 φωρ

2152 1038 2273 1098 ναῖς
2322 1037 2698 1107 χαριστηρίοις
2745 1036 3137 1105 στεφανοῦντες
3185 1036 3248 1089 οὐ
3301 1036 3737 1105 καταλήγουσιν.

2157 1128 2431 1198 Ἐρεισμα
2461 1128 2519 1180 δὲ
2552 1128 2613 1180 τὸ
2647 1127 2983 1196 ἀκράδαντον
3012 1130 3109 1199 τῆς
3138 1127 3281 1180 οὑτω
3314 1126 3608 1197 θεοφιλοῦς
3648 1131 3739 1183 καὶ

2153 1221 2524 1289 εὐαγεστάτης
2558 1219 2709 1289 ὑμῶν
2748 1218 3046 1289 βασιλείας,
3087 1219 3248 1282 αὐτὸς
3275 1221 3304 1271 ὁ
3336 1219 3550 1289 Κύριος
3582 1221 3739 1288 ἡμῶν

2165 1312 2370 1385 Ἰησοῦς
2418 1313 2686 1382 Χριστός·
2743 1330 2761 1361 ι
2791 1312 2870 1364 Δι’
2919 1310 3087 1364 αὑτοῦ
3127 1310 3235 1381 γὰρ
3287 1309 3536 1380 βασιλεῖς
3586 1310 3738 1380 βασι-

2154 1402 2407 1468 λεύουσι,
2451 1402 2544 1455 καὶ
2578 1403 2625 1454 οί
2678 1400 2940 1454 δυνάσται
2988 1401 3259 1470 γράφουσι
3301 1400 3688 1470 δικαιοσύνην,
3716 1422 3734 1453 ι

2154 1494 2298 1548 κατά
2324 1494 2385 1547 τὸ
2417 1492 2827 1563 γεγραμμένον.
2856 1492 3015 1546 Ἔστι
3049 1491 3162 1563 γὰρ
3188 1490 3334 1562 αὑτῷ
3366 1492 3657 1557 παναλκὲς
3685 1495 3740 1548 τὸ

2155 1585 2387 1656 θέλημα,
2415 1585 2509 1638 καὶ
2541 1587 2596 1637 ἐν
2627 1582 2704 1654 τῷ
2732 1583 3064 1637 κατανεῦσαι
3099 1585 3258 1655 μόνον
3289 1586 3322 1655 ἡ
3363 1587 3580 1649 παντὸς
3610 1589 3741 1656 πλή-

2157 1695 2321 1750 ρωσις
2376 1675 2603 1745 ἀγαθοῦ.
2654 1674 2908 1746 Διανέμει
2951 1675 3006 1729 δὲ
3048 1676 3143 1729 καὶ
3179 1675 3300 1731 λίαν
3339 1679 3589 1745 ἑτοίμως
3634 1682 3740 1742 τοῖς

2154 1766 2441 1836 ἀγαπῶσιν
2467 1766 2626 1820 αὐτὸν
2666 1766 2732 1819 τὰ
2766 1768 2982 1819 πάντων
3011 1766 3263 1838 ἐξαίρετα
3311 1769 3423 1821 τῶν
3458 1770 3569 1823 ὅσα
3598 1770 3741 1823 ἐστὶν

483 1859 625 1911 enim
672 1858 744 1910 illi
781 1856 1025 1910 voluntas
1069 1855 1434 1924 omnipotens,
1488 1857 1770 1924 omnisque
1814 1857 1960 1921 boni,
2006 1858 2049 1912 si

2156 1859 2459 1929 ἀξιόληπτα
2508 1858 2601 1911 καὶ
2631 1857 3076 1927 τεθαυμασμένα.
3110 1859 3220 1912 Καὶ
3248 1860 3471 1931 ἀπόχρη
3517 1861 3624 1930 μὲν
3665 1863 3739 1924 είς

484 1949 654 2001 solum
710 1960 928 2010 annuat,
983 1947 1160 2022 copia.
1193 1947 1244 2015 2
1293 1947 1580 2015 Dilargitur
1615 1947 1659 2000 is
1704 1962 1833 2016 ergo
1865 1948 2053 2002 amicis

489 2041 600 2093 suis
632 2053 852 2092 munera
903 2039 954 2091 in
991 2037 1181 2106 primis
1210 2036 1412 2091 eximia
1457 2048 1510 2090 et
1546 2038 1823 2106 praeclara,
1858 2048 1909 2092 et
1934 2054 2051 2107 qua:

486 2133 547 2203 in
574 2131 748 2199 pretio
788 2130 1117 2199 habeantur,
1173 2144 1334 2198 quam
1379 2128 1610 2181 maxime
1643 2129 1854 2192 idoneo,
1900 2139 1956 2184 et
2001 2128 2054 2183 id

485 2223 699 2291 quidem
736 2223 1024 2275 admolum
1060 2220 1313 2276 alacriter
1355 2230 1408 2275 et
1463 2231 1731 2291 prompte.
1784 2219 1936 2290 Quod
1967 2222 2053 2276 hic

484 2296 734 2376 dicimus,
778 2312 858 2366 vel
903 2327 965 2366 ea
1005 2311 1117 2364 sola
1161 2325 1282 2380 qua:
1331 2311 1597 2380 tuajestati
1646 2321 1840 2364 vestra:
1876 2314 1943 2366 ab
1987 2326 2053 2367 eo

483 2407 679 2459 donata
705 2413 851 2468 sunt,
886 2413 940 2458 et
962 2402 1088 2457 olim
1115 2403 1311 2465 adhuc,
1349 2402 1799 2470 quemadmodqu
1831 2402 2053 2457 conlidi-

2157 1948 2431 2012 ἀπόδειξιν
2459 1939 2532 2001 ὧν
2566 1946 2721 2018 ἔφην,
2756 1948 2826 2000 τὰ
2854 1947 2930 2019 τῷ
2972 1948 3226 2019 ὑμετέρῳ
3263 1950 3461 2020 κράτει
3504 1951 3743 2022 δεδωρη-

2162 2039 2318 2109 μένα,
2348 2038 2688 2108 δοθησόμενα
2717 2037 2773 2091 δὲ
2801 2037 2902 2106 ἔτι,
2931 2038 3077 2092 καθά
3110 2040 3590 2111 πεπιστεύκαμεν.
3624 2043 3742 2095 Ὅτι

2150 2130 2205 2184 δέ
2246 2132 2360 2183 ἐστι
2394 2132 2599 2201 κρηπὶς
2642 2132 3032 2195 ἀκατάσειστος
3069 2134 3187 2195 ταῖς
3218 2130 3490 2201 βασιλέων
3528 2136 3739 2203 mini;

2150 2221 2248 2292 τῆς
2289 2223 2367 2286 εἰς
2402 2222 2534 2276 Θεὸν
2567 2221 2843 2293 εὐσεϐείας
2874 2221 2943 2273 τὰ
2981 2221 3307 2292 αὐχήματα,
3340 2224 3437 2276 καὶ
3480 2221 3545 2287 ἐξ
3569 2222 3740 2292 αὐτῆς

2153 2313 2484 2384 πειράσομαι
2509 2313 2607 2383 τῆς
2626 2313 2787 2381 ἁγίας
2813 2313 2907 2366 καὶ
2934 2312 3293 2366 θεοπνεύστου
3320 2314 3739 2385 πληῳφορῆσαι

2152 2404 2395 2479 Γραφῆς,
2433 2403 2865 2476 βραχυλογήσας,
2889 2403 2964 2467 ὡς
2990 2403 3089 2457 ἔνι.

485 2513 623 2565 mus,
657 2497 1016 2559 donabantur,
1050 2508 1237 2548 verum
1268 2507 1391 2548 esse
1434 2493 1710 2545 evidenter
1732 2495 2041 2547 ostendunt.
2083 2491 2351 2547 Cancrum
2390 2497 2533 2563 quod
2562 2495 2758 2549 eximia
2830 2495 2880 2549 in
2923 2495 3087 2549 Deum
3150 2495 3322 2565 pictas
3352 2496 3736 2552 inconcussum

486 2590 646 2662 regiae
695 2586 967 2658 dignitatis
1012 2584 1419 2639 luridameutum
1462 2584 1709 2651 exsistat,
1760 2584 1815 2640 id
1848 2593 2049 2655 quanta
2092 2584 2207 2639 lteri
2239 2586 2434 2655 poterit
2496 2586 2759 2641 brevitate
2784 2596 2838 2640 et
2878 2584 3146 2651 claritate,
3182 2585 3268 2641 vel
3333 2602 3401 2641 ex
3436 2588 3550 2657 ipsa
3581 2605 3736 2643 sacra

488 2676 778 2752 divinaque
804 2679 1085 2748 Scriptura
1115 2679 1307 2732 docere
1330 2676 1527 2732 enitar.

553 2800 597 2855 ll
649 2799 872 2856 Plurimi
900 2799 1037 2854 citra
1063 2797 1487 2854 controversiam
1513 2807 1660 2853 retro
1691 2798 1829 2853 actis
1847 2808 2055 2868 tempo-

456 2898 632 2951 -ribns
660 2894 938 2956 exstitere,
967 2892 1057 2961 qui
1089 2889 1335 2947 Indicant”
1355 2891 1684 2961 provinciam
1714 2893 2053 2948 administra-

483 2995 609 3039 runt
656 2983 912 3052 regnique
934 2982 1077 3037 illius
1106 2980 1467 3052 gubernacula
1516 2989 1902 3036 tractaverunt.
1945 2982 2049 3036 Ve-

485 3090 601 3129 rum
635 3081 897 3140 quotquot
923 3084 988 3124 ex
1016 3071 1119 3124 illis
1144 3071 1287 3125 cultu
1312 3079 1368 3124 et
1397 3070 1759 3133 observantia,
1795 3087 1912 3141 qua:
1942 3071 2052 3127 Deo

481 3166 765 3225 debentur,
821 3161 982 3230 impie
1026 3162 1352 3231 contemptis
1415 3170 1472 3214 et
1516 3160 1738 3228 justitiae
1797 3163 2051 3231 magistra

482 3254 599 3323 lege
629 3266 726 3321 pro
756 3252 922 3305 nihilo
952 3253 1134 3318 ducta,
1167 3266 1264 3306 suo
1297 3251 1457 3305 lastui
1492 3252 1711 3321 suisque
1745 3252 2052 3313 libidinibus

482 3346 654 3399 libere
685 3340 1065 3411 indulgendum
1099 3356 1217 3396 esse
1246 3350 1590 3411 putaverunt,
1623 3356 1811 3397 oumes
1837 3344 1893 3397 bi
1927 3345 2049 3399 mali

481 3445 538 3491 et
581 3433 760 3488 miseri
797 3432 936 3485 male
976 3433 1279 3500 misereque
1315 3431 1610 3501 perierunt.
1654 3432 1918 3490 Esteuim
1967 3451 2052 3491 res

480 3524 967 3597 periculosissima,
1033 3524 1306 3593 quidpiam
1364 3524 1415 3577 in
1478 3520 1648 3578 Deum
1690 3527 2051 3594 committere,

482 3617 898 3688 proculcataque
937 3616 1194 3684 mquitate
1232 3628 1554 3684 quocunque
1610 3615 1768 3670 modo
1814 3617 1867 3670 in
1910 3617 2051 3672 illius

481 3706 739 3762 offensam
775 3704 1263 3761 incidere-Contra
1289 3719 1416 3759 vero
1441 3706 1748 3775 quicunque
1769 3721 1830 3762 se
1865 3708 1979 3777 pios
1999 3708 2049 3762 iu

481 3800 629 3853 illum
671 3799 1032 3864 declararunt,
1081 3812 1306 3869 qumque
1337 3799 1410 3852 illi
1440 3800 1701 3869 placitura
1734 3801 2048 3865 credebant,

480 3891 625 3945 omni
677 3905 777 3958 ope
818 3898 1076 3960 praestare
1112 3890 1480 3954 elaborarunt,
1508 3891 1646 3945 citra
1696 3892 1948 3946 sudorem
1988 3905 2051 3946 ac

478 3983 774 4052 pulverem,
832 3980 987 4036 hoste
1015 3980 1227 4035 devicto
1281 3980 1674 4051 debellatoque,
1717 3982 2047 4050 triumphttm

478 4074 810 4127 iocinerum.
843 4070 1116 4141 Ejusmodi
1164 4072 1303 4126 inter
1342 4080 1569 4127 cancros
1599 4072 1693 4125 l'uit
1727 4070 1900 4126 Josias
1933 4072 2047 4140 ille,

458 4168 567 4236 _qui
615 4164 874 4216 idolorum
921 4163 1215 4220 cultoribus
1251 4179 1355 4216 una
1386 4179 1508 4219 cum
1557 4164 1687 4231 ipsis
1721 4163 1959 4218 delubris
1995 4174 2051 4217 et

478 4256 583 4307 aris
620 4254 876 4318 incensis,
909 4254 1469 4324 iueantatienibusque
1499 4263 1554 4308 et
1582 4254 1731 4308 falsis
1760 4255 2048 4310 divinatio-

416 4392 419 4397 .
477 4348 636 4399 uibus
672 4345 924 4399 omnibus
955 4360 984 4398 e
1021 4345 1195 4399 medio
1237 4344 1485 4404 sublatis.
1543 4360 1606 4399 ac
1647 4345 1897 4401 inanibus
1937 4347 2047 4400 daa-

2228 2800 2302 2854 B’.
2338 2800 2588 2854 Πλεῖστοι
2622 2798 2720 2869 μὲν
2745 2798 2853 2870 γὰρ
2879 2799 2996 2852 ὅσοι
3028 2798 3287 2867 γεγόνασι
3311 2799 3453 2852 κατὰ
3481 2801 3735 2871 mag/12g,

2154 2890 2203 2942 οί
2240 2880 2355 2959 τῆς
2374 2888 2638 2942 Ἰουδαίων
2667 2887 2929 2959 ἄρξαντες
2959 2886 3166 2958 χώρας,
3191 2886 3282 2940 καὶ
3311 2890 3433 2950 τοὺς
3461 2888 3565 2956 τῆς
3596 2891 3738 2959 παρ’

2154 2981 2337 3043 αὐτοῖς
2362 2979 2637 3050 βασιλείας
2660 2979 2937 3042 διέποντες
2968 2979 3209 3051 θρόνους.
3247 2979 3376 3032 Ἀλλ’
3405 2980 3453 3030 οἱ
3485 2979 3592 3049 μὲν
3624 2982 3741 3049 τῆς

2155 3074 2231 3136 εἰς
2261 3072 2391 3126 Θεὸν
2423 3071 2611 3135 αἰδοῦς
2641 3071 2872 3134 ἀνοσίως
2901 3070 3348 3141 ὀλιγωρήσαντες,
3376 3069 3474 3121 καὶ
3498 3069 3596 3121 τὸν
3626 3072 3743 3142 τῆς

2152 3161 2499 3233 δικαιοσύνης
2533 3162 2799 3232 πρύτανιν
2842 3161 2976 3231 παρ’
3004 3160 3161 3217 οὐδὲν
3201 3162 3511 3228 ποιούμενοι
3539 3160 3737 3230 νόμον,

2154 3256 2247 3308 καὶ
2283 3257 2395 3318 τοῖς
2429 3255 2523 3324 τῆς
2569 3253 2902 3322 φαυλότητος
2925 3265 2948 3294 ο
2983 3252 3196 3323 βάθροις
3229 3253 3459 3315 ἑαυτοὺς
3497 3252 3737 3316 ἐνιέντες

2152 3347 2201 3398 οἱ
2239 3344 2466 3408 τάλανες
2489 3382 2505 3407 ,
2553 3343 2717 3400 κακοὶ
2753 3342 2940 3406 κακῶς
2985 3341 3299 3395 ἀπολώλασι
3319 3358 3333 3371 ’
3378 3341 3732 3410 παγχάλεπον

2152 3436 2260 3507 γὰρ
2303 3436 2363 3488 τὸ
2406 3432 2769 3507 προσκρούειν
2815 3432 2956 3504 Θεῷ,
2998 3432 3096 3485 καὶ
3146 3433 3290 3491 κατά
3338 3449 3392 3487 τι
3427 3430 3563 3501 γοῦν
3601 3432 3732 3493 ὅλως

2152 3526 2258 3592 ἔξω
2283 3524 2543 3597 φέρεσθαι
2575 3524 2667 3578 τοῦ
2696 3524 2923 3590 εἰκότος,
2949 3522 3254 3587 λυποῦντας
3282 3524 3470 3581 αὐτόν.
3498 3526 3655 3579 Ὅσοι
3676 3527 3725 3579 δὲ

2150 3618 2249 3689 τῆς
2290 3619 2371 3682 εἰς
2399 3617 2560 3672 αὑτὸν
2599 3615 2879 3679 εὐσεϐείας
2915 3617 3205 3686 γεγόνασιν
3247 3617 3611 3688 ἐπιμεληταὶ,
3643 3626 3721 3671 xxi

2150 3706 2259 3760 τῶν
2286 3707 2631 3778 ἀρεσκόντων
2661 3706 2815 3776 αὑτῷ
2854 3708 3065 3778 γνήσιοι
3093 3706 3355 3776 φύλακες,
3383 3715 3723 3780 νενικήκασιν

2151 3798 2378 3869 ἐχθροὺς
2417 3799 2675 3869 ἀμογητὶ,
2708 3798 2801 3851 καὶ
2833 3800 3208 3869 κεκρατήκασι
3238 3800 3352 3853 τῶν
3365 3800 3436 3854 δι’
3464 3802 3720 3861 ἐναντίας.

2151 3890 2404 3954 Τοιοῦτός
2443 3907 2527 3953 τις
2554 3886 2622 3960 ἦν
2658 3890 2868 3952 Ἰωσίας
2899 3891 3127 3953 ἐκεῖνος,
3153 3890 3213 3953 ὃς
3250 3891 3443 3954 αὐτοῖς
3479 3894 3723 3963 τεμένεσι

2150 3981 2245 4033 καὶ
2299 3980 2501 4051 βωμοῖς
2534 3984 2659 4045 τοὺς
2704 3980 2813 4036 τῶν
2850 3981 3084 4034 εἰδώλων
3122 3984 3533 4054 κατεμπρήσας
3571 3984 3724 4052 θερα-

2148 4073 2369 4134 πευτὰς,
2409 4071 2658 4140 γοητείας
2682 4088 2742 4123 τε
2778 4071 2993 4141 ἀπάσης
3018 4072 3112 4124 καὶ
3136 4071 3579 4142 ψευδομαντείας
3607 4072 3724 4141 τρό-

2148 4179 2284 4226 πους
2329 4161 2616 4232 περιελὼν,
2665 4164 2757 4215 καὶ
2802 4164 2871 4216 τὰ
2919 4162 3018 4238 τῆς
3066 4161 3461 4231 διιμονιώδους
3514 4163 3722 4231 ἀπάτης

2149 4250 2458 4313 καταλύσας
2488 4252 2731 4319 παίγνια,
2762 4252 2854 4307 τοῦ
2897 4252 3096 4315 παντὸς
3137 4253 3295 4318 ἀξίαν
3341 4254 3599 4324 ἀπέφηνε
3638 4254 3719 4303 2ιὸ-

2148 4358 2247 4411 γου
2289 4342 2386 4413 τὴν
2415 4342 2608 4394 ἑαυτοῦ
2650 4342 2944 4412 βασιλείαν,
2980 4343 3075 4397 καὶ
3105 4343 3441 4413 ἀξιάγαστον
3482 4347 3586 4415 μὲν
3621 4347 3720 4405 τοῖς

479 4438 739 4490 uumiaca:
789 4437 1097 4504 imposturze
1151 4435 1396 4490 ludibriis
1454 4436 1776 4505 proﬂigatis,
1821 4452 2045 4505 regnum

2158 4434 2342 4497 πάλαι,
2382 4435 2841 4506 τεθαυμασμένην
2884 4436 2940 4489 δὲ
2982 4437 3075 4490 καὶ
3114 4440 3193 4500 είς
3241 4437 3427 4508 δεῦρο,
3477 4442 3629 4509 παρὰ
3662 4454 3715 4503 γε

478 4528 720 4597 apprime
769 4527 1128 4590 nobilitatum,
1184 4540 1503 4595 summaque
1546 4529 1687 4591 apud
1737 4538 1946 4582 veteres
1984 4543 2049 4581 ac

480 4620 807 4673 recentiores
835 4633 1020 4673 omnes
1052 4619 1166 4686 qui,
1196 4632 1258 4671 ea
1300 4619 1493 4686 quibus
1520 4616 1697 4674 divina
1725 4633 1877 4672 meus
1903 4619 2046 4674 oblc-

478 4718 676 4770 «tatur,
705 4709 886 4761 colere
914 4709 1238 4773 didicerunt,
1266 4708 1424 4762 laude
1464 4717 1520 4761 et
1561 4708 1923 4762 admiratione
1960 4708 2044 4761 di-

477 4811 639 4864 gnum
681 4798 896 4865 reliquit
926 4800 965 4852 ⁸.
1027 4799 1510 4854 Vernmeuimvero
1553 4799 1675 4853 licet
1713 4799 1899 4855 istltaec
1925 4816 2042 4853 om-

478 4889 564 4941 uia
595 4904 712 4942 cum
755 4888 954 4942 virtute
1005 4901 1057 4942 et
1089 4891 1258 4958 gloria
1300 4906 1327 4941 a
1359 4890 1655 4959 majoribus
1695 4892 1908 4953 vestris,
1948 4906 2041 4943 vo-

475 4980 664 5050 bisque
699 4979 827 5049 ipsis
861 4992 1104 5046 suscepta
1146 4982 1538 5049 observataque
1577 4983 1767 5046 sciam,
1802 4998 1903 5034 nun
1939 4983 2044 5035 erit

475 5082 652 5128 tamen
704 5071 915 5136 inutile,
978 5072 1187 5139 opinor,
1222 5072 1265 5125 si
1325 5088 1445 5140 qua:
1500 5074 1755 5142 sapientis
1800 5074 2042 5127 Ezechiae

2144 4528 2256 4590 τοῖς
2290 4526 2456 4581 εἰδόσι
2498 4530 2664 4599 τιμᾷν
2708 4529 2776 4582 τὰ
2809 4524 2890 4593 οἷς
2924 4529 2990 4583 ἂν
3037 4533 3065 4583 ὁ
3095 4530 3240 4593 θεῖος
3284 4532 3546 4601 ἐφήόοιτο
3586 4532 3713 4592 νοῦς.

2156 4618 2319 4673 Ἀλλά
2356 4619 2513 4671 ταυτὶ
2556 4619 2655 4688 μὲν
2694 4620 3061 4685 ᾶπαντα-τοῖς
3089 4621 3380 4692 ὑμετέροις
3443 4622 3713 4692 προγόνοις

2144 4709 2234 4762 καὶ
2264 4710 2390 4779 ὑμῖν
2422 4709 2603 4773 αὐτοῖς
2646 4706 2705 4764 εὖ
2740 4710 2884 4779 μάλα
2922 4711 3307 4781 κατώρθωται.
3345 4715 3715 4784 Διαμεμνήσο-

2145 4817 2243 4871 μαι
2270 4800 2326 4854 δὲ
2364 4802 2649 4873 χρησίμως
2682 4803 2775 4854 καὶ
2811 4803 2920 4855 τῶν
2953 4794 3012 4857 ὲν
3049 4804 3268 4875 Ἐζεκίᾳ
3298 4804 3379 4873 τῷ
3421 4806 3711 4871 σοφωτάτῳ

2151 4892 2293 4946 κατὰ
2325 4896 2549 4963 καιροὺς
2581 4895 2984 4965 πεπραγμένων
3004 4911 3017 4925 ·
3046 4895 3233 4965 ὀνήσει
3263 4896 3375 4966 γὰρ
3399 4897 3464 4947 οὐ
3493 4896 3714 4966 μετρίως

2149 4982 2246 5054 τὴν
2278 4984 2674 5054 εὐσεεεστάτην
2709 4983 2863 5055 ὑμῶν
2910 4968 3155 5055 κορυιέὴν
3202 4986 3235 5056 ἡ
3266 4985 3380 5038 τῶν
3427 4985 3600 5053 λόγων
3629 4982 3717 5034 δύο

2148 5091 2332 5144 ναμις.

475 5170 672 5237 pietate
699 5182 762 5222 ac
793 5166 971 5222 studio
1010 5180 1075 5221 eo
1107 5167 1161 5222 in
1196 5180 1393 5236 genere
1435 5179 1582 5237 gesta
1623 5178 1767 5231 sunt,
1802 5169 1902 5223 hoc
1963 5169 2081 5223 loco
2120 5181 2245 5237 apte
2306 5184 2803 5226 commemoravero
2839 5190 2852 5225 :
2886 5170 3112 5238 hujusce
3164 5187 3401 5241 namque
3460 5169 3723 5227 uariatio-

476 5265 556 5317 tais
573 5265 654 5319 vis
676 5271 729 5317 ct
760 5262 978 5330 energia
1015 5258 1119 5315 non
1151 5276 1336 5330 parum
1366 5261 1631 5315 commodi
1658 5271 1852 5315 vestra:
1885 5262 2199 5315 sublimitati
2231 5263 2559 5332 apportahit.

557 5441 577 5472 ⁸
604 5442 758 5496 Prov.
791 5459 907 5507 vtu,
947 5443 1033 5499 lii.
1114 5444 1133 5474 ⁸
1157 5441 1223 5496 lV
1257 5441 1387 5510 Reg.
1429 5458 1560 5496 χχιιι
1602 5441 1657 5506 4,
1688 5456 1841 5510 seqq.

1585 5599 1754 5651 Vat-im
1796 5597 2054 5650 lectiones
2082 5597 2285 5651 codicis
2319 5596 2675 5666 Seguieriani.

545 5760 563 5785 ε
602 5748 1006 5817 ςςιλαυτότητος.
