3970 6136
272 235 404 291 ΗΞἸ

340 350 411 401 Γθ.
467 344 630 417 Ἀνήρ
674 363 755 408 τις
788 345 892 397 τῶν
940 343 1361 407 ἐκΒαευλῶνος
1400 345 1497 414 τῆς
1538 344 1840 414 Περσικῆς.
1877 353 1916 405 Α

276 437 565 506 Ῥαψάκης
614 430 769 496 οὗτος
800 430 888 501 ἦν.
932 427 1099 494 Οὗτος
1144 433 1318 486 ἀνεῖλε
1357 433 1454 504 μὲν
1501 433 1738 500 ἅπασαν,
1769 435 1843 494 ὡς

271 528 400 592 ἔπος
435 528 628 590 εἰπεῖν,
651 525 748 595 τῆν
789 522 895 577 τῶν
932 518 1196 576 Ἰουδαίων
1229 522 1411 593 χώραν
1437 539 1450 553 ο
1494 522 1845 596 κπαδῃώσας

272 622 329 674 δὲ
371 622 467 674 σὺν
506 621 640 690 αὐτῇ
682 618 778 687 τὴν
812 610 1145 687 Σαμάρειαν,
1187 616 1272 668 ἐπ’
1311 615 1480 685 αὐτὴν
1512 608 1596 685 ᾔει
1624 616 1721 685 τῆν
1752 614 1846 668 ἰε-

279 711 556 782 ρουσαλήμ
588 704 895 781 μυριάνδρῳ
918 705 945 745 ἀ
976 705 1179 776 πληθύῖ
1207 705 1314 759 τῶν
1348 706 1452 759 ὑπὸ
1490 708 1645 777 χεῖρα
1690 705 1845 777 δορυ-

278 800 642 872 φορούμενος’
684 797 778 850 καὶ
812 795 1070 865 φάλαγγα
1118 793 1218 864 μὲν
1265 793 1496 864 ἱππικὴν
1528 794 1628 845 οὐκ
1673 791 1845 862 εὐχεί-

283 906 449 962 ρωτον
493 890 649 960 ἔχων.
689 886 891 957 μᾶλλον
923 882 980 940 δὲ
1014 880 1105 939 καὶ
1137 883 1492 954 δυσάντητον·
1535 883 1759 953 ὁπλίτην
1788 883 1845 935 δὲ

278 983 603 1053 πεζομάχον,
644 979 740 1033 καὶ
785 980 905 1041 ταῖς
947 977 1196 1048 ψάμμοις
1245 975 1551 1046 ἰσάριθμον.
1602 972 1734 1028 Εἶτα
1767 973 1846 1045 τῷ

277 1076 437 1145 τείχει
472 1070 809 1144 περιστήσας
833 1082 856 1110 θ
888 1064 1160 1133 ἑλεπόλεις
1191 1069 1280 1121 καὶ
1325 1068 1420 1137 τὴν
1447 1067 1541 1121 τοῦ
1608 1066 1844 1137 πολέμου

275 1164 648 1236 παρασκευὴν,
694 1162 976 1224 ἀπονοίαις
1011 1177 1071 1213 τε
1112 1159 1472 1231 βαρϐαρικαῖς
1504 1159 1564 1212 οὐ
1611 1163 1847 1232 μετρίως

276 1251 783 1324 κατωφρυωμένος,
831 1250 1079 1321 αἱρήσειν
1112 1252 1117 1265 ⁸
1132 1249 1230 1319 μὲν
1276 1248 1418 1302 κατὰ
1467 1249 1665 1318 κράτος
1709 1246 1845 1318 ὁμοῦ

273 1346 394 1408 ταῖς
420 1343 608 1407 ἄλλαις
647 1343 743 1396 καὶ
781 1342 952 1411 αὐτὴν
985 1341 1187 1410 έςασκε
1224 1341 1325 1411 τὴν
1354 1339 1512 1408 ἁγίαν
1550 1339 1722 1407 πόλιν,
1753 1342 1849 1394 καὶ

276 1435 373 1505 τῆς
412 1435 652 1506 άρρήτου
680 1433 837 1498 δόξης
868 1431 1318 1502 κατεθρασύνετο,
1341 1431 1435 1483 καὶ
1459 1429 1705 1501 παλιμφή
1716 1448 1848 1500 μους

275 1525 426 1594 ἠφίει
448 1524 654 1593 φωνὰς,
679 1522 893 1594 ἀκρατῆ
920 1523 1012 1575 καὶ
1038 1520 1286 1591 ἀχάλινον
1308 1520 1404 1591 τὴν
1427 1520 1677 1588 γλῶσσαν
1701 1521 1846 1584 ἀνεὶς

280 1617 374 1668 ἐπὶ
414 1614 552 1686 Θεῷ.
580 1615 723 1685 Ἔφη
757 1614 864 1685 γὰρ
906 1616 988 1667 ὅτι
1022 1612 1123 1666 κᾶν
1167 1613 1215 1665 εί
1247 1611 1487 1681 βούλοιτο
1523 1610 1714 1675 σώζειν
1747 1610 1845 1663 αὑ·
1881 1600 1919 1655 Β

279 1707 427 1769 τοὺς,
469 1705 724 1775 ἀνόνητον
755 1703 968 1757 ἔσεσθαι
997 1705 1111 1767 τοῖς
1148 1703 1234 1755 ἐπ’
1257 1701 1405 1772 αὐτῷ
1439 1696 1722 1754 πεποιθόσι
1751 1701 1849 1771 τὴν

281 1797 441 1866 χάριν
478 1798 577 1866 τῆς
615 1793 951 1865 ἐπικουρίας.
986 1793 1208 1864 Ἐπειδὴ
1237 1794 1293 1847 δὲ
1324 1789 1457 1865 ἧκόν
1489 1810 1631 1857 τινες
1663 1795 1846 1860 ἀπαγ-

283 1887 565 1954 γέλλοντες
592 1886 667 1956 τῷ
696 1887 906 1958 βασιλεῖ
928 1886 1027 1956 τῆς
1054 1886 1262 1939 ἐκείνου
1289 1887 1610 1956 σκαιότητος
1633 1892 1701 1939 τὰ
1739 1886 1853 1939 τολ-

288 1980 534 2049 μήματα,
584 1979 674 2030 καὶ
719 1978 844 2032 τοὺς
892 1976 1161 2048 Περσικοῦ
1210 1977 1557 2048 φρονήματος
1583 1978 1852 2047 γέμοντας

283 2069 491 2138 λόγους,
520 2067 641 2122 τότε
663 2067 750 2137 δὴ,
786 2067 906 2120 τότε
942 2067 1132 2137 μόναις
1161 2065 1350 2138 ὥσπερ
1378 2065 1692 2136 ὲπαλγὴσας
1733 2067 1854 2129 ταῖς

282 2161 425 2217 κατὰ
470 2159 604 2213 Θεοῦ
641 2158 1008 2229 δυσφημίαις,
1054 2157 1149 2211 καὶ
1184 2155 1278 2210 τοῦ
1321 2156 1419 2228 τὴν
1461 2157 1611 2209 πόλιν
1649 2155 1854 2210 ἁλῶναι

282 2253 484 2323 ταύτην
512 2249 729 2304 ἔσεσθαι
757 2251 1032 2320 πρόφασιν
1071 2246 1358 2320 ἐμφρόνως
1389 2246 1724 2318 ὑπειληφὼς,
1759 2267 1854 2302 πε-

288 2342 644 2413 ριερρήγνυτο
672 2342 773 2412 τὴν
797 2341 1018 2412 ἐσθῆτα,
1050 2342 1145 2394 καὶ
1171 2342 1250 2405 είς
1275 2340 1367 2394 τὸν
1390 2336 1536 2393 οἷκον
1565 2339 1728 2411 ἀνέϐη
1759 2339 1855 2394 τοῦ

282 2431 442 2495 Θεοῦ,
492 2432 663 2496 λιταῖς
705 2432 943 2503 δηλονότι
985 2433 1084 2503 τὴν
1116 2431 1266 2486 θείαν
1303 2431 1473 2503 ὀργὴν
1516 2430 1853 2503 ὑποτρέχων,

285 2525 378 2577 καὶ
425 2524 535 2577 τῶν
578 2525 671 2578 ἐπὶ
718 2526 837 2588 ταῖς
899 2523 1229 2595 δυσφημίαις
1280 2524 1618 2595 αίτιαμάτων
1668 2522 1855 2577 ἑαυτὸν

288 2614 665 2671 ἀπαλλάττων.
692 2616 803 2669 Καὶ
832 2617 885 2669 τί
912 2614 971 2669 τὸ
998 2612 1274 2682 ὲντεῦθεν;
1310 2615 1528 2684 Εὐμενῆ
1563 2616 1657 2669 καὶ
1697 2616 1856 2669 ἵλεων

288 2706 660 2774 κατεστήσατο
696 2705 787 2758 τὸν
835 2705 943 2757 τῶν
988 2704 1267 2775 δυνάμεων
1326 2702 1528 2773 Κύριον
1551 2720 1566 2735 θ
1606 2705 1858 2774 νενίκηκε

288 2796 381 2848 τὸν
416 2795 728 2868 Ἀσσύριον
760 2796 857 2867 οὑχ
897 2794 1064 2850 ἵππον
1107 2797 1187 2857 είς
1222 2796 1399 2866 μάχην
1427 2794 1655 2858 ὁπλίσας
1696 2793 1856 2866 εὺχάι

289 2884 452 2947 λινον,
499 2885 561 2937 οὑ
610 2885 839 2953 τοξοτῶν
875 2886 1215 2957 εὐστοχίαις,
1256 2882 1317 2939 ού
1350 2885 1590 2957 δοράτων
1635 2882 1816 2956 βολαῖς
1839 2925 1853 2950 ,

287 2975 409 3028 οὐδὲ
443 2980 561 3040 ταῖς
607 2974 715 3029 τῶν
744 2976 1016 3030 τακτικῶν
1059 2977 1373 3049 ἐμπειρίαις
1413 2976 1519 3030 τῶν
1553 2976 1658 3030 ὑπὸ
1687 2979 1856 3048 ,χεῖρα

288 3064 588 3137 χρώμενος,
621 3064 787 3137 ψήφῳ
811 3065 867 3118 δὲ
907 3064 1107 3136 μᾶλλον
1136 3068 1202 3136 τῇ
1239 3065 1388 3137 παρὰ
1415 3063 1572 3129 Θεοῦ,
1615 3066 1716 3135 τῆς
1748 3064 1858 3119 τῶν

302 3156 601 3228 Ἀσσυρίων
627 3158 884 3229 στρατιᾶς
909 3157 1001 3211 τὸν
1043 3158 1102 3209 ὲν
1137 3158 1237 3228 μιᾷ
1273 3156 1429 3210 νυκτὶ
1469 3157 1858 3230 καθορίσαντος

291 3247 538 3302 θάνατον.
572 3266 591 3299 ι
635 3247 852 3319 Ἐξῆλθε
879 3246 1008 3317 γὰρ,
1037 3245 1221 3319 φησὶν,
1253 3245 1482 3314 ἄγγελος
1511 3245 1738 3317 Κυρίου,
1766 3248 1861 3301 καὶ

291 3337 498 3391 ἀνεῖλεν
543 3339 609 3391 ὲκ
648 3342 745 3410 τῆς
792 3338 1145 3410 παρεμῦολῆς
1183 3337 1291 3391 τῶν
1324 3337 1624 3407 Ἀσσυρίων
1671 3337 1864 3391 ἑκατὸν

293 3429 622 3501 ὀγδοήκοντα
648 3430 806 3482 πέντε
828 3429 1092 3499 χιλιάδας.
1114 3429 1224 3480 Καὶ
1243 3427 1571 3490 ἀναστάντες
1593 3428 1671 3498 τῷ
1697 3427 1863 3499 πρωῒ,

295 3516 452 3592 εὗρον
487 3520 664 3573 πάντα
684 3520 751 3572 τὰ
784 3518 1014 3588 σώματα
1046 3519 1234 3588 νεκρά.
1273 3538 1290 3568 ι
1326 3511 1484 3570 Οὗτοι
1510 3518 1606 3587 τῆς
1643 3520 1720 3581 είς
1736 3518 1867 3572 Θεὸν

297 3608 579 3666 εὐσεϐείας
610 3607 834 3673 καρποὶ,
863 3607 957 3661 καὶ
985 3606 1076 3659 τοῦ
1113 3608 1186 3678 μὴ
1216 3607 1542 3677 ἀνασχέσθαι
1580 3608 1784 3678 φωνῆς,
1819 3612 1867 3663 εί

303 3696 424 3751 κατ’
450 3698 620 3767 αὐτῆς
646 3701 744 3768 τῆς
771 3697 919 3761 θείας
952 3698 1159 3766 γένοιτο
1186 3696 1361 3769 δόξης.

1223 227 1305 280 DE
1347 226 1568 282 RECTA
1611 224 1785 291 FIDE,
1828 224 1917 278 AD
1958 223 2405 281 TllEODOSlUM
2446 222 2582 277 lllP.

3376 214 3510 272 H38

2020 343 2117 397 Ill.
2162 343 2286 397 Fuit
2335 358 2398 398 ex
2441 341 2651 396 Persica
2686 336 2954 407 Babylone
3015 337 3097 389 vir
3149 334 3386 403 quidam,
3419 336 3508 384 cui

1945 430 2212 501 Rapsaces
2231 446 2443 485 nomen.
2467 429 2561 483 llic
2583 438 2928 498 pos'eaqnam
2959 424 3264 478 universam
3292 419 3508 474 Judaeu-

1944 536 2061 575 rum
2103 521 2430 591 provinciam
2478 518 2860 586 propemodum
2941 521 3286 577 occupasset,
3318 509 3509 563 Sama-

1945 605 2189 680 riamque
2228 625 2329 663 una
2360 624 2481 663 cum
2515 608 2626 676 ipsa
2669 604 2935 660 hostiliter
2965 600 3313 670 depopulatus
3344 608 3508 658 esset,

1945 703 2115 771 copiis
2144 699 2628 755 innumerabilibus
2673 698 2902 765 stipatus
2933 696 3101 761 ipsam
3137 705 3351 762 quoque
3387 689 3510 743 llic-

1947 794 2266 864 rosolymam
2315 792 2511 846 adoriri
2567 790 2904 843 moliebatur.
2950 785 3123 838 Porro
3167 794 3345 837 autem
3389 796 3509 834 cum

1948 887 2170 940 minime
2212 884 2652 945 contemnendas,
2702 882 2808 935 imo
2848 895 2978 935 vero
3025 886 3231 930 tantum
3277 889 3383 927 non
3428 871 3513 924 in-

1946 973 2329 1043 eXpngnahiles
2368 972 2608 1042 equitum
2658 981 2863 1023 turmas
2904 969 3316 1036 peditatumque
3351 959 3517 1014 maris

1947 1080 2141 1120 arenas
2172 1076 2306 1132 pene
2352 1073 2657 1132 :cquantem
2691 1060 3002 1121 adduceret,
3071 1055 3390 1110 vastatriees
3423 1066 3516 1105 ur-

1947 1158 2093 1211 bium
2121 1155 2399 1210 machinas
2446 1154 2819 1220 reliqnmnque
2851 1150 2973 1204 belli
3020 1156 3337 1216 apparatum
3389 1142 3520 1198 civi-

1951 1247 2077 1301 tatis
2155 1244 2420 1301 moenibus
2488 1244 2769 1308 admovet;
2817 1241 3152 1309 barbaraque
3203 1233 3424 1290 vesania
3456 1246 3521 1286 ac

1947 1338 2238 1408 supercilio
2265 1336 2553 1408 plurimum
2603 1335 2793 1396 elatus,
2828 1331 2879 1403 3
2917 1340 3155 1387 sanctam
3206 1324 3519 1395 Hierosoly-

1950 1446 2158 1485 morum
2196 1431 2471 1487 civitatem
2518 1428 2737 1495 perinde
2777 1441 2841 1480 ac
2872 1425 3007 1479 alias
3038 1423 3086 1476 vi
3128 1436 3186 1476 se
3231 1427 3519 1489 capturmn

1948 1529 2481 1590 cxpl'gllaml‘tmﬂtlle
2525 1518 2841 1588 iactitabat,
2887 1524 2961 1578 et,
3018 1524 3201 1568 contra
3256 1523 3522 1563 veneran-

1951 1613 2071 1666 dam
2119 1611 2210 1666 Dei
2248 1611 2580 1679 maiestatem
2639 1610 2938 1679 petulanter
2968 1620 3180 1675 quoque
3217 1605 3518 1670 insurgens,

1953 1703 2227 1769 liberaque
2270 1699 2830 1753 incontinentissitme
2850 1712 2913 1749 ac
2930 1722 2935 1723 ί
2953 1694 3384 1749 insolentissimm
3431 1690 3523 1743 lin-

1951 1804 2067 1860 gua:
2101 1790 2248 1845 l'rcna
2296 1789 2634 1858 pennittcns,
2689 1786 3001 1840 mtrlcdictas
3049 1784 3104 1837 in
3163 1782 3331 1837 Deum
3364 1795 3522 1834 voces

1953 1885 2274 1950 detorquere
2328 1896 2433 1934 non
2484 1878 2785 1933 dubitabat.
2829 1876 3024 1931 Aiebat
3065 1875 3231 1938 enim,
3282 1889 3378 1927 eos
3430 1874 3521 1942 qni

1951 1989 2102 2027 snam
2143 1973 2194 2026 in
2233 1974 2407 2041 ipsum
2444 1985 2592 2040 Spem
2633 1968 3051 2035 collocaverunt,
3084 1965 3296 2021 etiamsi
3338 1964 3520 2027 vellet,

1952 2070 2174 2119 servare
2207 2064 2511 2132 speratique
2557 2059 3130 2116 subsidiibeneﬁcium
3163 2058 3363 2113 eisdem
3393 2073 3525 2126 prte-

1954 2166 2245 2211 stare'non
2305 2170 2462 2226 posse
2501 2156 2542 2210 '.
2580 2155 2712 2211 Cum
2757 2171 2885 2225 ergo
2907 2155 3266 2209 accessissent
3304 2154 3396 2221 qui
3437 2154 3523 2208 in.

1953 2260 2115 2300 sanos
2167 2244 2308 2299 illius
2363 2253 2612 2310 conatus,
2662 2244 2933 2313 verbaque
2976 2244 3191 2300 Persico
3237 2243 3375 2299 fastu
3411 2253 3525 2297 tur-

1952 2337 2132 2407 gentia
2165 2337 2275 2406 regi
2296 2335 2697 2401 denuntiarent,
2733 2336 2842 2403 ille,
2870 2335 2980 2389 sola
3004 2334 3244 2389 convicia
3275 2336 3327 2389 in
3356 2334 3522 2389 Deum

1954 2428 2169 2483 detorta
2204 2428 2489 2496 mgerrime
2522 2427 2725 2491 l‘erens,
2769 2442 2941 2496 eaque
2973 2426 3249 2495 capiendae
3291 2424 3527 2480 civitatis

1953 2533 2171 2575 causam
2210 2533 2331 2574 esse
2366 2532 2522 2587 posse
2576 2519 2661 2588 pie
2721 2517 3133 2587 prudenterque
3151 2516 3522 2580 considerans,

1954 2610 2243 2679 derepente
2279 2624 2552 2665 COIlSCISSﬂ
2604 2617 2753 2663 veste
2787 2607 2840 2664 in
2884 2608 3100 2662 domum
3135 2603 3228 2662 Dei
3263 2606 3537 2682 ascendit,

1954 2701 2268 2771 suppliciter
2323 2700 2416 2755 lim
2463 2700 2657 2755 divinae
2700 2699 3097 2762 obsecundans,
3147 2707 3202 2751 et
3238 2711 3298 2752 se
3335 2695 3404 2750 ab
3437 2695 3529 2748 illo

1954 2792 2412 2863 blasphemiarum
2455 2792 2685 2846 crimine
2721 2790 3028 2846 exsolvens.
3061 2788 3263 2857 Ecquid
3293 2787 3383 2843 illo
3410 2796 3528 2840 stn-

1957 2885 2046 2939 dio
2071 2882 2381 2954 promovit?
2403 2880 2535 2939 Illud
2561 2884 2837 2950 nimirum,
2874 2885 3014 2953 quod
3055 2884 3309 2936 virtutum
3345 2878 3530 2934 Domi-

1964 2990 2089 3029 num
2124 2975 2414 3042 benignum
2462 2976 2873 3047 propitiumque
2913 2974 3015 3031 sibi
3051 2973 3320 3029 reddidit:
3353 2987 3530 3041 quan-

1965 3065 2277 3135 doquidem,
2312 3082 2415 3122 non
2476 3067 2700 3122 frenatis
2752 3076 2806 3121 et
2854 3067 2921 3121 ad
2962 3080 3193 3135 pugnam
3254 3062 3535 3119 instructis

1963 3157 2138 3224 equis,
2174 3171 2280 3211 non
2308 3159 2712 3229 sagittariorum
2757 3158 3103 3220 dexteritate,
3154 3171 3264 3211 non
3295 3156 3537 3210 hastato-

1966 3262 2085 3301 rum
2118 3246 2262 3316 pilis,
2294 3263 2398 3303 non
2427 3249 2624 3304 ducum
2662 3250 2873 3320 peritia,
2905 3250 2997 3304 sed
3039 3247 3131 3303 Dei
3161 3247 3375 3301 auxiliis
3410 3261 3537 3299 usus

1969 3340 2337 3410 inanitusque,
2374 3343 2624 3413 Assyrios
2672 3342 2926 3397 debellari
2960 3341 3206 3406 volentis,
3242 3355 3346 3394 una
3380 3348 3538 3393 nocte

1970 3445 2183 3486 onmem
2215 3434 2425 3487 illorum
2471 3435 2768 3489 exercitum
2798 3434 3013 3490 delevit.
3064 3433 3335 3501 Scriptum
3383 3446 3537 3484 nam-

1971 3535 2077 3590 que
2096 3531 2219 3577 est:
2268 3542 2286 3575 ι
2319 3523 2577 3593 Egressus
2607 3536 2689 3579 est
2713 3536 2892 3579 antem
2925 3524 3147 3596 angelus
3191 3522 3423 3586 Domini,
3486 3530 3541 3575 ct

1974 3614 2240 3680 percussit
2274 3628 2344 3668 ex
2378 3614 2572 3667 castris
2609 3614 2956 3684 Assyriorum
2997 3623 3215 3669 centum
3269 3611 3541 3683 octoginta

1973 3702 2211 3772 quinque
2237 3703 2423 3757 millia.
2453 3703 2521 3757 Et
2541 3713 2820 3771 surgentes
2840 3720 2995 3759 mane
3017 3705 3335 3760 invenerunt
3359 3705 3539 3758 omnia

302 3808 527 3862 corpora
559 3800 766 3849 mortua
798 3792 839 3845 ⁸.
881 3812 900 3844 ι
948 3792 1009 3847 lii
1093 3793 1309 3863 pietatis
1348 3803 1473 3848 sunt
1512 3792 1761 3859 fructus;
1801 3795 1912 3851 haec
1952 3810 2161 3863 eorum,
2192 3800 2281 3868 qui
2317 3798 2658 3868 blasphemas
2718 3802 2767 3853 in
2802 3797 2963 3853 Deum
3005 3812 3163 3856 voces
3192 3815 3297 3855 non
3340 3800 3539 3866 ferunt,

304 3900 530 3941 merces.

371 3978 442 4031 A’.
479 3979 599 4030 Δεῖν
622 3975 678 4030 δὲ
708 3972 859 4047 οἶμαι
889 3975 1120 4047 μάλιστα
1148 3978 1269 4041 ταῖς
1303 3974 1566 4046 βασιλέοιν
1595 3975 1875 4031 εύσεδέσιν

303 4068 491 4131 ἀκοαῖς
522 4067 881 4137 παλίμφημον
925 4065 1024 4134 μὲν
1051 4066 1201 4119 οὐδὲν
1232 4065 1508 4119 λαλεῖσθαι
1535 4065 1676 4119 κατὰ
1714 4066 1870 4132 Θεοῦ,

2054 3980 2143 4036 IV.
2173 3981 2423 4036 Arbitror
2458 3990 2636 4041 autem
2678 3982 2743 4036 ad
2776 3981 2897 4049 pias
2937 3981 3238 4051 principum
3272 3997 3429 4037 aures
3463 3985 3546 4038 ni-

1983 4068 2057 4139 hil
2088 4070 2230 4140 quod
2280 4070 2331 4124 in
2366 4070 2535 4125 Deum
2569 4070 2937 4141 blasphemnm
2971 4072 3061 4136 sit,
3094 4069 3276 4124 efferri
3308 4071 3542 4136 debere;

305 4161 487 4213 ἐκεῖνα
528 4159 586 4213 δὲ
632 4159 850 4229 μᾶλλον,
889 4159 989 4212 ὅσα
1037 4159 1130 4211 καὶ
1161 4156 1354 4229 μώμου
1392 4158 1591 4220 παντὸς
1636 4158 1729 4211 καὶ
1759 4158 1861 4213 δια‹

1980 4174 2161 4215 verum
2194 4160 2243 4215 id
2275 4168 2502 4221 tantum.
2539 4162 2680 4229 quod
2713 4170 2866 4215 extra
2909 4176 3121 4215 onmem
3166 4172 3345 4217 notam
3372 4171 3425 4217 et
3460 4177 3548 4217 rc-

306 4251 468 4321 6ολῆς
513 4251 771 4304 ἐπέκεινα
802 4251 1004 4321 τρέχει,
1037 4253 1130 4304 καὶ
1160 4251 1258 4319 τῆς
1304 4249 1618 4322 πρεπούσης
1664 4249 1873 4314 δοξολο-

304 4343 428 4412 γίας
474 4342 621 4413 αὐτῷ
668 4344 901 4395 ποιεῖται
936 4341 1035 4411 τὴν
1076 4341 1300 4394 ἔκτισιν.
1344 4342 1575 4411 Ἀρίστα
1617 4340 1674 4393 δὲ
1717 4340 1876 4393 τοῦτο

305 4433 459 4503 κάγὼ
497 4434 647 4498 εἰδὼς
684 4434 845 4505 ἔχειν,
876 4435 1257 4505 παρωρμήθην
1286 4434 1621 4501 ἀναγκαίως,
1651 4433 1751 4503 τῆς
1780 4433 1875 4504 ὀρ-

306 4528 404 4598 θῆς
427 4544 487 4579 τε
522 4526 613 4579 καὶ
649 4524 1012 4595 ἀποστολικῆς
1055 4524 1289 4588 πίστεως
1314 4525 1413 4592 τὴν
1448 4523 1745 4592 παράδοσιν
1783 4524 1875 4591 ἐγω

302 4618 515 4691 γράψαι
560 4617 656 4688 μὲν
694 4615 830 4686 τῷδε
872 4614 952 4686 τῷ
999 4615 1216 4685 βιϐλίῳ,
1271 4614 1444 4681 ξένιον
1484 4613 1540 4666 δὲ
1586 4612 1774 4683 ὥσπερ
1822 4631 1872 4666 τι

304 4710 673 4781 πνευματικὸν
718 4707 1082 4778 προσκομίσαι
1125 4707 1203 4777 τῷ
1232 4706 1481 4778 ὑμετέρῳ
1531 4705 1750 4777 κράτει,
1784 4708 1876 4759 καὶ

305 4804 499 4865 αὑταῖς
525 4801 581 4854 δὲ
609 4802 726 4864 ταῖς
770 4798 1209 4868 θεοφιλεστάταις
1246 4798 1461 4869 ἀληθῶς
1497 4797 1784 4867 βασιλίσιν,
1820 4795 1876 4849 αἳ

302 4899 370 4967 τῇ
407 4894 649 4965 ὑμετέρᾳ
676 4892 995 4965 γαληνότητι
1029 4892 1519 4961 συναστράπτουσι.
1552 4891 1661 4944 Καὶ
1688 4892 1721 4960 ἡ
1771 4889 1872 4959 μὲν

304 4989 429 5050 ταῖς
458 4985 867 5047 εὐκταιοτάταις
895 4984 1022 5055 ὑμῖν
1050 4982 1364 5053 ὲπαυχοῦσα
1407 4984 1609 5049 γοναῖς,
1642 4981 1736 5034 καὶ
1783 4980 1880 5049 τῆς

307 5079 482 5134 εἰσαεὶ
521 5076 780 5147 διαμονῆς
809 5075 908 5138 τὰς
940 5075 1162 5138 ἐλπίδας
1193 5076 1304 5133 τοῖς
1348 5073 1650 5143 σκήπτροις
1692 5071 1880 5139 εἰσφέ-

309 5186 504 5241 ρουσα·
536 5170 567 5239 ἡ
598 5168 652 5221 δὲ
682 5168 794 5230 τοῖς
833 5166 1183 5237 παρθενικοῖς
1227 5163 1569 5234 βλαστήμασι
1608 5160 1885 5232 συνακμάι

1977 4253 2386 4322 prcliensionem
2419 4252 2677 4323 positum,
2713 4253 2777 4308 ad
2824 4253 3031 4309 laudem
3063 4263 3115 4308 ct
3147 4253 3395 4325 gloriam,
3428 4271 3548 4324 qua:

1973 4359 2184 4398 summo
2210 4344 2334 4410 jure
2368 4359 2581 4399 summo
2615 4344 2690 4399 illi
2721 4344 2937 4400 Numini
2975 4346 3259 4415 debentur,
3290 4348 3436 4402 omni
3482 4362 3547 4401 ex

1978 4445 2129 4504 parte
2186 4434 2369 4492 faciat.
2417 4436 2548 4491 Cum
2601 4452 2731 4507 ergo
2780 4438 3039 4507 optimum
3103 4439 3549 4494 convenientissi-

1979 4540 2231 4593 mnmqne
2261 4525 2313 4579 id
2347 4539 2467 4580 esse
2493 4536 2827 4595 compertum
2860 4528 3107 4592 habeam,
3146 4526 3342 4583 incitor
3375 4545 3552 4584 neces-

1981 4616 2144 4680 sario,
2170 4624 2228 4671 ut
2254 4626 2415 4671 rectae
2436 4616 2556 4670 ﬁdei
2586 4631 2845 4673 canonem
2885 4622 2952 4672 ab
2987 4618 3244 4688 apostolis
3272 4622 3547 4686 traditum,

1982 4717 2037 4760 et
2099 4708 2540 4762 commentariolo
2604 4709 2705 4762 hoc
2770 4708 3010 4763 breviter
3077 4712 3549 4781 comprehensum,

1982 4797 2140 4852 veluti
2174 4799 2415 4866 spiritale
2445 4799 2714 4868 quoddam
2750 4801 2988 4865 senium,
3037 4817 3157 4856 cum
3192 4814 3386 4858 vestrae
3434 4821 3551 4859 ma-

1973 4888 2184 4957 jestati,
2227 4899 2335 4942 tum
2364 4890 2500 4958 ipsis
2531 4903 2746 4960 quoque
2791 4891 2991 4962 reginis
3026 4907 3166 4948 verae
3199 4895 3413 4964 pietatis
3440 4907 3557 4950 stn—

1980 4981 2306 5036 diosissimis
2333 4977 2556 5036 oderam
2579 5022 2593 5046 ,
2631 4993 2689 5036 ut
2736 4997 2854 5052 qum
2889 4984 3060 5039 amba:
3097 5001 3197 5038 una
3229 5001 3349 5039 cum
3376 4996 3551 5039 vestra

1982 5073 2275 5126 serenitate
2310 5083 2599 5129 coruscent
2639 5074 3026 5146 insigniterque
3061 5076 3285 5130 ﬂoreant
3323 5094 3336 5129 :
3386 5077 3552 5130 altera

1982 5165 2152 5229 enim,
2191 5163 2374 5218 sobole
2404 5163 2556 5220 vobis
2584 5167 2992 5233 exoptatissima
3023 5165 3167 5231 felix,
3211 5166 3357 5237 regni
3392 5168 3554 5221 vestri

382 5326 400 5353 ⁸
428 5318 491 5377 IV
523 5323 656 5393 [ιι-ς.
692 5337 849 5388 xvm,
888 5321 956 5375 15
992 5335 1191 5389 seqq.;
1228 5319 1330 5374 lsa.
1371 5332 1554 5382 xxxvi,
1591 5317 1626 5369 ‘2
1658 5331 1808 5386 seqq.
1886 5318 1904 5346 ⁶
1932 5316 1997 5370 ιν
2035 5317 2166 5386 Reg.
2206 5333 2320 5383 xu",
2357 5316 2447 5385 35;
2482 5320 2584 5374 lsa.
2623 5333 2831 5384 xxxv”,
2862 5318 2949 5373 56.

1400 5470 1569 5525 Varia-
1596 5470 1852 5525 lectiones
1873 5471 2074 5527 codicis
2105 5468 2458 5538 Segttieriani.

386 5619 410 5659 δ
450 5620 743 5689 μυριάδων.
828 5628 848 5656 ι
884 5617 1259 5688 παραστήσας.
