3970 6136
432 268 573 323 £139

1441 268 1496 324 S.
1537 267 1804 322 CYRILLI
1844 267 2309 322 ALEXANDRIN‘I
2347 268 2666 323 ARClllEP.

3565 277 3717 333 “£0

431 387 661 456 sceptris
705 397 977 458 perpetuae
1025 388 1386 445 successionis
1420 404 1569 460 spem
1603 387 1801 451 aﬂ‘ert;
1839 386 2001 441 altera

2115 387 2301 452 ζουσα,
2331 388 2422 441 καὶ
2451 387 2549 452 τὰς
2583 390 2681 457 τῆς
2713 387 3104 459 εὖκλεεστάτης
3134 390 3288 459 ὑμῶν
3321 390 3596 461 βασιλείας
3627 396 3711 447 οῖ-

433 493 589 544 vero,
618 477 763 535 inter
791 481 1060 552 virgineas
1090 497 1332 553 gemmas
1353 482 1690 540 adolescens.
1727 479 1876 548 regni
1913 494 2005 532 ve-

432 569 529 622 stri
583 571 982 638 pra-clarissimi
1037 589 1201 629 curas
1249 573 1526 627 vobiscum
1565 585 1880 625 communes
1912 570 2009 624 ha-

432 659 542 713 bet.
613 661 781 729 Igitur
835 674 894 717 ut
947 667 1250 719 veneranda
1309 665 1482 734 capita
1517 673 1786 719 exornant
1840 659 2004 716 Iudici

433 751 697 818 uniones,
753 754 825 807 ita
886 754 1147 824 spiritalis
1191 757 1385 810 animae
1435 755 1739 824 mentisque
1784 763 2007 808 ornatus

431 842 536 893 erit
582 853 749 909 recta,
776 843 832 916 ἦ,
858 847 1068 901 sincera
1127 847 1511 916 inculpataque
1569 847 1620 900 in
1652 847 1820 900 Deum
1855 847 2005 899 lides.

431 931 598 996 Quam
627 937 846 1004 quidem
893 936 1072 1003 ﬁdem,
1121 940 1246 1008 quia
1280 955 1372 994 vos
1410 949 1824 995 conservaturos
1851 937 2008 1010 plane

429 1031 661 1094 conﬁdo,
727 1045 966 1099 prmsens
1040 1032 1144 1087 hoc
1190 1034 1449 1102 scriptum
1517 1034 1681 1087 veluti
1740 1033 2007 1101 quoddam

430 1123 626 1202 mentis
677 1121 1100 1189 ﬁrmamentum,
1151 1123 1450 1193 animmque
1483 1124 1684 1186 lumen,
1721 1133 1773 1178 et
1825 1124 2006 1178 cordis

427 1228 685 1266 coronam
723 1211 914 1267 offero.
955 1213 1226 1282 Scriptum
1278 1225 1360 1268 est
1404 1215 1547 1270 enim
1599 1233 1612 1269 :
1652 1235 1672 1267 ι
1711 1216 1899 1270 lllelior
1924 1225 2010 1270 est

426 1305 688 1377 sapientia
734 1305 1007 1374 lapidibus
1043 1306 1331 1376 pretiosis;
1363 1314 1416 1360 et
1446 1321 1606 1362 omne
1648 1306 2007 1362 desiderabile

425 1397 475 1451 ei
525 1413 630 1452 non
683 1405 858 1466 potest
901 1398 1207 1466 comparari
1247 1398 1291 1452 ⁷.
1324 1417 1342 1448 ι
1391 1397 1465 1452 De
1517 1397 1786 1468 Uuigeniti
1825 1398 2010 1467 itaque

428 1490 802 1545 incarnatione
849 1488 1086 1544 breviter
1128 1489 1291 1543 verba
1339 1488 1601 1555 facturus,
1639 1505 1883 1560 quaenam
1918 1505 2007 1546 sa-

425 1583 698 1639 cramenti
732 1584 892 1653 hujns
935 1583 1072 1637 ratio
1100 1584 1349 1648 exsistat,
1392 1595 1593 1652 quanta
1627 1583 1846 1654 quidem
1881 1599 2001 1653 per—

426 1677 710 1746 spicuitate
749 1677 814 1730 ab
866 1677 934 1731 iis
993 1676 1044 1729 id
1094 1673 1208 1729 ﬁeri
1258 1674 1457 1744 poterit
1519 1675 1611 1744 qui
1673 1674 1724 1727 in
1787 1674 2009 1742 speculo

2112 479 2408 550 κειουμένη
2440 479 2744 550 φροντίδας.
2776 478 2928 531 Λίθοι
2966 478 3064 548 μὲν
3103 475 3197 532 οῦν
3227 479 3441 534 Ἰνδικοὶ
3457 483 3555 546 τὰς
3584 485 3710 542 am.

2110 571 2298 641 δίμους
2342 573 2495 642 ὑμῶν
2539 573 3039 643 καταφαιδρυνουτι
3095 573 3372 642 κεφαλάς,
3423 574 3603 644 ψυχῆς
3649 577 3708 628 δὲ

2114 663 2206 715 καὶ
2240 660 2330 714 νοῦ
2368 662 2554 732 νοητὸς
2586 661 2652 714 ἂν
2687 661 2937 730 γένοιτο(
2977 663 3198 733 κόσμος,
3232 664 3415 728 πίστις
3446 663 3708 736 ὀρθὴκαὶ

2115 753 2510 822 ἁκαπήλευτος.
2543 753 2646 805 “liv
2679 753 2760 805 ὅτι
2795 753 3066 822 τηρήσετε
3099 751 3480 824 τεθαρσηκὼς,
3525 771 3704 824 προσ·

2113 844 2230 912 άγω
2296 845 2389 898 τον
2447 844 2639 912 λόγον,
2695 845 2771 908 ὡς
2825 844 3060 916 ἔρεισμα
3134 845 3266 906 νοῦ,
3355 846 3451 898 καὶ
3520 846 3707 916 ψυχῆς

2111 938 2417 1007 ἀγλάϊσμα,
2459 938 2553 990 καὶ
2585 939 2812 1010 καρδίας
2862 937 3144 1006 στέφανον.
3195 937 3511 1008 Γέγραπται
3554 939 3699 1009 γάρ,

2111 1030 2193 1083 ὅτι
2235 1048 2252 1080 ι
2297 1029 2585 1099 Κρείσσων
2626 1031 2786 1098 σοφία
2813 1030 2975 1084 λίθων
3006 1029 3343 1085 πολυτελῶν
3377 1031 3486 1083 πᾶν
3530 1030 3589 1084 δὲ
3623 1030 3708 1082 τί-

2115 1137 2236 1190 μιον
2266 1120 2368 1173 οὐκ
2412 1119 2560 1184 ἄξιον
2593 1120 2761 1190 αὐτῆς
2807 1121 2973 1176 ἐστιν.
3004 1139 3022 1171 ι
3068 1120 3276 1173 Οὐκοῦν
3309 1119 3399 1172 διὰ
3449 1119 3710 1190 βραχέων

2111 1215 2285 1266 εἰπεῖν
2322 1213 2656 1284 πειράσομαι
2687 1212 2754 1266 τὰ
2785 1215 2913 1284 περὶ
2948 1213 3050 1282 τῆς
3093 1212 3562 1283 ἐειαδθρωπήσεως
3604 1212 3705 1264 τοῦ

2112 1304 2472 1374 Μονογενοῦς,
2506 1305 2597 1356 καὶ
2627 1305 2654 1357 ὅ
2688 1304 2740 1356 τί
2775 1305 2905 1356 ποτέ
2937 1304 3053 1356 ἐστι
3095 1303 3154 1356 τὸ
3189 1305 3274 1356 ἐπ’
3305 1301 3458 1371 αὐτῷ
3490 1303 3708 1373 μυστή-

2113 1414 2249 1468 ριον,
2290 1395 2578 1466 διαρθροῦν
2609 1396 2691 1448 ὅτι
2725 1395 2959 1464 μάλιστα
2996 1394 3211 1462 σαφῶς,
3242 1395 3384 1448 κατά
3413 1412 3479 1463 γε
3507 1395 3573 1448 τὸ
3609 1398 3710 1462 ἐγ-

2111 1483 2322 1556 χωροῦν
2349 1487 2460 1548 τοῖς
2491 1485 2549 1536 ὲν
2573 1483 2824 1554 ἐσόπτρῳ
2856 1485 2952 1537 καὶ
2977 1485 3262 1555 αἰνίγματι
3294 1485 3582 1555 βλέπουσι,
3609 1487 3706 1544 καὶ

2111 1577 2176 1628 ἐκ
2209 1574 2406 1646 μέρους
2445 1573 2816 1642 γινώσκουσιν
2841 1574 2984 1628 κατά
3014 1576 3074 1628 τὸ
3114 1576 3315 1646 μέτρον
3358 1577 3462 1645 τῆς
3489 1576 3704 1646 δωρεᾶς

2109 1666 2209 1734 τῆς
2257 1665 2614 1737 ἐπιχορηγίας
2643 1665 2737 1718 τοῦ
2769 1666 3105 1737 Πνεῦματος,
3137 1667 3280 1721 καθά
3314 1669 3408 1721 καὶ
3443 1671 3474 1722 ὁ
3502 1669 3702 1722 θεσπέ-

431 1778 640 1822 tantum
667 1776 721 1821 ct
748 1766 1036 1836 aenigmate
1078 1763 1483 1832 conspicantur,
1531 1772 1586 1817 et
1626 1777 1690 1818 ex
1728 1777 1880 1830 parre
1914 1778 2001 1818 so-

2109 1773 2219 1820 σιος
2253 1757 2452 1828 γράφει
2481 1758 2712 1821 Παῦλος·
2756 1773 2776 1809 t
2806 1758 2996 1823 Οὐδεὶς
3027 1759 3136 1832 γάρ
3161 1760 3311 1828 λέγει
3350 1761 3562 1831 Κύριον
3595 1763 3704 1831 Ἰηη

429 1860 540 1914 lum
563 1858 607 1923 ⁸,
639 1873 830 1925 nempe
853 1855 1147 1912 secundum
1186 1871 1494 1910 mensuram
1537 1854 1848 1909 donationis
1878 1854 2004 1924 Spi-

430 1950 565 2004 ritus
607 1951 803 2013 sancti,
834 1958 893 2001 ut
926 1948 1140 2002 divinus
1191 1945 1391 2000 Paulus
1417 1945 1654 2015 loquitur
1703 1946 1747 2011 ⁸,
1801 1958 2004 2014 cogno—

2107 1849 2253 1913 σοῦν,
2282 1851 2331 1902 εἰ
2365 1849 2441 1921 μὴ
2467 1851 2525 1902 ἐν
2553 1851 2828 1921 Πνεύματι
2860 1852 3033 1922 ἀγίῳο
3061 1853 3157 1906 καὶ
3183 1853 3358 1918 οὐδεὶς
3387 1854 3539 1923 λέγει
3567 1856 3700 1910 ἀνά-

2106 1942 2250 2012 θεμα
2285 1942 2514 2012 Ἰησοῦν,
2545 1943 2593 1995 εί
2623 1944 2705 2013 μὴ
2733 1945 2790 1996 ἐν
2822 1941 3171 2008 Βεελζεδούλ.
3197 1964 3216 1996 ι

427 2049 585 2098 scunt
614 2041 660 2111 (ι
693 2039 862 2094 Nemo
900 2040 1041 2093 enim
1092 2039 1223 2092 dicit
1261 2037 1541 2092 Dominum
1573 2035 1779 2100 Jesum,
1814 2037 1914 2090 nisi
1955 2049 2052 2105 per
2091 2034 2352 2104 Spiritum
2387 2045 2633 2090 sanetum
2665 2053 2678 2089 :
2714 2035 2856 2090 sicut
2894 2050 3052 2091 nemo
3117 2053 3333 2092 rursum
3382 2038 3516 2094 dicit
3567 2055 3704 2096 ana-

429 2136 606 2189 thema
632 2132 840 2198 Jesum,
887 2131 985 2184 nisi
1017 2131 1069 2184 in
1113 2127 1416 2184 Beelzebub
1444 2128 1489 2159 ¹⁰
1521 2125 1566 2197 ι)
1603 2127 1878 2197 explicare
1915 2125 2151 2181 tentabo.

495 2225 562 2280 V.
611 2225 818 2280 Dixerit
844 2234 1024 2279 autem
1083 2223 1172 2278 hie
1219 2223 1524 2292 quispiam:
1554 2220 1998 2289 Quandoquidem

424 2319 592 2384 hujus
612 2319 688 2370 rei
721 2331 884 2370 causa
914 2315 966 2369 in
1007 2328 1228 2368 arenam
1259 2297 1616 2378 descendere,
1651 2310 1999 2378 laboremque

426 2424 593 2480 usque
639 2409 772 2462 adeo
818 2404 1084 2461 (lillicilem
1127 2413 1292 2472 atque
1346 2403 1573 2457 arduum
1609 2401 1792 2456 subire
1832 2399 1997 2465 libet;

425 2514 544 2569 age,
580 2498 629 2552 si
660 2497 858 2566 placet,
904 2495 1153 2548 oratione
1202 2492 1422 2545 minime
1461 2491 1526 2543 ad
1571 2491 1751 2543 lucum
1783 2504 2001 2558 compa-

425 2599 562 2652 rata,
597 2589 690 2642 sed
720 2602 865 2650 vera,
896 2586 989 2638 sed
1017 2585 1256 2648 sincera,
1288 2584 1380 2636 sed
1414 2582 1480 2634 ah
1510 2581 1657 2634 omni
1687 2590 1813 2634 nota
1849 2580 2002 2633 vitio-

423 2695 529 2749 que
553 2679 743 2744 libera,
775 2675 978 2730 Christi
1011 2673 1322 2744 mysterium
1350 2671 1563 2738 expedi.
1595 2669 1727 2724 Nam
1761 2673 2000 2738 oracula,

419 2786 543 2840 quas
569 2785 689 2823 cum
721 2769 774 2822 in
812 2766 980 2832 Nova,
1013 2775 1122 2819 tum
1159 2767 1210 2818 in
1251 2765 1424 2818 Veteri
1466 2779 1682 2834 quoque
1715 2764 1998 2834 Scriptura

423 2880 486 2918 ea
515 2862 579 2918 de
605 2877 663 2916 re
686 2861 884 2932 passim
919 2865 1234 2921 occurrunt,
1261 2872 1321 2911 ea
1353 2856 1572 2926 quidam
1603 2856 1769 2911 variis
1789 2856 2000 2926 opinio-

422 2955 582 3010 nibus
614 2953 750 3008 ebrii
794 2968 821 3006 a
862 2966 992 3006 vero
1028 2964 1394 3020 germanoque
1422 2963 1581 3004 sensu
1621 2949 1673 3002 in
1705 2957 1998 3017 praeposte-

2179 2221 2254 2272 E'.
2297 2220 2435 2291 Φαίη
2471 2220 2514 2273 δ’
2543 2219 2631 2284 ἂν,
2658 2218 2832 2291 οἶμαι,
2861 2221 2970 2285 τὶς,
3011 2221 3223 2276 Οὐκοῦν
3255 2224 3441 2296 ἐπειδή
3481 2243 3564 2279 σοι
3601 2227 3700 2286 καὶ,

2103 2310 2206 2379 τῆς
2239 2311 2332 2363 ἐπὶ
2369 2310 2545 2381 τούτῳ
2583 2311 2782 2374 κόνεως
2818 2311 3050 2380 ἅψεσθαι
3083 2312 3250 2377 δοκεῖ,
3280 2314 3377 2366 καὶ
3418 2314 3510 2367 τὸν
3551 2315 3698 2368 οὕτω

2105 2401 2355 2472 διαϐριθῆ
2392 2403 2484 2456 καὶ
2525 2401 2799 2456 δύσοιστον
2841 2404 3140 2473 ἀνατλῆναι
3172 2406 3355 2468 πόνον,
3389 2407 3697 2460 ἀοκνότατα

2105 2493 2358 2562 διασάφει
2394 2493 2485 2546 τὸν
2512 2494 2712 2564 ἀκριϐῆ
2740 2511 2800 2548 τε
2829 2495 2923 2548 καὶ
2946 2495 3356 2565 ἀκιὸδήλευτον,
3387 2499 3482 2551 καὶ
3509 2499 3692 2568 πάσης

2106 2586 2284 2649 αἰτίας
2325 2585 2747 2656 ἀπηλλαγμένον
2782 2585 2876 2639 ἐπὶ
2919 2585 3143 2657 Χριστῷ
3187 2587 3368 2655 λόγον.
3402 2590 3692 2660 Διαφόροις

2103 2678 2212 2750 γάρ
2242 2676 2420 2742 δόξαις
2453 2677 2861 2746 καταμεθύουσί
2894 2695 3057 2741 τινες,
3084 2680 3578 2750 ρπαραπλάττοντες
3610 2681 3692 2743 εἰς

2103 2770 2162 2822 τὸ
2231 2769 2461 2832 ἀκαλλὲς
2507 2769 2573 2821 τά
2610 2769 2696 2821 ἐπ’
2739 2769 2884 2838 αὐτῷ
2938 2770 3443 2840 κεχρησμῳδημένα
3471 2773 3496 2810 ε

2102 2880 2161 2914 τε
2193 2861 2292 2930 τῆς
2331 2861 2474 2925 Νέας
2510 2861 2605 2914 καὶ
2643 2861 3024 2932 ’Λρχαιοτέρας
3057 2863 3298 2933 Γραφῆς.
3336 2864 3445 2916 Οὐκ
3483 2865 3695 2934 iuvar}-

2103 2971 2278 3024 κάμεν
2324 2948 2438 3018 οῦν,
2469 2953 2545 3016 ὡς
2573 2953 2674 3007 οὐκ
2713 2952 3138 3023 ἀνεπιτήδευτόν
3171 2957 3278 3007 ἐστι
3311 2954 3416 3006 τῶν
3455 2955 3693 3008 ἀτόπων

425 3061 542 3100 rum
580 3045 918 3112 detorqueat.
969 3041 1084 3095 Non
1129 3040 1263 3110 fugit
1309 3055 1408 3095 nos
1437 3055 1568 3094 sane
1607 3039 1742 3095 nihil
1787 3046 2001 3100 exstare

2109 3049 2217 3109 τοῖς
2255 3045 2533 3109 ἀσυνέτοις
2561 3045 2714 3098 οὐδέν
2734 3062 2747 3074 ·
2779 3045 3042 3098 πίπτουσι
3075 3045 3134 3098 δὲ
3171 3047 3257 3098 καὶ
3293 3043 3410 3098 λίαν
3440 3045 3694 3116 ἑτοίμως

424 3149 534 3194 tam
561 3138 875 3198 absurdmn,
904 3135 1044 3203 quod
1075 3133 1390 3203 insipientes
1428 3148 1536 3187 non
1565 3140 1836 3186 attentent
1865 3147 1878 3184 :
1913 3146 2002 3185 ve-

425 3245 546 3282 rum
579 3237 841 3282 corruunt
873 3224 946 3278 illi
974 3226 1129 3295 proni
1171 3227 1224 3279 in
1253 3222 1578 3293 profundum
1615 3221 1832 3286 inferni,
1861 3222 2003 3276 sicut

425 3318 687 3386 scriptum
715 3325 798 3370 est
825 3316 891 3380 η,
923 3325 978 3366 et
1006 3314 1058 3367 in
1097 3314 1314 3383 pedicas
1350 3311 1576 3377 mortis;
1610 3327 1630 3361 ε
1664 3325 1768 3364 non
1803 3309 2002 3364 intelli-

426 3417 612 3478 gentes
655 3422 827 3476 neque
850 3406 979 3476 quid
1010 3405 1326 3474 loquantur,
1346 3417 1520 3473 neque
1551 3404 1617 3458 de
1643 3401 1839 3472 quibus
1865 3400 2001 3454 amr-

427 3510 577 3555 ment
610 3501 674 3554 ¹².
710 3517 729 3550 ι
764 3496 1029 3551 Retuleril
1065 3506 1243 3551 autem
1299 3508 1476 3561 nosse,
1513 3502 1568 3548 et
1607 3506 1852 3563 quamam
1898 3490 2001 3546 illa:

426 3589 888 3660 sintsingnlorum
929 3603 1084 3656 nugm
1115 3587 1430 3656 stolatazque
1471 3585 1686 3643 fabula).

499 3682 592 3739 Vl."
616 3681 842 3749 Quidam
895 3679 1058 3750 igitur
1109 3676 1340 3733 Verbum
1375 3693 1440 3738 ex
1482 3676 1592 3733 Deo
1625 3686 1680 3731 et
1719 3675 1878 3730 Patre
1907 3691 1996 3745 ge-

425 3777 597 3832 nitum
649 3775 702 3828 in
765 3774 1001 3829 hominis
1059 3771 1231 3827 forma
1281 3770 1617 3840 apparuisse,
1667 3771 1810 3824 haud
1845 3766 1998 3822 inviti

425 3866 754 3932 concedunt;
784 3875 837 3920 at
865 3867 994 3919 vero
1021 3879 1086 3918 ex
1119 3876 1270 3916 sacra
1304 3869 1358 3915 et
1389 3861 1602 3927 deipara
1637 3857 1856 3930 Virgine
1883 3874 2000 3912 car-

426 3976 546 4015 nem
589 3959 906 4027 sumpsisse,
958 3956 1008 4016 id
1035 3953 1222 4008 audaci
1292 3953 1594 4008 temeritate
1645 3952 1995 4005 inﬁciautur:

425 4051 692 4120 siquidem
736 4059 902 4105 totam
934 4044 1259 4100 sacramenti
1295 4042 1455 4114 hujus
1497 4044 1756 4101 rationem
1803 4042 1854 4096 in
1886 4041 1999 4094 solo

423 4154 648 4197 a-xterno
683 4143 962 4196 schemate
1007 4137 1233 4207 positam
1282 4136 1451 4191 fuisse
1507 4135 1769 4204 sacrilege
1813 4149 1996 4188 emen-

426 4236 652 4290 tiuntur.
707 4233 810 4286 Alii
863 4241 1017 4300 turpe
1053 4229 1467 4300 pudendumque
1497 4228 1622 4294 rati,
1651 4228 1694 4281 si
1726 4227 1995 4282 hominem

426 4327 656 4380 adorare
721 4324 1029 4385 videantur,
1086 4331 1464 4388 terrenamque
1511 4323 2004 4374 carnem‘summo.

424 4416 630 4470 honore
664 4411 934 4478 alliciant,
993 4412 1118 4466 dum
1163 4409 1306 4468 [cedo
1352 4410 1453 4469 hoc
1503 4409 1733 4469 inscitia:
1785 4409 2001 4471 morbo,

425 4521 696 4577 pravaque
727 4515 778 4558 ct
813 4504 1114 4558 adulterina
1159 4501 1424 4572 religione
1455 4500 1722 4562 laborant,
1761 4499 1993 4556 Verbum

422 4614 486 4653 ex
536 4599 642 4653 Deo
683 4608 864 4652 natum
923 4597 976 4650 in
1028 4595 1259 4660 ossium,
1285 4603 1338 4648 et
1380 4607 1668 4646 nervorum
1711 4593 1997 4662 carnisque

425 4701 676 4744 naturam
730 4691 1060 4745 demutatum
1123 4687 1414 4742 allirmant.
1460 4684 1638 4754 Atque
1690 4686 1762 4738 ita
1812 4685 1995 4739 miseri

426 4783 525 4847 illi,
557 4782 922 4836 Ennnannelis
942 4796 1008 4834 ex
1032 4780 1248 4848 Virgine
1269 4788 1447 4833 ortum
1470 4777 1757 4832 ludibrium
1793 4776 1998 4838 haben-

427 4884 526 4936 tes,
573 4872 832 4942 optimam
880 4873 1023 4925 ﬂlam
1083 4871 1581 4939 dirinissimamque
1633 4867 1993 4922 meonomiam

428 4966 736 5018 indecoram
758 4962 1021 5031 judicant.
1057 4961 1195 5015 Sunt
1218 4962 1307 5029 qui
1346 4969 1673 5014 coaeternum
1712 4958 1818 5014 Deo
1849 4958 1993 5012 Patri

427 5056 662 5109 Verlmm
698 5054 847 5108 tarde
889 5059 1093 5116 uatum,
1125 5051 1228 5105 hoe
1259 5060 1363 5114 est,
1415 5060 1522 5103 tum
1555 5050 1767 5103 demum
1801 5049 1998 5116 produc

425 5156 570 5200 ctum
602 5145 851 5206 credunt,
877 5157 998 5197 cum
1030 5140 1323 5200 secundum
1354 5154 1570 5194 carnem
1602 5140 1652 5192 iu
1686 5139 1863 5202 lucem
1890 5140 1999 5193 edi-

428 5244 539 5287 tum
572 5233 622 5304 5
652 5242 752 5287 est.
780 5231 896 5287 Non
927 5232 1120 5290 desunt
1157 5246 1368 5287 rursum
1421 5229 1510 5298 qui
1545 5230 1598 5283 iu
1635 5240 1836 5284 tantum
1861 5230 1997 5282 stul-

498 5388 515 5416 "
544 5385 702 5440 Prov.
733 5403 849 5452 rm,
895 5386 976 5440 ll.
1069 5385 1129 5438 ⁸1
1167 5385 1290 5439 Cor.
1336 5401 1451 5446 xm,
1490 5383 1574 5438 1'2.

1653 5381 1710 5436 Ἰ
1743 5383 1867 5438 Cor.
1900 5399 1994 5450 xu,
2030 5385 2115 5450 ll,

2104 3143 2182 3203 είς
2226 3141 2494 3209 πέταυρον
2548 3137 2698 3209 ᾅδου,
2732 3137 2873 3191 κατὰ
2913 3138 2977 3191 τὸ
3015 3137 3417 3210 γεγραμμένον,
3457 3139 3558 3191 καὶ
3606 3141 3698 3202 εἰς

2106 3231 2308 3299 παγίδα
2341 3230 2594 3295 θανάτου,
2627 3249 2645 3281 ι
2679 3229 2755 3300 μὴ
2779 3229 3026 3294 νοοῦντες
3057 3232 3195 3301 μήτε
3218 3229 3253 3284 ἀ
3275 3229 3516 3298 λέγουσι,
3547 3232 3694 3300 μήτε

2104 3340 2169 3375 πε
2178 3325 2234 3393 ρί
2265 3322 2427 3376 τίνων
2454 3320 2914 3382 διαϐεϐαιοῦνται,
2939 3341 2958 3373 ι
2991 3321 3148 3386 Τίνες
3175 3321 3220 3374 δ’
3243 3321 3309 3375 ἂν
3339 3316 3449 3375 εἷεν
3475 3322 3526 3373 οἱ
3557 3321 3695 3392 παρ’

2104 3414 2319 3485 ἑκάστῳ
2361 3413 2576 3486 θρύλλοι
2632 3415 2724 3468 καὶ
2773 3414 2846 3466 τὰ
2893 3415 3070 3484 σεμνά
3139 3413 3414 3485 μυθάρια,
3459 3412 3691 3466 διειπεῖν

2102 3509 2416 3576 ἀναγκαῖον.

2181 3684 2270 3751 (Γ.
2316 3685 2379 3736 Οί
2418 3685 2517 3754 μὲν
2548 3685 2678 3755 γὰρ,
2725 3685 2806 3740 ὅτι
2847 3684 3054 3754 πέφηνε
3099 3685 3199 3755 μὲν
3237 3683 3529 3755 ἅνθρωπος
3557 3685 3584 3738 ὁ
3624 3686 3715 3738 ἐκ.

2101 3777 2235 3830 Θεοῦ
2264 3779 2380 3830 Πατ
2392 3777 2481 3848 po;
2508 3777 2701 3846 Λόγος,
2726 3777 2786 3830 οὐ
2821 3777 2929 3848 μὴν
2953 3778 3034 3830 ὃτι
3057 3777 3152 3832 καὶ
3186 3777 3471 3849 πεφόρηκε
3497 3779 3598 3849 τὴν
3621 3779 3683 3831 ὲκ

2100 3870 2198 3938 τῆς
2227 3868 2384 3936 ἁγίας
2419 3868 2694 3937 Παρθένου
2728 3871 2825 3922 καὶ
2847 3868 3116 3921 θεοτόκου
3148 3867 3349 3939 σάρκα,
3383 3871 3601 3940 φρονεῖν
3624 3883 3680 3921 τε

2103 3961 2196 4012 καὶ
2230 3959 2408 4027 λέγειν
2432 3960 2820 4030 τετολμήκασι,
2847 3960 3274 4030 καταψεύδονται
3305 3960 3362 4013 δὲ
3393 3961 3563 4031 μόνην
3586 3959 3679 4013 τοῦ

2104 4052 2404 4122 μυστηρίου
2454 4050 2553 4121 τὴν
2604 4051 2848 4121 δόκησιν,
2871 4051 3090 4122 Ἔτεροι
3118 4052 3163 4105 δ’
3193 4046 3264 4107 αὖΔ
3312 4051 3681 4122 κατερυθριᾷν

2103 4141 2456 4212 σκεπτόμενοι
2494 4143 2523 4180 ιλ
2580 4142 2642 4194 τὸ
2674 4142 2853 4195 δοκεῖν
2896 4141 3168 4212 ἀνθρώπῳ
3209 4145 3560 4213 προσκυνεῖν,
3589 4143 3679 4194 καὶ

2100 4234 2200 4305 τὴν
2235 4234 2343 4287 ἀπὸ
2375 4233 2480 4303 γῆς
2518 4233 2696 4304 σάρκα
2725 4236 2845 4297 ταῖς
2871 4235 3132 4288 ἀνωτάτω
3165 4234 3345 4301 δόξαις
3379 4233 3679 4304 στεφανοῦν

2104 4324 2549 4397 παραιτούμενοι,
2580 4328 2644 4380 ὲκ
2669 4327 2768 4396 τῆς
2795 4327 2933 4395 ἄγαν
2972 4327 3212 4398 ἀμαθίας
3245 4326 3410 4397 νόθην
3435 4328 3559 4382 τινὰ
3589 4329 3679 4381 καὶ

2107 4419 2571 4490 παρεφθαρμένην
2623 4419 2904 4483 νοσοῦντες
2959 4420 3279 4484 εὐλάϐειαν,
3330 4422 3678 4492 παρατετρά-

2107 4509 2240 4578 ιρθαι
2303 4511 2437 4580 φασὶ
2493 4511 2583 4562 τὸν
2626 4511 2692 4563 ὲκ
2759 4510 2893 4563 Θεοῦ
2927 4511 3139 4581 Πατρὸς
3172 4510 3347 4580 φύντα
3387 4512 3568 4580 Λόγον
3601 4512 3678 4572 εἰς

2104 4599 2305 4652 ὀστέων
2353 4615 2411 4652 τε
2463 4600 2558 4652 καὶ
2595 4599 2802 4669 νεύρων
2846 4599 2941 4652 καὶ
2990 4598 3193 4668 σαρκὸς
3251 4598 3437 4667 φύσιν,
3481 4598 3583 4664 τὴν
3617 4599 3680 4649 ἐκ

2107 4688 2384 4760 Παρθένου
2415 4689 2667 4760 γέννησιν
2694 4688 2786 4742 τοῦ
2824 4689 3170 4760 Ἑμμανουὴλ
3205 4689 3380 4743 πλατὺ
3411 4689 3677 4758 γελῶντες

2103 4780 2150 4832 οἱ
2196 4780 2444 4844 τάλανες,
2479 4781 2573 4832 καὶ
2601 4780 2660 4832 τὸ
2689 4781 2938 4851 ἀπρεπὲς
2974 4781 3424 4853 καταγράφοντες
3459 4782 3561 4851 τῆς
3588 4781 3678 4834 οὖέ

2103 4887 2206 4932 τως
2241 4869 2473 4938 ἀρίστης
2507 4871 2601 4922 καὶ
2637 4870 2973 4940 θεοπρεποῦς
3006 4867 3342 4941 οἰκονομίας.
3380 4872 3446 4924 Οἱ
3480 4871 3540 4924 δὲ
3588 4873 3680 4924 καὶ

2101 4957 2327 5028 ὀψιγενῆ
2373 4959 2464 5013 τὸν
2513 4961 2780 5014 συναῖδιον
2814 4961 2892 5032 τῷ
2943 4962 3121 5033 Πατρὶ
3154 4963 3285 5016 Θεὸν
3318 4963 3496 5030 Λόγον
3540 4958 3682 5016 εἶναι

2103 5051 2525 5117 πεπιστεύκασι,
2549 5054 2640 5106 καὶ
2662 5056 2741 5117 είς
2765 5054 2824 5107 τὸ
2855 5055 3006 5124 μόλις
3029 5055 3269 5126 ὑπάρξαι
3287 5055 3682 5126 διακεκλῆσθαι

2100 5141 2243 5206 τότε,
2273 5143 2360 5199 ὅτε
2395 5144 2487 5196 καὶ
2516 5147 2616 5214 τῆς
2644 5145 2785 5198 κατά
2827 5147 3004 5216 σάρκα
3047 5149 3358 5218 γεννήσεως
3389 5147 3553 5217 ἔλαχε
3579 5147 3680 5216 τὴν

2100 5232 2295 5302 ἀρχὴν.
2335 5234 2454 5287 Εἰσί
2492 5235 2549 5288 δὲ
2585 5238 2634 5289 οἱ
2673 5237 2765 5290 καὶ
2802 5237 2938 5308 πρὸς
2962 5237 3121 5291 τοῦτο
3164 5239 3363 5307 μανίας
3394 5237 3678 5302 δυσσεϐῶς

2198 5387 2238 5418 ¹⁰
2263 5389 2388 5442 ibid.
2425 5390 2476 5443 5.
2560 5391 2597 5421 ’ί
2622 5389 2763 5445 Psal.
2797 5407 2905 5457 Liv,
2946 5391 3028 5446 16.
3109 5391 3192 5445 “l
3225 5390 3366 5448 Tim.
3397 5407 3435 5458 l,
3468 5393 3521 5448 7.

1525 5514 1693 5568 Variae
1727 5513 1983 5571 lectiones
2013 5517 2214 5572 cod'cis
2244 5515 2594 5585 chuicriani.

506 5650 520 5695 ι
558 5649 782 5714 λέγοιτο.
865 5663 886 5698 ε
917 5651 1482 5722 κεχρησμοδοτημένα.
1561 5646 1585 5687 ⁵⁸
1617 5650 1999 5720 σκηπτόμενοι.
