3970 6136
302 211 430 268 il.“

1262 212 1350 267 DE
1391 214 1618 270 ltEC'M
1662 217 1840 281 FIDE,
1882 219 1974 271 Αυ
2015 183 2462 281 τιίεουοειυιι
2506 227 2644 285 Lup.

3426 234 3563 288 Hii

305 326 552 398 ἠγμένοι,
581 329 723 383 ὥστε
762 334 856 384 καὶ
902 332 1276 385 ἀνυπόστατον
1308 333 1401 385 τὸν
1443 334 1508 386 ἐκ
1542 334 1675 387 Θεοῦ
1727 353 1876 404 casti

1993 339 2169 393 titiam
2216 353 2269 396 et
2300 344 2632 413 impietatem
2671 346 2904 417 prolapsi
2934 356 3083 415 sunt,
3111 357 3170 404 ut
3197 349 3290 405 Dei
3324 351 3558 409 Verbum

293 415 440 472 εἶναι
467 420 662 489 Λόγον,
691 422 843 493 ῥῆμα
869 422 924 476 δὲ
959 422 1146 486 ἁπλῶς
1176 423 1236 476 τὸ
1268 423 1409 478 κατά
1452 418 1621 494 μόνην
1652 426 1878 498 νοούμε-

301 525 390 563 νον
428 513 711 582 προφοράν
742 515 802 566 ὲν
828 511 1103 584 ἀνθρώπῳ
1148 513 1425 582 γενέσθαι.
1475 517 1793 588 Μάρκελλος
1823 518 1880 572 δὲ

296 593 446 654 οὗτοι
481 604 574 656 καὶ
609 602 890 666 Φωτεινός.
921 606 1081 658 Δοκεῖ
1110 622 1174 674 γε
1206 606 1314 679 μὴν
1344 606 1439 660 καὶ
1466 607 1676 678 ἑτέροις
1724 603 1880 662 ἔναν-

293 690 588 763 θρωπῆσαι
625 693 724 763 μὲν
771 692 986 763 ἀληθῶς
1012 695 1105 749 τὸν
1134 696 1446 768 Μονογενῆ,
1480 700 1575 753 καὶ
1616 700 1677 753 ἐν
1716 701 1883 772 σαρκὶ

295 782 550 850 γενέσθαι
595 783 886 851 πιστεύειν,
920 787 997 857 μὴ
1033 787 1140 857 μὴν
1165 787 1246 842 ἔτι
1282 791 1376 843 καὶ
1402 790 1761 865 ἑμψυχῶσθαι
1786 810 1877 847 τεο

296 873 459 939 λείως
498 876 594 944 τήν
638 876 1045 947 ἀναληφθεῖσαν
1086 878 1268 949 σάρκα
1310 880 1456 953 ψυχῇ
1498 882 1726 955 λογικῇ,
1782 883 1879 939 καὶ

296 965 421 1017 νοῦν
452 965 651 1039 ἐχούσῃ
677 967 769 1021 τὸν
802 966 927 1021 καθ’
966 969 1112 1040 ἡμᾶς
1131 985 1149 1003 ο
1179 972 1260 1035 εἰς
1293 959 1522 1043 ἑνότητα
1565 974 1624 1028 δὲ
1655 975 1757 1047 τὴν
1798 980 1878 1042 εἰς

295 1058 461 1125 ἅπαν,
494 1059 684 1132 ὥσπερ
713 1056 807 1116 οὖν
837 1063 1060 1131 οἴονται,
1093 1066 1562 1135 κατασφίγγοντες
1587 1070 1680 1124 τόν
1719 1088 1779 1124 τε
1812 1072 1880 1126 ἐκ

294 1149 428 1203 Θεοῦ
467 1153 662 1220 Λόγον,
692 1153 786 1207 καὶ
819 1156 913 1208 τὸν
954 1157 1020 1209 ἐκ
1064 1158 1166 1227 τῆς
1215 1158 1379 1228 ἁγίας
1410 1161 1691 1233 Παρθένου
1726 1165 1878 1231 ναὸν,

293 1245 615 1315 κατοικῆσαί
647 1264 812 1316 φασιν
840 1249 899 1303 ὲν
931 1249 1080 1321 αὐτῷ
1103 1250 1194 1305 τὸν
1225 1252 1400 1321 Λόγον
1422 1271 1435 1285 ·
1474 1256 1573 1310 καὶ
1615 1256 1746 1312 ἴδιον
1778 1258 1877 1328 μὲν

291 1337 627 1407 ποιήσασθαι
667 1339 730 1393 τὸ
764 1340 924 1412 σῶμα
962 1342 1024 1395 τὸ
1054 1343 1381 1415 ἀναληφθὲν,
1408 1346 1588 1418 ψυχῆς
1620 1347 1679 1400 δὲ
1714 1348 1878 1404 αὐτὸν

289 1428 388 1497 τῆς
434 1429 662 1501 λογικῆς
686 1449 762 1520 *τε
802 1433 898 1486 καὶ
939 1436 1132 1506 νοερᾶς
1169 1427 1521 1509 ἀναπληροῦν
1552 1440 1644 1520 τὸν
1686 1441 1872 1497 τόπον.

292 1518 512 1590 Ἕτεροι
562 1521 608 1574 δ’
646 1516 712 1577 αὖ
750 1523 1118 1594 πρεσϐεύουσι
1168 1526 1268 1596 μὲν
1307 1532 1428 1593 ταῖς
1455 1516 1663 1585 τοῦτων
1695 1532 1878 1597 δόξαις

288 1607 359 1662 τὰ
406 1611 657 1677 ἐναντία,
704 1614 798 1667 καὶ
830 1614 1212 1687 ἀντιφέρονται
1255 1623 1369 1684 τοῖς
1405 1623 1769 1693 φρονήμασιν,
1809 1624 1875 1679 ἐκ

288 1718 348 1753 τε
383 1701 519 1755 Θεοῦ
549 1704 721 1773 Λόγου
757 1706 849 1759 καὶ
874 1706 1052 1780 ψυχῆς
1081 1709 1182 1780 τῆς
1214 1710 1441 1783 λογικῆς
1471 1715 1565 1768 καὶ
1599 1714 1879 1785 σώματος,

290 1793 414 1862 ἤτοι
461 1794 676 1859 τελείας
724 1797 912 1863 ἁπλῶς
945 1800 1390 1874 ἀνθρωπότητος,
1440 1807 1762 1862 συνεστάναι
1812 1826 1873 1863 τε

290 1885 389 1937 καὶ
415 1885 821 1959 ἀναπεπλέχθαι
847 1890 1321 1966 διαϐεϐαιούμενοι
1347 1897 1440 1952 τὸν
1482 1897 1834 1972 Ἐμμανουήλ
1854 1917 1870 1932 ·

288 1975 352 2027 οὐ
390 1975 497 2045 μὴν
541 1977 622 2031 ἔτι
660 1979 756 2032 καὶ
802 1982 932 2049 ὑγιᾶ
976 1984 1072 2036 καὶ
1116 1984 1420 2057 ἀμώμητον
1453 1990 1736 2055 παντελῶς
1773 1993 1874 2063 τὴν

290 2067 379 2121 ἐπ’
417 2068 571 2137 αὑτῷ
608 2073 940 2144 τετηρήκασι
971 2075 1151 2141 δόξαν.
1205 2079 1605 2135 Καταδιιστᾶσι
1637 2081 1748 2155 γὰρ
1791 2084 1876 2147 είς

289 2158 383 2213 δύο
435 2163 527 2215 τὸν
577 2162 672 2217 ἕνα
722 2165 979 2236 Χριστὸν,
1033 2169 1128 2222 καὶ⁸
1177 2172 1414 2241 παχεῖαν
1451 2172 1642 2245 ὥσπερ
1688 2175 1876 2240 αὐτοῖς

291 2253 525 2318 ἐνιέντες
573 2255 669 2327 τὴν
714 2256 996 2330 διατομὴν,
1040 2259 1145 2315 ἀνὰ
1183 2250 1346 2334 μέρος
1375 2263 1638 2336 ἑκάτερον
1684 2282 1876 2336 μονον·

288 2345 412 2415 ουχὶ
460 2346 553 2399 καὶ
584 2347 795 2402 ἑστῶτα
826 2350 1347 2421 παραδεικνύουσινο
1379 2353 1568 2425 ἕτερον
1599 2355 1699 2426 μὲν
1732 2352 1873 2411 εἶναι

284 2436 680 2508 διατεινόμενοι
708 2439 799 2493 τὸν
833 2442 896 2494 ὲκ
927 2441 1204 2512 Παρθένου
1241 2444 1505 2515 τεχθέντα
1533 2446 1755 2511 τελείως
1783 2448 1875 2502 ἀν-

288 2526 532 2598 θρωπον,
558 2528 742 2600 ἕτερον
771 2529 815 2582 δ’
838 2527 905 2584 αὖ
936 2532 1026 2585 τὸν
1052 2534 1116 2587 ἐκ
1143 2534 1280 2587 Θεοῦ
1298 2536 1517 2607 Πατρὺς
1537 2537 1713 2606 Λόγον
1733 2556 1746 2571 ο
1775 2539 1875 2610 οὐχ

289 2620 317 2670 ὃ
343 2619 394 2672 τί
428 2621 559 2674 ποτέ
586 2622 733 2676 ἐστιν
760 2623 795 2695 ἦ
827 2640 886 2677 τε
918 2623 1011 2678 τοῦ
1053 2625 1192 2679 Θεοῦ
1209 2624 1237 2664 ’ί
1271 2626 1453 2696 φύσις,
1486 2630 1583 2683 καὶ
1608 2633 1707 2702 τῆς
1743 2648 1876 2703 σαρ-

291 2717 408 2782 κὸς,
446 2719 830 2790 διακρίνοντες,
858 2723 979 2777 οὐδὲ
1022 2726 1214 2796 μόναις
1250 2730 1371 2793 ταῖς
1396 2730 1478 2793 εἰς
1505 2730 1666 2785 τοῦτο
1692 2731 1875 2801 διαφοο

291 2811 419 2877 ραῖς
457 2811 855 2884 ἐμφιλοχωρείν
904 2810 1197 2882 ἐθέλοντες.
1230 2819 1366 2874 οὐδὲ
1408 2819 1519 2891 γὰρ
1551 2821 1618 2875 ἂν
1665 2823 1875 2887 ἐννοίας

286 2901 388 2969 τῆς
424 2900 656 2973 ἀληθοῦς
688 2905 766 2969 είς
800 2904 959 2960 τοῦτο
994 2906 1315 2981 διήμαρτον,
1358 2911 1481 2965 ἐπεὶ
1526 2912 1604 2985 μὴ
1647 2914 1870 2987 φύσιςή

1946 432 2404 510 anltypostaton,
2464 438 2566 492 hoc
2604 445 2707 502 est,
2759 439 2959 495 nullam
2999 439 3203 497 habens
3255 442 3556 500 subsisten-

1985 524 2113 579 tiam
2143 526 2546 597 ‘(cujuscemodi
2586 529 2715 585 illud
2752 539 2856 597 est,
2897 530 3040 600 quod
3083 540 3212 588 tunc
3248 532 3423 589 solum
3474 542 3587 603 est,

1981 624 2038 670 et
2070 616 2409 689 intelligitur,
2447 618 2571 674 dum
2600 634 2695 675 ore
2724 620 3040 690 profertur),
3085 622 3268 680 dicere
3296 622 3554 690 audeant,

1986 709 2199 777 taleque
2233 709 2466 766 Verbum
2509 711 2564 766 in
2609 712 2827 767 homine
2866 710 3065 767 factum
3106 714 3458 770 contendunt.
3491 714 3556 769 lii

1981 816 2109 856 vero
2133 811 2261 857 sunt
2287 802 2573 858 Marcellus
2600 815 2655 858 et
2685 802 2965 860 Photinus.
2996 803 3417 875 Comperinntur
3465 805 3558 861 alii

1980 893 2096 962 qui,
2127 892 2229 948 etsi
2256 894 2589 964 unigenitum
2624 895 2714 951 Dei
2747 895 2978 952 Verbum
3008 912 3135 952 vere
3178 897 3449 953 hominem
3479 897 3560 952 fa-

1981 993 2125 1037 ctum
2156 993 2211 1038 et
2245 984 2588 1040 iucarnatum
2619 1001 2723 1041 non
2755 998 2975 1057 negent,
3032 988 3211 1044 induci
3249 999 3430 1044 tamen
3463 1003 3559 1043 ne-

1979 1084 2204 1145 queunt,
2234 1082 2298 1134 ut
2314 1092 2558 1140 carnem,
2586 1092 2748 1148 quant
2784 1080 3105 1148 assumpsit,
3128 1081 3309 1135 anima
3346 1082 3557 1137 ratione
3601 1142 3605 1146 ,

1977 1174 2033 1220 et
2077 1176 2257 1221 mente
2277 1176 2473 1222 nostra
2518 1168 2680 1222 simili
2726 1170 2946 1241 praedita
3005 1170 3298 1240 perfectam
3347 1170 3558 1226 anima-

1980 1267 2199 1328 tamque
2253 1258 2420 1316 fuisse
2458 1260 2709 1317 credant.
2764 1261 2973 1317 Etenim
3028 1261 3264 1318 Verbum
3305 1262 3450 1333 quod
3487 1277 3557 1318 ex

1976 1349 2165 1415 Patre,
2183 1360 2238 1407 et
2268 1352 2526 1421 templum
2554 1352 2700 1423 quod
2723 1360 2788 1410 ex
2822 1369 2978 1410 sacra
3002 1354 3223 1425 Virgine
3241 1364 3422 1411 ortum
3447 1362 3554 1421 est,

1976 1440 2032 1497 in
2063 1458 2223 1498 unam
2255 1443 2548 1513 perfectam
2585 1446 2851 1502 unitatem
2873 1449 3282 1515 contrahentes,
3315 1444 3555 1503 Verbum

1976 1532 2031 1588 in
2062 1533 2151 1589 illo
2194 1534 2547 1602 inhabitasse,
2592 1551 2901 1607 corpusque
2943 1547 3284 1608 assumptum
3314 1537 3382 1592 ad
3427 1553 3553 1593 eum

1977 1627 2195 1682 modum
2216 1626 2319 1682 sibi
2341 1629 2618 1699 proprium
2643 1628 2891 1686 eﬂ‘ecisse
2911 1629 3250 1699 conﬁngunt,
3279 1639 3340 1683 ut
3360 1628 3556 1684 animae

1974 1718 2184 1774 ratione
2242 1720 2444 1775 utentis
2509 1721 2686 1775 locum
2734 1736 2831 1790 per
2883 1736 2943 1778 se
2993 1722 3168 1791 ipsum
3216 1719 3545 1790 expleverit.

1975 1810 2120 1865 Sunt
2150 1810 2386 1881 denique
2447 1812 2564 1881 qui,
2614 1813 2808 1869 horum
2866 1813 3108 1868 omnium
3151 1811 3554 1882 opinatiouibus

1975 1903 2322 1958 adversantes
2350 1903 2744 1975 sententiisque
2773 1903 3129 1975 refragautes,
3147 1918 3215 1959 ex
3237 1900 3333 1957 Dei
3352 1901 3552 1969 Verbo,

1976 1993 2263 2062 animaque
2303 1993 2658 2065 intelligente,
2692 2006 2747 2051 et
2775 2009 3024 2066 corpore,
3057 1995 3162 2051 hoc
3186 2004 3292 2064 est,
3319 1996 3553 2050 humana

1975 2094 2164 2139 natura
2196 2085 2438 2140 numeris
2463 2085 2716 2142 omnibus
2739 2087 2974 2157 perfecta
3017 2087 3392 2158 absolutaque,
3423 2087 3553 2142 Em-

1977 2176 2278 2237 manuelera
2326 2176 2682 2232 constitutum
2724 2176 3193 2248 compositumque
3236 2186 3551 2234 constanter

1976 2265 2279 2336 afﬁrmant;
2337 2282 2512 2338 neque
2566 2269 2746 2324 adhuc
2824 2277 3002 2340 tamen
3078 2284 3268 2324 sanam
3327 2284 3551 2339 prorsus

1970 2359 2260 2427 omnisque
2290 2359 2406 2414 vitii
2434 2371 2713 2429 expertem
2744 2360 3074 2416 sententiam
3103 2370 3339 2417 tuentur.
3366 2360 3550 2428 Quan-

1975 2453 2262 2523 doquidem
2308 2468 2474 2508 unum
2508 2453 2784 2509 Christum
2833 2455 2888 2510 in
2938 2454 3073 2509 duos
3128 2463 3439 2518 secernunt,
3471 2465 3549 2523 et,

1974 2560 2161 2601 crassa
2206 2545 2440 2615 quadam
2487 2546 2830 2615 separatione
2851 2546 2994 2602 inter
3024 2546 3169 2601 hunc
3198 2554 3254 2603 et
3287 2545 3434 2601 illum
3467 2546 3549 2601 in-

1975 2638 2156 2699 ducta,
2217 2645 2507 2707 utrumque
2549 2649 2795 2693 seorsum
2848 2651 2913 2693 ac
2956 2637 3114 2708 quasi
3158 2652 3252 2708 per
3292 2652 3357 2693 se
3402 2645 3550 2693 stare

1973 2727 2310 2782 contendunt
2340 2743 2355 2780 :
2390 2737 2446 2782 et
2472 2727 2697 2782 alterum
2731 2729 2974 2796 quidem,
3009 2742 3132 2782 eum
3163 2728 3416 2803 nimirum
3452 2726 3547 2797 qui

1974 2834 2045 2875 ex
2078 2819 2299 2889 Virgine
2322 2830 2483 2875 natus
2510 2830 2614 2884 cst,
2646 2818 2946 2889 perfectura
2976 2817 3284 2884 hominem;
3309 2816 3544 2871 alterum
3585 2810 3591 2816 ’

1977 2922 2191 2966 rursum
2225 2910 2399 2979 ipsum
2432 2908 2526 2963 Dei
2552 2907 2733 2965 Patris
2765 2908 3000 2965 Verbum
3038 2924 3158 2964 esse
3181 2908 3400 2974 dicunt;
3439 2921 3545 2963 non

282 2992 424 3065 αὐτή
462 2995 663 3067 σαρκός
689 3013 749 3050 τε
777 3001 872 3053 καὶ⁸
900 2999 1172 3072 θεότητος.
1213 3003 1376 3058 Ἀλλά
1403 3005 1497 3059 τὸν
1533 3007 1632 3078 μὲν
1664 3009 1739 3073 ὼς
1777 3010 1871 3064 ἀν-

1976 3002 2106 3075 quid
2147 3002 2289 3056 inter
2337 3000 2431 3055 Dei
2486 3012 2543 3055 et
2586 3002 2770 3058 carnis
2818 3013 3063 3056 naturam
3105 2999 3318 3055 intersit
3356 2997 3548 3054 distin-

283 3085 502 3155 θρωπον
533 3086 638 3160 ἰδίᾳ
664 3088 905 3154 τιθέντες
927 3093 1023 3146 καὶ
1052 3093 1156 3148 ἀνὰ
1185 3095 1373 3166 μέρος,
1404 3098 1495 3152 τὸν
1525 3099 1604 3164 δὲ,
1628 3100 1713 3164 ὡς
1736 3100 1868 3156 Θεὸν

1973 3103 2219 3165 guentes,
2255 3108 2430 3164 neque
2452 3092 2594 3147 intra
2614 3092 2758 3147 solos
2779 3093 3200 3163 discrepantium
3230 3099 3545 3146 naturarum

282 3175 446 3243 φύσει
493 3195 552 3231 τε
599 3180 694 3233 καὶ
741 3181 960 3252 ἀληθῶς
1001 3185 1364 3255 ὀνομάζουσι,
1401 3190 1581 3244 καίτοι
1620 3191 1869 3258 θέλοντες

283 3264 423 3321 εἶναι
453 3271 786 3342 Χριστιανοί.
812 3274 922 3328 Καὶ
949 3274 1014 3346 δή
1046 3278 1139 3331 καὶ
1157 3278 1367 3348 λογίδια
1402 3281 1539 3336 ἀττα
1574 3285 1704 3356 περὶ
1745 3286 1872 3339 τού-

281 3377 392 3413 των
423 3364 860 3432 συγγράφοντες,
899 3367 1076 3419 εἰπεῖν
1103 3369 1506 3441 τετολμήκασιν
1550 3374 1743 3439 αὑταῖς
1784 3375 1872 3429 λέ-

286 3452 432 3516 ξεσιν
458 3446 590 3506 ὧδε’
645 3455 704 3507 '0
739 3456 836 3524 μὲν
870 3457 979 3528 γὰρ
1007 3457 1166 3526 φύσει
1205 3461 1300 3514 καὶ
1330 3462 1546 3531 ἀληθῶς
1582 3464 1707 3526 Υἱὸς
1738 3467 1766 3519 6
1805 3467 1870 3520 ὲκ

280 3543 420 3595 Θεοῦ
455 3543 671 3612 Πατρδς
712 3544 883 3612 Λόγος
930 3547 1098 3611 ἐστὶν,
1131 3550 1160 3601 6
1194 3548 1271 3614 δὲ,
1311 3552 1618 3624 ὁμωνύμως
1645 3554 1722 3626 τῷ
1754 3554 1870 3629 Υίῷ

285 3636 436 3697 Υἱός.
466 3637 575 3688 Καὶ
610 3635 727 3707 μεθ’
755 3637 917 3707 ἔτερα
946 3638 1137 3694 πάλιν·
1160 3640 1306 3713 Σάρξ
1333 3644 1363 3695 ὁ
1391 3642 1486 3697 τοῦ
1511 3644 1649 3707 Θεοῦ
1675 3647 1868 3717 Λόγος.

286 3726 426 3779 ἀλλὰ
467 3725 752 3797 ἄνθρωπον
798 3727 1127 3800 ἀνειληφώς.
1176 3732 1234 3787 Ὀ
1275 3726 1513 3808 μὲνγὰρ
1559 3737 1871 3810 Μονογενὴς

290 3816 715 3888 προηγουμένως
753 3817 846 3871 καὶ
880 3819 1001 3872 καθ’
1032 3820 1247 3888 ἑαυτὸν,
1290 3821 1416 3888 Υἱὸς
1447 3823 1543 3878 τοῦ
1576 3825 1712 3879 Θεοῦ
1755 3828 1871 3881 ἐστι

286 3917 381 3971 τοῦ
415 3918 631 3973 πάντων
659 3919 995 3991 δημιουργοῦ
1018 3935 1031 3949 ⁸
1063 3920 1122 3976 δν
1166 3920 1222 3977 δὲ
1250 3924 1512 3979 ἀνέλαϐεν
1559 3925 1867 3998 ἄνθρωπον,

282 4011 346 4061 οὐ
378 4009 533 4077 φύσει
561 4009 692 4073 Θεὸς
726 4009 823 4074 ὣν,
850 4010 938 4066 διὰ
970 4011 1063 4066 τὸν
1094 4014 1436 4071 ἀναλαϐόντα
1463 4016 1628 4072 αὐτὸν
1651 4016 1871 4091 ἀληθῶς

288 4101 416 4154 Υἱὺν
442 4101 598 4167 Θεοῦ,
621 4101 929 4174 ὁμωνύμως
955 4105 1102 4177 αὐτῷ
1131 4108 1482 4186 χρηματίζει.
1503 4110 1580 4164 Τὸ
1605 4110 1706 4181 μὲν
1726 4110 1865 4184 γὰρ,

291 4214 307 4243 ε
339 4193 526 4256 Οὐδεὶς
555 4193 696 4262 ἔγνω
731 4195 823 4248 τὸν
854 4196 999 4260 Υἱὸν,
1030 4199 1079 4250 εξ
1114 4199 1188 4270 μὴ
1223 4201 1250 4253 6
1291 4201 1505 4272 Πατὴρ,
1544 4220 1563 4252 ι
1589 4203 1680 4256 τὸν
1707 4203 1869 4272 φύσει

284 4285 490 4337 τέλειον
517 4285 610 4338 καὶ
642 4286 871 4359 ἀληθείᾳ
899 4287 1050 4359 δηλοῖ
1071 4290 1136 4344 ὲκ
1169 4289 1261 4344 τοῦ
1289 4290 1502 4362 Πατρὸς
1527 4293 1677 4347 Υίόν.
1701 4294 1774 4348 Τὸ
1809 4295 1867 4349 δὲ

1971 3187 2231 3241 terminos
2276 3188 2656 3242 consistentes.
2713 3183 2792 3239 Ita
2861 3185 3006 3239 enim
3066 3200 3097 3238 a
3146 3184 3373 3240 veritate
3439 3195 3546 3236 non

1971 3273 2331 3329 aberrareut:
2380 3274 2484 3330 alia
2534 3274 2679 3330 enim
2732 3274 2939 3340 carnis,
2993 3274 3096 3328 alia
3149 3287 3338 3329 rursus
3385 3271 3546 3328 Verbi

1968 3372 2052 3418 est
2078 3372 2294 3418 natura.
2344 3364 2416 3417 At
2460 3364 2512 3419 hi
2542 3364 2773 3419 alterum
2813 3378 3062 3419 seorsum
3095 3377 3156 3418 ac
3188 3375 3286 3431 per
3309 3375 3393 3427 se,
3425 3369 3547 3415 tau-

1968 3471 2130 3525 quam
2170 3470 2377 3512 merum
2410 3457 2690 3513 hominem
2734 3466 3017 3523 statuunt;
3066 3455 3294 3512 alterum
3330 3468 3457 3511 vero
3486 3462 3544 3508 ut

1940 3561 2156 3617 verum
2208 3549 2617 3619 naturalemque
2656 3550 2824 3604 Deum
2874 3548 3195 3614 nominant,
3238 3561 3362 3602 cum
3408 3547 3548 3601 inte-

1968 3639 2075 3694 rim
2109 3650 2164 3695 et
2186 3641 2495 3696 Christiano
2528 3640 2749 3694 nomine
2770 3637 2872 3694 sibi
2902 3636 3267 3701 blandiantur,
3293 3644 3352 3692 et
3378 3650 3545 3705 quos-

1970 3732 2094 3789 dam
2119 3747 2332 3802 quoque
2359 3732 2508 3787 hisce
2537 3731 2603 3786 de
2630 3731 2789 3788 rebus
2829 3729 3040 3784 libellos
3097 3728 3542 3798 conscripserint.

1969 3825 2053 3881 Ad
2100 3824 2321 3880 verbum
2373 3832 2553 3880 autem
2603 3824 2744 3877 hunc
2773 3823 2840 3877 ‘in
2886 3820 3386 3901 modttm.scribere
3425 3821 3543 3875 ausi

1966 3926 2143 3973 sunt:
2188 3916 2286 3970 Hic
2320 3916 2587 3986 siquidem
2638 3916 2869 3984 (nempe
2919 3913 3014 3969 Dei
3062 3911 3239 3969 Patris
3267 3910 3543 3981 Verbum)

1971 4021 2134 4063 verus
2159 4016 2213 4063 et
2240 4006 2499 4062 naturalis
2519 4015 2601 4061 est
2626 4003 2796 4060 Filius
2824 4020 2840 4058 :
2874 4002 2961 4058 ille
2989 4017 3119 4058 vero
3142 4002 3292 4073 (puta
3308 3999 3546 4071 Virginis

1972 4099 2171 4169 natus)
2219 4098 2492 4167 acquivoce
2534 4095 2627 4150 Dei
2670 4094 2840 4151 Filius
2884 4092 3106 4149 dicitur.
3138 4092 3206 4153 Et
3234 4091 3391 4161 paulo
3422 4102 3547 4160 posr.

1972 4193 2210 4247 iterum:
2267 4191 2464 4260 Utique
2512 4189 2608 4244 Dei
2659 4187 2897 4244 Verbum
2942 4202 3049 4243 non
3095 4196 3179 4242 est
3219 4185 3401 4250 homo,
3448 4183 3545 4239 sed

1973 4282 2246 4338 hominem
2312 4279 2625 4349 assumpsit.
2700 4276 3148 4346 Quandoquidem
3225 4272 3546 4345 Unigeuitus

283 4376 572 4446 λεγόμενον
615 4379 721 4433 ὑπὸ
760 4379 855 4434 τοῦ
904 4378 1158 4454 Γαϐριὴλ,
1195 4402 1214 4435 ι
1244 4383 1334 4455 Μὴ
1369 4361 1556 4453 φοϐοῦ,
1602 4387 1857 4457 Μαριάμ*

1973 4375 2072 4441 iam
2111 4373 2235 4427 inde
2269 4371 2337 4426 ab
2365 4369 2518 4424 initio
2545 4383 2641 4439 per
2665 4382 2747 4439 se,
2775 4365 2867 4422 Dei
2884 4365 3123 4421 omnium
3139 4364 3350 4436 opiﬁcis
3375 4361 3545 4416 Filius

286 4466 443 4540 εὗρες
471 4471 580 4543 γὰρ
611 4472 769 4541 χάριν
798 4472 946 4541 παρά
975 4475 1052 4544 τῷ
1078 4475 1197 4548 Θεῷ
1218 4494 1232 4508 ·
1269 4480 1362 4531 καὶ
1394 4478 1503 4532 ἰδοὺ
1533 4478 1780 4551 συλλήψῃ
1807 4479 1865 4533 ὲν

1973 4475 2056 4522 εει
2084 4484 2097 4520 :
2137 4464 2299 4519 homo
2329 4473 2532 4527 autem,
2554 4475 2718 4531 quem
2741 4461 3003 4531 suscepit,
3034 4475 3157 4547 cum
3181 4468 3374 4514 natura
3404 4457 3544 4512 Deus

285 4560 503 4629 γαστρὶ,
537 4561 632 4614 καὶ
660 4559 789 4634 τέξῃ
829 4562 964 4628 υἱὸν,
997 4565 1092 4617 καὶ
1120 4565 1371 4630 καλέσεις
1401 4567 1461 4620 τὸ
1490 4568 1662 4638 ὄνομα
1697 4568 1864 4622 αὐτοῦ

1975 4576 2079 4616 non
2113 4560 2202 4624 sit,
2249 4565 2468 4628 propter
2509 4557 2567 4628 6
2598 4569 2723 4611 eum
2758 4570 2787 4609 a
2821 4569 2930 4625 quo
2969 4563 3272 4623 assumptus
3315 4560 3419 4618 est,
3451 4557 3543 4619 qui

295 4652 574 4720 ‘l'qco'SV'a
602 4652 678 4722 τῷ
713 4653 987 4726 ἀνθρώπῳ
1011 4657 1333 4729 ἐφαρμόζει.
1365 4659 1527 4712 Ἀλλά
1554 4660 1711 4714 ταυτὶ
1742 4660 1861 4730 μὲν,

282 4745 501 4797 ἐκεῖνοι.
525 4744 868 4816 Φρονήσομεν
891 4745 947 4800 δὲ
969 4749 1131 4818 ἡμεῖς
1152 4749 1249 4821 οὐχ
1271 4743 1393 4804 ὧδε.
1430 4751 1737 4804 ’Λναπείσει
1759 4752 1866 4823 γὰρ

1976 4742 2135 4796 tatur.
2186 4741 2368 4808 Quare
2411 4741 2514 4794 hoc
2554 4738 2761 4795 Christi
2812 4736 3139 4792 oraculum:
3176 4754 3196 4788 ι
3225 4734 3396 4791 Nemo
3437 4737 3542 4790 scit

279 4834 534 4903 οὐδαμῶς
580 4834 690 4888 τῶν
722 4838 1045 4908 ἑτεροδόξων
1086 4841 1115 4893 6
1149 4840 1339 4910 λόγος,
1372 4843 1596 4915 τροχιάν
1629 4844 1867 4912 ἀφέντας

1973 4835 2096 4905 quis
2124 4834 2194 4888 sit
2223 4833 2411 4898 Filius,
2453 4832 2556 4886 nisi
2591 4831 2750 4887 Pater
2788 4831 2853 4895 “,
2893 4848 2913 4884 ο
2941 4845 3130 4909 verum
3155 4839 3212 4886 et.
3243 4830 3541 4884 naturalem

275 4924 379 4993 τὴν
405 4926 491 4975 ἐπ’
509 4927 722 4980 εὐθεῖαν
745 4925 759 4977 i
780 4970 793 4993 ,
816 4927 1123 5000 διατρέχειν
1143 4930 1167 4971 ¹ι
1195 4931 1388 5002 ἑτέραν
1408 4931 1506 5003 τὴν
1525 4931 1630 4998 ἔξω
1660 4933 1862 4988 σκοποῦ

1974 4929 2067 4985 Dei
2096 4929 2272 4984 Patris
2293 4928 2492 4984 Filium
2521 4927 2776 4982 ostendit.
2814 4927 2885 4981 At
2915 4925 3045 4981 illud
3076 4940 3206 4980 vero
3233 4941 3263 4978 a
3295 4922 3543 4979 Gabrielo

280 5017 374 5070 καὶ
403 5016 859 5092 διεστραμμένην.
1332 5064 1335 5065 ν

1973 5020 2417 5093 pronuntiatum:
2463 5019 2583 5075 «Ne
2627 5020 2839 5086 timeas,
2886 5017 3075 5085 Maria,
3119 5016 3367 5071 invenisti
3394 5015 3536 5069 enim

280 5112 510 5181 gratiam
547 5117 687 5185 apud
730 5114 937 5170 Deum:
982 5126 1036 5171 et
1083 5133 1212 5173 ecce
1261 5118 1535 5187 concipies
1572 5118 1625 5172 in
1680 5129 1854 5181 utero,
1895 5126 1950 5172 et
1978 5116 2160 5186 paries
2224 5114 2391 5169 ﬁlium
2439 5122 2492 5170 ct
2570 5114 2788 5176 vocabis
2820 5128 3016 5169 nomen
3048 5112 3166 5182 ejus
3192 5109 3376 5165 Jesum
3410 5109 3474 5171 ιδ,
3516 5127 3534 5159 ι

280 5205 332 5259 in
365 5201 636 5258 hominem
667 5206 917 5274 quadrat.
951 5205 1015 5261 Et
1061 5208 1177 5263 haec
1232 5208 1304 5262 illi
1337 5209 1617 5267 hactenus.
1650 5206 1758 5262 Nos
1784 5215 1962 5262 autem
2029 5206 2144 5277 ejus
2207 5206 2494 5263 sententias
2543 5221 2879 5277 nequaquam
2920 5219 3130 5261 sumus.
3188 5199 3347 5257 Absit
3370 5200 3537 5265 enini,

372 5355 415 5385 ⁸³
438 5353 570 5408 Luc.
605 5371 660 5418 χ,
694 5356 786 5410 22.
887 5357 930 5388 ’⁵
955 5357 1087 5412 Luc.
1123 5375 1159 5423 I,
1199 5360 1286 5414 50.

1361 5468 1529 5526 Varia:
1555 5470 1814 5525 lectiones
1840 5472 2043 5527 codicis
2088 5470 2444 5541 Seguieriaui.

365 5621 374 5646 ι
413 5608 448 5678 ᾗ
480 5625 535 5661 τε
574 5608 663 5664 τοῦ
695 5610 867 5678 Λόγου
901 5610 1080 5682 φύσις.
1167 5613 1178 5663 1
1223 5611 1313 5666 ἐπ’
1349 5612 1495 5668 εὐθύ,
1578 5616 1599 5656 II
1631 5614 1976 5683 διαστείχειν.

1976 4664 2133 4706 verus
2154 4650 2246 4705 Dei
2280 4647 2449 4703 Filius
2472 4656 2577 4712 est,
2608 4646 2802 4703 eodem
2827 4660 2949 4701 cum
2976 4647 3092 4713 ipso
3117 4644 3335 4701 nomine
3360 4642 3543 4715 appel-
3638 4670 3643 4677 -
