  <div class='ocr_page' id='page_1' title='image "/cluster/home/n/w/nwhite01/storage/ocr_20150623/76/mdp.39015013094878/587.png"; bbox 0 0 3970 6136; ppageno 0'>
   <div class='ocr_carea' id='block_1_1' title="bbox 496 198 628 253">
    <p class='ocr_par' dir='ltr' id='par_1_1' title="bbox 496 198 628 253">
     <span class='ocr_line' id='line_1_1' title="bbox 496 198 628 253; baseline 0.023 -3"><span class='ocrx_word' id='word_1_1' title='bbox 496 198 628 253; x_wconf 73' lang='lat' dir='ltr'><strong>Hi5</strong></span> 
     </span>
    </p>
   </div>
   <div class='ocr_carea' id='block_1_2' title="bbox 1475 199 2727 270">
    <p class='ocr_par' dir='ltr' id='par_1_2' title="bbox 1475 199 2727 270">
     <span class='ocr_line' id='line_1_2' title="bbox 1475 199 2727 270; baseline 0.005 -7"><span class='ocrx_word' id='word_1_2' title='bbox 1475 210 1531 263; x_wconf 84' lang='lat' dir='ltr'><strong>S.</strong></span> <span class='ocrx_word' id='word_1_3' title='bbox 1577 200 1849 264; x_wconf 71' lang='lat' dir='ltr'><strong>CYlllLLl</strong></span> <span class='ocrx_word' id='word_1_4' title='bbox 1894 199 2360 268; x_wconf 66' lang='lat' dir='ltr'><strong>ALEXANDRINI</strong></span> <span class='ocrx_word' id='word_1_5' title='bbox 2400 205 2727 270; x_wconf 73' lang='lat' dir='ltr'><strong>ARCIIIEP.</strong></span> 
     </span>
    </p>
   </div>
   <div class='ocr_carea' id='block_1_3' title="bbox 3610 210 3754 267">
    <p class='ocr_par' dir='ltr' id='par_1_3' title="bbox 3610 210 3754 267">
     <span class='ocr_line' id='line_1_3' title="bbox 3610 210 3754 267; baseline 0.007 -1"><span class='ocrx_word' id='word_1_6' title='bbox 3610 210 3754 267; x_wconf 66' lang='grc' dir='ltr'>ιιιε</span> 
     </span>
    </p>
   </div>
   <div class='ocr_carea' id='block_1_4' title="bbox 487 320 3748 401">
    <p class='ocr_par' dir='ltr' id='par_1_4' title="bbox 487 320 3748 401">
     <span class='ocr_line' id='line_1_4' title="bbox 487 320 3748 401; baseline 0.006 -33"><span class='ocrx_word' id='word_1_7' title='bbox 487 327 545 369; x_wconf 87' lang='grc' dir='ltr'><strong>ιιι</strong></span> <span class='ocrx_word' id='word_1_8' title='bbox 575 320 733 374; x_wconf 87' lang='lat' dir='ltr'><strong>aliter</strong></span> <span class='ocrx_word' id='word_1_9' title='bbox 758 324 1110 379; x_wconf 75' lang='lat' dir='ltr'><strong>sentientium</strong></span> <span class='ocrx_word' id='word_1_10' title='bbox 1142 328 1316 381; x_wconf 79' lang='lat' dir='ltr'><strong>oratio</strong></span> <span class='ocrx_word' id='word_1_11' title='bbox 1362 328 1586 383; x_wconf 86' lang='lat' dir='ltr'><strong>hucuos</strong></span> <span class='ocrx_word' id='word_1_12' title='bbox 1651 329 1873 385; x_wconf 83' lang='lat' dir='ltr'><strong>inducat</strong></span> <span class='ocrx_word' id='word_1_13' title='bbox 1926 340 1982 384; x_wconf 92' lang='lat' dir='ltr'><strong>ut</strong></span> <span class='ocrx_word' id='word_1_14' title='bbox 2050 339 2199 388; x_wconf 85' lang='lat' dir='ltr'><strong>recta</strong></span> <span class='ocrx_word' id='word_1_15' title='bbox 2232 335 2425 389; x_wconf 80' lang='lat' dir='ltr'><strong>semita</strong></span> <span class='ocrx_word' id='word_1_16' title='bbox 2477 336 2686 401; x_wconf 88' lang='lat' dir='ltr'><strong>relicta,</strong></span> <span class='ocrx_word' id='word_1_17' title='bbox 2764 337 3079 400; x_wconf 76' lang='lat' dir='ltr'><strong>distortum,</strong></span> <span class='ocrx_word' id='word_1_18' title='bbox 3105 343 3161 390; x_wconf 90' lang='lat' dir='ltr'><strong>et</strong></span> <span class='ocrx_word' id='word_1_19' title='bbox 3202 349 3231 388; x_wconf 89' lang='lat' dir='ltr'><strong>a</strong></span> <span class='ocrx_word' id='word_1_20' title='bbox 3290 340 3441 390; x_wconf 89' lang='lat' dir='ltr'><strong>recto</strong></span> <span class='ocrx_word' id='word_1_21' title='bbox 3499 333 3748 395; x_wconf 76' lang='lat' dir='ltr'><strong>veritatis</strong></span> 
     </span>
    </p>
   </div>
   <div class='ocr_carea' id='block_1_5' title="bbox 367 410 1682 487">
    <p class='ocr_par' dir='ltr' id='par_1_5' title="bbox 367 410 1682 487">
     <span class='ocr_line' id='line_1_5' title="bbox 367 410 1682 487; baseline 0.009 -27"><span class='ocrx_word' id='word_1_22' title='bbox 367 450 389 460; x_wconf 92' lang='lat'><strong>-</strong></span> <span class='ocrx_word' id='word_1_23' title='bbox 486 423 653 477; x_wconf 79' lang='lat' dir='ltr'><strong>scapo</strong></span> <span class='ocrx_word' id='word_1_24' title='bbox 678 410 1028 469; x_wconf 81' lang='lat' dir='ltr'><strong>abducentem</strong></span> <span class='ocrx_word' id='word_1_25' title='bbox 1070 417 1207 470; x_wconf 84' lang='lat' dir='ltr'><strong>viam</strong></span> <span class='ocrx_word' id='word_1_26' title='bbox 1246 417 1614 487; x_wconf 77' lang='lat' dir='ltr'><strong>ingrediantur</strong></span> <span class='ocrx_word' id='word_1_27' title='bbox 1642 423 1682 472; x_wconf 57' lang='lat' dir='ltr'><strong>i;</strong></span> 
     </span>
    </p>
   </div>
   <div class='ocr_carea' id='block_1_6' title="bbox 561 500 2048 587">
    <p class='ocr_par' dir='ltr' id='par_1_6' title="bbox 561 500 2046 580">
     <span class='ocr_line' id='line_1_6' title="bbox 561 500 2046 580; baseline 0.008 -25"><span class='ocrx_word' id='word_1_28' title='bbox 561 500 669 555; x_wconf 78' lang='lat' dir='ltr'><strong>VII.</strong></span> <span class='ocrx_word' id='word_1_29' title='bbox 709 502 863 569; x_wconf 87' lang='lat' dir='ltr'><strong>Quod</strong></span> <span class='ocrx_word' id='word_1_30' title='bbox 893 506 939 560; x_wconf 85' lang='lat' dir='ltr'><strong>si</strong></span> <span class='ocrx_word' id='word_1_31' title='bbox 976 506 1100 575; x_wconf 87' lang='lat' dir='ltr'><strong>quis</strong></span> <span class='ocrx_word' id='word_1_32' title='bbox 1134 508 1403 575; x_wconf 79' lang='lat' dir='ltr'><strong>prolixum</strong></span> <span class='ocrx_word' id='word_1_33' title='bbox 1435 510 1503 565; x_wconf 90' lang='lat' dir='ltr'><strong>de</strong></span> <span class='ocrx_word' id='word_1_34' title='bbox 1540 511 1777 580; x_wconf 87' lang='lat' dir='ltr'><strong>qualibet</strong></span> <span class='ocrx_word' id='word_1_35' title='bbox 1821 511 2046 567; x_wconf 84' lang='lat' dir='ltr'><strong>istarum</strong></span> 
     </span>
    </p>
   </div>
   <div class='ocr_carea' id='block_1_7' title="bbox 2152 500 3743 587">
    <p class='ocr_par' dir='ltr' id='par_1_7' title="bbox 2224 514 3743 587">
     <span class='ocr_line' id='line_1_7' title="bbox 2224 514 3743 587; baseline 0.001 -20"><span class='ocrx_word' id='word_1_36' title='bbox 2224 517 2299 569; x_wconf 91' lang='lat' dir='ltr'><strong>Z&#39;.</strong></span> <span class='ocrx_word' id='word_1_37' title='bbox 2346 516 2454 570; x_wconf 73' lang='grc' dir='ltr'><strong>Καὶ</strong></span> <span class='ocrx_word' id='word_1_38' title='bbox 2499 519 2548 570; x_wconf 82' lang='grc' dir='ltr'><strong>εί</strong></span> <span class='ocrx_word' id='word_1_39' title='bbox 2595 518 2695 587; x_wconf 85' lang='grc' dir='ltr'><strong>μέν</strong></span> <span class='ocrx_word' id='word_1_40' title='bbox 2742 535 2827 581; x_wconf 91' lang='grc' dir='ltr'><strong>τις</strong></span> <span class='ocrx_word' id='word_1_41' title='bbox 2869 517 3042 571; x_wconf 72' lang='grc' dir='ltr'>ἕλοιτο</span> <span class='ocrx_word' id='word_1_42' title='bbox 3087 516 3295 587; x_wconf 78' lang='grc' dir='ltr'>μακρὸν</span> <span class='ocrx_word' id='word_1_43' title='bbox 3335 514 3423 585; x_wconf 77' lang='grc' dir='ltr'><strong>ἐφ’</strong></span> <span class='ocrx_word' id='word_1_44' title='bbox 3460 515 3743 569; x_wconf 66' lang='grc' dir='ltr'><strong>ἕκαστονΙ</strong></span> 
     </span>
    </p>
   </div>
   <div class='ocr_carea' id='block_1_8' title="bbox 487 592 2054 671">
    <p class='ocr_par' dir='ltr' id='par_1_8' title="bbox 487 592 2054 671">
     <span class='ocr_line' id='line_1_8' title="bbox 487 592 2054 671; baseline 0.009 -27"><span class='ocrx_word' id='word_1_45' title='bbox 487 592 801 662; x_wconf 79' lang='lat' dir='ltr'><strong>opinionum</strong></span> <span class='ocrx_word' id='word_1_46' title='bbox 864 611 1171 652; x_wconf 88' lang='lat' dir='ltr'><strong>sermonem</strong></span> <span class='ocrx_word' id='word_1_47' title='bbox 1209 640 1226 667; x_wconf 92' lang='lat'><strong>,</strong></span> <span class='ocrx_word' id='word_1_48' title='bbox 1275 601 1588 671; x_wconf 69' lang='lat' dir='ltr'><strong>iustumque</strong></span> <span class='ocrx_word' id='word_1_49' title='bbox 1628 608 1695 657; x_wconf 80' lang='lat' dir='ltr'><strong>et‘</strong></span> <span class='ocrx_word' id='word_1_50' title='bbox 1741 613 2054 661; x_wconf 86' lang='lat' dir='ltr'><strong>accuratum</strong></span> 
     </span>
    </p>
   </div>
   <div class='ocr_carea' id='block_1_9' title="bbox 487 685 2056 755">
    <p class='ocr_par' dir='ltr' id='par_1_9' title="bbox 487 685 2056 755">
     <span class='ocr_line' id='line_1_9' title="bbox 487 685 2056 755; baseline 0.009 -19"><span class='ocrx_word' id='word_1_51' title='bbox 487 698 716 739; x_wconf 88' lang='lat' dir='ltr'><strong>examen</strong></span> <span class='ocrx_word' id='word_1_52' title='bbox 750 685 1034 741; x_wconf 89' lang='lat' dir='ltr'><strong>instituere</strong></span> <span class='ocrx_word' id='word_1_53' title='bbox 1075 689 1270 755; x_wconf 79' lang='lat' dir='ltr'><strong>vellet,</strong></span> <span class='ocrx_word' id='word_1_54' title='bbox 1303 706 1385 744; x_wconf 76' lang='lat' dir='ltr'><strong>na:</strong></span> <span class='ocrx_word' id='word_1_55' title='bbox 1421 692 1742 748; x_wconf 86' lang='lat' dir='ltr'><strong>immensum</strong></span> <span class='ocrx_word' id='word_1_56' title='bbox 1781 695 1872 750; x_wconf 85' lang='lat' dir='ltr'><strong>ille</strong></span> <span class='ocrx_word' id='word_1_57' title='bbox 1919 705 2056 749; x_wconf 86' lang='lat' dir='ltr'><strong>tem—</strong></span> 
     </span>
    </p>
   </div>
   <div class='ocr_carea' id='block_1_10' title="bbox 488 775 2056 855">
    <p class='ocr_par' dir='ltr' id='par_1_10' title="bbox 488 775 2056 855">
     <span class='ocr_line' id='line_1_10' title="bbox 488 775 2056 855; baseline 0.011 -29"><span class='ocrx_word' id='word_1_58' title='bbox 488 788 589 844; x_wconf 84' lang='lat' dir='ltr'><strong>pus</strong></span> <span class='ocrx_word' id='word_1_59' title='bbox 640 775 956 842; x_wconf 84' lang='lat' dir='ltr'><strong>insumeret,</strong></span> <span class='ocrx_word' id='word_1_60' title='bbox 1009 779 1301 849; x_wconf 75' lang='lat' dir='ltr'><strong>laboreque</strong></span> <span class='ocrx_word' id='word_1_61' title='bbox 1354 785 1622 840; x_wconf 87' lang='lat' dir='ltr'><strong>exhausto</strong></span> <span class='ocrx_word' id='word_1_62' title='bbox 1671 788 1957 855; x_wconf 73' lang='lat' dir='ltr'><strong>przearduo</strong></span> <span class='ocrx_word' id='word_1_63' title='bbox 1991 802 2056 843; x_wconf 87' lang='lat' dir='ltr'><strong>ac</strong></span> 
     </span>
    </p>
   </div>
   <div class='ocr_carea' id='block_1_11' title="bbox 412 862 2054 943">
    <p class='ocr_par' dir='ltr' id='par_1_11' title="bbox 412 862 2054 943">
     <span class='ocr_line' id='line_1_11' title="bbox 412 862 2054 943; baseline 0.01 -26"><span class='ocrx_word' id='word_1_64' title='bbox 412 920 443 935; x_wconf 41' lang='grc' dir='ltr'>ν,</span> <span class='ocrx_word' id='word_1_65' title='bbox 487 862 685 920; x_wconf 78' lang='lat' dir='ltr'><strong>diliicili</strong></span> <span class='ocrx_word' id='word_1_66' title='bbox 719 869 1044 936; x_wconf 88' lang='lat' dir='ltr'><strong>superabili,</strong></span> <span class='ocrx_word' id='word_1_67' title='bbox 1095 872 1180 925; x_wconf 90' lang='lat' dir='ltr'><strong>vix</strong></span> <span class='ocrx_word' id='word_1_68' title='bbox 1227 875 1506 943; x_wconf 80' lang='lat' dir='ltr'><strong>quidpiam</strong></span> <span class='ocrx_word' id='word_1_69' title='bbox 1553 877 1731 932; x_wconf 86' lang='lat' dir='ltr'><strong>adhuc</strong></span> <span class='ocrx_word' id='word_1_70' title='bbox 1766 877 1925 934; x_wconf 83' lang='lat' dir='ltr'><strong>laude</strong></span> <span class='ocrx_word' id='word_1_71' title='bbox 1968 879 2054 934; x_wconf 88' lang='lat' dir='ltr'><strong>di-</strong></span> 
     </span>
    </p>
   </div>
   <div class='ocr_carea' id='block_1_12' title="bbox 485 961 2042 1039">
    <p class='ocr_par' dir='ltr' id='par_1_12' title="bbox 485 961 2042 1039">
     <span class='ocr_line' id='line_1_12' title="bbox 485 961 2042 1039; baseline 0.011 -30"><span class='ocrx_word' id='word_1_72' title='bbox 485 963 646 1025; x_wconf 75' lang='lat' dir='ltr'><strong>gnum</strong></span> <span class='ocrx_word' id='word_1_73' title='bbox 678 969 981 1026; x_wconf 74' lang='lat' dir='ltr'><strong>przestaret.</strong></span> <span class='ocrx_word' id='word_1_74' title='bbox 1025 961 1193 1033; x_wconf 77' lang='lat' dir='ltr'><strong>Nugis</strong></span> <span class='ocrx_word' id='word_1_75' title='bbox 1233 967 1459 1035; x_wconf 85' lang='lat' dir='ltr'><strong>proinde</strong></span> <span class='ocrx_word' id='word_1_76' title='bbox 1517 969 1892 1039; x_wconf 84' lang='lat' dir='ltr'><strong>orationisque</strong></span> <span class='ocrx_word' id='word_1_77' title='bbox 1923 971 2042 1025; x_wconf 82' lang='lat' dir='ltr'><strong>lon-</strong></span> 
     </span>
    </p>
   </div>
   <div class='ocr_carea' id='block_1_13' title="bbox 482 1047 2055 1135">
    <p class='ocr_par' dir='ltr' id='par_1_13' title="bbox 482 1047 2055 1135">
     <span class='ocr_line' id='line_1_13' title="bbox 482 1047 2055 1135; baseline 0.01 -35"><span class='ocrx_word' id='word_1_78' title='bbox 482 1047 722 1135; x_wconf 71' lang='lat' dir='ltr'><strong>gitudine</strong></span> <span class='ocrx_word' id='word_1_79' title='bbox 750 1053 1152 1119; x_wconf 69' lang='lat' dir='ltr'><strong>praetermissis,</strong></span> <span class='ocrx_word' id='word_1_80' title='bbox 1206 1057 1433 1127; x_wconf 83' lang='lat' dir='ltr'><strong>agedum</strong></span> <span class='ocrx_word' id='word_1_81' title='bbox 1466 1059 1782 1126; x_wconf 81' lang='lat' dir='ltr'><strong>perhrevem</strong></span> <span class='ocrx_word' id='word_1_82' title='bbox 1827 1061 2055 1128; x_wconf 81' lang='lat' dir='ltr'><strong>singulis</strong></span> 
     </span>
    </p>
   </div>
   <div class='ocr_carea' id='block_1_14' title="bbox 481 1142 2079 1221">
    <p class='ocr_par' dir='ltr' id='par_1_14' title="bbox 481 1142 2079 1221">
     <span class='ocr_line' id='line_1_14' title="bbox 481 1142 2079 1221; baseline 0.01 -31"><span class='ocrx_word' id='word_1_83' title='bbox 481 1149 765 1194; x_wconf 80' lang='lat' dir='ltr'><strong>censuram</strong></span> <span class='ocrx_word' id='word_1_84' title='bbox 796 1142 1174 1201; x_wconf 86' lang='lat' dir='ltr'><strong>adhibeamus.</strong></span> <span class='ocrx_word' id='word_1_85' title='bbox 1198 1147 1265 1200; x_wconf 86' lang='lat' dir='ltr'><strong>Et</strong></span> <span class='ocrx_word' id='word_1_86' title='bbox 1287 1149 1461 1216; x_wconf 89' lang='lat' dir='ltr'><strong>primo</strong></span> <span class='ocrx_word' id='word_1_87' title='bbox 1485 1148 1702 1217; x_wconf 81' lang='lat' dir='ltr'><strong>quidem</strong></span> <span class='ocrx_word' id='word_1_88' title='bbox 1732 1150 1848 1205; x_wconf 86' lang='lat' dir='ltr'><strong>istis</strong></span> <span class='ocrx_word' id='word_1_89' title='bbox 1884 1153 2079 1221; x_wconf 84' lang='lat' dir='ltr'><strong>phan-&#39;</strong></span> 
     </span>
    </p>
   </div>
   <div class='ocr_carea' id='block_1_15' title="bbox 483 1234 2050 1311">
    <p class='ocr_par' dir='ltr' id='par_1_15' title="bbox 483 1234 2050 1311">
     <span class='ocr_line' id='line_1_15' title="bbox 483 1234 2050 1311; baseline 0.011 -31"><span class='ocrx_word' id='word_1_90' title='bbox 483 1236 772 1286; x_wconf 85' lang='lat' dir='ltr'><strong>tasmatum</strong></span> <span class='ocrx_word' id='word_1_91' title='bbox 803 1234 1117 1291; x_wconf 83' lang='lat' dir='ltr'><strong>architectis</strong></span> <span class='ocrx_word' id='word_1_92' title='bbox 1152 1237 1275 1307; x_wconf 78' lang='lat' dir='ltr'><strong>jure</strong></span> <span class='ocrx_word' id='word_1_93' title='bbox 1304 1238 1409 1293; x_wconf 87' lang='lat' dir='ltr'><strong>diei</strong></span> <span class='ocrx_word' id='word_1_94' title='bbox 1456 1251 1621 1308; x_wconf 85' lang='lat' dir='ltr'><strong>queat</strong></span> <span class='ocrx_word' id='word_1_95' title='bbox 1666 1256 1681 1294; x_wconf 82' lang='grc' dir='ltr'>ι</span> <span class='ocrx_word' id='word_1_96' title='bbox 1732 1261 1751 1292; x_wconf 90' lang='grc' dir='ltr'>ι</span> <span class='ocrx_word' id='word_1_97' title='bbox 1800 1242 2050 1311; x_wconf 81' lang='lat' dir='ltr'><strong>Erratis,</strong></span> 
     </span>
    </p>
   </div>
   <div class='ocr_carea' id='block_1_16' title="bbox 483 1321 2053 1402">
    <p class='ocr_par' dir='ltr' id='par_1_16' title="bbox 483 1321 2053 1402">
     <span class='ocr_line' id='line_1_16' title="bbox 483 1321 2053 1402; baseline 0.01 -29"><span class='ocrx_word' id='word_1_98' title='bbox 483 1321 787 1378; x_wconf 90' lang='lat' dir='ltr'><strong>nescientes</strong></span> <span class='ocrx_word' id='word_1_99' title='bbox 818 1324 1238 1393; x_wconf 79' lang='lat' dir='ltr'><strong>Scripturas“,</strong></span> <span class='ocrx_word' id='word_1_100' title='bbox 1298 1345 1475 1399; x_wconf 88' lang='lat' dir='ltr'><strong>neque</strong></span> <span class='ocrx_word' id='word_1_101' title='bbox 1525 1347 1776 1401; x_wconf 80' lang='lat' dir='ltr'><strong>magnum</strong></span> <span class='ocrx_word' id='word_1_102' title='bbox 1835 1335 2053 1402; x_wconf 85' lang='lat' dir='ltr'><strong>pietatis</strong></span> 
     </span>
    </p>
   </div>
   <div class='ocr_carea' id='block_1_17' title="bbox 482 1415 2053 1492">
    <p class='ocr_par' dir='ltr' id='par_1_17' title="bbox 482 1415 2053 1492">
     <span class='ocr_line' id='line_1_17' title="bbox 482 1415 2053 1492; baseline 0.011 -27"><span class='ocrx_word' id='word_1_103' title='bbox 482 1415 828 1483; x_wconf 81' lang='lat' dir='ltr'><strong>mysterium,</strong></span> <span class='ocrx_word' id='word_1_104' title='bbox 858 1416 961 1473; x_wconf 88' lang='lat' dir='ltr'><strong>hoc</strong></span> <span class='ocrx_word' id='word_1_105' title='bbox 981 1427 1064 1474; x_wconf 90' lang='lat' dir='ltr'><strong>est</strong></span> <span class='ocrx_word' id='word_1_106' title='bbox 1090 1419 1385 1489; x_wconf 86' lang='lat' dir='ltr'><strong>Christum,</strong></span> <span class='ocrx_word' id='word_1_107' title='bbox 1425 1424 1516 1492; x_wconf 91' lang='lat' dir='ltr'><strong>qui</strong></span> <span class='ocrx_word' id='word_1_108' title='bbox 1545 1423 1937 1480; x_wconf 79' lang='lat' dir='ltr'><strong>manifestatus</strong></span> <span class='ocrx_word' id='word_1_109' title='bbox 1969 1436 2053 1482; x_wconf 88' lang='lat' dir='ltr'><strong>est</strong></span> 
     </span>
    </p>
   </div>
   <div class='ocr_carea' id='block_1_18' title="bbox 482 1503 2073 1592">
    <p class='ocr_par' dir='ltr' id='par_1_18' title="bbox 482 1503 2073 1592">
     <span class='ocr_line' id='line_1_18' title="bbox 482 1503 2073 1592; baseline 0.01 -36"><span class='ocrx_word' id='word_1_110' title='bbox 482 1503 536 1557; x_wconf 86' lang='lat' dir='ltr'><strong>in</strong></span> <span class='ocrx_word' id='word_1_111' title='bbox 574 1519 759 1573; x_wconf 87' lang='lat' dir='ltr'><strong>carne,</strong></span> <span class='ocrx_word' id='word_1_112' title='bbox 806 1506 1137 1574; x_wconf 74' lang='lat' dir='ltr'><strong>iustiﬁcatus</strong></span> <span class='ocrx_word' id='word_1_113' title='bbox 1156 1520 1241 1567; x_wconf 89' lang='lat' dir='ltr'><strong>est</strong></span> <span class='ocrx_word' id='word_1_114' title='bbox 1275 1513 1327 1566; x_wconf 91' lang='lat' dir='ltr'><strong>in</strong></span> <span class='ocrx_word' id='word_1_115' title='bbox 1376 1515 1570 1583; x_wconf 73' lang='lat' dir='ltr'><strong>Spiritu</strong></span> <span class='ocrx_word' id='word_1_116' title='bbox 1597 1553 1613 1579; x_wconf 96' lang='lat'><strong>,</strong></span> <span class='ocrx_word' id='word_1_117' title='bbox 1665 1518 1914 1586; x_wconf 81' lang='lat' dir='ltr'><strong>apparuit</strong></span> <span class='ocrx_word' id='word_1_118' title='bbox 1957 1533 2073 1592; x_wconf 40' lang='lat' dir='ltr'><strong>an;</strong></span> 
     </span>
    </p>
   </div>
   <div class='ocr_carea' id='block_1_19' title="bbox 481 1596 2039 1674">
    <p class='ocr_par' dir='ltr' id='par_1_19' title="bbox 481 1596 2039 1674">
     <span class='ocr_line' id='line_1_19' title="bbox 481 1596 2039 1674; baseline 0.012 -26"><span class='ocrx_word' id='word_1_119' title='bbox 481 1596 649 1663; x_wconf 72' lang='lat' dir='ltr'><strong>gelis,</strong></span> <span class='ocrx_word' id='word_1_120' title='bbox 709 1600 1031 1670; x_wconf 73' lang='lat' dir='ltr'><strong>praedicatus</strong></span> <span class='ocrx_word' id='word_1_121' title='bbox 1082 1612 1166 1658; x_wconf 87' lang='lat' dir='ltr'><strong>est</strong></span> <span class='ocrx_word' id='word_1_122' title='bbox 1221 1605 1513 1674; x_wconf 71' lang='lat' dir='ltr'><strong>gentibus,</strong></span> <span class='ocrx_word' id='word_1_123' title='bbox 1548 1608 1790 1663; x_wconf 89' lang='lat' dir='ltr'><strong>creditus</strong></span> <span class='ocrx_word' id='word_1_124' title='bbox 1844 1619 1928 1664; x_wconf 88' lang='lat' dir='ltr'><strong>est</strong></span> <span class='ocrx_word' id='word_1_125' title='bbox 1985 1610 2039 1665; x_wconf 91' lang='lat' dir='ltr'><strong>in</strong></span> 
     </span>
    </p>
   </div>
   <div class='ocr_carea' id='block_1_20' title="bbox 482 1692 2047 1766">
    <p class='ocr_par' dir='ltr' id='par_1_20' title="bbox 482 1692 2047 1766">
     <span class='ocr_line' id='line_1_20' title="bbox 482 1692 2047 1766; baseline 0.008 -23"><span class='ocrx_word' id='word_1_126' title='bbox 482 1692 702 1758; x_wconf 88' lang='lat' dir='ltr'><strong>nmndo,</strong></span> <span class='ocrx_word' id='word_1_127' title='bbox 733 1704 1042 1763; x_wconf 88' lang='lat' dir='ltr'><strong>assumptus</strong></span> <span class='ocrx_word' id='word_1_128' title='bbox 1100 1704 1187 1750; x_wconf 90' lang='lat' dir='ltr'><strong>est</strong></span> <span class='ocrx_word' id='word_1_129' title='bbox 1230 1696 1285 1750; x_wconf 88' lang='lat' dir='ltr'><strong>in</strong></span> <span class='ocrx_word' id='word_1_130' title='bbox 1338 1696 1509 1766; x_wconf 79' lang='lat' dir='ltr'><strong>gl’bria</strong></span> <span class='ocrx_word' id='word_1_131' title='bbox 1572 1697 1636 1750; x_wconf 65' lang='grc' dir='ltr'><strong>ὀι</strong></span> <span class='ocrx_word' id='word_1_132' title='bbox 1672 1716 1692 1751; x_wconf 74' lang='grc' dir='ltr'>ι</span> <span class='ocrx_word' id='word_1_133' title='bbox 1735 1698 2047 1755; x_wconf 78' lang='lat' dir='ltr'><strong>Adversarii</strong></span> 
     </span>
    </p>
   </div>
   <div class='ocr_carea' id='block_1_21' title="bbox 479 1784 2042 1859">
    <p class='ocr_par' dir='ltr' id='par_1_21' title="bbox 479 1784 2042 1859">
     <span class='ocr_line' id='line_1_21' title="bbox 479 1784 2042 1859; baseline 0.004 -23"><span class='ocrx_word' id='word_1_134' title='bbox 479 1788 660 1837; x_wconf 74' lang='lat' dir='ltr'><strong>autem</strong></span> <span class='ocrx_word' id='word_1_135' title='bbox 694 1784 774 1838; x_wconf 88' lang='lat' dir='ltr'><strong>vel</strong></span> <span class='ocrx_word' id='word_1_136' title='bbox 811 1796 1023 1853; x_wconf 85' lang='lat' dir='ltr'><strong>turpem</strong></span> <span class='ocrx_word' id='word_1_137' title='bbox 1054 1796 1233 1840; x_wconf 80' lang='lat' dir='ltr'><strong>natam</strong></span> <span class='ocrx_word' id='word_1_138' title='bbox 1257 1787 1500 1857; x_wconf 83' lang='lat' dir='ltr'><strong>antiquis</strong></span> <span class='ocrx_word' id='word_1_139' title='bbox 1533 1787 1899 1859; x_wconf 77' lang='lat' dir='ltr'><strong>scriptoribus</strong></span> <span class='ocrx_word' id='word_1_140' title='bbox 1957 1789 2042 1843; x_wconf 57' lang='lat' dir='ltr'><strong>in.</strong></span> 
     </span>
    </p>
   </div>
   <div class='ocr_carea' id='block_1_22' title="bbox 483 1855 2125 1946">
    <p class='ocr_par' dir='ltr' id='par_1_22' title="bbox 483 1855 2125 1946">
     <span class='ocr_line' id='line_1_22' title="bbox 483 1855 2125 1946; baseline 0.007 -23"><span class='ocrx_word' id='word_1_141' title='bbox 483 1883 644 1927; x_wconf 90' lang='lat' dir='ltr'><strong>urant</strong></span> <span class='ocrx_word' id='word_1_142' title='bbox 672 1885 915 1944; x_wconf 83' lang='lat' dir='ltr'><strong>oportet;</strong></span> <span class='ocrx_word' id='word_1_143' title='bbox 948 1876 1204 1945; x_wconf 86' lang='lat' dir='ltr'><strong>orbisque</strong></span> <span class='ocrx_word' id='word_1_144' title='bbox 1225 1855 1513 1941; x_wconf 81' lang='lat' dir='ltr'><strong>doctores,</strong></span> <span class='ocrx_word' id='word_1_145' title='bbox 1550 1855 1761 1946; x_wconf 80' lang='lat' dir='ltr'><strong>quibus</strong></span> <span class='ocrx_word' id='word_1_146' title='bbox 1800 1855 2051 1934; x_wconf 68' lang='lat' dir='ltr'><strong>Christus</strong></span> <span class='ocrx_word' id='word_1_147' title='bbox 2083 1855 2125 1910; x_wconf 74' lang='grc' dir='ltr'><strong>Β</strong></span> 
     </span>
    </p>
   </div>
   <div class='ocr_carea' id='block_1_23' title="bbox 483 1965 2048 2039">
    <p class='ocr_par' dir='ltr' id='par_1_23' title="bbox 483 1965 2048 2039">
     <span class='ocr_line' id='line_1_23' title="bbox 483 1965 2048 2039; baseline 0.005 -22"><span class='ocrx_word' id='word_1_148' title='bbox 483 1965 597 2034; x_wconf 89' lang='lat' dir='ltr'><strong>ipse</strong></span> <span class='ocrx_word' id='word_1_149' title='bbox 625 1967 901 2036; x_wconf 70' lang='lat' dir='ltr'><strong>prtecepit,</strong></span> <span class='ocrx_word' id='word_1_150' title='bbox 956 1982 975 2019; x_wconf 85' lang='grc' dir='ltr'>ι</span> <span class='ocrx_word' id='word_1_151' title='bbox 1017 1967 1219 2024; x_wconf 87' lang='lat' dir='ltr'><strong>Euntes</strong></span> <span class='ocrx_word' id='word_1_152' title='bbox 1268 1967 1458 2024; x_wconf 87' lang='lat' dir='ltr'><strong>docete</strong></span> <span class='ocrx_word' id='word_1_153' title='bbox 1502 1983 1695 2025; x_wconf 88' lang='lat' dir='ltr'><strong>omnes</strong></span> <span class='ocrx_word' id='word_1_154' title='bbox 1733 1978 1923 2039; x_wconf 84' lang='lat' dir='ltr'><strong>gentes</strong></span> <span class='ocrx_word' id='word_1_155' title='bbox 1954 1970 1997 2002; x_wconf 83' lang='lat'>”</span> <span class='ocrx_word' id='word_1_156' title='bbox 2032 2012 2048 2039; x_wconf 93' lang='lat'><strong>,</strong></span> 
     </span>
    </p>
   </div>
   <div class='ocr_carea' id='block_1_24' title="bbox 485 2058 2049 2129">
    <p class='ocr_par' dir='ltr' id='par_1_24' title="bbox 485 2058 2049 2129">
     <span class='ocr_line' id='line_1_24' title="bbox 485 2058 2049 2129; baseline 0.006 -20"><span class='ocrx_word' id='word_1_157' title='bbox 485 2058 752 2112; x_wconf 84' lang='lat' dir='ltr'><strong>mendacii</strong></span> <span class='ocrx_word' id='word_1_158' title='bbox 788 2060 1153 2129; x_wconf 78' lang='lat' dir='ltr'><strong>redarguam;</strong></span> <span class='ocrx_word' id='word_1_159' title='bbox 1192 2059 1276 2115; x_wconf 89' lang='lat' dir='ltr'><strong>vel</strong></span> <span class='ocrx_word' id='word_1_160' title='bbox 1299 2068 1447 2115; x_wconf 89' lang='lat' dir='ltr'><strong>certe</strong></span> <span class='ocrx_word' id='word_1_161' title='bbox 1475 2059 1522 2115; x_wconf 88' lang='lat' dir='ltr'><strong>si</strong></span> <span class='ocrx_word' id='word_1_162' title='bbox 1558 2061 1609 2115; x_wconf 92' lang='lat' dir='ltr'><strong>id</strong></span> <span class='ocrx_word' id='word_1_163' title='bbox 1648 2060 1830 2116; x_wconf 79' lang='lat' dir='ltr'><strong>facere</strong></span> <span class='ocrx_word' id='word_1_164' title='bbox 1849 2062 2049 2117; x_wconf 81' lang='lat' dir='ltr'><strong>exhor-</strong></span> 
     </span>
    </p>
   </div>
   <div class='ocr_carea' id='block_1_25' title="bbox 426 2136 2048 2221">
    <p class='ocr_par' dir='ltr' id='par_1_25' title="bbox 426 2136 2048 2221">
     <span class='ocr_line' id='line_1_25' title="bbox 426 2136 2048 2221; baseline 0.002 -20"><span class='ocrx_word' id='word_1_165' title='bbox 426 2158 431 2163; x_wconf 81' lang='lat'>‘</span> <span class='ocrx_word' id='word_1_166' title='bbox 484 2136 658 2215; x_wconf 81' lang='lat' dir='ltr'><strong>reant,</strong></span> <span class='ocrx_word' id='word_1_167' title='bbox 690 2158 743 2202; x_wconf 92' lang='lat' dir='ltr'><strong>ut</strong></span> <span class='ocrx_word' id='word_1_168' title='bbox 774 2161 976 2204; x_wconf 90' lang='lat' dir='ltr'><strong>rectam</strong></span> <span class='ocrx_word' id='word_1_169' title='bbox 1017 2151 1083 2205; x_wconf 91' lang='lat' dir='ltr'><strong>de</strong></span> <span class='ocrx_word' id='word_1_170' title='bbox 1125 2149 1355 2205; x_wconf 86' lang='lat' dir='ltr'><strong>Christo</strong></span> <span class='ocrx_word' id='word_1_171' title='bbox 1394 2150 1713 2206; x_wconf 88' lang='lat' dir='ltr'><strong>sententiam</strong></span> <span class='ocrx_word' id='word_1_172' title='bbox 1761 2151 2048 2221; x_wconf 83' lang='lat' dir='ltr'><strong>complexi,</strong></span> 
     </span>
    </p>
   </div>
   <div class='ocr_carea' id='block_1_26' title="bbox 479 2236 2050 2310">
    <p class='ocr_par' dir='ltr' id='par_1_26' title="bbox 479 2236 2050 2310">
     <span class='ocr_line' id='line_1_26' title="bbox 479 2236 2050 2310; baseline 0.003 -20"><span class='ocrx_word' id='word_1_173' title='bbox 479 2249 606 2292; x_wconf 86' lang='lat' dir='ltr'><strong>suas</strong></span> <span class='ocrx_word' id='word_1_174' title='bbox 646 2239 891 2294; x_wconf 82' lang='lat' dir='ltr'><strong>inscitias</strong></span> <span class='ocrx_word' id='word_1_175' title='bbox 943 2237 1125 2293; x_wconf 86' lang='lat' dir='ltr'><strong>valere</strong></span> <span class='ocrx_word' id='word_1_176' title='bbox 1171 2236 1445 2309; x_wconf 75' lang='lat' dir='ltr'><strong>jubeant;-</strong></span> <span class='ocrx_word' id='word_1_177' title='bbox 1523 2238 1830 2310; x_wconf 87' lang='lat' dir='ltr'><strong>divinisque</strong></span> <span class='ocrx_word' id='word_1_178' title='bbox 1897 2237 2050 2296; x_wconf 86' lang='lat' dir='ltr'><strong>Scri-</strong></span> 
     </span>
    </p>
   </div>
   <div class='ocr_carea' id='block_1_27' title="bbox 480 2329 2046 2398">
    <p class='ocr_par' dir='ltr' id='par_1_27' title="bbox 480 2329 2046 2398">
     <span class='ocr_line' id='line_1_27' title="bbox 480 2329 2046 2398; baseline 0.003 -15"><span class='ocrx_word' id='word_1_179' title='bbox 480 2329 653 2398; x_wconf 87' lang='lat' dir='ltr'><strong>pturis</strong></span> <span class='ocrx_word' id='word_1_180' title='bbox 674 2330 950 2387; x_wconf 87' lang='lat' dir='ltr'><strong>mordicus</strong></span> <span class='ocrx_word' id='word_1_181' title='bbox 967 2330 1338 2393; x_wconf 72' lang='lat' dir='ltr'><strong>adhaerentes,</strong></span> <span class='ocrx_word' id='word_1_182' title='bbox 1375 2344 1585 2387; x_wconf 87' lang='lat' dir='ltr'><strong>necnon</strong></span> <span class='ocrx_word' id='word_1_183' title='bbox 1620 2338 1789 2385; x_wconf 90' lang='lat' dir='ltr'><strong>tutam</strong></span> <span class='ocrx_word' id='word_1_184' title='bbox 1807 2332 2046 2387; x_wconf 87' lang='lat' dir='ltr'><strong>erroris-</strong></span> 
     </span>
    </p>
   </div>
   <div class='ocr_carea' id='block_1_28' title="bbox 478 2423 2047 2496">
    <p class='ocr_par' dir='ltr' id='par_1_28' title="bbox 478 2423 2047 2496">
     <span class='ocr_line' id='line_1_28' title="bbox 478 2423 2047 2496; baseline 0.003 -21"><span class='ocrx_word' id='word_1_185' title='bbox 478 2437 586 2491; x_wconf 88' lang='lat' dir='ltr'><strong>que</strong></span> <span class='ocrx_word' id='word_1_186' title='bbox 616 2433 890 2493; x_wconf 85' lang='lat' dir='ltr'><strong>expertem</strong></span> <span class='ocrx_word' id='word_1_187' title='bbox 912 2431 1228 2480; x_wconf 85' lang='lat' dir='ltr'><strong>sanctornm</strong></span> <span class='ocrx_word' id='word_1_188' title='bbox 1251 2424 1395 2478; x_wconf 81' lang='lat' dir='ltr'><strong>viam</strong></span> <span class='ocrx_word' id='word_1_189' title='bbox 1415 2423 1665 2494; x_wconf 80' lang='lat' dir='ltr'><strong>ingressi,</strong></span> <span class='ocrx_word' id='word_1_190' title='bbox 1694 2431 1841 2481; x_wconf 86' lang='lat' dir='ltr'><strong>recta</strong></span> <span class='ocrx_word' id='word_1_191' title='bbox 1865 2425 1932 2480; x_wconf 86' lang='lat' dir='ltr'><strong>ad</strong></span> <span class='ocrx_word' id='word_1_192' title='bbox 1963 2424 2047 2496; x_wconf 81' lang='lat' dir='ltr'><strong>ip-</strong></span> 
     </span>
    </p>
   </div>
   <div class='ocr_carea' id='block_1_29' title="bbox 480 2514 1272 2570">
    <p class='ocr_par' dir='ltr' id='par_1_29' title="bbox 480 2514 1272 2570">
     <span class='ocr_line' id='line_1_29' title="bbox 480 2514 1272 2570; baseline 0.003 -3"><span class='ocrx_word' id='word_1_193' title='bbox 480 2528 598 2567; x_wconf 87' lang='lat' dir='ltr'><strong>sam</strong></span> <span class='ocrx_word' id='word_1_194' title='bbox 624 2514 900 2570; x_wconf 80' lang='lat' dir='ltr'><strong>veritatem</strong></span> <span class='ocrx_word' id='word_1_195' title='bbox 930 2515 1272 2570; x_wconf 82' lang='lat' dir='ltr'><strong>contendant.</strong></span> 
     </span>
    </p>
   </div>
   <div class='ocr_carea' id='block_1_30' title="bbox 552 2602 2048 2679">
    <p class='ocr_par' dir='ltr' id='par_1_30' title="bbox 552 2602 2048 2679">
     <span class='ocr_line' id='line_1_30' title="bbox 552 2602 2048 2679; baseline 0.003 -21"><span class='ocrx_word' id='word_1_196' title='bbox 552 2602 688 2659; x_wconf 88' lang='lat' dir='ltr'><strong>Vlll.</strong></span> <span class='ocrx_word' id='word_1_197' title='bbox 720 2602 890 2660; x_wconf 87' lang='lat' dir='ltr'><strong>Porro</strong></span> <span class='ocrx_word' id='word_1_198' title='bbox 917 2614 1098 2660; x_wconf 81' lang='lat' dir='ltr'><strong>autem</strong></span> <span class='ocrx_word' id='word_1_199' title='bbox 1130 2606 1259 2661; x_wconf 86' lang='lat' dir='ltr'><strong>illud</strong></span> <span class='ocrx_word' id='word_1_200' title='bbox 1290 2606 1508 2678; x_wconf 82' lang='lat' dir='ltr'><strong>pietatis</strong></span> <span class='ocrx_word' id='word_1_201' title='bbox 1542 2606 1857 2679; x_wconf 84' lang='lat' dir='ltr'><strong>mysterium</strong></span> <span class='ocrx_word' id='word_1_202' title='bbox 1899 2607 2048 2663; x_wconf 78' lang='lat' dir='ltr'><strong>aliud</strong></span> 
     </span>
    </p>
   </div>
   <div class='ocr_carea' id='block_1_31' title="bbox 481 2693 2046 2767">
    <p class='ocr_par' dir='ltr' id='par_1_31' title="bbox 481 2693 2046 2767">
     <span class='ocr_line' id='line_1_31' title="bbox 481 2693 2046 2767; baseline 0.003 -20"><span class='ocrx_word' id='word_1_203' title='bbox 481 2693 685 2749; x_wconf 90' lang='lat' dir='ltr'><strong>nullum</strong></span> <span class='ocrx_word' id='word_1_204' title='bbox 716 2704 799 2751; x_wconf 89' lang='lat' dir='ltr'><strong>est</strong></span> <span class='ocrx_word' id='word_1_205' title='bbox 822 2696 996 2761; x_wconf 91' lang='lat' dir='ltr'><strong>nobis,</strong></span> <span class='ocrx_word' id='word_1_206' title='bbox 1020 2704 1079 2750; x_wconf 91' lang='lat' dir='ltr'><strong>ut</strong></span> <span class='ocrx_word' id='word_1_207' title='bbox 1108 2696 1319 2767; x_wconf 87' lang='lat' dir='ltr'><strong>opinor,</strong></span> <span class='ocrx_word' id='word_1_208' title='bbox 1349 2711 1512 2767; x_wconf 88' lang='lat' dir='ltr'><strong>quam</strong></span> <span class='ocrx_word' id='word_1_209' title='bbox 1537 2697 1713 2767; x_wconf 89' lang='lat' dir='ltr'><strong>ipsum</strong></span> <span class='ocrx_word' id='word_1_210' title='bbox 1740 2696 1836 2751; x_wconf 89' lang='lat' dir='ltr'><strong>Dei</strong></span> <span class='ocrx_word' id='word_1_211' title='bbox 1870 2696 2046 2752; x_wconf 87' lang='lat' dir='ltr'><strong>Patris</strong></span> 
     </span>
    </p>
   </div>
   <div class='ocr_carea' id='block_1_32' title="bbox 483 2784 2041 2858">
    <p class='ocr_par' dir='ltr' id='par_1_32' title="bbox 483 2784 2041 2858">
     <span class='ocr_line' id='line_1_32' title="bbox 483 2784 2041 2858; baseline 0.002 -19"><span class='ocrx_word' id='word_1_212' title='bbox 483 2784 742 2853; x_wconf 81' lang='lat' dir='ltr'><strong>Verbum,</strong></span> <span class='ocrx_word' id='word_1_213' title='bbox 759 2788 900 2857; x_wconf 80' lang='lat' dir='ltr'><strong>quod</strong></span> <span class='ocrx_word' id='word_1_214' title='bbox 921 2786 1318 2844; x_wconf 81' lang='lat' dir='ltr'><strong>manifestatum</strong></span> <span class='ocrx_word' id='word_1_215' title='bbox 1342 2800 1425 2843; x_wconf 73' lang='grc' dir='ltr'><strong>εει</strong></span> <span class='ocrx_word' id='word_1_216' title='bbox 1453 2788 1504 2842; x_wconf 93' lang='lat' dir='ltr'><strong>iu</strong></span> <span class='ocrx_word' id='word_1_217' title='bbox 1531 2801 1695 2843; x_wconf 88' lang='lat' dir='ltr'><strong>carne</strong></span> <span class='ocrx_word' id='word_1_218' title='bbox 1714 2804 1729 2841; x_wconf 92' lang='lat'><strong>:</strong></span> <span class='ocrx_word' id='word_1_219' title='bbox 1749 2788 2041 2858; x_wconf 89' lang='lat' dir='ltr'><strong>siquidem,</strong></span> 
     </span>
    </p>
   </div>
   <div class='ocr_carea' id='block_1_33' title="bbox 479 2876 2047 2951">
    <p class='ocr_par' dir='ltr' id='par_1_33' title="bbox 479 2876 2047 2951">
     <span class='ocr_line' id='line_1_33' title="bbox 479 2876 2047 2951; baseline 0.004 -21"><span class='ocrx_word' id='word_1_220' title='bbox 479 2877 660 2931; x_wconf 84' lang='lat' dir='ltr'><strong>servili</strong></span> <span class='ocrx_word' id='word_1_221' title='bbox 694 2876 864 2933; x_wconf 83' lang='lat' dir='ltr'><strong>forma</strong></span> <span class='ocrx_word' id='word_1_222' title='bbox 888 2888 1186 2949; x_wconf 87' lang='lat' dir='ltr'><strong>assumpta,</strong></span> <span class='ocrx_word' id='word_1_223' title='bbox 1215 2894 1278 2936; x_wconf 84' lang='lat' dir='ltr'><strong>ex</strong></span> <span class='ocrx_word' id='word_1_224' title='bbox 1307 2894 1462 2935; x_wconf 89' lang='lat' dir='ltr'><strong>sacra</strong></span> <span class='ocrx_word' id='word_1_225' title='bbox 1489 2888 1545 2935; x_wconf 86' lang='lat' dir='ltr'><strong>et</strong></span> <span class='ocrx_word' id='word_1_226' title='bbox 1580 2880 1796 2949; x_wconf 87' lang='lat' dir='ltr'><strong>deipara</strong></span> <span class='ocrx_word' id='word_1_227' title='bbox 1823 2878 2047 2951; x_wconf 76' lang='lat' dir='ltr'><strong>Virgine</strong></span> 
     </span>
    </p>
   </div>
   <div class='ocr_carea' id='block_1_34' title="bbox 480 2969 2043 3042">
    <p class='ocr_par' dir='ltr' id='par_1_34' title="bbox 480 2969 2043 3042">
     <span class='ocr_line' id='line_1_34' title="bbox 480 2969 2043 3042; baseline 0.004 -22"><span class='ocrx_word' id='word_1_228' title='bbox 480 2978 663 3022; x_wconf 89' lang='lat' dir='ltr'><strong>natum</strong></span> <span class='ocrx_word' id='word_1_229' title='bbox 682 2969 980 3027; x_wconf 82' lang='lat' dir='ltr'><strong>est.Visum</strong></span> <span class='ocrx_word' id='word_1_230' title='bbox 1006 2980 1159 3026; x_wconf 88' lang='lat' dir='ltr'><strong>estet</strong></span> <span class='ocrx_word' id='word_1_231' title='bbox 1176 2972 1405 3042; x_wconf 68' lang='lat' dir='ltr'><strong>angelis,</strong></span> <span class='ocrx_word' id='word_1_232' title='bbox 1433 2986 1555 3026; x_wconf 87' lang='lat' dir='ltr'><strong>nam</strong></span> <span class='ocrx_word' id='word_1_233' title='bbox 1577 2979 1631 3025; x_wconf 91' lang='lat' dir='ltr'><strong>et</strong></span> <span class='ocrx_word' id='word_1_234' title='bbox 1648 2985 1834 3027; x_wconf 87' lang='lat' dir='ltr'><strong>recens</strong></span> <span class='ocrx_word' id='word_1_235' title='bbox 1860 2980 2043 3026; x_wconf 89' lang='lat' dir='ltr'><strong>natum</strong></span> 
     </span>
    </p>
   </div>
   <div class='ocr_carea' id='block_1_35' title="bbox 476 3059 2046 3132">
    <p class='ocr_par' dir='ltr' id='par_1_35' title="bbox 476 3059 2046 3132">
     <span class='ocr_line' id='line_1_35' title="bbox 476 3059 2046 3132; baseline 0.003 -21"><span class='ocrx_word' id='word_1_236' title='bbox 476 3061 717 3115; x_wconf 80' lang='lat' dir='ltr'><strong>venerati</strong></span> <span class='ocrx_word' id='word_1_237' title='bbox 747 3072 894 3130; x_wconf 86' lang='lat' dir='ltr'><strong>sunt,-</strong></span> <span class='ocrx_word' id='word_1_238' title='bbox 930 3070 987 3119; x_wconf 88' lang='lat' dir='ltr'><strong>et</strong></span> <span class='ocrx_word' id='word_1_239' title='bbox 1013 3062 1351 3132; x_wconf 78' lang='lat' dir='ltr'><strong>doxologiam</strong></span> <span class='ocrx_word' id='word_1_240' title='bbox 1379 3063 1523 3117; x_wconf 87' lang='lat' dir='ltr'><strong>illam</strong></span> <span class='ocrx_word' id='word_1_241' title='bbox 1552 3080 1572 3113; x_wconf 88' lang='grc' dir='ltr'>ι</span> <span class='ocrx_word' id='word_1_242' title='bbox 1597 3062 1780 3117; x_wconf 80' lang='lat' dir='ltr'><strong>Gloria</strong></span> <span class='ocrx_word' id='word_1_243' title='bbox 1805 3061 1857 3117; x_wconf 93' lang='lat' dir='ltr'><strong>in</strong></span> <span class='ocrx_word' id='word_1_244' title='bbox 1895 3059 2046 3115; x_wconf 83' lang='lat' dir='ltr'><strong>altis-</strong></span> 
     </span>
    </p>
   </div>
   <div class='ocr_carea' id='block_1_36' title="bbox 2160 607 3746 680">
    <p class='ocr_par' dir='ltr' id='par_1_36' title="bbox 2160 607 3746 680">
     <span class='ocr_line' id='line_1_36' title="bbox 2160 607 3746 680; baseline 0.003 -23"><span class='ocrx_word' id='word_1_245' title='bbox 2160 608 2431 660; x_wconf 87' lang='grc' dir='ltr'>ποιεῖσθαι</span> <span class='ocrx_word' id='word_1_246' title='bbox 2464 607 2643 677; x_wconf 88' lang='grc' dir='ltr'>λόγον,</span> <span class='ocrx_word' id='word_1_247' title='bbox 2700 609 2795 663; x_wconf 70' lang='grc' dir='ltr'>καὶ</span> <span class='ocrx_word' id='word_1_248' title='bbox 2842 609 3040 680; x_wconf 78' lang='grc' dir='ltr'><strong>διαρκῆ</strong></span> <span class='ocrx_word' id='word_1_249' title='bbox 3071 608 3168 677; x_wconf 78' lang='grc' dir='ltr'>τὴν</span> <span class='ocrx_word' id='word_1_250' title='bbox 3220 607 3475 676; x_wconf 77' lang='grc' dir='ltr'><strong>βάσανον,</strong></span> <span class='ocrx_word' id='word_1_251' title='bbox 3512 609 3615 661; x_wconf 76' lang='grc' dir='ltr'>οὐκ</span> <span class='ocrx_word' id='word_1_252' title='bbox 3653 609 3746 661; x_wconf 73' lang='grc' dir='ltr'><strong>εὖ·</strong></span> 
     </span>
    </p>
   </div>
   <div class='ocr_carea' id='block_1_37' title="bbox 2158 696 3746 771">
    <p class='ocr_par' dir='ltr' id='par_1_37' title="bbox 2158 696 3746 771">
     <span class='ocr_line' id='line_1_37' title="bbox 2158 696 3746 771; baseline -0.001 -20"><span class='ocrx_word' id='word_1_253' title='bbox 2158 697 2466 769; x_wconf 87' lang='grc' dir='ltr'>αρίθμητον</span> <span class='ocrx_word' id='word_1_254' title='bbox 2494 700 2592 770; x_wconf 87' lang='grc' dir='ltr'>μὲν</span> <span class='ocrx_word' id='word_1_255' title='bbox 2619 700 2920 771; x_wconf 81' lang='grc' dir='ltr'>δαπανήσει</span> <span class='ocrx_word' id='word_1_256' title='bbox 2944 699 3154 770; x_wconf 84' lang='grc' dir='ltr'>χρόνον.</span> <span class='ocrx_word' id='word_1_257' title='bbox 3177 697 3430 768; x_wconf 83' lang='grc' dir='ltr'>Δυσαχθῆ</span> <span class='ocrx_word' id='word_1_258' title='bbox 3458 697 3518 750; x_wconf 85' lang='grc' dir='ltr'>δὲ</span> <span class='ocrx_word' id='word_1_259' title='bbox 3545 696 3746 768; x_wconf 79' lang='grc' dir='ltr'><strong>ἱδρῶτα</strong></span> 
     </span>
    </p>
   </div>
   <div class='ocr_carea' id='block_1_38' title="bbox 2158 788 3744 863">
    <p class='ocr_par' dir='ltr' id='par_1_38' title="bbox 2158 788 3744 863">
     <span class='ocr_line' id='line_1_38' title="bbox 2158 788 3744 863; baseline 0.001 -21"><span class='ocrx_word' id='word_1_260' title='bbox 2158 791 2252 843; x_wconf 61' lang='grc' dir='ltr'><strong>καὶ⁹</strong></span> <span class='ocrx_word' id='word_1_261' title='bbox 2279 791 2676 861; x_wconf 83' lang='grc' dir='ltr'>δυσδιόιφυκτον</span> <span class='ocrx_word' id='word_1_262' title='bbox 2713 791 2974 855; x_wconf 65' lang='grc' dir='ltr'>ἀνατλὰςε</span> <span class='ocrx_word' id='word_1_263' title='bbox 3005 790 3344 863; x_wconf 78' lang='grc' dir='ltr'><strong>κατορθώσει</strong></span> <span class='ocrx_word' id='word_1_264' title='bbox 3376 788 3555 860; x_wconf 68' lang='grc' dir='ltr'>μόλις.</span> <span class='ocrx_word' id='word_1_265' title='bbox 3596 792 3744 859; x_wconf 79' lang='grc' dir='ltr'>Παρ-</span> 
     </span>
    </p>
   </div>
   <div class='ocr_carea' id='block_1_39' title="bbox 2158 876 3744 953">
    <p class='ocr_par' dir='ltr' id='par_1_39' title="bbox 2158 876 3744 953">
     <span class='ocr_line' id='line_1_39' title="bbox 2158 876 3744 953; baseline 0.002 -19"><span class='ocrx_word' id='word_1_266' title='bbox 2158 882 2309 945; x_wconf 85' lang='grc' dir='ltr'>έντες</span> <span class='ocrx_word' id='word_1_267' title='bbox 2337 882 2402 952; x_wconf 78' lang='grc' dir='ltr'>δὴ</span> <span class='ocrx_word' id='word_1_268' title='bbox 2431 878 2525 937; x_wconf 83' lang='grc' dir='ltr'>οὖν</span> <span class='ocrx_word' id='word_1_269' title='bbox 2560 877 2622 936; x_wconf 73' lang='grc' dir='ltr'><strong>τό</strong></span> <span class='ocrx_word' id='word_1_270' title='bbox 2652 876 2762 937; x_wconf 72' lang='grc' dir='ltr'>δεῖν</span> <span class='ocrx_word' id='word_1_271' title='bbox 2791 882 2999 936; x_wconf 73' lang='grc' dir='ltr'>οἴεσθαι</span> <span class='ocrx_word' id='word_1_272' title='bbox 3045 882 3232 953; x_wconf 76' lang='grc' dir='ltr'>μακρὰ</span> <span class='ocrx_word' id='word_1_273' title='bbox 3261 882 3356 934; x_wconf 63' lang='grc' dir='ltr'>καὶ.</span> <span class='ocrx_word' id='word_1_274' title='bbox 3388 882 3600 951; x_wconf 77' lang='grc' dir='ltr'>σφόδρα</span> <span class='ocrx_word' id='word_1_275' title='bbox 3627 896 3744 937; x_wconf 75' lang='grc' dir='ltr'>στε-</span> 
     </span>
    </p>
   </div>
   <div class='ocr_carea' id='block_1_40' title="bbox 2157 972 3741 1045">
    <p class='ocr_par' dir='ltr' id='par_1_40' title="bbox 2157 972 3741 1045">
     <span class='ocr_line' id='line_1_40' title="bbox 2157 972 3741 1045; baseline 0.001 -20"><span class='ocrx_word' id='word_1_276' title='bbox 2157 972 2452 1043; x_wconf 86' lang='grc' dir='ltr'>νολεσχεῖν,</span> <span class='ocrx_word' id='word_1_277' title='bbox 2497 973 2599 1027; x_wconf 71' lang='grc' dir='ltr'><strong>καῖ</strong></span> <span class='ocrx_word' id='word_1_278' title='bbox 2630 974 2818 1044; x_wconf 79' lang='grc' dir='ltr'><strong>ὀλίγην</strong></span> <span class='ocrx_word' id='word_1_279' title='bbox 2846 973 3044 1045; x_wconf 77' lang='grc' dir='ltr'>κομιδῇ</span> <span class='ocrx_word' id='word_1_280' title='bbox 3086 974 3187 1044; x_wconf 79' lang='grc' dir='ltr'>τὴν</span> <span class='ocrx_word' id='word_1_281' title='bbox 3233 973 3468 1043; x_wconf 75' lang='grc' dir='ltr'><strong>βάσανον</strong></span> <span class='ocrx_word' id='word_1_282' title='bbox 3528 974 3741 1044; x_wconf 67' lang='grc' dir='ltr'>ἐπιρρι-</span> 
     </span>
    </p>
   </div>
   <div class='ocr_carea' id='block_1_41' title="bbox 2157 1062 3738 1136">
    <p class='ocr_par' dir='ltr' id='par_1_41' title="bbox 2157 1062 3738 1136">
     <span class='ocr_line' id='line_1_41' title="bbox 2157 1062 3738 1136; baseline -0.001 -20"><span class='ocrx_word' id='word_1_283' title='bbox 2157 1062 2414 1127; x_wconf 82' lang='grc' dir='ltr'>πτοῦντες</span> <span class='ocrx_word' id='word_1_284' title='bbox 2450 1063 2687 1132; x_wconf 79' lang='grc' dir='ltr'><strong>ἑκάστῳ,</strong></span> <span class='ocrx_word' id='word_1_285' title='bbox 2752 1064 2885 1136; x_wconf 81' lang='grc' dir='ltr'>φέρε</span> <span class='ocrx_word' id='word_1_286' title='bbox 2920 1065 3172 1134; x_wconf 84' lang='grc' dir='ltr'>λέγωμεν</span> <span class='ocrx_word' id='word_1_287' title='bbox 3219 1064 3314 1118; x_wconf 74' lang='grc' dir='ltr'>καὶ</span> <span class='ocrx_word' id='word_1_288' title='bbox 3357 1063 3464 1135; x_wconf 86' lang='grc' dir='ltr'><strong>πρό</strong></span> <span class='ocrx_word' id='word_1_289' title='bbox 3512 1079 3580 1131; x_wconf 88' lang='grc' dir='ltr'><strong>γε</strong></span> <span class='ocrx_word' id='word_1_290' title='bbox 3634 1064 3738 1117; x_wconf 78' lang='grc' dir='ltr'>τῶν</span> 
     </span>
    </p>
   </div>
   <div class='ocr_carea' id='block_1_42' title="bbox 2155 1154 3739 1227">
    <p class='ocr_par' dir='ltr' id='par_1_42' title="bbox 2155 1154 3739 1227">
     <span class='ocr_line' id='line_1_42' title="bbox 2155 1154 3739 1227; baseline -0.001 -18"><span class='ocrx_word' id='word_1_291' title='bbox 2155 1154 2332 1209; x_wconf 80' lang='grc' dir='ltr'>ἄλλων</span> <span class='ocrx_word' id='word_1_292' title='bbox 2358 1158 2471 1219; x_wconf 81' lang='grc' dir='ltr'>τοῖς</span> <span class='ocrx_word' id='word_1_293' title='bbox 2508 1156 2808 1226; x_wconf 73' lang='grc' dir='ltr'>Δοκηταῖςο</span> <span class='ocrx_word' id='word_1_294' title='bbox 2860 1175 2879 1207; x_wconf 82' lang='grc' dir='ltr'>ι</span> <span class='ocrx_word' id='word_1_295' title='bbox 2917 1155 3230 1227; x_wconf 69' lang='grc' dir='ltr'>Πλανᾶσθε,</span> <span class='ocrx_word' id='word_1_296' title='bbox 3284 1155 3359 1225; x_wconf 76' lang='grc' dir='ltr'>μὴ</span> <span class='ocrx_word' id='word_1_297' title='bbox 3404 1155 3612 1218; x_wconf 82' lang='grc' dir='ltr'>εἰδότες</span> <span class='ocrx_word' id='word_1_298' title='bbox 3645 1157 3739 1219; x_wconf 72' lang='grc' dir='ltr'><strong>τὰς</strong></span> 
     </span>
    </p>
   </div>
   <div class='ocr_carea' id='block_1_43' title="bbox 2155 1245 3739 1317">
    <p class='ocr_par' dir='ltr' id='par_1_43' title="bbox 2155 1245 3739 1317">
     <span class='ocr_line' id='line_1_43' title="bbox 2155 1245 3739 1317; baseline 0.001 -19"><span class='ocrx_word' id='word_1_299' title='bbox 2155 1245 2398 1317; x_wconf 76' lang='grc' dir='ltr'>Γραφὰς,</span> <span class='ocrx_word' id='word_1_300' title='bbox 2442 1247 2578 1317; x_wconf 79' lang='grc' dir='ltr'>μήτε</span> <span class='ocrx_word' id='word_1_301' title='bbox 2627 1245 2734 1317; x_wconf 81' lang='grc' dir='ltr'>μὴν</span> <span class='ocrx_word' id='word_1_302' title='bbox 2789 1246 2850 1299; x_wconf 82' lang='grc' dir='ltr'><strong>τὺ</strong></span> <span class='ocrx_word' id='word_1_303' title='bbox 2892 1246 3037 1317; x_wconf 82' lang='grc' dir='ltr'><strong>μέγα</strong></span> <span class='ocrx_word' id='word_1_304' title='bbox 3076 1246 3174 1316; x_wconf 86' lang='grc' dir='ltr'>τῆς</span> <span class='ocrx_word' id='word_1_305' title='bbox 3212 1245 3501 1309; x_wconf 68' lang='grc' dir='ltr'>εὐσεϐείας</span> <span class='ocrx_word' id='word_1_306' title='bbox 3534 1248 3739 1316; x_wconf 76' lang='grc' dir='ltr'>μυστήο</span> 
     </span>
    </p>
   </div>
   <div class='ocr_carea' id='block_1_44' title="bbox 2158 1336 3739 1409">
    <p class='ocr_par' dir='ltr' id='par_1_44' title="bbox 2158 1336 3739 1409">
     <span class='ocr_line' id='line_1_44' title="bbox 2158 1336 3739 1409; baseline 0.001 -20"><span class='ocrx_word' id='word_1_307' title='bbox 2158 1350 2293 1408; x_wconf 87' lang='grc' dir='ltr'>ριον,</span> <span class='ocrx_word' id='word_1_308' title='bbox 2314 1338 2566 1391; x_wconf 75' lang='grc' dir='ltr'><strong>τουτέστι</strong></span> <span class='ocrx_word' id='word_1_309' title='bbox 2591 1338 2847 1409; x_wconf 77' lang='grc' dir='ltr'>Χριστὸν,</span> <span class='ocrx_word' id='word_1_310' title='bbox 2873 1338 2933 1401; x_wconf 80' lang='grc' dir='ltr'>ὃς</span> <span class='ocrx_word' id='word_1_311' title='bbox 2958 1336 3280 1407; x_wconf 77' lang='grc' dir='ltr'><strong>ἐφανερώθη</strong></span> <span class='ocrx_word' id='word_1_312' title='bbox 3303 1337 3360 1389; x_wconf 80' lang='grc' dir='ltr'>ὲν</span> <span class='ocrx_word' id='word_1_313' title='bbox 3410 1338 3603 1407; x_wconf 78' lang='grc' dir='ltr'>σαρκὶ,</span> <span class='ocrx_word' id='word_1_314' title='bbox 3636 1337 3739 1391; x_wconf 67' lang='lat'><strong>£6:-</strong></span> 
     </span>
    </p>
   </div>
   <div class='ocr_carea' id='block_1_45' title="bbox 2152 1418 3738 1500">
    <p class='ocr_par' dir='ltr' id='par_1_45' title="bbox 2152 1418 3738 1500">
     <span class='ocr_line' id='line_1_45' title="bbox 2152 1418 3738 1500; baseline 0.001 -20"><span class='ocrx_word' id='word_1_315' title='bbox 2152 1428 2365 1500; x_wconf 85' lang='grc' dir='ltr'>καιώθη</span> <span class='ocrx_word' id='word_1_316' title='bbox 2416 1430 2476 1482; x_wconf 75' lang='grc' dir='ltr'>ὲν</span> <span class='ocrx_word' id='word_1_317' title='bbox 2521 1418 2817 1499; x_wconf 84' lang='grc' dir='ltr'>πνεύματι,</span> <span class='ocrx_word' id='word_1_318' title='bbox 2861 1428 3017 1499; x_wconf 84' lang='grc' dir='ltr'><strong>ὤφθη</strong></span> <span class='ocrx_word' id='word_1_319' title='bbox 3051 1427 3324 1498; x_wconf 77' lang='grc' dir='ltr'><strong>ἀγγέλοις,</strong></span> <span class='ocrx_word' id='word_1_320' title='bbox 3359 1428 3650 1500; x_wconf 75' lang='grc' dir='ltr'><strong>ἐκηρύχθη</strong></span> <span class='ocrx_word' id='word_1_321' title='bbox 3684 1431 3738 1481; x_wconf 72' lang='grc' dir='ltr'>ἐν</span> 
     </span>
    </p>
   </div>
   <div class='ocr_carea' id='block_1_46' title="bbox 2151 1516 3731 1591">
    <p class='ocr_par' dir='ltr' id='par_1_46' title="bbox 2151 1516 3731 1591">
     <span class='ocr_line' id='line_1_46' title="bbox 2151 1516 3731 1591; baseline 0.001 -21"><span class='ocrx_word' id='word_1_322' title='bbox 2151 1516 2384 1584; x_wconf 70' lang='grc' dir='ltr'>ἔθνεσιν,</span> <span class='ocrx_word' id='word_1_323' title='bbox 2425 1519 2720 1590; x_wconf 75' lang='grc' dir='ltr'><strong>ἐπιστεύθη</strong></span> <span class='ocrx_word' id='word_1_324' title='bbox 2771 1521 2829 1574; x_wconf 82' lang='grc' dir='ltr'>ὲν</span> <span class='ocrx_word' id='word_1_325' title='bbox 2880 1519 3071 1590; x_wconf 85' lang='grc' dir='ltr'>κόσμῳ</span> <span class='ocrx_word' id='word_1_326' title='bbox 3098 1557 3114 1582; x_wconf 89' lang='grc'><strong>,</strong></span> <span class='ocrx_word' id='word_1_327' title='bbox 3162 1519 3443 1590; x_wconf 74' lang='grc' dir='ltr'><strong>ἀνελήφθη</strong></span> <span class='ocrx_word' id='word_1_328' title='bbox 3484 1521 3549 1571; x_wconf 80' lang='grc' dir='ltr'>ὲν</span> <span class='ocrx_word' id='word_1_329' title='bbox 3591 1520 3731 1591; x_wconf 63' lang='grc' dir='ltr'>δόξῃ.</span> 
     </span>
    </p>
   </div>
   <div class='ocr_carea' id='block_1_47' title="bbox 2152 1605 3738 1681">
    <p class='ocr_par' dir='ltr' id='par_1_47' title="bbox 2152 1605 3738 1681">
     <span class='ocr_line' id='line_1_47' title="bbox 2152 1605 3738 1681; baseline 0 -20"><span class='ocrx_word' id='word_1_330' title='bbox 2152 1611 2272 1663; x_wconf 80' lang='grc' dir='ltr'>Δεῖν</span> <span class='ocrx_word' id='word_1_331' title='bbox 2310 1609 2368 1662; x_wconf 79' lang='grc' dir='ltr'>δὲ</span> <span class='ocrx_word' id='word_1_332' title='bbox 2411 1605 2565 1681; x_wconf 77' lang='grc' dir='ltr'>οἶμαι</span> <span class='ocrx_word' id='word_1_333' title='bbox 2609 1612 2734 1674; x_wconf 84' lang='grc' dir='ltr'>τοὺς</span> <span class='ocrx_word' id='word_1_334' title='bbox 2772 1611 2838 1664; x_wconf 85' lang='grc' dir='ltr'><strong>δι’</strong></span> <span class='ocrx_word' id='word_1_335' title='bbox 2891 1610 3141 1674; x_wconf 78' lang='grc' dir='ltr'>ἐναντίας</span> <span class='ocrx_word' id='word_1_336' title='bbox 3186 1612 3219 1681; x_wconf 79' lang='grc' dir='ltr'><strong>ἢ</strong></span> <span class='ocrx_word' id='word_1_337' title='bbox 3269 1610 3454 1679; x_wconf 70' lang='grc' dir='ltr'>ψῆφον</span> <span class='ocrx_word' id='word_1_338' title='bbox 3508 1613 3738 1678; x_wconf 74' lang='grc' dir='ltr'>ἐπάγειν</span> 
     </span>
    </p>
   </div>
   <div class='ocr_carea' id='block_1_48' title="bbox 2150 1701 3737 1774">
    <p class='ocr_par' dir='ltr' id='par_1_48' title="bbox 2150 1701 3737 1774">
     <span class='ocr_line' id='line_1_48' title="bbox 2150 1701 3737 1774; baseline -0.001 -19"><span class='ocrx_word' id='word_1_339' title='bbox 2150 1702 2249 1773; x_wconf 74' lang='grc' dir='ltr'>τὴν</span> <span class='ocrx_word' id='word_1_340' title='bbox 2277 1703 2474 1772; x_wconf 74' lang='grc' dir='ltr'>αἰσχίω</span> <span class='ocrx_word' id='word_1_341' title='bbox 2503 1704 2615 1765; x_wconf 82' lang='grc' dir='ltr'>τοῖς</span> <span class='ocrx_word' id='word_1_342' title='bbox 2657 1702 2850 1767; x_wconf 82' lang='grc' dir='ltr'>πάλαι,</span> <span class='ocrx_word' id='word_1_343' title='bbox 2892 1702 2990 1755; x_wconf 76' lang='grc' dir='ltr'>καὶ</span> <span class='ocrx_word' id='word_1_344' title='bbox 3030 1701 3403 1774; x_wconf 80' lang='grc' dir='ltr'>ψευδηγόρους</span> <span class='ocrx_word' id='word_1_345' title='bbox 3441 1704 3737 1757; x_wconf 71' lang='grc' dir='ltr'>ἀποκαλεῖν</span> 
     </span>
    </p>
   </div>
   <div class='ocr_carea' id='block_1_49' title="bbox 2151 1791 3730 1864">
    <p class='ocr_par' dir='ltr' id='par_1_49' title="bbox 2151 1791 3730 1864">
     <span class='ocr_line' id='line_1_49' title="bbox 2151 1791 3730 1864; baseline 0.001 -19"><span class='ocrx_word' id='word_1_346' title='bbox 2151 1792 2280 1856; x_wconf 81' lang='grc' dir='ltr'>τοὺς</span> <span class='ocrx_word' id='word_1_347' title='bbox 2322 1793 2423 1863; x_wconf 84' lang='grc' dir='ltr'><strong>τῆς</strong></span> <span class='ocrx_word' id='word_1_348' title='bbox 2461 1792 2790 1864; x_wconf 74' lang='grc' dir='ltr'><strong>οἰκουμένης</strong></span> <span class='ocrx_word' id='word_1_349' title='bbox 2845 1793 3263 1864; x_wconf 78' lang='grc' dir='ltr'><strong>μυσταγωγοὺς,</strong></span> <span class='ocrx_word' id='word_1_350' title='bbox 3293 1791 3375 1858; x_wconf 76' lang='grc' dir='ltr'>οἷς</span> <span class='ocrx_word' id='word_1_351' title='bbox 3436 1795 3605 1858; x_wconf 78' lang='grc' dir='ltr'>αὐτὸς</span> <span class='ocrx_word' id='word_1_352' title='bbox 3634 1794 3730 1863; x_wconf 76' lang='grc' dir='ltr'>ἔφη</span> 
     </span>
    </p>
   </div>
   <div class='ocr_carea' id='block_1_50' title="bbox 2153 1876 3739 1955">
    <p class='ocr_par' dir='ltr' id='par_1_50' title="bbox 2153 1876 3739 1955">
     <span class='ocr_line' id='line_1_50' title="bbox 2153 1876 3739 1955; baseline 0.001 -19"><span class='ocrx_word' id='word_1_353' title='bbox 2153 1876 2423 1954; x_wconf 77' lang='grc' dir='ltr'>Χριστός·</span> <span class='ocrx_word' id='word_1_354' title='bbox 2478 1901 2495 1934; x_wconf 93' lang='grc' dir='ltr'>ι</span> <span class='ocrx_word' id='word_1_355' title='bbox 2536 1883 2901 1954; x_wconf 84' lang='grc' dir='ltr'>Πορευθέντες</span> <span class='ocrx_word' id='word_1_356' title='bbox 2977 1884 3355 1955; x_wconf 77' lang='grc' dir='ltr'>μαθητεύσατε</span> <span class='ocrx_word' id='word_1_357' title='bbox 3419 1886 3605 1939; x_wconf 78' lang='grc' dir='ltr'>πάντα</span> <span class='ocrx_word' id='word_1_358' title='bbox 3668 1886 3739 1938; x_wconf 65' lang='grc' dir='ltr'>τὸ</span> 
     </span>
    </p>
   </div>
   <div class='ocr_carea' id='block_1_51' title="bbox 2151 1972 3734 2048">
    <p class='ocr_par' dir='ltr' id='par_1_51' title="bbox 2151 1972 3734 2048">
     <span class='ocr_line' id='line_1_51' title="bbox 2151 1972 3734 2048; baseline 0.001 -20"><span class='ocrx_word' id='word_1_359' title='bbox 2151 1974 2302 2047; x_wconf 72' lang='grc' dir='ltr'>ἔθνη·</span> <span class='ocrx_word' id='word_1_360' title='bbox 2336 1993 2356 2027; x_wconf 76' lang='grc' dir='ltr'><strong>ι</strong></span> <span class='ocrx_word' id='word_1_361' title='bbox 2481 1976 2640 2046; x_wconf 76' lang='grc' dir='ltr'>εἴπερ</span> <span class='ocrx_word' id='word_1_362' title='bbox 2682 1974 2841 2030; x_wconf 88' lang='grc' dir='ltr'>τοῦτο</span> <span class='ocrx_word' id='word_1_363' title='bbox 2893 1979 3342 2048; x_wconf 82' lang='grc' dir='ltr'>καταπεφρίκασι</span> <span class='ocrx_word' id='word_1_364' title='bbox 3374 1977 3537 2047; x_wconf 81' lang='grc' dir='ltr'>δρᾷν,</span> <span class='ocrx_word' id='word_1_365' title='bbox 3600 1976 3734 2047; x_wconf 72' lang='grc' dir='ltr'>ὀρθὰ</span> 
     </span>
    </p>
   </div>
   <div class='ocr_carea' id='block_1_52' title="bbox 2154 2065 3734 2138">
    <p class='ocr_par' dir='ltr' id='par_1_52' title="bbox 2154 2065 3734 2138">
     <span class='ocr_line' id='line_1_52' title="bbox 2154 2065 3734 2138; baseline 0.001 -19"><span class='ocrx_word' id='word_1_366' title='bbox 2154 2065 2253 2137; x_wconf 85' lang='grc' dir='ltr'>μὲν</span> <span class='ocrx_word' id='word_1_367' title='bbox 2283 2065 2499 2120; x_wconf 80' lang='grc' dir='ltr'><strong>ἑλέσθαι</strong></span> <span class='ocrx_word' id='word_1_368' title='bbox 2541 2069 2757 2136; x_wconf 80' lang='grc' dir='ltr'>φρονεῖν</span> <span class='ocrx_word' id='word_1_369' title='bbox 2787 2068 2855 2121; x_wconf 81' lang='grc' dir='ltr'>τὰ</span> <span class='ocrx_word' id='word_1_370' title='bbox 2889 2069 2982 2121; x_wconf 72' lang='grc' dir='ltr'><strong>ἐπὶ</strong></span> <span class='ocrx_word' id='word_1_371' title='bbox 3034 2067 3278 2138; x_wconf 81' lang='grc' dir='ltr'><strong>Χριστῷ,</strong></span> <span class='ocrx_word' id='word_1_372' title='bbox 3310 2068 3635 2138; x_wconf 81' lang='grc' dir='ltr'>φράσαντας</span> <span class='ocrx_word' id='word_1_373' title='bbox 3678 2068 3734 2120; x_wconf 70' lang='grc' dir='ltr'>δὲ</span> 
     </span>
    </p>
   </div>
   <div class='ocr_carea' id='block_1_53' title="bbox 2150 2157 3735 2230">
    <p class='ocr_par' dir='ltr' id='par_1_53' title="bbox 2150 2157 3735 2230">
     <span class='ocr_line' id='line_1_53' title="bbox 2150 2157 3735 2230; baseline 0.001 -20"><span class='ocrx_word' id='word_1_374' title='bbox 2150 2157 2212 2211; x_wconf 83' lang='grc' dir='ltr'>τὸ</span> <span class='ocrx_word' id='word_1_375' title='bbox 2240 2157 2515 2230; x_wconf 76' lang='grc' dir='ltr'>ἐρρῶσθαι</span> <span class='ocrx_word' id='word_1_376' title='bbox 2546 2159 2658 2213; x_wconf 77' lang='grc' dir='ltr'>δεῖν</span> <span class='ocrx_word' id='word_1_377' title='bbox 2686 2162 2808 2223; x_wconf 82' lang='grc' dir='ltr'>ταῖς</span> <span class='ocrx_word' id='word_1_378' title='bbox 2848 2160 2998 2229; x_wconf 82' lang='grc' dir='ltr'>σφῶν</span> <span class='ocrx_word' id='word_1_379' title='bbox 3025 2159 3206 2213; x_wconf 76' lang='grc' dir='ltr'>αὐτῶν</span> <span class='ocrx_word' id='word_1_380' title='bbox 3236 2159 3528 2229; x_wconf 79' lang='grc' dir='ltr'>ἀμαθίαις,</span> <span class='ocrx_word' id='word_1_381' title='bbox 3562 2159 3735 2229; x_wconf 75' lang='grc' dir='ltr'>ἀπρὶξ</span> 
     </span>
    </p>
   </div>
   <div class='ocr_carea' id='block_1_54' title="bbox 2154 2247 3737 2322">
    <p class='ocr_par' dir='ltr' id='par_1_54' title="bbox 2154 2247 3737 2322">
     <span class='ocr_line' id='line_1_54' title="bbox 2154 2247 3737 2322; baseline 0.001 -21"><span class='ocrx_word' id='word_1_382' title='bbox 2154 2247 2253 2318; x_wconf 79' lang='grc' dir='ltr'>μὲν</span> <span class='ocrx_word' id='word_1_383' title='bbox 2284 2248 2505 2319; x_wconf 76' lang='grc' dir='ltr'>ἔχεσθαι</span> <span class='ocrx_word' id='word_1_384' title='bbox 2532 2249 2641 2302; x_wconf 85' lang='grc' dir='ltr'><strong>τῶν</strong></span> <span class='ocrx_word' id='word_1_385' title='bbox 2688 2250 2848 2321; x_wconf 84' lang='grc' dir='ltr'>ἱερῶν</span> <span class='ocrx_word' id='word_1_386' title='bbox 2879 2249 3254 2322; x_wconf 84' lang='grc' dir='ltr'>Γραμμάτων,</span> <span class='ocrx_word' id='word_1_387' title='bbox 3286 2250 3387 2320; x_wconf 78' lang='grc' dir='ltr'>τὴν</span> <span class='ocrx_word' id='word_1_388' title='bbox 3418 2249 3477 2302; x_wconf 76' lang='grc' dir='ltr'>δὲ</span> <span class='ocrx_word' id='word_1_389' title='bbox 3515 2248 3737 2317; x_wconf 73' lang='grc' dir='ltr'>ἀπλανῆ</span> 
     </span>
    </p>
   </div>
   <div class='ocr_carea' id='block_1_55' title="bbox 2150 2338 3732 2412">
    <p class='ocr_par' dir='ltr' id='par_1_55' title="bbox 2150 2338 3732 2412">
     <span class='ocr_line' id='line_1_55' title="bbox 2150 2338 3732 2412; baseline 0 -20"><span class='ocrx_word' id='word_1_390' title='bbox 2150 2339 2259 2393; x_wconf 84' lang='grc' dir='ltr'>τῶν</span> <span class='ocrx_word' id='word_1_391' title='bbox 2303 2341 2476 2409; x_wconf 82' lang='grc' dir='ltr'>ἁγίων</span> <span class='ocrx_word' id='word_1_392' title='bbox 2522 2341 2808 2410; x_wconf 79' lang='grc' dir='ltr'>διάγοντας</span> <span class='ocrx_word' id='word_1_393' title='bbox 2845 2341 3032 2412; x_wconf 78' lang='grc' dir='ltr'>τρίϐον</span> <span class='ocrx_word' id='word_1_394' title='bbox 3056 2381 3072 2407; x_wconf 79' lang='grc'><strong>,</strong></span> <span class='ocrx_word' id='word_1_395' title='bbox 3126 2341 3215 2394; x_wconf 76' lang='grc' dir='ltr'><strong>ἐπ’</strong></span> <span class='ocrx_word' id='word_1_396' title='bbox 3256 2339 3429 2410; x_wconf 80' lang='grc' dir='ltr'>αὐτὴν</span> <span class='ocrx_word' id='word_1_397' title='bbox 3466 2339 3603 2393; x_wconf 81' lang='grc' dir='ltr'>ἱέναι</span> <span class='ocrx_word' id='word_1_398' title='bbox 3631 2338 3732 2410; x_wconf 69' lang='grc' dir='ltr'>τὴν</span> 
     </span>
    </p>
   </div>
   <div class='ocr_carea' id='block_1_56' title="bbox 2150 2430 2427 2504">
    <p class='ocr_par' dir='ltr' id='par_1_56' title="bbox 2150 2430 2427 2504">
     <span class='ocr_line' id='line_1_56' title="bbox 2150 2430 2427 2504; baseline 0.011 -21"><span class='ocrx_word' id='word_1_399' title='bbox 2150 2430 2427 2504; x_wconf 78' lang='grc' dir='ltr'>ἀλήθειαν.</span> 
     </span>
    </p>
   </div>
   <div class='ocr_carea' id='block_1_57' title="bbox 2222 2601 3853 2691">
    <p class='ocr_par' dir='ltr' id='par_1_57' title="bbox 2222 2601 3853 2691">
     <span class='ocr_line' id='line_1_57' title="bbox 2222 2601 3853 2691; baseline -0.004 -30"><span class='ocrx_word' id='word_1_400' title='bbox 2222 2608 2418 2680; x_wconf 69' lang='lat' dir='ltr'><strong>[P.Ei&#39;q</strong></span> <span class='ocrx_word' id='word_1_401' title='bbox 2443 2609 2551 2679; x_wconf 75' lang='grc' dir='ltr'>γὰρ</span> <span class='ocrx_word' id='word_1_402' title='bbox 2587 2607 2652 2663; x_wconf 85' lang='grc' dir='ltr'>ἂν</span> <span class='ocrx_word' id='word_1_403' title='bbox 2685 2607 2782 2678; x_wconf 75' lang='grc' dir='ltr'><strong>οὐχ</strong></span> <span class='ocrx_word' id='word_1_404' title='bbox 2814 2608 3022 2680; x_wconf 77' lang='grc' dir='ltr'>ἕτερον,</span> <span class='ocrx_word' id='word_1_405' title='bbox 3058 2602 3236 2677; x_wconf 78' lang='grc' dir='ltr'>οἶμαι,</span> <span class='ocrx_word' id='word_1_406' title='bbox 3259 2605 3315 2659; x_wconf 59' lang='grc' dir='ltr'><strong>τὶ.</strong></span> <span class='ocrx_word' id='word_1_407' title='bbox 3341 2605 3405 2658; x_wconf 77' lang='grc' dir='ltr'>τὸ</span> <span class='ocrx_word' id='word_1_408' title='bbox 3432 2605 3532 2675; x_wconf 83' lang='grc' dir='ltr'>τῆς</span> <span class='ocrx_word' id='word_1_409' title='bbox 3572 2601 3726 2655; x_wconf 72' lang='grc' dir='ltr'>εὐσε-</span> <span class='ocrx_word' id='word_1_410' title='bbox 3838 2674 3853 2691; x_wconf 49' lang='grc'><strong><em>⁸</em></strong></span> 
     </span>
    </p>
   </div>
   <div class='ocr_carea' id='block_1_58' title="bbox 2150 2693 3725 2771">
    <p class='ocr_par' dir='ltr' id='par_1_58' title="bbox 2150 2693 3725 2771">
     <span class='ocr_line' id='line_1_58' title="bbox 2150 2693 3725 2771; baseline -0.006 -17"><span class='ocrx_word' id='word_1_411' title='bbox 2150 2701 2303 2764; x_wconf 70' lang='grc' dir='ltr'>δείας</span> <span class='ocrx_word' id='word_1_412' title='bbox 2353 2700 2671 2771; x_wconf 87' lang='grc' dir='ltr'>μυστήριον,</span> <span class='ocrx_word' id='word_1_413' title='bbox 2699 2700 2733 2770; x_wconf 83' lang='grc' dir='ltr'>ἢ</span> <span class='ocrx_word' id='word_1_414' title='bbox 2787 2699 2950 2762; x_wconf 81' lang='grc' dir='ltr'>αὐτὸς</span> <span class='ocrx_word' id='word_1_415' title='bbox 2995 2700 3131 2770; x_wconf 76' lang='grc' dir='ltr'>ἡμῖν</span> <span class='ocrx_word' id='word_1_416' title='bbox 3160 2700 3189 2751; x_wconf 84' lang='grc' dir='ltr'>ὁ</span> <span class='ocrx_word' id='word_1_417' title='bbox 3231 2698 3297 2751; x_wconf 82' lang='grc' dir='ltr'>ὲκ</span> <span class='ocrx_word' id='word_1_418' title='bbox 3327 2694 3464 2750; x_wconf 92' lang='grc' dir='ltr'>Θεοῦ</span> <span class='ocrx_word' id='word_1_419' title='bbox 3512 2693 3725 2763; x_wconf 77' lang='grc' dir='ltr'>[ἰατρὸς</span> 
     </span>
    </p>
   </div>
   <div class='ocr_carea' id='block_1_59' title="bbox 2151 2781 3727 2859">
    <p class='ocr_par' dir='ltr' id='par_1_59' title="bbox 2151 2781 3727 2859">
     <span class='ocr_line' id='line_1_59' title="bbox 2151 2781 3727 2859; baseline -0.007 -13"><span class='ocrx_word' id='word_1_420' title='bbox 2151 2791 2344 2859; x_wconf 88' lang='grc' dir='ltr'>Λόγος,</span> <span class='ocrx_word' id='word_1_421' title='bbox 2382 2790 2440 2853; x_wconf 83' lang='grc' dir='ltr'>ὃς</span> <span class='ocrx_word' id='word_1_422' title='bbox 2475 2788 2791 2859; x_wconf 72' lang='grc' dir='ltr'>ἐφανερώθη</span> <span class='ocrx_word' id='word_1_423' title='bbox 2824 2790 2881 2841; x_wconf 83' lang='grc' dir='ltr'>ὲν</span> <span class='ocrx_word' id='word_1_424' title='bbox 2911 2788 3075 2858; x_wconf 85' lang='grc' dir='ltr'>σαρκί</span> <span class='ocrx_word' id='word_1_425' title='bbox 3099 2801 3114 2816; x_wconf 74' lang='grc'><em>⁸</em></span> <span class='ocrx_word' id='word_1_426' title='bbox 3146 2786 3469 2856; x_wconf 76' lang='grc' dir='ltr'>γεγέννηται</span> <span class='ocrx_word' id='word_1_427' title='bbox 3495 2782 3608 2851; x_wconf 76' lang='grc' dir='ltr'>γὰρ</span> <span class='ocrx_word' id='word_1_428' title='bbox 3636 2781 3727 2835; x_wconf 71' lang='grc' dir='ltr'><strong>διὰ</strong></span> 
     </span>
    </p>
   </div>
   <div class='ocr_carea' id='block_1_60' title="bbox 2147 2875 3731 2957">
    <p class='ocr_par' dir='ltr' id='par_1_60' title="bbox 2147 2875 3731 2957">
     <span class='ocr_line' id='line_1_60' title="bbox 2147 2875 3731 2957; baseline -0.009 -16"><span class='ocrx_word' id='word_1_429' title='bbox 2147 2888 2244 2957; x_wconf 80' lang='grc' dir='ltr'><strong>τῆς</strong></span> <span class='ocrx_word' id='word_1_430' title='bbox 2271 2886 2432 2955; x_wconf 75' lang='grc' dir='ltr'>ἁγίας</span> <span class='ocrx_word' id='word_1_431' title='bbox 2480 2882 2751 2955; x_wconf 78' lang='grc' dir='ltr'>Παρθένου</span> <span class='ocrx_word' id='word_1_432' title='bbox 2795 2883 2889 2943; x_wconf 73' lang='grc' dir='ltr'>καὶ</span> <span class='ocrx_word' id='word_1_433' title='bbox 2937 2881 3226 2945; x_wconf 84' lang='grc' dir='ltr'>Θεοτόκου,</span> <span class='ocrx_word' id='word_1_434' title='bbox 3267 2877 3477 2951; x_wconf 74' lang='grc' dir='ltr'>μορφὴν</span> <span class='ocrx_word' id='word_1_435' title='bbox 3525 2875 3731 2928; x_wconf 73' lang='grc' dir='ltr'>δούλου</span> 
     </span>
    </p>
   </div>
   <div class='ocr_carea' id='block_1_61' title="bbox 2147 2957 3726 3051">
    <p class='ocr_par' dir='ltr' id='par_1_61' title="bbox 2147 2957 3726 3051">
     <span class='ocr_line' id='line_1_61' title="bbox 2147 2957 3726 3051; baseline -0.009 -19"><span class='ocrx_word' id='word_1_436' title='bbox 2147 2974 2349 3032; x_wconf 69' lang='grc' dir='ltr'>λαϐὼν.</span> <span class='ocrx_word' id='word_1_437' title='bbox 2385 2975 2562 3046; x_wconf 82' lang='grc' dir='ltr'>Ὠφθη</span> <span class='ocrx_word' id='word_1_438' title='bbox 2591 2976 2650 3029; x_wconf 81' lang='grc' dir='ltr'>δὲ</span> <span class='ocrx_word' id='word_1_439' title='bbox 2688 2976 2780 3029; x_wconf 78' lang='grc' dir='ltr'>καὶ</span> <span class='ocrx_word' id='word_1_440' title='bbox 2824 2973 3098 3043; x_wconf 77' lang='grc' dir='ltr'>ἀγγέλοις,</span> <span class='ocrx_word' id='word_1_441' title='bbox 3128 2972 3179 3025; x_wconf 84' lang='grc' dir='ltr'>οἳ</span> <span class='ocrx_word' id='word_1_442' title='bbox 3203 2957 3515 3039; x_wconf 81' lang='grc' dir='ltr'>γεννηθέντα</span> <span class='ocrx_word' id='word_1_443' title='bbox 3542 2983 3726 3051; x_wconf 55' lang='grc' dir='ltr'>κατατ</span> 
     </span>
    </p>
   </div>
   <div class='ocr_carea' id='block_1_62' title="bbox 2148 3056 3731 3141">
    <p class='ocr_par' dir='ltr' id='par_1_62' title="bbox 2148 3056 3731 3141">
     <span class='ocr_line' id='line_1_62' title="bbox 2148 3056 3731 3141; baseline -0.009 -18"><span class='ocrx_word' id='word_1_444' title='bbox 2148 3068 2466 3141; x_wconf 81' lang='grc' dir='ltr'>γεραίρουσι</span> <span class='ocrx_word' id='word_1_445' title='bbox 2488 3084 2502 3098; x_wconf 65' lang='grc' dir='ltr'>θ</span> <span class='ocrx_word' id='word_1_446' title='bbox 2534 3086 2551 3119; x_wconf 90' lang='grc' dir='ltr'><strong>ι</strong></span> <span class='ocrx_word' id='word_1_447' title='bbox 2581 3066 2718 3131; x_wconf 81' lang='grc' dir='ltr'>Δόξα</span> <span class='ocrx_word' id='word_1_448' title='bbox 2752 3082 2832 3131; x_wconf 91' lang='grc' dir='ltr'><strong>τε,</strong></span> <span class='ocrx_word' id='word_1_449' title='bbox 2865 3065 3049 3133; x_wconf 66' lang='grc' dir='ltr'>φασιν,</span> <span class='ocrx_word' id='word_1_450' title='bbox 3081 3065 3139 3116; x_wconf 81' lang='grc' dir='ltr'>ὲν</span> <span class='ocrx_word' id='word_1_451' title='bbox 3164 3061 3400 3131; x_wconf 78' lang='grc' dir='ltr'>ὑψίστοις</span> <span class='ocrx_word' id='word_1_452' title='bbox 3440 3056 3587 3126; x_wconf 77' lang='grc' dir='ltr'>Θεῷ,</span> <span class='ocrx_word' id='word_1_453' title='bbox 3619 3058 3731 3110; x_wconf 73' lang='grc' dir='ltr'>καὶ</span> 
     </span>
    </p>
   </div>
   <div class='ocr_carea' id='block_1_63' title="bbox 478 3150 2048 3240">
    <p class='ocr_par' dir='ltr' id='par_1_63' title="bbox 478 3150 2046 3224">
     <span class='ocr_line' id='line_1_63' title="bbox 478 3150 2046 3224; baseline 0.003 -20"><span class='ocrx_word' id='word_1_454' title='bbox 478 3152 634 3206; x_wconf 88' lang='lat' dir='ltr'><strong>simis</strong></span> <span class='ocrx_word' id='word_1_455' title='bbox 664 3150 796 3219; x_wconf 87' lang='lat' dir='ltr'><strong>Deo,</strong></span> <span class='ocrx_word' id='word_1_456' title='bbox 824 3163 878 3207; x_wconf 70' lang='lat' dir='ltr'><strong>Et</strong></span> <span class='ocrx_word' id='word_1_457' title='bbox 903 3155 954 3208; x_wconf 91' lang='lat' dir='ltr'><strong>in</strong></span> <span class='ocrx_word' id='word_1_458' title='bbox 991 3164 1132 3208; x_wconf 86' lang='lat' dir='ltr'><strong>terra</strong></span> <span class='ocrx_word' id='word_1_459' title='bbox 1166 3170 1290 3224; x_wconf 86' lang='lat' dir='ltr'><strong>pax,</strong></span> <span class='ocrx_word' id='word_1_460' title='bbox 1337 3154 1389 3206; x_wconf 87' lang='lat' dir='ltr'><strong>in</strong></span> <span class='ocrx_word' id='word_1_461' title='bbox 1422 3151 1732 3208; x_wconf 89' lang='lat' dir='ltr'><strong>hominibus</strong></span> <span class='ocrx_word' id='word_1_462' title='bbox 1760 3153 1901 3207; x_wconf 85' lang='lat' dir='ltr'><strong>bona</strong></span> <span class='ocrx_word' id='word_1_463' title='bbox 1952 3166 2046 3208; x_wconf 85' lang='lat' dir='ltr'><strong>vo-</strong></span> 
     </span>
    </p>
   </div>
   <div class='ocr_carea' id='block_1_64' title="bbox 2152 3150 3727 3240">
    <p class='ocr_par' dir='ltr' id='par_1_64' title="bbox 2152 3151 3727 3233">
     <span class='ocr_line' id='line_1_64' title="bbox 2152 3151 3727 3233; baseline -0.008 -18"><span class='ocrx_word' id='word_1_464' title='bbox 2152 3164 2244 3215; x_wconf 75' lang='grc' dir='ltr'><strong>ἐπὶ</strong></span> <span class='ocrx_word' id='word_1_465' title='bbox 2270 3162 2374 3230; x_wconf 83' lang='grc' dir='ltr'>γῆς</span> <span class='ocrx_word' id='word_1_466' title='bbox 2399 3161 2611 3233; x_wconf 82' lang='grc' dir='ltr'>εἰρήνη,</span> <span class='ocrx_word' id='word_1_467' title='bbox 2633 3161 2690 3213; x_wconf 81' lang='grc' dir='ltr'>ὲν</span> <span class='ocrx_word' id='word_1_468' title='bbox 2710 3157 3020 3231; x_wconf 83' lang='grc' dir='ltr'>ἀνθρώποις</span> <span class='ocrx_word' id='word_1_469' title='bbox 3045 3156 3281 3211; x_wconf 77' lang='grc' dir='ltr'>εὐδοκία.</span> <span class='ocrx_word' id='word_1_470' title='bbox 3309 3174 3329 3207; x_wconf 78' lang='grc' dir='ltr'><strong>ι</strong></span> <span class='ocrx_word' id='word_1_471' title='bbox 3351 3152 3465 3207; x_wconf 72' lang='grc' dir='ltr'><strong>Καὶ</strong></span> <span class='ocrx_word' id='word_1_472' title='bbox 3495 3151 3606 3223; x_wconf 72' lang='grc' dir='ltr'>μὴν</span> <span class='ocrx_word' id='word_1_473' title='bbox 3627 3152 3727 3205; x_wconf 74' lang='grc' dir='ltr'>καὶ</span> 
     </span>
    </p>
   </div>
   <div class='ocr_carea' id='block_1_65' title="bbox 479 3242 2045 3325">
    <p class='ocr_par' dir='ltr' id='par_1_65' title="bbox 479 3242 2045 3325">
     <span class='ocr_line' id='line_1_65' title="bbox 479 3242 2045 3325; baseline 0.004 -32"><span class='ocrx_word' id='word_1_474' title='bbox 479 3242 658 3297; x_wconf 87' lang='lat' dir='ltr'><strong>luntas</strong></span> <span class='ocrx_word' id='word_1_475' title='bbox 684 3243 751 3308; x_wconf 75' lang='grc'><strong>³⁸,</strong></span> <span class='ocrx_word' id='word_1_476' title='bbox 789 3243 1097 3325; x_wconf 79' lang='lat' dir='ltr'><strong>ediderunt.</strong></span> <span class='ocrx_word' id='word_1_477' title='bbox 1152 3244 1317 3298; x_wconf 89' lang='lat' dir='ltr'><strong>Iidem</strong></span> <span class='ocrx_word' id='word_1_478' title='bbox 1349 3244 1424 3298; x_wconf 90' lang='lat' dir='ltr'><strong>illi</strong></span> <span class='ocrx_word' id='word_1_479' title='bbox 1479 3244 1788 3313; x_wconf 85' lang='lat' dir='ltr'><strong>pastoribus</strong></span> <span class='ocrx_word' id='word_1_480' title='bbox 1831 3258 2045 3313; x_wconf 90' lang='lat' dir='ltr'><strong>quoque</strong></span> 
     </span>
    </p>
   </div>
   <div class='ocr_carea' id='block_1_66' title="bbox 478 3333 2046 3406">
    <p class='ocr_par' dir='ltr' id='par_1_66' title="bbox 478 3333 2046 3406">
     <span class='ocr_line' id='line_1_66' title="bbox 478 3333 2046 3406; baseline 0.003 -20"><span class='ocrx_word' id='word_1_481' title='bbox 478 3333 645 3387; x_wconf 89' lang='lat' dir='ltr'><strong>Deum</strong></span> <span class='ocrx_word' id='word_1_482' title='bbox 673 3334 908 3389; x_wconf 79' lang='lat' dir='ltr'><strong>Verbum</strong></span> <span class='ocrx_word' id='word_1_483' title='bbox 939 3345 1159 3406; x_wconf 80' lang='lat' dir='ltr'><strong>propter</strong></span> <span class='ocrx_word' id='word_1_484' title='bbox 1194 3351 1290 3390; x_wconf 88' lang='lat' dir='ltr'><strong>nos</strong></span> <span class='ocrx_word' id='word_1_485' title='bbox 1335 3337 1400 3390; x_wconf 42' lang='lat' dir='ltr'><strong>ini</strong></span> <span class='ocrx_word' id='word_1_486' title='bbox 1432 3351 1650 3391; x_wconf 86' lang='lat' dir='ltr'><strong>carnem</strong></span> <span class='ocrx_word' id='word_1_487' title='bbox 1698 3336 1909 3391; x_wconf 86' lang='lat' dir='ltr'><strong>venisse</strong></span> <span class='ocrx_word' id='word_1_488' title='bbox 1955 3338 2046 3390; x_wconf 79' lang='lat' dir='ltr'><strong>de-</strong></span> 
     </span>
    </p>
   </div>
   <div class='ocr_carea' id='block_1_67' title="bbox 478 3422 2044 3494">
    <p class='ocr_par' dir='ltr' id='par_1_67' title="bbox 478 3422 2044 3494">
     <span class='ocr_line' id='line_1_67' title="bbox 478 3422 2044 3494; baseline 0.004 -19"><span class='ocrx_word' id='word_1_489' title='bbox 478 3422 849 3477; x_wconf 90' lang='lat' dir='ltr'><strong>nuntiarunt:</strong></span> <span class='ocrx_word' id='word_1_490' title='bbox 888 3440 907 3476; x_wconf 88' lang='grc' dir='ltr'>ι</span> <span class='ocrx_word' id='word_1_491' title='bbox 965 3422 1145 3491; x_wconf 87' lang='lat' dir='ltr'><strong>Ecce,</strong></span> <span class='ocrx_word' id='word_1_492' title='bbox 1193 3424 1486 3494; x_wconf 87' lang='lat' dir='ltr'><strong>inquiunt,</strong></span> <span class='ocrx_word' id='word_1_493' title='bbox 1539 3433 1700 3479; x_wconf 89' lang='lat' dir='ltr'><strong>natus</strong></span> <span class='ocrx_word' id='word_1_494' title='bbox 1756 3433 1843 3479; x_wconf 89' lang='lat' dir='ltr'><strong>est</strong></span> <span class='ocrx_word' id='word_1_495' title='bbox 1890 3425 2044 3481; x_wconf 83' lang='lat' dir='ltr'><strong>vobis</strong></span> 
     </span>
    </p>
   </div>
   <div class='ocr_carea' id='block_1_68' title="bbox 479 3514 2048 3586">
    <p class='ocr_par' dir='ltr' id='par_1_68' title="bbox 479 3514 2048 3586">
     <span class='ocr_line' id='line_1_68' title="bbox 479 3514 2048 3586; baseline 0.003 -19"><span class='ocrx_word' id='word_1_496' title='bbox 479 3515 637 3569; x_wconf 88' lang='lat' dir='ltr'><strong>hodie</strong></span> <span class='ocrx_word' id='word_1_497' title='bbox 667 3514 937 3581; x_wconf 82' lang='lat' dir='ltr'><strong>Salvator,</strong></span> <span class='ocrx_word' id='word_1_498' title='bbox 966 3517 1057 3586; x_wconf 89' lang='lat' dir='ltr'><strong>qui</strong></span> <span class='ocrx_word' id='word_1_499' title='bbox 1083 3526 1167 3571; x_wconf 90' lang='lat' dir='ltr'><strong>est</strong></span> <span class='ocrx_word' id='word_1_500' title='bbox 1196 3515 1447 3571; x_wconf 81' lang='lat' dir='ltr'><strong>Christus</strong></span> <span class='ocrx_word' id='word_1_501' title='bbox 1484 3514 1747 3581; x_wconf 82' lang='lat' dir='ltr'><strong>Dominus</strong></span> <span class='ocrx_word' id='word_1_502' title='bbox 1775 3557 1790 3580; x_wconf 92' lang='lat'><strong>,</strong></span> <span class='ocrx_word' id='word_1_503' title='bbox 1826 3516 1880 3571; x_wconf 89' lang='lat' dir='ltr'><strong>in</strong></span> <span class='ocrx_word' id='word_1_504' title='bbox 1912 3517 2048 3571; x_wconf 87' lang='lat' dir='ltr'><strong>civi-</strong></span> 
     </span>
    </p>
   </div>
   <div class='ocr_carea' id='block_1_69' title="bbox 479 3605 2045 3677">
    <p class='ocr_par' dir='ltr' id='par_1_69' title="bbox 479 3605 2045 3677">
     <span class='ocr_line' id='line_1_69' title="bbox 479 3605 2045 3677; baseline 0.002 -19"><span class='ocrx_word' id='word_1_505' title='bbox 479 3615 589 3660; x_wconf 86' lang='lat' dir='ltr'><strong>tate</strong></span> <span class='ocrx_word' id='word_1_506' title='bbox 623 3605 809 3661; x_wconf 83' lang='lat' dir='ltr'><strong>David.</strong></span> <span class='ocrx_word' id='word_1_507' title='bbox 832 3606 898 3661; x_wconf 87' lang='lat' dir='ltr'><strong>Et</strong></span> <span class='ocrx_word' id='word_1_508' title='bbox 930 3608 1033 3662; x_wconf 90' lang='lat' dir='ltr'><strong>hoc</strong></span> <span class='ocrx_word' id='word_1_509' title='bbox 1070 3607 1175 3662; x_wconf 88' lang='lat' dir='ltr'><strong>erit</strong></span> <span class='ocrx_word' id='word_1_510' title='bbox 1200 3608 1353 3662; x_wconf 89' lang='lat' dir='ltr'><strong>vobis</strong></span> <span class='ocrx_word' id='word_1_511' title='bbox 1385 3608 1597 3677; x_wconf 73' lang='lat' dir='ltr'><strong>signum</strong></span> <span class='ocrx_word' id='word_1_512' title='bbox 1620 3607 1670 3677; x_wconf 86' lang='grc'>7</span> <span class='ocrx_word' id='word_1_513' title='bbox 1701 3625 1714 3662; x_wconf 89' lang='lat'><strong>:</strong></span> <span class='ocrx_word' id='word_1_514' title='bbox 1754 3606 2045 3663; x_wconf 87' lang='lat' dir='ltr'><strong>Invenietis</strong></span> 
     </span>
    </p>
   </div>
   <div class='ocr_carea' id='block_1_70' title="bbox 478 3698 2040 3769">
    <p class='ocr_par' dir='ltr' id='par_1_70' title="bbox 478 3698 2040 3769">
     <span class='ocr_line' id='line_1_70' title="bbox 478 3698 2040 3769; baseline 0.001 -16"><span class='ocrx_word' id='word_1_515' title='bbox 478 3698 737 3753; x_wconf 80' lang='lat' dir='ltr'><strong>infantem</strong></span> <span class='ocrx_word' id='word_1_516' title='bbox 769 3699 962 3768; x_wconf 80' lang='lat' dir='ltr'><strong>pannis</strong></span> <span class='ocrx_word' id='word_1_517' title='bbox 988 3699 1287 3754; x_wconf 88' lang='lat' dir='ltr'><strong>involutum</strong></span> <span class='ocrx_word' id='word_1_518' title='bbox 1316 3740 1330 3766; x_wconf 93' lang='lat'><strong>,</strong></span> <span class='ocrx_word' id='word_1_519' title='bbox 1379 3710 1433 3754; x_wconf 91' lang='lat' dir='ltr'><strong>et</strong></span> <span class='ocrx_word' id='word_1_520' title='bbox 1458 3700 1694 3768; x_wconf 88' lang='lat' dir='ltr'><strong>positum</strong></span> <span class='ocrx_word' id='word_1_521' title='bbox 1735 3699 1788 3754; x_wconf 92' lang='lat' dir='ltr'><strong>in</strong></span> <span class='ocrx_word' id='word_1_522' title='bbox 1840 3715 2040 3769; x_wconf 71' lang='lat' dir='ltr'><strong>praese-</strong></span> 
     </span>
    </p>
   </div>
   <div class='ocr_carea' id='block_1_71' title="bbox 478 3790 2041 3863">
    <p class='ocr_par' dir='ltr' id='par_1_71' title="bbox 478 3790 2041 3863">
     <span class='ocr_line' id='line_1_71' title="bbox 478 3790 2041 3863; baseline 0.001 -18"><span class='ocrx_word' id='word_1_523' title='bbox 478 3791 569 3861; x_wconf 86' lang='lat' dir='ltr'><strong>pio</strong></span> <span class='ocrx_word' id='word_1_524' title='bbox 591 3791 658 3844; x_wconf 83' lang='grc'><strong>¹⁹.</strong></span> <span class='ocrx_word' id='word_1_525' title='bbox 699 3790 1151 3859; x_wconf 68' lang='lat' dir='ltr'><strong>tCumejusmodi</strong></span> <span class='ocrx_word' id='word_1_526' title='bbox 1183 3807 1313 3862; x_wconf 77' lang='lat' dir='ltr'><strong>ergo</strong></span> <span class='ocrx_word' id='word_1_527' title='bbox 1346 3791 1612 3847; x_wconf 89' lang='lat' dir='ltr'><strong>Deiortus</strong></span> <span class='ocrx_word' id='word_1_528' title='bbox 1638 3806 1735 3861; x_wconf 90' lang='lat' dir='ltr'><strong>per</strong></span> <span class='ocrx_word' id='word_1_529' title='bbox 1764 3790 2041 3863; x_wconf 75' lang='lat' dir='ltr'><strong>Virginem</strong></span> 
     </span>
    </p>
   </div>
   <div class='ocr_carea' id='block_1_72' title="bbox 478 3883 2041 3954">
    <p class='ocr_par' dir='ltr' id='par_1_72' title="bbox 478 3883 2041 3954">
     <span class='ocr_line' id='line_1_72' title="bbox 478 3883 2041 3954; baseline -0.001 -14"><span class='ocrx_word' id='word_1_530' title='bbox 478 3883 769 3950; x_wconf 82' lang='lat' dir='ltr'><strong>exstiterit,</strong></span> <span class='ocrx_word' id='word_1_531' title='bbox 809 3884 1038 3954; x_wconf 88' lang='lat' dir='ltr'><strong>talisque</strong></span> <span class='ocrx_word' id='word_1_532' title='bbox 1076 3884 1317 3954; x_wconf 87' lang='lat' dir='ltr'><strong>ejusdem</strong></span> <span class='ocrx_word' id='word_1_533' title='bbox 1349 3885 1400 3938; x_wconf 91' lang='lat' dir='ltr'><strong>in</strong></span> <span class='ocrx_word' id='word_1_534' title='bbox 1444 3899 1610 3940; x_wconf 87' lang='lat' dir='ltr'><strong>carne</strong></span> <span class='ocrx_word' id='word_1_535' title='bbox 1652 3884 2041 3947; x_wconf 79' lang='lat' dir='ltr'><strong>manifestatio,</strong></span> 
     </span>
    </p>
   </div>
   <div class='ocr_carea' id='block_1_73' title="bbox 472 3975 2045 4048">
    <p class='ocr_par' dir='ltr' id='par_1_73' title="bbox 472 3975 2045 4048">
     <span class='ocr_line' id='line_1_73' title="bbox 472 3975 2045 4048; baseline 0.002 -20"><span class='ocrx_word' id='word_1_536' title='bbox 472 3975 744 4045; x_wconf 87' lang='lat' dir='ltr'><strong>quomodo</strong></span> <span class='ocrx_word' id='word_1_537' title='bbox 787 3991 893 4031; x_wconf 92' lang='lat' dir='ltr'><strong>non</strong></span> <span class='ocrx_word' id='word_1_538' title='bbox 929 3986 1121 4048; x_wconf 76' lang='lat' dir='ltr'><strong>magna</strong></span> <span class='ocrx_word' id='word_1_539' title='bbox 1180 3976 1424 4043; x_wconf 85' lang='lat' dir='ltr'><strong>vanitas,</strong></span> <span class='ocrx_word' id='word_1_540' title='bbox 1471 3990 1729 4047; x_wconf 90' lang='lat' dir='ltr'><strong>meraque</strong></span> <span class='ocrx_word' id='word_1_541' title='bbox 1771 3977 2045 4031; x_wconf 87' lang='lat' dir='ltr'><strong>temeritas</strong></span> 
     </span>
    </p>
   </div>
   <div class='ocr_carea' id='block_1_74' title="bbox 473 4066 2044 4138">
    <p class='ocr_par' dir='ltr' id='par_1_74' title="bbox 473 4066 2044 4138">
     <span class='ocr_line' id='line_1_74' title="bbox 473 4066 2044 4138; baseline -0.001 -18"><span class='ocrx_word' id='word_1_542' title='bbox 473 4070 584 4131; x_wconf 87' lang='lat' dir='ltr'><strong>est;</strong></span> <span class='ocrx_word' id='word_1_543' title='bbox 616 4066 725 4121; x_wconf 90' lang='lat' dir='ltr'><strong>imo</strong></span> <span class='ocrx_word' id='word_1_544' title='bbox 749 4075 876 4122; x_wconf 83' lang='lat' dir='ltr'><strong>vero</strong></span> <span class='ocrx_word' id='word_1_545' title='bbox 896 4068 1165 4138; x_wconf 91' lang='lat' dir='ltr'><strong>quomodo</strong></span> <span class='ocrx_word' id='word_1_546' title='bbox 1194 4082 1301 4122; x_wconf 91' lang='lat' dir='ltr'><strong>non</strong></span> <span class='ocrx_word' id='word_1_547' title='bbox 1345 4075 1527 4135; x_wconf 87' lang='lat' dir='ltr'><strong>aperta</strong></span> <span class='ocrx_word' id='word_1_548' title='bbox 1553 4066 1780 4133; x_wconf 87' lang='lat' dir='ltr'><strong>insania,</strong></span> <span class='ocrx_word' id='word_1_549' title='bbox 1808 4082 2044 4122; x_wconf 89' lang='lat' dir='ltr'><strong>merum-</strong></span> 
     </span>
    </p>
   </div>
   <div class='ocr_carea' id='block_1_75' title="bbox 474 4157 2041 4229">
    <p class='ocr_par' dir='ltr' id='par_1_75' title="bbox 474 4157 2041 4229">
     <span class='ocr_line' id='line_1_75' title="bbox 474 4157 2041 4229; baseline 0 -18"><span class='ocrx_word' id='word_1_550' title='bbox 474 4174 582 4229; x_wconf 86' lang='lat' dir='ltr'><strong>que</strong></span> <span class='ocrx_word' id='word_1_551' title='bbox 627 4159 879 4215; x_wconf 77' lang='lat' dir='ltr'><strong>delirium‘</strong></span> <span class='ocrx_word' id='word_1_552' title='bbox 935 4168 1041 4226; x_wconf 89' lang='lat' dir='ltr'><strong>est,</strong></span> <span class='ocrx_word' id='word_1_553' title='bbox 1094 4168 1202 4215; x_wconf 86' lang='lat' dir='ltr'><strong>tam</strong></span> <span class='ocrx_word' id='word_1_554' title='bbox 1263 4159 1486 4224; x_wconf 85' lang='lat' dir='ltr'><strong>illustri,</strong></span> <span class='ocrx_word' id='word_1_555' title='bbox 1548 4168 1765 4227; x_wconf 90' lang='lat' dir='ltr'><strong>tamque</strong></span> <span class='ocrx_word' id='word_1_556' title='bbox 1809 4157 2041 4215; x_wconf 89' lang='lat' dir='ltr'><strong>evidenti</strong></span> 
     </span>
    </p>
   </div>
   <div class='ocr_carea' id='block_1_76' title="bbox 478 4250 2044 4322">
    <p class='ocr_par' dir='ltr' id='par_1_76' title="bbox 478 4250 2044 4322">
     <span class='ocr_line' id='line_1_76' title="bbox 478 4250 2044 4322; baseline 0 -17"><span class='ocrx_word' id='word_1_557' title='bbox 478 4252 792 4308; x_wconf 69' lang='lat' dir='ltr'><strong>meonomiie</strong></span> <span class='ocrx_word' id='word_1_558' title='bbox 821 4253 1145 4322; x_wconf 66' lang='lat' dir='ltr'><strong>apparentia;</strong></span> <span class='ocrx_word' id='word_1_559' title='bbox 1169 4267 1362 4306; x_wconf 87' lang='lat' dir='ltr'><strong>nomen</strong></span> <span class='ocrx_word' id='word_1_560' title='bbox 1404 4252 1683 4321; x_wconf 82' lang='lat' dir='ltr'><strong>imponere</strong></span> <span class='ocrx_word' id='word_1_561' title='bbox 1707 4252 1728 4304; x_wconf 77' lang='lat' dir='ltr'><strong>‘i</strong></span> <span class='ocrx_word' id='word_1_562' title='bbox 1756 4250 2044 4305; x_wconf 84' lang='lat' dir='ltr'><strong>Enimvero</strong></span> 
     </span>
    </p>
   </div>
   <div class='ocr_carea' id='block_1_77' title="bbox 477 4341 2043 4408">
    <p class='ocr_par' dir='ltr' id='par_1_77' title="bbox 477 4341 2043 4408">
     <span class='ocr_line' id='line_1_77' title="bbox 477 4341 2043 4408; baseline -0.003 -12"><span class='ocrx_word' id='word_1_563' title='bbox 477 4344 521 4396; x_wconf 88' lang='lat' dir='ltr'><strong>si</strong></span> <span class='ocrx_word' id='word_1_564' title='bbox 551 4341 713 4397; x_wconf 85' lang='lat' dir='ltr'><strong>Verbi</strong></span> <span class='ocrx_word' id='word_1_565' title='bbox 740 4342 1043 4397; x_wconf 88' lang='lat' dir='ltr'><strong>incarnatio</strong></span> <span class='ocrx_word' id='word_1_566' title='bbox 1067 4342 1256 4395; x_wconf 85' lang='lat' dir='ltr'><strong>umbra</strong></span> <span class='ocrx_word' id='word_1_567' title='bbox 1287 4351 1389 4408; x_wconf 89' lang='lat' dir='ltr'><strong>est,</strong></span> <span class='ocrx_word' id='word_1_568' title='bbox 1418 4351 1511 4395; x_wconf 89' lang='lat' dir='ltr'><strong>aut</strong></span> <span class='ocrx_word' id='word_1_569' title='bbox 1547 4356 1633 4395; x_wconf 89' lang='lat' dir='ltr'><strong>res</strong></span> <span class='ocrx_word' id='word_1_570' title='bbox 1666 4350 1870 4395; x_wconf 87' lang='lat' dir='ltr'><strong>tantum</strong></span> <span class='ocrx_word' id='word_1_571' title='bbox 1905 4342 2043 4392; x_wconf 84' lang='lat' dir='ltr'><strong>ima-</strong></span> 
     </span>
    </p>
   </div>
   <div class='ocr_carea' id='block_1_78' title="bbox 477 4429 2041 4517">
    <p class='ocr_par' dir='ltr' id='par_1_78' title="bbox 477 4429 2041 4517">
     <span class='ocr_line' id='line_1_78' title="bbox 477 4429 2041 4517; baseline -0.001 -31"><span class='ocrx_word' id='word_1_572' title='bbox 477 4434 704 4503; x_wconf 72' lang='lat' dir='ltr'><strong>ginaria,</strong></span> <span class='ocrx_word' id='word_1_573' title='bbox 734 4448 835 4489; x_wconf 89' lang='lat' dir='ltr'><strong>nec</strong></span> <span class='ocrx_word' id='word_1_574' title='bbox 858 4433 1022 4500; x_wconf 69' lang='lat' dir='ltr'><strong>Virgo</strong></span> <span class='ocrx_word' id='word_1_575' title='bbox 1053 4447 1182 4517; x_wconf 76' lang='lat' dir='ltr'><strong>vere</strong></span> <span class='ocrx_word' id='word_1_576' title='bbox 1207 4434 1366 4487; x_wconf 86' lang='lat' dir='ltr'><strong>enixa</strong></span> <span class='ocrx_word' id='word_1_577' title='bbox 1391 4441 1498 4495; x_wconf 93' lang='lat' dir='ltr'><strong>est,</strong></span> <span class='ocrx_word' id='word_1_578' title='bbox 1536 4447 1665 4502; x_wconf 75' lang='lat' dir='ltr'><strong>ergo</strong></span> <span class='ocrx_word' id='word_1_579' title='bbox 1709 4447 1881 4501; x_wconf 83' lang='lat' dir='ltr'><strong>neque</strong></span> <span class='ocrx_word' id='word_1_580' title='bbox 1903 4429 2041 4486; x_wconf 86' lang='lat' dir='ltr'><strong>Ver-</strong></span> 
     </span>
    </p>
   </div>
   <div class='ocr_carea' id='block_1_79' title="bbox 2148 3240 3725 3320">
    <p class='ocr_par' dir='ltr' id='par_1_79' title="bbox 2148 3240 3725 3320">
     <span class='ocr_line' id='line_1_79' title="bbox 2148 3240 3725 3320; baseline -0.009 -15"><span class='ocrx_word' id='word_1_581' title='bbox 2148 3253 2261 3314; x_wconf 80' lang='grc' dir='ltr'>τοῖς</span> <span class='ocrx_word' id='word_1_582' title='bbox 2290 3249 2515 3320; x_wconf 84' lang='grc' dir='ltr'>ποιμέσι</span> <span class='ocrx_word' id='word_1_583' title='bbox 2548 3246 3053 3319; x_wconf 86' lang='grc' dir='ltr'>κατασημαίνοντες</span> <span class='ocrx_word' id='word_1_584' title='bbox 3075 3245 3181 3315; x_wconf 36' lang='grc' dir='ltr'>τὸν.</span> <span class='ocrx_word' id='word_1_585' title='bbox 3199 3244 3266 3297; x_wconf 72' lang='grc' dir='ltr'>δι’</span> <span class='ocrx_word' id='word_1_586' title='bbox 3288 3243 3437 3314; x_wconf 76' lang='grc' dir='ltr'>ἡμᾶς</span> <span class='ocrx_word' id='word_1_587' title='bbox 3465 3242 3524 3293; x_wconf 77' lang='grc' dir='ltr'>ὲν</span> <span class='ocrx_word' id='word_1_588' title='bbox 3559 3240 3725 3310; x_wconf 74' lang='grc' dir='ltr'>σαρκὶ</span> 
     </span>
    </p>
   </div>
   <div class='ocr_carea' id='block_1_80' title="bbox 2147 3332 3723 3406">
    <p class='ocr_par' dir='ltr' id='par_1_80' title="bbox 2147 3332 3723 3406">
     <span class='ocr_line' id='line_1_80' title="bbox 2147 3332 3723 3406; baseline -0.007 -14"><span class='ocrx_word' id='word_1_589' title='bbox 2147 3339 2279 3393; x_wconf 87' lang='grc' dir='ltr'>Θεὸν</span> <span class='ocrx_word' id='word_1_590' title='bbox 2301 3338 2494 3406; x_wconf 84' lang='grc' dir='ltr'>Λόγον,</span> <span class='ocrx_word' id='word_1_591' title='bbox 2539 3356 2558 3388; x_wconf 88' lang='grc' dir='ltr'><strong>ι</strong></span> <span class='ocrx_word' id='word_1_592' title='bbox 2595 3336 2727 3392; x_wconf 83' lang='grc' dir='ltr'>Ἰδοὺ</span> <span class='ocrx_word' id='word_1_593' title='bbox 2759 3337 2843 3406; x_wconf 87' lang='grc' dir='ltr'><strong>δὴ,</strong></span> <span class='ocrx_word' id='word_1_594' title='bbox 2872 3336 3056 3405; x_wconf 70' lang='grc' dir='ltr'>φασὶν,</span> <span class='ocrx_word' id='word_1_595' title='bbox 3092 3332 3359 3404; x_wconf 76' lang='grc' dir='ltr'>ἐγεννήθη</span> <span class='ocrx_word' id='word_1_596' title='bbox 3394 3332 3524 3401; x_wconf 84' lang='grc' dir='ltr'>ὑμῖν</span> <span class='ocrx_word' id='word_1_597' title='bbox 3558 3335 3723 3399; x_wconf 77' lang='grc' dir='ltr'>σημε-</span> 
     </span>
    </p>
   </div>
   <div class='ocr_carea' id='block_1_81' title="bbox 2150 3414 3721 3499">
    <p class='ocr_par' dir='ltr' id='par_1_81' title="bbox 2150 3414 3721 3499">
     <span class='ocr_line' id='line_1_81' title="bbox 2150 3414 3721 3499; baseline -0.007 -18"><span class='ocrx_word' id='word_1_598' title='bbox 2150 3444 2243 3499; x_wconf 90' lang='grc' dir='ltr'><strong>ρον</strong></span> <span class='ocrx_word' id='word_1_599' title='bbox 2277 3427 2490 3497; x_wconf 78' lang='grc' dir='ltr'>Σωτὴρ,</span> <span class='ocrx_word' id='word_1_600' title='bbox 2516 3424 2574 3489; x_wconf 83' lang='grc' dir='ltr'>ὃς</span> <span class='ocrx_word' id='word_1_601' title='bbox 2608 3426 2726 3478; x_wconf 73' lang='grc' dir='ltr'>ἐστι</span> <span class='ocrx_word' id='word_1_602' title='bbox 2754 3423 2990 3494; x_wconf 76' lang='grc' dir='ltr'>Χριστὸς</span> <span class='ocrx_word' id='word_1_603' title='bbox 3015 3421 3240 3493; x_wconf 81' lang='grc' dir='ltr'>Κύριος,</span> <span class='ocrx_word' id='word_1_604' title='bbox 3270 3421 3331 3473; x_wconf 85' lang='grc' dir='ltr'>ὲν</span> <span class='ocrx_word' id='word_1_605' title='bbox 3355 3419 3510 3472; x_wconf 73' lang='grc' dir='ltr'>πόλει</span> <span class='ocrx_word' id='word_1_606' title='bbox 3538 3414 3721 3471; x_wconf 74' lang='grc' dir='ltr'>Δαυῐδ.</span> 
     </span>
    </p>
   </div>
   <div class='ocr_carea' id='block_1_82' title="bbox 2149 3511 3718 3588">
    <p class='ocr_par' dir='ltr' id='par_1_82' title="bbox 2149 3511 3718 3588">
     <span class='ocr_line' id='line_1_82' title="bbox 2149 3511 3718 3588; baseline -0.007 -16"><span class='ocrx_word' id='word_1_607' title='bbox 2149 3520 2257 3573; x_wconf 67' lang='grc' dir='ltr'><strong>Καὶ</strong></span> <span class='ocrx_word' id='word_1_608' title='bbox 2274 3517 2433 3571; x_wconf 88' lang='grc' dir='ltr'>τοῦτο</span> <span class='ocrx_word' id='word_1_609' title='bbox 2450 3517 2579 3588; x_wconf 82' lang='grc' dir='ltr'>ὑμῖν</span> <span class='ocrx_word' id='word_1_610' title='bbox 2601 3516 2663 3569; x_wconf 81' lang='grc' dir='ltr'>τὸ</span> <span class='ocrx_word' id='word_1_611' title='bbox 2691 3518 2918 3587; x_wconf 82' lang='grc' dir='ltr'>σημεῖον</span> <span class='ocrx_word' id='word_1_612' title='bbox 2938 3532 2951 3545; x_wconf 93' lang='grc'><strong>·</strong></span> <span class='ocrx_word' id='word_1_613' title='bbox 2984 3513 3265 3586; x_wconf 83' lang='grc' dir='ltr'>Εὐρήσετε</span> <span class='ocrx_word' id='word_1_614' title='bbox 3289 3511 3496 3582; x_wconf 78' lang='grc' dir='ltr'>βρέφος</span> <span class='ocrx_word' id='word_1_615' title='bbox 3515 3513 3718 3579; x_wconf 67' lang='grc' dir='ltr'>ἔσπαρ-</span> 
     </span>
    </p>
   </div>
   <div class='ocr_carea' id='block_1_83' title="bbox 2146 3598 3711 3680">
    <p class='ocr_par' dir='ltr' id='par_1_83' title="bbox 2146 3598 3711 3680">
     <span class='ocr_line' id='line_1_83' title="bbox 2146 3598 3711 3680; baseline -0.008 -16"><span class='ocrx_word' id='word_1_616' title='bbox 2146 3608 2486 3680; x_wconf 84' lang='grc' dir='ltr'>γανωμένον,</span> <span class='ocrx_word' id='word_1_617' title='bbox 2534 3608 2629 3662; x_wconf 71' lang='grc' dir='ltr'>καὶ</span> <span class='ocrx_word' id='word_1_618' title='bbox 2662 3606 2916 3678; x_wconf 87' lang='grc' dir='ltr'>κείμενον</span> <span class='ocrx_word' id='word_1_619' title='bbox 2959 3607 3016 3658; x_wconf 83' lang='grc' dir='ltr'>ὲν</span> <span class='ocrx_word' id='word_1_620' title='bbox 3057 3605 3255 3676; x_wconf 78' lang='grc' dir='ltr'>φάτνῃ.</span> <span class='ocrx_word' id='word_1_621' title='bbox 3293 3621 3313 3655; x_wconf 73' lang='grc' dir='ltr'>ι</span> <span class='ocrx_word' id='word_1_622' title='bbox 3362 3602 3428 3655; x_wconf 74' lang='lat' dir='ltr'><strong>Ei</strong></span> <span class='ocrx_word' id='word_1_623' title='bbox 3477 3599 3619 3653; x_wconf 84' lang='grc' dir='ltr'>Θεοῦ</span> <span class='ocrx_word' id='word_1_624' title='bbox 3663 3598 3711 3650; x_wconf 60' lang='grc' dir='ltr'><strong>ἃ</strong></span> 
     </span>
    </p>
   </div>
   <div class='ocr_carea' id='block_1_84' title="bbox 2145 3687 3717 3771">
    <p class='ocr_par' dir='ltr' id='par_1_84' title="bbox 2145 3687 3717 3771">
     <span class='ocr_line' id='line_1_84' title="bbox 2145 3687 3717 3771; baseline -0.009 -17"><span class='ocrx_word' id='word_1_625' title='bbox 2145 3701 2304 3762; x_wconf 82' lang='grc' dir='ltr'>τόκος</span> <span class='ocrx_word' id='word_1_626' title='bbox 2331 3697 2419 3752; x_wconf 82' lang='grc' dir='ltr'><strong>διὰ</strong></span> <span class='ocrx_word' id='word_1_627' title='bbox 2448 3697 2743 3771; x_wconf 86' lang='grc' dir='ltr'>παρθένου,</span> <span class='ocrx_word' id='word_1_628' title='bbox 2782 3696 2880 3751; x_wconf 75' lang='grc' dir='ltr'>καὶ</span> <span class='ocrx_word' id='word_1_629' title='bbox 2907 3696 3216 3766; x_wconf 78' lang='grc' dir='ltr'>φανέρωσις</span> <span class='ocrx_word' id='word_1_630' title='bbox 3251 3693 3313 3746; x_wconf 77' lang='grc' dir='ltr'>ὲν</span> <span class='ocrx_word' id='word_1_631' title='bbox 3364 3690 3553 3762; x_wconf 75' lang='grc' dir='ltr'>σαρκὶ,</span> <span class='ocrx_word' id='word_1_632' title='bbox 3612 3687 3717 3748; x_wconf 64' lang='grc' dir='ltr'>ταὶς</span> 
     </span>
    </p>
   </div>
   <div class='ocr_carea' id='block_1_85' title="bbox 2145 3776 3720 3862">
    <p class='ocr_par' dir='ltr' id='par_1_85' title="bbox 2145 3776 3720 3862">
     <span class='ocr_line' id='line_1_85' title="bbox 2145 3776 3720 3862; baseline -0.009 -16"><span class='ocrx_word' id='word_1_633' title='bbox 2145 3793 2246 3846; x_wconf 80' lang='grc' dir='ltr'>οὐκ</span> <span class='ocrx_word' id='word_1_634' title='bbox 2283 3790 2519 3862; x_wconf 84' lang='grc' dir='ltr'>ἀδρανὴς</span> <span class='ocrx_word' id='word_1_635' title='bbox 2572 3787 2945 3860; x_wconf 78' lang='grc' dir='ltr'>είκαιομυθία,</span> <span class='ocrx_word' id='word_1_636' title='bbox 2995 3787 3115 3850; x_wconf 85' lang='grc' dir='ltr'><strong>πῶς</strong></span> <span class='ocrx_word' id='word_1_637' title='bbox 3164 3777 3222 3838; x_wconf 81' lang='grc' dir='ltr'>δὲ</span> <span class='ocrx_word' id='word_1_638' title='bbox 3254 3776 3377 3855; x_wconf 74' lang='grc' dir='ltr'><strong>οὖχὶ</strong></span> <span class='ocrx_word' id='word_1_639' title='bbox 3414 3780 3588 3855; x_wconf 81' lang='grc' dir='ltr'>μανία</span> <span class='ocrx_word' id='word_1_640' title='bbox 3633 3778 3720 3833; x_wconf 68' lang='grc' dir='ltr'>καὶ</span> 
     </span>
    </p>
   </div>
   <div class='ocr_carea' id='block_1_86' title="bbox 2144 3867 3716 3952">
    <p class='ocr_par' dir='ltr' id='par_1_86' title="bbox 2144 3867 3716 3952">
     <span class='ocr_line' id='line_1_86' title="bbox 2144 3867 3716 3952; baseline -0.009 -19"><span class='ocrx_word' id='word_1_641' title='bbox 2144 3880 2329 3952; x_wconf 82' lang='grc' dir='ltr'>λῆρος,</span> <span class='ocrx_word' id='word_1_642' title='bbox 2357 3878 2420 3932; x_wconf 79' lang='grc' dir='ltr'>τὸ</span> <span class='ocrx_word' id='word_1_643' title='bbox 2462 3880 2561 3948; x_wconf 84' lang='grc' dir='ltr'><strong>τῆς</strong></span> <span class='ocrx_word' id='word_1_644' title='bbox 2587 3878 2861 3949; x_wconf 84' lang='grc' dir='ltr'>δοκήσεως</span> <span class='ocrx_word' id='word_1_645' title='bbox 2884 3877 3057 3945; x_wconf 75' lang='grc' dir='ltr'>ὄνομα</span> <span class='ocrx_word' id='word_1_646' title='bbox 3099 3874 3201 3944; x_wconf 84' lang='grc' dir='ltr'>τῆς</span> <span class='ocrx_word' id='word_1_647' title='bbox 3233 3871 3380 3926; x_wconf 73' lang='grc' dir='ltr'>οὕτω</span> <span class='ocrx_word' id='word_1_648' title='bbox 3415 3867 3626 3938; x_wconf 84' lang='grc' dir='ltr'>σαφοῦς</span> <span class='ocrx_word' id='word_1_649' title='bbox 3658 3882 3716 3919; x_wconf 79' lang='grc' dir='ltr'><strong>τε</strong></span> 
     </span>
    </p>
   </div>
   <div class='ocr_carea' id='block_1_87' title="bbox 2146 3958 3716 4042">
    <p class='ocr_par' dir='ltr' id='par_1_87' title="bbox 2146 3958 3716 4042">
     <span class='ocr_line' id='line_1_87' title="bbox 2146 3958 3716 4042; baseline -0.01 -16"><span class='ocrx_word' id='word_1_650' title='bbox 2146 3973 2240 4026; x_wconf 70' lang='lat' dir='ltr'><strong>aceti.</strong></span> <span class='ocrx_word' id='word_1_651' title='bbox 2273 3969 2536 4042; x_wconf 75' lang='grc' dir='ltr'>ἐναργοῦς</span> <span class='ocrx_word' id='word_1_652' title='bbox 2562 3966 2937 4039; x_wconf 81' lang='grc' dir='ltr'>καταγράφειν</span> <span class='ocrx_word' id='word_1_653' title='bbox 2968 3964 3322 4036; x_wconf 77' lang='grc' dir='ltr'>οἰκονομίαςς</span> <span class='ocrx_word' id='word_1_654' title='bbox 3365 3964 3431 4017; x_wconf 79' lang='lat' dir='ltr'><strong>El</strong></span> <span class='ocrx_word' id='word_1_655' title='bbox 3459 3962 3569 4032; x_wconf 78' lang='grc' dir='ltr'>γὰρ</span> <span class='ocrx_word' id='word_1_656' title='bbox 3599 3958 3716 4012; x_wconf 64' lang='lat' dir='ltr'><strong>ad</strong></span> 
     </span>
    </p>
   </div>
   <div class='ocr_carea' id='block_1_88' title="bbox 2146 4047 3714 4132">
    <p class='ocr_par' dir='ltr' id='par_1_88' title="bbox 2146 4047 3714 4132">
     <span class='ocr_line' id='line_1_88' title="bbox 2146 4047 3714 4132; baseline -0.012 -14"><span class='ocrx_word' id='word_1_657' title='bbox 2146 4065 2241 4119; x_wconf 74' lang='grc' dir='ltr'>καὶ</span> <span class='ocrx_word' id='word_1_658' title='bbox 2287 4062 2510 4131; x_wconf 87' lang='grc' dir='ltr'>δόκησις</span> <span class='ocrx_word' id='word_1_659' title='bbox 2568 4057 2657 4132; x_wconf 80' lang='grc' dir='ltr'>ἦν,</span> <span class='ocrx_word' id='word_1_660' title='bbox 2698 4059 2793 4114; x_wconf 66' lang='grc' dir='ltr'>καὶ</span> <span class='ocrx_word' id='word_1_661' title='bbox 2838 4047 2963 4112; x_wconf 74' lang='grc' dir='ltr'>οῦτε</span> <span class='ocrx_word' id='word_1_662' title='bbox 2997 4053 3274 4129; x_wconf 81' lang='grc' dir='ltr'>σάρκωσις</span> <span class='ocrx_word' id='word_1_663' title='bbox 3328 4052 3571 4124; x_wconf 82' lang='grc' dir='ltr'>ἀληθῶς,</span> <span class='ocrx_word' id='word_1_664' title='bbox 3599 4047 3714 4102; x_wconf 66' lang='grc' dir='ltr'>οὔτε</span> 
     </span>
    </p>
   </div>
   <div class='ocr_carea' id='block_1_89' title="bbox 2148 4142 3716 4225">
    <p class='ocr_par' dir='ltr' id='par_1_89' title="bbox 2148 4142 3716 4225">
     <span class='ocr_line' id='line_1_89' title="bbox 2148 4142 3716 4225; baseline -0.01 -17"><span class='ocrx_word' id='word_1_665' title='bbox 2148 4155 2256 4225; x_wconf 80' lang='grc' dir='ltr'><strong>μὴν</strong></span> <span class='ocrx_word' id='word_1_666' title='bbox 2284 4154 2506 4207; x_wconf 87' lang='grc' dir='ltr'>τέτοκεν</span> <span class='ocrx_word' id='word_1_667' title='bbox 2530 4152 2565 4224; x_wconf 79' lang='grc' dir='ltr'><strong>ἡ</strong></span> <span class='ocrx_word' id='word_1_668' title='bbox 2616 4149 2915 4221; x_wconf 86' lang='grc' dir='ltr'>Παρθένος,</span> <span class='ocrx_word' id='word_1_669' title='bbox 2948 4146 3050 4201; x_wconf 75' lang='grc' dir='ltr'>οὐκ</span> <span class='ocrx_word' id='word_1_670' title='bbox 3079 4142 3378 4200; x_wconf 76' lang='grc' dir='ltr'>ἐπελάϐετο</span> <span class='ocrx_word' id='word_1_671' title='bbox 3410 4142 3716 4213; x_wconf 71' lang='grc' dir='ltr'>σπέρματος</span> 
     </span>
    </p>
   </div>
   <div class='ocr_carea' id='block_1_90' title="bbox 2158 4232 3714 4317">
    <p class='ocr_par' dir='ltr' id='par_1_90' title="bbox 2158 4232 3714 4317">
     <span class='ocr_line' id='line_1_90' title="bbox 2158 4232 3714 4317; baseline -0.004 -19"><span class='ocrx_word' id='word_1_672' title='bbox 2158 4245 2410 4317; x_wconf 78' lang='grc' dir='ltr'>Ἀϐραὰμ</span> <span class='ocrx_word' id='word_1_673' title='bbox 2429 4247 2457 4299; x_wconf 87' lang='grc' dir='ltr'>ὁ</span> <span class='ocrx_word' id='word_1_674' title='bbox 2481 4247 2545 4298; x_wconf 83' lang='grc' dir='ltr'>ὲκ</span> <span class='ocrx_word' id='word_1_675' title='bbox 2571 4232 2706 4297; x_wconf 84' lang='grc' dir='ltr'>Θεοῦ</span> <span class='ocrx_word' id='word_1_676' title='bbox 2732 4241 2945 4313; x_wconf 82' lang='grc' dir='ltr'>Πατρδς</span> <span class='ocrx_word' id='word_1_677' title='bbox 2971 4239 3164 4308; x_wconf 88' lang='grc' dir='ltr'>Λόγος,</span> <span class='ocrx_word' id='word_1_678' title='bbox 3194 4237 3294 4308; x_wconf 76' lang='grc' dir='ltr'>οὐχ</span> <span class='ocrx_word' id='word_1_679' title='bbox 3320 4233 3585 4305; x_wconf 79' lang='grc' dir='ltr'>ὡμοιώθη</span> <span class='ocrx_word' id='word_1_680' title='bbox 3610 4232 3714 4291; x_wconf 57' lang='lat' dir='ltr'><strong>rei;</strong></span> 
     </span>
    </p>
   </div>
   <div class='ocr_carea' id='block_1_91' title="bbox 2145 4319 3709 4405">
    <p class='ocr_par' dir='ltr' id='par_1_91' title="bbox 2145 4319 3709 4405">
     <span class='ocr_line' id='line_1_91' title="bbox 2145 4319 3709 4405; baseline -0.006 -15"><span class='ocrx_word' id='word_1_681' title='bbox 2145 4336 2410 4405; x_wconf 83' lang='grc' dir='ltr'>ἀδελφοῖς.</span> <span class='ocrx_word' id='word_1_682' title='bbox 2443 4335 2579 4389; x_wconf 85' lang='grc' dir='ltr'>Σκιὰ</span> <span class='ocrx_word' id='word_1_683' title='bbox 2599 4341 2696 4375; x_wconf 70' lang='grc'><strong>’³-³</strong></span> <span class='ocrx_word' id='word_1_684' title='bbox 2727 4332 2858 4404; x_wconf 81' lang='grc' dir='ltr'>γὰρ,</span> <span class='ocrx_word' id='word_1_685' title='bbox 2876 4332 2937 4386; x_wconf 82' lang='grc' dir='ltr'>οὐ</span> <span class='ocrx_word' id='word_1_686' title='bbox 2974 4331 3148 4395; x_wconf 86' lang='grc' dir='ltr'>τύπος</span> <span class='ocrx_word' id='word_1_687' title='bbox 3202 4329 3272 4383; x_wconf 72' lang='grc' dir='ltr'><strong>τὰ</strong></span> <span class='ocrx_word' id='word_1_688' title='bbox 3323 4327 3453 4382; x_wconf 83' lang='grc' dir='ltr'>καθ’</span> <span class='ocrx_word' id='word_1_689' title='bbox 3482 4326 3651 4396; x_wconf 78' lang='grc' dir='ltr'>ἡμᾶς.</span> <span class='ocrx_word' id='word_1_690' title='bbox 3680 4319 3709 4389; x_wconf 76' lang='grc' dir='ltr'>ἦ</span> 
     </span>
    </p>
   </div>
   <div class='ocr_carea' id='block_1_92' title="bbox 2145 4418 3709 4499">
    <p class='ocr_par' dir='ltr' id='par_1_92' title="bbox 2145 4418 3709 4499">
     <span class='ocr_line' id='line_1_92' title="bbox 2145 4418 3709 4499; baseline -0.024 3"><span class='ocrx_word' id='word_1_691' title='bbox 2145 4428 2386 4499; x_wconf 68' lang='grc' dir='ltr'>δόκησιςο</span> <span class='ocrx_word' id='word_1_692' title='bbox 2419 4418 2534 4481; x_wconf 74' lang='grc' dir='ltr'><strong>ἀλλ’</strong></span> <span class='ocrx_word' id='word_1_693' title='bbox 2560 4437 2585 4464; x_wconf 89' lang='lat'><strong>°</strong></span> <span class='ocrx_word' id='word_1_694' title='bbox 2618 4427 2786 4498; x_wconf 71' lang='grc' dir='ltr'>ἐσμὲν</span> <span class='ocrx_word' id='word_1_695' title='bbox 2800 4428 2856 4480; x_wconf 78' lang='grc' dir='ltr'>ὲν</span> <span class='ocrx_word' id='word_1_696' title='bbox 2876 4426 3124 4497; x_wconf 84' lang='grc' dir='ltr'>σώμασιν</span> <span class='ocrx_word' id='word_1_697' title='bbox 3156 4424 3351 4484; x_wconf 85' lang='grc' dir='ltr'>ἁπτοῖς</span> <span class='ocrx_word' id='word_1_698' title='bbox 3376 4436 3439 4474; x_wconf 77' lang='grc' dir='ltr'><strong>τε</strong></span> <span class='ocrx_word' id='word_1_699' title='bbox 3472 4418 3573 4471; x_wconf 74' lang='grc' dir='ltr'>καὶ</span> <span class='ocrx_word' id='word_1_700' title='bbox 3598 4418 3709 4485; x_wconf 69' lang='lat' dir='ltr'><strong>opa-</strong></span> 
     </span>
    </p>
   </div>
   <div class='ocr_carea' id='block_1_93' title="bbox 479 4514 2048 4592">
    <p class='ocr_par' dir='ltr' id='par_1_93' title="bbox 479 4514 2042 4592">
     <span class='ocr_line' id='line_1_93' title="bbox 479 4514 2042 4592; baseline 0.001 -19"><span class='ocrx_word' id='word_1_701' title='bbox 479 4523 631 4587; x_wconf 90' lang='lat' dir='ltr'><strong>bum,</strong></span> <span class='ocrx_word' id='word_1_702' title='bbox 668 4523 809 4592; x_wconf 91' lang='lat' dir='ltr'><strong>quod</strong></span> <span class='ocrx_word' id='word_1_703' title='bbox 848 4535 914 4576; x_wconf 82' lang='lat' dir='ltr'><strong>ex</strong></span> <span class='ocrx_word' id='word_1_704' title='bbox 959 4523 1069 4577; x_wconf 87' lang='lat' dir='ltr'><strong>Deo</strong></span> <span class='ocrx_word' id='word_1_705' title='bbox 1104 4514 1277 4576; x_wconf 29' lang='lat' dir='ltr'><strong>“Patre</strong></span> <span class='ocrx_word' id='word_1_706' title='bbox 1309 4520 1531 4590; x_wconf 88' lang='lat' dir='ltr'><strong>prodiit,</strong></span> <span class='ocrx_word' id='word_1_707' title='bbox 1572 4535 1755 4576; x_wconf 89' lang='lat' dir='ltr'><strong>semen</strong></span> <span class='ocrx_word' id='word_1_708' title='bbox 1807 4521 2042 4575; x_wconf 68' lang='lat' dir='ltr'><strong>Abrahae</strong></span> 
     </span>
    </p>
   </div>
   <div class='ocr_carea' id='block_1_94' title="bbox 2152 4514 3707 4592">
    <p class='ocr_par' dir='ltr' id='par_1_94' title="bbox 2152 4514 3707 4590">
     <span class='ocr_line' id='line_1_94' title="bbox 2152 4514 3707 4590; baseline -0.006 -18"><span class='ocrx_word' id='word_1_709' title='bbox 2152 4521 2290 4583; x_wconf 82' lang='grc' dir='ltr'>τοῖς,</span> <span class='ocrx_word' id='word_1_710' title='bbox 2332 4519 2428 4573; x_wconf 73' lang='grc' dir='ltr'>καὶ</span> <span class='ocrx_word' id='word_1_711' title='bbox 2467 4518 2566 4590; x_wconf 86' lang='grc' dir='ltr'>τὴν</span> <span class='ocrx_word' id='word_1_712' title='bbox 2613 4519 2818 4589; x_wconf 85' lang='grc' dir='ltr'>γηγενῆ</span> <span class='ocrx_word' id='word_1_713' title='bbox 2856 4517 2920 4586; x_wconf 88' lang='grc' dir='ltr'>δὴ</span> <span class='ocrx_word' id='word_1_714' title='bbox 2970 4514 3174 4585; x_wconf 78' lang='grc' dir='ltr'>ταύτην</span> <span class='ocrx_word' id='word_1_715' title='bbox 3216 4514 3397 4584; x_wconf 84' lang='grc' dir='ltr'>σάρκα</span> <span class='ocrx_word' id='word_1_716' title='bbox 3441 4524 3707 4580; x_wconf 67' lang='grc' dir='ltr'>κατημφι-</span> 
     </span>
    </p>
   </div>
   <div class='ocr_carea' id='block_1_95' title="bbox 475 4608 2035 4683">
    <p class='ocr_par' dir='ltr' id='par_1_95' title="bbox 475 4608 2035 4683">
     <span class='ocr_line' id='line_1_95' title="bbox 475 4608 2035 4683; baseline 0 -19"><span class='ocrx_word' id='word_1_717' title='bbox 475 4612 874 4678; x_wconf 77' lang='lat' dir='ltr'><strong>apprehendit,</strong></span> <span class='ocrx_word' id='word_1_718' title='bbox 930 4626 1108 4681; x_wconf 90' lang='lat' dir='ltr'><strong>neque</strong></span> <span class='ocrx_word' id='word_1_719' title='bbox 1152 4608 1412 4666; x_wconf 77' lang='lat' dir='ltr'><strong>fratribus</strong></span> <span class='ocrx_word' id='word_1_720' title='bbox 1450 4609 1937 4683; x_wconf 87' lang='lat' dir='ltr'><strong>assimilatumest</strong></span> <span class='ocrx_word' id='word_1_721' title='bbox 1967 4611 2035 4663; x_wconf 69' lang='grc' dir='ltr'><strong>ιο.</strong></span> 
     </span>
    </p>
   </div>
   <div class='ocr_carea' id='block_1_96' title="bbox 2144 4604 3425 4682">
    <p class='ocr_par' dir='ltr' id='par_1_96' title="bbox 2144 4604 3425 4682">
     <span class='ocr_line' id='line_1_96' title="bbox 2144 4604 3425 4682; baseline -0.005 -18"><span class='ocrx_word' id='word_1_722' title='bbox 2144 4611 2380 4682; x_wconf 86' lang='grc' dir='ltr'>εσμένοι,</span> <span class='ocrx_word' id='word_1_723' title='bbox 2412 4610 2507 4664; x_wconf 71' lang='grc' dir='ltr'>καὶ</span> <span class='ocrx_word' id='word_1_724' title='bbox 2532 4608 2735 4680; x_wconf 83' lang='grc' dir='ltr'>φθορᾶς</span> <span class='ocrx_word' id='word_1_725' title='bbox 2766 4609 2859 4662; x_wconf 72' lang='grc' dir='ltr'>καὶ</span> <span class='ocrx_word' id='word_1_726' title='bbox 2889 4604 3075 4663; x_wconf 80' lang='grc' dir='ltr'>παθῶν</span> <span class='ocrx_word' id='word_1_727' title='bbox 3108 4604 3425 4677; x_wconf 78' lang='grc' dir='ltr'>ἡττώμεθα.</span> 
     </span>
    </p>
   </div>
   <div class='ocr_carea' id='block_1_97' title="bbox 477 4696 3698 4774">
    <p class='ocr_par' dir='ltr' id='par_1_97' title="bbox 477 4696 3698 4774">
     <span class='ocr_line' id='line_1_97' title="bbox 477 4696 3698 4774; baseline -0.002 -19"><span class='ocrx_word' id='word_1_728' title='bbox 477 4704 685 4758; x_wconf 75' lang='lat' dir='ltr'><strong>Etenim</strong></span> <span class='ocrx_word' id='word_1_729' title='bbox 716 4713 834 4772; x_wconf 66' lang='lat' dir='ltr'><strong>quae</strong></span> <span class='ocrx_word' id='word_1_730' title='bbox 859 4706 911 4759; x_wconf 91' lang='lat' dir='ltr'><strong>in</strong></span> <span class='ocrx_word' id='word_1_731' title='bbox 941 4707 1093 4761; x_wconf 89' lang='lat' dir='ltr'><strong>nobis</strong></span> <span class='ocrx_word' id='word_1_732' title='bbox 1122 4716 1436 4771; x_wconf 87' lang='lat' dir='ltr'><strong>cernuntur,</strong></span> <span class='ocrx_word' id='word_1_733' title='bbox 1470 4714 1531 4758; x_wconf 87' lang='lat' dir='ltr'><strong>ea</strong></span> <span class='ocrx_word' id='word_1_734' title='bbox 1571 4717 1672 4757; x_wconf 91' lang='lat' dir='ltr'><strong>nec</strong></span> <span class='ocrx_word' id='word_1_735' title='bbox 1713 4713 1887 4774; x_wconf 81' lang='lat' dir='ltr'><strong>typus.</strong></span> <span class='ocrx_word' id='word_1_736' title='bbox 1924 4718 2022 4758; x_wconf 89' lang='lat' dir='ltr'><strong>nec</strong></span> <span class='ocrx_word' id='word_1_737' title='bbox 2062 4707 2272 4771; x_wconf 89' lang='lat' dir='ltr'><strong>umbra,</strong></span> <span class='ocrx_word' id='word_1_738' title='bbox 2308 4719 2406 4759; x_wconf 90' lang='lat' dir='ltr'><strong>nec</strong></span> <span class='ocrx_word' id='word_1_739' title='bbox 2462 4712 2732 4773; x_wconf 88' lang='lat' dir='ltr'><strong>spectrum</strong></span> <span class='ocrx_word' id='word_1_740' title='bbox 2779 4711 2924 4768; x_wconf 89' lang='lat' dir='ltr'><strong>sunt,</strong></span> <span class='ocrx_word' id='word_1_741' title='bbox 2991 4701 3085 4756; x_wconf 90' lang='lat' dir='ltr'><strong>sed</strong></span> <span class='ocrx_word' id='word_1_742' title='bbox 3120 4699 3343 4761; x_wconf 86' lang='lat' dir='ltr'><strong>veritas,</strong></span> <span class='ocrx_word' id='word_1_743' title='bbox 3376 4706 3431 4752; x_wconf 88' lang='lat' dir='ltr'><strong>et</strong></span> <span class='ocrx_word' id='word_1_744' title='bbox 3463 4712 3552 4751; x_wconf 88' lang='lat' dir='ltr'><strong>res</strong></span> <span class='ocrx_word' id='word_1_745' title='bbox 3584 4696 3698 4761; x_wconf 76' lang='lat' dir='ltr'><strong>ipsa.</strong></span> 
     </span>
    </p>
   </div>
   <div class='ocr_carea' id='block_1_98' title="bbox 483 4785 3701 4867">
    <p class='ocr_par' dir='ltr' id='par_1_98' title="bbox 483 4785 3701 4867">
     <span class='ocr_line' id='line_1_98' title="bbox 483 4785 3701 4867; baseline -0.004 -19"><span class='ocrx_word' id='word_1_746' title='bbox 483 4796 724 4850; x_wconf 82' lang='lat' dir='ltr'><strong>Vivimus</strong></span> <span class='ocrx_word' id='word_1_747' title='bbox 766 4812 997 4867; x_wconf 84' lang='lat' dir='ltr'><strong>namque</strong></span> <span class='ocrx_word' id='word_1_748' title='bbox 1039 4799 1091 4852; x_wconf 92' lang='lat' dir='ltr'><strong>in</strong></span> <span class='ocrx_word' id='word_1_749' title='bbox 1133 4798 1450 4865; x_wconf 73' lang='lat' dir='ltr'><strong>Corporibus</strong></span> <span class='ocrx_word' id='word_1_750' title='bbox 1478 4836 1493 4861; x_wconf 95' lang='lat'><strong>,</strong></span> <span class='ocrx_word' id='word_1_751' title='bbox 1536 4811 1656 4866; x_wconf 77' lang='lat' dir='ltr'><strong>qua:</strong></span> <span class='ocrx_word' id='word_1_752' title='bbox 1693 4805 1750 4850; x_wconf 91' lang='lat' dir='ltr'><strong>et</strong></span> <span class='ocrx_word' id='word_1_753' title='bbox 1799 4796 1939 4866; x_wconf 73' lang='lat' dir='ltr'><strong>tangi</strong></span> <span class='ocrx_word' id='word_1_754' title='bbox 1988 4805 2042 4851; x_wconf 91' lang='lat' dir='ltr'><strong>et</strong></span> <span class='ocrx_word' id='word_1_755' title='bbox 2081 4797 2248 4851; x_wconf 88' lang='lat' dir='ltr'><strong>videri</strong></span> <span class='ocrx_word' id='word_1_756' title='bbox 2321 4806 2577 4867; x_wconf 85' lang='lat' dir='ltr'><strong>possunt;</strong></span> <span class='ocrx_word' id='word_1_757' title='bbox 2620 4804 2942 4864; x_wconf 86' lang='lat' dir='ltr'><strong>terrenaque</strong></span> <span class='ocrx_word' id='word_1_758' title='bbox 3008 4807 3174 4849; x_wconf 86' lang='lat' dir='ltr'><strong>carne</strong></span> <span class='ocrx_word' id='word_1_759' title='bbox 3229 4790 3436 4853; x_wconf 77' lang='lat' dir='ltr'><strong>vestiti,</strong></span> <span class='ocrx_word' id='word_1_760' title='bbox 3482 4785 3701 4842; x_wconf 79' lang='lat' dir='ltr'><strong>interimi</strong></span> 
     </span>
    </p>
   </div>
   <div class='ocr_carea' id='block_1_99' title="bbox 486 4886 1672 4959">
    <p class='ocr_par' dir='ltr' id='par_1_99' title="bbox 486 4886 1672 4959">
     <span class='ocr_line' id='line_1_99' title="bbox 486 4886 1672 4959; baseline -0.003 -15"><span class='ocrx_word' id='word_1_761' title='bbox 486 4886 810 4957; x_wconf 61' lang='lat' dir='ltr'><strong>ueterisque</strong></span> <span class='ocrx_word' id='word_1_762' title='bbox 834 4889 1180 4957; x_wconf 79' lang='lat' dir='ltr'><strong>passionibus</strong></span> <span class='ocrx_word' id='word_1_763' title='bbox 1217 4889 1439 4959; x_wconf 84' lang='lat' dir='ltr'><strong>subjecti</strong></span> <span class='ocrx_word' id='word_1_764' title='bbox 1463 4902 1672 4943; x_wconf 88' lang='lat' dir='ltr'><strong>sumus.</strong></span> 
     </span>
    </p>
   </div>
   <div class='ocr_carea' id='block_1_100' title="bbox 548 4980 2038 5052">
    <p class='ocr_par' dir='ltr' id='par_1_100' title="bbox 548 4980 2038 5052">
     <span class='ocr_line' id='line_1_100' title="bbox 548 4980 2038 5052; baseline 0 -16"><span class='ocrx_word' id='word_1_765' title='bbox 548 4980 637 5037; x_wconf 79' lang='grc' dir='ltr'><strong>ΙΧ.</strong></span> <span class='ocrx_word' id='word_1_766' title='bbox 681 4980 846 5052; x_wconf 76' lang='lat' dir='ltr'><strong>Igitur</strong></span> <span class='ocrx_word' id='word_1_767' title='bbox 880 4983 922 5035; x_wconf 90' lang='lat' dir='ltr'><strong>si</strong></span> <span class='ocrx_word' id='word_1_768' title='bbox 959 4982 1047 5036; x_wconf 88' lang='lat' dir='ltr'><strong>Dei</strong></span> <span class='ocrx_word' id='word_1_769' title='bbox 1088 4982 1322 5037; x_wconf 89' lang='lat' dir='ltr'><strong>Verbum</strong></span> <span class='ocrx_word' id='word_1_770' title='bbox 1355 4997 1483 5037; x_wconf 89' lang='lat' dir='ltr'><strong>caro</strong></span> <span class='ocrx_word' id='word_1_771' title='bbox 1530 4983 1729 5035; x_wconf 77' lang='lat' dir='ltr'><strong>factum</strong></span> <span class='ocrx_word' id='word_1_772' title='bbox 1772 4997 1876 5036; x_wconf 92' lang='lat' dir='ltr'><strong>non</strong></span> <span class='ocrx_word' id='word_1_773' title='bbox 1913 4993 1993 5038; x_wconf 89' lang='lat' dir='ltr'><strong>est</strong></span> <span class='ocrx_word' id='word_1_774' title='bbox 2022 5022 2038 5046; x_wconf 88' lang='lat'><strong>,</strong></span> 
     </span>
    </p>
   </div>
   <div class='ocr_carea' id='block_1_101' title="bbox 475 5073 2034 5142">
    <p class='ocr_par' dir='ltr' id='par_1_101' title="bbox 475 5073 2034 5142">
     <span class='ocr_line' id='line_1_101' title="bbox 475 5073 2034 5142; baseline -0.002 -12"><span class='ocrx_word' id='word_1_775' title='bbox 475 5091 598 5130; x_wconf 83' lang='lat' dir='ltr'><strong>cum</strong></span> <span class='ocrx_word' id='word_1_776' title='bbox 650 5088 749 5129; x_wconf 89' lang='lat' dir='ltr'><strong>nec</strong></span> <span class='ocrx_word' id='word_1_777' title='bbox 778 5074 829 5128; x_wconf 92' lang='lat' dir='ltr'><strong>iu</strong></span> <span class='ocrx_word' id='word_1_778' title='bbox 874 5088 939 5128; x_wconf 88' lang='lat' dir='ltr'><strong>eo</strong></span> <span class='ocrx_word' id='word_1_779' title='bbox 967 5074 1114 5142; x_wconf 89' lang='lat' dir='ltr'><strong>quod</strong></span> <span class='ocrx_word' id='word_1_780' title='bbox 1153 5073 1430 5139; x_wconf 91' lang='lat' dir='ltr'><strong>sustinuit,</strong></span> <span class='ocrx_word' id='word_1_781' title='bbox 1485 5081 1746 5127; x_wconf 89' lang='lat' dir='ltr'><strong>tentatum</strong></span> <span class='ocrx_word' id='word_1_782' title='bbox 1782 5073 1890 5137; x_wconf 87' lang='lat' dir='ltr'><strong>sit,</strong></span> <span class='ocrx_word' id='word_1_783' title='bbox 1930 5089 2034 5127; x_wconf 88' lang='lat' dir='ltr'><strong>nou</strong></span> 
     </span>
    </p>
   </div>
   <div class='ocr_carea' id='block_1_102' title="bbox 550 5214 1804 5294">
    <p class='ocr_par' dir='ltr' id='par_1_102' title="bbox 550 5214 1804 5294">
     <span class='ocr_line' id='line_1_102' title="bbox 550 5214 1804 5294; baseline -0.004 -8"><span class='ocrx_word' id='word_1_784' title='bbox 550 5233 796 5287; x_wconf 78' lang='lat' dir='ltr'><strong>&quot;Matth.</strong></span> <span class='ocrx_word' id='word_1_785' title='bbox 839 5230 1092 5293; x_wconf 72' lang='lat' dir='ltr'><strong>xxn,29.</strong></span> <span class='ocrx_word' id='word_1_786' title='bbox 1204 5224 1245 5259; x_wconf 76' lang='grc'><strong>⁸⁸</strong></span> <span class='ocrx_word' id='word_1_787' title='bbox 1304 5229 1319 5283; x_wconf 94' lang='lat' dir='ltr'><strong>l</strong></span> <span class='ocrx_word' id='word_1_788' title='bbox 1381 5214 1522 5283; x_wconf 75' lang='lat' dir='ltr'><strong>Tim.</strong></span> <span class='ocrx_word' id='word_1_789' title='bbox 1577 5245 1659 5294; x_wconf 89' lang='grc' dir='ltr'>ιιι,</span> <span class='ocrx_word' id='word_1_790' title='bbox 1717 5228 1804 5282; x_wconf 79' lang='lat' dir='ltr'><strong>l6.</strong></span> 
     </span>
    </p>
   </div>
   <div class='ocr_carea' id='block_1_103' title="bbox 476 5301 1041 5365">
    <p class='ocr_par' dir='ltr' id='par_1_103' title="bbox 476 5301 1041 5365">
     <span class='ocr_line' id='line_1_103' title="bbox 476 5301 1041 5365; baseline -0.005 -9"><span class='ocrx_word' id='word_1_791' title='bbox 476 5302 521 5333; x_wconf 79' lang='lat'><strong>&quot;‘</strong></span> <span class='ocrx_word' id='word_1_792' title='bbox 549 5303 707 5357; x_wconf 85' lang='lat' dir='ltr'><strong>llcbr.</strong></span> <span class='ocrx_word' id='word_1_793' title='bbox 745 5319 801 5365; x_wconf 91' lang='lat' dir='ltr'><strong>ll,</strong></span> <span class='ocrx_word' id='word_1_794' title='bbox 839 5301 1041 5365; x_wconf 66' lang='lat'><strong>“$.17.</strong></span> 
     </span>
    </p>
   </div>
   <div class='ocr_carea' id='block_1_104' title="bbox 1911 5217 2535 5293">
    <p class='ocr_par' dir='ltr' id='par_1_104' title="bbox 1911 5217 2535 5293">
     <span class='ocr_line' id='line_1_104' title="bbox 1911 5217 2535 5293; baseline -0.002 -12"><span class='ocrx_word' id='word_1_795' title='bbox 1911 5217 1953 5261; x_wconf 76' lang='grc'><strong>¹⁴¹</strong></span> <span class='ocrx_word' id='word_1_796' title='bbox 1979 5225 2168 5282; x_wconf 80' lang='lat' dir='ltr'><strong>Matth.</strong></span> <span class='ocrx_word' id='word_1_797' title='bbox 2202 5243 2393 5293; x_wconf 79' lang='lat' dir='ltr'><strong>xxvnt,</strong></span> <span class='ocrx_word' id='word_1_798' title='bbox 2452 5227 2535 5281; x_wconf 85' lang='lat' dir='ltr'><strong>l9.</strong></span> 
     </span>
    </p>
   </div>
   <div class='ocr_carea' id='block_1_105' title="bbox 2220 4962 3708 5069">
    <p class='ocr_par' dir='ltr' id='par_1_105' title="bbox 2220 4962 3708 5069">
     <span class='ocr_line' id='line_1_105' title="bbox 2220 4962 3708 5069; baseline -0.005 -35"><span class='ocrx_word' id='word_1_799' title='bbox 2220 4984 2295 5035; x_wconf 78' lang='lat'><strong>8’.</strong></span> <span class='ocrx_word' id='word_1_800' title='bbox 2321 4974 2549 5069; x_wconf 42' lang='grc' dir='ltr'>,Οὐκοῦν</span> <span class='ocrx_word' id='word_1_801' title='bbox 2587 4981 2635 5032; x_wconf 82' lang='grc' dir='ltr'><strong>εἰ</strong></span> <span class='ocrx_word' id='word_1_802' title='bbox 2662 4980 2736 5051; x_wconf 86' lang='grc' dir='ltr'>μὴ</span> <span class='ocrx_word' id='word_1_803' title='bbox 2766 4981 2957 5049; x_wconf 77' lang='grc' dir='ltr'>γέγονέ</span> <span class='ocrx_word' id='word_1_804' title='bbox 2997 4971 3132 5050; x_wconf 75' lang='grc' dir='ltr'><strong>σὰρξ</strong></span> <span class='ocrx_word' id='word_1_805' title='bbox 3169 4981 3198 5032; x_wconf 86' lang='grc' dir='ltr'>ὁ</span> <span class='ocrx_word' id='word_1_806' title='bbox 3225 4974 3421 5046; x_wconf 83' lang='grc' dir='ltr'>Λόγος,</span> <span class='ocrx_word' id='word_1_807' title='bbox 3445 4975 3566 5029; x_wconf 74' lang='grc' dir='ltr'>οὐδὲ</span> <span class='ocrx_word' id='word_1_808' title='bbox 3587 4976 3641 5026; x_wconf 79' lang='grc' dir='ltr'>ἐν</span> <span class='ocrx_word' id='word_1_809' title='bbox 3664 4962 3708 5036; x_wconf 76' lang='grc' dir='ltr'>ᾧ</span> 
     </span>
    </p>
   </div>
   <div class='ocr_carea' id='block_1_106' title="bbox 2151 5064 3709 5142">
    <p class='ocr_par' dir='ltr' id='par_1_106' title="bbox 2151 5064 3709 5142">
     <span class='ocr_line' id='line_1_106' title="bbox 2151 5064 3709 5142; baseline -0.006 -14"><span class='ocrx_word' id='word_1_810' title='bbox 2151 5064 2416 5128; x_wconf 83' lang='grc' dir='ltr'>πέπονθεν</span> <span class='ocrx_word' id='word_1_811' title='bbox 2465 5071 2626 5134; x_wconf 80' lang='grc' dir='ltr'>αὐτὸς</span> <span class='ocrx_word' id='word_1_812' title='bbox 2674 5070 3012 5142; x_wconf 81' lang='grc' dir='ltr'>πειρασθεὶς,</span> <span class='ocrx_word' id='word_1_813' title='bbox 3047 5070 3273 5124; x_wconf 84' lang='grc' dir='ltr'>δύναται</span> <span class='ocrx_word' id='word_1_814' title='bbox 3310 5071 3425 5132; x_wconf 80' lang='grc' dir='ltr'>τοῖς</span> <span class='ocrx_word' id='word_1_815' title='bbox 3463 5064 3709 5137; x_wconf 73' lang='grc' dir='ltr'>πειραζοο</span> 
     </span>
    </p>
   </div>
   <div class='ocr_carea' id='block_1_107' title="bbox 2642 5219 3712 5291">
    <p class='ocr_par' dir='ltr' id='par_1_107' title="bbox 2642 5219 3712 5291">
     <span class='ocr_line' id='line_1_107' title="bbox 2642 5219 3712 5291; baseline -0.004 -12"><span class='ocrx_word' id='word_1_816' title='bbox 2642 5225 2685 5259; x_wconf 77' lang='grc'><strong>⁸⁸</strong></span> <span class='ocrx_word' id='word_1_817' title='bbox 2743 5225 2873 5281; x_wconf 88' lang='lat' dir='ltr'><strong>Luc.</strong></span> <span class='ocrx_word' id='word_1_818' title='bbox 2909 5224 3083 5291; x_wconf 65' lang='lat'><strong>&quot;,14.</strong></span> <span class='ocrx_word' id='word_1_819' title='bbox 3201 5224 3243 5256; x_wconf 82' lang='grc'><strong>¹⁹</strong></span> <span class='ocrx_word' id='word_1_820' title='bbox 3299 5223 3431 5278; x_wconf 82' lang='lat' dir='ltr'><strong>ibid.</strong></span> <span class='ocrx_word' id='word_1_821' title='bbox 3489 5223 3574 5287; x_wconf 77' lang='lat' dir='ltr'><strong>Il,</strong></span> <span class='ocrx_word' id='word_1_822' title='bbox 3621 5219 3712 5276; x_wconf 69' lang='grc'><strong>19-</strong></span> 
     </span>
    </p>
   </div>
   <div class='ocr_carea' id='block_1_108' title="bbox 1557 5430 2608 5511">
    <p class='ocr_par' dir='ltr' id='par_1_108' title="bbox 1557 5430 2608 5511">
     <span class='ocr_line' id='line_1_108' title="bbox 1557 5430 2608 5511; baseline 0.002 -28"><span class='ocrx_word' id='word_1_823' title='bbox 1557 5430 1728 5487; x_wconf 72' lang='lat' dir='ltr'><strong>Varia:</strong></span> <span class='ocrx_word' id='word_1_824' title='bbox 1753 5431 2009 5489; x_wconf 85' lang='lat' dir='ltr'><strong>lectiones</strong></span> <span class='ocrx_word' id='word_1_825' title='bbox 2032 5435 2233 5490; x_wconf 84' lang='lat' dir='ltr'><strong>codicis</strong></span> <span class='ocrx_word' id='word_1_826' title='bbox 2260 5433 2608 5511; x_wconf 77' lang='lat' dir='ltr'><strong>Seguieriuni.</strong></span> 
     </span>
    </p>
   </div>
   <div class='ocr_carea' id='block_1_109' title="bbox 552 5582 1450 5654">
    <p class='ocr_par' dir='ltr' id='par_1_109' title="bbox 552 5582 1450 5654">
     <span class='ocr_line' id='line_1_109' title="bbox 552 5582 1450 5654; baseline 0.001 -15"><span class='ocrx_word' id='word_1_827' title='bbox 552 5582 570 5625; x_wconf 76' lang='grc' dir='ltr'><strong><em>ι</em></strong></span> <span class='ocrx_word' id='word_1_828' title='bbox 600 5588 830 5654; x_wconf 70' lang='grc' dir='ltr'>ἑκάστῳ.</span> <span class='ocrx_word' id='word_1_829' title='bbox 907 5596 943 5621; x_wconf 75' lang='grc' dir='ltr'><strong>η’</strong></span> <span class='ocrx_word' id='word_1_830' title='bbox 976 5594 999 5620; x_wconf 78' lang='grc' dir='ltr'><strong>η</strong></span> <span class='ocrx_word' id='word_1_831' title='bbox 1033 5589 1196 5651; x_wconf 74' lang='grc' dir='ltr'>ἴσως,</span> <span class='ocrx_word' id='word_1_832' title='bbox 1220 5586 1277 5639; x_wconf 73' lang='grc' dir='ltr'>οὐ</span> <span class='ocrx_word' id='word_1_833' title='bbox 1313 5586 1450 5640; x_wconf 75' lang='grc' dir='ltr'>σκιά.</span> 
     </span>
    </p>
   </div>
   <div class='ocr_carea' id='block_1_110' title="bbox 1537 5587 2765 5667">
    <p class='ocr_par' dir='ltr' id='par_1_110' title="bbox 1537 5587 2765 5667">
     <span class='ocr_line' id='line_1_110' title="bbox 1537 5587 2765 5667; baseline 0.012 -43"><span class='ocrx_word' id='word_1_834' title='bbox 1537 5593 1560 5620; x_wconf 86' lang='lat' dir='ltr'><strong>o</strong></span> <span class='ocrx_word' id='word_1_835' title='bbox 1596 5587 1719 5640; x_wconf 77' lang='grc' dir='ltr'>σκιᾶ</span> <span class='ocrx_word' id='word_1_836' title='bbox 1749 5590 1853 5658; x_wconf 69' lang='grc' dir='ltr'>γὰρ</span> <span class='ocrx_word' id='word_1_837' title='bbox 1883 5590 1998 5644; x_wconf 66' lang='grc' dir='ltr'>οὔτι</span> <span class='ocrx_word' id='word_1_838' title='bbox 2036 5609 2136 5644; x_wconf 78' lang='grc' dir='ltr'><strong>που</strong></span> <span class='ocrx_word' id='word_1_839' title='bbox 2175 5591 2241 5644; x_wconf 74' lang='grc' dir='ltr'><strong>τὰ</strong></span> <span class='ocrx_word' id='word_1_840' title='bbox 2278 5592 2395 5644; x_wconf 81' lang='grc' dir='ltr'>καθ’</span> <span class='ocrx_word' id='word_1_841' title='bbox 2429 5592 2590 5667; x_wconf 66' lang='grc' dir='ltr'>ἡμᾶς,</span> <span class='ocrx_word' id='word_1_842' title='bbox 2630 5588 2765 5644; x_wconf 77' lang='grc' dir='ltr'><strong>ἀλλ’.</strong></span> 
     </span>
    </p>
   </div>
  </div>
