3970 6136
350 234 487 290 11-ίῦ

1308 230 1391 284 DE
1432 229 1653 286 BECTA
1697 227 1875 290 FIDE,
1921 226 2010 281 AD
2051 229 2502 287 TIIEODDSIUM
2542 230 2679 288 IMP.

3461 236 3599 293 Hi6

350 350 534 418 μένοις
561 344 849 417 βοηθῆσαιε
875 345 1007 399 Οὐδὲ
1036 345 1143 416 γὰρ
1172 344 1235 398 ἄν
1263 362 1314 398 τι
1338 346 1501 399 πάθοι
1534 346 1681 408 σκιὰ,
1708 345 1910 414 οἴχεται

2017 357 2190 415 potest
2222 348 2290 404 iis
2323 349 2412 419 qui
2442 357 2719 404 tentantur
2742 361 2901 418 opem
2930 347 3095 405 ferre.-
3132 349 3417 421 Siquitlem
3450 357 3595 411 nulla

347 439 412 508 δὴ
447 434 542 491 οὖν
575 437 635 490 τὸ
667 435 887 507 σύμπαν
923 437 1053 506 ἡμῖν
1083 436 1164 499 είς
1190 436 1250 489 τὸ
1282 437 1448 507 μηδὲν
1492 437 1728 508 ἀληθῶς.
1763 438 1921 490 Ποῖον

347 531 455 603 γὰρ
493 529 573 583 ἔτι
620 529 788 582 νῶτον
834 528 1064 581 δέδωκεν
1107 529 1246 599 ῦπέῥ
1280 530 1469 600 ἡμῶνς
1524 530 1558 601 ἢ
1602 531 1760 584 ποίαν
1808 522 1922 590 τοῖς

349 623 572 676 παίουσι
604 621 838 692 παρειὰν
872 619 1423 692 ὑποστρώσας,.προς
1448 622 1547 687 τὰς
1573 624 1637 676 ἐκ
1657 621 1761 675 τῶν
1796 623 1922 676 Ἰου-

347 713 514 766 δαίων
550 712 889 782 διεκαρτέρει
938 711 1187 781 πληγάςς
1247 712 1397 782 ἥλοις
1442 714 1499 767 δέ
1549 714 1919 784 διαπεπάρθαι

349 805 537 876 χεῖράς
563 821 621 858 τε
650 803 745 857 mil.
774 803 940 866 πόδας
959 802 1050 856 τὸν
1080 804 1178 856 οὐκ
1200 805 1257 857 ἐν
1283 805 1446 874 σαρκὶ
1472 805 1771 874 πεφηνότα,
1798 805 1919 858 τίνα

351 896 414 966 δὴ
440 896 638 967 τρόπον
665 894 871 966 οίηθείη
901 911 984 959 τις
1014 895 1113 960 ἂνξ
1165 895 1198 966 ἢ
1232 896 1412 959 ποίαν,
1444 888 1566 950 είπέ
1603 914 1716 967 μοι,
1759 897 1919 950 πλευ-

351 986 450 1055 ρὰν
494 984 871 1047 διανύττοντες
901 986 951 1038 οἱ
1010 984 1247 1040 Πιλάτου
1273 986 1583 1058 δορυφόροι,
1627 987 1688 1039 τὸ
1738 987 1916 1057 τίμιον

346 1071 483 1146 αἷμα
511 1075 913 1141 συναναόλύζον
933 1075 1087 1130 ὕδατι
1109 1079 1220 1141 τοῖς
1245 1077 1539 1148 θεωμένοις
1562 1078 1913 1149 παρέδειξαν;

346 1169 455 1223 Καὶ
494 1171 544 1223 εί
574 1169 680 1239 χρὴ
718 1169 927 1222 τούτων
959 1169 1019 1222 τὸ
1044 1169 1302 1223 ἐπέκεινα
1328 1168 1528 1237 λέγειν,
1556 1168 1680 1223 οὔτε
1712 1170 1917 1225 ἀπέθαο

343 1277 432 1313 νεν
464 1251 605 1331 ὺπέρ
637 1259 820 1331 ἡμῶν,
862 1258 987 1313 οὔτε
1028 1261 1132 1332 μὴν
1168 1262 1466 1334 ἐγήγερται
1487 1261 1514 1311 ό
1546 1262 1801 1333 Χριστός,
1840 1257 1916 1317 Ob

343 1350 780 1422 παραδεχθέντος
824 1352 905 1414 εἰς
942 1350 1220 1423 ἀλήθειαν,
1267 1351 1565 1405 κεκένωται
1609 1351 1707 1421 μὲν
1754 1353 1786 1421 ἠ
1826 1352 1915 1405 πί·
1958 1382 1967 1387 -

346 1457 485 1505 οτις,
522 1441 730 1511 οἴχεται
768 1440 825 1493 δὲ
873 1443 900 1493 ό
939 1442 1252 1513 σταυρὸς,ή
1289 1441 1383 1496 τοῦ
1431 1444 1636 1513 κόσμου
1671 1443 1915 1513 σωτηρία

347 1533 439 1584 καὶ
473 1531 611 1602 ζωὴ.
634 1533 726 1585 καὶ
754 1531 966 1601 δδόλωλε
995 1532 1274 1596 παντελῶς
1309 1533 1482 1603 ἡτῶν
1516 1536 1575 1586 ὲν
1608 1533 1787 1587 πίστει
1818 1550 1913 1586 κε-

345 1622 701 1692 κοιμημένων
724 1623 899 1688 ἐλπίς.
928 1620 1003 1678 Εὖ
1050 1624 1156 1695 γὰρ
1196 1618 1298 1678 ὧδε
1336 1625 1479 1695 ἔχειν
1508 1626 1680 1679 ἐδόκει
1718 1627 1812 1679 καὶ
1835 1624 1913 1695 τῷ

349 1711 606 1782 μακαρίῳ
646 1711 875 1783 Παύλῳ*
913 1732 932 1764 ι
962 1714 1261 1785 Παρέδωκα
1300 1715 1409 1786 γὰρ
1449 1716 1596 1787 ὑμῖν,
1631 1717 1817 1787 φησιν,
1853 1718 1912 1768 ἐν

344 1800 604 1869 πρώτοις,
651 1801 679 1854 ὃ
722 1803 816 1855 καὶ
864 1804 1192 1875 παρέλαϐον,
1234 1806 1316 1859 ὃτι
1367 1806 1600 1877 Χριστος
1641 1807 1945 1860 ἀπέθανεν

345 1892 487 1962 ὑπὲρ
520 1891 628 1944 τῶν
680 1894 965 1964 ἁμαρτιῶν
1001 1896 1158 1966 ἡμῶν
1193 1897 1331 1951 κατὰ
1380 1897 1478 1963 τὰς
1527 1900 1768 1969 Γραφὰς,
1818 1901 1913 1953 καὶ

342 1983 426 2035 ὅτι
453 1981 647 2053 ἐτάφη,
700 1984 794 2037 καὶ
844 1984 925 2037 ὅτι
975 1986 1269 2058 ἐγήγερται
1313 1991 1381 2060 τῇ
1424 1988 1607 2060 ἡμέρᾳ
1650 1991 1716 2060 τῇ
1753 1989 1910 2060 τρίτῃ

341 2075 484 2127 κατὰ
520 2074 617 2138 τὰς
650 2076 892 2146 Γμφὰς,
945 2078 1039 2131 καὶ
1083 2079 1166 2131 ὅτι
1196 2077 1350 2151 ὤφθη
1403 2082 1590 2151 Κηφᾷ,
1634 2077 1751 2133 εἶτα
1796 2085 1911 2145 τοῖς

341 2164 583 2219 δώδεκαο
620 2165 814 2220 ἔπειτα
844 2165 996 2238 ὤφθη
1039 2168 1226 2223 ἐπάνω
1260 2171 1634 2235 πεντακοσίοις
1663 2173 1912 2242 ἀδελφοῖς

341 2255 581 2324 ἐφάπαξ,
612 2259 671 2324 ἐξ
709 2253 783 2312 ῶν
820 2261 869 2312 οί
913 2259 1132 2324 πλείους
1167 2260 1416 2331 μένουσιν
1456 2263 1560 2326 ἕως
1591 2264 1734 2334 ἄρτι,
1770 2264 1913 2329 τινὲς

339 2347 397 2399 δὲ
431 2348 527 2401 καὶ
559 2349 928 2420 ἐκοιμήθησαν
949 2367 962 2383 ’
992 2349 1182 2404 ἔπειτα
1218 2351 1375 2422 ὤφθη
1421 2352 1681 2423 Ἰακώϐῳ,
1721 2354 1912 2407 ἔπειτα

341 2442 458 2503 τοῖς
493 2442 814 2506 ἀποστόλοις
844 2445 1007 2496 πᾶσιν
1026 2459 1042 2475 ’
1073 2444 1301 2515 ἔσχατον
1330 2445 1387 2498 δε
1425 2446 1642 2499 πάντων
1673 2446 1912 2517 ὡσπερεὶ

338 2535 418 2605 τῷ
442 2536 776 2607 ἐκτρώματι,
801 2536 954 2610 ὤφθη
981 2538 1168 2609 κάμοί.
1202 2560 1219 2592 ι
1245 2540 1354 2592 Καὶ
1386 2538 1504 2611 μεθ’
1533 2540 1695 2612 ’ἐτερα
1719 2541 1909 2594 πάλιν·

349 2645 368 2677 ι
405 2626 465 2679 Ei
498 2627 552 2680 δὲ
584 2628 817 2699 Χριστὸς
841 2630 1195 2702 κηρύσσεται,
1222 2632 1304 2685 ὅτι
1349 2634 1413 2685 ἐκ
1440 2632 1649 2703 νεκρῶν
1683 2633 1915 2706 ἐγήγερά

338 2728 451 2781 ται,
497 2716 613 2779 πῶς
650 2716 897 2786 λέγουσιν
930 2721 986 2772 ἐν
1019 2720 1148 2790 ὑμῖν
1177 2737 1346 2785 τινες,
1385 2720 1468 2774 ὃτι
1501 2721 1794 2785 ἀνάστασις
1824 2739 1912 2776 νε-

341 2805 491 2873 κρῶν
521 2808 621 2861 οὐκ
654 2807 838 2877 ἐστινς
883 2811 933 2863 εἰ
960 2810 1017 2864 δὲ
1052 2811 1350 2876 ἀνάστασις
1379 2812 1590 2883 νεκρῶν
1616 2813 1716 2867 οὐκ
1744 2811 1912 2875 ἔστιν,

334 2900 455 2953 οὐδέ
488 2900 721 2971 Χριστὸς
746 2904 1042 2973 ἐγήγερται
1069 2920 1082 2934 ·
1123 2905 1172 2957 εἰ
1198 2904 1253 2956 δὲ
1289 2905 1524 2975 Χριστὸς
1547 2905 1648 2957 οὐκ
1678 2907 1913 2977 ἐγήγερ-

2028 441 2077 493 in
2110 440 2354 495 umbram
2406 441 2584 510 passio
2614 441 2811 496 cadere
2859 448 3055 511 potedt.
3092 444 3264 514 atque
3298 446 3369 499 ita
3405 450 3585 502 omnia

2023 545 2142 598 qua:
2167 531 2355 586 salutis
2395 540 2592 585 nostra!
2619 546 2782 585 causa
2817 531 2956 587 facta
2999 544 3145 597 sunt,
3179 550 3307 590 vere
3362 537 3414 590 in
3451 539 3596 591 οἱιιί-

2022 623 2131 676 lnm
2165 622 2425 696 recident.
2454 621 2586 676 Nam
2613 622 2770 691 quale
2804 622 3049 691 dorsum,
3083 641 3289 694 quarso,
3315 642 3412 696 pro
3437 630 3597 683 nobis

2021 693 2330 765 caedendum
2381 711 2609 782 pragbuit
2647 713 2690 744 “
2718 712 2750 768 1
2788 722 2881 768 aut
2921 693 3113 784 quales
3166 693 3595 785 percutientihus

2021 803 2484 870 genasexhibuit?
2522 813 2614 857 aut
2666 806 2936 872 quomodo
2980 807 3047 862 ad
3109 806 3419 863 Judteorum
3474 825 3595 865 ver-

2020 893 2146 945 bera
2183 892 2397 947 fortiter
2424 894 2709 963 perstitit?
2774 905 2870 951 aut
2928 896 3227 965 cuiusmodi
3275 915 3466 954 manus
3501 911 3594 956 aut

2019 983 2183 1053 pedes
2211 984 2378 1038 clavis
2414 985 2629 1052 pervios
2661 987 2846 1041 habuit
2878 987 2903 1041 ?
2941 999 3033 1042 aut
3069 990 3229 1058 quale
3256 991 3396 1046 latus
3432 991 3590 1047 Pilati

2018 1076 2281 1130 satellites
2343 1075 2710 1143 perfodientes
2761 1080 3060 1147 pretiosum
3121 1085 3439 1152 sanguinem
3486 1099 3590 1141 una

2017 1182 2138 1220 cum
2171 1180 2308 1234 aqua
2352 1166 2604 1221 fluentem
2643 1171 2995 1225 cernentibus
3025 1174 3379 1228 ostenderunt
3407 1177 3453 1207 ⁸²
3483 1177 3590 1231 Hdt

2015 1268 2073 1310 ut
2111 1257 2192 1311 his
2230 1257 2461 1327 amplius
2500 1257 2755 1327 q'uiddam
2800 1261 2973 1314 dicam
3010 1276 3026 1315 :
3060 1262 3168 1317 Nec
3217 1280 3341 1319 vere
3380 1279 3591 1335 quoque

2015 1365 2112 1418 pro
2139 1350 2291 1403 nobis
2313 1361 2540 1404 mortem
2573 1351 2795 1420 oppetiit
2829 1351 3080 1408 Christus
3109 1354 3384 1422 Dominus,
3417 1372 3591 1425 neque

2013 1452 2076 1493 ex
2094 1438 2320 1492 mortuis
2335 1440 2700 1495 exsuscitatus
2718 1451 2817 1495 est.
2840 1441 2951 1496 lloc
2964 1452 3140 1497 autem
3156 1460 3439 1508 concesso.
3457 1448 3589 1501 fides

2015 1538 2196 1584 nostra
2248 1531 2403 1599 plane
2444 1533 2764 1600 evanescit;
2821 1536 2886 1587 ad
2943 1535 3056 1589 hmc
3103 1552 3235 1590 crux
3265 1578 3279 1602 ,
3344 1554 3463 1607 quae
3504 1550 3588 1593 est

2018 1622 2201 1675 mundi
2250 1622 2396 1675 salus
2447 1632 2501 1676 et
2547 1623 2655 1675 vita
2691 1664 2708 1687 ,
2760 1624 2986 1689 interit;
3031 1627 3215 1682 interit
3259 1630 3492 1697 deuiqtte
3534 1640 3587 1683 et

2016 1715 2264 1766 universa
2293 1728 2509 1782 quoque
2542 1713 2754 1767 illorum
2818 1714 3013 1770 ﬁducia
3065 1718 3154 1786 qui
3206 1720 3258 1771 in
3304 1720 3407 1772 fide
3459 1722 3587 1774 dor-

2017 1804 2272 1859 mierunt.
2315 1803 2428 1859 Hoc
2464 1806 2696 1873 namque
2735 1815 2882 1861 recte
2929 1807 3053 1862 hinc
3097 1802 3389 1880 consequi,
3422 1820 3477 1865 t-t
3506 1814 3584 1865 di-

2014 1897 2137 1948 vino
2168 1910 2380 1967 quoque
2406 1894 2575 1952 Paulo
2595 1896 2769 1950 visum
2805 1896 2941 1965 fuit;
2971 1899 3047 1954 ait
3077 1915 3309 1970 namque
3337 1917 3350 1953 :
3383 1920 3402 1952 ‹
3444 1902 3583 1955 Tra-

2014 1986 2120 2039 didi
2148 1987 2292 2039 enim
2317 1986 2469 2040 vobis
2498 1986 2550 2040 in
2584 1986 2795 2054 primis,
2825 1989 2969 2055 quod
3002 1997 3056 2042 et
3084 1991 3263 2059 accepi
3288 2008 3302 2044 :
3330 1993 3580 2060 quoniam

2012 2076 2260 2132 Christus
2312 2086 2559 2131 mortuus
2610 2087 2696 2133 est
2734 2080 3088 2149 prOpeccntis
3137 2082 3339 2135 nostris
3391 2098 3585 2137 secun-

2014 2171 2136 2223 dum
2162 2167 2501 2236 Scripturas;
2547 2177 2603 2222 et
2638 2172 2766 2238 quia
2814 2170 3058 2239 sepultus
3102 2181 3220 2236 est,
3254 2180 3308 2227 et
3344 2173 3468 2242 quia
3492 2188 3581 2228 re-

2013 2260 2253 2315 surrexit
2302 2261 2459 2314 tertia
2497 2261 2585 2316 die
2630 2262 2927 2315 secundum
2979 2261 3322 2333 Scripturas;
3364 2274 3419 2318 et
3455 2264 3579 2332 quia

2014 2355 2161 2408 visus
2191 2362 2272 2407 est
2291 2353 2506 2422 (Iephte,
2531 2365 2597 2408 et
2615 2362 2735 2422 post
2760 2355 2865 2408 hoc
2891 2355 3137 2409 undecim
3166 2373 3181 2410 :
3207 2357 3399 2411 deinde
3434 2360 3583 2413 visus

2012 2454 2097 2498 est
2125 2444 2407 2512 plusquam
2430 2444 2742 2512 quingentis
2772 2444 3032 2499 fratribus
3059 2445 3257 2511 simul;
3286 2459 3350 2499 ex
3372 2446 3576 2513 quibus

2014 2534 2165 2589 multi
2204 2542 2425 2588 manent
2458 2549 2630 2602 usque
2660 2534 2858 2596 adhuc,
2886 2536 3102 2604 quidam
3129 2547 3308 2591 autem
3348 2537 3583 2591 dormio-3

2014 2635 2189 2681 runt:
2225 2624 2421 2679 deinde
2466 2624 2611 2679 visus
2670 2635 2753 2680 est
2807 2636 2862 2680 et
2904 2624 3145 2691 Jacobo,
3208 2627 3401 2682 deinde
3452 2642 3584 2697 apo-

2015 2715 2168 2772 stolis
2189 2714 2441 2769 omuibus
2473 2731 2486 2766 :
2516 2713 2810 2767 novissime
2840 2723 3019 2768 autem
3049 2715 3289 2768 omnium
3324 2724 3579 2783 tanquam

2017 2805 2267 2860 abortivo
2302 2802 2451 2857 visus
2479 2811 2562 2856 est
2604 2811 2660 2855 et
2705 2802 2834 2856 mihi
2879 2803 2947 2856 ³³.
2996 2821 3015 2854 ι
3070 2802 3136 2856 Et
3186 2805 3371 2871 paucis
3416 2804 3582 2857 interi

2010 2898 2209 2970 jectis:
2250 2914 2269 2947 ι
2323 2894 2380 2950 Si
2430 2903 2610 2949 autem
2649 2894 2901 2949 Christus
2952 2895 3274 2963 praedicatur
3331 2896 3389 2966 8
3435 2894 3578 2964 quod

333 3009 447 3053 ται.
486 2994 643 3047 κενὸν
695 2993 802 3066 ἄρα
844 2996 906 3047 τὸ
939 2997 1202 3066 κήρυγμα
1246 2996 1422 3065 ἡμῶν.
1458 2997 1604 3068 Κενὴ
1642 2998 1699 3051 δέ
1734 3000 1824 3051 καὶ
1870 3002 1903 3070 ἡ

2017 2988 2318 3047 resurrexit
2346 3004 2372 3040 ο
2420 2987 2671 3050 mortuis,
2727 2987 2996 3055 quomodo
3046 2987 3261 3057 quidam
3304 2989 3492 3042 dicunt
3527 2988 3579 3040 in

334 3087 516 3150 πίστις
547 3088 721 3159 ἡμῶν,
750 3088 1121 3160 εὑρισκόμεθα
1148 3089 1205 3141 δέ
1228 3089 1322 3141 καὶ
1343 3087 1784 3160 ψευδομάρτυρες
1810 3090 1903 3147 τοῦ

332 3177 488 3239 Θεοῦ,
511 3179 590 3231 ὅτι
623 3180 1086 3250 ἐμαρτυρήσαμεν
1119 3178 1261 3233 κατὰ
1286 3178 1378 3233 τοῦ
1408 3178 1563 3243 Θεοῦ,
1599 3181 1680 3234 ὅτι
1715 3182 1904 3251 ήγειρε

331 3266 423 3319 τὸν
451 3256 700 3339 Χριστὸν,
735 3269 938 3322 limen):
970 3270 1217 3340 ἤγειρεν,
1257 3271 1417 3340 εἴπερ
1451 3269 1561 3340 ἄρα
1588 3273 1770 3340 νεκροὶ
1805 3272 1906 3325 οὐκ

333 3358 649 3428 ἐγείρονται.
687 3379 706 3411 ι
740 3361 974 3430 Τεθναίη
1005 3360 1113 3430 γὰρ
1143 3359 1230 3424 ἂν,
1251 3360 1372 3413 εἰπέ
1400 3377 1509 3428 μοι,
1536 3361 1657 3413 τίνα
1683 3360 1746 3430 δὴ
1777 3361 1905 3431 τρό-

331 3462 430 3498 πον
461 3449 493 3517 ἡ
528 3449 836 3515 σκιά;.πῶς
864 3446 959 3503 οὖν
991 3449 1259 3520 ἀνέστησε
1286 3450 1377 3503 τὸν
1404 3451 1636 3519 Χριστὸν
1659 3453 1687 3504 ὁ
1715 3452 1905 3521 Πατὴρ

333 3540 491 3593 σκιὰν
514 3541 645 3594 ὅντα
677 3543 772 3594 καὶ
820 3541 1061 3610 δόκησιν,
1105 3541 1201 3594 καὶ
1245 3543 1358 3603 τοῖς
1399 3541 1495 3594 τοῦ
1546 3542 1777 3595 θανάτου
1818 3542 1905 3594 δε-

335 3633 492 3696 σμοῖς
520 3631 618 3700 οὐχ
649 3629 954 3700 ἁλώσιμον;
985 3630 1228 3701 Οίχέσθω
1253 3632 1317 3702 δὴ
1348 3627 1440 3686 οῦν
1468 3633 1498 3685 ό
1522 3633 1744 3688 ἐκείνων
1774 3637 1904 3704 ἐμε-

331 3716 443 3781 τὸς,
479 3718 650 3788 μύθου
680 3719 737 3772 δέ
766 3719 962 3783 ἄλλως,
999 3722 1094 3773 καὶ
1143 3721 1358 3773 ἀνοσίου
1413 3720 1609 3791 βουλῆς
1656 3725 1901 3794 ἀποδρά-

334 3828 514 3881 σματα
552 3812 619 3865 τὰ
648 3813 776 3883 παρ’
819 3813 1001 3875 αὐτοῖς
1029 3823 1056 3862 P
1080 3811 1383 3882 ἡγούμεθα.
1417 3813 1553 3877 Τοὺς
1582 3814 1691 3884 γὰρ
1726 3816 1901 3869 τοιού-

327 3920 454 3967 τους
501 3905 633 3974 ἡμῖν
688 3903 1136 3974 προκαταμηνύει
1184 3904 1409 3974 γράφων
1459 3905 1552 3958 τοῦ
1581 3906 1835 3978 Σωτῆρος
1871 3911 1900 3962 ὁ

329 3995 598 4066 μαθητής·
636 4013 654 4047 ι
694 3997 813 4049 Ὅτι
838 3995 1020 4049 πολλοὶ
1046 3996 1489 4069 ψευδοπροφῆται
1515 3997 1898 4066 ἐξεληλύθασιν

326 4092 408 4152 εἰς
442 4089 533 4141 τὸν
579 4089 801 4159 κόσμον.
853 4090 940 4143 Ἐν
981 4090 1154 4160 τούτῳ
1197 4091 1521 4157 γινώσκεται
1559 4092 1620 4144 τὸ
1675 4092 1897 4162 Πνεῦμα

323 4181 419 4234 τοῦ
455 4181 610 4236 Θεοῦ.
656 4183 770 4234 Πᾶν
810 4181 1025 4252 πνεῦμα
1055 4182 1083 4232 ὃ
1113 4182 1362 4251 ὁμολογεῖ
1423 4182 1628 4252 Ἰησοῦν
1663 4183 1896 4254 Χριστὸν

324 4276 382 4327 ἐν
431 4272 593 4343 σαρκὶ
639 4272 957 4342 ἐληλυθότα,
1015 4275 1079 4326 ἐκ
1117 4272 1208 4325 τοῦ
1267 4272 1406 4326 θεοῦ
1461 4275 1599 4328 ἐστι.
1632 4275 1739 4328 Καὶ
1782 4276 1891 4326 πᾶν

2009 3085 2185 3146 vobis,
2235 3080 2489 3150 quoniam
2538 3079 2870 3134 resurrectio
2918 3088 3253 3133 mortuorum
3300 3094 3404 3132 nou
3446 3079 3580 3133 est?

2009 3182 2103 3237 Sin
2136 3186 2317 3233 autem
2345 3176 2675 3229 resurrectio
2708 3183 3042 3229 mortuorum
3079 3190 3181 3227 non
3238 3184 3321 3229 est
3343 3210 3357 3236 ,
3407 3190 3581 3243 neque

2005 3273 2255 3328 Christus
2287 3270 2606 3323 resurrexit.
2639 3266 2694 3321 Si
2747 3276 2927 3321 autem
2958 3267 3210 3321 Christus
3257 3284 3362 3321 non
3398 3283 3579 3320 resur-

2006 3363 2169 3426 rexit,
2223 3361 2397 3414 inanis
2436 3367 2517 3414 est
2556 3359 2874 3425 praedicatio
2910 3369 3092 3412 nostra
3117 3398 3131 3422 ,
3168 3359 3344 3412 inanis
3396 3369 3478 3412 est
3523 3368 3579 3412 et

2007 3454 2138 3507 fides
2168 3459 2393 3513 nostra;
2429 3449 2739 3502 invenimur
2789 3459 2970 3503 autem
3002 3458 3055 3504 et
3098 3449 3217 3503 falsi
3267 3459 3430 3503 testes
3460 3449 3574 3514 Dei,
3634 3524 3639 3533 1

2005 3543 2261 3612 quoniam
2285 3540 2654 3595 testimonium
2677 3541 2909 3595 diximus
2935 3543 3198 3596 adversus
3220 3540 3404 3605 Deum,
3433 3543 3577 3610 quod

2004 3633 2350 3689 suscitaverit
2416 3631 2734 3694 Christum,
2778 3647 2937 3700 quem
2988 3649 3092 3686 non
3151 3634 3474 3695 suscitavit.
3530 3634 3574 3688 si

2004 3724 2201 3780 mortui
2234 3739 2337 3776 non
2380 3731 2666 3790 resurgunt
2706 3722 2772 3775 “.
2814 3739 2832 3772 ι
2866 3720 2966 3775 llic
3012 3737 3111 3791 ego
3151 3722 3260 3790 jam
3303 3733 3358 3776 te
3408 3725 3577 3776 inter-

2008 3831 2176 3885 rogo:
2210 3812 2523 3882 Ecqttonam
2559 3811 2717 3865 modo
2745 3813 2934 3864 umbra
2972 3813 3281 3865 moriatur?
3321 3829 3427 3880 quo
3457 3830 3577 3869 rure

2000 3923 2118 3961 smn
2154 3915 2313 3974 pacto
2350 3903 2591 3958 cmlestis
2622 3901 2785 3957 Pater
2817 3902 3091 3957 Christum
3137 3906 3204 3956 ad
3249 3906 3412 3957 vitam
3475 3920 3563 3959 re-

2001 3999 2236 4059 voravit,
2265 4004 2327 4049 ut
2349 3994 2440 4064 qui
2473 3994 2715 4056 quaedam
2748 4001 2957 4047 tantum
2991 3993 3177 4048 umbra
3208 4007 3265 4049 et
3310 4012 3403 4050 rex
3440 3998 3576 4051 ima-

1997 4088 2243 4160 ginaria,
2290 4101 2411 4155 quae
2459 4085 2652 4139 mortis
2718 4085 2965 4167 vinculis.
3003 4087 3121 4156 capi
3172 4102 3276 4141 non
3347 4101 3523 4156 potest
3554 4130 3568 4151 ,

1995 4179 2315 4235 exstiterit?
2357 4177 2649 4232 Facessaut
2675 4176 2902 4246 proinde
2922 4178 3288 4233 istiusccmodi
3321 4181 3533 4248 ineptiae
3556 4221 3571 4243 ,

1998 4273 2314 4327 insanorum
2358 4269 2518 4338 plane
2576 4268 2928 4323 consiliorum
2974 4280 3030 4324 et
3074 4269 3376 4324 fabularum
3421 4272 3574 4325 ebul—

324 4359 544 4429 πνεῦμα
590 4360 618 4413 ὃ
662 4361 737 4432 μὴ
783 4362 1036 4432 ὁμολογεῖ
1077 4363 1165 4416 τὸν
1223 4363 1450 4432 Ἰησοῦν,
1504 4365 1569 4416 ἐκ
1619 4364 1714 4417 τοῦ
1759 4364 1893 4417 Θεοῦ

2010 4364 2220 4416 limenta
2265 4361 2408 4414 dicta
2458 4358 2675 4414 illorum
2710 4360 2993 4415 habemus.
3045 4360 3357 4428 llujnsmodi
3402 4377 3573 4428 nuga-

319 4455 421 4506 οὐκ
463 4453 598 4510 ἐστι.
649 4455 761 4507 Kal
811 4455 968 4508 τοῦτό
1024 4457 1139 4508 ἐστι
1189 4457 1250 4508 τὸ
1296 4456 1390 4509 τοῦ
1449 4457 1817 4528 ’Λντιχρίστου
1867 4458 1896 4509 ὃ

319 4547 615 4616 ἀκηκόατε,
648 4547 727 4598 ὅτι
766 4546 1002 4617 ἔρχεται,
1036 4548 1127 4600 καὶ
1175 4546 1270 4600 νῦν
1301 4550 1358 4600 ἐν
1413 4547 1489 4617 τῷ
1524 4549 1714 4619 κόσμῳ
1749 4550 1895 4601 ἐστὶν

318 4638 442 4706 ἥδη.
478 4638 540 4688 El
571 4638 677 4706 γὰρ
712 4640 783 4706 μὴ
823 4639 1047 4706 γέγονεν
1084 4639 1392 4710 ἄνθρωπος,
1430 4641 1568 4709 μήτε
1604 4639 1710 4709 μὴν
1762 4640 1894 4692 ἀνα-

318 4730 552 4798 ϐέϐηκεν
581 4730 637 4780 ἐν
666 4729 830 4795 σαρκὶ
875 4730 1015 4807 πρὸς,
1043 4731 1132 4784 τὸν
1164 4731 1221 4784 ἐν
1250 4730 1499 4800 οὐρανοῖς
1538 4730 1754 4800 Πατέρα
1804 4730 1896 4783 καὶ

315 4820 470 4881 Θεὸν,
510 4819 616 4873 οὐδ’
642 4820 704 4874 ἂν
732 4822 1044 4894 ὑποστρέψῃ
1072 4823 1131 4888 ἐξ
1167 4825 1398 4895 οὐρανοῦ
1443 4822 1564 4878 καθ’
1598 4823 1767 4892 ἡμᾶς,
1804 4821 1896 4876 ἄν·

315 4909 534 4982 θρωπος
559 4912 799 4981 δηλονότι
836 4914 926 4966 καὶ
956 4916 1015 4969 ἐν
1047 4916 1230 4985 σαρκί.

1996 4464 2140 4507 tores
2192 4452 2499 4505 exorituros
2568 4450 2797 4506 dilectus
2852 4451 3153 4506 Salvaturis
3198 4453 3370 4508 nostri
3406 4453 3571 4506 disci-

1996 4544 2151 4613 pulus
2202 4558 2299 4597 nos
2339 4552 2464 4596 ante
2492 4542 2859 4609 praemonuit:
2918 4561 2937 4594 ι
2984 4543 3293 4609 Quoniam,
3350 4543 3568 4613 inquit,

1999 4633 2148 4688 multi
2183 4632 2661 4701 pseudoprophetis
2688 4634 2940 4687 exierunt
2976 4634 3027 4687 iu
3064 4634 3343 4687 tnumlum.
3375 4634 3433 4687 lu
3467 4635 3570 4688 huc

1998 4724 2344 4794 cnguoscitur
2372 4721 2609 4791 Spiritus
2633 4722 2727 4778 Dei
2767 4724 3001 4783 :.0tnnis
3028 4725 3250 4792 spiritus
3281 4726 3370 4793 qui
3406 4725 3568 4778 conli°

1999 4827 2143 4870 tctur
2184 4813 2374 4868 Jesnm
2415 4814 2689 4868 Christum
2734 4814 2789 4867 iu
2847 4824 3009 4871 carne
3043 4815 3286 4880 venisse,
3331 4832 3398 4871 cx
3458 4813 3570 4868 Deo

1995 4918 2111 4971 est;
2165 4917 2222 4960 ct
2269 4904 2446 4959 omnis
2485 4905 2704 4973 spiritus
2757 4907 2845 4975 qui
2897 4908 3058 4962 solvit
3096 4907 3314 4971 Jesum,
3350 4924 3417 4961 ex
3461 4907 3571 4961 Deo

315 5023 419 5060 non
471 5018 575 5063 est.
651 5008 716 5064 Et
785 5009 873 5067 hic
923 5011 1326 5074 Atttichristtts,
1387 5011 1453 5066 de
1509 5026 1617 5080 quo
1663 5007 1912 5070 audistis,
1948 5004 2206 5074 quoniam
2264 5001 2437 5065 venit,
2469 5010 2524 5054 et
2560 5002 2781 5057 nuncin
2821 5004 3018 5058 mundo
3059 5017 3138 5060 est
3165 5007 3233 5060 ’⁵.
3272 5025 3292 5057 ι
3334 5004 3388 5057 Si
3423 5004 3564 5057 enim

309 5100 426 5167 ipse
497 5113 654 5157 natus
684 5120 786 5157 non
853 5115 956 5170 est,
1035 5122 1210 5175 neque
1287 5119 1449 5158 carne
1491 5104 1711 5157 indutus
1778 5102 1844 5154 ad
1902 5091 2179 5153 coal'estem
2241 5092 2452 5146 Patrem
2506 5103 2561 5148 et
2618 5096 2783 5149 Deum
2834 5097 3120 5163 ascendit;
3185 5111 3356 5166 neque
3407 5097 3566 5150 homo

311 5205 525 5259 quoque
595 5192 819 5260 perinde
873 5207 937 5247 ac
967 5208 1062 5248 nos
1121 5206 1286 5249 carne
1308 5192 1616 5246 vestitusde
1644 5189 1798 5245 ctelis
1853 5188 1980 5243 olim
2026 5197 2343 5238 reversurus
2375 5191 2479 5237 est.

384 5354 421 5381 ²¹
449 5350 554 5405 isa.
591 5368 641 5415 L,
667 5352 698 5405 6
801 5355 842 5384 "
869 5351 1023 5408 Joan.
1066 5369 1176 5420 λετ,
1216 5354 1304 5409 5i.
1386 5353 1428 5384 “
1455 5353 1469 5406 Ι
1501 5352 1626 5407 Cor.
1658 5366 1746 5417 xv,
1776 5351 1896 5405 5-8.

1989 5349 2035 5381 ’ί
2076 5348 2204 5404 ibid.
2246 5350 2421 5405 12-15.
2500 5351 2544 5381 ³⁵
2587 5343 2789 5401 lJoan.
2824 5362 2895 5409 tv,
2934 5346 3037 5397 1-5.

1400 5483 1568 5540 Vat-iw
1593 5485 1845 5541 lectiones
1877 5484 2076 5543 codicis
2101 5482 2456 5553 Seguieriani.

388 5626 413 5667 ι’
440 5617 674 5672 ἐκείνων.

3601 5276 3605 5325 ἰ
