3970 6136
387 203 525 260 1H7
726 199 737 207 ’
1389 194 1448 251 S.
1488 193 1767 252 CYRILLI
1807 188 2278 247 ALEXANDRINI
2319 188 2642 245 ARCHIEP.
3525 184 3677 237 H48

451 316 522 374 Χ.
559 316 727 370 Porro
752 320 932 369 autem
962 309 1280 368 existimare
1331 309 1413 380 (ut
1445 309 1537 363 alii
1576 308 1796 377 quidam
1849 315 1961 361 sto-

2142 305 2200 357 l’.
2242 301 2317 355 Τὸ
2346 300 2403 355 δὲ
2426 300 2618 373 eum
2647 301 2866 372 ἑτέρους
2900 298 3109 354 οἴεσθαί
3142 314 3200 349 τε
3230 295 3331 351 καὶ
3352 300 3582 366 φρονεῖν
3613 298 3677 353 ἐξ

383 410 650 464 lidissime
686 404 1006 462 existimant
1038 413 1089 459 et
1118 401 1415 471 praedicant
1446 398 1708 472 (Verbum
1751 414 1817 454 ex
1855 396 1971 453 Deo

2097 394 2388 466 ιμετρήτου
2420 392 2652 456 νωθείας
2678 391 2932 463 γέννησιν
2958 389 3059 466 μὲν
3084 388 3387 459 ἀνήνασθαι
3439 388 3544 458 τὴν
3583 382 3681 442 δια

382 499 647 569 genitum,
673 505 793 550 ortu
812 510 878 550 ex
898 508 1056 550 sacra
1079 490 1299 561 Virgine
1333 490 1621 559 repudiato
1651 500 1974 558 natumque

2097 486 2172 556 τῆς
2203 484 2367 553 ἁγίας
2402 484 2681 556 Παρθένου
2723 483 2817 537 τὸν
2858 484 2924 535 ὲκ
2953 480 3090 535 Θεοῦ
3122 480 3299 550 φύντα
3344 480 3544 547 Λόγον,
3575 481 3673 533 καὶ

384 602 588 646 nostra:
618 588 829 644 ratione
851 594 1180 655 contempta,
1211 584 1264 637 in
1298 594 1571 639 terrenam
1596 597 1818 637 carnem
1849 593 1973 635 esse

2097 580 2238 646 ρύσιν
2272 578 2374 650 μὲν
2403 578 2674 648 ἀτιμάσαι
2695 577 2797 648 τὴν
2834 575 2958 630 καθ’
2988 575 3161 645 ἡμᾶς,
3207 572 3673 645 παρα-τετράφθαι

384 686 722 759 demutatnm
744 721 760 746 ,
790 683 840 735 id
877 679 1024 733 aliud
1054 676 1315 743 nihilest,
1348 692 1511 746 quam
1542 676 1974 745 dispensationis

2097 673 2131 726 ἑὲ
2164 670 2366 741 μᾶλλον
2397 669 2563 724 αὐτὸν
2596 671 2678 733 εἰς
2702 669 2802 740 τὴν
2826 667 2936 722 άπὸ
2967 666 3070 737 τῆς
3092 665 3195 737 γῆς
3217 666 3421 734 σάρκα,
3459 664 3674 735 δυσφη-

387 783 787 829 sacramentum
817 780 1004 839 aperte
1044 769 1458 839 blasphemare,
1495 768 1812 838 divinisque
1847 783 1977 822 cou-

389 868 527 923 siliis
562 876 764 921 temere
795 863 1083 919 insultare.
1130 861 1346 917 Etenim
1394 861 1777 916 universorum
1829 861 1976 915 Con-

389 961 571 1025 ditor,
628 966 684 1012 et
729 957 957 1011 multum
1003 956 1058 1010 in
1115 953 1489 1009 misericordia
1544 952 1638 1007 Dei
1690 951 1926 1008 Verbum
1956 993 1972 1017 ,

390 1062 611 1121 prepler
632 1064 731 1103 nos
763 1051 925 1104 homo
948 1049 1148 1102 factum
1173 1047 1243 1114 ",
1266 1057 1320 1103 et
1334 1062 1403 1101 ex
1436 1046 1662 1100 muliere
1695 1056 1877 1098 natum
1905 1045 1974 1110 ",

388 1142 741 1211 semetipsum
796 1139 1169 1195 eninanivit“l
1202 1156 1216 1195 :
1254 1158 1274 1189 ι
1323 1138 1395 1195 Ut
1424 1138 1681 1207 quoniam
1723 1136 1896 1205 pueri,
1937 1154 1958 1188 ι

284 1242 291 1255 ‘
393 1236 496 1289 hoc
531 1243 616 1289 est
649 1249 769 1299 nos,
804 1252 822 1284 ι
865 1229 1571 1287 communicaverantcarni
1593 1236 1650 1284 et
1685 1228 1963 1297 sanguini,

392 1335 447 1380 et
474 1326 590 1395 ipse
625 1326 881 1381 similiter
905 1325 1259 1395 participaret
1288 1324 1492 1379 eisdem
1525 1338 1541 1377 :
1592 1331 1650 1375 ut
1696 1336 1791 1403 per
1826 1335 1976 1374 mor-

392 1425 503 1470 tem
531 1419 835 1471 destrueret
870 1430 995 1470 eum
1032 1416 1120 1483 qui
1156 1413 1392 1469 habebat
1423 1412 1621 1466 mortis
1657 1412 1975 1481 imperium,

395 1509 498 1563 hoc
520 1518 603 1564 est
629 1508 901 1563 diabolum
922 1548 937 1574 ,
974 1516 1027 1562 et
1054 1506 1313 1561 liberaret
1361 1519 1457 1561 eos
1490 1504 1581 1574 qui
1610 1505 1810 1556 timore
1837 1519 1980 1557 mor-

2079 763 2325 834 μούντων
2356 762 2475 815 ἐστὶ
2506 761 2606 833 τὴν
2637 760 2975 832 οἰκονομίαν,
3004 760 3102 813 καὶ
3134 760 3247 822 τοῖς
3283 757 3453 821 θείοις
3493 758 3675 827 σκέμ-

2080 871 2248 923 μασιν
2293 853 2554 924 ἐπιτιμᾷν
2611 851 2925 923 ῄρημένωνε
2964 850 3022 902 Ὀ
3072 849 3173 919 μὲν
3215 845 3325 917 γάρ
3360 847 3475 903 τῶν
3531 847 3685 907 ὅλων.

2077 945 2446 1016 Δημιουργὸς,
2479 943 2572 997 καὶ
2599 943 2766 1007 πολὺς
2790 941 3041 1009 είςκέλεον
3071 939 3165 995 τοῦ
3187 939 3325 994 Θεοῦ
3369 941 3547 1008 Λόγος
3575 956 3675 992 κε-

2078 1040 2321 1094 κένωκεν
2355 1040 2549 1094 ἑαυτὸν
2575 1039 2642 1093 δι’
2666 1040 2838 1110 ἡμᾶς,
2858 1038 3153 1110 γενόμενος
3176 1037 3273 1091 ἄνθ
3283 1053 3491 1109 ρωπος,
3518 1036 3679 1105 γενό-

2083 1147 2243 1203 μενος
2277 1134 2342 1185 ὲκ
2366 1132 2645 1200 γυναικός*
2686 1151 2705 1183 ι
2740 1133 2835 1185 ⁶Ίν’
2868 1131 3102 1202 ἐπείπερ
3136 1130 3367 1200 αἵματος
3405 1129 3506 1182 καὶ
3534 1145 3678 1198 σαρ-

2078 1224 2174 1288 κὸς
2195 1223 2558 1296 κεκοινώνηκε
2579 1223 2647 1278 τά
2679 1223 2888 1287 παιδία,
2927 1243 2946 1275 ι
2983 1223 3264 1278 τουτέστιν
3293 1224 3485 1294 ἡμεῖς,
3517 1240 3537 1274 ι
3572 1222 3676 1275 καὶ

2080 1315 2245 1380 αὐτὸς
2292 1315 2692 1387 παραπλησίως
2744 1318 2993 1387 μετασχῇ
3045 1314 3156 1369 τῶν
3191 1314 3407 1368 αὐτῶν·
3458 1314 3550 1367 ῐνα
3587 1313 3679 1367 διὰ

2079 1405 2177 1460 τοῦ
2209 1406 2444 1461 θανάτου
2504 1408 2827 1480 καταργήσῃ
2865 1407 2959 1461 τὸν
3000 1406 3064 1460 τὸ
3095 1407 3294 1478 κράτος
3340 1405 3541 1476 ἔχοντα
3579 1403 3677 1458 τοῦ

2082 1500 2342 1561 θανάτου,
2370 1500 2619 1553 τουτέστι
2657 1500 2749 1554 τὸν
2776 1500 3045 1564 διάὸολον,
3095 1500 3189 1554 καὶ
3226 1498 3520 1569 ἀπαλλάξῃ
3553 1498 3673 1551 τού-

399 1599 467 1653 Iis
496 1613 591 1666 per
609 1607 773 1652 totam
794 1597 959 1650 vitam
978 1596 1371 1651 obnoxiierant
1388 1592 1636 1648 servituti
1657 1593 1756 1643 ".i
1779 1591 1842 1645 Et
1868 1593 1982 1646 hare

2097 1608 2227 1655 τους,
2261 1592 2374 1645 ὅσοι
2402 1589 2554 1662 φόσῳ
2594 1591 2827 1645 θανάτου
2859 1590 2947 1645 διὰ
2994 1591 3196 1655 παντὸς
3231 1589 3327 1644 τοῦ
3361 1590 3466 1661 ζῇν
3499 1589 3678 1659 ἔνοχοι

397 1648 615 1761 quidem
635 1648 812 1744 divi—ua
827 1648 1235 1757 geriptura—Sllli
1249 1697 1430 1740 autem
1446 1694 1552 1739 tam
1571 1683 1776 1739 salubri
1793 1684 1984 1738 decen-

2097 1648 2230 1756 ᾕσαν
2262 1648 2536 1750 δουλείας..
2561 1706 2580 1738 ι
2617 1682 2746 1739 Ὧδε
2778 1684 2888 1758 γὰρ
2910 1684 3014 1756 ἔφη
3046 1685 3109 1738 τὺ
3136 1648 3387 1756 Γράμμα
3508 1648 3673 1754 ἱερόν.

400 1783 547 1851 tique
573 1780 801 1836 consilio
849 1778 1171 1835 indecentiae
1198 1788 1379 1832 notam
1431 1777 1691 1838 inurunt,
1737 1782 1793 1829 et
1826 1774 1980 1843 quasi

2097 1780 2152 1832 Di
2201 1778 2258 1831 δὲ
2305 1778 2407 1847 τῆς
2433 1776 2578 1831 οὕτω
2619 1778 2903 1846 παγκάλου
2949 1776 3046 1830 καὶ
3096 1775 3326 1847 ἀρίστης
3372 1774 3573 1844 βουλῆς
3613 1774 3677 1828 τὺ

399 1872 458 1943 9
485 1870 678 1939 majori
703 1870 967 1940 sapientia
994 1869 1229 1939 praediti,
1259 1868 1430 1937 ipsius
1446 1878 1662 1936 quoque
1698 1864 1987 1936 sapientia

2097 1867 2339 1936 ἀπρεπὲς
2383 1868 2763 1940 καθορίζουσι,
2805 1868 2899 1920 καὶ
2955 1866 3148 1935 ὥσπερ
3191 1864 3313 1918 ὲνδν
3369 1864 3558 1926 αὐτοῖς
3609 1860 3678 1916 τά

400 1970 618 2020 decreta
652 1965 1073 2034 reprehendunt.
1107 1962 1277 2017 Aiunt
1315 1962 1457 2017 enim
1494 1976 1602 2016 non
1636 1961 1868 2027 decere,
1923 1969 1984 2014 ut

2097 1959 2300 2030 ἀμείνω
2331 1962 2574 2031 φρονεῖν,
2592 1959 2819 2023 καὶτοῖς
2848 1958 2945 2027 τῆς
2968 1958 3159 2027 σοφίας
3186 1955 3487 2026 ἐπιτιμῶσι
3512 1954 3679 2023 σκέμο

405 2059 750 2131 Unigeuitum
805 2072 930 2114 cum
978 2056 1164 2113 dolore
1202 2064 1390 2126 partus
1428 2069 1492 2111 ex
1540 2053 1764 2109 muliere
1799 2064 1982 2107 natum

2097 2070 2245 2124 μασι.
2286 2052 2378 2124 Μὴ
2407 2053 2516 2124 γάρ
2540 2052 2605 2123 δὴ
2634 2051 2837 2127 χρῆναι
2877 2050 3130 2118 λέγουσιν
3174 2047 3342 2101 ὠδῖνα
3385 2047 3483 2100 καὶ
3514 2045 3679 2100 τόκον

402 2163 747 2216 astruamus;
772 2149 949 2218 potius
978 2156 1159 2202 autem
1179 2146 1606 2202 existimandum
1635 2143 1984 2199 diviniVerbi

2097 2147 2157 2201 ὲκ
2180 2146 2439 2215 γυναικδς
2471 2144 2847 2214 καταγράφειν
2868 2143 3016 2214 ἡμᾶς
3040 2141 3135 2196 τοῦ
3164 2139 3531 2209 Μονογενοῦς,
3564 2138 3678 2192 οξε-

404 2252 655 2296 naturam
696 2242 750 2294 iu
777 2250 1050 2295 terrenum
1079 2238 1183 2293 hoc
1206 2236 1587 2305 inﬁrmumque
1623 2246 1822 2305 corpus
1856 2247 1987 2287 con—

2097 2236 2219 2292 σθαι
2246 2237 2304 2291 δὲ
2336 2236 2535 2308 μᾶλλον
2562 2236 2663 2307 τὴν
2710 2233 2803 2289 τοῦ
2836 2233 3013 2302 Λόγου
3050 2232 3212 2302 φύσιν
3246 2232 3327 2295 είς
3372 2228 3438 2283 τὺ
3476 2228 3677 2300 σαθρὸν

402 2349 615 2389 versam
629 2347 772 2389 esse.
789 2334 964 2401 Atque
987 2333 1061 2385 ita
1092 2345 1215 2385 eum
1233 2329 1322 2398 qui
1340 2327 1520 2383 omnis
1539 2324 1860 2380 mutationis
1889 2340 1985 2380 ex-

2097 2333 2154 2403 δὴ
2193 2330 2352 2385 τοῦτο
2400 2331 2495 2384 καὶ
2546 2329 2778 2401 γηγενὲς
2810 2323 3328 2400 μετεστοιχειῶσθαι
3360 2322 3544 2391 σῶμα,
3578 2320 3676 2375 καὶ

404 2443 531 2497 pers
551 2436 667 2490 est,
723 2424 1008 2480 mutationi
1046 2422 1348 2489 subjectum
1370 2419 1709 2489 conﬁngunt.
1746 2415 1984 2470 Firmata

2097 2420 2299 2492 τροπὴν
2321 2417 2693 2489 φαντάζεσθαι
2719 2417 2816 2471 τοῦ
2838 2417 3047 2489 τροπὴν
3062 2415 3164 2468 οὒκ
3184 2414 3409 2477 εἰδότος.
3428 2413 3674 2483 Ἐρήρει-

406 2532 486 2575 est
517 2535 748 2590 namque
774 2516 866 2573 Dei
897 2527 1090 2572 natura
1120 2516 1171 2569 in
1200 2514 1437 2584 propriis
1456 2511 1615 2567 bonis
1644 2511 1983 2579 immoteque

2097 2529 2216 2566 σται
2264 2511 2374 2582 γὰρ
2407 2511 2442 2581 ἡ
2488 2507 2581 2563 τοῦ
2614 2508 2747 2562 Θεοῦ
2780 2506 2942 2577 φύσις
3000 2508 3060 2560 ὲν
3096 2505 3246 2568 ίδίοις
3296 2504 3545 2576 ἀγαθοῖς,
3579 2502 3674 2557 καὶ

410 2614 464 2666 in
484 2613 680 2681 quibus
694 2621 775 2665 est
795 2608 1094 2664 commodis
1109 2621 1327 2676 semper
1354 2605 1618 2674 persistit.
1648 2606 1719 2659 At
1740 2618 1871 2658 vero
1889 2619 1991 2659 ua-

2097 2602 2489 2658 ἀκατάσειστον
2514 2600 2624 2672 ἔχει
2660 2600 2758 2653 σὺν
2785 2599 2871 2668 ἐφ’
2900 2609 2928 2649 (ι
2954 2593 3038 2663 οἷς
3067 2600 3184 2651 ἔστι
3205 2594 3675 2668 διαμονήν.ούσις

410 2713 531 2757 tura
559 2709 862 2771 procreata,
889 2700 1017 2755 etin
1047 2709 1289 2769 tempore
1315 2698 1679 2753 utexsiSteret
1701 2697 1984 2764 producta,

2097 2695 2198 2767 μὲν
2243 2696 2355 2768 γὰρ
2382 2692 2439 2767 ὴ“
2461 2693 2687 2764 γενητὴ,
2734 2693 2830 2745 καὶ
2868 2690 3049 2762 χρόνῳ
3096 2688 3493 2760 παρενεχθεῖσα
3539 2684 3676 2756 πρὸς

412 2810 517 2849 ιιοη
552 2802 728 2865 potest
755 2792 1041 2848 mutationi
1076 2807 1183 2846 non
1215 2807 1342 2847 esse
1377 2789 1644 2860 subjecta.
1697 2787 1806 2844 Nec
1832 2789 1987 2843 ﬁrma

2097 2786 2310 2855 γένεσιν
2339 2790 2384 2850 ι’,
2429 2785 2594 2838 πάθοι
2643 2783 2710 2837 ἂν
2755 2783 2855 2853 τὴν
2906 2780 3217 2834 ἀλλοίωσιν.
3265 2778 3374 2832 Καὶ
3417 2776 3519 2829 οὐκ
3568 2774 3678 2840 ἔξω

412 2886 568 2941 nobis
606 2885 927 2940 assertionis
962 2882 1125 2953 hujus
1161 2884 1510 2937 fundamenta
1580 2880 1988 2951 verissimmque

2097 2881 2256 2949 λόγου
2306 2878 2399 2934 τοῦ
2452 2877 2784 2949 καθήκοντός
2807 2901 2810 2904 ~
2832 2891 2890 2928 τε
2941 2873 3037 2928 καὶ
3093 2870 3324 2941 ἀληθοῦς
3360 2868 3422 2920 τὸ
3472 2866 3678 2936 χρῆμα

414 2978 650 3033 rationes
681 2977 900 3032 desunt.
934 2975 1065 3030 Nam
1100 2990 1265 3030 omne
1294 2974 1439 3042 quod
1485 2972 1567 3026 sui
1608 2987 1730 3027 esse
1782 2971 1993 3041 simpli-

2097 2974 2360 3029 κείσεται.
2388 2971 2462 3026 Τὸ
2492 2971 2602 3043 γάρ
2635 2969 2811 3041 ἀρχὴν
2841 2968 2978 3031 ὅλως
3006 2966 3103 3021 τοῦ
3128 2960 3257 3019 εἶναι
3285 2960 3460 3030 λαχὸν,
3489 2957 3672 3011 οἱονεί

413 3071 552 3126 riter
581 3070 797 3125 initium
831 3069 1045 3131 habuit,
1070 3067 1182 3134 jam
1217 3065 1619 3135 quodammodo
1650 3062 1813 3118 simul
1853 3063 1990 3118 insi-

2097 3086 2218 3134 πως
2262 3068 2362 3139 ήδη
2413 3068 2510 3121 καὶ
2567 3061 3014 3134 συνεσπαρμένον
3064 3059 3179 3131 ἔχει
3218 3056 3274 3110 τδ
3319 3049 3675 3107 ἀλλοιοῦσθαι

416 3172 528 3237 tam
560 3162 722 3216 habet
761 3161 1199 3216 mutabilitatem.
1232 3159 1302 3213 At
1330 3172 1459 3212 vero
1495 3156 1638 3212 Deus
1660 3196 1675 3223 ,
1709 3156 1801 3226 qui
1846 3153 1993 3223 omni

2097 3161 2222 3215 δεῖν.
2253 3160 2385 3223 Θεὸς
2417 3158 2472 3212 δὲ
2515 3160 2543 3212 δ
2584 3155 2790 3218 παντὸς
2836 3152 3101 3206 ἐπέκεινα
3144 3148 3260 3214 νοῦ,
3303 3145 3398 3200 καὶ
3431 3143 3677 3231 φύσεως,

416 3265 616 3319 mente,
651 3265 706 3307 et
736 3263 950 3317 natura,
971 3261 1024 3306 et
1047 3250 1422 3320 generatione,
1445 3257 1499 3303 et
1526 3247 1874 3317 corruptione
1900 3260 1993 3300 su-

2097 3254 2192 3307 καὶ
2222 3252 2506 3321 γενέσεως,
2544 3249 2640 3302 καὶ
2669 3246 2897 3318 φθορᾶς,
2922 3244 3021 3315 τὴν
3048 3240 3279 3312 ὓπαρξιν
3309 3237 3447 3306 ἔχων
3480 3224 3688 3306 ἐξῃρη-

420 3351 603 3416 pcrior
629 3357 732 3411 est,
763 3347 1123 3400 substantiam
1169 3348 1318 3400 omni
1368 3345 1675 3417 mutatione
1707 3344 1995 3400 sublimio-

419 3455 554 3504 rem,
583 3437 943 3508 potentiorem
968 3437 1343 3507 maioremque
1397 3436 1583 3491 habet.
1634 3435 1700 3490 Et
1743 3435 1999 3506 quemad-

422 3531 649 3584 modum
700 3531 746 3584 is
809 3538 1016 3583 ιιιιιιιινω
1061 3543 1174 3584 suae
1219 3528 1485 3597 qualitate
1537 3529 1792 3583 omnibus
1836 3529 1998 3584 rebus

419 3623 623 3679 creatis
663 3630 904 3693 prazstat,
937 3622 1313 3690 immensoque
1338 3619 1625 3675 intervallo
1653 3628 1775 3690 post
1817 3634 1878 3675 se
1906 3635 1996 3674 re-

420 3717 619 3787 linquit
647 3721 766 3771 orta
806 3716 987 3769 omnia
1021 3734 1033 3770 :
1065 3716 1138 3770 ita
1169 3727 1231 3767 ea
1264 3713 1627 3774 incommoda,
1688 3727 1808 3781 qua:
1839 3712 2000 3767 rebus

422 3810 493 3864 ab
529 3809 620 3863 illo
641 3808 873 3863 conditis
911 3807 1159 3861 accidere
1200 3806 1395 3870 solent,
1450 3805 1586 3858 adeo
1643 3803 1998 3867 transcendit,

423 3911 481 3955 ut
510 3901 643 3954 nihil
683 3901 752 3954 ab
784 3898 924 3962 illis,
951 3896 1165 3951 tametsi
1219 3907 1413 3951 natura
1468 3910 1565 3949 sua
1617 3894 1794 3948 noxiae
1840 3894 1952 3948 sint
1984 3932 1999 3956 ,

2101 3332 2269 3416 μένην
2303 3343 2399 3396 καὶ
2436 3340 2837 3412 ὑπερίσχουσαν
2862 3348 2908 3401 9,
2943 3334 3185 3405 ἀμείνων
3225 3329 3379 3383 ἔσται
3430 3326 3529 3380 καὶ⁵
3559 3342 3681 3395 τρο-

2100 3436 2227 3506 πῆς.
2279 3432 2392 3486 Καὶ
2442 3430 2631 3499 ὥσπερ
2672 3426 2750 3497 τῷ
2779 3426 2879 3496 τῆς
2916 3422 3052 3486 ἰδίας
3086 3420 3300 3490 φύσεως
3343 3416 3494 3486 λόγῳ
3544 3432 3681 3468 πανο

2098 3529 2189 3592 τὸς
2237 3525 2334 3585 τοῦ
2374 3522 2698 3593 κεκλιμένου
2747 3518 2885 3590 πρὸς
2917 3516 3131 3584 γένεσιν
3171 3507 3589 3582 ὑπερανέστηκέ
3626 3522 3673 3559 τε

2100 3619 2194 3676 καὶ
2249 3616 2650 3688 ὑπερφέρεται,
2711 3611 2806 3664 καὶ
2860 3607 3021 3661 τοῦτο
3086 3603 3448 3675 ἀσυγκρίτοις
3498 3599 3674 3667 διαφο-

2104 3713 2256 3781 ραῖς*
2309 3706 2453 3759 οὕτω
2512 3702 2609 3757 καὶ
2669 3704 2726 3755 ὲν
2779 3700 2892 3762 τοῖς
2954 3696 3171 3750 εἰωθόσι
3219 3691 3547 3762 ωμὸαἱνειν
3578 3690 3679 3749 τοῖς

2100 3802 2167 3856 δι’
2218 3798 2383 3853 αὐτοῦ
2435 3786 2713 3864 γεγονόσιν
2762 3787 3191 3862 ὑπερανεστήξει
3242 3783 3409 3838 πάλιν
3462 3781 3677 3842 παθεῖν,

2101 3894 2201 3947 οὐκ
2248 3890 2400 3952 εἰδὼς
2456 3888 2518 3940 τδ
2572 3884 2815 3954 πεφυκὸς
2879 3882 3107 3934 ἀδικεῖν.
3163 3875 3376 3932 οὐκοῦν
3431 3875 3492 3927 ἐν
3556 3875 3679 3941 ἀγαο

424 3995 532 4063 pati
567 4004 751 4063 queat.
792 3992 934 4046 Deus
968 4006 1202 4059 namque
1253 3989 1308 4043 iu
1340 3988 1498 4043 bonis
1525 3995 1608 4042 est
1654 3985 1784 4055 nulli
1831 3994 1993 4039 muta-

2107 3986 2222 4047 θοῖς
2256 3982 2354 4054 μὲν
2387 3980 2448 4035 τὸ
2477 3980 2632 4032 Θεῖον
2673 3972 3090 4047 άμεταπτώτοις
3129 3970 3246 4024 ἐστί
3266 3985 3282 4000 ·
3315 3967 3388 4021 τὰ
3416 3967 3477 4021 δέ,
3504 3983 3569 4034 γε
3594 3964 3679 4032 sig;

426 4084 558 4138 tioni
607 4083 921 4151 subjectus;
968 4091 1236 4141 creaturae
1270 4090 1452 4134 autem
1488 4080 1540 4131 in
1591 4078 1825 4146 quadam
1876 4091 2002 4146 per-

2107 4077 2339 4137 κτίσεως
2392 4074 2450 4126 ἐν
2496 4069 2781 4125 ἀλλοιώσει
2813 4068 2907 4120 καὶ⁵
2948 4065 3213 4135 τροπαῖς,
3258 4061 3361 4114 καὶ·
3392 4058 3683 4129 άτχίθυρον

424 4186 584 4246 petua
611 4169 913 4229 mutation‘e
944 4189 1009 4228 ac
1055 4172 1436 4227 vicissitudine
1486 4177 1799 4223 versantur.
1841 4162 1993 4234 Cujus

2108 4169 2300 4239 ἔχοντα
2360 4167 2457 4234 τὴν
2509 4159 2837 4232 παραφορὰν
2868 4160 2909 4211 ί.
2947 4156 3058 4209 Καὶ
3090 4153 3250 4206 τοῦτο
3298 4152 3589 4215 γινώσκων
3626 4140 3681 4199 εὗ

428 4268 505 4323 rei
537 4268 797 4336 propheta
830 4263 1100 4320 Jeremias
1125 4278 1467 4333 nequaquam
1505 4263 1761 4331 ignarus,
1800 4258 1993 4327 optime

2113 4260 2278 4331 μάλα,
2306 4257 2399 4310 καὶ
2437 4255 2513 4319 ὡς
2548 4255 2746 4324 ἄριστα
2785 4247 3093 4320 φιλοσοφῶν
3124 4247 3154 4299 ό
3198 4244 3495 4315 προφήτης
3524 4242 3684 4309 Ἱερε-

428 4330 859 4430 philosophatus,
894 4357 1066 4411 Deum
1108 4357 1183 4410 ita
1213 4330 1558 4425 compellat:
1598 4368 1617 4403 ι
1671 4350 1750 4403 Tu
1781 4350 1993 4419 quidem

2111 4330 2260 4420 μίας,
2305 4344 2571 4415 άνεφώνει
2607 4343 2744 4413 πρὸς
2772 4340 2864 4393 τὸν
2891 4337 3056 4401 Θεὸν,
3085 4337 3168 4390 ὅτι
3207 4354 3226 4386 ι
3258 4333 3332 4386 Σὺ
3381 4330 3689 4430 καθίέμενος

404 4458 482 4521 ζίιι
509 4456 765 4511 saeculum
792 4468 1117 4525 permaues;
1151 4467 1250 4506 nos
1294 4459 1474 4502 autem
1510 4461 1616 4500 una
1647 4460 1769 4500 cum
1805 4442 2005 4498 surcido

429 4548 715 4603 interimus
738 4546 805 4603 ³⁸.
843 4563 862 4597 ι
899 4543 1065 4600 Sedet
1093 4543 1239 4598 enim
1272 4541 1416 4595 Deus
1446 4550 1703 4605 tanquam
1747 4536 1801 4590 in
1844 4534 2004 4597 solio,

433 4654 650 4708 semper
686 4652 939 4708 regnans,
996 4645 1049 4692 et
1079 4635 1131 4689 in
1159 4647 1349 4689 omnes
1394 4630 1682 4700 imperium
1719 4640 2006 4691 exercens,

433 4744 610 4799 neque
635 4730 759 4783 ullis
789 4743 1026 4797 unquam
1058 4723 1562 4797 perturbationibus
1590 4720 1830 4790 agitatur
1859 4732 1874 4771 :
1906 4731 2007 4772 nos

2109 4419 2188 4505 εἰς
2211 4440 2302 4494 τὸν
2335 4436 2531 4501 αἰῶνα,
2563 4434 2659 4487 καὶ⁵
2694 4433 2856 4502 ἡμεῖς
2893 4426 3262 4497 ἀπολλύμενοι
3300 4422 3395 4476 τὸν
3432 4419 3627 4474 αἰῶνα.
3663 4434 3683 4466 ι

2109 4530 2432 4586 Καθεδεῐται
2460 4525 2568 4595 γάρ
2602 4523 2793 4593 ὥσπερ
2819 4520 2875 4573 ὲν
2916 4518 3067 4580 ἰδίοις
3098 4514 3296 4577 θώκοις
3333 4512 3395 4564 τὸ
3416 4510 3575 4563 Θεῖον
3604 4506 3689 4559 άεὶ

2114 4619 2396 4693 βασιλεῦον
2428 4617 2521 4670 καὶ
2550 4609 2932 4683 κατακρατοῦν
2955 4609 3063 4691 τῶν
3087 4607 3244 4672 ὅλων,
3276 4604 3374 4658 καὶ
3395 4601 3504 4655 ὑπὸ
3527 4596 3689 4668 μηδε-

2111 4688 2201 4775 νὸς
2251 4711 2359 4764 τῶν
2391 4706 2582 4761 παθῶν
2632 4688 3067 4774 τυραννούμενον
3088 4715 3102 4728 ·
3132 4698 3296 4767 ἡμεῖς
3319 4694 3381 4748 δὲ
3406 4691 3509 4762 τὴν
3533 4688 3688 4758 φύσιν

433 4779 607 4799 --τ-ιρν
640 4779 754 4783 --η-
1016 4779 1141 4797 νγ-.
1171 4779 1193 4780 η
1625 4779 1653 4790 υ

432 4832 643 4886 autem,
681 4830 932 4874 naturam
977 4821 1043 4874 ad
1087 4820 1446 4874 mutationem
1489 4814 1993 4881 conversionemqnt

2107 4802 2521 4874 εὐτροχωτάτην
2545 4798 2639 4850 καὶ
2660 4792 3048 4865 εὖπαράφορον
3075 4788 3275 4862 κομιδῇ
3304 4785 3447 4855 πρὸς
3475 4779 3691 4836 ἀλλοίω-

438 4909 925 4987 prOpensissimam
975 4911 1180 4974 sortiti,
1224 4908 1387 4964 simul
1429 4922 1552 4961 cum
1601 4904 1801 4959 sreculo
1846 4902 2013 4956 inter-

440 5007 585 5062 imus
605 5045 620 5070 ,
654 5004 758 5060 hoc
785 5014 888 5068 est,
914 5002 1155 5072 quolibet
1186 5011 1446 5070 tempore,
1478 4996 1845 5066 temporisque
1873 4996 2008 5072 arti:

435 5097 560 5153 culo
627 5094 984 5152 vicissitudini
1068 5092 1416 5160 interitnique
1470 5088 1758 5145 obnoxiam
1841 5068 2008 5140 vitam

438 5189 703 5260 degimus.
734 5185 922 5257 Neque
948 5200 1079 5254 ergo
1107 5183 1364 5238 divinitas
1396 5179 1869 5249 perturbationum
1908 5177 2014 5229 im-

509 5345 552 5379 ²⁶
589 5343 743 5401 Joan.
775 5361 813 5410 ι,
852 5344 934 5399 Η.

2112 4917 2197 4954 σιν
2226 4897 2442 4966 ἔχοντες
2469 4890 2566 4944 καὶ
2585 4888 2815 4959 τροπὴν,
2840 4880 3198 4952 ἀπολλύμεθα
3216 4879 3308 4932 τὸν
3329 4875 3527 4937 αίῶνα,
3549 4884 3691 4923 τουτ-

2112 4991 2260 5044 έστιν
2286 4989 2346 5040 ὲν
2390 4982 2554 5039 παντί
2581 4994 2643 5034 τε
2696 4977 2875 5050 καιρῷ
2905 4976 3001 5031 καὶ
3034 4974 3215 5045 χρόνῳ
3260 4967 3497 5040 φθαρτοί
3528 4968 3687 5032 ἔσμεν

2114 5082 2210 5136 καλ⁸
2237 5076 2474 5150 τρεπτοί.
2526 5072 2652 5127 Οὖτ“
2699 5067 2792 5125 οὖν
2821 5069 2882 5123 τὸ
2914 5068 3069 5122 Θεῖον
3118 5064 3317 5133 γένοιτ’
3359 5060 3426 5114 ἄν
3459 5073 3589 5111 ποτε
3634 5054 3690 5105 ἐν

2119 5146 2449 5243 παρατροπῇ
2479 5167 2578 5238 τῆς
2610 5163 2748 5228 ἰδίας
2779 5160 3148 5233 ἑδραιότητος,
3183 5156 3421 5222 ὲξωσθὲν
3449 5151 3555 5206 ὑπὸ
3589 5146 3688 5201 τῶν

1031 5343 1074 5375 ⁸⁷
1115 5340 1292 5396 Galat.
1329 5354 1400 5402 tv,
1431 5338 1484 5393 4.
1561 5336 1607 5368 ’⁸
1650 5334 1878 5404 Philipp.
1909 5347 1967 5396 tt,

2133 5330 2178 5363 ”
2217 5325 2383 5382 llebr.
2417 5340 2477 5392 ιι,
2511 5324 2597 5379 14.
2675 5323 2720 5355 ³⁰
2760 5319 2992 5376 Barurh.
3027 5332 3109 5382 ιιι,
3143 5315 3197 5370 5.

1527 5474 1698 5529 Varia:
1722 5472 1983 5528 lccnoncs
2006 5468 2209 5524 codicis
2238 5462 2594 5534 Segnieriaui.

517 5621 549 5662 ει
586 5612 682 5679 τὴν
711 5612 814 5680 ἐφ’.

897 5623 916 5649 ³
955 5612 1205 5680 ὕπαρξιν.
1287 5622 1306 5650 ε
1351 5608 1805 5679 ὑπερισχύουσαν.
1892 5605 2327 5680 μπαραιρθοράν.
