3970 6136
284 268 426 325 1149

282 380 473 437 παθῶν
491 397 505 411 °
535 378 649 433 οὒτ’
681 377 748 432 ἂν
775 378 809 448 ἡ
840 374 1052 447 φθαρτή
1074 391 1134 428 τε
1159 375 1255 428 καὶ
1287 376 1644 451 ἀλλοιουμένη
1674 381 1861 450 φύσις,

282 472 567 525 τουτέστιν
610 470 644 539 ἡ
694 464 1479 537 γεννητὴφκαταπλουτήσειεν
1512 467 1578 522 ἂν
1625 469 1859 541 οὑσιώδη

283 563 383 633 τὴν
411 559 697 634 ἀτρεψίαν,
761 555 869 613 οὐδ’
897 555 988 609 ιᾶν
1026 557 1359 625 ἒπαυχήσειε
1403 560 1516 621 τοῖς
1562 561 1663 629 τῆς
1710 559 1861 625 θείας

287 653 505 723 φύσεως
532 650 774 721 ἀγαθοῖς,
809 649 885 710 ὡς
919 647 1094 712 ἰδίοις,
1121 649 1155 717 ή
1201 648 1399 712 κτίσιςο
1432 649 1724 704 ἀκούσεται
1750 652 1861 723 γὰρ

288 744 549 816 εὐλόγως·
582 764 601 797 ε
622 743 808 812 Τίγὰρ
830 740 971 811 ἔχεις
990 739 1018 793 ὃ
1051 740 1150 793 οὐκ
1172 739 1398 808 ἐλαϐεςς
1427 761 1445 793 ι
1481 742 1680 797 Ὀτιδέ
1712 746 1861 798 ἐστιν

286 840 554 909 ἄτρεπτος
577 836 674 906 μὲν
707 833 801 888 καὶ
823 831 1188 895 ἀναλλοίωτος
1209 833 1488 898 παντελῶς
1513 836 1546 905 ἡ
1568 835 1661 888 τοῦ
1684 836 1859 905 Λόγου

287 930 468 1000 φύσις,
504 924 765 994 ἁλλοιωτὴ
792 922 849 976 δὲ
876 921 1058 992 πάντη
1081 923 1114 993 ἡ
1142 921 1364 994 γενητὴ,
1401 923 1745 997 καταθρήσαι
1774 944 1859 992 τις

284 1022 350 1075 ἂν
385 1021 479 1074 καὶ
507 1019 628 1072 λίαν
667 1016 927 1081 εὐκόλως,
954 1013 1432 1085 ἀναμελῳδοῦντος
1468 1015 1526 1068 ἐν
1571 1017 1858 1089 Πνεύματι

285 1110 377 1164 τοῦ
410 1108 679 1181 μακαρίου
704 1105 870 1159 Δαυῒδ
888 1121 903 1137 ’
942 1124 958 1155 ι
981 1106 1045 1157 Οί
1070 1104 1293 1176 οὐρανοὶ
1326 1105 1675 1171 ἀπολοῦνται,
1710 1108 1773 1161 σὺ
1802 1109 1860 1162 δὲ

283 1201 561 1272 διαμένεις
582 1219 595 1232 ·
625 1203 724 1256 καὶ
751 1203 955 1267 πάντες
987 1203 1063 1267 ὡς
1107 1204 1324 1275 ίμάτιον
1362 1204 1857 1276 παλαιωθήσονται,

284 1294 376 1345 καὶ
406 1294 539 1346 ὡσεὶ
595 1294 947 1366 περιὸόλαιον
981 1295 1174 1363 ἑλίξεις
1211 1297 1432 1361 αὐτοὺς,
1474 1297 1570 1351 καὶ
1620 1297 1855 1369 ἀλλαγή-

284 1401 469 1437 σονται
488 1400 503 1413 ⁸
537 1384 602 1437 σὺ
632 1387 690 1438 δὲ
728 1387 757 1439 ὁ
788 1387 952 1451 αὐτὸς
982 1382 1051 1452 εἴ,
1079 1387 1174 1441 καὶ
1200 1387 1270 1441 τὰ
1298 1387 1391 1460 ἔτη
1426 1406 1519 1442 σου
1552 1389 1651 1443 οὐκ
1681 1390 1860 1444 ἐκλεί-

279 1474 462 1542 ψουσι.
503 1494 522 1528 ι
555 1475 668 1529 Ποῦ
697 1477 989 1548 τοιγαροῦν
1028 1478 1337 1549 μεμένηκεν
1368 1480 1396 1532 ὁ
1436 1479 1601 1544 αὐτὸς
1630 1480 1711 1533 ἔτι
1739 1482 1767 1534 ὁ
1796 1484 1860 1534 ὲκ

281 1563 417 1618 Θεοῦ
472 1565 667 1634 Λόγος,
718 1566 881 1639 εἴπερ
911 1568 1059 1621 ἐστὶν
1109 1568 1307 1637 ἀληθὲς
1339 1569 1535 1633 εἰπεῖν,
1560 1570 1640 1623 ὃτι
1676 1571 1860 1641 μεθεὶς

280 1657 344 1710 τὸ
371 1659 469 1729 ὲρη
480 1658 781 1728 ρεισμένως
800 1677 858 1712 τε
886 1660 979 1712 καὶ
1003 1659 1314 1731 ἀκλονήτως
1337 1660 1499 1731 ἔχειν,
1520 1662 1857 1730 καταπεφοί-

1246 261 1333 318 DE
1373 262 1604 320 usam
1642 263 1819 332 FIDE,
1860 265 1951 320 AD
1990 251 2430 324 TﬂEODOSlUM
2473 266 2614 323 tur.

3396 270 3536 330 “50

1962 381 2213 451 pulsione
2234 391 2389 437 extra
2414 382 2648 453 propria:
2663 381 2978 437 stabilitatis
3003 381 3209 437 limites
3237 381 3537 453 aliquando

1962 473 2386 540 exturbabitur;
2428 488 2603 543 neque
2636 471 3004 543 corruptibilis
3045 484 3264 528 rursum
3295 483 3349 528 et
3392 474 3536 529 alte-

1964 562 2148 616 rabilis
2180 572 2394 627 natura,
2434 563 2537 619 ltoc
2568 573 2655 619 est
2698 572 2907 631 creata,
2949 563 3297 619 essentialetn
3336 565 3534 638 immn-

1963 653 2286 709 tabilitatem
2346 654 2672 725 quandoque
2730 654 3107 724 adipiscetur;
3176 670 3352 725 neque
3426 655 3534 710 ulla

1959 747 2180 801 omnino
2213 760 2465 801 creatura
2494 747 2693 817 divinae
2727 755 2935 803 natura:
2964 746 3122 802 bonis
3172 745 3343 801 veluti
3396 760 3527 815 pro-

1959 838 2095 908 priis
2151 836 2444 907 aliquando
2489 838 2881 904 coronabitur;
2930 838 3114 893 audiet
3172 838 3342 907 enim,
3386 848 3441 892 et
3482 837 3534 893 id

1960 927 2175 997 quidem
2215 928 2412 983 merito
2465 946 2479 984 :
2537 946 2557 980 c
2613 927 2752 994 Quid
2802 929 2970 984 habes
3011 930 3155 1001 quod
3218 944 3323 983 non
3386 943 3538 983 acce-

1961 1016 2178 1087 pisti"?
2201 1036 2220 1070 ι
2250 1015 2404 1085 Quod
2433 1027 2610 1073 autem
2634 1019 2801 1090 ipsius
2813 1017 2979 1075 Verbi
3002 1029 3192 1075 natura
3218 1021 3391 1076 modis
3420 1035 3538 1074 om-

1961 1109 2121 1164 nibus
2143 1110 2215 1165 sit
2242 1110 2620 1177 immutabilis,
2663 1122 2718 1166 et
2762 1112 3104 1182 invariabilis
3130 1153 3146 1178 ,
3188 1112 3367 1166 omnis
3406 1126 3538 1167 vero

1960 1209 2139 1255 creata
2169 1202 2388 1255 omnino
2424 1202 2697 1258 mutabilis
2728 1202 2853 1273 ιο,
2882 1202 2936 1257 id
2967 1218 3035 1258 ex
3076 1204 3260 1258 divino
3311 1202 3536 1268 Davide,

1959 1292 2197 1347 suaviter
2214 1292 2267 1346 in
2290 1291 2492 1362 Spiritu
2513 1291 2848 1360 modulante,
2869 1291 3016 1347 nullo
3032 1293 3253 1363 negotio
3271 1291 3539 1362 perspici-

1962 1394 2050 1437 tur
2077 1400 2092 1437 :
2128 1400 2147 1434 ι
2176 1381 2333 1449 Cteli,
2362 1384 2510 1437 canit
2536 1382 2603 1451 is,
2628 1383 2904 1452 peribunt,
2928 1392 2983 1438 tu
3002 1393 3181 1438 autem
3210 1396 3533 1454 permanes;

1959 1487 2013 1530 et
2042 1492 2231 1531 omnes
2265 1476 2408 1531 sicut
2435 1475 2817 1531 vestimentum
2848 1484 3194 1532 veterasceut
3218 1514 3234 1542 ,
3292 1484 3349 1529 et
3390 1474 3532 1529 sicut

1959 1566 2297 1638 apertorium
2333 1567 2577 1623 involves
2614 1583 2731 1633 eos,
2764 1568 3195 1623 etmutabuntur
3225 1585 3240 1622 :
3270 1576 3325 1620 tn
3349 1576 3532 1619 autem

1959 1652 2102 1712 idem
2147 1658 2261 1728 ipse
2301 1672 2382 1723 es,
2414 1665 2469 1712 et
2506 1658 2632 1712 anni
2678 1660 2752 1713 tui
2798 1674 2905 1713 non
2930 1656 3267 1714 deﬁcient".
3310 1656 3417 1709 »Αι
3442 1652 3535 1725 qui

281 1764 418 1815 τηκε
461 1749 560 1818 μὲν
585 1750 665 1813 είς
692 1750 829 1819 ὅπερ
854 1750 954 1803 οὐκ
985 1746 1073 1822 ἦν,
1119 1752 1554 1823 μεταπεποίηται
1578 1751 1634 1806 δὲ
1662 1753 1754 1807 καὶ
1782 1754 1863 1817 είς

1968 1748 2082 1803 tieri
2115 1756 2315 1819 potest,
2342 1756 2401 1801 ut
2432 1747 2526 1803 Dei
2552 1746 2789 1804 Verbum
2823 1750 2963 1805 idem
2988 1762 3213 1820 prorsus
3243 1744 3531 1808 manserit,

285 1839 490 1911 σαρκὸς
529 1839 711 1910 φύσιν,
745 1842 837 1894 καὶ¹
870 1843 948 1902 εἰς
971 1841 1033 1894 τὸ
1069 1841 1391 1915 φθείρεσθαι
1420 1842 1697 1913 πεφυκός;
1728 1838 1854 1914 'Ap’

282 1929 375 1985 οὖν
403 1934 521 2004 οὐχὶ
541 1934 706 2005 λῆρός
731 1952 789 1988 τε
828 1933 931 2005 ἤδη
954 1934 1050 1989 καὶ
1082 1935 1248 2006 μανία
1276 1934 1466 2001 ταυτί;
1499 1936 1678 1989 καίτοι
1736 1935 1856 1998 πῶς

282 2021 349 2077 ἂν
374 2023 665 2077 ἐνδοιάσειὲ
703 2040 789 2087 τις
821 2041 837 2087 ;

286 2129 425 2180 ram,
461 2114 563 2169 hoc
594 2124 699 2179 est,
750 2116 801 2170 iu
868 2116 923 2171 id
982 2117 1127 2187 quod
1170 2117 1443 2186 corrumpi
1495 2126 1677 2171 natum
1724 2127 1827 2171 est.
1893 2116 2111 2179 Annon,
2171 2116 2424 2181 obsecro,

1964 1840 2009 1895 si
2031 1854 2157 1895 vere
2180 1839 2447 1895 asseritnr
2469 1838 2769 1895 stabilitate
2789 1839 3348 1908 immutabilitateque
3372 1851 3535 1906 quam

1967 1930 2222 1998 habebat,
2261 1931 2475 1997 relicta,
2522 1931 2574 1986 in
2608 1932 2739 1987 illud
2796 1913 3104 1996 transiisse,
3153 1930 3297 2003 quod
3347 1939 3542 1998 suapte

1972 2034 2164 2079 natura
2204 2039 2310 2079 non
2342 2035 2503 2090 erat,
2550 2033 3086 2095 transmutatumqne
3125 2037 3245 2078 esse
3272 2024 3327 2077 in
3376 2029 3536 2075 natu-

2498 2114 2686 2172 istbmc
2726 2130 2879 2172 mera
2908 2124 3037 2170 sunt
3065 2114 3302 2171 deliria?
3327 2126 3538 2180 annon,

284 2218 471 2277 aperte
520 2218 647 2262 sunt
700 2209 972 2264 insaniae?
1031 2211 1172 2264 Sunt
1222 2212 1471 2279 equidem
1504 2212 1637 2265 citra
1686 2209 1850 2265 ullam
1892 2225 2120 2282 prorsus
2148 2207 2612 2265 controversiam.

357 2302 462 2353 ΙΝ.
506 2301 648 2371 Ὥρα
677 2301 996 2371 γὰρ-εἰπεῖν
1020 2305 1142 2367 ταῖς
1171 2303 1397 2356 ἐκείνων
1425 2301 1687 2372 ἀμαθίαις
1717 2303 1862 2357 am.

287 2392 562 2454 τείνοντας
612 2391 1007 2462 ἀμαθέστερον,
1056 2393 1131 2456 ὠς
1167 2393 1314 2445 ἐστιν
1356 2394 1455 2446 οὐκ
1494 2393 1719 2457 ἀπεικὸς
1765 2393 1860 2447 καὶ

288 2482 386 2547 τὴν
439 2481 540 2533 οὐκ
577 2480 684 2533 ἀπὸ
712 2480 819 2550 γῆς
866 2481 1043 2552 σάρκα
1087 2481 1277 2552 πρὸςιι
1318 2482 1417 2552 τὴν
1459 2483 1557 2549 τῆς
1606 2482 1862 2554 θεότητος

292 2570 452 2637 φύσιν
496 2570 794 2640 ἁναφοιτᾷν
846 2569 1106 2623 δύνασθαί
1137 2586 1286 2635 ποτε,
1324 2570 1551 2641 καὶτῆς
1602 2571 1860 2625 ἀνωτάτω

296 2660 487 2713 πασῶν
515 2661 704 2724 οὐσίας
743 2659 993 2729 γενέσθαι
1039 2662 1314 2715 σύστασιν.
1356 2663 1418 2715 El
1463 2661 1569 2732 γὰρ
1604 2661 1743 2732 αὐτὴ
1769 2662 1868 2733 τῆς

295 2750 549 2819 θεότητος
581 2738 933 2821 φύσις,’κατά
965 2769 1028 2821 γε
1072 2752 1169 2824 τὴν
1215 2753 1439 2806 ἐκείνων
1472 2753 1871 2825 ἐμϐροντησίαν

292 2843 373 2904 εἰς
402 2842 499 2911 τὴν
528 2843 625 2914 τῆς
662 2844 863 2914 σαρκὸς
898 2844 1321 2915 μετακεχιῦρηκε
1366 2844 1548 2913 φύσιν,
1588 2845 1761 2907 οὐδὲν,
1796 2845 1872 2909 ὡς

294 2932 464 2998 ἔοικε,
502 2935 563 2987 τὸ
608 2936 873 3008 ἀπεῖργον
910 2936 1011 3001 ἔτι,
1037 2936 1134 3007 τὴν
1162 2937 1262 3007 μὲν
1310 2937 1461 2990 κάτω
1492 2953 1551 2988 τε
1592 2938 1687 2990 καὶ
1731 2936 1871 2989 ίδίαν

2034 2301 2128 2357 XI.
2164 2301 2378 2370 Alioqui
2410 2309 2581 2355 restat
2612 2307 2669 2352 ut
2700 2297 2968 2363 dicamus,
3003 2297 3218 2352 illorum
3246 2293 3537 2353 stoliditati

1960 2396 2210 2450 stolidius
2243 2393 2525 2464 quidpiam
2556 2401 2915 2462 opponentes,
2948 2391 3241 2445 absurdum
3272 2405 3376 2444 non
3406 2406 3528 2446 esse

1964 2496 2023 2540 ut
2051 2496 2262 2539 terrena
2291 2484 2458 2538 etiam
2489 2498 2618 2537 caro
2658 2481 2829 2551 possit
2854 2482 2905 2536 in
2933 2479 3236 2537 diviuitatis
3276 2490 3526 2536 naturam

1964 2576 2255 2644 aliquando
2302 2573 2588 2636 converti,
2636 2570 2873 2644 ﬁerique
2922 2568 3227 2626 substantia
3287 2570 3535 2624 omnium

1964 2682 2214 2735 suprema
2246 2663 2345 2737 (ι).
2376 2662 2507 2718 Nam
2540 2664 2586 2717 si
2616 2663 2799 2716 divina
2826 2662 2942 2731 ipsa
2973 2671 3190 2729 natura,
3216 2660 3373 2726 juxta
3418 2671 3538 2717 stu-

1966 2756 2148 2824 pidum
2188 2755 2404 2810 illorum
2427 2768 2669 2818 sensum,
2703 2753 2925 2807 transiit
2955 2754 3005 2807 in
3037 2753 3223 2809 carnis
3258 2762 3534 2817 naturam,

1967 2846 2099 2902 nihil
2125 2847 2345 2901 obstare
2374 2846 2610 2909 videtur,
2634 2845 2925 2914 quominus
2950 2858 3099 2910 caro,
3148 2841 3460 2899 inferiorem
3487 2854 3543 2899 et

1966 2936 2246 3007 pr0priam
2301 2933 2694 2989 transcendens
2758 2941 3055 3001 naturam,
3123 2931 3544 2988 transformetur

294 3026 455 3093 φύσιν
513 3026 924 3097 ὑπερπέτασθαι
979 3027 1077 3097 τὴν
1137 3027 1336 3099 σάρκα,
1392 3027 1864 3099 μεταπλάττεσθαι

1971 3027 2136 3082 etiam
2190 3027 2241 3080 in
2301 3026 2556 3080 deitatem
2599 3033 2654 3078 et
2691 3038 2960 3079 summam
3014 3023 3327 3079 essentiam.
3372 3023 3536 3093 Atqui

289 3118 346 3169 δὲ
388 3119 482 3171 καὶ
534 3118 669 3189 πρὸς
723 3117 953 3190 θεότητα
980 3159 995 3185 ,
1055 3120 1149 3173 καὶ
1190 3120 1271 3183 είς
1318 3119 1505 3173 οὐσίαν
1560 3117 1677 3191 τὴνκ
1722 3119 1865 3172 ἀνω-

289 3210 454 3261 τάτω.
506 3208 645 3261 Ἀλλ’
693 3210 754 3262 οὐ
810 3212 931 3273 ταῖς
1006 3209 1228 3262 ἐκείνων
1279 3207 1594 3271 ἀσυνεσίαις
1662 3207 1726 3261 τὸ
1775 3207 1866 3260 εὐ-

293 3299 475 3363 πειθὲς
537 3300 912 3372 χαριούμεθα,
979 3300 1224 3371 ἑψόμεθα
1266 3310 1293 3338 τ
1343 3300 1401 3354 δὲ
1474 3301 1678 3372 μᾶλλον
1744 3302 1911 3366 ταῖς,

293 3391 463 3454 θείαις
487 3393 747 3462 Γραφαῖς,
783 3394 883 3447 καὶ
917 3395 1204 3465 Προφήτου
1238 3394 1335 3463 μὲν
1370 3394 1621 3463 λέγοντος
1643 3411 1657 3425 ·
1692 3413 1712 3447 ς
1734 3394 1863 3448 Ἰδοὺ

292 3486 328 3555 ἡ
363 3485 629 3554 παρθένος
673 3487 729 3537 ὲν
778 3485 979 3554 γαστρὶ
1026 3487 1159 3551 ἕξει,
1202 3488 1296 3538 καὶ
1328 3486 1541 3552 τέξεται
1590 3489 1726 3553 υίδν,
1770 3487 1867 3541 καὶ

295 3577 586 3628 καλέσουσι
637 3576 697 3628 τὸ
750 3576 918 3645 ὄνομα
958 3575 1121 3629 αὑτοῦ
1184 3577 1557 3649 Ἐμμανουήλο
1614 3598 1632 3629 ι
1694 3597 1865 3635 κατα-

299 3664 689 3734 σφραγίζοντος
722 3667 778 3718 δὲ
817 3666 914 3737 τὴν
949 3668 1407 3738 προαναφώνησιν
1452 3669 1543 3722 τοῦ
1593 3672 1864 3744 μακαρίου

301 3756 558 3827 Γαϐριὴλ,
587 3757 679 3808 καὶ
699 3756 797 3827 τὴν
824 3758 1029 3812 ἄνωθεν
1061 3758 1240 3828 ψῆφον
1268 3763 1331 3829 τῇ
1371 3760 1627 3831 παρθένῳ
1649 3762 1868 3833 διερμη-

299 3847 575 3911 νεύοντος·
614 3868 631 3900 ι
658 3848 748 3920 Μὴ
790 3848 955 3917 φοϐοῦ
992 3850 1117 3920 γὰρ,
1148 3850 1275 3921 ἔψη.
1318 3852 1554 3924 Μαριάμ
1575 3869 1589 3884 θ
1621 3855 1703 3907 ὅτι
1755 3855 1866 3910 ἰδοὺ

299 3940 544 4011 συλλήψῃ
581 3943 638 3992 ἑν
666 3942 883 4012 γαστρὶ,
922 3942 1015 3995 καὶ
1047 3942 1176 4015 τέξῃ
1208 3943 1344 4007 υἱον,
1384 3946 1478 3997 καὶ
1529 3945 1780 4011 καλέσεις
1806 3948 1867 4002 τὸ

294 4033 465 4102 ὄνομα
518 4032 683 4086 αὑτοῦ
732 4032 963 4102 Ἰησοῦν.
1004 4053 1022 4086 ι
1069 4035 1164 4088 Ἐκ
1216 4038 1475 4104 γυναικὸς
1517 4034 1612 4093 οὖν
1650 4040 1867 4113 ἀληθῶς

295 4124 657 4193 γεγεννῆσθαι
711 4124 1041 4196 πιστεύομεν
1099 4127 1189 4181 τὸν
1241 4130 1609 4203 Ἐμμανουήλ,
1662 4134 1757 4187 καὶ
1806 4133 1868 4187 τὸ

295 4215 551 4286 λαμπρόν
580 4234 639 4270 τε
668 4217 761 4272 καὶ
796 4218 1125 4286 ἀξιάγαστον
1164 4221 1263 4292 τῆς
1302 4222 1511 4277 ἑαυτῶν
1541 4225 1759 4294 φύσεως
1804 4227 1866 4279 οὐ

296 4309 605 4379 διωσόμεθα
661 4311 957 4383 καύχημα,
998 4314 1320 4385 φρονοῦντες
1358 4316 1551 4387 ὀρθῶς.
1608 4318 1869 4390 Ἐπεδρά-

301 4400 431 4463 ξατο
458 4413 484 4440 ι
515 4399 623 4471 γὰρ
649 4401 677 4452 ὀ
709 4402 1018 4473 Μονογενὴς
1063 4403 1186 4473 οὐχὶ
1219 4403 1320 4474 τῆς
1366 4406 1501 4470 ιδίας
1527 4404 1866 4480 φύσεωςςῆν

295 4486 407 4556 γὰρ
440 4488 507 4541 ἂν
534 4488 688 4542 οὐδέν
712 4507 764 4542 τι
795 4490 995 4560 μᾶλλον
1021 4493 1089 4546 τὰ
1111 4482 1232 4546 καθ’
1269 4495 1419 4565 ἡμᾶς
1447 4496 1505 4549 ἐν
1535 4497 1866 4568 ἀμείνοσιν),

295 4579 411 4631 ἀλλ’
428 4579 547 4632 οὐδὲ
569 4581 666 4652 τῆς
693 4582 965 4651 ἀγγέλων
986 4584 1140 4652 ἀλλὰ,
1168 4605 1186 4637 ‹
1219 4587 1536 4656 σπέρματος
1559 4587 1866 4660 ’Λϐραὰμ,»

196 4702 197 4705 η
296 4671 443 4724 καθὰ
489 4672 817 4743 γέγραπται.
843 4671 953 4728 Ἦν
998 4676 1106 4745 γὰρ
1157 4677 1327 4741 οὕτω,
1363 4682 1459 4731 καὶ
1500 4679 1597 4750 οὐχ
1640 4681 1868 4752 ἑτέρως,

294 4764 354 4815 τὸ
388 4762 737 4833 διολισθῆσαν
768 4766 848 4829 εἰς
879 4766 1085 4838 φθορὰν
1123 4766 1513 4823 ἀνασώσασθαι
1544 4770 1719 4836 γένος.

366 4941 466 4993 ιη’.
511 4941 576 4992 Τί
620 4941 709 5008 δέ;
743 4942 864 5014 οὐχὶ
904 4944 1123 4998 κάκεῖνο
1169 4946 1309 5017 πρὸς
1348 4947 1530 5000 τοῖσδε
1588 4947 1866 5001 καταθαυ-

300 5033 496 5101 μάζειν
529 5032 711 5099 ἄξιον;
751 5036 1033 5106 μονονουχὶ
1061 5037 1170 5110 γὰρ
1212 5039 1308 5092 καὶ
1347 5038 1408 5091 τὸ
1437 5039 1711 5111 ἐρρῶσθαι
1742 5039 1875 5108 φρά-

1969 3135 2075 3174 non
2114 3119 2186 3172 ita
2226 3112 2541 3185 desipimus,
2587 3130 2689 3189 nec
2736 3124 2882 3170 tanta
2937 3114 3160 3170 levitate
3208 3129 3420 3178 sumus,
3455 3122 3533 3180 ut,

1967 3209 2299 3281 posthabitis
2331 3217 2536 3262 sanctas
2566 3208 2867 3277 Scriptura:
2900 3207 3122 3270 litteris,
3159 3205 3364 3260 insan-ze
3417 3203 3542 3258 illo-

1971 3319 2089 3357 rum
2143 3299 2432 3356 sententiae
2486 3309 2595 3354 tam
2670 3298 2864 3354 leviter
2924 3297 3375 3361 subscribamus,
3421 3311 3543 3351 cum

1968 3393 2230 3463 propheta
2275 3391 2478 3446 diserte
2531 3389 2676 3444 dicat
2703 3406 2776 3443 ιιι
2818 3388 2958 3444 Ecce
3005 3387 3156 3458 virgo
3185 3385 3453 3454 concipiet
3490 3394 3547 3439 et

1967 3483 2140 3553 pariet
2197 3482 2399 3548 tilium,
2446 3491 2503 3537 et
2550 3481 2833 3536 vocabitur
2888 3494 3083 3553 nomen
3150 3479 3269 3546 ejus
3322 3476 3545 3532 Emma-

1968 3576 2240 3642 ηιιθ1³³ςι
2283 3574 2582 3642 beatusque
2624 3572 2835 3626 Domini
2873 3570 3101 3640 angelus
3140 3562 3386 3635 Gabriel,
3415 3578 3544 3638 pro-

1965 3669 2143 3736 phetae
2175 3664 2456 3721 oraculum
2503 3663 2841 3718 confirmans
2890 3654 3233 3729 cmlesteqne'
3264 3662 3545 3714 decretum

1972 3757 2172 3828 Virgini
2195 3770 2490 3827 exponens,
2519 3754 2590 3808 ita
2619 3752 2874 3821 praedicet
2901 3767 2917 3804 :
2947 3770 2965 3802 ι
2988 3750 3065 3805 Ne
3095 3751 3308 3814 timeas,
3339 3748 3541 3802 Maria:

1967 3863 2093 3906 ecce
2125 3851 2397 3915 concipies
2423 3849 2474 3903 in
2497 3857 2672 3910 utero,
2698 3852 2753 3899 et
2774 3844 2951 3913 paries
2987 3843 3175 3906 tilium,
3230 3850 3285 3895 et
3316 3839 3542 3894 vocabis

1970 3956 2161 3996 nomen
2198 3939 2313 4009 ejus
2356 3939 2537 3994 Jesum
2566 3937 2632 3991 “.
2682 3953 2701 3986 ‹
2743 3932 3147 3988 Emmanttelem
3184 3931 3411 4000 proinde
3469 3943 3536 3983 ex

1970 4033 2195 4087 muliere
2219 4045 2344 4086 vere
2403 4041 2589 4085 natmn
2624 4036 2788 4094 ,certo
2827 4024 3141 4088 credimus;
3192 4038 3365 4092 neque
3412 4022 3539 4075 illu-

1968 4133 2136 4178 strem
2168 4122 2335 4186 illam,
2382 4134 2705 4189 summaque
2750 4115 3111 4171 admiratione
3144 4114 3359 4191 dignam
3387 4121 3544 4166 natu-

1970 4230 2044 4269 ra:
2067 4223 2263 4268 nostra:
2284 4212 2531 4284 gloriam,
2563 4212 2607 4265 si
2632 4218 2781 4264 certe
2806 4206 3067 4277 sapimus,
3091 4203 3543 4274 asperuabimnr;

1971 4307 2212 4376 suscepit
2251 4318 2483 4374 namque
2522 4302 2853 4374 Unigenitus
2906 4314 3012 4354 non
3056 4298 3329 4368 propriam
3382 4303 3543 4350 natna

1972 4415 2085 4453 ram
2127 4398 2253 4469 (hac
2300 4398 2444 4451 enim
2484 4395 2695 4451 ratione
2730 4393 2863 4448 nihil
2913 4388 3162 4447 utilitatis
3202 4398 3407 4443 natura:
3447 4402 3546 4442 nos

1966 4502 2094 4546 strae
2125 4489 2492 4560 accessisset),
2517 4488 2610 4545 sed
2640 4502 2816 4557 neque
2840 4484 3138 4555 angelicam
3166 4494 3381 4554 quoque
3422 4494 3541 4534 sus-

1971 4584 2152 4653 cepit;
2197 4598 2407 4644 verum,
2437 4591 2495 4636 ut
2530 4580 2796 4653 scriptum
2843 4589 2963 4644 est,
2992 4596 3012 4629 ι
3071 4574 3303 4630 Abrahae
3358 4585 3545 4627 semen

1974 4674 2333 4744 apprehendit
2365 4673 2433 4728 ³⁸.
2470 4692 2487 4725 ι
2531 4672 2646 4727 lloc
2679 4671 2848 4733 enim,
2876 4684 2980 4723 non
3006 4662 3113 4722 alio
3148 4665 3306 4720 modo
3349 4662 3547 4717 ltumas

1977 4783 2101 4821 num
2141 4782 2311 4838 genus
2342 4767 2395 4821 in
2430 4764 2712 4820 interitum
2760 4761 3070 4834 prolapsum
3105 4754 3397 4813 instaurari
3442 4767 3546 4822 po-

1976 4866 2136 4911 terat.

2040 4949 2153 5005 XII.
2188 4949 2327 5018 Quid
2360 4949 2581 5004 autem?
2630 4948 2823 5003 Annon
2860 4958 3094 5011 summa,
3123 4956 3329 5013 quaeso,
3363 4935 3541 4995 adllli'.

1972 5041 2184 5096 ratione
2212 5042 2434 5113 dignum
2468 5051 2571 5108 est,
2618 5038 2908 5110 quosdam,
2940 5037 3067 5092 dum
3105 5042 3338 5091 mentem
3388 5041 3545 5090 suam

366 5188 405 5218 ³⁸
450 5190 464 5243 Ι
501 5187 626 5245 Cor.
664 5205 735 5252 tv,
764 5189 815 5244 7.
894 5189 938 5222 "
978 5188 1120 5245 Psal.
1152 5207 1226 5255 Ct,
1261 5192 1346 5255 I7,
1381 5191 1466 5246 l8.
1541 5190 1587 5222 ³³
1628 5192 1729 5246 Isa.
1787 5208 1858 5245 vn

1968 5194 2001 5248 ι.
2066 5192 2127 5227 “³⁸
2168 5193 2298 5249 Luc.
2330 5209 2368 5261 ι,
2398 5193 2489 5250 50.
2566 5195 2610 5230 ⁸⁸
2653 5193 2817 5251 Hebr.
2850 5208 2911 5258 tt,
2948 5190 3035 5246 16.

1383 5342 1553 5399 Variae
1574 5345 1828 5399 lectiones
1857 5347 2060 5404 codicis
2086 5348 2445 5417 Seguicriani.

403 5486 428 5513 υ
463 5480 562 5540 εἰς.
640 5476 1152 5546 νπροσκεισὸμεθα.
1234 5492 1256 5518 ι
1300 5478 1611 5532 ἐπελάϐετο.

371 5629 448 5697 ll)
482 5628 541 5681 Al
590 5638 635 5682 ct
673 5643 929 5696 suprema
960 5629 1189 5682 omnium
1218 5629 1524 5684 substantia:
1557 5629 1853 5697 subjectum
1894 5648 2001 5687 esse
2029 5632 2216 5701 pomt.
