3970 6136
455 205 584 261 Ηέιι

1445 200 1505 255 S.
1545 198 1818 258 CYRILLI
1860 193 2327 254 ALEXANDEEIXI
2368 198 2686 255 AliGlllEP.

3592 200 3740 255 1252

451 337 702 376 errorum
732 319 1017 390 spiritibus
1052 319 1486 383 accommodant,
1526 318 1833 387 divinumque
1874 314 2021 371 Seri—

2144 331 2325 376 σαντες
2354 316 2419 384 τῇ
2447 311 2792 382 θεοπνεύστῳ
2827 311 3042 382 Γραςρῇ,
3077 310 3172 363 καὶ
3198 309 3475 381 πνεύματι
3512 311 3738 382 πλάνης

451 421 621 484 ιιιιιιιιῐ·
661 404 759 481 ll
789 412 996 466 tantum
1031 418 1134 465 neu
1165 410 1411 464 nuntium
1439 410 1680 473 mittunt,
1718 411 1769 463 in
1795 424 1912 463 eam
1953 418 2027 462 te-

453 499 799 569 meritatem,
864 501 1231 572 puerilemque
1267 502 1549 556 stultitiam
1602 501 1922 565 devenisse,
1971 511 2031 555 nt

455 596 779 649 sa-culorum
810 592 1059 661 Opiﬁcent
1119 591 1283 646 Deum
1318 590 1556 645 Verbum
1587 633 1600 657 ,
1641 591 1748 647 Deo
1782 602 1835 648 et
1882 585 2028 648 Patri

453 693 809 745 mmiernum.
846 692 941 751 per
961 684 1145 737 carnis
1173 683 1440 752 originem
1469 683 1701 752 primunt
1729 685 2027 739 exsistendi

442 777 670 831 initium
722 772 976 843 adeptum
1027 789 1146 828 esse
1198 775 1573 838 arbitrentur;
1615 775 1875 845 illumque
1915 776 2026 845 jam

455 875 597 920 lnmc
629 869 843 920 demum
884 877 1070 919 natum
1125 866 1511 934 imaginentur,
1560 868 1649 936 qui
1693 884 1851 921 mune
1899 880 2030 922 tem-

454 971 554 1025 pus
601 966 650 1009 et
684 971 857 1007 a-vnm
894 955 1189 1016 antecedit,
1234 964 1286 1008 ut
1341 951 1480 1008 Deus
1513 957 1599 1010 vix
1650 960 1869 1012 laudent
1923 958 2029 1012 ali-

451 1047 695 1115 quando,
730 1058 923 1113 nempe
963 1044 1224 1097 ettremis
1262 1044 1411 1098 hisce
1453 1046 1850 1102 incarnationis
1892 1058 2030 1101 tem-

451 1136 681 1205 poribus
716 1135 889 1190 factus
919 1137 990 1190 sit
1028 1132 1222 1201 Pater;
1278 1143 1330 1190 et
1379 1135 1447 1202 is,
1497 1152 1591 1207 per
1634 1155 1792 1209 quem
1825 1143 2029 1207 omnia,

454 1238 508 1282 et
539 1229 588 1281 in
625 1243 732 1297 quo
763 1227 965 1290 omnia,
993 1235 1170 1281 sumat
1200 1226 1497 1283 exsistendi
1529 1225 1738 1283 initium
1775 1248 1878 1285 una
1909 1248 2031 1286 cum

455 1316 683 1386 templo,
746 1316 888 1384 quod
922 1316 1092 1370 edidit
1123 1314 1331 1387 Virgo?
1360 1318 1549 1371 Annon
1580 1315 1743 1388 igitur
1773 1318 1839 1373 ad
1888 1336 2035 1374 sum-

459 1407 907 1479 ntummalorum
948 1406 1228 1475 fastigium
1262 1415 1630 1476 pervenerunt
1658 1448 1673 1472 ,
1707 1406 1798 1479 qui
1837 1411 2035 1466 mentis

457 1476 679 1568 Stupoi-e
710 1498 950 1569 oppressi
979 1539 994 1563 ,
1031 1497 1226 1553 fabulae
1258 1499 1393 1554 adeo
1429 1501 1650 1554 animali
1687 1476 1742 1553 et
1771 1517 2032 1557 exsecrao

457 1590 551 1646 bili
601 1601 707 1646 tam
748 1596 1001 1662 prompto
1038 1591 1222 1644 animo
1264 1590 1573 1646 inha‘reut?
1607 1610 1625 1643 ι
1671 1588 1811 1648 Vere
1846 1594 2032 1662 sepul-

2136 408 2227 459 τὸν
2263 406 2462 459 οἰκεῖόν
2504 422 2650 467 τινες
2682 403 3049 473 ἀπονέμοντες
3091 402 3236 467 νοῦν,
3266 404 3347 465 εἰς
3383 402 3548 455 τοῦτο
3592 405 3739 456 καθ-

2140 498 2315 551 ίκοντο
2338 495 2681 559 δυσϐουλίας,
2715 495 2807 547 καὶ
2843 492 3237 565 μειρακιὼδους
3267 493 3627 563 ἀϐελτηρίας,
3653 496 3738 558 ὡς

2135 587 2341 641 οἴεσθαι
2378 588 2508 648 δεῖν,
2537 588 2629 640 τὸν
2674 585 2781 638 τῶν
2816 582 3030 638 αἰώνων
3075 584 3429 656 δημιουργὸν,
3466 585 3562 638 τὸν
3607 604 3735 640 συν-

2137 679 2305 731 αἲδιον
2338 678 2414 747 τῷ
2460 676 2579 747 Θεῷ
2610 676 2703 730 καὶ
2750 674 2926 744 Πατρὶ
2955 675 3088 728 Θεὸν
3128 676 3322 745 Λόγον,
3353 679 3417 747 τῇ
3448 678 3553 747 τῆς
3593 696 3735 749 σαρ-

2139 771 2232 833 κὸς
2263 770 2473 839 γενέσει
2506 767 3092 839 συμπαρομαρτοῦσαν
3132 768 3276 836 ἔχειν
3303 770 3403 839 τῆς
3435 771 3738 842 ὑπάρξεως

2138 863 2238 932 τὴν
2273 862 2468 931 ἀρχὴν,
2514 861 2612 914 καὶ
2662 860 2889 929 ὀιᾲιγενῆ
2925 858 3291 927 φαντάζεσθαι
3323 861 3415 914 τὸν
3466 862 3737 915 ἐπέκεινα

2141 955 2342 1017 παντὸς
2368 953 2566 1015 αἰῶνος
2600 952 2697 1005 καὶ
2728 950 2924 1022 χρόνου
2945 969 2958 980 ·
2979 951 3054 1013 ὡς
3086 950 3142 1002 ἐν
3166 952 3422 1020 ἐσχάτοις
3453 955 3550 1005 καὶ
3579 953 3740 1023 μόλις

2138 1044 2361 1113 τοῖςτῆς
2382 1042 2845 1113 ἐνανθρωπήσεως
2869 1045 3102 1114 καιροῖς,
3127 1042 3347 1112 Πατέρα
3363 1043 3463 1111 μὲν
3475 1045 3737 1112 γενέσθαι

2138 1133 2229 1187 τὸν
2257 1134 2419 1187 Θεὸν·
2456 1132 2834 1187 συνεισϐαλεῖν
2864 1132 2922 1185 δὲ
2953 1131 3144 1203 ὥσπερ
3172 1134 3251 1195 εἰς
3273 1133 3333 1185 τὸ
3360 1129 3506 1187 εἶναί
3540 1152 3605 1187 τε
3644 1137 3739 1188 καὶ

2141 1223 2440 1290 ὑφεστάναι
2486 1221 2564 1292 τῷ
2607 1225 2671 1275 ἐκ
2719 1220 2819 1291 τῆς
2866 1220 3143 1293 Παρθένου
3173 1221 3307 1287 ναῷ,
3347 1223 3441 1277 τὸν
3472 1224 3540 1277 δι’
3571 1220 3637 1277 οῦ
3668 1227 3734 1278 τὲ

2142 1315 2341 1378 πάντα,
2369 1314 2465 1367 καὶ
2497 1314 2555 1367 ὲν
2578 1306 2622 1380 ᾧ
2645 1312 2712 1366 τὰ
2736 1313 2935 1366 πάντα.
2963 1307 3089 1383 τΛρ⁹
3122 1307 3216 1365 οῦν
3247 1313 3371 1382 οὑχὶ
3404 1314 3546 1385 πρὸς
3578 1315 3736 1385 λῆξιν

2142 1405 2242 1476 ἤδη
2269 1404 2365 1475 τὴν
2399 1403 2661 1457 ἀνωτάτω
2688 1400 3041 1473 διεληλάκασι
3091 1394 3200 1456 τῶν
3230 1403 3444 1466 κακῶν,
3476 1406 3529 1456 οἱ
3564 1405 3733 1475 μῦθον

2141 1490 2283 1548 οὕτω
2319 1494 2540 1567 γραὼδη
2574 1494 2668 1548 καὶ
2707 1493 2963 1565 βδελυρὸν
3008 1494 3412 1565 προχειρότατα
3441 1497 3729 1567 προσηκά-

2147 1604 2318 1657 μενοι,
2342 1585 2435 1639 καὶ
2471 1581 2572 1657 τῆς
2602 1583 2843 1658 ἀκράτου
2872 1585 3104 1648 νωθείας
3140 1586 3228 1637 τὸν
3254 1587 3459 1638 οἰκεῖον
3488 1587 3729 1659 ἀναπλη-

459 1694 610 1736 erum
650 1692 843 1753 patens
874 1692 959 1737 est
988 1692 1172 1752 guttur
1200 1698 1385 1738 eorum
1413 1700 1428 1749 ;
1462 1694 1516 1739 et
1552 1685 1749 1755 linguis
1789 1687 1902 1740 suis
1938 1687 2034 1742 do-

2144 1675 2414 1748 ρὼσαντες
2453 1673 2611 1742 νοῦν;
2653 1695 2671 1727 ι
2707 1670 2890 1745 Τάφος
2936 1669 3151 1744 ἀληθῶς
3186 1676 3550 1747 ἀνεῳγμένος
3574 1680 3603 1730 ὀ
3634 1678 3728 1732 λά-

460 1774 576 1828 lose
601 1784 765 1843 agunt
793 1797 803 1829 :
837 1788 1104 1828 venenum
1142 1775 1388 1844 aspidum
1416 1776 1517 1830 sub
1545 1775 1704 1830 labiis
1732 1788 1918 1830 eorum
1941 1794 1956 1843 ;
1978 1794 2038 1833 us

460 1876 648 1916 eorum
686 1861 1070 1917 maledictione
1099 1869 1153 1916 et
1176 1862 1539 1918 amaritudine
1564 1865 1777 1934 plenum
1807 1878 1889 1923 est
1913 1868 1977 1921 ³⁸.
2014 1888 2039 1921 ι-

459 1946 612 2007 lllum
648 1969 918 2023 namque,
956 1969 1054 2025 per
1089 1971 1249 2024 quem
1303 1956 1608 2011 subsistunt
1655 1956 1858 2026 omnia,
1912 1973 2038 2016 aute

460 2046 640 2100 omnia
670 2045 946 2103 exstltisse
995 2049 1307 2102 necessario
1342 2048 1748 2117 intelligendum
1795 2063 1896 2106 est.
1930 2043 2037 2107 Sed

461 2136 593 2207 quid
647 2145 903 2207 agerent,
938 2153 1061 2192 cum
1108 2135 1350 2193 Joannes
1385 2140 1631 2194 scribat:
1668 2159 1687 2192 ι
1739 2140 1796 2195 lu
1833 2144 2036 2212 pl'ittt'i-

462 2226 552 2296 pio
590 2238 709 2283 erat
752 2227 1010 2294 Verbum,
1041 2240 1095 2284 et
1129 2228 1362 2285 Verbum
1398 2243 1516 2286 erat
1554 2234 1694 2300 apud
1728 2232 1941 2300 Deum;
1984 2242 2039 2289 et

464 2311 606 2374 Deus
640 2329 759 2381 erat
811 2321 1092 2377 Verbum:
1149 2322 1249 2377 hoc
1302 2332 1420 2376 erat
1479 2324 1531 2377 in
1580 2325 1846 2395 principio
1897 2328 2037 2396 apud

462 2409 674 2468 Deum?
709 2411 899 2468 Omnia
937 2431 1033 2484 per
1067 2415 1242 2483 ipsum
1283 2414 1426 2470 facta
1477 2424 1623 2477 sunt,
1666 2426 1717 2471 et
1752 2419 1872 2473 sine
1921 2419 2039 2489 ipso

465 2503 666 2559 Pactum
702 2514 785 2561 est
818 2518 992 2575 neque
1026 2516 1217 2569 tinum,
1255 2507 1398 2577 quod
1438 2506 1636 2561 factum
1688 2519 1772 2563 est
1799 2508 1863 2562 ³⁷.
1903 2528 1921 2561 ι
1976 2507 2042 2564 Ει

463 2597 572 2649 alio
602 2607 816 2653 rursum
846 2596 1007 2651 loco:
1050 2614 1069 2648 ι
1107 2597 1259 2663 Quod
1310 2596 1407 2651 l‘uit
1439 2598 1506 2652 ab
1536 2599 1712 2666 inilio,
1751 2601 1892 2669 quod
1944 2613 2040 2659 au-

464 2687 724 2755 divimus,
773 2690 914 2758 quod
948 2691 1182 2743 vidimus
1215 2692 1392 2744 oculis
1452 2693 1677 2756 nostris,
1722 2689 1862 2761 quod
1912 2708 2038 2762 per-

465 2778 779 2848 speximus,
835 2789 888 2835 et
942 2795 1135 2837 manus
1193 2796 1391 2845 nostra:
1447 2792 1928 2839 contrectavcruut
1976 2786 2039 2839 dc

465 2869 645 2928 Verbo
672 2874 794 2928 vitm
821 2891 836 2930 :
859 2884 912 2929 et
933 2873 1039 2929 vita
1073 2876 1410 2931 manifestata
1447 2886 1528 2929 est
1554 2893 1570 2943 ;
1600 2886 1655 2930 et
1686 2877 1919 2932 vidimus
1945 2919 1958 2943 ,
1988 2888 2041 2931 ct

469 2973 753 3031 teStamur,
786 2976 840 3020 et
875 2967 1262 3021 annuntiamns
1321 2968 1473 3022 vobis
1521 2968 1688 3021 vitam
1751 2979 2034 3030 internum,

465 3071 584 3127 quae
615 3069 732 3112 crat
763 3059 902 3126 apud
940 3058 1177 3123 Patrem,
1208 3070 1262 3113 et
1284 3060 1533 3127 apparuit
1562 3061 1718 3112 nobis
1748 3059 1812 3113 ⁸⁸.
1843 3079 1861 3111 ι
1898 3060 2036 3124 Quin

462 3159 520 3205 et
573 3150 687 3217 ipse
721 3166 934 3219 quoque
980 3151 1234 3205 Christus
1280 3150 1484 3205 Judaeis
1532 3160 1637 3204 tam
1686 3152 2035 3219 spectabilem

466 3240 782 3314 substantia:
807 3256 916 3295 sua:
947 3242 1325 3306 antiquitatem
1356 3241 1670 3310 neutiquam
1695 3244 1925 3297 obseura
1948 3239 1998 3297 in
2017 3275 2031 3281 -
2060 3276 2067 3299 ι

468 3329 670 3382 sinuat.
705 3330 837 3385 Cum
867 3332 1008 3384 enim
1039 3333 1287 3387 dicerent
1325 3350 1338 3386 :
1383 3351 1402 3384 ι
1437 3330 1833 3403 Quiuquagin'a
1870 3349 2041 3391 annos

470 3421 706 3474 nondum
738 3422 930 3485 babes,
963 3434 1017 3478 et
1050 3406 1322 3498 Abraham
1368 3425 1551 3479 vidisti
1582 3418 1671 3479 '9?
1703 3444 1721 3476 ι
1765 3425 2040 3494 Ejusmodi

468 3527 788 3582 responsuri:
811 3526 995 3583 aperte
1020 3515 1257 3571 tulerunt
1283 3535 1296 3548 ·
1332 3535 1350 3568 ι
1382 3517 1575 3580 Amen,
1605 3532 1761 3570 amen
1792 3517 1914 3570 dico
1945 3533 2039 3571 vo-

470 3599 573 3668 bis,
608 3617 896 3676 antequam
949 3606 1220 3663 Abraham
1269 3609 1447 3676 fieret,
1485 3626 1581 3678 ego
1619 3626 1735 3664 sum
1762 3601 1827 3666 ⁸⁸.
1866 3629 1882 3660 ι
1919 3600 2040 3664 Jam

467 3712 589 3750 cum
617 3700 840 3754 verbum
877 3699 1005 3754 illud
1047 3692 1442 3767 substantiale,
1484 3711 1633 3765 erat,
1682 3713 1736 3755 et
1772 3719 1908 3765 sum,
1948 3703 2042 3755 ab-

469 3788 645 3847 solute
698 3791 802 3847 boc
868 3786 990 3847 levo
1049 3803 1341 3861 ponantur,
1400 3794 1469 3846 ita
1524 3794 1761 3862 (pridem,
1810 3802 1866 3848 ut
1910 3795 2041 3848 nihil

470 3894 691 3952 prorsus
726 3879 1037 3950 inferatur;
1069 3886 1432 3951 ecquodnam,
1454 3886 1703 3947 obsecro,
1737 3889 2042 3956 generatio-

470 3966 553 4027 nis
587 3966 796 4028 initiunt
851 3969 1137 4044 imaginari
1179 3970 1265 4029 hic
1320 3977 1591 4047 quispiam
1645 3981 1885 4047 poterit?
1937 3984 2044 4035 Aut

466 4080 572 4132 qua
619 4068 833 4119 tandem
889 4068 1099 4121 ratione
1150 4068 1267 4122 lieri
1318 4078 1517 4137 potest,
1547 4080 1602 4122 ut
1649 4071 1691 4123 is
1736 4073 1823 4140 qui
1880 4089 2040 4141 Supra

466 4168 683 4207 onmem
736 4163 971 4209 mentem
1015 4163 1069 4210 ct
1121 4171 1341 4210 sensum
1389 4148 1757 4227 in‘principio
1804 4171 1941 4225 erat,
1989 4163 2041 4215 iu

469 4254 709 4311 tempore
741 4255 796 4299 ut
848 4246 1195 4309 subsisteret,
1233 4248 1524 4302 inclinatus
1564 4250 1773 4304 fuerit?
1809 4253 1960 4317 Quod
1994 4252 2037 4304 si

2143 1770 2276 1841 Ρυῖξ
2323 1769 2503 1822 αὐτῶν
2527 1810 2541 1836 υ
2575 1771 2695 1833 ταῖς
2745 1767 3017 1837 γλώσσαις
3052 1762 3229 1822 αὐτῶν
3264 1760 3613 1823 ἐδολιοῦσαν·
3656 1771 3727 1834 te;

2138 1859 2381 1913 ἀσπίδων
2415 1859 2519 1912 ὑπὸ
2548 1860 2619 1913 τά
2664 1860 2817 1931 χείλη
2867 1860 3066 1925 αὑτῶν,
3112 1852 3187 1912 ὧν
3236 1860 3417 1931 στόμα
3459 1863 3603 1931 ἀρᾶς
3638 1864 3728 1915 καὶ

2144 1951 2375 2023 πικρίας
2414 1952 2597 2022 γέμει.
2630 1972 2647 2004 ι
2682 1952 2785 2005 Τὸν
2811 1951 2920 2024 γάρ
2953 1970 3035 2005 τοι
3069 1953 3139 2005 δι’
3166 1944 3228 2005 οὑ
3273 1952 3342 2006 τὰ
3379 1955 3600 2018 πάντα,
3640 1954 3728 2007 καὶ

2142 2045 2552 2114 προῦφεστάναι
2581 2044 2691 2098 τῶν
2728 2045 2990 2099 πάντων]
3027 2045 3240 2117 ἀνάγκη
3273 2048 3438 2100 νοεῖν.
3476 2047 3544 2098 Τί
3567 2046 3627 2098 δὲ

2142 2137 2238 2189 καὶ
2263 2135 2437 2208 δρῷεν
2464 2134 2564 2201 ἀν;
2603 2137 2853 2192 Ἰωάννου
2887 2137 2986 2208 μὲν
3018 2138 3327 2209 γράφοντος
3346 2156 3361 2170 ·
3406 2157 3426 2189 ‹
3465 2139 3554 2191 Ἐν
3582 2140 3723 2208 ἀρχῇ

2138 2222 2208 2300 ἦν
2239 2229 2267 2281 ὁ
2300 2229 2489 2299 Λόγος,
2520 2228 2612 2283 καὶ
2641 2231 2669 2283 ὁ
2698 2228 2869 2298 Λόγος
2900 2225 2968 2301 ἦν
3011 2229 3144 2301 πρὸς
3180 2230 3271 2282 τὸν
3300 2229 3457 2293 Θεὸν,
3478 2230 3574 2282 καὶ
3597 2229 3726 2291 ea”;

2139 2313 2207 2392 ἦν
2227 2324 2254 2375 ὁ
2275 2321 2443 2390 Λόγος
2463 2337 2477 2352 ⁶
2510 2313 2665 2385 οὗτος
2698 2317 2766 2392 ἦν
2807 2323 2864 2373 ἐν
2896 2322 3040 2393 ἀρχῇ
3074 2319 3210 2392 πρὸς
3242 2320 3337 2373 τὸν
3365 2314 3521 2374 Θεόν·
3552 2321 3726 2374 πάντα

2140 2409 2207 2467 δι’
2242 2412 2408 2467 αὑτοῦ
2443 2413 2681 2482 ἐγένετο,
2713 2406 2808 2466 καὶ
2832 2410 3003 2484 χωρὶς
3036 2412 3202 2466 αὑτοῦ
3240 2412 3464 2481 ἐγένετο
3494 2412 3614 2466 οὑδὲ
3646 2413 3723 2477 ἓν,

2139 2502 2168 2560 ὅ
2206 2499 2420 2576 γέγονε.
2458 2524 2476 2556 ι
2508 2506 2619 2571 Καὶ
2657 2505 2853 2559 πάλιν·
2889 2523 2907 2557 ι
2942 2507 3019 2558 Ὃ
3035 2494 3103 2576 ἦν
3129 2504 3228 2559 ἀπ’
3270 2506 3449 2577 ἀρχῆς
3474 2546 3491 2571 ,
3524 2505 3554 2558 δ
3588 2507 3725 2575 an-

2142 2599 2367 2668 κόαμεν,
2399 2596 2427 2649 ὃ
2456 2595 2786 2667 ἑωράκαμεν
2818 2597 2934 2658 τοῖς
2966 2595 3268 2665 ὀφθαλμοῖς
3298 2598 3483 2667 ἡμῶν,
3516 2597 3548 2650 ὅ
3571 2596 3723 2650 ἐθεα-

2143 2688 2376 2759 σάμεθα,
2411 2688 2504 2741 καὶ
2541 2689 2596 2740 αἱ
2628 2689 2811 2758 χεῖρες
2855 2685 3015 2758 ἡμῶν
3046 2687 3435 2758 ἐψηλάφησαν,
3474 2687 3729 2760 περὶτοῦ

2140 2780 2316 2848 Λόγου
2348 2780 2442 2850 τῆς
2480 2778 2630 2849 ζωῆς
2651 2795 2664 2810 ·
2704 2779 2797 2831 καὶ
2828 2780 2861 2849 ἡ
2896 2778 3010 2850 ζωὴ
3036 2778 3379 2849 ἐφανερώθη,
3410 2780 3508 2833 καὶ
3547 2781 3724 2849 ἐωράο

2142 2889 2357 2942 καμεν,
2404 2871 2497 2924 καὶ
2533 2869 2942 2942 μαρτυροῦμεν,
2993 2871 3089 2922 καὶ
3140 2870 3551 2939 ἀπαγγέλλομεν
3594 2872 3725 2941 ὑμῖν

2141 2962 2241 3033 τὴν
2287 2962 2430 3033 ζωὴν
2471 2962 2571 3032 τὴν
2619 2961 2856 3025 αἰώνιον,
2893 2961 3015 3032 ἥτις
3057 2957 3129 3032 ἦν
3175 2961 3302 3032 πρὸς
3332 2961 3422 3013 τὸν
3460 2962 3725 3032 Πατέρα,

2146 3055 2239 3107 καὶ
2273 3052 2594 3124 ἐφανερώοη
2627 3054 2780 3124 ἡμῖν.
2819 3072 2837 3104 ι
2886 3052 3063 3106 Αὑτοῦ
3096 3055 3154 3108 δὲ
3183 3052 3407 3124 Χρὶστοῦ
3440 3053 3543 3123 τῆς
3579 3053 3733 3120 ἰδίας

2146 3142 2435 3218 ὑπάρξεως
2475 3146 2573 3214 τὴν
2616 3145 2860 3199 ἄποπτον
2907 3146 3243 3217 ἀρχαιότητα
3283 3148 3393 3209 τοῖς
3444 3146 3730 3212 Ἰουδαίοις

2145 3240 2660 3309 κατασημήναντος.
2729 3238 2949 3310 Ἐπειδὴ
2996 3239 3103 3310 γὰρ
3145 3238 3414 3309 ἔφασκον·
3465 3259 3485 3290 ι
3535 3240 3728 3312 Πεντή-

2146 3346 2311 3383 κοντα
2357 3329 2452 3399 ἔτη
2497 3323 2650 3382 οὑπω
2693 3328 2872 3398 ἔχεις,
2925 3331 3019 3384 καὶ
3074 3329 3326 3402 Ἀδραάμ
3381 3324 3671 3402 ἑώρακαςς
3701 3351 3718 3382 ι

2144 3422 2484 3492 ἀντήκουσαν
2555 3420 2802 3491 ἐναργῶς
2826 3436 2839 3450 ·
2899 3440 2918 3473 ι
2963 3421 3135 3493 Ἀμὴν
3183 3422 3329 3490 λέγω
3374 3423 3551 3493 ὑμῖν,
3604 3424 3723 3492 πρὶν

2157 3506 2407 3585 ’Λϐραὰμ
2447 3510 2739 3582 γενέσθαι,
2777 3513 2887 3582 ἐγώ
2923 3516 3060 3583 εὲμι.
3098 3533 3118 3566 ι
3164 3509 3239 3568 Οὖ
3270 3514 3330 3567 δὲ
3362 3513 3427 3568 τὸ
3460 3511 3545 3586 ἦν
3589 3518 3711 3568 ἐστιν

2145 3603 2583 3673 ὲπενηνεγμένου
2617 3603 2866 3674 μηδενὸς,
2902 3603 2992 3657 ναὶ
3025 3605 3134 3673 μὴν
3160 3604 3254 3656 καὶ
3282 3603 3368 3668 τὸ,
3399 3606 3551 3674 εἰμὶ,
3579 3608 3706 3658 τέτι-

2146 3711 2271 3747 κται
2310 3694 2517 3762 σαφῶς,
2549 3694 2669 3746 τίνα
2704 3694 2802 3764 τῆς
2845 3694 3115 3762 γενέσεως
3148 3695 3364 3749 κατίδοι
3395 3714 3487 3759 τις
3535 3698 3602 3751 ἂν
3634 3702 3714 3766 :le

2143 3779 2346 3856 ἀρχήν;
2386 3785 2456 3837 Ἢ
2496 3785 2617 3839 τίνα
2657 3785 2721 3856 δὴ
2751 3786 2952 3857 τρόπον
2990 3787 3018 3839 ὀ
3050 3784 3126 3839 ὢν
3159 3787 3217 3839 ἐν
3258 3787 3405 3857 ἀρχῇ
3440 3790 3506 3858 τῇ
3537 3790 3714 3848 παντὸς

2144 3872 2402 3929 ἐπέκεινα
2432 3876 2548 3940 νοῦ,
2569 3878 2937 3947 παραδέξαιτο
2957 3876 3023 3932 ἂν
3052 3878 3112 3931 τὸ
3141 3879 3197 3931 ὲν
3232 3880 3417 3950 καιρῷ
3448 3880 3713 3933 κεκλίσθαι

2148 3967 2280 4036 πρὸς
2313 3966 2576 4041 ὓπαρξιν;
2622 3969 2684 4020 Εἰ
2719 3966 2818 4038 μὲν
2846 3963 2939 4021 οὑν
2962 3986 3046 4031 τις
3087 3968 3264 4022 ἕλοιτο
3288 3979 3310 4005 ²
3361 3970 3579 4034 τούτοις
3609 3986 3718 4038 σιο-

2145 4059 2419 4130 λαιότερον
2470 4059 2856 4131 ἀντιφέρεθαι,
2913 4060 3146 4131 χαλεπὸν
3205 4061 3382 4124 οὐδὲν,
3444 4064 3574 4127 τοὺς
3630 4061 3718 4131 τῆς

2148 4153 2504 4207 θεοπνεύστου
2547 4152 2770 4225 Γραφῆς
2810 4155 3287 4226 παρακομίζοντας
3312 4157 3534 4224 λόγους,
3568 4157 3633 4209 τά
3662 4158 3719 4207 ἐκ

2145 4246 2245 4314 τῆς
2277 4243 2913 4318 ὲκείνωνὲμϐροντησίας
2945 4248 3353 4320 ἀποκρούεσθαι
3385 4249 3543 4320 βέλη.
3566 4250 3645 4301 Τά
3661 4265 3721 4315 γε

466 4334 592 4402 quis
620 4334 776 4403 paulo
801 4335 1005 4390 diutius
1041 4338 1242 4390 versari
1299 4336 1351 4391 in
1394 4337 1495 4392 hac
1523 4338 1890 4408 disputatiOue
1924 4341 2036 4395 vel-

2156 4336 2261 4407 μὴν
2288 4332 2473 4401 οὕτως.
2502 4338 2708 4409 ἐναργῆ
2752 4340 3014 4393 νοσοῦντα
3054 4340 3144 4393 τὸν
3173 4339 3418 4409 ἔλεγχον,
3466 4342 3564 4394 καὶ
3599 4340 3722 4393 πολὺ

468 4424 562 4490 let,
596 4421 812 4481 difﬁcile
835 4444 939 4481 non
976 4438 1143 4493 esset,
1173 4424 1500 4483 testimoniis
1532 4429 1837 4483 divinarum
1870 4429 2039 4485 Litte-

382 4552 387 4557 -
434 4535 648 4573 .rarum
685 4513 786 4592 12
830 4521 884 4575 in
929 4521 1164 4579 medium
1216 4520 1482 4586 adductis,
1525 4524 1762 4576 vesaniae
1814 4523 2039 4593 hujusce

470 4613 573 4666 tela
609 4615 893 4681 repellere.
937 4610 1137 4668 Verum
1181 4624 1646 4682 supervacaneum
1683 4615 1843 4679 duco,
1881 4617 1946 4669 de
1974 4610 2040 4670 iis

2149 4427 2268 4482 λίαν
2300 4426 2489 4498 ἔχοντα
2535 4428 2597 4481 τὸ
2639 4429 2910 4494 ἀκαλλὲς,
2972 4430 3225 4502 περιττόν
3268 4427 3431 4503 οἶμαί
3498 4450 3601 4484 που
3639 4430 3726 4483 καὶ

2150 4521 2428 4591 φροντίδος
2477 4519 2679 4587 ἀξιοῦν.
2731 4522 2941 4576 Οὑκοῦν
2988 4524 3075 4576 ἐπ’
3117 4525 3294 4578 ἐκεῖνο
3343 4524 3567 4595 ἴωμεν,
3596 4525 3727 4593 ὅπερ

2147 4610 2264 4666 ἐστὶ
2300 4614 2407 4666 τῶν
2438 4615 2900 4686 κατεγνωσμένων
2932 4615 3210 4685 συγγενές.

467 4718 586 4770 qua:
615 4713 724 4757 tam
754 4714 941 4772 aperta
972 4704 1306 4773 turpitudine
1340 4702 1614 4769 laborant,
1691 4714 1947 4774 tantaque
2015 4704 2276 4759 facilitate
2354 4706 2600 4774 redargui
2627 4717 2873 4775 possunt,
2918 4708 3144 4762 omnino
3206 4721 3427 4762 curare.
3454 4705 3637 4775 Quare
3663 4702 3727 4757 ad

469 4801 521 4855 id
562 4798 702 4867 quod
737 4796 1028 4863 damnatis,
1064 4798 1214 4853 hisce
1241 4796 1588 4867 opinionibus
1616 4809 1903 4868 cognatum
1935 4807 2038 4865 est,
2071 4797 2181 4865 jam
2217 4814 2360 4857 nunc
2390 4800 2694 4854 orationem
2760 4813 3165 4857 convertatnus.

538 4887 678 4946 Xlll.
714 4886 853 4941 Sunt
885 4888 974 4942 alii
1008 4890 1170 4959 igitur
1199 4931 1213 4956 ,
1262 4890 1354 4959 qui
1398 4891 1641 4945 veritatis
1681 4891 2035 4963 pulchritudi-

471 5001 590 5040 nem
630 4983 961 5044 obscuraut,
1013 4982 1369 5050 caindemque
1414 4982 1636 5050 perinde
1671 4998 1733 5035 ac
1770 4984 2035 5037 numisma

469 5076 737 5145 quoddam
792 5073 1199 5136 adulterantes,
1259 5072 1690 5143 extollentesque
1759 5076 1810 5129 iu
1867 5076 2034 5129 altum

469 5182 660 5233 cornu,
704 5165 1092 5235 iniquitatem,
1124 5177 1182 5219 ut
1219 5167 1480 5233 scriptum
1529 5176 1613 5221 est
1657 5166 1725 5231 “,
1774 5169 2037 5223 adversus

533 5324 577 5355 ³⁸
600 5323 738 5378 ΡεςιΙ.
775 5342 890 5389 xnt,
917 5324 971 5389 5,
1006 5324 1056 5380 4.

2218 4891 2314 4943 ll".
2358 4892 2845 4963 Παρασημαίνουσι
2894 4895 3002 4966 γάρ
3033 4911 3178 4957 τινες
3216 4892 3317 4961 τῆς
3367 4891 3633 4962 ἀληθείας
3669 4888 3727 4941 τὸ

2146 4983 2372 5047 κάλλος,
2422 4985 2671 5056 καθάπερ
2708 5002 2760 5039 τι
2790 4986 3034 5056 νόμισμα
3084 4984 3533 5056 κιὸδηλεὺοντες,
3567 4984 3733 5035 ἐπαὶ-

2147 5071 2331 5142 ροντές
2359 5089 2417 5123 τε
2443 5074 2520 5136 εἰς
2553 5071 2688 5141 ὕψος
2715 5073 2773 5125 τὸ
2805 5074 2971 5144 κέρας
2993 5116 3009 5141 ,
3058 5075 3152 5127 καὶ
3180 5073 3397 5127 ἀδικίαν
3432 5072 3730 5132 λαλοῦντες

2146 5166 2286 5221 κατά
2319 5168 2414 5220 τοῦ
2444 5167 2600 5233 Θεοῦ,
2639 5166 2781 5221 κατά
2812 5168 2873 5220 τὸ
2895 5168 3304 5239 γεγραμμένον.
3346 5164 3731 5236 Ἀνὺπαρκτόν

1137 5326 1178 5358 ³⁷
1209 5322 1365 5381 Joan.
1404 5343 1440 5392 ι,
1477 5327 1581 5382 1-5.
1621 5325 1702 5378 ³⁸1
1740 5325 1891 5379 Joan.
1917 5341 1954 5390 ι,
1991 5326 2036 5390 l,

2169 5325 2214 5361 ³⁸
2237 5324 2389 5382 Joan.
2422 5343 2538 5392 vtn,
2567 5326 2655 5380 57.
2699 5325 2742 5355 ‘°
2785 5325 2911 5378 ibid.
2944 5327 3032 5380 58.
3102 5325 3141 5357 ιι
3185 5324 3303 5378 Psal
3358 5338 3539 5380 Luna
3579 5323 3639 5383 .‘i,
3675 5321 3725 5373 G.

1554 5482 1727 5537 Varia:
1750 5483 2006 5540 lectiones
2031 5484 2230 5540 codicis
2256 5482 2613 5552 Segnicrfaui.

542 5617 565 5655 ι
597 5611 778 5663 ὄντων.
860 5621 879 5647 τ
912 5613 1148 5679 βούλοιτο
1169 5617 1248 5669 vel
1277 5615 1383 5669 ἕλοι
1413 5615 1487 5667 τό.
