3970 6136
278 337 415 393 1ιῖἱῦ

1234 315 1321 372 ΒΕ
1359 315 1584 371 RECTA
1629 312 1809 370 FIDE.
1853 312 1941 364 ΑΙ)
1982 307 2423 366 TllEODOSlUM
2467 308 2603 363 liiP.

3396 311 3536 381 tim

276 474 334 507 τε
404 451 499 505 καὶ
554 445 736 508 ἰδικῶς
787 443 883 511 οὑχ
941 435 1289 508 ὑφεστηκότα
1351 430 1707 503 φαντάζονται
1763 431 1853 484 τὴν

1985 431 2125 479 lenm
2180 425 2495 495 loquuntur.
2561 427 2933 496 Imaginantur
2977 424 3121 480 enim
3191 423 3538 496 Unigenitnm

277 541 586 611 Μονογενῆ·
622 538 715 591 καὶ
745 534 841 588 οὐκ
871 528 1009 584 εἶναι
1048 528 1146 599 μὲν
1191 528 1249 579 ὲν
1292 525 1586 579 ὑποστάσει
1616 525 1683 592 τῇ
1733 520 1854 574 καθ’

282 637 497 696 ἑαυτὸν,
529 631 679 705 ῥῆμα
703 625 761 678 δὲ
790 621 981 684 ἁπλῶς
1005 662 1019 686 ,
1062 621 1156 672 καὶ
1185 617 1342 685 λόγον
1386 614 1477 668 τὸν
1510 614 1651 705 κατά
1692 612 1858 705 μόνην

275 723 380 794 τὴν
415 703 693 796 προφορὰν
720 712 974 784 γενέσθαι
1020 708 1176 781 παρά
1228 706 1385 761 Θεοῦ.
1424 706 1513 768 Ὠς
1557 704 1651 796 καὶ
1679 706 1736 756 ὲν

285 793 489 887 limit-aq)
517 801 838 877 κατοικῆσαι
880 818 1045 873 φασιν
1094 802 1144 853 οἱ
1184 799 1433 862 τάλανες.
1482 795 1769 859 Συνθέντες
1802 793 1860 848 δὲ

285 911 427 964 οὑτω
453 907 544 960 τὸν
575 899 803 973 Ἰησοῦν,
837 896 1012 965 ἀγίων
1042 894 1141 966 μὲν
1175 887 1315 944 εἶναί
1350 908 1512 960 φασιν
1538 889 1858 958 ἁγιώτερον,

286 1004 347 1062 οὑ
378 1000 481 1071 μὴν
509 995 588 1050 ἔτι
620 995 714 1048 καὶ
734 991 890 1048 Θεὸν.
915 986 1126 1042 Οὐκοῦν
1153 983 1295 1039 κοιθά
1317 984 1411 1037 καὶ
1444 985 1472 1036 6
1492 980 1585 1035 τοῦ
1611 980 1862 1049 Σωτῆρος

289 1090 588 1147 ἐπιστέλλει
627 1083 877 1159 μαθητὴς
901 1121 915 1144 ,
947 1081 1032 1144 τίς
1079 1080 1231 1131 ἐστιν
1263 1079 1291 1130 6
1319 1075 1578 1145 ψεύστης,
1629 1074 1677 1125 εἰ
1729 1071 1802 1142 μὴ
1834 1071 1862 1123 6

286 1184 639 1258 ἀρνούμενος,
671 1180 752 1232 ὅτι
794 1173 1004 1247 Ἰησοῦς
1028 1174 1129 1226 οὑκ
1168 1170 1317 1224 ἔστιν
1350 1172 1379 1222 6
1406 1166 1675 1238 Χριστὸςς
1708 1159 1863 1226 οὗτός

286 1255 431 1331 ἐστιν
478 1278 506 1329 6
541 1272 932 1342 Ἀντίχριστος,
973 1268 1000 1320 6
1029 1262 1364 1335 ἀρνούμενος
1395 1259 1488 1312 τὸν
1515 1257 1736 1328 Πατέρα
1769 1255 1866 1307 καὶ

285 1370 377 1422 τὸν
409 1366 550 1419 Υἱόν.
585 1363 700 1424 Πᾶς
734 1361 762 1412 ὁ
793 1355 1124 1429 ἀρνούμενος
1153 1352 1245 1404 τὸν
1273 1350 1424 1411 Υίδν,
1476 1346 1598 1401 οὐδὲ
1629 1346 1721 1399 τὸν
1754 1345 1865 1397 Πα-

288 1461 421 1529 τέρα
461 1457 605 1526 ἔχει’
649 1454 678 1506 6
723 1425 1000 1522 ὁμολογῶν
1040 1444 1129 1498 τὸν
1171 1444 1328 1508 Υίὸν,
1371 1441 1465 1494 καὶ
1509 1441 1600 1493 τὸν
1645 1438 1866 1509 Πατέρα

291 1550 428 1619 ἔχει..
479 1547 684 1615 Ἄμφω
729 1542 839 1612 γὰρ
891 1539 983 1593 καὶ
1032 1536 1100 1589 δι’
1156 1536 1394 1605 ἀμφοῖν,
1455 1532 1553 1586 καὶ
1610 1532 1869 1602 ἑκάτερος

230 1692 241 1703 ,
293 1645 350 1695 ἐν
384 1639 628 1709 ἐκατέρῳ
653 1676 668 1702 ,
704 1633 842 1707 πρός
888 1648 947 1686 τε
987 1629 1147 1701 ἡμῶν
1192 1626 1376 1681 αὐτῶν
1436 1625 1531 1677 καὶ⁴
1562 1623 1669 1677 τῶν
1699 1621 1868 1690 ἁγίων

293 1734 545 1804 ἀγγέλων
591 1727 1063 1798 ὲπιγινώσκονται.
1095 1724 1169 1776 Οὑ
1200 1720 1307 1793 γὰρ
1347 1721 1412 1776 ἀν
1442 1737 1525 1782 τις
1573 1716 1866 1788 ἀναμάθοι,

1960 519 2052 572 Dei
2110 518 2340 573 Verbum
2376 520 2799 589 anbypostaton,
2836 519 2940 573 hoc
2991 527 3094 583 est,
3143 518 3536 581 subsistentia,

1959 611 2041 663 vel
2076 611 2375 681 hypnstasi,
2405 628 2507 677 qua
2549 626 2646 680 per
2674 625 2733 665 se
2762 624 2888 664 vere
2918 625 2982 664 ac
3007 609 3540 680 propriesnbsistat,

1960 703 2324 770 destitutum;
2364 703 2567 756 nmium
2614 714 2796 757 autem
2839 702 3088 769 verbum,
3143 717 3207 758 ac
3240 703 3541 772 simplicem

1961 810 2270 851 sermonem
2302 796 2413 849 sola
2449 795 2893 863 pronuntiatione
2926 809 2955 848 a
3000 794 3109 848 Deo
3149 794 3354 848 editum
3396 808 3539 848 esse.

1963 888 2074 943 lloc
2104 902 2268 959 porro
2293 887 2629 957 prolatitium
2664 886 2890 940 verbum
2923 887 3110 942 miseri
3138 888 3215 942 illi
3247 889 3296 942 in
3327 888 3545 943 homine

1964 979 2301 1034 inhabitasse
2330 977 2622 1032 atilrmant.
2650 978 2723 1032 Ita
2751 982 3111 1050 compositum
3149 979 3337 1035 Iesum
3371 990 3534 1035 caete-

1965 1071 2040 1126 ris
2069 1070 2280 1127 sanctis
2302 1084 2425 1124 esse
2445 1070 2595 1123 aiunt
2624 1070 2977 1135 sanctiorem,
3004 1086 3109 1126 non
3137 1082 3318 1127 tamen
3352 1073 3543 1134 Deum.

1965 1165 2035 1218 At
2077 1163 2219 1234 quis,
2276 1172 2336 1217 ut
2386 1160 2687 1217 Salvatoris
2746 1163 2915 1217 nostri
2970 1163 3274 1233 discipulus
3332 1165 3545 1229 scribit,

1968 1257 2197 1310 mendax
2226 1264 2330 1320 est,
2367 1254 2470 1309 nisi
2511 1255 2556 1311 is
2587 1255 2678 1326 qui
2751 1247 3197 1326 negat'quOniam
3238 1256 3397 1312 Jesns
3441 1275 3547 1315 non

1967 1361 2052 1406 est
2075 1352 2346 1406 Christus.
2379 1349 2481 1405 Hic
2536 1359 2622 1405 est
2672 1348 3065 1413 Antichristus,
3096 1350 3186 1418 qui
3240 1358 3398 1417 negat
3446 1347 3549 1402 Pa-

1971 1452 2106 1497 trem
2152 1454 2207 1499 et
2255 1441 2475 1496 Fliinm.
2526 1438 2721 1496 Omnis
2772 1441 2863 1512 qui
2914 1450 3079 1510 negat
3129 1440 3345 1509 Filium,
3376 1454 3551 1515 neque

1969 1532 2187 1586 Patrem
2243 1532 2451 1586 habet:
2490 1532 2580 1599 qui
2627 1531 2917 1587 confitetur
2963 1530 3180 1594 Filium,
3232 1542 3284 1585 et
3329 1528 3549 1584 Patrem

1972 1625 2153 1680 habet.
2180 1622 2420 1693 Uterque
2449 1630 2532 1678 est.
2556 1624 2702 1676 enim
2738 1637 2836 1692 per
2864 1632 3159 1690 utrumque
3189 1639 3204 1688 ;
3239 1630 3293 1675 et
3326 1632 3555 1690 uterque

1972 1732 2186 1772 rursum
2213 1731 2335 1771 cum
2368 1716 2436 1771 ab
2470 1715 2700 1783 angelis,
2740 1724 2851 1768 tum
2894 1730 2923 1767 a
2966 1714 3126 1768 nobis
3172 1714 3306 1788 ipsis
3339 1728 3556 1781 quoque

291 1794 354 1880 τί·
380 1794 497 1879 εστι
530 1794 737 1892 Πατὴρ,
777 1820 826 1872 εί
860 1816 934 1892 μὴ
965 1814 1092 1869 Υίὺν
1127 1812 1417 1880 ὑφεστῶτα
1449 1827 1508 1863 τε
1554 1810 1648 1862 καὶ
1678 1824 1869 1876 γεγεν-

1985 1807 2028 1860 in
2068 1806 2243 1861 altero
2299 1819 2433 1859 esse
2489 1804 2848 1875 dignosritur.
2884 1801 3033 1855 llaud
3087 1803 3231 1856 enim
3286 1803 3554 1871 quispiam

295 1919 530 1992 νημένον
586 1914 885 1979 είσδὲξαιτο
920 1908 1073 1968 atati
1114 1907 1261 1961 νοῦν.
1304 1905 1442 1960 Ἀλλ’
1475 1904 1583 1958 οὐδ’
1644 1904 1709 1958 ἂν
1747 1903 1775 1954 6
1821 1901 1874 1954 τί

297 2012 429 2067 ποτέ
459 2015 606 2064 ἐστιν
635 2011 662 2062 6
689 2007 816 2070 Υἱὸς
843 2002 1113 2075 ἀναμάθοι
1144 2001 1327 2064 πάλιν,
1358 2002 1405 2052 εί
1432 1998 1527 2068 μὴ,
1547 1997 1628 2050 ὅτι
1658 1994 1877 2048 τέτοκεν

297 2109 326 2160 6
370 2104 580 2174 Πατὴρ,
617 2100 951 2169 διενθυμοϊτο
984 2092 1192 2162 σαφῶς.
1228 2089 1440 2144 Οὐκοῦν
1475 2089 1766 2155 ἀναγκαῖον
1800 2080 1879 2138 οἷ-

302 2197 400 2275 μαί
426 2212 528 2248 που
558 2194 652 2247 καὶ
678 2189 916 2261 ἀσφαλὲς
948 2188 1142 2248 εἰπεῖν,
1170 2186 1245 2245 ὡς
1273 2184 1430 2253 εἴπερ
1461 2180 1609 2275 ἐστὶν
1641 2177 1880 2275 ἀνύπαρ-

299 2269 429 2353 κτος
462 2291 490 2342 6
516 2286 664 2350 Υἱὸς,
711 2283 821 2342 οὐδ’
871 2281 935 2335 ἂν
973 2281 1065 2333 τὸν
1121 2277 1345 2348 Πατέρα
1380 2273 1594 2345 πατέρα
1641 2270 1784 2325 κατά
1819 2269 1879 2322 τὸ

299 2380 499 2452 ἀληθὲς
524 2379 803 2448 νοήσωμεν
828 2374 912 2431 ἄν.
944 2370 1054 2427 Ποῦ
1080 2371 1187 2441 γάρ
1211 2370 1329 2422 ἐστι
1370 2365 1573 2435 πατὴρ,
1608 2365 1656 2416 εί
1689 2362 1762 2434 μὴ
1794 2362 1880 2414 τέ·
1906 2392 1915 2401 ι

300 2492 459 2529 τοκεν
501 2468 747 2542 ἀληθῶς;
798 2466 1020 2539 ἢεῖπερ
1056 2464 1352 2534 γεγέννηκε
1392 2459 1454 2512 τὸ
1493 2457 1569 2528 μὴ
1610 2454 1877 2524 ὑφεστὼς,

308 2566 442 2636 μηδὲ
490 2562 733 2637 ὑπάρχον
779 2559 934 2623 ὅλως,
975 2556 1036 2610 τὸ
1084 2553 1344 2625 γεννηθὲν
1383 2551 1534 2605 ἔσται
1581 2549 1641 2602 τὸ
1694 2546 1878 2618 μηδὲν.

306 2657 380 2711 T6
418 2655 528 2727 γάρ
556 2672 638 2707 τοι
675 2653 748 2724 μὴ
771 2650 1018 2720 ὑφεστὼς
1042 2689 1056 2713 ,
1089 2650 1146 2700 ὲν
1179 2647 1280 2715 ἴσῳ
1308 2645 1385 2714 τῷ
1419 2640 1628 2714 μηδενὶ,
1680 2638 1881 2727 μᾶλλον

306 2750 361 2802 δὲ
392 2723 848 2806 παντελῶςοὺδέν
867 2756 881 2771 ο
909 2733 1028 2791 εἶτα
1058 2733 1150 2789 τοῦ
1186 2732 1411 2806 μηδενὸς
1448 2729 1601 2782 ἔσται
1635 2723 1824 2801 Πατὴρ
1853 2725 1881 2776 6

307 2839 461 2901 Θεός.

1975 1898 2105 1968 quid
2164 1899 2234 1953 sit
2293 1896 2458 1951 Pater
2493 1897 2767 1962 didicerit,
2825 1896 2927 1950 nisi
2988 1893 3181 1957 Filium
3238 1904 3445 1960 natum,
3502 1904 3557 1950 et

1973 1999 2356 2060 cuypostaton,
2393 1989 2497 2042 hoc
2530 1997 2613 2041 est
2660 2002 2756 2057 per
2810 2002 2869 2042 se
2920 1985 3332 2051 subsiStentem,
3378 1997 3558 2041 mente

1975 2082 2272 2150 concipiat.
2309 2078 2415 2133 Sed
2448 2094 2625 2148 neque
2653 2080 2780 2148 quid
2809 2081 2880 2134 sit
2910 2079 3102 2143 Filius,
3140 2095 3356 2133 rursum
3393 2080 3558 2134 intel-

1980 2173 2070 2245 ligi
2124 2188 2152 2225 a
2201 2185 2474 2241 quoquam
2530 2170 2878 2245 queat,_nisi
2914 2172 3053 2240 quod
3094 2170 3255 2225 Pater
3285 2172 3556 2241 genuerit,

1985 2241 2188 2333 liquido
2218 2261 2360 2330 apud
2391 2273 2511 2315 sese
2548 2241 2863 2316 constituat.
2901 2260 3265 2329 Quamobrem
3300 2276 3557 2317 necessa-

1987 2356 2124 2411 rium
2158 2365 2287 2425 puto
2319 2368 2383 2408 ac
2410 2368 2661 2409 securum
2716 2353 2832 2408 lore
2874 2354 3057 2415 dicere
3087 2354 3254 2429 quod,
3303 2355 3347 2409 si
3389 2354 3561 2418 Filius

1983 2431 2087 2500 non
2125 2443 2396 2511 subsistit,
2434 2459 2608 2513 neque
2637 2443 2802 2498 Pater
2838 2459 3052 2514 quoque
3080 2460 3207 2499 vere
3237 2444 3399 2499 Pater
3431 2446 3557 2511 erit.

1979 2537 2086 2594 Ubi
2119 2536 2265 2591 enim
2297 2537 2403 2589 erit
2444 2546 2620 2606 pater,
2677 2537 2722 2589 si
2761 2549 2887 2590 vere
2918 2551 3022 2590 non
3069 2538 3295 2606 genuit?
3324 2535 3560 2594 Rursum

1981 2630 2023 2682 si
2062 2628 2111 2681 id
2144 2627 2300 2695 quod
2330 2627 2538 2694 genuit,
2583 2642 2689 2680 non
2730 2628 2997 2700 subsistit,
3057 2638 3149 2687 aut
3196 2631 3417 2688 omnino
3456 2648 3560 2687 non

1981 2717 2236 2782 exsistit,
2297 2718 2470 2784 ipsum
2545 2717 2786 2786 genitum
2858 2717 2995 2772 nihil
3057 2720 3351 2789 quidquam
3414 2724 3560 2783 erit:

1984 2807 2424 2884 quandoquidem
2463 2806 2607 2876 quod
2652 2822 2757 2861 non
2812 2808 3090 2873 subsistit,
3127 2824 3279 2884 atque
3312 2825 3373 2865 ac
3409 2812 3563 2878 nihil,

1985 2909 2077 2954 aut
2103 2898 2186 2971 (ut
2225 2898 2405 2953 verius
2448 2896 2648 2970 dicam)
2678 2899 2811 2954 nihil
2855 2909 2939 2955 est
2968 2915 3231 2977 prorsus:
3259 2917 3391 2973 ergo
3424 2902 3567 2958 Dens

1987 2992 2167 3048 nullus
2192 2992 2352 3047 Pater
2379 2991 2506 3046 erit.

379 3098 475 3149 IA'.
532 3092 669 3147 Ἀλλ’
718 3084 762 3144 ὦ
801 3088 1089 3161 βέλτιστοι,
1132 3083 1299 3154 φαίην
1339 3080 1406 3134 ἀν
1439 3079 1614 3149 ἔγωγε
1648 3076 1787 3148 πρός
1818 3090 1880 3144 γε

2057 3084 2200 3140 XIV.
2265 3084 2464 3138 Verum
2524 3081 2831 3152 huiusmodi
2891 3084 3141 3141 doctores
3196 3087 3389 3142 merito
3435 3102 3569 3142 sane

305 3189 433 3250 τοῖς
462 3185 567 3239 τῶν
587 3181 841 3238 τοιούτων
892 3174 1187 3248 ἐξηγητὰς,
1232 3174 1388 3238 ὕθλος
1413 3173 1617 3232 εἰκαῖος
1648 3169 1717 3222 ἰτὰ
1750 3166 1881 3236 παρ’

308 3279 482 3347 ὑμῶν.
513 3278 582 3329 Ἦ
614 3275 745 3344 γοῦν
776 3272 1025 3344 ἐρομένῳ
1071 3267 1304 3340 φράζετε
1325 3304 1340 3327 ,
1376 3263 1493 3326 πῶς
1539 3260 1815 3330 ἐξαίρετος
1848 3257 1883 3327 ἡ

307 3376 387 3435 είς
419 3371 565 3440 ἡμᾶς
591 3369 867 3436 ἀγάπησις
893 3363 987 3416 τοῦ
1012 3360 1145 3413 Θεοῦ
1178 3357 1272 3411 καὶ
1320 3355 1551 3425 Πατρός.
1582 3354 1692 3405 Καὶ
1718 3354 1767 3405 εί
1795 3349 1883 3403 δέ·

307 3461 480 3513 δωκεν
504 3456 644 3524 ὑπὲρ
676 3455 831 3523 ἡμῶν
873 3451 964 3504 τὸν
1003 3448 1152 3507 Υἱὸν,
1184 3448 1275 3499 τὸν
1306 3444 1424 3498 καθ’
1469 3444 1612 3513 ὑμᾶς
1658 3443 1759 3511 οὑχ
1787 3443 1884 3507 ὑφ-

310 3545 600 3617 εστηκότα,
645 3542 705 3593 τὸ
741 3540 907 3610 μηδὲν
955 3540 1061 3608 ἀρα
1105 3538 1337 3589 δέδωκεν
1369 3534 1509 3603 ὑπὲρ
1556 3531 1733 3601 ἡμῶν.
1778 3529 1888 3582 Καὶ

312 3642 436 3692 οὔτε
470 3636 606 3705 σὰρξ
634 3636 660 3685 6
687 3634 855 3699 Λόγος
887 3632 1131 3699 γέγονεν,
1162 3627 1288 3679 οὔτε
1335 3627 1429 3678 τὸν
1463 3626 1643 3694 τίμιον
1677 3620 1887 3689 ὑπέστη

319 3728 573 3800 σταυρὸν,
610 3725 735 3779 οὒτε
766 3726 1086 3793 κατήργηκε
1132 3718 1227 3772 τοῦ
1277 3717 1509 3771 Θανάτου
1563 3714 1624 3767 τὸ
1666 3714 1886 3782 κράτος,

316 3822 440 3875 οὔτε
471 3821 576 3891 μὴν
601 3817 863 3872 ἀνεϐίωσε
893 3815 1075 3869 πάλιν.
1105 3813 1166 3864 El
1199 3810 1309 3880 γάρ
1351 3810 1463 3860 ἐστι
1496 3806 1558 3859 τὸ
1602 3805 1765 3891 μηδὲν
1796 3803 1891 3891 και

315 3912 684 3982 ἀνύπαρκτος,
726 3905 847 3960 καθ’
880 3904 1024 3973 ὑμᾶς
1045 3941 1059 3965 ,
1085 3900 1201 3965 πῶς
1255 3897 1312 3951 ἔν
1351 3912 1415 3964 γε
1447 3892 1657 3954 τούτοις
1695 3889 1889 3958 γένοιτ’

314 4005 416 4068 ἀν;
451 3978 822 4067 Πεφενάκικεν
865 3989 957 4046 οὖν
980 3990 1097 4061 ἄρα
1132 3991 1230 4059 τῆς
1283 3984 1443 4054 ἀγίας
1484 3981 1707 4053 Γραφῆς
1744 3982 1771 4032 6
1806 3978 1892 4032 λό-

316 4114 414 4166 γος
443 4094 570 4155 τοὺς
600 4087 1054 4147 πεπιστευκότας,
1088 4082 1183 4135 καὶ
1218 4082 1251 4150 ἡ
1278 4079 1376 4148 τῆς
1417 4077 1650 4138 πίστεως
1677 4071 1889 4166 ἑδραιόῗ

314 4164 416 4259 νέης
465 4187 676 4254 οἴχεται
710 4180 845 4252 πρὸς
893 4178 953 4230 τὸ
1002 4175 1187 4244 μηδέν.
1234 4172 1297 4224 Τί
1327 4171 1418 4235 δέ;
1479 4168 1579 4220 οὑκ
1612 4169 1669 4218 ὲν
1706 4164 1888 4236 μορφῇ

316 4278 454 4332 Θεοῦ
486 4275 752 4344 ὑπάρχειν
783 4269 874 4322 τὸν
904 4268 1051 4331 Υἱὸν,
1093 4266 1154 4319 τὸ
1185 4264 1326 4337 ἱερὸν
1367 4263 1499 4333 ἡμῖν
1544 4259 1890 4329 κατεσήμανε

314 4368 580 4439 Γράμμα,
622 4361 807 4415 εἰκόνα
846 4376 906 4410 τε
936 4357 1096 4410 αὑτὸν
1131 4354 1226 4408 καὶ
1259 4349 1587 4424 χαρακτῆρά
1628 4365 1762 4418 φησι
1793 4346 1889 4400 τοῦ

1987 3191 2217 3247 magnos
2267 3186 2563 3245 nugatores
2615 3176 3022 3246 appellaverim.
3064 3178 3277 3248 Alioqui
3334 3194 3570 3250 percon-

1985 3268 2133 3324 canti
2190 3268 2324 3321 mihi
2357 3267 2702 3338 respondete,
2734 3283 3037 3346 ecquonam
3074 3280 3230 3340 pacto
3260 3270 3351 3325 Dei
3385 3282 3440 3325 et
3471 3271 3571 3325 Pa-

1989 3361 2089 3413 tris
2111 3375 2237 3430 erga
2273 3375 2370 3414 nos
2421 3359 2635 3414 dilectio
2661 3360 2861 3414 eximia
2889 3362 3183 3415 exstiterit.
3216 3360 3350 3416 Nam
3401 3363 3447 3418 si
3480 3362 3571 3417 Fi-

1990 3450 2140 3516 lium,
2209 3451 2299 3519 qui
2340 3460 2525 3504 vestra
2566 3451 2836 3505 sententia
2883 3466 2989 3505 non
3027 3451 3309 3517 subsistit,
3345 3468 3442 3522 pro
3476 3469 3573 3509 no-

1988 3543 2073 3597 bis
2103 3543 2350 3606 tradidit,
2387 3541 2521 3594 nihil
2557 3543 2742 3610 utique
2768 3542 2993 3596 omnino
3036 3544 3209 3597 nostri
3243 3559 3406 3599 cansa
3459 3556 3572 3599 tra-

1991 3635 2151 3690 didit.
2183 3633 2289 3687 Sed
2325 3648 2500 3701 neque
2547 3631 2783 3685 Verbum
2813 3647 3029 3702 quoque
3063 3633 3263 3688 factum
3297 3645 3385 3689 cst
3418 3652 3570 3705 caro,

1992 3740 2169 3793 neque
2196 3724 2493 3795 pretiosam
2520 3721 2622 3792 13
2645 3738 2862 3776 crucem
2892 3722 3176 3791 sustinuit,
3207 3741 3385 3796 neque
3416 3742 3567 3781 mor-

1995 3818 2061 3871 tis
2090 3818 2376 3885 impcrium
2416 3814 2637 3880 delevit,
2673 3828 2847 3884 neque
2896 3814 2948 3869 in
2994 3816 3185 3882 vitam,
3211 3832 3371 3888 quant
3406 3819 3574 3889 depo-

1992 3917 2196 3972 suerat,
2234 3909 2411 3961 denuo
2445 3922 2721 3962 reversum
2770 3917 2871 3964 est.
2908 3905 3042 3961 Nam
3079 3908 3148 3973 si,
3190 3919 3244 3962 ut
3275 3925 3368 3964 vos
3397 3926 3570 3980 nuga-

1993 4000 2146 4066 ntini,
2178 3999 2311 4053 nihil
2341 4008 2444 4061 est,
2483 4015 2657 4065 neque
2713 4000 2763 4053 in
2814 4015 2995 4054 rerum
3045 4010 3233 4054 natura
3284 4002 3571 4069 subsistit;

1993 4106 2101 4160 quo
2138 4102 2295 4161 pacto
2346 4093 2456 4145 haec
2498 4092 2550 4145 in
2599 4092 2744 4144 illum
2789 4091 3159 4146 conveniunt?
3197 4092 3402 4147 Ditinzc
3443 4108 3574 4164 ergo

1995 4184 2289 4254 Scriptura:
2327 4185 2411 4240 his
2441 4184 2530 4254 qui
2564 4184 2912 4239 crediderunt
2957 4183 3285 4252 imposuere,
3342 4186 3574 4256 tideique

1994 4277 2227 4331 lirmitas
2266 4281 2480 4331 redacta
2510 4285 2593 4331 est
2640 4277 2691 4329 in
2730 4276 2985 4329 nihilum.
3028 4277 3223 4332 Annon
3261 4292 3433 4331 sacra:
3461 4275 3575 4332 Lit-

1996 4377 2126 4422 terat
2150 4367 2347 4422 Filium
2392 4368 2442 4421 iu
2478 4367 2648 4421 forma
2703 4366 2795 4421 Dei
2846 4382 2965 4422 esse
3005 4382 3104 4422 nos
3150 4369 3346 4423 docent
3386 4368 3573 4424 "?an

315 4455 751 4527 Ι“εγεννηκότος;
781 4451 974 4505 Καίτοι
1007 4448 1123 4510 πῶς
1157 4444 1316 4499 τοῦτὸ
1353 4445 1501 4496 ἐστιν
1547 4443 1646 4511 οὑχ
1686 4442 1880 4495 ἀπασιι

2000 4474 2103 4512 non
2131 4458 2406 4515 Genitoris
2440 4457 2731 4528 imaginem
2772 4466 2824 4512 et
2861 4457 3229 4512 characterem
3282 4458 3430 4513 illum
3479 4476 3568 4529 ap-

315 4546 568 4618 ὲναργὲς,
617 4545 675 4598 αἱ
721 4543 777 4596 δὲ
821 4540 1047 4603 εἰκόνες,
1094 4537 1168 4601 ὡς
1197 4536 1266 4589 τά
1310 4536 1624 4606 ἀρχέτυπας
1654 4533 1735 4586 δεῖ
1763 4531 1893 4602 γὰρ,

317 4642 492 4701 οὑτως
538 4638 705 4698 αὑτὰς
749 4635 843 4687 καὶ
880 4633 980 4702 οὐχ
1025 4631 1226 4700 ἑτέρως
1260 4628 1421 4700 ἔχειν.
1456 4626 1688 4689 Οὐκοῦν,
1737 4626 1787 4678 εί
1819 4624 1895 4695 μὴ

315 4731 683 4790 ἑνυπόστατος
733 4729 767 4796 ἡ
802 4722 987 4787 εἰκὼν,
1042 4722 1179 4793 μήτε
1229 4721 1332 4792 μὴν
1370 4723 1428 4774 ὲν
1459 4718 1692 4789 ὑπάρξει
1725 4720 1898 4771 νοοῖτο

314 4829 380 4895 τῇ
410 4823 529 4875 καο’
556 4819 746 4872 ἑαυτὸν
791 4819 819 4870 6
845 4817 1134 4887 χαρακτήρ
1156 4832 1171 4844 ·
1212 4814 1585 4869 ἀνυπόστατον
1624 4808 1765 4863 εἶναι
1795 4809 1896 4862 δὼ-

322 4932 534 4978 σουσιν,
571 4912 646 4974 ὡς
685 4910 743 4976 ἐξ
780 4908 1080 4977 ἀναγκαίου
1115 4907 1296 4976 λόγου,
1324 4905 1420 4959 καὶ
1455 4905 1547 4958 τὸν
1577 4898 1750 4972 οὗπέρ
1783 4904 1897 4953 ἐστι

318 5007 629 5081 χαρακτὴρ,
659 5004 753 5056 καὶ
776 5002 835 5055 τὸ
864 5002 963 5073 τῆς
993 5001 1200 5064 εἰκόνος
1233 4998 1465 5062 ἀκαλλὲς
1501 4997 1896 5074 ἀναδραμεῖται

316 5100 537 5161 παντως
559 5097 651 5149 ἐπὶ
679 5095 738 5147 τὸ
769 5093 1100 5165 ἀρχέτυπον.

389 5275 490 5328 lE'.
533 5268 668 5325 Εἶτα
718 5270 841 5323 εἱπὲ
894 5286 1026 5339 μοι,
1074 5266 1350 5328 Φίλιππος
1401 5265 1771 5338 χριστομαθὴς
1822 5267 1899 5321 ὣν

319 5372 480 5434 ἄγαν,
526 5365 619 5416 τὸν
666 5364 799 5415 ὅντα
853 5364 948 5415 καὶ
991 5348 1606 5442 ὑφεστηκότωηατέρα
1656 5359 1899 5414 κατιδεῖν

320 5457 496 5524 ἠξίου,
530 5454 703 5520 λέγων
729 5468 740 5482 ⁸
782 5471 799 5502 ι
829 5451 1026 5521 Κύριε,
1056 5450 1226 5514 δεῖξον
1256 5452 1387 5519 ἡμῖν
1410 5449 1500 5502 τὸν
1535 5451 1773 5521 Πατέρα,
1804 5455 1899 5506 καὶ

254 5587 259 5591 .
322 5546 481 5615 ἀρκεῖ
514 5546 683 5612 ἡμίνς
716 5561 732 5590 ι
785 5540 818 5606 ἢ
869 5540 999 5608 γοῦν
1046 5540 1137 5592 τὸν
1180 5541 1280 5592 οὐκ
1319 5540 1448 5593 ὄντα
1479 5542 1572 5593 καὶ
1599 5543 1949 5613 ἀνυπόστακν

322 5649 443 5695 τονς
478 5626 827 5701 Ἀλλ’,οἷμαι,
855 5630 989 5700 φαίη
1009 5648 1090 5691 τις
1114 5629 1177 5681 ἂν
1212 5629 1484 5698 μελλήσας
1512 5632 1681 5696 οὐδὲν,
1702 5635 1782 5685 ὅτι
1807 5636 1896 5688 τὸν

402 5771 445 5799 δ’
490 5769 722 5836 i‘lttlipp.
759 5784 813 5832 ll,
852 5768 902 5820 li.
986 5770 1025 5797 ³³
1071 5767 1231 5819 llrin‘.
1267 5782 1318 5828 ll,
1358 5767 1405 5818 5.

1490 5768 1531 5798 δδ
1571 5769 1725 5825 Jnan.
1765 5790 1873 5842 xtv,
1905 5779 1957 5828 8.

1996 4548 2311 4621 pellant”?
2339 4549 2401 4603 At
2438 4550 2523 4604 cui
2562 4549 2783 4603 dubium
2815 4564 2935 4604 esse
2991 4559 3169 4619 potest
3211 4551 3471 4622 imagines
3500 4552 3574 4605 ita

1997 4655 2095 4710 per
2132 4641 2312 4696 omnia
2349 4640 2571 4697 affectas
2595 4657 2716 4696 esse
2746 4653 3020 4712 oportere,
3056 4643 3191 4698 sicut
3230 4645 3342 4715 ipsa
3377 4656 3576 4714 proto-

2000 4734 2170 4804 typa?
2207 4735 2279 4788 ita
2308 4735 2479 4799 enim,
2515 4750 2616 4789 ncc
2645 4735 2804 4790 aliter
2854 4750 3075 4790 necesse
3108 4748 3190 4792 est
3222 4738 3341 4795 illas
3369 4756 3427 4795 se
3472 4741 3572 4795 ba-

1998 4826 2149 4882 bere.
2188 4827 2244 4879 Si
2281 4842 2410 4897 ergo
2439 4827 2618 4895 imago
2654 4843 2755 4880 non
2784 4828 3057 4893 subsistit,
3085 4845 3258 4899 neque
3292 4834 3578 4889 character

2002 4934 2101 4987 per
2130 4934 2187 4972 se
2228 4919 2477 4983 exsistit;
2517 4929 2570 4971 et
2602 4919 2748 4972 illum
2780 4919 2953 4989 ipsum
2989 4936 3223 4992 quoque,
3259 4924 3410 4994 cujus
3436 4926 3574 4978 ima-

2003 5022 2070 5076 go
2107 5008 2186 5062 vel
2239 5010 2528 5063 character
2572 5018 2678 5074 est,
2737 5026 2841 5065 non
2892 5014 3191 5069 subsistere
3235 5024 3488 5085 oportet:
3530 5017 3574 5071 si

2002 5099 2218 5167 quidem
2252 5099 2505 5166 imaginis
2539 5101 2726 5154 vitium
2758 5101 2811 5155 in
2851 5103 3026 5173 ipsum
3077 5106 3429 5176 archetypum
3464 5121 3579 5161 οιιιο

2000 5190 2131 5244 nino
2162 5191 2447 5244 redundat.

2072 5278 2191 5332 XV.
2219 5279 2487 5336 l’razterea
2521 5281 2627 5346 dic,
2664 5285 2877 5346 amabo,
2915 5301 3035 5339 cum
3069 5283 3346 5356 Philippus
3373 5287 3575 5345 Christi

2003 5371 2320 5440 discipulus,
2352 5371 2552 5438 Patris,
2588 5375 2679 5442 qui
2725 5386 2803 5428 est
2833 5384 2885 5427 et
2915 5378 3186 5442 subsistit,
3216 5380 3428 5435 videndi
3456 5399 3578 5451 [wr-

2004 5461 2231 5531 cnpidus
2258 5463 2435 5517 aiebat
2468 5480 2481 5516 :
2519 5482 2537 5514 ι
2571 5464 2817 5530 Domine,
2858 5470 3084 5524 ostende
3129 5472 3286 5527 nobis
3339 5473 3574 5534 Patrem,

2002 5563 2055 5604 et
2085 5552 2277 5607 suliicit
2309 5555 2462 5608 nobis
2484 5553 2561 5621 “;
2597 5575 2615 5607 ι
2651 5555 2913 5625 ejusmodi
2947 5564 3192 5618 contueri
3235 5564 3466 5629 volebat,
3490 5568 3577 5631 ιμιὶ

2005 5658 2178 5713 neque
2211 5647 2518 5711 cxsisterc',
2554 5666 2727 5720 neque
2776 5652 3133 5709 srbsistcrct?
3163 5656 3296 5711 Puto
3325 5673 3452 5710 sane
3488 5674 3579 5710 nc-
