3970 6136
499 316 678 389 tm‘

2140 220 2237 269 ,κ’

1475 335 1530 386 s.
1574 298 2357 419 citustr'xtizxmuum
2398 331 2719 390 ARCIIIEP.

3614 332 3745 388 H36

494 450 694 502 tninent
756 446 1016 514 futurum,
1066 450 1158 517 qui
1224 434 1654 523 nom-intrepide
1725 447 2064 516 respondeat,

2170 448 2298 501 ὄντα
2332 465 2392 500 τε
2428 448 2524 501 καὶ
2558 446 2922 518 ὑφεστηκότα.
2957 446 3129 517 Εἴπερ
3171 439 3264 498 οὖν
3294 445 3413 498 ἐστι
3440 445 3503 498 τὸ
3533 448 3695 518 μηδὲν
3720 452 3746 503 6

494 540 641 595 illum
669 540 849 595 videre
873 539 1231 629 desiderasse
1256 537 1346 608 qui
1391 539 1681 594 exsisteret
1719 552 1774 594 et
1807 539 2073 597 subsiste.-

494 641 596 686 ret.
650 629 707 691 Si
753 646 904 697 ergo,
945 631 1097 701 juxta
1127 629 1442 685 ell‘renatam
1493 630 1705 684 illorum
1764 633 2069 696 audaciam,

495 722 667 779 Filius
719 723 852 779 nihil
909 732 1013 785 est,
1039 732 1097 779 ut
1157 722 1249 791 qui
1293 737 1395 777 non
1432 722 1727 791 subsistat;
1767 738 1865 777 cur
1909 724 2072 794 igitur

494 831 589 886 per
621 829 678 868 se
731 813 926 884 ipsum,
957 822 1016 866 ut
1057 812 1371 882 imaginem,
1408 812 1473 866 ad
1527 812 1707 867 Patris
1735 815 2066 884 agnitionem

494 907 761 960 adducere
793 919 891 959 nos
945 903 1159 961 voluit?
1208 904 1301 959 Ait
1330 905 1472 959 enim
1508 921 1522 958 :
1557 921 1578 952 ι
1619 903 1796 959 Tanto
1830 915 2070 975 tempore

491 996 773 1051 vobiscum
801 1011 944 1062 sum,
979 1005 1036 1049 et
1059 1010 1163 1051 non
1197 996 1495 1071 cognovisti
1531 1011 1636 1060 me,
1671 994 1953 1067 Philippe?
1979 999 2068 1067 qui

490 1087 634 1140 videt
674 1101 779 1154 me,
812 1087 958 1150 videt
990 1095 1044 1141 et
1072 1086 1308 1141 Patrem.
1340 1085 1455 1141 Non
1492 1088 1691 1153 credis,
1728 1089 1852 1157 quia
1883 1103 1983 1158 ego
2017 1089 2068 1143 in

493 1179 673 1248 Patre,
707 1192 762 1235 et
808 1178 970 1235 Pater
1002 1179 1055 1234 in
1112 1194 1199 1234 me
1228 1190 1310 1236 est
1336 1179 1421 1233 “2
1456 1180 1567 1250 Ego
1597 1190 1652 1235 et
1695 1180 1858 1237 Pater
1902 1198 2065 1236 llllllm

492 1288 680 1328 sumus
699 1272 768 1327 “.
804 1291 823 1326 ι
855 1270 995 1339 .lum,
1028 1283 1086 1326 ut
1110 1287 1209 1341 ego
1233 1272 1446 1341 Opinor,
1485 1287 1642 1331 nemo
1667 1286 1788 1326 eum
1816 1273 1904 1342 qui
1935 1274 2068 1328 sub-

492 1365 654 1431 sistit,
673 1365 725 1419 in
752 1380 815 1421 eo
832 1365 925 1434 qui
943 1380 1047 1420 non
1067 1365 1331 1429 subsistit,
1356 1366 1536 1420 videre
1552 1376 1734 1436 queat.
1754 1364 1863 1420 Nec
1887 1366 2064 1435 aliqua

476 1468 706 1510 ‘rnrsnm
741 1456 949 1512 ratione
1005 1456 1230 1527 intelligi
1289 1464 1487 1526 potest,
1512 1456 1782 1535 quomodo
1825 1458 1962 1511 idem
1996 1458 2068 1512 sit

487 1561 585 1617 per
603 1546 807 1612 omnia,
828 1548 971 1616 quod
1000 1563 1106 1603 non
1142 1548 1379 1611 exsistit,
1415 1562 1534 1601 cum
1570 1562 1635 1603 eo
1663 1548 1807 1616 quod
1825 1549 2062 1604 exsistit.

489 1638 769 1706 Quomodo
799 1654 927 1697 vero
957 1639 1118 1696 Pater
1142 1641 1247 1695 erit
1280 1642 1331 1694 iu
1361 1639 1517 1703 Filio,
1548 1649 1605 1696 et
1627 1639 1795 1696 Filius
1823 1641 2061 1697 vicissim

491 1730 545 1782 in
591 1727 797 1784 Patre?
831 1729 1025 1783 Annon
1075 1730 1404 1800 respondere
1452 1728 1507 1783 in
1573 1739 1824 1800 promptu
1873 1740 1978 1794 est,
2014 1730 2060 1786 si

2175 539 2322 602 Υἱὸς,
2359 540 2454 593 ἅτε
2510 539 2576 606 δὴ
2624 538 2700 609 μὴ
2749 536 3094 607 ὑφεστηκὼς,
3124 536 3287 601 ,κατά
3318 553 3383 605 γε
3428 535 3493 589 τὸ
3531 538 3746 603 ἐκείνων

2148 631 2426 700 -άχάλινον
2472 630 2695 702 θράσος
2723 632 2804 694 είς
2846 631 3032 684 εἰκόνα
3060 629 3158 683 καὶ
3188 629 3393 698 γνῶσιν
3420 630 3626 702 ἀκριϐῆ
3656 632 3743 685 τοῦ

2172 721 2385 792 Πατρὸς
2429 720 2621 774 ἑαυτὸν
2671 723 2802 791 ἡμῖν
2849 720 3077 774 άνθότου
3130 719 3498 792 παρεκόμιζε,
3542 721 3741 788 λέγων·

2176 831 2194 864 ι
2225 813 2490 866 Τοσοῦτον
2519 811 2709 883 χρόνον
2742 812 2863 882 μεθ’
2889 812 3047 885 ὑμῶν
3083 815 3220 882 ειμι,
3249 812 3353 866 κατ
3380 813 3485 872 ob):
3512 811 3747 881 ἔγνωκάς

2172 922 2263 975 με,
2290 904 2551 971 Φίλιππες
2586 907 2615 959 ό
2643 904 2905 978 ἑωρακὼς
2942 905 3066 974 ἐμὲ,
3097 902 3314 974 ἑώρακε
3358 904 3459 961 καὶ
3508 904 3601 956 τὸν
3644 907 3748 959 [ias

2171 995 2325 1067 τέρα.
2362 996 2438 1050 Οὐ
2466 997 2767 1061 πιστεύεις,
2792 998 2880 1061 ὅτι
2910 996 3021 1065 ἐγὼ
3049 996 3109 1049 ὲν
3138 996 3216 1067 τῷ
3261 997 3440 1067 Πατρὶ
3466 997 3565 1051 καὶ
3587 999 3617 1051 ὁ
3641 999 3748 1052 Πα-

2168 1087 2273 1159 τὴρ
2320 1088 2380 1142 ὲν
2428 1088 2551 1159 ἐμοί
2582 1091 2767 1153 ὲστιν;
2809 1086 2950 1156 Ἐγὼ
2977 1089 3073 1142 καὶ
3100 1088 3131 1140 ὁ
3157 1088 3350 1158 Πατὴρ
3375 1089 3437 1142 ἓν
3469 1089 3643 1159 ἐσμεν
3670 1107 3686 1154 ;
3725 1109 3742 1142 ι

2182 1176 2322 1233 Ἀλλ*
2350 1179 2452 1233 οὐκ
2469 1179 2556 1243 ἂν,
2584 1175 2740 1249 οἶμαί
2762 1195 2889 1246 που,
2906 1179 2997 1231 τὸν
3014 1178 3361 1250 ὑφεστηκότα
3385 1176 3745 1250 καταθρήσειὲ

2166 1285 2253 1329 τις
2290 1266 2347 1320 ἐν
2379 1284 2445 1336 γε
2482 1268 2561 1337 τῷ
2591 1268 2667 1338 μὴ
2697 1267 3064 1336 ὑφεστηκότι’
3098 1266 3206 1320 οὐδ’
3246 1267 3313 1320 ἂν
3351 1268 3592 1321 ὲννοοῖτό
3624 1284 3745 1321 ποτε

2168 1358 2264 1411 καὶ
2294 1357 2491 1411 ταυτὸν
2517 1359 2597 1421 είς
2632 1358 2779 1412 ἆπαν
2807 1356 2886 1427 τῷ
2931 1357 3007 1427 μὴ
3053 1356 3356 1428 ὑπάρχοντι
3382 1358 3445 1410 τὸ
3482 1358 3742 1428 ὑπάρχον.

2170 1449 2364 1502 Ἔσται
2393 1448 2451 1502 δὲ
2478 1448 2629 1510 ὅπως
2662 1448 2721 1502 ὲν
2749 1446 2866 1517 ru;
2898 1447 2996 1517 μὲν
3025 1448 3053 1506 ὁ
3083 1446 3294 1517 Πατὴρ,
3320 1447 3350 1500 s
3380 1446 3516 1509 Υἰδς
3541 1447 3587 1498 δ’
3606 1443 3671 1499 αὖ
3693 1449 3743 1499 ἐν

2164 1538 2240 1611 τῷ
2270 1539 2475 1609 Πατρίς
2511 1540 2583 1591 Ἦ
2615 1538 2715 1609 οὐχ
2757 1538 2976 1606 ἕτοιμον
3009 1539 3204 1606 εἰπεῖν,
3237 1537 3313 1601 ὡς
3343 1539 3395 1591 εί
3433 1539 3514 1610 μή
3546 1540 3685 1591 ἐστιν
3714 1539 3740 1589 ό

2163 1630 2336 1699 Λόγος
2378 1631 2435 1683 ὲν
2473 1628 2706 1700 ὑπάρξει
2732 1631 2799 1700 τῇ
2831 1628 2956 1684 καθ’
2985 1628 3197 1695 ἑαυτὸν,
3236 1628 3643 1682 κινδυνεύσειεν
3681 1629 3739 1682 ἂν

2164 1722 2259 1777 καὶ
2303 1720 2466 1784 αὐτὸς
2508 1722 2536 1777 ὁ
2584 1721 2796 1792 Πατὴρ,
2825 1719 2967 1791 ἔχων
3007 1719 3108 1790 μὲν
3153 1721 3213 1773 ἐν
3256 1719 3440 1791 ἐαυτῷ
3474 1720 3541 1774 τὸ
3567 1721 3736 1791 μηδὲν,

496 1816 724 1873 Verbqu
756 1820 970 1888 propria
995 1818 1342 1873 subsistentia
1366 1819 1695 1884 destituitur,
1722 1820 1895 1890 ipsum
1928 1835 2061 1888 quo-

2165 1812 2283 1867 νοού
2293 1829 2451 1883 μενος
2477 1812 2534 1865 δὲ
2561 1811 2826 1881 ὑπάρχειν
2861 1812 2919 1864 ὲν
2952 1810 3029 1880 τῷ
3060 1810 3279 1881 μηδενίς
3311 1811 3386 1864 Τὸ
3414 1810 3532 1882 γὰρ
3567 1814 3661 1865 ούκ
3686 1813 3736 1865 ὃν

489 1923 597 1980 que
633 1908 849 1965 Patrem
902 1909 955 1965 in
986 1910 1276 1966 discrimen
1323 1910 1615 1966 adductum
1665 1911 1753 1977 iri,
1792 1920 1849 1966 ut
1881 1912 1972 1983 qui
2009 1912 2061 1966 id

490 2001 543 2055 in
572 1985 629 2056 sc
659 2001 851 2057 habeat
876 2001 1021 2071 quod
1062 2001 1195 2060 nihil
1225 2012 1329 2069 est,
1363 2011 1524 2073 atque
1551 2004 1621 2058 ita
1649 2003 1701 2057 in
1724 2002 1870 2058 nullo
1907 2016 2083 2079 pror-‘

487 2106 583 2147 sus
626 2106 747 2147 esse
802 2091 1169 2161 intelligatur?
1194 2091 1327 2147 Nam
1364 2094 1505 2163 quod
1540 2095 1762 2149 omnino
1796 2109 1900 2150 non
1953 2103 2056 2160 est,

489 2181 543 2235 id
576 2182 705 2236 nihil
724 2196 844 2238 esse
871 2182 1094 2252 intelligi
1120 2183 1298 2243 debet.
1325 2170 1633 2240 Sunt/sane
1663 2185 1851 2241 istluec
1881 2186 2059 2241 omnia

487 2273 883 2356 spinosissima,
936 2275 1229 2346 multisque
1275 2286 1329 2332 et
1374 2279 1586 2346 magnis
1640 2278 2061 2334 absurditatibus

488 2362 666 2434 plena.
700 2362 900 2419 Verum
950 2364 1383 2429 adversariorum
1422 2366 1617 2437 dogma
1650 2367 1701 2429 in
1741 2369 1920 2423 omnia
1948 2369 2062 2423 lucc

487 2456 720 2510 absurda
774 2465 951 2527 urget.
1015 2454 1146 2513 Jure
1211 2473 1345 2514 sane
1401 2459 1704 2531 meritoque
1758 2442 2063 2516 admiretur
2108 2478 2117 2485 δ

487 2549 777 2619 quispiam,
806 2565 912 2621 qua
960 2552 1174 2613 ratione
1226 2551 1389 2607 Pater
1420 2553 1600 2607 omnia
1641 2568 1762 2624 qua:
1796 2554 1848 2609 in
1879 2569 2058 2611 rerum

489 2640 591 2692 hac
624 2639 974 2696 universitate
1013 2652 1333 2711 cernuntur,
1366 2659 1462 2713 per
1487 2641 1685 2696 Filium
1725 2644 2059 2710 condiderit,

485 2727 531 2778 si
590 2727 789 2782 nullam
849 2728 938 2784 ille
1018 2747 1252 2800 unquam
1313 2732 1533 2789 sortitus
1593 2742 1678 2787 est
1732 2733 2062 2805 Itypostasin.

489 2811 596 2891 ιε,
622 2817 774 2887 Quod
805 2819 850 2875 si
879 2820 1001 2891 quis
1038 2821 1419 2891 interrogetur,
1453 2834 1630 2878 utrum
1671 2823 1738 2878 iis
1773 2839 1893 2894 quae
1914 2834 2058 2891 sunt,

485 2925 604 2969 esse
628 2910 691 2965 sit
718 2911 938 2980 bonum,
957 2927 1027 2967 an
1059 2910 1200 2969 forte
1227 2928 1335 2968 non
1356 2927 1496 2980 esse,
1524 2916 1704 2968 statim
1734 2915 1873 2969 haud
1904 2915 2063 2971 dubie

2163 1904 2320 1969 ὅλως,
2350 1904 2502 1957 οὐδὲν
2534 1903 2601 1956 ἂν
2627 1904 2799 1957 νοοῖτο
2832 1902 3039 1958 λοιπόν.
3073 1904 3184 1957 Καὶ
3231 1902 3333 1956 οὑκ
3366 1904 3615 1975 άτραχυς
3649 1904 3736 1974 μὲν

2162 1998 2190 2051 ὁ
2219 1996 2407 2065 λόγος·
2448 1994 2707 2066 πλείστην
2732 1993 2840 2065 γὰρ
2868 1994 3000 2064 ὅσην
3050 1995 3109 2046 ὲν
3158 1994 3337 2064 ἑαυτῷ
3368 1995 3473 2066 τὴν
3522 1996 3736 2049 ἀτοπίαν
3800 2016 3807 2023 ·

2162 2093 2329 2143 vocat"
2366 2087 2711 2158 περιίστησιν
2753 2081 2845 2139 οὖν
2891 2086 3042 2156 ὅμως
3074 2087 3156 2148 εἰς
3184 2085 3245 2139 τὸ
3275 2087 3495 2156 ἀπηχὲς
3533 2087 3641 2140 τῶν
3668 2088 3737 2140 δι’

2162 2178 2410 2241 ἐναντίας
2441 2179 2503 2232 τὸ
2534 2177 2730 2249 δόγμα.
2763 2175 3149 2246 Κατατεοήποι
3180 2176 3225 2230 δ’
3256 2177 3323 2233 ἄν
3365 2194 3453 2241 τις
3499 2178 3734 2241 εἰκότως,

2160 2271 2283 2324 τίνα
2311 2268 2374 2340 δὴ
2405 2269 2605 2342 τρόπον
2653 2269 2712 2320 ὲν
2742 2266 2824 2337 τῷ
2852 2265 2965 2336 Υἱῷ
2996 2265 3075 2335 τῷ
3120 2265 3197 2337 μὴ
3230 2265 3456 2337 λαχόντι
3494 2266 3559 2320 τό
3588 2264 3734 2327 εἶναι,

2160 2362 2232 2416 τὰ
2275 2361 2405 2421 ὄντα
2452 2360 2754 2429 πεποίηκεν
2798 2359 2829 2411 ό
2876 2358 3088 2428 Πατήρ.
3132 2357 3196 2410 Ei
3228 2357 3287 2411 δὲ
3324 2356 3393 2430 δή
3427 2375 3515 2423 τις
3547 2358 3733 2430 ἔροιτο,

2162 2454 2367 2524 πότερα
2394 2455 2507 2516 τοῖς
2541 2446 2662 2505 οὖσι
2687 2449 2749 2503 τὸ
2779 2446 2916 2503 εἶναι
2939 2449 3124 2512 καλὸν,
3152 2447 3192 2518 ἢ
3226 2447 3364 2516 γοῦν
3402 2449 3465 2503 τὸ
3499 2450 3574 2520 μὴ
3605 2445 3737 2504 εἶναι

2161 2546 2321 2616 τυχόν
2342 2558 2359 2575 ο
2392 2544 2528 2615 φαίη
2572 2561 2657 2608 τις
2692 2542 2758 2597 διν
2792 2542 2975 2605 εὐθὺς,
3009 2542 3091 2594 ὅτι
3121 2541 3183 2592 τὸ
3218 2535 3460 2594 sfw:th
3488 2540 3595 2612 γάρ
3630 2542 3741 2603 τοῖς

2161 2637 2262 2690 οὐκ
2307 2632 2425 2689 οὖσί
2471 2653 2600 2688 ποτε
2651 2635 2711 2689 τὸ
2756 2630 2897 2689 εἶναι
2947 2633 3093 2698 δοὺς,
3124 2630 3334 2700 ἀγαθὸς
3377 2633 3464 2687 ὅτι
3514 2633 3740 2704 μάλιστα

2162 2726 2538 2799 κεχρημάτικέ
2587 2742 2647 2780 τε
2679 2727 2773 2779 καὶ
2817 2725 2965 2781 ἔστιν
3012 2726 3041 2777 ὁ
3081 2724 3463 2795 Δημιουργός·
3497 2726 3613 2796 ἔχοι
3640 2724 3741 2795 γὰρ

2163 2820 2230 2875 ἂν
2274 2814 2375 2875 ὧδε
2408 2820 2470 2874 τὸ
2500 2819 2691 2891 χρῆμα
2720 2822 2787 2891 τῇ
2815 2819 2996 2889 φύσει.
3027 2817 3238 2873 Οὐκοῦν
3281 2821 3337 2873 ὲν
3378 2819 3668 2888 ἀμείνοσιν
3710 2822 3742 2888 ἡ

2163 2910 2356 2974 κτίσις,
2386 2910 2530 2981 ἥπερ
2555 2913 2585 2964 ό
2608 2910 2676 2963 δι’
2700 2904 2762 2964 οὗ
2789 2911 2859 2963 τὰ
2886 2911 3065 2964 πάντα
3100 2910 3346 2980 παρήχθη
3395 2910 3538 2978 πρὸς
3589 2911 3749 2976 γένε-

396 3956 399 3961 .
491 3910 700 3978 eiiicax,
738 3933 758 3967 ι
786 3916 1123 3985 utscriptuut
1162 3930 1245 3973 est
1266 3918 1332 3974 ⁸⁷.
1371 3919 1552 3986 Quare
1600 3929 1656 3973 et
1704 3918 1820 3987 ipse
1845 3932 2062 3988 quoque

488 3003 835 3071 respondebit
883 3005 1056 3060 satius
1098 3020 1221 3061 esse
1248 3005 1511 3061 exsistere
1576 3021 1739 3076 quam
1783 3022 1888 3062 non
1921 3006 2066 3062 exsié

2165 3018 2248 3054 σιν
2268 3017 2281 3031 ’
2317 3003 2345 3055 ὁ
2377 3001 2476 3071 μὲν
2518 3000 2627 3073 γὰρ
2656 3001 2755 3071 οὐχ
2783 3000 3153 3071 ὑφεστηκέναι
3180 3001 3402 3068 λέγεται,
3434 2999 3508 3052 τὰ
3533 2999 3593 3052 δὲ
3632 3003 3748 3068 ὐφ-

487 3105 654 3159 stere,
673 3095 815 3150 unde
841 3095 1021 3165 opifex
1045 3096 1135 3155 ille
1173 3098 1491 3167 rerum,,qui
1520 3098 1625 3152 illis
1639 3113 1758 3167 qua:
1776 3099 2062 3170 aliquando

2165 3092 2384 3163 έστηκε,
2425 3094 2518 3146 καὶ
2544 3094 2603 3145 ἐν
2634 3091 2710 3163 τῷ
2743 3089 2880 3146 εἶναι
2906 3093 3201 3146 νοεῖται.Ὧ
3224 3091 3317 3161 τῆς
3356 3092 3467 3145 τῶν
3514 3093 3751 3147 ἐννοιῶν

489 3199 594 3238 non
622 3195 803 3253 erant,
830 3170 952 3243 esse
976 3187 1287 3257 intpertitus
1326 3197 1428 3252 est,
1460 3189 1698 3255 optimus
1738 3189 2055 3260 appellatur,

2165 3160 2391 3246 ἀτοπίας
2416 3186 2429 3238 ι
2471 3185 2651 3253 ἄπαγε
2676 3160 2775 3255 τῆς
2804 3184 3149 3254 δυσφημίαςῑ
3193 3203 3211 3236 ι
3241 3160 3354 3237 Ζῶν
3383 3184 3497 3255 γὰρ
3521 3186 3554 3239 ὁ
3578 3184 3748 3253 Λόγος

487 3285 545 3327 ct
571 3284 675 3329 est.
697 3274 849 3342 Quod
889 3275 935 3331 si
983 3276 1053 3331 ita
1096 3293 1183 3336 res
1228 3279 1409 3343 habet,
1452 3288 1509 3334 ut
1570 3279 1815 3349 profecto
1872 3280 2059 3346 habet,

2165 3276 2253 3328 τοῦ
2282 3274 2440 3342 Θεοῦ,
2470 3277 2565 3329 καὶ
2594 3276 2843 3346 ἐνεργὴς,
2862 3296 2885 3327 θ
2913 3276 3058 3332 καοὰ
3086 3277 3419 3348 γέγραπται..
3451 3275 3744 3349 Τοιγάρτοι

490 3367 866 3435 consequitur,
901 3379 960 3422 ut
1017 3368 1226 3429 meliori
1284 3370 1596 3427 conditione
1631 3371 1739 3425 sint
1773 3380 2059 3438 creatura',

2165 3367 2254 3421 καὶ
2285 3367 2543 3437 Ξξφασκεν⁸
2571 3387 2591 3420 ι
2614 3368 2754 3437 Ἐγώ
2783 3371 2898 3439 εἰμι
2926 3370 2959 3439 ἠ
2989 3367 3125 3440 ζωή.
3153 3386 3173 3420 ι
3197 3368 3463 3422 Ἀλλόὑκ
3491 3369 3562 3423 ἂν
3583 3371 3746 3423 νοοῖτο

491 3473 651 3528 quam
693 3458 785 3515 ille
814 3459 951 3531 ipse,
977 3475 1076 3532 per
1104 3476 1269 3532 quem
1292 3463 1475 3523 omnia
1497 3473 1681 3524 creata
1712 3471 1870 3517 sunt:
1896 3478 2066 3532 quan-

2165 3456 2297 3528 ζωὴ,
2341 3457 2416 3530 μὴ
2451 3457 2801 3528 ὑφεστηκώς·
2838 3456 2952 3529 ζωὴ
2996 3457 3055 3511 δέ
3094 3459 3211 3514 ἐστι
3242 3458 3389 3513 κατὰ
3413 3457 3609 3528 φύσιν
3640 3460 3736 3512 δια·

493 3549 777 3618 doquidem
822 3551 868 3605 is
891 3551 1188 3613 subsistere
1214 3563 1461 3622 negatur,
1494 3554 1583 3610 illa
1615 3569 1743 3609 vero
1765 3554 2066 3611 subsistunt

2165 3545 2421 3616 ψεύσεται
2449 3545 2555 3617 γὰρ
2589 3545 2858 3617 οὐδαμῶς.
2891 3546 2964 3598 Τὸ
2991 3546 3101 3617 ἄρα
3136 3546 3213 3618 μὴ
3242 3547 3556 3617 ὑφεστάναι
3578 3548 3723 3613 λέγειν

498 3644 880 3715 propriamque
913 3653 1161 3703 naturam
1189 3646 1382 3702 sortita
1437 3656 1853 3716 cognoscuntur.
1890 3646 1934 3703 0
1958 3647 2058 3703 ab-

2165 3636 2259 3691 τδν
2288 3638 2355 3692 ὲκ
2385 3636 2521 3691 Θεοῦ
2552 3639 2829 3708 πεφηνότα
2856 3637 3051 3707 Λόγον,
3073 3637 3483 3710 ψευδηγόρημα
3535 3638 3713 3709 σαθρὸν.

495 3732 687 3789 surdas
740 3736 1126 3806 cogitationes!
1166 3736 1416 3794 facessite
1444 3752 1568 3793 cum
1622 3738 1744 3794 istis
1775 3745 2059 3793 contunie-

495 3823 645 3879 liosis
695 3826 941 3881 vocibus.
975 3844 996 3879 ι
1033 3825 1228 3881 Vivum
1277 3837 1362 3883 est
1401 3829 1542 3883 enim
1590 3827 1683 3883 Dei
1723 3826 1983 3887 Verbum,
2008 3834 2064 3880 et

2163 3734 2271 3802 καὶ,
2303 3735 2501 3805 φρενὸς
2544 3734 2878 3804 ἀπόδρασμα
2918 3734 3018 3805 τῆς
3063 3733 3386 3798 λιοὼδουςι.
3414 3737 3609 3795 Mons?
3638 3734 3726 3803 γὰρ

2163 3824 2399 3894 ἔφασκεν
2428 3825 2591 3890 αὑτός
2613 3841 2627 3855 ·
2662 3844 2681 3877 ι
2706 3824 2848 3893 Ἐγώ
2876 3826 2997 3897 ειμι
3019 3825 3051 3879 6
3079 3824 3178 3879 ὢν.
3204 3844 3221 3876 ι
3253 3824 3327 3878 Τὸ
3356 3826 3415 3880 δὲ
3442 3826 3508 3880 ὃν
3538 3824 3723 3895 άληθῶς

2164 3919 2223 3971 ἐν
2268 3915 2561 3971 ὑποστάσει
2607 3919 2674 3989 τῇ
2723 3917 2846 3976 καθ’
2900 3914 3066 3973 ἑαυτὸ
3118 3917 3468 3987 σωζόμενον,
3524 3919 3629 3979 πῶς
3668 3914 3724 3966 ἂν

495 4000 752 4058 Dominus
776 4004 955 4061 aiebat
987 4021 1003 4060 :
1042 4021 1063 4057 ι
1104 4006 1215 4076 E30
1243 4022 1362 4062 sum
1388 4008 1495 4062 vita
1525 4008 1591 4061 “.
1627 4027 1647 4062 ι
1689 4008 1851 4077 Atqui
1884 4007 1927 4062 si
1953 4021 2058 4061 non

2165 4007 2336 4062 νοοῖτό
2363 4025 2492 4062 ποτε
2529 4007 2603 4079 μὴ
2635 4007 2977 4079 ὑφεστηκόςς
3009 3998 3220 4065 Οὐκοῦν
3247 4008 3359 4064 τῶν
3385 4011 3521 4081 τῇδε
3557 4010 3735 4078 διειλη-

492 4092 758 4158 subsistit,
799 4098 1070 4164 quomodo
1131 4098 1236 4152 vita
1280 4099 1384 4154 dici
1435 4109 1528 4153 aut
1581 4100 1806 4169 cogitari
1835 4098 2064 4169 potest?

2168 4099 2343 4168 φότων
2375 4099 2739 4171 καθοριοῦμεν
2775 4100 3001 4165 είκότως
3029 4100 3092 4153 τὸ
3115 4101 3196 4164 είς
3224 4101 3401 4171 ἄκρον
3437 4101 3673 4171 ἀμαθές.

494 4182 587 4238 Est
615 4196 792 4240 autem
819 4189 927 4241 vita
966 4203 1153 4261 suapte
1199 4202 1415 4258 natura,
1466 4193 1614 4246 nullo
1638 4193 1782 4246 enint
1825 4200 1980 4261 pacto
2022 4190 2297 4249 mentitur.
2344 4189 2496 4248 Unde
2536 4192 2846 4262 quicunque
2888 4190 3148 4259 Verbum,
3200 4194 3345 4262 quod
3383 4208 3455 4253 ex.
3495 4195 3610 4249 Deo
3655 4208 3746 4247 na-

495 4284 604 4339 tum
631 4279 1105 4353 est,subsisteutia
1128 4282 1383 4353 spoliant,
1422 4283 1493 4338 illi
1524 4283 1867 4339 mendacium
1934 4281 2091 4360 longe
2164 4282 2569 4352 putidissimam
2624 4282 2901 4350 effutiunt,
2953 4282 3548 4352 stolidissimarumque
3594 4300 3744 4337 men-

474 4367 626 4420 tiutn
656 4369 845 4423 sordes
872 4381 1152 4426 evomunt.
1177 4372 1258 4426 Ad
1290 4371 1505 4445 Moysen
1561 4374 1705 4427 enim
1743 4374 1917 4442 ipsum
1949 4371 2058 4423 ait:
2107 4387 2128 4421 ι
2156 4369 2270 4439 Ego
2327 4385 2444 4425 sum
2503 4370 2595 4440 qui
2651 4386 2770 4429 sum
2804 4370 2872 4427 δ’.
2910 4388 2929 4423 ι
2963 4370 3118 4437 Quod
3158 4379 3342 4427 autem
3376 4387 3513 4433 vere
3557 4388 3663 4441 per
3698 4390 3753 4428 se

493 4471 597 4525 est,
656 4460 925 4529 quomodo
963 4462 1014 4516 id
1061 4464 1277 4533 pI'Opria
1330 4464 1681 4519 subsistentia
1740 4463 2058 4519 destitutum
2098 4460 2331 4529 conﬁngi
2397 4462 2719 4531 quandoque
2741 4461 2954 4532 potest!
2979 4461 3092 4521 Hos
3122 4462 3309 4532 itaque
3344 4462 3442 4532 qui
3514 4464 3591 4517 ita
3628 4478 3750 4518 scn-

495 4556 654 4620 tiunt,
688 4554 813 4625 jure
865 4571 1088 4611 summa:
1134 4558 1415 4628 cujusdam
1463 4559 1694 4614 inscitiae
1734 4557 2235 4615 condemnabimus.

494 4738 750 4808 gentique
778 4739 1193 4810 investigatione
1221 4742 1502 4795 veritatem
1551 4741 1823 4810 inquirere
1872 4739 2064 4794 didici-

496 4844 641 4893 mus,
687 4829 845 4884 l‘acile
897 4833 1419 4905 counncndabimus,
1474 4832 1565 4901 qui
1609 4822 1827 4887 carnem
1886 4828 2064 4885 Verbo

498 4918 704 4972 uuitam
732 4919 909 4974 anima
932 4921 1157 4975 rationis
1185 4923 1442 4993 participe
1463 4920 1774 4977 destitutam
1794 4922 2064 4985 arbitrati,

498 5008 733 5064 Verbum
797 5023 980 5075 carne,
1011 5023 1131 5078 qua:
1177 5010 1397 5065 vitalem
1452 5021 1657 5064 tantum
1706 5022 1761 5067 et
1812 5011 2065 5065 seusilem

497 5102 787 5157 motionem
815 5101 1005 5156 sortita
1040 5100 1131 5166 sit,
1165 5100 1408 5155 indutum
1462 5101 1813 5159 introducunt
1846 5120 1860 5156 :
1896 5111 2064 5156 tutam

498 5207 626 5247 vero
651 5191 846 5246 mentis
862 5199 916 5246 et
937 5190 1287 5262 intelligentis
1320 5192 1513 5247 anima:
1541 5193 1647 5246 vim
1677 5193 2087 5265 euergiamque

499 5282 786 5355 Uuigenito
816 5284 1151 5351 attribuunt;
1196 5283 1355 5341 fateri
1388 5285 1557 5351 enim,
1582 5286 1766 5343 nescio
1793 5285 2064 5356 quomodo

565 5440 611 5472 δ’
648 5436 804 5495 Joan.
828 5457 938 5506 xw,
973 5442 1026 5496 9.
1105 5442 1148 5473 ⁸⁸
1184 5441 1338 5499 Joan.
1374 5457 1429 5506 κ,
1460 5442 1546 5496 50.

1652 5442 1694 5471 ⁸⁷
1737 5439 1900 5497 llebr.
1934 5457 2004 5503 tv,
2042 5441 2128 5498 1‘2.

366 4718 375 4729 ν
477 4656 483 4661 ’
560 4646 703 4702 XVI.
743 4650 848 4706 Sed
876 4666 1049 4720 neque
1074 4651 1193 4706 illos
1216 4666 1449 4721 quoque,
1480 4666 1576 4706 nos
1600 4651 1690 4723 qui
1725 4650 1906 4706 sedula
1934 4651 2057 4705 dili-

2229 4650 2345 4714 ις’.
2392 4647 2469 4703 Οὐ
2499 4648 2604 4718 μὴν
2625 4649 2652 4688 b
2680 4649 2803 4705 οὐδὲ
2826 4649 3068 4714 ἐκείνους
3100 4650 3491 4721 ὲπαινέσομεν,
3532 4652 3755 4720 φιλοθη-

2171 4742 2284 4810 ρεῖν
2318 4735 2377 4794 εὖ
2420 4740 2565 4810 μάλα
2595 4740 2962 4811 δεδιδαγμένοι
3005 4740 3068 4794 τὸ
3110 4739 3328 4809 ἀληθὲς,
3379 4742 3429 4796 οἱ
3478 4745 3760 4812 τητᾶσθαι

2168 4833 2385 4902 λέγουσι
2444 4833 2619 4904 ψυχῆς
2679 4834 2902 4904 λογικῆς
2955 4834 3055 4906 τὴν
3106 4834 3399 4889 ἐνωθείσαν
3449 4836 3541 4905 τῷ
3602 4839 3764 4904 Λόγῳ

2173 4925 2371 4996 σάρκα.
2401 4924 2574 4994 Σαρκὶ
2622 4925 2731 4994 γάρ
2776 4942 2877 4979 που
2925 4926 3095 4996 μόνην
3140 4925 3239 4996 τὴν
3284 4924 3536 4997 ζωτικὴν
3575 4945 3643 4981 τε
3676 4928 3767 4980 καὶ

2168 5014 2490 5087 αἰσθητικὴν
2517 5014 2758 5087 λαχούσῃ
2781 5016 2994 5086 κίνησιν
3020 5017 3415 5088 ἀμφιεννύντες
3435 5018 3540 5071 τὸν
3564 5020 3770 5087 Λόγον.

2167 5107 2579 5178 παραφέρουσιν
2605 5109 2683 5171 είς
2714 5109 2942 5179 κόσμον,
2971 5109 3072 5178 τὴν
3107 5107 3201 5165 νοῦ
3232 5109 3331 5165 καὶ
3364 5107 3557 5179 ψυχῆς
3612 5110 3777 5179 ἐνέρ-

2168 5213 2324 5265 γειαν
2374 5196 2736 5267 ἀπονέμοντες
2782 5186 2867 5269 τῷ
2921 5200 3235 5268 Μονογενεῖ.
3286 5200 3785 5273 Καταπεφρίκισι

2143 5285 2298 5359 ιγάρ,
2335 5288 2436 5342 οὑκ
2463 5284 2558 5342 οἶδ’
2589 5289 2759 5355 ὅπως,
2789 5288 3107 5364 ψυχωθείσῃ
3156 5290 3348 5362 λογικῇ
3373 5290 3529 5363 ψυχῇ
3561 5296 3647 5363 τῇ
3681 5293 3787 5346 ἁν-

2206 5443 2250 5475 δθ
2290 5440 2445 5498 Joan.
2477 5459 2587 5510 xw,
2618 5442 2693 5497 6.‘
2750 5445 2794 5477 δ’
2836 5444 3004 5503 Exod;
3042 5463 3125 5513 Ill,
3163 5446 3249 5502 M.

1598 5596 1763 5653 Varia
1802 5597 2053 5655 lectiones
2088 5597 2288 5655 codicis
2318 5597 2674 5670 Seguieriaui.

571 5712 599 5742 ³
635 5710 1010 5785 ἡλιθιωτάτης.
1089 5713 1117 5754 ιι
1150 5715 1362 5768 οὐκοῦν.

3906 362 3920 1087 4
