3970 6136
329 331 461 387 H5"!

1264 321 1353 377 es
1389 321 1616 386 nec“
1657 323 1835 393 FlDE,
1877 324 1970 379 ao
2009 288 2457 382 'rneonosmn
2495 325 2638 411 nte.

3434 336 3571 392 1158

324 447 576 521 θρωπίνῃ
635 451 800 517 σαρκὶ
860 441 999 498 κατά
1052 440 1216 512 φύσιν
1278 441 1518 515 ἡνῶσθαι
1577 443 1670 497 τὸν
1727 444 1899 512 Λόγον

2013 451 2281 510 verentur,
2305 444 2535 501 Verbum
2559 445 2709 500 carni
2742 445 3008 510 humanae,
3038 445 3216 500 anima
3246 445 3574 517 intelligente

324 540 607 612 ὁμολογεῖν
627 552 641 568 ⁶
679 540 776 607 τῆς
827 534 927 606 μὲν
959 531 1167 587 ἄνωθέν
1195 549 1256 586 τε
1286 532 1382 587 καὶ
1409 533 1773 604 ἀρχαιοτάτης
1804 534 1898 585 πί-

328 649 499 695 στεως
556 632 653 701 τὴν
704 626 1000 699 παράδοσιν
1053 624 1234 694 ὀλίγου
1294 625 1574 690 παντελῶς
1623 625 1898 690 ἀξιοῦντες

325 724 505 793 λόγου,
539 721 760 791 θελήσει
799 718 857 771 δὲ
905 716 1045 791 μόνῃ
1094 719 1160 789 τῇ
1195 716 1337 771 κατά
1383 718 1525 787 σφᾶς
1568 717 1765 780 αὐτοὺς
1807 722 1901 772 καὶ

326 818 440 879 τοῖς
490 809 849 883 ἀνθρωπίνοις
898 809 1011 863 δεῖν
1059 807 1290 862 ἔπεσθαι
1336 808 1639 877 λογισμοῖς,
1670 808 1900 878 ἀμαθῶς

327 905 612 976 ᾑρημένοι,
639 901 733 955 καὶ
755 898 1078 976 φρονοῦντες
1101 898 1316 969 ἀληθῶς
1345 898 1473 969 παρ’
1505 898 1533 951 δ
1561 899 1642 951 δεῖ
1661 903 1896 971 φρονεῖν.

483 997 567 1060 τίς
597 998 626 1049 6
668 971 827 1062 λόγος
851 971 1043 1057 ἱύτοῖς
1073 991 1167 1045 τοῦ
1215 990 1418 1045 τοιοῦδε
1461 990 1751 1061 δόγματος,
1792 990 1902 1061 ἐγὼ

326 1090 536 1162 φράσω.
568 1089 671 1143 Τδν
703 1084 843 1142 Θεοῦ
875 1086 1102 1158 μεσίτην
1130 1083 1578 1158 καὶάνθρὼπων,
1616 1086 1755 1139 κατά
1802 1085 1902 1150 τὰς

324 1182 569 1254 Γραφάς,
604 1179 925 1250 συγκεῖσθαί
968 1195 1147 1249 φαμεν
1178 1177 1242 1231 ἔκ
1272 1193 1331 1231 τε
1363 1177 1461 1248 τῆς
1495 1177 1615 1231 καθ’
1643 1178 1791 1248 ἡμᾶς
1809 1179 1903 1231 ἀν-

326 1277 678 1348 θρωπὸτητος
715 1271 939 1335 τελείως
965 1271 1197 1343 ἐχούσης
1228 1268 1372 1323 κατὰ
1418 1269 1508 1323 τὸν
1542 1269 1673 1324 ἴδιον
1719 1271 1898 1340 λόγον,

326 1370 422 1424 καὶ
469 1372 532 1421 ἐκ
584 1366 679 1420 τοῦ
736 1363 1038 1436 πεφηνότος
1086 1363 1151 1416 ὲκ
1198 1360 1333 1415 Θεοῦ
1380 1361 1522 1415 κατὰ
1552 1363 1712 1431 φύσιν
1746 1361 1901 1429 Υἱοῦ,

326 1459 572 1516 τουτέστι
596 1457 692 1512 τοῦ
719 1455 1075 1526 Μονογενοῦς.
1108 1454 1574 1524 Διαϐεϐαιούμεθα
1603 1455 1659 1509 δὲ
1689 1455 1904 1511 σύνοδον

333 1553 433 1624 μὲν
463 1569 603 1616 τινα,
632 1550 727 1604 καὶ
768 1548 866 1620 τὴν
913 1547 1049 1618 ὑπὲρ
1079 1546 1236 1615 λόγον
1260 1546 1585 1618 συνδρομὴν,
1611 1549 1690 1609 είς
1711 1547 1904 1602 ἕνωσιν

330 1646 532 1699 ἀνίσων
572 1660 633 1696 τε
667 1642 760 1696 καὶ
787 1639 1052 1711 ἀνομοίων
1080 1639 1393 1710 πεπρᾶχθαι
1431 1639 1809 1709 φύσεων.“Ενα
1848 1641 1906 1695 δ’

331 1733 426 1790 οὖν
475 1736 625 1804 ὅμως
689 1729 947 1803 Χριστὸν,
985 1731 1080 1785 καὶ
1122 1730 1327 1801 Κύριον
1365 1731 1590 1802 Ἰησοῦν,
1629 1731 1721 1784 καὶ
1777 1732 1905 1786 Υίὸν

2004 535 2243 616 perfecte
2291 544 2346 592 et
2387 536 2674 594 inl‘ormate
2717 537 3012 594 secundum
3059 547 3310 593 naturam
3365 540 3572 594 unitum

2003 641 2144 682 esse.
2181 626 2401 695 Verum,
2434 629 2560 683 dum
2613 629 2686 683 ita
2739 628 3204 699 philosophantur,
3230 630 3463 701 antiquae
3523 642 3577 686 et

2005 718 2131 772 olitn
2167 720 2376 777 traditae
2424 720 2548 774 ﬁdei
2601 719 2864 776 rationem
2918 721 3140 776 omnino
3187 720 3486 792 negligant,
3519 732 3576 777 et

2004 812 2298 867 voluntatis
2326 827 2438 867 sua'
2460 813 2663 882 judicio
2687 813 2824 868 male
2868 802 3001 869 sitne
3026 813 3114 885 (ut
3139 814 3279 884 quod
3310 816 3576 870 humanas

2008 910 2214 958 tantum
2236 903 2475 961 rationes
2508 915 2559 959 et
2603 904 2941 974 conjecturas
2975 907 3127 975 sequi
3163 905 3372 975 s'oleat)‘
3413 920 3576 975 prave

2008 994 2195 1061 innixi,
2229 1009 2387 1050 secus
2435 1010 2599 1064 quam
2646 1010 2832 1051 revera
2884 1006 3221 1068 oportuerat,
3267 1001 3484 1069 sapiunt
3519 1010 3577 1052 et

2007 1090 2265 1142 scutiunt.
2297 1087 2364 1143 Et
2396 1102 2666 1156 quaenam,
2692 1087 2943 1154 obsecro,
2980 1088 3248 1159 dogmatis
3289 1090 3448 1159 hujus
3493 1100 3579 1144 est

2007 1179 2182 1235 ratio?
2213 1179 2419 1236 Dicam.
2475 1177 2824 1235 llediatorem
2870 1180 2962 1235 Dei
2989 1190 3044 1235 et
3074 1181 3349 1235 hominum
3380 1180 3448 1250 '°,
3474 1182 3578 1236 hoc

2006 1282 2091 1328 est
2119 1273 2420 1341 Christum,
2446 1287 2516 1328 ex
2532 1260 2882 1327 humanitate
2928 1271 3171 1327 numeris
3209 1273 3460 1327 omnibus
3490 1287 3579 1326 sc-

2008 1366 2240 1420 cundnm
2284 1368 2556 1436 propriam
2612 1367 2876 1422 rationem
2938 1369 3174 1435 perfecta
3229 1375 3284 1420 et
3332 1365 3575 1420 absoluta

2011 1456 2349 1526 naturalique
2393 1457 2487 1512 Dei
2522 1456 2684 1525 Filio,
2728 1459 2829 1513 hoc
2868 1467 2950 1513 est
2980 1455 3290 1527 Uuigenito,
3315 1457 3578 1512 constitu-

2012 1557 2149 1612 tum,
2186 1549 2485 1629 Seripturis
2518 1551 2903 1607 convenienter
2930 1551 3302 1620 praedicamus.
3330 1549 3580 1603 AiIirma-

2011 1655 2131 1697 ntus
2167 1649 2348 1695 autem
2377 1651 2596 1695 naturas
2619 1642 2888 1711 dispares,
2915 1640 3145 1695 acinter
3182 1655 3241 1695 se
3266 1639 3576 1703 dissimiles,

2009 1734 2243 1801 quadam
2296 1733 2533 1789 coitione
2578 1742 2632 1788 et
2673 1748 2941 1787 concursu
2969 1733 3060 1802 qui
3110 1731 3288 1787 verbis
3320 1733 3578 1803 explicari

333 1825 695 1897 ὀνομάζεσθαι
751 1823 1205 1893 ὲπιγινώσκομεν,
1243 1825 1300 1875 ὲν
1358 1816 1541 1897 ταυτῷ
1586 1809 1681 1877 καὶ
1735 1825 1911 1896 ὑπάρ-

2013 1839 2116 1878 non
2148 1832 2345 1894 potest,
2372 1824 2422 1878 in
2450 1839 2616 1878 unum
2647 1824 2988 1879 convenisse.
3015 1822 3374 1893 Agnoscimus
3403 1832 3578 1878 tamen

333 1937 517 1992 χοντα,
550 1918 644 1971 καὶ
691 1915 979 1986 νοούμενον
1021 1914 1155 1968 Θεόν
1198 1932 1259 1968 τε
1305 1913 1441 1985 ὁμοῦ
1472 1916 1566 1967 καὶ
1599 1915 1906 1987 ἄνθρωπον.

348 2012 734 2065 Ἀδιάσπαστον
772 2009 827 2062 δὲ
866 2006 1147 2071 παντελῶς
1175 2005 1277 2077 τὴν
1305 2006 1497 2061 ἕνωσιν
1523 2007 1800 2079 διατηρεῖν
1829 2011 1910 2064 sle

337 2101 586 2173 θίσμεθα,
615 2101 707 2155 τὸν
734 2099 897 2153 αὑτὸν
931 2094 1072 2152 εἶναι
1104 2082 1199 2153 καὶ
1228 2097 1512 2169 Μονογενῆ
1539 2099 1909 2166 πιστεύοντες,

336 2194 431 2248 καὶ
478 2191 845 2263 πρωτότοκον·
895 2189 1172 2260 Μονογενῆ
1225 2187 1343 2258 μὲν,
1375 2187 1451 2251 ὡς
1507 2187 1640 2242 Θεοῦ
1701 2190 1913 2260 Πατρὸς

335 2287 529 2356 Λόγον,
569 2285 664 2338 καὶ
689 2284 755 2337 ὲκ
785 2282 884 2353 τῆς
912 2280 1097 2345 οὐσίας
1132 2281 1298 2334 αὑτοῦ
1338 2281 1620 2352 πεφηνότα
1641 2299 1655 2313 ·
1689 2282 1905 2354 πρωτό-

335 2397 495 2433 τοκον
531 2379 575 2431 δ’
606 2372 696 2441 αὖ,
727 2374 860 2429 καθδ
893 2375 1116 2444 γέγονεν
1144 2372 1450 2444 ἄνθρωπος,
1485 2373 1580 2427 καὶ
1608 2374 1665 2426 ὲν
1689 2372 1909 2438 πολλοῖς

338 2470 824 2540 ἀδελφοῖς.Ὤσπερ
856 2466 967 2538 γὰρ
997 2461 1077 2530 εἷς
1123 2468 1239 2519 ἐστι
1270 2464 1404 2528 Θεὸς
1432 2467 1460 2519 ὁ
1489 2464 1700 2536 Πατὴρ,
1743 2465 1804 2530 ἐξ
1843 2456 1906 2519 οὗ

336 2561 405 2615 τὰ
437 2562 613 2616 πάντα
634 2576 647 2590 ·
679 2558 822 2614 οὕτω
846 2558 939 2613 καὶ
964 2552 1045 2623 εἷς
1079 2557 1281 2627 Κύριος
1317 2555 1525 2626 Ἰησοῦς
1553 2554 1809 2626 Χριστὸς,
1835 2555 1915 2610 δι’

339 2650 399 2711 οῦ
423 2655 490 2708 τὰ
516 2654 713 2709 πάντα.
739 2652 872 2707 Θεὸν
898 2651 1007 2720 γὰρ
1035 2650 1163 2707 ὄντα
1191 2648 1333 2703 κατά
1360 2647 1521 2717 φύσιν
1550 2648 1911 2724 ἐπιγινώσκο-

344 2764 444 2816 μεν
478 2746 569 2800 τὸν
609 2745 674 2799 δι’
706 2739 768 2800 οὗ
793 2743 861 2798 τὰ
890 2744 1086 2807 πάντα,
1116 2742 1312 2811 Λόγον,
1337 2741 1432 2796 καὶ
1462 2741 1513 2795 εί
1536 2739 1727 2810 γέγονε
1754 2740 1911 2813 σὰρξ,

341 2835 617 2889 τουτέστιν
641 2833 739 2890 ἀνθ
748 2849 947 2903 ρωπος.

2006 1930 2174 1969 unum
2214 1914 2316 1984 15
2344 1915 2715 1981 Christum,et
2739 1914 3023 1969 Dominum
3053 1912 3261 1982 Iesum,
3292 1925 3348 1969 et
3379 1914 3576 1969 Filium

2008 2013 2296 2071 vocatum;
2336 2007 2532 2076 quippe
2561 2021 2683 2061 cum
2705 2005 2865 2061 simul
2892 2003 3036 2060 Deus
3059 2015 3114 2059 et
3149 2006 3311 2061 homo
3353 2007 3582 2062 exsistat

2010 2100 2286 2170 mentique
2332 2115 2392 2157 se
2444 2098 2661 2155 oB‘erat.
2687 2097 2903 2154 Etenim
2944 2101 3074 2155 unio
3129 2101 3216 2155 illa
3262 2112 3580 2157 naturarum

2010 2208 2183 2262 usque
2238 2193 2374 2248 adeo
2425 2193 2700 2249 individua
2763 2194 3139 2263 imlivulsaqus
3187 2205 3273 2250 est
3314 2207 3373 2250 ut
3417 2212 3581 2251 unum

2013 2282 2371 2352 eamdemque
2431 2282 2768 2354 unigenitum
2826 2285 2989 2340 simul
3048 2296 3104 2341 et
3165 2286 3581 2357 primogenitum

2013 2372 2336 2429 credamus:
2371 2372 2705 2442 unigenitum
2741 2374 2979 2443 quidem,
3005 2384 3258 2445 tanquam
3294 2377 3383 2431 Dei
3409 2376 3585 2431 Patris

2013 2462 2274 2526 Yet-bum,
2300 2478 2363 2518 ex
2391 2463 2534 2519 illius
2559 2464 2864 2520 substantia
2905 2477 3129 2533 natum;
3161 2468 3580 2537 primogenitum

2009 2569 2161 2623 vero,
2195 2564 2459 2625 quatenus
2505 2556 2646 2612 inter
2679 2557 2875 2612 multos
2901 2558 3100 2612 fratres
3147 2560 3307 2614 homo
3334 2559 3585 2615 exstitit:

2010 2646 2444 2716 quandoquidem
2491 2657 2549 2701 ιιι
2604 2662 2743 2703 unus
2800 2658 2885 2704 est
2936 2648 3081 2706 Deus
3130 2648 3314 2715 Pater,
3359 2664 3424 2706 ex
3479 2666 3586 2719 quo

2009 2737 2224 2805 onmia;
2258 2738 2327 2792 ita
2367 2752 2509 2793 unus
2537 2753 2752 2809 quoque
2784 2750 2871 2796 est
2908 2740 3171 2797 Dominus
3220 2741 3380 2797 Jcsus
3433 2742 3589 2797 Chri-

2010 2838 2145 2893 stus,
2177 2844 2272 2899 per
2319 2843 2478 2899 quem
2529 2831 2709 2885 omnia
2733 2830 2800 2886 “.
2833 2830 2967 2887 Nam
3022 2831 3259 2888 Verbum
3306 2834 3458 2898 illud,
3493 2848 3588 2904 per

342 2926 483 2996 quod
524 2926 703 2983 omnia
750 2927 1077 2989 consistunt,
1105 2921 1402 2979 secundum
1444 2928 1694 2977 naturam
1733 2922 1899 2977 Deum
1939 2933 2059 2975 esse
2080 2922 2353 2988 novimus,
2383 2921 2600 2979 etiamsi
2637 2937 2789 2991 caro,
2856 2923 2959 2981 hoc
3013 2934 3096 2983 est
3166 2925 3329 2981 homo
3385 2925 3585 2982 factum

342 3028 445 3076 est.

408 3109 510 3171 IZ'.
562 3106 701 3167 ‘Aio.’
732 3109 847 3165 οὔτι
874 3126 976 3165 που
1006 3108 1209 3180 σφόδρα
1235 3110 1355 3172 ταῖς
1381 3108 1439 3161 ἐν
1462 3108 1595 3179 ἡμῖν
1622 3106 1750 3177 περὶ
1786 3104 1908 3161 τού-

2080 3104 2245 3161 Χγιι.
2296 3105 2589 3172 Caeterum,
2614 3121 2800 3163 eorum
2853 3108 2996 3163 dicta
3041 3122 3166 3164 cum
3232 3111 3434 3165 nostris
3481 3125 3587 3164 non

340 3222 433 3260 του
480 3190 661 3273 δόξαις
705 3206 776 3259 τὰ
820 3203 1046 3258 ἐκείνων
1100 3201 1602 3273 συμφέρεται.Ἕνα
1652 3199 1751 3272 μὲν
1804 3199 1915 3270 γὰρ

341 3297 787 3370 ὁμολογουμένως
851 3294 1250 3367 παραδέχονται
1314 3293 1409 3347 καὶ
1470 3292 1625 3345 αὐτοὶ
1706 3290 1914 3363 Ἰησοῦν

341 3390 597 3462 Χριστὸν,
626 3386 1007 3460 παρωθοῦνται
1039 3386 1094 3440 δὲ
1124 3385 1265 3449 λίαν,
1297 3385 1371 3448 ὡς
1399 3384 1654 3447 δυσσεϐὲς
1680 3383 1761 3438 ὅτι
1807 3382 1913 3454 μά-

342 3482 517 3546 λιστα,
547 3479 896 3548 καταδιιστᾷν
937 3479 1018 3539 είς
1060 3475 1175 3530 δύοι
1197 3475 1289 3529 τὸν
1322 3475 1689 3547 Ἐμμανουήλ·
1721 3476 1915 3548 Ψυλῖἦς

345 3571 390 3625 δ’
416 3566 509 3625 οὖν
536 3571 684 3639 ὅμως
712 3567 815 3635 τῆς
841 3565 1190 3637 ἀνθρωπίνης
1234 3565 1329 3619 καὶ
1355 3565 1580 3636 λογικῆς
1607 3566 1708 3637 τὴν
1738 3566 1917 3637 σάρκα

347 3658 683 3729 χωρίσαντες
725 3654 820 3708 καὶ
862 3647 1265 3724 γυμνώσαντες,
1301 3653 1541 3725 ἡνῶσθαί
1582 3671 1745 3723 φασιν
1778 3656 1915 3728 αὐτῇ

349 3752 438 3806 τὸν
467 3751 531 3803 ἐκ
558 3747 694 3802 Θεοῦ
723 3746 924 3815 Λόγονο
949 3744 1239 3816 ἐξεύρηται
1262 3746 1320 3799 δέ
1350 3763 1435 3809 τις
1469 3746 1652 3810 αὐτοῖς
1697 3747 1792 3800 καὶ
1831 3765 1919 3802 πι-

350 3839 527 3904 θανὸς,
573 3837 648 3900 ὡς
691 3834 918 3901 οἴονται,
956 3833 1091 3906 πρὸς
1124 3833 1281 3888 τοῦτο
1318 3833 1497 3903 λόγος.
1532 3834 1612 3889 Τὰ
1656 3834 1766 3907 γάρ
1812 3851 1916 3903 τοι,

347 3928 514 4004 (nisi,
558 3929 699 3984 κατά
752 3928 1002 3983 σύνθεσιν
1052 3928 1190 3999 πρὸς
1237 3927 1355 3992 ἐνὸς
1400 3927 1607 3982 τελείου
1659 3929 1919 3995 σύστασιν

348 4020 862 4093 συνδεδραμηκότα,
901 4020 1043 4091 μέρη
1070 4036 1127 4072 τε
1167 4030 1190 4059 ο
1219 4019 1314 4073 καὶ
1339 4017 1399 4084 ἒξ
1439 4019 1646 4074 ἀτελῶν
1688 4020 1918 4092 ὁρᾶσθαι

349 4116 516 4187 φιλεῖ·
547 4111 641 4167 τοῦ
677 4112 900 4175 τελείως
948 4112 1164 4182 ἔχοντος
1209 4110 1332 4165 καθ’
1360 4110 1555 4175 ἑαυτὸ,
1589 4113 1685 4166 καὶ
1734 4111 1810 4177 ὡς
1860 4112 1919 4166 ὲν
1963 4174 1967 4178 λ

352 4209 459 4278 ἰδίᾳ
492 4205 674 4274 φύσει,
710 4205 811 4274 τῆς
848 4204 914 4256 ἐκ
943 4201 1124 4272 μερῶν
1152 4201 1453 4268 συνθέσεως
1485 4201 1546 4256 οὐ
1573 4201 1916 4273 δεδεημένου.

2018 3198 2153 3253 satis
2184 3205 2507 3268 congruunt.
2551 3196 2683 3253 Nam
2731 3207 2787 3254 et
2823 3199 2922 3268 ipsi
2949 3214 3164 3270 quoque
3198 3216 3364 3256 unum
3415 3203 3588 3257 solum

2019 3286 2289 3346 Christum
2355 3300 2543 3361 aperte
2605 3293 2964 3357 constituunt,
3020 3301 3077 3347 et
3133 3307 3298 3346 unum
3375 3292 3591 3348 Emma-

2019 3382 2231 3439 nuelem
2279 3382 2332 3438 in
2386 3383 2522 3439 duos
2575 3381 2853 3448 divellere,
2906 3393 3159 3453 tauquam
3205 3399 3317 3439 rem
3379 3399 3589 3440 summa

2019 3488 2141 3530 cum
2183 3474 2464 3544 impietate
2503 3473 2870 3545 coniunctam,
2911 3489 3259 3544 summopere
3300 3490 3592 3531 exsecran-

2022 3574 2112 3620 tur
2145 3583 2160 3620 :
2189 3565 2287 3621 sed
2317 3563 2554 3620 Verbum
2608 3565 2824 3619 interim
2854 3566 3029 3631 carni,
3063 3581 3182 3636 quae
3203 3566 3466 3635 humana,
3489 3570 3591 3622 hoc

2019 3669 2123 3723 est,
2152 3658 2362 3713 ratione
2392 3656 2616 3727 praedita
2667 3656 2846 3710 anima
2896 3667 3059 3710 exuta
3108 3657 3472 3728 destitutaque
3498 3660 3590 3721 sit,

2024 3748 2231 3803 unitum
2260 3747 2586 3818 prredieant;
2615 3755 2668 3802 et
2698 3763 2796 3801 cur
2835 3748 2974 3802 istud
3020 3748 3313 3818 pra-dicare
3336 3750 3589 3813 debeant,

2025 3837 2287 3893 rationem
2321 3836 2607 3891 admodum
2632 3835 2971 3905 plausibilem
3002 3838 3333 3907 comperisse
3349 3853 3409 3892 se
3433 3850 3593 3893 autu-

2025 3937 2194 3983 mant.
2224 3927 2392 3982 Aiunt
2419 3927 2725 3996 enitn,qute
2755 3927 2822 3981 ad
2869 3927 3028 3983 unius
3070 3925 3295 3997 perfecti
3332 3931 3595 3984 constitu-

2026 4019 2229 4074 tionem
2271 4030 2371 4085 per
2416 4015 2864 4085 compositionem
2918 4024 3273 4080 concurrunt,
3302 4030 3367 4071 ea
3414 4025 3595 4087 partes

2024 4122 2146 4165 esse
2162 4120 2215 4166 et
2236 4109 2676 4181 imperfectorum
2700 4113 2961 4167 rationem
2995 4109 3277 4175 obtinere;
3304 4126 3427 4165 nam
3451 4111 3593 4181 quod

2024 4201 2323 4269 perfectum
2354 4210 2440 4256 est
2463 4216 2558 4272 per
2594 4216 2675 4269 se,
2704 4209 2865 4273 atque
2892 4211 2951 4256 ut
2999 4201 3054 4256 in
3108 4202 3322 4272 prepria
3376 4212 3595 4267 natura,

351 4297 664 4366 Τοιγάρτοι,
704 4293 858 4362 φασὶ,
920 4291 1282 4364 παραιτητέον
1346 4290 1587 4358 εἰκότως,
1633 4290 1911 4372 ἄνθρωπον

2026 4307 2134 4347 non
2173 4306 2309 4361 opus
2366 4292 2548 4357 habet,
2585 4291 2767 4347 utad
2815 4291 3094 4362 partialom
3148 4290 3591 4361 compositionem

348 4386 532 4443 δοῦναι
565 4385 792 4449 τέλειον,
822 4383 913 4437 τὸν
944 4382 1307 4437 συνενωθέντα
1336 4382 1418 4454 τῷ
1448 4382 1607 4454 Λόγῳ
1649 4382 1798 4449 ναὸν,
1831 4366 1922 4437 ἵνα

347 4481 444 4535 καὶ
476 4479 510 4548 ἡ
545 4476 799 4541 ἓνωσιςά,
834 4477 980 4548 ἤπερ
1011 4475 1077 4530 ἂν
1121 4477 1215 4529 ἐπὶ
1247 4475 1469 4547 Χριστῷ
1514 4478 1687 4530 νοοῖτο
1732 4473 1920 4544 τυχὸν,

349 4569 554 4641 ἀκριϐῆ
584 4585 645 4621 τε
695 4567 790 4621 καὶ
823 4566 1142 4638 ἀδιάϐλητον
1190 4568 1281 4621 τὸν
1336 4567 1423 4620 ἐπ’
1448 4567 1617 4637 αὐτῆς
1644 4565 1922 4630 ἀποσώζοι

346 4661 526 4728 λόγον.
569 4659 677 4714 Καὶ
732 4659 837 4729 μὴν
883 4661 1102 4714 κάκεῖνο
1152 4658 1437 4730 προσθεῖεν
1481 4657 1568 4721 ἂν,
1597 4657 1786 4729 ὥσπερ
1828 4653 1922 4712 οὖν

345 4752 586 4823 ἡγοῦμαι
614 4762 658 4818 ε,
684 4750 862 4807 πάλιν.
892 4751 953 4804 Ei
981 4750 1088 4821 γὰρ
1117 4749 1176 4814 ὲξ
1205 4749 1492 4820 ἀνθρώπου
1513 4748 1742 4815 τελείου,
1761 4750 1919 4819 φασὶ,

346 4842 441 4895 καὶ
470 4841 564 4894 τοῦ
601 4840 666 4895 ἐκ
694 4839 788 4894 τοῦ
819 4840 1031 4911 [ἰατρὸς
1067 4839 1218 4904 ὄντος
1243 4839 1419 4909 Λόγου
1448 4840 1695 4910 φήσομεν
1717 4838 1738 4879 ἵ
1776 4835 1917 4893 εἶναι

342 4935 435 4988 τὸν
470 4932 838 5003 Ἑμμανουὴλ,
871 4933 931 4985 ού
997 4932 1169 5004 βραχὺ
1225 4932 1287 4985 τὸ
1341 4929 1536 5001 δεῖμα,
1597 4930 1796 5001 μᾶλλον
1857 4930 1915 4984 δὲ

342 5024 676 5093 ἀδιάφυκτον
741 5024 839 5095 ἤδη
881 5040 997 5086 πως
1062 5024 1415 5091 ἀναφανεῖται
1474 5020 1680 5084 λοιπὸν,
1711 5020 1773 5072 τὸ
1818 5020 1913 5073 καὶ

342 5113 659 5185 ἀϐουλήτως
703 5113 814 5167 δεῖν
861 5112 954 5166 δύο
1000 5112 1098 5182 μὲν
1128 5112 1297 5177 υἱοὺς,
1344 5112 1613 5179 Χριστοὺς
1655 5111 1699 5164 δ’
1721 5106 1787 5166 αὖ
1823 5111 1915 5163 δύο

343 5207 561 5274 φρονεῖν
604 5222 665 5258 τε
710 5206 806 5259 καὶ
856 5205 1057 5272 λέγειν.
1087 5199 1221 5257 Εἶτα
1253 5203 1307 5255 τί
1333 5203 1541 5266 τούτοις
1584 5203 1914 5273 ἀντεροῦμεν

345 5298 535 5365 ἡμεῖς
585 5296 809 5365 Πρῶτον
840 5297 958 5365 μὲν,
989 5296 1069 5349 ὅτι
1095 5294 1196 5364 τῆς
1230 5294 1462 5357 πίστεως
1491 5292 1589 5364 τὴν
1614 5292 1783 5355 οὕτως
1814 5294 1915 5363 ἀρ-

416 5455 459 5482 ”
504 5452 517 5503 ι
552 5454 691 5508 'l'im.
723 5468 786 5516 ιι,
815 5453 868 5506 5.
944 5452 988 5482 ⁸⁸
1030 5450 1047 5503 Ι
1077 5450 1199 5506 Cor.
1231 5466 1347 5515 \‘ttt,
1380 5450 1433 5505 6.

2022 4384 2247 4439 veniat:
2281 4391 2445 4454 atque
2469 4383 2590 4439 ideo
2614 4383 2914 4439 cavendum
2941 4397 3063 4437 esse
3113 4382 3303 4437 sedulo
3353 4397 3421 4438 ne
3459 4391 3598 4436 tem-

2019 4476 2191 4548 plum,
2219 4475 2366 4546 quod
2396 4474 2576 4532 Verbo
2601 4476 2815 4532 unitum
2849 4485 2955 4541 est,
2989 4474 3289 4546 perfectum
3320 4475 3593 4529 hominem

2021 4568 2297 4625 exstitisse
2342 4570 2722 4636 concedentes,
2744 4578 2991 4624 exactam
3046 4569 3191 4625 illam
3239 4568 3399 4624 nnins
3426 4570 3596 4623 ratio-

2020 4673 2165 4725 nem,
2193 4674 2314 4729 qum
2352 4660 2406 4715 in
2428 4659 2646 4716 Christo
2692 4660 2956 4715 accidisse
3001 4660 3356 4728 dignoscitur,
3385 4661 3594 4714 merita:

2019 4749 2302 4806 calumnia:
2347 4765 2705 4821 exponamus.
2738 4750 2876 4818 Quin
2931 4760 2986 4805 et
3034 4751 3163 4806 illud
3214 4765 3429 4821 quoque
3490 4751 3600 4805 hnc

2026 4841 2332 4912 adjecturos
2363 4842 2642 4911 suspicor;
2680 4854 2895 4912 nempe,
2919 4840 2964 4897 si
2992 4856 3059 4897 ex
3086 4842 3302 4897 homine
3333 4842 3592 4911 perfecto,

2026 4941 2081 4987 et
2102 4931 2197 4987 Dei
2225 4932 2406 4989 Patris
2438 4932 2614 4990 Verbo
2670 4932 3079 4989 Emmanuelem
3129 4933 3400 4989 coaluisse
3445 4933 3598 4986 dica-

2017 5038 2160 5088 mus,
2193 5023 2248 5085 in
2279 5022 2410 5080 illud
2440 5039 2538 5081 nos
2584 5035 2636 5081 et
2679 5040 2956 5096 magnum,
2988 5036 3037 5080 et
3072 5025 3231 5096 plane
3281 5026 3597 5081 inevitabile

1966 5160 1970 5164 .
2014 5112 2313 5180 periculum
2338 5122 2597 5173 venturos
2627 5128 2767 5180 esse,
2789 5124 2848 5169 ut
2877 5114 2961 5170 vel
2992 5114 3144 5169 inviti
3168 5115 3299 5168 duos
3322 5113 3591 5179 Christos,

2015 5215 2068 5257 et
2101 5206 2236 5260 duos
2289 5207 2472 5262 itidem
2507 5206 2655 5264 'lilios
2707 5217 2895 5263 tenere
2939 5215 2994 5262 et
3040 5205 3281 5276 proﬁteri
3314 5220 3594 5274 cogamur.

2013 5295 2180 5360 Cedo,
2213 5297 2339 5366 quid
2401 5313 2499 5354 nos
2555 5299 2622 5354 ad
2681 5299 2793 5355 haec
2839 5296 3599 5370 respondebimus?Apprime

1437 5592 1606 5649 Varia:
1637 5594 1897 5649 lectiones
1926 5596 2129 5651 codicis
2169 5596 2528 5667 Seguieriani.

422 5738 442 5765 τ
487 5728 626 5798 μέρη
652 5728 708 5781 τέ
737 5728 860 5781 εἰσι.
937 5727 964 5767 ά
1003 5727 1268 5791 σύνθεσις.
1352 5741 1373 5767 ο
1416 5724 1658 5799 ἐγῷμαι.
1744 5729 1762 5767 ῖ
1800 5731 2116 5802 συντίθεμεν
2147 5734 2237 5786 τὸν
2281 5734 2648 5803 Ἐμμανουήλ.
