3970 6136
435 370 573 429 1259

1399 362 1460 418 S.
1497 362 1772 418 CYRILLI
1803 359 2271 416 ALEXANDN‘NI
2313 358 2633 415 ARCIllEP.

3560 369 3705 423 HTD

437 487 715 554 indignum
748 494 868 536 esse
931 493 1028 533 nos
1054 476 1484 546 antiquissimam
1519 476 1639 530 ﬁdei
1668 476 2011 530 traditionem

2117 476 2429 546 χαιοτάτην,
2456 475 2552 528 καὶ
2591 472 2649 539 ἐξ
2678 474 2855 527 αὐτῶν
2890 474 3000 526 τῶν
3040 476 3209 542 ἁγίων
3256 478 3579 532 ἀποστόλων
3624 484 3713 534 δι-

435 577 527 649 (ιιι
584 591 704 645 qua:
744 573 810 628 ab
841 574 972 642 ipsis
1022 569 1227 625 sanctis
1259 570 1513 636 apostolis
1548 569 1791 637 profecta
1814 569 1879 621 ad
1916 583 2013 622 nos

435 682 606 740 usque
625 666 904 736 pervenit)
932 673 1148 733 pr0pter
1173 662 1419 715 curiosas
1456 659 1714 727 quasdam
1740 674 1802 713 ac
1824 674 2010 728 super—

437 773 705 814 vacaneas
749 756 992 810 rationes
1037 768 1100 807 ac
1150 751 1569 820 disceptationes
1620 751 1893 816 deserere,
1932 752 2013 805 vel

436 851 620 906 nimiis
647 832 1093 917 iuquisitionibus'
1120 846 1367 896 humanm
1394 844 1588 896 mentis
1614 854 1829 913 captum
1856 859 2015 897 exce-

436 942 617 996 dentia
641 939 951 1006 subjicere;
988 935 1093 1005 16
1117 933 1198 987 vel
1228 933 1283 986 in
1310 933 1543 986 Iucdium
1589 934 1813 988 exsilire
1848 934 2010 987 veluti

432 1038 664 1105 gitdices,
696 1040 755 1085 nt
787 1040 972 1084 nostro
1011 1041 1196 1090 sensu,
1230 1033 1537 1092 contempto
1567 1026 1826 1095 periculo,
1860 1026 2015 1093 quid-

435 1128 520 1181 vis
555 1124 862 1184 metientes,
891 1121 1134 1174 dicamus
1165 1135 1178 1171 :
1210 1115 1321 1170 Hoc
1365 1126 1509 1169 recte
1560 1132 1617 1171 se
1671 1117 1851 1181 habet,
1885 1117 2013 1171 illml

438 1230 567 1269 vero
599 1226 776 1267 secus.
795 1209 1008 1276 Quanto
1052 1206 1244 1269 satius,
1280 1216 1590 1275 quantoque
1636 1205 1822 1260 utilius
1854 1205 2013 1269 foret,

438 1303 838 1374 sapientissimo
860 1299 967 1355 Deo
999 1298 1346 1353 consiliorum
1395 1312 1612 1351 suormn
1662 1296 1899 1350 rationes
1927 1298 2010 1361 iu-

439 1408 590 1466 tegre
617 1394 951 1465 permittere,
986 1401 1042 1446 et
1066 1405 1127 1444 ea
1163 1404 1281 1459 qua:
1323 1389 1423 1460 ipsi
1454 1389 1835 1460 probatissima
1867 1399 2013 1454 sunt,

440 1490 605 1559 impie
626 1503 729 1542 non
752 1485 1167 1557 reprehendere,
1202 1483 1497 1552 praesertim
1518 1498 1641 1538 cum
1668 1483 1813 1537 illum
1831 1493 2017 1553 aperte

439 1579 806 1643 dicenlem,et
852 1577 1009 1646 quasi
1044 1575 1475 1644 expostulantetn
1511 1577 1830 1629 audiamus:
1856 1594 1873 1626 ι
1901 1574 2014 1630 Νοιι

438 1681 564 1727 sunt
597 1670 819 1725 consilia
853 1684 970 1720 mea
1001 1668 1133 1720 sicut
1155 1666 1376 1720 consilia
1413 1677 1612 1731 vestra,
1642 1684 1738 1720 uec
1764 1667 1861 1721 vite
1886 1681 2016 1720 mea:

440 1773 500 1816 ut
524 1763 624 1818 via:
660 1770 891 1816 vestrm:
920 1758 1012 1812 sed
1068 1759 1211 1812 sicut
1250 1760 1414 1813 distat
1464 1758 1659 1812 caelum
1693 1774 1722 1811 a
1750 1768 1915 1822 terra,
1941 1762 2013 1813 ita

440 1859 541 1911 via:
564 1870 696 1909 meae
716 1870 746 1908 a
774 1855 876 1908 viis
919 1854 1133 1917 vestris,
1157 1861 1211 1906 et
1254 1852 1609 1920 cegitatioues
1643 1867 1772 1907 mea:
1804 1868 1830 1906 a
1860 1854 2011 1923 cogi-
2049 1829 2088 1883 Β

441 1947 735 2002 tationihus
766 1947 956 2000 vestris
977 1946 1043 1998 ".
1077 1963 1094 1996 ι

510 2037 699 2094 XVIII.
736 2037 914 2104 Quare
952 2038 1079 2091 licet
1115 2032 1395 2104 templum,
1429 2033 1570 2102 quod
1598 2032 1777 2089 Verbo
1804 2035 2011 2089 unitum

441 2142 546 2199 est,
586 2132 762 2185 anima
795 2130 1029 2184 humana
1057 2129 1357 2198 perlectum
1383 2136 1441 2181 et
1485 2126 1834 2181 informatum
1863 2134 2015 2181 certo

438 2227 749 2289 credamus,
789 2237 894 2275 non
949 2222 1083 2275 duos
1136 2231 1313 2276 tamen
1369 2218 1512 2273 lilios
1571 2219 1882 2283 adoramus,
1916 2231 2015 2272 nec

439 2319 575 2373 duos
606 2316 855 2371 Christus
884 2314 1249 2385 agnoscimus.
1276 2310 1348 2367 Ut
1379 2311 1523 2365 enim
1556 2311 1768 2364 tametsi
1799 2308 2017 2363 Emma-

440 2410 653 2464 nuelcm
711 2423 773 2461 ex
831 2405 945 2460 sola
1002 2418 1165 2459 carne
1199 2412 1255 2456 ct
1290 2402 1383 2456 Dei
1431 2401 1606 2455 Patris
1641 2396 2013 2465 Verbo,juxta

442 2501 757 2568 opinionem
821 2512 982 2563 quam
1039 2495 1114 2549 illi
1171 2489 2059 2573 complectuntur,compositum|

443 2597 710 2649 statuant,
772 2585 915 2637 nulla
949 2584 1121 2637 adhuc
1156 2591 1335 2636 taiuen
1385 2582 1594 2635 ratione
1626 2580 1729 2633 huc
1766 2579 1841 2634 illi
1872 2577 2015 2647 adigi

441 2692 504 2731 se
543 2681 876 2745 paterentur,
923 2680 977 2725 ut
999 2686 1164 2726 carne
1199 2684 1467 2731 seorsum,
1491 2677 1547 2723 et
1578 2667 1866 2737 Uuigenito
1893 2682 2014 2719 rur~

441 2781 560 2821 sum
592 2778 836 2820 seorsum
891 2762 1087 2833 posito,
1132 2762 1267 2816 duos
1305 2760 1548 2815 Christus
1596 2757 2010 2827 proﬁterentur;

444 2858 519 2914 ita
549 2872 647 2913 nos
698 2870 927 2924 quoque,
959 2853 1208 2923 quamvis
1259 2851 1356 2910 Dei
1395 2849 1654 2915 Verbum,
1690 2851 2012 2904 humanitati

445 2936 644 3006 noStra:
677 2949 971 3004 secundum
997 2945 1227 3018 propriae
1257 2955 1463 2999 natura;
1496 2945 1760 2998 rationem
1793 2942 2015 2997 omnino

443 3043 682 3113 perfecte
734 3042 968 3105 unitum,
1010 3036 1376 3108 ineﬂ‘abilique
1442 3050 1506 3091 ac
1566 3035 2017 3104 incomprehenso

442 3135 604 3205 plane
634 3134 794 3188 modo
834 3131 1101 3186 sociatum
1138 3128 1492 3192 aliirmamus,
1541 3142 1647 3183 non
1679 3128 1813 3183 duos
1835 3139 2012 3180 tamen

444 3225 584 3280 lilios
638 3231 817 3278 mente
863 3220 1223 3290 concipimus,
1256 3219 1352 3273 sed
1417 3233 1581 3272 unum
1637 3218 2012 3286 euiudemque,

445 3314 535 3382 qui
569 3311 786 3380 quidem
834 3316 1029 3365 natura
1072 3307 1214 3366 Deus
1261 3306 1554 3370 exsistens,
1584 3315 1768 3375 utpote
1804 3321 1871 3362 ex
1920 3305 2014 3361 Dei

446 3415 503 3459 et
533 3401 712 3457 Patris
747 3398 1050 3454 substantia
1088 3406 1260 3461 ortus,
1293 3405 1347 3448 et
1398 3396 1452 3449 iu
1514 3395 1778 3449 extremis
1833 3395 2014 3451 smculi

447 3492 781 3563 temporibus
839 3482 1000 3545 homo
1049 3487 1227 3542 lactus
1262 3486 1331 3548 ⁸³,
1372 3495 1431 3540 et
1473 3501 1539 3540 ex
1592 3500 1748 3540 sacra
1797 3487 2015 3556 deipara

447 3585 670 3656 Virgine
698 3590 876 3645 natus,
904 3594 1027 3635 cum
1059 3595 1088 3632 a
1121 3577 1301 3642 nobis,
1342 3585 1452 3630 tum
1500 3577 1568 3631 ab
1624 3577 1756 3646 ipsis
1800 3591 2016 3647 quoque

444 3676 650 3729 sanctis
688 3671 915 3741 angelis,
949 3667 1244 3725 secundum
1300 3666 1607 3736 Scripturas
1644 3668 1710 3735 ”,
1742 3669 1938 3725 colitur
1962 3677 2016 3722 et

446 3765 725 3820 adorator.

517 3855 654 3912 XIX.
689 3855 840 3923 Quod
891 3854 936 3911 si
977 3853 1214 3910 dixerint
1240 3870 1410 3926 genus
1446 3864 1691 3911 nostrum
1725 3856 1841 3911 solo
1883 3855 2012 3910 Uni-

443 3950 612 4021 εειιὶιί
667 3951 900 4004 advequ
954 3948 1252 4019 indiguisse
1316 3960 1479 4019 atque
1518 3932 1841 4016 ideo'illum,
1870 3949 2012 4019 quod

442 4045 512 4099 ab
548 4044 615 4099 iis
646 4044 819 4113 quiin
865 4043 1025 4099 terris
1062 4043 1283 4113 degunt,
1322 4043 1494 4108 cerui,
1548 4043 1829 4111 amiceque
1890 4058 2012 4096 cum

444 4138 750 4192 hominibus
777 4134 1108 4200 conversari,
1145 4146 1199 4188 et
1226 4136 1347 4190 vita:
1378 4136 1706 4205 evangelica:
1750 4135 1888 4195 viam
1920 4150 2014 4189 no-

441 4228 527 4284 bis
558 4236 975 4296 praemonstrare
1024 4228 1204 4291 vellet,
1227 4227 1624 4296 dispensatoria
1653 4227 1886 4296 quadam
1922 4242 2012 4279 ra-

444 4323 592 4376 tione
614 4318 782 4374 solam
822 4332 1049 4372 carnem
1090 4319 1247 4373 nobis
1278 4318 1514 4372 similem
1569 4319 1807 4373 induisse
1837 4317 2013 4387 (Deus

443 4426 677 4480 namque
711 4413 1006 4465 secundum
1032 4425 1182 4464 suam
1204 4420 1448 4464 naturam
1467 4411 1568 4464 sub
1603 4419 1880 4479 aspectum
1907 4424 2010 4463 nou

2113 569 2353 637 ήκουσαν
2381 568 2460 629 είς
2490 567 2636 635 ἡμᾶς
2669 565 2986 635 παράδοσιν,
3020 567 3080 619 οὐ
3122 570 3246 631 ταῖς
3276 569 3661 641 ὑπερμέτροις
3682 582 3713 620 ε

2112 657 2419 728 ἁκριῦείαις
2440 657 2727 709 καταλύειν
2746 659 2770 696 h
2795 646 2973 733 ἄξιον,
2994 657 3117 712 οὔτε
3144 659 3251 730 μὴν
3272 665 3394 726 ταῖς
3424 666 3505 725 εἰς
3528 665 3715 734 ἄκρον

2113 747 2362 818 ἐρεύναις
2407 746 2702 818 ὑποφέρειν
2744 747 2813 800 τὰ
2882 748 3023 817 ὑπὲρ
3071 748 3214 815 νοῦν,
3244 750 3508 815 ἀλλὀῦδὲ
3543 755 3717 822 ἥκειν

2112 841 2191 903 είς
2240 839 2404 909 μέσον
2451 837 2647 909 οἷάπερ
2672 840 2824 903 τινὰς
2865 841 3119 911 ὁριστὰς,
3166 842 3260 894 καὶ
3308 839 3720 913 ριφοκινδύνως

2113 932 2403 1001 λέγοντας,
2450 932 2525 996 ὡς
2576 933 2638 985 τὸ
2681 934 2829 986 δεῖνα
2876 933 2977 1003 μὲν
3025 932 3222 1004 ὀρθῶς,
3252 933 3314 986 τὸ
3349 935 3499 988 δεῖνα
3550 936 3601 988 δ’
3640 933 3715 989 αὖ

2113 1024 2318 1095 ἑτέρως
2347 1024 2511 1095 ἔχειν.
2531 1025 2728 1096 Ἐχρῆν
2762 1025 2959 1095 δήπου,
2983 1027 3081 1078 καὶ
3106 1021 3174 1096 ἦν
3200 1026 3422 1095 ἄμεινον
3457 1027 3712 1097 ἀληθῶς,

2114 1117 2410 1186 ἀπονέμειν
2447 1117 2649 1187 μᾶλλον
2702 1117 2780 1188 τῷ
2812 1119 3070 1188 πανσόφῳ
3099 1119 3218 1188 Θεῷ
3256 1119 3366 1172 τῶν
3402 1120 3555 1172 ίδίων
3588 1119 3717 1173 δια-

2116 1210 2359 1279 σκέψεων
2405 1211 2505 1280 τὴν
2555 1211 2694 1274 όδδνῖ
2731 1212 2825 1265 καὶ
2858 1211 2931 1284 μὴ
2959 1216 3073 1276 τοῖς
3110 1209 3167 1266 εῦ
3205 1212 3350 1283 ἔχειν
3381 1215 3519 1285 παρ’
3550 1215 3710 1295 αὐτῷ

2112 1300 2612 1372 δεδοκιμασμένοις,
2683 1304 2912 1367 ἀνοσίως
2974 1306 3260 1375 ἐπιτιμᾷν.
3318 1306 3708 1377 Ἀκουσόμεθα

2113 1392 2223 1463 γὰρ
2251 1393 2499 1462 λέγοντος
2530 1394 2776 1464 ἐναργῶς
2795 1410 2807 1422 ·
2842 1414 2860 1446 ι
2890 1396 2963 1448 Οὐ
2992 1396 3101 1466 γάρ
3126 1399 3263 1449 εἰσιν
3296 1400 3351 1450 αἱ
3377 1397 3571 1467 βουλαί
3603 1416 3709 1468 μου

2113 1484 2302 1555 ὥσπερ
2334 1485 2391 1539 αί
2423 1484 2609 1554 βουλαὶ
2637 1485 2810 1555 ὑμῶν,
2842 1486 2964 1539 οὐδὲ
3005 1487 3193 1558 ὥσπερ
3225 1489 3280 1541 αἱ
3310 1490 3423 1543 όδολ⁵
3455 1490 3620 1558 ὑμῶν
3649 1492 3705 1543 αξ

2112 1573 2221 1627 ὁδοί
2255 1591 2356 1643 μου
2376 1588 2389 1601 ·
2444 1573 2560 1627 ἀλλ’
2587 1574 2664 1638 ὡς
2694 1574 2884 1644 ἀπέχει
2929 1577 2957 1627 ὁ
2990 1575 3219 1648 οὐρανὸς
3265 1578 3376 1631 ἀπὸ
3418 1579 3522 1649 τῆς
3551 1580 3662 1648 γῆς
3687 1621 3702 1642 ,

2113 1664 2286 1729 οὕτως
2312 1665 2505 1736 ἀπέχει
2538 1668 2570 1737 ὴ
2601 1667 2718 1731 ὁδός
2752 1685 2853 1737 μου
2882 1668 2991 1722 ἀπὸ
3017 1670 3127 1722 τῶν
3144 1670 3279 1723 ὁδῶν
3309 1671 3491 1741 ὑμῶν,
3514 1673 3613 1727 καὶ
3637 1674 3703 1726 τὰ

2114 1755 2451 1825 διανοήματα
2485 1756 2640 1826 ὑμῶν
2671 1757 2778 1810 ἀπὸ
2812 1757 2910 1827 τῆς
2938 1758 3175 1824 διανοίας
3212 1778 3335 1831 μου.
3370 1782 3390 1811 ι

2186 2028 2293 2080 lH’.
2337 2026 2501 2091 Υίοὺς
2559 2027 2617 2082 δὲ
2641 2025 2759 2082 οὖτι
2795 2046 2898 2082 που
2935 2028 3028 2082 δύο
3064 2030 3543 2101 προσκυνήσομεν,
3574 2032 3704 2085 ἀλλ’

2110 2119 2234 2173 οὐδὲ
2264 2121 2535 2191 Χριστοίις
2564 2120 2795 2191 ἐροῦμεν
2814 2118 2925 2182 δύο,
2949 2119 3053 2173 κᾶν
3078 2120 3395 2191 ὲψυχῶσθαι
3428 2123 3702 2176 πιστεύω-

2117 2228 2217 2281 μεν
2237 2211 2382 2282 ψυχῇ
2405 2212 2596 2283 λογικῇ
2624 2212 2714 2265 τὸν
2741 2211 3012 2266 ἑνωθέντα
3031 2212 3110 2283 τῷ
3142 2214 3301 2283 Λόγῳ
3329 2214 3662 2269 ναόν.“Ωσπε
3670 2233 3703 2285 ρ

2114 2304 2248 2374 γὰρ,
2277 2303 2419 2356 κατά
2442 2321 2505 2371 γε
2536 2304 2597 2356 τὸ
2643 2304 2873 2367 ἐκείνοις
2900 2300 2957 2358 εὖ
2990 2304 3134 2377 ξχειν
3163 2304 3379 2370 δοκοῦν,
3416 2307 3525 2360 κᾶν
3557 2308 3606 2359 εἰ
3638 2309 3701 2360 ἐι

2118 2394 2283 2465 μόνης
2309 2393 2519 2463 λέγοιτο
2540 2395 2612 2443 i-J
2638 2394 2739 2463 τῆς
2767 2394 2988 2464 σαρκὸς,
3016 2394 3216 2448 καὶτοῦ
3234 2396 3301 2446 ἐκ
3321 2396 3461 2448 Θεοῦ
3491 2398 3702 2467 Παςρὸς

2114 2486 2421 2554 πεφηνότος
2469 2484 2667 2552 Λόγου,
2697 2484 2872 2548 οὐδεὶς
2912 2485 3109 2548 αὐτοὺς
3146 2486 3434 2539 ἀναπείσει
3474 2488 3694 2558 τρόπος,

2114 2575 2220 2629 ἀνὰ
2252 2574 2414 2646 μέρος
2441 2574 2537 2646 τὴν
2572 2575 2753 2645 σάρκα
2782 2574 3051 2641 τιθέντας,
3087 2575 3181 2628 καὶ⁵
3204 2576 3308 2630 ἀνὰ
3344 2578 3516 2648 μέρος
3535 2578 3700 2631 αὺτὸν

2115 2666 2417 2735 Μονογενῆ,
2445 2664 2613 2718 δυάδα
2663 2665 2720 2718 δὲ
2759 2664 3008 2736 Χριστῶν
3044 2665 3330 2735 ὁμολογεῖν
3353 2683 3367 2696 ·
3400 2665 3547 2719 οὕτω
3596 2668 3701 2720 κᾶν

2114 2759 2180 2826 τῇ
2203 2754 2323 2809 καθ’
2352 2757 2501 2825 ἡμᾶς
2536 2756 2918 2827 ἀνθρωττότητι
2945 2750 3415 2828 τελείωςὶχοῦσῃ,
3460 2758 3607 2811 κατά
3632 2774 3695 2824 γε

2113 2848 2204 2900 τὸν
2232 2848 2331 2919 τῆς
2364 2847 2500 2911 ἰδίας
2547 2846 2760 2915 φύσεως
2810 2847 2988 2916 λόγον,
3021 2849 3185 2901 οἱονεὶ⁹
3218 2849 3603 2919 συνεηνέχθαι
3637 2867 3696 2901 τε

2114 2939 2210 2990 καὶ
2243 2935 2486 3007 ἡνῶσθαι
2532 2936 2777 3007 λέγωμεν
2807 2931 3142 3008 ἀπορρήτους
3173 2954 3231 2990 τε
3267 2936 3354 2989 καὶ
3383 2937 3523 3006 ὑπὲρ
3559 2936 3690 2989 νοῦν

2114 3022 2206 3082 τὸν
2249 3029 2312 3082 ἐκ
2354 3027 2489 3081 Θεοῦ
2531 3027 2723 3097 Λόγον,
2758 3028 2857 3098 οὐχ
2886 3028 3019 3081 υίῶν
3041 3027 3206 3081 δυάδα
3230 3028 3509 3098 νοήσομεν,
3547 3027 3689 3080 ἀλλ’

2117 3120 2213 3173 ἕνα
2240 3120 2335 3173 καὶ
2366 3119 2457 3172 τὸν
2485 3119 2669 3181 αὐτὸν,
2702 3117 2864 3187 φύσει
2903 3119 3002 3189 μὲν
3032 3121 3163 3174 ὄντα
3194 3119 3338 3183 Θεὸν,
3358 3118 3457 3171 καὶ
3500 3117 3568 3183 ἒξ
3592 3119 3699 3173 αὺ-

2115 3211 2215 3282 τῆς
2246 3211 2522 3282 πεφηνότα
2564 3210 2666 3281 τῆς
2710 3210 2896 3273 οὐσίας
2926 3210 3021 3264 τοῦ
3052 3210 3191 3265 Θεοῦ
3236 3211 3329 3265 καὶ
3359 3211 3609 3283 Πατρός·
3640 3215 3700 3265 ἐν

2114 3301 2363 3370 ἐσχάτοις
2392 3301 2449 3355 δὲ
2472 3300 2567 3354 τοῦ
2595 3301 2790 3365 αἰῶνος
2818 3305 3032 3374 καιροῖς
3064 3303 3358 3374 γενόμενον
3381 3302 3694 3374 ἄνθρωπον,

2117 3394 2211 3448 καὶ
2242 3393 2331 3448 διὰ
2370 3394 2467 3464 τῆς
2505 3394 2669 3462 ἁγίας
2698 3395 2794 3448 καὶ
2823 3395 3085 3450 Θεοτόκου
3122 3396 3401 3475 Παρθένου
3437 3413 3695 3467 γεγεννη-

2119 3483 2298 3554 μένον,
2333 3484 2429 3537 καὶ
2459 3484 2597 3556 πρός
2627 3502 2687 3539 τε
2718 3486 2876 3557 ἡμῶν
2906 3486 3086 3542 αὐτῶν
3115 3487 3212 3540 καὶ
3247 3488 3360 3541 τῶν
3392 3489 3570 3559 ἁγίων
3599 3489 3691 3557 d1-

2115 3575 2290 3645 γέλων
2323 3576 2819 3648 προσκυνούμενον,
2854 3578 2996 3641 κατὰ
3020 3577 3118 3641 τὰς
3145 3578 3398 3649 Γραφάς.

2185 3866 2285 3919 ιθι.
2328 3867 2389 3918 Εἰ
2419 3864 2476 3918 δὲ
2505 3863 2569 3935 δὴ
2597 3866 2770 3932 φαῖεν,
2802 3865 2886 3918 ὅτι
2917 3863 3085 3935 μόνης
3118 3861 3218 3933 μὲν
3256 3861 3443 3916 ἐδεῖτο
3467 3863 3540 3916 τὰ
3570 3861 3679 3916 καθ’

2115 3959 2261 4029 ἡμᾶς
2305 3959 2402 4028 τῆς
2446 3955 2542 4009 τοῦ
2590 3954 2930 4025 Μονογενοῦς
2973 3954 3308 4024 ἐπιδημίας
3340 3952 3607 4027 ἐθελήσας
3632 3952 3676 4004 δὲ

2114 4049 2346 4118 ὀφθῆναι
2371 4052 2484 4111 τοῖς
2512 4049 2602 4101 ἐπὶ
2633 4049 2754 4119 γῆς.
2779 4051 2873 4101 καὶ
2895 4046 3204 4117 ἀνθρώποις
3235 4045 3681 4116 συναναστραφῆ-

2114 4158 2221 4202 ναι,
2253 4137 2572 4210 παραδεῖξαί
2614 4156 2676 4193 τε
2715 4141 2849 4210 ἡμῖν
2896 4139 2999 4208 τῆς
3045 4138 3392 4209 ἀγγελικῆςκ
3426 4138 3684 4198 πολιτείας

2114 4232 2210 4302 τὴν
2243 4231 2380 4294 όδὸν,
2412 4231 2767 4301 οἰκονομικῶς
2788 4228 3131 4301 ἠμπίσχετο1
3164 4230 3264 4301 τὴν
3293 4230 3547 4300 ὁμοίανω
3569 4232 3688 4299 ἡμῖν

2114 4324 2294 4394 σάρκα
2341 4321 2421 4392 (τὸ
2448 4323 2556 4392 γάρ
2583 4339 2665 4376 τοι
2708 4302 2863 4375 θεῖον
2892 4320 3033 4375 κατά
3060 4319 3235 4389 φύσιν·
3256 4319 3400 4373 ἰδίαν
3431 4321 3535 4390 οὐχ
3569 4321 3690 4389 όρα-

2113 4415 2248 4480 τόν)⁶
2285 4416 2614 4484 ἠγνοηκότες
2654 4412 2950 4468 ἁλώσονται
2970 4415 3069 4484 τῆς
3100 4411 3578 4483 ὲνανθρωπήσεως
3608 4411 3691 4464 τὸν

442 4504 648 4573 cadit),
687 4502 761 4555 illi
804 4501 1197 4556 incarnationis
1246 4516 1470 4570 scopum
1514 4515 1573 4554 se
1598 4500 1864 4570 ignorare,
1902 4514 2013 4553 ma-

2120 4505 2339 4569 σκοπὸν,
2356 4505 2448 4557 καὶ
2466 4504 2738 4567 συνιέντες
2758 4503 3008 4573 οὐδαμῶς
3035 4503 3095 4555 τὸ
3117 4503 3261 4572 μέγα
3285 4502 3387 4572 τῆς
3414 4503 3692 4562 εὐσεϐείας

442 4609 716 4663 ςιιιιιιιιιιιο
781 4594 911 4649 illud
969 4594 1188 4664 pietatis
1222 4594 1534 4666 mysterium
1571 4594 1617 4625 ⁸⁵
1652 4609 1874 4664 prorsus
1902 4608 2008 4647 non

445 4685 764 4755 intelligere,
790 4697 976 4756 aperte
1010 4686 1323 4740 ostendunt.
1353 4685 1484 4739 Nam
1511 4685 1556 4740 si
1591 4682 1916 4755 Uuigeuitus
1946 4693 2010 4736 ea

444 4777 616 4832 solum
650 4783 716 4831 de
765 4794 925 4833 causa
975 4779 1308 4846 incarnatus,
1330 4779 1432 4832 hoc
1479 4786 1582 4843 est,
1621 4778 1781 4831 homo
1840 4777 2015 4832 taetus

442 4878 673 4936 est,qiw
697 4869 764 4920 ab
809 4868 875 4921 iis
892 4870 982 4937 qui
1019 4869 1072 4922 iu
1113 4870 1271 4924 terris
1311 4879 1523 4923 aetatem
1558 4879 1743 4937 agunt,
1772 4869 2012 4938 conspici

445 4969 647 5032 posset,
677 4958 920 5027 nihilque
968 4959 1111 5014 aliud
1169 4971 1429 5029 praeterea
1462 4962 1729 5015 commodi
1759 4960 1903 5014 illius
1933 4961 2015 5015 iu-

442 5051 691 5109 carnatio
719 5050 967 5105 humana:
1009 5060 1211 5104 naturae
1258 5052 1435 5105 attulit
1466 5071 1479 5106 :
1508 5067 1605 5105 cur
1646 5052 1856 5106 illorum
1888 5067 2012 5107 seu-

444 5144 627 5199 teutia:
670 5142 1016 5200 subscribere
1050 5142 1153 5213 17
1185 5157 1287 5197 non
1319 5144 1520 5212 pigeat,
1550 5143 1638 5211 qui
1671 5143 2009 5212 phantastica

446 5246 652 5291 tantum
710 5250 876 5291 carne
924 5249 980 5292 et
1012 5250 1240 5305 corpore
1272 5233 1500 5290 Verbum
1544 5236 1808 5298 iudutmu,
1834 5249 2009 5303 neque

514 5390 558 5421 "
598 5389 697 5443 lsa.
728 5406 815 5456 LV,
849 5392 901 5446 8.

2121 4595 2437 4665 μυστήριον.
2464 4595 2527 4647 Εἰ
2572 4593 2681 4663 γὰρ
2720 4593 2782 4665 δὴ
2827 4594 2995 4664 μόνην
3022 4593 3137 4664 ἔχει
3169 4594 3268 4666 τὴν
3305 4596 3572 4668 ἀφορμὴν
3603 4595 3691 4649 τοῦ

2114 4688 2341 4760 ὀφθῆναι
2371 4690 2482 4752 τοῖς
2516 4689 2609 4741 ἐπὶ
2642 4690 2745 4760 γῆς
2778 4688 2872 4743 τοῦ
2921 4691 3259 4758 Μονογενοῦς
3311 4696 3343 4762 ἡ
3392 4694 3691 4765 σάρκωσις,

2113 4780 2328 4849 ἡγουν1³
2381 4779 2822 4850 ἐνανθρὼπησις,
2875 4779 3174 4851 προσετέθη
3207 4790 3313 4849 γεο
3366 4782 3477 4853 μὴν
3508 4785 3695 4854 ἕτερον

2112 4870 2264 4922 οὐδὲν
2300 4873 2364 4941 τῇ
2394 4869 2684 4941 ἀνθρώπου
2708 4870 2888 4940 φύσει’
2921 4870 3040 4934 πῶς
3068 4871 3168 4924 οὐκ
3191 4871 3419 4942 ἄμεινον
3447 4874 3553 4944 ἤδη
3582 4891 3695 4936 πως

2112 4962 2207 5013 καὶ
2239 4961 2416 5029 σοφῶν
2435 4972 2482 5024 Ρ,
2523 4964 2588 5032 τῇ
2616 4961 2725 5014 τῶν
2759 4964 3011 5033 Δοκητῶν
3041 4963 3420 5034 συμφέρεσθαι
3444 4965 3576 5037 6655
3603 4967 3698 5018 καὶ

2116 5053 2262 5123 ἡμᾶς
2295 5053 2510 5116 αὐτοὺς,
2530 5053 2578 5105 οἳ
2616 5053 2819 5123 σαρκός
2846 5071 2903 5107 τε
2931 5053 3068 5125 όμοῦ
3095 5056 3191 5107 καὶ
3218 5055 3411 5125 γηῖνου
3438 5056 3699 5126 σώματος

2117 5143 2590 5212 ἀπαμφιεννύντες
2632 5144 2722 5197 τον
2756 5146 2947 5214 Λόγον,
2980 5140 3159 5214 ὦφθαι
3198 5146 3297 5216 μὲν
3347 5147 3443 5199 ἐπὶ
3481 5148 3589 5217 γῆς
3620 5150 3701 5211 ὥς

2116 5234 2397 5304 ἄνθρωπον
2427 5235 2892 5307 μυθοπλαστοῦσιν
2917 5239 2965 5289 οἱ
2984 5236 3238 5302 δείλαιοι;
3277 5237 3701 5311 Ἧμαρτηκότες

977 5392 1022 5423 ⁸³
1063 5390 1221 5445 Hebr.
1258 5406 1297 5455 ι,
1333 5391 1383 5457 l,
1416 5391 1471 5444 ‘2.
1545 5391 1590 5421 “
1632 5390 1774 5446 Psal.
1806 5406 1947 5455 xcvr,
1980 5390 2032 5445 8.
2108 5391 2152 5422 "
2195 5392 2209 5445 l
2243 5388 2381 5445 Tim.
2418 5406 2501 5455 ιιι,
2538 5391 2622 5444 16.

1551 5543 1721 5597 Varim
1758 5543 2014 5598 lectiones
2046 5546 2246 5599 codicis
2280 5545 2634 5617 Segu‘eriaui.

519 5706 542 5743 ε
586 5694 942 5765 ὑπέρμετρον.
1021 5708 1044 5734 η
1070 5702 1405 5755 καταλιπεῖν.

450 5767 735 5834 σετίθῃγε.
813 5774 840 5812 l‘
883 5767 1058 5833 σοφόν.

1493 5700 1575 5751 i—i
1613 5700 1834 5755 ἕλοιντο.
1902 5701 1924 5740 ιι
1959 5699 2337 5772 εὐαγγελικῆς.
2399 5699 2775 5771 ιὴμπέσχετο.
2834 5716 2870 5743 η’
2916 5704 3064 5759 ἰδίαν.
3105 5714 3130 5741 ι’
3181 5703 3418 5761 εῖτ-ὀῦν.
3495 5716 3520 5742 °
3548 5721 3697 5775 προ-
