3970 6136
291 262 424 321 "6|

1246 252 1334 312 DE
1372 252 1600 311 RECTA
1639 252 1796 308 FIDE
1834 251 1924 308 AD
1963 252 2411 312 τιιεοοοειωι
2450 255 2588 313 IMP.

3405 266 3549 324 “62

290 378 351 434 δὲ
377 372 645 448 τάληθοῦς
694 370 872 427 ἁλοῖεν
908 370 976 426 ἂν
1008 368 1102 426 καὶ
1133 369 1193 423 οὐ
1225 370 1323 424 σὺν
1355 369 1543 442 ἱδρῶτι
1573 366 1872 442 μακρῷ.Ἦ

1982 369 2028 424 in
2066 371 2300 428 hominis
2328 380 2543 441 natura,
2576 373 2670 431 sed
2696 373 2749 430 in
2783 374 3022 434 hominis
3052 384 3261 436 tantum
3293 381 3550 438 similitu-v

293 472 393 526 οὐκ
420 469 645 540 ἄμεινον
672 467 911 539 ἐροῦσιν,
942 463 1188 536 είμηδέν
1213 464 1422 535 ὀνίνησι
1453 464 1551 535 τὴν
1578 464 1867 537 ἀνθρώπου

295 561 456 631 φύσιν
500 560 530 613 ό
574 560 638 612 ἐκ
673 556 808 611 Θεοῦ
834 555 1029 624 Λόγος,
1063 555 1115 607 εί
1144 556 1241 609 ιια)⁸
1272 555 1464 625 γέγονε
1496 556 1653 627 σάρξ,
1692 557 1869 610 ἀπαλ-

296 650 583 705 λάττεσθαι
610 648 708 720 μιν
754 644 1096 717 ἀκαθαρσίας
1145 645 1450 716 σαρκικῆς,
1481 644 1627 711 δόξαι
1651 644 1742 717 [δ’]
1773 641 1869 698 οὖν

295 739 443 806 διπαξ
482 738 558 809 τῷ
588 737 759 808 γηΐνῳ
786 735 1232 807 προσκεχρῆσθαι
1266 734 1502 805 σώματι,
1538 735 1866 804 διαπερᾶναι

295 849 355 885 τε
378 831 519 885 οὕτω
548 828 639 882 τὸν
669 825 1006 899 προτεθέντα
1036 825 1268 891 σκοπόν;
1300 826 1395 889 Τίς
1424 822 1517 881 οῦν
1546 827 1612 881 ἂν
1658 828 1870 896 γένοιτο

294 922 476 976 λοιπὸν
506 920 608 990 τῆς
662 916 960 989 ἐπιδημίας
991 917 1021 970 ό
1046 916 1206 986 λόγος
1225 958 1240 981 ,
1278 918 1311 989 ἢ
1356 917 1439 981 τίς
1472 917 1502 968 ό
1538 917 1739 988 τρόπος
1770 919 1870 989 τῆς

295 1011 795 1083 ἐνανθρωπήσεως,
843 1010 1162 1081 πέπρακται
1196 1008 1254 1062 δὲ
1296 1010 1421 1063 ὃτου
1450 1010 1631 1082 χάριν,
1688 1010 1745 1063 εἴ
1784 1027 1870 1074 τις

294 1104 468 1175 ἔροιτο
495 1102 679 1174 τυχὸν,
697 1099 1094 1156 ἁντακούσεται
1124 1102 1255 1171 παρ’
1281 1100 1468 1172 ἡμῶνο
1498 1102 1565 1175 ﬁll
1581 1100 1701 1156 θεία
1725 1101 1871 1157 διδά-

296 1196 373 1261 ξει
401 1192 729 1265 Γραφή.Ἰθι
757 1192 822 1262 δὴ
865 1188 979 1259 οὖν,
1002 1185 1048 1245 ὧ
1096 1188 1335 1261 γενναῖε,
1363 1192 1537 1247 πυθοῦ
1567 1194 1677 1248 τῶν
1708 1192 1870 1265 ίερῶν

294 1288 664 1359 Γραμμάτων,
696 1285 792 1339 xui.
817 1286 937 1346 ταῖς
981 1283 1089 1339 τῶν
1119 1285 1290 1354 ἁγίων
1317 1286 1632 1341 ἀποστόλων
1659 1292 1869 1357 φωναῖς

294 1377 572 1449 ἐνερείσας
601 1373 660 1430 εὖ
692 1376 838 1447 μάλα
869 1378 968 1447 τῆς
1005 1374 1242 1441 διανοίας
1267 1376 1360 1431 τὸν
1386 1376 1688 1448 ὀφθαλμὸν,
1715 1378 1869 1448 ἄθρει

294 1469 360 1541 δὴ
396 1469 579 1532 καλῶς
608 1469 672 1522 τὸ
693 1468 1045 1540 ζητούμενον.
1071 1469 1217 1540 Ἔφη
1254 1456 1437 1523 τοίνυν
1468 1470 1691 1539 ό.σοφὸς
1736 1473 1870 1543 ἡμῖν

301 1560 532 1624 Παῦλος,
578 1558 740 1612 αὐτὸν
785 1556 922 1629 ἔχων
969 1558 1027 1611 ἐν
1077 1556 1259 1627 ἐαυτῷ
1300 1556 1566 1612 λαλοῦντα
1612 1558 1866 1630 Χριστόν·

304 1669 325 1704 ι
348 1651 568 1723 Ἐπειδὴ
619 1650 678 1704 δὲ
727 1650 797 1705 τά
846 1648 1035 1703 παιδία
1082 1648 1481 1721 κεκοινώνηκεν
1518 1650 1747 1722 αἵματος
1775 1651 1873 1707 καὶ

300 1742 523 1814 σαρκὸς,
539 1744 634 1795 καὶ
661 1741 822 1806 αὐτὸς
851 1741 1248 1814 παραπλησίως
1273 1742 1504 1814 μετέσχε
1534 1743 1644 1797 τῶν
1665 1742 1866 1808 αὐτῶν,

300 1834 390 1889 ίνα
414 1834 502 1888 διὰ
521 1832 614 1887 τοῦ
645 1832 876 1887 θανάτου
905 1835 1231 1907 καταργήσῃ
1253 1835 1346 1888 τὸν
1367 1835 1429 1889 τὸ
1453 1835 1659 1905 κράτος
1678 1835 1872 1906 ἔχοντα

297 1921 394 1975 τοῦ
428 1920 676 1985 θανάτου,
705 1919 953 1973 τουτέστι
983 1922 1075 1975 τὸν
1125 1922 1401 1990 διάϐολον,
1438 1925 1534 1979 καὶ
1582 1925 1868 1999 ἀπαλλάξῃ

297 2013 539 2077 τούτους,
585 2013 700 2066 ὅσοι
753 2012 906 2084 φόϐῳ
954 2012 1189 2068 θανάτου
1237 2014 1326 2069 διὰ
1374 2017 1573 2080 παντὸς
1618 2015 1713 2071 τοῦ
1771 2018 1871 2088 ζῇν

299 2104 471 2175 ἔνοχοι
494 2100 632 2176 ἦσαν
667 2104 930 2169 δουλείας.
956 2123 975 2157 ι
1004 2107 1115 2160 Καὶ
1147 2107 1255 2178 μὴν
1283 2107 1379 2161 καὶ
1407 2108 1632 2180 ἑτέρωθι
1671 2108 1871 2182 τρόπον

300 2198 429 2268 ἡμῖν
474 2196 887 2267 ἀφηγούμενος,
929 2216 947 2249 ι
977 2197 1050 2251 Τὸ
1096 2198 1205 2270 γὰρ
1253 2198 1514 2255 ἀδύνατον
1550 2200 1646 2255 τοῦ
1679 2202 1866 2273 νόμου,

301 2289 487 2360 φησιν,
524 2291 581 2343 ἐν
605 2283 649 2357 ᾧ
678 2289 894 2358 ἠσθένει
918 2289 1008 2344 διὰ
1028 2290 1129 2361 τῆς
1158 2293 1381 2361 σαρκὸς,
1409 2293 1584 2359 όΘεδς
1614 2293 1705 2347 τὸν
1736 2295 1868 2349 ἐαυ-

299 2382 394 2436 τοῦ
430 2382 560 2436 Υίὸν
589 2382 879 2453 ἐκπέμψας
907 2384 966 2437 ἐν
989 2381 1300 2455 ὁμοιώματι
1344 2384 1547 2456 σαρκὸς
1571 2386 1865 2457 ἁμαρτίας,

299 2474 393 2527 καὶ
438 2474 567 2544 περὶ
609 2472 904 2543 ἁμαρτίας,
935 2473 1225 2546 κατέκρινε
1270 2474 1371 2542 τὴν
1417 2476 1693 2547 ἁμαρτίαν
1717 2478 1775 2532 ἐν
1799 2481 1867 2549 τῇ

302 2564 487 2632 σαρκὶ,
522 2562 611 2616 ἴνα
636 2562 698 2615 τὸ
727 2562 1004 2633 δικαίωμα
1026 2562 1121 2616 τοῦ
1145 2563 1311 2634 νόμου
1338 2564 1599 2636 πληρωθῇ
1630 2565 1688 2619 ἐν
1713 2567 1868 2638 ἡμῖν,

300 2659 411 2718 τοῖς
444 2657 519 2728 μὴ
550 2654 691 2709 κατὰ
716 2658 893 2727 σάρκα
926 2653 1341 2728 περιπατόῦσιν,
1368 2655 1506 2711 ἀλλὰ
1531 2656 1675 2711 κατὰ
1707 2656 1873 2712 πνεῦ-

306 2766 401 2819 μα.
434 2769 453 2803 ι

1975 461 2101 517 dine
2140 462 2191 516 in
2223 465 2382 520 terris
2413 464 2736 535 apparuisse
2767 464 3112 523 fabulantur?
3141 469 3338 527 Verum
3370 488 3549 543 quan-

1978 553 2167 607 tumhi
2192 554 2376 610 miseri
2411 570 2441 609 a
2469 557 2715 612 veritatis
2757 572 2922 627 scopo
2964 560 3242 628 aberrent,
3279 562 3423 618 facili
3450 581 3547 618 ue-

1976 644 2121 711 gotio
2171 645 2380 701 ostendi
2435 656 2632 717 potest.
2683 647 2763 713 Si,
2826 650 3066 720 inquam,
3128 654 3221 709 Dei
3283 655 3549 723 Verbum,

1976 734 2186 790 etiamsi
2212 751 2340 792 caro
2369 737 2569 794 factum
2611 749 2715 806 est,
2743 741 2947 799 nullum
2979 728 3122 799 aliud
3151 746 3401 803 butnana:
3450 766 3551 804 na-

1977 831 2110 878 tura:
2135 826 2472 881 commodum
2494 828 2702 896 attulit,
2737 845 2805 885 an
2842 846 2949 887 non
2982 834 3182 889 rectius
3216 846 3552 894 statueretur

1976 914 2212 970 acarnis
2257 917 2476 985 quidem
2527 919 2867 975 immunditia
2927 924 3151 979 omnino
3199 914 3547 994 abstinuisse,

1976 1013 2191 1061 terreno
2224 1004 2577 1063 nihilominus
2609 1023 2839 1079 corpore
2896 1014 2971 1068 uti
3005 1015 3177 1071 visum
3212 1031 3354 1084 esse,
3385 1028 3548 1090 atque

1973 1095 2075 1150 bac
2106 1095 2316 1152 ratione
2354 1097 2496 1168 quod
2538 1098 2855 1155 decreverat
2909 1103 3239 1169 perfecisse?
3276 1109 3547 1168 Caeterum

1974 1184 2096 1254 quis
2117 1185 2377 1243 adventus
2406 1186 2549 1243 illius
2588 1188 2753 1245 fuerit
2804 1205 2955 1259 usus,
2982 1202 3038 1248 et
3061 1196 3239 1265 qualis
3286 1199 3547 1258 incarna-

1976 1276 2139 1334 tionis
2170 1279 2438 1346 modus,si
2461 1280 2584 1349 quis
2613 1279 2751 1337 forte
2770 1297 2799 1336 a
2824 1283 2981 1341 nobis
3003 1286 3334 1356 sciscitetur,
3365 1294 3546 1361 cujus-

1975 1385 2081 1440 que
2125 1373 2203 1429 rei
2256 1375 2430 1444 gratia
2467 1384 2679 1445 patrata
2723 1378 2825 1446 sit;
2860 1379 2949 1434 ille
2987 1383 3233 1452 responsi
3291 1384 3409 1443 loco
3444 1387 3549 1444 hoc

1975 1465 2162 1535 paucis
2211 1464 2622 1538 habeat:Age,
2666 1469 2814 1525 istud
2873 1471 3052 1527 divina
3106 1473 3393 1547 Scriptura
3449 1479 3548 1536 tibi

1976 1556 2280 1628 patefaciet.
2311 1555 2462 1613 Vade
2521 1573 2651 1632 ergo
2698 1570 2755 1616 et
2807 1575 2994 1618 sacras
3022 1562 3255 1622 Litteras
3305 1569 3547 1639 consule,

1976 1649 2282 1719 mentisque
2326 1651 2542 1706 oculum
2579 1663 2894 1711 sanctorum
2919 1658 3286 1726 apostolorum
3323 1663 3549 1719 vocibus

1972 1738 2146 1808 infer;
2176 1749 2230 1795 et
2257 1742 2399 1811 quod
2417 1744 2945 1813 quaritur,dilucide
2976 1747 3064 1803 hic
3088 1764 3209 1804 mox
3238 1751 3543 1810 intuebere.

1971 1830 2140 1901 Igitur
2189 1832 2628 1903 sapientissimus
2676 1835 2958 1904 apostolus
3002 1837 3226 1909 Paulus,
3262 1842 3353 1911 qui
3389 1841 3551 1900 Chri-

1972 1932 2114 1979 stum
2134 1923 2186 1978 in
2210 1938 2269 1980 se
2290 1923 2598 1994 loquentem
2630 1926 2886 1996 habebat,
2922 1930 2990 1986 ad
3020 1930 3163 1989 hunc
3183 1935 3399 1990 modum
3420 1951 3552 1992 con-

1971 2015 2264 2070 cionatur:
2300 2033 2319 2068 ι
2385 2015 2522 2082 Quia
2593 2031 2724 2089 ergo
2788 2021 2940 2089 pueri
3012 2027 3552 2083 communicaverunt

1973 2109 2124 2162 carni
2152 2115 2208 2163 et
2235 2108 2506 2179 sanguini,
2530 2117 2585 2163 et
2632 2109 2746 2179 ipse
2774 2111 3028 2167 similiter
3071 2114 3546 2186 participaviteisé

1976 2198 2123 2264 dem,
2153 2206 2208 2252 ut
2244 2213 2339 2268 per
2386 2207 2614 2263 mortem
2662 2200 2969 2256 destrueret
3010 2216 3134 2258 eum
3176 2204 3269 2273 qui
3314 2205 3550 2263 habebat

1979 2289 2170 2344 mortis
2203 2287 2508 2359 imperium,
2545 2288 2598 2344 id
2632 2299 2717 2345 est
2755 2291 3051 2359 diabolum,
3082 2303 3138 2349 et
3167 2293 3427 2352 liberaret
3453 2310 3548 2353 eos

1978 2381 2070 2452 qui
2101 2395 2200 2451 per
2243 2388 2410 2435 totam
2462 2380 2624 2435 vitam
2676 2380 2897 2457 obnoxii
2944 2390 3101 2439 erant
3144 2386 3391 2442 servituti
3418 2387 3489 2443 ³⁸.
3520 2403 3543 2440 ι

1978 2474 2117 2529 Alibi
2142 2472 2282 2528 idem
2314 2473 2476 2527 aliam
2512 2486 2725 2543 quoque
2764 2473 2925 2545 hujus
2972 2476 3050 2531 rei
3098 2491 3319 2534 causam
3351 2480 3547 2548 aperit;

1980 2566 2182 2623 Scribit
2211 2564 2355 2620 enim
2382 2582 2396 2618 :
2428 2583 2448 2617 ι
2483 2565 2634 2631 Quod
2682 2566 3013 2636 impossibile
3049 2568 3167 2624 erat
3197 2570 3325 2642 legi,
3358 2572 3411 2627 in
3441 2588 3551 2644 quo

1979 2659 2357 2717 inﬁrmabatur
2404 2672 2501 2727 per
2530 2672 2749 2714 carnem
2773 2699 2789 2726 ,
2826 2658 2967 2715 Deus
2987 2661 3183 2718 Filium
3219 2678 3375 2720 suum
3426 2666 3552 2720 mit-

1983 2764 2100 2809 tens
2132 2752 2185 2804 in
2215 2748 2625 2805 similitudinem
2664 2749 2847 2805 carnis
2887 2752 3116 2820 peccati,
3148 2754 3294 2809 etde
3324 2765 3550 2823 peccato

304 2845 578 2899 damnavit
620 2853 902 2914 peccatum
963 2844 1015 2900 in
1056 2859 1240 2910 carne,
1274 2853 1333 2900 ut
1369 2845 1689 2915 justiﬁestio
1730 2846 1862 2918 legis
1902 2846 2220 2918 impleretur
2277 2843 2332 2897 in
2355 2841 2530 2907 nobis,
2557 2839 2647 2910 qui
2680 2854 2785 2896 non
2858 2844 3150 2899 secundum
3185 2859 3403 2901 carnem
3432 2860 3552 2901 am-

302 2938 569 3000 bulamus,
593 2937 686 2992 sed
720 2935 1014 2991 secundum
1048 2937 1298 3005 spiritum
1319 2938 1389 2992 ⁸⁷.
1426 2956 1446 2990 ι

372 3032 458 3085 Κ’.
502 3025 623 3104 Ἆρ’
649 3024 763 3093 οῦν,
795 3028 916 3099 οὐχὶ
955 3029 1368 3101 προδηλότατον,
1399 3031 1493 3086 καὶ
1543 3031 1721 3087 οὐδενὶ
1768 3031 1876 3086 τῶν

2055 3030 2171 3085 XX.
2201 3038 2390 3083 Annon
2430 3025 2835 3097 apertissimum
2892 3032 2996 3092 est,
3059 3026 3311 3094 obsecro,
3360 3029 3553 3100 unige-

300 3123 468 3177 όντων
498 3124 833 3194 ἀσυμφανὲς,
861 3124 945 3177 ὅτι
974 3120 1096 3176 καθ’
1129 3122 1277 3193 ἡμᾶς
1315 3122 1539 3192 γέγονεν
1572 3125 1601 3177 ό
1628 3124 1871 3192 Μονογε-

302 3212 416 3285 νὴς,
445 3213 690 3268 τουτέστι
717 3215 921 3278 τέλειος
948 3213 1255 3284 ἄνθρωπος,
1288 3213 1375 3268 ἵνα
1408 3214 1511 3284 τῆς
1547 3213 1647 3285 μὲν
1689 3216 1875 3269 ἐπεισ-

303 3307 467 3360 άκτου
502 3306 705 3380 φθορᾶς
734 3308 796 3360 τὸ
828 3307 1017 3378 γήϊνον
1057 3306 1218 3376 ἡμῶν
1261 3305 1549 3378 ἀπαλλάξῃ
1591 3307 1770 3377 σῶμα,
1806 3307 1873 3377 τῇ

302 3400 422 3455 καθ’
456 3400 649 3453 ἕνωσιν
687 3397 973 3468 οἰκονομία
1012 3396 1114 3467 τὴν
1148 3397 1285 3451 ίδίαν
1313 3396 1465 3466 αὑτῷ
1492 3395 1637 3469 ζωὴν
1672 3397 1834 3460 ἐνιείς
1857 3414 1870 3428 ·

300 3491 478 3563 ψυχὴν
500 3492 555 3544 δὲ
583 3491 719 3544 ίδίαν
738 3490 840 3561 τὴν
861 3488 1211 3559 ἀνθρωπίνην
1231 3489 1386 3542 ποιοῦ
1396 3505 1577 3559 μενος,
1601 3490 1879 3560 ἁμαρτίας

304 3583 475 3653 αὐτὴν
506 3581 762 3652 ἀποφήνῃ
805 3579 1114 3650 κρείττονα,
1150 3578 1251 3649 τῆς
1284 3578 1419 3643 ίδίας
1451 3580 1665 3649 φύσεως
1690 3580 1751 3632 τὸ
1786 3596 1882 3633 πε-

306 3670 484 3741 πηγός
512 3686 572 3721 τε
599 3669 694 3721 καὶ
717 3667 1010 3740 ἄτρεπτον,
1041 3661 1237 3737 οἷάπερ
1258 3668 1390 3739 ἐρίῳ
1418 3668 1617 3739 βαφὴν,
1648 3669 1882 3736 ἐγκατα-

310 3761 529 3834 χρώσας
574 3759 749 3831 αὐτῇς
799 3760 920 3813 Δεῖν
947 3758 1058 3831 γὰρ
1089 3754 1243 3830 οἶμαι
1272 3762 1385 3824 τοῖς
1415 3761 1543 3832 περὶ
1566 3761 1769 3815 τούτων
1797 3762 1881 3815 λό-

308 3867 426 3921 γοις
457 3848 938 3920 παραδειγμάτων,
957 3848 1090 3903 πολὺ
1117 3849 1237 3903 λίαν
1265 3849 1525 3921 ἔχουσι-εδ
1540 3851 1880 3921 άσυμφανές·

307 3944 420 4016 ὁρῶ
453 3942 551 4013 μέν
579 3940 685 4012 γάρ
724 3940 876 4011 μόλις
907 3943 965 3994 ἐν
991 3940 1239 4013 ἐσόπτρῳ
1261 3958 1321 3994 τε
1367 3942 1462 3996 καὶ
1506 3942 1785 4012 αίνίγματι
1816 3942 1885 3996 τά

310 4034 432 4088 θεῖά
460 4050 521 4086 τε
548 4033 645 4086 καὶ
674 4031 814 4101 ὑπὲρ
847 4030 973 4084 νοῦν
1006 4032 1301 4102 μυστήρια.
1339 4030 1439 4102 Είη
1463 4031 1510 4084 δ’
1541 4032 1607 4085 ἂν
1634 4031 1734 4085 οὐκ
1761 4030 1884 4085 ατο-

307 4143 436 4191 πον,
465 4118 644 4194 οἶμαι,
679 4121 741 4175 τὸ
769 4121 989 4193 χρῆμα*
1019 4123 1174 4192 φέρει
1221 4122 1329 4194 γὰρ
1360 4124 1419 4178 ἐν
1452 4121 1629 4194 ἐαυτῷ
1672 4122 1765 4177 τὸν
1806 4126 1884 4176 εί-

310 4219 465 4281 κότα,
488 4214 687 4285 μᾶλλον
715 4214 770 4267 δὲ
801 4214 898 4267 καὶ
925 4213 1015 4267 τὸν
1048 4213 1222 4285 άληθῆ
1248 4213 1743 4287 λογισμόν.’⁷Ωσπερ
1766 4210 1881 4279 οὖν,

312 4309 498 4381 ἐπειδὴ
520 4307 710 4376 γέγονε
734 4307 871 4377 σὰρξ
891 4305 983 4360 τοῦ
1005 4305 1392 4371 ζωοποιοῦντος
1408 4306 1477 4359 τά
1493 4306 1667 4360 πάντα
1682 4308 1879 4377 Λόγου,

1982 3122 2154 3177 nitum
2182 3119 2276 3176 Dei
2303 3117 2497 3173 Filium
2525 3117 2754 3173 similem
2783 3117 2961 3182 nobis,
2989 3117 3089 3173 hoc
3118 3127 3224 3184 est,
3252 3119 3551 3189 perfectum

1977 3214 2251 3269 hominem
2304 3210 2503 3266 factum
2543 3223 2687 3271 esse,
2708 3222 2815 3278 quo
2840 3208 3099 3263 nimirum
3151 3218 3422 3264 terrenum
3451 3211 3553 3266 hoc

1978 3316 2222 3363 nostrum
2251 3318 2471 3373 corpus,
2494 3301 2603 3357 vita
2628 3300 2845 3371 propria
2861 3316 2956 3370 per
2976 3301 3363 3357 oeconomicum
3401 3302 3556 3357 unio-

1979 3412 2099 3452 nem
2123 3395 2197 3450 illi
2230 3394 2496 3454 immissa,
2525 3391 2594 3444 ah
2617 3391 2835 3445 inducta
2865 3390 3212 3459 corruptione
3257 3390 3553 3461 liberaret;

1978 3487 2211 3540 animam
2240 3499 2453 3537 rursum
2505 3480 2824 3544 humanam,
2848 3490 3198 3550 posteaquam
3239 3481 3385 3537 illam
3423 3497 3554 3552 proa

1980 3577 2153 3647 priaut
2183 3573 2285 3628 sibi
2312 3572 2664 3635 reddidisset,
2701 3585 2919 3639 sumque
2962 3579 3170 3626 natura:
3206 3570 3462 3627 firmitate
3492 3588 3557 3630 ac

1984 3665 2422 3723 immutabilitate
2445 3662 2671 3730 perinde
2703 3676 2768 3716 ac
2809 3661 2978 3716 vellus
3013 3663 3195 3717 colore
3238 3665 3553 3730 imbuisset,

1981 3767 2203 3831 peccato
2234 3757 2568 3826 superiorem
2593 3754 2895 3809 declararet
2912 3756 3196 3810 iArbitror
3217 3758 3360 3811 enim
3377 3773 3554 3814 exem-

1982 3852 2109 3922 plis,
2149 3856 2268 3920 cpite
2300 3863 2411 3903 rem
2447 3862 2543 3917 per
2564 3860 2625 3901 se
2656 3846 2943 3901 obscuram
2978 3846 3219 3900 nonnihil
3258 3849 3553 3917 illustrcnt,

1984 3943 2037 3996 in
2073 3942 2172 3996 hac
2218 3940 2458 3994 doctrina
2498 3952 2633 4009 opus
2660 3952 2817 3992 esse:
2845 3937 3107 4007 siquidem
3148 3939 3255 4009 18
3297 3941 3558 4010 mysteria

1984 4034 2189 4098 divina,
2224 4039 2480 4098 tanquam
2532 4029 2783 4082 humanae
2815 4028 3010 4083 utentis
3038 4044 3257 4084 sensum
3283 4033 3556 4088 exceden-

1988 4123 2080 4190 tia,
2107 4124 2192 4176 vix
2235 4123 2287 4175 in
2345 4119 2563 4186 speculo
2612 4129 2667 4173 et
2707 4118 3044 4187 mriigtttatice
3085 4121 3326 4176 videmus
3349 4122 3557 4185 “.,Est

1985 4225 2161 4272 autem
2202 4211 2505 4282 exemplum
2562 4211 2780 4265 allatum
2816 4212 2880 4264 ad
2912 4226 3024 4265 rem
3065 4222 3556 4283 peropportunum,

1984 4308 2183 4378 quippe
2211 4306 2355 4375 quod
2374 4317 2562 4359 verum
2609 4304 2805 4373 potius,
2837 4317 3003 4372 quam
3033 4305 3328 4361 verisimile
3354 4308 3454 4372 rei,
3486 4308 3556 4363 de

312 4402 374 4453 τὸ
407 4400 611 4469 φθορᾶς
648 4398 742 4450 καὶ
787 4397 1017 4450 θανάτου
1065 4396 1431 4468 ὑπερφέρεται
1476 4397 1709 4468 κράτοςο
1744 4396 1876 4449 κατὰ

1991 4414 2095 4469 qua
2126 4413 2308 4453 sermo
2335 4407 2434 4461 est,
2487 4395 2787 4468 symbolum
2841 4409 2953 4464 pra:
2982 4410 3041 4449 se
3099 4395 3257 4450 ferat.
3287 4399 3561 4464 Quemad»

312 4495 405 4549 τὸν
456 4493 637 4558 αὑτὸν,
686 4486 858 4560 οἶμαι,
907 4489 1132 4561 τρόπον,
1189 4490 1309 4543 ἐπεὶ
1354 4488 1546 4559 γέγονε
1596 4489 1742 4561 ψυχὴ
1793 4487 1887 4542 τοῦ

315 4585 656 4656 πλημμελεῖν
697 4581 798 4635 οὐκ
841 4581 1073 4646 εἰδότος,
1105 4581 1502 4652 ἐρηρεισμένην
1539 4580 1653 4651 ἔχει
1702 4580 1888 4634 λοιπὸν

312 4680 413 4748 τὴν
460 4675 545 4745 ἐφ’
568 4673 738 4727 ἅπασι
788 4675 902 4736 τοῖς
951 4671 1176 4739 ἀγαθοῖς
1224 4671 1627 4742 άμεταποίητον
1676 4671 1884 4736 στάσιν,

315 4771 409 4823 καὶ
447 4767 547 4836 τῆς
590 4764 758 4818 πάλαι
800 4762 923 4817 καθ’
952 4761 1112 4833 ἡμῶν
1140 4762 1576 4835 τυραννευούσης
1605 4761 1885 4833 ἁμαρτίας

315 4856 663 4928 ἁσυγκρίτως
687 4854 1124 4924 εὐσθενεστέραν.
1156 4853 1379 4924 Πρῶτός
1398 4869 1459 4905 τε
1485 4853 1594 4923 γὰρ
1616 4851 1711 4906 καὶ
1733 4851 1892 4922 μόνος

318 4950 603 5021 ἄνθρωπος
652 4947 745 4999 ἐπὶ
794 4947 893 5017 τῆς
935 4947 1038 5016 γῆς
1083 4946 1113 4998 ό
1155 4944 1390 5017 Χριστὸς
1440 4963 1459 4995 ‹
1487 4945 1589 4998 οὐκ
1634 4945 1893 5016 ἐποίησεν

319 5041 614 5113 ἁμαρτίαν,
647 5040 767 5093 οὐδὲ
799 5037 997 5108 εὑρέθη
1026 5036 1174 5101 δόλος
1204 5040 1262 5090 ἐν
1289 5036 1368 5107 τῷ
1399 5037 1623 5106 στόματι
1651 5033 1836 5088 αὐτοῦ.
1870 5051 1888 5085 ι

332 5135 483 5199 Ῥίζα
508 5133 564 5187 δὲ
593 5132 779 5202 ὥσπερ
811 5131 906 5184 καὶ
938 5129 1164 5200 ἀπαρχὴ
1193 5128 1507 5200 τεθειμένος
1532 5127 1642 5180 τῶν
1668 5130 1747 5191 είς
1777 5144 1897 5181 και-

324 5227 517 5296 νόνητα
547 5225 692 5294 ζωῆς
722 5221 1224 5293 άναμορφουμένων
1254 5223 1312 5275 ἐν
1343 5222 1639 5293 Πνεῦματι,
1663 5225 1757 5277 καὶ
1787 5223 1889 5293 τὴν

322 5316 416 5371 τοῦ
442 5314 689 5386 σώματος
708 5312 1036 5383 ἀφθαρσίαν,
1059 5312 1156 5366 καὶ
1176 5311 1239 5364 τὸ
1258 5312 1357 5381 τῆς
1380 5310 1633 5383 θεότητος
1654 5314 1891 5383 ἀσφαλὲς

323 5404 734 5479 ἐρηρεισμένον,
763 5402 837 5465 ὼς
865 5404 922 5454 ἐν
955 5400 1168 5471 μεθέξει
1200 5400 1296 5465 καὶ
1321 5400 1466 5454 κατὰ
1486 5403 1664 5474 χάριν,
1694 5402 1789 5456 καὶ
1813 5406 1892 5468 είς

326 5500 472 5553 ἅπαν
526 5493 628 5564 ἤδη
681 5491 740 5545 τὸ
786 5490 1126 5561 ἀνθρώπινον
1173 5490 1533 5560 παραπέμψει
1569 5493 1748 5561 γένος.
1784 5494 1894 5547 Καὶ

1996 4488 2214 4542 modum
2241 4501 2371 4557 ergo
2401 4501 2549 4551 caro,
2574 4496 2926 4556 posteaquam
2961 4486 3117 4541 Verbi
3146 4478 3326 4543 omnia
3377 4491 3559 4547 viviﬂo

1995 4580 2176 4635 cautis
2203 4594 2332 4635 caro
2350 4579 2539 4636 effecta
2565 4587 2668 4643 est,
2708 4579 2896 4635 mortis
2927 4589 2983 4634 et
3006 4581 3560 4653 corruptionisimpe-

1994 4675 2077 4730 rio
2098 4676 2345 4743 superior
2363 4675 2566 4729 evasit:
2590 4673 2669 4728 sic
2700 4675 2901 4740 anima,
2933 4685 3105 4745 utego
3120 4676 3335 4746 quidem
3358 4681 3557 4745 sentio,

1993 4774 2343 4835 posteaquam
2374 4764 2518 4820 illius
2539 4764 2727 4819 effecta
2764 4772 2847 4820 est
2880 4766 2970 4836 qui
2999 4775 3278 4835 peccatum
3323 4784 3430 4825 non
3463 4779 3563 4827 ησ-

1992 4857 2092 4923 vit,
2115 4871 2145 4911 e
2173 4855 2403 4926 vestigio
2449 4864 2650 4909 statum
2682 4857 2919 4924 tirmum,
2960 4872 3024 4913 ac
3051 4858 3101 4912 in
3127 4859 3380 4915 omnibus
3405 4860 3564 4917 bonis

1996 4949 2267 5014 stabilem,
2291 4957 2618 5018 peccatoque
2655 4949 2796 5017 quod
2822 4948 2948 5003 olim
2981 4952 3318 5020 tyrannidem
3343 4967 3568 5006 exerce-

1996 5042 2110 5108 bat,
2142 5040 2325 5098 multis
2381 5044 2625 5112 partibus
2666 5042 3023 5111 potentiorem
3055 5051 3214 5099 nacta
3271 5051 3376 5097 est.
3406 5042 3566 5098 Chri-

1998 5141 2115 5187 stus
2169 5147 2402 5202 namque
2441 5133 2647 5201 primus
2696 5142 2749 5187 et
2778 5133 2925 5189 solus
2954 5148 3018 5189 ex
3052 5133 3380 5189 omnibusin
3416 5141 3564 5188 terra

2003 5238 2023 5273 ι
2057 5230 2339 5291 peccatum
2376 5238 2481 5277 non
2503 5223 2650 5288 fecit,
2688 5239 2787 5279 nec
2817 5224 2971 5279 dolus
3008 5224 3260 5280 inventus
3281 5232 3363 5280 est
3395 5225 3447 5280 in
3470 5239 3566 5282 ore

2000 5311 2144 5367 illius
2168 5313 2236 5365 ⁸⁹.
2281 5332 2300 5365 ι
2337 5312 2439 5380 Qui
2487 5329 2626 5368 unus
2666 5314 2888 5384 proinde
2921 5315 3129 5384 positus
3162 5323 3420 5387 tanquam
3474 5332 3565 5372 ra-

2001 5405 2090 5460 dix
2130 5414 2186 5460 et
2215 5405 2426 5460 initium
2473 5406 2741 5474 quoddam
2778 5416 3123 5474 cunctorum,
3157 5409 3248 5479 qui
3272 5409 3325 5464 in
3361 5405 3564 5478 Spiritu

2004 5497 2071 5551 ad
2122 5498 2247 5552 vitae
2304 5497 2597 5553 novitatem
2654 5498 3063 5564 instaurantur,
3105 5507 3160 5556 et
3192 5500 3435 5572 corporis
3468 5499 3571 5553 im-

397 5648 443 5679 "
487 5645 646 5699 llebr.
681 5658 740 5707 ιι,
775 5644 861 5707 14,
898 5644 982 5696 15.
1058 5642 1102 5673 ⁵⁷
1144 5641 1302 5697 Rom.
1334 5659 1452 5711 vm,
1487 5646 1540 5713 '5,
1578 5646 1634 5699 4.
1711 5646 1757 5678 ⁸⁸
1796 5645 1876 5700 lC

1998 5665 2119 5716 xm,
2150 5652 2235 5708 1‘2.
2318 5657 2361 5688 ⁸⁹
2403 5654 2418 5709 Ι
2454 5653 2599 5710 Pctr.
2636 5672 2694 5723 ιι,
2725 5657 2813 5709 2⁵2.
2847 5662 2850 5667 ”

533 5744 805 5799 Parnm.
847 5740 962 5799 Gtt.
1015 5737 1284 5800 LXXVI.

3180 5746 3252 5806 37
