3970 6136
455 257 593 319 “63

1442 245 1500 301 S.
1541 244 1811 301 CYBILLI
1850 237 2317 298 ALEXANDRINI
2358 232 2673 296 ARCHIEP.

3572 209 3721 275 nes

452 377 858 441 mortalitatem,
883 380 940 430 et
965 384 1084 427 eam
1103 382 1220 439 quae
1243 381 1308 423 ex
1334 366 1617 422 divinitate
1637 365 2020 433 proﬁciscitur,

2143 362 2284 416 τοῦτο
2325 362 2481 425 εἰδὼς
2526 362 2554 414 ὁ
2604 357 2889 419 θεσπέσιος
2921 353 3122 425 γράφει
3172 344 3415 441 Παῦλος·
3466 340 3717 441 ι’ἶΩσπερ

452 468 805 528 securitatem
867 481 930 522 ac
992 463 1326 525 ﬁrmitatem,
1376 460 1670 514 secundum
1733 456 2019 534 quamdam

2143 454 2235 525 τὰρ
2274 455 2617 523 ἐφορέσαμεν
2647 450 2748 522 τὴν
2787 446 2971 500 εἰκόνα
3016 442 3110 497 τοῦ
3153 435 3362 511 χοϊκοῦ,
3391 433 3724 534 (paper-smper

454 563 644 634 gratia:
702 555 1246 615 communicationem
1303 550 1356 604 in
1397 549 1710 604 universum
1738 546 2023 601 hominum

2129 518 2223 598 irati.
2246 518 2344 613 τὴν
2377 518 2566 597 εἰκόνα
2591 518 3062 608 τόῦνὲπουρανίου.
3089 551 3108 585 ι
3135 529 3334 586 Εικόνα
3364 527 3462 597 μὲν
3487 523 3600 592 γὰρ
3619 518 3721 613 τοῦ

453 611 622 725 genus
647 650 1001 707 transmittet.
1024 644 1192 716 Cujus
1209 641 1426 714 quidem
1471 654 1548 695 re.
1575 640 1790 695 divinus
1820 637 2025 693 Paulus

2143 611 2340 706 χοϊκοῦ,
2378 635 2435 687 τὸ
2481 630 2758 687 εὐόλισθον
2813 629 2918 699 ἔφη
2968 625 3104 696 πρὸς
3142 618 3439 725 ἁμαρτίαν,
3469 614 3599 725 καέι
3622 611 3722 718 τὸν

452 763 558 802 non
596 747 836 816 ignarus,
880 741 952 796 ita
983 738 1212 795 scribit:
1253 755 1272 788 ι
1322 735 1473 791 Sicut
1510 732 1845 804 portavimus
1891 731 2026 785 iman-

2130 693 2382 780 ἓντεῦθεν
2415 727 2546 795 ἡμῖν
2592 693 2955 795 ὲπιρῤιφέντα
2983 693 3215 772 θάνατον
3242 730 3257 744 ·
3302 708 3491 764 εἰκόνα
3540 704 3602 757 δὲ
3647 693 3722 755 αὗ

450 795 646 907 ginem:
674 834 899 898 terreni,
929 840 1208 902 portemus
1240 836 1293 883 et
1319 826 1612 898 imaginem
1640 824 1880 880 ctelestis
1907 823 1974 877 ‘°.
1998 843 2017 875 ι

2143 820 2226 872 τοῦ
2279 816 2628 887 ἐπουρανίου,
2659 814 2911 870 τουτέστι
2961 805 3222 881 Χριστοῦ,
3265 803 3328 859 τὸ
3373 798 3591 907 ἑδραῖον
3639 795 3727 857 εἰς

450 924 744 995 Imaginem
805 921 1009 976 terreni
1040 917 1297 990 peccandi
1334 914 1769 986 propensionem,
1795 921 1851 968 et
1875 926 2023 966 mor-

2131 910 2424 981 ἁγιασμὸν,
2455 909 2547 964 καὶ
2580 907 2678 979 τὴν
2703 909 2770 961 ὲκ
2793 904 3025 960 θανάτου
3072 901 3168 955 καὶ
3201 896 3419 968 φθορᾶς.
3450 892 3729 958 ἀνακομιο

447 985 705 1087 ιοηινειιιεε
726 1014 854 1069 hinc
886 1011 1083 1073 oritur,
1115 1016 1307 1064 vocat:
1333 1016 1389 1061 at
1427 985 1559 1060 vero
1600 1019 1697 1074 per
1731 1003 2019 1074 imaginem

2143 1004 2227 1075 Βήν
2256 1019 2316 1055 τε
2344 1002 2440 1071 καὶ
2465 1000 2810 1056 ἀνακαίνισιν
2832 1000 2913 1062 είς
2939 992 3251 1066 ἀφθαρσίαν
3282 988 3377 1044 καὶ
3403 985 3576 1056 ζωήν.

450 1107 708 1170 cmlestis,
738 1107 839 1159 hoc
862 1109 966 1164 est,
987 1098 1216 1162 Christi,
1248 1096 1611 1152 constantiam
1672 1094 1724 1148 in
1781 1091 2097 1160 sanctitate,
2136 1093 2505 1166 reditumque.
2525 1100 2581 1146 et
2630 1089 3078 1147 instaurationem
3102 1099 3172 1141 ex
3205 1092 3381 1138 morte
3422 1088 3478 1133 et
3527 1088 3728 1131 corru-

451 1202 634 1270 ptione
667 1198 733 1252 ad
762 1197 924 1250 vitam
944 1190 1474 1248 etimmortalitatem
1502 1188 1768 1258 designat.

520 1289 665 1344 XXI.
708 1285 904 1341 Totum
937 1284 1121 1352 itaque
1160 1279 1256 1335 Dei
1291 1279 1525 1333 Verbum
1559 1277 1656 1331 toti
1694 1285 1903 1331 natura:
1937 1291 2035 1331 nec

451 1391 581 1437 τινα)
628 1378 881 1433 humana:
927 1373 1137 1427 unitum
1185 1370 1504 1427 asserimus.
1551 1368 1705 1424 Nulla
1759 1370 1902 1424 enim
1945 1383 2035 1423 ra-

455 1473 603 1527 tione
634 1467 931 1539 putandum
959 1470 1065 1528 est,
1106 1461 1353 1531 principe
1386 1459 1560 1515 nostri
1587 1469 1762 1529 parte,
1796 1460 1902 1515 hoc
1927 1468 2031 1525 est,

452 1561 632 1618 anima
660 1557 928 1626 neglecta,
957 1552 1416 1624 peregrinationis
1437 1566 1564 1631 suae
1582 1550 1861 1607 molestias
1882 1550 2032 1605 carni

454 1651 642 1721 largiri
675 1644 933 1705 voluisse.
962 1644 1200 1700 Pulchre
1242 1651 1421 1698 autem
1458 1658 1554 1711 per
1587 1651 1878 1713 utramque
1907 1658 2035 1713 par-

2209 1280 2344 1335 KA'.
2388 1278 2552 1332 Ὅλον
2600 1272 2694 1331 οὖν
2732 1275 2830 1347 ὅλῃ
2879 1267 3220 1344 συνηνῶσθαί
3263 1280 3444 1337 φαμεν
3490 1262 3560 1331 τῇ
3600 1256 3710 1310 καθ

2138 1371 2286 1442 ἡμᾶς
2311 1368 2695 1441 ἀνθρωπότητι
2735 1367 2829 1422 τὸν
2858 1367 2926 1419 ὲκ
2958 1362 3095 1418 Θεοῦ
3122 1360 3315 1428 Λόγον.
3352 1354 3431 1408 Οὐ
3474 1350 3589 1420 γάρ
3618 1364 3726 1442 που

2135 1441 2197 1517 «et
2244 1463 2468 1532 ἄμεινον
2528 1462 2787 1532 ὲνλὴμῖν,
2827 1457 3074 1514 τουτέστι
3136 1450 3337 1522 ψυχὴν,
3394 1443 3614 1505 οὐδενὸς
3660 1441 3729 1493 ἂν

2136 1525 2338 1627 ἠξίωσε
2379 1556 2564 1624 λόγου,
2598 1525 2753 1625 Τιόνῃ
2773 1525 2778 1527 ﬁ
2798 1550 3144 1623 δωρούμενος
3167 1548 3235 1616 τῇ
3265 1540 3436 1615 σαρκὶ
3464 1536 3727 1627 ﬁgim-

2135 1625 2199 1714 δη
2210 1647 2338 1717 μίας
2364 1646 2493 1709 τοὺς
2522 1643 2737 1708 πόνους.
2780 1644 3114 1714 Ἐπράττετο
3149 1638 3208 1691 δὲ
3240 1631 3427 1694 καλῶς
3457 1629 3525 1682 δι’
3556 1625 3729 1717 ἀμφι-ι

457 1715 567 1800 teni
625 1735 1048 1807 dispensationis
1102 1741 1504 1789 sacramentum
1544 1733 1820 1801 perfecit:
1869 1747 2035 1788 carne

2143 1715 2234 1808 τῆς
2289 1736 2603 1809 οἰκονομίας
2651 1736 2716 1790 τδ
2771 1734 3107 1808 μυστήριον
3159 1724 3587 1799 προσεχρήσατο
3645 1715 3725 1809 δὲ)

457 1847 556 1889 sua
595 1840 847 1898 tanquam
877 1840 1083 1896 organo
1126 1824 1195 1878 ad
1230 1823 1414 1879 carnis
1444 1838 1630 1893 opera,
1656 1823 2035 1893 naturalesque

457 1921 826 1993 aegritudines,
855 1932 918 1973 ac
951 1926 1146 1973 caetera
1186 1913 1359 1970 olIicia
1401 1915 1814 1983 vituperationis
1843 1930 2035 1985 exper-

456 2013 569 2078 tia;
611 2009 792 2063 auima
832 2020 1043 2061 rursum
1072 2004 1139 2058 ad
1190 2004 1457 2058 humanas
1507 2004 1920 2073 inculpatasque
1950 2004 2034 2058 af.

459 2101 724 2156 lectiones
770 2098 1042 2152 utebatur.
1086 2092 1222 2149 Nam
1272 2101 1327 2148 et
1369 2093 1631 2159 esuriem,
1679 2101 1734 2147 et
1774 2093 2035 2162 longioris

458 2193 669 2251 itineris
698 2190 963 2253 laborem,
1010 2197 1063 2242 et
1108 2199 1363 2254 pavorem
1403 2199 1468 2239 ac
1502 2195 1728 2250 metum,
1771 2193 1826 2239 et
1864 2184 2036 2239 tristi-

461 2284 614 2349 tiam,
646 2290 702 2337 et
734 2293 1015 2347 angorem,
1043 2285 1101 2331 et
1130 2276 1299 2346 ipsam
1334 2275 1569 2343 denique
1601 2276 1654 2328 in
1691 2289 1852 2330 cruce
1890 2289 2038 2329 mor-

461 2387 567 2430 tem
597 2370 886 2442 pertulisse
916 2368 1166 2423 traditur.
1195 2366 1409 2420 Etenim
1455 2366 1601 2420 nullo
1636 2374 1884 2436 cogente,
1918 2366 2069 2427 ani-,

460 2479 603 2521 mam
641 2478 795 2519 suam
832 2460 1004 2515 nostri
1039 2473 1202 2514 causa
1236 2457 1422 2527 posuit
1444 2458 1510 2524 ⁸⁸,
1556 2473 1665 2527 quo
1695 2458 1948 2512 nimirum
1983 2467 2038 2513 et

459 2555 600 2610 vivis
626 2561 682 2609 et
706 2551 934 2607 mortuis
956 2550 1332 2626 dominaretur
1352 2550 1421 2603 “.
1456 2548 1520 2603 Et
1542 2549 1759 2618 quidem
1787 2549 1894 2620 19
1917 2564 2037 2604 car-

459 2659 583 2700 nem
616 2656 771 2698 suam
800 2641 940 2695 citra
975 2638 1406 2694 controversiam
1438 2637 1777 2694 liberationis
1803 2639 2036 2707 pretium

460 2749 562 2806 pro
594 2733 836 2790 omnium
872 2745 1039 2787 carne
1072 2730 1372 2800 dependit;
1402 2730 1639 2784 animam
1670 2745 1801 2786 vero
1831 2729 2034 2799 justum

461 2840 561 2896 pro
611 2822 918 2879 mortalium
961 2820 1205 2879 omnium
1257 2819 1543 2875 animabus
1597 2820 1831 2889 pretium
1883 2819 2038 2875 exhi-

461 2917 604 2996 buit,
653 2914 870 2970 tametsi
902 2913 1066 2967 vitam
1095 2925 1257 2981 quam
1305 2920 1562 2980 posuerat
1592 2911 1739 2981 (nam
1765 2912 2039 2975 vita,erat

2137 1828 2393 1901 καθάπερ
2417 1807 2654 1900 ὀργάνῳ,
2688 1831 2757 1900 τῇ
2802 1818 2902 1898 μὲν
2951 1824 3058 1896 ἰδίᾳ
3098 1819 3287 1891 σαρκὶ,
3326 1814 3447 1888 [τὰ]
3483 1810 3626 1881 πρὸς
3661 1807 3728 1862 τὰ

2141 1922 2344 1991 σαρκὸς
2388 1919 2526 1991 ἔργα
2548 1936 2609 1973 τε
2643 1918 2742 1973 καὶ
2771 1916 3192 1990 ἀρρωστήματα
3224 1904 3454 1980 φυσικὰ,
3498 1902 3599 1957 καὶ
3630 1902 3729 1954 ὅσα

2140 2011 2332 2083 μώμου
2367 2012 2585 2083 μακράν
2604 2024 2619 2040 ·
2652 2010 2798 2082 ψυχῇ
2824 2009 2868 2062 δ’
2892 2002 2962 2061 αὖ
2994 2009 3060 2077 τῇ
3099 2003 3227 2076 ἰδίᾳ,
3256 2001 3395 2072 πρὸς
3421 1999 3493 2051 τὰ
3516 1994 3728 2065 ἀνθρώ-

2139 2105 2270 2159 πινά
2299 2120 2360 2157 τε
2388 2105 2481 2158 καὶ
2505 2103 2803 2157 ἀνυπαίτια
2830 2099 3003 2170 πάθη.
3030 2099 3297 2167 Πεινῆσαι
3339 2092 3451 2162 γὰρ
3476 2090 3728 2157 λέγεται,

2139 2197 2341 2260 κόπους
2400 2195 2726 2263 ὑπενεγκεῖν
2777 2193 2905 2255 τοὺς
2960 2192 3025 2244 ἐκ
3079 2186 3312 2260 μακρῶν
3378 2179 3729 2255 ὁδοιποραῖιῆ

2140 2287 2331 2351 πτοίας
2362 2305 2422 2341 τε
2460 2286 2556 2340 καὶ
2586 2285 2810 2357 φόϐους,
2840 2284 2935 2337 καὶ
2967 2282 3168 2352 λύπην,
3200 2278 3296 2332 καὶ
3324 2275 3597 2345 ἀγωνίαν,
3633 2272 3729 2326 καὶ

2139 2381 2230 2435 τὸν
2262 2379 2358 2433 ἐπὶ
2390 2378 2469 2450 τῷ
2514 2375 2736 2448 σταυρῷ
2771 2374 3024 2429 θάνατον.
3064 2365 3589 2437 Ἐπαναγκάζοντος
3620 2362 3730 2431 γὰρ

2139 2466 2375 2531 οὐδενὸς,
2405 2465 2651 2520 τέθεικεν
2692 2464 2785 2534 ἀφ’
2829 2461 3024 2517 ἑαυτοῦ
3057 2460 3155 2531 τὴν
3189 2459 3327 2513 ίδίαν
3355 2456 3539 2526 ψυχὴν
3583 2453 3729 2522 ὑπὲρ

2138 2559 2322 2631 ἡμῶν,
2356 2559 2444 2615 ῑνα
2471 2558 2567 2613 καὶ
2585 2558 2796 2629 νεκρῶν
2833 2556 2928 2610 καὶ
2961 2554 3180 2619 ζώντων
3207 2549 3509 2621 κυριεύσῃ·
3546 2546 3728 2615 σάρκα

2144 2652 2243 2722 μὲν
2278 2651 2377 2722 τὴν
2424 2651 2583 2718 ίδίαν,
2614 2651 2713 2720 τῆς
2760 2649 3017 2704 ἁπάντων
3055 2643 3259 2716 σαρκὸς
3307 2638 3728 2699 ἀνταπστιννὺς,

2139 2743 2310 2814 δῶρον
2350 2741 2564 2811 ἀληθῶς
2585 2738 3053 2810 ἀντάξιονσψυχὴν
3075 2736 3155 2799 δὲ,
3188 2734 3369 2805 ψυχῆς
3402 2732 3729 2801 ἀντίλυτρον

2139 2831 2242 2902 τῆς
2269 2831 2526 2885 ἁπάντων
2556 2830 2902 2899 ποιούμενος,
2942 2829 2992 2881 εί
3024 2827 3123 2880 καὶ⁵
3154 2825 3356 2880 ἀνεϐίω
3390 2822 3577 2884 πάλιν,
3610 2819 3733 2890 ζωὴ

2141 2923 2286 2977 κατά
2315 2922 2477 2993 φύσιν
2507 2922 2769 2993 ὑπάρχων
2795 2921 2872 2981 ὡς
2901 2918 3055 2982 Θεός.
3088 2918 3202 2972 Καὶ
3223 2916 3348 2985 γοῦν
3367 2916 3397 2966 ὁ
3426 2913 3734 2975 θεσπέσιος

459 3022 523 3070 ιιι
560 3011 702 3067 Deus
755 3009 1051 3064 secundum
1109 3006 1387 3072 uaturanﬁ‘
1432 3003 1611 3057 denuo
1660 3005 2035 3073 resumpserit.

2143 3016 2351 3088 Πέτρος
2372 3055 2388 3081 ,
2425 3035 2443 3068 ι
2481 3015 2708 3086 ’Ἄνδρες
2737 3011 2982 3082 ἀδελφοὶ,
3014 3011 3201 3081 φησιν,
3226 3007 3338 3074 ἐξὸν
3364 3007 3543 3059 είπεῖν
3574 3006 3733 3076 μετά

423 3168 427 3173 ,
460 3103 601 3159 Hinc
629 3102 845 3156 divinus
885 3099 1125 3153 Petrus:
1162 3114 1182 3147 ι
1212 3094 1347 3161 Viri,
1382 3094 1577 3164 inquit,
1628 3095 1846 3155 fratres.
1882 3096 2043 3150 liceat

464 3197 730 3252 audenter
763 3193 945 3247 dicere
991 3189 1059 3242 ad
1094 3202 1187 3243 vos
1217 3188 1283 3242 de
1330 3185 1635 3255 patriarcha
1671 3186 1875 3251 David,
1908 3202 2044 3256 quo-

464 3286 611 3340 niam
640 3292 693 3339 et
717 3279 1004 3337 defunctus
1035 3285 1141 3347 est,
1173 3287 1223 3331 et
1256 3275 1500 3345 sepultus
1521 3284 1626 3340 est,
1652 3282 1706 3329 cl
1730 3275 2041 3344 sepulcrum

464 3374 582 3445 ejus
608 3382 695 3428 est
725 3371 865 3440 apud
917 3384 1016 3425 nos
1049 3383 1219 3436 usque
1260 3367 1314 3422 in
1360 3366 1681 3423 hodiernum
1714 3368 1880 3422 diem.
1911 3367 2044 3421 Pro-

464 3469 626 3538 pheta
665 3465 830 3535 igitur
868 3477 991 3517 cum
1024 3470 1190 3525 esset,
1233 3469 1290 3515 et
1337 3460 1504 3515 sciret
1536 3461 1664 3529 quia
1692 3460 2044 3529 jurejurando

462 3561 703 3630 iurasset
762 3556 836 3611 illi
897 3554 1057 3619 Deus,
1117 3553 1183 3608 de
1240 3550 1421 3608 fructu
1470 3552 1640 3608 lumbi
1693 3552 1811 3623 ejus
1853 3554 2045 3609 sedere

467 3668 630 3724 super
656 3652 838 3707 sedem
867 3648 1006 3719 ejus,
1062 3647 1351 3718 providens
1387 3645 1596 3701 locutus
1633 3656 1717 3702 est
1759 3648 1826 3702 de
1863 3660 2045 3701 resur-

469 3745 708 3800 rectione
750 3743 975 3810 Christi,
1029 3744 1156 3811 quia
1188 3755 1364 3810 neque
1413 3742 1705 3797 derelictus
1748 3750 1832 3796 est
1866 3743 1917 3795 in
1960 3741 2045 3794 in-

467 3838 646 3903 ferno,
679 3850 853 3905 neque
878 3849 1007 3888 caro
1038 3834 1156 3902 ejus
1189 3833 1323 3888 vidit
1348 3826 1752 3900 corruptionem
1775 3832 1842 3883 ⁸³.
1880 3850 1899 3883 ι
1933 3830 2046 3885 Nec

465 3928 612 3982 enim
669 3925 750 3978 fas
793 3930 878 3978 est
927 3922 1128 3986 dicere,
1185 3933 1404 3975 carnem
1454 3916 1634 3972 Verbo
1684 3917 1894 3972 unitam
1945 3915 2045 3969 ali-

468 4016 686 4088 quando
719 4015 958 4085 potuisse
1006 4012 1300 4080 corrumpi,
1335 4020 1428 4063 aut
1464 4009 1702 4065 divinam
1738 4007 1884 4063 illam
1927 4006 2044 4061 ani-

468 4126 611 4180 mam
658 4111 800 4164 intra
846 4106 1044 4162 inferni
1082 4116 1269 4176 portas
1309 4104 1563 4159 detineri.
1597 4103 1752 4169 Nam,
1810 4112 1868 4156 ut
1907 4101 2045 4156 divi-

473 4218 578 4258 nus
627 4200 821 4256 Petrus
844 4199 941 4264 ait,
983 4198 1162 4252 anima
1212 4193 1329 4264 ejus
1359 4195 1413 4249 iu
1448 4194 1667 4249 inferno
1710 4192 1913 4253 relicta.
1935 4206 2042 4246 non

2144 3106 2454 3178 παρρησίας
2487 3106 2626 3177 πρὸς
2665 3106 2812 3175 ὑμᾶς
2858 3103 2989 3177 περὶ
3017 3102 3113 3156 τοῦ
3142 3099 3473 3171 πατριάρχου
3529 3097 3731 3159 Δασιδ,

2141 3197 2225 3250 ὅτι
2253 3195 2350 3250 καὶ
2380 3194 2701 3267 ἐτελεύτησε
2736 3195 2833 3249 καὶ⁹
2865 3194 3041 3264 ἐτάφη
3067 3233 3082 3258 ,
3114 3193 3209 3247 καὶ⁸
3240 3192 3299 3244 τὸ
3333 3190 3530 3261 μνῆμα
3562 3189 3730 3241 αὑτοῦ

2143 3289 2292 3344 ἐστιν
2322 3291 2381 3343 ὲν
2427 3291 2558 3360 ἡμῖν
2602 3288 2732 3361 ἄχρι
2775 3288 2876 3358 τῆς
2910 3289 3124 3359 ἡμέρας
3156 3285 3385 3355 ταύτης.
3432 3285 3729 3356 Προφήτης

2143 3377 2237 3434 οῦν
2269 3381 2554 3450 ὑπάρχων,
2598 3380 2692 3433 καὶ
2721 3377 2880 3439 εἰδὼς
2907 3416 2921 3441 ,
2952 3378 3035 3431 ὅτι
3080 3379 3233 3448 ὅρκῳ
3272 3377 3495 3446 ὤμοσεν
3527 3376 3677 3447 αὐτῷ
3698 3376 3725 3429 ὁ

2144 3473 2300 3539 Θεὸς,
2328 3475 2393 3526 ἐκ
2420 3471 2635 3543 καρποῦ
2677 3472 2775 3541 τῆς
2809 3470 3008 3540 ὀσφύος
3036 3469 3203 3524 αὐτοῦ
3245 3469 3477 3523 καθίσαι
3524 3473 3615 3524 ἐπὶ
3639 3470 3720 3524 τοῦ

2146 3564 2338 3634 θρόνου
2381 3562 2569 3629 αὐτοῦ,
2619 3561 2883 3633 προειδὼς
2929 3560 3159 3631 ὲλάλησε
3206 3562 3340 3632 περὶ
3367 3561 3475 3632 τῆς
3502 3562 3712 3616 ducti-

2147 3673 2286 3719 σεως
2316 3654 2411 3708 τοῦ
2456 3654 2717 3725 Χριστοῦ,
2752 3656 2835 3707 ὅτι
2877 3651 3000 3706 οὔτε
3048 3652 3456 3725 ἐγκατελείφθη
3509 3658 3544 3726 ή
3595 3653 3712 3724 ιιυῄ

2147 3745 2315 3799 αὐτοῦ
2340 3748 2419 3809 είς
2444 3745 2600 3817 ᾅδην,
2626 3745 2741 3799 οὔθ’
2768 3749 2801 3817 ἡ
2838 3744 2977 3815 σὰρξ
3004 3745 3170 3799 αὐτοῦ
3195 3741 3309 3798 οἶδε
3339 3746 3658 3817 διαφθοράν.
3691 3764 3710 3796 ι

2146 3836 2223 3890 Ού
2257 3836 2365 3907 γάρ
2387 3854 2471 3889 τοι
2494 3836 2654 3907 θέμις
2688 3838 2882 3902 εἰπεῖν,
2934 3836 3114 3906 φθορᾷ
3152 3836 3254 3905 μὲν
3284 3835 3555 3891 δύνασθαι
3600 3854 3714 3907 κρα-

2144 3927 2356 3982 τεῖσθαί
2386 3945 2516 3982 ποτε
2560 3929 2658 4000 τὴν
2700 3928 2995 3982 ἑνωθείσαν
3036 3927 3115 3999 τῷ
3151 3928 3313 3999 Λόγῳ
3363 3930 3571 3999 σάρκα,
3601 3931 3715 3983 κάτ-

2146 4036 2270 4095 οχον
2287 4020 2333 4073 δ’
2350 4016 2418 4073 αὖ
2439 4023 2558 4084 ταῖς
2579 4020 2707 4091 ᾅδου
2736 4020 2931 4083 πύλαις
2954 4020 3053 4089 τὴν
3074 4020 3229 4074 θείαν
3249 4021 3515 4089 γενέσθαι
3529 4024 3716 4091 ψυχήν·

2147 4113 2248 4165 οὐκ
2268 4112 2663 4183 ἐγκατελείφθη
2682 4113 2789 4183 γὰρ
2813 4114 2892 4175 εἰς
2921 4111 3074 4183 ᾅδην,
3093 4111 3240 4166 καθὰ
3263 4113 3361 4167 καὶ
3387 4115 3417 4165 ὁ
3441 4113 3722 4172 θεσπέσιος

2147 4199 2250 4271 ἔφη
2288 4200 2517 4271 Πέτρος.
2548 4200 2624 4253 Οὐ
2655 4202 2763 4271 γάρ
2802 4218 2905 4253 που
2931 4202 3031 4271 τήν
3060 4217 3120 4253 τε
3158 4199 3405 4269 ἄληπτον
3433 4201 3723 4265 παντελῶς,

468 4295 591 4351 fuit.
638 4293 824 4364 Neque
871 4304 1001 4345 vero
1047 4298 1298 4342 naturam
1347 4286 1813 4355 illam,quas'nec
1862 4293 2039 4338 mente

2152 4292 2245 4345 καὶ
2288 4291 2563 4346 ἀνάλωτον
2605 4290 2684 4361 τῷ
2719 4291 2936 4361 θανάτῳ
2970 4291 3154 4359 φύσιν,
3184 4294 3441 4346 τουτέστι
3470 4294 3575 4364 τὴν
3614 4293 3729 4346 6:6-

468 4358 890 4456 comprehcndi,
950 4396 1122 4450 neque
1172 4393 1269 4449 per
1319 4386 1548 4433 mortem
1610 4377 1879 4431 ullatenus
1924 4375 2039 4445 capi

2149 4378 2288 4451 τητα
2315 4381 2410 4434 τοῦ
2444 4358 2786 4448 Μονογενοῦς
2807 4419 2824 4445 ,
2875 4358 2989 4434 τῶν
3019 4382 3123 4435 ὑπὸ
3170 4381 3335 4453 χθόνα
3372 4358 3570 4455 μυχῶν
3606 4388 3731 4439 dva-

467 4489 666 4551 potest,
695 4479 796 4532 hoc
819 4471 905 4531 est
926 4472 1203 4543 Unigcniti
1229 4471 1590 4533 divinitatem,
1617 4483 1648 4523 e
1671 4468 2044 4523 subterraneis

470 4572 576 4626 illis
606 4569 873 4637 specubus
908 4579 1123 4620 rursum
1164 4563 1455 4618 emersisse
1487 4561 1728 4616 dicemu
1756 4576 1770 4613 :
1797 4559 2040 4629 quando-

471 4665 687 4732 quidem
750 4660 898 4715 nulla
944 4656 1303 4711 admiratione
1350 4654 1569 4722 dignum
1617 4662 1800 4717 esset,
1850 4653 1897 4707 si
1949 4652 2043 4709 Dei

472 4754 711 4809 Verbum
747 4751 1044 4807 divinitatis
1072 4750 1123 4803 vi
1159 4749 1518 4817 ejusdemque
1550 4743 1788 4800 ellicacia
1833 4749 2040 4812 nixum,

472 4845 611 4915 apud
637 4844 838 4897 inferos
872 4856 977 4896 non
1013 4841 1323 4905 mansisset,
1352 4854 1473 4893 cum
1503 4837 1896 4892 admirabiliter
1921 4853 2040 4893 om-

472 4939 631 4992 nibus
696 4933 857 4997 adsit,
916 4932 1245 5001 impleatque
1301 4933 1503 4983 omnia.
1568 4929 1751 4983 Deitas
1808 4942 2041 4998 namque

470 5027 619 5081 animi
656 5027 774 5079 loco
803 5031 859 5079 et
888 5020 1417 5089 circumscriptione,
1453 5031 1508 5074 et
1547 5021 1896 5075 meusurabili
1930 5037 2043 5075 ma-

472 5118 749 5189 gnitudine
796 5114 1065 5185 superior,
1120 5129 1163 5169 a.
1202 5112 1350 5165 nullo
1416 5111 1534 5179 capi
1588 5094 2043 5179 comprehendive

472 5223 666 5279 potest.

546 5352 588 5381 ‘°
630 5351 801 5406 lCor.
847 5364 933 5417 xv,
962 5346 1050 5403 49.
1127 5345 1169 5376 ⁶¹
1211 5344 1231 5397 Ι
1262 5344 1417 5400 Joan.
1450 5361 1529 5411 ιιι,
1566 5346 1650 5403 16.
1731 5346 1774 5375 6⁵
1816 5345 1972 5399 Rern.
2009 5360 2117 5411 xw,
2148 5346 2201 5400 9.

2150 4472 2471 4543 κεκομίσθαι
2499 4474 2744 4543 φήσομεν
2764 4490 2778 4504 ’
2808 4473 2931 4527 οὔτε
2963 4473 3072 4545 γὰρ
3101 4474 3169 4527 ἂν
3205 4474 3418 4545 ἠξιώθη
3450 4477 3512 4531 τὸ
3546 4480 3731 4550 χρῆμα

2148 4564 2448 4633 θαύματος,
2483 4565 2532 4617 εί
2576 4565 2650 4635 μὴ
2710 4564 3020 4636 μεμένηκεν
3046 4568 3126 4629 είς
3153 4566 3249 4619 τὸν
3279 4566 3416 4638 ᾅδην
3448 4571 3478 4621 ό
3505 4570 3576 4623 ὲκ
3601 4570 3730 4623 Θεοῦ

2143 4658 2336 4725 Λόγος,
2402 4661 2468 4728 τῇ
2513 4659 2611 4727 τῆς
2679 4658 2934 4727 θεότητος
2991 4658 3245 4727 ἐνεργείᾳ
3285 4674 3345 4711 τε
3400 4663 3497 4712 καὶ
3554 4661 3730 4728 ᾳύσει,

2148 4749 2471 4819 παραδόξως
2530 4765 2588 4800 τε
2653 4748 2748 4801 καὶ
2808 4749 2948 4818 ὑπὲρ
3008 4748 3188 4815 λόγον,
3233 4749 3462 4820 πληρῶν
3516 4752 3622 4820 μὲν
3673 4753 3733 4805 τὰ

2151 4840 2347 4904 πάντα,
2380 4842 2476 4895 καὶ
2505 4844 2617 4904 τοῖς
2649 4842 2814 4894 πᾶσιν
2842 4840 3144 4911 ἐπιδημῶν.
3162 4841 3463 4912 Ἀνώτερον
3490 4843 3603 4912 γάρ
3636 4859 3732 4893 που

2151 4932 2246 4983 καὶ
2277 4930 2640 5003 περιορισμοῦ
2674 4932 2770 4985 καὶ
2794 4931 2957 4984 τόπου
2988 4934 3083 4985 καὶ¹
3110 4932 3378 5002 μεγέθους
3411 4931 3735 5004 μετρητοῦιι

2148 5026 2211 5075 τὸ
2240 5024 2417 5087 Θεῖον,
2455 5024 2586 5077 αὐτὸ
2624 5024 2681 5077 δὲ
2713 5024 2820 5077 ὑπὸ
2849 5025 3078 5095 μηδενὸς
3104 5023 3476 5095 χωρούμενον.

2284 5345 2326 5375 ⁵³
2366 5345 2485 5399 Act.
2522 5361 2580 5411 ιι,
2616 5345 2791 5400 29-51.

1567 5496 1733 5551 Variae
1766 5496 2030 5552 lectiones
2070 5497 2273 5551 codicis
2305 5496 2665 5566 chuieriani.

607 5654 801 5724 μέτρου
828 5654 917 5705 καὶ
946 5653 1133 5721 τόμον.
1165 5652 1462 5719 Utrumque
1488 5628 1717 5705 deest‘in
1760 5652 2039 5720 manuscri,

2169 5652 2523 5719 Seguicrano.
