3970 6136
294 277 429 338 1165

1240 260 1331 317 DE
1370 257 1598 314 RECTA
1641 257 1794 313 FIDE
1835 257 1922 312 AD
1966 257 2411 314 THEGDOSIUM
2450 257 2592 312 IMP.

3399 263 3538 318 “66

362 394 491 449 ΚΒ.
515 384 826 460 Παράδοξον
845 391 868 423 τ
898 381 953 436 δὲ
983 379 1076 435 καὶ
1107 379 1286 433 οὐδενὶ
1321 378 1428 434 τῶν
1454 377 1623 432 ὄντων
1652 376 1751 429 θαυ
1761 394 1868 449 μα-

2038 376 2203 432 XXII.
2250 376 2442 432 Mirum
2490 391 2619 431 vero
2671 374 2845 431 videri
2896 376 3076 442 debet,
3134 378 3275 447 quod
3343 394 3543 452 corpus

293 481 416 538 στὸν
437 491 484 544 ³,
514 483 597 535 ὅτι
629 477 788 547 σῶμα
830 472 927 544 μὲν
962 470 1159 523 ἀνεϐίω
1191 468 1251 522 τὸ
1287 472 1356 540 τῇ
1405 469 1563 537 φύσει
1592 467 1863 539 φθαρτόν·

290 567 357 641 ἦν
386 569 495 640 γὰρ
531 567 662 620 ἴδιον
686 561 779 616 τοῦ
809 558 1087 630 ἀφθάρτου
1116 556 1485 628 Δόγου.Ψυχὴ
1509 556 1563 609 δὲ
1590 556 1655 628 δὴ
1682 557 1867 620 πάλιν,

291 660 391 728 τὴν
439 657 575 729 πρὸς
622 653 783 710 αὑτὸν
812 645 1057 719 λαχοῦσα
1087 647 1396 720 συνδρομήν
1426 663 1486 698 τε
1517 651 1610 715 καὶ
1641 647 1859 710 ἕνωσιν,

294 748 732 819 καταπεφοίτηκε
768 744 867 815 μὲν
914 745 995 806 είς
1030 741 1183 813 ᾅδου,
1231 742 1526 811 θεοπρεπεῖ
1551 741 1609 794 δὲ
1638 739 1867 808 δυνάμει

296 844 392 896 καὶ
452 837 669 909 ἐξουσία
720 834 1003 906 χρωμένη,
1049 834 1298 896 καὶτοῖς
1350 835 1529 897 ἐκεῖσε
1592 830 1868 897 πνεύμασι

298 931 668 1000 κατεφαίνετο.
731 927 1028 998 Τοιγάρτοι
1108 926 1201 979 καὶ
1263 922 1468 993 ἔφασκε
1514 924 1625 986 τοῖς
1678 924 1736 975 ὲν
1786 920 1871 975 δε-

299 1028 479 1096 σμοῖς·
516 1043 536 1074 ‹
584 1008 892 1086 Ἰ-Ξξέλθετελ
924 1018 1020 1073 καὶ
1045 1019 1155 1082 τοῖς
1182 1018 1238 1070 ὲν
1271 1015 1347 1087 τῷ
1374 1008 1583 1069 σκότειέ
1633 1015 1865 1068 ’Δνακαο

294 1114 579 1169 λύπτεοθε.
618 1132 636 1164 ι
675 1111 783 1166 Καί
818 1128 906 1183 μοι
957 1110 1107 1164 δοκεῖ
1148 1109 1314 1178 φάναι
1348 1125 1399 1160 τι
1442 1106 1683 1177 τοιοῦτον
1715 1105 1810 1159 καὶ
1842 1106 1871 1158 ὀ

296 1200 579 1264 θεσπέσιος
623 1198 828 1268 Πέτρος
873 1199 1005 1269 περὶ
1044 1195 1141 1250 τοῦ
1197 1195 1333 1249 Θεοῦ
1388 1195 1586 1265 Λόγου,
1632 1195 1727 1249 καὶ
1772 1194 1870 1264 τῆς

296 1296 415 1349 καθ’
442 1294 635 1348 ἕνωσιν
674 1292 986 1363 οἰκονομίας
1007 1293 1025 1328 ί
1057 1288 1435 1360 γεγενημένης
1467 1286 1628 1342 αὑτοῦ
1652 1286 1866 1357 ψυχῆςο

303 1406 322 1442 t
356 1391 621 1462 eri’mv
654 1387 763 1457 γὰρ
788 1382 1272 1454 ἀγαθοποιοῦντας,
1308 1381 1358 1434 εί
1390 1379 1532 1433 θέλοι
1569 1376 1630 1432 τὸ
1657 1377 1868 1448 θέλημα

297 1482 391 1536 τοῦ
417 1479 574 1546 Θεοῦ,
604 1480 857 1549 πάσχειν,
883 1477 916 1548 ἢ
947 1474 1379 1535 κακοποιοῦντας
1399 1489 1410 1504 ·
1439 1474 1521 1525 ὅτι
1553 1471 1646 1524 καὶ
1680 1471 1708 1523 ὁ
1731 1471 1871 1540 Χρι-

301 1574 425 1637 στος
461 1570 610 1635 ἅπαξ
642 1571 784 1640 ὑπὲρ
814 1566 1156 1639 ἁμαρτωλῶν
1191 1565 1427 1619 ἀπέθανε
1450 1602 1465 1627 ,
1495 1563 1700 1625 δίκαιος
1730 1561 1869 1630 ὑπὲρ

300 1664 520 1729 ἀδίκων,
569 1661 635 1714 ἵν’
665 1661 812 1731 ἡμᾶς
860 1657 1188 1730 προσαγάγῃ
1238 1655 1317 1728 τῷ
1362 1654 1501 1725 Θεῷ,
1536 1651 1871 1714 θανατωθεὶς

1973 477 2163 537 suapte
2199 476 2389 522 natura
2436 466 2675 521 interitui
2722 478 2777 521 et
2816 467 2975 521 morti
3004 467 3299 523 obnoxium
3355 470 3422 524 ad
3462 472 3543 525 vi-

1973 566 2082 610 tam
2126 556 2303 611 denuo
2369 556 2596 611 redierit
2639 573 2653 609 :
2700 556 2753 611 id
2804 558 2947 611 enim
3002 556 3329 613 immortalis
3376 556 3541 613 Verbi

1973 649 2251 719 proprium
2299 656 2438 703 erat.
2489 646 2580 703 Sic
2628 656 2846 718 quoque
2892 649 3092 712 anima,
3135 658 3254 717 qua:
3287 665 3408 704 cum
3451 651 3544 705 illo

1974 740 2259 807 conjuncta
2290 740 2646 810 copulataque
2678 740 2875 808 fuerat,
2903 742 2969 796 ad
2995 741 3200 797 inferos
3224 744 3501 798 descendit
3526 784 3541 809 ,

1973 832 2260 901 divinaque
2288 832 2487 887 virtute
2521 846 2584 886 ac
2617 833 2856 902 potentia
2889 840 3068 898 utens,
3098 834 3378 903 spiritibus
3406 851 3543 905 quo-

1972 935 2078 990 que
2107 920 2305 975 ibidem
2339 922 2569 991 captivis
2597 935 2717 977 sese
2746 922 2990 977 exhibuit
3013 920 3078 976 “.
3114 922 3328 979 Etenim
3360 926 3426 981 iis
3449 927 3543 996 qui

1970 1009 2203 1065 vinculis
2255 1010 2325 1065 ibi
2361 1009 2642 1065 constricti
2681 1011 3068 1067 detinebantur
3100 1032 3112 1068 :
3151 1030 3169 1065 t
3203 1014 3379 1079 Exite,
3419 1016 3496 1069 ait
3526 1032 3540 1069 :

1973 1102 2039 1157 iis
2062 1117 2188 1158 vero
2225 1101 2316 1171 qui
2357 1101 2597 1158 tenebris
2617 1102 3036 1172 operiebantur:
3061 1104 3395 1162 Revelamini
3422 1109 3489 1160 ⁸⁸.
3518 1127 3536 1160 ι

1969 1194 2146 1265 Atque
2199 1195 2304 1249 huc
2357 1193 2488 1248 tnihi
2541 1206 2768 1265 magnus
2841 1195 2930 1250 ille
2983 1195 3176 1252 Petrus
3226 1200 3544 1270 respexisse

1971 1285 2202 1350 videtur,
2240 1298 2362 1338 cum
2391 1284 2458 1338 de
2494 1281 2590 1338 Dei
2624 1282 2822 1349 Verbo,
2859 1282 3208 1356 ejusdemque
3242 1288 3541 1343 secundum

1972 1376 2424 1446 dispensatoriam
2477 1375 2731 1431 unionem
2782 1376 2983 1442 anima,
3042 1379 3185 1432 hunc
3220 1380 3271 1433 in
3323 1380 3542 1436 modum

1972 1467 2329 1524 concionatur
2361 1485 2374 1520 :
2410 1485 2428 1519 ι
2459 1465 2650 1523 Melius
2695 1479 2776 1522 est
2825 1469 2970 1522 enim
3026 1469 3431 1528 benefacientes
3476 1473 3542 1543 (si

1970 1561 2219 1615 voluntas
2253 1557 2346 1613 Dei
2383 1557 2533 1629 velit)
2570 1559 2702 1628 pati,
2735 1574 2895 1629 quam
2928 1561 3335 1619 malefacientes
3367 1581 3381 1617 :
3414 1566 3542 1634 quia

1971 1661 2026 1707 et
2053 1650 2306 1706 Christus
2339 1650 2503 1705 semel
2542 1665 2639 1720 pro
2668 1653 2905 1720 peccatis
2938 1655 3138 1709 nostris
3168 1663 3414 1712 mortuus
3436 1667 3540 1725 est,

304 1754 402 1823 μὲν
452 1751 651 1824 σαρκὶ,
686 1728 1057 1819 -ξωοποιηθεὶς
1101 1728 1170 1802 δὲ’
1204 1747 1282 1818 τῷ
1327 1745 1631 1816 πνεύματιο
1697 1747 1756 1798 ὲν
1801 1737 1865 1813 ᾧ,

1977 1744 2144 1812 iustus
2186 1757 2284 1813 pro
2309 1741 2547 1813 iniustis,
2576 1742 2684 1812 20
2711 1750 2784 1810 ut.
2815 1758 2914 1798 nos
2945 1742 3164 1800 offerret
3193 1747 3301 1802 Deo
3328 1762 3342 1813 ;
3393 1763 3543 1804 mor-

302 1844 453 1914 tpqsi,
510 1841 605 1896 καὶ
665 1842 776 1905 τοῖς
839 1842 896 1894 ὲν
967 1840 1181 1910 φυλακῇ
1247 1837 1520 1909 πνεύμασι
1582 1835 1867 1906 πορευθεὶς

300 1915 927 2006 ἐκήρῦξεν,άπειθήσασί
951 1948 1102 1984 ποτε.
1132 1949 1150 1983 ι
1182 1930 1316 1984 Οὐδὲ
1341 1929 1471 2000 γάρ,
1502 1924 1678 1998 οἶμαι,
1712 1929 1867 1996 φαῖεν

302 2022 388 2087 ἂν,
431 2022 502 2085 ὡς
549 2019 729 2091 γυμνὴ
758 2021 852 2073 καὶ
882 2019 1001 2073 καθ’
1042 2017 1241 2091 ἑαυτὴν
1283 2019 1317 2089 ἡ
1349 2019 1539 2089 θεότης
1567 2017 1659 2071 τοῦ
1691 2019 1866 2071 Μονο-

300 2109 489 2178 γενοῦς
528 2109 969 2179 καταπεφοίτηκε
1017 2108 1116 2179 μὲν
1151 2109 1230 2171 είς
1277 2107 1428 2179 ᾇδου,
1485 2105 1770 2179 διεκήρυξε
1809 2103 1865 2159 δὲ

298 2202 408 2263 τοῖς
453 2201 630 2253 ἐκεῖσε
658 2200 981 2270 ’πνεύμασιν
1015 2240 1030 2264 ,
1082 2200 1324 2264 ἄποπτος
1372 2196 1505 2254 οῦσα
1549 2198 1860 2261 παντελῶςυ

300 2293 539 2361 κρεῖττον
568 2291 675 2362 γὰρ
704 2291 789 2344 ἀεὶ
826 2291 919 2343 τοῦ
946 2292 1176 2362 ὁρᾶσθαι
1202 2292 1264 2344 τὸ
1305 2291 1479 2345 Θείον.
1518 2291 1659 2343 Ἀλλ’
1686 2290 1745 2343 οῦ
1779 2289 1863 2341 δο-

299 2382 456 2450 κήσει
484 2382 577 2434 καὶ
600 2381 1082 2451 ὲσχηματισμένως
1125 2382 1205 2444 είς
1236 2382 1297 2435 τὸ
1323 2380 1502 2452 ψυχῆς
1534 2376 1669 2445 εἶδος
1696 2380 1864 2450 αὐτὴν

302 2470 696 2544 μεμορφῶσθαι
743 2470 1019 2542 διὶκϊοξιιεν⁹
1072 2473 1438 2542 παραιτητέον
1472 2471 1579 2541 γάρ
1618 2471 1867 2540 πανταχῇ

299 2564 396 2633 τὴν
424 2563 664 2632 δόκησιν.
684 2562 822 2615 Ἀλλ’
851 2562 1038 2634 ὥσπερ
1069 2566 1182 2626 τοῖς
1204 2564 1296 2616 ἐπὶ
1323 2563 1428 2633 γῆς
1453 2563 1864 2632 συνανεστράιρη

305 2656 443 2726 μετὰ
471 2657 691 2726 σαρκὸς,
727 2654 866 2709 οὕτω
912 2656 1005 2708 καὶ
1051 2658 1173 2719 ταῖς
1204 2658 1282 2719 είς
1312 2655 1437 2726 ᾅδου
1467 2655 1664 2726 ψυχαῖς
1690 2653 1869 2723 διεκή-

306 2747 483 2818 ρυξεν,
535 2748 664 2802 [διον
720 2746 858 2817 ἔχων
916 2747 1164 2816 φόρημα,
1217 2747 1315 2816 τὴν
1372 2745 1663 2799 ἐνωθεῖσαν
1717 2744 1865 2813 αὑτῷ

306 2842 505 2910 ψυχήνι

304 2932 588 2999 degebant,
642 2938 885 2986 versatus
931 2939 1012 2985 est
1043 2931 1096 2985 in
1146 2943 1418 2998 corpore;
1453 2929 1526 2984 ita
1594 2929 1895 3000 apiritibus,

1969 1835 2205 1890 titieatus
2267 1834 2482 1903 quidem
2554 1847 2756 1897 carne,
2824 1832 3128 1890 viviﬁcatus
3196 1848 3373 1892 autem
3432 1841 3544 1909 spi-

1968 1927 2072 1981 ritu
2090 1926 2156 1991 ⁸⁸,
2218 1925 2271 1979 in
2322 1939 2429 1993 quo
2472 1933 2525 1979 et
2572 1924 2656 1979 his
2690 1925 2780 1994 qui
2821 1926 2873 1979 in
2922 1940 3144 1983 carcere
3193 1940 3352 1984 erant
3380 1931 3544 2001 spiri-

1969 2017 2109 2073 tibus
2160 2017 2385 2072 veniens
2436 2015 2788 2084 praedicavit,
2843 2017 2936 2086 qui
3010 2019 3271 2076 increduli
3328 2020 3546 2079 fuerant

1965 2106 2275 2176 aliquando.
2290 2122 2309 2155 ›
2338 2102 2450 2159 Nec
2471 2116 2600 2159 vero
2619 2105 2801 2160 dicent
2827 2106 3164 2162 divinitatem
3185 2125 3278 2178 per
3298 2126 3356 2167 se
3375 2111 3544 2167 solam

1973 2196 2040 2252 ad
2078 2196 2282 2251 inferos
2324 2197 2693 2262 descendisse,
2737 2196 3127 2269 apiritibusque
3172 2201 3371 2258 ibidem
3415 2218 3546 2259 con-

1971 2288 2139 2343 clusis
2186 2287 2543 2357 praadicasse;
2594 2303 2716 2343 cum
2772 2288 2887 2357 ipsa
2940 2290 3161 2346 omnino
3207 2294 3309 2348 sub
3361 2297 3546 2353 oculos

1974 2395 2080 2434 non
2109 2379 2299 2443 cadat,
2345 2377 2799 2449 prtestantiorque
2855 2379 2946 2446 sit,
2992 2395 3157 2450 quam
3216 2392 3276 2438 ut
3319 2387 3386 2441 ab
3435 2387 3544 2443 ullo

1973 2469 2120 2524 cerni
2158 2477 2345 2539 queat.
2379 2468 2486 2523 Nec
2515 2468 2678 2522 etiam
2718 2470 3121 2525 concedendum
3157 2482 3241 2529 est
3286 2474 3454 2544 ipsam
3490 2479 3542 2532 in

1975 2569 2320 2629 apparentem
2369 2561 2563 2613 animae
2612 2560 2846 2632 speciem
2889 2563 3327 2620 transformatam
3375 2582 3544 2623 esse:

1972 2651 2240 2720 siquidem
2295 2659 2533 2704 externa:
2584 2649 2740 2705 istius
2791 2654 3118 2719 apparentia:
3178 2665 3544 2712 commentum

1975 2743 2200 2802 omnino
2236 2741 2506 2811 repudiari
2558 2741 2733 2795 debet.
2782 2741 2888 2796 Sed
2925 2744 3375 2811 quemadmodum
3418 2746 3548 2802 Uni;

1973 2838 2187 2907 genitus
2237 2850 2363 2890 cum
2421 2834 2522 2898 iis,
2569 2834 2658 2902 qui
2709 2833 2767 2888 in
2837 2836 3157 2904 corporibus
3203 2839 3316 2893 suis
3365 2840 3546 2894 adhuc

1970 2929 2063 2997 qui
2117 2926 2257 2997 apud
2307 2924 2509 2979 inferos
2564 2923 2915 2991 tenebantur,
2975 2926 3210 2983 animam
3258 2941 3439 2986 mente
3491 2942 3547 2987 et

305 3025 516 3077 ratione
554 3023 834 3090 prmditam
873 3021 973 3077 sibi
1006 3020 1349 3091 conjunctam
1388 3021 1614 3085 habens,
1651 3021 2009 3075 concionatus
2051 3027 2155 3074 est.

376 3116 501 3168 ΚΡ.
540 3115 650 3168 Καὶ
688 3113 854 3182 βαθὺς
884 3115 983 3185 μὲν
1016 3114 1144 3178 ἴσως
1174 3113 1271 3166 καὶ
1299 3113 1607 3186 ἀπόρρητος
1660 3113 1871 3184 ἀληθῶς

2047 3111 2234 3166 XXIII.
2278 3111 2373 3166 Est
2421 3120 2553 3167 sane
2585 3110 2982 3169 incarnationis
3027 3115 3216 3170 modus
3261 3118 3544 3176 admodum

304 3209 397 3260 καὶ
436 3210 558 3270 ταῖς
603 3207 899 3277 ἡμετέραις
947 3205 1209 3269 διανοίαις
1251 3204 1351 3275 οὐχ
1395 3205 1667 3276 ἁλώσιμος
1705 3207 1733 3259 ὁ
1772 3204 1871 3274 τῆς

302 3299 764 3369 ὲνανθρωπήσεως
792 3296 1011 3368 τρόπος.
1057 3297 1266 3350 Ἐκεῖνο
1295 3297 1339 3350 δ’
1372 3291 1465 3350 οῦν
1497 3297 1644 3368 ὅμως
1677 3297 1867 3350 ἀναλο-

302 3388 549 3458 γίζεσθαι
596 3385 827 3457 πρέπει·
874 3387 943 3440 τὰ
985 3386 1094 3456 γάρ
1121 3403 1205 3439 τοι
1257 3384 1330 3456 μὴ
1373 3384 1496 3438 καθ’
1529 3387 1677 3456 ἡμᾶς
1714 3386 1874 3438 πολυ-

304 3481 663 3550 πραγμονεῖν,
698 3478 799 3529 οὐκ
827 3477 1062 3546 ἀζήμιον
1083 3493 1099 3508 ο
1152 3478 1479 3531 ἀνούστατον
1515 3477 1571 3531 δὲ
1597 3476 1875 3541 παντελῶς

304 3574 365 3625 τὸ
401 3570 652 3640 βασάνοις
693 3569 987 3637 ὑποφέρειν
1011 3568 1079 3620 τά
1111 3569 1251 3638 ὑπὲρ
1277 3568 1425 3632 νοῦν,
1462 3569 1554 3621 καὶ
1584 3568 1876 3638 πειρᾶσθαι

306 3664 446 3715 νοεῖν
485 3659 520 3712 ἃ
571 3660 669 3729 οὐχ
694 3654 909 3712 οἷόντε.
941 3661 1013 3712 Ἤ
1040 3661 1138 3713 οὐκ
1178 3657 1356 3726 οἶσθα,
1402 3662 1483 3715 ὅτι
1527 3664 1590 3712 τὸ
1640 3660 1772 3729 βαθὺ
1814 3660 1876 3731 δὴ

308 3750 467 3805 τοῦτο
500 3751 817 3819 μυστήριον,
851 3749 944 3801 καὶ⁸
969 3748 1092 3802 νοῦν
1120 3750 1388 3822 ὑπερέχον
1418 3750 1507 3804 τδν
1537 3750 1594 3803 ὲν
1624 3750 1780 3819 ἡμῖν,
1810 3752 1876 3821 τῇ

307 3841 466 3914 ¹ἡμῶν
491 3841 912 3910 άπεριεργάστῳ
940 3841 1119 3893 πίστει
1175 3842 1496 3913 τετίμηται;
1526 3843 1598 3895 Τὸ
1623 3844 1679 3896 δὲ
1712 3845 1878 3897 ἀσυν-

307 3938 445 4000 έτως
483 3937 693 4005 λέγειν,
744 3956 761 3987 ι
795 3935 915 3999 Πῶς
941 3935 1157 3988 δύναται
1187 3933 1356 3988 ταῦτα
1398 3933 1684 4002 γενέσθαις
1723 3952 1741 3984 ι
1779 3934 1878 3987 Νι-

312 4030 538 4098 κοδήμῳ
557 4044 616 4079 τε
641 4027 835 4096 ἐκείνῳ
879 4026 971 4079 καὶ
1003 4028 1115 4089 τοῖς
1142 4028 1264 4079 κατ’
1299 4026 1462 4078 αὐτὸν
1487 4026 1877 4098 ἀπονέμονὶες,

310 4118 700 4178 ἁνενδοιάστως
734 4113 1165 4186 παραδεξώμεθα
1197 4115 1266 4168 τὰ
1289 4115 1376 4168 διὰ
1396 4114 1488 4168 τοῦ
1530 4115 1675 4169 θείου
1710 4090 1880 4170 [b.56-

317 4223 485 4279 ματος
532 4203 1023 4275 χρησμῳδούμενα,
1064 4206 1156 4257 καὶ
1208 4203 1355 4273 αὐτῷ
1392 4204 1450 4256 δὲ
1500 4204 1878 4274 πιστεύσωμεν

312 4300 521 4366 λέγοντι
559 4294 774 4366 Χριστῷ
797 4311 809 4321 ’
849 4313 867 4345 ι
907 4294 1097 4364 Ἀμὴν,
1130 4294 1275 4366 ἀμὴν
1298 4294 1441 4363 λέγω
1491 4296 1638 4366 ὑμῖν,
1665 4295 1699 4349 ἆ
1732 4296 1871 4348 οἴδα-

314 4408 434 4461 μεν,
489 4388 775 4458 λαλοῦμεν,
826 4387 920 4440 καλ⁵
962 4386 996 4439 ἃ
1031 4388 1374 4458 ἑωράκαμεν,
1416 4388 1818 4459 μαρτυροῦμεν.
1856 4407 1872 4437 ι

1979 3204 2214 3268 subtilis,
2256 3218 2489 3272 vereque
2529 3204 2964 3274 inexplicabilis;
3016 3207 3137 3261 talis
3171 3208 3406 3279 domum,
3450 3214 3545 3282 qui

1979 3296 2325 3365 cogitationis
2366 3294 2665 3366 captusque
2693 3298 2868 3353 nostri
2899 3300 3176 3369 angustias
3205 3302 3390 3375 multis
3426 3318 3551 3373 par-

1978 3389 2123 3443 tibus
2163 3386 2410 3443 excedat.
2444 3387 2786 3458 Quapropter
2821 3391 2957 3445 illud
3006 3392 3198 3447 iterum
3246 3382 3551 3467 iterumque
3645 3403 3651 3409 '

1980 3479 2285 3548 expendere
2339 3493 2435 3533 nos
2480 3481 2689 3534 decet:
2732 3496 2958 3550 nempe,
3014 3493 3073 3537 ut
3128 3487 3371 3553 periequ
3444 3503 3551 3543 non

1982 3580 2139 3625 vacat
2182 3570 2453 3626 curiosius
2493 3571 2545 3625 in
2584 3586 2646 3626 ea
2680 3572 2973 3641 inquirere,
3012 3589 3132 3644 qua:
3164 3577 3397 3635 humana
3442 3596 3551 3637 non

1982 3673 2104 3717 sunt
2132 3679 2143 3714 :
2174 3662 2245 3716 ita
2289 3670 2545 3716 extremae
2579 3663 2863 3718 dementize
2896 3665 3064 3719 videri
3105 3683 3167 3722 ea
3202 3685 3322 3739 quae
3354 3672 3551 3727 mentis

1983 3763 2183 3809 nostrae
2234 3755 2404 3808 aciem
2450 3754 2758 3820 excedunt,
2808 3756 3030 3810 humani
3073 3759 3261 3828 judicii
3323 3764 3548 3818 trutina:

1984 3848 2249 3916 subjicere
2290 3839 2510 3899 moliri:
2543 3845 2625 3898 vel
2673 3846 2739 3900 ad
2785 3860 2971 3900 eorum
3026 3862 3239 3904 rursum
3288 3853 3561 3923 cognitio:

1983 3954 2105 3994 nem
2161 3938 2319 4000 eniti,
2377 3951 2496 4005 qua:
2547 3934 2695 3991 nullo
2746 3946 2906 4004 pacto
2955 3946 3141 3993 nostra
3196 3940 3550 4011 intelligentia

1984 4026 2367 4098 comprehendi
2418 4034 2661 4095 possunt.
2705 4025 2893 4081 Nescis
2923 4028 3242 4096 profundum
3289 4032 3390 4086 hoc
3438 4048 3554 4103 my-

1984 4120 2234 4184 sterium,
2265 4118 2523 4186 omnique
2557 4119 2794 4174 humano
2816 4132 2979 4174 sensu
3014 4120 3319 4183 sublimius.
3350 4122 3454 4178 (ide
3484 4126 3554 4179 ab

1984 4211 2127 4264 omni
2185 4211 2397 4265 curiosa
2451 4208 2702 4276 indagine
2744 4209 2918 4265 aliena
2971 4211 3227 4266 honorari
3279 4229 3307 4267 a
3358 4208 3559 4270 nobis?

1984 4301 2344 4367 Quamobrem
2379 4299 2594 4354 stultam
2625 4299 2767 4354 illam
2799 4302 3147 4369 quaestionem
3176 4319 3191 4359 :
3228 4322 3247 4355 (
3276 4303 3554 4370 Quomodo

1985 4401 2209 4461 possunt
2252 4393 2364 4447 haec
2400 4390 2624 4447 ﬁerid"?
2655 4412 2673 4444 ι
2718 4391 3009 4447 Nicodemo
3036 4394 3259 4463 ejusque
3290 4395 3556 4450 similibus

310 4482 552 4553 υίχέσθω
580 4481 642 4550 δὴ
678 4474 770 4534 οῦν
799 4479 963 4550 λῆρος
996 4478 1095 4549 μὲν
1125 4477 1289 4546 ἄπας,
1340 4479 1506 4550 μῦθός
1536 4496 1594 4532 τε
1621 4478 1871 4548 ἀδρανὴς·1

1990 4482 2393 4551 relinquentes,
2449 4481 2581 4535 citra
2646 4476 2808 4535 ullam
2869 4482 3261 4538 hazsitationem
3322 4485 3555 4554 Spiritus

308 4577 403 4628 καὶ
444 4572 783 4642 ψευδοδοξία,
819 4572 911 4624 καὶ
946 4570 1402 4642 κεκομψευμένων
1448 4571 1749 4642 ρημάτωνιι
1797 4587 1885 4637 cpe—

309 4665 604 4735 νακισμός·
658 4663 995 4734 προσιέμεθα
1039 4661 1156 4715 οὔτι
1209 4680 1310 4715 που
1363 4662 1422 4715 τὸ
1495 4660 1881 4715 κατασίνεσθαι

309 4758 555 4827 πεφυκὸς
580 4795 592 4819 ,
625 4756 727 4809 κᾶν
766 4757 814 4807 εἰ
848 4759 957 4817 τοῖς
992 4755 1130 4823 ἄγαν
1172 4754 1588 4824 ὲξησκημένοις.
1641 4754 1735 4805 καὶ
1779 4753 1883 4823 μὴν

309 4854 403 4903 καί
434 4850 650 4917 πικροῖς
679 4849 827 4916 ἡμᾶς
855 4850 1240 4918 κατακροτοῖεν
1282 4858 1307 4885 '
1340 4847 1519 4914 λόγοις
1548 4847 1595 4897 οἱ
1637 4844 1705 4898 δι’
1730 4847 1879 4896 ἐναν-

307 4942 446 5003 τίας.
485 4942 640 4991 Ἔστι
672 4939 780 5007 γὰρ
825 4938 884 4991 τὺ
927 4938 1069 4991 θεῖον
1118 4939 1277 5008 ἡμῶν
1327 4938 1627 5010 μυστήριον
1677 4935 1777 4987 οῦκ
1822 4935 1880 4986 ἐν

310 5032 516 5092 πειθοίς
544 5030 732 5099 σοφίας
761 5029 1107 5101 ἀνθρωπίνης
1136 5030 1337 5097 λόγοις,
1372 5028 1486 5082 ἁλλ’
1516 5030 1573 5079 ἐν
1604 5024 1881 5087 ἀποδείξει

310 5123 649 5192 Πνεῦματος.

1983 4574 2157 4629 sancti
2192 4573 2407 4628 oracula
2450 4572 2829 4641 suscipiamus,
2872 4573 3081 4642 ipsique
3121 4575 3339 4632 Christo
3382 4577 3446 4632 de
3496 4590 3555 4631 se

1983 4665 2222 4733 loquenti
2275 4664 2433 4718 ﬁdem
2486 4664 2824 4719 habeamus:
2858 4683 2876 4715 ι
2909 4664 3101 4733 Amen,
3154 4666 3349 4737 inquit,
3397 4678 3552 4724 amen

1983 4756 2103 4809 dico
2143 4753 2319 4818 vobis,
2377 4754 2501 4823 quia
2554 4768 2672 4822 qua:
2706 4753 2927 4819 scimus,
2978 4754 3283 4823 loquimur;
3352 4765 3406 4811 et
3438 4773 3556 4827 qua:

1985 4847 2235 4910 vidimus,
2264 4842 2602 4900 testamur“.
2637 4864 2654 4897 ι
2693 4843 2916 4899 Valeant
2948 4846 3111 4916 igitur
3139 4848 3352 4915 deliria,
3385 4848 3559 4905 faces-

1990 4948 2112 4991 saut
2143 4943 2330 4989 carnes
2363 4934 2589 4990 infirma:
2621 4937 2684 4989 ad
2718 4938 3148 5004 persuadendum
3192 4939 3404 5002 fabulae,
3440 4940 3556 5007 cpi-

1993 5028 2287 5093 niunesque
2321 5024 2488 5090 I‘alsm,
2522 5040 2584 5078 ac
2614 5024 3013 5094 pbaleratarum
3044 5029 3352 5082 vocularum
3389 5028 3561 5095 impo-

1997 5126 2159 5169 stura:
2186 5133 2200 5169 :
2229 5115 2358 5168 nihil
2389 5116 2529 5168 enim
2573 5116 2714 5183 quod
2749 5116 3129 5171 detrimentum
3162 5115 3360 5170 aIi'erre
3402 5116 3560 5178 solrt,

310 5214 673 5279 :nImittimus;
714 5213 927 5267 etiamsi
991 5212 1284 5266 adversarii
1346 5210 1817 5266 exercitatissimis
1880 5208 2272 5275 acer-rimisque
2326 5207 2627 5262 rationibus
2688 5220 2785 5263 nos
2848 5210 3199 5276 pulsaverint.
3262 5207 3354 5263 Est
3416 5208 3558 5264 enim

384 5370 427 5397 σε
471 5368 483 5418 |
520 5369 662 5421 Petr.
695 5382 774 5431 IlI,
810 5366 891 5419 19.
971 5367 1015 5395 ⁸⁵
1056 5365 1160 5419 lsa.
1194 5380 1338 5429 ηυξ,
1370 5365 1423 5419 9.
1505 5364 1549 5395 °°
1589 5363 1605 5416 I
1638 5365 1781 5418 Pctr.
1818 5379 1871 5417 ιιι

1977 5362 2147 5449 λιεςἶ
2225 5363 2266 5393 ετ
2308 5363 2462 5417 Joan.
2498 5379 2581 5428 ιιι,
2616 5364 2668 5418 9.
2749 5364 2792 5395 σε
2834 5362 2961 5417 una.
2996 5363 3081 5416 ιι.

1405 5517 1577 5573 Variae
1610 5516 1866 5572 lectiones
1898 5517 2101 5574 codicis
2127 5518 2485 5588 Seguciriani.

394 5670 413 5696 τ
448 5659 503 5708 οὐ
535 5656 854 5722 παράδοξον.
933 5664 954 5691 ⁸
984 5656 1347 5727 ἀθαύμαστον.
1433 5659 1446 5693 ί
1480 5658 1843 5726 οἰκονομικήν.
1922 5667 1944 5693 υ
1980 5658 2279 5727 ῥηματίων.
2357 5668 2384 5697 ν
2417 5660 2684 5729 κρατοῖεν.
