3970 6136
493 224 636 280 4167

1455 214 1513 271 s.
1553 203 1833 272 CYRILLI
1873 178 2343 269 ALEXANDRINI
2379 202 2702 266 Αιιειιιερ.

3604 202 3751 270 1168

498 333 734 388 divinum
758 330 859 387 hoc
890 337 1133 387 nostrum
1168 335 1589 395 sacramentum,
1622 343 1731 384 non
1768 326 1820 381 in
1882 322 2330 395 persuasibilibus
2391 323 2645 378 humanm
2715 319 2997 392 sapientiae
3019 323 3202 380 verbis
3235 342 3249 380 :
3281 326 3379 382 sed
3419 325 3474 382 in
3514 325 3751 398 Spiritus

494 424 808 480 ostensione
845 424 1079 493 positum
1100 421 1169 477 ⁸⁸.
1199 441 1218 475 ι

564 515 756 570 XXIV.
801 514 1118 585 Unigenitus
1148 515 1330 586 igitur,
1361 514 1454 584 qui
1478 523 1531 569 et
1564 513 1729 579 Deus,
1756 520 1813 567 et
1844 511 2058 566 univer«

2239 510 2362 564 ΚΝ.
2403 510 2537 576 Θεὸς
2578 503 2672 563 οῦν
2707 508 2991 581 ύπάρχων,
3034 508 3130 595 καὶ
3184 508 3295 563 τῶν
3335 509 3473 563 ὅλων
3520 511 3747 593 Κύριος,

497 622 677 662 sorum
733 602 1029 662 secundum
1078 606 1392 676 Scripturas
1435 605 1697 661 Dominus
1749 613 1865 671 est,
1912 604 2068 661 nobis

496 699 746 769 apparuit
780 716 793 752 :
826 697 974 753 visus
1003 707 1088 753 est
1123 698 1176 752 in
1213 707 1357 752 terra
1381 697 1452 764 '°,
1480 706 1535 751 et
1563 697 1725 754 homo
1748 695 1945 764 factus,
1978 696 2064 752 his

494 789 583 857 qui
627 791 680 843 in
724 789 963 844 tenebris
1007 788 1384 853 versabantur,
1436 786 1630 853 illuxit,
1689 802 1798 842 non
1839 786 2070 856 phanta-

493 887 685 944 smate,
727 885 820 932 aut
866 888 1094 934 externo
1130 888 1343 933 tantum
1394 879 1701 944 schemate,
1739 879 1912 934 absit!
1963 879 2068 934 hoc

488 971 633 1024 enim
665 970 887 1035 sentire,
917 979 1010 1023 aut
1035 969 1237 1035 dicere,
1266 979 1346 1024 est
1375 979 1562 1039 aperte
1596 970 1858 1025 insanire.
1883 968 2068 1038 Neque

492 1074 708 1114 rursum
747 1073 844 1130 per
875 1059 957 1114 sui
1005 1058 1378 1124 mutationem,
1419 1067 1510 1113 aut
1537 1060 1966 1125 conversionem,
2011 1060 2064 1114 in

493 1166 714 1206 carnem
760 1149 1183 1205 transformatus
1213 1150 1316 1220 21
1350 1159 1433 1204 est
1463 1168 1476 1204 :
1507 1149 1602 1204 Dei
1653 1151 1797 1205 enim
1827 1150 2064 1205 Verbum

492 1241 671 1297 omnis
720 1241 1035 1295 mutationis
1084 1254 1299 1310 expers,
1348 1256 1455 1295 uno
1505 1241 2067 1311 semper-eodemque

491 1332 655 1386 modo
701 1345 761 1386 se
799 1331 985 1386 habet.
1029 1330 1215 1400 Neque
1261 1344 1499 1384 comvam
1551 1345 1674 1384 cum
1723 1345 1887 1385 carne
1934 1331 2064 1387 sub-

494 1423 752 1478 stantiam
779 1421 1003 1476 sortitus
1024 1429 1109 1477 est
1135 1438 1149 1474 :
1181 1421 1293 1490 ipse
1322 1436 1554 1489 namque
1594 1421 1914 1477 saeculorum
1944 1436 2067 1478 con-

491 1513 634 1568 ditor
670 1521 777 1568 est.
817 1510 1005 1583 Neque
1045 1512 1399 1582 hypostaseos
1425 1527 1634 1575 exsors,
1667 1520 1724 1567 ut
1757 1528 1939 1567 sermo
1967 1523 2068 1567 aut

490 1607 690 1660 nudum
719 1612 926 1659 tantum
962 1604 1301 1672 simplexque
1332 1604 1576 1668 verbum,
1602 1604 1745 1673 quod
1772 1603 1824 1657 in
1842 1603 2067 1658 homine

491 1699 813 1754 inhabitavit
843 1717 857 1752 :
889 1712 1012 1751 nam
1044 1697 1132 1766 qui
1182 1711 1243 1752 ea
1286 1710 1405 1765 qua:
1451 1712 1555 1749 non
1592 1705 1739 1761 sunt,
1779 1705 1969 1751 evocat
2009 1704 2069 1749 ut

491 1791 603 1846 sint
649 1800 704 1844 et
745 1789 1033 1852 exsistant,
1092 1788 1138 1841 is
1186 1788 1494 1842 necessario
1540 1788 1867 1856 praaexsistit
1898 1806 1913 1844 :
1949 1788 2067 1859 ipse

2170 603 2311 656 κατὰ
2353 603 2452 667 τὰς
2490 600 2749 673 Γραφὰς,
2795 602 2824 654 ὁ
2861 600 3209 674 Μονογενὴς,
3269 601 3541 671 ὲπέφανεν
3579 605 3751 673 ἡμῖν’

2168 689 2324 762 ὤφθη
2370 691 2479 764 γὰρ
2523 691 2618 744 ἐπὶ
2658 690 2797 761 γῆς,
2838 690 2934 743 καὶ
2966 690 3249 762 ἐπέλαμψε
3291 693 3407 756 τοῖς
3451 694 3510 746 ὲν
3547 694 3748 755 σκότει.

2169 782 2457 852 γενόμενος
2478 781 2765 854 ἄνθρωπος
2785 821 2802 847 ,
2827 782 2889 835 οὐ
2920 781 3137 852 δοκήσει
3159 821 3174 848 ,
3207 781 3281 854 μὴ
3304 780 3550 852 γένοιτοε
3587 784 3751 853 μανία

2169 871 2278 944 γὰρ
2307 872 2465 926 τοῦτό
2497 889 2561 942 γε
2590 874 2830 943 φρονεῖν,
2854 872 2889 943 ἢ
2917 871 3098 942 λέγειν
3122 889 3137 902 ⁸
3166 873 3290 926 οὔτε
3321 872 3429 945 μὴν
3459 876 3541 939 εἰς
3574 876 3751 947 σάρκα

2170 963 2525 1035 παρενεχθεὶς
2550 962 2694 1017 κατά
2735 963 3090 1033 μετάστασιν,
3124 963 3159 1034 ἢ
3186 965 3428 1035 τροπήν·
3452 964 3747 1019 ἀναλλοίω-

2169 1075 2261 1121 τος
2293 1057 2401 1129 γάρ
2443 1058 2532 1112 ἀεὶ
2565 1056 2707 1111 κατὰ
2733 1057 2794 1111 τὸ
2832 1057 2964 1111 αὐτὸ
3010 1056 3106 1110 καί
3149 1057 3411 1121 ὡσαύτως
3454 1057 3599 1128 ἔχων
3632 1060 3663 1111 ό
3686 1052 3752 1111 ἔτι

2168 1150 2304 1205 Θεοῦ
2333 1151 2525 1220 Λόγος.
2569 1149 2710 1203 Ἀλλ’
2740 1148 2863 1204 οὐδὲ
2891 1150 3189 1221 ὁμόχρονον
3212 1153 3279 1222 τῇ
3314 1151 3481 1222 σαρκὶ
3505 1151 3609 1222 τὴν
3647 1151 3750 1205 ὓπ-

2169 1239 2326 1315 αρξιν
2354 1240 2493 1311 ἔχων
2518 1255 2530 1269 ·
2566 1240 2729 1304 αὐτὸς
2769 1241 2868 1313 γάρ
2894 1243 3011 1295 ἐστι
3043 1241 3152 1294 τῶν
3182 1240 3395 1294 αἰώνων
3428 1243 3458 1295 ὁ
3485 1242 3748 1315 Ποιητής.

2170 1332 2309 1386 Οὔτε
2337 1333 2443 1402 μὴν
2468 1331 2544 1395 ὡς
2567 1330 2724 1397 λόγος
2753 1330 3148 1397 ἀνυπόστατος,
3177 1331 3296 1385 οὐδὲ
3316 1332 3395 1395 ὡς
3418 1333 3581 1404 ῥῆμα
3598 1335 3750 1404 ψιλὸν

2170 1425 2228 1478 ἐν
2263 1421 2538 1494 ἀνθρώπῳ
2563 1420 2785 1490 γεγονός
2801 1429 2828 1457 ι
2851 1439 2863 1451 ·
2890 1422 2918 1474 ὁ
2951 1421 3060 1493 γάρ
3089 1439 3171 1474 τοι
3196 1420 3376 1475 καλῶν
3400 1422 3473 1476 τά
3496 1424 3602 1476 οὐκ
3624 1423 3747 1478 ὄντα

2172 1514 2302 1567 ποτὲ
2379 1513 2517 1585 πρὸς
2572 1511 2807 1584 ὕπαρξιν
2872 1511 2969 1566 καὶ
3025 1513 3274 1582 γένεσιν,
3330 1516 3746 1587 προῦφέστηκεν

2169 1605 2518 1674 ἀναγκαίωςο
2568 1597 2733 1667 αὐτὸς
2775 1603 2884 1676 γάρ
2914 1604 3062 1656 ἐστιν
3112 1605 3146 1675 ἡ
3192 1603 3344 1673 ζωὴ,
3379 1606 3643 1674 πεφηνὼς
3688 1609 3746 1660 ἐκ

2171 1698 2316 1768 ζωῆς
2352 1695 2447 1750 τοῦ
2479 1694 2615 1750 Θεοῦ
2650 1694 2745 1749 καὶ
2775 1694 2990 1765 Πατρὶς
3010 1733 3026 1759 ,
3056 1694 3210 1759 ὄντος
3234 1712 3294 1748 τε
3322 1695 3417 1748 καὶ
3456 1697 3747 1766 νοουμένου

2172 1789 2291 1841 κατ’
2338 1787 2471 1842 ἰδὶαν
2519 1787 2836 1840 ὑπόστασιν.
2876 1785 3018 1839 Ἀλλ’
3056 1786 3177 1839 οὐδὲ
3213 1787 3385 1858 μόνην
3433 1787 3749 1859 ἠμπέσχετο

488 1876 636 1937 enim
688 1889 771 1936 est
816 1880 921 1934 vita
956 1893 1023 1933 ex
1072 1877 1180 1931 vita
1238 1879 1349 1932 Deo
1392 1875 1558 1932 Patre
1605 1881 1927 1947 procedens,
1970 1858 2058 1950 qui

2173 1878 2350 1950 σάρκα
2378 1878 2555 1950 ψυχῆς
2586 1878 2800 1949 ἐρήμην
2837 1876 2940 1946 τῆς
2982 1876 3238 1947 λογικῆςο
3279 1878 3613 1949 γεγέννηται

493 1968 710 2043 quidem
759 1970 1055 2026 secundum
1097 1970 1370 2040 propriam
1419 1970 1730 2038 hypostasin
1781 1978 1838 2024 et
1881 1978 1966 2025 est
2008 1982 2063 2026 et

491 2062 829 2132 intelligitur.
866 2059 972 2114 Sed
1009 2075 1183 2129 neque
1220 2075 1438 2114 carnem
1471 2073 1707 2128 quoque,
1731 2075 1851 2129 qua:
1880 2060 2060 2114 anima

490 2153 700 2208 ratione
734 2154 956 2223 prmdita
996 2161 1233 2216 vacaret,
1266 2151 1439 2205 induit
1467 2151 1939 2220 :quandoquidem
1980 2152 2061 2206 vi-

487 2257 610 2297 vum
651 2242 781 2297 illud
825 2242 1257 2311 subsistensque,
1304 2256 1368 2296 ac
1399 2241 1507 2297 Deo
1531 2239 1681 2295 Patri
1724 2250 2053 2296 coaeternum

484 2333 626 2390 Deus
650 2332 887 2389 Verbum
919 2334 1104 2388 servili
1148 2333 1320 2387 forma
1350 2342 1623 2404 suscepta,
1671 2346 1801 2387 vere
1832 2348 1898 2387 ex
1924 2342 2062 2385 ‘tnu-

484 2426 616 2481 liere
664 2434 871 2492 natum,
917 2434 971 2480 et
1005 2425 1167 2479 homo
1208 2423 1411 2480 factum
1461 2433 1580 2489 est,
1615 2433 1804 2492 estque
1828 2424 2060 2494 perinde

458 2516 781 2586 perfectum
834 2517 889 2570 in
935 2516 1276 2570 humanitate
1306 2530 1372 2571 ac
1416 2515 1471 2569 in
1506 2515 1728 2569 deitate.
1772 2511 1886 2567 Non
1917 2513 2060 2568 enim

483 2622 552 2662 ex
598 2606 713 2662 sola
758 2620 922 2662 carne
968 2614 1023 2660 et
1073 2606 1292 2672 deitate,
1343 2606 1438 2661 sed
1479 2620 1545 2661 ex
1578 2604 1817 2674 perfecta
1867 2604 2061 2658 Imma-

2174 1970 2315 2025 κατά
2343 1970 2599 2042 ἀλήθειαν
2628 1971 2691 2021 ἐκ
2724 1967 3003 2037 γυναικὸς,
3037 1969 3132 2022 καὶ
3164 1967 3409 2038 πέφηνεν
3439 1968 3747 2040 ἄνθρωπος,

2170 2060 2201 2111 ὁ
2225 2059 2332 2123 ζῶν
2360 2060 2456 2113 καὶ
2487 2060 2771 2133 ὑπάρχων,
2787 2059 2881 2112 καὶ
2913 2059 3183 2121 συναῖδιος
3203 2058 3283 2129 τῷ
3311 2057 3435 2130 Θεῷ
3466 2060 3564 2113 καὶ
3582 2062 3749 2133 llasz

2172 2151 2304 2214 Θεὸς
2328 2152 2521 2219 Λόγος,
2566 2148 2779 2223 μορφὴν
2798 2144 2985 2203 δούλου
3016 2144 3196 2204 λαεὼν
3215 2169 3229 2182 ·
3264 2151 3362 2204 καὶ
3390 2151 3536 2204 ἐστιν
3561 2150 3749 2224 ὥσπερ

2165 2240 2223 2296 ὲν
2259 2239 2474 2311 θεότητι
2523 2240 2772 2308 τέλειος,
2818 2239 2963 2293 οὕτω
2996 2241 3089 2293 καὶ
3132 2240 3191 2293 ὲν
3235 2239 3629 2312 ἀνθρωπότητι
3668 2245 3749 2296 τέ·

2164 2330 2340 2392 λειος”
2379 2330 2480 2383 οὐκ
2522 2333 2584 2384 ἐκ
2638 2331 2804 2401 μόνης
2851 2330 3103 2401 θεότητος
3148 2330 3243 2384 καὶ
3290 2332 3501 2404 σαρκὸς
3546 2335 3627 2397 εξς
3660 2335 3748 2387 ἕνα

2166 2422 2405 2494 Χριστὸν
2452 2423 2548 2475 καὶ
2581 2422 2786 2494 Κύριον
2830 2422 2927 2476 καὶ
2950 2419 3088 2476 Υἱδν
3119 2422 3505 2494 συγκείμενος,
3538 2423 3657 2477 ἀλλ’
3684 2425 3745 2477 ἐκ

2165 2513 2311 2567 δυοῖν
2358 2514 2610 2579 τελείοιν,
2652 2512 3052 2586 ἀνθρωπότητα
3079 2513 3144 2585 δὴ
3172 2514 3319 2583 λέγω
3366 2516 3465 2570 καὶ
3494 2514 3744 2586 θεότητα,

2166 2607 2246 2670 εἰς
2273 2606 2371 2660 ἕνα
2398 2607 2488 2660 καὶ
2516 2606 2607 2658 τὸν
2633 2604 2794 2659 αὑτὸν
2823 2605 3142 2677 παραδόξως
3172 2604 3556 2676 συνδούμενος.

482 2703 654 2757 nitate
684 2710 737 2756 et
771 2702 1056 2757 divinitate
1085 2702 1139 2756 in
1185 2716 1350 2756 unum
1416 2701 1778 2771 eumdemque
1843 2699 2133 2755 Dominum
2166 2711 2229 2756 et
2263 2702 2464 2755 Filium
2519 2711 2573 2757 et
2620 2700 2899 2756 Christum
2947 2702 3253 2759 admirabili
3295 2706 3537 2773 quodam
3591 2704 3743 2759 modo

389 2790 395 2798 ’
482 2794 786 2863 concrevit,
813 2793 1142 2865 coaluitquc.

554 2886 722 2972 XXV.
764 2889 832 2943 At
870 2888 962 2944 hic
1010 2887 1381 2944 sciscitabitur
1433 2887 1573 2944 forte
1606 2890 1873 2961 quispiam
1908 2913 1919 2947 :
1959 2906 2058 2947 cu-

479 2978 718 3049 iusmodi
769 2981 983 3035 tandem
1012 2995 1165 3034 sacra
1210 2980 1372 3051 Virgo
1396 2981 1643 3051 peperit,
1688 2981 2055 3047 hominemne,

2230 2888 2358 2941 ΚΕΗ
2416 2887 2562 2958 Ἐρεί
2591 2887 2646 2939 δέ
2677 2904 2783 2955 τις,
2810 2885 2953 2942 κατά
2983 2885 3047 2938 τὸ
3075 2885 3241 2948 εἰκός⁵
3273 2886 3399 2939 Τίνα
3423 2886 3488 2957 δὴ
3521 2880 3623 2941 οὖν
3655 2891 3745 2942 τέ-

2159 2994 2321 3031 τοκεν
2367 2974 2401 3048 ή
2453 2978 2583 3044 ἁγία
2618 2978 2934 3050 Παρθένος;
2985 2970 3078 3032 τὸν
3121 2979 3409 3051 ἄνθρωπον,
3444 2980 3479 3049 ἢ
3525 2981 3623 3033 τὸν
3671 2985 3744 3037 ἐκ

485 3087 553 3127 an
587 3071 682 3126 Dei
717 3071 986 3128 Verbum?
1016 3071 1114 3126 Cui
1137 3085 1238 3127 nos
1261 3071 1670 3140 respondemus,
1696 3073 1840 3127 istud
1869 3073 2058 3143 exqui-

2163 3068 2295 3122 Θεοῦ
2325 3068 2531 3137 Λόγον;
2564 3070 2748 3140 Φαμὲν
2785 3070 2841 3122 δὲ
2868 3071 3061 3140 ἡμεῖς’
3098 3070 3208 3122 Καὶ
3227 3068 3373 3122 τοῦτό
3399 3070 3465 3138 γὲ
3504 3072 3665 3127 ἔστιν
3704 3078 3741 3144 ἡ

485 3178 629 3227 rere,
680 3163 810 3217 nihil
869 3162 1017 3216 aliud
1075 3177 1221 3223 esse,
1269 3176 1430 3230 quam
1480 3177 1691 3231 errare,
1744 3172 1799 3219 et
1852 3179 1883 3218 a
1928 3178 2059 3219 vero

465 3254 824 3324 'lionestoque
855 3252 1067 3308 abduci.
1099 3251 1272 3307 Nemo
1305 3262 1427 3321 post
1452 3254 1709 3308 unionem
1737 3255 2054 3310 divisionem

485 3343 619 3398 mihi
676 3342 876 3411 lingat;
949 3356 1123 3411 neque
1192 3339 1602 3397 Emmanuelem
1664 3341 1720 3396 iu
1782 3343 2055 3399 hominem

485 3448 772 3500 seorsum,
816 3444 870 3488 et
918 3433 972 3488 in
1021 3431 1191 3486 Deum
1243 3447 1493 3514 seorsum
1541 3435 1877 3505 dispescens,
1923 3436 2056 3492 duas

476 3539 742 3596 personas
787 3523 1035 3581 ell‘ormet
1060 3544 1073 3578 :
1101 3541 1168 3581 ne
1208 3525 1332 3596 quis
1372 3527 1620 3582 meritam
1666 3525 2052 3599 vobis.[nobis]

482 3625 669 3671 notam
723 3615 921 3680 inurat,
984 3623 1237 3684 tanquam
1279 3615 1372 3685 qui
1419 3615 1554 3669 nihil
1606 3624 1811 3672 rectum
1861 3630 2055 3686 sapere

480 3707 775 3764 instituatis
790 3704 1215 3779 [instituamus],
1243 3705 1336 3761 sed
1367 3707 1420 3761 id
1454 3707 1627 3762 solum
1662 3707 1804 3776 quod
1834 3721 1931 3776 per
1966 3706 2052 3761 di—

480 3801 636 3856 vinas
674 3801 988 3869 Scripturas
1021 3798 1442 3854 condemnatum
1473 3807 1578 3853 est.
1607 3797 1774 3854 Unus
1808 3798 1952 3853 enim
1984 3813 2052 3854 ex

2159 3159 2447 3230 πλάνησις,
2482 3162 2577 3214 καὶ
2605 3161 2667 3213 τὸ
2692 3161 3039 3232 ἁμάρτημαῐ
3072 3161 3167 3213 τοῦ
3212 3161 3509 3231 πρὲποντός
3544 3180 3610 3216 τε
3646 3169 3744 3219 ’καὶ

2156 3251 2411 3323 ἀληθοῦς.
2440 3252 2533 3323 Μὴ
2566 3253 2675 3323 γάρ
2702 3270 2796 3325 μοι
2827 3252 3004 3324 anan;
3043 3253 3182 3322 μετά
3225 3253 3323 3323 τὴν
3353 3252 3575 3321 ἕνωσιν,
3607 3258 3741 3327 μηδὲ

2155 3343 2365 3408 διιστὰς
2397 3346 2477 3409 εἰς
2498 3343 2784 3416 ἄνθρωπον
2817 3343 3061 3408 ἰδικῶςε,
3096 3346 3191 3398 καὶ
3218 3347 3298 3409 εἰς
3326 3345 3490 3412 Θεὸν,
3514 3348 3738 3420 διπρόσ-

2156 3450 2304 3487 ωπον
2350 3435 2485 3505 ἡμῖν
2527 3433 2804 3487 ἀνατύπου
2850 3434 2944 3487 τὺν
2985 3424 3368 3506 Ἐμμανουήλ·
3402 3437 3481 3509 μὴ
3516 3438 3627 3509 ἀρα
3663 3458 3739 3503 τις

2157 3527 2289 3596 ἡμῖν
2313 3538 2339 3566 ει
2370 3526 2597 3590 εἰκότως
2624 3526 3060 3597 διαμωμήσαιτο,
3096 3530 3317 3597 φρονεῖν
3339 3528 3626 3599 ἑλομένοις
3655 3532 3732 3601 ὀρθ

2156 3617 2247 3671 θὸν
2282 3619 2380 3689 μὲν
2409 3619 2585 3683 οὐδὲν,
2606 3621 2781 3672 ἐκεῖνο
2801 3619 2860 3671 δὲ
2896 3618 3120 3690 μᾶλλον,
3150 3620 3179 3672 ὃ
3208 3620 3306 3674 καὶ
3333 3620 3427 3674 διὰ
3452 3622 3559 3692 τῆς
3586 3624 3726 3690 ἁγίας

2157 3708 2526 3780 κατεδικάσθη
2580 3710 2826 3780 Γραφῆς.
2862 3704 2990 3764 Ὧδε
3030 3712 3142 3782 γάρ
3194 3728 3282 3774 τις
3339 3711 3451 3783 ἔφη
3500 3714 3610 3767 τῶν
3648 3713 3729 3766 τοῦ

2155 3799 2392 3870 Χριστοῦ
2423 3800 2680 3871 μαθητῶν
2702 3818 2714 3830 ο
2749 3821 2766 3852 ι
2810 3801 2998 3871 Ὑμεῖς
3030 3802 3107 3864 δὲ,
3132 3803 3435 3875 ἀγαπητοὶ,
3465 3805 3724 3876 μνήσθητε

479 3890 681 3947 Christi
726 3890 1008 3961 discipulis
1042 3891 1159 3945 ait:
1197 3908 1217 3942 ι
1249 3888 1382 3956 Vos,
1419 3889 1751 3956 cbarissimi,
1782 3903 2052 3944 memores

2163 3890 2261 3943 τῶν
2288 3891 2549 3961 ῥημάτων
2579 3891 2688 3945 τῶν
2722 3893 3134 3965 προειρημένων
3157 3894 3265 3948 ὑπὸ
3290 3895 3406 3950 τῶν
3425 3897 3719 3951 ἀποστόλων

479 3990 653 4036 estote
697 3981 1009 4048 verborum,
1057 3997 1176 4051 qua:
1217 3981 1474 4051 praedicta
1514 3989 1640 4037 sunt
1689 3980 1758 4037 ab
1794 3981 2052 4050 apostolis

2163 3979 2245 4034 τοῦ
2276 3980 2481 4051 Κυρίου
2509 3980 2668 4052 ἡμῶν
2713 3983 2887 4053 Ἰησοῦ
2935 3984 3199 4055 Χριστοῦ,
3239 3986 3323 4039 ὅτι
3367 3986 3564 4057 ελεγον
3590 3988 3726 4058 ὑμῖν,

478 4072 691 4126 Domini
745 4073 913 4128 nostri
963 4071 1091 4127 Jesu
1139 4071 1368 4137 Christi,
1432 4072 1524 4141 qui
1572 4071 1827 4126 dicebant
1873 4072 2048 4138 vobis,

472 4161 736 4232 quoniam
784 4163 839 4215 in
886 4161 1199 4218 novissimis
1227 4161 1558 4231 temporibus
1597 4163 1815 4217 venient
1863 4161 2050 4217 illuso-

458 4269 590 4319 res,
628 4254 923 4309 secundum
954 4254 1223 4310 desideria
1259 4270 1356 4311 sua
1386 4255 1729 4311 ambulantes
1764 4255 1818 4309 in
1865 4255 2052 4324 impie-

2152 4075 2233 4129 ὅτί
2278 4076 2621 4145 ἐπ’ὲοχάτου
2665 4076 2773 4130 τῶν
2802 4077 3008 4147 χρόνων
3053 4076 3369 4131 ἐλεύσονται
3407 4081 3467 4132 ὲν
3500 4081 3735 4149 ἐμπαιγο

2143 4170 2287 4239 ,μονῇ
2328 4171 2655 4239 ἐμπαῖκται,
2708 4168 2848 4222 κατὰ
2880 4168 2977 4231 τὰς
3040 4169 3255 4224 ὲαυτῶν
3298 4172 3601 4244 ἐπιθυμίας
3642 4189 3734 4226 πο-

2152 4259 2443 4328 ρευόμενοι
2472 4257 2582 4311 τῶν
2607 4257 2892 4311 ἀσεϐειῶν.
2925 4253 3083 4313 Οὗτοί
3112 4261 3249 4313 εἰσιν
3283 4261 3334 4313 οἱ
3359 4262 3733 4333 amem-xm.

472 4343 809 4400 tatibus.'Hi
847 4354 971 4401 sunt
999 4345 1090 4415 qui
1133 4354 1441 4416 segregant,
1460 4346 1761 4421 animales,
1795 4346 2045 4416 spiritum

2163 4367 2262 4413 τες,
2290 4349 2534 4420 ,ψυχικολη
2577 4350 2793 4420 πνεῦμα
2814 4350 2898 4443 .μῂ
2928 4349 3162 4421 ἔχοντες.
3187 4370 3207 4404 ι
3232 4353 3308 4405 Οὐ
3329 4353 3633 4424 διοριστέον
3648 4349 3735 4407 οὖν

476 4448 584 4488 non
620 4435 968 4489 habentes“.
1073 4405 1229 4489 Nullo
1279 4405 1662 4505 itaque'modo
1708 4405 2043 4506 segregatio-

2223 4405 2533 4420 ...,,.
2719 4405 2835 4420 ..
2958 4405 2990 4421 ,.
3121 4405 3138 4414 -

2163 4442 2262 4512 ipa
2286 4441 2407 4494 κατ’
2432 4441 2622 4494 οὐδένα
2650 4405 3010 4511 τρόπονίιεῖτε
3036 4441 3117 4494 δεῖ
3142 4441 3384 4512 μάλιστα
3413 4446 3487 4499 τὰ
3517 4445 3614 4499 δύο
3634 4463 3734 4515 c.71-

477 4542 600 4580 nem
628 4527 953 4582 ~eoncedere
998 4525 1081 4581 fas
1131 4534 1232 4591 est,
1279 4526 1407 4582 licet
1455 4537 1578 4596 post
1635 4528 1891 4581 unionem
1943 4529 2050 4581 duo

2163 4531 2307 4600 θῆναι
2350 4532 2489 4601 μετά
2538 4532 2637 4600 τὴν
2689 4532 2903 4596 ἕνωσιν,
2963 4531 3057 4584 καὶ
3110 4532 3216 4584 ἀνὰ
3270 4534 3436 4606 μέρος
3470 4537 3736 4608 ἑκάτερον

479 4630 738 4687 apparere
764 4617 1016 4685 debeant,
1050 4626 1107 4673 et
1135 4617 1388 4672 distincte
1416 4617 1488 4672 sit
1519 4625 1807 4687 utrumque
1846 4617 2049 4672 intelli—

2149 4625 2307 4675 νοεῖν.
2358 4621 2553 4676 ἰστὲον
2579 4618 2692 4688 οῦν,
2736 4623 2816 4675 ὃτι
2853 4621 3050 4693 θεωρεῖ
3080 4623 3183 4693 μέν
3211 4640 3334 4677 τινα
3372 4625 3599 4693 φύσεων
3630 4630 3738 4682 5:1-

476 4708 732 4777 gendum.
781 4710 1044 4774 Quocirca
1096 4709 1398 4774 sciendum,
1445 4709 1786 4764 considerari
1831 4709 2045 4781 quidem

2163 4714 2321 4786 Ιιοράν
2350 4717 2378 4767 ὁ
2414 4714 2537 4777 νοῦς
2557 4732 2570 4745 ·
2602 4715 2795 4768 ταυτὸν
2828 4714 2935 4786 γὰρ
2966 4713 3085 4767 οῦτι
3134 4732 3234 4768 που
3261 4714 3525 4786 θεότητὸς
3560 4737 3623 4772 τε
3651 4720 3740 4772 nl

477 4800 546 4851 ab
578 4796 851 4853 intellectu
884 4801 1172 4870 quamdam
1194 4810 1511 4857 naturarum
1545 4798 1902 4857 dill'erentiam
1925 4799 2042 4873 (ne-

472 4904 579 4958 que
611 4888 753 4942 enim
780 4898 861 4943 est
884 4890 1073 4944 eadem
1099 4890 1314 4946 deitatis
1339 4903 1394 4947 et
1425 4892 1780 4947 humanitatis
1801 4892 2041 4961 natura),

462 4981 568 5036 sed
613 4994 715 5034 una
750 4994 871 5035 cum
917 4981 1020 5035 bac
1068 4970 1507 5037 consideratione
1538 4984 1808 5052 percipiet
1841 4982 2044 5037 utrius-

472 5088 577 5143 que
611 5084 937 5128 concursum
967 5070 1034 5128 ad
1063 5072 1337 5127 unionem.
1378 5072 1526 5129 Unus
1562 5078 1744 5143 itaque
1771 5082 1856 5129 est
1882 5073 2044 5130 Chri-

523 5227 588 5259 "’
629 5225 802 5285 [εστ.
833 5237 892 5293 tt,
924 5226 976 5281 4.
1057 5227 1101 5257 τ’
1141 5224 1352 5282 Baruch
1382 5242 1462 5296 tu,
1492 5226 1585 5283 ‘58.
1630 5229 1706 5297 ,τι
1748 5226 1870 5283 Jud.
1903 5229 2079 5285 17-19.

2147 4803 2605 4875 ἀνθρωπότητοςδ
2627 4821 2639 4834 ·
2675 4804 2973 4868 εἰσδὲξεται
3017 4804 3074 4857 δὲ
3114 4805 3250 4876 ὁμοῦ
3296 4809 3420 4870 ταῖς
3456 4813 3596 4881 περὶ
3626 4813 3741 4863 τοῦ-

2147 4912 2256 4948 των
2283 4895 2511 4959 ἐννοίαις
2543 4896 2636 4948 καὶ
2665 4895 2761 4966 τὴν
2784 4897 2991 4966 ἀμφοῖν
3029 4897 3109 4959 εἰς
3145 4897 3374 4969 ἑνότητα
3400 4900 3738 4971 συνδρομήν.

2149 4983 2361 5038 Οὐκοῦν
2406 4984 2579 5047 Θεδςο
2627 4986 2729 5055 μὲν
2776 4985 2939 5055 ἐξέφυ
2975 4986 3068 5039 τοῦ
3103 4987 3317 5059 Πατρδς
3356 4989 3435 5053 ὡς
3472 4990 3658 5055 Θεὸς,
3688 4994 3747 5043 ἐκ

2150 5076 2428 5146 Παρθένου
2476 5076 2531 5129 δὲ
2581 5076 2885 5148 ἄνθρωπος.
2935 5078 2993 5131 Ὀ
3042 5078 3153 5149 γὰρ
3202 5081 3268 5132 ἐκ
3328 5078 3465 5133 Θεοῦ
3524 5083 3750 5151 Πατρὶς

1559 5377 1732 5440 Variae
1763 5385 2021 5442 lectiones
2062 5384 2266 5443 codicis
2295 5385 2653 5458 Seguieriani.

543 5537 570 5563 ι
600 5527 855 5597 γεγονὼς.
922 5536 957 5597 ἶ
987 5527 1271 5597 ἁμαρτεῖν.

471 5592 775 5664 θρωπότης,
853 5606 875 5633 ο
909 5592 1065 5647 Θεοῦ.

1386 5537 1409 5564 ²
1439 5525 1679 5606 ἀληθῶν,
1710 5527 1801 5582 καὶ
1828 5528 1906 5591 εἰς
1930 5527 2050 5582 θεὸν
2088 5526 2244 5598 λόγον
2277 5528 2480 5595 ἰδικῶς.

2591 5530 2718 5585 “10'.
2757 5530 2903 5600 ύμῖν.
3018 5530 3046 5570 b
3081 5531 3169 5585 τεν.
3204 5533 3398 5602 θεότης
3428 5550 3485 5587 τε
3513 5536 3633 5587 καὶ
3656 5536 3757 5585 av.
