  <div class='ocr_page' id='page_1' title='image "/cluster/home/n/w/nwhite01/storage/ocr_20150623/76/mdp.39015013094878/600.png"; bbox 0 0 3970 6136; ppageno 0'>
   <div class='ocr_carea' id='block_1_1' title="bbox 332 252 469 312">
    <p class='ocr_par' dir='ltr' id='par_1_1' title="bbox 332 252 469 312">
     <span class='ocr_line' id='line_1_1' title="bbox 332 252 469 312; baseline 0 -1"><span class='ocrx_word' id='word_1_1' title='bbox 332 252 469 312; x_wconf 74' lang='grc'><strong>1169</strong></span> 
     </span>
    </p>
   </div>
   <div class='ocr_carea' id='block_1_2' title="bbox 1281 249 2633 319">
    <p class='ocr_par' dir='ltr' id='par_1_2' title="bbox 1281 249 2633 319">
     <span class='ocr_line' id='line_1_2' title="bbox 1281 249 2633 319; baseline 0.004 -13"><span class='ocrx_word' id='word_1_2' title='bbox 1281 249 1371 306; x_wconf 81' lang='lat' dir='ltr'><strong>DE</strong></span> <span class='ocrx_word' id='word_1_3' title='bbox 1407 250 1637 310; x_wconf 77' lang='lat' dir='ltr'><strong>RECTA</strong></span> <span class='ocrx_word' id='word_1_4' title='bbox 1674 252 1833 310; x_wconf 83' lang='lat' dir='ltr'><strong>FIDE</strong></span> <span class='ocrx_word' id='word_1_5' title='bbox 1874 255 1967 310; x_wconf 79' lang='lat' dir='ltr'><strong>AD</strong></span> <span class='ocrx_word' id='word_1_6' title='bbox 2006 255 2460 316; x_wconf 69' lang='lat' dir='ltr'><strong>TﬂEODOSIUM</strong></span> <span class='ocrx_word' id='word_1_7' title='bbox 2493 255 2633 319; x_wconf 66' lang='lat' dir='ltr'><strong>1MB.</strong></span> 
     </span>
    </p>
   </div>
   <div class='ocr_carea' id='block_1_3' title="bbox 3436 254 3573 311">
    <p class='ocr_par' dir='ltr' id='par_1_3' title="bbox 3436 254 3573 311">
     <span class='ocr_line' id='line_1_3' title="bbox 3436 254 3573 311; baseline 0 -2"><span class='ocrx_word' id='word_1_8' title='bbox 3436 254 3573 311; x_wconf 79' lang='lat' dir='ltr'><strong>H70</strong></span> 
     </span>
    </p>
   </div>
   <div class='ocr_carea' id='block_1_4' title="bbox 327 364 1887 451">
    <p class='ocr_par' dir='ltr' id='par_1_4' title="bbox 327 364 1887 449">
     <span class='ocr_line' id='line_1_4' title="bbox 327 364 1887 449; baseline -0.005 -20"><span class='ocrx_word' id='word_1_9' title='bbox 327 364 658 446; x_wconf 75' lang='grc' dir='ltr'>άπορρἧως</span> <span class='ocrx_word' id='word_1_10' title='bbox 692 372 784 427; x_wconf 78' lang='grc' dir='ltr'>καὶ</span> <span class='ocrx_word' id='word_1_11' title='bbox 813 373 955 444; x_wconf 76' lang='grc' dir='ltr'>ὑπὲρ</span> <span class='ocrx_word' id='word_1_12' title='bbox 984 371 1109 427; x_wconf 79' lang='grc' dir='ltr'>νοῦν</span> <span class='ocrx_word' id='word_1_13' title='bbox 1132 372 1456 443; x_wconf 72' lang='grc' dir='ltr'><strong>ἀναλάμψας</strong></span> <span class='ocrx_word' id='word_1_14' title='bbox 1480 376 1672 445; x_wconf 79' lang='grc' dir='ltr'>Λόγος,</span> <span class='ocrx_word' id='word_1_15' title='bbox 1706 395 1887 449; x_wconf 86' lang='grc' dir='ltr'>γεγεν.</span> 
     </span>
    </p>
   </div>
   <div class='ocr_carea' id='block_1_5' title="bbox 1992 364 3569 451">
    <p class='ocr_par' dir='ltr' id='par_1_5' title="bbox 1999 374 3569 451">
     <span class='ocr_line' id='line_1_5' title="bbox 1999 374 3569 451; baseline -0.006 -15"><span class='ocrx_word' id='word_1_16' title='bbox 1999 388 2135 446; x_wconf 86' lang='lat' dir='ltr'><strong>slus,</strong></span> <span class='ocrx_word' id='word_1_17' title='bbox 2183 380 2274 451; x_wconf 82' lang='lat' dir='ltr'><strong>qui</strong></span> <span class='ocrx_word' id='word_1_18' title='bbox 2308 382 2525 451; x_wconf 86' lang='lat' dir='ltr'><strong>quidem</strong></span> <span class='ocrx_word' id='word_1_19' title='bbox 2577 395 2646 435; x_wconf 8' lang='lat' dir='ltr'><strong>ex,</strong></span> <span class='ocrx_word' id='word_1_20' title='bbox 2679 378 2791 434; x_wconf 89' lang='lat' dir='ltr'><strong>Deo</strong></span> <span class='ocrx_word' id='word_1_21' title='bbox 2826 376 2989 438; x_wconf 73' lang='lat' dir='ltr'><strong>Ratre</strong></span> <span class='ocrx_word' id='word_1_22' title='bbox 3019 374 3276 433; x_wconf 79' lang='lat' dir='ltr'><strong>&#39;nascitur</strong></span> <span class='ocrx_word' id='word_1_23' title='bbox 3308 382 3365 429; x_wconf 92' lang='lat' dir='ltr'><strong>ul</strong></span> <span class='ocrx_word' id='word_1_24' title='bbox 3406 374 3569 440; x_wconf 82' lang='lat' dir='ltr'><strong>Deus,</strong></span> 
     </span>
    </p>
   </div>
   <div class='ocr_carea' id='block_1_6' title="bbox 327 460 1900 539">
    <p class='ocr_par' dir='ltr' id='par_1_6' title="bbox 327 460 1900 539">
     <span class='ocr_line' id='line_1_6' title="bbox 327 460 1900 539; baseline 0.002 -20"><span class='ocrx_word' id='word_1_25' title='bbox 327 465 526 536; x_wconf 78' lang='grc' dir='ltr'>νῆσθαι</span> <span class='ocrx_word' id='word_1_26' title='bbox 562 460 778 534; x_wconf 64' lang='grc' dir='ltr'>λέγεται</span> <span class='ocrx_word' id='word_1_27' title='bbox 809 466 875 518; x_wconf 64' lang='grc' dir='ltr'>ἐκ</span> <span class='ocrx_word' id='word_1_28' title='bbox 914 463 1203 533; x_wconf 74' lang='grc' dir='ltr'>γυναικὸς,</span> <span class='ocrx_word' id='word_1_29' title='bbox 1250 469 1662 539; x_wconf 79' lang='grc' dir='ltr'>καταφοιτήσας</span> <span class='ocrx_word' id='word_1_30' title='bbox 1700 471 1759 523; x_wconf 75' lang='grc' dir='ltr'>ἐν</span> <span class='ocrx_word' id='word_1_31' title='bbox 1804 471 1900 527; x_wconf 81' lang='grc' dir='ltr'><strong>ἀν-</strong></span> 
     </span>
    </p>
   </div>
   <div class='ocr_carea' id='block_1_7' title="bbox 325 553 1899 635">
    <p class='ocr_par' dir='ltr' id='par_1_7' title="bbox 325 553 1899 635">
     <span class='ocr_line' id='line_1_7' title="bbox 325 553 1899 635; baseline 0.004 -26"><span class='ocrx_word' id='word_1_32' title='bbox 325 554 640 627; x_wconf 78' lang='grc' dir='ltr'>θρωπότητι</span> <span class='ocrx_word' id='word_1_33' title='bbox 657 595 672 619; x_wconf 91' lang='grc'><strong>,</strong></span> <span class='ocrx_word' id='word_1_34' title='bbox 701 556 794 610; x_wconf 76' lang='grc' dir='ltr'><strong>καὶ</strong></span> <span class='ocrx_word' id='word_1_35' title='bbox 820 553 1011 618; x_wconf 77' lang='grc' dir='ltr'>καθεὶς</span> <span class='ocrx_word' id='word_1_36' title='bbox 1039 555 1232 611; x_wconf 78' lang='grc' dir='ltr'>ἑαυτὸν</span> <span class='ocrx_word' id='word_1_37' title='bbox 1261 558 1340 621; x_wconf 80' lang='grc' dir='ltr'>εἰς</span> <span class='ocrx_word' id='word_1_38' title='bbox 1367 557 1507 629; x_wconf 83' lang='grc' dir='ltr'>ὅπερ</span> <span class='ocrx_word' id='word_1_39' title='bbox 1535 559 1637 613; x_wconf 85' lang='grc' dir='ltr'>οὐκ</span> <span class='ocrx_word' id='word_1_40' title='bbox 1663 554 1733 633; x_wconf 82' lang='grc' dir='ltr'>ἦν</span> <span class='ocrx_word' id='word_1_41' title='bbox 1752 577 1767 593; x_wconf 78' lang='grc'><em>’</em></span> <span class='ocrx_word' id='word_1_42' title='bbox 1801 563 1899 635; x_wconf 83' lang='grc' dir='ltr'><strong>οὐχ</strong></span> 
     </span>
    </p>
   </div>
   <div class='ocr_carea' id='block_1_8' title="bbox 328 644 1899 725">
    <p class='ocr_par' dir='ltr' id='par_1_8' title="bbox 328 644 1899 725">
     <span class='ocr_line' id='line_1_8' title="bbox 328 644 1899 725; baseline 0.005 -27"><span class='ocrx_word' id='word_1_43' title='bbox 328 645 417 701; x_wconf 69' lang='grc' dir='ltr'>ἵνα</span> <span class='ocrx_word' id='word_1_44' title='bbox 447 647 605 720; x_wconf 75' lang='grc' dir='ltr'>μείνῃ</span> <span class='ocrx_word' id='word_1_45' title='bbox 630 644 1022 716; x_wconf 78' lang='grc' dir='ltr'>κεκενωμένος,</span> <span class='ocrx_word' id='word_1_46' title='bbox 1052 645 1171 699; x_wconf 83' lang='grc' dir='ltr'>ἀλλ’</span> <span class='ocrx_word' id='word_1_47' title='bbox 1197 647 1285 702; x_wconf 78' lang='grc' dir='ltr'>ἵνα</span> <span class='ocrx_word' id='word_1_48' title='bbox 1306 648 1445 713; x_wconf 84' lang='grc' dir='ltr'>Θεὸς</span> <span class='ocrx_word' id='word_1_49' title='bbox 1476 644 1612 703; x_wconf 75' lang='grc' dir='ltr'>εῖναι</span> <span class='ocrx_word' id='word_1_50' title='bbox 1638 652 1899 725; x_wconf 73' lang='grc' dir='ltr'>πιστεύη-</span> 
     </span>
    </p>
   </div>
   <div class='ocr_carea' id='block_1_9' title="bbox 326 735 1896 815">
    <p class='ocr_par' dir='ltr' id='par_1_9' title="bbox 326 735 1896 815">
     <span class='ocr_line' id='line_1_9' title="bbox 326 735 1896 815; baseline 0.004 -23"><span class='ocrx_word' id='word_1_51' title='bbox 326 755 454 804; x_wconf 88' lang='grc' dir='ltr'>ται,</span> <span class='ocrx_word' id='word_1_52' title='bbox 490 739 582 792; x_wconf 76' lang='grc' dir='ltr'>καὶ</span> <span class='ocrx_word' id='word_1_53' title='bbox 609 740 667 792; x_wconf 79' lang='grc' dir='ltr'>ὲν</span> <span class='ocrx_word' id='word_1_54' title='bbox 696 737 823 790; x_wconf 78' lang='grc' dir='ltr'>εἴδει</span> <span class='ocrx_word' id='word_1_55' title='bbox 851 735 929 808; x_wconf 83' lang='grc' dir='ltr'>τῷ</span> <span class='ocrx_word' id='word_1_56' title='bbox 973 737 1096 792; x_wconf 90' lang='grc' dir='ltr'>καθ’</span> <span class='ocrx_word' id='word_1_57' title='bbox 1141 740 1291 811; x_wconf 80' lang='grc' dir='ltr'>ἡμᾶς</span> <span class='ocrx_word' id='word_1_58' title='bbox 1319 741 1578 813; x_wconf 84' lang='grc' dir='ltr'>πεφηνὼς</span> <span class='ocrx_word' id='word_1_59' title='bbox 1621 744 1715 796; x_wconf 81' lang='grc' dir='ltr'><strong>ἐπὶ</strong></span> <span class='ocrx_word' id='word_1_60' title='bbox 1757 746 1896 815; x_wconf 84' lang='grc' dir='ltr'>γῆς,</span> 
     </span>
    </p>
   </div>
   <div class='ocr_carea' id='block_1_10' title="bbox 324 831 1905 905">
    <p class='ocr_par' dir='ltr' id='par_1_10' title="bbox 324 831 1905 905">
     <span class='ocr_line' id='line_1_10' title="bbox 324 831 1905 905; baseline 0.006 -20"><span class='ocrx_word' id='word_1_61' title='bbox 324 834 423 903; x_wconf 74' lang='grc' dir='ltr'><strong>οὐχ</strong></span> <span class='ocrx_word' id='word_1_62' title='bbox 443 832 519 897; x_wconf 79' lang='grc' dir='ltr'><strong>ὡς</strong></span> <span class='ocrx_word' id='word_1_63' title='bbox 545 831 901 903; x_wconf 64' lang='grc' dir='ltr'>ἐν’άνθρὼπῳ</span> <span class='ocrx_word' id='word_1_64' title='bbox 926 834 1281 905; x_wconf 83' lang='grc' dir='ltr'>κατοικήσας,</span> <span class='ocrx_word' id='word_1_65' title='bbox 1312 833 1430 889; x_wconf 78' lang='grc' dir='ltr'><strong>ἀλλ’</strong></span> <span class='ocrx_word' id='word_1_66' title='bbox 1462 836 1538 899; x_wconf 82' lang='grc' dir='ltr'><strong>ὡς</strong></span> <span class='ocrx_word' id='word_1_67' title='bbox 1563 837 1724 902; x_wconf 81' lang='grc' dir='ltr'>αὐτὸς</span> <span class='ocrx_word' id='word_1_68' title='bbox 1755 838 1905 897; x_wconf 66' lang='grc' dir='ltr'>κατὰ</span> 
     </span>
    </p>
   </div>
   <div class='ocr_carea' id='block_1_11' title="bbox 326 923 1894 1001">
    <p class='ocr_par' dir='ltr' id='par_1_11' title="bbox 326 923 1894 1001">
     <span class='ocr_line' id='line_1_11' title="bbox 326 923 1894 1001; baseline 0.005 -23"><span class='ocrx_word' id='word_1_69' title='bbox 326 923 621 995; x_wconf 62' lang='grc' dir='ltr'><strong>ἀλήθειαν*ἰ</strong></span> <span class='ocrx_word' id='word_1_70' title='bbox 668 923 958 995; x_wconf 78' lang='grc' dir='ltr'>ἄνθρωπος</span> <span class='ocrx_word' id='word_1_71' title='bbox 991 925 1249 995; x_wconf 84' lang='grc' dir='ltr'>γεγονὼς,</span> <span class='ocrx_word' id='word_1_72' title='bbox 1300 929 1441 999; x_wconf 85' lang='grc' dir='ltr'>μετὰ</span> <span class='ocrx_word' id='word_1_73' title='bbox 1478 930 1573 983; x_wconf 89' lang='grc' dir='ltr'><strong>τοῦ</strong></span> <span class='ocrx_word' id='word_1_74' title='bbox 1620 930 1719 1001; x_wconf 80' lang='grc' dir='ltr'>τὴν</span> <span class='ocrx_word' id='word_1_75' title='bbox 1756 931 1894 987; x_wconf 81' lang='grc' dir='ltr'><strong>ἰδίαν</strong></span> 
     </span>
    </p>
   </div>
   <div class='ocr_carea' id='block_1_12' title="bbox 324 1015 1895 1087">
    <p class='ocr_par' dir='ltr' id='par_1_12' title="bbox 324 1015 1895 1087">
     <span class='ocr_line' id='line_1_12' title="bbox 324 1015 1895 1087; baseline 0.005 -19"><span class='ocrx_word' id='word_1_76' title='bbox 324 1015 703 1069; x_wconf 83' lang='grc' dir='ltr'>ἀνασώσασθαι</span> <span class='ocrx_word' id='word_1_77' title='bbox 750 1015 928 1082; x_wconf 79' lang='grc' dir='ltr'>δόξαν.</span> <span class='ocrx_word' id='word_1_78' title='bbox 978 1017 1090 1070; x_wconf 82' lang='grc' dir='ltr'><strong>Καὶ</strong></span> <span class='ocrx_word' id='word_1_79' title='bbox 1130 1016 1259 1087; x_wconf 89' lang='grc' dir='ltr'>γοῦν</span> <span class='ocrx_word' id='word_1_80' title='bbox 1289 1020 1318 1072; x_wconf 87' lang='grc' dir='ltr'><strong>ὁ</strong></span> <span class='ocrx_word' id='word_1_81' title='bbox 1356 1017 1641 1084; x_wconf 82' lang='grc' dir='ltr'>θεσπέσιος</span> <span class='ocrx_word' id='word_1_82' title='bbox 1682 1021 1895 1087; x_wconf 82' lang='grc' dir='ltr'><strong>Παῦλος</strong></span> 
     </span>
    </p>
   </div>
   <div class='ocr_carea' id='block_1_13' title="bbox 323 1105 1896 1182">
    <p class='ocr_par' dir='ltr' id='par_1_13' title="bbox 323 1105 1896 1182">
     <span class='ocr_line' id='line_1_13' title="bbox 323 1105 1896 1182; baseline 0.006 -25"><span class='ocrx_word' id='word_1_83' title='bbox 323 1105 394 1159; x_wconf 82' lang='grc' dir='ltr'>τὰ</span> <span class='ocrx_word' id='word_1_84' title='bbox 418 1106 551 1160; x_wconf 80' lang='grc' dir='ltr'>πολὺ</span> <span class='ocrx_word' id='word_1_85' title='bbox 580 1106 679 1177; x_wconf 82' lang='grc' dir='ltr'><strong>τῆς</strong></span> <span class='ocrx_word' id='word_1_86' title='bbox 714 1107 958 1178; x_wconf 80' lang='grc' dir='ltr'>ἀλλήλων</span> <span class='ocrx_word' id='word_1_87' title='bbox 991 1108 1407 1180; x_wconf 83' lang='grc' dir='ltr'>ὁμοουσιότητος</span> <span class='ocrx_word' id='word_1_88' title='bbox 1465 1110 1788 1182; x_wconf 83' lang='grc' dir='ltr'><strong>διεστηκότα</strong></span> <span class='ocrx_word' id='word_1_89' title='bbox 1835 1131 1896 1167; x_wconf 88' lang='grc' dir='ltr'><strong>τε</strong></span> 
     </span>
    </p>
   </div>
   <div class='ocr_carea' id='block_1_14' title="bbox 324 1194 1895 1271">
    <p class='ocr_par' dir='ltr' id='par_1_14' title="bbox 324 1194 1895 1271">
     <span class='ocr_line' id='line_1_14' title="bbox 324 1194 1895 1271; baseline 0.004 -23"><span class='ocrx_word' id='word_1_90' title='bbox 324 1194 419 1248; x_wconf 74' lang='grc' dir='ltr'>καὶ</span> <span class='ocrx_word' id='word_1_91' title='bbox 460 1197 758 1267; x_wconf 82' lang='grc' dir='ltr'>άμετρήτῳ</span> <span class='ocrx_word' id='word_1_92' title='bbox 786 1196 1020 1268; x_wconf 81' lang='grc' dir='ltr'>διαφορᾷ</span> <span class='ocrx_word' id='word_1_93' title='bbox 1060 1197 1511 1269; x_wconf 84' lang='grc' dir='ltr'>διεσχοινισμένα,</span> <span class='ocrx_word' id='word_1_94' title='bbox 1559 1200 1790 1271; x_wconf 86' lang='grc' dir='ltr'>θεότητά</span> <span class='ocrx_word' id='word_1_95' title='bbox 1834 1219 1895 1255; x_wconf 86' lang='grc' dir='ltr'><strong>τε</strong></span> 
     </span>
    </p>
   </div>
   <div class='ocr_carea' id='block_1_15' title="bbox 324 1285 1895 1360">
    <p class='ocr_par' dir='ltr' id='par_1_15' title="bbox 324 1285 1895 1360">
     <span class='ocr_line' id='line_1_15' title="bbox 324 1285 1895 1360; baseline 0.004 -21"><span class='ocrx_word' id='word_1_96' title='bbox 324 1285 417 1339; x_wconf 82' lang='grc' dir='ltr'><strong>καὶ</strong></span> <span class='ocrx_word' id='word_1_97' title='bbox 440 1286 856 1360; x_wconf 79' lang='grc' dir='ltr'>ἀνθρωπότητα,</span> <span class='ocrx_word' id='word_1_98' title='bbox 890 1286 1163 1358; x_wconf 76' lang='grc' dir='ltr'>συλλέγων</span> <span class='ocrx_word' id='word_1_99' title='bbox 1190 1289 1271 1352; x_wconf 83' lang='grc' dir='ltr'>εἰς</span> <span class='ocrx_word' id='word_1_100' title='bbox 1299 1288 1358 1343; x_wconf 77' lang='grc' dir='ltr'>ἓν</span> <span class='ocrx_word' id='word_1_101' title='bbox 1388 1291 1768 1359; x_wconf 81' lang='grc' dir='ltr'><strong>οἰκονομικῶς,</strong></span> <span class='ocrx_word' id='word_1_102' title='bbox 1801 1293 1895 1347; x_wconf 75' lang='grc' dir='ltr'>καὶ</span> 
     </span>
    </p>
   </div>
   <div class='ocr_carea' id='block_1_16' title="bbox 322 1376 1894 1451">
    <p class='ocr_par' dir='ltr' id='par_1_16' title="bbox 322 1376 1894 1451">
     <span class='ocr_line' id='line_1_16' title="bbox 322 1376 1894 1451; baseline 0.006 -24"><span class='ocrx_word' id='word_1_103' title='bbox 322 1376 382 1443; x_wconf 70' lang='grc' dir='ltr'><strong>ἒξ</strong></span> <span class='ocrx_word' id='word_1_104' title='bbox 406 1378 609 1449; x_wconf 78' lang='grc' dir='ltr'>ἀμφοῖν</span> <span class='ocrx_word' id='word_1_105' title='bbox 637 1379 728 1431; x_wconf 84' lang='grc' dir='ltr'>τὸν</span> <span class='ocrx_word' id='word_1_106' title='bbox 758 1378 855 1431; x_wconf 75' lang='grc' dir='ltr'>ἕνα</span> <span class='ocrx_word' id='word_1_107' title='bbox 888 1377 1316 1449; x_wconf 80' lang='grc' dir='ltr'>κατασημαίνων</span> <span class='ocrx_word' id='word_1_108' title='bbox 1346 1378 1580 1451; x_wconf 83' lang='grc' dir='ltr'>Χριστὸν</span> <span class='ocrx_word' id='word_1_109' title='bbox 1624 1382 1718 1434; x_wconf 72' lang='grc' dir='ltr'>καὶ</span> <span class='ocrx_word' id='word_1_110' title='bbox 1765 1382 1894 1438; x_wconf 79' lang='grc' dir='ltr'>Υἰὸν</span> 
     </span>
    </p>
   </div>
   <div class='ocr_carea' id='block_1_17' title="bbox 324 1468 1890 1541">
    <p class='ocr_par' dir='ltr' id='par_1_17' title="bbox 324 1468 1890 1541">
     <span class='ocr_line' id='line_1_17' title="bbox 324 1468 1890 1541; baseline 0.003 -20"><span class='ocrx_word' id='word_1_111' title='bbox 324 1469 417 1521; x_wconf 76' lang='grc' dir='ltr'>καὶ</span> <span class='ocrx_word' id='word_1_112' title='bbox 441 1468 594 1535; x_wconf 82' lang='grc' dir='ltr'>Θεὸν,</span> <span class='ocrx_word' id='word_1_113' title='bbox 654 1487 673 1521; x_wconf 79' lang='grc' dir='ltr'><strong>ι</strong></span> <span class='ocrx_word' id='word_1_114' title='bbox 714 1468 926 1534; x_wconf 78' lang='grc' dir='ltr'><strong>Παῦλος</strong></span> <span class='ocrx_word' id='word_1_115' title='bbox 950 1468 1156 1534; x_wconf 89' lang='grc' dir='ltr'>δοῦλος,</span> <span class='ocrx_word' id='word_1_116' title='bbox 1203 1470 1387 1541; x_wconf 75' lang='grc' dir='ltr'>φησὶν,</span> <span class='ocrx_word' id='word_1_117' title='bbox 1424 1470 1599 1538; x_wconf 81' lang='grc' dir='ltr'><strong>Ἰησοῦ</strong></span> <span class='ocrx_word' id='word_1_118' title='bbox 1630 1472 1890 1541; x_wconf 88' lang='grc' dir='ltr'>Χριστοῦ,</span> 
     </span>
    </p>
   </div>
   <div class='ocr_carea' id='block_1_18' title="bbox 323 1557 1892 1632">
    <p class='ocr_par' dir='ltr' id='par_1_18' title="bbox 323 1557 1892 1632">
     <span class='ocr_line' id='line_1_18' title="bbox 323 1557 1892 1632; baseline 0.004 -21"><span class='ocrx_word' id='word_1_119' title='bbox 323 1557 519 1630; x_wconf 83' lang='grc' dir='ltr'><strong>κλητὸς</strong></span> <span class='ocrx_word' id='word_1_120' title='bbox 585 1560 933 1627; x_wconf 64' lang='grc' dir='ltr'>ἀπόστολος,</span> <span class='ocrx_word' id='word_1_121' title='bbox 970 1561 1353 1632; x_wconf 77' lang='grc' dir='ltr'><strong>ἀφωρισμένος</strong></span> <span class='ocrx_word' id='word_1_122' title='bbox 1417 1562 1497 1625; x_wconf 85' lang='grc' dir='ltr'>είς</span> <span class='ocrx_word' id='word_1_123' title='bbox 1562 1563 1892 1632; x_wconf 72' lang='grc' dir='ltr'>Εὐαγγέλιον</span> 
     </span>
    </p>
   </div>
   <div class='ocr_carea' id='block_1_19' title="bbox 2001 465 3571 542">
    <p class='ocr_par' dir='ltr' id='par_1_19' title="bbox 2001 465 3571 542">
     <span class='ocr_line' id='line_1_19' title="bbox 2001 465 3571 542; baseline -0.006 -14"><span class='ocrx_word' id='word_1_124' title='bbox 2001 473 2109 542; x_wconf 74' lang='grc'><strong>22</strong></span> <span class='ocrx_word' id='word_1_125' title='bbox 2139 486 2388 527; x_wconf 85' lang='lat' dir='ltr'><strong>ex-sacra</strong></span> <span class='ocrx_word' id='word_1_126' title='bbox 2418 482 2595 527; x_wconf 90' lang='lat' dir='ltr'><strong>autem</strong></span> <span class='ocrx_word' id='word_1_127' title='bbox 2618 469 2839 541; x_wconf 78' lang='lat' dir='ltr'><strong>Virgine</strong></span> <span class='ocrx_word' id='word_1_128' title='bbox 2869 478 2928 524; x_wconf 91' lang='lat' dir='ltr'><strong>ut</strong></span> <span class='ocrx_word' id='word_1_129' title='bbox 2964 468 3149 527; x_wconf 80' lang='lat' dir='ltr'><strong>homo.</strong></span> <span class='ocrx_word' id='word_1_130' title='bbox 3195 465 3404 524; x_wconf 83' lang='lat' dir='ltr'><strong>Etenim</strong></span> <span class='ocrx_word' id='word_1_131' title='bbox 3432 465 3571 521; x_wconf 73' lang='lat' dir='ltr'><strong>idem</strong></span> 
     </span>
    </p>
   </div>
   <div class='ocr_carea' id='block_1_20' title="bbox 2000 558 3574 633">
    <p class='ocr_par' dir='ltr' id='par_1_20' title="bbox 2000 558 3574 633">
     <span class='ocr_line' id='line_1_20' title="bbox 2000 558 3574 633; baseline -0.005 -16"><span class='ocrx_word' id='word_1_132' title='bbox 2000 561 2131 617; x_wconf 88' lang='lat' dir='ltr'><strong>illud</strong></span> <span class='ocrx_word' id='word_1_133' title='bbox 2176 562 2410 619; x_wconf 82' lang='lat' dir='ltr'><strong>Verbum</strong></span> <span class='ocrx_word' id='word_1_134' title='bbox 2459 563 2601 633; x_wconf 89' lang='lat' dir='ltr'><strong>quod</strong></span> <span class='ocrx_word' id='word_1_135' title='bbox 2650 558 3015 633; x_wconf 79' lang='lat' dir='ltr'><strong>inexplicabili</strong></span> <span class='ocrx_word' id='word_1_136' title='bbox 3058 559 3253 624; x_wconf 90' lang='lat' dir='ltr'><strong>modo,</strong></span> <span class='ocrx_word' id='word_1_137' title='bbox 3305 570 3574 626; x_wconf 82' lang='lat' dir='ltr'><strong>supraque</strong></span> 
     </span>
    </p>
   </div>
   <div class='ocr_carea' id='block_1_21' title="bbox 1999 645 3573 722">
    <p class='ocr_par' dir='ltr' id='par_1_21' title="bbox 1999 645 3573 722">
     <span class='ocr_line' id='line_1_21' title="bbox 1999 645 3573 722; baseline -0.003 -15"><span class='ocrx_word' id='word_1_138' title='bbox 1999 666 2215 708; x_wconf 90' lang='lat' dir='ltr'><strong>omnem</strong></span> <span class='ocrx_word' id='word_1_139' title='bbox 2266 653 2516 710; x_wconf 66' lang='lat' dir='ltr'><strong>humanae</strong></span> <span class='ocrx_word' id='word_1_140' title='bbox 2570 652 2769 711; x_wconf 87' lang='lat' dir='ltr'><strong>mentis</strong></span> <span class='ocrx_word' id='word_1_141' title='bbox 2826 660 3044 722; x_wconf 88' lang='lat' dir='ltr'><strong>captum</strong></span> <span class='ocrx_word' id='word_1_142' title='bbox 3107 649 3276 704; x_wconf 85' lang='lat' dir='ltr'><strong>eluxit</strong></span> <span class='ocrx_word' id='word_1_143' title='bbox 3338 663 3403 703; x_wconf 81' lang='lat' dir='ltr'><strong>ex</strong></span> <span class='ocrx_word' id='word_1_144' title='bbox 3463 645 3573 702; x_wconf 86' lang='lat' dir='ltr'><strong>Deo</strong></span> 
     </span>
    </p>
   </div>
   <div class='ocr_carea' id='block_1_22' title="bbox 1999 736 3570 809">
    <p class='ocr_par' dir='ltr' id='par_1_22' title="bbox 1999 736 3570 809">
     <span class='ocr_line' id='line_1_22' title="bbox 1999 736 3570 809; baseline -0.003 -14"><span class='ocrx_word' id='word_1_145' title='bbox 1999 740 2180 809; x_wconf 86' lang='lat' dir='ltr'><strong>Patre,</strong></span> <span class='ocrx_word' id='word_1_146' title='bbox 2217 742 2269 798; x_wconf 90' lang='lat' dir='ltr'><strong>in</strong></span> <span class='ocrx_word' id='word_1_147' title='bbox 2305 744 2599 805; x_wconf 80' lang='lat' dir='ltr'><strong>humanam</strong></span> <span class='ocrx_word' id='word_1_148' title='bbox 2638 751 2886 797; x_wconf 89' lang='lat' dir='ltr'><strong>naturam</strong></span> <span class='ocrx_word' id='word_1_149' title='bbox 2923 740 3280 805; x_wconf 82' lang='lat' dir='ltr'><strong>descendens,</strong></span> <span class='ocrx_word' id='word_1_150' title='bbox 3326 746 3383 793; x_wconf 90' lang='lat' dir='ltr'><strong>et</strong></span> <span class='ocrx_word' id='word_1_151' title='bbox 3421 737 3474 791; x_wconf 91' lang='lat' dir='ltr'><strong>in</strong></span> <span class='ocrx_word' id='word_1_152' title='bbox 3518 736 3570 791; x_wconf 88' lang='lat' dir='ltr'><strong>id</strong></span> 
     </span>
    </p>
   </div>
   <div class='ocr_carea' id='block_1_23' title="bbox 2000 830 3574 905">
    <p class='ocr_par' dir='ltr' id='par_1_23' title="bbox 2000 830 3574 905">
     <span class='ocr_line' id='line_1_23' title="bbox 2000 830 3574 905; baseline -0.004 -14"><span class='ocrx_word' id='word_1_153' title='bbox 2000 836 2144 905; x_wconf 89' lang='lat' dir='ltr'><strong>quod</strong></span> <span class='ocrx_word' id='word_1_154' title='bbox 2181 851 2295 893; x_wconf 89' lang='lat' dir='ltr'><strong>non</strong></span> <span class='ocrx_word' id='word_1_155' title='bbox 2338 847 2460 892; x_wconf 84' lang='lat' dir='ltr'><strong>erat</strong></span> <span class='ocrx_word' id='word_1_156' title='bbox 2508 850 2570 892; x_wconf 88' lang='lat' dir='ltr'><strong>se</strong></span> <span class='ocrx_word' id='word_1_157' title='bbox 2616 835 2916 901; x_wconf 89' lang='lat' dir='ltr'><strong>dimittens,</strong></span> <span class='ocrx_word' id='word_1_158' title='bbox 2965 848 3032 889; x_wconf 91' lang='lat' dir='ltr'><strong>ex</strong></span> <span class='ocrx_word' id='word_1_159' title='bbox 3087 830 3312 886; x_wconf 83' lang='lat' dir='ltr'><strong>muliere</strong></span> <span class='ocrx_word' id='word_1_160' title='bbox 3361 843 3574 900; x_wconf 80' lang='lat' dir='ltr'><strong>quoque</strong></span> 
     </span>
    </p>
   </div>
   <div class='ocr_carea' id='block_1_24' title="bbox 2000 919 3572 998">
    <p class='ocr_par' dir='ltr' id='par_1_24' title="bbox 2000 919 3572 998">
     <span class='ocr_line' id='line_1_24' title="bbox 2000 919 3572 998; baseline -0.004 -17"><span class='ocrx_word' id='word_1_161' title='bbox 2000 928 2199 983; x_wconf 91' lang='lat' dir='ltr'><strong>dicitur</strong></span> <span class='ocrx_word' id='word_1_162' title='bbox 2232 938 2419 983; x_wconf 90' lang='lat' dir='ltr'><strong>natum</strong></span> <span class='ocrx_word' id='word_1_163' title='bbox 2451 947 2464 982; x_wconf 91' lang='lat'><strong>:</strong></span> <span class='ocrx_word' id='word_1_164' title='bbox 2500 942 2606 983; x_wconf 90' lang='lat' dir='ltr'><strong>non</strong></span> <span class='ocrx_word' id='word_1_165' title='bbox 2654 943 2764 998; x_wconf 92' lang='lat' dir='ltr'><strong>quo</strong></span> <span class='ocrx_word' id='word_1_166' title='bbox 2786 932 3045 993; x_wconf 32' lang='lat' dir='ltr'><strong>,maneret</strong></span> <span class='ocrx_word' id='word_1_167' title='bbox 3084 922 3444 985; x_wconf 77' lang='lat' dir='ltr'><strong>exinanitum,</strong></span> <span class='ocrx_word' id='word_1_168' title='bbox 3477 919 3572 976; x_wconf 89' lang='lat' dir='ltr'><strong>sed</strong></span> 
     </span>
    </p>
   </div>
   <div class='ocr_carea' id='block_1_25' title="bbox 1998 1012 3572 1091">
    <p class='ocr_par' dir='ltr' id='par_1_25' title="bbox 1998 1012 3572 1091">
     <span class='ocr_line' id='line_1_25' title="bbox 1998 1012 3572 1091; baseline -0.004 -20"><span class='ocrx_word' id='word_1_169' title='bbox 1998 1017 2142 1073; x_wconf 86' lang='lat' dir='ltr'><strong>Deus</strong></span> <span class='ocrx_word' id='word_1_170' title='bbox 2189 1031 2313 1073; x_wconf 88' lang='lat' dir='ltr'><strong>esse</strong></span> <span class='ocrx_word' id='word_1_171' title='bbox 2347 1017 2691 1083; x_wconf 73' lang='lat' dir='ltr'><strong>crederetur,</strong></span> <span class='ocrx_word' id='word_1_172' title='bbox 2728 1012 3015 1091; x_wconf 67' lang='lat' dir='ltr'><strong>postquam</strong></span> <span class='ocrx_word' id='word_1_173' title='bbox 3063 1012 3225 1073; x_wconf 82' lang='lat' dir='ltr'><strong>etiam</strong></span> <span class='ocrx_word' id='word_1_174' title='bbox 3277 1012 3330 1069; x_wconf 90' lang='lat' dir='ltr'><strong>in</strong></span> <span class='ocrx_word' id='word_1_175' title='bbox 3364 1020 3572 1069; x_wconf 68' lang='lat' dir='ltr'><strong>natura:</strong></span> 
     </span>
    </p>
   </div>
   <div class='ocr_carea' id='block_1_26' title="bbox 1998 1103 3571 1176">
    <p class='ocr_par' dir='ltr' id='par_1_26' title="bbox 1998 1103 3571 1176">
     <span class='ocr_line' id='line_1_26' title="bbox 1998 1103 3571 1176; baseline -0.001 -16"><span class='ocrx_word' id='word_1_176' title='bbox 1998 1115 2198 1162; x_wconf 54' lang='lat' dir='ltr'><strong>nostra;</strong></span> <span class='ocrx_word' id='word_1_177' title='bbox 2222 1105 2397 1162; x_wconf 77' lang='lat' dir='ltr'><strong>forma</strong></span> <span class='ocrx_word' id='word_1_178' title='bbox 2429 1107 2480 1162; x_wconf 87' lang='lat' dir='ltr'><strong>in</strong></span> <span class='ocrx_word' id='word_1_179' title='bbox 2535 1107 2696 1162; x_wconf 89' lang='lat' dir='ltr'><strong>terris</strong></span> <span class='ocrx_word' id='word_1_180' title='bbox 2739 1105 2992 1176; x_wconf 81' lang='lat' dir='ltr'><strong>apparuit</strong></span> <span class='ocrx_word' id='word_1_181' title='bbox 3029 1122 3057 1164; x_wconf 72' lang='grc' dir='ltr'>ε,</span> <span class='ocrx_word' id='word_1_182' title='bbox 3080 1119 3187 1159; x_wconf 90' lang='lat' dir='ltr'><strong>non</strong></span> <span class='ocrx_word' id='word_1_183' title='bbox 3223 1113 3476 1172; x_wconf 83' lang='lat' dir='ltr'><strong>tanquam</strong></span> <span class='ocrx_word' id='word_1_184' title='bbox 3523 1103 3571 1158; x_wconf 83' lang='lat' dir='ltr'><strong>is</strong></span> 
     </span>
    </p>
   </div>
   <div class='ocr_carea' id='block_1_27' title="bbox 1997 1196 3569 1270">
    <p class='ocr_par' dir='ltr' id='par_1_27' title="bbox 1997 1196 3569 1270">
     <span class='ocr_line' id='line_1_27' title="bbox 1997 1196 3569 1270; baseline -0.004 -16"><span class='ocrx_word' id='word_1_185' title='bbox 1997 1199 2089 1270; x_wconf 83' lang='lat' dir='ltr'><strong>qui</strong></span> <span class='ocrx_word' id='word_1_186' title='bbox 2128 1199 2404 1255; x_wconf 82' lang='lat' dir='ltr'><strong>hominem</strong></span> <span class='ocrx_word' id='word_1_187' title='bbox 2438 1198 2737 1266; x_wconf 81' lang='lat' dir='ltr'><strong>inhabitet,</strong></span> <span class='ocrx_word' id='word_1_188' title='bbox 2770 1197 2862 1254; x_wconf 90' lang='lat' dir='ltr'><strong>sed</strong></span> <span class='ocrx_word' id='word_1_189' title='bbox 2898 1207 3152 1267; x_wconf 78' lang='lat' dir='ltr'><strong>tanquam</strong></span> <span class='ocrx_word' id='word_1_190' title='bbox 3200 1196 3246 1251; x_wconf 89' lang='lat' dir='ltr'><strong>is</strong></span> <span class='ocrx_word' id='word_1_191' title='bbox 3278 1196 3366 1264; x_wconf 91' lang='lat' dir='ltr'><strong>qui</strong></span> <span class='ocrx_word' id='word_1_192' title='bbox 3409 1196 3569 1249; x_wconf 89' lang='lat' dir='ltr'><strong>homo</strong></span> 
     </span>
    </p>
   </div>
   <div class='ocr_carea' id='block_1_28' title="bbox 1997 1286 3569 1363">
    <p class='ocr_par' dir='ltr' id='par_1_28' title="bbox 1997 1286 3569 1363">
     <span class='ocr_line' id='line_1_28' title="bbox 1997 1286 3569 1363; baseline -0.003 -18"><span class='ocrx_word' id='word_1_193' title='bbox 1997 1293 2173 1361; x_wconf 86' lang='lat' dir='ltr'><strong>reipsa</strong></span> <span class='ocrx_word' id='word_1_194' title='bbox 2203 1291 2456 1357; x_wconf 81' lang='lat' dir='ltr'><strong>exsistat,</strong></span> <span class='ocrx_word' id='word_1_195' title='bbox 2492 1289 2662 1363; x_wconf 72' lang='lat' dir='ltr'><strong>glo’ria</strong></span> <span class='ocrx_word' id='word_1_196' title='bbox 2700 1297 2880 1346; x_wconf 87' lang='lat' dir='ltr'><strong>tamen</strong></span> <span class='ocrx_word' id='word_1_197' title='bbox 2918 1303 3017 1345; x_wconf 89' lang='lat' dir='ltr'><strong>sua</strong></span> <span class='ocrx_word' id='word_1_198' title='bbox 3056 1302 3277 1358; x_wconf 87' lang='lat' dir='ltr'><strong>prorsus</strong></span> <span class='ocrx_word' id='word_1_199' title='bbox 3314 1286 3569 1342; x_wconf 81' lang='lat' dir='ltr'><strong>incolumi</strong></span> 
     </span>
    </p>
   </div>
   <div class='ocr_carea' id='block_1_29' title="bbox 1995 1370 3572 1450">
    <p class='ocr_par' dir='ltr' id='par_1_29' title="bbox 1995 1370 3572 1450">
     <span class='ocr_line' id='line_1_29' title="bbox 1995 1370 3572 1450; baseline -0.003 -14"><span class='ocrx_word' id='word_1_200' title='bbox 1995 1390 2050 1436; x_wconf 88' lang='lat' dir='ltr'><strong>et</strong></span> <span class='ocrx_word' id='word_1_201' title='bbox 2075 1380 2247 1436; x_wconf 87' lang='lat' dir='ltr'><strong>salva.</strong></span> <span class='ocrx_word' id='word_1_202' title='bbox 2278 1378 2621 1450; x_wconf 80' lang='lat' dir='ltr'><strong>Quapropter</strong></span> <span class='ocrx_word' id='word_1_203' title='bbox 2649 1379 2866 1437; x_wconf 88' lang='lat' dir='ltr'><strong>divinus</strong></span> <span class='ocrx_word' id='word_1_204' title='bbox 2895 1377 3094 1437; x_wconf 88' lang='lat' dir='ltr'><strong>Paulus</strong></span> <span class='ocrx_word' id='word_1_205' title='bbox 3127 1370 3487 1444; x_wconf 79' lang='lat' dir='ltr'><strong>divinitatem,</strong></span> <span class='ocrx_word' id='word_1_206' title='bbox 3516 1386 3572 1432; x_wconf 88' lang='lat' dir='ltr'><strong>et</strong></span> 
     </span>
    </p>
   </div>
   <div class='ocr_carea' id='block_1_30' title="bbox 1996 1469 3569 1542">
    <p class='ocr_par' dir='ltr' id='par_1_30' title="bbox 1996 1469 3569 1542">
     <span class='ocr_line' id='line_1_30' title="bbox 1996 1469 3569 1542; baseline -0.003 -15"><span class='ocrx_word' id='word_1_207' title='bbox 1996 1472 2434 1537; x_wconf 80' lang='lat' dir='ltr'><strong>humanitatem,</strong></span> <span class='ocrx_word' id='word_1_208' title='bbox 2490 1487 2610 1542; x_wconf 69' lang='lat' dir='ltr'><strong>quae</strong></span> <span class='ocrx_word' id='word_1_209' title='bbox 2651 1471 2797 1542; x_wconf 91' lang='lat' dir='ltr'><strong>quod</strong></span> <span class='ocrx_word' id='word_1_210' title='bbox 2853 1473 2920 1526; x_wconf 88' lang='lat' dir='ltr'><strong>ad</strong></span> <span class='ocrx_word' id='word_1_211' title='bbox 2979 1482 3187 1526; x_wconf 70' lang='lat' dir='ltr'><strong>naturae</strong></span> <span class='ocrx_word' id='word_1_212' title='bbox 3235 1469 3569 1525; x_wconf 84' lang='lat' dir='ltr'><strong>identitatent</strong></span> 
     </span>
    </p>
   </div>
   <div class='ocr_carea' id='block_1_31' title="bbox 1996 1560 3568 1632">
    <p class='ocr_par' dir='ltr' id='par_1_31' title="bbox 1996 1560 3568 1632">
     <span class='ocr_line' id='line_1_31' title="bbox 1996 1560 3568 1632; baseline 0.001 -16"><span class='ocrx_word' id='word_1_213' title='bbox 1996 1564 2215 1627; x_wconf 87' lang='lat' dir='ltr'><strong>attinet,</strong></span> <span class='ocrx_word' id='word_1_214' title='bbox 2249 1562 2565 1632; x_wconf 84' lang='lat' dir='ltr'><strong>longissimo</strong></span> <span class='ocrx_word' id='word_1_215' title='bbox 2598 1561 2908 1627; x_wconf 90' lang='lat' dir='ltr'><strong>intervallo,</strong></span> <span class='ocrx_word' id='word_1_216' title='bbox 2962 1561 3334 1632; x_wconf 88' lang='lat' dir='ltr'><strong>immensoque</strong></span> <span class='ocrx_word' id='word_1_217' title='bbox 3372 1560 3568 1617; x_wconf 89' lang='lat' dir='ltr'><strong>discri-</strong></span> 
     </span>
    </p>
   </div>
   <div class='ocr_carea' id='block_1_32' title="bbox 322 1650 1887 1728">
    <p class='ocr_par' dir='ltr' id='par_1_32' title="bbox 322 1650 1887 1728">
     <span class='ocr_line' id='line_1_32' title="bbox 322 1650 1887 1728; baseline 0.003 -25"><span class='ocrx_word' id='word_1_218' title='bbox 322 1650 480 1718; x_wconf 88' lang='grc' dir='ltr'>Θεοῦ,</span> <span class='ocrx_word' id='word_1_219' title='bbox 510 1651 538 1704; x_wconf 80' lang='grc' dir='ltr'><strong>ὃ</strong></span> <span class='ocrx_word' id='word_1_220' title='bbox 572 1653 1041 1725; x_wconf 73' lang='grc' dir='ltr'><strong>προεπηγγείλατο</strong></span> <span class='ocrx_word' id='word_1_221' title='bbox 1064 1653 1152 1708; x_wconf 82' lang='grc' dir='ltr'><strong>διὰ</strong></span> <span class='ocrx_word' id='word_1_222' title='bbox 1175 1653 1283 1708; x_wconf 83' lang='grc' dir='ltr'><strong>τῶν</strong></span> <span class='ocrx_word' id='word_1_223' title='bbox 1316 1653 1613 1728; x_wconf 82' lang='grc' dir='ltr'><strong>προφητῶν</strong></span> <span class='ocrx_word' id='word_1_224' title='bbox 1642 1654 1807 1708; x_wconf 81' lang='grc' dir='ltr'>αὑτοῦ</span> <span class='ocrx_word' id='word_1_225' title='bbox 1834 1655 1887 1708; x_wconf 78' lang='grc' dir='ltr'>ἐν</span> 
     </span>
    </p>
   </div>
   <div class='ocr_carea' id='block_1_33' title="bbox 1992 1650 3570 1728">
    <p class='ocr_par' dir='ltr' id='par_1_33' title="bbox 1999 1651 3570 1721">
     <span class='ocr_line' id='line_1_33' title="bbox 1999 1651 3570 1721; baseline -0.001 -13"><span class='ocrx_word' id='word_1_226' title='bbox 1999 1654 2143 1710; x_wconf 89' lang='lat' dir='ltr'><strong>mine</strong></span> <span class='ocrx_word' id='word_1_227' title='bbox 2189 1671 2218 1709; x_wconf 75' lang='grc' dir='ltr'><strong>ει</strong></span> <span class='ocrx_word' id='word_1_228' title='bbox 2260 1669 2320 1710; x_wconf 90' lang='lat' dir='ltr'><strong>se</strong></span> <span class='ocrx_word' id='word_1_229' title='bbox 2366 1661 2553 1708; x_wconf 91' lang='lat' dir='ltr'><strong>mutuo</strong></span> <span class='ocrx_word' id='word_1_230' title='bbox 2585 1653 2810 1717; x_wconf 87' lang='lat' dir='ltr'><strong>distant,</strong></span> <span class='ocrx_word' id='word_1_231' title='bbox 2856 1651 3258 1721; x_wconf 84' lang='lat' dir='ltr'><strong>dispensatione</strong></span> <span class='ocrx_word' id='word_1_232' title='bbox 3306 1651 3361 1705; x_wconf 93' lang='lat' dir='ltr'><strong>in</strong></span> <span class='ocrx_word' id='word_1_233' title='bbox 3403 1666 3570 1707; x_wconf 88' lang='lat' dir='ltr'><strong>unum</strong></span> 
     </span>
    </p>
   </div>
   <div class='ocr_carea' id='block_1_34' title="bbox 322 1717 1887 1816">
    <p class='ocr_par' dir='ltr' id='par_1_34' title="bbox 322 1717 1887 1816">
     <span class='ocr_line' id='line_1_34' title="bbox 322 1717 1887 1816; baseline 0.004 -24"><span class='ocrx_word' id='word_1_234' title='bbox 322 1740 566 1811; x_wconf 84' lang='grc' dir='ltr'>Γραφαίς</span> <span class='ocrx_word' id='word_1_235' title='bbox 600 1717 944 1816; x_wconf 59' lang='grc' dir='ltr'>άτιωξτὲψι</span> <span class='ocrx_word' id='word_1_236' title='bbox 966 1743 1062 1796; x_wconf 85' lang='grc' dir='ltr'><strong>τοῦ</strong></span> <span class='ocrx_word' id='word_1_237' title='bbox 1090 1743 1223 1798; x_wconf 71' lang='grc' dir='ltr'>Υἰοῦ</span> <span class='ocrx_word' id='word_1_238' title='bbox 1250 1717 1449 1810; x_wconf 71' lang='grc' dir='ltr'>αὐτοῦ,</span> <span class='ocrx_word' id='word_1_239' title='bbox 1468 1717 1563 1798; x_wconf 70' lang='grc' dir='ltr'><strong>τοῦ</strong></span> <span class='ocrx_word' id='word_1_240' title='bbox 1592 1745 1887 1816; x_wconf 78' lang='grc' dir='ltr'>γενομένου</span> 
     </span>
    </p>
   </div>
   <div class='ocr_carea' id='block_1_35' title="bbox 1992 1717 3569 1816">
    <p class='ocr_par' dir='ltr' id='par_1_35' title="bbox 1999 1717 3569 1814">
     <span class='ocr_line' id='line_1_35' title="bbox 1999 1717 3569 1814; baseline -0.004 -15"><span class='ocrx_word' id='word_1_241' title='bbox 1999 1758 2217 1814; x_wconf 81' lang='lat' dir='ltr'><strong>cogens.</strong></span> <span class='ocrx_word' id='word_1_242' title='bbox 2252 1752 2307 1798; x_wconf 89' lang='lat' dir='ltr'><strong>et</strong></span> <span class='ocrx_word' id='word_1_243' title='bbox 2340 1758 2405 1798; x_wconf 84' lang='lat' dir='ltr'><strong>ex</strong></span> <span class='ocrx_word' id='word_1_244' title='bbox 2451 1742 2702 1812; x_wconf 91' lang='lat' dir='ltr'><strong>utrisque</strong></span> <span class='ocrx_word' id='word_1_245' title='bbox 2736 1756 2901 1796; x_wconf 89' lang='lat' dir='ltr'><strong>unum</strong></span> <span class='ocrx_word' id='word_1_246' title='bbox 2946 1717 3244 1805; x_wconf 69' lang='lat' dir='ltr'><strong>Christum,</strong></span> <span class='ocrx_word' id='word_1_247' title='bbox 3273 1737 3569 1799; x_wconf 71' lang='lat' dir='ltr'><strong>Deum.Fi,-</strong></span> 
     </span>
    </p>
   </div>
   <div class='ocr_carea' id='block_1_36' title="bbox 319 1831 1891 1909">
    <p class='ocr_par' dir='ltr' id='par_1_36' title="bbox 319 1831 1891 1909">
     <span class='ocr_line' id='line_1_36' title="bbox 319 1831 1891 1909; baseline 0.005 -25"><span class='ocrx_word' id='word_1_248' title='bbox 319 1831 386 1885; x_wconf 76' lang='grc' dir='ltr'>ὲκ</span> <span class='ocrx_word' id='word_1_249' title='bbox 434 1832 745 1904; x_wconf 86' lang='grc' dir='ltr'>σπέρματος</span> <span class='ocrx_word' id='word_1_250' title='bbox 795 1835 960 1890; x_wconf 72' lang='grc' dir='ltr'>Δασιδ</span> <span class='ocrx_word' id='word_1_251' title='bbox 1000 1834 1142 1889; x_wconf 72' lang='grc' dir='ltr'>κατὰ</span> <span class='ocrx_word' id='word_1_252' title='bbox 1179 1834 1380 1906; x_wconf 81' lang='grc' dir='ltr'><strong>σάρκα,</strong></span> <span class='ocrx_word' id='word_1_253' title='bbox 1431 1835 1526 1890; x_wconf 90' lang='grc' dir='ltr'><strong>τοῦ</strong></span> <span class='ocrx_word' id='word_1_254' title='bbox 1580 1836 1891 1909; x_wconf 83' lang='grc' dir='ltr'><strong>ὁρισθέντος</strong></span> 
     </span>
    </p>
   </div>
   <div class='ocr_carea' id='block_1_37' title="bbox 318 1916 1882 1996">
    <p class='ocr_par' dir='ltr' id='par_1_37' title="bbox 318 1916 1882 1996">
     <span class='ocr_line' id='line_1_37' title="bbox 318 1916 1882 1996; baseline 0.004 -26"><span class='ocrx_word' id='word_1_255' title='bbox 318 1916 451 1971; x_wconf 83' lang='grc' dir='ltr'>Υίοῦ</span> <span class='ocrx_word' id='word_1_256' title='bbox 483 1919 617 1974; x_wconf 85' lang='grc' dir='ltr'>Θεοῦ</span> <span class='ocrx_word' id='word_1_257' title='bbox 656 1922 714 1975; x_wconf 83' lang='grc' dir='ltr'>ὲν</span> <span class='ocrx_word' id='word_1_258' title='bbox 752 1922 1020 1993; x_wconf 84' lang='grc' dir='ltr'>δυνάμει,</span> <span class='ocrx_word' id='word_1_259' title='bbox 1063 1921 1205 1975; x_wconf 80' lang='grc' dir='ltr'>κατὰ</span> <span class='ocrx_word' id='word_1_260' title='bbox 1245 1921 1462 1992; x_wconf 84' lang='grc' dir='ltr'>πνεῦμα</span> <span class='ocrx_word' id='word_1_261' title='bbox 1492 1923 1826 1996; x_wconf 79' lang='grc' dir='ltr'>ἁγιωσύνης.</span> <span class='ocrx_word' id='word_1_262' title='bbox 1862 1944 1882 1976; x_wconf 70' lang='grc' dir='ltr'><strong>ι</strong></span> 
     </span>
    </p>
   </div>
   <div class='ocr_carea' id='block_1_38' title="bbox 331 2010 1887 2084">
    <p class='ocr_par' dir='ltr' id='par_1_38' title="bbox 331 2010 1887 2084">
     <span class='ocr_line' id='line_1_38' title="bbox 331 2010 1887 2084; baseline 0.003 -20"><span class='ocrx_word' id='word_1_263' title='bbox 331 2010 461 2065; x_wconf 82' lang='grc' dir='ltr'>Ἰδοὺ</span> <span class='ocrx_word' id='word_1_264' title='bbox 483 2011 544 2082; x_wconf 84' lang='grc' dir='ltr'>δὴ</span> <span class='ocrx_word' id='word_1_265' title='bbox 578 2012 766 2082; x_wconf 81' lang='grc' dir='ltr'><strong>σαφῶς</strong></span> <span class='ocrx_word' id='word_1_266' title='bbox 792 2012 1102 2084; x_wconf 81' lang='grc' dir='ltr'>ἀφωρίσθαι</span> <span class='ocrx_word' id='word_1_267' title='bbox 1129 2012 1294 2084; x_wconf 74' lang='grc' dir='ltr'>φησὶν</span> <span class='ocrx_word' id='word_1_268' title='bbox 1319 2013 1508 2067; x_wconf 78' lang='grc' dir='ltr'>ἑαυτὸν</span> <span class='ocrx_word' id='word_1_269' title='bbox 1528 2015 1609 2078; x_wconf 86' lang='grc' dir='ltr'>είς</span> <span class='ocrx_word' id='word_1_270' title='bbox 1639 2015 1887 2084; x_wconf 81' lang='grc' dir='ltr'>Εὐαγγέ-</span> 
     </span>
    </p>
   </div>
   <div class='ocr_carea' id='block_1_39' title="bbox 317 2102 1886 2179">
    <p class='ocr_par' dir='ltr' id='par_1_39' title="bbox 317 2102 1886 2179">
     <span class='ocr_line' id='line_1_39' title="bbox 317 2102 1886 2179; baseline 0.003 -24"><span class='ocrx_word' id='word_1_271' title='bbox 317 2102 429 2156; x_wconf 87' lang='grc' dir='ltr'>λιον</span> <span class='ocrx_word' id='word_1_272' title='bbox 448 2102 602 2171; x_wconf 87' lang='grc' dir='ltr'>Θεοῦ,</span> <span class='ocrx_word' id='word_1_273' title='bbox 641 2106 819 2158; x_wconf 85' lang='grc' dir='ltr'>καίτοι</span> <span class='ocrx_word' id='word_1_274' title='bbox 848 2105 1077 2175; x_wconf 84' lang='grc' dir='ltr'>γράφων</span> <span class='ocrx_word' id='word_1_275' title='bbox 1110 2105 1434 2175; x_wconf 79' lang='grc' dir='ltr'>ἀναφανδόν·</span> <span class='ocrx_word' id='word_1_276' title='bbox 1473 2123 1491 2157; x_wconf 83' lang='lat' dir='ltr'><strong>t</strong></span> <span class='ocrx_word' id='word_1_277' title='bbox 1522 2107 1596 2160; x_wconf 81' lang='grc' dir='ltr'><strong>Οὐ</strong></span> <span class='ocrx_word' id='word_1_278' title='bbox 1622 2106 1731 2179; x_wconf 84' lang='grc' dir='ltr'>γὰρ</span> <span class='ocrx_word' id='word_1_279' title='bbox 1760 2108 1886 2161; x_wconf 80' lang='grc' dir='ltr'>ἐαυ-</span> 
     </span>
    </p>
   </div>
   <div class='ocr_carea' id='block_1_40' title="bbox 313 2195 1883 2268">
    <p class='ocr_par' dir='ltr' id='par_1_40' title="bbox 313 2195 1883 2268">
     <span class='ocr_line' id='line_1_40' title="bbox 313 2195 1883 2268; baseline 0.003 -21"><span class='ocrx_word' id='word_1_280' title='bbox 313 2195 442 2258; x_wconf 77' lang='grc' dir='ltr'>τοὺς</span> <span class='ocrx_word' id='word_1_281' title='bbox 466 2196 831 2267; x_wconf 83' lang='grc' dir='ltr'>κηρύσσομεν,</span> <span class='ocrx_word' id='word_1_282' title='bbox 855 2196 1249 2266; x_wconf 74' lang='grc' dir='ltr'>ἁλλὰΧριστὸν</span> <span class='ocrx_word' id='word_1_283' title='bbox 1280 2197 1506 2268; x_wconf 85' lang='grc' dir='ltr'>Ἰησοῦν·</span> <span class='ocrx_word' id='word_1_284' title='bbox 1537 2218 1556 2251; x_wconf 71' lang='grc' dir='ltr'><strong>ι</strong></span> <span class='ocrx_word' id='word_1_285' title='bbox 1587 2199 1681 2253; x_wconf 76' lang='grc' dir='ltr'>καὶ</span> <span class='ocrx_word' id='word_1_286' title='bbox 1701 2197 1883 2252; x_wconf 87' lang='grc' dir='ltr'>πάλιν·</span> 
     </span>
    </p>
   </div>
   <div class='ocr_carea' id='block_1_41' title="bbox 322 2285 1891 2361">
    <p class='ocr_par' dir='ltr' id='par_1_41' title="bbox 322 2285 1891 2361">
     <span class='ocr_line' id='line_1_41' title="bbox 322 2285 1891 2361; baseline 0.003 -24"><span class='ocrx_word' id='word_1_287' title='bbox 322 2302 340 2336; x_wconf 78' lang='grc' dir='ltr'><strong>ι</strong></span> <span class='ocrx_word' id='word_1_288' title='bbox 376 2286 449 2338; x_wconf 77' lang='grc' dir='ltr'>Οὐ</span> <span class='ocrx_word' id='word_1_289' title='bbox 481 2285 589 2356; x_wconf 87' lang='grc' dir='ltr'><strong>γὰρ</strong></span> <span class='ocrx_word' id='word_1_290' title='bbox 618 2286 809 2356; x_wconf 77' lang='grc' dir='ltr'>ἔκρινά</span> <span class='ocrx_word' id='word_1_291' title='bbox 846 2305 903 2341; x_wconf 86' lang='grc' dir='ltr'><strong>τι</strong></span> <span class='ocrx_word' id='word_1_292' title='bbox 931 2287 1127 2342; x_wconf 79' lang='grc' dir='ltr'>εἰδέναι</span> <span class='ocrx_word' id='word_1_293' title='bbox 1155 2289 1212 2341; x_wconf 77' lang='grc' dir='ltr'>ὲν</span> <span class='ocrx_word' id='word_1_294' title='bbox 1260 2289 1411 2356; x_wconf 85' lang='grc' dir='ltr'>ὑμῖν,</span> <span class='ocrx_word' id='word_1_295' title='bbox 1442 2290 1490 2342; x_wconf 83' lang='grc' dir='ltr'><strong>εἰ</strong></span> <span class='ocrx_word' id='word_1_296' title='bbox 1537 2288 1611 2359; x_wconf 83' lang='grc' dir='ltr'>μὴ</span> <span class='ocrx_word' id='word_1_297' title='bbox 1653 2289 1891 2361; x_wconf 83' lang='grc' dir='ltr'>Χριστὸν</span> 
     </span>
    </p>
   </div>
   <div class='ocr_carea' id='block_1_42' title="bbox 325 2377 1415 2453">
    <p class='ocr_par' dir='ltr' id='par_1_42' title="bbox 325 2377 1415 2453">
     <span class='ocr_line' id='line_1_42' title="bbox 325 2377 1415 2453; baseline 0 -22"><span class='ocrx_word' id='word_1_298' title='bbox 325 2377 558 2449; x_wconf 82' lang='grc' dir='ltr'>Ἰησοῦν,</span> <span class='ocrx_word' id='word_1_299' title='bbox 592 2381 685 2433; x_wconf 66' lang='grc' dir='ltr'><strong>κα)⁹</strong></span> <span class='ocrx_word' id='word_1_300' title='bbox 709 2378 897 2433; x_wconf 88' lang='grc' dir='ltr'>τοῦτον</span> <span class='ocrx_word' id='word_1_301' title='bbox 926 2380 1362 2453; x_wconf 76' lang='grc' dir='ltr'><strong>ἐσταυρωμένον.</strong></span> <span class='ocrx_word' id='word_1_302' title='bbox 1398 2400 1415 2431; x_wconf 82' lang='grc'>›</span> 
     </span>
    </p>
   </div>
   <div class='ocr_carea' id='block_1_43' title="bbox 1995 1829 3587 1900">
    <p class='ocr_par' dir='ltr' id='par_1_43' title="bbox 1995 1829 3587 1900">
     <span class='ocr_line' id='line_1_43' title="bbox 1995 1829 3587 1900; baseline -0.003 -12"><span class='ocrx_word' id='word_1_303' title='bbox 1995 1833 2127 1889; x_wconf 85' lang='lat' dir='ltr'><strong>lium</strong></span> <span class='ocrx_word' id='word_1_304' title='bbox 2163 1843 2419 1890; x_wconf 84' lang='lat' dir='ltr'><strong>constare</strong></span> <span class='ocrx_word' id='word_1_305' title='bbox 2464 1832 2783 1900; x_wconf 84' lang='lat' dir='ltr'><strong>ostendens,</strong></span> <span class='ocrx_word' id='word_1_306' title='bbox 2813 1832 2887 1887; x_wconf 91' lang='lat' dir='ltr'><strong>ita</strong></span> <span class='ocrx_word' id='word_1_307' title='bbox 2920 1831 3000 1886; x_wconf 89' lang='lat' dir='ltr'><strong>ait</strong></span> <span class='ocrx_word' id='word_1_308' title='bbox 3034 1849 3048 1887; x_wconf 91' lang='lat'><strong>:</strong></span> <span class='ocrx_word' id='word_1_309' title='bbox 3085 1848 3104 1882; x_wconf 74' lang='grc' dir='ltr'><strong>ι</strong></span> <span class='ocrx_word' id='word_1_310' title='bbox 3133 1829 3333 1889; x_wconf 80' lang='lat' dir='ltr'><strong>Paulus</strong></span> <span class='ocrx_word' id='word_1_311' title='bbox 3381 1843 3587 1886; x_wconf 85' lang='lat' dir='ltr'><strong>servus.</strong></span> 
     </span>
    </p>
   </div>
   <div class='ocr_carea' id='block_1_44' title="bbox 1997 1919 3571 1994">
    <p class='ocr_par' dir='ltr' id='par_1_44' title="bbox 1997 1919 3571 1994">
     <span class='ocr_line' id='line_1_44' title="bbox 1997 1919 3571 1994; baseline -0.004 -13"><span class='ocrx_word' id='word_1_312' title='bbox 1997 1925 2122 1982; x_wconf 84' lang='lat' dir='ltr'><strong>Jesu</strong></span> <span class='ocrx_word' id='word_1_313' title='bbox 2154 1925 2380 1990; x_wconf 87' lang='lat' dir='ltr'><strong>Christi,</strong></span> <span class='ocrx_word' id='word_1_314' title='bbox 2402 1935 2629 1980; x_wconf 91' lang='lat' dir='ltr'><strong>vocatus</strong></span> <span class='ocrx_word' id='word_1_315' title='bbox 2657 1924 2955 1994; x_wconf 85' lang='lat' dir='ltr'><strong>apostolus,</strong></span> <span class='ocrx_word' id='word_1_316' title='bbox 2981 1921 3367 1994; x_wconf 81' lang='lat' dir='ltr'><strong>segregatusjn</strong></span> <span class='ocrx_word' id='word_1_317' title='bbox 3392 1919 3571 1975; x_wconf 87' lang='lat' dir='ltr'><strong>Evan-</strong></span> 
     </span>
    </p>
   </div>
   <div class='ocr_carea' id='block_1_45' title="bbox 1993 1997 3572 2087">
    <p class='ocr_par' dir='ltr' id='par_1_45' title="bbox 1993 1997 3572 2087">
     <span class='ocr_line' id='line_1_45' title="bbox 1993 1997 3572 2087; baseline -0.003 -18"><span class='ocrx_word' id='word_1_318' title='bbox 1993 2017 2192 2087; x_wconf 79' lang='lat' dir='ltr'><strong>gelium</strong></span> <span class='ocrx_word' id='word_1_319' title='bbox 2247 2015 2364 2081; x_wconf 88' lang='lat' dir='ltr'><strong>Dei,</strong></span> <span class='ocrx_word' id='word_1_320' title='bbox 2409 2015 2551 2084; x_wconf 90' lang='lat' dir='ltr'><strong>quod</strong></span> <span class='ocrx_word' id='word_1_321' title='bbox 2598 2023 2724 2070; x_wconf 90' lang='lat' dir='ltr'><strong>ante</strong></span> <span class='ocrx_word' id='word_1_322' title='bbox 2770 1997 3098 2083; x_wconf 70' lang='lat' dir='ltr'><strong>promiserat</strong></span> <span class='ocrx_word' id='word_1_323' title='bbox 3144 2026 3244 2082; x_wconf 87' lang='lat' dir='ltr'><strong>per</strong></span> <span class='ocrx_word' id='word_1_324' title='bbox 3278 2011 3572 2081; x_wconf 86' lang='lat' dir='ltr'><strong>prophetas</strong></span> 
     </span>
    </p>
   </div>
   <div class='ocr_carea' id='block_1_46' title="bbox 1994 2103 3570 2178">
    <p class='ocr_par' dir='ltr' id='par_1_46' title="bbox 1994 2103 3570 2178">
     <span class='ocr_line' id='line_1_46' title="bbox 1994 2103 3570 2178; baseline -0.004 -15"><span class='ocrx_word' id='word_1_325' title='bbox 1994 2123 2120 2164; x_wconf 91' lang='lat' dir='ltr'><strong>suos</strong></span> <span class='ocrx_word' id='word_1_326' title='bbox 2155 2109 2207 2162; x_wconf 90' lang='lat' dir='ltr'><strong>in</strong></span> <span class='ocrx_word' id='word_1_327' title='bbox 2237 2107 2540 2178; x_wconf 85' lang='lat' dir='ltr'><strong>Scripturis</strong></span> <span class='ocrx_word' id='word_1_328' title='bbox 2582 2107 2790 2162; x_wconf 86' lang='lat' dir='ltr'><strong>sanctis</strong></span> <span class='ocrx_word' id='word_1_329' title='bbox 2824 2106 2891 2162; x_wconf 91' lang='lat' dir='ltr'><strong>de</strong></span> <span class='ocrx_word' id='word_1_330' title='bbox 2934 2104 3072 2167; x_wconf 80' lang='lat' dir='ltr'><strong>Filio</strong></span> <span class='ocrx_word' id='word_1_331' title='bbox 3103 2118 3225 2169; x_wconf 91' lang='lat' dir='ltr'><strong>suo,</strong></span> <span class='ocrx_word' id='word_1_332' title='bbox 3254 2104 3347 2173; x_wconf 90' lang='lat' dir='ltr'><strong>qui</strong></span> <span class='ocrx_word' id='word_1_333' title='bbox 3390 2103 3570 2158; x_wconf 82' lang='lat' dir='ltr'><strong>factus</strong></span> 
     </span>
    </p>
   </div>
   <div class='ocr_carea' id='block_1_47' title="bbox 1992 2195 3571 2264">
    <p class='ocr_par' dir='ltr' id='par_1_47' title="bbox 1992 2195 3571 2264">
     <span class='ocr_line' id='line_1_47' title="bbox 1992 2195 3571 2264; baseline -0.003 -11"><span class='ocrx_word' id='word_1_334' title='bbox 1992 2208 2077 2255; x_wconf 90' lang='lat' dir='ltr'><strong>est</strong></span> <span class='ocrx_word' id='word_1_335' title='bbox 2126 2199 2174 2254; x_wconf 90' lang='lat' dir='ltr'><strong>ei</strong></span> <span class='ocrx_word' id='word_1_336' title='bbox 2231 2213 2299 2254; x_wconf 84' lang='lat' dir='ltr'><strong>ex</strong></span> <span class='ocrx_word' id='word_1_337' title='bbox 2347 2199 2557 2253; x_wconf 87' lang='lat' dir='ltr'><strong>semine</strong></span> <span class='ocrx_word' id='word_1_338' title='bbox 2608 2195 2779 2252; x_wconf 84' lang='lat' dir='ltr'><strong>David</strong></span> <span class='ocrx_word' id='word_1_339' title='bbox 2832 2196 3132 2253; x_wconf 88' lang='lat' dir='ltr'><strong>secundum</strong></span> <span class='ocrx_word' id='word_1_340' title='bbox 3186 2210 3428 2258; x_wconf 87' lang='lat' dir='ltr'><strong>carnem,</strong></span> <span class='ocrx_word' id='word_1_341' title='bbox 3476 2195 3571 2264; x_wconf 90' lang='lat' dir='ltr'><strong>qui</strong></span> 
     </span>
    </p>
   </div>
   <div class='ocr_carea' id='block_1_48' title="bbox 1992 2283 3568 2360">
    <p class='ocr_par' dir='ltr' id='par_1_48' title="bbox 1992 2283 3568 2360">
     <span class='ocr_line' id='line_1_48' title="bbox 1992 2283 3568 2360; baseline -0.005 -15"><span class='ocrx_word' id='word_1_342' title='bbox 1992 2289 2405 2360; x_wconf 66' lang='lat' dir='ltr'><strong>praedestinatus</strong></span> <span class='ocrx_word' id='word_1_343' title='bbox 2437 2297 2519 2342; x_wconf 89' lang='lat' dir='ltr'><strong>est</strong></span> <span class='ocrx_word' id='word_1_344' title='bbox 2552 2286 2722 2346; x_wconf 84' lang='lat' dir='ltr'><strong>Filius</strong></span> <span class='ocrx_word' id='word_1_345' title='bbox 2748 2286 2843 2341; x_wconf 87' lang='lat' dir='ltr'><strong>Dei</strong></span> <span class='ocrx_word' id='word_1_346' title='bbox 2894 2286 2947 2341; x_wconf 91' lang='lat' dir='ltr'><strong>in</strong></span> <span class='ocrx_word' id='word_1_347' title='bbox 2993 2285 3216 2351; x_wconf 88' lang='lat' dir='ltr'><strong>virtute,</strong></span> <span class='ocrx_word' id='word_1_348' title='bbox 3265 2283 3568 2339; x_wconf 87' lang='lat' dir='ltr'><strong>secundum</strong></span> 
     </span>
    </p>
   </div>
   <div class='ocr_carea' id='block_1_49' title="bbox 1992 2368 3650 2458">
    <p class='ocr_par' dir='ltr' id='par_1_49' title="bbox 1992 2368 3650 2458">
     <span class='ocr_line' id='line_1_49' title="bbox 1992 2368 3650 2458; baseline -0.004 -23"><span class='ocrx_word' id='word_1_349' title='bbox 1992 2368 2248 2451; x_wconf 80' lang='lat' dir='ltr'><strong>spiritum</strong></span> <span class='ocrx_word' id='word_1_350' title='bbox 2269 2379 2833 2438; x_wconf 73' lang='lat' dir='ltr'><strong>‘sanctitleationis&quot;.</strong></span> <span class='ocrx_word' id='word_1_351' title='bbox 2873 2397 2892 2431; x_wconf 74' lang='grc' dir='ltr'><strong>ι</strong></span> <span class='ocrx_word' id='word_1_352' title='bbox 2945 2378 3087 2434; x_wconf 89' lang='lat' dir='ltr'><strong>Ecce</strong></span> <span class='ocrx_word' id='word_1_353' title='bbox 3139 2377 3234 2432; x_wconf 85' lang='lat' dir='ltr'><strong>tibi</strong></span> <span class='ocrx_word' id='word_1_354' title='bbox 3273 2385 3461 2446; x_wconf 89' lang='lat' dir='ltr'><strong>aperte</strong></span> <span class='ocrx_word' id='word_1_355' title='bbox 3510 2375 3566 2429; x_wconf 87' lang='lat' dir='ltr'><strong>in</strong></span> <span class='ocrx_word' id='word_1_356' title='bbox 3647 2454 3650 2458; x_wconf 11' lang='grc' dir='ltr'><strong>Δ</strong></span> 
     </span>
    </p>
   </div>
   <div class='ocr_carea' id='block_1_50' title="bbox 312 2468 3568 2543">
    <p class='ocr_par' dir='ltr' id='par_1_50' title="bbox 312 2468 3568 2543">
     <span class='ocr_line' id='line_1_50' title="bbox 312 2468 3568 2543; baseline 0.001 -22"><span class='ocrx_word' id='word_1_357' title='bbox 312 2469 667 2538; x_wconf 79' lang='lat' dir='ltr'><strong>Evangelium</strong></span> <span class='ocrx_word' id='word_1_358' title='bbox 718 2469 810 2526; x_wconf 87' lang='lat' dir='ltr'><strong>Dei</strong></span> <span class='ocrx_word' id='word_1_359' title='bbox 861 2483 1201 2543; x_wconf 75' lang='lat' dir='ltr'><strong>segregatum</strong></span> <span class='ocrx_word' id='word_1_360' title='bbox 1251 2473 1503 2529; x_wconf 66' lang='lat' dir='ltr'><strong>allii-mat.</strong></span> <span class='ocrx_word' id='word_1_361' title='bbox 1548 2473 1711 2541; x_wconf 84' lang='lat' dir='ltr'><strong>Atqui</strong></span> <span class='ocrx_word' id='word_1_362' title='bbox 1761 2472 1892 2529; x_wconf 82' lang='lat' dir='ltr'><strong>alibi</strong></span> <span class='ocrx_word' id='word_1_363' title='bbox 1929 2473 2130 2529; x_wconf 87' lang='lat' dir='ltr'><strong>diserte</strong></span> <span class='ocrx_word' id='word_1_364' title='bbox 2199 2472 2264 2526; x_wconf 88' lang='lat' dir='ltr'><strong>ad</strong></span> <span class='ocrx_word' id='word_1_365' title='bbox 2311 2472 2454 2528; x_wconf 91' lang='lat' dir='ltr'><strong>hunc</strong></span> <span class='ocrx_word' id='word_1_366' title='bbox 2503 2471 2721 2527; x_wconf 90' lang='lat' dir='ltr'><strong>modum</strong></span> <span class='ocrx_word' id='word_1_367' title='bbox 2768 2471 3001 2527; x_wconf 88' lang='lat' dir='ltr'><strong>scribit:</strong></span> <span class='ocrx_word' id='word_1_368' title='bbox 3035 2489 3053 2523; x_wconf 77' lang='grc' dir='ltr'><strong>ι</strong></span> <span class='ocrx_word' id='word_1_369' title='bbox 3118 2469 3236 2526; x_wconf 80' lang='lat' dir='ltr'><strong>Non</strong></span> <span class='ocrx_word' id='word_1_370' title='bbox 3285 2485 3385 2525; x_wconf 91' lang='lat' dir='ltr'><strong>nos</strong></span> <span class='ocrx_word' id='word_1_371' title='bbox 3423 2468 3568 2539; x_wconf 89' lang='lat' dir='ltr'><strong>ipsos</strong></span> 
     </span>
    </p>
   </div>
   <div class='ocr_carea' id='block_1_51' title="bbox 313 2561 3565 2634">
    <p class='ocr_par' dir='ltr' id='par_1_51' title="bbox 313 2561 3565 2634">
     <span class='ocr_line' id='line_1_51' title="bbox 313 2561 3565 2634; baseline 0.001 -20"><span class='ocrx_word' id='word_1_372' title='bbox 313 2562 709 2630; x_wconf 75' lang='lat' dir='ltr'><strong>prredicamus,</strong></span> <span class='ocrx_word' id='word_1_373' title='bbox 754 2565 849 2619; x_wconf 89' lang='lat' dir='ltr'><strong>sed</strong></span> <span class='ocrx_word' id='word_1_374' title='bbox 892 2565 1080 2621; x_wconf 84' lang='lat' dir='ltr'><strong>Jesum</strong></span> <span class='ocrx_word' id='word_1_375' title='bbox 1129 2564 1406 2620; x_wconf 82' lang='lat' dir='ltr'><strong>Christum</strong></span> <span class='ocrx_word' id='word_1_376' title='bbox 1428 2566 1497 2618; x_wconf 72' lang='grc' dir='ltr'><strong>τ’.</strong></span> <span class='ocrx_word' id='word_1_377' title='bbox 1527 2584 1546 2617; x_wconf 74' lang='grc' dir='ltr'><strong>ι</strong></span> <span class='ocrx_word' id='word_1_378' title='bbox 1600 2563 1835 2619; x_wconf 79' lang='lat' dir='ltr'><strong>Rursum</strong></span> <span class='ocrx_word' id='word_1_379' title='bbox 1870 2581 1884 2618; x_wconf 88' lang='lat'><strong>:</strong></span> <span class='ocrx_word' id='word_1_380' title='bbox 1930 2583 1950 2616; x_wconf 76' lang='grc' dir='ltr'><strong>ι</strong></span> <span class='ocrx_word' id='word_1_381' title='bbox 1985 2561 2360 2634; x_wconf 82' lang='lat' dir='ltr'><strong>Nonjudicavi</strong></span> <span class='ocrx_word' id='word_1_382' title='bbox 2395 2578 2480 2620; x_wconf 90' lang='lat' dir='ltr'><strong>me</strong></span> <span class='ocrx_word' id='word_1_383' title='bbox 2505 2561 2712 2634; x_wconf 82' lang='lat' dir='ltr'><strong>aliquid</strong></span> <span class='ocrx_word' id='word_1_384' title='bbox 2770 2563 2912 2619; x_wconf 91' lang='lat' dir='ltr'><strong>scire</strong></span> <span class='ocrx_word' id='word_1_385' title='bbox 2974 2564 3027 2619; x_wconf 95' lang='lat' dir='ltr'><strong>in</strong></span> <span class='ocrx_word' id='word_1_386' title='bbox 3056 2563 3231 2630; x_wconf 85' lang='lat' dir='ltr'><strong>vobis,</strong></span> <span class='ocrx_word' id='word_1_387' title='bbox 3260 2562 3362 2619; x_wconf 91' lang='lat' dir='ltr'><strong>nisi</strong></span> <span class='ocrx_word' id='word_1_388' title='bbox 3379 2561 3565 2618; x_wconf 71' lang='lat' dir='ltr'><strong>Iesum</strong></span> 
     </span>
    </p>
   </div>
   <div class='ocr_carea' id='block_1_52' title="bbox 327 2653 1357 2722">
    <p class='ocr_par' dir='ltr' id='par_1_52' title="bbox 327 2653 1357 2722">
     <span class='ocr_line' id='line_1_52' title="bbox 327 2653 1357 2722; baseline 0.003 -15"><span class='ocrx_word' id='word_1_389' title='bbox 327 2653 631 2722; x_wconf 84' lang='lat' dir='ltr'><strong>Christum,</strong></span> <span class='ocrx_word' id='word_1_390' title='bbox 654 2669 707 2713; x_wconf 90' lang='lat' dir='ltr'><strong>et</strong></span> <span class='ocrx_word' id='word_1_391' title='bbox 728 2659 870 2714; x_wconf 89' lang='lat' dir='ltr'><strong>hunc</strong></span> <span class='ocrx_word' id='word_1_392' title='bbox 894 2657 1207 2713; x_wconf 79' lang='lat' dir='ltr'><strong>cruciﬁxum</strong></span> <span class='ocrx_word' id='word_1_393' title='bbox 1231 2658 1298 2713; x_wconf 87' lang='grc'><strong>⁷³.</strong></span> <span class='ocrx_word' id='word_1_394' title='bbox 1338 2677 1357 2710; x_wconf 73' lang='grc' dir='ltr'><strong>ι</strong></span> 
     </span>
    </p>
   </div>
   <div class='ocr_carea' id='block_1_53' title="bbox 385 2746 1885 2821">
    <p class='ocr_par' dir='ltr' id='par_1_53' title="bbox 385 2746 1885 2821">
     <span class='ocr_line' id='line_1_53' title="bbox 385 2746 1885 2821; baseline 0.003 -22"><span class='ocrx_word' id='word_1_395' title='bbox 385 2747 532 2813; x_wconf 61' lang='lat' dir='ltr'><strong>K7.</strong></span> <span class='ocrx_word' id='word_1_396' title='bbox 574 2748 701 2802; x_wconf 82' lang='grc' dir='ltr'><strong>Υἱὸν</strong></span> <span class='ocrx_word' id='word_1_397' title='bbox 724 2749 780 2803; x_wconf 81' lang='grc' dir='ltr'>δὲ</span> <span class='ocrx_word' id='word_1_398' title='bbox 804 2749 965 2803; x_wconf 79' lang='grc' dir='ltr'>αὑτὸν</span> <span class='ocrx_word' id='word_1_399' title='bbox 1010 2750 1284 2821; x_wconf 85' lang='grc' dir='ltr'>ὀνομάσας</span> <span class='ocrx_word' id='word_1_400' title='bbox 1316 2746 1475 2814; x_wconf 85' lang='grc' dir='ltr'>Θεοῦ,</span> <span class='ocrx_word' id='word_1_401' title='bbox 1504 2750 1601 2804; x_wconf 74' lang='grc' dir='ltr'>καὶ</span> <span class='ocrx_word' id='word_1_402' title='bbox 1626 2751 1690 2803; x_wconf 77' lang='grc' dir='ltr'>ἐκ</span> <span class='ocrx_word' id='word_1_403' title='bbox 1718 2749 1885 2821; x_wconf 82' lang='grc' dir='ltr'>σπέρ-</span> 
     </span>
    </p>
   </div>
   <div class='ocr_carea' id='block_1_54' title="bbox 316 2837 1884 2913">
    <p class='ocr_par' dir='ltr' id='par_1_54' title="bbox 316 2837 1884 2913">
     <span class='ocr_line' id='line_1_54' title="bbox 316 2837 1884 2913; baseline 0.003 -25"><span class='ocrx_word' id='word_1_404' title='bbox 316 2851 487 2905; x_wconf 91' lang='grc' dir='ltr'>ματος</span> <span class='ocrx_word' id='word_1_405' title='bbox 539 2837 633 2891; x_wconf 87' lang='grc' dir='ltr'><strong>τοῦ</strong></span> <span class='ocrx_word' id='word_1_406' title='bbox 691 2838 853 2893; x_wconf 76' lang='grc' dir='ltr'>Δαϐὶδ</span> <span class='ocrx_word' id='word_1_407' title='bbox 904 2840 1264 2911; x_wconf 85' lang='grc' dir='ltr'>γεγεννῆσθαί</span> <span class='ocrx_word' id='word_1_408' title='bbox 1326 2856 1512 2911; x_wconf 78' lang='grc' dir='ltr'>φησιν,</span> <span class='ocrx_word' id='word_1_409' title='bbox 1545 2840 1778 2913; x_wconf 80' lang='grc' dir='ltr'>ὡρίσθαι</span> <span class='ocrx_word' id='word_1_410' title='bbox 1824 2858 1884 2895; x_wconf 88' lang='grc' dir='ltr'><strong>τε</strong></span> 
     </span>
    </p>
   </div>
   <div class='ocr_carea' id='block_1_55' title="bbox 311 2927 1881 3005">
    <p class='ocr_par' dir='ltr' id='par_1_55' title="bbox 311 2927 1881 3005">
     <span class='ocr_line' id='line_1_55' title="bbox 311 2927 1881 3005; baseline 0.005 -26"><span class='ocrx_word' id='word_1_411' title='bbox 311 2927 705 3000; x_wconf 83' lang='grc' dir='ltr'>διισχυρίζεται</span> <span class='ocrx_word' id='word_1_412' title='bbox 736 2931 828 2984; x_wconf 77' lang='grc' dir='ltr'>καὶ</span> <span class='ocrx_word' id='word_1_413' title='bbox 857 2932 936 2996; x_wconf 80' lang='grc' dir='ltr'>εἰς</span> <span class='ocrx_word' id='word_1_414' title='bbox 966 2932 1094 2985; x_wconf 75' lang='grc' dir='ltr'>Υἱδν</span> <span class='ocrx_word' id='word_1_415' title='bbox 1121 2932 1277 2986; x_wconf 87' lang='grc' dir='ltr'>Θεοῦ.</span> <span class='ocrx_word' id='word_1_416' title='bbox 1320 2933 1446 2997; x_wconf 87' lang='grc' dir='ltr'><strong>Πῶς</strong></span> <span class='ocrx_word' id='word_1_417' title='bbox 1472 2928 1586 2999; x_wconf 79' lang='grc' dir='ltr'>οὖν,</span> <span class='ocrx_word' id='word_1_418' title='bbox 1614 2934 1737 2986; x_wconf 87' lang='grc' dir='ltr'><strong>εἰπὲ</strong></span> <span class='ocrx_word' id='word_1_419' title='bbox 1769 2951 1881 3005; x_wconf 89' lang='grc' dir='ltr'>μοι,</span> 
     </span>
    </p>
   </div>
   <div class='ocr_carea' id='block_1_56' title="bbox 310 3017 1958 3124">
    <p class='ocr_par' dir='ltr' id='par_1_56' title="bbox 310 3017 1958 3124">
     <span class='ocr_line' id='line_1_56' title="bbox 310 3017 1958 3124; baseline 0.005 -54"><span class='ocrx_word' id='word_1_420' title='bbox 310 3017 442 3124; x_wconf 47' lang='grc' dir='ltr'>Θερς</span> <span class='ocrx_word' id='word_1_421' title='bbox 484 3021 528 3124; x_wconf 42' lang='grc' dir='ltr'><strong>ὁ.</strong></span> <span class='ocrx_word' id='word_1_422' title='bbox 563 3022 628 3074; x_wconf 83' lang='grc' dir='ltr'>ὲκ</span> <span class='ocrx_word' id='word_1_423' title='bbox 661 3022 974 3095; x_wconf 82' lang='grc' dir='ltr'>σπέρματος</span> <span class='ocrx_word' id='word_1_424' title='bbox 1003 3025 1212 3093; x_wconf 81' lang='grc' dir='ltr'>ἀναφὺς</span> <span class='ocrx_word' id='word_1_425' title='bbox 1260 3023 1354 3078; x_wconf 88' lang='grc' dir='ltr'><strong>τοῦ</strong></span> <span class='ocrx_word' id='word_1_426' title='bbox 1400 3025 1598 3092; x_wconf 75' lang='grc' dir='ltr'>Δαὸίδς</span> <span class='ocrx_word' id='word_1_427' title='bbox 1642 3025 1701 3079; x_wconf 76' lang='lat'><strong>&#39;0</strong></span> <span class='ocrx_word' id='word_1_428' title='bbox 1732 3025 1789 3078; x_wconf 87' lang='grc' dir='ltr'>δὲ</span> <span class='ocrx_word' id='word_1_429' title='bbox 1820 3025 1885 3096; x_wconf 85' lang='grc' dir='ltr'>δὴ</span> <span class='ocrx_word' id='word_1_430' title='bbox 1915 3064 1958 3124; x_wconf 74' lang='lat' dir='ltr'><strong>C</strong></span> 
     </span>
    </p>
   </div>
   <div class='ocr_carea' id='block_1_57' title="bbox 312 3113 1886 3188">
    <p class='ocr_par' dir='ltr' id='par_1_57' title="bbox 312 3113 1886 3188">
     <span class='ocr_line' id='line_1_57' title="bbox 312 3113 1886 3188; baseline 0.005 -25"><span class='ocrx_word' id='word_1_431' title='bbox 312 3113 406 3164; x_wconf 74' lang='grc' dir='ltr'>καὶ</span> <span class='ocrx_word' id='word_1_432' title='bbox 438 3113 540 3185; x_wconf 78' lang='grc' dir='ltr'>πρὸ</span> <span class='ocrx_word' id='word_1_433' title='bbox 581 3114 812 3181; x_wconf 84' lang='grc' dir='ltr'>αἰώνων,</span> <span class='ocrx_word' id='word_1_434' title='bbox 859 3115 955 3169; x_wconf 73' lang='grc' dir='ltr'>καὶ</span> <span class='ocrx_word' id='word_1_435' title='bbox 982 3116 1170 3180; x_wconf 80' lang='grc' dir='ltr'>ἁῖδίως</span> <span class='ocrx_word' id='word_1_436' title='bbox 1201 3116 1348 3180; x_wconf 85' lang='grc' dir='ltr'><strong>Υἱὸς.</strong></span> <span class='ocrx_word' id='word_1_437' title='bbox 1385 3116 1521 3170; x_wconf 83' lang='grc' dir='ltr'>καθὸ</span> <span class='ocrx_word' id='word_1_438' title='bbox 1550 3117 1788 3188; x_wconf 82' lang='grc' dir='ltr'>πέφηνεν</span> <span class='ocrx_word' id='word_1_439' title='bbox 1820 3120 1886 3171; x_wconf 85' lang='grc' dir='ltr'>ὲκ</span> 
     </span>
    </p>
   </div>
   <div class='ocr_carea' id='block_1_58' title="bbox 309 3196 1886 3280">
    <p class='ocr_par' dir='ltr' id='par_1_58' title="bbox 309 3196 1886 3280">
     <span class='ocr_line' id='line_1_58' title="bbox 309 3196 1886 3280; baseline 0.004 -26"><span class='ocrx_word' id='word_1_440' title='bbox 309 3202 469 3269; x_wconf 84' lang='grc' dir='ltr'>Θεοῦ,</span> <span class='ocrx_word' id='word_1_441' title='bbox 496 3205 619 3259; x_wconf 89' lang='grc' dir='ltr'>τίνα</span> <span class='ocrx_word' id='word_1_442' title='bbox 647 3206 708 3278; x_wconf 80' lang='grc' dir='ltr'>δὴ</span> <span class='ocrx_word' id='word_1_443' title='bbox 729 3208 935 3278; x_wconf 81' lang='grc' dir='ltr'>τρόπον</span> <span class='ocrx_word' id='word_1_444' title='bbox 964 3196 1044 3272; x_wconf 72' lang='grc' dir='ltr'><strong>εἷς</strong></span> <span class='ocrx_word' id='word_1_445' title='bbox 1066 3208 1195 3261; x_wconf 78' lang='grc' dir='ltr'>Υἰὸν</span> <span class='ocrx_word' id='word_1_446' title='bbox 1214 3207 1422 3279; x_wconf 85' lang='grc' dir='ltr'>ὡρίσθη</span> <span class='ocrx_word' id='word_1_447' title='bbox 1453 3207 1611 3275; x_wconf 88' lang='grc' dir='ltr'>Θεοῦ,</span> <span class='ocrx_word' id='word_1_448' title='bbox 1631 3208 1886 3280; x_wconf 84' lang='grc' dir='ltr'>καθάπερ</span> 
     </span>
    </p>
   </div>
   <div class='ocr_carea' id='block_1_59' title="bbox 310 3294 1886 3371">
    <p class='ocr_par' dir='ltr' id='par_1_59' title="bbox 310 3294 1886 3371">
     <span class='ocr_line' id='line_1_59' title="bbox 310 3294 1886 3371; baseline 0.006 -27"><span class='ocrx_word' id='word_1_449' title='bbox 310 3294 390 3359; x_wconf 83' lang='grc' dir='ltr'>εἰς</span> <span class='ocrx_word' id='word_1_450' title='bbox 433 3295 603 3366; x_wconf 81' lang='grc' dir='ltr'>ἀρχὰς</span> <span class='ocrx_word' id='word_1_451' title='bbox 625 3308 648 3336; x_wconf 75' lang='grc' dir='ltr'><strong>ε</strong></span> <span class='ocrx_word' id='word_1_452' title='bbox 680 3298 775 3352; x_wconf 91' lang='grc' dir='ltr'><strong>τοῦ</strong></span> <span class='ocrx_word' id='word_1_453' title='bbox 810 3300 1112 3368; x_wconf 80' lang='grc' dir='ltr'>ὑφεστάναι</span> <span class='ocrx_word' id='word_1_454' title='bbox 1163 3298 1556 3369; x_wconf 85' lang='grc' dir='ltr'>παρενεχθείς;</span> <span class='ocrx_word' id='word_1_455' title='bbox 1596 3298 1741 3368; x_wconf 86' lang='grc' dir='ltr'>Ἔφη</span> <span class='ocrx_word' id='word_1_456' title='bbox 1775 3301 1886 3371; x_wconf 86' lang='grc' dir='ltr'>γὰρ</span> 
     </span>
    </p>
   </div>
   <div class='ocr_carea' id='block_1_60' title="bbox 309 3384 1884 3461">
    <p class='ocr_par' dir='ltr' id='par_1_60' title="bbox 309 3384 1884 3461">
     <span class='ocr_line' id='line_1_60' title="bbox 309 3384 1884 3461; baseline 0.004 -24"><span class='ocrx_word' id='word_1_457' title='bbox 309 3384 469 3449; x_wconf 70' lang='grc' dir='ltr'>αὐτὸς</span> <span class='ocrx_word' id='word_1_458' title='bbox 492 3405 556 3440; x_wconf 83' lang='grc' dir='ltr'><strong>πε</strong></span> <span class='ocrx_word' id='word_1_459' title='bbox 565 3388 619 3457; x_wconf 60' lang='lat' dir='ltr'><strong>pi.</strong></span> <span class='ocrx_word' id='word_1_460' title='bbox 649 3389 840 3442; x_wconf 78' lang='grc' dir='ltr'>ἑαυτοῦ</span> <span class='ocrx_word' id='word_1_461' title='bbox 862 3407 875 3419; x_wconf 90' lang='grc'><strong>·</strong></span> <span class='ocrx_word' id='word_1_462' title='bbox 905 3409 923 3441; x_wconf 80' lang='grc' dir='ltr'><strong>ι</strong></span> <span class='ocrx_word' id='word_1_463' title='bbox 948 3385 1086 3443; x_wconf 59' lang='lat' dir='ltr'><strong>Eine</strong></span> <span class='ocrx_word' id='word_1_464' title='bbox 1108 3389 1312 3457; x_wconf 80' lang='grc' dir='ltr'>Κύριος</span> <span class='ocrx_word' id='word_1_465' title='bbox 1340 3387 1476 3460; x_wconf 86' lang='grc' dir='ltr'>πρός</span> <span class='ocrx_word' id='word_1_466' title='bbox 1508 3405 1599 3460; x_wconf 70' lang='grc' dir='ltr'>με*</span> <span class='ocrx_word' id='word_1_467' title='bbox 1629 3389 1758 3454; x_wconf 80' lang='grc' dir='ltr'><strong>Υἱός</strong></span> <span class='ocrx_word' id='word_1_468' title='bbox 1781 3408 1884 3461; x_wconf 85' lang='grc' dir='ltr'><strong>μου</strong></span> 
     </span>
    </p>
   </div>
   <div class='ocr_carea' id='block_1_61' title="bbox 311 3469 1882 3549">
    <p class='ocr_par' dir='ltr' id='par_1_61' title="bbox 311 3469 1882 3549">
     <span class='ocr_line' id='line_1_61' title="bbox 311 3469 1882 3549; baseline 0.004 -24"><span class='ocrx_word' id='word_1_469' title='bbox 311 3469 364 3525; x_wconf 75' lang='grc' dir='ltr'>εἷ</span> <span class='ocrx_word' id='word_1_470' title='bbox 409 3475 496 3540; x_wconf 77' lang='grc' dir='ltr'>σὺ,</span> <span class='ocrx_word' id='word_1_471' title='bbox 544 3474 656 3543; x_wconf 75' lang='grc' dir='ltr'><strong>ἐγὼ</strong></span> <span class='ocrx_word' id='word_1_472' title='bbox 703 3477 946 3549; x_wconf 72' lang='grc' dir='ltr'>σήμερον</span> <span class='ocrx_word' id='word_1_473' title='bbox 990 3478 1296 3547; x_wconf 79' lang='grc' dir='ltr'>γεγέννηκά</span> <span class='ocrx_word' id='word_1_474' title='bbox 1334 3494 1417 3530; x_wconf 74' lang='grc' dir='ltr'>σε.</span> <span class='ocrx_word' id='word_1_475' title='bbox 1462 3496 1481 3528; x_wconf 74' lang='grc' dir='ltr'><strong>ι</strong></span> <span class='ocrx_word' id='word_1_476' title='bbox 1532 3476 1708 3530; x_wconf 80' lang='grc' dir='ltr'>καίτοι</span> <span class='ocrx_word' id='word_1_477' title='bbox 1749 3477 1882 3543; x_wconf 86' lang='grc' dir='ltr'>τοῦ,</span> 
     </span>
    </p>
   </div>
   <div class='ocr_carea' id='block_1_62' title="bbox 311 3554 1885 3640">
    <p class='ocr_par' dir='ltr' id='par_1_62' title="bbox 311 3554 1885 3640">
     <span class='ocr_line' id='line_1_62' title="bbox 311 3554 1885 3640; baseline 0.003 -24"><span class='ocrx_word' id='word_1_478' title='bbox 311 3563 597 3631; x_wconf 73' lang='grc' dir='ltr'>σήμερον,</span> <span class='ocrx_word' id='word_1_479' title='bbox 631 3566 835 3630; x_wconf 71' lang='grc' dir='ltr'>ἅείπως</span> <span class='ocrx_word' id='word_1_480' title='bbox 861 3568 996 3637; x_wconf 78' lang='grc' dir='ltr'>ἡμῖν</span> <span class='ocrx_word' id='word_1_481' title='bbox 1022 3554 1121 3637; x_wconf 81' lang='grc' dir='ltr'><strong>οὐχ</strong></span> <span class='ocrx_word' id='word_1_482' title='bbox 1143 3569 1225 3620; x_wconf 84' lang='grc' dir='ltr'>ὅτι</span> <span class='ocrx_word' id='word_1_483' title='bbox 1255 3568 1346 3620; x_wconf 75' lang='grc' dir='ltr'>τὸν</span> <span class='ocrx_word' id='word_1_484' title='bbox 1376 3567 1772 3640; x_wconf 84' lang='grc' dir='ltr'>παρῳχηκότα,</span> <span class='ocrx_word' id='word_1_485' title='bbox 1793 3567 1885 3622; x_wconf 80' lang='grc' dir='ltr'>τὸν</span> 
     </span>
    </p>
   </div>
   <div class='ocr_carea' id='block_1_63' title="bbox 312 3654 1881 3730">
    <p class='ocr_par' dir='ltr' id='par_1_63' title="bbox 312 3654 1881 3730">
     <span class='ocr_line' id='line_1_63' title="bbox 312 3654 1881 3730; baseline 0.006 -25"><span class='ocrx_word' id='word_1_486' title='bbox 312 3654 583 3708; x_wconf 75' lang='grc' dir='ltr'>ἐνεστῶτα</span> <span class='ocrx_word' id='word_1_487' title='bbox 612 3655 671 3709; x_wconf 70' lang='grc' dir='ltr'>δὲ</span> <span class='ocrx_word' id='word_1_488' title='bbox 700 3657 901 3725; x_wconf 80' lang='grc' dir='ltr'>μᾶλλον</span> <span class='ocrx_word' id='word_1_489' title='bbox 923 3658 1363 3730; x_wconf 75' lang='grc' dir='ltr'>καταδηλοῦντος</span> <span class='ocrx_word' id='word_1_490' title='bbox 1387 3660 1599 3730; x_wconf 89' lang='grc' dir='ltr'>καιρόν.</span> <span class='ocrx_word' id='word_1_491' title='bbox 1636 3659 1782 3714; x_wconf 81' lang='grc' dir='ltr'>Βαθὺ</span> <span class='ocrx_word' id='word_1_492' title='bbox 1820 3661 1881 3714; x_wconf 82' lang='grc' dir='ltr'>τὸ</span> 
     </span>
    </p>
   </div>
   <div class='ocr_carea' id='block_1_64' title="bbox 316 3747 1885 3824">
    <p class='ocr_par' dir='ltr' id='par_1_64' title="bbox 316 3747 1885 3824">
     <span class='ocr_line' id='line_1_64' title="bbox 316 3747 1885 3824; baseline 0.004 -26"><span class='ocrx_word' id='word_1_493' title='bbox 316 3747 632 3817; x_wconf 81' lang='grc' dir='ltr'>μυστήριον,</span> <span class='ocrx_word' id='word_1_494' title='bbox 679 3748 819 3802; x_wconf 83' lang='grc' dir='ltr'><strong>ἀλλὰ</strong></span> <span class='ocrx_word' id='word_1_495' title='bbox 863 3751 976 3813; x_wconf 80' lang='grc' dir='ltr'>τοῖς</span> <span class='ocrx_word' id='word_1_496' title='bbox 1027 3750 1125 3820; x_wconf 77' lang='grc' dir='ltr'>μὲν</span> <span class='ocrx_word' id='word_1_497' title='bbox 1169 3750 1283 3804; x_wconf 71' lang='grc' dir='ltr'><strong>ἀνὰ</strong></span> <span class='ocrx_word' id='word_1_498' title='bbox 1324 3750 1489 3824; x_wconf 74' lang='grc' dir='ltr'>μέρος</span> <span class='ocrx_word' id='word_1_499' title='bbox 1535 3750 1732 3804; x_wconf 83' lang='grc' dir='ltr'>τιθεῖσι</span> <span class='ocrx_word' id='word_1_500' title='bbox 1789 3751 1885 3805; x_wconf 76' lang='grc' dir='ltr'>καὶ</span> 
     </span>
    </p>
   </div>
   <div class='ocr_carea' id='block_1_65' title="bbox 308 3837 1884 3917">
    <p class='ocr_par' dir='ltr' id='par_1_65' title="bbox 308 3837 1884 3917">
     <span class='ocr_line' id='line_1_65' title="bbox 308 3837 1884 3917; baseline 0.003 -27"><span class='ocrx_word' id='word_1_501' title='bbox 308 3837 600 3917; x_wconf 70' lang='grc' dir='ltr'>διορίζουσι</span> <span class='ocrx_word' id='word_1_502' title='bbox 627 3839 949 3910; x_wconf 79' lang='grc' dir='ltr'>δυσέφικτόν</span> <span class='ocrx_word' id='word_1_503' title='bbox 972 3857 1032 3894; x_wconf 86' lang='grc' dir='ltr'><strong>τε</strong></span> <span class='ocrx_word' id='word_1_504' title='bbox 1057 3842 1152 3907; x_wconf 70' lang='grc' dir='ltr'>καὶ</span> <span class='ocrx_word' id='word_1_505' title='bbox 1181 3840 1386 3913; x_wconf 78' lang='grc' dir='ltr'>ἄπορον</span> <span class='ocrx_word' id='word_1_506' title='bbox 1410 3840 1647 3913; x_wconf 83' lang='grc' dir='ltr'>ἀληθῶς.</span> <span class='ocrx_word' id='word_1_507' title='bbox 1674 3841 1799 3904; x_wconf 84' lang='grc' dir='ltr'>Τοῖς</span> <span class='ocrx_word' id='word_1_508' title='bbox 1819 3858 1884 3910; x_wconf 89' lang='grc' dir='ltr'><strong>γε</strong></span> 
     </span>
    </p>
   </div>
   <div class='ocr_carea' id='block_1_66' title="bbox 313 3932 1881 4007">
    <p class='ocr_par' dir='ltr' id='par_1_66' title="bbox 313 3932 1881 4007">
     <span class='ocr_line' id='line_1_66' title="bbox 313 3932 1881 4007; baseline 0.003 -23"><span class='ocrx_word' id='word_1_509' title='bbox 313 3932 423 4004; x_wconf 81' lang='grc' dir='ltr'>μὴν</span> <span class='ocrx_word' id='word_1_510' title='bbox 473 3933 551 3996; x_wconf 85' lang='grc' dir='ltr'>εἰς</span> <span class='ocrx_word' id='word_1_511' title='bbox 607 3933 834 4003; x_wconf 79' lang='grc' dir='ltr'>ἑνότητα</span> <span class='ocrx_word' id='word_1_512' title='bbox 883 3934 1320 4003; x_wconf 79' lang='grc' dir='ltr'>κατασφίγγουσι</span> <span class='ocrx_word' id='word_1_513' title='bbox 1370 3934 1462 3989; x_wconf 76' lang='grc' dir='ltr'><strong>τὸν</strong></span> <span class='ocrx_word' id='word_1_514' title='bbox 1512 3935 1881 4007; x_wconf 84' lang='grc' dir='ltr'>Ἐμμανουὴλ,</span> 
     </span>
    </p>
   </div>
   <div class='ocr_carea' id='block_1_67' title="bbox 310 4023 1884 4099">
    <p class='ocr_par' dir='ltr' id='par_1_67' title="bbox 310 4023 1884 4099">
     <span class='ocr_line' id='line_1_67' title="bbox 310 4023 1884 4099; baseline 0.003 -24"><span class='ocrx_word' id='word_1_515' title='bbox 310 4023 478 4095; x_wconf 78' lang='grc' dir='ltr'>ἐγγύς</span> <span class='ocrx_word' id='word_1_516' title='bbox 505 4040 563 4076; x_wconf 83' lang='grc' dir='ltr'><strong>τε</strong></span> <span class='ocrx_word' id='word_1_517' title='bbox 599 4023 739 4077; x_wconf 75' lang='grc' dir='ltr'>ἑλεῖν</span> <span class='ocrx_word' id='word_1_518' title='bbox 795 4024 889 4078; x_wconf 79' lang='grc' dir='ltr'>καὶ</span> <span class='ocrx_word' id='word_1_519' title='bbox 936 4025 1260 4099; x_wconf 82' lang='grc' dir='ltr'>ὲτοιμοτάτη</span> <span class='ocrx_word' id='word_1_520' title='bbox 1308 4024 1429 4078; x_wconf 86' lang='grc' dir='ltr'>λίαν</span> <span class='ocrx_word' id='word_1_521' title='bbox 1479 4025 1512 4097; x_wconf 81' lang='grc' dir='ltr'>ὴ</span> <span class='ocrx_word' id='word_1_522' title='bbox 1563 4024 1671 4078; x_wconf 85' lang='grc' dir='ltr'><strong>τῶν</strong></span> <span class='ocrx_word' id='word_1_523' title='bbox 1723 4025 1884 4094; x_wconf 81' lang='grc' dir='ltr'>ἱερῶν</span> 
     </span>
    </p>
   </div>
   <div class='ocr_carea' id='block_1_68' title="bbox 305 4113 1883 4187">
    <p class='ocr_par' dir='ltr' id='par_1_68' title="bbox 305 4113 1883 4187">
     <span class='ocr_line' id='line_1_68' title="bbox 305 4113 1883 4187; baseline 0.001 -21"><span class='ocrx_word' id='word_1_524' title='bbox 305 4114 590 4184; x_wconf 84' lang='grc' dir='ltr'>δογμάτων</span> <span class='ocrx_word' id='word_1_525' title='bbox 620 4114 1003 4186; x_wconf 79' lang='grc' dir='ltr'>άκιὸδήλευτος</span> <span class='ocrx_word' id='word_1_526' title='bbox 1053 4113 1272 4183; x_wconf 84' lang='grc' dir='ltr'>γνῶσις.</span> <span class='ocrx_word' id='word_1_527' title='bbox 1309 4115 1369 4167; x_wconf 92' lang='lat' dir='ltr'><strong>&#39;O</strong></span> <span class='ocrx_word' id='word_1_528' title='bbox 1398 4114 1510 4187; x_wconf 81' lang='grc' dir='ltr'><strong>γὰρ</strong></span> <span class='ocrx_word' id='word_1_529' title='bbox 1540 4113 1617 4186; x_wconf 80' lang='grc' dir='ltr'>τῷ</span> <span class='ocrx_word' id='word_1_530' title='bbox 1648 4114 1883 4185; x_wconf 85' lang='grc' dir='ltr'>φύσαντι</span> 
     </span>
    </p>
   </div>
   <div class='ocr_carea' id='block_1_69' title="bbox 309 4202 1883 4275">
    <p class='ocr_par' dir='ltr' id='par_1_69' title="bbox 309 4202 1883 4275">
     <span class='ocr_line' id='line_1_69' title="bbox 309 4202 1883 4275; baseline 0.002 -19"><span class='ocrx_word' id='word_1_531' title='bbox 309 4202 599 4268; x_wconf 67' lang='grc' dir='ltr'>συναωιος,</span> <span class='ocrx_word' id='word_1_532' title='bbox 624 4204 727 4257; x_wconf 69' lang='grc' dir='ltr'>καὶ</span> <span class='ocrx_word' id='word_1_533' title='bbox 744 4204 850 4275; x_wconf 74' lang='grc' dir='ltr'>πρὸ</span> <span class='ocrx_word' id='word_1_534' title='bbox 878 4204 1079 4268; x_wconf 82' lang='grc' dir='ltr'>παντὸς</span> <span class='ocrx_word' id='word_1_535' title='bbox 1112 4203 1304 4268; x_wconf 82' lang='grc' dir='ltr'>αἰῶνος</span> <span class='ocrx_word' id='word_1_536' title='bbox 1324 4204 1469 4269; x_wconf 84' lang='grc' dir='ltr'>Υἱὸς,</span> <span class='ocrx_word' id='word_1_537' title='bbox 1492 4204 1682 4275; x_wconf 72' lang='grc' dir='ltr'>ἐπειδὴ</span> <span class='ocrx_word' id='word_1_538' title='bbox 1708 4222 1883 4259; x_wconf 87' lang='grc' dir='ltr'>κατα--</span> 
     </span>
    </p>
   </div>
   <div class='ocr_carea' id='block_1_70' title="bbox 307 4294 1892 4367">
    <p class='ocr_par' dir='ltr' id='par_1_70' title="bbox 307 4294 1892 4367">
     <span class='ocr_line' id='line_1_70' title="bbox 307 4294 1892 4367; baseline 0.003 -21"><span class='ocrx_word' id='word_1_539' title='bbox 307 4294 540 4366; x_wconf 78' lang='grc' dir='ltr'>βέϐηκεν</span> <span class='ocrx_word' id='word_1_540' title='bbox 575 4295 655 4357; x_wconf 82' lang='grc' dir='ltr'>εἰς</span> <span class='ocrx_word' id='word_1_541' title='bbox 682 4295 780 4367; x_wconf 81' lang='grc' dir='ltr'>τὴν</span> <span class='ocrx_word' id='word_1_542' title='bbox 814 4294 1105 4367; x_wconf 83' lang='grc' dir='ltr'>ἀνθρώπου</span> <span class='ocrx_word' id='word_1_543' title='bbox 1143 4294 1327 4364; x_wconf 81' lang='grc' dir='ltr'>φύσιν,</span> <span class='ocrx_word' id='word_1_544' title='bbox 1357 4296 1457 4349; x_wconf 84' lang='grc' dir='ltr'>οὐκ</span> <span class='ocrx_word' id='word_1_545' title='bbox 1507 4295 1892 4367; x_wconf 60' lang='grc' dir='ltr'>ἀπολισθήσαςν</span> 
     </span>
    </p>
   </div>
   <div class='ocr_carea' id='block_1_71' title="bbox 2066 2744 3564 2817">
    <p class='ocr_par' dir='ltr' id='par_1_71' title="bbox 2066 2744 3564 2817">
     <span class='ocr_line' id='line_1_71' title="bbox 2066 2744 3564 2817; baseline -0.001 -16"><span class='ocrx_word' id='word_1_546' title='bbox 2066 2745 2259 2802; x_wconf 75' lang='lat' dir='ltr'><strong>XXVI.</strong></span> <span class='ocrx_word' id='word_1_547' title='bbox 2301 2745 2473 2803; x_wconf 86' lang='lat' dir='ltr'><strong>Porro</strong></span> <span class='ocrx_word' id='word_1_548' title='bbox 2521 2755 2700 2801; x_wconf 89' lang='lat' dir='ltr'><strong>autem</strong></span> <span class='ocrx_word' id='word_1_549' title='bbox 2739 2761 2863 2803; x_wconf 92' lang='lat' dir='ltr'><strong>cum</strong></span> <span class='ocrx_word' id='word_1_550' title='bbox 2898 2745 3073 2817; x_wconf 87' lang='lat' dir='ltr'><strong>ipsum</strong></span> <span class='ocrx_word' id='word_1_551' title='bbox 3109 2744 3205 2800; x_wconf 91' lang='lat' dir='ltr'><strong>Dei</strong></span> <span class='ocrx_word' id='word_1_552' title='bbox 3235 2745 3431 2801; x_wconf 88' lang='lat' dir='ltr'><strong>Filium</strong></span> <span class='ocrx_word' id='word_1_553' title='bbox 3463 2763 3564 2802; x_wconf 82' lang='lat' dir='ltr'><strong>nn-</strong></span> 
     </span>
    </p>
   </div>
   <div class='ocr_carea' id='block_1_72' title="bbox 1992 2836 3569 2903">
    <p class='ocr_par' dir='ltr' id='par_1_72' title="bbox 1992 2836 3569 2903">
     <span class='ocr_line' id='line_1_72' title="bbox 1992 2836 3569 2903; baseline 0.002 -11"><span class='ocrx_word' id='word_1_554' title='bbox 1992 2838 2186 2903; x_wconf 87' lang='lat' dir='ltr'><strong>minet,</strong></span> <span class='ocrx_word' id='word_1_555' title='bbox 2217 2846 2273 2893; x_wconf 91' lang='lat' dir='ltr'><strong>et</strong></span> <span class='ocrx_word' id='word_1_556' title='bbox 2314 2838 2381 2893; x_wconf 91' lang='lat' dir='ltr'><strong>de</strong></span> <span class='ocrx_word' id='word_1_557' title='bbox 2424 2836 2637 2893; x_wconf 88' lang='lat' dir='ltr'><strong>semine</strong></span> <span class='ocrx_word' id='word_1_558' title='bbox 2683 2836 2851 2892; x_wconf 84' lang='lat' dir='ltr'><strong>David</strong></span> <span class='ocrx_word' id='word_1_559' title='bbox 2889 2845 3080 2891; x_wconf 91' lang='lat' dir='ltr'><strong>natum</strong></span> <span class='ocrx_word' id='word_1_560' title='bbox 3122 2837 3394 2903; x_wconf 83' lang='lat' dir='ltr'><strong>enuntiat,</strong></span> <span class='ocrx_word' id='word_1_561' title='bbox 3426 2846 3484 2894; x_wconf 89' lang='lat' dir='ltr'><strong>et</strong></span> <span class='ocrx_word' id='word_1_562' title='bbox 3509 2839 3569 2895; x_wconf 86' lang='lat' dir='ltr'><strong>in</strong></span> 
     </span>
    </p>
   </div>
   <div class='ocr_carea' id='block_1_73' title="bbox 1993 2928 3575 3000">
    <p class='ocr_par' dir='ltr' id='par_1_73' title="bbox 1993 2928 3575 3000">
     <span class='ocr_line' id='line_1_73' title="bbox 1993 2928 3575 3000; baseline 0.003 -17"><span class='ocrx_word' id='word_1_563' title='bbox 1993 2928 2087 2984; x_wconf 90' lang='lat' dir='ltr'><strong>Dei</strong></span> <span class='ocrx_word' id='word_1_564' title='bbox 2146 2928 2342 2984; x_wconf 87' lang='lat' dir='ltr'><strong>Filium</strong></span> <span class='ocrx_word' id='word_1_565' title='bbox 2392 2928 2836 2999; x_wconf 65' lang='lat' dir='ltr'><strong>predestinatum</strong></span> <span class='ocrx_word' id='word_1_566' title='bbox 2902 2928 3187 2984; x_wconf 75' lang='lat' dir='ltr'><strong>confirmat</strong></span> <span class='ocrx_word' id='word_1_567' title='bbox 3222 2929 3368 3000; x_wconf 89' lang='lat' dir='ltr'><strong>:jam</strong></span> <span class='ocrx_word' id='word_1_568' title='bbox 3438 2930 3575 3000; x_wconf 68' lang='lat' dir='ltr'><strong>die,</strong></span> 
     </span>
    </p>
   </div>
   <div class='ocr_carea' id='block_1_74' title="bbox 1991 3021 3567 3092">
    <p class='ocr_par' dir='ltr' id='par_1_74' title="bbox 1991 3021 3567 3092">
     <span class='ocr_line' id='line_1_74' title="bbox 1991 3021 3567 3092; baseline 0.007 -20"><span class='ocrx_word' id='word_1_569' title='bbox 1991 3035 2196 3091; x_wconf 61' lang='lat' dir='ltr'><strong>quaso,</strong></span> <span class='ocrx_word' id='word_1_570' title='bbox 2245 3035 2355 3092; x_wconf 88' lang='lat' dir='ltr'><strong>qua</strong></span> <span class='ocrx_word' id='word_1_571' title='bbox 2405 3021 2617 3077; x_wconf 87' lang='lat' dir='ltr'><strong>ratione</strong></span> <span class='ocrx_word' id='word_1_572' title='bbox 2668 3022 2715 3077; x_wconf 92' lang='lat' dir='ltr'><strong>is</strong></span> <span class='ocrx_word' id='word_1_573' title='bbox 2767 3021 2911 3078; x_wconf 91' lang='lat' dir='ltr'><strong>Deus</strong></span> <span class='ocrx_word' id='word_1_574' title='bbox 2956 3032 3060 3087; x_wconf 89' lang='lat' dir='ltr'><strong>est,</strong></span> <span class='ocrx_word' id='word_1_575' title='bbox 3104 3022 3196 3092; x_wconf 88' lang='lat' dir='ltr'><strong>qui</strong></span> <span class='ocrx_word' id='word_1_576' title='bbox 3248 3038 3316 3079; x_wconf 90' lang='lat' dir='ltr'><strong>ex</strong></span> <span class='ocrx_word' id='word_1_577' title='bbox 3358 3023 3567 3088; x_wconf 72' lang='lat' dir='ltr'><strong>semine</strong></span> 
     </span>
    </p>
   </div>
   <div class='ocr_carea' id='block_1_75' title="bbox 1989 3111 3566 3183">
    <p class='ocr_par' dir='ltr' id='par_1_75' title="bbox 1989 3111 3566 3183">
     <span class='ocr_line' id='line_1_75' title="bbox 1989 3111 3566 3183; baseline 0.003 -17"><span class='ocrx_word' id='word_1_578' title='bbox 1989 3111 2161 3168; x_wconf 92' lang='lat' dir='ltr'><strong>David</strong></span> <span class='ocrx_word' id='word_1_579' title='bbox 2198 3120 2361 3169; x_wconf 88' lang='lat' dir='ltr'><strong>natus</strong></span> <span class='ocrx_word' id='word_1_580' title='bbox 2387 3113 2512 3169; x_wconf 81' lang='lat' dir='ltr'><strong>est?</strong></span> <span class='ocrx_word' id='word_1_581' title='bbox 2541 3113 2801 3180; x_wconf 80' lang='lat' dir='ltr'><strong>Rursum,</strong></span> <span class='ocrx_word' id='word_1_582' title='bbox 2832 3127 2991 3183; x_wconf 91' lang='lat' dir='ltr'><strong>quem</strong></span> <span class='ocrx_word' id='word_1_583' title='bbox 3026 3123 3156 3170; x_wconf 90' lang='lat' dir='ltr'><strong>ante</strong></span> <span class='ocrx_word' id='word_1_584' title='bbox 3179 3115 3374 3171; x_wconf 70' lang='lat' dir='ltr'><strong>saecula</strong></span> <span class='ocrx_word' id='word_1_585' title='bbox 3404 3115 3566 3177; x_wconf 75' lang='lat' dir='ltr'><strong>Pater</strong></span> 
     </span>
    </p>
   </div>
   <div class='ocr_carea' id='block_1_76' title="bbox 1989 3203 3567 3277">
    <p class='ocr_par' dir='ltr' id='par_1_76' title="bbox 1989 3203 3567 3277">
     <span class='ocr_line' id='line_1_76' title="bbox 1989 3203 3567 3277; baseline 0.003 -19"><span class='ocrx_word' id='word_1_586' title='bbox 1989 3203 2089 3259; x_wconf 89' lang='lat' dir='ltr'><strong>sibi</strong></span> <span class='ocrx_word' id='word_1_587' title='bbox 2130 3209 2460 3259; x_wconf 83' lang='lat' dir='ltr'><strong>coaeternum</strong></span> <span class='ocrx_word' id='word_1_588' title='bbox 2503 3204 2712 3274; x_wconf 88' lang='lat' dir='ltr'><strong>genuit,</strong></span> <span class='ocrx_word' id='word_1_589' title='bbox 2765 3219 2999 3275; x_wconf 89' lang='lat' dir='ltr'><strong>quonam</strong></span> <span class='ocrx_word' id='word_1_590' title='bbox 3049 3216 3211 3277; x_wconf 85' lang='lat' dir='ltr'><strong>pacto</strong></span> <span class='ocrx_word' id='word_1_591' title='bbox 3249 3206 3423 3264; x_wconf 87' lang='lat' dir='ltr'><strong>Filius</strong></span> <span class='ocrx_word' id='word_1_592' title='bbox 3468 3208 3567 3265; x_wconf 87' lang='lat' dir='ltr'><strong>Dei</strong></span> 
     </span>
    </p>
   </div>
   <div class='ocr_carea' id='block_1_77' title="bbox 1988 3293 3564 3368">
    <p class='ocr_par' dir='ltr' id='par_1_77' title="bbox 1988 3293 3564 3368">
     <span class='ocr_line' id='line_1_77' title="bbox 1988 3293 3564 3368; baseline 0.004 -20"><span class='ocrx_word' id='word_1_593' title='bbox 1988 3293 2410 3364; x_wconf 71' lang='lat' dir='ltr'><strong>pnedestinatus</strong></span> <span class='ocrx_word' id='word_1_594' title='bbox 2460 3303 2565 3362; x_wconf 90' lang='lat' dir='ltr'><strong>est,</strong></span> <span class='ocrx_word' id='word_1_595' title='bbox 2614 3296 2839 3368; x_wconf 89' lang='lat' dir='ltr'><strong>perinde</strong></span> <span class='ocrx_word' id='word_1_596' title='bbox 2886 3298 3099 3357; x_wconf 85' lang='lat' dir='ltr'><strong>scilicet</strong></span> <span class='ocrx_word' id='word_1_597' title='bbox 3141 3298 3299 3368; x_wconf 89' lang='lat' dir='ltr'><strong>quasi</strong></span> <span class='ocrx_word' id='word_1_598' title='bbox 3348 3299 3564 3355; x_wconf 91' lang='lat' dir='ltr'><strong>initium</strong></span> 
     </span>
    </p>
   </div>
   <div class='ocr_carea' id='block_1_78' title="bbox 1988 3384 3577 3460">
    <p class='ocr_par' dir='ltr' id='par_1_78' title="bbox 1988 3384 3577 3460">
     <span class='ocr_line' id='line_1_78' title="bbox 1988 3384 3577 3460; baseline 0.005 -21"><span class='ocrx_word' id='word_1_599' title='bbox 1988 3384 2318 3440; x_wconf 84' lang='lat' dir='ltr'><strong>subsistendi</strong></span> <span class='ocrx_word' id='word_1_600' title='bbox 2365 3386 2682 3456; x_wconf 77' lang='lat' dir='ltr'><strong>acciperet?</strong></span> <span class='ocrx_word' id='word_1_601' title='bbox 2705 3384 2827 3458; x_wconf 84' lang='lat' dir='ltr'><strong>Ipse</strong></span> <span class='ocrx_word' id='word_1_602' title='bbox 2863 3403 3096 3459; x_wconf 87' lang='lat' dir='ltr'><strong>namque</strong></span> <span class='ocrx_word' id='word_1_603' title='bbox 3129 3388 3199 3446; x_wconf 91' lang='lat' dir='ltr'><strong>de</strong></span> <span class='ocrx_word' id='word_1_604' title='bbox 3229 3389 3520 3460; x_wconf 75' lang='lat' dir='ltr'><strong>seipse-ait</strong></span> <span class='ocrx_word' id='word_1_605' title='bbox 3546 3408 3577 3447; x_wconf 61' lang='grc' dir='ltr'><strong>τη</strong></span> 
     </span>
    </p>
   </div>
   <div class='ocr_carea' id='block_1_79' title="bbox 1994 3472 3564 3550">
    <p class='ocr_par' dir='ltr' id='par_1_79' title="bbox 1994 3472 3564 3550">
     <span class='ocr_line' id='line_1_79' title="bbox 1994 3472 3564 3550; baseline 0.006 -23"><span class='ocrx_word' id='word_1_606' title='bbox 1994 3491 2014 3527; x_wconf 74' lang='grc' dir='ltr'><strong>ι</strong></span> <span class='ocrx_word' id='word_1_607' title='bbox 2047 3472 2309 3529; x_wconf 87' lang='lat' dir='ltr'><strong>Dominus</strong></span> <span class='ocrx_word' id='word_1_608' title='bbox 2355 3475 2493 3529; x_wconf 85' lang='lat' dir='ltr'><strong>dixit</strong></span> <span class='ocrx_word' id='word_1_609' title='bbox 2536 3477 2605 3531; x_wconf 87' lang='lat' dir='ltr'><strong>ad</strong></span> <span class='ocrx_word' id='word_1_610' title='bbox 2647 3491 2771 3532; x_wconf 90' lang='lat' dir='ltr'><strong>me:</strong></span> <span class='ocrx_word' id='word_1_611' title='bbox 2806 3475 2976 3541; x_wconf 85' lang='lat' dir='ltr'><strong>Filius</strong></span> <span class='ocrx_word' id='word_1_612' title='bbox 3016 3492 3168 3539; x_wconf 85' lang='lat' dir='ltr'><strong>meus</strong></span> <span class='ocrx_word' id='word_1_613' title='bbox 3228 3494 3289 3541; x_wconf 82' lang='lat' dir='ltr'><strong>es</strong></span> <span class='ocrx_word' id='word_1_614' title='bbox 3343 3489 3420 3544; x_wconf 87' lang='lat' dir='ltr'><strong>tu,</strong></span> <span class='ocrx_word' id='word_1_615' title='bbox 3464 3493 3564 3550; x_wconf 80' lang='lat' dir='ltr'><strong>ego</strong></span> 
     </span>
    </p>
   </div>
   <div class='ocr_carea' id='block_1_80' title="bbox 1988 3564 3559 3638">
    <p class='ocr_par' dir='ltr' id='par_1_80' title="bbox 1988 3564 3559 3638">
     <span class='ocr_line' id='line_1_80' title="bbox 1988 3564 3559 3638; baseline 0.004 -18"><span class='ocrx_word' id='word_1_616' title='bbox 1988 3565 2149 3620; x_wconf 89' lang='lat' dir='ltr'><strong>hodie</strong></span> <span class='ocrx_word' id='word_1_617' title='bbox 2175 3565 2335 3636; x_wconf 88' lang='lat' dir='ltr'><strong>genui</strong></span> <span class='ocrx_word' id='word_1_618' title='bbox 2363 3574 2415 3619; x_wconf 90' lang='lat' dir='ltr'><strong>te</strong></span> <span class='ocrx_word' id='word_1_619' title='bbox 2434 3564 2505 3624; x_wconf 68' lang='grc'><strong>⁷⁸.</strong></span> <span class='ocrx_word' id='word_1_620' title='bbox 2539 3584 2558 3616; x_wconf 73' lang='grc' dir='ltr'><strong>ι</strong></span> <span class='ocrx_word' id='word_1_621' title='bbox 2594 3565 2739 3623; x_wconf 87' lang='lat' dir='ltr'><strong>Sane</strong></span> <span class='ocrx_word' id='word_1_622' title='bbox 2764 3582 2889 3629; x_wconf 86' lang='lat' dir='ltr'><strong>cum</strong></span> <span class='ocrx_word' id='word_1_623' title='bbox 2916 3569 3183 3637; x_wconf 83' lang='lat' dir='ltr'><strong>particula</strong></span> <span class='ocrx_word' id='word_1_624' title='bbox 3218 3569 3356 3636; x_wconf 59' lang='lat' dir='ltr'><strong>haec,</strong></span> <span class='ocrx_word' id='word_1_625' title='bbox 3382 3570 3559 3638; x_wconf 61' lang='lat' dir='ltr'><strong>hodie,</strong></span> 
     </span>
    </p>
   </div>
   <div class='ocr_carea' id='block_1_81' title="bbox 1986 3654 3564 3730">
    <p class='ocr_par' dir='ltr' id='par_1_81' title="bbox 1986 3654 3564 3730">
     <span class='ocr_line' id='line_1_81' title="bbox 1986 3654 3564 3730; baseline 0.004 -21"><span class='ocrx_word' id='word_1_626' title='bbox 1986 3669 2224 3725; x_wconf 55' lang='lat' dir='ltr'><strong>premens</strong></span> <span class='ocrx_word' id='word_1_627' title='bbox 2258 3654 2373 3710; x_wconf 80' lang='lat' dir='ltr'><strong>fere</strong></span> <span class='ocrx_word' id='word_1_628' title='bbox 2404 3668 2624 3727; x_wconf 82' lang='lat' dir='ltr'><strong>semper</strong></span> <span class='ocrx_word' id='word_1_629' title='bbox 2670 3670 2944 3728; x_wconf 86' lang='lat' dir='ltr'><strong>nunquam</strong></span> <span class='ocrx_word' id='word_1_630' title='bbox 2984 3658 3315 3728; x_wconf 70' lang='lat' dir='ltr'><strong>praeteritum</strong></span> <span class='ocrx_word' id='word_1_631' title='bbox 3353 3669 3564 3730; x_wconf 85' lang='lat' dir='ltr'><strong>tempus</strong></span> 
     </span>
    </p>
   </div>
   <div class='ocr_carea' id='block_1_82' title="bbox 1988 3745 3562 3820">
    <p class='ocr_par' dir='ltr' id='par_1_82' title="bbox 1988 3745 3562 3820">
     <span class='ocr_line' id='line_1_82' title="bbox 1988 3745 3562 3820; baseline 0.004 -20"><span class='ocrx_word' id='word_1_632' title='bbox 1988 3747 2229 3811; x_wconf 83' lang='lat' dir='ltr'><strong>denotet,</strong></span> <span class='ocrx_word' id='word_1_633' title='bbox 2259 3745 2585 3820; x_wconf 76' lang='lat' dir='ltr'><strong>profundum</strong></span> <span class='ocrx_word' id='word_1_634' title='bbox 2611 3746 2831 3818; x_wconf 87' lang='lat' dir='ltr'><strong>aliquod</strong></span> <span class='ocrx_word' id='word_1_635' title='bbox 2852 3753 3185 3819; x_wconf 69' lang='lat' dir='ltr'><strong>mysterium:</strong></span> <span class='ocrx_word' id='word_1_636' title='bbox 3208 3750 3295 3806; x_wconf 85' lang='lat' dir='ltr'><strong>hic</strong></span> <span class='ocrx_word' id='word_1_637' title='bbox 3324 3751 3562 3807; x_wconf 84' lang='lat' dir='ltr'><strong>insinua-</strong></span> 
     </span>
    </p>
   </div>
   <div class='ocr_carea' id='block_1_83' title="bbox 1989 3836 3556 3917">
    <p class='ocr_par' dir='ltr' id='par_1_83' title="bbox 1989 3836 3556 3917">
     <span class='ocr_line' id='line_1_83' title="bbox 1989 3836 3556 3917; baseline 0.004 -26"><span class='ocrx_word' id='word_1_638' title='bbox 1989 3844 2095 3902; x_wconf 89' lang='lat' dir='ltr'><strong>tur,</strong></span> <span class='ocrx_word' id='word_1_639' title='bbox 2126 3836 2221 3893; x_wconf 88' lang='lat' dir='ltr'><strong>sed</strong></span> <span class='ocrx_word' id='word_1_640' title='bbox 2258 3837 2324 3897; x_wconf 84' lang='lat' dir='ltr'><strong>iis</strong></span> <span class='ocrx_word' id='word_1_641' title='bbox 2359 3837 2732 3917; x_wconf 82' lang='lat' dir='ltr'><strong>quisectione</strong></span> <span class='ocrx_word' id='word_1_642' title='bbox 2760 3840 2981 3896; x_wconf 89' lang='lat' dir='ltr'><strong>inducta</strong></span> <span class='ocrx_word' id='word_1_643' title='bbox 3017 3855 3265 3897; x_wconf 87' lang='lat' dir='ltr'><strong>seorsum</strong></span> <span class='ocrx_word' id='word_1_644' title='bbox 3301 3841 3556 3898; x_wconf 84' lang='lat' dir='ltr'><strong>conside-</strong></span> 
     </span>
    </p>
   </div>
   <div class='ocr_carea' id='block_1_84' title="bbox 1986 3927 3561 4007">
    <p class='ocr_par' dir='ltr' id='par_1_84' title="bbox 1986 3927 3561 4007">
     <span class='ocr_line' id='line_1_84' title="bbox 1986 3927 3561 4007; baseline 0.004 -26"><span class='ocrx_word' id='word_1_645' title='bbox 1986 3936 2110 3983; x_wconf 87' lang='lat' dir='ltr'><strong>rant</strong></span> <span class='ocrx_word' id='word_1_646' title='bbox 2144 3936 2199 3983; x_wconf 88' lang='lat' dir='ltr'><strong>et</strong></span> <span class='ocrx_word' id='word_1_647' title='bbox 2225 3927 2518 3990; x_wconf 79' lang='lat' dir='ltr'><strong>collocant.</strong></span> <span class='ocrx_word' id='word_1_648' title='bbox 2550 3927 2687 3984; x_wconf 83' lang='lat' dir='ltr'><strong>Nam</strong></span> <span class='ocrx_word' id='word_1_649' title='bbox 2717 3929 2809 4007; x_wconf 88' lang='lat' dir='ltr'><strong>qui</strong></span> <span class='ocrx_word' id='word_1_650' title='bbox 2834 3928 3242 3986; x_wconf 87' lang='lat' dir='ltr'><strong>Emmanueletn</strong></span> <span class='ocrx_word' id='word_1_651' title='bbox 3278 3931 3345 3986; x_wconf 91' lang='lat' dir='ltr'><strong>ad</strong></span> <span class='ocrx_word' id='word_1_652' title='bbox 3376 3933 3561 3993; x_wconf 82' lang='lat' dir='ltr'><strong>unita-</strong></span> 
     </span>
    </p>
   </div>
   <div class='ocr_carea' id='block_1_85' title="bbox 1989 4020 3557 4094">
    <p class='ocr_par' dir='ltr' id='par_1_85' title="bbox 1989 4020 3557 4094">
     <span class='ocr_line' id='line_1_85' title="bbox 1989 4020 3557 4094; baseline 0.004 -22"><span class='ocrx_word' id='word_1_653' title='bbox 1989 4027 2094 4073; x_wconf 91' lang='lat' dir='ltr'><strong>tem</strong></span> <span class='ocrx_word' id='word_1_654' title='bbox 2125 4027 2406 4088; x_wconf 84' lang='lat' dir='ltr'><strong>revocant,</strong></span> <span class='ocrx_word' id='word_1_655' title='bbox 2437 4020 2504 4076; x_wconf 92' lang='lat' dir='ltr'><strong>iis</strong></span> <span class='ocrx_word' id='word_1_656' title='bbox 2551 4029 2607 4076; x_wconf 89' lang='lat' dir='ltr'><strong>et</strong></span> <span class='ocrx_word' id='word_1_657' title='bbox 2653 4021 2755 4076; x_wconf 92' lang='lat' dir='ltr'><strong>hoc</strong></span> <span class='ocrx_word' id='word_1_658' title='bbox 2798 4020 2997 4092; x_wconf 90' lang='lat' dir='ltr'><strong>ipsum,</strong></span> <span class='ocrx_word' id='word_1_659' title='bbox 3039 4029 3093 4077; x_wconf 91' lang='lat' dir='ltr'><strong>et</strong></span> <span class='ocrx_word' id='word_1_660' title='bbox 3121 4030 3317 4083; x_wconf 65' lang='lat' dir='ltr'><strong>caetera</strong></span> <span class='ocrx_word' id='word_1_661' title='bbox 3342 4023 3557 4094; x_wconf 72' lang='lat' dir='ltr'><strong>omnia,</strong></span> 
     </span>
    </p>
   </div>
   <div class='ocr_carea' id='block_1_86' title="bbox 1985 4110 3561 4184">
    <p class='ocr_par' dir='ltr' id='par_1_86' title="bbox 1985 4110 3561 4184">
     <span class='ocr_line' id='line_1_86' title="bbox 1985 4110 3561 4184; baseline 0.004 -19"><span class='ocrx_word' id='word_1_662' title='bbox 1985 4125 2106 4180; x_wconf 66' lang='lat' dir='ltr'><strong>quae</strong></span> <span class='ocrx_word' id='word_1_663' title='bbox 2134 4110 2202 4166; x_wconf 91' lang='lat' dir='ltr'><strong>ad</strong></span> <span class='ocrx_word' id='word_1_664' title='bbox 2242 4111 2825 4179; x_wconf 76' lang='lat' dir='ltr'><strong>sincerantsacrorum</strong></span> <span class='ocrx_word' id='word_1_665' title='bbox 2851 4114 3161 4183; x_wconf 89' lang='lat' dir='ltr'><strong>dogmatum</strong></span> <span class='ocrx_word' id='word_1_666' title='bbox 3196 4113 3561 4184; x_wconf 73' lang='lat' dir='ltr'><strong>cognitionem</strong></span> 
     </span>
    </p>
   </div>
   <div class='ocr_carea' id='block_1_87' title="bbox 1984 4201 3560 4277">
    <p class='ocr_par' dir='ltr' id='par_1_87' title="bbox 1984 4201 3560 4277">
     <span class='ocr_line' id='line_1_87' title="bbox 1984 4201 3560 4277; baseline 0.004 -21"><span class='ocrx_word' id='word_1_667' title='bbox 1984 4201 2282 4272; x_wconf 89' lang='lat' dir='ltr'><strong>pertinent,</strong></span> <span class='ocrx_word' id='word_1_668' title='bbox 2341 4215 2470 4265; x_wconf 81' lang='lat' dir='ltr'><strong>sunt</strong></span> <span class='ocrx_word' id='word_1_669' title='bbox 2519 4204 2721 4268; x_wconf 46' lang='lat' dir='ltr'><strong>obvia,</strong></span> <span class='ocrx_word' id='word_1_670' title='bbox 2752 4212 3019 4277; x_wconf 82' lang='lat' dir='ltr'><strong>captuque</strong></span> <span class='ocrx_word' id='word_1_671' title='bbox 3056 4203 3339 4267; x_wconf 78' lang='lat' dir='ltr'><strong>facillima.</strong></span> <span class='ocrx_word' id='word_1_672' title='bbox 3388 4206 3560 4267; x_wconf 84' lang='lat' dir='ltr'><strong>Filius</strong></span> 
     </span>
    </p>
   </div>
   <div class='ocr_carea' id='block_1_88' title="bbox 1985 4282 3561 4375">
    <p class='ocr_par' dir='ltr' id='par_1_88' title="bbox 1985 4282 3561 4375">
     <span class='ocr_line' id='line_1_88' title="bbox 1985 4282 3561 4375; baseline 0.004 -28"><span class='ocrx_word' id='word_1_673' title='bbox 1985 4282 2192 4375; x_wconf 82' lang='lat' dir='ltr'><strong>itaque,</strong></span> <span class='ocrx_word' id='word_1_674' title='bbox 2217 4292 2319 4363; x_wconf 85' lang='lat' dir='ltr'><strong>qui</strong></span> <span class='ocrx_word' id='word_1_675' title='bbox 2354 4294 2635 4373; x_wconf 81' lang='lat' dir='ltr'><strong>generanti</strong></span> <span class='ocrx_word' id='word_1_676' title='bbox 2674 4292 2823 4354; x_wconf 83' lang='lat' dir='ltr'><strong>Patri</strong></span> <span class='ocrx_word' id='word_1_677' title='bbox 2855 4302 3159 4352; x_wconf 84' lang='lat' dir='ltr'><strong>coaeternus</strong></span> <span class='ocrx_word' id='word_1_678' title='bbox 3197 4305 3304 4363; x_wconf 90' lang='lat' dir='ltr'><strong>est,</strong></span> <span class='ocrx_word' id='word_1_679' title='bbox 3335 4305 3391 4353; x_wconf 91' lang='lat' dir='ltr'><strong>et</strong></span> <span class='ocrx_word' id='word_1_680' title='bbox 3433 4306 3561 4353; x_wconf 87' lang='lat' dir='ltr'><strong>ante</strong></span> 
     </span>
    </p>
   </div>
   <div class='ocr_carea' id='block_1_89' title="bbox 303 4381 1887 4461">
    <p class='ocr_par' dir='ltr' id='par_1_89' title="bbox 303 4381 1878 4457">
     <span class='ocr_line' id='line_1_89' title="bbox 303 4381 1878 4457; baseline 0.003 -20"><span class='ocrx_word' id='word_1_681' title='bbox 303 4385 402 4437; x_wconf 88' lang='grc' dir='ltr'><strong>τοῦ</strong></span> <span class='ocrx_word' id='word_1_682' title='bbox 442 4381 580 4438; x_wconf 78' lang='grc' dir='ltr'>εἶναι</span> <span class='ocrx_word' id='word_1_683' title='bbox 611 4385 763 4450; x_wconf 80' lang='grc' dir='ltr'>Θεὸς,</span> <span class='ocrx_word' id='word_1_684' title='bbox 786 4384 1115 4457; x_wconf 72' lang='grc' dir='ltr'>προσλαϐὼν</span> <span class='ocrx_word' id='word_1_685' title='bbox 1141 4385 1204 4438; x_wconf 79' lang='grc' dir='ltr'><strong>τὺ</strong></span> <span class='ocrx_word' id='word_1_686' title='bbox 1233 4384 1595 4457; x_wconf 82' lang='grc' dir='ltr'>ἀνθρώπινον,</span> <span class='ocrx_word' id='word_1_687' title='bbox 1629 4387 1789 4440; x_wconf 81' lang='grc' dir='ltr'>νοοῖτ⁹</span> <span class='ocrx_word' id='word_1_688' title='bbox 1810 4386 1878 4441; x_wconf 81' lang='grc' dir='ltr'>ἂν</span> 
     </span>
    </p>
   </div>
   <div class='ocr_carea' id='block_1_90' title="bbox 1992 4381 3560 4461">
    <p class='ocr_par' dir='ltr' id='par_1_90' title="bbox 1992 4382 3560 4454">
     <span class='ocr_line' id='line_1_90' title="bbox 1992 4382 3560 4454; baseline 0.003 -19"><span class='ocrx_word' id='word_1_689' title='bbox 1992 4382 2227 4436; x_wconf 86' lang='lat' dir='ltr'><strong>omnium</strong></span> <span class='ocrx_word' id='word_1_690' title='bbox 2264 4383 2585 4438; x_wconf 55' lang='lat' dir='ltr'><strong>saeculorum</strong></span> <span class='ocrx_word' id='word_1_691' title='bbox 2629 4392 2844 4443; x_wconf 82' lang='lat' dir='ltr'><strong>aetatem</strong></span> <span class='ocrx_word' id='word_1_692' title='bbox 2876 4383 3182 4441; x_wconf 90' lang='lat' dir='ltr'><strong>subsistens</strong></span> <span class='ocrx_word' id='word_1_693' title='bbox 3212 4393 3316 4453; x_wconf 88' lang='lat' dir='ltr'><strong>est,</strong></span> <span class='ocrx_word' id='word_1_694' title='bbox 3343 4395 3560 4454; x_wconf 87' lang='lat' dir='ltr'><strong>postea-</strong></span> 
     </span>
    </p>
   </div>
   <div class='ocr_carea' id='block_1_91' title="bbox 305 4474 1891 4547">
    <p class='ocr_par' dir='ltr' id='par_1_91' title="bbox 305 4474 1891 4547">
     <span class='ocr_line' id='line_1_91' title="bbox 305 4474 1891 4547; baseline 0.001 -19"><span class='ocrx_word' id='word_1_695' title='bbox 305 4476 531 4538; x_wconf 81' lang='grc' dir='ltr'>εἰκότως</span> <span class='ocrx_word' id='word_1_696' title='bbox 560 4475 657 4528; x_wconf 66' lang='grc' dir='ltr'><strong>καὶ</strong></span> <span class='ocrx_word' id='word_1_697' title='bbox 695 4477 760 4529; x_wconf 83' lang='grc' dir='ltr'>ὲκ</span> <span class='ocrx_word' id='word_1_698' title='bbox 800 4478 1113 4547; x_wconf 88' lang='grc' dir='ltr'>σπέρματος</span> <span class='ocrx_word' id='word_1_699' title='bbox 1151 4476 1510 4546; x_wconf 81' lang='grc' dir='ltr'>γεγεννῆσθαι</span> <span class='ocrx_word' id='word_1_700' title='bbox 1538 4474 1706 4530; x_wconf 75' lang='grc' dir='ltr'>Δαϐὶδ</span> <span class='ocrx_word' id='word_1_701' title='bbox 1728 4512 1743 4539; x_wconf 91' lang='grc'><strong>,</strong></span> <span class='ocrx_word' id='word_1_702' title='bbox 1783 4475 1891 4529; x_wconf 73' lang='grc' dir='ltr'>καὶ·</span> 
     </span>
    </p>
   </div>
   <div class='ocr_carea' id='block_1_92' title="bbox 303 4568 1879 4641">
    <p class='ocr_par' dir='ltr' id='par_1_92' title="bbox 303 4568 1879 4641">
     <span class='ocr_line' id='line_1_92' title="bbox 303 4568 1879 4641; baseline 0.001 -20"><span class='ocrx_word' id='word_1_703' title='bbox 303 4569 578 4638; x_wconf 87' lang='grc' dir='ltr'>νεωτάτην</span> <span class='ocrx_word' id='word_1_704' title='bbox 605 4568 748 4639; x_wconf 79' lang='grc' dir='ltr'>ἔχειν</span> <span class='ocrx_word' id='word_1_705' title='bbox 790 4569 886 4641; x_wconf 79' lang='grc' dir='ltr'>τὴν</span> <span class='ocrx_word' id='word_1_706' title='bbox 917 4571 974 4625; x_wconf 82' lang='grc' dir='ltr'>ὲν</span> <span class='ocrx_word' id='word_1_707' title='bbox 1007 4568 1385 4641; x_wconf 81' lang='grc' dir='ltr'>ἀνθρωπότητι</span> <span class='ocrx_word' id='word_1_708' title='bbox 1414 4569 1665 4640; x_wconf 80' lang='grc' dir='ltr'>γέννησιν</span> <span class='ocrx_word' id='word_1_709' title='bbox 1684 4568 1703 4608; x_wconf 72' lang='grc' dir='ltr'><strong>ί</strong></span> <span class='ocrx_word' id='word_1_710' title='bbox 1725 4586 1741 4603; x_wconf 76' lang='grc' dir='ltr'><strong><em>ο</em></strong></span> <span class='ocrx_word' id='word_1_711' title='bbox 1771 4568 1879 4622; x_wconf 82' lang='grc' dir='ltr'><strong>ὧσ-</strong></span> 
     </span>
    </p>
   </div>
   <div class='ocr_carea' id='block_1_93' title="bbox 301 4659 1883 4733">
    <p class='ocr_par' dir='ltr' id='par_1_93' title="bbox 301 4659 1883 4733">
     <span class='ocr_line' id='line_1_93' title="bbox 301 4659 1883 4733; baseline 0.001 -20"><span class='ocrx_word' id='word_1_712' title='bbox 301 4677 363 4713; x_wconf 86' lang='grc' dir='ltr'><strong>τε</strong></span> <span class='ocrx_word' id='word_1_713' title='bbox 389 4659 490 4712; x_wconf 82' lang='grc' dir='ltr'>οὐκ</span> <span class='ocrx_word' id='word_1_714' title='bbox 511 4661 535 4698; x_wconf 80' lang='grc'><strong>8</strong></span> <span class='ocrx_word' id='word_1_715' title='bbox 567 4659 845 4730; x_wconf 82' lang='grc' dir='ltr'>ἀλλότριον</span> <span class='ocrx_word' id='word_1_716' title='bbox 893 4660 1058 4715; x_wconf 81' lang='grc' dir='ltr'>αὐτοῦ</span> <span class='ocrx_word' id='word_1_717' title='bbox 1101 4660 1161 4714; x_wconf 80' lang='grc' dir='ltr'>τὸ</span> <span class='ocrx_word' id='word_1_718' title='bbox 1198 4661 1563 4733; x_wconf 83' lang='grc' dir='ltr'>προσληφθὲν,</span> <span class='ocrx_word' id='word_1_719' title='bbox 1597 4661 1712 4715; x_wconf 88' lang='grc' dir='ltr'><strong>ἀλλ’</strong></span> <span class='ocrx_word' id='word_1_720' title='bbox 1747 4659 1883 4715; x_wconf 75' lang='grc' dir='ltr'>ἴδιον</span> 
     </span>
    </p>
   </div>
   <div class='ocr_carea' id='block_1_94' title="bbox 302 4751 1890 4824">
    <p class='ocr_par' dir='ltr' id='par_1_94' title="bbox 302 4751 1890 4824">
     <span class='ocr_line' id='line_1_94' title="bbox 302 4751 1890 4824; baseline 0.002 -21"><span class='ocrx_word' id='word_1_721' title='bbox 302 4751 541 4822; x_wconf 81' lang='grc' dir='ltr'>ἀληθῶς.</span> <span class='ocrx_word' id='word_1_722' title='bbox 595 4752 916 4821; x_wconf 86' lang='grc' dir='ltr'>Λελὸγισται</span> <span class='ocrx_word' id='word_1_723' title='bbox 962 4753 1251 4824; x_wconf 83' lang='grc' dir='ltr'>τοιγαροῦν</span> <span class='ocrx_word' id='word_1_724' title='bbox 1278 4754 1355 4818; x_wconf 80' lang='grc' dir='ltr'><strong>ὡς</strong></span> <span class='ocrx_word' id='word_1_725' title='bbox 1404 4752 1460 4805; x_wconf 84' lang='grc' dir='ltr'>ἒν</span> <span class='ocrx_word' id='word_1_726' title='bbox 1502 4751 1638 4822; x_wconf 68' lang='grc' dir='ltr'>πρὸς</span> <span class='ocrx_word' id='word_1_727' title='bbox 1689 4751 1890 4819; x_wconf 73' lang='grc' dir='ltr'>αὑτὸν,</span> 
     </span>
    </p>
   </div>
   <div class='ocr_carea' id='block_1_95' title="bbox 302 4840 1875 4913">
    <p class='ocr_par' dir='ltr' id='par_1_95' title="bbox 302 4840 1875 4913">
     <span class='ocr_line' id='line_1_95' title="bbox 302 4840 1875 4913; baseline 0 -19"><span class='ocrx_word' id='word_1_728' title='bbox 302 4841 555 4912; x_wconf 77' lang='grc' dir='ltr'>καθάπερ</span> <span class='ocrx_word' id='word_1_729' title='bbox 588 4840 777 4910; x_wconf 82' lang='grc' dir='ltr'>ἀμέλει</span> <span class='ocrx_word' id='word_1_730' title='bbox 807 4841 902 4895; x_wconf 70' lang='grc' dir='ltr'>καὶ</span> <span class='ocrx_word' id='word_1_731' title='bbox 939 4841 1037 4913; x_wconf 79' lang='grc' dir='ltr'>τὴν</span> <span class='ocrx_word' id='word_1_732' title='bbox 1063 4841 1409 4913; x_wconf 85' lang='grc' dir='ltr'>ἀνθρωπείαν</span> <span class='ocrx_word' id='word_1_733' title='bbox 1431 4841 1676 4894; x_wconf 79' lang='grc' dir='ltr'>σύνθεσιν</span> <span class='ocrx_word' id='word_1_734' title='bbox 1704 4859 1875 4895; x_wconf 89' lang='grc' dir='ltr'>κατα-</span> 
     </span>
    </p>
   </div>
   <div class='ocr_carea' id='block_1_96' title="bbox 302 4914 1876 5004">
    <p class='ocr_par' dir='ltr' id='par_1_96' title="bbox 302 4914 1876 5004">
     <span class='ocr_line' id='line_1_96' title="bbox 302 4914 1876 5004; baseline 0.001 -21"><span class='ocrx_word' id='word_1_735' title='bbox 302 4930 480 5001; x_wconf 83' lang='grc' dir='ltr'>θρήσῃ</span> <span class='ocrx_word' id='word_1_736' title='bbox 523 4914 606 4993; x_wconf 78' lang='grc' dir='ltr'>τις</span> <span class='ocrx_word' id='word_1_737' title='bbox 643 4931 734 4985; x_wconf 78' lang='grc' dir='ltr'><strong>ἄν·</strong></span> <span class='ocrx_word' id='word_1_738' title='bbox 780 4931 1195 5002; x_wconf 87' lang='grc' dir='ltr'>συμπέκλεκται</span> <span class='ocrx_word' id='word_1_739' title='bbox 1238 4933 1348 5004; x_wconf 77' lang='grc' dir='ltr'><strong>γάρ</strong></span> <span class='ocrx_word' id='word_1_740' title='bbox 1381 4933 1440 4999; x_wconf 81' lang='grc' dir='ltr'>ἐξ</span> <span class='ocrx_word' id='word_1_741' title='bbox 1470 4933 1738 5004; x_wconf 81' lang='grc' dir='ltr'>ἀνομοίων</span> <span class='ocrx_word' id='word_1_742' title='bbox 1778 4933 1876 5003; x_wconf 81' lang='grc' dir='ltr'>τὴν</span> 
     </span>
    </p>
   </div>
   <div class='ocr_carea' id='block_1_97' title="bbox 300 5021 1875 5100">
    <p class='ocr_par' dir='ltr' id='par_1_97' title="bbox 300 5021 1875 5100">
     <span class='ocr_line' id='line_1_97' title="bbox 300 5021 1875 5100; baseline 0.004 -27"><span class='ocrx_word' id='word_1_743' title='bbox 300 5021 484 5089; x_wconf 75' lang='grc' dir='ltr'>φύσιν,</span> <span class='ocrx_word' id='word_1_744' title='bbox 529 5022 705 5100; x_wconf 74' lang='grc' dir='ltr'><strong>ψυχῆς</strong></span> <span class='ocrx_word' id='word_1_745' title='bbox 735 5024 822 5095; x_wconf 77' lang='grc' dir='ltr'>δὴ,</span> <span class='ocrx_word' id='word_1_746' title='bbox 855 5023 1021 5092; x_wconf 78' lang='grc' dir='ltr'>λέγω,</span> <span class='ocrx_word' id='word_1_747' title='bbox 1056 5027 1153 5079; x_wconf 84' lang='grc' dir='ltr'>καὶ</span> <span class='ocrx_word' id='word_1_748' title='bbox 1198 5024 1450 5097; x_wconf 85' lang='grc' dir='ltr'>σώματος</span> <span class='ocrx_word' id='word_1_749' title='bbox 1474 5041 1487 5054; x_wconf 95' lang='grc'><strong>·</strong></span> <span class='ocrx_word' id='word_1_750' title='bbox 1526 5026 1640 5080; x_wconf 83' lang='grc' dir='ltr'><strong>ἀλλ’</strong></span> <span class='ocrx_word' id='word_1_751' title='bbox 1671 5021 1763 5080; x_wconf 80' lang='grc' dir='ltr'><strong>οῦν</strong></span> <span class='ocrx_word' id='word_1_752' title='bbox 1796 5021 1875 5090; x_wconf 73' lang='grc' dir='ltr'><strong>εἷς</strong></span> 
     </span>
    </p>
   </div>
   <div class='ocr_carea' id='block_1_98' title="bbox 300 5108 1875 5185">
    <p class='ocr_par' dir='ltr' id='par_1_98' title="bbox 300 5108 1875 5185">
     <span class='ocr_line' id='line_1_98' title="bbox 300 5108 1875 5185; baseline 0.004 -25"><span class='ocrx_word' id='word_1_753' title='bbox 300 5110 504 5162; x_wconf 82' lang='grc' dir='ltr'>νοεῖται</span> <span class='ocrx_word' id='word_1_754' title='bbox 531 5108 590 5162; x_wconf 77' lang='grc' dir='ltr'>τὸ</span> <span class='ocrx_word' id='word_1_755' title='bbox 623 5111 1035 5182; x_wconf 78' lang='grc' dir='ltr'>συναμφότερον</span> <span class='ocrx_word' id='word_1_756' title='bbox 1077 5112 1361 5184; x_wconf 78' lang='grc' dir='ltr'>ἅνθρωπος</span> <span class='ocrx_word' id='word_1_757' title='bbox 1383 5130 1394 5141; x_wconf 92' lang='grc'>·</span> <span class='ocrx_word' id='word_1_758' title='bbox 1443 5113 1518 5177; x_wconf 81' lang='grc' dir='ltr'><strong>ὡς</strong></span> <span class='ocrx_word' id='word_1_759' title='bbox 1551 5114 1660 5166; x_wconf 79' lang='grc' dir='ltr'><strong>ἀπὸ</strong></span> <span class='ocrx_word' id='word_1_760' title='bbox 1703 5115 1875 5185; x_wconf 82' lang='grc' dir='ltr'>μόνης</span> 
     </span>
    </p>
   </div>
   <div class='ocr_carea' id='block_1_99' title="bbox 304 5197 1872 5272">
    <p class='ocr_par' dir='ltr' id='par_1_99' title="bbox 304 5197 1872 5272">
     <span class='ocr_line' id='line_1_99' title="bbox 304 5197 1872 5272; baseline 0.004 -22"><span class='ocrx_word' id='word_1_761' title='bbox 304 5197 402 5268; x_wconf 86' lang='grc' dir='ltr'>μὲν</span> <span class='ocrx_word' id='word_1_762' title='bbox 428 5199 529 5268; x_wconf 77' lang='grc' dir='ltr'><strong>τῆς</strong></span> <span class='ocrx_word' id='word_1_763' title='bbox 558 5199 762 5270; x_wconf 79' lang='grc' dir='ltr'>σαρκὸς</span> <span class='ocrx_word' id='word_1_764' title='bbox 799 5200 918 5254; x_wconf 84' lang='grc' dir='ltr'>ὅλον</span> <span class='ocrx_word' id='word_1_765' title='bbox 944 5200 1057 5254; x_wconf 79' lang='grc' dir='ltr'>ἔσθ’</span> <span class='ocrx_word' id='word_1_766' title='bbox 1076 5202 1164 5254; x_wconf 82' lang='grc' dir='ltr'>ὅτε</span> <span class='ocrx_word' id='word_1_767' title='bbox 1191 5203 1610 5272; x_wconf 84' lang='grc' dir='ltr'>κατωνομάσθαι</span> <span class='ocrx_word' id='word_1_768' title='bbox 1635 5203 1695 5254; x_wconf 84' lang='grc' dir='ltr'>τὸ</span> <span class='ocrx_word' id='word_1_769' title='bbox 1713 5202 1872 5266; x_wconf 79' lang='grc' dir='ltr'>ζῶον,</span> 
     </span>
    </p>
   </div>
   <div class='ocr_carea' id='block_1_100' title="bbox 1982 4472 3575 4542">
    <p class='ocr_par' dir='ltr' id='par_1_100' title="bbox 1982 4472 3575 4542">
     <span class='ocr_line' id='line_1_100' title="bbox 1982 4472 3575 4542; baseline 0.004 -17"><span class='ocrx_word' id='word_1_770' title='bbox 1982 4486 2143 4542; x_wconf 90' lang='lat' dir='ltr'><strong>quam</strong></span> <span class='ocrx_word' id='word_1_771' title='bbox 2179 4472 2465 4529; x_wconf 82' lang='lat' dir='ltr'><strong>divinitate</strong></span> <span class='ocrx_word' id='word_1_772' title='bbox 2516 4489 2625 4530; x_wconf 90' lang='lat' dir='ltr'><strong>non</strong></span> <span class='ocrx_word' id='word_1_773' title='bbox 2671 4474 2894 4541; x_wconf 89' lang='lat' dir='ltr'><strong>amissa,</strong></span> <span class='ocrx_word' id='word_1_774' title='bbox 2960 4473 3056 4530; x_wconf 90' lang='lat' dir='ltr'><strong>sed</strong></span> <span class='ocrx_word' id='word_1_775' title='bbox 3087 4474 3430 4531; x_wconf 86' lang='lat' dir='ltr'><strong>humanitate</strong></span> <span class='ocrx_word' id='word_1_776' title='bbox 3472 4490 3575 4532; x_wconf 55' lang='grc' dir='ltr'>εει</span> 
     </span>
    </p>
   </div>
   <div class='ocr_carea' id='block_1_101' title="bbox 1982 4566 3556 4638">
    <p class='ocr_par' dir='ltr' id='par_1_101' title="bbox 1982 4566 3556 4638">
     <span class='ocr_line' id='line_1_101' title="bbox 1982 4566 3556 4638; baseline 0.003 -22"><span class='ocrx_word' id='word_1_777' title='bbox 1982 4572 2217 4634; x_wconf 88' lang='lat' dir='ltr'><strong>sumpta,</strong></span> <span class='ocrx_word' id='word_1_778' title='bbox 2286 4566 2341 4621; x_wconf 90' lang='lat' dir='ltr'><strong>in</strong></span> <span class='ocrx_word' id='word_1_779' title='bbox 2400 4566 2637 4630; x_wconf 89' lang='lat' dir='ltr'><strong>hominis</strong></span> <span class='ocrx_word' id='word_1_780' title='bbox 2680 4566 2787 4638; x_wconf 70' lang='lat'><strong>23</strong></span> <span class='ocrx_word' id='word_1_781' title='bbox 2831 4573 3084 4621; x_wconf 88' lang='lat' dir='ltr'><strong>naturam</strong></span> <span class='ocrx_word' id='word_1_782' title='bbox 3152 4580 3274 4623; x_wconf 86' lang='lat' dir='ltr'><strong>sese</strong></span> <span class='ocrx_word' id='word_1_783' title='bbox 3318 4566 3556 4637; x_wconf 83' lang='lat' dir='ltr'><strong>dimisit;</strong></span> 
     </span>
    </p>
   </div>
   <div class='ocr_carea' id='block_1_102' title="bbox 1984 4642 3561 4730">
    <p class='ocr_par' dir='ltr' id='par_1_102' title="bbox 1984 4642 3561 4730">
     <span class='ocr_line' id='line_1_102' title="bbox 1984 4642 3561 4730; baseline 0.005 -22"><span class='ocrx_word' id='word_1_784' title='bbox 1984 4656 2291 4725; x_wconf 83' lang='lat' dir='ltr'><strong>meritoque</strong></span> <span class='ocrx_word' id='word_1_785' title='bbox 2321 4665 2376 4712; x_wconf 90' lang='lat' dir='ltr'><strong>et</strong></span> <span class='ocrx_word' id='word_1_786' title='bbox 2410 4671 2477 4712; x_wconf 88' lang='lat' dir='ltr'><strong>ex</strong></span> <span class='ocrx_word' id='word_1_787' title='bbox 2511 4655 2683 4712; x_wconf 85' lang='lat' dir='ltr'><strong>David</strong></span> <span class='ocrx_word' id='word_1_788' title='bbox 2725 4672 2942 4729; x_wconf 87' lang='lat' dir='ltr'><strong>quoque</strong></span> <span class='ocrx_word' id='word_1_789' title='bbox 2981 4657 3191 4715; x_wconf 87' lang='lat' dir='ltr'><strong>semine</strong></span> <span class='ocrx_word' id='word_1_790' title='bbox 3217 4642 3561 4730; x_wconf 71' lang='lat' dir='ltr'><strong>progenitus,</strong></span> 
     </span>
    </p>
   </div>
   <div class='ocr_carea' id='block_1_103' title="bbox 1984 4749 3554 4825">
    <p class='ocr_par' dir='ltr' id='par_1_103' title="bbox 1984 4749 3554 4825">
     <span class='ocr_line' id='line_1_103' title="bbox 1984 4749 3554 4825; baseline 0.002 -22"><span class='ocrx_word' id='word_1_791' title='bbox 1984 4758 2040 4803; x_wconf 87' lang='lat' dir='ltr'><strong>et</strong></span> <span class='ocrx_word' id='word_1_792' title='bbox 2081 4749 2279 4818; x_wconf 89' lang='lat' dir='ltr'><strong>oppido</strong></span> <span class='ocrx_word' id='word_1_793' title='bbox 2335 4765 2525 4806; x_wconf 89' lang='lat' dir='ltr'><strong>recens</strong></span> <span class='ocrx_word' id='word_1_794' title='bbox 2575 4758 2736 4806; x_wconf 88' lang='lat' dir='ltr'><strong>natus</strong></span> <span class='ocrx_word' id='word_1_795' title='bbox 2794 4750 3131 4806; x_wconf 89' lang='lat' dir='ltr'><strong>humanitate</strong></span> <span class='ocrx_word' id='word_1_796' title='bbox 3178 4751 3554 4825; x_wconf 82' lang='lat' dir='ltr'><strong>praedicatur:</strong></span> 
     </span>
    </p>
   </div>
   <div class='ocr_carea' id='block_1_104' title="bbox 1986 4842 3557 4916">
    <p class='ocr_par' dir='ltr' id='par_1_104' title="bbox 1986 4842 3557 4916">
     <span class='ocr_line' id='line_1_104' title="bbox 1986 4842 3557 4916; baseline 0.004 -22"><span class='ocrx_word' id='word_1_797' title='bbox 1986 4842 2189 4912; x_wconf 91' lang='lat' dir='ltr'><strong>quippe</strong></span> <span class='ocrx_word' id='word_1_798' title='bbox 2225 4858 2346 4898; x_wconf 91' lang='lat' dir='ltr'><strong>cum</strong></span> <span class='ocrx_word' id='word_1_799' title='bbox 2385 4843 2438 4898; x_wconf 90' lang='lat' dir='ltr'><strong>id</strong></span> <span class='ocrx_word' id='word_1_800' title='bbox 2480 4843 2624 4914; x_wconf 89' lang='lat' dir='ltr'><strong>quod</strong></span> <span class='ocrx_word' id='word_1_801' title='bbox 2658 4842 3090 4916; x_wconf 30' lang='lat' dir='ltr'><strong>assumpsittab</strong></span> <span class='ocrx_word' id='word_1_802' title='bbox 3118 4844 3362 4908; x_wconf 74' lang='lat' dir='ltr'><strong>eonullo</strong></span> <span class='ocrx_word' id='word_1_803' title='bbox 3396 4844 3557 4900; x_wconf 89' lang='lat' dir='ltr'><strong>modo</strong></span> 
     </span>
    </p>
   </div>
   <div class='ocr_carea' id='block_1_105' title="bbox 1984 4932 3556 5010">
    <p class='ocr_par' dir='ltr' id='par_1_105' title="bbox 1984 4932 3556 5010">
     <span class='ocr_line' id='line_1_105' title="bbox 1984 4932 3556 5010; baseline 0.004 -26"><span class='ocrx_word' id='word_1_804' title='bbox 1984 4932 2220 4988; x_wconf 90' lang='lat' dir='ltr'><strong>alienum</strong></span> <span class='ocrx_word' id='word_1_805' title='bbox 2253 4934 2347 4990; x_wconf 90' lang='lat' dir='ltr'><strong>sed</strong></span> <span class='ocrx_word' id='word_1_806' title='bbox 2380 4950 2507 4991; x_wconf 86' lang='lat' dir='ltr'><strong>vere</strong></span> <span class='ocrx_word' id='word_1_807' title='bbox 2541 4934 2686 4991; x_wconf 90' lang='lat' dir='ltr'><strong>illius</strong></span> <span class='ocrx_word' id='word_1_808' title='bbox 2719 4937 2998 5010; x_wconf 83' lang='lat' dir='ltr'><strong>proprium</strong></span> <span class='ocrx_word' id='word_1_809' title='bbox 3034 4935 3108 4992; x_wconf 87' lang='lat' dir='ltr'><strong>sit</strong></span> <span class='ocrx_word' id='word_1_810' title='bbox 3139 4954 3154 4991; x_wconf 88' lang='lat'><strong>:</strong></span> <span class='ocrx_word' id='word_1_811' title='bbox 3190 4951 3359 5007; x_wconf 87' lang='lat' dir='ltr'><strong>quare</strong></span> <span class='ocrx_word' id='word_1_812' title='bbox 3385 4952 3556 4991; x_wconf 91' lang='lat' dir='ltr'><strong>unum</strong></span> 
     </span>
    </p>
   </div>
   <div class='ocr_carea' id='block_1_106' title="bbox 1985 5028 3553 5109">
    <p class='ocr_par' dir='ltr' id='par_1_106' title="bbox 1985 5028 3553 5109">
     <span class='ocr_line' id='line_1_106' title="bbox 1985 5028 3553 5109; baseline 0.002 -29"><span class='ocrx_word' id='word_1_813' title='bbox 1985 5033 2239 5082; x_wconf 84' lang='lat' dir='ltr'><strong>censetur</strong></span> <span class='ocrx_word' id='word_1_814' title='bbox 2272 5042 2393 5084; x_wconf 88' lang='lat' dir='ltr'><strong>cum</strong></span> <span class='ocrx_word' id='word_1_815' title='bbox 2430 5028 2568 5109; x_wconf 72' lang='lat' dir='ltr'><strong>ipso.</strong></span> <span class='ocrx_word' id='word_1_816' title='bbox 2596 5028 3063 5103; x_wconf 82' lang='lat' dir='ltr'><strong>Quemadmodum</strong></span> <span class='ocrx_word' id='word_1_817' title='bbox 3094 5028 3329 5098; x_wconf 82' lang='lat' dir='ltr'><strong>exempli</strong></span> <span class='ocrx_word' id='word_1_818' title='bbox 3369 5042 3553 5096; x_wconf 86' lang='lat' dir='ltr'><strong>causa,</strong></span> 
     </span>
    </p>
   </div>
   <div class='ocr_carea' id='block_1_107' title="bbox 1985 5117 3556 5191">
    <p class='ocr_par' dir='ltr' id='par_1_107' title="bbox 1985 5117 3556 5191">
     <span class='ocr_line' id='line_1_107' title="bbox 1985 5117 3556 5191; baseline 0.002 -21"><span class='ocrx_word' id='word_1_819' title='bbox 1985 5117 2040 5171; x_wconf 90' lang='lat' dir='ltr'><strong>in</strong></span> <span class='ocrx_word' id='word_1_820' title='bbox 2074 5117 2309 5177; x_wconf 87' lang='lat' dir='ltr'><strong>hominis</strong></span> <span class='ocrx_word' id='word_1_821' title='bbox 2357 5134 2570 5190; x_wconf 84' lang='lat' dir='ltr'><strong>quoque</strong></span> <span class='ocrx_word' id='word_1_822' title='bbox 2606 5121 2995 5191; x_wconf 88' lang='lat' dir='ltr'><strong>compositione</strong></span> <span class='ocrx_word' id='word_1_823' title='bbox 3031 5119 3281 5176; x_wconf 90' lang='lat' dir='ltr'><strong>accidere</strong></span> <span class='ocrx_word' id='word_1_824' title='bbox 3313 5118 3556 5174; x_wconf 86' lang='lat' dir='ltr'><strong>animad-</strong></span> 
     </span>
    </p>
   </div>
   <div class='ocr_carea' id='block_1_108' title="bbox 1983 5206 3568 5281">
    <p class='ocr_par' dir='ltr' id='par_1_108' title="bbox 1983 5206 3568 5281">
     <span class='ocr_line' id='line_1_108' title="bbox 1983 5206 3568 5281; baseline 0.004 -21"><span class='ocrx_word' id='word_1_825' title='bbox 1983 5206 2272 5275; x_wconf 87' lang='lat' dir='ltr'><strong>vertimus;</strong></span> <span class='ocrx_word' id='word_1_826' title='bbox 2306 5208 2351 5263; x_wconf 92' lang='lat' dir='ltr'><strong>is</strong></span> <span class='ocrx_word' id='word_1_827' title='bbox 2385 5210 2586 5265; x_wconf 89' lang='lat' dir='ltr'><strong>etenim</strong></span> <span class='ocrx_word' id='word_1_828' title='bbox 2618 5224 2683 5266; x_wconf 83' lang='lat' dir='ltr'><strong>ex</strong></span> <span class='ocrx_word' id='word_1_829' title='bbox 2712 5210 2894 5267; x_wconf 90' lang='lat' dir='ltr'><strong>anima</strong></span> <span class='ocrx_word' id='word_1_830' title='bbox 2930 5218 2985 5267; x_wconf 89' lang='lat' dir='ltr'><strong>et</strong></span> <span class='ocrx_word' id='word_1_831' title='bbox 3013 5222 3271 5281; x_wconf 86' lang='lat' dir='ltr'><strong>corpore,</strong></span> <span class='ocrx_word' id='word_1_832' title='bbox 3306 5207 3568 5278; x_wconf 82' lang='lat' dir='ltr'><strong>partibus.</strong></span> 
     </span>
    </p>
   </div>
   <div class='ocr_carea' id='block_1_109' title="bbox 370 5351 1887 5432">
    <p class='ocr_par' dir='ltr' id='par_1_109' title="bbox 370 5351 1887 5425">
     <span class='ocr_line' id='line_1_109' title="bbox 370 5351 1887 5425; baseline 0.006 -21"><span class='ocrx_word' id='word_1_833' title='bbox 370 5351 439 5385; x_wconf 75' lang='grc' dir='ltr'><strong>τι·</strong></span> <span class='ocrx_word' id='word_1_834' title='bbox 481 5353 637 5408; x_wconf 81' lang='lat' dir='ltr'><strong>Rom.</strong></span> <span class='ocrx_word' id='word_1_835' title='bbox 672 5370 713 5418; x_wconf 91' lang='lat' dir='ltr'><strong>t,</strong></span> <span class='ocrx_word' id='word_1_836' title='bbox 749 5355 855 5409; x_wconf 68' lang='grc'><strong>1-4.</strong></span> <span class='ocrx_word' id='word_1_837' title='bbox 933 5357 977 5389; x_wconf 78' lang='grc' dir='ltr'><strong>τ’</strong></span> <span class='ocrx_word' id='word_1_838' title='bbox 1016 5354 1038 5409; x_wconf 87' lang='grc' dir='ltr'><strong>ι</strong></span> <span class='ocrx_word' id='word_1_839' title='bbox 1068 5356 1195 5412; x_wconf 87' lang='lat' dir='ltr'><strong>Cor.</strong></span> <span class='ocrx_word' id='word_1_840' title='bbox 1231 5370 1304 5422; x_wconf 87' lang='lat' dir='ltr'><strong>tv,</strong></span> <span class='ocrx_word' id='word_1_841' title='bbox 1335 5357 1388 5411; x_wconf 86' lang='lat'><strong>5.</strong></span> <span class='ocrx_word' id='word_1_842' title='bbox 1465 5359 1510 5389; x_wconf 85' lang='grc'>⁷³</span> <span class='ocrx_word' id='word_1_843' title='bbox 1548 5358 1567 5412; x_wconf 88' lang='lat' dir='ltr'><strong>l</strong></span> <span class='ocrx_word' id='word_1_844' title='bbox 1601 5358 1724 5414; x_wconf 91' lang='lat' dir='ltr'><strong>Cor.</strong></span> <span class='ocrx_word' id='word_1_845' title='bbox 1760 5374 1820 5425; x_wconf 85' lang='lat' dir='ltr'><strong>tt,</strong></span> <span class='ocrx_word' id='word_1_846' title='bbox 1859 5361 1887 5413; x_wconf 71' lang='grc' dir='ltr'>Ξ</span> 
     </span>
    </p>
   </div>
   <div class='ocr_carea' id='block_1_110' title="bbox 1992 5351 2392 5432">
    <p class='ocr_par' dir='ltr' id='par_1_110' title="bbox 1998 5362 2392 5432">
     <span class='ocr_line' id='line_1_110' title="bbox 1998 5362 2392 5432; baseline 0.015 -17"><span class='ocrx_word' id='word_1_847' title='bbox 1998 5362 2045 5393; x_wconf 59' lang='grc'><strong>⁷⁸</strong></span> <span class='ocrx_word' id='word_1_848' title='bbox 2081 5363 2225 5425; x_wconf 79' lang='lat' dir='ltr'><strong>Psal.</strong></span> <span class='ocrx_word' id='word_1_849' title='bbox 2255 5379 2312 5432; x_wconf 87' lang='lat' dir='ltr'><strong>tt,</strong></span> <span class='ocrx_word' id='word_1_850' title='bbox 2344 5366 2392 5422; x_wconf 91' lang='lat'><strong>7.</strong></span> 
     </span>
    </p>
   </div>
   <div class='ocr_carea' id='block_1_111' title="bbox 1410 5510 2497 5590">
    <p class='ocr_par' dir='ltr' id='par_1_111' title="bbox 1410 5510 2497 5590">
     <span class='ocr_line' id='line_1_111' title="bbox 1410 5510 2497 5590; baseline 0.012 -28"><span class='ocrx_word' id='word_1_851' title='bbox 1410 5510 1579 5567; x_wconf 78' lang='lat' dir='ltr'><strong>Variae</strong></span> <span class='ocrx_word' id='word_1_852' title='bbox 1615 5512 1875 5569; x_wconf 84' lang='lat' dir='ltr'><strong>lectiones</strong></span> <span class='ocrx_word' id='word_1_853' title='bbox 1926 5517 2126 5573; x_wconf 84' lang='lat' dir='ltr'><strong>codicis</strong></span> <span class='ocrx_word' id='word_1_854' title='bbox 2163 5519 2497 5590; x_wconf 82' lang='lat' dir='ltr'><strong>Seguicriani</strong></span> 
     </span>
    </p>
   </div>
   <div class='ocr_carea' id='block_1_112' title="bbox 375 5633 775 5706">
    <p class='ocr_par' dir='ltr' id='par_1_112' title="bbox 375 5633 775 5706">
     <span class='ocr_line' id='line_1_112' title="bbox 375 5633 775 5706; baseline 0.008 -18"><span class='ocrx_word' id='word_1_855' title='bbox 375 5633 405 5677; x_wconf 69' lang='grc' dir='ltr'><strong><em>ἀ</em></strong></span> <span class='ocrx_word' id='word_1_856' title='bbox 436 5635 573 5689; x_wconf 72' lang='grc' dir='ltr'>κατὰ</span> <span class='ocrx_word' id='word_1_857' title='bbox 597 5636 775 5706; x_wconf 71' lang='grc' dir='ltr'>φύσιν.</span> 
     </span>
    </p>
   </div>
   <div class='ocr_carea' id='block_1_113' title="bbox 860 5638 1948 5708">
    <p class='ocr_par' dir='ltr' id='par_1_113' title="bbox 860 5638 1948 5708">
     <span class='ocr_line' id='line_1_113' title="bbox 860 5638 1948 5708; baseline 0.006 -17"><span class='ocrx_word' id='word_1_858' title='bbox 860 5652 880 5676; x_wconf 68' lang='grc' dir='ltr'><strong>θ</strong></span> <span class='ocrx_word' id='word_1_859' title='bbox 915 5639 1111 5708; x_wconf 81' lang='grc' dir='ltr'>ἀρχήν.</span> <span class='ocrx_word' id='word_1_860' title='bbox 1196 5640 1213 5677; x_wconf 69' lang='grc' dir='ltr'><em>τ</em></span> <span class='ocrx_word' id='word_1_861' title='bbox 1247 5638 1473 5707; x_wconf 75' lang='grc' dir='ltr'>γένετιν.</span> <span class='ocrx_word' id='word_1_862' title='bbox 1553 5652 1575 5690; x_wconf 73' lang='grc' dir='ltr'><strong>ε</strong></span> <span class='ocrx_word' id='word_1_863' title='bbox 1615 5642 1729 5694; x_wconf 78' lang='grc' dir='ltr'>ἔστι</span> <span class='ocrx_word' id='word_1_864' title='bbox 1756 5640 1809 5692; x_wconf 76' lang='grc' dir='ltr'>δὲ</span> <span class='ocrx_word' id='word_1_865' title='bbox 1833 5644 1948 5698; x_wconf 74' lang='grc' dir='ltr'>οῦκ.</span> 
     </span>
    </p>
   </div>
  </div>
