3970 6136
477 278 605 335 Hii
1460 280 1514 337 S.
1555 275 1825 331 CYRILIJ
1869 272 2333 331 ALEXANDRINI
2374 274 2695 331 ARCHIEP.
3590 270 3738 332 H7!

391 390 399 404 '
473 397 658 464 utique
705 394 998 449 secundum
1038 402 1286 448 naturam
1332 392 1709 456 dissimilibus,
1760 390 2075 460 constituig

2178 390 2318 460 ιυχῆς
2351 390 2408 443 δέ
2455 391 2851 461 ὠνομασμένης
2899 392 3137 447 νοεῖσθαι
3181 391 3241 445 τὸ
3286 390 3736 459 συναμφότερον.

477 499 598 552 lttr;
652 497 886 540 attamen
939 486 1081 555 quod
1134 500 1199 540 ex
1253 492 1480 554 utroque
1543 483 1853 547 concredit,
1903 496 2040 538 unus

2178 480 2302 558 ςατὰ
2332 479 2421 533 τὸν
2451 480 2563 533 ἴσον
2589 482 2696 551 ἄρα
2722 483 2923 553 τρόπον
2965 482 3060 539 καὶ
3091 484 3176 537 ἐπ’
3211 480 3374 536 αὑτοῦ
3404 478 3741 549 παραδεξώ·

479 579 643 630 homo
689 585 1013 643 reputatur;
1053 584 1105 630 et
1156 573 1608 642 quemadmodum
1657 587 1685 625 a
1728 563 1854 628 sola.
1878 583 2043 626 carne

2178 569 2289 627 ιεθα
2341 570 2433 625 τοῦ
2482 572 2742 642 Χριστοῦ.
2775 567 2869 637 Εἷς
2896 574 3003 644 γὰρ
3049 574 3215 639 Υἱὸς,
3263 574 3359 628 καὶ
3401 566 3488 635 εἷς
3524 570 3740 639 Κύριος

481 672 652 715 totum
712 662 981 717 interdum
1035 660 1235 715 animal
1287 661 1693 727 denominatur;
1746 672 1800 715 ct
1862 660 2040 712 anima

2158 662 2365 731 Ἰησοῦς
2402 663 2671 734 Χριστὸς,
2718 664 2811 718 καὶ
2832 665 2937 736 πρὸ
2971 666 3193 735 σαρκὸς,
3227 667 3318 720 καὶ
3344 667 3437 720 ὅτε
3481 663 3741 733 πέφηνεν

480 748 692 806 rursum
746 752 1037 819 nominata,
1079 753 1128 806 id
1180 753 1320 821 quod
1373 767 1435 806 ex
1483 761 1711 821 utroque
1753 750 2044 806 conﬂatum
2148 754 2454 826 ἄνθρωπος.

480 856 584 909 cst,
612 860 715 898 non
748 845 1445 916 infrequentcrintelligitur
1479 846 1581 899 :ad
1643 846 1889 900 eumdem
1952 844 2108 914 plane
2147 844 2387 913 modum,
2441 864 2563 920 quae
2609 851 2676 905 de
2712 849 2933 909 Christo
2982 866 3198 922 quoque
3249 850 3545 912 dicuntur,
3596 844 3743 900 acci-

483 933 674 999 pienda
709 943 851 986 sunt.
887 932 1037 1001 Unus
1075 943 1156 989 est
1194 933 1336 988 enim
1376 932 1567 1006 Filius,
1601 947 1741 1000 unus
1782 930 2040 989 Dominus
2110 933 2265 991 lesus
2310 936 2583 1006 Chrisws,
2636 948 2693 994 et
2749 950 2878 997 ante
2931 956 3177 1007 carnem,
3228 949 3285 996 et
3363 946 3740 1009 posteaquam

483 1027 644 1079 homo
676 1024 944 1094 apparuit.

555 1117 766 1175 XXVII.
809 1119 875 1175 Et
914 1120 1164 1189 quamvis
1199 1120 1339 1175 idem
1377 1119 1464 1173 ille
1505 1117 1829 1186 Redemptor
1862 1126 2046 1172 noster

483 1229 580 1291 per
609 1213 855 1267 humana:
891 1221 1097 1266 naturae
1128 1213 1506 1281 proprietates,
1552 1208 2043 1277 exinanitionisque

2229 1132 2357 1185 KZ’.
2395 1131 2507 1183 Kal.
2556 1129 2647 1183 τὸν
2698 1130 3049 1199 ἀγοράσαντα
3094 1127 3241 1198 ἡμᾶς
3292 1124 3592 1193 Δεσπότην
3644 1121 3743 1175 οὐκ

2157 1221 2549 1292 ἁρνησώμεθα,
2592 1220 2691 1275 κᾶν
2722 1222 2770 1275 εί
2794 1221 2884 1275 διὰ
2910 1220 3019 1273 τῶν
3049 1217 3405 1289 ἀνθρωπίνων
3444 1217 3621 1284 ἡμῖν,
3653 1214 3742 1267 καὶ

485 1302 822 1358 conditiones
856 1303 1129 1357 interdum
1177 1301 1330 1356 nobis
1372 1301 1702 1363 insinuetur,
1738 1314 1842 1352 non
1890 1299 1959 1353 ob
1995 1297 2047 1352 id

2178 1330 2218 1366 κ
2243 1313 2350 1365 τῶν
2368 1316 2467 1382 τῆς
2492 1312 2772 1375 κενώσεως
2817 1311 3052 1382 μέτρων,
3082 1308 3193 1363 ἐσθ’
3232 1310 3324 1362 ὅτε
3368 1305 3738 1375 κατασημαί·

489 1405 668 1449 tamcn
719 1394 1003 1448 Dominum
1060 1392 1149 1463 qui
1206 1408 1303 1447 nos
1357 1391 1607 1455 redemit,
1666 1389 2047 1443 inﬁciabitnur.

488 1482 703 1551 Judteos
734 1500 865 1540 sane
887 1483 1139 1539 Chrisuts
1165 1484 1425 1537 Dominus
1460 1482 1532 1535 ita
1561 1479 1857 1549 alloquitur
1884 1497 1895 1530 :
1934 1497 1951 1529 ι
1995 1477 2053 1532 Si

490 1578 583 1631 ﬁlii
635 1577 866 1632 Abrahae
915 1575 1084 1640 estis,
1135 1590 1299 1645 opera
1358 1574 1593 1628 Abrahae
1637 1571 1800 1625 facile
1854 1588 1866 1621 :
1915 1582 2057 1622 nunc

491 1679 677 1723 autem
703 1667 942 1737 quaeritis
965 1682 1049 1722 me
1081 1666 1388 1725 interficere
1418 1664 1712 1728 hominem,
1741 1662 1833 1732 qui
1859 1659 2055 1714 verita-

497 1769 602 1830 tem
663 1758 814 1812 vobis
872 1757 1082 1823 locutus
1138 1772 1255 1811 sum
1298 1773 1311 1808 :
1361 1755 1463 1810 hoc
1502 1753 1774 1808 Abraham
1827 1767 1932 1815 non
1978 1747 2054 1805 le-

497 1850 655 1911 cit".
685 1869 706 1899 ›
762 1848 964 1905 Scribit
1012 1850 1077 1904 de
1128 1863 1193 1903 eo
1237 1846 1433 1901 Paulus
1482 1861 1695 1915 quoque
1735 1864 1748 1901 :
1800 1862 1819 1897 ι
1848 1844 1950 1911 Qui
2003 1843 2079 1898 in

497 1939 686 1995 diebus
754 1940 934 1994 carnis
997 1953 1107 1994 suae
1163 1952 1353 2009 preces
1422 1936 1944 2013 supplicationesque
1996 1934 2060 1988 ad

498 2047 644 2097 eum,
674 2032 762 2101 qui
808 2032 977 2101 possit
1008 2032 1156 2086 illum
1187 2032 1394 2088 salvum
1432 2031 1611 2084 facere
1645 2043 1674 2082 a
1718 2037 1911 2091 morte,
1940 2042 2059 2081 cum

500 2110 738 2196 clamore
775 2122 951 2176 valido
988 2130 1041 2176 et
1089 2121 1344 2197 lacryntis
1375 2118 1629 2197 olferens,
1659 2118 1941 2175 exauditus
1981 2123 2064 2169 est

499 2225 598 2280 pro
649 2227 747 2284 sua
809 2214 1162 2267 reverentia:
1195 2222 1248 2268 et
1293 2212 1507 2282 quidem
1546 2227 1667 2265 cum
1714 2219 1858 2266 esset
1898 2209 2064 2265 Filius

501 2301 622 2368 Dei,
651 2303 838 2371 didicit
866 2318 930 2361 ex
965 2304 1047 2359 his
1075 2319 1194 2372 quae
1224 2316 1414 2373 passus
1446 2311 1532 2362 est
1552 2301 1913 2357 obedientiam
1937 2299 2003 2353 ⁷⁸.
2038 2319 2056 2351 ι

500 2390 751 2463 Nunquid
794 2408 922 2465 ergo
956 2395 1097 2451 huoc
1124 2394 1294 2463 ipsum
1332 2393 1606 2448 Christum
1660 2391 1929 2446 hominem
1959 2406 2062 2451 nu,-

502 2484 627 2538 dum
663 2484 873 2539 cmteris
894 2485 1035 2539 nulla
1068 2499 1130 2539 ex
1165 2494 1317 2553 parte
1353 2484 1787 2539 excellentiorem
1819 2480 2065 2537 censebi-

505 2574 662 2638 mus?
691 2575 869 2629 Absit!
916 2576 1141 2639 llursus,
1178 2574 1340 2629 Deine
1366 2575 1685 2645 sapientiam
1719 2581 1774 2631 et
1811 2573 2065 2628 virtutem

507 2665 560 2718 itt
587 2679 704 2719 eam
738 2680 796 2719 se
827 2664 1193 2721 inﬁrmitatem
1226 2654 1489 2732 abiecisse
1515 2665 1781 2728 dabimus,
1817 2673 1875 2718 ut
1918 2678 2064 2718 mor-

506 2766 613 2815 tem
654 2757 1005 2825 euitnuerit,
1059 2765 1113 2812 et
1160 2772 1190 2812 a
1243 2757 1404 2816 Patre
1458 2757 1656 2812 salvari
1710 2756 2068 2827 expetiverit?

505 2845 756 2917 Nunquid
802 2847 1205 2907 Emmanuelem
1257 2849 1419 2903 vitam
1472 2829 1765 2907 secundum
1819 2857 2065 2905 naturam

505 2951 627 2995 esse
672 2937 881 2995 inﬁcias
923 2939 1155 3003 ibimus?
1186 2943 1265 2995 An
1307 2955 1411 2995 non
1451 2939 1630 3009 potius
1652 2940 1718 2998 ad
1760 2939 2068 2993 humanita-

2154 1422 2332 1475 νηται.
2374 1404 2648 1468 Ἰουδαίοις
2680 1404 2777 1475 μὲν
2812 1404 2914 1475 ἐφη
2940 1400 3261 1472 προσλαλῶν
3280 1402 3308 1453 ὁ
3334 1398 3556 1469 Κύριος
3587 1395 3738 1466 ήμῶν

2170 1496 2375 1566 Ἰησοῦς
2405 1497 2670 1566 Χριστός·
2712 1515 2731 1547 ι
2770 1497 2831 1549 Εἰ
2868 1494 3035 1548 τέκνα
3061 1492 3157 1547 τοῦ
3200 1489 3452 1560 ’Δὸραᾶμ
3501 1484 3639 1557 ἦτε.
3677 1488 3737 1539 τὰ

2158 1586 2294 1658 ἔργα
2333 1586 2426 1639 τοῦ
2470 1586 2721 1657 Ἀϐραὰμ
2749 1587 2984 1639 ἐποιεῖτε
3029 1585 3127 1639 ἄν’
3178 1582 3274 1636 νῦν
3319 1582 3376 1634 δέ
3409 1578 3639 1648 ζητεῖτέ
3676 1593 3733 1645 με

2160 1680 2505 1741 ἀποκτεῖναι,
2539 1678 2845 1748 ἄνθρωπον,
2892 1675 2951 1739 ὃς
2977 1675 3076 1745 τὴν
3102 1673 3361 1744 ἀλήθειαν
3402 1671 3546 1740 ὑμῖν
3589 1668 3735 1721 λελά-

2160 1771 2332 1842 ληκα’
2364 1770 2525 1824 τοῦτο
2560 1768 2813 1838 Ἀϐραὰμ
2839 1767 2940 1820 οὐκ
2980 1765 3227 1833 ἐποίησε.
3262 1782 3280 1815 ι
3315 1760 3534 1830 Γράφει
3566 1757 3626 1810 δὲ
3650 1756 3734 1808 καὶ

2160 1857 2371 1920 Παῦλος
2428 1858 2557 1929 περὶ
2612 1856 2777 1911 αὑτοῦ
2803 1871 2817 1886 ο
2866 1874 2883 1906 t
2934 1856 3033 1917 Ὃς
3076 1854 3134 1906 ἐν
3183 1853 3302 1914 ταῖς
3348 1848 3601 1920 ἡμέραις
3644 1848 3732 1912 τῆς

2163 1949 2364 2021 σαρκὸς
2407 1946 2595 2011 αὑτοῦ,
2635 1947 2849 2017 δεήσεις
2878 1963 2939 2000 τε
2981 1947 3077 2000 καὶ
3126 1941 3413 2012 ἱκετηρίας
3466 1938 3606 2009 πρὸς
3651 1934 3730 1989 τὸν

2160 2041 2456 2110 δυνάμενον
2502 2039 2692 2103 σώζειν
2730 2038 2892 2092 αὑτὸν
2929 2040 2995 2090 ἐκ
3023 2036 3253 2090 θανάτου
3302 2032 3441 2102 μετὰ
3492 2028 3729 2099 κραυγῆς
3753 2065 3767 2081 .

2166 2134 2389 2204 ἰσχυρᾶς
2416 2132 2511 2186 καὶ
2528 2131 2778 2202 δακρύων
2812 2129 3206 2200 προσενέγκας,
3235 2125 3329 2178 καὶ
3360 2116 3729 2176 εἰσακουσθεὶς

2163 2226 2270 2279 ἀπὸ
2304 2225 2402 2292 τῆς
2429 2222 2736 2284 εὐλαϐείαςο
2769 2221 2969 2288 καίπερ
3013 2219 3088 2273 ὢν
3114 2218 3263 2281 Υἱὸς,
3301 2215 3508 2287 ἔμαθεν
3536 2212 3628 2280 ἀφ’
3660 2204 3728 2262 ὧν

2165 2317 2334 2373 ἔπαθε
2363 2315 2462 2385 τὴν
2497 2317 2761 2384 ὑπακοήν.
2792 2333 2810 2365 ι
2844 2308 2969 2381 'Ap‘
3010 2307 3104 2365 οὖν
3148 2308 3440 2378 ἄνθρωπον
3475 2305 3636 2359 αὐτὸν
3668 2300 3727 2366 δὴ

2164 2408 2349 2462 τοῦτον
2373 2405 2547 2475 ψιλὸν,
2566 2404 2658 2459 καὶ
2686 2404 2805 2458 κατ’
2831 2404 3019 2457 οὐδένα
3039 2401 3240 2471 τρόπον
3266 2395 3603 2465 ἀνεστηκότα
3624 2391 3723 2443 τῶν

2166 2496 2287 2550 καθ’
2337 2495 2503 2565 ἡμᾶς,
2554 2491 2883 2563 λογιούμεθα
2923 2492 3014 2545 τὸν
3064 2487 3335 2560 Χριστόν;
3371 2486 3467 2553 Μὴ
3498 2478 3722 2551 γένοιτοῑ

2168 2586 2279 2655 Τὴν
2304 2585 2360 2639 δέ
2397 2584 2490 2637 τοῦ
2515 2583 2650 2637 Θεοῦ
2682 2582 2872 2652 σοφίαν
2901 2583 2997 2636 καὶ
3045 2581 3297 2649 δύναμιν,
3339 2573 3619 2633 ἀσθενείας
3651 2569 3723 2629 εἰς

2166 2677 2324 2731 τοῦτο
2354 2676 2671 2731 καθικέσθαι
2698 2675 2961 2746 δώσομεν,
2984 2674 3058 2737 ὡς
3084 2672 3316 2726 δεδιέναι
3354 2671 3454 2739 μὲν
3487 2667 3722 2720 θάνατον.

2170 2770 2401 2835 ἐξαιτεῖν
2426 2767 2567 2821 δὲτὸ
2594 2766 2862 2832 σώζεσθαι
2901 2765 3053 2836 παρὰ
3083 2763 3178 2817 τοῦ
3212 2761 3459 2833 Πατρός;
3513 2756 3607 2810 καὶ
3638 2750 3723 2806 τοῦ

2171 2861 2312 2917 κατὰ
2340 2860 2503 2929 φύσιν
2529 2855 2665 2913 εἶναι
2688 2857 2830 2927 ζωὴν
2857 2855 3214 2926 ἐκπέμψομεν
3236 2854 3327 2907 τὸν
3353 2844 3724 2920 Ἐμμανουήλς

2175 2955 2245 3008 Ἦ
2292 2951 2713 3024 περιτρέποντες
2768 2950 2847 3013 είς
2897 2949 2996 3019 τὴν
3046 2945 3451 3021 ἀνθρωπότητα,
3499 2938 3592 2991 καὶ
3642 2935 3725 2995 εις

505 3039 636 3096 tem,
693 3038 747 3085 et
806 3040 1004 3087 nostrae
1058 3041 1264 3089 natura:
1310 3031 1690 3095 humilitatem,
1739 3040 2070 3098 quaecunque

2184 3044 2381 3115 μέτρον
2425 3042 2638 3112 φύσεως
2680 3041 2778 3110 τῆς
2811 3040 2932 3094 καθ’
2960 3040 3128 3109 ἡμᾶς,
3160 3039 3222 3092 τὸ
3245 3035 3309 3098 ὡς
3338 3035 3391 3086 ἐν
3416 3030 3594 3097 λόγοις
3631 3040 3727 3115 μξτ

505 3118 726 3175 humilia
770 3122 837 3175 de
885 3123 1001 3191 ipso
1042 3122 1314 3185 dicuntur,
1365 3119 1683 3195 referentes,
1730 3118 2073 3177 laudabiliter

2178 3108 2485 3210 ίιροέτρεπὲς
2510 3175 2524 3201 ,
2554 3108 2825 3205 δράσομέν
2866 3149 2920 3185 τι
2948 3108 3057 3183 τών
3099 3125 3496 3194 ἐπαινουμένων
3516 3136 3530 3148 ·
3563 3118 3627 3183 ἒξ

508 3226 609 3270 nos
631 3225 901 3283 geremus,
939 3212 983 3266 si
1017 3227 1083 3281 ex
1116 3212 1204 3277 iis,
1248 3210 1443 3279 quibus
1478 3208 1623 3275 Deus
1648 3222 1769 3264 esse
1799 3207 2072 3278 dignosci-

512 3311 637 3363 tur,
703 3315 968 3375 summam
1039 3303 1209 3371 ipsius
1268 3299 1607 3368 maiestatem
1677 3310 2075 3368 agnoscamus,

513 3389 762 3445 eumdem
807 3390 978 3458 ipsum
1011 3390 1178 3445 Deum
1229 3389 1434 3459 pariter
1483 3398 1535 3444 et
1574 3386 1869 3454 hominem,
1905 3386 2075 3441 Deum

513 3480 762 3536 videlicet
790 3480 1141 3535 humanatum
1173 3495 1294 3536 esse
1329 3479 1726 3551 intelligentes?
1755 3478 1864 3552 24
1891 3477 1995 3533 Sed
2023 3477 2075 3531 in

517 3571 754 3627 medium
791 3571 1015 3641 prodeat
1048 3571 1463 3641 probatissimus
1495 3571 1583 3625 ille
1620 3572 1896 3641 apostolus
1940 3570 2080 3625 Pau-

518 3663 625 3725 lus,
650 3664 741 3732 qui
773 3662 913 3718 elata
941 3678 1071 3721 voce
1104 3663 1158 3717 in
1181 3663 1295 3717 haec
1321 3662 1481 3717 verba
1509 3663 1858 3727 concionatur
1883 3681 1896 3715 :
1929 3680 1959 3736 «η,
1982 3661 2077 3717 Sa-

516 3754 774 3823 pientiam
796 3754 1066 3825 loquimur
1099 3756 1239 3810 inter
1262 3754 1529 3829 perfectos
1555 3773 1569 3809 :
1599 3755 1918 3826 sapientiam
1951 3768 2081 3809 vero

520 3859 629 3899 non
673 3844 836 3913 hujus
885 3844 1087 3913 saeculi,
1121 3858 1296 3914 neque
1330 3846 1635 3916 principum
1670 3845 1829 3916 hujus
1872 3844 2079 3910 sreculi,

519 3937 611 4008 qui
662 3934 1019 3998 destruuntur
1047 3956 1060 3993 :
1093 3935 1186 3993 sed
1233 3937 1504 4009 loquimur
1540 3937 1633 4007 Dei
1679 3937 1996 4007 sapientiam
2028 3936 2082 3991 in

521 4029 800 4099 mysterio,
836 4042 955 4101 quae
996 4028 1311 4086 abscondita
1350 4040 1453 4103 est,
1488 4044 1649 4099 quam
1685 4027 2085 4098 praedestinavit

522 4122 664 4177 Deus
689 4131 816 4177 ante
855 4121 1051 4177 saecula
1098 4123 1152 4177 in
1180 4123 1404 4194 gloriam
1436 4130 1697 4188 nostram,
1730 4135 1891 4190 quam
1925 4133 2084 4174 nemo

522 4212 823 4283 principum
849 4212 1011 4284 hujus
1031 4213 1214 4269 θανουιί
1245 4214 1513 4284 cognovit.
1540 4210 1597 4268 Si
1622 4211 1765 4266 enim
1799 4210 2084 4282 cognovis-

526 4313 666 4370 sent,
698 4318 975 4374 nunquam
1014 4302 1296 4358 Dominum
1326 4303 1508 4374 gloria:
1542 4300 1942 4371 cruciﬁxissent
1963 4302 2032 4355 ⁷⁷.
2061 4321 2079 4353 ι

528 4395 594 4450 Et
637 4398 744 4453 alio
784 4414 996 4471 rursum
1035 4397 1194 4453 loco:
1231 4417 1258 4464 t
1282 4397 1382 4465 Qui
1413 4412 1533 4452 cum
1570 4397 1642 4451 sit
1684 4395 1936 4466 splendor
1967 4394 2084 4466 glo—
2117 4382 2162 4438 Ῑ)

528 4488 644 4553 riae,
688 4498 742 4542 et
779 4490 947 4561 ﬁgura
992 4488 1313 4546 substantia:
1359 4487 1496 4557 ejus,
1533 4496 1859 4556 portausque
1907 4485 2088 4541 omnia

514 4580 689 4633 "verbo
719 4580 935 4635 virtutis
960 4596 1068 4635 suae
1090 4579 1463 4650 purgationem
1491 4586 1837 4649 peccatorum
1866 4576 2090 4647 faciens,

526 4673 677 4728 sedet
718 4687 746 4725 a
785 4672 1027 4739 dexteris
1071 4670 1373 4741 maiestatis
1414 4670 1466 4725 in
1498 4669 1726 4726 excelsis
1746 4686 1768 4735 ;⁴
1799 4677 1947 4723 tanto
1979 4683 2091 4723 me-

526 4761 628 4815 lior
684 4762 889 4830 angelis
945 4762 1205 4827 elIectus,
1253 4767 1468 4834 quanto
1508 4761 1844 4821 diﬁcrentius
1896 4777 2091 4818 nomen

526 4866 638 4920 pra:
667 4849 773 4909 illis
805 4852 1141 4908 baereditavit
1163 4854 1229 4908 ⁷⁸.
1267 4873 1284 4907 ι
1323 4854 1483 4924 Atqui
1514 4854 1695 4926 gloria:
1721 4853 2004 4909 Dominum
2036 4862 2093 4909 et

526 4954 648 4999 esse
678 4948 733 4994 et
768 4939 1056 5006 nominari,
1091 4954 1267 4995 nonne
1309 4943 1573 5010 immenso
1604 4943 1779 5013 spatio
1828 4942 1879 4996 id
1931 4957 2092 4997 omne

531 5039 651 5099 post
691 5045 750 5085 se
779 5030 1055 5101 relinquit,
1097 5030 1239 5101 quod
1278 5043 1521 5086 creatum
1567 5040 1622 5086 et
1655 5033 1930 5088 conditum
1973 5033 2094 5088 est?

530 5120 679 5177 Mitto
711 5121 942 5176 humana
974 5122 1121 5193 (sunt
1147 5122 1288 5176 enim
1321 5120 1507 5176 isthmc
1530 5124 1711 5178 tenuia
1756 5122 2088 5192 admodum),

529 5229 728 5277 annon,
761 5214 1010 5277 obsecro,
1052 5212 1250 5283 quivis,
1285 5213 1441 5268 modo
1477 5214 1690 5279 ingenio
1728 5224 1781 5268 et
1830 5214 2094 5283 sapientia

530 5303 745 5370 polleat,
789 5305 903 5359 sive
937 5304 1173 5375 Angelos
1223 5306 1523 5370 nominare,
1575 5305 1687 5360 sive
1731 5304 2093 5374 Principatus,

530 5393 799 5459 Thronos,
839 5396 1245 5454 nominationes
1290 5411 1631 5468 percensere,
1676 5405 1729 5452 et
1774 5404 1831 5449 ut
1867 5395 2097 5464 amplius

532 5484 660 5552 quid
695 5486 890 5551 dicam,
923 5487 1037 5541 sive
1065 5503 1305 5544 summos
1339 5487 1664 5556 Seraphicos
1693 5487 1919 5557 spiritus
1948 5501 2097 5542 com-

2173 3207 2232 3283 δέ
2267 3231 2383 3282 ἐστι
2416 3226 2546 3290 Θεὸς
2569 3265 2585 3289 ,
2631 3224 2729 3295 τὴν
2776 3221 3145 3292 ὑπερκόσμιον
3186 3216 3347 3272 αὐτοῦ
3391 3207 3728 3280 κατυῴόμεθα

2176 3321 2355 3387 δόξαν,
2382 3318 2470 3371 τὸν
2488 3316 2660 3370 ηαὺτὸν
2693 3312 2831 3369 εἶναι
2876 3313 3150 3375 συνιέντες
3173 3309 3305 3364 Θεόν
3330 3323 3391 3361 τε
3423 3303 3621 3374 ὁμοίως
3647 3298 3729 3387 καὶ

2177 3383 2484 3483 ἄνθρωπον,
2511 3409 2628 3478 ἦτοι
2655 3406 2785 3459 Θεὸν
2807 3400 3270 3475 ἐνηνθρωπηκότα
3290 3394 3540 3462 ςἪκέτω
3567 3392 3629 3483 δη
3650 3383 3727 3483 οῦν

2180 3506 2258 3569 εἱς
2285 3480 2464 3575 *μέσον
2508 3502 2640 3571 ἡμῖν
2669 3501 2697 3551 ὁ
2728 3496 3098 3567 δοκιμώτατος
3139 3490 3350 3553 Παῦλος
3370 3529 3387 3555 ,
3420 3485 3583 3575 cauti:
3612 3480 3729 3575 θεῶν

2179 3567 2364 3651 τεκαὶ
2396 3567 2591 3659 λέγων·
2611 3607 2629 3639 ι
2650 3586 2850 3655 Σοφίαν
2882 3585 2939 3638 δέ
2975 3580 3246 3645 λαλοῦμεν
3279 3580 3335 3630 ἐν
3366 3574 3484 3635 τοῖς
3508 3567 3725 3624 τελείαις·

2181 3685 2376 3753 σοφίαν
2405 3682 2462 3736 δὲ
2492 3680 2553 3733 οὐ
2579 3678 2674 3732 τοῦ
2708 3676 2905 3740 αἰῶνος
2941 3672 3154 3736 τούτου,
3187 3669 3308 3723 οὐδὲ
3336 3666 3451 3753 τῶν
3474 3660 3726 3753 αργόντινδ

2180 3746 2275 3827 τοῦ
2306 3768 2501 3832 αἰῶνος
2527 3766 2717 3820 τούτου
2746 3764 2854 3817 τῶν
2879 3758 3339 3834 καταργουμένων
3356 3771 3372 3785 ·
3400 3749 3546 3808 ἀλλὰ
3567 3746 3725 3801 λαλοῦο

2187 3877 2283 3930 μεν
2304 3854 2438 3911 Θεοῦ
2462 3855 2652 3925 σοφίαν
2688 3855 2745 3907 ἐν
2774 3851 3080 3923 μυστηρίῳ,
3097 3848 3196 3918 τὴν
3227 3836 3718 3930 ἀποκεκρυμμένην

2183 3928 2250 4017 ἦν
2278 3946 2452 4009 οὐδεὶς
2495 3943 2605 3997 τῶν
2647 3941 2970 4014 ἀνθρώπων,
3006 3937 3205 4010 μᾶλλον
3245 3934 3303 3988 δὲ
3338 3932 3455 3987 τῶν
3485 3928 3723 4017 ἀρχόντθξν

2182 4039 2277 4093 τοῦ
2308 4037 2499 4101 αἰῶνος
2536 4034 2727 4090 τούτου
2760 4033 3017 4102 ἔγνωκεν.
3051 4031 3112 4083 El
3139 4028 3248 4100 γὰρ
3274 4020 3657 4094 ἐγνωσαν,οὖκ
3680 4012 3731 4066 ἂν

2183 4132 2275 4184 τὸν
2318 4128 2523 4200 Κύριον
2551 4127 2651 4203 τῆς
2671 4124 2828 4194 δόξης
2861 4121 3234 4192 ἐσταύρωσαν.
3270 4137 3290 4168 ι
3343 4115 3461 4170 Καὶ
3516 4113 3620 4184 μὴν
3656 4103 3734 4203 καί

2186 4220 2277 4273 ἐπὶ
2318 4197 2526 4280 τούτοις
2548 4234 2560 4245 ·
2667 4218 2761 4279 Ὃς
2800 4213 2874 4268 ὢν
2909 4212 3254 4282 ἀπαύγασμα.
3293 4208 3395 4277 τῆς
3437 4204 3627 4273 δόξης.
3661 4197 3737 4252 καὶ

2188 4308 2475 4382 χαρακτὴρ
2498 4307 2597 4377 τῆς
2624 4305 2973 4366 ὑποστάσεως
2995 4300 3182 4365 αὑτοῦ,
3202 4299 3383 4369 φέρων
3412 4314 3474 4349 τε
3496 4296 3569 4348 τὰ
3591 4292 3740 4347 πάντα

2314 4401 2517 4471 ῥήματι
2559 4397 2658 4465 τῆς
2705 4395 2986 4466 δυνάμεως
3036 4389 3224 4452 αὐτοῦ,
3271 4386 3619 4456 καθαρισμὸν
3652 4380 3740 4472 τῷν

2190 4471 2475 4562 ἁμαρτιῶν
2503 4488 2659 4560 ἡμῶν
2687 4485 3055 4556 ποιησάμενος
3076 4524 3092 4549 ,
3122 4480 3375 4536 ἐκάθισεν
3401 4479 3463 4532 ἐν
3494 4476 3646 4546 δεξιᾷ
3663 4471 3742 4537 τῆς

2192 4577 2583 4653 μεγαλωσύνης
2626 4577 2685 4629 ἐν
2726 4578 2841 4638 τοῖς
2894 4572 3147 4653 ὑψηλοῖς·
3197 4566 3452 4622 τοσοῦτον
3501 4565 3743 4637 κρείττονι

2188 4649 2478 4741 γενόμενος
2501 4667 2608 4722 τῶν
2636 4666 2903 4735 ἀγγέλων,
2930 4666 3055 4720 ὅσον
3074 4649 3483 4732 διαφορώτερον
3517 4658 3646 4729 παρ’
3670 4654 3745 4707 αὺ-

2189 4763 2314 4826 τοὺς
2348 4759 2821 4832 κεκληρονόμηκεν
2857 4756 3048 4826 ὄνομα.
3076 4772 3095 4806 ι
3138 4752 3333 4807 Καίτοι
3360 4768 3424 4820 γε
3449 4750 3513 4803 τὸ
3538 4746 3672 4803 εἶναί
3698 4759 3745 4795 τε

2193 4852 2289 4906 καὶ
2335 4849 2698 4921 ὀνομάζεσθαι
2753 4848 2851 4918 τῆς
2891 4845 3048 4918 δόξης
3105 4846 3333 4917 Κύριον,
3379 4843 3499 4905 πῶς
3541 4844 3607 4896 οὐ
3650 4838 3746 4892 λίαν

2192 4942 2502 5014 ὑπερτενές,
2548 4941 2643 4994 καὶ
2669 4938 2870 5002 παντὸς
2899 4939 3157 4991 ἐπέκεινα
3186 4933 3447 5005 γεννητοῦ
3481 4934 3586 4986 καὶ
3638 4942 3748 4996 περ·

2197 5031 2437 5104 ηγμὲνον
2471 5030 2606 5102 πρὸς
2632 5030 2884 5098 γένεσιν;
2919 5027 3029 5081 Καὶ⁵
3056 5025 3294 5097 παρίημι
3329 5023 3429 5094 μὲν
3456 5023 3528 5077 τὰ
3564 5014 3749 5089 ἀνθρώ-

2199 5142 2330 5178 πινα
2355 5121 2592 5194 (σμικρὰ
2607 5119 2714 5191 γὰρ
2737 5120 2801 5190 δὴ
2825 5118 2992 5189 λίαν),
3010 5117 3123 5189 ἐρῶ
3144 5117 3187 5169 δ’
3200 5112 3311 5171 οὖν’
3334 5114 3456 5169 Κᾶν
3477 5112 3750 5183 ’Δγγέλους

2193 5214 2482 5284 ὀνομάσαι,
2517 5213 2611 5265 καὶ
2639 5212 2859 5283 Ἀρχὰς,
2893 5211 2987 5263 καὶ
3007 5209 3264 5279 Θρόνους,
3301 5207 3396 5260 καὶ
3424 5206 3752 5276 κυριότητες

2196 5302 2641 5375 ἀπαριθμήσαιτό
2686 5318 2769 5364 τις
2794 5342 2809 5366 ,
2845 5300 2942 5354 καὶ
2985 5300 3093 5370 μὴν
3128 5300 3223 5351 καὶ
3265 5300 3314 5351 εἰ
3356 5296 3467 5350 τῶν
3507 5291 3754 5347 ἀνωτάτω

2195 5393 2567 5464 διαμέμνηται
2590 5391 2862 5462 Σεραφὶμ,
2877 5390 3105 5444 κατόπιν
3132 5388 3281 5441 ἰόντα
3298 5386 3398 5456 τῆς
3414 5384 3587 5446 οὓτως
3609 5382 3756 5446 dmp-

2199 5485 2386 5548 τενοῦς
2416 5484 2800 5553 ὁμολογήσειεν
2830 5482 2893 5535 ἂν
2923 5479 3193 5545 εὐκλείας,
3227 5480 3341 5547 εἴγε
3379 5474 3505 5531 νοῦν
3535 5475 3645 5544 ἔχει
3676 5466 3756 5520 τὸν

602 5640 648 5670 ⁵⁵
676 5638 831 5718 10³11..
862 5643 1202 5709 ι’111,59,40.
1280 5645 1323 5674 ⁷⁸
1351 5643 1508 5699 Hebr.
1544 5660 1591 5707 ν,
1630 5645 1677 5708 7,
1711 5644 1761 5698 8.
1840 5645 1882 5675 ⁷⁷
1916 5645 1936 5698 1
1964 5643 2066 5699 Cor

2178 5640 2343 5723 .678.
2420 5642 2464 5673 ⁷⁸
2500 5640 2658 5698 llcltr.
2698 5656 2733 5706 l,
2760 5640 2811 5703 5,
2843 5639 2888 5693 ί.
