3970 6136
313 271 452 327 M73

1269 267 1358 323 DE
1394 268 1618 333 RECTA
1666 272 1822 329 FIDE
1860 274 1952 331 AD
1991 275 2442 337 TIIEODOSIUM
2480 278 2618 339 IMP.

3430 282 3568 339 “74

312 384 371 443 εὖ
398 387 671 460 βεϐηκότα
694 386 787 441 καὶ
817 386 999 455 σοφόν.
1037 387 1329 456 Ἕκκριτον
1354 388 1464 460 γὰρ
1495 385 1635 445 εἷναί
1663 409 1804 463 φημι
1828 392 1887 446 τὸ

2002 411 2296 455 memorare
2329 398 2486 466 velit,
2546 386 2747 466 antica,
2780 404 3022 470 inquam,
3055 399 3156 456 hos
3180 412 3368 456 omnes
3395 390 3565 471 gloria

315 480 507 552 γέρας,
536 480 631 534 καὶ
659 478 768 531 δεῖν
797 476 1114 531 ἀνακεῖσθαι
1164 477 1298 548 μόνῃ
1328 481 1394 549 τῇ
1437 480 1544 533 τῶν
1573 481 1709 535 ὅλων
1744 482 1892 552 βασι-

312 571 421 624 λῑδι
456 570 636 639 φύσει.
666 569 788 631 Πῶς
812 563 906 621 οὖν
955 567 1022 620 ἂν
1062 567 1272 637 γένοιτο
1306 569 1512 639 Κύριος
1539 571 1637 640 τῆς
1669 571 1826 643 δόξης
1864 574 1892 625 6

315 658 767 728 ἐσταυρωμένοςς
804 676 823 707 ι
860 655 933 708 Τὸ
956 655 1012 708 δὲ
1040 655 1382 727 ἀπαύγασμα
1409 657 1503 711 τοῦ
1534 659 1769 731 Πατρὺς,
1799 664 1892 714 καὶ

314 752 417 822 τῆς
444 753 631 816 οὐσίας
655 754 683 805 6
704 751 1052 822 χαρακτὴρ,ὁ
1080 751 1260 822 φέρων
1286 753 1353 806 τὰ
1382 755 1558 808 πάντα
1578 755 1656 826 τῷ
1688 757 1892 826 ῥήματι

314 842 417 905 τῆς
444 842 726 913 δυνάμεως
748 841 1214 912 αὑτοῦ,κρείττων
1239 844 1489 911 ἀγγέλων
1512 864 1529 896 ι
1563 846 1891 916 γεγενῆσθαι

315 930 530 1000 λέγεται
551 949 564 962 ’
595 933 736 1003 τάχα
770 950 875 985 που
904 933 966 985 τὸ
991 933 1232 998 ἔλαττον,
1284 936 1358 998 ὡς
1390 936 1654 1006 ἠγοῦμαι,
1688 937 1888 1003 λαϐὼν,

316 1024 404 1077 ὅτε
434 1024 675 1093 πέφηνεν
705 1023 1014 1095 ἄνθρωπος.
1047 1026 1362 1093 Γέγραπται
1392 1027 1497 1097 γάρ
1519 1043 1532 1057 ο
1562 1027 1693 1080 «Τὸν
1718 1027 1890 1099 βραχύ

314 1131 368 1167 τι
398 1115 528 1184 παρ’
562 1114 827 1183 ἀγγέλους
851 1114 1232 1185 ἠλαττωμένον
1257 1116 1525 1187 βλέπομεν
1551 1116 1776 1188 Ἰησοῦν,
1806 1119 1897 1174 διὰ.

313 1203 377 1257 τὸ
404 1204 633 1276 πάθημα
664 1202 758 1257 τοῦ
790 1205 1044 1268 θανάτου,
1067 1204 1193 1276 δόξῃ
1222 1207 1315 1258 καὶ
1341 1209 1474 1278 τιμῇ
1503 1208 1891 1280 ἐστεφανωμέ-

315 1313 425 1350 νον.
464 1316 483 1347 ›
518 1293 646 1369 Ἆρ’
679 1292 773 1351 οὖν
800 1297 1073 1368 ὲξώσομεν
1101 1298 1191 1351 τὸν
1214 1299 1278 1351 ὲκ
1304 1300 1439 1353 Θεοῦ
1474 1301 1686 1372 Πατρὺς
1718 1319 1895 1373 πεφη-

316 1389 445 1443 νότα
474 1390 649 1458 Λόγον
700 1389 800 1460 τῆς
846 1389 995 1461 αὐτῷ
1043 1391 1362 1462 πρεπούσης
1405 1393 1696 1457 οὐσιώδους
1728 1396 1894 1465 ὑπερ-

317 1480 468 1551 οχῆς,
495 1480 590 1534 καὶ
631 1479 731 1550 τῆς
774 1479 912 1551 πρὸς
939 1480 1100 1534 αὑτὸν
1142 1481 1403 1555 ἀκριϐοῦς
1432 1485 1750 1556 ἐμφερείας,
1800 1486 1894 1540 καὶ

317 1572 418 1643 τῆς
450 1573 558 1626 τῶν
589 1574 839 1641 ἀγγέλων
871 1572 1122 1637 εὐκλείας
1151 1574 1460 1646 ἡττώμενον
1489 1576 1778 1646 βλέποντες
1807 1579 1893 1633 διὰ

317 1664 381 1718 τὸ
411 1665 509 1734 τῆς
545 1665 857 1735 οἰκονομίας
905 1667 1280 1736 μικροπρεπὲς
1309 1669 1627 1739 νοούμενονς
1675 1672 1749 1724 Οὐ
1788 1672 1890 1742 μὲν

1996 490 2391 561 majestateque
2423 504 2597 561 usque
2646 491 2781 548 adeo
2809 490 3133 561 praecelleuti
3174 491 3358 546 multis
3397 493 3565 560 parti-

1996 582 2097 637 bus
2138 582 2431 638 inl'eriores
2461 582 2850 639 conﬁtebitur?
2883 581 3153 639 Honorem
3193 582 3390 653 quippe
3428 599 3569 653 pra:-

1996 672 2442 729 cellentissimum
2477 687 2599 729 esse
2642 674 2784 739 dico,
2821 674 3029 743 solique
3061 674 3291 743 principi
3326 673 3565 729 omnium

1996 772 2211 818 natura:
2242 761 2611 818 tribuendum.
2645 761 2925 828 Quomodo
2963 777 3091 832 ergo
3118 760 3281 817 fuerit
3306 761 3567 817 Dominus

1998 851 2183 922 gloriae
2225 852 2280 906 in
2322 866 2486 909 cruce
2530 852 2793 909 suilixus?
2847 872 2866 906 ι
2903 853 3167 922 Splendor
3202 867 3332 907 vero
3366 852 3564 915 Patris,

1996 949 2049 994 et
2076 940 2392 997 substantia:
2431 943 2578 998 illius
2600 942 2910 1008 character,
2943 952 3165 1011 portans
3191 944 3370 998 omnia
3402 943 3567 997 verbo

1998 1030 2223 1087 virtutis
2262 1046 2399 1095 suae,
2446 1031 2655 1101 angelis
2698 1033 3043 1101 praestantior
3079 1031 3366 1087 elfectus"
3398 1050 3416 1083 ›
3450 1047 3569 1101 per-

1998 1123 2260 1178 hibetur:
2294 1122 2532 1179 fortasse
2560 1125 2709 1192 quia,
2746 1131 2803 1177 ut
2840 1107 3305 1188 arbitror,'minus
3338 1125 3566 1192 accepit,

1997 1214 2212 1286 quando
2240 1215 2489 1284 apparuit
2516 1213 2693 1271 factus
2738 1215 2921 1271 homo.
2960 1213 3231 1283 Scriptura
3268 1223 3352 1269 est
3381 1215 3523 1269 enim
3553 1235 3566 1270 :

2003 1328 2021 1361 ‹
2054 1309 2189 1369 Eum
2245 1309 2337 1377 qui
2390 1307 2606 1363 modico
2659 1321 2820 1375 quam
2869 1305 3064 1376 angeli,
3117 1305 3418 1361 minoratus
3465 1316 3567 1369 est,

1999 1402 2248 1456 videmus
2272 1398 2456 1455 Iesum
2490 1409 2712 1468 propter
2740 1398 3043 1468 passionem
3077 1397 3289 1460 mortis,
3323 1397 3490 1467 gloria
3517 1407 3571 1451 et.

1999 1491 2206 1547 honore
2242 1498 2562 1547 coronatum
2579 1491 2648 1543 ⁸ο.
2681 1510 2700 1543 ι
2740 1488 2846 1545 Sed
2893 1489 3134 1559 nunquid
3161 1489 3396 1545 Verbum
3428 1490 3571 1557 quod

1998 1599 2063 1637 ex
2117 1581 2279 1638 Patre
2330 1591 2517 1638 natum
2567 1592 2673 1646 est,
2718 1582 2787 1637 ob
2837 1583 2890 1637 id
2942 1581 3010 1636 ab
3046 1581 3337 1637 eminentia
3374 1581 3461 1635 illa
3516 1588 3571 1636 et

1998 1674 2443 1745 dignitate,‘quae
2483 1674 2848 1733 essentialiter
2876 1674 2928 1728 in
2968 1673 3096 1728 illud
3125 1674 3398 1737 convenit,
3438 1687 3569 1727 nec-

317 1745 433 1807 οὗν.
468 1733 641 1823 Οἶμαι
665 1733 773 1823 γάρ
801 1733 930 1819 δεῖν,
958 1733 1079 1807 οῦτε
1102 1733 1208 1807 τῶν
1232 1733 1587 1829 ἀνθρωπίνων
1616 1733 1893 1814 ἀπαλλάτ-

2002 1779 2104 1820 ηοη
2135 1767 2206 1820 ab
2248 1775 2439 1820 exacta
2483 1764 2574 1818 illa
2605 1764 2788 1819 Patris
2816 1764 3172 1820 similitudine
3199 1765 3567 1828 excludemus,

317 1859 433 1897 τειν
476 1844 753 1908 παντελῶς
798 1844 887 1898 τὸν
934 1847 999 1898 ὲκ
1035 1845 1171 1899 Θεοῦ
1220 1848 1394 1916 Λόγον
1441 1851 1581 1920 μετὰ
1614 1854 1713 1923 τὴν
1758 1853 1895 1924 πρὸς

2002 1856 2137 1927 quod
2191 1855 2489 1912 secundum
2543 1854 2969 1924 dispensationis
3026 1867 3332 1909 mensuram
3392 1853 3569 1907 animo

319 1935 499 2005 σάρκα
552 1936 802 1999 σύνοδον,
850 1936 975 1990 οὔτε
1030 1939 1136 2009 μὴν
1192 1939 1351 2008 δόξης
1402 1943 1501 2013 τῆς
1559 1943 1895 2016 θεοπρεποῦς

2002 1959 2342 2019 conceptum,
2392 1949 2707 2018 angelorum
2754 1947 2982 2017 gloriam
3020 1960 3124 2001 non
3173 1943 3430 2015 attingit?
3459 1944 3569 2001 Neé

318 2026 639 2097 ἀποστερεῖν
664 2027 723 2080 τὸ
752 2028 1113 2096 ἀνθρώπινον,
1159 2034 1207 2085 ei
1251 2034 1308 2085 ὲν
1352 2034 1572 2106 Χριστῷ
1597 2040 1768 2092 νοοῖτο
1800 2040 1893 2093 καὶ

2002 2055 2306 2110 quaquam:
2339 2039 2579 2093 arbitror
2626 2040 2770 2091 enim
2804 2036 2898 2092 Dei
2928 2036 3163 2092 Verbum
3193 2045 3316 2107 post
3360 2051 3571 2091 assum-

316 2116 546 2186 λέγοιτο.
1995 2142 2139 2201 ptam
2181 2131 2348 2186 semel
2383 2143 2625 2191 carnem,
2660 2128 2729 2182 ab
2766 2128 3014 2182 humana:
3055 2137 3260 2181 natura:
3306 2126 3571 2181 conditio-

317 2213 477 2268 nibus
500 2213 606 2283 25
637 2230 742 2269 non
791 2229 911 2270 esse
963 2216 1181 2287 penitus
1229 2218 1657 2293 excludendum;
1717 2239 1892 2294 neque
1931 2224 2253 2280 humanitati
2328 2235 2567 2285 rursum,
2598 2222 2666 2285 si,
2702 2229 2760 2274 ut
2802 2221 2855 2274 in
2893 2218 3112 2275 Christo
3189 2226 3289 2285 est,
3318 2217 3569 2274 conside-

318 2311 489 2367 retur,
515 2303 763 2371 gloriam,
793 2318 913 2373 quae
940 2306 1107 2359 Deum
1140 2309 1314 2372 decet,
1347 2309 1717 2378 denegandam
1744 2328 1884 2368 esse.
1960 2380 1963 2383 _

389 2396 525 2448 KH’.
566 2395 712 2466 Πλὴν
736 2396 1104 2466 ἐρησομένους
1152 2400 1252 2455 οὐκ
1294 2400 1540 2471 ἡγνόησά
1580 2421 1731 2469 τινας
1755 2422 1768 2435 ο
1796 2406 1893 2469 Τίς

2067 2403 2305 2459 XXVIII.
2337 2403 2453 2458 Non
2510 2402 2754 2472 ignoravi
2802 2411 2980 2456 autem
3011 2400 3242 2465 futuros,
3274 2402 3363 2471 qui
3397 2405 3569 2458 inter-

314 2481 381 2553 δὴ
408 2481 515 2552 ἄρα
540 2482 687 2536 ἐστὶν
714 2482 927 2555 ἀληθῶς
961 2482 1181 2556 Ἰησοῦς
1202 2488 1465 2558 Χριστός;
1495 2491 1523 2543 6
1546 2491 1611 2544 ὲκ
1638 2495 1896 2560 γυναικὸς

2002 2503 2228 2563 rogent:
2264 2495 2533 2564 Agedum,
2588 2504 2708 2549 uter
2760 2507 2886 2549 vere
2937 2501 3023 2547 est
3072 2491 3228 2549 Iesus
3273 2490 3571 2549 Christus?

318 2574 625 2645 ἄνθρωπος,
660 2576 826 2646 ἤγουν
855 2578 882 2630 ὁ
917 2577 981 2629 ἐκ
1006 2576 1142 2634 Θεοῦ
1175 2578 1379 2647 Λόγος;
1419 2582 1532 2635 Καὶ
1557 2584 1762 2653 ἠλίθιον
1798 2587 1896 2657 μὲν

2002 2592 2113 2646 isne
2164 2591 2254 2659 qui
2310 2591 2471 2644 homo
2501 2603 2565 2643 ex
2617 2587 2841 2642 muliere
2893 2594 3050 2641 natus
3102 2594 3205 2655 est,
3230 2600 3299 2640 an
3331 2585 3569 2642 Verbum

320 2666 514 2736 κομιδῇ
576 2667 636 2720 τὸ
700 2667 1060 2722 διατείνεσθαι
1117 2671 1384 2739 περιττὰ,
1441 2674 1535 2726 καὶ
1596 2675 1896 2746 φληνάφοις

2002 2687 2139 2755 quod
2198 2700 2261 2740 ex
2317 2684 2426 2737 Deo
2466 2682 2706 2750 getiitum
2742 2680 2859 2737 est?
2882 2679 2975 2735 Nae
3005 2680 3229 2735 stultum
3259 2688 3343 2735 est
3377 2692 3570 2748 super-

320 2756 690 2827 εἰκαιομύθοις
718 2758 1121 2827 ἀνταναφωνεῖν
1137 2757 1186 2816 δ.
1207 2760 1346 2832 Ἐρῶ
1371 2762 1413 2814 δ’
1444 2760 1558 2829 οῦν,
1587 2766 1669 2819 ὅτι
1700 2769 1896 2837 σφαλε-

2002 2772 2250 2827 vacaneis
2278 2770 2462 2825 verbis
2478 2768 2826 2833 contendere,
2863 2783 2927 2822 ac
2964 2765 3296 2836 quibuslibet
3339 2766 3572 2821 anilibus

323 2848 415 2917 ρόν
447 2865 503 2900 τε
536 2851 627 2902 καὶ
659 2849 760 2903 οὐκ
788 2848 1020 2921 ἀζήμιον
1062 2852 1124 2905 τὸ
1171 2853 1481 2925 διατέμνειν
1522 2858 1604 2921 εἰς
1648 2858 1762 2925 δύο,
1806 2861 1896 2914 καὶ

2002 2861 2154 2931 nugis
2187 2875 2312 2916 sese
2358 2870 2650 2928 opponere.
2683 2856 3007 2925 Respondeo
3059 2854 3414 2910 nihilominus
3463 2870 3574 2913 non

318 2939 594 3012 ἀναμέρος
644 2943 818 3013 ἱστᾷν,
853 2943 1142 3015 ἄνθρωπόν
1192 2962 1253 2999 τε
1308 2948 1404 3000 καὶ
1432 2948 1625 3017 Λόγον,
1656 2952 1758 3005 οὐκ
1801 2953 1896 3007 ἅν-

2002 2952 2174 3007 solum
2235 2949 2622 3020 periculosum,
2650 2947 2743 3003 sed
2794 2948 2958 3003 etiam
3014 2945 3375 3016 perniciosum
3427 2960 3571 3012 esse,

318 3036 586 3107 εχομένης
629 3037 729 3107 τῆς
772 3039 1107 3110 οἰκονομίας,
1140 3031 1234 3096 καὶ
1259 3043 1495 3115 Χριστὸν
1522 3015 1634 3096 ἕνα
1682 3042 1895 3114 βοώσης

2002 3015 2274 3100 hominem
2306 3052 2361 3096 et
2387 3040 2624 3096 Verbum
2661 3039 2965 3110 seiungere,
3006 3015 3260 3108 factaque
3310 3038 3574 3094 divisione

316 3126 414 3197 τῆς
455 3126 813 3181 θεοπνεύστου
840 3130 1064 3201 Γραφῆς
1086 3147 1100 3161 ’
1134 3132 1330 3202 χρῆναι
1366 3133 1475 3203 γὰρ
1525 3132 1701 3200 ἔγωγέ
1726 3150 1891 3203 φημι,

321 3218 458 3287 μήτε
503 3218 593 3271 τὸν
628 3221 691 3273 ἐκ
718 3218 855 3272 Θεοῦ
894 3220 1066 3288 Λόγον
1114 3220 1533 3293 ἀνθρωπότητος
1574 3222 1717 3291 δίχα,
1756 3223 1894 3292 μήτε

321 3307 426 3380 μὴν
455 3310 547 3363 τὸν
578 3312 642 3364 ὲκ
671 3303 930 3379 γυναικδς
962 3312 1331 3382 ἀποτεχθέντα
1373 3313 1521 3376 ναὸν,
1555 3314 1630 3376 ὡς
1658 3314 1732 3383 μὴ
1759 3315 1893 3366 ἑνω-

318 3398 478 3454 θέντα
518 3402 595 3472 τῷ
619 3402 797 3472 Λόγῳ,
843 3403 1079 3471 Χριστὸν
1111 3405 1319 3472 Ἰησοῦν
1366 3405 1746 3474 ὀνομάζεσθαι.
1777 3405 1895 3461 Ἀν-

318 3490 631 3560 θρωπότητι
657 3491 763 3562 γὰρ
790 3490 913 3544 καθ’
948 3491 1143 3546 ἕνωσιν
1170 3492 1519 3562 οἰκονομικὴν
1566 3494 1896 3564 ἁποῤῥή-τως

321 3582 779 3652 συνενηνεγμένος
827 3584 855 3634 6
909 3585 974 3636 ὲκ
1017 3583 1151 3636 Θεοῦ
1189 3584 1379 3651 Λόγος,
1409 3586 1611 3636 νοεῖταὶ
1640 3585 1893 3654 Χριστός.

334 3672 627 3744 Ἀνώτερος
675 3673 773 3743 μὲν
823 3673 1260 3743 ἀνθρωπότητος,
1294 3675 1370 3738 ὡς
1420 3675 1582 3744 φύσει
1628 3675 1758 3740 Θεὸς
1804 3678 1898 3730 καὶ

320 3760 482 3826 Υἱός*
530 3763 631 3816 οὐκ
662 3763 948 3834 ἀτιμάζων
991 3764 1049 3818 δὲ
1106 3766 1202 3818 καὶ
1245 3766 1307 3818 τὸ
1334 3768 1393 3817 ὲν
1425 3765 1614 3830 ὑφέσει
1647 3765 1898 3833 γενέσθαι

320 3856 517 3922 δοκεῖν,
561 3857 648 3912 διά
696 3858 756 3912 τὸ
808 3857 1168 3929 ἀνθρώπινον.
1242 3859 1527 3929 Τοιγάρτοι
1604 3860 1734 3915 ποτὲ
1798 3860 1897 3930 μὲν

320 3948 588 4017 ἔφασκεν·
631 3950 730 4002 «Ὀ
773 3949 1036 4022 ἑωρακὼς
1087 3952 1207 4021 ἐμὲ,
1254 3950 1467 4021 ἑώρακε
1512 3950 1604 4005 τὸν
1657 3953 1894 4022 Πατέρα.

332 4040 474 4110 Ἐγὼ
518 4042 611 4095 καὶ
639 4043 667 4093 ὁ
696 4042 886 4112 Πατὴρ
922 4040 981 4094 ἓν
1009 4044 1205 4113 ἐσμενο
1238 4061 1257 4094 ι
1297 4042 1426 4095 ποτὲ
1472 4042 1529 4095 δὲ
1573 4038 1640 4097 αῦ
1693 4042 1853 4097 πάλιν
1883 4059 1895 4072 ·

324 4155 342 4187 ι
365 4132 427 4190 Ὀ
459 4135 648 4205 Πατήρ
682 4151 780 4204 μου
829 4132 1032 4204 μείζων
1070 4150 1171 4203 μου
1218 4134 1394 4188 ἐστίν’
1435 4152 1453 4185 ι
1487 4134 1547 4187 οὐ
1583 4134 1750 4206 μείων
1790 4135 1897 4206 γὰρ

316 4225 393 4280 ὢν
430 4224 523 4279 τοῦ
572 4226 784 4296 Πατρὺς
836 4225 979 4280 κατά
1024 4242 1087 4294 γε
1138 4225 1198 4278 τὸ
1250 4228 1309 4282 ἐν
1356 4227 1512 4297 οὐσίᾳ
1555 4226 1769 4291 ταυτὸν,
1801 4229 1899 4280 καὶ

317 4318 461 4373 κατὰ
507 4320 614 4372 πᾶν
661 4317 841 4373 ὁτιοῦν
871 4318 932 4371 τὸ
969 4317 1306 4381 ῖσοστατοῦν,
1351 4320 1410 4372 ἐν
1446 4319 1721 4381 ἐλάττοσιν
1752 4314 1896 4373 εἶναι

316 4427 452 4483 φησι
479 4411 567 4465 διὰ
599 4412 659 4465 τὸ
686 4410 1048 4482 ἀνθρώπινον.

1998 3141 2293 3200 utrumque
2336 3144 2581 3187 seorsum
2621 3138 2897 3193 statuere;
2942 3129 3140 3198 quippe
3199 3141 3320 3182 cum
3355 3127 3573 3198 dispen-

1998 3223 2228 3279 sationis
2256 3223 2572 3294 mysterium
2592 3220 2857 3292 ejusmodi
2889 3221 3186 3275 sectionem
3230 3232 3573 3290 nequaquam

1995 3316 2267 3382 admittat,
2301 3327 2355 3371 et
2379 3316 2557 3370 divina
2595 3324 2858 3386 praeterea
2914 3313 3195 3384 Scriptura
3243 3327 3407 3367 unum
3443 3312 3576 3367 dun-

1996 3414 2149 3461 taxat
2203 3406 2482 3462 Christum
2517 3420 2640 3462 esse
2698 3406 2902 3462 diserte
2959 3406 3166 3473 tradat;
3202 3418 3388 3462 assero
3427 3406 3571 3461 cnim

1997 3514 2172 3567 neque
2206 3497 2299 3551 Dei
2344 3496 2574 3553 Verbum
2615 3498 2821 3567 absque
2854 3497 3215 3565 humanitate,
3238 3511 3413 3566 neque
3437 3505 3574 3551 tem-

1998 3589 2145 3658 plum
2179 3602 2417 3650 rursum,
2457 3588 2600 3649 quod
2643 3601 2709 3640 ex
2756 3587 2983 3641 muliere
3033 3587 3085 3641 in
3132 3587 3306 3641 lucem
3367 3586 3573 3641 editum

2000 3690 2106 3744 est,
2132 3678 2232 3732 nisi
2264 3692 2387 3732 cum
2404 3675 2580 3731 Verbo
2596 3674 2944 3744 coniunctum
2975 3677 3066 3742 sit,
3085 3677 3362 3742 Christum
3388 3678 3571 3734 Iesum

2000 3769 2260 3839 appellari
2315 3782 2492 3837 posse.
2552 3765 2997 3836 Quandoquidem
3051 3767 3146 3821 Dei
3190 3768 3423 3823 Verbum
3475 3781 3573 3837 per

2002 3861 2455 3931 dispensatoriam
2500 3859 2748 3928 c0pulam
2789 3858 3093 3913 admirabili
3132 3858 3293 3913 modo
3321 3858 3574 3914 humanas

2001 3962 2210 4006 natura:
2263 3952 2496 4015 unitum,
2534 3950 2784 4005 Christus
2841 3963 2962 4004 esse
3021 3949 3386 4017 cognoscitur.
3438 3947 3592 4009 Nam,

1999 4043 2104 4098 etsi
2137 4042 2267 4096 illud
2309 4051 2371 4097 ut
2426 4040 2570 4097 Deus
2603 4039 2976 4110 naturalisque
3028 4039 3127 4095 Dei
3175 4038 3352 4096 Patris
3381 4038 3570 4108 Filius,

2000 4134 2339 4191 humanitate
2375 4133 2623 4203 superius
2650 4133 2738 4197 sit,
2757 4141 2994 4187 attamen
3025 4139 3248 4201 propter
3267 4139 3573 4202 susceptam

2000 4226 2233 4281 hominis
2266 4236 2516 4281 naturam
2545 4225 2598 4279 in
2628 4224 2934 4279 humilitate
2964 4223 3149 4293 jacere
3170 4237 3278 4279 non
3305 4223 3576 4279 detrecta-

2001 4318 2098 4372 vit.
2145 4319 2323 4388 Atque
2377 4319 2481 4373 huc
2517 4318 2682 4373 tendit
2734 4317 2866 4372 illud
2907 4315 3108 4372 Christi
3145 4334 3158 4371 :
3200 4331 3224 4369 ι
3275 4314 3375 4383 Qui
3428 4314 3576 4371 vi‘det

2004 4425 2112 4477 me,
2152 4412 2296 4466 videt
2318 4420 2379 4466 et
2400 4410 2615 4466 Patrem
2652 4424 2831 4464 meum
2852 4410 2931 4480 3‘;
2964 4427 2984 4463 ι
3011 4418 3087 4476 et,
3127 4428 3145 4461 ι
3186 4408 3299 4480 Ego
3331 4416 3384 4462 et
3411 4406 3576 4465 Pater

317 4517 485 4557 unum
520 4519 706 4560 sumus
732 4504 814 4570 ⁸¹;
846 4523 863 4556 ι
892 4516 948 4559 et
1005 4504 1133 4558 illud
1205 4518 1422 4559 rursum
1468 4503 1734 4573 ejusdem,
1765 4500 1929 4559 Pater
1967 4518 2119 4560 meus
2166 4501 2343 4572 major
2385 4518 2467 4558 me
2542 4513 2623 4559 est
2652 4504 2716 4558 ⁸³.
2759 4524 2776 4555 ι
2812 4502 3071 4577 Quamvis
3097 4501 3265 4568 enim,
3301 4499 3416 4556 sive
3445 4500 3575 4555 sub-

318 4600 536 4652 stantia:
572 4599 937 4665 identitatem,
960 4598 1078 4653 sive
1107 4598 1251 4653 aliud
1285 4599 1668 4667 quodcunque,
1703 4597 1754 4651 in
1787 4612 1895 4666 quo
1968 4613 2089 4653 cum
2141 4597 2303 4653 Patre
2354 4598 2591 4654 conferri
2645 4606 2826 4668 queat,
2887 4606 3117 4668 spectes,
3147 4593 3325 4651 Patre‘
3368 4607 3576 4665 nequa-

317 4707 484 4768 quant
521 4691 696 4745 minor
727 4690 832 4756 sit;
877 4699 1055 4746 tamen
1079 4701 1301 4761 propter
1337 4698 1672 4759 assumptam
1696 4689 2111 4758 humanitatem,
2132 4692 2294 4747 Patre
2319 4695 2583 4746 minorem
2611 4706 2668 4745 se
2702 4699 2879 4748 vocat.

390 4785 520 4839 ΚΘ.
563 4782 904 4853 Κηρύττεται
936 4781 993 4835 δὲ
1026 4784 1121 4835 καὶ
1150 4781 1239 4835 διὰ
1271 4781 1382 4835 τῶν
1428 4781 1588 4850 ἱερῶν
1628 4781 1890 4853 Γραμμά-

315 4895 449 4942 των,
488 4875 615 4928 ποτὲ
652 4875 749 4944 μὲν
776 4873 851 4937 ὡς
879 4874 1000 4936 ὅλος
1034 4872 1111 4926 ὢν
1138 4872 1447 4943 ἄνθρωπος,
1482 4872 1900 4942 σεσιωπημένης

319 4968 486 5023 αὐτοῦ
516 4967 617 5034 τῆς
641 4965 892 5034 θεότητος
922 4963 1285 5035 οἰκονομικῶς
1306 4981 1319 4996 ο
1352 4966 1484 5018 ποτὲ
1527 4964 1584 5017 δὲ
1633 4959 1698 5017 αὖ
1737 4963 1899 5016 πάλιν

318 5060 394 5123 ὡς
448 5058 598 5123 θεὸς,
640 5056 1060 5127 σεσιωπημένης
1109 5055 1275 5110 αὐτοῦ
1306 5056 1406 5125 τῆς
1435 5055 1899 5127 ἁνθρωπότητοςζ

320 5151 584 5203 ἀδικεῖται
605 5149 661 5202 δὲ
701 5148 821 5202 κατ’
857 5147 1049 5202 οὐδένα
1071 5148 1293 5219 τρόπον,
1321 5147 1409 5201 διά
1446 5147 1547 5217 τὴν
1589 5148 1793 5216 ἀμφοῖν
1820 5149 1902 5210 εἰς

320 5237 549 5306 ἑνότητα
599 5235 889 5305 σύμϐασιν.
933 5237 1045 5288 Καὶ
1079 5235 1209 5303 γοῦν
1233 5239 1259 5288 6
1293 5235 1578 5299 θεσπέσιος
1608 5235 1837 5299 Παῦλος,
1871 5239 1896 5289 6

2077 4783 2271 4840 XXIX.
2308 4787 2446 4853 Quin
2474 4800 2641 4845 sacra:
2669 4797 2887 4854 quoque
2914 4782 3134 4838 Litterze
3182 4781 3576 4851 dispensatoria

2008 4877 2238 4944 quadam
2293 4877 2522 4941 ratione,
2551 4876 2831 4931 divinitate
2889 4873 3032 4929 illius
3055 4887 3366 4943 suppressa,
3404 4880 3575 4931 tutum

2009 4963 2280 5018 interdum
2316 4965 2618 5034 prmdicant
2666 4972 2724 5018 ut
2755 4962 3277 5027 hominem;contra
3324 4973 3577 5014 nonnun-

2008 5068 2169 5122 quam
2195 5054 2531 5110 humanitate
2559 5053 2815 5122 ejusdem‘
2834 5052 3016 5118 tacita,
3049 5060 3217 5107 totum
3255 5049 3576 5120 quandoque

2010 5144 2287 5200 insinuant
2309 5154 2367 5199 ut
2395 5146 2582 5200 Deum.
2614 5147 2864 5199 Attamen
2915 5150 3139 5213 propter
3165 5139 3446 5208 utriusque
3480 5150 3578 5191 na-

2011 5245 2144 5289 turae
2204 5237 2254 5290 in
2309 5252 2471 5291 unam
2532 5235 2885 5305 eamdemque
2915 5245 3199 5303 personam
3263 5227 3573 5293 coitionem,

397 5393 441 5425 "
469 5392 631 5448 llchr.
668 5392 707 5455 Ι,
738 5395 799 5455 5,
830 5394 884 5446 4.
961 5393 1004 5423 ⁸ο
1036 5391 1198 5446 llehr.
1247 5406 1304 5452 ll,
1339 5390 1390 5442 9.
1467 5390 1509 5419 ⁸¹
1534 5387 1690 5445 Joan.
1742 5404 1847 5452 xiv,
1884 5390 1896 5444 ε

2013 5391 2056 5421 θ’
2092 5389 2248 5444 Joan.
2282 5406 2336 5455 κ,
2384 5389 2469 5444 50.
2549 5392 2594 5421 ⁸³
2623 5389 2778 5446 Joan.
2836 5403 2947 5455 xw,
2984 5384 3075 5441 28.

1435 5528 1606 5585 Varia:
1639 5529 1896 5583 lcetioncs
1928 5528 2128 5585 codicis
2175 5527 2535 5599 Segnieriani.

403 5669 429 5708 h
458 5666 768 5736 φληνάφους
793 5662 1170 5733 εἰκαιομυθέας
1203 5663 1623 5729 ἁνταναψυνεῖν.
