3970 6136
462 247 599 305 H75

1400 314 1404 316 .
1445 264 1507 319 ει
1542 263 1814 322 CYRILLI
1854 263 2322 323 ALEXANDBINI
2363 268 2684 328 ARClllEP.

3585 279 3618 333 1-
3630 280 3722 335 Ι-Ὶῢ

459 361 603 417 nulla
625 363 727 419 hac
758 366 970 436 quidem
1013 370 1065 424 in
1094 387 1152 428 re
1176 372 1402 430 afﬁcitur
1433 375 1652 447 injuria.
1687 379 2028 447 Quapropter

2142 381 2390 455 Ἐϐραῖος
2423 387 2480 452 ἐξ
2503 387 2794 460 Ἐϐραίων,
2829 388 2925 441 καὶ
2955 389 3129 460 φυλῆς
3163 388 3499 460 Βενιαμὶνβ
3522 392 3724 462 κλητδς

456 451 673 509 divinus
712 455 909 525 Pauius
947 459 1203 517 l-lebraus
1249 480 1312 520 ex
1363 464 1625 534 Hebreis,
1658 483 1723 522 ex
1761 467 2032 536 Benjami-

458 547 564 600 tica
599 549 740 613 tribu
779 551 844 604 ad
866 554 1222 620 apostolatum
1254 567 1493 623 vocatus,
1530 561 1614 616 his
1634 561 1724 630 qui
1751 576 1847 631 per
1872 562 2030 617 ﬁdem

452 635 738 717 iustificati
792 641 1024 710 fuerant,
1063 646 1414 716 carnaliuque
1465 653 1725 718 membra,
1761 663 1885 721 puta
1922 654 2032 707 for-

457 727 804 797 piCationem,
831 735 1131 804 avaritiam,
1159 739 1352 802 malam
1382 742 1756 808 cupiditatem,
1789 755 1842 800 et
1875 755 2031 800 caete-

456 830 549 872 ras
583 819 746 875 animi
781 826 1216 887 perturbationes
1267 832 1750 900 mortiﬁcaverant,
1787 837 1853 890 ad
1887 837 2030 896 hunc

457 909 676 976 modum
709 915 895 977 scribit
923 936 934 971 :
974 935 993 968 ι
1033 916 1227 986 lliurtui
1275 923 1419 980 enim
1456 925 1608 989 estis,
1638 936 1691 980 et
1719 928 1826 982 vita
1852 939 2028 984 vestra

457 1009 542 1065 q'st
582 1002 896 1069 abscondita
930 1020 1054 1062 cum
1111 1007 1336 1071 Christo
1375 1012 1426 1066 in
1463 1013 1570 1069 Deo
1591 1015 1658 1070 ⁸⁵.
1690 1034 1708 1067 ι
1736 1015 1849 1071 lmo
1903 1033 2031 1072 vero

457 1090 572 1160 ipse
626 1092 871 1150 Christus
924 1097 995 1151 ita
1027 1111 1324 1168 precatur:
1371 1122 1390 1155 ι
1428 1102 1588 1160 Pater
1626 1117 1836 1176 sancte,
1873 1125 2031 1165 serva

456 1197 550 1244 eos
576 1184 629 1238 in
661 1187 877 1241 nomine
907 1195 1020 1254 tuo,
1053 1204 1189 1259 quos
1217 1192 1408 1248 dedisti
1437 1195 1585 1260 mihi,
1613 1205 1671 1251 ut
1698 1199 1807 1252 sint
1841 1216 2030 1263 unum,

455 1276 596 1336 sicut
634 1285 688 1330 et
744 1294 863 1334 nos.
901 1278 1036 1335 Cum
1072 1297 1244 1337 essem
1296 1299 1416 1338 cum
1464 1287 1565 1349 eis,
1598 1303 1698 1358 ego
1747 1291 2030 1346 servabam

457 1383 552 1432 eos
584 1369 633 1422 in
667 1373 887 1429 nomine
942 1385 1074 1431 tuo:
1115 1392 1250 1446 quos
1297 1381 1488 1436 dedisti
1555 1384 1684 1438 mihi
1720 1400 1818 1452 ego
1852 1401 2033 1441 cuSto—

458 1459 608 1525 ilivi;
645 1470 700 1515 et
727 1479 882 1517 nemo
915 1482 977 1522 ex
1003 1470 1082 1522 eis
1113 1470 1296 1538 periit,
1341 1473 1443 1528 nisi
1499 1475 1642 1531 ﬁlius
1683 1480 2031 1544 perditionis,

459 1551 817 1621 utScriptura
840 1558 950 1628 26
977 1560 1284 1630 impleatur.
1322 1566 1472 1624 Nunc
1523 1579 1702 1625 autem
1757 1573 1822 1625 ad
1853 1585 1903 1625 te
1941 1588 2030 1627 ve-

2137 479 2453 547 ἀπόστολος,
2489 480 2795 534 ἐπιστέλλει
2819 483 2933 544 τοῖς
2963 461 3068 535 διά’
3094 482 3332 546 πίστεως
3355 481 3722 553 δεδικαιωμέ-

2134 587 2265 632 νοις,
2311 571 2403 624 καὶ
2436 571 2887 642 κατανεκρὼσασι
2917 571 2985 625 τά
3015 571 3150 644 μέλη
3193 573 3395 643 σαρκὸς
3423 573 3723 644 (πορνείαν

2132 660 2195 731 δὴ
2247 660 2390 730 λέγω
2444 663 2539 714 καὶ
2597 662 2806 725 πάθος,
2853 662 3148 734 ἐπιθυμίαν
3200 665 3419 734 κακὴν,
3478 665 3580 716 καὶ
3629 663 3722 734 τὴν

2139 753 2507 823 πλεονεξίαν)ο
2547 775 2564 804 ι
2588 754 2914 808 Ἀπεθάνετε
2959 755 3088 826 γὰρ,
3123 756 3216 809 καὶ
3244 758 3278 826 ἡ
3306 755 3421 826 ζωὴ
3443 755 3610 825 ὐμῶν
3635 755 3717 808 κέ-

2134 859 2372 913 κρυπται
2401 844 2496 896 σὺν
2519 845 2597 914 τῷ
2631 846 2850 916 Χριστῷ
2877 848 2934 899 ἐν
2965 846 3042 916 τῷ
3070 846 3207 916 Θεῷ.
3237 866 3254 898 ι
3287 847 3461 910 Αὐτὸς
3498 842 3598 925 οὖν
3622 844 3721 915 ἔφη

2136 935 2264 1005 περὶ
2305 935 2416 989 τῶν
2451 937 2646 990 ἑαυτοῦ
2691 938 2950 1008 μαθητῶν
2972 955 2983 968 ·
3022 958 3040 990 ι
3075 939 3256 1010 Πάτερ
3293 941 3441 1007 ἇγιε,
3478 940 3722 1008 τήρησον

2133 1027 2332 1093 αὐτοὺς
2385 1029 2444 1082 ὲν
2482 1028 2558 1099 τῷ
2606 1030 2829 1097 ὀνόματί
2887 1047 3002 1097 σου,
3034 1029 3129 1094 οὓς
3175 1031 3416 1094 δέδωκάς
3474 1048 3591 1100 μοι,
3640 1029 3720 1083 ἵνα

2135 1113 2269 1174 ὦσιν
2321 1120 2402 1186 ἒν,
2432 1119 2615 1184 καθὼς
2666 1121 2981 1191 ήμεῖς.”οτε
3029 1121 3176 1192 ἥμην
3213 1123 3328 1192 μετ’
3367 1121 3580 1184 αὐτῶν,
3611 1119 3718 1195 ἐγὼ

2134 1210 2362 1280 ἐτήρουν
2388 1208 2587 1270 αὐτοὺς
2614 1211 2672 1262 ὲν
2709 1208 2786 1279 τῷ
2811 1209 3036 1279 ὀνόματί
3071 1227 3190 1268 σου.
3217 1208 3311 1274 οὒς
3335 1209 3589 1269 δέδωκάς
3611 1226 3716 1279 μοι,

2134 1303 2230 1356 καὶ
2259 1301 2500 1371 ἐφύλαξα
2530 1303 2749 1365 αὐτοὺς,
2785 1303 2879 1355 καὶ
2937 1302 3116 1366 οὐδεὶς
3147 1304 3204 1368 ἐξ
3240 1300 3422 1355 αὐτῶν
3449 1301 3714 1366 ἀπώλετο,

2134 1395 2184 1447 el
2222 1395 2295 1465 μὴ
2335 1395 2363 1446 ὁ
2407 1394 2521 1457 υίὸς
2550 1395 2648 1464 τῆς
2688 1392 2985 1457 ἀπωλείας,
3021 1393 3110 1446 ἵνα
3137 1395 3170 1463 ἠ
3199 1393 3391 1463 Γραφὴ
3431 1392 3710 1480 πληρωθῇ.

2135 1487 2250 1541 Νῦν
2278 1486 2334 1539 δὲ
2361 1485 2499 1557 πρὸς
2529 1485 2588 1538 σὲ
2610 1485 2856 1558 ἔρχομαι,
2872 1487 2966 1539 καὶ
2980 1485 3155 1540 ταῦτα
3169 1484 3316 1538 λαλῶ
3331 1485 3390 1537 ὲν
3405 1484 3492 1554 τῷ
3510 1484 3709 1553 κόσμῳ,

2137 1580 2225 1632 ἵνα
2274 1578 2439 1648 ἔχωσι
2481 1578 2580 1648 τὴν
2628 1576 2802 1648 χαρὰν
2846 1577 2946 1646 τὴν
2997 1576 3136 1648 ἐμὴν
3181 1575 3634 1647 πεπληρωμένην
3661 1577 3713 1627 ἐν

387 1691 404 1711 δ
461 1641 549 1710 nio
583 1651 676 1696 :et
707 1645 816 1700 haec
864 1647 1054 1719 loquor
1092 1653 1142 1708 in
1180 1657 1398 1722 mundo,
1428 1670 1486 1714 ut
1517 1661 1752 1716 habeant
1778 1664 2029 1732 gaudium

2138 1672 2338 1733 αὐτοῖς.
2369 1690 2388 1723 ι
2417 1669 2615 1739 Συνίης
2641 1663 2755 1734 οῦν,
2787 1669 2936 1732 ὅπως
2981 1668 3088 1721 ἀπὸ
3114 1668 3282 1737 μόνης
3310 1661 3512 1736 ὥσπερ
3553 1669 3701 1736 ήμίνί

464 1749 639 1800 meum
680 1738 959 1807 impletum
996 1744 1056 1798 in
1101 1750 1408 1818 semetipsis
1431 1749 1498 1805 ’ἢ
1538 1771 1556 1803 ι
1592 1752 1853 1822 lntelligis
1896 1770 2030 1823 quo-

377 1881 386 1888 ,
460 1825 626 1889 mon
645 1842 740 1895 per
765 1829 956 1895 solam,
981 1848 1130 1892 more
1149 1847 1352 1906 n05tro,
1375 1840 1764 1897 humanitatem
1795 1844 1881 1898 hic
1905 1845 2034 1916 insi-

461 1912 616 1980 nuari
655 1913 1150 1991 videatut-ZNeque
1196 1926 1337 1981 enim
1380 1942 1448 1984 ex
1507 1929 1655 1986 hisce
1709 1913 2034 1992 concludere

460 2001 587 2073 licet
632 2004 866 2072 Yet-bum
895 2012 1075 2083 aliquo
1109 2031 1167 2070 se
1194 2017 1484 2089 abdidisse,
1508 2033 1599 2078 aut
1635 2041 1664 2078 e
1707 2029 1906 2082 mundo
1932 2029 2034 2084 hoc

459 2095 1262 2175 emigrasse:coustatnamque
1281 2108 1408 2164 alibi
1437 2121 1623 2179 aperte
1670 2115 2028 2172 disseruisse:
2081 2133 2085 2136 ·

467 2203 488 2237 ι
521 2187 716 2256 Amen,
743 2205 898 2257 amen
953 2193 1074 2248 dico
1120 2196 1292 2262 vobis,
1326 2201 1412 2255 ubi
1465 2211 1600 2262 sunt
1644 2205 1749 2259 duo
1798 2217 1889 2261 aut
1924 2216 2034 2263 tres

460 2282 770 2350 congregati
843 2283 895 2337 in
959 2287 1176 2342 nomine
1239 2304 1379 2357 meo,
1430 2293 1502 2348 ibi
1566 2311 1686 2350 sum
1735 2298 1786 2350 in
1858 2301 2034 2355 medio

459 2372 722 2440 eorum".
764 2391 783 2424 ι
807 2374 872 2429 Ει
904 2375 1096 2432 iterum
1122 2394 1136 2433 :
1167 2399 1192 2438 ί
1223 2380 1364 2438 Ecce
1395 2385 1668 2443 vobiscum
1714 2403 1831 2444 sum
1864 2406 2034 2461 usque

462 2461 529 2526 ad
573 2466 1093 2535 consummationem
1127 2473 1308 2532 saeculi
1338 2475 1404 2528 ⁸⁷.
1441 2495 1459 2526 ι
1509 2477 1704 2536 Videas
1753 2492 1808 2537 et
1848 2497 2034 2538 sacra-

461 2551 731 2622 tissimum
789 2573 1004 2629 quoque
1052 2561 1274 2622 Paulum
1315 2581 1458 2638 swpe
1497 2571 1789 2642 multisque
1815 2574 1867 2629 in
1900 2576 2034 2632 locis

458 2645 700 2717 hominis
734 2651 994 2710 vocabulo
1032 2659 1377 2714 cunctantius
1406 2663 1652 2718 eumdem
1701 2665 1987 2737 designare
2017 2688 2031 2722 :

469 2753 490 2796 ς
532 2734 752 2804 Paulus,
809 2741 1004 2813 inquit,
1066 2751 1361 2818 apostolus,
1405 2771 1510 2809 non
1569 2757 1637 2812 ab
1698 2734 2028 2829 hominibus,

461 2841 638 2898 neque
667 2847 763 2900 per
800 2833 1093 2905 hominem,
1123 2843 1215 2897 sed
1257 2858 1352 2913 per
1388 2843 1572 2900 Iesum
1609 2847 1888 2904 Christum
1906 2852 1972 2908 ⁸⁸.
2008 2872 2027 2905 ι

461 2915 727 2980 Rursum:
755 2941 777 2984 ι,
799 2922 992 2988 Notum
1025 2939 1204 2986 autem
1233 2934 1384 2989 vobis
1420 2935 1578 3004 facio,
1602 2937 1822 3008 fratres,
1855 2942 2032 2998 Evan-

461 3007 680 3078 gelium,
713 3014 858 3082 quod
887 3019 1314 3088 evangelizatum
1343 3035 1427 3078 est
1458 3041 1484 3078 a
1513 3043 1620 3092 me,
1656 3032 1782 3099 quia
1809 3007 1916 3086 non
1949 3042 2033 3089 est
2063 3061 2104 3116 ο

463 3101 758 3169 secundum
812 3104 1109 3164 hominem.
1149 3109 1346 3181 Neque.
1394 3119 1536 3169 enim
1564 3131 1664 3186 ego
1716 3121 1783 3174 ab
1818 3120 2037 3179 homine

464 3193 646 3264 accepi
702 3192 850 3257 illud,
908 3212 1083 3267 neque
1145 3201 1330 3266 didici,
1368 3205 1462 3258 sed
1520 3220 1617 3274 per
1658 3209 2037 3267 revelationem

459 3276 591 3345 Jesu
650 3283 859 3354 Christi
887 3287 954 3340 δ’.
991 3306 1010 3340 ι
1049 3289 1116 3342 Ει
1145 3290 1251 3346 alio
1279 3292 1359 3350 ita,
1391 3293 1510 3354 loco
1544 3314 1562 3350 :
1590 3316 1607 3347 ι
1647 3297 1726 3366 Si,
1754 3301 1851 3369 ait,
1885 3301 2040 3357 Chri-

463 3382 607 3427 stum
639 3377 990 3445 cognovimus
1035 3384 1334 3441 secundum
1357 3399 1596 3454 carnem,
1629 3393 1723 3444 sed
1755 3389 1865 3458 jam
1897 3409 2040 3450 nunc

464 3479 571 3528 non
620 3466 870 3525 novimus
899 3469 966 3524 ⁸ο.
1016 3489 1036 3522 ι
1071 3469 1190 3536 Jam
1238 3475 1553 3543 ecquisnam
1614 3490 1698 3534 est
1744 3481 1832 3537 ille
1883 3482 2040 3541 Jesus

465 3555 736 3624 Christus;
783 3558 876 3628 qui
924 3563 1224 3630 apostolum
1292 3566 1594 3626 divinorum
1657 3577 2038 3642 mysteriorum

467 3647 656 3714 noiitia
689 3663 861 3720 usque
892 3652 1025 3709 adeo
1061 3656 1293 3724 occulta,
1318 3670 1468 3718 certa
1495 3675 1558 3717 ac
1587 3661 1766 3718 divina
1800 3665 2039 3722 illustra-

465 3739 584 3795 viti
615 3741 805 3798 Annon
856 3743 1115 3814 Verbum,
1163 3750 1306 3818 quod
1364 3754 1533 3816 nostri
1567 3769 1731 3812 causa
1759 3756 1920 3814 homo
1957 3759 2038 3814 fa-

464 3840 612 3887 ctum
673 3848 739 3888 ex
797 3835 1232 3903 muliere-nasci
1265 3856 1370 3898 non
1418 3847 1837 3902 recusavit?.An
1871 3849 2033 3916 istud,

463 3936 667 3992 quaeso,
692 3939 796 3980 non
819 3936 901 3987 est
918 3942 1106 3984 verum
1125 3930 1150 3984 ἱ
1171 3931 1278 3988 imo
1302 3933 1663 3993 verissimum.
1692 3937 2038 3998 Meminimus

463 4029 700 4085 namque
728 4015 1032 4081 Gabrielem
1075 4021 1344 4092 ejusmodi
1376 4027 1622 4085 oratione
1677 4045 1887 4091 sacram
1915 4032 2038 4088 Vir-

463 4107 642 4178 ginem
683 4110 1028 4179 appellasse:
1069 4131 1091 4168 ι
1137 4115 1220 4172 Ne
1237 4119 1448 4184 timeas,
1485 4120 1654 4178 Maria
1685 4139 1700 4178 :
1731 4138 1860 4180 ecce
1888 4125 2038 4181 enim

464 4198 740 4269 concipies
771 4203 824 4257 in
851 4213 1025 4272 utero,
1057 4215 1113 4262 et
1155 4209 1334 4277 paries
1378 4209 1662 4275 Filium,et
1687 4217 1909 4273 vocabis
1939 4232 2038 4275 no-

463 4306 588 4347 men
630 4293 750 4363 ejus
808 4293 992 4353 Jesum
1024 4300 1091 4353 ".
1123 4319 1144 4353 ι
1179 4299 1384 4357 Nomen
1413 4305 1516 4361 hoc
1565 4320 1764 4361 novum
1787 4323 1816 4376 a
1848 4307 2035 4376 Patre,

2138 1764 2236 1832 τῆς
2271 1759 2691 1831 ἀνθρωπότητος
2721 1757 2777 1811 ἐν
2821 1775 2882 1826 γε
2929 1757 3163 1810 τουτοισὶ
3201 1755 3708 1853 κατασημαίνεσθαξ

2139 1854 2314 1915 δοκεῖς
2365 1846 2665 1920 Οἱήσομαιὶ
2713 1845 2822 1918 γὰρ
2857 1844 3106 1915 οὐδαμῶς
3157 1842 3472 1914 κεκρύφθαι
3518 1859 3578 1895 τε
3628 1842 3706 1914 καξ

2138 1942 2438 2012 ἀποδημεῖν
2497 1939 2590 1992 τοῦ
2649 1939 2888 2008 κόσμου,
2933 1936 3112 1990 καίτοι
3177 1935 3433 2004 λέγοντος
3501 1932 3703 2033 datatim

2145 2054 2162 2085 ι
2186 2030 2376 2101 Ἀμὴν,
2425 2029 2571 2100 ἀμὴν
2617 2026 2763 2094 λέγω
2809 2027 2955 2097 ὑμῖν,
2988 2026 3070 2079 ὅτι
3115 2026 3248 2078 ὅπου
3279 2024 3374 2078 ὲάν
3409 2021 3706 2091 συναχθιῖκπ

2137 2121 2230 2176 δύο
2273 2121 2306 2191 ἢ
2350 2121 2494 2189 τρεῖς
2532 2118 2609 2181 εἰς
2637 2116 2698 2170 τὸ
2726 2117 2860 2188 ἐμὶν
2906 2116 3095 2187 ὄνομα,
3132 2116 3250 2169 ἐκεῖ
3296 2115 3415 2184 είμι
3469 2114 3526 2166 ὲν

2138 2197 2336 2271 αὐτῶν.
2363 2233 2381 2266 ι
2435 2213 2547 2266 Καὶ
2592 2209 2787 2264 πάλιν⁶
2849 2229 2866 2260 ι
2897 2209 3029 2262 Ἰδοὺ
3083 2207 3195 2276 ἐγὼ
3246 2205 3366 2277 μεθ’
3397 2205 3553 2276 ὑμῶν
3599 2203 3702 2271 εἰμι

2139 2307 2319 2368 πάσας
2347 2303 2446 2366 τὰς
2477 2301 2712 2372 ἡμέρας,
2745 2299 2850 2362 ἕως
2882 2299 2980 2370 τῆς
3005 2298 3316 2360 συντελείας
3340 2296 3439 2350 τοῦ
3464 2297 3696 2357 αίῶνος.ι

2142 2396 2299 2458 Ἰδοις
2334 2394 2378 2446 δ’
2409 2391 2474 2444 ἂν
2503 2392 2597 2444 καὶ
2624 2389 2788 2444 αὐτὸν
2829 2389 2919 2442 τὸν
2951 2387 3242 2461 ἱερώτατον
3267 2387 3488 2442 Παῦλον
3521 2386 3698 2462 καταρς

2140 2483 2486 2559 ῥᾳθυμοῦντα
2539 2481 2798 2545 πολλάκις
2835 2481 2930 2534 τοῦ
2979 2481 3072 2534 καὶ
3109 2479 3401 2551 ἄνθρωπον
3435 2480 3543 2532 δεῖν
3575 2478 3694 2531 ἀνα-

2138 2577 2428 2647 κηρύττειν
2444 2573 2625 2627 αὐτόν.
2653 2591 2671 2624 ι
2699 2571 2908 2636 Παῦλος
2927 2570 3054 2642 γάρ,
3078 2571 3265 2655 φησὶν,
3285 2566 3696 2669 ἀπόστολοςωύκ

2138 2668 2232 2724 ἀπ’
2259 2668 2583 2739 ἀνθρώπων,
2627 2665 2746 2720 οὐδὲ
2789 2665 2855 2719 δι’
2884 2663 3196 2734 ἀνθρώπου,
3247 2662 3385 2716 ἀλλὰ
3415 2661 3507 2715 διὰ
3540 2661 3698 2730 Ἰησοῦ

2137 2761 2398 2834 Χριστοῦ.
2434 2779 2452 2813 ι
2494 2760 2603 2812 Καὶ
2633 2755 2700 2814 αὖ
2729 2759 2822 2811 ἐπὶ
2855 2757 3062 2820 τούτοις
3083 2772 3096 2787 ·
3146 2777 3164 2808 ‹
3191 2755 3449 2827 Γνωρίζω
3490 2756 3544 2808 δὲ
3582 2753 3696 2822 ὑμῖν

2138 2851 2202 2905 τὸ
2226 2849 2580 2918 Εὐαγγέλιον,
2612 2847 2766 2918 φησι,
2795 2846 2856 2900 τὸ
2895 2845 3280 2914 εὐαγγελισθὲν
3324 2845 3415 2898 ὐπ’
3442 2842 3590 2913 ἐμοῦ,
3622 2842 3697 2893 ὅτι

2139 2944 2239 2998 οὐκ
2289 2942 2402 2996 ἔστι
2458 2941 2578 2994 κατ’
2609 2939 2915 3011 ἄνθρωπον.
2951 2937 3092 2991 Οὐδὲ
3132 2938 3243 3009 γὰρ
3276 2937 3379 3005 ἐγὼ
3415 2934 3556 3002 παρὰ
3601 2934 3693 2984 ἀν-

2140 3032 2360 3104 θρώπου
2407 3031 2713 3104 παρέλαϐον
2761 3031 2911 3094 αὐτὸ,
2941 3029 3061 3084 οὐδὲ
3108 3029 3398 3100 ἐδιδάχθην,
3434 3025 3568 3078 ἀλλὰ
3614 3023 3694 3076 δι’·

2142 3123 2535 3194 ἀποκαλύψεως
2572 3121 2746 3194 Ἰησοῦ
2770 3121 3030 3194 Χριστοῦ.
3051 3141 3069 3173 ι
3097 3121 3211 3176 Καὶ
3239 3120 3337 3191 μὴν
3365 3118 3458 3170 καὶ
3480 3114 3700 3188 ἑτέρωθί

2142 3233 2306 3286 φησιν
2329 3231 2344 3246 ο
2382 3235 2400 3267 ι
2431 3213 2495 3267 El
2520 3213 2577 3268 δὲ
2611 3214 2706 3266 καὶ
2730 3211 3049 3282 ἐγνώκαμεν
3076 3212 3219 3295 κατά
3237 3211 3434 3308 ⁵σάρκα
3453 3207 3697 3308 Χριστὸν,

2139 3306 2276 3361 ἀλλά
2309 3305 2404 3360 νῦν
2429 3305 2613 3360 οὐκέτι
2647 3303 3006 3375 γινώσκομεν.
3038 3322 3055 3356 ι
3087 3304 3182 3367 Τίς
3207 3299 3299 3358 οῦν
3326 3305 3473 3356 ἐστιν
3513 3299 3700 3371 Ἰησοῦς

2140 3399 2169 3452 ὁ
2215 3397 2468 3469 Χριστὸς,
2511 3400 2540 3451 ὁ
2584 3397 2680 3468 τὴν
2710 3395 2883 3460 οὕτως
2915 3395 3127 3467 ἀπλανῆ
3174 3412 3234 3448 τε
3271 3395 3365 3448 καὶ
3412 3394 3700 3465 ἀπόρρητον

2141 3489 2292 3543 θείαν
2323 3488 2665 3558 ἀποκάλυψιν
2696 3487 2805 3541 τῶν
2844 3485 3039 3540 ἑαυτοῦ
3091 3487 3408 3557 μυστηρίων
3457 3482 3699 3554 ὲναστρὰ·

2142 3597 2292 3636 πτων
2323 3579 2504 3652 αὐτῷς
2537 3576 2627 3651 ἆρ’
2655 3579 2775 3649 οὐχὶ
2823 3579 3116 3650 γενόμενος
3173 3578 3313 3648 σὰρξ
3345 3580 3374 3631 ὁ
3407 3578 3599 3645 Λόγος,
3623 3574 3698 3627 καὶ

2139 3672 2239 3745 τὴν
2284 3673 2350 3726 ὲκ
2397 3670 2656 3741 γυναικὸς
2687 3671 2756 3724 δι’
2791 3672 2937 3742 ἡμᾶς
2984 3670 3084 3749 οὐκ
3130 3667 3412 3740 ἀτιμάσας
3437 3667 3696 3737 γέννησιν;

2139 3769 2334 3823 Καίτοι
2364 3767 2481 3831 πῶς
2503 3766 2604 3820 οὐκ
2632 3765 2828 3836 ἀληθὲς
2856 3766 2991 3837 ὅπερ
3021 3765 3158 3836 ἔφην
3183 3783 3196 3832 ;
3230 3763 3586 3836 Μεμνήμεθα
3613 3759 3696 3828 γὰρ

2137 3860 2237 3915 τοῦ
2277 3857 2519 3928 Γαϐριὴλ
2562 3857 2811 3926 λέγοντος
2859 3859 2995 3930 πρὸς
3039 3859 3138 3928 τὴν
3193 3856 3357 3922 ἁγίαν
3403 3854 3692 3926 Παρθένον·

2146 3969 2164 4003 ι
2192 3950 2284 4020 Μὴ
2315 3946 2504 4017 φοϐοῦ,
2531 3949 2764 4019 Μαριάμ
2783 3963 2797 3979 °
2838 3948 2948 4002 ίδοὺ
2981 3947 3091 4020 γάρ
3136 3946 3382 4018 συλλήψῃ
3414 3947 3474 3998 ἐν
3502 3942 3693 4013 γαστρὶ.

2139 4041 2236 4095 καὶ
2257 4039 2386 4112 τέξῃ
2411 4039 2545 4103 υἱὸν,
2569 4040 2666 4093 καὶ
2683 4038 2934 4102 καλέσεις
2958 4040 3020 4092 τὸ
3037 4039 3211 4108 ὄνομα
3236 4037 3407 4092 αὐτοῦ
3443 4035 3522 4109 Ἰη
3533 4036 3691 4090 σοῦν.»

2138 4131 2340 4186 Καινδν
2383 4131 2443 4186 δὲ
2492 4127 2645 4201 οἴμαι
2675 4129 2832 4184 τοῦτο
2870 4129 3021 4203 παρὰ
3052 4128 3150 4183 τοῦ
3183 4127 3397 4198 Πατρδς
3428 4127 3604 4197 ὄνομα
3629 4123 3698 4174 δε·-

2139 4224 2326 4280 δόσθαι
2355 4221 2438 4294 τῷ
2461 4223 2620 4293 Λόγῳ
2657 4221 2746 4276 διὰ
2777 4222 2878 4291 τῆς
2919 4221 3015 4274 τοῦ
3062 4219 3298 4289 ἀγγέλου
3340 4216 3557 4286 φωνῆς.
3585 4216 3700 4282 Προ-

2140 4313 2499 4385 ανεκεκράγει
2521 4311 2630 4381 γὰρ
2653 4312 2796 4366 οὕτω
2824 4311 2918 4364 καὶ
2945 4309 3329 4382 χρησμῴδημα
3357 4302 3700 4377 προφητικὸν·

463 4383 676 4454 opinor,
695 4399 790 4455 per
819 4390 992 4460 angeli
1019 4405 1204 4447 vocem
1238 4393 1548 4463 impositum
1571 4405 1672 4456 est.
1701 4397 2036 4459 Praedixerat

2148 4427 2167 4460 ι
2196 4406 2309 4462 Καὶ
2337 4383 2626 4459 καλέσουσι
2659 4404 2720 4456 τὸ
2761 4402 2934 4474 ὄνομα
2976 4401 3141 4456 αὐτοῦ
3175 4402 3235 4455 τὸ
3262 4399 3469 4462 καινὸν,
3495 4399 3528 4452 ὃ
3556 4400 3584 4452 ὁ
3611 4394 3705 4448 Κύο

463 4474 610 4531 enim
644 4479 812 4537 multo
837 4491 963 4538 ante
992 4485 1254 4554 prOpheta
1283 4503 1299 4540 :
1340 4505 1358 4539 ι
1393 4487 1461 4543 Ει
1502 4490 1783 4547 vocabitur
1815 4492 1912 4549 tibi
1941 4509 2039 4551 no-

465 4579 590 4620 men
621 4584 838 4637 novum,
870 4573 1013 4644 quod
1042 4588 1103 4630 os
1132 4575 1343 4632 Domini
1377 4579 1677 4639 nominabit
1706 4583 1774 4638 ’⁸.
1812 4603 1833 4636 ι
1859 4585 2038 4652 ρυιω.

464 4659 534 4715 do
559 4675 688 4730 ergo
727 4664 1040 4733 unigenitus
1075 4667 1266 4736 Filius,
1295 4670 1386 4741 qui
1410 4671 1558 4728 Patri
1577 4684 1882 4733 coaeternus
1908 4690 2038 4737 ante

462 4751 644 4824 omnia
679 4753 877 4809 stecula
909 4758 1135 4824 exstitit,
1173 4761 1484 4818 novissimis
1506 4767 1839 4835 temporibus
1871 4769 2038 4827 homo

462 4841 663 4909 factus,
699 4853 754 4899 et
789 4860 853 4900 cx
899 4847 1122 4904 muliere
1171 4862 1332 4907 natus
1353 4853 1421 4921 ⁸³,
1446 4861 1501 4910 et
1540 4854 1711 4913 Filius
1753 4860 2034 4928 praedesti-s

464 4944 649 5002 natus,
675 4944 729 5000 et
770 4936 1162 5008 primogenitus
1204 4945 1521 5014 appellatus,
1550 4959 1604 5004 et
1656 4951 1798 5007 inter
1837 4952 2037 5009 multos

463 5026 664 5084 fratres
703 5040 1019 5097 numeratus
1048 5042 1132 5087 est
1156 5035 1224 5098 ⁸⁵,
1256 5045 1384 5091 tunc
1421 5039 1510 5093 ille
1563 5056 1797 5111 quoque,
1831 5045 1923 5115 qui
1952 5059 2038 5100 se-

2141 4515 2253 4568 ριος
2273 4496 2541 4566 ὀνομάσει.
2557 4495 2741 4550 αὐτό.)
2771 4496 2900 4550 Ὅτε
2921 4495 3101 4548 τοίνυν
3127 4493 3398 4555 συναίδιος
3420 4490 3500 4561 τῷ
3525 4487 3700 4557 Ungi.

2137 4589 2238 4644 καὶ
2267 4589 2373 4660 πρὸ
2403 4587 2604 4651 παντὸς
2629 4587 2825 4651 αἰῶνος
2859 4587 2988 4651 Υἱὸς
3025 4587 3342 4658 μονογενὴς,
3362 4581 3432 4636 ἓν
3465 4584 3707 4653 ἐσχάτοις

2137 4681 2348 4750 καιροῖς
2397 4679 2622 4748 γέγονεν
2671 4679 2977 4751 ἄνθρωπος,
3022 4679 3344 4747 γεγέννηται
3399 4675 3458 4728 δὲ
3515 4674 3610 4727 καὶ
3653 4670 3706 4720 ἐκ

2137 4771 2416 4842 γυναικὸς,
2455 4770 2551 4823 καὶ
2595 4769 2804 4841 ὡρίσθη
2862 4771 2961 4839 μὲν
2997 4769 3124 4833 Υἱὸς
3152 4767 3310 4829 Θεοῦ,
3343 4764 3706 4836 κεχρημάτικε

2147 4865 2204 4918 δὲ
2230 4864 2324 4918 καὶ
2352 4862 2713 4934 πρωτότοκος,
2749 4861 2844 4914 καὶ
2871 4861 3095 4929 γέγονεν
3119 4862 3176 4913 ὲν
3205 4858 3416 4922 πολλοῖς

2143 4956 2266 5010 τότε
2299 4956 2393 5010 καὶ
2443 4957 2472 5007 ὁ
2522 4954 2679 5023 φύσει
2711 4953 2898 5023 Πατὴρ
2941 4953 3111 5022 ὁρίζει
3142 4951 3204 5005 τὸ
3231 4951 3424 5020 ὄνομα,
3475 4950 3593 5010 τοῖς
3623 4950 3706 5011 τῆς

2150 5047 2510 5119 πατρότητος,
2547 5045 2613 5098 ἵν’
2643 5044 2814 5108 οὕτως
2843 5043 3109 5113 εἴπωμεν,
3141 5043 3335 5112 νόμοις
3356 5040 3644 5110 ἑπόμενος.

460 5120 699 5176 cundum
766 5131 1014 5189 naturam
1071 5125 1233 5186 Pater
1304 5142 1407 5197 est,
1468 5135 1808 5202 paternitatis
1871 5138 2041 5209 leges,
2089 5147 2149 5194 ut
2193 5141 2264 5194 ita
2317 5140 2524 5209 loquar,
2551 5147 2786 5203 secutus,
2830 5150 3027 5192 nomen
3069 5137 3170 5191 hoc
3198 5134 3449 5204 imponit.

561 5305 841 5372 “Coloss.
889 5325 976 5374 ιιι,
1012 5310 1065 5365 5.
1155 5311 1202 5342 ⁸⁵
1233 5309 1392 5367 Joan.
1448 5330 1580 5378 xm,
1620 5316 1821 5374 11-15.
1883 5318 1942 5394 ,⁸⁵
1980 5317 2036 5371 Μ.

561 5376 666 5431 bid.
694 5378 779 5442 ll,
819 5377 906 5432 l2.
1001 5379 1047 5413 ⁹⁰
1071 5379 1114 5435 ll
1141 5380 1266 5437 Cor.
1299 5397 1350 5444 ι’,
1384 5383 1470 5439 16.
1574 5386 1617 5417 ⁹¹
1648 5386 1778 5444 Luc.
1819 5403 1880 5444 ιι.
1918 5388 2006 5442 50.

2138 5335 2171 5371 ι.
2207 5317 2474 5383 xvm,20.
2579 5318 2623 5348 ⁸⁷
2657 5316 2843 5370 Matth.
2872 5329 3066 5386 xxvttt,
3090 5311 3181 5366 20.

2143 5386 2249 5442 lsa.
2272 5403 2406 5444 Lxu.
2441 5387 2496 5440 2.
2591 5382 2828 5441 "G'alat.
2861 5401 2932 5444 tv,
2967 5385 3018 5439 4.
3097 5383 3145 5415 ⁸⁵

1765 5429 1778 5444 ο
1820 5426 1880 5454 ΙΙ,
1919 5426 2006 5442 vv.
2143 5426 2249 5442 ιυηο
2273 5426 2406 5452 u...’
2445 5426 2496 5440 -l

466 5371 510 5404 "
536 5373 666 5431 ibid.
694 5378 779 5442 ll,
807 5370 906 5432 ⁷12.
964 5370 971 5374 ⁷
1001 5379 1047 5413 ⁹⁰
1071 5379 1114 5435 ll
1141 5380 1266 5437 Cor.
1299 5397 1350 5447 ι’,
1384 5383 1470 5439 16.

3297 5309 3343 5342 ⁸⁸
3367 5307 3547 5365 Calat.
3584 5322 3621 5366 ι,
3663 5305 3702 5356 Ι.

2591 5382 2828 5441 "G'alat.
2861 5401 2932 5451 tv,
2967 5385 3018 5439 4.
3051 5375 3061 5386 ’
3097 5383 3145 5415 ⁸⁵
3188 5381 3346 5438 Rom.
3386 5393 3510 5442 vm,
3550 5375 3642 5431 99.

1560 5537 1732 5593 Varia:
1761 5538 2018 5596 lectiones
2068 5537 2270 5595 codicis
2304 5536 2660 5611 Seguieriani.

549 5665 565 5707 ἱ
609 5663 696 5733 ἴσ.
722 5663 796 5744 ὡς
838 5665 1144 5737 παρ’ήμῖν,
1226 5668 1237 5717 i
1275 5669 1588 5760 οἰησόμεθα,

3889 1055 3902 1516 ἐ

3899 2258 3901 2342 4

3898 2453 3902 2538 ι

3899 2663 3901 2773 ι
