3970 6136
272 272 364 334 ιιῖ
372 273 412 327 ἰι

1220 270 1305 328 DE
1343 271 1573 329 REC-‘l‘A
1612 270 1768 327 FIDE
1806 272 1897 329 AD
1935 271 2382 333 THEODOSIUM
2420 275 2556 332 IMP.

3371 274 3395 329 ἰ
3411 275 3515 331 178

336 388 418 440 A'.
470 383 531 442 Ὀ
578 386 741 450 αὐτὸς
779 381 872 440 οὖν
924 382 1033 456 ἄρα
1081 385 1175 438 καὶ
1226 386 1519 457 μονογενής
1568 387 1705 450 ἐστι,
1748 385 1840 440 καί

2015 388 2183 444 XXX.
2225 389 2371 447 Idem
2432 394 2615 461 itaque
2664 388 2972 461 unigenitus
3017 396 3081 445 ει
3119 388 3515 460 primogenims

267 477 646 548 περιλοτότοκος⁸
682 479 712 530 ὁ
734 477 844 548 γάρ
871 493 953 529 τοι
995 474 1288 546 μονογενὴς
1322 476 1397 540 ὡς
1422 477 1574 542 Θεὸς,
1622 478 1839 548 πρωτό-,

266 583 428 632 τοκος
486 569 546 622 ἐν
593 569 743 638 ἡμῖν,
779 564 900 620 καθ’
933 565 1129 619 ἕνωσιν
1181 566 1536 637 οἰκονομικῶς
1556 566 1605 631 ιι,
1637 568 1730 620 καὶ
1779 569 1837 622 ἐν

269 657 487 722 πολλοῖς
519 658 764 727 ἀδελφοῖς
807 657 883 720 ὡς
927 655 1212 727 ἄνθρωπος
1233 673 1247 689 ο
1302 657 1369 711 ῖν⁹
1393 659 1558 729 ἡμεῖς
1586 650 1735 727 ὦμεν
1762 656 1839 720 ὡς

271 751 331 802 ὲν
362 748 512 820 αύτῷ
550 765 611 802 τε
646 748 742 802 καὶ
770 747 841 800 δι’
869 746 1035 801 αὐτοῦ
1069 747 1177 800 υἰοί
1203 747 1341 801 Θεοῦ
1373 747 1617 816 φυσικῶς
1654 764 1714 802 τε
1745 746 1841 801 καὶ

273 840 414 909 κατὰ
441 839 601 911 χάριν
623 855 638 871 ο
667 837 912 908 φυσικῶς
947 838 1067 910 μὲν,
1089 839 1165 902 ὡς
1188 839 1246 892 ἐν
1266 837 1415 909 αύτῷ
1442 856 1501 891 τε
1533 838 1625 893 καὶ
1653 838 1798 909 μόνῳ
1819 855 1833 868 ·

278 930 608 1002 μεθεκτικῶς
643 931 700 984 δὲ
729 930 824 984 καὶ
871 929 1015 984 κατὰ
1045 929 1205 1001 χάριν
1252 932 1416 1001 ἡμεῖς
1460 930 1528 984 δι’
1559 930 1723 984 αὐτοῦ
1779 932 1838 984 ὲν

275 1020 786 1091 Πνεύματι.ὀσπερ
816 1014 910 1074 οὖν
947 1019 1167 1089 γέγονεν
1196 1020 1325 1087 ἴδιον
1354 1023 1452 1092 τῆς
1480 1020 1838 1092 ἀνθρωπότη-

274 1125 363 1172 τος
413 1110 472 1162 ὲν
508 1109 731 1179 Χριστῷ
776 1108 838 1163 τὸ
888 1107 1195 1179 μονογενὲς,
1233 1109 1323 1163 διὰ
1364 1110 1424 1163 τὸ
1471 1110 1715 1181 ἡνῶσθαι
1762 1111 1841 1182 τῷ

271 1198 430 1269 Λόγῳ
473 1199 618 1253 κατὰ
662 1197 933 1270 σύμϐασιν
978 1199 1357 1272 οἰκονομικήν·
1391 1200 1564 1265 οὕτως
1590 1201 1719 1255 ἴδιον
1744 1201 1841 1256 τοῦ

271 1290 470 1358 Λόγου,
487 1288 570 1353 τὺ,
580 1288 650 1343 ἐν
666 1287 917 1355 πολλοῖς
927 1287 1230 1358 ἀδελφοῖς,
1250 1290 1435 1356 καὶτὸ,
1447 1294 1838 1360 πρωτότοκος,

272 1381 363 1436 διὰ
395 1381 456 1434 rb
481 1379 721 1452 ἡνῶσθαι
752 1379 938 1450 σαρκί.
960 1380 1376 1452 Ἐρηρεισμένον
1401 1381 1446 1435 δ’
1470 1376 1563 1435 οὖν
1602 1382 1740 1453 ἔχων
1778 1384 1841 1438 τὸ

275 1466 415 1525 εἶναι
432 1471 586 1535 Θεὸς,
619 1470 715 1525 καὶ
738 1469 945 1541 τροπῆς
972 1468 1220 1541 ἀμείνωκ
1242 1471 1521 1544 ὑπάρχων,
1552 1473 1639 1526 ἀεὶ
1671 1473 1840 1543 μεμέ-

277 1579 441 1634 νηκεν
469 1562 606 1632 ὅπερ
633 1556 722 1633 ἦν,
753 1560 850 1620 καιὶ
886 1561 975 1615 ὅτε
1006 1560 1228 1629 γέγονεν
1269 1561 1574 1633 ἄνθρωπος,
1601 1566 1669 1635 τῇ
1696 1563 1839 1617 κατὰ

279 1657 496 1712 πάντων
527 1656 789 1728 ὑπεροχῇ,
824 1652 949 1727 δόξῃ
980 1671 1040 1708 τε
1068 1657 1136 1726 τῇ
1168 1654 1426 1709 ἀνωτάτω
1460 1652 1841 1724 κατεστεμμέι

1939 481 2045 552 27
2083 490 2166 537 est
2195 499 2210 536 :
2249 483 2557 552 unigenitus
2585 483 2800 552 quidem
2836 490 2895 536 ut
2925 481 3086 546 Deus,
3118 481 3510 552 primogenita:

1940 580 2069 620 vero
2124 576 2392 637 quatenus
2456 571 2753 624 secundum
2804 569 3191 624 mconomicam
3252 570 3507 625 unionem

1940 654 2080 711 inter
2104 671 2202 712 nos
2220 669 2277 713 et
2316 658 2457 713 inter
2482 659 2678 713 mullos
2711 658 2907 713 fratres
2950 658 3112 713 homo
3132 666 3379 714 versatus
3401 669 3505 724 est,

1938 759 2046 814 quo
2070 755 2125 800 et
2161 761 2258 802 nos
2288 763 2500 818 quoque
2543 749 2597 802 in
2626 748 2744 818 ipso
2773 757 2830 803 ει
2867 763 2962 816 per
3000 749 3177 819 ipsum
3211 750 3507 805 secundum

1940 846 2188 891 naturam
2214 847 2270 893 et
2293 840 2519 907 gratiam
2553 838 2649 893 lilii
2679 839 2769 894 Dei
2801 837 3136 895 eﬂiccremur
3164 859 3177 895 :
3209 841 3506 915 secundum

1941 938 2190 997 naturam
2220 931 2455 998 quidem,
2485 939 2544 985 ut
2576 933 2629 985 in
2663 933 2778 1001 ipso
2818 937 2873 986 et
2903 946 3009 987 uno
3051 950 3064 986 :
3101 933 3511 1002 participatione

1940 1033 2090 1082 vero,
2131 1028 2184 1072 et
2219 1020 2511 1077 secundum
2547 1020 2776 1090 gratiam
2829 1035 2924 1089 per
2954 1021 3128 1090 ipsum
3187 1021 3240 1075 in
3276 1021 3505 1090 Spiritu.

1940 1107 2400 1176 Quemadmodum
2428 1110 2589 1179 igitur
2617 1109 2816 1164 Christi
2850 1111 3194 1177 htunanitati,
3225 1122 3507 1181 propterea

1940 1198 2080 1273 quod
2112 1200 2409 1253 secundum
2437 1199 2856 1270 dispensationis
2887 1199 3134 1268 copulam
3166 1199 3345 1256 Verbo
3377 1217 3509 1256 con-

1936 1289 2117 1360 juncta
2147 1300 2250 1355 est,
2277 1291 2613 1362 unigenitum
2650 1304 2772 1346 esse
2801 1300 2857 1345 et
2908 1290 3012 1345 dici
3075 1291 3360 1361 proprium
3381 1290 3509 1346 eﬂ‘e-

1939 1391 2087 1438 ctum
2125 1393 2208 1439 est
2242 1400 2256 1438 :
2294 1386 2363 1438 ita
2402 1384 2687 1449 Verbo,eo
2716 1383 2858 1452 quod
2890 1384 3098 1438 unitum
3131 1392 3214 1438 est
3245 1384 3416 1450 carni,
3453 1384 3509 1438 id

1941 1476 2217 1544 proprium
2277 1475 2480 1531 factum
2510 1484 2613 1540 est,
2647 1485 2705 1530 ut
2752 1475 2893 1530 inter
2940 1476 3138 1530 multos
3181 1474 3376 1530 fratres
3405 1474 3513 1543 pri~

1941 1567 2238 1635 mogenitus
2269 1567 2340 1621 sit
2366 1574 2423 1621 et
2453 1567 2772 1637 appelletur.
2807 1566 2943 1621 Cum
2974 1566 3068 1620 Dei
3106 1567 3285 1636 itaque
3314 1574 3504 1619 natura

1940 1656 2173 1723 stabilis,
2197 1657 2418 1711 immota
2464 1654 2749 1726 Omnisque
2804 1658 3120 1713 mutationis
3165 1672 3358 1727 expers
3412 1656 3503 1721 sit,

278 1763 390 1811 νος.
413 1748 699 1817 Τοιγάρτοι
727 1746 1077 1801 κεκέλευσται
1114 1744 1233 1816 μεθ’
1255 1745 1411 1817 ήμῶν
1443 1746 1536 1799 καὶ
1564 1746 1703 1815 αὑτὴ
1729 1745 1838 1799 τῶν

1943 1762 2213 1816 nunquam
2245 1748 2384 1802 Dens
2420 1748 2651 1801 Verbum
2680 1763 2786 1801 non
2828 1748 3029 1803 mansit
3065 1749 3206 1817 quod
3239 1745 3504 1802 crat.Ne—

278 1838 741 1909 ἄνω-πνευμάτων
778 1839 812 1909 ἡ
843 1837 975 1905 ἁγία
1007 1854 1067 1889 τε
1094 1836 1187 1890 καὶ
1220 1836 1587 1908 παμμακαρία
1633 1837 1841 1907 πληθὺς

279 1928 602 1998 προσκυνεῖν
646 1922 941 1999 αύτῷ.*Ην
983 1926 1093 1997 γὰρ
1136 1926 1308 1997 δήπου
1355 1926 1448 1979 καὶ
1501 1926 1646 1998 μάλα
1694 1927 1842 1992 εἰκὸς

285 2018 580 2089 ἀνήνασθαι
628 2017 728 2090 τὴν
753 2016 1144 2090 προσκύνησιν,
1172 2017 1267 2071 καί
1294 2017 1626 2088 κατοκνῆσαι
1649 2019 1837 2089 τιμᾷν,

279 2107 341 2161 τὸ
379 2108 477 2178 τῆς
522 2107 938 2179 ἀνθρωπότητος
986 2107 1398 2180 σμικροπρεπὲς
1445 2107 1707 2178 ὁρῶντας,
1748 2109 1843 2164 καὶ

277 2203 370 2259 τὸν
396 2206 463 2258 δι’
494 2205 640 2276 ἡμᾶς
669 2204 961 2276 γενόμενον
990 2202 1111 2258 καθ’
1137 2204 1286 2273 ἡμᾶς
1311 2203 1411 2257 ούκ
1440 2202 1669 2268 ἀξιῶσαι
1698 2203 1843 2275 δοξο-

277 2293 481 2363 λογεῖν,
508 2292 914 2363 ἀποφοιτῶντας
941 2293 1018 2357 ὡς
1045 2292 1316 2347 ἀπωτάτω
1346 2293 1439 2346 τοῦ
1466 2293 1842 2364 πεπλανῆσθαι

276 2384 758 2443 δοκεῖν.Ἂποπτον
781 2383 890 2457 γὰρ
918 2384 1012 2438 καὶ
1029 2383 1215 2448 αὐτοῖς
1238 2379 1307 2456 ἦν
1333 2383 1412 2438 ἔτι
1431 2387 1494 2437 τὸ
1518 2385 1844 2456 ὲπίΧριστῷ

282 2473 603 2543 μυστήριον,
642 2470 970 2537 ὲξεῑάλυπτε
1019 2470 1076 2523 δὲ
1127 2470 1189 2523 τὸ
1239 2468 1463 2540 Πνεῦμα
1509 2470 1712 2533 αὐτοῖς,
1749 2469 1846 2523 καὶ

277 2562 559 2615 δυσσεϐεῖν
602 2563 701 2616 οὐκ
741 2557 890 2632 ὴφῖει
932 2562 1058 2625 τοὺς
1101 2560 1482 2631 ήγιασμένους.
1550 2559 1845 2631 Τοιγάρτοι

281 2656 445 2725 φησιν
477 2657 506 2708 ὁ
537 2654 818 2727 θεσπέσιος
849 2652 1052 2717 Παῦλος
1073 2669 1088 2684 ο
1123 2653 1323 2712 «Ὅταν
1368 2651 1426 2705 δὲ
1453 2652 1722 2723 εἰσαγάγῃ
1751 2650 1845 2708 τὸν

285 2746 638 2816 Πρωτότοκον
684 2748 763 2810 εἰς
789 2745 887 2818 τὴν
935 2744 1280 2817 οἰκουμένην,
1309 2744 1458 2813 λέγει
1479 2762 1493 2776 ·
1523 2744 1631 2798 Καὶ
1671 2760 1844 2816 προσ-

281 2838 675 2909 κυνησάτωσαν
728 2837 874 2909 αύτῷ
928 2840 1125 2901 πάντες
1167 2836 1388 2906 ἄγγελοι
1428 2836 1587 2892 Θεοῦ.
1612 2837 1708 2889 »Ὀ
1736 2835 1845 2908 γὰρ

285 2928 509 2999 ἰδιότητι
552 2930 751 2998 φυσικῇ
783 2926 878 2998 τῆς
919 2926 1240 2997 οἰκουμένης
1275 2924 1496 2996 ἀπάσης
1526 2923 1840 2994 διενεγκὼν,

1940 1853 2045 1908 que
2075 1853 2202 1895 vero
2234 1850 2342 1893 tum
2375 1841 2589 1906 quando
2605 1839 2768 1894 homo
2790 1839 2963 1893 factus
2987 1849 3090 1903 est,
3114 1852 3340 1897 summte
3361 1839 3508 1893 illius

1942 1929 2238 1999 majestatis
2263 1937 2315 1983 et
2331 1927 2660 1997 gloriamqua
2685 1938 2910 1983 caeteros
2938 1942 3136 1987 omnes.
3159 1927 3314 1997 longe
3337 1941 3506 1995 supe-

1941 2029 2045 2085 rat,
2094 2019 2346 2075 coronam
2393 2019 2602 2073 amisit.
2661 2019 3018 2085 Quamobrem
3073 2028 3261 2074 sancta
3312 2017 3398 2072 illa
3454 2019 3508 2072 in

1942 2111 2238 2182 primisque
2269 2113 2426 2166 beata
2456 2112 2759 2168 cmlestium
2783 2111 3072 2180 spirituum
3112 2110 3420 2175 multitudo,
3452 2118 3512 2164 ut

1941 2199 2088 2255 illum
2131 2203 2341 2268 adoret,
2364 2200 2519 2272 atque
2572 2217 2636 2256 ac
2671 2217 2770 2257 nos
2802 2202 3113 2256 mandatum
3150 2200 3382 2268 accepit.
3404 2198 3509 2253 I’o-

1945 2301 2086 2349 terat
2108 2295 2273 2361 enim,
2310 2295 2425 2350 sola
2452 2295 2807 2349 humanitatis
2838 2293 3102 2363 parvitate
3130 2302 3183 2345 et
3211 2291 3512 2359 abjectione

1942 2384 2275 2456 inspecm,et
2304 2388 2518 2455 quidem
2559 2386 2683 2455 jure
2732 2385 3052 2454 meritoque,
3088 2382 3347 2451 ejusmodi
3381 2384 3511 2436 ado-

1943 2479 2205 2534 ratiouem
2235 2491 2506 2543 recusare,
2539 2485 2593 2530 et
2641 2476 2863 2531 honoris
2914 2476 3116 2530 cultum
3169 2472 3512 2528 cunctantius

1945 2568 2272 2638 impendere.
2321 2583 2386 2622 ac
2446 2566 2519 2621 illi
2552 2566 2643 2635 qui
2708 2576 2928 2636 propter
2960 2582 3061 2621 nos
3101 2567 3271 2621 nostri
3318 2563 3512 2620 similis

1942 2656 2166 2713 eﬂ'ectus
2218 2656 2412 2725 fuerat,
2443 2656 2887 2726 gloriﬁcationem
2934 2657 3225 2724 denegare,
3286 2668 3353 2707 ne
3404 2666 3511 2720 quo

1943 2762 2128 2803 errore
2151 2748 2521 2818 imprudentes
2542 2749 3044 2817 constringerentur
3069 2763 3084 2800 :
3110 2744 3336 2799 necdum
3362 2744 3506 2797 enim

1942 2851 1998 2896 et
2035 2840 2208 2911 ipsius
2259 2840 2575 2910 mysterium
2627 2839 2756 2895 illud
2800 2837 3003 2893 Christi
3048 2835 3318 2906 cognitum
3370 2842 3515 2898 erat,

1945 2946 2131 2986 verum
2176 2944 2245 2985 ne
2273 2929 2633 2987 sanctissimae
2683 2929 2787 2984 illa:
2811 2939 3074 2984 creatum
3129 2928 3180 2980 in
3237 2941 3359 2980 eam
3410 2926 3512 2978 im-

281 3019 385 3085 ἔξω
412 3035 471 3070 τε
497 3017 664 3088 αὐτῆς
703 3016 979 3087 ὑπάρχων,
1009 3015 1144 3070 καθὸ
1170 3017 1370 3077 νοεῖται
1406 3015 1558 3079 Θεὸς,
1594 3014 1842 3085 εἰσϐέὸη-

1946 3022 2197 3091 pietatem
2247 3020 2572 3083 inciderent.
2602 3018 2842 3090 Spiritus
2869 3019 2921 3074 id
2959 3016 3330 3086 illisaperuit.
3372 3013 3510 3069 llinc

280 3127 373 3181 κεν
402 3111 480 3171 εἰς
507 3107 697 3180 αὐτὴν,
726 3108 889 3180 μέρος
910 3108 1117 3178 κόσμου
1141 3105 1419 3177 πεφηνὼς,
1442 3106 1517 3168 ὡς
1537 3105 1840 3177 ἄνθρωπος’

1942 3112 2070 3169 illud
2117 3110 2305 3167 Pauli:
2343 3126 2363 3162 ι
2419 3110 2485 3164 Ει
2534 3124 2655 3164 cum
2720 3109 2925 3163 inducit
2991 3103 3412 3177 Primogenitum
3455 3103 3510 3155 in

280 3200 420 3272 πλὴν
452 3201 514 3254 ού
541 3201 628 3255 διὰ
655 3198 812 3254 τοῦτο
849 3199 948 3270 τῆς
982 3199 1130 3262 θείας
1165 3197 1443 3251 ἀπώλισθε
1473 3198 1650 3268 δόξης.
1668 3199 1842 3269 Προσ-

1942 3202 2125 3258 orbem
2160 3210 2337 3266 terrae,
2364 3199 2495 3254 dicit
2527 3217 2542 3254 :
2573 3198 2640 3254 Et
2683 3198 2909 3253 adorent
2936 3212 3058 3251 eum
3114 3209 3304 3250 omnes
3328 3192 3503 3262 angeli

281 3293 521 3349 κυνεῖται
546 3290 651 3363 γὰρ
677 3290 753 3353 ὡς
778 3290 1112 3360 Μονογενὴς,
1135 3288 1238 3344 κᾶν
1253 3289 1302 3341 εἰ
1327 3288 1543 3342 καλοῖτο
1572 3287 1842 3358 πρωτότο-

1942 3292 2056 3359 ejus
2076 3291 2144 3345 ".
2169 3310 2189 3344 ι
2224 3290 2276 3346 ls
2315 3290 2481 3356 enim,
2505 3289 2594 3359 qui
2646 3296 2854 3344 natura
2885 3289 3215 3358 proprietate
3258 3284 3514 3339 universo

280 3398 407 3446 κοςο
459 3383 596 3454 ὅπερ
641 3382 789 3436 ἐστὶν
836 3380 1084 3452 ἐναργῶς
1130 3381 1242 3443 τοῖς
1285 3378 1386 3449 τῆς
1429 3377 1842 3450 ἁνθρωπότητος

1942 3387 2208 3436 terrarum
2240 3380 2373 3436 orbe
2417 3378 2702 3435 sublimior
2725 3388 2831 3446 est,
2855 3386 2907 3434 et
2933 3374 3112 3449 prout'
3143 3375 3287 3430 Deus
3335 3380 3515 3428 mente

284 3474 504 3548 μέτροις
533 3474 615 3526 ὅτι
648 3473 882 3542 μᾴλιστα
911 3475 1143 3541 πρέπον.

1942 3469 2266 3541 concipitur,
2296 3478 2453 3526 extra
2478 3470 2653 3539 ipsum
2678 3479 2785 3535 est,
2822 3471 2875 3525 in
2910 3469 3088 3537 ipsum
3142 3475 3202 3522 ut
3236 3466 3398 3521 homo
3425 3463 3513 3516 in-

280 3579 518 3635 gressus,
549 3577 675 3629 pars
701 3562 886 3615 mundi
919 3560 1141 3617 eil'ectus
1165 3570 1244 3615 est
1271 3577 1285 3614 :
1320 3569 1691 3621 verumtamen
1724 3558 1921 3614 nullam
1984 3574 2047 3616 ea
2073 3561 2138 3617 de
2160 3575 2322 3616 causa
2383 3561 2579 3615 divinat
2621 3560 2809 3630 gloria:
2870 3560 3137 3627 jacturam
3173 3561 3320 3616 fecit.
3372 3559 3520 3614 Δύο-ι

284 3666 435 3714 ratur
461 3668 687 3722 namque
715 3662 773 3706 ut
810 3652 1152 3722 Unigenitus,
1209 3654 1308 3709 etsi
1354 3652 1649 3722 appelletur
1708 3655 2118 3726 prituogenitus,
2174 3669 2293 3725 qua:
2353 3669 2485 3709 sane
2528 3653 2815 3725 appellatio
2875 3655 3230 3711 humanitatis
3284 3656 3518 3713 modulis

286 3759 450 3815 quam
489 3747 689 3813 optime
722 3747 994 3806 convenit.

356 3830 616 3906 ΛᾹ¹.⁷Αρ“
646 3830 738 3889 οὖν
774 3836 851 3900 ὡς
892 3835 1175 3906 ἄνθρωπον
1213 3836 1661 3906 προσκυνήσομεν
1692 3835 1842 3905 μόνον

2020 3836 2211 3894 XXXI.
2253 3840 2465 3907 Ergone
2497 3835 2898 3892 Emmanuelem
2935 3847 2993 3891 ut
3035 3837 3207 3893 solum
3243 3837 3512 3892 hominem

284 3930 374 3984 τὸν
408 3929 788 3999 Ἐμμανουήλ;
827 3929 919 3997 Μὴ
947 3927 1189 3995 γένοιτοί
1219 3925 1385 3996 λῆρος
1416 3925 1522 3997 γὰρ
1564 3926 1665 3997 ήδη
1693 3926 1842 3981 τοῦτο

1946 3928 2324 3983 adorahimus?
2366 3927 2585 3984 Minime
2633 3930 2869 3999 gentium
2919 3947 2932 3983 :
2988 3929 3133 3983 istud
3187 3929 3331 3983 enim
3383 3927 3518 3983 nihil.

283 4021 380 4076 καὶ
410 4019 615 4090 ἀπάτη,
656 4020 749 4073 καί
782 4019 1067 4088 πλάνησις.
1119 4017 1398 4088 Διοὶσομεν
1438 4018 1496 4073 δὲ
1544 4019 1664 4072 κατ’
1697 4019 1842 4073 οὐδὲν

1946 4018 2088 4072 aliud
2140 4017 2297 4086 foret,
2325 4033 2487 4089 quam
2545 4019 2838 4085 errare,in
2896 4018 3142 4073 fraudem
3205 4018 3406 4080 induci,
3452 4032 3519 4070 ac

280 4112 390 4165 τῶν
416 4113 481 4181 τῇ
516 4109 692 4163 κτίσει
722 4109 1159 4179 λελατρευκότων
1183 4109 1332 4181 παρὰ
1353 4108 1444 4161 τὸν
1469 4109 1728 4164 κτίσαντα
1751 4110 1842 4163 καὶ

1949 4110 2203 4165 delirare.
2227 4109 2339 4166 Hac
2377 4111 2643 4180 siquidem
2686 4110 2895 4167 ratione
2949 4111 3083 4167 nihil
3123 4111 3411 4185 quidquam
3448 4109 3520 4165 ab

280 4201 535 4272 ποιητὴν,
591 4200 790 4263 οἵτινες
848 4219 866 4250 t
914 4199 1250 4271 μετήλλαξαν
1298 4199 1398 4270 τὴν
1444 4199 1701 4271 ἀλήθειαν
1751 4199 1842 4254 τοῦ

1951 4201 2017 4258 iis
2047 4202 2487 4267 dissentiremus,
2522 4204 2616 4272 qui
2658 4203 2870 4273 opillcis
2895 4212 2948 4257 et
2983 4202 3345 4272 procreatoris
3400 4202 3518 4255 loco

281 4292 418 4360 Θεοῦ
451 4292 509 4345 ὲν
537 4291 614 4362 τῷ
643 4290 850 4361 ψεύδει,
884 4310 904 4343 ι
950 4289 1095 4344 κατὰ
1134 4290 1197 4343 τὸ
1241 4289 1643 4363 γεγραμμένον.
1671 4285 1766 4355 Οἷς
1798 4293 1842 4345 εἰ

1948 4302 2247 4347 creaturam
2281 4295 2661 4360 adoraverunt,
2680 4314 2700 4346 ι
2730 4294 3139 4363 veritatemque,
3166 4301 3225 4346 ut
3255 4291 3514 4360 scriptum

282 4384 660 4452 φρονήσαιμεν
705 4380 935 4450 ἀδελφὰ,
967 4380 1063 4433 καὶ
1106 4379 1546 4451 συνακουσόμεθα
1591 4380 1809 4443 πάντως
1834 4396 1850 4413 ’

288 4494 308 4528 ε
338 4473 644 4536 Φάσκοντες
667 4468 806 4527 εἶναι
833 4470 1007 4541 σοφοὶ,
1034 4470 1450 4542 ἐμωράνθησαν,
1480 4472 1574 4524 καὶ
1612 4471 1848 4541 ἤλλαξαν

278 4564 386 4636 τὴν
417 4563 574 4629 δόξαν
615 4560 719 4629 τοῦ,
740 4560 1018 4633 ἀφθάρτου
1054 4561 1189 4614 Θεοῦ
1217 4564 1273 4615 ὲν
1297 4561 1603 4633 ὁμοιώματι
1644 4562 1850 4627 εἰκόνος

283 4652 528 4725 φθαρτοῦ
560 4652 869 4724 ἀνθρώπου,
904 4653 997 4707 καὶ
1028 4653 1310 4716 πετεινῶν,
1337 4652 1431 4707 καὶ
1479 4652 1844 4719 τετραπόδων,

279 4747 380 4803 καὶ
430 4745 692 4815 ἑρπετῶν.
730 4745 830 4799 »Ἦ
878 4745 987 4816 γὰρ
1040 4745 1160 4814 ούχί
1205 4744 1299 4798 καί
1349 4746 1510 4813 ἡμεῖς
1557 4743 1710 4797 αὐτοὶ
1754 4745 1847 4797 καί¹

286 4837 531 4906 ἰσουργοί
548 4837 641 4892 καὶ
662 4835 967 4907 σύμφρονες
991 4839 1099 4899 τοῖς
1125 4835 1570 4907 μνημονευθεῖσιν
1591 4836 1844 4905 ἐσόμεθα,

279 4925 379 4998 τὴν
405 4928 497 4980 τοῦ
528 4926 661 4980 Θεοῦ
691 4926 849 4992 δόξαν
884 4929 943 4981 ὲν
970 4927 1047 4997 τῷ
1071 4926 1252 4996 ψεύδει
1290 4925 1760 4997 μεταλλάττοντες,
1791 4929 1849 4980 ὲν

276 5017 586 5088 ὁμοιώματι
606 5018 811 5082 εἰκόνος
834 5017 1074 5088 φθαρτοῦ
1091 5017 1402 5088 ἀνθρώπου,
1420 5021 1465 5070 εἰ
1482 5017 1556 5080 ὡς
1576 5018 1848 5090 ἀνθρώπῳ

277 5108 441 5178 ψιλῷ,
480 5095 572 5160 καὶ
604 5109 682 5160 ἑνὶ
710 5109 824 5162 τῶν
859 5108 984 5161 καθ’
1011 5109 1157 5177 ἡμᾶς
1179 5109 1539 5180 προσοίσομεν
1556 5109 1653 5179 τὴν
1682 5126 1850 5179 προσ-

276 5197 505 5268 κύνησιν
548 5197 627 5266 τῷ
659 5198 1039 5268 Ἐμμανουήλ;
1075 5199 1138 5251 Ti
1164 5198 1219 5250 δέ
1242 5216 1256 5264 ;
1283 5199 1401 5267 οὐχί
1433 5201 1525 5252 καὶ
1566 5200 1703 5270 αὐτὴ
1735 5200 1842 5253 τῶν

345 5351 393 5384 ⁸⁸
429 5352 589 5406 llebr.
619 5368 658 5418 1,
691 5353 744 5406 6.
822 5352 870 5382 ’⁸
904 5351 1059 5413 Ront.
1086 5369 1123 5417 l,
1151 5353 1239 5407 25.
1317 5353 1359 5384 ⁸⁷
1391 5352 1520 5407 ibid.
1551 5353 1749 5418 22,25.

1951 4393 2031 4437 est
2063 4383 2110 4414 "
2140 4384 2192 4436 in
2218 4384 2556 4439 mendacium
2585 4393 3022 4440 converterunt.)
3058 4384 3113 4439 Si
3141 4384 3354 4438 illorum
3386 4397 3517 4452 ergo

1944 4474 2225 4528 sententiae
2246 4477 2661 4543 accesserimus,
2681 4477 2900 4531 omnino
2918 4491 3019 4530 una
3043 4490 3165 4530 cum
3190 4474 3296 4529 illis
3316 4484 3370 4529 et
3385 4473 3515 4528 illud

1942 4563 2184 4632 Apostoli
2233 4580 2450 4634 quoque
2519 4568 2800 4622 audiemus
2844 4585 2859 4621 :
2909 4585 2928 4618 ι
2992 4567 3241 4621 Dicentes
3280 4580 3340 4620 se
3395 4580 3515 4619 esse

1943 4654 2234 4724 sapientes,
2262 4656 2372 4727 28
2397 4658 2546 4712 stulti
2585 4657 2711 4711 facti
2744 4666 2899 4724 sunt;
2931 4667 2985 4712 et
3012 4665 3355 4712 mutaverunt
3404 4657 3515 4727 glo-

1948 4746 2083 4798 riam
2132 4745 2557 4815 incorruptibilis
2593 4749 2686 4804 Dei
2721 4749 2772 4802 in
2821 4748 3229 4804 similitudinem
3267 4748 3516 4820 imaginis

1946 4837 2310 4906 corruptibilis
2336 4839 2588 4905 hominis,
2607 4850 2660 4894 et
2687 4841 2983 4904 volucrum,
3003 4853 3057 4895 et
3082 4843 3513 4909 quadrupedum,

1945 4936 2000 4980 et
2029 4938 2337 4996 serpentum
2369 4930 2437 4984 ’⁷.
2472 4947 2491 4980 ι
2521 4931 2697 4995 Quid?
2738 4944 2915 4985 nonne
2943 4940 2996 4985 et
3023 4946 3120 4985 nos
3168 4931 3265 5000 ipsi
3303 4945 3517 4999 quoque

1946 5019 2033 5083 iis,
2065 5033 2295 5088 quorum
2356 5021 2515 5075 modo
2566 5021 2934 5086 meminimus,
2972 5021 3167 5075 similia
3223 5020 3399 5073 facere
3462 5027 3517 5071 et

1948 5110 2148 5164 sentire
2180 5111 2541 5178 censebimur,
2570 5113 2739 5182 utqui
2777 5112 2867 5166 Dei
2918 5112 3142 5180 gloriam
3198 5111 3250 5161 in
3298 5109 3518 5162 menda-

1950 5203 2090 5256 cium
2120 5213 2173 5256 et
2194 5204 2599 5263 similitudinem
2644 5206 2896 5274 imaginis
2925 5201 3291 5272 corruptibilis
3341 5201 3518 5254 homi—

2518 5330 2543 5361 Χ
2620 5311 2627 5317 .

1384 5487 1554 5544 Variae
1590 5490 1851 5546 lectiones
1880 5492 2082 5551 codicis
2122 5493 2481 5565 chuieriaui.

360 5627 383 5664 ιι
415 5622 779 5692 οἰκονομικήν.
