3970 6136
484 288 626 346 H79

1473 280 1530 334 S.
1573 277 1847 334 (ZYRlLLI
1890 272 2351 329 ALEXANDIHNI
2393 269 2706 327 ARCIIIEP.

3592 269 3749 327 “80'

484 402 569 457 uis
646 398 1124 460 demutaverimus,
1188 397 1235 451 si
1309 394 1711 450 Entmauuelem
1791 404 2043 459 tanquam

2165 389 2394 458 Ιιγγέλων
2442 390 2474 458 ἠ
2522 388 2733 459 πληθὺς
2776 389 2890 451 τοῖς
2932 387 3012 451 εἰς
3061 385 3219 441 τοῦτο
3275 386 3474 456 μανίας
3529 385 3731 455 ἥκουσι

488 493 711 555 nudum,
743 497 1048 556 nostraeque
1069 486 1394 540 conditionis
1416 483 1685 539 hominem
1716 479 2049 535 ador-ttionis

2157 479 2535 543 συντετάξεται
2553 495 2575 542 ;ν
2608 477 2946 549 Ἀνεξίτητον
2974 479 3050 543 δὲ,
3075 474 3230 548 οἶμαί
3256 495 3381 541 που,
3405 476 3507 548 τὴν
3530 476 3627 529 ἐπὶ
3652 476 3731 545 τῷ

483 580 626 634 cultu
684 576 1105 647 prosequemur?
1142 573 1331 629 Nonne
1384 572 1619 628 caelestis
1684 584 1896 639 quoque
1963 568 2051 622 ille

2165 568 2532 639 πεπλανῆσθαι
2557 568 2775 637 γραφὴν
2828 570 2921 621 καὶ
2946 571 3010 638 τῇ
3040 569 3149 621 τῶν
3173 568 3342 622 ἐθνῶν
3370 568 3542 637 ἀγέλῃ
3568 584 3731 637 περι-

484 670 797 740 angelorum
853 677 1025 721 coetus
1085 666 1137 720 in
1198 672 1399 720 tantam
1458 662 1723 717 insaniam
1789 658 2052 730 prolapsis

484 758 965 815 annumerabitur?
992 757 1132 823 Quin
1195 764 1249 810 et
1304 768 1521 825 gregem
1572 752 1933 817 ethnicorum,
1964 760 2051 803 ar-

485 854 677 915 bitror,
708 866 813 908 non
856 851 961 906 erit
996 866 1092 905 cur
1119 850 1571 913 condemnemus;
1614 861 1710 899 nec
1741 844 1897 898 facile
1945 843 2050 897 elui

485 943 683 1015 poterit
724 949 963 997 veterum
1008 941 1288 1010 culparum
1320 955 1478 993 noxa.
1515 939 1674 993 Errat
1722 952 1954 1006 namque
1999 945 2055 992 et

471 1050 627 1093 .nunc
659 1049 872 1104 quoque
907 1034 1126 1103 perinde
1163 1047 1225 1086 ac
1255 1030 1403 1096 olim,
1435 1040 1490 1084 et
1522 1030 1768 1084 semitam
1817 1045 1938 1097 quae
1987 1028 2053 1082 ad

486 1125 773 1179 veritatem
828 1124 997 1188 ducit,
1060 1122 1323 1190 ignorat:
1368 1134 1541 1189 neque
1598 1121 1785 1173 beatus
1854 1118 2055 1173 Paulus

486 1214 620 1272 satis
685 1223 989 1283 opportune
1051 1211 1271 1267 Galatas
1323 1210 1583 1278 increpat.
1643 1210 1733 1263 Ait
1781 1223 2051 1277 namque:

376 1330 384 1337 -
438 1374 443 1379 Ξ
493 1323 512 1357 ι
551 1303 702 1357 Tunc
754 1303 1065 1373 ignOrautes
1100 1302 1286 1367 Deum,
1319 1301 1385 1355 iis
1425 1299 1515 1371 qui
1546 1305 1739 1354 natura
1776 1316 1879 1356 non
1932 1309 2059 1353 sunt

488 1394 586 1457 dii,
618 1393 956 1448 serviebatis.
1012 1391 1164 1446 Nunc
1213 1401 1393 1446 autem
1422 1406 1542 1446 cum
1574 1390 1738 1446 Deum
1783 1404 2048 1460 cognove-

492 1483 632 1550 ritis,
666 1483 774 1537 imo
808 1482 1006 1551 cogniti
1064 1482 1186 1538 sitis
1206 1497 1249 1558 ‘a
1282 1482 1411 1545 Deo,
1453 1483 1721 1553 quomodo
1786 1480 2056 1536 converti-

490 1572 621 1627 mini
660 1573 850 1627 iterum
881 1573 945 1626 ad
982 1571 1193 1626 inﬁrma
1225 1581 1387 1641 atque
1420 1586 1587 1649 egena
1619 1572 1909 1637 elementa,
1938 1572 2058 1640 qui-

492 1667 591 1721 bus
625 1667 800 1719 denuo
849 1665 1051 1720 servire
1087 1664 1246 1719 vultis
1277 1664 1372 1717 1'3?
1418 1682 1437 1715 ι
1473 1663 1606 1717 Nam
1638 1663 1739 1719 nisi
1787 1662 2053 1728 Christus,

2156 661 2421 732 θήσομενο
2457 662 2549 714 καὶ
2581 661 2979 716 δυσαπόνιπτον
3003 656 3113 732 ἔχει
3143 663 3252 716 τῶν
3280 662 3528 734 ἀρχαίων
3551 665 3729 716 αἰτια-

2159 752 2344 822 μὰτων
2394 753 2455 805 τὸ
2502 753 2716 823 βλάϐος.
2766 754 3042 807 Πλανᾶται
3080 753 3208 824 γὰρ,
3248 749 3442 823 οἶμαι,
3493 752 3591 807 καὶ
3636 751 3732 805 νῦν

2157 843 2309 896 οὐδὲν
2335 837 2517 913 ἦττον,
2548 845 2580 914 ἢ
2611 847 2796 909 πάλαι,
2820 846 2917 899 καὶ
2943 846 3041 915 τὴν
3065 847 3147 909 είς
3167 844 3296 900 εὐθὺ
3317 845 3733 915 διαστείχουσαν

2157 934 2393 1003 ἠγνόηκε
2423 934 2625 1004 τρίὸον.
2657 936 2767 989 Καὶ
2790 936 3061 1007 περιττὸς,
3088 937 3161 1001 ὡς
3186 936 3382 1002 ἔοικεν,
3405 938 3434 989 ό
3459 934 3736 1006 μακάριος

2160 1024 2390 1089 Παῦλος,
2433 1027 2769 1097 προσφωνῶν
2813 1045 2872 1082 τε
2923 1030 3108 1092 αὐτοῖς
3141 1029 3234 1081 καὶ
3276 1028 3485 1097 λέγων’
3527 1046 3546 1077 ι
3568 1027 3735 1079 Ἀλλὰ

2158 1114 2277 1168 τότε
2312 1116 2410 1185 μὲν
2444 1116 2558 1169 οὐκ
2590 1116 2789 1179 ειδότες
2837 1116 2990 1184 Θεὸν,
3019 1116 3370 1171 ἐδουλεύσατε
3414 1117 3533 1178 τοῖς
3572 1117 3734 1185 φύσει

2163 1208 2235 1277 μὴ
2262 1202 2378 1260 οὖσι
2426 1206 2586 1270 θεοῖς.
2615 1207 2728 1261 Νῦν
2756 1208 2813 1261 δὲ
2840 1208 3057 1277 γνόντες
3082 1209 3231 1273 Θεὸν,
3272 1209 3473 1280 μᾶλλον
3502 1210 3560 1262 δὲ
3593 1227 3734 1276 γνω⁴

2161 1299 2377 1362 σθέντες
2424 1299 2528 1353 ὑπὸ
2574 1299 2731 1362 Θεοῦ,
2770 1301 2887 1363 πῶς
2925 1301 3281 1370 ἐπιστρέφετε
3318 1301 3482 1355 πάλιν
3531 1302 3625 1354 ἐπὶ
3668 1300 3736 1352 τὰ

2159 1391 2358 1461 ἀσθενῆ
2405 1390 2498 1443 καὶ
2529 1390 2721 1461 πτωχὰ
2768 1394 3025 1463 στοιχεῖα,
3071 1387 3151 1456 οἷς
3178 1391 3339 1446 πάλιν
3365 1391 3578 1446 ἄνωθεν
3612 1392 3734 1444 δου-

2159 1471 2334 1534 λεύειν
2381 1480 2598 1547 θέλετε;
2631 1500 2650 1534 ι
2707 1482 2864 1535 Ποῖον
2895 1484 3002 1555 γὰρ
3033 1483 3112 1537 ἔτι
3143 1483 3273 1536 Θεὸν
3317 1481 3649 1552 ἐγνώκασιν,
3682 1482 3729 1532 εἰ

2165 1573 2239 1642 μὴ
2289 1571 2447 1641 φύσει
2493 1573 2626 1636 Θεὸς
2671 1574 2700 1627 ό
2744 1576 2997 1646 Χριστὸς,
3031 1577 3111 1638 εἰς
3157 1576 3217 1630 ὄν
3264 1576 3731 1635 πεπιστεύκασινς

2163 1662 2272 1715 Καὶ
2323 1661 2372 1714 εί
2423 1662 2846 1734 λελατρεύκασιν
2894 1663 3186 1736 ἀνθρώπῳ,
3212 1666 3324 1728 τοῖς
3370 1665 3475 1735 τῆς
3504 1663 3735 1737 ἀρχαίας

492 1756 547 1809 in
571 1769 729 1824 quem
770 1755 1135 1818 crediderunt,
1158 1764 1346 1824 suapte
1384 1763 1571 1808 natura
1602 1753 1744 1810 Deus
1784 1763 1885 1819 est,
1919 1768 2054 1823 qua-

2165 1754 2374 1824 πλάνης
2426 1754 2701 1825 ἐνέχονται
2750 1756 3065 1827 βρόχοις.Ἦ
3098 1758 3199 1810 οὐκ
3226 1756 3425 1828 ἀληθὲς
3476 1758 3507 1810 ὅ
3556 1774 3731 1826 φημις

495 1843 619 1908 lem,
675 1856 879 1911 quaeso,
942 1842 1109 1897 Deum
1172 1843 1580 1912 cognoverunt?
1627 1842 1694 1897 Et
1754 1842 1800 1898 si
1856 1841 2060 1898 homini

494 1934 820 1999 servierunt,
873 1948 977 1987 non
1021 1932 1226 2001 antiqui
1284 1933 1485 1988 erroris
1519 1932 1728 2001 laqueis
1767 1931 2060 1985 etiamnum

468 2025 688 2088 ,irretiti
723 2024 1013 2077 tenentur?
1044 2024 1122 2076 Au
1157 2037 1257 2093 ego
1295 2037 1398 2077 non
1453 2037 1634 2077 verum
1689 2023 1846 2076 dico?
1877 2023 2063 2091 utique

496 2115 638 2171 dico.
694 2115 886 2170 Cernis
965 2116 1151 2185 igitur,
1211 2115 1677 2169 Cltristianissime
1748 2115 2060 2183 imperator,

493 2206 763 2277 quomodo
789 2206 1112 2261 necessariis
1164 2206 1472 2262 nationibus
1527 2205 1765 2270 adducti,
1802 2204 1892 2258 Dei
1931 2205 2064 2259 Ver-

493 2300 643 2363 bmu,
672 2299 855 2354 estoin
886 2298 1055 2352 forma
1086 2308 1269 2352 nostra
1319 2299 1647 2367 apparuerit,
1672 2307 1928 2367 tanquam
1974 2311 2064 2351 ve-

495 2407 611 2446 rum
643 2402 833 2444 natura
864 2390 1026 2445 Deum
1060 2390 1352 2458 prudenter
1399 2388 1629 2443 adorare
1668 2387 1779 2443 fere
1826 2388 2065 2455 compel-

495 2478 920 2548 lamur:qnippe
948 2493 1067 2532 cum
1091 2480 1317 2531 duarum
1343 2486 1660 2531 naturarum
1703 2477 1756 2531 in
1798 2477 2061 2532 unitatem

496 2583 791 2623 concursus
824 2568 979 2621 facile
1006 2567 1200 2636 possit,
1233 2567 1275 2621 si
1307 2582 1414 2637 qua
1434 2581 1530 2623 nos
1553 2569 1731 2623 turbat
1751 2568 2062 2636 aliquando,

495 2659 854 2728 suspicionem
894 2659 1079 2713 tollere
1132 2661 1196 2712 de
1237 2657 1350 2713 sola
1401 2658 1753 2712 humanitate.
1781 2658 2067 2712 Enimvero

494 2747 657 2804 Verbi
707 2758 895 2803 natura
951 2749 1239 2803 humanam
1293 2757 1539 2802 naturam
1583 2750 1905 2818 suscipiens,
1959 2763 2064 2802 non

2175 1846 2396 1916 Ἀληθὲς
2423 1846 2521 1918 μὲν
2541 1842 2856 1919 οῦν.’⁹Αθρει
2873 1849 2937 1918 δὴ
2958 1844 3071 1914 οὖν,
3094 1842 3137 1901 ὦ
3160 1848 3474 1919 φιλόχρισιτε
3491 1847 3730 1917 βασιλεῦ,

2162 1938 2309 2000 ὅπως
2334 1938 2391 2004 εξ
2419 1937 2734 2006 ἀναγκαίων
2759 1939 3270 2009 ἧδησυλλογισμῶν
3296 1938 3585 2009 μονονουχὶ
3620 1956 3733 1991 συν-

2161 2027 2448 2099 ωθούμεθα
2496 2029 2630 2099 πρός
2682 2046 2745 2097 γε
2792 2030 2852 2083 τὸ
2899 2031 3009 2084 δεῖν
3056 2030 3365 2100 ἐμφρόνως,
3394 2029 3473 2092 ὡς
3505 2028 3628 2099 Θεῷ
3664 2028 3733 2097 τῷ

2163 2121 2302 2173 κατὰ
2351 2119 2532 2189 φύσιν,
2560 2123 2884 2191 προσκυνεῖν
2916 2120 2993 2191 τῷ
3026 2121 3088 2174 ὲκ
3134 2119 3268 2173 Θεοῦ
3309 2119 3533 2189 Πατρὸς
3582 2121 3732 2188 enim

2166 2213 2341 2283 Λόγῳ,
2372 2213 2465 2266 καὶ
2493 2213 2552 2266 ὲν
2584 2211 2661 2281 τῷ
2701 2213 2818 2266 καθ’
2844 2215 2994 2283 ἡμᾶς
3038 2212 3303 2283 πεφηνότι
3335 2214 3609 2281 σχήματι’
3640 2211 3734 2277 τῆς

2163 2302 2365 2372 ἀμφοῖν
2388 2303 2466 2364 εἰς
2492 2300 2718 2371 ἑνότητα
2744 2301 3049 2372 συνδρομῆς
3069 2302 3169 2354 οὐκ
3215 2301 3491 2363 ἀνικάνως
3511 2299 3735 2368 ἐχούσης

2165 2391 2300 2463 πρὸς
2343 2392 2402 2444 τὸ
2446 2392 2707 2459 ἀφανίσαι
2750 2391 2911 2461 τυχὸν
2946 2392 3006 2444 τὸ
3037 2392 3129 2445 καὶ
3157 2390 3270 2445 ἔσθ’
3300 2392 3391 2446 ὅτε
3432 2390 3633 2443 λυποῦν
3659 2391 3736 2452 εἰς

2168 2483 2334 2553 μόνης
2376 2483 2523 2553 ἡμᾶς
2568 2482 2984 2554 ἀνθρωπότητος
3034 2482 3308 2551 ὑποψίαν⁸
3359 2479 3743 2553 προσλαϐοῦσα.

2164 2572 2272 2644 γὰρ
2299 2580 2331 2643 ἡ
2366 2574 2459 2626 τοῦ
2504 2574 2675 2641 Λόγου
2707 2573 2869 2643 φύσις
2903 2574 2963 2627 τὸ
2990 2574 3352 2645 ἀνθρώπινον,
3390 2575 3492 2626 οὐκ
3527 2571 3733 2642 ἀνθρω-

2166 2662 2336 2732 πότης
2369 2661 2521 2715 ἔσται
2551 2662 2717 2733 ψιλή·
2760 2663 2963 2715 νικῶσα
3012 2664 3069 2717 δὲ
3120 2663 3323 2731 μᾶλλον
3369 2663 3477 2734 ἰδία
3517 2663 3646 2734 δόξῃ
3679 2661 3737 2713 τὸ

2168 2753 2532 2824 προσληφθέν,
2569 2755 2627 2807 ὲν
2652 2755 2930 2824 ἁκλονήτῳ
2964 2754 3197 2818 σώζεται
3224 2757 3449 2826 διαμονῇ
3490 2756 3592 2823 τῆς
3623 2754 3736 2807 θεο-

495 2851 579 2900 est
623 2842 761 2895 nuda
806 2842 1152 2896 humanitas:
1184 2842 1290 2895 imo
1345 2856 1471 2896 vero
1538 2841 1754 2910 prapria
1810 2840 1977 2909 gloria
2012 2849 2058 2894 el

2169 2844 2410 2914 πρεποῦς
2445 2843 2741 2915 ὑπεροχῆς.
2771 2845 2954 2898 Ταῦτα
3003 2845 3329 2915 φρονοῦντες
3375 2849 3422 2898 οἱ
3471 2846 3737 2915 μαθηταὶ,

498 2933 779 3001 ntajesmte
847 2943 1181 3002 assumptam
1237 2941 1483 2986 naturam
1536 2936 1824 2994 excedens,
1879 2932 2058 2987 incon-

2168 2933 2534 3004 προσεκύνουν
2576 2933 2858 3002 λέγοντες’
2915 2935 3197 3002 ι’Δληθῶς
3239 2934 3369 2988 Θεοῦ
3408 2935 3531 2996 Υἱὸς
3582 2930 3679 2985 εἶ’
3714 2953 3736 2984 ι

494 3035 876 3089 (ussaque.ac
926 3021 1147 3075 immota
1218 3022 1529 3091 persistens,
1586 3022 1782 3076 nullam
1844 3036 2058 3091 prorsus

2170 3025 2348 3077 καίτοι
2402 3022 2569 3093 βάδην
2614 3024 2758 3076 ίόντα
2800 3023 3114 3094 βλέποντες,
3154 3025 3249 3078 καὶ
3288 3025 3342 3075 ἐν
3388 3022 3553 3093 σαρκὶ
3595 3021 3740 3073 καθ’

498 3112 693 3167 divina:
719 3112 862 3166 illius
879 3111 1213 3166 excellentiae
1256 3127 1416 3181 passa
1461 3121 1547 3166 est
1582 3111 1872 3178 iacturam.
1904 3111 2058 3181 Cujus

2170 3114 2352 3183 ἡμᾶς’
2395 3112 2482 3163 ἐπ’
2517 3113 2686 3182 ἄκρου
2718 3112 2822 3183 γὰρ
2864 3113 2927 3183 δὴ
2959 3113 3125 3167 διέθει
3156 3114 3386 3184 κύματος
3411 3111 3746 3181 παραδόξισξς

495 3201 711 3268 quidem
762 3201 837 3253 rei
870 3197 1070 3254 Christi
1108 3198 1354 3266 discipuli
1392 3214 1496 3252 non
1532 3199 1728 3267 ignari,
1756 3200 2057 3254 adorabant
2162 3203 2238 3265 ὡς
2263 3200 2414 3265 Θεὸς.

495 3305 641 3356 eum,
690 3291 972 3345 dicentes:
1013 3308 1030 3342 ι
1070 3289 1204 3344 Vere
1274 3289 1441 3344 Filius
1490 3290 1581 3344 Dei
1630 3307 1701 3350 ,es
1740 3300 1792 3345 tn
1830 3294 1897 3357 ”,
1939 3311 1957 3344 ι
2000 3293 2102 3348 etsi
2179 3294 2329 3348 illum
2388 3294 2611 3363 pedibus
2663 3305 2904 3358 euntem,
2955 3306 3249 3367 nostroque
3306 3297 3469 3353 modo
3523 3313 3747 3368 corpore

497 3382 744 3436 indutum
807 3381 1122 3444 cernebant,
1149 3380 1292 3449 quod
1322 3380 1715 3435 admirabiliter
1741 3382 1794 3435 in
1836 3383 2066 3454 summis
2104 3382 2356 3439 ﬂuctibus
2381 3384 2713 3448 ambulabat,
2737 3386 2811 3438 uti
2850 3385 3009 3440 Deus.

566 3473 676 3543 29
691 3468 906 3526 XXXII.
936 3469 1040 3524 Sed
1066 3469 1262 3538 aliquis
1285 3469 1425 3524 forte
1445 3487 1510 3524 ex
1534 3470 1618 3535 iis,
1640 3472 1734 3541 qui
1758 3473 1880 3528 huic
1904 3482 2058 3528 tanta:

2241 3474 2365 3527 AB’.
2412 3474 2558 3545 Ἐρεῖ
2598 3473 2653 3526 δὲ
2678 3473 2823 3536 ἴσως
2855 3477 2884 3527 ό
2917 3477 2981 3544 τῇ
3022 3475 3198 3545 τοιᾷδε
3242 3477 3370 3549 δόξῃ
3406 3480 3742 3550 μαχόμενοςο

496 3567 679 3636 gloria:
726 3565 1098 3629 adversantur,
1157 3561 1299 3617 dicet
1339 3578 1352 3615 :
1389 3562 1583 3631 Ecquis
1634 3564 1724 3618 ille
1772 3574 1911 3628 erat,
1974 3562 2058 3633 qui

2172 3562 2285 3616 Καὶ
2311 3563 2396 3625 τίς
2425 3558 2494 3632 ἦν
2527 3566 2555 3615 ό
2584 3563 2761 3631 λέγων
2795 3564 2931 3635 πρὸς
2958 3564 3056 3634 τὴν
3083 3568 3138 3619 ὲν
3164 3568 3453 3640 Σαμαρείᾳ
3485 3578 3745 3638 γυναῖκα·

497 3656 709 3714 mulieri
765 3654 1119 3710 Samaritana:
1167 3652 1391 3707 aiebat:
1425 3671 1445 3705 ι
1487 3651 1594 3709 Vos
1640 3655 1878 3709 adoratis
1924 3654 2058 3722 quod

2177 3671 2195 3703 ι
2255 3652 2443 3721 Ὑμεῖς
2476 3654 2830 3721 προσκυνεῖτε
2877 3654 2904 3707 ὃ
2933 3655 3031 3708 οὐκ
3069 3655 3482 3728 οἵδατε,“ἠμετς
3511 3679 3746 3732 agona.

497 3750 758 3807 nescitis:
793 3762 889 3801 uos
942 3754 1123 3800 autem
1171 3745 1461 3800 adoramus
1509 3746 1650 3813 quod
1704 3746 1991 3801 scitnus‘?
2040 3765 2060 3798 ι

495 3840 775 3908 Quomodo
812 3853 940 3907 ergo
980 3845 1125 3892 recte
1154 3836 1432 3899 adorator,
1466 3836 1557 3904 qui
1591 3837 1734 3891 inter
1775 3835 2065 3890 adorantes

495 3931 782 3989 censetur?
846 3930 923 3982 Ad
974 3929 1076 3983 hoc
1134 3927 1382 3997 equidem
1437 3927 1831 3995 responderim,
1884 3926 2061 3993 istud,

495 4023 625 4089 Quis
664 4023 752 4076 ille
780 4032 916 4087 erat,
951 4020 1016 4074 de
1045 4020 1256 4075 Christo
1295 4018 1487 4075 stolide
1517 4019 1740 4074 omnino
1770 4025 1931 4088 atque
1961 4020 2062 4072 im-

493 4118 666 4185 perite
700 4114 802 4169 dici
835 4129 849 4167 :
887 4112 1034 4167 nullo
1059 4113 1201 4166 enim
1243 4112 1398 4165 modo
1433 4110 1686 4165 Christus
1715 4110 1922 4165 divisus
1955 4119 2055 4165 est.

495 4208 674 4274 Quare
722 4206 812 4275 qui
851 4219 972 4259 cum
1008 4203 1321 4257 muliercula
1361 4201 1704 4272 loquebatur,
1738 4211 1855 4256 erat
1900 4217 2059 4268 unus,

493 4309 548 4354 et
579 4298 727 4353 solus
779 4296 1036 4351 Dominus
1087 4293 1241 4348 Jesns
1292 4294 1561 4356 Christus,
1606 4309 1672 4348 ex
1726 4293 2061 4352 humanitate

2170 3742 2368 3813 νοῦμεν
2394 3742 2422 3796 ὃ
2458 3745 2678 3814 οἴδαμεν
2706 3762 2718 3809 ;
2757 3764 2775 3794 ι
2812 3741 2946 3799 Εἶτα
2975 3746 3092 3840 πῶς
3123 3746 3692 3823 ἔσται-προσκυνητὸς
3716 3755 3743 3807 ό

2168 3836 2277 3897 τοῖς
2326 3835 2688 3903 προσκυνοῦσι
2752 3835 3209 3908 συντεταῨμένοςς
3267 3841 3411 3908 Ἐγὼ
3472 3844 3532 3896 δὲ
3587 3846 3741 3917 φαίην

2167 3925 2254 3989 ἂν,
2289 3927 2371 3978 ὄτι
2427 3926 2506 3992 τὸ,
2539 3926 2634 3989 Τίς
2681 3922 2787 3997 ἧνς
2818 3928 2955 3991 ὅλως
3010 3928 3101 4001 ἐπὶ
3145 3930 3388 3999 Χριστοῦ
3433 3933 3740 4005 λεγόμενον,

2167 4019 2443 4089 ἀσύφηλόν
2471 4036 2531 4072 τε
2563 4020 2659 4073 καὶ
2691 4020 2903 4090 ἀμαθές
2926 4037 2939 4050 ·
2977 4021 3302 4093 μεμέρισται
3333 4025 3449 4094 γὰρ
3479 4028 3737 4097 οὐδαμῶς.

2179 4108 2239 4160 '0
2266 4107 2321 4162 δὲ
2357 4106 2435 4177 τῷ
2466 4108 2674 4179 γυναίῳ
2703 4110 3037 4179 προσλαλῶν,
3067 4113 3095 4164 ό
3123 4108 3203 4174 εἷς
3222 4129 3280 4165 τε
3318 4115 3414 4167 καὶ
3442 4118 3609 4185 μόνος
3642 4119 3743 4170 K5—

2173 4215 2285 4268 ριος
2313 4193 2382 4268 ἦν
2423 4198 2631 4270 Ἰησοῦς
2667 4199 2922 4270 Χριστὸς,
2955 4202 3019 4254 ὲκ
3056 4201 3157 4271 τῆς
3197 4207 3623 4277 προσκυνούσης
3654 4209 3743 4260 ἁν-

2170 4288 2536 4362 θρωπότητος,
2587 4291 2680 4345 καὶ
2704 4294 2768 4345 ὲκ
2807 4292 2910 4362 τῆς
2948 4295 3432 4365 προσκυνουμένης
3474 4296 3744 4368 θεότητος,

493 4390 751 4445 adorante
779 4395 831 4442 et
860 4386 1127 4441 adoranda
1164 4384 1440 4438 divinitate
1465 4385 1809 4448 constitutus,
1838 4384 1966 4439 illud
2009 4385 2058 4439 in

2167 4382 2229 4434 τὸ
2268 4378 2406 4434 εἷναί
2444 4399 2501 4435 τε
2554 4382 2648 4436 καὶ
2687 4383 3046 4453 ὀνομάζεσθαι
3077 4384 3209 4448 Θεός
3236 4403 3296 4438 τε
3350 4386 3492 4456 ὁμοῦ
3533 4390 3632 4442 καὶ
3662 4391 3745 4443 ἄν·

492 4495 553 4535 se
606 4480 988 4549 complectens,
1049 4476 1192 4530 unde
1248 4477 1386 4530 Deus
1435 4474 1594 4527 simul
1631 4483 1687 4529 et
1730 4476 1893 4530 homo
1936 4490 2064 4535 vere

492 4573 621 4638 dici,
654 4571 947 4640 haberique
975 4567 1143 4638 possit
1170 4584 1184 4620 :
1229 4566 1675 4635 quemadmodum
1712 4566 1964 4621 videlicet
1997 4567 2064 4621 de

491 4678 557 4716 eo
586 4662 740 4716 aliter
779 4662 958 4715 dicere
998 4659 1119 4728 quis
1160 4667 1374 4727 potest;
1409 4665 1673 4725 quatenus
1719 4656 1861 4711 enint
1923 4657 2063 4711 Deus

492 4759 595 4813 est,
630 4751 741 4817 ipse
794 4749 1050 4805 Dominus
1098 4750 1281 4820 gloria:
1309 4751 1476 4803 'esse
1531 4747 1885 4815 intelligitur;
1929 4762 2064 4817 qua-

493 4853 650 4897 tenus
698 4855 826 4894 vero
854 4840 1028 4895 factus
1078 4849 1159 4896 est
1196 4842 1358 4895 homo
1383 4839 1473 4894 ille
1499 4839 1589 4908 qui
1640 4837 1734 4893 Dei
1784 4838 2061 4894 consortio

494 4930 913 5001 gloriﬁcabatnr,
938 4931 1105 4999 gloria
1136 4931 1428 4999 indigebat,
1451 4930 1597 4997 iuxta
1628 4929 1755 4983 illud
1784 4945 1798 4984 :
1832 4947 1850 4979 ι
1874 4928 2054 4993 Pater,

494 5020 730 5077 clariﬁca
780 5018 974 5073 Filium
1013 5028 1160 5072 tuum
1198 5018 1240 5072 ⁸.
1290 5037 1308 5069 ι
1363 5016 1476 5083 Nar,
1513 5017 1606 5072 sed
1652 5032 1789 5072 unus
1844 5017 2059 5071 interim

495 5112 784 5168 secundum
836 5109 1140 5177 Scripturas
1163 5118 1245 5162 est
1281 5107 1556 5171 Dominus,
1584 5122 1688 5161 una
1722 5107 1874 5171 fides,
1894 5122 2059 5161 unum

495 5206 759 5275 baptisma
794 5204 837 5259 ⁸.
910 5202 977 5257 Et
1027 5199 1474 5270 quemadmodum
1521 5213 1624 5252 una
1688 5208 1771 5253 cst
1818 5198 1948 5252 iides
2006 5199 2058 5251 in

2170 4469 2402 4541 θρωπος,
2455 4470 2653 4541 ἀληθὲς
2683 4469 2821 4541 ἔχων
2866 4473 2952 4541 ἐφ’
3001 4472 3210 4542 ἑαυτῷ·
3263 4474 3523 4546 καθάπερ
3554 4477 3744 4547 ἀμέλει

2171 4562 2304 4631 φαίη
2340 4578 2423 4624 τις
2455 4561 2522 4615 ἂν
2557 4563 2651 4615 καὶ
2690 4563 2893 4631 ἑτέρως
2920 4565 3048 4634 περὶ
3076 4566 3266 4619 αὐτοῦ’
3365 4570 3468 4638 μὲν
3492 4571 3605 4640 γάρ
3638 4572 3743 4623 ἐστι

2169 4653 2320 4719 Θεὸς,
2361 4654 2517 4706 νοοῖτ’
2555 4652 2621 4705 ἂν
2648 4653 2910 4725 ὑπάρχων
2936 4654 3098 4718 αὐτὸς
3126 4657 3156 4708 ό
3199 4656 3299 4726 τῆς
3319 4658 3482 4729 δόξης
3510 4659 3743 4732 Κύριος’

2169 4738 2203 4818 ᾖ
2232 4744 2289 4796 δὲ
2317 4744 2538 4812 γέγονεν
2570 4745 2598 4797 ό
2626 4743 2767 4798 κατὰ
2806 4743 3023 4815 μέθεξιν
3054 4746 3151 4814 τὴν
3179 4747 3329 4816 παρὰ
3354 4748 3495 4802 Θεοῦ
3531 4751 3745 4815 δοξαζό-

2168 4852 2325 4904 μενος
2370 4836 2673 4907 ἆνθρωπος,
2713 4836 2882 4890 ἐδεῖτο
2912 4837 3007 4890 καὶ
3040 4836 3218 4906 δόξης,
3244 4838 3455 4906 λέγων)
3487 4860 3507 4891 ι
3544 4844 3746 4912 Πάτερ,

2165 4924 2384 4990 δόξασόν
2409 4942 2500 4978 σου
2522 4926 2614 4979 τὸν
2636 4925 2778 4981 Υἱόν.
2799 4944 2817 4978 ι
2838 4921 3001 4990 Ἀλλ’,
3025 4921 3147 4990 «Εἷς
3170 4928 3398 5000 Κύριος,
3417 4931 3518 5000 μία
3546 4933 3747 4996 πίστις,

2165 5015 2222 5068 ἓν
2240 5015 2541 5086 βάπτισμα,
2571 5035 2590 5069 ι
2611 5016 2750 5071 κατὰ
2779 5017 2839 5070 τὸ
2866 5018 3499 5091 γεγραμμένον.“οσπερ
3518 5018 3614 5075 οῦν
3638 5024 3751 5075 ἐστι

2171 5108 2268 5177 μία
2306 5108 2491 5172 πίστις
2517 5111 2549 5178 ἡ
2574 5110 2629 5161 ὲν
2653 5109 2873 5180 Χριστῷ
2900 5108 2941 5172 ι,
2977 5109 3072 5163 καὶ
3100 5110 3159 5163 ἓν
3189 5110 3408 5182 ἀληθῶς
3438 5112 3752 5182 βάπτισμα.

2166 5198 2343 5250 καίτοι
2384 5196 2790 5268 βαπτιζομένων
2830 5199 2924 5252 καὶ
2957 5201 3406 5255 πεπιστευκότων
3461 5202 3626 5274 ἡμῶν
3675 5204 3756 5263 εἰς
3808 5272 3813 5281 1

565 5360 611 5393 ⁸⁸
632 5358 807 5412 Calat.
840 5373 912 5420 tv,
942 5357 995 5420 8,
1020 5356 1068 5410 9.
1147 5356 1193 5387 θ’
1217 5310 1405 5409 Matth:
1427 5369 1535 5418 xw,
1567 5354 1656 5408 35.
1738 5352 1753 5382 ί
1792 5352 1953 5406 Joan.
1993 5366 2067 5417 tv,
2093 5350 2183 5404 2'2.
2265 5353 2282 5380 ²
2307 5350 2327 5403 l
2356 5350 2478 5406 Cor.
2515 5368 2573 5416 ιι,
2605 5355 2656 5406 8.
2731 5353 2750 5383 ³
2780 5352 2935 5407 Joan.
2966 5368 3097 5421 xvrt,
3140 5355 3193 5408 1.
3275 5356 3298 5389 ⁸
3328 5354 3529 5427 Ephes.
3560 5369 3642 5420 tv,
3668 5355 3730 5415 5.

1592 5512 1763 5565 Variae
1798 5511 2059 5566 lectiones
2093 5510 2291 5564 codicis
2338 5509 2691 5581 chnicriani.

581 5642 597 5685 3
629 5645 707 5706 εἰς
743 5645 993 5715 Χριστόν.
