3970 6136
279 269 408 333 1131

1233 265 1322 322 DE
1361 267 1592 326 RECTA
1627 267 1784 324 FIDE
1821 267 1914 325 AD
1953 237 2399 334 'r'tmonosxuu
2439 277 2585 350 IMP.

3393 285 3552 356 “82'

279 391 519 462 Πατέρα,
553 389 648 443 καὶ
679 389 824 451 Υἱὺν,
861 387 954 440 καὶ
995 387 1148 455 ἆγιον
1177 385 1437 460 Πνεῦμαο
1471 388 1610 444 κατὰ
1635 389 1726 442 τὸν
1755 389 1854 442 αὖ.

1979 390 2264 462 21ιι·ἱειιιιιτ,
2315 404 2367 450 et
2417 413 2578 452 unum
2656 399 2782 452 item
2867 399 3154 469 baptisma,
3206 401 3422 460 etiamsi
3474 407 3531 461 in

277 484 391 548 τὸν,
422 477 596 552 οἶμαι,
637 481 836 552 τρόπον
873 494 932 530 τε
963 479 1058 532 καὶ
1079 477 1259 546 λόγον,
1300 478 1397 548 μία
1427 477 1854 549 προσκύνησιςὴ

279 573 514 644 Πατρδς,
547 573 640 625 καὶ⁵
671 569 1188 640 ἐνανθρωπήσαντος
1213 568 1367 634 Υίοῦ,
1397 570 1488 622 καὶ
1512 568 1666 637 ἁγίου
1696 569 1858 623 Πνεύ-

284 681 472 734 ματος.
533 658 932 730 Ἐξωσθήσεται
983 659 1092 731 γὰρ
1124 658 1362 730 οὐδαμοῦ
1405 659 1499 714 τοῦ
1539 663 1858 731 προσκυνεῖ-

285 753 412 807 σθαι
439 753 546 806 δεῖν
585 752 718 822 πρός
744 766 802 802 τε
831 747 994 818 ἡμῶν
1017 748 1199 802 αὐτῶν
1236 749 1333 803 καὶ
1361 748 1470 802 τῶν
1498 750 1672 816 ἁγίων
1695 749 1858 819 ἀγγέ-

283 843 392 898 λων
417 846 444 898 ὁ
467 841 792 912 Μονογενὴς,
826 842 874 893 εί
899 840 992 892 καὶ
1019 841 1210 910 γέγονε
1238 839 1396 912 σὰρξ,
1424 839 1520 896 καὶ
1549 841 1857 913 ἐσκήνωσεν

285 939 341 990 ἐν
369 937 517 1007 ἡμῖν,
543 931 922 1004 κεχρημάτικέ
963 949 1022 985 τε
1054 931 1399 1004 πρωτότοκος
1445 931 1521 996 ὡς
1553 934 1612 987 ὲν
1645 933 1859 997 πολλοῖς

287 1030 530 1098 ἀδελφοῖς
549 1041 562 1056 ⁶
596 1026 716 1080 ἐπεὶ
755 1025 928 1102 τίςᾶν
963 1024 1050 1097 εἴη
1097 1009 1259 1079 πάλιν
1289 1026 1319 1078 ὁ
1347 1025 1448 1096 τῆς
1479 1026 1566 1078 ἐπ’
1597 1024 1744 1097 αὐτῷ
1770 1025 1860 1080 πί-

289 1140 455 1186 στεως
496 1120 688 1189 λόγος;
738 1119 867 1183 ῐῙῶς
899 1113 993 1172 οὖν
1024 1117 1125 1172 οὐκ
1153 1117 1303 1183 ἄξιον
1354 1117 1514 1184 ίδείν;
1552 1117 1690 1173 Οὐδὲ
1729 1117 1858 1189 γὰρ,

287 1211 458 1284 οἶμαι,
489 1214 645 1282 φαῖεν
675 1210 762 1273 ἂν,
795 1211 954 1281 εἴπερ
985 1225 1049 1279 γε
1083 1208 1290 1262 ἕλοιντο
1319 1210 1536 1278 φρονεῖν
1561 1207 1758 1279 ὀρθῶς,
1785 1207 1860 1272 ὡς

287 1307 381 1368 El;
407 1304 566 1374 μόνον
595 1301 1038 1372 πεπιστεύκαμεν
1059 1299 1150 1354 τὸν
1173 1303 1237 1356 ὲκ
1271 1299 1404 1354 Θεοῦ
1439 1301 1653 1372 Πατρδς
1686 1299 1863 1369 φύντα

289 1394 478 1463 Λόγον,
531 1391 972 1463 ἀπογυμνοῦντες
1015 1389 1177 1446 αὐτὸν
1204 1390 1304 1462 τῆς
1358 1392 1584 1462 σαρκός⁸
1633 1391 1744 1444 οὐδ’
1793 1389 1860 1446 αὖ

290 1487 466 1538 ἐκεῖνο
498 1485 818 1556 παρήσομεν
846 1485 1047 1538 εἰπεῖν·
1081 1481 1350 1550 λελέξεται
1382 1485 1488 1554 γάρ
1508 1500 1522 1514 ·
1557 1485 1618 1542 οὐ
1649 1483 1758 1556 γὰρ
1783 1485 1864 1550 είς

291 1579 387 1632 ἓνα
413 1579 521 1632 τῶν
553 1577 675 1631 καθ’
701 1578 872 1648 ἡμᾶς,
898 1575 1020 1630 οὔτε
1041 1577 1146 1648 μὴν
1175 1578 1254 1638 είς
1281 1575 1566 1648 ἄνθρωπον
1589 1577 1621 1648 ἡ
1659 1577 1862 1643 πίστις,

291 1669 408 1724 ἀλλ’
439 1671 521 1734 είς
555 1669 686 1723 Θεὸν
731 1668 1031 1741 πράττεται
1077 1667 1170 1721 τὸν
1216 1667 1374 1738 φύσει
1409 1667 1754 1739 καὶτάληθῶς
1805 1671 1864 1724 ὲν

1955 479 2196 548 Patrem,
2224 495 2278 540 et
2327 486 2542 556 Filium,
2567 497 2621 543 et
2651 487 2912 559 Spiritum
2942 500 3186 545 sanctum
3223 493 3531 562 credamus,

1957 582 2013 626 et
2041 575 2382 642 baptizemur
2409 595 2424 632 :
2458 579 2530 632 ita
2563 579 2739 648 plane,
2763 589 2822 633 ut
2847 594 2944 650 ego
2975 580 3234 642 arbitror,
3260 597 3366 636 una
3397 599 3532 652 quo-

1959 679 2065 734 que
2097 665 2296 733 Patris,
2335 679 2390 722 et
2429 669 2694 724 incarnati
2725 669 2872 736 Filii,
2903 679 2959 725 et
2989 669 3226 740 Spiritus
3251 673 3422 730 sancti
3451 683 3538 729 est

1958 757 2225 815 adoratio.
2283 757 2540 826 Quamvis
2607 762 2751 818 enim
2801 761 3125 832 Unigenitus
3175 777 3302 819 caro
3360 761 3538 822 factus

1959 846 2099 903 inter
2145 863 2242 906 nos
2297 851 2575 918 habitarit,
2626 867 2724 908 nec
2781 867 2886 906 non
2949 853 3344 923 primogenitus
3399 855 3540 910 inter

1959 939 2158 996 multos
2219 939 2418 997 fratres
2466 944 2761 1013 appellatus
2817 946 2886 1000 sit
2920 945 2978 1012 ⁸,
3019 946 3124 1000 hoc
3170 955 3348 1000 tamen
3407 946 3539 1000 nihil

1961 1030 2202 1100 impedit,
2240 1034 2525 1102 quominus
2577 1051 2698 1090 cum
2729 1050 2759 1090 a
2785 1035 2961 1100 nobis,
2991 1044 3102 1090 tum
3135 1037 3202 1091 ab
3233 1037 3364 1106 ipsis
3407 1051 3542 1105 quo-

1960 1138 2066 1192 que
2115 1125 2320 1196 angelis
2363 1127 2574 1181 adorari
2623 1127 2836 1182 debeat.
2889 1127 3024 1181 Nam
3076 1143 3196 1196 quas
3261 1127 3362 1182 alia
3419 1126 3539 1182 ﬁdei

1961 1217 2098 1271 ratio
2131 1217 2185 1272 in
2217 1221 2391 1286 ipsum
2434 1225 2684 1272 constare
2711 1219 2932 1286 posset?
2961 1218 3244 1285 Quomodo
3265 1234 3392 1274 vero
3439 1221 3541 1274 hoc

1962 1308 2190 1380 quzesitu
2227 1324 2330 1364 non
2362 1309 2628 1380 dignum?
2676 1309 2860 1378 Neque
2903 1309 3048 1364 enim
3079 1309 3160 1381 (si
3193 1312 3352 1365 modo
3399 1321 3543 1366 recte

1962 1414 2152 1469 sapere
2181 1400 2484 1471 voluerint)
2519 1400 2712 1456 dicturi
2740 1413 2890 1469 sunt,
2939 1403 3156 1473 opinor,
3191 1403 3334 1472 quod
3365 1403 3416 1457 in
3449 1403 3541 1457 Dei

1962 1491 2140 1546 Patris
2195 1491 2426 1548 Verbum
2473 1492 2646 1548 solum
2711 1507 2875 1548 carne
2921 1504 3143 1548 exutum
3210 1499 3540 1549 credamus:

1964 1597 2140 1653 neque
2175 1583 2302 1638 illud
2338 1598 2552 1638 rursum
2581 1585 2998 1652 prmteﬁblmus,
3029 1599 3224 1654 nempe
3255 1587 3396 1655 quod
3439 1599 3542 1640 non

1966 1676 2020 1730 iu
2064 1689 2228 1728 unum
2261 1675 2492 1743 aliquem
2535 1675 2706 1730 nostri
2751 1675 3006 1740 similem,
3049 1684 3142 1730 aut
3176 1675 3228 1730 in
3268 1675 3542 1730 hominem

291 1759 573 1832 προσώπῳ
622 1738 880 1831 Χριστοῦ.
927 1757 1260 1832 Συλλήψεται
1315 1758 1372 1812 δὲ
1403 1759 1482 1830 τῷ
1523 1738 1667 1832 λόγῳ
1711 1761 1806 1814 και
1837 1762 1866 1814 ό

1979 1763 2072 1820 [ide
2111 1738 2414 1830 tendamus,
2445 1765 2540 1820 sed
2563 1764 2725 1834 quod,
2750 1766 2851 1822 sub
2874 1738 3101 1834 persona
3118 1766 3340 1832 Christi,
3369 1768 3422 1820 in
3454 1780 3547 1820 ve-

293 1851 460 1920 σοφὸς
485 1850 712 1922 γράφων
742 1849 955 1914 Παῦλος
974 1867 985 1881 ο
1027 1869 1045 1902 ι
1093 1852 1166 1903 Οὐ
1205 1850 1314 1930 γὰρ
1343 1851 1568 1915 ἑαυτοὺς
1598 1851 1868 1924 κηρύσσο-

297 1959 418 2012 μεν,
454 1942 586 1996 ἀλλὰ
611 1942 844 2014 Χριστὸν
885 1941 1092 2012 Ἰησοῦν
1129 1941 1334 2014 Κύριον
1359 1959 1374 1974 ο
1419 1943 1645 2006 ἑαυτοὺς
1674 1943 1728 1996 δὲ
1751 1943 1868 1996 δού-

293 2032 418 2095 λους
443 2030 597 2102 ὑμῶν
639 2031 726 2085 διὰ
767 2031 941 2102 Ἰησοῦ
975 2031 1236 2104 Χριστοῦ.
1263 2031 1382 2086 Ὅτι
1415 2032 1444 2084 ὁ
1475 2031 1608 2096 Θεὸς
1647 2035 1672 2086 ὁ
1699 2033 1867 2088 εἰπὼν

295 2126 360 2178 ὲκ
393 2125 615 2188 σκότους
637 2123 751 2192 φῶς
779 2125 1014 2196 λάμψαι,
1047 2125 1104 2189 ὃς
1126 2125 1365 2197 ἔλαμψεν
1388 2129 1445 2180 ὲν
1475 2127 1593 2191 ταῖς
1621 2128 1868 2200 καρδίαις

295 2212 472 2284 ἡμῶν,
508 2213 645 2285 πρὸς
667 2217 947 2284 φωτισμὸν
969 2217 1068 2286 τῆς
1094 2215 1349 2282 γνώσεως
1384 2216 1482 2286 τῆς
1505 2216 1664 2288 δόξης
1702 2215 1867 2271 αὑτοῦ

296 2307 356 2360 ὲν
396 2304 673 2378 προσώπῳ
719 2306 892 2379 Ἰησοῦ
936 2306 1194 2380 Χριστοῦ.
1238 2327 1257 2358 ι
1300 2308 1430 2363 Ἰδοὺ
1459 2309 1524 2380 δὴ
1574 2309 1761 2378 σαφῶς
1811 2327 1867 2364 τε

297 2397 393 2454 καὶ
422 2395 668 2467 ἐναργῶς
703 2399 731 2451 ὁ
756 2397 1036 2470 φωτισμὸς
1065 2397 1164 2469 τῆς
1197 2397 1449 2466 γνώσεως
1473 2399 1565 2452 τοῦ
1608 2399 1744 2454 Θεοῦ
1777 2401 1871 2455 καὶ⁸

298 2489 512 2562 Πατρὸς
541 2491 599 2544 ὲν
623 2489 896 2562 προσώπῳ
917 2489 1178 2560 διέλαμψε
1201 2489 1295 2542 τοῦ
1327 2489 1565 2561 Χριστοῦ
1588 2507 1601 2521 ⁸
1647 2491 1869 2564 τοιγάρ-

297 2599 378 2646 τοι
411 2581 504 2635 καὶ
533 2581 766 2650 ἔφασκεν
786 2598 800 2612 ·
833 2600 852 2634 ι
894 2582 952 2635 '0
975 2580 1230 2653 ἑωρακὼς
1265 2581 1385 2652 ἐμὲ,
1411 2581 1621 2654 ἑώρακε
1649 2582 1739 2637 τὸν
1761 2584 1871 2640 Πα-

298 2672 454 2742 τέρα,
487 2704 556 2714 .-
601 2672 740 2744 Ἐγὼ
766 2673 861 2732 καὶ
885 2675 913 2728 ὁ
940 2673 1126 2746 Πατὴρ
1153 2673 1212 2726 ’ἐν
1238 2674 1423 2744 ἐσμεν.
1471 2693 1491 2726 ι

371 2854 494 2910 AI".
528 2853 826 2926 Χαρακτὴρ
855 2853 912 2908 δὲ
953 2853 981 2908 ὁ
1013 2852 1155 2918 θεῖος
1201 2854 1262 2906 ού
1299 2853 1629 2926 σωματικὸς,
1670 2851 1784 2906 ἀλλ’
1815 2853 1872 2906 ὲν

301 2947 526 3018 δυνάμει
571 2947 665 3001 καὶ
712 2946 836 3018 δόξῃ
879 2949 944 3017 τῇ
990 2945 1456 3018 θεοπρεπεστάτῃ.
1506 2945 1676 3000 Τοῦτο
1721 2945 1778 3000 δὲ
1805 2939 1873 3018 ἦν

303 3039 601 3111 ἀκραιφνὲς
638 3041 696 3093 ἐν
737 3039 976 3112 Χριστῷ.
1008 3039 1374 3112 Γνωρίζεσθαι
1404 3038 1460 3092 δὲ
1501 3039 1592 3092 καὶ⁵
1631 3037 1720 3092 διὰ
1750 3039 1874 3092 τού-

301 3148 408 3199 των
435 3131 607 3202 ἠξίου,
641 3132 735 3185 καὶ
763 3132 850 3186 διὰ
892 3133 992 3202 τῆς
1028 3131 1134 3186 τῶν
1167 3131 1463 3202 δρωμένων
1502 3130 1776 3204 ὑπεροχῆς
1799 3131 1878 3194 εἰς

305 3221 513 3285 ἐννοίας
555 3222 850 3294 ἅναφοιτᾷν
890 3222 988 3286 τὰς
1019 3222 1106 3290 ἐπ’
1146 3221 1294 3292 αύτῷ
1326 3221 1452 3289 τοὺς
1496 3221 1880 3292 ἀκροωμένους

305 3313 482 3386 ἤθελε,
513 3314 1059 3386 κατασμικρυνούσης
1081 3315 1240 3367 αὐτὸν
1269 3315 1453 3385 ἡρέμα
1479 3314 1629 3384 παρά
1667 3331 1732 3382 γε
1767 3315 1880 3377 τοῖς

305 3408 586 3470 ἁσυνέτοις
615 3407 714 3476 τῆς
755 3407 1040 3476 ὁρωμένης
1091 3406 1310 3476 σαρκός.
1351 3424 1368 3456 ι
1400 3406 1462 3458 Ei
1495 3406 1604 3477 γὰρ
1649 3407 1708 3460 οὐ
1740 3405 1882 3459 ποιῶ

308 3497 374 3550 τὰ
405 3497 541 3568 ἔργα
585 3496 680 3550 τοῦ
714 3496 925 3567 Πατρός
975 3513 1098 3566 μου,
1130 3495 1282 3565 φησι,
1313 3495 1386 3566 μὴ
1435 3495 1720 3550 πιστεύετέ
1755 3514 1880 3566 μοι’

312 3591 358 3638 εἰ
391 3587 446 3639 δὲ
469 3585 628 3652 ποιῶ,
661 3587 761 3640 κᾶν
805 3585 927 3654 ἐμοὶ
956 3585 1030 3656 μὴ
1061 3585 1373 3656 πιστεύητε,
1405 3587 1514 3648 τοῖς
1551 3585 1731 3656 ἔργοις
1782 3605 1882 3656 μου

315 3679 655 3732 πιστεύσατε.
695 3699 712 3730 ι
746 3679 914 3732 Φάναι
937 3679 993 3731 δὲ
1015 3675 1166 3750 οἶμαι
1197 3679 1355 3731 ταυτὶ¹
1378 3679 1437 3732 τὸ
1467 3680 1719 3750 τηνικάδε
1749 3681 1884 3752 Χρι-

317 3769 460 3833 στὸν,
518 3769 617 3822 οὐκ
653 3768 938 3834 ἀσυντελὲς
979 3771 1060 3832 εἰς
1109 3769 1294 3840 ὄνησιν
1341 3769 1518 3822 εἰδότα
1567 3769 1628 3823 τὸ
1676 3771 1882 3842 χρῆμα.

328 3861 544 3931 Ἐπειδὴ
572 3861 680 3931 γὰρ
721 3861 890 3932 ᾤοντο
929 3861 1060 3914 Θεὸν
1103 3861 1202 3931 μὲν
1244 3863 1345 3915 οὐκ
1383 3859 1521 3916 εἶναι
1553 3863 1692 3917 κατὰ
1727 3863 1886 3933 φύσιν

313 3953 404 4006 τὸν
459 3953 528 4006 δι’
565 3953 712 4023 ἡμᾶς
763 3952 1243 4024 ὲνηνῢρωπηκότα,
1297 3952 1450 4022 ψιλὸν
1499 3952 1555 4008 δὲ
1605 3954 1887 4031 ἄνθρωπον

313 4045 501 4110 ἁπλῶς
532 4046 652 4100 καθ’
684 4048 851 4118 ἡμᾶς,
886 4047 1260 4119 ἀπαρόιδεκτον
1289 4047 1344 4100 δὲ
1377 4047 1463 4101 διὰ
1486 4045 1644 4102 τοῦτο
1671 4047 1770 4118 τὴν
1799 4047 1886 4101 ἐπ’

314 4137 464 4207 αὐτῷ
499 4137 681 4191 πίστιν
719 4135 995 4191 ἐποιοῦντό
1034 4153 1213 4200 τινες-
1264 4137 1575 4206 ἀναγκαίως
1612 4137 1672 4190 τὸ
1703 4137 1884 4208 δεῖμα,

317 4231 409 4285 καὶ
459 4230 550 4282 τὸν
609 4231 702 4282 ἐπὶ
736 4227 944 4292 τούτοις
973 4228 1132 4289 ὄκνον
1177 4228 1628 4300 ὑποτεμνόμενος,
1675 4231 1740 4299 τῇ
1787 4231 1890 4302 τῆς

315 4321 568 4390 θεότητος
598 4319 758 4389 φύσει
779 4319 879 4388 τὴν
908 4318 1087 4371 πίστιν
1112 4317 1382 4380 ἀνατιθεὶς
1413 4317 1488 4382 ὡς
1521 4319 1578 4371 ὲν
1613 4318 1888 4390 προσώπῳ

1969 1872 2087 1912 rum
2127 1866 2178 1912 et
2224 1856 2524 1912 naturalem
2575 1856 2768 1910 Deum.
2827 1856 2925 1912 Cui
2969 1865 3022 1912 et
3068 1857 3284 1926 sapiens
3334 1872 3548 1926 quoque

1968 1947 2168 2004 Paulus
2199 1948 2568 2019 patrocinatur
2596 1964 2610 2001 :
2642 1947 2830 2003 scribit
2860 1948 3002 2002 enim
3035 1963 3050 2002 :
3089 1967 3108 2000 ι
3150 1948 3264 2002 Non
3304 1957 3547 2004 nosmet-

1970 2037 2116 2107 ipsos
2161 2037 2538 2106 praedicamus,
2584 2037 2678 2091 sed
2725 2034 2904 2090 Jesum
2940 2035 3216 2092 Christum
3252 2036 3547 2091 Dominum

1971 2137 2254 2194 nostrum;
2286 2142 2384 2183 nos
2415 2131 2810 2184 autem'scrvos
2830 2137 3042 2184 vestros
3071 2144 3162 2199 per
3179 2129 3382 2184 Jesum.
3415 2128 3554 2195 Quo-

1971 2220 2113 2273 niam
2144 2217 2284 2272 Deus
2306 2217 2400 2288 qui
2424 2217 2559 2273 dixit
2585 2218 2650 2274 de
2679 2219 2914 2274 tenebris
2947 2218 3118 2273 lucem
3149 2219 3548 2288 splendescere,

1972 2316 2084 2384 ipse
2143 2311 2320 2366 illuxit
2362 2311 2414 2366 in
2472 2310 2725 2366 cordibus
2774 2311 2972 2366 nostris
3001 2313 3067 2366 ad
3111 2311 3550 2366 illuminationem

1971 2403 2208 2458 scientiae
2246 2403 2512 2457 claritatis
2539 2395 2632 2456 Dei
2665 2405 2718 2456 in
2751 2401 2888 2457 facie
2913 2402 3022 2472 30
3051 2402 3250 2456 Christi
3289 2401 3414 2456 Jesu
3441 2402 3484 2456 ⁸.
3527 2421 3547 2454 ι

1973 2493 2112 2550 Ecce
2157 2504 2340 2564 aperte
2395 2493 2776 2562 evidenterque
2822 2493 3143 2548 illuminalio
3187 2491 3430 2548 scientiae
3460 2491 3554 2546 Dei
3604 2482 3612 2490 ’

1971 2583 2151 2641 Patris
2190 2585 2244 2640 in
2281 2599 2509 2655 persona
2559 2583 2761 2639 Christi
2801 2583 3021 2639 ell'nlsit.
3088 2583 3240 2640 Unde
3286 2592 3337 2638 et
3391 2583 3553 2650 ipse:

1983 2697 2003 2732 ι
2027 2677 2130 2745 Qui
2158 2679 2305 2733 videt
2338 2694 2445 2744 me,
2473 2679 2668 2748 inquit,
2702 2679 2847 2734 videt
2871 2686 2924 2732 et
2971 2675 3188 2732 Patrem
3207 2677 3250 2730 ".
3275 2706 3342 2716 -—
3372 2677 3481 2745 Ego
3503 2682 3561 2732 et

1973 2769 2142 2825 Pater
2177 2784 2341 2824 unum
2369 2785 2556 2824 sumus
2579 2771 2621 2824 ⁸.
2653 2787 2672 2822 ι

2046 2859 2286 2916 XXXIII.
2317 2860 2584 2916 Caeterum
2611 2861 2826 2915 divinus
2869 2859 3156 2915 character
3187 2875 3289 2914 non
3321 2869 3403 2914 est
3435 2873 3556 2914 cor-

1975 2967 2190 3024 poreus,
2227 2952 2321 3008 sed
2373 2952 2426 3006 in
2477 2967 2685 3006 summa
2741 2951 2940 3005 virtute
2983 2950 3238 3020 et.gloria
3289 2965 3406 3018 quae
3447 2949 3558 3004 Deo

1904 3071 1951 3136 ρ
1979 3042 2252 3110 convenit,
2280 3043 2508 3114 positus.
2553 3043 2680 3096 Erat
2710 3041 2756 3096 is
2783 3055 2944 3110 porro
2976 3041 3030 3094 in
3059 3039 3278 3095 Christo
3318 3039 3560 3109 apprime

1980 3145 2204 3190 exactus
2231 3141 2286 3189 et
2316 3133 2546 3188 lucidus.
2600 3130 2780 3186 Voluit
2809 3141 2990 3187 autem
3023 3145 3126 3186 non
3157 3145 3254 3200 per
3285 3131 3397 3186 haec
3440 3140 3560 3185 tan-

1983 3235 2092 3280 tum
2153 3225 2294 3278 dicta
2351 3225 2725 3288 innotescere,
2767 3221 2862 3276 sed
2911 3235 3008 3292 per
3059 3236 3280 3290 operum
3348 3236 3563 3289 quoque

1981 3315 2353 3371 excellentiam
2406 3313 2625 3383 volebat
2669 3312 2944 3367 auditores
2981 3312 3048 3367 ad
3099 3311 3346 3367 notitiam
3396 3311 3563 3379 ipsius

1985 3407 2387 3472 conscendere;
2426 3406 2468 3461 si
2517 3405 2732 3473 quidem
2776 3419 2974 3474 corpus
3021 3404 3164 3473 quod
3218 3403 3562 3466 cernebatur,

1982 3499 2358 3553 auctoritatem
2397 3495 2542 3550 illius
2567 3495 2710 3562 apud
2745 3493 3112 3564 imprudentes
3164 3495 3332 3564 magis
3367 3494 3562 3562 magis-

1983 3605 2087 3660 que
2129 3574 2356 3645 subinde
2399 3587 2692 3642 minuebat.
2748 3587 2838 3640 Ait
2877 3602 3056 3655 ergo:
3103 3606 3121 3639 ι
3153 3587 3207 3642 Si
3275 3604 3378 3641 non
3427 3587 3566 3640 facio

1985 3696 2145 3752 Opera
2180 3680 2360 3734 Patris
2421 3679 2548 3744 mei,
2597 3677 2762 3732 nolite
2809 3677 3145 3732 crederezsi
3185 3689 3362 3732 autem
3406 3677 3562 3742 facio,

1987 3774 2089 3828 etsi
2119 3771 2246 3828 mihi
2278 3787 2383 3826 non
2411 3771 2651 3834 creditis,
2685 3768 2942 3838 operibus
2971 3769 3178 3823 credite
3212 3767 3254 3825 ⁹.
3312 3788 3330 3819 ι
3363 3769 3432 3822 lia
3467 3785 3565 3824 au-

1992 3877 2098 3918 tem
2133 3863 2412 3918 Christum
2445 3861 2645 3915 dixisse
2675 3859 2950 3926 existimo,
2977 3874 3096 3928 qua
3130 3869 3254 3914 tunc
3279 3859 3563 3914 utilitatem

1987 3956 2218 4011 allatura
2250 3963 2492 4010 noverat.
2539 3952 2672 4010 Nam
2722 3969 2842 4008 cum
2886 3952 3042 4021 vulgo
3075 3966 3390 4022 persuasum
3424 3961 3568 4007 esset

1989 4063 2132 4112 eum,
2153 4047 2244 4116 qui
2275 4047 2446 4102 nostri
2465 4061 2626 4101 causa
2657 4046 2816 4100 homo
2848 4043 3023 4100 factus
3043 4054 3147 4108 est,
3179 4055 3370 4100 natura
3400 4044 3566 4098 Deum

1991 4153 2096 4194 non
2131 4153 2273 4206 esse,
2299 4139 2391 4193 sed
2416 4138 2684 4192 hominem
2731 4137 3050 4206 simpliciter
3077 4137 3234 4192 nobis
3256 4151 3352 4207 per
3387 4136 3567 4190 omnia

1991 4229 2243 4294 similem,
2277 4238 2331 4282 ct
2357 4228 2426 4282 ob
2453 4229 2502 4282 id
2533 4227 2748 4298 quidam
2784 4227 2940 4281 Iidem
2977 4228 3030 4282 in
3057 4227 3202 4280 illum
3238 4244 3342 4280 non
3373 4227 3569 4281 admit-

1993 4321 2206 4374 tendam
2253 4318 2582 4372 allirmarent
2627 4336 2641 4372 :
2685 4317 2830 4373 omni
2883 4327 3056 4372 metus
3107 4318 3570 4386 cunctationisqne

315 4410 549 4481 Πατρός,
575 4411 671 4462 καὶ
701 4409 819 4479 οὐχὶ
841 4410 904 4478 τῇ
938 4407 1059 4461 καθ’
1083 4409 1227 4478 ἡμᾶς
1251 4408 1691 4478 σμαροπρεπείᾳ
1722 4425 1875 4479 προσ⁴

1991 4425 2150 4465 causa
2201 4411 2456 4478 praecisa,
2502 4409 2841 4478 Paternaqtte
2893 4424 3122 4479 persona
3177 4418 3425 4478 sumpta,
3459 4423 3567 4462 non

315 4505 532 4574 νέμων,
575 4502 850 4571 ἔφασκενο
907 4520 925 4551 ι
977 4501 1034 4552 ’0
1088 4501 1358 4556 πιστεύων
1402 4501 1484 4565 είς
1525 4499 1644 4570 ἐμὲ,
1681 4501 1742 4553 οὐ
1797 4518 1886 4554 πι-

318 4597 496 4650 στεύει
543 4597 620 4658 είς
659 4593 778 4665 ἐμὲ,
823 4593 961 4648 ἀλλὰ
1012 4595 1090 4658 εἰς
1119 4595 1207 4648 τὸν
1247 4583 1540 4664 πέμψαντά
1585 4610 1685 4663 με·
1735 4593 1829 4647 καὶ
1859 4595 1887 4647 ὁ

316 4686 540 4756 θεωρῶν
569 4686 688 4756 ἐμὲ,
735 4685 928 4756 θεωρεῖ
980 4684 1071 4738 τὸν
1107 4678 1398 4755 πέμψαντά
1451 4699 1537 4753 με.
1573 4702 1591 4733 ι
1621 4677 1748 4755 Ἆρ’
1793 4677 1886 4737 οὖν

315 4779 414 4832 οὐκ
441 4779 554 4831 ἴσον
598 4779 804 4831 εἰπεῖν·
835 4775 904 4828 Ὦ
945 4775 1054 4829 τῶν
1094 4775 1242 4846 ἐμῶν
1287 4775 1546 4844 κατήκοοι
1585 4774 1778 4843 λόγων,
1813 4775 1888 4846 μὴ

319 4869 492 4940 μικρὸν
528 4871 618 4924 καὶ
641 4862 990 4941 χαμαιρριφῆ
1020 4866 1088 4922 τὰ
1115 4867 1194 4932 εἰς
1221 4867 1318 4936 ἐμὲ
1353 4865 1603 4932 δοξάζετε
1624 4879 1636 4892 ⁸
1667 4865 1779 4918 ἴστε
1805 4865 1886 4931 δὲ,

313 4960 397 5014 ὅτι
423 4959 522 5030 τὴν
569 4961 649 5022 είς
688 4959 848 5012 αὑτὸν
897 4957 998 5028 ἐμὲ
1043 4957 1102 5010 τὸ
1128 4956 1402 5026 ὁρώμενον
1429 4957 1486 5007 ὲν
1521 4955 1686 5025 σαρκὶ
1716 4971 1888 5024 προσ-

317 5049 518 5120 ιέμενοι
583 5049 806 5111 πίστιν,
851 5047 952 5100 οὐκ
1004 5047 1084 5110 είς
1123 5045 1408 5116 ἄνθρωπον
1459 5041 1643 5106 ἁπλῶς
1702 5041 1890 5095 ἔσεσθε

315 5140 761 5203 πεπιστευκότες,
794 5139 909 5192 ἀλλ’
955 5139 1033 5201 εἰς
1063 5137 1223 5190 αὐτὸν
1261 5137 1350 5188 τδν
1392 5134 1610 5205 Πατέρα
1638 5133 1705 5186 δι’
1735 5134 1890 5202 ἐμοῦ,

315 5232 409 5286 τοῦ
435 5233 576 5286 κατὰ
597 5233 704 5285 πᾶν
729 5230 906 5284 ὁτιοῦν
949 5231 1076 5290 ἴσως
1098 5245 1156 5281 τε
1181 5229 1274 5280 καὶ
1298 5225 1736 5297 ἀπαραλλάκτως
1753 5223 1896 5294 ἔχον-

315 5339 408 5385 τος
432 5321 586 5384 Υίοῦ,
623 5319 998 5390 σαρκωθέντος
1049 5319 1146 5388 μὲν
1175 5318 1242 5371 δι’
1269 5317 1434 5386 ὑμᾶς,
1463 5317 1555 5368 καὶ
1581 5315 1896 5386 περίὸλημα

322 5411 735 5483 σμικροτςρεπὲς
786 5409 1212 5476 οἱκειωσαμένου
1277 5409 1375 5476 τὴν
1450 5407 1887 5478 ἀνθρωπάτητα.

323 5503 382 5560 ἐδ
416 5519 478 5568 γε
513 5503 619 5572 μὴν
651 5500 866 5568 ίσοφυές
897 5517 956 5552 τε
981 5501 1074 5552 καὶ
1101 5497 1367 5566 ἰσουργὸν,
1402 5497 1492 5550 καὶ
1523 5501 1576 5550 ὲν
1605 5497 1893 5566 ταυτότητι

1995 4503 2241 4556 humana:
2275 4499 2588 4569 abjectioni,
2627 4501 2719 4556 sed
2747 4501 2943 4556 divinae
2972 4507 3176 4555 natura:
3210 4501 3366 4554 fidem
3411 4499 3568 4554 attri-

1975 4592 2148 4658 buit;
2183 4593 2260 4646 ait
2303 4593 2490 4647 enim:
2529 4612 2545 4646 ι
2587 4591 2688 4658 Qui
2733 4592 2901 4646 credit
2931 4592 2983 4646 in
3011 4606 3116 4655 me,
3156 4606 3260 4645 non
3306 4591 3476 4645 credit
3518 4592 3568 4644 in

1996 4698 2098 4748 me,
2132 4681 2227 4738 sed
2256 4683 2310 4738 in
2339 4698 2460 4738 eum
2489 4684 2578 4753 qui
2614 4683 2762 4738 misit
2791 4699 2874 4738 me
2907 4701 2922 4738 :
2955 4692 3005 4737 et
3047 4684 3136 4752 qui
3168 4683 3311 4737 videt
3341 4697 3449 4746 me,
3491 4685 3574 4734 vi-

1995 4775 2083 4829 det
2122 4788 2244 4830 eum
2271 4773 2364 4842 qui
2407 4775 2554 4828 misit
2579 4791 2666 4829 me
2693 4775 2754 4828 '°.
2811 4793 2832 4826 ι
2876 4771 3106 4829 Perinde
3146 4789 3210 4829 ac
3235 4773 3281 4829 si
3307 4774 3448 4828 dicat
3480 4791 3494 4827 :
3530 4773 3573 4828 Ο

1997 4863 2096 4918 viri
2142 4863 2232 4932 qui
2273 4877 2360 4918 me
2395 4863 2614 4929 auditis,
2663 4879 2733 4920 ne
2785 4879 2946 4934 parva
2992 4873 3046 4919 et
3097 4864 3316 4936 humilia
3364 4865 3430 4918 de
3487 4877 3572 4915 me

1997 4955 2290 5025 opinemini
2339 4971 2356 5012 :
2407 4955 2538 5028 quin
2605 4955 2659 5012 id
2733 4958 2914 5026 potius
2982 4955 3049 5012 de
3113 4971 3198 5010 me
3257 4969 3569 5024 persuasum

1998 5047 2152 5101 vobis
2182 5047 2454 5111 habetote,
2505 5049 2770 5118 nempe‘si
2797 5051 2848 5102 in
2891 5064 2976 5104 me
3016 5063 3174 5118 quem
3218 5049 3270 5100 in
3297 5048 3400 5100 hoc
3447 5061 3572 5099 cor-

2001 5149 2131 5205 pore
2169 5137 2412 5200 cernitis,
2459 5138 2820 5205 credideritis,
2879 5155 2984 5192 nun
3039 5139 3090 5191 in
3137 5151 3299 5190 unum
3338 5135 3572 5203 aliquem

1993 5240 2059 5280 ex
2087 5226 2268 5281 multis
2295 5229 2596 5284 credituros
2627 5244 2720 5282 vos
2746 5244 2886 5293 esse,
2921 5227 3011 5281 sed
3040 5227 3090 5280 in
3125 5226 3297 5294 ipsum
3330 5214 3577 5292 Patrem,

1994 5333 2090 5388 per
2119 5333 2203 5372 me
2228 5318 2421 5374 Filium
2455 5337 2468 5371 :
2497 5322 2586 5389 qui
2616 5313 2760 5376 licet
2803 5321 2968 5376 vestri
3012 5333 3173 5374 causa
3220 5333 3348 5372 caro
3395 5317 3576 5372 factus

1995 5411 2118 5476 sim,
2165 5421 2220 5466 et
2265 5411 2420 5465 vilem
2485 5412 2642 5466 istam
2695 5413 2927 5468 hominis
2978 5411 3204 5465 formant
3265 5411 3570 5470 induerim,

1993 5501 2139 5554 Patri
2189 5512 2361 5555 tamen
2407 5504 2626 5556 omnino
2663 5505 2906 5571 :equalis,
2937 5501 3188 5571 nullaque
3234 5501 3286 5554 in
3319 5516 3374 5555 re
3406 5501 3572 5586 alreo

397 5659 418 5693 ⁸
445 5660 602 5715 Rom.
641 5677 753 5725 vni,
787 5662 874 5715 29.
943 5661 961 5688 "
995 5660 1160 5714 lCor.
1205 5675 1274 5723 Iv,
1311 5661 1362 5722 5,
1396 5661 1447 5712 ti.
1519 5663 1537 5689 τ
1571 5657 1726 5712 Joan.
1769 5671 1875 5721 xw,

2021 5660 2040 5688 ⁸
2069 5658 2222 5713 Joan.
2261 5677 2310 5726 ξι,
2342 5661 2427 5714 50.
2499 5661 2518 5689 ⁹
2547 5661 2699 5714 Juuu.
2746 5677 2794 5725 κ,
2822 5659 2910 5711 57.
2971 5659 3009 5688 ¹⁰
3047 5655 3182 5710 Juan
3215 5671 3313 5720 xu,
3355 5657 3445 5720 Η,
3473 5653 3566 5707 45.
