3970 6136
424 302 564 361 H83

1449 301 1505 358 S.
1548 298 1812 358 CYRIILI
1850 294 2319 355 ALEXANDRINI
2357 294 2673 353 ARCHIEP.

3541 285 3692 344 H84

423 417 689 483 divulsus,
724 424 817 472 aut
846 424 1128 487 separatus
1168 433 1308 484 sum,
1338 426 1523 489 utpote
1552 418 1740 474 eadem
1774 431 1879 486 qua
1905 414 1992 471 ille

2130 412 2251 484 6ξης
2290 411 2655 482 ἀδιαλώὁητον
2697 408 2976 472 παντελῶς
3028 404 3238 478 ἔχοντος
3295 406 3431 468 πρὸς
3474 404 3646 458 αὐτόν
3672 422 3703 471 ;_

427 519 640 574 natura,
664 511 898 579 potentia
929 527 993 566 ac
1020 512 1187 583 gloria
1213 514 1492 583 praeditus.

500 597 739 652 XXXIV.
790 599 1199 656 Animadvertat
1241 602 1507 672 quispiam
1534 600 1640 657 alio
1676 600 1800 656 item
1837 600 1995 655 modo

431 690 590 746 [idem
642 690 695 744 in
749 706 816 746 se
856 706 1197 762 nequaquam
1246 693 1531 765 repulisse,
1578 693 1792 761 etiamsi
1838 693 1998 747 homo

432 782 608 839 factus
623 794 800 851 esset;
831 784 924 842 sed
952 785 1087 840 citra
1116 785 1275 841 ullam
1300 776 1522 842 Omnino
1557 785 1876 851 sectionem,
1907 791 1999 838 aut

432 874 843 931 distinctionem.
876 876 930 931 in
975 878 1245 948 propriam
1299 893 1585 948 personam
1631 876 1777 933 illam
1823 876 1998 943 admi—

433 966 611 1022 sisse:
643 967 1075 1037 quandoquidem
1108 983 1230 1024 cum
1256 969 1324 1024 ab
1353 976 1475 1031 ortu
1499 983 1699 1024 caacum
1731 974 1997 1032 sanasset,

432 1066 487 1111 et
529 1056 682 1112 dulce
730 1057 832 1114 hoc
879 1056 1259 1130 insuetumque
1306 1060 1406 1130 ipsi
1452 1060 1630 1117 lumen
1684 1059 2000 1115 intuendum

431 1148 767 1218 praebuisset,
801 1148 854 1203 in
880 1165 1076 1220 magna
1108 1152 1302 1208 merito
1334 1152 1691 1208 admiratione
1721 1152 1863 1233 apud
1885 1165 2002 1206 om-

434 1252 529 1292 nes
556 1237 660 1307 3-1
682 1246 820 1295 erat.
849 1237 1047 1294 Verum
1073 1241 1141 1306 is,
1162 1242 1253 1312 qui
1297 1244 1484 1299 morbo
1512 1243 1774 1298 liberatus
1802 1242 2003 1308 fuerat,

434 1331 561 1383 dum
584 1344 614 1385 a
634 1327 832 1385 Judaeis
857 1331 1298 1402 interrogaretur,
1321 1333 1588 1390 medicum
1633 1332 2013 1402 profitebatur.

2167 613 2287 666 AA'.
2314 609 2493 665 Μάθοι
2522 609 2566 662 δ’
2597 609 2662 663 ἄν
2694 625 2777 671 τις
2808 606 2904 661 καὶ
2934 605 3133 677 ἑτέρως
3166 603 3329 657 αύτδν
3372 601 3463 672 τὴν
3499 598 3709 654 πίστιν.

2096 705 2157 759 οὐ
2192 704 2576 774 διωθούμενον,
2607 700 2743 755 ἀλλὰ
2768 701 2939 770 τομῆς
2978 715 3121 761 τινος
3151 696 3275 767 δίχα
3296 695 3394 749 καὶ
3416 693 3697 761 διαφορᾶς

2099 794 2515 864 εἰσδεδεγμένον-
2541 791 2709 863 αὐτὴν
2737 790 2811 854 ὡς
2840 791 2907 850 ὲν,
2930 788 3045 858 ἰδίῳ
3070 786 3369 856 προσώπῳ,
3397 783 3497 836 καὶ
3522 784 3575 834 εἰ
3599 780 3697 848 γέ-

2098 902 2253 953 γονεν
2275 884 2580 956 ἄνθρωπος.
2600 882 2817 952 Ἐπειδὴ
2837 880 2946 952 γὰρ
2972 880 3065 942 τὸν
3100 881 3165 933 ὲκ
3192 877 3421 945 γενετῆς
3445 875 3570 927 ἰᾶτο
3592 889 3694 926 τυο

2101 973 2252 1043 φλδν,
2292 975 2388 1029 καὶ
2435 973 2497 1027 τὸ
2527 972 2698 1042 γλυκὺ
2745 972 2864 1044 μὲν,
2905 970 3073 1040 ἄηθες
3125 968 3169 1022 δ’
3216 962 3308 1021 οὖν
3355 963 3717 1034 ὲνεφύτευσε,

2102 1063 2221 1134 φῶς
2250 1063 2418 1134 αὐτῷ,
2451 1062 2602 1134 παρὰ
2634 1062 2850 1117 πάντων
2888 1062 3112 1125 εἰκότως
3136 1057 3506 1128 ἐθαυμάζετο.
3545 1053 3697 1107 Ἀλλ’

2101 1158 2130 1210 6
2155 1156 2255 1226 μὲν
2275 1155 2369 1209 τοῦ
2400 1154 2602 1219 πάθους
2622 1153 3061 1225 ἀπηλλαγμένος,
3089 1149 3241 1220 παρὰ
3265 1150 3378 1212 τοῖς
3407 1145 3699 1207 Ἰουδαίοις

2105 1247 2371 1318 ἐκρίνετο,
2399 1247 2493 1300 καὶ
2521 1244 2790 1316 ὡμολόγει
2815 1244 2905 1297 τὸν
2943 1241 3147 1314 ἰατρόν·
3183 1240 3417 1311 Χριστὸς
3444 1238 3508 1291 δὲ
3539 1233 3698 1303 αὐτῷ

2107 1338 2440 1409 περιτυχών·
2463 1357 2483 1391 ι
2513 1336 2908 1406 Σὺήπιστεύεις,
2928 1337 3188 1406 ἔφασκεν,
3214 1336 3293 1397 εἰς
3320 1332 3414 1385 τὸν
3437 1328 3571 1383 Υἱὺν
3599 1325 3697 1382 τοῦ

438 1417 571 1472 Nam
609 1434 732 1474 cum
760 1418 1009 1476 Christus
1036 1421 1175 1477 forte
1212 1422 1262 1477 in
1292 1423 1438 1478 illum
1484 1423 1729 1479 incidens
1775 1437 2004 1498 percon-

2130 1428 2240 1483 9305
2262 1446 2276 1495 ;
2299 1447 2317 1479 ι
2351 1428 2456 1482 Τοῦ
2485 1427 2541 1482 δὲ
2563 1470 2577 1495 ,
2610 1447 2628 1479 ι
2666 1427 2762 1492 Τίς
2791 1428 2927 1492 ἐστι,
2958 1426 3152 1498 Κύριε,
3179 1444 3197 1477 ι
3238 1419 3695 1490 διακεκραγάτος.

439 1517 645 1565 taretur
687 1525 703 1564 :
749 1528 770 1562 ι
820 1510 1009 1568 Credis
1049 1515 1101 1567 in
1142 1513 1337 1568 Filium
1390 1514 1480 1569 Dci
1527 1515 1610 1568 “‘3
1672 1533 1691 1567 ι
1747 1513 1835 1569 ille
1880 1526 2009 1569 vero

2130 1538 2133 1571 :
2163 1519 2248 1573 ἵνα
2282 1519 2556 1573 πιστεύσω
2578 1519 2656 1584 εἰς
2687 1516 2848 1576 αἰτόν
2871 1535 2930 1589 ;,»
2956 1515 3273 1585 ἀντεφώνει,
3304 1512 3505 1580 λέγων·
3539 1529 3556 1561 ι
3585 1507 3699 1561 Καὶ

438 1610 624 1658 eontra
662 1603 1042 1661 succlamasset
1074 1621 1086 1657 ε
1125 1624 1144 1658 ι
1190 1606 1321 1673 Quis
1364 1616 1467 1674 est,
1513 1607 1759 1672 Domine,
1784 1596 1850 1660 'ut
1887 1620 2007 1661 cre-

2130 1609 2360 1682 εώρακας
2384 1609 2566 1675 αὐτὸν,
2599 1609 2691 1678 καὶ
2712 1611 2739 1665 ὁ
2762 1608 2940 1663 λαλῶν
2966 1606 3106 1678 μετᾲ
3140 1604 3257 1670 σοῦ,
3286 1602 3500 1665 ἐκεῖνός
3522 1604 3695 1658 ἐστιν.

438 1692 558 1745 dam
577 1691 628 1746 in
649 1707 770 1749 eum
788 1696 831 1727 "
847 1694 901 1748 ii
924 1709 1236 1765 responsum
1260 1696 1377 1750 tulit
1393 1696 1685 1766 ejusmodi:
1711 1714 1729 1748 ι
1753 1695 2007 1750 Etvidisti

2130 1702 2185 1754 Ὀ
2199 1701 2253 1757 δὲ
2276 1700 2399 1771 ἔφη·
2421 1698 2691 1767 Πιστεύω,
2711 1698 2904 1771 Κύριε.
2919 1699 3031 1751 Kal
3051 1696 3461 1768 προσεκύνησεν
3488 1689 3694 1762 αύτῷ.»

441 1796 587 1848 eum,
628 1795 683 1839 ct
719 1785 809 1854 qui
840 1784 1075 1854 loquitur
1113 1794 1313 1853 tecum,
1341 1785 1431 1841 ille
1469 1797 1569 1842 est.
1612 1788 1681 1841 At
1724 1785 1813 1843 ille
1837 1786 2007 1842 dixit:

2130 1793 2307 1848 Καίτοι
2342 1792 2456 1856 πῶς
2486 1791 2584 1862 οὐχ
2616 1791 2787 1846 ἅπασι
2818 1790 3118 1861 συμφανὲς,
3150 1788 3227 1851 ὡς
3255 1787 3505 1848 ἄποπτος
3564 1799 3698 1837 παν·

442 1871 645 1939 Credo,
679 1874 904 1931 Domine
935 1893 949 1929 :
980 1883 1034 1930 et
1060 1876 1305 1932 adoravit
1330 1891 1452 1933 eum
1475 1878 1541 1932 η.
1586 1896 1604 1930 ι
1631 1878 1700 1932 At
1723 1879 1866 1934 enim
1891 1879 2012 1949 quis

2130 1883 2281 1947 τελῶς
2306 1885 2338 1954 ἡ
2367 1881 2485 1935 θεῖα
2509 1900 2567 1935 τε
2594 1883 2686 1936 καὶ
2702 1882 2963 1935 ἀνωτάτω
2985 1880 3145 1951 φύσις
3168 1879 3357 1946 ςιΘεὺν
3386 1878 3501 1948 γὰρ
3525 1876 3719 1947 οὗδεὶςν

447 1962 620 2018 nescit
671 1964 904 2019 divinam
956 1965 1100 2020 illam
1154 1981 1565 2038 supremamque
1621 1980 1866 2025 naturam
1913 1971 2013 2026 sub

2130 1973 2325 2047 ἑώρακε
2368 1973 2609 2040 πώποτε,
2640 1994 2658 2025 ι
2684 1974 2824 2028 κατὰ
2856 1976 2914 2027 τὸ
2942 1972 3351 2044 γεγραμμένον.
3385 1971 3568 2040 Εἷπερ
3608 1963 3723 2021 οὖν.

446 2062 722 2123 aspectum
752 2054 907 2125 plane
938 2070 1042 2110 non
1076 2056 1314 2113 cadere?
1348 2077 1367 2110 ι
1399 2058 1562 2114 Deum
1602 2060 1771 2125 enim,
1798 2070 1855 2115 ut
1884 2061 2017 2116 scri-

2130 2056 2325 2129 ῑιιστὰς
2351 2064 2546 2119 ἑαυτοῦ
2572 2065 2633 2118 τδ
2658 2063 3019 2135 ἀνθρώπινον,
3051 2065 3127 2127 ὡς
3156 2062 3290 2115 αὐτὸ
3310 2061 3376 2131 δὴ
3400 2059 3586 2124 τοῦτο,
3607 2057 3704 2112 καὶ

448 2153 596 2213 ptum
619 2154 704 2198 cst
730 2145 792 2210 “,
829 2159 986 2201 nemo
1014 2146 1144 2201 vidit
1176 2138 1435 2217 unquam.
1474 2169 1492 2203 ι
1539 2150 1595 2205 Si
1620 2151 1786 2220 igitur
1822 2151 2015 2205 huma-

2130 2157 2374 2229 πεφηνὼς
2421 2161 2486 2212 ix
2514 2157 2648 2211 Θεοῦ
2679 2158 2893 2230 Πατρδς
2923 2157 3092 2225 Λόγος
3120 2152 3349 2233 γυμνὸς,
3384 2150 3507 2215 ’καὶ
3545 2149 3702 2220 μόνος

447 2234 672 2290 nitatem
701 2251 731 2289 ε
760 2251 819 2292 se
846 2236 1155 2309 sejungens,
1181 2240 1333 2310 quasi
1360 2242 1414 2296 in
1442 2240 1536 2299 Dei
1566 2242 1797 2299 Verbum
1842 2243 2015 2299 solum

2130 2251 2271 2323 ἡξίου
2298 2250 2669 2309 πιστεύεσθαι·
2694 2250 2747 2305 τί
2771 2250 2863 2329 μὴ.
2881 2250 3079 2322 μᾶλλον
3108 2249 3206 2319 τὴν
3230 2248 3327 2302 τοῦ
3357 2246 3505 2308 Θεοῦ
3541 2243 3703 2313 φύσιν

447 2340 513 2381 ac
533 2325 733 2382 nudum
764 2327 918 2383 fidem
946 2331 1127 2400 exegit
1158 2348 1173 2386 :
1207 2347 1306 2387 cur
1334 2346 1477 2389 caeco
1504 2332 1793 2390 sanitatem
1823 2334 2019 2404 adepto

2130 2340 2531 2410 hyaloineaﬂat
2546 2343 2677 2407 δεῖν,
2697 2342 2819 2415 ἥτις
2843 2325 2971 2394 ποτέ
2998 2341 3135 2405 ἐστι,
3158 2339 3251 2392 τὸν
3271 2333 3333 2392 εὖ
3356 2336 3607 2390 παθόντα
3621 2334 3701 2386 δι-

450 2432 554 2473 non
602 2419 908 2490 imperavit,
952 2438 1019 2477 ne
1058 2423 1110 2477 in
1156 2438 1234 2491 se,
1263 2427 1357 2481 sed
1401 2425 1453 2480 in
1494 2426 1727 2482 divinam
1767 2435 2017 2482 naturam

2130 2431 2421 2499 εκελεύετο,
2456 2431 2742 2503 παρέδειξε
2782 2431 2841 2485 δὲ
2881 2428 3233 2501 σωματικῶς,
3271 2427 3350 2491 ὡς
3390 2427 3489 2480 καὶ
3521 2423 3698 2486 αὐτοῖς

406 2500 407 2503 “
452 2510 648 2564 mentis
704 2509 890 2566 oculos
956 2511 1271 2580 conjiceret,
1322 2513 1416 2568 sed
1465 2515 1702 2585 seipsum
1758 2530 2019 2585 corporeo

2130 2525 2330 2598 ὗμμασι
2381 2500 2824 2579 καταθεάσασθαι
2872 2532 2912 2560 ω
2962 2500 3134 2593 παρόν
3164 2531 3223 2589 ι³;
3270 2519 3382 2591 ἔφη
3437 2518 3566 2589 γὰρ,
3613 2516 3698 2569 δτι

451 2600 726 2656 schemate
749 2600 1012 2667 indutum,
1038 2604 1276 2674 ipsisque
1311 2603 1484 2661 oculis
1512 2606 1814 2677 expositum
1839 2618 2020 2664 osten-

2130 2636 2147 2669 ι
2177 2614 2287 2674 Kal
2312 2615 2563 2687 ἑώρακας
2590 2615 2772 2682 αὑτὸν,
2803 2615 2897 2670 καὶ
2925 2618 2953 2670 6
2973 2613 3148 2668 λαλῶν
3176 2613 3318 2684 μετά
3357 2610 3479 2673 σοῦ,
3501 2606 3702 2670 ἐκεῖνος

453 2690 569 2745 dit?
606 2690 682 2745 ait
725 2692 869 2746 enim
903 2708 918 2745 :
962 2710 982 2744 ι
1034 2693 1100 2748 Ει
1155 2694 1335 2750 vidisti
1378 2710 1521 2764 eum,
1562 2706 1616 2752 et
1654 2699 1746 2768 qui
1787 2698 2021 2769 loquitur

2130 2710 2293 2762 ἐστιν.
2329 2725 2349 2760 ι
2382 2708 2455 2761 Ἦ
2500 2707 2624 2778 οὐχὶ
2669 2705 2767 2778 τὴν
2808 2706 2987 2777 σάρκα
3038 2702 3363 2775 παραδεῖξαι
3415 2702 3701 2771 φήσομενς

456 2791 630 2837 tecum
679 2784 793 2852 ipse
837 2794 938 2840 est.
976 2802 994 2836 ι
1045 2786 1182 2842 Ecce
1227 2788 1445 2843 dubium
1488 2802 1608 2844 esse
1660 2798 1856 2860 potest,
1891 2791 2021 2861 quin

2130 2795 2245 2853 εἶτα
2291 2798 2409 2864 πῶς
2435 2798 2597 2862 αὐτὸς
2628 2796 2695 2852 ἂν
2740 2798 2826 2868 εἴη
2857 2795 3040 2850 λοιπὸν
3065 2796 3099 2866 ή
3136 2792 3296 2868 σὰρξ,
3328 2794 3378 2846 εἰ
3405 2790 3483 2863 μὴ
3534 2792 3706 2842 νοοῖτο

453 2887 649 2943 corpus
680 2888 834 2928 suum
863 2889 1043 2930 coram
1076 2878 1401 2934 cernendum
1433 2878 1779 2936 exhibuerit?
1821 2883 1890 2936 At
1920 2898 2021 2953 quo

2130 2890 2247 2946 καθ’
2272 2890 2490 2957 ἕνωσιν,
2509 2889 2584 2954 ὡς
2613 2887 2774 2951 αὐτὸς
2794 2876 3053 2958 ὑπάρχων
3077 2886 3140 2939 τὸ
3162 2884 3297 2938 τδιον
3317 2881 3511 2945 αὐτοῦς
3542 2878 3703 2934 Καθ-

458 2964 670 3019 tandcm
714 2973 870 3034 pacto
906 2965 1017 3034 ipse
1051 2973 1143 3022 est
1171 2982 1327 3034 caro,
1358 2970 1458 3025 nisi
1491 2971 1541 3026 id
1570 2972 1743 3041 ipsum
1776 2988 1898 3029 esse
1941 2975 2021 3030 in-

2130 2979 2270 3050 άπερ
2314 2977 2509 3050 ἀμέλει
2555 2977 2649 3031 καὶ
2696 2975 2781 3047 ἐφ’
2818 2973 2974 3046 ἡμῶν
3003 2973 3200 3042 γένοιτ’
3236 2972 3333 3027 ἄν·
3359 2964 3700 3043 κατα-δείξειε

459 3055 751 3125 telligatur,
780 3058 922 3126 quod
945 3059 1237 3114 secundum
1266 3061 1516 3115 unionem
1550 3062 1691 3119 illius
1716 3064 1913 3120 factum
1945 3075 2021 3121 est

2130 3071 2237 3143 γὰρ
2265 3068 2329 3124 ἄν
2355 3085 2438 3132 τις
2469 3068 2531 3120 οὐ
2577 3066 3016 3139 μεμερισμένως,
3059 3064 3180 3118 οὐδὲ
3219 3059 3410 3123 ἀτελῶς
3444 3059 3537 3111 τδν
3566 3053 3702 3112 καθ’

459 3143 776 3214 proprium?
820 3143 1006 3200 Simile
1034 3147 1173 3232 quid
1203 3146 1256 3200 in
1302 3146 1455 3202 nobis
1493 3162 1709 3219 quoque
1746 3151 2021 3210 observare

2140 3162 2280 3232 ἡμᾶς
2310 3158 2617 3231 ἄνθρωπον,
2644 3155 2736 3210 τὸν
2757 3157 2822 3209 ἐκ
2847 3154 3023 3226 ψυχῆς
3060 3152 3126 3225 δὴ
3147 3153 3290 3223 λέγω
3310 3151 3400 3205 καὶ
3426 3146 3723 3223 σώματος,ε

462 3233 607 3287 licet.
651 3232 817 3288 Nemo
865 3234 1007 3288 enim
1056 3230 1327 3291 hominem
1372 3251 1435 3293 ex
1488 3240 1666 3292 anima
1713 3252 1767 3296 et
1808 3257 2021 3312 corpore

2260 3250 2367 3305 ἀπὸ
2392 3248 2558 3323 μόνης
2590 3244 2751 3301 αὐτοῦ
2778 3244 3132 3323 τῆς-σαρκός,

462 3333 800 3380 constantem
851 3326 1067 3381 divisim
1116 3343 1179 3384 ac
1226 3344 1293 3385 ex
1345 3337 1500 3400 parte
1558 3340 1833 3399 ostensum
1898 3338 2043 3409 vum
2398 3322 2423 3335 κ.
2856 3322 2866 3328 ,

462 3416 672 3472 etiamsi
694 3417 862 3472 solam
895 3432 1110 3473 carnem
1140 3419 1379 3491 designet
1406 3439 1420 3489 ;
1454 3423 1549 3478 sed
1579 3424 1769 3480 totum.

536 3503 754 3560 XXXV.
830 3505 1029 3563 Scribit
1072 3508 1173 3564 hac
1210 3510 1276 3565 de
1333 3524 1391 3566 re
1423 3512 1749 3583 evangelista
1799 3514 2038 3575 Joannes

466 3610 728 3667 quoque:
769 3615 788 3649 ‹
826 3596 1011 3665 Multa,
1044 3599 1141 3666 ait,
1187 3609 1242 3656 et
1280 3601 1386 3657 alia
1429 3602 1581 3674 signa
1626 3603 1754 3662 fecit
1793 3605 1951 3665 Iesus
1982 3611 2036 3667 in

468 3698 759 3757 conspectu
811 3688 1213 3760 discipulorum,
1250 3706 1371 3763 quae
1415 3710 1519 3750 non
1560 3707 1687 3754 sunt
1728 3702 1926 3773 scripta
1984 3705 2036 3759 in

469 3779 609 3835 libro
651 3780 776 3835 hoc.
833 3779 959 3837 Hac
1016 3791 1198 3838 autem
1244 3785 1444 3855 scripta
1499 3796 1659 3857 sunt,
1712 3802 1772 3846 ut
1812 3794 2040 3850 credatis

468 3870 598 3940 quia
631 3870 790 3928 Jesus
816 3880 899 3928 est
928 3872 1176 3930 Christus
1203 3874 1373 3931 Filius
1430 3876 1547 3945 Dei,
1578 3888 1633 3935 et
1663 3891 1721 3935 ut
1760 3886 2042 3941 credentes

471 3963 633 4018 vitam
662 3963 904 4020 habeatis
933 3964 987 4019 in
1020 3967 1242 4022 nomine
1267 3969 1468 4039 ejus".
1499 3990 1518 4023 ι
1552 3970 1729 4041 Eque
1778 3974 2041 4034 admirari

2208 3523 2331 3578 AE’.
2360 3519 2609 3591 Γέγραφε
2639 3518 2697 3573 δέ
2729 3534 2832 3572 που
2877 3517 2971 3571 καὶ
2992 3517 3020 3570 6
3056 3515 3220 3585 σοφὸς
3261 3514 3399 3585 ἡμῖν
3437 3508 3715 3580 Ἰωάννης.

2140 3614 2223 3668 ὅτι
2260 3633 2277 3666 ι
2307 3610 2486 3668 Πολλὰ
2534 3611 2631 3682 μὲν
2658 3604 2751 3664 οὖν
2774 3609 2868 3663 καὶ
2899 3607 3033 3663 ἄλλα
3056 3607 3259 3678 σημεῖα
3281 3605 3545 3674 ἐποίησεν
3574 3599 3719 3672 6‘11:-

2141 3705 2268 3770 σοῦς
2299 3702 2528 3761 ἐνώπιον
2571 3701 2680 3755 τῶν
2728 3698 2987 3771 μαθητῶν
3027 3696 3215 3759 αὑτοῦ.
3251 3695 3287 3750 ἃ
3318 3696 3427 3749 οὐκ
3472 3694 3592 3748 ἔστι
3630 3709 3720 3759 γε·

2141 3796 2434 3871 γραμμένα
2458 3796 2517 3849 ὲν
2545 3793 2622 3865 τῷ
2649 3791 2839 3863 βιϐλίῳ
2862 3791 3057 3862 τούτῳ.
3082 3789 3271 3845 Ταῦτα
3295 3788 3357 3841 δὲ
3381 3787 3715 3859 γέγραπται.

2142 3889 2231 3944 ἵνα
2262 3885 2612 3957 πιστεύσητε,
2635 3884 2719 3938 ὅτι
2759 3882 2966 3954 Ἰησοῦς
3012 3882 3160 3935 ἐστιν
3193 3880 3223 3933 6
3254 3878 3499 3951 Χριστὸς
3540 3878 3580 3942 6_
3601 3875 3718 3937 Υἱὸς

2141 3977 2236 4035 τοῦ
2277 3978 2414 4034 Θεοῦ
2439 4020 2454 4046 ,
2503 3977 2598 4033 καὶ
2643 3977 2730 4030 i'va
2772 3973 3124 4036 πιστεύοντες
3161 3971 3306 4038 ζωὴν
3355 3970 3524 4040 ἔχητε
3554 3971 3616 4023 ὲν
3646 3966 3719 4036 τῷ

472 4057 575 4112 hoc
605 4057 722 4114 loco
744 4066 800 4112 et
826 4057 1065 4114 divinum
1088 4074 1302 4129 quoque
1332 4060 1550 4119 Petrum
1576 4064 1701 4121 licet
1730 4080 1743 4118 :
1777 4066 1865 4123 hic
1896 4068 2021 4123 enin

2143 4072 2365 4142 ὀνόματι
2396 4068 2585 4125 αὑτοῦ.
2612 4087 2629 4120 ι
2660 4064 3047 4136 Κατατεθήποι
3077 4063 3122 4116 δ’
3152 4064 3216 4118 ἄν
3241 4079 3328 4126 τις
3359 4061 3422 4115 ού
3458 4063 3613 4133 μεῖον
3633 4058 3720 4112 καὶ

470 4146 736 4216 intrepide
789 4149 1099 4219 discrthue
1126 4150 1344 4209 Iudaeos
1386 4154 1650 4225 ejusmodi
1683 4157 1927 4214 oratione
1958 4158 2021 4213 af

2142 4164 2234 4218 τὸν
2279 4161 2565 4217 θεσπέσιον
2612 4158 2842 4229 Πέτρον,
2887 4154 3164 4222 Ἰουδαίοις
3211 4150 3722 4224 προσπεφωνηκότα

471 4234 616 4290 fatur
644 4251 661 4292 :
702 4255 720 4287 ι
758 4235 1034 4307 Principes
1067 4238 1267 4309 populi,
1302 4249 1357 4296 et
1384 4244 1650 4311 seniores,
1680 4248 1725 4300 si
1757 4261 1856 4303 nos
1885 4248 2021 4303 hodie

2148 4255 2334 4325 σαφῶς
2375 4254 2468 4309 καὶ
2520 4249 2820 4321 ἀναφανδόν
2845 4266 2859 4279 ·
2898 4265 2917 4300 t
2959 4247 3255 4317 ’Ἄρχοντες
3290 4244 3390 4298 τοῦ
3438 4244 3576 4299 λαοῦ
3634 4241 3724 4296 καὶ

472 4326 830 4397 dijudicamur
879 4331 932 4386 in
983 4330 1268 4389 benelarto
1312 4335 1548 4394 hominis
1595 4339 1813 4407 inﬁrmi,
1849 4341 1902 4396 in
1940 4357 2021 4411 qm

2148 4343 2529 4416 πρεσϐύτεροι,
2582 4341 2631 4394 εἰ
2680 4340 2842 4416 ᾐμεῖς
2892 4339 3136 4411 σήμερον
3183 4335 3603 4407 ἀνακρινόμεθα
3644 4334 3724 4387 ἐπ’

473 4418 575 4474 iste
604 4421 785 4478 salvus
825 4422 998 4479 factus
1036 4435 1119 4481 est
1152 4442 1165 4479 :
1207 4438 1390 4483 notum
1424 4433 1495 4486 sit
1525 4433 1778 4489 omnibus
1811 4436 1962 4491 vobis
1993 4453 2021 4492 e

2149 4411 2438 4507 εύεργεσίᾳξ
2479 4411 2771 4507 ἀνθρώπου
2813 4428 3091 4494 ἀσθενοῦς,
3117 4430 3176 4484 ὲν
3215 4427 3324 4482 τίνι
3353 4420 3515 4491 οὗτος
3558 4428 3727 4480 σέσω-

473 4512 618 4565 omni
647 4513 785 4582 plebi
819 4514 1001 4583 Israel,
1040 4518 1182 4588 quod
1208 4521 1260 4574 in
1301 4522 1518 4578 nomine
1546 4522 1670 4580 Jcsu
1700 4524 1900 4582 Christi
1943 4526 2019 4582 Na

2150 4544 2272 4580 σται
2292 4543 2304 4555 ·
2342 4524 2582 4595 γνωστὸν
2612 4512 2753 4577 ἔστω
2798 4525 2965 4576 πᾶσιν
2999 4523 3147 4592 ὑμῖν,
3185 4521 3279 4575 καὶ
3314 4519 3485 4573 παντὶ
3508 4517 3592 4599 τῷ
3621 4515 3729 4587 ὶαῷ

477 4604 680 4670 zareni,
718 4620 879 4674 quem
911 4623 1007 4665 vos
1034 4612 1403 4677 cruciﬁxistis,
1435 4631 1595 4685 quem
1641 4617 1781 4671 Deus
1816 4620 2012 4674 suscita

2160 4617 2409 4689 Ἰσραὴλ,
2433 4617 2514 4670 δτι
2540 4618 2596 4668 ὲν
2620 4614 2697 4686 τῷ
2733 4614 2959 4686 ὀνόματι
3000 4611 3175 4683 Ἰησοῦ
3209 4611 3450 4683 Χριστοῦ
3476 4609 3575 4663 τοῦ
3619 4609 3727 4661 Na-

476 4695 552 4748 vit
585 4709 648 4749 ex
688 4699 932 4766 mortuis,
972 4699 1026 4754 in
1076 4701 1177 4757 hoc
1218 4704 1319 4760 iste
1362 4713 1503 4760 astat
1544 4721 1726 4762 coram
1772 4709 1922 4764 vobis
1956 4725 2014 4765 sa

2150 4697 2410 4781 ζωραεου,
2438 4707 2497 4760 ὃν
2530 4694 2697 4777 ὑμεῖς
2727 4704 3132 4776 ἐσταυρώσατε,
3159 4702 3218 4756 ὃν
3245 4702 3275 4754 6
3321 4700 3456 4763 Θεδς
3509 4700 3729 4771 ἡγειρει

478 4800 581 4840 nus
607 4785 669 4840 ¹⁶.
706 4804 726 4838 ι
755 4787 819 4841 Et
838 4799 958 4857 post
980 4791 1081 4847 alia
1106 4808 1318 4849 rursum
1347 4814 1359 4851 :
1397 4814 1416 4849 ι
1448 4796 1515 4851 Εῑ
1547 4813 1652 4854 non
1680 4808 1761 4854 est
1788 4801 1838 4854 in
1864 4800 2021 4871 aliqui

2152 4801 2217 4854 ὲκ
2263 4797 2489 4870 νεκρῶν,
2543 4798 2601 4850 ὲν
2655 4795 2829 4864 τούτῳ
2872 4789 3026 4858 οὗτος
3084 4791 3434 4865 παρέστηκεν
3500 4789 3732 4843 ἐνώπιον

479 4875 586 4930 alio
614 4876 781 4934 salus.
840 4880 1024 4951 Ncquc
1050 4887 1193 4940 enim
1230 4888 1373 4944 aliud
1410 4904 1603 4945 nomen
1636 4890 1742 4961 32
1771 4892 1871 4947 sub
1908 4892 2021 4948 coah

2149 4889 2304 4960 ὑμῶν
2329 4890 2541 4959 ὑγιής.»
2572 4887 2684 4941 Kal
2703 4886 2821 4957 μεθ’
2843 4885 3007 4957 ἕτερα
3035 4883 3199 4938 πάλιν
3221 4898 3237 4912 ·
3267 4900 3286 4934 ι
3312 4881 3425 4934 Kal
3450 4882 3558 4934 οὐκ
3585 4878 3733 4931 ἐστιν

2150 4984 2209 5046 ἐν
2237 4981 2381 5052 ἄλλῳ
2413 4980 2589 5034 οὐδενὶ
2614 4982 2647 5050 ἡ
2692 4977 2935 5051 σωτηρία
2959 4992 2976 5009 ο
3009 4975 3129 5031 οὐδὲ
3174 4973 3286 5046 γὰρ
3316 4972 3509 5043 ἕτερον
3562 4968 3735 5042 δνομὰ

2151 5073 2298 5124 ἐστιν
2322 5071 2426 5124 ὑπὸ
2453 5071 2543 5123 τὸν
2572 5068 2799 5139 οὐρανὸν
2821 5067 2880 5131 τὸ
2910 5064 3193 5136 δεδομένον
3226 5066 3286 5118 ὲν
3310 5059 3652 5133 ἀνθρώποις,
3680 5063 3735 5112 ὲν

2151 5157 2196 5233 ᾧ
2231 5164 2310 5217 δεῖ
2344 5164 2583 5235 σωθῆναι
2608 5164 2772 5233 ἡμᾶς.
2815 5179 2834 5213 ι
2868 5161 2964 5222 Τίς
2995 5155 3088 5213 οὖν
3127 5157 3237 5230 ἄρα
3276 5157 3424 5212 ἐστὶν
3460 5158 3491 5209 6
3516 5155 3611 5208 καὶ
3645 5154 3738 5208 θά-

481 4968 663 5022 datum
697 4977 783 5025 est
820 4970 1147 5043 hominibus,
1199 4978 1249 5032 in
1297 4995 1404 5049 quo
1437 4990 1685 5050 oporteat
1725 4998 1823 5039 nos
1871 4984 2047 5040 Salvos

485 5056 599 5114 ﬁeri
632 5060 695 5114 ".
760 5079 778 5112 ι
824 5061 1042 5130 Ecquis,
1085 5068 1329 5135 obsecro,
1357 5082 1441 5125 est
1487 5071 1576 5127 ille
1614 5073 1704 5143 qui
1734 5083 1789 5129 et
1819 5086 2046 5130 mortem

483 5149 667 5215 subiit,
699 5160 752 5205 ct
781 5167 903 5209 cum
934 5154 1204 5227 triumpho
1234 5176 1261 5213 a
1297 5163 1523 5215 mortuis
1548 5165 1834 5231 excitatus,
1862 5176 1916 5220 et
1945 5164 2048 5219 Na-

566 5322 606 5391 ξ’
632 5320 786 5375 Jonu.
814 5341 890 5391 Ix,
920 5326 1011 5383 25.
1081 5331 1123 5362 ¹³
1153 5331 1283 5387 ibid.
1310 5333 1397 5388 56.

566 5323 606 5399 ξ’
632 5323 786 5375 Jonu.
814 5341 890 5391 Ix,
920 5326 1011 5383 25.
1081 5331 1123 5362 ¹³
1153 5331 1283 5387 ibid.
1310 5333 1397 5388 56.
1503 5335 1546 5367 "
1575 5336 1704 5391 ibid.
1745 5336 1835 5400 57,
1882 5339 1971 5393 58.

497 5388 536 5418 ⁸⁷
565 5389 695 5444 Ibid.
723 5393 803 5445 ιε.

2137 5337 2294 5395 Joan.
2324 5324 2362 5405 ι,
2406 5339 2491 5392 18.
2561 5338 2603 5369 "
2647 5334 2802 5395 loan.
2834 5331 3044 5403 “,30,
3072 5331 3161 5387 51.
3236 5329 3284 5364 ⁸⁸
3309 5329 3431 5395 Act.
3464 5343 3540 5394 tv,
3578 5323 3735 5382 840.

1504 5597 1516 5609 .
1592 5559 1764 5616 Varia:
1800 5560 2053 5620 lectiones
2097 5563 2303 5622 codicis
2334 5563 2687 5635 chuieriani.

570 5690 612 5730 tn
642 5678 1003 5735 καταθεᾶσθαι
1036 5682 1239 5749 παρών.
1316 5695 1342 5724 ιι
1377 5691 1635 5760 παρόντα.
