3970 6136
274 257 412 313 “85

1228 250 1315 305 DE
1353 249 1577 309 necra
1617 220 1772 307 FlDD
1813 251 1905 305 AD
1945 251 2390 309 THEODOSIUM
2431 253 2565 309 IMP.

3378 236 3513 305 “86

271 384 431 425 νατον
465 365 685 429 ὑποδὺς,
724 363 817 421 καὶ
852 361 1219 435 ἐγηγερμένος
1259 365 1316 417 ἐν
1354 364 1500 439 δόξῃ,
1528 367 1622 421 καὶ
1649 367 1844 421 ἐκΝα-

1961 382 2177 425 zarenus
2236 369 2529 439 appellatus
2568 367 2686 436 fuit,
2737 368 2835 424 nisi
2887 368 3134 423 Christus
3183 365 3359 431 Iesus,
3413 362 3517 419 hoc

274 460 463 529 ζαρὲτ,
495 458 544 511 εἰ
574 457 649 529 μὴ
671 448 905 527 Χριστὸς
945 452 1167 527 Ἰησοῦς,
1209 458 1484 511 τουτέστιν
1512 461 1540 512 6
1572 459 1676 529 πρὸ
1708 476 1842 513 παν-

275 551 367 614 τὸς
400 550 499 621 μὲν
533 548 725 611 αἰῶνος
754 547 819 602 ἐκ
839 546 974 600 Θεοῦ
1003 548 1215 619 Πατρὸς
1235 549 1562 621 ἁποῤῥήτως
1586 568 1847 622 γεγεννη-

1945 469 2047 527 est,
2104 477 2240 515 unus
2283 462 2387 526 ille,
2435 461 2524 531 qui
2580 461 2940 531 inexplicabili
2985 459 3144 515 modo
3190 469 3315 513 ante
3357 472 3519 511 omne
3584 516 3587 519 ,

1945 566 2115 605 mvum
2146 567 2211 607 ex
2239 550 2347 606 Deo
2379 550 2537 606 Patre
2562 551 2796 621 genitus,
2826 551 3014 605 ultimo
3046 551 3147 604 hoc
3175 559 3230 604 et
3258 547 3323 602 ad
3356 547 3516 600 linem

280 642 462 712 μένος,
498 642 555 693 ἐν
582 639 638 693 δέ
664 656 725 707 γε
757 636 835 708 τῷ
865 637 1063 709 λοίσθῳ
1103 640 1197 693 καὶ
1225 641 1305 704 εἰς
1332 640 1501 711 πέρας
1538 642 1722 712 ἥκοντι
1751 640 1844 695 τοῦ

1968 657 2051 695 am
2081 642 2398 703 decurrente
2430 641 2608 697 smculi
2641 649 2879 708 tempore
2924 639 3280 710 corporaliter
3307 651 3521 708 quoque

278 726 474 796 αἰῶνος
517 729 712 800 καιρῷ,
739 729 833 784 καὶ
880 731 1206 801 σωματικῶς
1238 733 1302 785 ἐκ
1334 733 1623 802 γυναικός;
1658 734 1716 787 ὐ
1754 734 1845 787 πί-

282 839 399 876 στιν
433 816 525 877 οὖν
554 821 659 891 ἄρα
686 818 785 891 τὴν
831 819 970 891 πρὸς
1010 821 1174 875 αὑτὸν
1206 829 1231 858 °
1266 824 1644 895 προσιέμενος,
1675 826 1847 896 γέρας

280 911 565 964 ἀποίσεται
610 908 672 962 τὸ
737 908 1047 979 ἐξαίρετον·
1097 910 1514 984 διακεκλήσεται
1564 915 1673 986 γὰρ
1732 915 1849 980 υἱὸς

278 1002 433 1057 Θεοῦ.
473 1020 492 1054 ι
527 1000 682 1054 Ὅσοι
719 999 829 1072 γὰρ
859 1000 1048 1055 ἔλαϐον
1086 1003 1272 1070 αὐτὸν,
1309 1004 1506 1060 ἔδωκεν
1545 1008 1728 1072 αὐτοῖς
1764 1007 1848 1074 ἐξ·

277 1092 464 1146 ουσίαν
498 1089 665 1146 τέκνα
695 1090 831 1144 Θεοῦ
864 1091 1138 1160 γενέσθαι,
1170 1097 1282 1159 τοῖς
1310 1092 1653 1152 πιστεύουσιν
1676 1100 1755 1163 εἰς
1789 1088 1850 1153 τὸ

276 1183 447 1254 ὄνομα
474 1181 640 1237 αὑτοῦ
667 1201 681 1215 ο
710 1182 760 1236 οἳ
793 1183 893 1238 οὐκ
916 1184 973 1251 ἐξ
1000 1182 1265 1256 αἱμάτων,
1300 1186 1420 1242 οὐδὲ
1456 1185 1519 1244 ὲκ
1549 1189 1850 1263 θελήματος

280 1273 500 1344 σαρκὸς,
553 1272 675 1326 οὐδὲ
718 1272 783 1326 ἐκ
832 1272 1135 1345 θελήματος
1183 1277 1394 1350 ἀνδρὸς,
1451 1281 1563 1334 ἀλλ’
1597 1284 1662 1336 ὲκ
1713 1283 1847 1337 Θεοῦ

270 1362 667 1434 ἐγεννήθησαν.
705 1380 724 1414 ι
764 1363 885 1418 ἰνα
915 1365 1023 1435 γὰρ
1059 1366 1283 1439 γένηται
1326 1368 1622 1442 πρωτεύων
1652 1375 1711 1428 ἐν
1741 1377 1848 1429 πᾶ-

281 1470 365 1506 σιν
398 1453 582 1519 αὐτὸς,
639 1453 782 1508 καθά
833 1455 1162 1526 γέγραπται,
1209 1477 1228 1510 ‹
1273 1461 1597 1533 γεγέννηται
1651 1455 1751 1535 μὲν
1785 1466 1849 1520 ἐκ

280 1543 564 1611 γυναικός.
607 1562 626 1596 ›

352 1635 494 1700 ΜΤ.
535 1634 751 1705 Ἐπειδὴ
785 1634 842 1688 δέ
872 1637 1023 1690 ἐστιν
1052 1638 1271 1711 ἀπαρχὴ
1303 1641 1404 1713 τῆς
1428 1643 1844 1718 άναμορφουμέ-

283 1740 382 1793 νης
411 1724 643 1788 κτίσεως
661 1725 729 1778 δι’
757 1727 1030 1798 ἁγιασμοῦ
1056 1730 1193 1800 πρὸς
1217 1732 1371 1799 Θεὸν,
1399 1737 1494 1790 καὶ
1521 1738 1628 1809 πρό
1651 1756 1716 1809 γε
1738 1741 1849 1794 τῶν

274 1815 463 1867 ’ἄλλων
495 1815 658 1879 αὐτὸς
701 1818 954 1887 γεννητὸς
999 1820 1212 1893 ἐδείχθη
1273 1824 1338 1878 ὲκ
1367 1826 1701 1899 Πνεύματος,
1752 1833 1849 1903 τὴν

272 1906 481 1977 ’ἀνδρός
509 1922 567 1959 τε
600 1906 694 1961 καὶ
738 1909 996 1976 γυναικὸς
1019 1911 1082 1964 οὐ
1123 1916 1430 1985 περιμένων
1480 1921 1715 1985 σύνοδον,
1757 1926 1851 1978 καὶ

285 1998 386 2050 οὐκ
420 1997 613 2068 ἀτιμίᾳ
646 1998 740 2052 καὶ
771 1998 948 2072 μώμῳ
997 2003 1373 2070 καταδικάζων
1414 2010 1510 2081 τὴν
1545 2013 1706 2080 φύσιν
1750 2016 1853 2085 (τί-

288 2094 408 2159 μιος
433 2091 589 2161 γὰρο
617 2091 816 2162 γάμος,
844 2090 940 2145 καὶ
974 2110 993 2145 ι
1021 2094 1050 2146 6
1084 2092 1297 2161 πλάσας
1334 2095 1427 2153 ἀπ’
1456 2092 1650 2174 ἀρχῆς,
1687 2105 1854 2177 ἄρσεν

285 2179 381 2232 καὶ
416 2179 553 2249 θῆλυ
605 2182 862 2251 ἐποίησεν
891 2183 1136 2256 αὐτοὺς),
1169 2185 1302 2242 ἀλλὰ
1339 2188 1416 2260 τῷ
1466 2193 1671 2263 μείζονι
1701 2206 1726 2246 P
1761 2198 1855 2250 καὶ

285 2270 635 2340 ἁσυγκρίτως
683 2272 1063 2344 ὑπερκειμένῳ
1120 2277 1442 2348 προσνέμων
1491 2282 1589 2353 ἤδη
1641 2301 1756 2350 πως
1787 2287 1857 2340 τὰ

285 2357 637 2447 ἀνθρώπιναο
672 2360 965 2430 γεννητοὺς
1001 2360 1111 2433 γὰρ
1144 2363 1477 2435 Πνεύματος,
1510 2369 1608 2420 οὐκ
1646 2371 1857 2443 ἀνδρῶν

279 2449 434 2518 ’ἡμᾶς
477 2447 559 2501 ἔτι
609 2448 965 2531 χρηματίζειν
1007 2450 1184 2522 ἤθελε.
1219 2454 1329 2507 Καὶ
1367 2456 1515 2523 γοῦν,
1564 2475 1583 2509 ι
1614 2459 1855 2531 Πατέρα,

286 2539 445 2610 φησὶ,
477 2537 554 2610 μὴ
577 2537 843 2608 καλέσητε
870 2539 1022 2611 ὑμῶν
1052 2542 1145 2596 ἐπὶ
1182 2542 1282 2613 τῆς
1320 2542 1450 2617 γῆς·
1484 2542 1564 2611 εἷς
1585 2550 1689 2621 γάρ
1712 2552 1860 2606 ἐστιν

294 2630 323 2680 6
348 2626 538 2699 Πατὴρ
581 2627 736 2698 ὑμῶν
760 2630 789 2681 6
819 2629 1085 2701 οὐράνιος,
1119 2631 1319 2696 πάντες
1360 2635 1418 2688 δὲ
1450 2636 1605 2706 ὑμεῖς
1648 2639 1860 2709 ἀδελφοί

297 2721 441 2771 ἐστε.
477 2736 496 2770 ι
535 2717 743 2772 Οὐκοῦν
770 2719 1069 2791 ἀμώμητον
1100 2725 1377 2789 παντελῶς
1398 2726 1458 2779 τὸ
1482 2730 1758 2784 πιστεύειν
1782 2734 1862 2796 εἰς

298 2811 482 2877 αὐτὸν,
527 2812 726 2882 μᾶλλον
755 2811 810 2867 δὲ
836 2815 928 2868 καὶ
957 2817 1024 2886 τῇ
1048 2814 1157 2869 τῶν
1180 2816 1665 2891 πλημμελημάτων
1688 2825 1864 2895 ἀμνη-

1946 748 2012 786 ex
2060 724 2282 789 muliere
2337 742 2496 787 natus
2545 734 2672 787 est?
2715 730 2865 787 Unde
2924 732 3017 801 qui
3076 731 3230 784 fidem
3263 729 3314 782 in
3345 729 3520 797 ipsum

1947 812 2257 891 complexus
2286 824 2464 891 fuerit,
2495 824 2745 879 eximiam
2773 824 2896 878 inde
2931 821 3230 876 mercedem
3259 819 3519 888 gloriam-

1949 927 2052 981 que
2093 914 2385 983 reportabit
2416 930 2431 965 ι
2465 913 2742 968 vocabitur
2786 926 3016 981 namque
3059 910 3224 964 Filius
3254 909 3368 963 Dei.
3430 902 3524 962 Est

1949 1005 2089 1058 cnim
2117 1000 2254 1074 apud
2283 1014 2527 1059 sancttlut
2557 994 2818 1058 Joannem
2854 1019 2869 1058 :
2902 1021 2922 1053 ι
2954 1001 3226 1070 Quotquot
3251 1001 3393 1052 enim
3437 1012 3523 1051 re-

1948 1105 2208 1166 Ceperunt
2236 1096 2404 1162 illum,
2437 1095 2586 1149 dedit
2616 1095 2723 1150 illis
2756 1102 3074 1162 potestatem
3106 1092 3242 1146 filios
3270 1090 3359 1145 Dei
3386 1089 3521 1151 fieri,

1950 1190 2032 1244 bis
2069 1188 2159 1258 qui
2198 1188 2427 1244 Credunt
2467 1191 2521 1242 in
2554 1187 2769 1242 nomine
2821 1189 2977 1253 ejus;
3016 1183 3104 1250 qui
3150 1198 3253 1237 non
3287 1197 3351 1236 ex
3400 1196 3524 1236 san-

1949 1282 2220 1352 guinibus.
2260 1283 2433 1350 neque
2459 1296 2522 1335 ex
2563 1278 2836 1336 voluntate
2880 1276 3077 1342 carnis,
3136 1288 3307 1344 neque
3335 1288 3398 1327 ex
3430 1286 3525 1325 vo-

1950 1371 2157 1427 luntate
2182 1362 2422 1437 'viri,'sed
2450 1386 2516 1426 ex
2551 1371 2657 1425 Deo
2683 1371 2791 1424 nati
2815 1368 3020 1424 sunt“.
3063 1387 3082 1420 ι
3116 1365 3248 1420 Nam
3280 1379 3386 1434 quo
3413 1364 3526 1433 ipse

1949 1459 2237 1530 primatum
2270 1461 2321 1514 in
2350 1475 2536 1513 omnes
2564 1460 2853 1522 obtineret,
2877 1470 2931 1512 ut
2957 1457 3214 1527 scriptum
3236 1454 3426 1521 cst",t
3460 1466 3524 1506 ex

1951 1548 2173 1603 muliere
2203 1548 2347 1601 nasci
2391 1548 2554 1602 voluit
2583 1548 2648 1602 ".
2699 1566 2718 1598 ι

2022 1636 2261 1692 XXXVI.
2295 1634 2426 1705 Quia
2464 1654 2589 1693 vero
2629 1649 2889 1693 creatura;
2922 1654 3017 1707 per
3048 1630 3525 1690 sanctificatione):

1953 1731 2092 1799 apud
2145 1732 2306 1784 Deum
2360 1727 2660 1784 reformatae
2697 1729 2907 1782 initium
2973 1729 3207 1791 exstitit,
3248 1729 3362 1796 ipse
3418 1741 3527 1795 pra:

1956 1824 2165 1877 cmteris
2191 1820 2439 1876 omnibus
2472 1836 2535 1875 ex
2572 1820 2779 1888 Spiritu
2824 1820 3036 1889 genitus
3078 1818 3400 1882 declaratur,
3435 1823 3526 1869 ut.

1956 1926 2081 1986 pote
2101 1913 2341 1982 "absque
2388 1911 2487 1965 viri
2538 1911 2885 1981 mulierisque
2932 1925 3220 1978 congressu
3264 1908 3315 1962 in
3354 1906 3527 1961 lucem

1960 2007 2130 2061 fusus.
2159 2004 2347 2074 Neque
2381 2004 2582 2059 idcirco
2623 2013 2797 2057 tamen
2830 2003 3060 2072 aliquam
3104 2000 3405 2073 ignominiae
3436 2014 3530 2054 no-

1959 2108 2068 2154 tam
2098 2107 2303 2152 naturae
2333 2097 2549 2150 inurere
2578 2094 2745 2149 voluit
2774 2100 2936 2165 (sunt
2963 2093 3104 2149 enim
3137 2093 3338 2162 nuptiae
3364 2092 3531 2145 Itono-

1961 2189 2160 2243 rabiles
2188 2189 2251 2253 ",
2280 2196 2334 2242 et
2364 2205 2382 2237 ι
2409 2186 2499 2257 qui
2530 2185 2680 2239 initio
2711 2184 2961 2239 formavit
2986 2183 3188 2247 omnia,
3235 2180 3528 2236 masculum

1962 2288 2015 2334 et
2046 2278 2297 2333 feminam
2328 2276 2458 2330 fecit
2501 2291 2595 2331 eos
2619 2276 2665 2305 ¹²
2696 2294 2715 2326 ι
2738 2274 2780 2345 ),
2825 2275 2920 2327 sed
2970 2281 3214 2326 naturam
3243 2272 3528 2326 humanam

1962 2369 2318 2439 prmstautiori
2362 2366 2651 2435 multisque
2680 2365 2920 2433 partibus
2950 2363 3318 2418 excellentiori
3355 2363 3531 2432 digni-

1967 2469 2074 2513 tate
2131 2456 2589 2512 cohonestandam
2641 2454 2897 2524 putavit:
2937 2468 3039 2507 non
3078 2453 3220 2506 enim
3273 2451 3397 2518 viri,
3439 2449 3535 2506 sed

1968 2549 2199 2621 Spiritus
2234 2563 2451 2616 germen
2494 2560 2614 2601 esse
2654 2545 2906 2612 deinceps
2949 2558 3046 2598 nos
3095 2542 3263 2597 voluit
3295 2556 3310 2595 :
3348 2552 3401 2596 et
3431 2542 3535 2596 huc

1968 2647 2176 2707 spectat
2208 2655 2221 2692 :
2257 2654 2276 2688 ι
2313 2635 2526 2690 Patrem
2556 2635 2721 2689 nolite
2742 2633 2892 2688 vobis
2916 2646 3105 2686 vocare
3129 2644 3289 2700 super
3311 2638 3531 2685 terram.

1971 2726 2121 2787 Unus
2151 2729 2292 2783 enim
2324 2739 2407 2783 est
2445 2726 2600 2781 Pater
2630 2734 2809 2780 vester
2839 2724 3073 2779 ctelestis
3105 2739 3117 2776 :
3148 2738 3334 2778 omnes
3356 2732 3534 2777 autem

1970 2837 2066 2876 vos
2106 2819 2300 2874 fratres
2343 2818 2473 2873 estis
2494 2818 2559 2872 ’³.
2599 2835 2618 2869 ι
2656 2814 3012 2882 Quamobrem
3050 2812 3103 2866 in
3137 2813 3284 2868 illum
3317 2812 3541 2867 credere

300 2903 424 2973 στίᾳ
472 2904 778 2975 τετίμηται.
828 2904 1032 2976 Γράφει
1083 2905 1140 2959 δὲ
1176 2900 1277 2960 ὧδε
1329 2908 1490 2963 πάλιν
1529 2913 1558 2965 6
1614 2908 1855 2986 ἔκκριτος

1969 2914 2112 2969 omni
2142 2925 2361 2982 prorsus
2406 2909 2821 2981 reprehensione
2851 2918 3005 2964 vacat
3033 2925 3048 2973 ;
3086 2909 3193 2961 into
3224 2905 3365 2961 istud
3414 2918 3541 2973 pec-

292 2993 502 3058 Παῦλος
522 3010 537 3024 ⁶
572 3013 590 3046 ι
623 2994 840 3061 Εεδότες
860 2996 938 3062 δὲ,
967 2997 1049 3050 ὅτι
1078 2998 1139 3052 οὐ
1163 2997 1466 3053 δικαιοῦται
1492 3001 1777 3075 ἄνθρωπος
1805 3006 1855 3071 ἐξ

1966 3014 2207 3060 calorum
2239 3002 2527 3067 oblivione,
2551 3001 2651 3055 hoc
2678 3011 2760 3055 est
2790 3000 3185 3055 condonationc
3215 2998 3535 3052 honoratum

291 3083 467 3154 ἔργων
512 3084 704 3156 νόμου,
736 3085 830 3139 ὲάν
863 3086 938 3159 μὴ
980 3086 1070 3141 διὰ
1112 3089 1345 3155 πίστεως
1389 3091 1564 3163 Ἰησοῦ
1604 3095 1855 3166 Χριστοῦ,

1967 3105 2069 3153 est.
2123 3090 2326 3151 Scribit
2353 3094 2498 3146 enim
2536 3092 2765 3147 eximius
2803 3091 2889 3146 ille
2919 3090 3191 3161 apostolus
3238 3088 3433 3142 Paulus
3472 3086 3541 3141 ad

293 3176 386 3229 καὶ
414 3179 574 3248 ἡμεῖς
618 3178 701 3241 εὶς
738 3178 972 3249 Χριστὸν
1016 3179 1420 3252 ἐπιστεύσαμεν
1450 3183 1538 3236 ἵνα
1563 3184 1855 3240 δικαιωθῶ-

1967 3189 2110 3243 hunc
2142 3185 2378 3240 modum.
2430 3201 2449 3233 ι
2485 3180 2729 3237 Scientes
2763 3192 2942 3237 autem
2991 3183 3115 3251 quia
3146 3196 3250 3236 non
3276 3179 3540 3250 justiﬁca-

248 3352 251 3353 ν
297 3284 396 3338 μεν
427 3268 484 3320 ὲν
532 3268 705 3339 αύτῷ.¹
743 3289 761 3322 ι
801 3270 1137 3342 Κατοκνήσω
1179 3271 1235 3324 δὲ
1266 3273 1535 3344 οὐδαμῶς,
1587 3277 1726 3348 ὅπερ
1765 3277 1855 3348 ἤδη

1971 3286 2057 3333 tur
2106 3278 2266 3332 homo
2314 3290 2378 3330 ex
2419 3275 2671 3344 operibus
2719 3273 2870 3344 legis,
2917 3272 3015 3327 nisi
3062 3286 3154 3342 per
3195 3272 3351 3327 ﬁdem
3413 3268 3541 3325 Jesu

297 3358 509 3429 φθάσας
534 3359 691 3430 ἔφην,
721 3360 1105 3431 άνακυκλήσας
1147 3365 1342 3430 εἰπεῖν,
1378 3366 1460 3418 ὅτι
1486 3368 1718 3437 Χριστὸς
1761 3370 1855 3439 Ἰη-

1967 3369 2200 3435 Christi;
2235 3379 2287 3422 et
2320 3382 2414 3432 nos
2439 3368 2488 3420 in
2515 3367 2728 3422 Christo
2766 3364 2894 3421 Jesu
2927 3365 3272 3429 credidimus,
3301 3373 3360 3417 ut
3381 3362 3542 3433 justi-

298 3449 423 3512 σοῦς
455 3450 517 3502 οὐ
555 3450 763 3520 γυμνὸς
795 3451 890 3505 καὶ
941 3450 1064 3505 καθ’
1101 3453 1291 3507 ἑαυτὸν
1316 3458 1516 3508 νοεῖται
1564 3459 1592 3509 6
1621 3461 1685 3512 ἐκ
1731 3459 1855 3512 Θεοί

1972 3459 2192 3514 licetnur
2221 3458 2274 3511 in
2307 3457 2422 3527 ipso
2448 3456 2512 3510 “.
2550 3475 2568 3508 ι
2620 3455 2886 3512 (Σαιιριυιιι
2914 3455 3055 3524 quod
3093 3469 3253 3524 supra
3290 3453 3539 3516 iudicavi,

299 3538 492 3605 Λόγος,
518 3536 632 3589 ἀλλ’
659 3537 748 3589 ὅτε
773 3539 1077 3606 προσέλαϐε
1101 3540 1161 3592 τὸ
1181 3540 1543 3613 ἀνθρώπινον,
1575 3546 1668 3597 καὶ
1701 3546 1855 3614 ἀσυγ·

1970 3551 2021 3605 id
2052 3560 2292 3620 repetere
2328 3563 2431 3601 non
2477 3549 2762 3617 gravabor,
2794 3553 2922 3614 puta
2960 3545 3050 3600 Dei
3081 3543 3254 3598 Patris
3304 3542 3536 3597 Verbum

301 3629 478 3698 χύτως
505 3627 779 3698 ἐνεπλάκη
811 3629 993 3700 σαρκί.
1013 3630 1201 3696 Οὕτως
1232 3631 1422 3702 ἔχοντα
1454 3634 1545 3687 καὶ
1572 3634 1855 3704 ὁρώμενοντ

1973 3643 2110 3696 nude
2157 3654 2252 3709 per
2299 3654 2357 3693 se
2409 3640 2642 3707 positum
2692 3652 2795 3691 non
2846 3636 3067 3705 intelligi
3111 3635 3415 3696 Christum;
3445 3632 3539 3687 sed

303 3724 398 3772 καὶ
430 3721 487 3773 ὲν
528 3720 657 3773 εἴδει
688 3720 766 3791 τῷ
817 3720 939 3774 καθ’
966 3723 1114 3793 ἡμᾶς
1159 3724 1513 3794 τυγχάνοντα,
1545 3728 1656 3789 τοῖς
1698 3726 1855 3795 ἁγίοις

1976 3744 2100 3787 tunc
2125 3732 2334 3787 demum
2373 3730 2422 3784 id
2456 3718 2646 3783 nomen
2678 3728 2994 3792 obtinuisse,
3032 3741 3155 3780 cum
3186 3727 3418 3779 humana
3447 3739 3538 3777 na-

303 3811 620 3876 ἁποστόλοις
664 3811 980 3883 παρέδειξεν
1004 3814 1033 3865 6
1064 3813 1276 3885 Πατὴρ,
1312 3818 1497 3886 φωνῆς
1544 3815 1750 3869 ἄνωθεν
1784 3818 1855 3871 ὲκ·

1975 3828 2091 3871 tura
2116 3827 2386 3885 assumpta
2421 3816 2554 3868 citra
2598 3815 2758 3868 ullam
2798 3815 3020 3868 omnino
3050 3813 3413 3866 confusionem
3445 3812 3540 3865 ad-

303 3905 666 3977 πεμπομένης
713 3904 964 3958 τοιᾶσδεο
1006 3923 1024 3956 ι
1060 3900 1226 3970 Οὗτός
1276 3907 1425 3959 ἐστιν
1468 3907 1497 3958 6
1533 3906 1660 3971 Υἱός
1707 3925 1808 3976 μου
1845 3910 1855 3956 ἐ

1969 3909 2210 3978 junctum
2237 3919 2317 3961 est
2348 3906 2517 3961 carui.
2552 3904 2625 3958 Ita
2653 3905 2924 3969 aﬂ‘ectum,
2952 3917 3006 3959 et
3033 3903 3354 3974 aspectabile
3378 3901 3539 3956 effec-

302 3996 604 4069 ἀγαπητὸς,
643 3999 700 4050 ὲν
737 3990 782 4065 ᾧ
813 3997 1122 4067 ηὐδόκησαν
1167 3996 1334 4050 αὐτοῦ
1373 3997 1618 4052 ἀκούετε.
1656 4019 1673 4050 ι
1710 3999 1874 4064 Σύνες

302 4083 395 4140 οὖν
455 4087 603 4140 ὅπωο
633 4087 733 4140 οὐκ
791 4088 880 4141 Ἐν
913 4105 943 4141 τ
991 4087 1002 4103 ’
1543 4092 1556 4103 ⁸
1698 4109 1719 4119 ·

402 4127 416 4152 ,
580 4128 599 4150 ,
740 4129 754 4155 ,
947 4106 1105 4160 ουτῳ,
1140 4090 1327 4158 φησὶν,
1356 4090 1505 4142 ἐστὶν
1533 4107 1561 4144 ο
1597 4091 1715 4154 Υῐὸ,
1748 4108 1871 4161 μου,

302 4181 390 4235 ἵνα
428 4180 502 4252 μὴ
536 4180 640 4234 ἀνὰ
675 4181 859 4252 μέρος,
895 4182 970 4245 ὼς
1018 4182 1204 4268 ἕτερος
1245 4185 1304 4236 ἐν
1333 4183 1503 4254 ἑτέρῳ
1548 4183 1728 4254 τυχὸν,
1757 4183 1872 4237 ἀλλ’

1977 4008 2117 4059 ιιιιιι,
2168 4007 2458 4063 nostraque
2520 3996 2690 4049 forma
2746 3997 3000 4049 veStitum
3052 3996 3288 4050 ctelestis
3357 3993 3538 4058 Pater,

1974 4102 2105 4141 voce
2150 4087 2363 4141 caelitus
2408 4085 2647 4154 delapsa,
2703 4085 2906 4140 sanctis
2952 4085 3185 4139 ostendit
3230 4083 3485 4153 apostolis
3522 4101 3537 4138 :

1982 4197 2000 4230 ι
2044 4178 2161 4243 llic,
2191 4177 2385 4247 inquit,
2420 4187 2501 4231 est
2527 4176 2698 4232 Filius
2730 4191 2880 4232 meus
2919 4177 3165 4237 dilectus,
3203 4174 3309 4246 33
3341 4177 3392 4229 in
3432 4190 3544 4243 quo

304 4268 383 4336 εἷς
414 4276 584 4325 νοοῖτο
612 4276 640 4327 6
670 4273 829 4339 αὐτὸς
858 4280 886 4324 εἰ
912 4274 1034 4328 καθ’
1062 4274 1253 4329 ἕνωσιν
1285 4277 1653 4347 οἰκονομικήν.
1679 4277 1855 4348 Πλημι

1982 4273 2108 4327 mihi
2153 4272 2291 4327 bene
2329 4269 2660 4340 contplacui;
2696 4271 2870 4339 ipsum
2916 4269 3095 4322 audite
3129 4268 3192 4322 ³⁸.
3238 4286 3256 4318 ι
3311 4269 3544 4323 Adverte

307 4365 465 4434 μελὲς
494 4365 550 4418 δὲ
571 4366 649 4419 ὅτι
679 4362 740 4419 τὸ
761 4367 1077 4421 ἀντιτείνειν
1103 4369 1239 4435 ἐστὶ,
1270 4370 1366 4423 καὶ
1390 4369 1498 4422 τῶν
1524 4370 1605 4423 ὃτι
1642 4370 1875 4441 μάλιστα

306 4452 756 4524 σφαλερωτάτων,
817 4456 1099 4511 ἀναπείθει
1152 4459 1378 4531 γράφων
1444 4458 1696 4530 Ἰωάννης
1745 4460 1844 4513 ὡδί
1858 4477 1871 4491 ·

310 4544 336 4592 r'
365 4541 487 4595 ’Ὁτι
524 4542 661 4614 αὕτη
706 4545 851 4597 ἐστὶν
898 4546 928 4614 ἡ
971 4547 1246 4618 μαρτυρία
1290 4547 1384 4601 τοῦ
1419 4548 1577 4614 Θεοῦ,
1606 4550 1688 4603 ὅτι
1724 4559 1747 4586 ι’
1782 4567 1871 4620 μευ

1973 4372 2150 4418 autem
2192 4360 2459 4430 quomodo
2506 4359 2593 4414 hic
2630 4375 2733 4413 non
2774 4360 2963 4413 dicat:
2998 4357 3053 4411 lu
3100 4359 3201 4413 hoc
3245 4367 3327 4411 est
3378 4357 3545 4411 Filius

1972 4472 2157 4522 meus;
2195 4469 2292 4510 nec
2344 4468 2586 4508 seorsum
2630 4462 2691 4506 ut
2732 4452 2869 4506 alter
2904 4452 2956 4506 in
2985 4451 3154 4506 altero
3196 4449 3542 4518 intelligatur,

1972 4548 2065 4601 sed
2105 4551 2396 4602 secundum
2426 4543 2874 4615 dispensatoriam
2907 4544 3157 4597 unionem
3202 4551 3340 4595 untts
3376 4541 3546 4594 idem4

306 4632 625 4703 μαρτύρηκε
672 4634 800 4705 περὶ
846 4635 939 4688 τοῦ
980 4636 1108 4689 Υὶοῦ
1155 4638 1341 4692 αὐτοῦ.
1378 4639 1436 4691 '0
1485 4639 1753 4693 πιστεύων
1797 4638 1855 4692 εει

1973 4653 2077 4707 quc
2129 4636 2448 4706 simpliciter
2516 4632 2834 4701 accipiatur.
2921 4631 3132 4696 Quanto
3186 4639 3362 4683 autem
3422 4643 3544 4682 cum

302 4722 393 4774 τὸν
424 4721 551 4774 Υἰὸν
581 4722 674 4775 τοῦ
715 4723 871 4789 Θεοῦ,
902 4725 1014 4794 ἔχει
1041 4725 1138 4796 τὴν
1174 4728 1480 4799 μαρτυρίαν
1526 4729 1618 4782 τοῦ
1649 4729 1784 4782 Θεοῦ
1820 4732 1855 4781 ὲκ

1980 4726 2292 4780 discrimine
2337 4737 2630 4792 erroreque
2672 4722 3018 4790 conjuuetutn
3051 4722 3142 4786 sit,
3169 4721 3315 4776 hisce
3350 4710 3544 4781 obniti,

303 4812 499 4882 ἐαυτῷ·
520 4812 549 4863 6
573 4813 646 4884 μὴ
664 4814 933 4868 πιστεύων
962 4814 1086 4887 [εἰς]
1110 4817 1202 4869 τὸν
1224 4818 1371 4881 Υἱὸν,
1390 4818 1627 4889 ψεύστην
1651 4821 1855 4890 πεποίη

1981 4817 2030 4869 id
2059 4816 2288 4870 dilucide
2304 4811 2908 4877 demonstratloannes,
2931 4814 3000 4866 ita
3035 4812 3279 4868 scribens
3307 4830 3321 4866 :
3352 4832 3371 4865 ι
3402 4814 3547 4880 Quo-

303 4920 400 4955 κεν
431 4903 615 4965 αὑτὸν,
644 4905 726 4958 ὅτι
750 4905 850 4957 οὐκ
873 4905 1191 4959 ἐπίστευσεν
1227 4910 1307 4972 εἰς
1334 4909 1434 4978 τὴν
1463 4910 1787 4980 μαρτυρίαν,
1812 4913 1855 4979 ἢε

1979 4910 2119 4963 niam
2151 4910 2253 4963 hoc
2281 4916 2366 4962 est
2398 4906 2765 4961 testimonium
2799 4905 2915 4967 Dei,
2952 4906 3093 4974 quod
3124 4914 3207 4959 est
3232 4905 3549 4960 testificatus

306 4995 729 5065 μεμαρτύρηκεν
773 4999 801 5048 ὀ
842 4997 972 5060 Θεὸς
1003 4999 1130 5069 περὶ
1174 5000 1269 5053 τοῦ
1309 5000 1439 5054 Υξοῦ
1481 5000 1667 5055 αὑτοῦ.
1709 5022 1726 5053 ι
1762 5004 1855 5056 Μει

1977 5001 2042 5053 de
2072 5000 2208 5053 Filio
2237 5013 2359 5053 suo.
2400 4998 2502 5064 Qui
2540 4996 2714 5052 credit
2748 4996 2802 5051 in
2838 4996 3034 5050 Filium
3071 4996 3185 5062 Dei,
3214 4996 3374 5049 habet
3401 4995 3551 5048 testi-

306 5086 622 5156 μαρτύρηκε
660 5086 737 5149 δὲ,
770 5087 853 5139 ὅτι
885 5082 1052 5149 υῦτος
1080 5091 1107 5141 6
1139 5091 1274 5159 μετὰ
1328 5091 1548 5160 σαρκὸς,
1585 5093 1679 5144 καὶ
1710 5094 1766 5144 ἐν
1808 5096 1855 5163 1i

1978 5091 2214 5144 monium
2270 5091 2357 5144 Dei
2409 5091 2460 5143 in
2504 5104 2582 5143 se.
2627 5087 2727 5153 Qui
2773 5102 2876 5141 non
2923 5088 3092 5142 credit
3130 5085 3284 5149 Filio,
3324 5084 3551 5138 menda-

393 5246 433 5276 ⁸⁸
455 5244 610 5301 Joan.
678 5262 721 5317 ι,
756 5246 872 5317 -η,
903 5245 988 5300 15.
1066 5248 1108 5317 ξ’
1149 5246 1356 5304 Coloss.
1386 5268 1423 5311 ι,
1458 5251 1543 5304 18.
1612 5254 1657 5283 ²⁰
1681 5252 1855 5306 Galat.

1980 5253 2030 5303 4.
2102 5253 2143 5282 ²¹
2186 5250 2347 5303 llebr.
2378 5250 2577 5314 xut,4.
2657 5252 2702 5282 ’ί
2745 5247 2930 5301 Matth.
2977 5260 3088 5309 xu,
3121 5243 3175 5298 ι.
3276 5243 3323 5276 ³³
3348 5241 3541 5297 Matth.

304 5331 464 5376 χχιιι,
501 5319 556 5367 9.
649 5316 693 5347 “
745 5315 919 5369 Galat.
954 5332 1013 5378 tt,
1057 5316 1142 5368 16.
1253 5320 1297 5351 ’⁸
1330 5321 1519 5373 Matth.
1548 5337 1684 5384 xvu,
1727 5323 1779 5375 ὃ.

1389 5472 1557 5527 Variae
1588 5474 1852 5530 lectiones
1891 5474 2090 5530 codicis
2141 5474 2499 5545 Seguieriaui.

396 5608 421 5639 °
454 5606 531 5666 si;
562 5601 744 5655 αὐτόν.
824 5613 851 5650 Ρ
885 5602 1171 5671 κρείττονι.
1250 5615 1275 5654 1
1314 5605 1406 5657 καὶ
1442 5605 1622 5668 αὐτός.
1705 5615 1725 5642 ι’
1766 5606 1851 5673 ἦν.
