3970 6136
445 277 590 355 I13?

1480 289 1536 344 s.
1581 269 1856 346 citium
1897 265 2366 340 ALEXANontNt
2403 275 2724 337 ARCIIIEP.

3588 267 3736 324 H88

441 425 562 466 cem
594 409 890 476 feciteum,
917 409 1044 479 quia
1076 421 1181 464 non
1215 407 1387 462 credit
1415 406 1469 462 in
1497 407 1864 462 testimonium
1885 405 2028 476 quod

2137 403 2225 456 τοῦ
2256 401 2442 456 δούλου
2481 403 2686 473 μορφῇ,
2712 396 3018 470 μοναδικῶς
3047 393 3142 450 καὶ
3187 393 3372 456 ίδικῶς
3410 391 3547 463 ἐμὸς
3590 391 3732 456 ἁλι-,-

443 501 766 557 testilicatus
799 511 882 558 est
919 501 1066 556 Deus
1117 501 1183 554 de
1212 498 1348 554 Filio
1375 513 1478 553 suo
1499 499 1567 552 ⁸⁸.
1609 516 1628 548 ι
1684 495 2028 552 Testilieatns

443 600 530 643 est
561 603 739 645 autem
773 606 921 658 cum,
957 591 1048 656 qui
1081 603 1246 644 carne
1274 588 1565 658 servilique
1597 587 1773 642 forma
1813 585 2029 640 indutus

444 684 715 750 apparuit,
751 683 927 746 unice,
957 681 1176 751 proprie
1213 695 1278 734 ac
1306 695 1432 736 vere
1463 695 1621 734 suum
1651 695 1773 735 esse
1807 677 2024 732 Filium.

444 769 710 827 Praeterea
757 772 1022 826 illustrem
1055 771 1208 824 illam
1228 771 1371 825 sacri
1407 770 1750 841 baptismatis
1774 769 2024 838 gratiam,

443 878 673 932 qumque
717 863 815 932 ipsi
855 864 1093 917 eolireret
1131 861 1572 938 vivificationern,
1602 871 1658 916 et
1686 861 1780 915 Dei
1811 859 2031 930 partici-

443 953 711 1022 pationem
742 944 839 1024 per
867 952 1351 1008 sanctificationem
1385 953 1437 1006 in
1471 952 1676 1022 Spiritu
1721 964 1818 1021 per
1841 951 2028 1006 Jesum

441 1043 712 1098 Christum
771 1044 928 1100 nobis
987 1031 1291 1114 obtingere,
1359 1043 1651 1098 fatebimur
1695 1043 2026 1098 necessario.

440 1134 784 1191 Meminimus
847 1137 990 1190 enim
1043 1133 1306 1189 Joannem
1347 1134 1616 1189 dicentem
1650 1151 1664 1189 :
1699 1151 1720 1185 ι
1757 1131 1860 1200 Qui
1909 1144 2032 1202 post

441 1241 526 1280 me
569 1237 830 1281 venturus
879 1236 982 1291 est,
1031 1225 1223 1282 fortior
1266 1241 1351 1281 me
1396 1234 1499 1287 est,
1541 1225 1699 1295 cujus
1755 1241 1862 1279 non
1907 1241 2028 1280 sum

441 1313 636 1380 dignus
691 1313 1056 1368 calceamenta
1107 1323 1373 1382 portare:
1425 1315 1528 1370 iste
1587 1329 1682 1369 vos
1739 1314 2032 1384 baptizabit

443 1402 650 1473 Spiritu
699 1416 886 1460 sancto
919 1416 974 1460 et
1005 1407 1116 1475 igni
1147 1405 1215 1460 ’⁷.
1264 1425 1282 1458 ι
1337 1404 1456 1475 .lam
1501 1406 1590 1462 hic
1626 1411 1682 1461 te
1711 1407 1985 1477 interrogo
2015 1423 2028 1461 :

442 1513 570 1551 num
610 1498 813 1566 Spiritu
843 1507 1036 1552 sancto
1069 1508 1122 1552 et
1145 1497 1254 1566 igni
1292 1487 1577 1566 baptizare
1610 1513 1770 1568 posse
1799 1513 1937 1568 opus
1960 1500 2034 1554 sit

443 1589 616 1644 solius
648 1591 896 1643 humanm
931 1589 1177 1643 naturaa?
1209 1589 1365 1656 Quis,
1392 1605 1598 1659 quaeso,
1623 1590 1769 1645 istud
1809 1591 2033 1646 credat?

439 1681 602 1750 Atqui
639 1682 815 1734 virum
851 1681 1000 1734 illum
1038 1681 1130 1749 qui
1168 1697 1292 1736 mox
1341 1681 1632 1735 adfuturus
1659 1695 1722 1736 ac
1768 1681 2032 1736 videndus

2129 494 2237 558 θῶς
2266 494 2412 557 Υἱός.
2442 493 2550 548 Καὶ
2574 491 2744 563 αὐτὴν
2773 490 2832 543 δὲ
2861 489 2961 560 τὴν
2985 487 3074 542 διὰ
3099 487 3195 541 τοῦ
3223 485 3378 555 ἁγίου
3409 483 3736 550 βαπτίσμα-

2127 604 2217 650 τος
2251 585 2449 640 εὑκλεᾶ
2477 585 2656 654 χάριν,
2696 581 2794 636 καὶ
2837 581 2936 652 τὴν
2961 582 3018 634 ὲν
3049 577 3198 650 αὖτῷ
3243 575 3608 644 ζωοποίησιν,
3637 573 3736 624 καὶ

2127 676 2225 750 τὴν
2253 677 2388 731 Θεοῦ
2421 675 2641 746 μέθεξιν
2669 675 2738 727 δι’
2759 670 3037 743 ἁγιασμοῦ
3069 673 3126 724 ὲν
3153 667 3456 739 Πνεύματι,
3489 663 3582 716 διὰ
3627 663 3739 729 ’1η-

2130 769 2224 824 σοῦ
2247 767 2486 841 Χριστοῦ
2515 765 2833 838 πεπρᾶχθαι
2855 763 3098 834 δώσομεν
3125 761 3462 830 ἀναγκαίως.
3489 756 3730 826 Μεμνή-

2134 860 2274 931 μεθα
2297 861 2406 930 γὰρ
2441 859 2688 913 Ἰωάννου
2718 857 2970 926 λέγοντος
2995 871 3008 884 ⁸
3038 873 3058 906 ί
3114 853 3172 906 Ὀ
3211 852 3390 904 ὀπίσω
3431 866 3539 920 μου
3571 846 3734 918 ἐρχὸ-

2134 969 2316 1024 μενος,
2341 949 2690 1022 ἰσχυρότερός
2718 965 2822 1020 μου
2861 949 3033 1011 ἐστὶν,
3064 937 3126 998 οῦ
3155 944 3256 1024 οὐκ
3281 942 3398 1014 είμὶ
3447 939 3643 1024 ἱκανὸς
3667 936 3736 990 τὰ

2131 1045 2458 1116 ὑποδήματα
2478 1041 2767 1114 βαστάσαν
2787 1043 2992 1104 ἐκεῖνος
3014 1039 3159 1108 ὑμᾶς
3181 1035 3440 1108 βαπτίσει
3459 1035 3522 1087 ὲν
3550 1029 3738 1084 Πνεῦ-

2134 1152 2264 1206 ματι
2299 1133 2439 1205 ἁγίῳ
2467 1135 2562 1188 καὶ
2590 1133 2778 1204 πυρί.»
2807 1127 2977 1203 Ἀρα,
3005 1131 3132 1185 εἰπέ
3163 1147 3274 1199 μοι,
3305 1127 3407 1196 τῆς
3433 1125 3739 1195 καθ’ὴμίς

2131 1225 2551 1298 ἀνθρωπότητος
2576 1224 2738 1296 ἔργον
2758 1223 2896 1278 εἷναί
2913 1239 3094 1294 φαμεν
3116 1221 3176 1274 τὸ
3197 1223 3254 1274 ὲν
3273 1218 3565 1290 Πνεῦματι
3589 1217 3740 1286 ἁγίῳ

2133 1315 2416 1387 βαπτίζειν
2443 1316 2705 1370 δύνασθαι
2739 1315 2834 1369 καί⁵
2863 1313 2996 1384 πυρί
3021 1331 3039 1380 ;
3077 1313 3190 1366 Καὶ
3216 1311 3336 1374 πῶς
3368 1309 3438 1364 ἂν
3461 1310 3552 1381 εἴη
3570 1309 3734 1362 τοῦτο

2131 1429 2230 1481 τες
2282 1411 2392 1466 Καὶ
2441 1410 2548 1482 μὴν
2597 1411 2766 1482 ἄνδρα
2811 1409 2988 1478 λέγων
3031 1407 3291 1482 τὸν-ὅσον
3330 1406 3556 1460 οὐδέπω
3587 1422 3734 1475 παρ-

2132 1503 2390 1575 εσόμενον
2416 1520 2476 1556 τε
2499 1503 2590 1556 καὶ
2607 1501 3003 1572 ὀφθησόμενον,
3031 1499 3195 1554 αὑτὸν
3220 1498 3325 1569 ἔφη
3353 1494 3649 1568 βαπτίζειν
3674 1499 3732 1548 ἐν

2133 1593 2267 1664 πυρὶ
2299 1593 2394 1647 καὶ
2431 1593 2572 1662 ἁγίῳ
2603 1590 2904 1661 Πνεύματι,
2933 1589 2994 1643 οὐ
3041 1589 3102 1643 τὸ
3145 1587 3433 1657 ἀλλότριον
3481 1587 3601 1648 τοῖς
3635 1584 3730 1654 βαι

2135 1685 2478 1754 πτιζομένοις
2504 1682 2714 1737 ὲνιέντα
2738 1680 2965 1750 Πνεῦμα
2986 1677 3375 1750 δουλοπρεπῶς
3403 1679 3504 1730 καὶ
3535 1677 3732 1746 ὑπουρ-

441 1782 577 1833 erat,
609 1768 814 1840 Spiritu
842 1780 1032 1826 sancto
1056 1782 1109 1824 et
1145 1771 1268 1840 igne
1301 1771 1703 1838 baptizaturum
1735 1771 2028 1839 praedicat:

2137 1775 2328 1844 γικῶς.
2356 1774 2471 1828 ἀλλ’
2505 1774 2581 1837 ὡς
2604 1772 2738 1827 Θεὸν
2791 1771 2935 1826 κατὰ
2968 1769 3131 1842 φύσιν
3169 1771 3292 1841 μετ’
3341 1769 3602 1836 ἐξουσίας
3633 1768 3730 1836 τῆς

441 1861 638 1930 quippe
665 1877 786 1916 cum
835 1863 1090 1916 immittat
1119 1861 1381 1930 Spiritum
1413 1859 1723 1928 baptizatis,
1761 1875 1866 1915 non
1900 1859 2032 1915 alie-

445 1967 598 2018 num,
631 1964 691 2007 ut
713 1969 905 2008 servus
937 1963 990 2008 et
1030 1953 1292 2015 minister,
1330 1951 1422 2006 sed
1457 1962 1514 2005 ut
1546 1950 1689 2006 Deus
1725 1939 2027 2005 secundum

444 2058 690 2100 naturam
739 2061 862 2098 cum
900 2059 1109 2098 summa
1157 2052 1420 2113 potestate
1445 2052 1497 2096 et
1527 2043 1854 2097 auctoritate
1906 2059 2028 2098 eum

446 2139 538 2208 qui
603 2153 667 2192 ex
725 2137 816 2191 illo
847 2147 930 2191 est
983 2145 1040 2190 et
1095 2137 1264 2206 ipsius
1301 2143 1385 2190 est
1415 2135 1687 2204 prepritts.
1750 2134 1854 2189 Per
1889 2137 2031 2190 hunc

443 2245 662 2302 quoque
696 2229 912 2284 divinus
947 2229 1234 2282 character
1262 2227 1419 2282 nobis
1459 2226 1826 2296 imprimitur;
1862 2227 2030 2282 refor-

443 2334 659 2372 mamur
687 2317 832 2372 enim
859 2317 913 2371 in
951 2315 1232 2370 Christum
1263 2311 1470 2381 Jesum,
1503 2313 1670 2368 veluti
1707 2316 1760 2366 in
1791 2314 2026 2368 divinam

443 2410 734 2476 quamdam
763 2407 1054 2477 imaginem
1088 2421 1103 2460 :
1141 2419 1247 2458 non
1271 2405 1415 2473 quod
1449 2417 1766 2473 corpoream
1796 2403 2030 2474 aliquam

445 2499 942 2552 conformationem
991 2498 1281 2552 subeamus
1321 2495 1509 2566 (istud
1551 2511 1788 2564 namque
1820 2498 2030 2568 cpiuari

443 2590 688 2658 desipere
715 2590 928 2662 esset);
957 2591 1050 2644 sed
1096 2590 1240 2660 quod
1271 2589 1508 2659 Spiritus
1537 2590 1709 2644 saneti
1738 2590 2030 2660 participes

443 2680 642 2746 effecti,
685 2683 858 2750 ipsum
885 2681 936 2735 in
965 2681 1122 2734 nobis
1163 2679 1446 2735 Christum
1503 2679 1821 2744 habeamus,
1861 2681 1933 2734 ita
1975 2690 2035 2736 ut

2135 1865 2399 1920 ἀνωτάτω
2428 1865 2487 1918 τὸ
2519 1863 2579 1930 ἐξ
2621 1861 2789 1918 αὑτοῦ
2804 1881 2879 1920 ,τε
2919 1862 3014 1917 καὶ
3047 1862 3179 1916 ἴδιον
3207 1859 3373 1916 αὐτοῦ
3396 1877 3410 1892 ο
3443 1861 3518 1913 δι’
3547 1852 3612 1912 οὗ
3641 1859 3729 1912 καὶ

2136 1957 2165 2010 ὁ
2203 1957 2345 2020 θεῖος
2392 1958 2523 2026 ἡμῖν
2569 1955 2963 2026 ἐνσημαίνεται
2994 1954 3309 2028 χαρακτήρ.
3349 1952 3727 2024 Ἀναμορφού-

2142 2047 2281 2116 μεθα
2311 2049 2441 2121 γὰρ,
2466 2036 2542 2112 ὡς
2566 2049 2646 2111 εἰς
2675 2045 2858 2100 εἰκόνα
2889 2047 2988 2118 τὴν
3019 2047 3190 2112 θείαν,
3223 2047 3306 2110 είς
3335 2046 3580 2117 Χριστὸν
3625 2045 3727 2114 Ἰη-

2141 2138 2290 2204 σοῦν,
2353 2139 2414 2192 οὐ
2468 2139 2782 2210 σωματικὸν
2829 2138 3194 2208 ὑπομένοντες
3232 2136 3325 2190 τὸν
3369 2137 3727 2206 ἀναπλασμὼ

2139 2229 2356 2302 (κομιδῇ
2371 2230 2480 2303 γὰρ
2498 2229 2692 2302 εὔηθες
2721 2229 2932 2284 οἴεσθαι
2955 2228 3264 2299 ταυτὶ),διὰ
3287 2228 3345 2282 δὲ
3372 2227 3472 2281 τοῦ
3504 2227 3728 2298 μεταλα-

2136 2323 2252 2390 χείν
2282 2321 2436 2389 ἁγίου
2463 2321 2801 2392 Πνεῦματος,
2834 2321 2998 2374 αὐτὸν
3033 2321 3090 2373 ὲν
3121 2320 3342 2382 ἑαυτοῖς
3370 2317 3726 2382 πλουτοῦντες

2134 2411 2178 2464 Χ
2189 2411 2400 2482 ριστόν’
2439 2412 2514 2476 ὡς
2541 2411 2642 2484 ήδη
2671 2412 2962 2484 χαίροντας
2987 2413 3164 2466 ἐκεῖνο
3199 2415 3406 2482 φωνεῖν
3425 2430 3439 2443 ο
3475 2431 3495 2464 ‹
3540 2412 3728 2480 ’Δγαλο

2135 2502 2341 2556 λιάσθω
2367 2504 2398 2574 ἡ
2425 2503 2571 2574 ψυχή
2623 2521 2728 2574 μου
2762 2504 2855 2556 ἐπὶ
2893 2501 2970 2574 τῷ
2997 2502 3187 2574 Κυρίῳ
3207 2519 3220 2533 ο
3265 2503 3493 2556 ἐνέδυσε
3519 2502 3625 2573 γάρ
3655 2519 3726 2572 με

2139 2592 2354 2664 ἱμάτιον
2385 2593 2676 2664 σωτηρίου,
2705 2595 2800 2648 καὶ
2843 2594 3048 2666 χιτῶνα
3083 2595 3453 2666 εὐφροσύνης.
3475 2625 3546 2634 -
3573 2595 3727 2648 Ὅσοι

2137 2684 2246 2754 γὰρ
2270 2686 2348 2749 εἰς
2375 2685 2611 2759 Χριστὸν
2633 2686 3020 2757 ἐϐαπτίσθητε,
3056 2687 3669 2759 Χριστὺνεὲνεδὺσασθε.
3702 2705 3720 2739 ι

439 2772 551 2840 jam
599 2773 724 2828 illud
794 2775 1166 2842 propheticum
1207 2773 1532 2828 ltetabuudis
1583 2781 1806 2828 cantare
1850 2772 2010 2828 liceat
2051 2793 2065 2828 :
2112 2795 2130 2827 ι
2173 2777 2416 2833 Exsultet
2464 2780 2644 2834 anima
2679 2795 2798 2836 mea
2854 2781 2907 2834 in
2942 2779 3210 2835 Domino:
3245 2781 3422 2836 induit
3452 2783 3602 2836 enim
3645 2795 3726 2835 me

444 2865 644 2918 amictu
685 2867 898 2931 salutis,
926 2864 1173 2932 stolaque
1214 2863 1410 2918 hut-hia:
1438 2863 1578 2918 ²⁸.-
1603 2863 1928 2933 Quicunque
1989 2864 2131 2918 enim
2183 2865 2238 2920 in
2273 2867 2492 2922 Christo
2523 2868 2778 2938 baptizati
2807 2869 2960 2933 estis,
2994 2869 3276 2924 Christum
3317 2871 3568 2927 induistis
3596 2875 3664 2928 ”.
3703 2887 3722 2919 ι

515 2957 778 3016 XXXV“.
820 2959 973 3026 Quod
1015 2960 1056 3013 si
1088 2959 1212 3029 quis
1239 2957 1469 3012 ulterius
1510 2959 1851 3029 interroget:
1891 2955 2026 3013 Num

2208 2959 2328 3014 AZ'.
2363 2961 2425 3014 Εἰ
2458 2961 2514 3014 δὲ
2537 2962 2599 3033 δή
2629 2980 2713 3027 τις
2741 2961 2918 3034 ἔροιτο
2945 2957 3188 3033 προσιών
3213 2979 3228 2994 °
3250 2959 3369 3034 Ἆρ’
3393 2959 3487 3016 οὖν
3513 2967 3604 3029 είς
3619 2969 3726 3022 iv-

444 3067 573 3123 (ει-80
600 3053 652 3106 in
677 3051 948 3107 hominem
993 3049 1254 3118 bnptiZuli
1301 3049 1540 3103 sumus?
1585 3049 1650 3103 Et
1677 3051 1779 3105 hoc
1819 3049 2031 3105 inficia-

2139 3048 2356 3123 Ορωπον
2379 3051 2790 3124 βεϐαπτίσμεθα
2815 3054 2966 3120 ;’Κα“ι
2991 3053 3151 3108 τοῦτο
3174 3051 3306 3109 εἶναι
3322 3055 3566 3125 φήσομεν
3589 3057 3732 3129 ili}.

444 3145 546 3200 l-or
602 3145 843 3198 minime.
901 3140 1010 3214 34
1078 3141 1183 3195 Sed
1228 3140 1330 3194 hoc
1391 3157 1419 3191 a
1487 3141 1642 3195 nobis
1709 3157 2030 3210 responsum

447 3237 632 3290 audiet
695 3253 708 3288 :
766 3237 915 3288 Heus
983 3243 1074 3296 tu,
1138 3233 1386 3302 quisquis
1428 3247 1518 3296 es,
1588 3233 1716 3300 quid
1791 3235 2036 3290 moliris?

449 3329 593 3380 itane
650 3340 866 3380 omnem
931 3339 1080 3392 spem
1147 3324 1198 3376 in
1255 3332 1452 3376 terram
1503 3323 1790 3378 detrahis?
1849 3325 2032 3395 Bapti-

449 3417 558 3472 zati
601 3430 732 3472 Sane
782 3429 972 3468 sumus
1013 3429 1116 3466 non
1171 3413 1222 3466 in
1264 3413 1531 3467 hominem
1571 3414 1908 3483 simpliciter,
1946 3431 2036 3470 ve—

451 3525 572 3564 rum
593 3511 644 3563 in
665 3507 835 3562 Deum
857 3503 1127 3560 hominem
1149 3506 1374 3570 factum,
1389 3506 1476 3574 qui
1499 3520 1706 3574 pmnas,
1723 3516 2036 3577 veteresque

450 3615 622 3656 noxas
655 3599 720 3653 iis
741 3597 832 3667 qui
860 3597 1016 3650 Iidem
1043 3596 1095 3650 in
1121 3595 1266 3649 illum
1315 3593 1789 3664 prtestolabantur,
1814 3596 1894 3652 vel
1937 3615 2035 3666 po-

453 3692 560 3745 tius
598 3687 858 3760 complexi
907 3693 1055 3753 sunt,
1085 3685 1330 3741 remittit.
1392 3684 1540 3739 Unde
1577 3686 1796 3740 divinus
1839 3685 2036 3742 Petrus

449 3781 664 3837 Judaeos
693 3781 767 3836 ita
795 3779 1089 3849 alloquitur
1114 3794 1128 3834 :
1169 3797 1186 3830 ι
1219 3777 1600 3832 Paenitentiam
1630 3779 1792 3848 agite,
1819 3789 1874 3833 et
1902 3779 2033 3850 bap-

452 3875 649 3928 tizctur
672 3871 1049 3940 unusquisque
1077 3877 1318 3923 vestrum
1354 3869 1406 3922 in
1437 3871 1659 3923 nomine
1680 3867 1808 3924 Jesu
1835 3871 2034 3926 Christi

453 3965 505 4018 in
537 3963 906 4018 remissionem
944 3970 1288 4029 peccatorum
1330 3969 1679 4025 vestrorum;
1715 3970 1771 4014 et
1803 3961 2036 4030 accipie-

453 4057 523 4110 tis
551 4057 750 4110 donum
791 4053 1024 4122 Spiritus
1053 4051 1224 4106 sancti
1250 4050 1314 4104 ³ο.
1363 4069 1382 4101 ι
1433 4050 1658 4105 l’eceata
1697 4066 1930 4120 namque
1969 4053 2035 4108 iis

431 4147 544 4217 “qui
579 4147 653 4200 illi
694 4147 993 4210 adhaerent,
1047 4143 1380 4206 condonans,
1422 4157 1518 4196 suo
1563 4158 1688 4196 mox
1745 4143 1894 4212 ungit
1941 4157 2036 4199 eos

451 4241 669 4311 spiritu,
710 4253 871 4308 quem
903 4236 1120 4307 quidem
1162 4248 1221 4288 ιιι
1250 4233 1342 4288 Dei
1393 4233 1569 4290 Patris
1625 4235 1862 4308 Verbum
1923 4236 2036 4305 ipse

451 4333 718 4394 immittit,
747 4341 800 4385 et
825 4345 889 4385 ex
916 4329 1129 4398 propria
1163 4337 1356 4381 natura
1399 4327 1450 4380 in
1486 4343 1584 4382 nos
1613 4328 1766 4396 quasi
1792 4343 1856 4381 ex
1887 4325 2034 4382 fonte

2137 3145 2286 3199 θειαν
2314 3155 2362 3212 ε,
2396 3147 2490 3200 καὶ
2519 3146 2658 3218 πρὸς
2686 3145 2842 3218 ήμῶν
2862 3146 3255 3202 ἀντακούσεται
3277 3165 3289 3178 ·
3319 3149 3600 3220 Εὐφήμει,
3629 3152 3729 3206 ἄθ-

2137 3237 2324 3308 ορωπε
2345 3253 2358 3268 ·
2400 3238 2454 3290 τί
2501 3239 2656 3310 δρᾷς,
2684 3232 2730 3292 ὦ
2769 3227 2946 3303 οὗτος,
2981 3239 3365 3308 κατακομίζων
3400 3243 3420 3276 ί
3449 3241 3616 3312 ἡμῶν
3651 3246 3730 3307 εἰς

2135 3332 2239 3401 γῆν
2269 3331 2370 3401 τὴν
2401 3330 2626 3394 ἐλπίδα;
2657 3329 3080 3402 Βεὸαπτίσμεθα
3127 3331 3236 3402 γὰρ
3267 3332 3368 3385 οὐκ
3393 3335 3478 3397 είς
3519 3335 3730 3404 ἄνθρω-

2138 3438 2236 3473 πον
2257 3421 2462 3484 ἁπλῶς,
2483 3421 2599 3474 ἀλλ’
2619 3423 2698 3484 εἰς
2716 3421 2848 3474 Θεὸν
2873 3422 3360 3494 ὲνηνθρωπηκότα,
3385 3425 3488 3478 καὶ
3509 3427 3727 3480 ἀνιέντα

2136 3509 2328 3580 ποινῆς
2355 3516 2404 3573 ιι,
2445 3507 2542 3562 καὶ
2565 3508 2673 3562 τῶν
2701 3509 2946 3582 ἀρχαίων
2978 3510 3326 3580 αἰτιαμάτων
3363 3512 3496 3577 τοὺς
3521 3514 3624 3584 τὴν
3651 3516 3727 3578 εἰς

2137 3599 2299 3654 αὐτὸν
2330 3600 2512 3656 πίστιν
2540 3594 2960 3670 ἐκδεδεγμένους
2992 3611 3041 3667 τ’,
3067 3601 3272 3672 μᾶλλον
3292 3601 3352 3656 δὲ
3381 3603 3728 3675 είσδεδεγμέ-

2137 3709 2284 3756 νους·
2315 3691 2408 3745 καὶ
2430 3693 2559 3760 γοῦν
2581 3693 2608 3744 ὁ
2635 3692 2920 3756 Θεσπέσιος
2947 3693 3153 3764 Πέτρος
3185 3693 3470 3758 Ἰουδαίοις
3495 3696 3728 3768 προσλα-

2136 3784 2244 3837 λῶν
2262 3784 2364 3855 ἔφη
2383 3801 2396 3814 ·
2425 3803 2442 3836 ι
2467 3786 2854 3856 Μετανοήσατε
2875 3781 2991 3853 οὖν,
3010 3787 3104 3840 καὶ
3127 3785 3492 3859 βαπτισθήτω
3505 3789 3725 3854 ἕκαστος

2138 3873 2291 3945 ὑμῶν
2341 3874 2438 3927 ἐπὶ
2493 3874 2569 3945 τῷ
2624 3875 2850 3946 ὀνόματι
2897 3873 3074 3946 Ἰησοῦ
3117 3874 3359 3946 Χριστοῦ
3405 3878 3492 3940 εἰς
3537 3878 3724 3947 ἄφεσιν

2139 3966 2422 4036 ἁμαρτιῶν
2455 3965 2638 4037 ὑμῶν·
2675 3967 2769 4020 καὶ¹
2791 3966 3027 4037 λήψεσθε
3060 3966 3160 4038 τὴν
3193 3966 3408 4038 δωρεὰν
3443 3968 3542 4021 τοῦ
3575 3969 3722 4036 ἁγίου

2137 4055 2474 4126 Πνεύματος.
2524 4077 2542 4108 ι
2597 4055 2873 4110 Ἀπολύων
2922 4055 3029 4129 γὰρ
3085 4057 3368 4128 ἁμαρτίας
3434 4057 3532 4122 τὰν
3583 4056 3723 4128 αὐτῷ

2138 4147 2556 4219 προσκείμενον,
2595 4145 2674 4218 τῷ
2697 4147 2814 4218 ἰδίῳ
2848 4147 3032 4200 λοιπὸν
3071 4146 3361 4217 καταχρίει
3402 4148 3719 4219 Πνεὺματι,

2136 4238 2273 4308 ὅπερ
2306 4238 2482 4307 ἐνίησι
2532 4237 2628 4307 μὲν
2659 4237 2844 4302 αὐτὸς,
2871 4237 2946 4300 ὡς
2985 4238 3050 4290 ὲκ
3095 4236 3228 4290 Θεοῦ
3261 4239 3490 4309 Πατρὸς
3536 4240 3724 4307 Λόγος,

2137 4331 2231 4381 καὶ
2281 4327 2343 4393 ἐξ
2390 4329 2526 4391 ἰδίας
2572 4329 2702 4399 ἡμῖν
2755 4327 3102 4400 ἁναπηγάξει
3143 4329 3381 4397 φύσεως.
3437 4330 3637 4384 Κοινὸν
3673 4332 3726 4384 δέ

451 4425 685 4496 quodam
727 4421 1053 4477 transfundit
1093 4437 1106 4472 :
1147 4419 1448 4488 quinetiam
1489 4419 1746 4472 facultate
1777 4419 1874 4473 hac
1920 4435 2031 4487 pro-

2139 4415 2328 4486 ὥσπερ
2373 4417 2435 4469 τὸ
2483 4417 2673 4488 χρῆμα
2703 4415 2872 4480 τιθεὶς
2912 4418 2978 4486 τῇ
3012 4413 3151 4486 μετὰ
3187 4415 3394 4485 σαρκὸς
3446 4415 3727 4487 οἰκονομία

452 4527 571 4587 pter
637 4515 892 4570 unionem
931 4523 986 4567 et
1027 4511 1420 4567 incarnationis
1471 4511 1856 4576 teconomiam,
1905 4527 2027 4565 cum

453 4611 671 4664 homine
695 4607 1112 4670 communicata,
1138 4603 1494 4674 corporaliter
1526 4616 1744 4672 quoque
1775 4611 1835 4655 ut
1871 4602 2031 4656 homo

455 4699 787 4768 inspirabat;
829 4695 1120 4750 iusulllavit
1173 4693 1318 4748 enim
1371 4691 1424 4746 in
1471 4700 1688 4746 sanctos
1737 4691 2030 4760 apOStolos,

454 4790 668 4844 dicens:
693 4807 711 4839 ι
732 4787 974 4854 Accipite
997 4785 1258 4854 Spiritum
1276 4790 1524 4838 sanctqu
1543 4780 1606 4832 ³¹.
1636 4799 1654 4832 ι
1683 4780 1787 4835 Sed
1814 4797 1830 4830 ι
1859 4795 2034 4849 neque

450 4897 517 4936 ex
545 4892 796 4934 mensura
841 4878 933 4930 dat
965 4877 1249 4944 Spiritum,
1281 4895 1300 4927 ›
1329 4874 1484 4943 juxta
1513 4871 1736 4928 Joannis
1759 4887 1940 4926 vocem
1963 4871 2031 4937 3’,

450 4973 544 5028 sed
577 4986 642 5026 ex
681 4983 742 5024 se
799 4984 902 5020 non
953 4981 1112 5020 secus
1143 4981 1206 5019 ac
1249 4964 1410 5019 Pater
1467 4965 1716 5018 eumdem
1780 4961 2032 5018 infundit.

457 5067 606 5124 Unde
649 5076 878 5133 magnus
900 5061 985 5113 ille
1008 5059 1208 5114 Paulus
1233 5069 1396 5112 totam
1425 5059 1566 5112 hanc
1596 5056 2030 5113 controversiam

451 5172 482 5210 θ
512 5159 688 5212 medio
713 5155 924 5216 tollens,
969 5151 1127 5206 modo
1167 5149 1428 5219 Spiritum
1469 5149 1574 5204 Deo
1601 5159 1656 5204 et
1683 5149 1851 5217 Patri,
1878 5149 2036 5204 modo

457 5261 670 5302 rursum
714 5248 814 5316 ipsi
854 5243 990 5301 Filio
1027 5241 1238 5296 tribuit.
1291 5239 1382 5296 Sic
1420 5243 1562 5296 enim
1601 5241 1828 5298 scribit:
1863 5259 1883 5292 ι
1926 5239 2036 5296 Vos

2135 4508 2224 4562 διὰ
2249 4508 2347 4579 τὴν
2394 4507 2608 4572 ἕνωσιν,
2649 4511 2743 4562 καὶ
2783 4509 2858 4572 ὼς
2893 4509 3180 4580 ἅνθρωπος
3233 4506 3455 4561 ἐνέπνει
3491 4525 3731 4578 σωματι-

2139 4601 2284 4664 κῶς·
2321 4599 2621 4670 ἐνεφύσησε
2650 4601 2757 4672 γὰρ
2787 4603 2900 4665 τοῖς
2933 4599 3108 4668 ἁγίοις
3133 4598 3482 4664 ἀποστόλοις,
3523 4601 3728 4655 εἰπών’

2147 4712 2164 4745 ι
2199 4693 2406 4748 Λάϐετε
2453 4693 2676 4763 Πνεῦμα
2707 4695 2884 4761 ἆγιον.
2928 4711 2946 4744 ι
2977 4693 3088 4746 Καὶ
3121 4710 3140 4743 t
3170 4692 3273 4745 οὐκ
3311 4694 3379 4744 ὲκ
3413 4693 3626 4764 μέτρου
3655 4693 3730 4746 δξ.

2116 4785 2290 4850 -δωσι,
2321 4804 2340 4836 ι
2393 4784 2532 4838 κατὰ
2561 4783 2659 4856 τὴν
2700 4785 2949 4838 Ἰωάννου
2977 4784 3183 4854 φωνὴν,
3213 4783 3275 4836 τὸ
3308 4783 3566 4852 Πνεῦμα,
3617 4785 3732 4838 ἀλλ’

2139 4876 2299 4940 αὐτὸς
2325 4877 2530 4946 ἐνίησιν
2561 4875 2618 4940 ἐξ
2644 4875 2862 4940 ἑαυτοῦ,
2901 4875 3153 4945 καθάπερ
3202 4873 3400 4944 ἀμέλει
3436 4875 3535 4927 καὶ
3563 4877 3596 4926 ὁ
3623 4875 3734 4926 Πα-

2142 4971 2268 5038 τήρ.
2298 4968 2407 5020 Καὶ
2431 4968 2558 5035 γοῦν
2583 4969 2610 5020 ὀ
2655 4966 2944 5030 θεσπέσιος
2974 4965 3208 5028 Παῦλος,
3243 4965 3374 5034 ὃλην
3416 4966 3736 5036 ἀποστήσας

2143 5058 2241 5128 τὴν
2264 5057 2319 5110 ἕν
2350 5075 2413 5126 γε
2441 5057 2612 5128 τούτῳ
2641 5057 2926 5129 διαφορὰν,
2959 5055 3093 5110 ποτε
3129 5057 3228 5126 μὲν
3257 5055 3409 5126 αὐτῷ
3453 5069 3480 5096 ι
3513 5056 3593 5132 τῷ
3621 5055 3739 5124 Θεῷ

2143 5150 2239 5202 καὶ
2282 5151 2458 5219 Πατρὶ⁸
2511 5147 2833 5218 προσνέμων
2869 5148 3085 5218 ὁρᾶται,
3113 5147 3243 5200 ποτὲ
3285 5147 3330 5200 δ’
3371 5143 3439 5200 αὖ
3469 5147 3549 5218 τῷ
3603 5148 3734 5215 Υέᾠ.

2143 5241 2351 5312 Γράφει
2398 5239 2505 5310 γὰρ
2543 5234 2677 5292 (Ii-85'
2717 5258 2735 5289 ι
2785 5239 2972 5308 Ὑμεῖς
3019 5237 3075 5292 δὲ
3122 5239 3230 5292 οὐκ
3271 5235 3400 5290 me
3451 5241 3513 5292 ἐν
3545 5240 3741 5313 σαρκὶ,

525 5395 790 5453 “Hann.
829 5413 879 5463 v,
911 5399 964 5462 9,
1001 5399 1084 5452 10.
1163 5398 1206 5428 ’⁷
1247 5397 1436 5450 Matth.
1466 5411 1548 5462 ιιι,
1589 5397 1674 5451 ll.
1718 5395 1763 5426 ’⁸
1795 5393 1935 5449 Psal.
1961 5409 2029 5448 xx

2137 5394 2224 5458 ,9.
2269 5396 2312 5427 ὀ
2339 5395 2514 5448 Galat.
2544 5410 2628 5459 Ill,
2652 5395 2760 5446 ‘27..
2789 5393 2834 5424 ⁸⁸
2870 5393 2996 5446 Act.
3031 5407 3088 5457 ιι,
3118 5389 3208 5446 28.
3254 5392 3297 5424 ³¹
3327 5391 3488 5448 Joan.
3516 5409 3609 5456 xx,
3641 5394 3738 5447 ‘29..

1550 5553 1720 5605 Varia:
1753 5553 2008 5605 lectiones
2063 5551 2265 5605 codicis
2297 5551 2656 5622 Seguleriani.

533 5696 555 5728 5
595 5688 813 5759 ἀληθές.
897 5695 909 5726 ι
945 5691 1346 5761 κατακομίζεις.
1426 5703 1447 5729 υ
1484 5687 1698 5742 mntiri.

1781 5698 1803 5722 ν
1841 5687 2282 5757 ετσδεδεγμένους
2318 5688 2519 5757 absque
2554 5689 2674 5742 aliis
2713 5688 2909 5742 verbis.

2997 5698 3020 5724 ι
3049 5682 3202 5735 αὐτό.
