3970 6136
247 271 384 331 H89
1212 268 1299 322 DE
1339 264 1567 323 RECTA
1606 260 1763 319 FIDE
1802 260 1892 315 AD
1932 257 2380 315 TiIEODOSIUM
2420 257 2557 316 IMP.
3238 280 3241 283 λ
3372 263 3517 321 ιιιιο

246 399 361 452 ἀλλ’
410 397 467 450 ἐν
501 393 813 465 Πνεύματι,
856 391 1012 462 εἴπερ
1060 389 1288 460 Πνεῦμα
1336 387 1473 443 Θεοῦ
1522 386 1721 442 ἐνοικεῖ
1767 386 1814 436 ἐκ

1942 389 2108 434 intem
2151 381 2203 434 in
2245 395 2407 436 carne
2431 397 2533 435 non
2569 381 2721 447 estis,
2762 380 2855 437 sed
2884 382 2938 436 in
2974 381 3176 452 Spiritu
3208 384 3302 440 :‘si
3330 393 3510 441 tamen

249 491 395 559 ὑμῖν.
432 487 501 540 Εἴ
525 504 609 551 τις
636 486 695 540 δὲ
720 482 945 553 Πνεῦμα
971 479 1211 551 Χριστοῦ
1239 480 1339 535 οὐκ
1372 480 1506 551 ἔχει,
1541 472 1697 543 οὗτος
1728 479 1817 531 οὐκ

1944 468 2170 539 Spiritus
2210 471 2301 526 Dei
2345 471 2552 526 habitat
2596 471 2653 525 in
2692 470 2865 543 vobis,
2906 470 2962 526 Si
3001 473 3124 543 quis
3169 482 3347 529 autem
3391 477 3512 547 Spi-

250 576 394 632 ἔστιν
428 577 592 631 αὐτοῦ
617 591 631 606 ⁸
674 577 722 628 εἰ
771 573 827 627 δὲ
869 572 1107 643 Χριστὸς
1134 572 1193 624 ἐν
1241 572 1391 642 ὑμῖν,
1427 568 1488 623 τὸ
1519 571 1618 641 μὲν
1666 568 1818 639 σῶμα

1945 562 2096 615 ritum
2136 562 2336 617 Christi
2380 578 2484 616 non
2515 561 2693 627 habet,
2736 561 2826 617 hic
2864 578 2972 618 non
3012 574 3097 619 est
3136 564 3271 632 ejus.
3314 565 3370 618 Si
3418 580 3513 621 au-

250 668 443 738 νεκρὸν
471 668 561 722 διὰ
598 664 891 737 ἁμαρτίαν,
927 664 989 717 τὸ
1026 662 1082 717 δὲ
1114 662 1333 734 πνεῦμα
1366 660 1474 725 ζῶν
1514 660 1602 714 διὰ
1625 660 1818 714 δικαιο‹

1942 651 2316 708 lem'Christus
2347 652 2398 707 in
2434 652 2589 707 vobis
2622 661 2728 717 est,
2756 667 2956 723 corpus
2991 654 3205 723 quidem
3238 665 3510 710 mortuum

252 762 437 833 σύνην.
479 781 497 813 ι
547 761 782 831 Ἀραρεν
811 752 928 823 οῦν,
960 758 1039 812 ὅτι
1071 757 1167 811 καὶ
1205 757 1337 811 ἴδιόν
1373 757 1489 809 ἐστι
1517 753 1576 808 τὸ
1604 751 1820 822 Πνεῦμα

1947 753 2016 798 ast
2052 751 2272 813 propter
2309 755 2611 813 peccatum,
2651 744 2875 812 spiritus
2912 755 3095 799 autem
3127 746 3261 800 vivit
3289 756 3515 817 propter

249 852 342 907 τοῦ
379 852 532 916 Υίοῦ,
565 850 656 904 καὶ
678 848 794 902 οὔτι
828 866 930 903 που
972 848 1132 918 μόνον
1225 848 1397 918 Λόγος
1422 846 1540 899 ἐστὶ
1571 842 1817 916 πεφηνὼς

1957 833 2372 890 ustilicationem
2403 835 2468 888 ³³.
2519 853 2537 886 ι
2583 834 2740 889 Patet
2778 849 2907 907 ergo
2936 835 3202 904 Spiritum
3235 837 3353 902 Filii
3381 852 3517 906 quo-

251 949 316 1000 ὲκ
348 945 578 1016 Πατρὸς,
621 943 736 998 ἀλλ’
763 945 812 998 εἰ
855 944 951 997 καὶ
985 945 1158 997 νοοῖτο
1194 942 1319 997 καθ’
1357 943 1507 1014 ἡμᾶς
1542 942 1819 1011 ἄνθρωπος

1947 941 2041 997 lue
2090 926 2365 995 pmprium
2405 939 2560 990 esse,
2599 940 2701 980 nec
2736 926 2912 981 solum
2952 935 3233 996 quatenus.
3278 927 3515 983 Verbum

251 1035 506 1107 γεγονὼς,
535 1036 595 1089 οὐ
625 1035 736 1089 τῶν
762 1035 860 1107 τῆς
888 1034 1142 1106 θεότητος
1174 1033 1482 1105 ἰδιωμάτων
1513 1033 1589 1097 ὡς
1620 1036 1677 1087 ἐν
1725 1032 1819 1102 ἰδίᾳ

1951 1028 2019 1075 ast
2049 1034 2114 1074 ex
2142 1018 2301 1073 Patre
2334 1020 2609 1088 prodiens,
2635 1020 2730 1075 sed
2760 1020 2922 1075 etiam
2949 1020 2995 1074 si
3028 1021 3295 1090 cogitetur
3322 1036 3519 1077 secun-

250 1130 408 1199 φύσει
442 1128 782 1199 λειπόμενος.
820 1126 929 1181 Καὶ
970 1125 1097 1198 γοῦν
1127 1127 1291 1191 αὐτὸς
1332 1126 1651 1197 ὑπάρχω·δὴ
1692 1124 1818 1178 πάν-

1946 1112 2059 1167 ium
2118 1124 2217 1165 nos
2254 1110 2416 1166 homo
2472 1111 2669 1176 factus,
2715 1110 3010 1165 divinitatis
3070 1111 3514 1180 proprietatibus,

248 1191 354 1274 των
394 1218 531 1290 ζωὴ,
558 1191 648 1273 διὰ
693 1218 793 1288 τὴν
842 1217 907 1272 ἐκ
943 1191 1038 1271 τοῦ
1086 1217 1291 1282 ζῶντος
1332 1191 1549 1287 Πατρός
1593 1191 1816 1286 ἄρρητοι

1949 1220 2056 1275 luce
2094 1220 2145 1258 ιιι
2188 1204 2458 1274 propriam
2514 1203 2659 1259 illius
2703 1212 2951 1258 naturam
3004 1205 3352 1271 conveniunt,
3409 1220 3517 1261 non

248 1303 527 1383 γέννησιν,
557 1296 938 1377 ζωοποιεῖσθαι
967 1310 1186 1380 λέγεται
1221 1309 1343 1381 μεθ’
1387 1306 1563 1380 ἡμῶν.
1600 1306 1756 1377 Πάρα
1785 1305 1813 1358 δ

1952 1296 2246 1353 lestitutus.
2287 1294 2420 1349 Nam
2462 1294 2589 1349 licet
2625 1304 2683 1349 ut
2720 1296 2881 1349 homo
2921 1293 3149 1362 proinde
3189 1309 3253 1349 ac
3292 1311 3390 1350 nos
3436 1297 3520 1350 vi-

250 1398 342 1458 οῦν
367 1405 516 1474 ὅμως
564 1403 693 1455 ἰδεῖν
720 1400 1078 1472 χαριζόμενον
1115 1399 1212 1471 μὲν
1260 1401 1327 1471 τῇ
1374 1398 1479 1470 ἰδίᾳ
1523 1397 1689 1468 σαρκὶ
1736 1396 1818 1467 τῆς

1952 1386 2143 1441 rifieari
2181 1387 2451 1441 interdum
2483 1385 2732 1450 dicatur;
2774 1393 3012 1438 attamen
3048 1384 3520 1456 prepterinexpli-

254 1494 594 1564 θεοπρεποῦς
623 1493 906 1564 ἐνεργείας
944 1491 1042 1564 τὴν
1081 1491 1258 1559 δόξαν,
1286 1489 1658 1560 οἰκειούμενον
1697 1487 1743 1541 δ’
1764 1483 1822 1540 αὖ

1953 1478 2163 1533 :ahilem
2196 1477 2340 1531 illam
2380 1491 2447 1531 ex
2486 1477 2704 1531 vivente
2738 1475 2899 1531 Patre
2936 1475 3362 1547 generationem,
3404 1491 3521 1532 0m-

254 1590 355 1658 τὴν
385 1589 561 1659 σάρκα
589 1595 639 1649 Υ,
671 1585 766 1639 καὶ
796 1583 956 1637 οἱονεί
990 1601 1109 1647 πως
1148 1582 1272 1637 καθ’
1317 1582 1509 1636 ἕνωσιν
1557 1582 1822 1650 οἰκονομι-

1951 1570 2086 1623 mium
2123 1568 2230 1623 vita
2269 1568 2508 1623 exsistit.
2572 1564 2767 1621 Videre
2808 1577 2892 1620 est
2937 1573 3115 1620 autem
3151 1565 3241 1621 ubi
3286 1565 3519 1623 Verbum

257 1654 381 1748 κῆν,
416 1654 510 1729 καὶ
539 1677 605 1747 τῇ
641 1673 747 1744 ἰδίᾳ
780 1671 1125 1744 περιτιθέντα
1155 1670 1335 1740 φύσει.

1951 1661 2133 1714 divinae
2178 1658 2416 1713 actionis
2461 1656 2691 1727 gloriam
2741 1656 2974 1724 propriae
3008 1655 3158 1709 carni
3201 1654 3464 1725 largiatur
3502 1671 3519 1712 :

1939 1759 2125 1806 contra
2151 1763 2368 1803 rursum
2404 1748 2494 1802 ubi
2520 1762 2643 1815 quze
2668 1746 2849 1799 carnis
2877 1755 3024 1812 sunt,
3044 1742 3184 1799 inse
3208 1745 3521 1811 transferat,

1380 1869 1393 1879 κ
1938 1854 2003 1894 ac
2052 1847 2271 1908 propter
2318 1836 2742 1905 dispensationis
2800 1834 3052 1889 unionem
3105 1835 3336 1903 propriae
3386 1849 3522 1904 quo-

329 1925 461 1978 AH’.
505 1924 575 1976 Ἢ
601 1923 721 1992 οὐχὶ
747 1922 811 1993 δὴ
854 1923 1089 1992 μάλιστα
1120 1923 1355 1994 πρέπειν
1382 1923 1500 1993 ἐρεῖ
1530 1939 1613 1985 τις
1652 1921 1731 1991 τῷ
1766 1937 1830 1989 γε

1165 1923 1355 1994 ρέπειν
1382 1923 1500 1993 ἐρεῖ
1530 1939 1613 1985 τις
1652 1921 1731 1991 τῷ
1766 1937 1830 1989 γε
1939 1929 2228 1983 dammouo
2268 1936 2476 1981 natura:
2507 1925 2729 1981 tribuat.

255 2017 366 2070 ὄντι
398 2015 539 2068 κατὰ
582 2013 744 2084 φύσιν
773 2016 839 2068 ἐκ
884 2014 1019 2067 Θεοῦ
1048 2010 1267 2087 Πατρὸξ
1297 2015 1477 2086 Λόγῳ,
1514 2013 1592 2084 τῷ
1631 2012 1823 2067 ἄνωθει

2012 2019 2295 2075 XXXVIII.
2359 2018 2555 2071 Annon
2607 2017 2659 2070 in
2715 2015 2974 2084 Verbum,
3039 2020 3181 2088 quod
3226 2017 3528 2075 secundum

255 2109 410 2178 ἥκειν
436 2107 531 2158 καὶ
557 2104 615 2170 ἐξ
639 2104 870 2175 οὐρανοῦ
894 2144 908 2171 ,
932 2104 994 2157 τὸ
1036 2104 1321 2173 ζωογονεῖν
1360 2103 1621 2157 δύνασθαι
1650 2103 1720 2155 τὰ
1759 2097 1823 2165 οἷς

1959 2121 2191 2164 naturam
2238 2124 2269 2163 a
2336 2107 2447 2162 Deo
2479 2105 2643 2162 Patre
2696 2108 2965 2177 procedit,
2993 2111 3230 2163 maxime
3271 2111 3527 2166 convenit

259 2201 324 2253 ἂν
354 2198 552 2251 ἐνιέναι
583 2196 826 2268 βούλοιτο
849 2197 950 2267 τὴν
973 2196 1152 2267 ζωήν;
1185 2197 1250 2249 Τί
1277 2196 1335 2248 δὲ
1366 2195 1426 2248 τὸ
1457 2196 1827 2265 δημιουργεῖν,

1956 2216 2176 2272 superne
2205 2216 2269 2255 ac
2298 2201 2365 2255 de
2400 2199 2539 2257 caelo
2567 2198 2778 2264 venire,
2812 2199 2920 2268 35
2951 2215 3125 2269 eaque
3181 2203 3379 2271 quibus
3440 2203 3524 2258 vi—

257 2291 380 2343 εἰπέ
414 2307 539 2362 μοις
572 2289 769 2353 θεῖκῶς
802 2290 919 2362 δοίη
952 2307 1036 2353 τις
1058 2289 1127 2345 ἂν
1162 2285 1323 2354 εἶναι,
1359 2290 1392 2360 ἢ
1420 2288 1529 2341 τῶν
1561 2287 1825 2359 ἀνθρωπί-

1958 2309 2053 2347 ηιιιιι
2082 2278 2347 2362 impertiri
2378 2291 2635 2357 voluerit,
2675 2306 2834 2359 posse
2863 2291 3177 2347 viviticare?
3204 2295 3319 2362 Dic,
3344 2310 3526 2363 qumso

257 2400 396 2449 vwv;
423 2380 703 2452 Οὐδαμῶς.
735 2382 856 2445 Πῶς
885 2381 1096 2448 τοίνυν;
1141 2383 1316 2452 Ἡμᾶς
1348 2381 1599 2446 ζωοποιεῖ
1638 2382 1734 2451 μὲν
1765 2380 1825 2443 ὼς

1956 2389 2289 2458 le,nunquid
2352 2389 2537 2442 divino
2604 2388 2763 2442 modo
2800 2389 3034 2444 condere
3096 2405 3159 2445 ae
3220 2406 3524 2462 procreare,

257 2474 423 2537 Θεός·
461 2474 601 2545 πλὴν
643 2475 704 2526 οὺ
742 2473 888 2544 μόνῳ
921 2473 996 2544 τῷ
1033 2473 1360 2544 μεταλαχεῖν
1394 2474 1548 2543 ἁγίου
1585 2472 1825 2542 Πνεῦμα

1957 2496 2192 2535 ιιιιιιτιιιιιξ
2224 2491 2430 2534 natura:
2463 2479 2800 2548 largiendum
2833 2480 2958 2534 est?
2990 2478 3215 2535 Minime
3259 2483 3525 2552 gentium.

258 2580 378 2629 10;,
427 2565 543 2618 ἀλλ’
587 2564 809 2635 ἐδεστὴν
840 2566 1112 2636 παραθεὶς
1159 2567 1254 2619 καὶ
1292 2565 1391 2637 τὴν
1437 2566 1826 2639 ἀναληφθεῖσαι

1961 2571 2130 2640 Eequo
2162 2586 2292 2639 ergo
2340 2569 2499 2624 modo
2550 2584 2648 2623 nos
2692 2568 2962 2625 vivificat?
2999 2581 3055 2624 ut
3099 2570 3240 2626 Deus
3270 2589 3284 2625 :
3314 2586 3529 2626 verum-

262 2658 442 2726 σάρκα
462 2656 555 2708 τοῦ
573 2655 701 2708 Υίοῦ
724 2655 818 2708 τοῦ
841 2655 1148 2729 ἀνθρώπου.
1176 2658 1320 2734 Ἔφη
1349 2657 1575 2729 γὰρ,ὅτι
1606 2679 1623 2710 ι
1649 2659 1830 2730 Ἀμὴν,

1958 2674 2124 2719 tamen
2188 2679 2292 2716 non
2346 2678 2440 2732 per
2474 2663 2574 2717 hoc
2606 2662 2778 2717 solum
2815 2662 2866 2717 id
2924 2661 3073 2728 facit,
3105 2666 3248 2734 quod
3280 2675 3526 2721 sanctum

262 2744 409 2814 ἀμὴν
460 2745 603 2812 λέγω
639 2745 791 2815 ὑμῖν,
844 2747 939 2799 ἐὰν
995 2747 1068 2816 μὴ
1111 2747 1323 2817 φάγητε
1366 2748 1465 2818 τὴν
1514 2748 1692 2819 σάρκα
1746 2747 1830 2800 τοῐ

1957 2756 2102 2810 nobis
2146 2754 2409 2824 Spiritum
2471 2754 2803 2823 impartitur,
2836 2755 2928 2809 sed
2982 2770 3076 2825 per
3126 2756 3239 2815 hoc
3283 2771 3525 2827 quoque,

262 2837 395 2889 Υἰοῦ
423 2835 516 2888 τοῦ
563 2836 874 2907 ἀνθρώπου,
917 2839 1013 2891 καὶ
1046 2839 1209 2909 πίητε
1241 2838 1303 2891 τὸ
1336 2836 1507 2910 αἷμα,
1551 2840 1650 2893 οὐκ
1691 2839 1830 2911 ἔχετε

1962 2846 2087 2915 ptod
2140 2843 2259 2899 Filii
2327 2845 2563 2899 hominis
2595 2860 2837 2913 carnem,
2870 2860 3031 2914 quam
3064 2849 3391 2917 assumpsit,
3438 2864 3530 2902 ve-

263 2928 408 3000 ζωὴν
438 2931 495 2981 ἐν
525 2929 755 2991 ἑαυτοῖς.
787 2948 804 2980 ι
840 2929 1410 3003 Κατακερτομούντων
1438 2930 1496 2985 δὲ
1536 2932 1697 2985 αὑτὸν
1734 2932 1831 2985 τῶι

1962 2936 2207 2992 scendam
2259 2935 2531 3005 preponit.
2568 2933 2655 2989 Ait
2687 2935 2830 2989 enim
2862 2952 2876 2988 :
2917 2953 2935 2987 ι
2973 2936 3172 3000 Amen,
3200 2950 3356 2991 amen
3408 2937 3530 2992 dico

275 3018 543 3073 Ἰουδαίων
588 3018 753 3083 ποτὲ,
798 3021 891 3074 καὶ
937 3021 1037 3092 τὴν
1083 3021 1177 3073 ἐπὶ
1220 3023 1335 3084 τοῖς
1368 3021 1619 3091 ἀμείνοσι
1665 3022 1843 3094 ψῆφον

1959 3028 2124 3093 vobis,
2156 3027 2254 3081 nisi
2311 3025 2769 3082 manducaveritis
2825 3042 3043 3083 carnem
3096 3028 3218 3082 Filii
3272 3029 3527 3095 hominis,

263 3113 551 3180 ἀνάπτειν,
592 3114 692 3167 οὐκ
730 3109 827 3165 οἶδ’
857 3115 1037 3179 ὅπως,
1081 3114 1578 3186 ἐπικεχειρηκότων
1625 3113 1703 3185 τῷ
1741 3133 1831 3185 μα-

1962 3128 2010 3174 at
2032 3118 2277 3173 biberitis
2318 3118 2436 3184 ejus
2478 3119 2819 3187 sanguinem,
2871 3134 2976 3173 non
3030 3119 3300 3175 ha‘hebitis
3364 3121 3530 3176 vitam

264 3205 438 3277 καρίῳ
466 3207 674 3271 Μωσεῖ,
702 3205 1002 3276 εἰρηκότων
1024 3205 1081 3258 δὲ
1106 3207 1408 3276 ἀναφανδόν
1429 3225 1441 3237 ’
1471 3226 1489 3259 ι
1521 3209 1585 3262 Οἱ
1611 3209 1832 3278 πατέρες

1973 3228 2000 3263 ιι
2029 3208 2265 3264 vobis“.
2304 3227 2322 3259 ι
2362 3209 2596 3262 Rursum
2629 3224 2754 3263 cum
2790 3207 2962 3264 Judaei
3009 3211 3183 3280 ipsum
3232 3211 3531 3289 aliquando

264 3301 421 3371 ἡμῶν
463 3300 663 3370 ἔφαγον
701 3301 764 3353 τὸ
806 3300 983 3370 μάννα
1028 3302 1083 3352 ἐν
1131 3303 1195 3371 τῇ
1240 3302 1460 3373 ἐρήμῳ,
1507 3301 1688 3364 καθώς
1729 3302 1832 3354 ἐστι

1964 3302 2281 3364 leriderent,
2341 3301 2714 3370 conviciisque
2788 3310 3125 3372 appeterent,
3178 3318 3243 3359 ac
3314 3304 3532 3359 beatum

266 3409 440 3462 γεγρα
448 3393 671 3462 μμένονο
696 3393 912 3461 Ἀρτον
925 3392 993 3444 ἐκ
1010 3392 1116 3445 τοῦ
1132 3392 1391 3461 οὐρανοῦ
1408 3394 1630 3448 ἔδωκεν
1642 3393 1834 3459 αὐτοῖς

1965 3394 2166 3465 lloysen
2208 3393 2284 3448 illi
2315 3393 2498 3448 nescio
2539 3407 2647 3463 quo
2693 3395 2853 3449 modo
2896 3403 3311 3464 anteponentes,
3347 3405 3533 3465 aperte

269 3484 483 3553 φαγεῖν
504 3501 517 3513 ’
549 3485 601 3535 τί
633 3486 803 3546 ποιεῖς
833 3485 898 3536 σὺ
922 3486 1168 3553 σημεῖον,
1195 3484 1283 3538 ἵνα
1303 3484 1645 3554 πιστεύωμέν
1679 3502 1793 3549 σοις
1824 3504 1837 3535 ι

1965 3487 2227 3541 licerent:
2268 3505 2286 3536 ι
2328 3482 2519 3539 Patres
2574 3487 2742 3540 nostri
2797 3489 3267 3542 manducaverunt
3334 3502 3533 3542 manna

269 3576 322 3628 τί
362 3575 600 3645 ἐργάζῃ,
644 3575 719 3637 ὡς
760 3573 963 3628 ἄνωθεν
1002 3575 1134 3643 ἡμῖν
1181 3575 1274 3628 καὶ
1314 3575 1372 3638 ἐξ
1409 3575 1639 3645 οὐρανοῦ
1680 3593 1837 3630 κατα-

1963 3592 2003 3629 ιιι
2035 3577 2268 3639 deserto,
2313 3576 2451 3628 sicut
2494 3575 2756 3647 scriptum
2792 3586 2873 3630 est
2902 3593 2916 3630 :
2953 3576 3153 3631 Panem
3182 3578 3245 3632 de
3285 3578 3410 3632 caelo
3437 3578 3531 3633 de—

273 3667 504 3733 κομίσας
533 3668 591 3718 τὸ
621 3666 816 3734 σῶμα;
849 3667 1013 3736 φησίν
1034 3682 1046 3695 ο
1080 3685 1098 3717 ι
1140 3666 1328 3737 Ἀμὴν,
1359 3666 1506 3738 ἀμὴν
1531 3667 1673 3737 λέγω
1699 3669 1841 3738 ὑμῖν1

1967 3668 2024 3721 iit
2059 3669 2131 3723 eis
2169 3668 2534 3730 manducare;
2571 3667 2710 3735 quod
2752 3682 2881 3737 ergo
2922 3676 2976 3721 tu
3018 3668 3229 3737 signum
3278 3669 3431 3736 facis,
3476 3678 3535 3725 ut

275 3759 335 3811 οὐ
365 3758 606 3825 Morbo-ﬁ;
644 3758 878 3811 δέδωκεν
910 3759 1041 3828 ὑμῖν
1070 3759 1159 3811 τὸν
1189 3759 1350 3829 ἄρτον
1381 3759 1445 3812 ἐκ
1471 3758 1564 3811 τοῦ
1593 3758 1843 3830 οὐρανοῦ1

1966 3760 2239 3815 :redamus
2264 3760 2357 3813 tibi
2385 3759 2474 3812 ³⁸⁸2
2505 3759 2642 3824 Quid
2677 3760 2944 3827 cperaris,
2977 3768 3036 3813 ιιι
3061 3775 3259 3828 corpus
3299 3776 3534 3831 superne

272 3852 386 3908 ἀλλ’
416 3854 444 3904 ό
476 3852 672 3922 Πατήρ,
699 3867 800 3921 μου
834 3850 1047 3903 δίδωσιν
1078 3850 1205 3921 ὑμῖν
1230 3851 1319 3904 τὸν
1348 3852 1513 3922 ἄρτον
1547 3853 1611 3903 ἐκ
1639 3851 1733 3905 τοῦ
1763 3853 1840 3907 οὐ·

1964 3852 2021 3907 ie
2050 3850 2194 3906 coelo
2241 3850 2396 3905 nobis
2451 3849 2699 3906 attulisse
2753 3851 3041 3907 credaris?
3067 3849 3371 3922 Respondit
3398 3853 3488 3909 ille
3519 3871 3532 3909 :

274 3945 440 4020 ρανοῦ
486 3945 575 3997 τὸν
608 3943 879 4013 ἀληθινόν.
914 3944 972 3995 '0
1004 3944 1111 4013 γάρ
1146 3943 1309 4015 ἄρτος
1337 3942 1429 3997 τοῦ
1465 3943 1601 3997 Θεοῦ
1649 3945 1795 3999 ἐστιν
1825 3947 1842 4000 ί

1969 3943 2204 4009 iAmen,
2247 3956 2407 3995 amen
2434 3941 2557 3995 dico
2597 3942 2772 4004 vobis,
2813 3956 2918 3994 non
2963 3940 3173 4012 Moyses
3214 3941 3360 3996 dedit
3386 3942 3537 3998 vobis

273 4036 623 4091 καταΰαίνων
664 4038 728 4087 ἐκ
775 4034 867 4088 τοῦ
920 4034 1173 4105 οὐρανοῦ,
1218 4035 1311 4088 καὶ
1361 4034 1506 4106 ζωὴν
1552 4036 1728 4100 διδοὺς
1775 4036 1841 4107 τῷ

1966 4051 2149 4108 panem
2180 4034 2247 4089 de
2293 4032 2451 4100 coelo,
2488 4032 2580 4088 sed
2629 4032 2792 4086 Pater
2843 4047 2995 4087 meus
3038 4033 3129 4088 dat
3163 4033 3315 4089 vobis
3342 4049 3534 4105 panem

274 4132 484 4200 κόσμῳ.
516 4149 532 4180 ι
570 4129 681 4181 Καὶ
721 4128 857 4199 πρός
891 4144 953 4195 γε
998 4128 1205 4190 τούτοις
1235 4127 1398 4181 πάλιν
1442 4130 1724 4200 μονονουχὶ
1759 4130 1842 4184 καί

1969 4132 2022 4183 le
2056 4128 2194 4183 cmlo
2246 4140 2432 4179 verum
2462 4142 2476 4179 :
2513 4124 2670 4193 panis
2726 4124 2868 4178 enim
2920 4123 3014 4178 Dei
3038 4134 3141 4191 est,
3176 4126 3269 4195 qui
3299 4127 3365 4182 de
3397 4126 3537 4182 c0310

272 4223 522 4292 δακτύλῳ
552 4231 573 4256 ι
606 4220 960 4284 καταδεικνῦς
1000 4221 1190 4274 ἑαυτὸν
1219 4220 1530 4291 ὲνσὼματον
1556 4233 1580 4261 δ
1600 4238 1612 4251 ο
1649 4240 1668 4271 ί
1713 4220 1840 4290 Ἐγό

1968 4221 2253 4285 descendit,
2282 4228 2337 4274 et
2386 4220 2476 4273 dat
2518 4218 2687 4272 vitam
2724 4218 2923 4272 mundo
2955 4216 3022 4274 “.
3063 4236 3081 4269 ι
3125 4219 3368 4289 Denique
3417 4230 3536 4274 tan-

274 4318 388 4386 εἰμι
411 4307 443 4366 ῦὸ
470 4313 632 4383 άρτος
656 4314 684 4363 ὁ
719 4311 846 4374 ζῶν,
877 4312 903 4363 ὁ
934 4313 997 4364 ἐκ
1042 4312 1134 4365 τοῦ
1163 4310 1393 4384 οὐρανοῦ
1423 4313 1685 4376 καταϐάς.
1726 4313 1842 4367 Ἐάε¹

1967 4322 2071 4366 tum
2127 4326 2233 4365 non
2286 4309 2455 4379 digito
2514 4310 2757 4377 seipsuin
2804 4310 2855 4363 in
2904 4325 3131 4379 corpore
3185 4314 3535 4366 constitutum

271 4425 357 4469 τις
385 4406 532 4475 φάγῃ
562 4407 625 4457 ἐκ
655 4403 748 4456 τοῦ
786 4403 949 4475 ἄρτον
987 4403 1196 4469 τούτου,
1224 4403 1378 4475 ζήσει
1410 4405 1489 4467 εἰς
1526 4405 1616 4458 τὸν
1643 4404 1839 4460 αἰῶνα⁴

1969 4405 2361 4465 demonstrans,
2397 4400 2469 4455 ita
2509 4400 2630 4454 ait:
2671 4418 2689 4452 ι
2726 4399 2838 4469 Ego
2881 4414 3001 4454 sum
3046 4402 3203 4469 panis
3244 4404 3419 4467 vivus,
3445 4403 3537 4470 qui

273 4500 369 4552 καὶ
408 4500 435 4549 ὁ
472 4498 633 4568 ἄρτος
666 4496 722 4549 δὲ
751 4496 808 4549 ὃν
845 4494 954 4565 ἐγὼ
982 4495 1156 4561 δώσω,
1194 4501 1226 4567 ἡ
1274 4496 1408 4567 σάρξ
1443 4514 1543 4567 μου
1574 4498 1746 4565 ἐστιν,
1784 4498 1841 4569 ῆι

1969 4495 2028 4551 de
2084 4493 2224 4550 ccelo
2271 4493 2546 4549 descendi.
2573 4492 2628 4545 Si
2673 4494 2797 4562 quis
2844 4493 3259 4547 manducaverit
3309 4509 3373 4548 ex
3434 4493 3537 4548 hoc

273 4590 386 4659 ἐγὼ
425 4587 579 4641 δώσω
618 4588 757 4654 ὑπὲρ
805 4588 900 4658 τῆς
944 4588 1036 4641 τοῦ
1080 4589 1283 4660 κόσμου
1325 4587 1491 4658 ζωῆς.
1526 4590 1585 4641 '0
1623 4588 1841 4661 τρώγωι

1968 4600 2120 4656 pane,
2152 4585 2296 4639 vivet
2327 4585 2378 4638 in
2409 4596 2670 4639 aeternum
2707 4599 2720 4636 :
2754 4590 2808 4637 et
2836 4584 2990 4653 panis
3021 4598 3183 4653 quem
3227 4596 3327 4652 ego
3377 4583 3536 4650 dabo,

280 4699 379 4753 μου
410 4680 509 4749 τὴν
542 4679 737 4749 σάρκα,
770 4679 860 4732 καὶ
889 4678 1057 4731 πίνων
1091 4697 1193 4748 μου
1224 4679 1285 4731 τὸ
1321 4673 1480 4750 αἷμα.
1515 4682 1571 4732 ἐν
1601 4679 1725 4750 ἐμοὶ
1758 4679 1848 4749 μέ-

1970 4692 2091 4733 caro
2110 4692 2226 4731 mea
2258 4687 2341 4731 est
2373 4691 2470 4746 pro
2510 4675 2692 4729 mundi
2721 4675 2851 4728 vita.
2888 4674 2988 4741 Qui
3022 4674 3313 4729 manducat
3366 4689 3538 4729 meant

276 4789 376 4836 νει,
409 4768 563 4839 κάγὼ
591 4771 648 4820 ὲν
682 4767 847 4839 αὐτῷ.
894 4769 1089 4833 Καθὼς
1121 4771 1407 4823 ἀπέστειλέ
1445 4788 1509 4839 με
1538 4769 1564 4819 ὀ
1601 4770 1708 4834 ζῶν
1743 4771 1844 4822 Πα-

1973 4776 2281 4832 carnem,et
2318 4766 2453 4821 bibit
2496 4780 2674 4820 meum
2706 4767 3046 4833 sanguinem,
3090 4766 3142 4818 in
3196 4780 3281 4820 me
3339 4778 3541 4827 manci,

277 4864 399 4934 τὴρ,
446 4861 601 4929 κάγὼ
641 4861 717 4925 ζῶ
758 4861 845 4915 διὰ
888 4862 977 4913 τὸν
1013 4862 1260 4932 Πατέραο
1292 4863 1386 4914 καὶ
1423 4864 1450 4914 ὁ
1477 4861 1706 4932 τρώγων
1754 4878 1845 4931 με,

1976 4868 2018 4914 et
2047 4873 2145 4929 ego
2174 4859 2226 4913 in
2274 4858 2386 4914 illo.
2434 4857 2585 4910 Sicut
2619 4871 2705 4910 me
2738 4856 2886 4910 misit
2915 4857 3101 4912 vivens
3142 4855 3325 4920 Pater,
3360 4865 3414 4912 et
3445 4871 3544 4924 ego

278 4954 529 5014 κάκεῖνος
557 4948 711 5021 ζήσει
744 4950 812 5003 δι’
835 4951 956 5020 ἐμὲ.
989 4971 1006 5002 ι
1044 4951 1235 5003 Καίτοι
1269 4952 1384 5013 πῶς
1425 4950 1523 5002 οὐκ
1560 4949 1758 5018 ἀληθὲς
1788 4952 1846 5002 εἱ-

1975 4950 2086 5002 rivo
2116 4958 2337 5018 propter
2375 4946 2594 5002 Patrem
2623 4964 2637 5000 :
2672 4955 2726 5002 et
2756 4949 2849 5017 qui
2879 4949 3174 5003 mandueat
3205 4965 3313 5011 me,
3346 4958 3400 5003 et
3430 4949 3543 5013 ipse

279 5045 422 5108 πεῖν,
450 5041 523 5106 ὡς
554 5043 993 5117 καταπἾεφοίτηκε
1029 5044 1124 5113 μὲν
1155 5045 1255 5096 οὐκ
1285 5042 1345 5107 ἐξ
1368 5040 1665 5113 οὐρανῶνή
1702 5041 1847 5112 σάρξ,

1981 5042 2110 5095 ιίινθι
2150 5050 2371 5110 pr0pter
2414 5054 2501 5094 me
2528 5037 2593 5092 ³⁷.
2648 5057 2665 5088 ι
2712 5039 2874 5107 Atqui
2932 5040 3061 5095 nulli
3125 5040 3415 5093 obscurum
3467 5046 3549 5089 est

276 5134 390 5188 ἀλλ’
429 5129 497 5203 ἦν
540 5134 606 5186 ἐκ
637 5133 940 5205 Παρθένου,
972 5133 1112 5187 κατὰ
1143 5134 1242 5196 τάς
1282 5133 1538 5203 Γραφάς;
1580 5133 1703 5186 Ὅτι
1747 5132 1838 5185 ἐστ

1978 5146 2183 5187 :arnem
2210 5131 2334 5186 Filii
2361 5132 2598 5187 hominis
2626 5146 2731 5186 non
2782 5132 3127 5187 descendisse
3153 5131 3219 5183 de
3262 5129 3436 5190 caelis,
3454 5130 3546 5182 sed

286 5382 299 5409 τ
353 5313 395 5343 ²²
426 5312 584 5436 ,108³Ὶέ
618 5329 699 5377 ιιι,
756 5314 805 5365 5.
890 5314 930 5343 ³³
957 5313 1112 5366 Rern.
1150 5330 1267 5375 vm,
1318 5314 1370 5375 9,
1414 5314 1496 5365 lO.
1596 5315 1640 5345 3“
1679 5314 1837 5368 Joau.

286 5382 370 5436 .52.
399 5385 490 5436 ὅῖ.
516 5384 547 5436 ei
594 5423 604 5433 .

2001 5315 2091 5367 54.
2170 5314 2215 5344 ³³
2243 5314 2374 5369 ibid.
2399 5313 2489 5380 50,
2513 5315 2604 5368 51.
2684 5313 2730 5345 ³⁸
2754 5311 2885 5368 ibid.
2915 5311 3005 5378 52,
3038 5312 3126 5366 55.
3204 5314 3247 5344 ³⁷
3289 5313 3423 5367 ibid.
3456 5311 3547 5373 Si.

284 5384 604 5447 52,57,58.

1386 5523 1562 5577 Varia:
1595 5523 1857 5577 lectiones
1892 5524 2106 5578 codices
2144 5522 2512 5590 Seguicriani.

362 5662 385 5701 γ
412 5654 473 5705 τὰ
507 5654 721 5721 σαρκός.
808 5663 826 5689 ι
864 5652 1143 5713 δακτύλοις
1179 5654 1601 5723 κατασημαίνων
1637 5653 1799 5705 αὑτὸν
1830 5654 2160 5724 ἐνσώματον.
2242 5661 2261 5685 ¹¹
2296 5656 2350 5707 ἐν
2383 5653 2614 5723 σώματι.
