3970 6136
235 306 371 362 Ηθῦ

1178 303 1264 359 DE
1299 302 1525 358 RECTA
1566 294 1721 356 FIDE
1758 301 1848 355 AD
1885 292 2327 357 TIIEODOSIUM
2366 300 2502 356 IMP.

3332 293 3473 352 M94

236 415 368 471 Εἶτα
398 416 485 481 τίς
515 417 544 470 6
575 418 640 471 ὲκ
678 415 888 488 νεκρῶν
936 417 1311 486 πρωτότοκος,
1355 419 1402 469 εἰ
1454 415 1528 488 μὴ
1572 415 1805 486 Χριστὸς

1917 423 2006 473 est.
2047 415 2415 470 nisiChristus
2444 413 2621 478 Jcsus,
2649 411 2751 467 hoc
2787 417 2890 475 est,
2930 410 2981 464 itt
3042 423 3208 464 carne
3254 418 3309 465 et
3347 426 3471 467 cum

248 508 475 579 Ἰησοῦς,
500 509 776 562 τουτέστιν
818 508 876 560 ὲν
909 507 1070 579 σαρκί
1104 507 1199 559 καὶ
1241 503 1378 577 μετὰ
1412 506 1612 576 σαρκὸς
1644 508 1673 559 6
1701 506 1803 558 A6-

238 616 365 667 γο;;
396 598 628 668 Τεθναίη
660 599 767 669 γὰρ
797 597 863 650 ἂν
891 592 1143 665 οὐδαμῶς
1175 595 1238 649 τό
1264 614 1329 664 γε
1358 597 1437 658 εἰς
1470 590 1604 648 ἰδίαν
1643 594 1806 663 φύσιν

238 688 392 762 ἧκον,
421 690 551 754 Θεὸς
581 688 654 742 ὣν
681 691 708 742 6
740 687 911 754 Λόγος
931 704 944 716 ·
973 686 1082 740 οὐδ’
1106 689 1171 742 ἂν
1204 689 1376 740 νοοῖτο
1402 686 1510 740 τῶν
1543 678 1678 739 ὅλων
1713 687 1807 753 6r,-

243 781 519 851 μιουργὸς,
548 777 668 832 καθ’
694 775 841 847 ἡμᾶς
864 771 940 829 ὢν
971 776 1277 847 ἄνθρωπος,
1307 775 1358 829 εἰ
1391 772 1466 848 μὴ
1495 774 1807 853 δεδημιούρ-

239 890 375 943 γηκε
400 872 499 942 μὲν
520 871 595 932 ὡς
617 866 769 931 Θεὸς,
796 864 901 920 κᾶν
925 866 974 920 εἰ
1001 866 1075 937 μὴ
1100 867 1223 937 δίχα
1246 867 1445 939 σαρκὸς
1467 863 1638 920 νοοῖτο
1668 854 1806 938 μετὰ

238 962 334 1033 τὴν
361 961 571 1014 ἕνωσιν.
603 955 951 1026 Πρωτότοκος
976 956 1034 1010 δὲ
1062 957 1160 1011 καὶ
1191 961 1255 1011 ὲκ
1284 957 1514 1028 νεκρῶν,
1544 954 1680 1011 καθὸ
1710 958 1806 1011 πέ-

238 1068 403 1122 φηνεν
427 1047 734 1120 ἄνθρωπος,
756 1044 857 1101 οὐκ
882 1047 1170 1103 ἀποϐαλὼν
1192 1048 1252 1102 τὸ
1271 1045 1410 1102 εἶναι
1435 1045 1567 1113 Θεὸς
1593 1048 1680 1104 διὰ
1703 1049 1803 1117 τὴν

238 1141 391 1196 ἕνανο
401 1141 666 1212 ρὼπησιν.

305 1234 394 1285 Μ’.
434 1231 594 1294 Ἵδοις
626 1232 671 1283 δ’
699 1228 765 1284 ἂν
792 1230 886 1284 καὶ
915 1229 1142 1301 ἑτέρωθι
1170 1227 1258 1283 διὰ
1286 1229 1395 1284 τῶν
1427 1229 1605 1285 αὐτῶν
1632 1226 1807 1295 ἰόντας

230 1324 409 1392 λόγων
433 1325 557 1388 τοὺς
583 1323 1083 1394 πνευματοφόρους.
1114 1321 1368 1395 Ἰωάννης
1395 1321 1493 1396 μὲν
1515 1323 1623 1395 γὰρ
1639 1364 1655 1388 ,
1679 1344 1697 1376 ι
1720 1325 1809 1379 Ἐν

230 1418 404 1486 ἀρχῇ,
438 1414 624 1486 φησὶν,
660 1409 728 1486 ἦν
761 1417 790 1470 6
816 1414 1011 1483 Λόγος,
1052 1412 1146 1467 καὶ
1182 1411 1210 1466 6
1242 1412 1413 1480 Λόγος
1450 1410 1517 1483 ἦν
1551 1416 1686 1487 πρὸς
1718 1413 1810 1467 τὸν

230 1506 393 1570 Θεὸν,
423 1508 517 1560 καὶ
546 1505 680 1568 Θεὸς
718 1497 786 1576 ἦν
811 1504 839 1558 ὁ
871 1504 1062 1572 Λόγος.
1111 1499 1279 1569 Οὗτος
1310 1501 1378 1575 ἦν
1406 1507 1466 1558 ὲν
1494 1507 1637 1577 ἀρχῇ
1673 1506 1808 1578 πρὸς

231 1597 329 1651 τὸν
363 1593 515 1649 Θεόν.
550 1594 736 1648 Πάντα
763 1594 829 1647 δι’
852 1591 1018 1647 αὐτοῦ
1046 1593 1283 1661 ἐγένετο,
1311 1593 1404 1647 καί⁸
1434 1595 1605 1666 χωρὶς
1643 1595 1808 1650 αὐτοῦ

236 1685 460 1754 ἐγένετο
495 1684 613 1739 οὐδὲ
644 1682 723 1738 ἓν.
755 1703 772 1734 ι
806 1680 1020 1748 Παῦλος
1046 1684 1103 1737 δὲ
1140 1679 1207 1737 αὖ
1230 1700 1243 1713 ·
1283 1702 1304 1736 ι
1334 1678 1430 1748 Εἷς
1471 1685 1603 1749 Θεὸς
1631 1686 1660 1738 6
1691 1689 1808 1741 Πα-

1906 523 2070 561 earne
2103 505 2338 562 Verbum
2360 506 2384 560 ?
2410 506 2542 560 Nam
2590 520 2713 559 cum
2747 503 2982 559 Verbum
3018 502 3161 558 Deus
3216 503 3307 571 sit,
3330 506 3472 572 quod

1907 597 2122 664 quidem
2168 599 2234 651 ad
2299 598 2569 667 propriam
2631 604 2878 650 naturam
2940 595 3152 658 attinet,
3193 595 3474 649 intermori

1909 688 2058 741 nullo
2087 688 2244 743 modo
2294 697 2513 757 potest:
2546 701 2722 756 neque
2763 686 2806 739 si
2851 686 3015 739 homo
3056 692 3262 738 tantum
3301 684 3475 738 nostri

1908 776 2101 831 similis
2126 778 2216 843 sit,
2246 778 2623 832 universorum
2660 775 2908 830 conditur
2944 773 3047 827 dici
3089 782 3301 842 potest;
3338 788 3474 827 eon—

1913 869 2047 923 didit
2083 870 2260 923 autem
2289 877 2348 921 ut
2390 868 2551 932 Deus,
2583 866 2684 921 etsi
2739 872 2860 934 post
2893 864 3145 917 unionem
3180 864 3318 917 citra
3353 879 3476 918 car-

1908 975 2031 1013 nem
2057 973 2163 1012 non
2200 956 2552 1026 intelligatur.
2588 955 2987 1027 Primogenitus
3010 963 3189 1009 autem
3227 970 3295 1011 ex
3325 970 3476 1009 mor-

1910 1043 2017 1097 tuis
2052 1054 2309 1109 voeatur;
2360 1051 2520 1110 prout
2567 1042 2730 1096 homo
2775 1042 3047 1111 apparuit,
3078 1043 3255 1097 divina
3284 1053 3475 1098 natura

1909 1142 2031 1203 post
2061 1142 2387 1201 assumptum
2428 1133 2823 1187 humanitatem
2866 1148 2970 1187 non
3006 1133 3234 1202 abiecta.

1981 1220 2094 1278 XL.
2131 1220 2328 1278 Videas
2353 1232 2409 1278 et
2429 1222 2565 1278 alios
2602 1236 2812 1292 quoque
2833 1222 3014 1277 divino
3038 1222 3241 1293 Spiritu
3274 1225 3481 1280 amatos

1913 1313 2180 1369 similibus
2211 1314 2497 1370 sententiis
2528 1328 2909 1384 nonnunquam
2932 1314 3199 1384 uti.Apud
3217 1313 3477 1371 Joannem

1910 1403 2026 1458 haec
2049 1404 2278 1476 legimus
2312 1423 2327 1461 :
2369 1425 2389 1457 ι
2432 1405 2490 1460 In
2524 1406 2788 1475 principio
2831 1416 2949 1460 erat
2974 1403 3234 1471 Verbum,
3261 1415 3318 1461 et
3349 1405 3480 1460 Ver-

1914 1496 2041 1551 bum
2085 1503 2203 1552 erat
2242 1496 2380 1567 apud
2436 1498 2623 1565 Deum,
2653 1507 2707 1552 et
2750 1496 2891 1553 Deus
2929 1505 3046 1552 erat
3090 1496 3341 1554 Verbum.
3367 1499 3482 1553 Hoc

1910 1596 2032 1641 erat
2073 1588 2126 1642 in
2177 1589 2448 1659 principio
2501 1589 2642 1659 apud
2705 1590 2894 1645 Deum.
2921 1589 3114 1644 Omnia
3175 1605 3270 1659 per
3305 1591 3479 1659 ipsum

1912 1676 2054 1732 facta
2080 1688 2227 1744 sunt,
2258 1690 2310 1735 et
2340 1681 2458 1735 sine
2484 1680 2604 1750 ipso
2631 1681 2829 1735 metum
2855 1689 2939 1737 est
2966 1697 3140 1752 neque
3171 1699 3335 1738 llllllm
3357 1684 3424 1739 δ’.
3455 1705 3476 1736 ι

235 1777 365 1847 τὴρ,
404 1776 464 1841 ἐξ
497 1766 559 1829 οὗ
589 1776 658 1829 τὰ
686 1777 896 1829 πάντα·
942 1777 1036 1830 καὶ
1078 1771 1157 1840 εἷς
1201 1775 1404 1848 Κύριος
1438 1776 1642 1849 Ἰησοῦς
1672 1779 1807 1849 Χρι-

1917 1770 2066 1837 Apud
2106 1770 2324 1825 beatum
2371 1770 2599 1825 Paulum
2648 1786 2837 1827 rursus
2887 1772 3047 1827 verba
3099 1773 3236 1826 illa:
3284 1793 3302 1826 ι
3331 1774 3483 1830 Unus

242 1863 364 1932 στὸς
386 1910 401 1933 ,
433 1869 502 1921 δι’
540 1861 601 1921 οὗ
634 1869 701 1921 τὰ
731 1868 927 1922 πάντα.
956 1887 975 1920 ι
1022 1867 1162 1921 Ἀλλ’
1192 1867 1349 1936 εἴπερ
1380 1864 1447 1938 ἦν
1478 1885 1532 1922 τι
1573 1870 1809 1940 μεσολα-

239 1959 372 2011 ϐοῦν
407 1960 543 2029 μετὰ
564 1960 624 2013 τὸ
656 1959 894 2030 ἡνῶσθαι
926 1960 1090 2031 σαρκί
1115 1958 1205 2012 τὸν
1238 1957 1431 2025 Λόγον,
1462 1958 1557 2013 καὶ
1586 1961 1668 2024 εἰς
1698 1957 1811 2013 ἑτε-

242 2050 446 2121 ρότητα
481 2050 865 2121 καταδιαιροῦν
908 2050 1009 2122 τὴν
1050 2048 1124 2114 ὡς
1153 2051 1211 2103 ἐν
1245 2047 1359 2120 Υίῷ
1395 2049 1561 2103 δυάδα
1587 2057 1609 2089 ε
1646 2050 1808 2121 φημὶ,

238 2139 385 2193 κατὰ
409 2136 467 2193 τό
494 2158 601 2194 τισι
634 2141 848 2195 δοκοῦνο
878 2141 994 2204 πῶς
1024 2140 1245 2211 ἐκτίσθη
1276 2138 1491 2194 ἅπαντα
1514 2141 1602 2194 διὰ
1638 2137 1810 2210 Ἰησοῦ

237 2225 515 2300 Χριστοῦ;
549 2231 711 2285 Ἀλλὰ
763 2232 871 2302 μὴν
922 2229 1146 2302 ἐκτίσθη
1197 2231 1264 2285 δι’
1304 2232 1468 2287 αὑτοῦ
1501 2232 1569 2286 τὰ
1612 2230 1808 2288 πάντα.

237 2321 518 2392 Πρόδηλον
563 2318 677 2387 οῦν,
723 2323 806 2375 ὅτι
838 2322 907 2375 τὰ
945 2322 1102 2391 φύσει
1135 2340 1193 2375 τε
1243 2322 1335 2378 καί
1380 2320 1523 2387 ἰδίως
1570 2324 1808 2393 ἐνυπάρ-

234 2428 408 2483 χοντα
448 2412 526 2483 τῷ
570 2413 634 2465 ἐκ
675 2411 886 2485 Πατρὸς
906 2413 1040 2468 ἵντι
1092 2412 1266 2485 Λόγῳ,
1313 2418 1606 2486 τετήρηται
1649 2415 1811 2469 πάλιν

233 2500 411 2573 αὐτῷ,
458 2504 552 2558 καὶ
593 2504 681 2558 ὅτε
721 2502 956 2575 πέφηνεν
1004 2505 1311 2577 ἄνθρωπος.
1349 2505 1677 2574 Ἐπισφαλὲς
1718 2503 1814 2561 οὖν

233 2595 352 2664 ἄρα
395 2593 454 2647 τὸ
492 2595 800 2666 διατέμνειν
842 2596 1174 2667 ἁποτολμᾷν.
1207 2590 1301 2660 Εἷς
1326 2597 1433 2667 γὰρ
1471 2596 1673 2668 Κύριος
1715 2598 1814 2668 Ἰη-

237 2683 374 2748 σοῦς
408 2687 660 2754 Χριστὸς,
692 2690 781 2740 καὶ
804 2687 870 2739 δι’
896 2686 1060 2740 αὐτοῦ
1101 2686 1171 2740 τὰ
1205 2687 1383 2741 πάντα
1415 2686 1811 2759 δεδημιούργη-

235 2792 339 2827 κεν
363 2775 391 2826 6
420 2776 626 2847 Πατήρ.
655 2774 957 2848 Τοιγαροῦν
989 2779 1079 2831 καὶ
1109 2774 1439 2849 δημιουργὸς
1467 2776 1682 2842 θεῖκῶς,
1720 2778 1813 2832 καὶ

235 2865 510 2930 ζωοποιὸς
540 2869 614 2929 ὡς
649 2866 783 2939 ζωὴ,
816 2868 1177 2939 ἀνθρωπίνοις
1205 2887 1263 2921 τε
1292 2864 1358 2923 αὖ
1396 2868 1489 2922 καὶ
1528 2871 1640 2932 τοῖς
1673 2869 1815 2941 ὑπὲρ

232 2955 531 3025 ἄνθρωπον
563 2956 847 3028 ίδιώμασιν
884 2960 963 3023 εἰς
996 2958 1054 3011 ’ἐν
1082 2976 1135 3011 τι
1169 2957 1229 3011 τὸ
1279 2957 1478 3029 μεταξὺ
1518 2959 1811 3029 συγκείμε-

231 3064 352 3110 νος.
404 3048 645 3119 Μεσίτης
687 3050 794 3120 γάρ
838 3051 954 3102 ἐστι
997 3048 1131 3103 Θεοῦ
1172 3051 1265 3103 καὶ
1308 3048 1631 3121 ἀνθρώπων,
1674 3049 1815 3103 κατὰ

232 3138 342 3201 τὰς
382 3138 632 3208 Γραφὰς,
675 3139 832 3208 φύσει
874 3140 971 3210 μὲν
1004 3141 1264 3213 ὑπάρχων
1293 3140 1426 3203 Θεὸς
1455 3141 1547 3193 καὶ
1587 3141 1646 3193 οὑ
1692 3140 1815 3211 δίχα

236 3228 480 3299 σαρκός·
526 3228 812 3301 ἄνθρωπος
860 3231 917 3283 δὲ
950 3231 1197 3300 ἀληθῶς,
1246 3234 1339 3286 καὶ
1371 3233 1432 3286 οὐ
1478 3232 1632 3303 ψιλὸς
1688 3231 1812 3287 καθ’

235 3319 409 3388 ἡμᾶς,
438 3319 551 3371 ἀλλ’
573 3319 646 3372 ὢν
670 3322 810 3391 ὅπερ
833 3316 922 3391 ἦν,
948 3322 1037 3373 καί¹
1054 3322 1099 3373 εἰ
1116 3322 1304 3390 γέγονε
1328 3323 1481 3394 σάρξ.
1503 3323 1817 3392 Γέγραπται

237 3411 372 3480 γὰρ,
398 3411 478 3463 ὅτι
508 3430 527 3462 ι
563 3409 768 3480 Ἰησοῦς
798 3412 1031 3482 Χριστὸς
1052 3411 1177 3480 χθὲς
1207 3413 1300 3466 καὶ
1321 3414 1578 3485 σήμερον,
1603 3416 1631 3466 6
1654 3413 1816 3476 αὐτὸς

238 3500 451 3560 καὶ-εἰς
476 3500 604 3560 τοὺς
632 3500 852 3563 αἰῶνας.
890 3518 908 3548 ι

1913 1868 1998 1915 est
2042 1859 2186 1915 Deus
2215 1859 2395 1926 Pater,
2420 1876 2488 1915 ex
2536 1875 2644 1931 quo
2689 1860 2870 1915 omnia
2894 1879 2913 1915 ιη
2936 1871 2989 1916 et
3041 1876 3179 1915 unus
3224 1862 3483 1917 Dominus

1910 1950 2068 2007 Jesus
2091 1951 2360 2017 Christus,
2380 1968 2475 2022 per
2515 1969 2674 2022 quem
2718 1953 2899 2008 omnia
2928 1952 2996 2007 ι’.
3034 1972 3054 2005 ι
3098 1952 3269 2009 Porro
3299 1964 3480 2009 autem

1912 2043 1957 2098 si
1988 2053 2338 2113 posteaquam
2388 2043 2623 2099 Verbum
2684 2044 2896 2100 unitum
2933 2055 3019 2100 est
3042 2046 3215 2114 carni,
3245 2044 3481 2102 medium

1913 2132 2127 2202 aliquod
2166 2133 2450 2198 divellens,
2479 2149 2542 2189 ac
2576 2135 2627 2188 in
2686 2135 2923 2201 diversa,
2956 2146 3081 2205 puta
3132 2137 3185 2191 in
3243 2138 3474 2193 ﬁliorum

1914 2222 2251 2286 dualitatem,
2277 2231 2334 2276 ut
2371 2220 2687 2291 quibusdam
2729 2225 2927 2293 placet,
2978 2226 3487 2291 distrahens,inter—

1913 2313 2088 2378 cedit;
2127 2313 2396 2381 quomodo
2445 2312 2626 2383 omnia
2666 2328 2762 2381 per
2808 2313 2992 2369 Jesurn
3043 2316 3316 2372 Christum
3347 2332 3483 2373 con-

1914 2402 2024 2456 dita
2073 2417 2194 2457 esse
2247 2418 2371 2457 vere
2405 2403 2705 2459 asseritur?
2736 2404 2902 2473 Atqui
2951 2406 3132 2460 omnia
3176 2421 3272 2475 per
3304 2408 3480 2478 ipsum

1916 2501 2041 2547 sunt
2096 2493 2333 2547 condita.
2368 2490 2723 2562 Perspicuum
2784 2502 2866 2548 est
2922 2510 3072 2566 ergo,
3129 2498 3333 2563 omnia,
3367 2513 3487 2568 qua:

1916 2580 2094 2640 Verbo
2115 2600 2179 2640 ex
2217 2584 2375 2639 Patre
2409 2598 2534 2640 nato
2576 2586 2794 2655 proprie
2820 2597 2875 2641 et
2921 2587 3242 2644 naturaliter
3276 2590 3481 2651 insunt.
3514 2640 3523 2649 ,

1914 2689 1977 2729 ea
2009 2675 2122 2745 ipsa
2161 2676 2368 2745 integra
2398 2673 2445 2729 ei
2493 2677 2872 2745 permansisse,
2897 2679 3060 2733 etiam
3101 2689 3211 2734 tum
3243 2695 3368 2736 cum
3405 2682 3485 2735 fa-

1914 2777 2058 2823 ctum
2095 2778 2177 2823 est
2204 2769 2385 2822 homo.
2425 2766 2792 2825 Periculosum
2826 2773 3053 2842 proinde
3076 2781 3160 2828 est
3186 2775 3481 2830 sectionem

1916 2858 2152 2926 aliquant
2182 2856 2437 2913 inducere
2470 2878 2483 2914 :
2519 2876 2656 2914 unus
2695 2861 2837 2915 enim
2888 2873 2973 2917 est
3018 2862 3279 2918 Dominus
3324 2862 3486 2919 Jesns

1917 2952 2322 3030 Christushper
2372 2969 2532 3023 quem
2581 2954 2738 3010 Pater
2790 2957 3030 3011 condidit
3081 2960 3283 3013 omnia.
3335 2958 3488 3014 Unde

1919 3046 2168 3100 conditor
2218 3055 2321 3111 est,
2365 3055 2421 3099 ιιι
2470 3048 2647 3112 Deus;
2685 3047 2987 3102 viviﬁcator
3050 3041 3180 3104 vero
3238 3059 3295 3104 ut
3337 3053 3485 3115 vita;

1917 3150 1983 3190 ex
2006 3136 2424 3205 proprietatibus
2455 3138 2704 3191 humanis
2731 3148 2785 3192 et
2811 3141 3228 3208 superhnmanis
3246 3142 3298 3195 in
3322 3159 3487 3196 unum

1917 3228 2185 3297 quoddam
2215 3228 2444 3280 medium
2466 3228 2789 3282 coeuntibus
2813 3231 3157 3284 constitutus.
3182 3230 3484 3302 Siquidem,

1882 3318 2213 3373 .secundum
2273 3317 2606 3386 Scripturas,
2649 3317 2743 3374 Dei
2787 3328 2842 3374 et
2894 3322 3170 3375 hominum
3224 3324 3489 3379 mediator

1918 3416 2000 3462 est
2036 3405 2116 3472 ‘3;
2143 3405 2234 3474 qui
2262 3407 2477 3475 quidem
2517 3415 2705 3463 natura
2744 3419 2828 3464 est
2860 3409 3026 3477 Deus,
3057 3413 3220 3466 etiam
3245 3414 3289 3467 si
3321 3429 3490 3470 carne

1920 3498 1991 3552 sit
2024 3496 2281 3562 indutus;
2321 3512 2479 3551 verus
2518 3508 2696 3553 autem
2745 3500 2927 3566 homo,
2959 3518 3062 3556 non
3103 3513 3281 3558 tamen
3322 3521 3490 3574 purus

239 3603 305 3645 ut
327 3606 425 3644 nos
453 3610 465 3643 :
494 3608 615 3644 nam
647 3595 746 3647 etsi
780 3592 1011 3650 Verbum
1048 3597 1248 3653 factum
1281 3604 1366 3652 est
1403 3612 1552 3665 caro,
1585 3595 1782 3650 mansit
1820 3604 2001 3650 tamen
2025 3592 2167 3663 quod
2197 3601 2333 3646 erat.
2354 3589 2623 3662 Scriptum
2649 3602 2732 3648 est
2754 3595 2937 3654 enim:
2969 3613 2989 3647 ι
3031 3595 3186 3654 Jesns
3242 3599 3490 3657 Christus

246 3685 365 3738 heri
398 3692 453 3737 et
486 3685 663 3751 hodie,
689 3695 742 3739 et
780 3687 920 3741 idem
951 3699 1004 3743 et
1032 3689 1082 3742 in
1123 3689 1316 3743 saecula
1337 3689 1404 3743 “.
1440 3709 1460 3741 ι

319 3770 456 3826 MA’.
500 3774 570 3826 Ἦ
611 3774 720 3846 γὰρ
767 3776 889 3846 οὐχ).
927 3777 1013 3831 διὰ
1050 3779 1151 3848 τῆς
1193 3777 1352 3847 ἁγίας
1411 3780 1506 3834 καὶ
1553 3779 1810 3834 Θεοτόκου

243 3864 527 3936 Παρθένου
557 3867 804 3937 τετέχθαι
836 3871 1014 3939 φαμὲν
1055 3871 1148 3922 καὶ
1183 3871 1512 3940 πιστεύομεν
1541 3873 1600 3924 ἐν
1648 3870 1812 3941 ἐσχά-

239 3972 360 4018 τοις
388 3955 480 4008 τοῦ
517 3956 711 4015 αἰῶνος
740 3961 949 4029 καιροῖς
973 3960 1064 4013 τὸν
1109 3962 1488 4031 Ἑμμανουήλ;
1525 3958 1661 4016 Εἶτα
1694 3961 1812 4027 πῶς

236 4046 405 4098 τοῦτο
451 4048 550 4100 οὐκ
581 4048 841 4119 ἁλήθεια;
879 4051 950 4103 Τὸ
977 4051 1032 4105 δὲ
1054 4052 1138 4121 δὴ,
1180 4053 1307 4122 χθὲς
1346 4053 1440 4107 καὶ
1477 4054 1737 4124 σήμερον,
1767 4046 1812 4105 ὧ

239 4133 557 4205 φιλόχριστε
583 4136 822 4206 βασιλεῦ,
848 4141 1035 4211 καιρὸν
1064 4143 1195 4212 ἡμῖν
1221 4141 1313 4194 τὸν
1337 4142 1689 4212 ἐνεστηκότα,
1717 4143 1813 4196 καὶ

235 4227 337 4278 τὸν
368 4228 464 4297 ἥδη
500 4232 865 4299 παρῳχηκότα
903 4233 1359 4305 κατασημαίνειεν
1380 4232 1405 4273 δ
1444 4233 1527 4288 ἄν.
1559 4235 1683 4299 Πῶς
1718 4232 1812 4290 οὖν

235 4320 266 4369 ὁ
299 4317 463 4380 αὐτὸς
491 4317 557 4370 ἂν
600 4320 682 4389 εἴη
715 4319 794 4381 εἴς
838 4338 897 4373 τε
940 4322 1030 4375 τὸν
1081 4323 1482 4393 παρῳχηκότα,
1533 4312 1708 4378 καίτοι
1747 4343 1811 4393 γε
1844 4346 1888 4401 D

236 4403 460 4471 γένεσιν
503 4405 654 4459 οῦπω
696 4407 835 4461 κατὰ
863 4409 960 4479 τὴν
992 4411 1131 4462 κατὰ
1160 4411 1338 4478 σάρκα
1367 4410 1543 4481 λαχών
1565 4429 1579 4477 ;
1604 4413 1811 4466 Οὐκοῦν

230 4492 305 4566 ἦν
337 4497 368 4547 6
406 4496 575 4564 Λόγος
606 4498 661 4549 ὲν
693 4499 857 4568 ἀρχῇ,
900 4500 993 4552 καὶ
1026 4500 1099 4563 ὡς
1135 4500 1195 4564 ἐξ
1233 4500 1403 4552 ἀϊδίου
1436 4517 1495 4553 τε
1527 4501 1620 4553 καὶ
1653 4499 1814 4571 ἀτρέ-

232 4604 382 4638 πτου
418 4587 673 4659 πείρηνὼς
699 4588 791 4641 τοῦ
822 4590 956 4643 Θεοῦ
997 4592 1089 4644 καὶ
1120 4592 1351 4662 Πατρὸς,
1383 4591 1495 4662 ἔχει
1523 4593 1618 4645 καὶ
1651 4591 1814 4655 αὐτὸς

235 4680 298 4729 ὲν
327 4678 437 4747 ἰδίᾳ
465 4677 624 4747 φύσει
651 4678 711 4731 τὸ
735 4680 905 4733 ἀΐδιόν
928 4699 986 4734 τε
1016 4683 1108 4734 καί
1137 4683 1426 4752 ἄτρεπτον.
1457 4681 1526 4734 ’Ἡ
1545 4681 1663 4752 οῦχί
1682 4682 1832 4748 νεῴ-“

232 4783 405 4818 τατον
438 4768 653 4838 κομιδῇ,
682 4770 776 4821 καὶ
802 4773 913 4834 τοῖς
952 4771 1051 4841 τῆς
1092 4772 1559 4843 ὲνανθρωπήσεως
1600 4772 1812 4844 χρόνοις

236 4850 687 4929 συνδεδραμηκὸς
706 4860 871 4930 ὄνομα
884 4861 961 4931 τῷ
985 4862 1141 4931 Λόγῳ
1165 4862 1244 4925 τὸ,
1266 4863 1517 4931 Χριστὸς
1547 4861 1811 4930 Ἰησοῦς;

236 4945 355 4999 Καὶ
388 4946 499 5016 μὴν
529 4946 687 5001 τοῦτο
719 4950 848 5021 ἡμῖν
879 4951 978 5021 ήδη
1016 4952 1104 5004 διὰ
1130 4951 1397 5006 πλείιτων
1436 4951 1575 5003 δσων
1600 4951 1810 5021 ἐδείχθη

232 5037 437 5104 λόγων.
467 5038 630 5101 Σύνες
674 5037 788 5104 οὖν,
819 5042 901 5095 ὅτι
941 5043 1175 5113 Χριστὸν
1210 5041 1436 5111 Ἰησοῦν,
1473 5042 1568 5094 καὶ
1610 5042 1671 5093 οὐ
1717 5059 1815 5110 μο-

232 5126 459 5190 νοειδῶς
488 5129 579 5181 τὸν
609 5130 798 5197 Λόγον,
833 5130 964 5199 χθές
998 5148 1056 5184 τε
1103 5132 1196 5184 καὶ
1242 5133 1479 5200 σήμερον
1520 5129 1609 5182 τὸν
1654 5131 1817 5184 αὑτὸν

231 5214 380 5269 εἷναί
415 5236 546 5290 φησι
582 5222 674 5273 καὶ
702 5223 781 5283 εἰς
820 5222 946 5284 τοὺς
984 5223 1204 5286 αἰῶνας.
1238 5221 1361 5284 Πῶς
1392 5220 1437 5273 δ’
1468 5220 1533 5273 ἂν
1566 5220 1664 5290 ἔχῃ
1693 5232 1715 5260 ⁸
1756 5223 1816 5275 τδ

308 5373 352 5404 ⁶¹
377 5370 535 5426 Joan.
579 5388 616 5434 I,
648 5373 768 5425 1-5.
846 5372 888 5401 ⁸¹
920 5370 1085 5429 lCnr.
1120 5390 1233 5438 Vill,
1272 5373 1321 5426 6.
1405 5370 1489 5424 ⁸³1
1519 5372 1656 5428 Tim.
1702 5387 1762 5437 tt,

1991 3776 2124 3833 XLI.
2172 3776 2365 3831 Annon
2411 3775 2816 3830 Emmanuelem
2858 3777 2910 3830 in
2956 3778 3267 3834 novissimis
3302 3784 3487 3837 smculi

1922 3864 2252 3935 temporibus
2276 3879 2342 3917 ex
2370 3877 2521 3916 sacra
2540 3864 2765 3933 Deipara
2798 3863 3017 3934 Virgine
3037 3868 3214 3921 ortum
3250 3871 3484 3927 dicimus

1919 3965 1977 4011 et
2014 3954 2324 4010 credimus?
2353 3953 2531 4021 Sane;
2569 3969 2670 4009 nec
2712 3956 2765 4009 id
2818 3956 2872 4010 in
2915 3957 3264 4026 quaestionem
3315 3961 3486 4018 cadit.

1918 4045 2183 4101 Caeterum
2243 4058 2362 4100 eum
2416 4043 2532 4098 heri
2570 4053 2625 4096 et
2663 4043 2821 4099 hodie
2876 4047 3207 4112 praeteritum
3253 4058 3308 4103 et
3345 4066 3483 4120 pra:-

1919 4151 2043 4191 sens
2072 4146 2282 4205 tempus
2301 4134 2602 4204 signiﬁcent
2634 4150 2648 4199 ;
2683 4132 2794 4203 38
2818 4136 3111 4203 quomodo,
3132 4135 3486 4195 Christianis-

1918 4228 2053 4282 sime
2083 4229 2395 4295 imperator,
2421 4225 2561 4279 idem
2597 4227 2818 4282 omnino
2862 4226 2967 4281 dici
3002 4237 3180 4296 potest
3209 4234 3487 4300 praeterito

1917 4319 2238 4388 tempore,si
2274 4318 2569 4372 secundum
2600 4331 2816 4371 carnem
2849 4320 3075 4374 necdum
3092 4333 3208 4375 erat
3232 4324 3488 4393 genitus?

1918 4409 2151 4464 Verbum
2172 4409 2308 4463 citra
2327 4406 2485 4461 ullam
2516 4410 2938 4463 controversiam
2964 4408 3016 4463 in
3049 4411 3313 4481 principio
3341 4425 3480 4477 erat,

1919 4513 2080 4572 atque
2101 4511 2158 4556 ut
2192 4516 2257 4556 ex
2286 4510 2487 4554 aeterno
2507 4509 2562 4554 et
2588 4499 2905 4554 immutabili
2956 4500 3063 4556 Deo
3098 4501 3268 4573 ,Patre
3294 4518 3487 4572 proceo

1921 4593 2021 4659 dit,
2066 4594 2136 4647 ita
2169 4594 2344 4663 ipsum
2371 4606 2584 4661 quoque
2605 4594 2896 4645 secundum
2943 4595 3213 4663 propriam
3241 4605 3487 4650 naturam

1918 4686 2269 4740 aeternitatem
2293 4693 2348 4738 et
2369 4684 2854 4740 immutabilitatem
2878 4687 3132 4754 possidet.
3156 4688 3260 4740 Sed
3286 4704 3484 4753 nonne,

1920 4775 2116 4843 inquis,
2149 4787 2339 4827 nomen
2373 4774 2475 4826 hoc
2507 4772 2663 4826 Jews
2689 4772 2927 4827 Christus
2951 4773 3235 4831 admodum
3273 4790 3484 4836 recens,

1922 4864 2025 4919 hoc
2062 4873 2145 4918 est
2175 4864 2287 4932 ipso
2320 4862 2709 4917 incarnationis
2738 4864 2989 4928 articulo,
3013 4864 3191 4920 Verbo
3218 4867 3487 4922 accessit?

1922 4958 2049 5025 Nae;
2082 4960 2182 5013 hoc
2209 4958 2351 5013 enim
2386 4959 2627 5027 pluribus
2654 4959 2765 5026 jam
2800 4969 2925 5013 ante
2949 4975 2976 5012 a
3010 4960 3163 5015 nobis
3213 4970 3487 5015 ostensum

1924 5051 2296 5107 est.Advertis
2327 5066 2456 5120 ergo
2495 5051 2637 5121 quod
2679 5050 2951 5107 Christum
2979 5051 3184 5114 Jesum,
3214 5060 3269 5105 et
3300 5064 3402 5103 non
3431 5050 3485 5102 in

1924 5156 2029 5193 una
2065 5140 2235 5193 forma
2270 5139 2522 5204 Verbum,
2551 5142 2664 5195 ilCl‘l
2682 5149 2736 5195 et
2764 5141 2925 5194 hodie
2953 5151 3009 5193 et
3035 5141 3084 5192 in
3114 5140 3306 5194 srecula
3339 5154 3488 5192 emn-

1925 5226 2043 5279 dem
2080 5240 2201 5279 esse
2239 5228 2401 5281 dicat.
2430 5229 2499 5281 At
2553 5228 2819 5297 quomodo
2852 5229 3086 5282 humana
3138 5235 3505 5307 natura,un

1921 5372 1979 5403 ""
2013 5374 2171 5427 licbr.
2211 5391 2321 5434 xm.
2349 5378 2398 5429 8.

1342 5529 1511 5582 Variae
1540 5530 1795 5585 lectiones
1825 5530 2023 5584 codicis
2057 5529 2413 5599 Seguieriaui.

310 5678 338 5705 ι
375 5667 431 5716 ἐν
464 5665 594 5717 υἱῶν
623 5667 794 5719 δυάδι.
866 5668 890 5705 (Ι
925 5666 1337 5736 κατασημαίνει.

565 5760 829 5817 PATROL.
877 5759 990 5817 Gn.
1042 5758 1292 5818 LXX‘i'l.

1421 5678 1443 5704 ε
1476 5666 1605 5736 ἔχοι.

3054 5763 3129 5820 38
