3970 6136
482 326 511 383 1
524 326 546 381 ’i
558 324 625 380 95
1490 310 1547 367 S.
1592 309 1723 367 CYR
1733 307 1857 365 lLLl
1897 303 2364 364 ALEXANDRINI
2403 298 2725 359 ARCIHEP.
3620 291 3647 348 1
3660 289 3785 346 195

435 446 445 459 ί
487 435 776 493 mutationi
823 432 1054 489 obnoxia
1094 437 1196 497 est,
1222 438 1276 486 et
1324 426 1624 499 praesertim
1660 424 1927 497 illi,quod
1989 441 2003 479 t

2207 419 2424 491 τρεπτόν
2472 435 2530 472 τε
2578 417 2674 471 καὶ
2714 414 2811 486 τὴν
2845 414 2903 468 ἐν
2944 410 3231 481 ταυτότητι
3267 406 3549 478 διαμονὴν
3582 406 3622 475 ἡ
3665 406 3775 458 άν-

491 545 600 586 non
629 541 748 582 esse
772 526 850 580 "ad
891 538 1012 581 esse
1043 532 1100 579 et
1131 523 1313 577 vivere
1361 526 1546 574 evecta
1575 526 1678 580 est,
1702 496 2057 571 immutabili-

2206 511 2378 584 ptimou
2411 509 2592 578 φύσις,
2623 507 2800 561 καίτοι
2832 507 3043 574 κίνησιν
3090 499 3473 572 ὑπομένουσα,
3510 496 3622 550 καὶ
3656 498 3774 565 πρὸ

496 630 657 674 tatem
688 627 741 672 et
767 617 819 671 in
850 615 1134 671 identitate
1184 611 1533 666 stabilitatem
1566 608 1812 663 obtinere
1842 606 2061 676 potest?

2202 620 2221 657 ε
2252 603 2359 657 τῶν
2387 602 2561 658 ἄλλων
2589 600 2688 671 τὴν
2712 598 2772 662 ἐξ
2798 597 2899 650 οὐκ
2922 595 3090 649 ὀντων
3118 595 3198 656 εἰς
3224 593 3285 646 τὸ
3309 587 3456 644 εἶναι
3484 587 3591 642 καὶ
3628 585 3770 656 ζῇνς

493 709 849 765 Aberravitne
882 720 1012 777 ergo
1044 720 1073 758 a
1099 700 1344 759 veritatis
1374 714 1537 768 scopo
1563 674 1855 767 Scriptura
1880 710 2057 760 sacra,

2205 692 2544 763 ιημάρτηκεν
2572 686 2665 742 οὖν
2692 686 2801 759 ἄρα
2834 683 3100 755 τάληθοῦς
3147 684 3280 753 ἡμῖν
3306 680 3369 733 τὸ
3401 678 3673 749 Γράμμα.
3708 674 3773 727 τὸ

480 803 620 853 ιάυιη
656 813 778 852 cum
808 795 899 865 qui
947 794 1062 848 heri
1091 808 1195 848 non
1228 799 1368 855 erat,
1400 790 1550 858 prius
1578 788 1858 842 exstitisse
1906 799 2048 840 com-

2212 783 2343 854 ρόν;
2393 782 2487 836 καὶ
2514 781 2606 834 τὸν
2646 778 2768 849 χθὲς
2803 777 2902 831 οὐκ
2926 776 3055 830 ὄντα
3087 772 3335 846 προεῖναί
3366 787 3549 842 canat;
3590 769 3776 836 Φαξην

480 885 795 942 memorat?
826 857 980 939 :Absit
1010 881 1215 952 procul,
1242 889 1302 935 ut
1341 857 1447 935 tale
1478 877 1753 949 quidpiam
1813 874 2048 943 equidetr

2206 893 2230 926 ν
2260 874 2385 944 οὐχὶ
2414 872 2570 925 τοῦτο
2601 869 2731 939 ἐγὼ,
2762 867 2959 922 πολλοῦ
2990 883 3055 935 γε
3087 865 3182 918 καί
3208 864 3320 917 δεῖ·
3352 861 3489 932 χθὲς
3522 859 3652 928 γὰρ
3678 857 3774 911 καὶ

497 982 670 1036 dicam
708 976 986 1050 (Christus
1007 947 1160 1042 {enim
1182 970 1338 1025 Iesus
1362 947 1508 1024 idem
1532 976 1615 1023 est
1636 967 1774 1033 heri,
1796 975 1853 1021 et
1880 965 2059 1031 hodie,

2204 967 2403 1036 ἥμερον
2445 963 2472 1016 ὁ
2502 961 2661 1022 αὐτὸς
2696 951 2899 1020 καὶέἰς
2942 957 3071 1019 τοὺς
3121 952 3323 1014 αἰῶνας
3354 947 3581 1021 Ἰησοῦς
3632 948 3772 1017 Χρι-

498 1071 631 1125 etin
662 1067 912 1137 ειιιοιιίτι),
941 1073 1032 1119 aut
1066 1072 1124 1117 ut
1158 1061 1409 1126 Verbum,
1445 1059 1659 1114 tametsi
1694 1072 1825 1113 caro
1858 1056 2061 1111 factum

2202 1057 2309 1120 τός.
2338 1055 2411 1109 Τὸ
2437 1054 2493 1108 δὲ
2530 1052 2625 1107 τοῦ
2658 1052 2831 1120 Λόγου
2880 1045 3260 1120 πρεσϐύτατόν
3297 1060 3359 1097 τε
3397 1043 3500 1096 καὶ
3536 1039 3770 1101 ἀκλινὲς

496 1171 599 1226 est,
627 1135 1060 1227 antiquissimum
1104 1162 1160 1209 et
1208 1150 1542 1207 immutabile
1591 1164 1714 1205 esse
1766 1149 2064 1219 prmdicare

2204 1164 2363 1203 κιστα
2390 1148 2489 1218 μὲν
2513 1146 2842 1216 ἀρνήσομαι,
2866 1139 2961 1197 καὶ
2988 1143 3037 1193 εἰ
3058 1139 3254 1209 γέγονε
3284 1135 3424 1207 σάρξ
3446 1151 3463 1164 ’
3491 1135 3770 1203 οἰήσομαι

501 1225 785 1309 dubiteml
855 1258 986 1320 puto
1046 1245 1188 1300 enim
1243 1244 1489 1299 eumdem
1554 1240 1845 1313 signiﬁcari
1888 1238 2063 1294 etiam

2201 1243 2221 1295 ὲ
2251 1240 2370 1295 καθ’
2393 1239 2585 1292 ἕνωσιν
2619 1234 2755 1308 μετὰ
2791 1237 2891 1306 τῆς
2926 1232 3062 1297 ἰδίας
3097 1229 3301 1302 σαρκὸς
3329 1229 3408 1291 ὡς
3448 1225 3592 1297 χθὲς
3636 1225 3769 1277 ὅντα

502 1355 623 1411 p05t
651 1344 899 1397 unionem
930 1355 1050 1394 cum
1084 1338 1299 1406 propria
1332 1348 1517 1400 carne,
1538 1344 1597 1387 ut
1646 1332 1763 1387 heri
1794 1330 2067 1387 exsisten-

2197 1333 2260 1386 Let‘t
2292 1331 2711 1403 προϋπάρχοντα
2756 1323 3186 1397 κατώηλοῦσθαι
3226 1319 3389 1374 πάλιν
3418 1317 3622 1373 αὐτόν.
3654 1313 3765 1368 Καὶ

496 1445 610 1490 tem
664 1443 825 1503 atque
870 1433 1353 1501 prmexsistentem.
1398 1426 1611 1482 Etenim
1665 1439 1787 1479 cum
1832 1422 2064 1477 insanus

2194 1421 2297 1478 ὀὖν
2356 1420 2794 1492 κατεμυσάττετο
2836 1416 2935 1486 μὲν
3001 1410 3368 1486 παραφρονῶν
3397 1408 3417 1448 τ
3478 1406 3762 1466 Ἰουδαῖος,

501 1499 752 1581 Ιιιόιειιεν
794 1499 1066 1581 Christum
1135 1526 1536 1585 exsecraretttr,
1578 1515 1901 1586 repulsaque
1966 1510 2069 1564 ﬁde

2195 1515 2263 1570 εαὶ
2320 1511 2644 1568 καταλιθοῦν
2667 1509 2827 1563 αὑτὸν
2848 1507 3144 1577 ἐπεχείρει,
3168 1504 3266 1575 τὴν
3287 1501 3479 1554 πίστιν
3502 1499 3569 1552 οὐ
3600 1512 3763 1566 προσ-

502 1618 770 1689 lapidibus
824 1616 1070 1671 eumdem
1107 1616 1340 1670 obruere
1383 1611 1689 1667 adoriretur
1738 1606 1895 1674 (nam
1945 1616 2066 1656 cunt

2186 1605 2403 1677 suevoc.
2454 1600 2833 1670 Κατετεθὴπει
2888 1597 3015 1668 γὰρ,
3066 1596 3149 1648 ὅτι
3199 1594 3379 1648 καίτοι
3428 1589 3563 1644 καθ’
3615 1590 3754 1658 ἡμᾶς

507 1711 777 1765 hominem
833 1707 1005 1762 nostri
1060 1706 1289 1761 similem
1338 1708 1607 1766 cerneret,
1664 1695 2065 1766 indignabatur,

2189 1696 2446 1769 iptbpevo;
2477 1693 2781 1764 ἄνθρωπος,
2808 1689 2906 1759 τῆς
2948 1687 3089 1757 ὑπὲρ
3118 1684 3408 1755 ἄνθρωπον
3456 1680 3757 1752 ἀρχαιότηο

496 1801 644 1869 quod
681 1808 890 1852 aetatem
920 1796 1152 1850 humana
1186 1793 1443 1861 majorem
1473 1790 1573 1845 sibi
1595 1763 1879 1857 arrogo—ret
1896 1797 1940 1856 ),
1965 1782 2064 1835 tale

2189 1763 2260 1851 τος
2288 1763 2481 1854 *ἐαυτῷ
2524 1763 2589 1836 τδ
2623 1779 2994 1853 πρεσϐύτατον
3029 1772 3424 1845 ἐπεμαρτύρει,
3473 1770 3660 1839 λέγων
3688 1767 3757 1830 ὡς

508 1899 565 1944 ιιι
597 1890 739 1943 Deus
785 1886 851 1940 de
885 1900 942 1940 se
990 1882 1351 1951 testimonium
1408 1881 1543 1936 dixit
1578 1898 1590 1932 :
1629 1897 1647 1929 ι
1685 1876 1877 1938 Amen,
1913 1888 2069 1927 amen

2186 1878 2302 1941 Fit-:6;
2324 1892 2342 1909 ⁸
2379 1896 2398 1927 ι
2439 1874 2630 1945 Ἀμὴν,
2664 1872 2810 1943 ἀμὴν
2839 1870 2981 1938 λέγω
3016 1868 3166 1937 ὑμῖν,
3199 1866 3329 1936 πρὶν
3368 1861 3639 1932 Ἀϐραὰμ
3667 1877 3754 1927 γει

499 1981 626 2035 dico
650 1978 825 2042 vobis,
853 1976 1166 2046 priusquam
1199 1975 1469 2029 Abraham
1499 1972 1648 2026 lieret
1681 1984 1782 2039 ego
1815 1981 1933 2021 sum
1952 1964 2021 2017 "‘.
2043 1982 2066 2016 ι

2186 1966 2392 2029 θέσθαι,
2438 1963 2548 2032 ἐγώ
2599 1963 2735 2032 εἰμι.
2764 1979 2782 2011 ι
2829 1959 2960 2011 Ὅτε
3005 1956 3098 2009 καὶ
3133 1954 3272 2024 πρὸς
3313 1951 3478 2005 τοῦτο
3520 1951 3754 2019 ἔφασκον

505 2069 585 2123 Ad
614 2068 731 2121 hac
760 2041 948 2121 contra
982 2041 1057 2117 illi
1089 2081 1103 2117 :
1135 2081 1154 2114 ι
1207 2061 1604 2131 Quinquaginta
1640 2071 1810 2112 annos
1838 2052 2071 2109 nondum

2188 2060 2398 2112 ὶκεῖνον
2432 2075 2449 2106 ι
2481 2053 2825 2123 Πεντήκοντα
2853 2048 2947 2119 ἔτη
2972 2046 3125 2131 οὔπω
3165 2045 3330 2116 ἔχεις,
3376 2044 3473 2097 καὶ
3505 2041 3756 2112 Ἀϐραὰμ

509 2161 694 2223 habes,
752 2167 807 2213 et
862 2156 1136 2210 Abraham
1186 2127 1524 2207 vidisti—“‘1':
1579 2147 1813 2203 Joannes
1864 2156 2076 2214 quoque

2188 2149 2460 2221 ἑώρακας
2500 2164 2518 2198 ι
2569 2144 2713 2214 Ἔφη
2757 2142 2815 2196 δὲ
2866 2129 3025 2195 πάλιν
3069 2139 3165 2192 καὶ
3199 2135 3460 2204 Ἰωάννης
3486 2151 3502 2164 ·
3542 2127 3756 2194 toﬁ-1.;

509 2253 580 2305 ita
615 2250 689 2303 ait
721 2266 734 2303 :
765 2266 784 2300 ι
821 2246 919 2302 Hic
942 2252 1047 2310 est,
1071 2244 1137 2299 de
1163 2258 1268 2314 quo
1295 2240 1402 2296 dixi
1438 2240 1620 2294 vobis:
1650 2238 1779 2292 Post
1813 2250 1898 2289 me
1928 2232 2077 2288 venit

2188 2244 2324 2306 ἐστι,
2367 2240 2496 2310 περὶ
2525 2230 2588 2290 οὗ
2630 2234 2740 2305 ἐγὼ
2769 2228 2921 2287 εἶπον
2952 2232 3111 2302 ὑμῖν·
3153 2229 3365 2283 Ὀπίσω
3399 2244 3503 2299 μου
3540 2225 3756 2297 ἔρχεται

502 2340 613 2404 ινιτ,
647 2339 736 2408 qui
765 2346 886 2391 ante
918 2348 1003 2390 me
1029 2333 1201 2388 factus
1241 2340 1343 2397 est,
1379 2329 1502 2399 quia
1532 2329 1679 2397 prior
1711 2340 1795 2380 me
1818 2332 1934 2379 erat
1955 2321 2021 2375 ".
2049 2338 2068 2372 ι

2188 2331 2333 2402 Ξινὴρ,
2373 2329 2432 2392 ὀς
2471 2325 2783 2399 ἔμπροσθέν
2826 2341 2926 2394 μου
2971 2323 3214 2392 γέγονεν,
3256 2319 3341 2372 ὅτι
3392 2316 3615 2388 πρῶτός
3657 2331 3756 2385 μου

507 2431 579 2485 At
609 2407 878 2499 quomodo
911 2441 1032 2481 cum
1068 2422 1468 2478 Emmanuelem
1492 2429 1545 2476 et
1579 2421 1753 2473 virum
1792 2423 2071 2486 agnoscat,

2190 2417 2262 2493 ἣν.
2290 2440 2309 2473 ›
2345 2417 2535 2473 Καίτοι
2570 2415 2689 2480 πῶς
2721 2414 2887 2486 ἄνδρα
2918 2431 2978 2467 τε
3016 2411 3172 2474 εἰδὼς
3200 2410 3297 2464 καὶ
3340 2408 3626 2480 ὀνομάζων
3665 2407 3758 2461 τὸν

501 2528 566 2575 et
583 2520 754 2573 virum
780 2517 1041 2579 nominet,
1067 2514 1213 2581 illum
1266 2512 1524 2581 priorem,
1561 2518 1616 2563 et
1642 2515 1765 2561 ante
1798 2522 1856 2559 se
1880 2504 2069 2558 factum

2188 2510 2558 2583 Ἐμμανουὴλ,
2590 2507 2898 2579 ἔμπροσθέν
2936 2524 2995 2559 τε
3026 2502 3225 2568 αὑτοῦ,
3271 2503 3370 2555 καί
3408 2501 3622 2570 πρῶτον
3658 2515 3756 2567 γε·

511 2609 788 2678 praedicat,
819 2622 941 2662 cum
970 2615 1151 2660 tamen
1182 2612 1237 2658 et
1293 2602 1519 2663 tardius,
1543 2607 1598 2654 et
1630 2607 1751 2667 post
1777 2597 1951 2666 ipsum
1976 2608 2076 2647 na-

2216 2604 2363 2659 έσθαι
2403 2601 2537 2673 φησι
2574 2599 2665 2654 τὸν
2702 2599 2927 2669 ὀψιγενῆ
2960 2613 3019 2650 τε
3066 2596 3163 2650 και
3210 2595 3335 2663 μετ’
3379 2593 3586 2659 ﬁt“;
3621 2589 3784 2659 Ἀλλ,-

510 2713 598 2758 tus
624 2700 804 2758 esset?
827 2698 933 2754 Sed
955 2696 1121 2768 gloria
1148 2693 1285 2749 forte
1313 2706 1376 2747 ac
1410 2689 1670 2761 dignitate
1714 2686 1922 2743 Joanne
1964 2698 2078 2738 ma-

2190 2697 2295 2767 ὲρεῖ
2320 2710 2405 2757 τις
2444 2691 2602 2755 ἴσως·
2638 2690 2985 2762 Ἐμπροσθεν
3017 2687 3181 2741 αὐτὸν
3213 2686 3311 2739 καί¹
3353 2684 3579 2759 πρῶτον
3615 2683 3758 2752 γενέ-

507 2795 683 2866 iorem
701 2792 1045 2862 prioremque
1071 2786 1343 2843 exstitisse
1362 2783 1505 2838 dicet
1525 2779 1813 2851 quiSpiam,
1835 2786 1893 2832 ut
1914 2774 2075 2846 objiei

2191 2787 2304 2841 σθαι
2343 2785 2478 2855 φησί
2509 2782 2653 2838 κατά
2681 2799 2743 2851 γε
2773 2781 2872 2853 τὴν
2900 2779 3078 2845 δόξαν,
3103 2777 3293 2849 ὥσπερ
3326 2773 3423 2829 οὗν
3454 2774 3643 2829 ἔπεισί
3675 2792 3759 2844 μοι

514 2885 804 2954 intelligo:
843 2895 1029 2938 verum
1087 2880 1332 2934 oratione
1362 2890 1467 2930 non
1524 2872 1811 2927 admodum
1869 2869 2078 2935 prolixa

2193 2880 2349 2932 νοεῖν⁸
2381 2876 2478 2929 καὶ
2523 2874 2629 2947 μὴν
2665 2874 2747 2927 ὅτι
2779 2870 3031 2940 κίϐδηλόν
3062 2887 3124 2923 τε
3156 2870 3253 2924 καὶ
3285 2868 3491 2939 ἀμαθὲς
3534 2868 3600 2919 τὸ
3632 2868 3761 2940 τῇδε

510 2977 725 3034 ostendi
752 2982 952 3045 potest,
980 2970 1250 3041 ejusmodi
1277 2964 1668 3037 expositionem
1696 2972 1749 3018 et
1775 2975 1994 3031 pravam
2027 2966 2078 3012 et

2194 2970 2344 3032 aestv,
2372 2968 2432 3020 οὐ
2472 2964 2678 3037 μακρὸς
2706 2965 2839 3034 ἡμῖν
2869 2960 3068 3025 διδάξει
3100 2960 3277 3029 λόγος.
3308 2956 3762 3028 Παραδεξάμενοι

513 3067 744 3122 inscitiae
775 3063 990 3133 plenam
1044 3073 1183 3113 esse.
1211 3055 1343 3111 Nam
1385 3055 1432 3109 si
1476 3054 1715 3123 priorem
1763 3063 1906 3115 esse,
1937 3049 2077 3103 idem

2195 3060 2290 3130 γὰρ
2306 3058 2368 3112 τὸ
2392 3078 2411 3109 ι
2431 3056 2735 3128 ἔμπροσθεν
2766 3072 2785 3106 ι
2807 3056 2886 3117 εἰς
2904 3053 2986 3117 τὸ,
3015 3053 3237 3124 ἄμεινον
3251 3052 3300 3104 ὲν
3328 3050 3477 3120 δόξῃ,
3497 3049 3653 3103 κατὰ
3669 3051 3763 3104 τὸν

509 3173 637 3215 esse
668 3154 1020 3211 statuerimus
1053 3149 1194 3218 quod
1228 3144 1338 3217 39
1361 3146 1413 3199 in
1433 3144 1601 3213 gloria
1631 3141 1894 3212 potiorem
1925 3152 2077 3205 esse;

2194 3152 2299 3205 ἴσον
2328 3167 2430 3203 που
2458 3148 2636 3217 λόγον,
2667 3148 2760 3200 καὶ
2786 3145 2848 3199 τὸ
2880 3164 2899 3197 ι
2933 3144 3108 3198 ὀπίσω
3139 3162 3159 3196 ι
3211 3144 3450 3214 φήσομεν
3477 3140 3541 3194 τδ
3597 3140 3677 3204 ὡς
3707 3142 3762 3193 ὲν

512 3251 703 3305 eadem
746 3244 967 3298 omnino
1009 3239 1219 3294 ratione
1254 3235 1605 3307 posteriorem
1641 3245 1761 3286 esse
1796 3230 1936 3284 idem
1977 3229 2080 3284 erit

2191 3242 2408 3314 εὐκλείᾳ
2459 3241 2710 3310 δεύτερον
2738 3233 2797 3293 εὖ
2833 3237 2976 3309 μάλα
3008 3236 3367 3307 καταδηλοῦν.
3410 3234 3759 3305 Συμϐήσεται

520 3339 661 3410 quod
685 3335 852 3405 gloria
883 3330 1193 3386 inferiorem
1222 3345 1235 3380 :
1261 3334 1427 3393 atque
1457 3324 1531 3377 ita
1565 3320 1841 3376 Christum
1875 3317 2085 3373 Joanne

2193 3335 2365 3389 τοίνυν
2397 3333 2472 3396 ὡς
2511 3330 2573 3396 ἐξ
2602 3331 2852 3401 ἀνάγκης
2889 3331 3021 3400 ἡμῖν
3057 3328 3158 3397 τῆς
3191 3326 3442 3380 Ἰωάννου
3475 3324 3638 3394 δόξης
3672 3327 3761 3394 ἡτ-

518 3428 833 3486 inleriorem
870 3421 935 3493 (ο
969 3435 1080 3474 rem
1129 3418 1363 3473 maxime
1395 3412 1683 3468 absurdam
1709 3411 1723 3464 ἰ
1745 3411 1763 3479 )
1786 3411 2082 3466 concedere

2191 3422 2381 3477 τᾶσθαι
2421 3420 2675 3493 Χριστὸν,
2699 3419 2796 3472 καὶ
2822 3418 2997 3472 ὀπίσω
3035 3415 3284 3487 δραμεῖν,
3327 3415 3613 3479 ἀσυνέτως
3634 3415 3759 3484 ὁμο-

518 3517 908 3589 compellemur
946 3530 959 3567 :
1000 3512 1089 3565 Ait
1128 3509 1272 3565 enim
1324 3524 1338 3561 :
1381 3524 1400 3557 ι
1436 3505 1565 3560 Post
1611 3518 1700 3557 me
1737 3502 1881 3556 venit
1917 3500 2019 3557 vir.
2060 3519 2080 3552 ι

2187 3516 2364 3584 λογεῖν
2390 3517 2435 3567 8.
2466 3515 2611 3584 Ἔφη
2638 3512 2767 3581 γὰρ,
2794 3512 2877 3564 ὅτι
2900 3529 2919 3561 ι
2958 3507 3166 3564 Ὀπίσω
3195 3525 3297 3579 μου
3323 3507 3550 3578 ἔρχεται
3574 3508 3755 3579 ἁνήρ,ι

525 3585 670 3667 Sane
699 3608 745 3661 si
780 3614 948 3669 recte,
978 3601 1117 3671 quod
1137 3599 1189 3653 in
1216 3594 1446 3652 Psalmis
1473 3593 1541 3647 de
1563 3606 1631 3647 eo
1663 3589 1924 3659 scriptum
1957 3585 2088 3657 legi-

2198 3607 2263 3659 ’Ώ
2287 3606 2386 3676 τῆς
2415 3603 2678 3669 ἀτοπίαςί
2708 3600 3005 3674 οἰησόμεθα
3040 3600 3259 3670 γὰροὺχ
3285 3591 3389 3651 ὧδε
3424 3598 3598 3669 ἔχειν,
3626 3600 3760 3651 ἐννε-

524 3708 636 3766 tur,
659 3695 1096 3768 expenderinius,
1122 3703 1233 3742 rem
1267 3686 1423 3756 longe
1444 3683 1600 3738 aliter
1628 3682 1828 3737 habere
1858 3678 2089 3733 arbitra-

2192 3697 2446 3767 νοηκότες
2480 3694 2656 3767 ὀρθῶς
2687 3694 2749 3748 τὸ
2828 3694 2885 3747 ὲν
2929 3691 3180 3762 Ψαλμοῖς
3219 3691 3620 3761 γεγραμμένον
3641 3732 3659 3757 ,
3692 3691 3760 3743 ὅτι

524 3793 744 3849 bitnur:
777 3805 797 3839 ι
827 3786 977 3853 Quis,
1012 3784 1205 3852 inquit,
1230 3780 1286 3834 in
1314 3775 1546 3833 nubibus
1570 3772 1868 3842 aequabitur
1902 3768 2085 3824 Domi-

2196 3807 2215 3840 ι
2244 3787 2338 3851 Τίς
2371 3789 2430 3840 ὲν
2458 3786 2709 3856 νεφέλαις
2762 3784 3085 3854 ἰσωθήσεται
3115 3780 3195 3851 τῷ
3237 3781 3473 3851 Κυρίῳ;
3508 3781 3759 3851 ὁμοιωθή-

525 3885 635 3943 no?
668 3881 861 3939 similis
894 3878 999 3934 erit
1030 3874 1253 3928 Domino
1286 3872 1339 3926 in
1390 3869 1514 3924 [iliis
1570 3865 1664 3921 Dei
1689 3862 1777 3918 "i
1813 3880 1833 3916 ι
1866 3860 2088 3917 Summa

2194 3897 2344 3936 σεται
2372 3878 2451 3950 τῷ
2478 3877 2668 3949 Κυρίῳ
2693 3877 2749 3929 ὲν
2774 3876 2911 3938 υἱοῖς
2934 3873 3070 3927 Θεοῦ
3095 3891 3110 3939 ;
3136 3891 3155 3924 ι
3192 3871 3521 3926 Ἀναθετέον
3550 3868 3642 3925 οὖν
3668 3871 3758 3940 ipa

526 3981 691 4050 igitur
722 3972 1013 4042 antiquitas
1038 3966 1216 4027 Verbo
1251 3972 1506 4032 tanquam
1537 3959 1646 4014 Deo
1671 3955 1969 4013 secundum
1998 3967 2092 4007 na-

2194 3964 2288 4018 καὶ
2318 3965 2459 4018 κατὰ
2490 3963 2686 4033 σαρκὸς
2708 3960 2857 4030 αὐτῷ
2878 3961 2940 4014 τὸ
2968 3959 3365 4032 πρεσϐύτατον,
3388 3960 3468 4023 ὡς
3494 3959 3615 4030 Θεῷ
3635 3960 3760 4012 κατὰ

532 4046 731 4130 turam,
763 4061 974 4118 etiamsi
1035 4055 1183 4112 carni
1215 4055 1422 4107 unitum
1452 4050 1542 4114 sit,
1570 4046 1906 4118 propriaeque
1933 4052 2092 4096 natu-

2195 4055 2356 4125 φύσιν
2410 4053 2661 4108 ἑνωθέντι
2711 4052 2894 4124 σαρκὶ,
2943 4052 3038 4105 καὶ
3068 4050 3136 4105 τά
3159 4051 3263 4121 τῆς
3310 4053 3533 4115 οἰκείας
3566 4052 3758 4120 φύσεως

530 4173 603 4213 ται
631 4159 767 4211 bona
788 4168 910 4207 cum
934 4160 1161 4218 corpore
1180 4144 1322 4214 quod
1354 4141 1665 4209 assumpsit,
1696 4135 2095 4191 communicare

1928 4135 2095 4189 ιίεπθ
2196 4147 2374 4218 ἀγαθὰ
2401 4148 2723 4202 κοινοποιεῖν
2755 4146 2967 4200 εἰωθότι
2994 4144 3073 4216 τῷ
3102 4144 3219 4216 ἰδίῳ
3253 4144 3496 4215 σώματι.

529 4244 889 4306 consueverit,
915 4236 1257 4294 attribuenda
1288 4242 1391 4289 est.
2316 4264 2321 4271 .

602 4337 760 4395 XLII.
797 4332 949 4399 Quod
985 4328 1125 4385 istud
1166 4339 1342 4380 autem
1372 4327 1441 4378 ita
1486 4336 1544 4377 se
1592 4320 1806 4383 habeat,
1843 4325 2096 4386 recteque

2266 4324 2399 4380 ΜΒ.
2441 4323 2612 4377 Τοῦτο
2653 4323 2696 4375 δ’
2737 4321 2802 4376 ἂν
2839 4320 3027 4392 μάθοις
3061 4315 3165 4376 ὧδέ
3208 4339 3268 4374 τε
3301 4321 3450 4392 ἕχον,
3497 4323 3597 4376 καὶ
3627 4325 3757 4394 εἰρη-

530 4434 733 4489 dictum
766 4427 858 4492 sit,
896 4424 949 4479 id
981 4436 1048 4477 ex
1074 4418 1193 4473 aliis
1230 4429 1442 4486 quoque
1479 4410 1823 4476 testimoniis,
1860 4409 1903 4464 si
1937 4407 2094 4461 modo

2203 4415 2361 4486 μένον
2391 4413 2585 4488 ὀρθῶς,
2615 4412 2709 4465 καὶ
2735 4412 2792 4477 ἐξ
2821 4411 3020 4482 ἐτέρων
3048 4411 3228 4477 εὐθὺς,
3258 4411 3419 4483 εἴπερ
3443 4412 3615 4475 ἕλοιο,
3646 4428 3756 4482 μαρ-

528 4521 768 4584 libuerit,
788 4516 946 4571 facile
975 4512 1267 4570 didiceris:
1300 4508 1430 4563 dicit
1452 4518 1685 4573 namque
1720 4499 1913 4555 alicubi
1954 4499 2096 4553 Deus

2201 4506 2421 4578 τυριῶν.
2450 4505 2593 4575 Ἔφη
2636 4504 2734 4575 μὲν
2768 4502 2875 4573 γάρ
2907 4520 3007 4556 που
3040 4503 3172 4565 Θεὸς
3201 4503 3331 4573 περὶ
3366 4503 3465 4556 τοῦ
3502 4506 3570 4558 ὲκ
3616 4503 3755 4572 σπέρ-

534 4629 631 4686 per
686 4609 972 4680 quemdam
1028 4594 1339 4659 sanctorum
1365 4596 1745 4668 prophetarum
1781 4592 1845 4646 de
1875 4590 2095 4645 Christo

2205 4614 2371 4668 ματος
2412 4596 2572 4649 Δαυῖδ
2619 4596 2681 4648 τὸ
2719 4595 2860 4648 κατὰ
2895 4594 3071 4666 σάρκα
3103 4594 3340 4666 Χριστοῦ
3387 4595 3457 4647 δι’
3504 4596 3629 4660 ἐνὸς
3669 4594 3756 4646 τῶν

530 4680 594 4761 ex
624 4703 831 4758 semine
884 4698 1049 4754 David
1089 4691 1380 4750 secundum
1413 4700 1632 4744 carnem
1664 4693 1820 4737 orto:
1860 4699 1878 4733 ι
1920 4680 1985 4735 Ει
2017 4687 2092 4742 ιιι,

2200 4687 2368 4757 ἁγίων
2416 4686 2743 4757 προφητῶν⁴
2788 4705 2806 4738 ι
2849 4686 2959 4740 Καὶ
3013 4688 3097 4751 σὺ,
3152 4685 3439 4757 Βηθλεὲμ,
3489 4683 3641 4751 οἶκος
3683 4685 3756 4740 τεῦ

534 4793 813 4849 Bethleem
861 4790 1055 4843 domus
1103 4784 1357 4853 Ephrata,
1391 4795 1496 4835 non
1525 4774 1745 4847 parvula
1788 4786 1846 4828 es
1882 4772 1933 4825 in
1976 4770 2096 4824 mil-

2214 4777 2476 4850 Ἐφραθᾶ,
2502 4778 2576 4849 μὴ
2605 4778 2879 4846 ὀλιγοστὸς
2903 4775 2955 4831 εἷ
2978 4777 3070 4831 τοῦ
3093 4773 3227 4831 εἶναι
3246 4779 3305 4829 ἐν
3319 4778 3562 4847 χιλιάσιν
3591 4779 3756 4832 Ἰούδι.

531 4885 675 4940 libus
704 4879 860 4935 Juda.
884 4878 963 4932 Ex
1002 4887 1053 4931 te
1085 4874 1214 4928 mihi
1245 4866 1672 4943 egredieturgqui
1716 4865 1788 4919 sit
1842 4862 2091 4917 Domina-

2219 4869 2314 4923 Ἐκ
2333 4870 2427 4922 σοῦ
2452 4886 2542 4940 μοι
2563 4869 2903 4934 ἐξελεύσεται
2926 4868 3021 4922 τοῦ
3050 4865 3188 4922 εἶναι
3208 4871 3286 4933 εἰς
3312 4870 3596 4941 ’Ἄρχοντα
3618 4871 3675 4922 ὲν
3700 4867 3761 4937 τῷ

535 4989 619 5033 tor
649 4971 923 5035 Israel,-et
953 4979 1203 5037 egressus
1231 4964 1347 5033 ejus
1377 4963 1444 5016 ab
1480 4960 1637 5014 initio
1656 4973 1684 5010 a
1720 4957 1909 5011 diebus
1939 4961 2098 5008 teter—

2217 4960 2460 5031 Ἰσραήλ·
2494 4959 2588 5013 καί
2627 4960 2681 5012 αἰ
2716 4957 2881 5024 ἔξοδοι
2914 4958 3076 5012 αὐτοῦ
3117 4960 3211 5013 ἀπ’
3235 4956 3414 5032 ἀρχῆς
3452 4958 3515 5025 ἐξ
3556 4958 3761 5029 ἡμερῶν

536 5065 723 5124 uitatis
746 5064 813 5119 δ’.
844 5080 862 5114 ι
893 5062 967 5115 De
993 5057 1117 5113 ﬁliis
1138 5069 1264 5110 vero
1290 5052 1454 5109 lsrael
1482 5049 1882 5106 sacratissimus
1905 5043 2100 5100 Paulus

2206 5051 2418 5114 αἰῶνος.
2448 5070 2467 5103 ι
2504 5049 2641 5121 Περὶ
2671 5049 2726 5104 δέ
2759 5067 2823 5120 γε
2851 5052 2959 5104 τῶν
2995 5049 3128 5104 υἰῶν
3163 5051 3381 5122 Ἰσραὴλ
3408 5053 3438 5104 ὀ
3485 5052 3762 5123 ἱερώτατος

534 5173 609 5215 tta
664 5156 856 5213 scribit
891 5172 905 5209 :
942 5162 961 5204 ι
1001 5147 1201 5205 Omnes
1244 5146 1298 5200 in
1346 5141 1528 5213 Moyse
1566 5140 1823 5211 baptizati
1871 5147 1999 5193 sunt
2046 5137 2100 5191 in

2208 5139 2437 5203 Παῦλος,
2467 5140 2548 5193 ὄτι
2584 5157 2601 5190 ι
2632 5140 2839 5204 Πάντες
2866 5141 2944 5204 εἰς
2977 5140 3068 5193 τὸν
3101 5141 3340 5211 Μωῡσῆν
3367 5139 3766 5210 ἐϐαπτίσθησαν

538 5253 682 5305 nube
697 5256 751 5302 et
777 5247 829 5302 in
845 5243 1000 5309 mari,
1015 5251 1067 5297 et
1084 5251 1270 5297 omnes
1294 5235 1535 5292 eamdem
1555 5246 1732 5288 escam
1767 5227 2098 5300 spiritualem

2210 5231 2267 5283 ὲν
2298 5232 2364 5300 τῇ
2396 5228 2596 5301 νεφέλῃ
2624 5227 2717 5282 διαὶ
2739 5229 2797 5282 ἐν
2817 5231 2885 5300 τῇ
2917 5228 3181 5301 θαλάσσῃ,
3215 5228 3310 5282 καὶ
3340 5229 3547 5292 πάντες
3584 5227 3770 5298 βρῶμσ

541 5341 1020 5401 manducaverunt,
1052 5342 1107 5388 et
1155 5343 1344 5387 omnes
1392 5326 1641 5383 eumdem
1695 5330 1880 5394 potum
1944 5319 2105 5389 spiri-

2212 5321 2578 5391 πνευματικὸν
2622 5321 2685 5373 τὸ
2725 5320 2859 5374 αὐτὸ
2904 5321 3122 5391 ἔφαγον,
3167 5322 3261 5374 καὶ
3304 5321 3507 5385 πάντες
3552 5321 3613 5374 τὸ
3647 5318 3769 5373 αὐτὸ

611 5456 657 5488 ⁸⁸
694 5452 849 5509 Joan.
885 5466 999 5515 vnt,
1020 5448 1106 5503 58.
1182 5446 1227 5479 “
1256 5444 1386 5499 ibid.
1421 5443 1509 5498 57.
1584 5439 1627 5471 ’⁵⁷
1658 5438 1814 5494 Joan.
1853 5452 1891 5501 ι,
1918 5437 1997 5491 50.
2078 5436 2121 5466 ⁸⁸
2152 5433 2293 5489 Psal.
2324 5452 2586 5504 Lxxxvm,
2612 5436 2670 5492 7.
2742 5436 2788 5469 δ’
2820 5435 2979 5492 Micb.
3020 5451 3074 5501 ν,
3100 5435 3169 5502 2;
3199 5434 3389 5490 Matth.
3438 5450 3498 5501 ιι,
3530 5433 3582 5487 6.

1647 5551 1820 5608 Varia:
1852 5549 2106 5607 lectiones
2129 5548 2330 5605 codicis
2361 5547 2718 5622 Seguieriani.

624 5679 642 5720 ί
674 5683 703 5733 ὀ
734 5678 1053 5750 παράφρων.
1132 5677 1156 5714 ⁸
1189 5676 1451 5727 ὑπονοεῖν.
