3970 6136
233 310 366 370 ίὲθἹ

1183 302 1270 357 DE
1309 300 1530 357 RECTA
1572 300 1730 358 FIDE
1769 299 1859 354 AD
1898 296 2340 359 TIIEODOSIUM
2380 305 2510 362 IMP.

3332 308 3472 368 H98

232 422 605 495 πνευματικὸν
639 420 790 473 ἔπιον
823 420 1002 489 πόμα*
1040 416 1222 471 ἔπινον
1262 417 1368 490 γάρ
1397 420 1459 473 ὲκ
1507 435 1804 490 πνευματι-

1912 416 2106 472 tualem
2194 419 2498 475 biberunt:
2550 418 2801 474 bibebam
2858 429 3036 477 autem
3089 422 3156 478 de
3204 423 3470 493 Spirituali

233 521 335 592 κῆς
353 509 746 585 ἀκολουθούσης
771 512 975 583 πέτρας
994 528 1007 541 ·
1031 511 1065 581 ὴ
1090 510 1147 564 δὲ
1170 510 1343 581 πέτρα
1361 507 1428 582 ἦν
1451 513 1479 565 6
1501 511 1751 582 Χριστός.
1776 528 1795 561 ι

238 613 426 681 ’Λθρει
467 608 530 678 δὴ
573 602 666 660 οὖν
702 607 761 657 ὲν
808 602 1027 673 Χριστῷ
1073 602 1248 674 Ἰησοῦ
1293 600 1642 674 δεικνύμενον
1679 600 1800 655 καθ’

234 705 424 757 ἕνωσιν
465 694 806 766 οἰκονομικὴν
837 693 896 746 τὸ
939 693 1119 757 ἰδικῶς
1151 693 1246 746 τοῦ
1278 694 1453 761 Λόγου
1491 692 1801 763 πρεσόύτα-

233 812 346 848 τον.
379 793 449 845 Ἢ
483 790 578 843 οὐκ
607 785 841 856 ἐναργὴς
877 785 904 837 6
933 782 1126 851 λόγος;
1159 783 1262 839 Τὸν
1291 783 1481 853 γάρτοι
1510 782 1805 853 Βηθλεεμί-

229 863 354 954 την,
391 882 464 945 ὡς
493 880 775 948 ἄνθρωπον
810 876 904 929 καὶ
943 876 1006 928 ὲκ
1038 874 1318 942 γυναικὸς,
1352 875 1447 928 ἀπ’
1474 874 1647 946 ἀρχῆς
1675 873 1805 929 αἰῶ-

236 993 324 1039 νος
361 973 458 1036 τάς
502 970 713 1037 ἐξόδους
744 967 888 1037 ἔχειν
923 963 984 1020 εὖ
1014 966 1161 1036 μάλα
1195 965 1358 1035 φησιν
1378 978 1393 996 ⁸
1426 968 1483 1018 ἐν
1516 967 1657 1037 ἀρχῇ
1693 966 1803 1038 γὰρ

234 1063 301 1135 ἦν
325 1065 418 1119 καὶ
447 1061 553 1133 πρὸ
578 1060 779 1122 παντὸς
819 1057 1012 1121 αἰῶνος
1039 1058 1067 1109 6
1096 1056 1522 1128 ὲνανθρωπήσας
1547 1056 1678 1120 Θεὸς
1703 1057 1804 1110 Λό-

235 1171 360 1226 γος’
395 1155 487 1208 καὶ
519 1152 681 1214 αὐτὸς
713 1146 782 1222 ἦν
813 1151 847 1221 ἡ
881 1150 1076 1220 πέτρα,
1108 1148 1435 1219 δεδιψηκότα
1466 1150 1557 1204 τὸν
1589 1149 1805 1222 Ἰσραὴλ
1832 1150 1835 1157 ’

233 1252 345 1311 τοῖς
370 1245 499 1317 παρ’
528 1243 721 1297 ὲλπεδα
754 1242 849 1296 καὶ
869 1241 1146 1311 ἀδοκήτως
1183 1239 1545 1310 ὲκμεθύσικων
1571 1240 1803 1312 νάμασι⁸

234 1325 413 1395 καίτοι
445 1336 728 1407 γεννηθεὶς
765 1332 908 1387 κατά
932 1349 995 1399 γε
1035 1331 1133 1403 τὴν
1166 1331 1342 1401 σάρκα
1371 1332 1465 1386 καὶ
1502 1331 1564 1385 τὸ
1601 1331 1809 1404 ἀνθρώ-

234 1448 391 1484 πινον
437 1430 495 1482 ὲν
525 1428 776 1497 ἐσχάτοις
814 1421 909 1476 τοῦ
952 1423 1145 1487 αἰῶνος
1200 1426 1430 1494 καιροῖς,
1469 1424 1565 1476 καὶ
1622 1440 1810 1493 κεχρι-

240 1522 437 1591 σμένος
461 1519 561 1589 τὴν
583 1519 662 1580 εἰς
691 1514 839 1569 τόνδε
868 1514 961 1567 τὸν
990 1512 1191 1583 κόσμον
1207 1513 1507 1583 ἀποστολὴν
1538 1513 1686 1584 παρὰ
1711 1512 1806 1567 τοῦ

237 1611 374 1666 Θεοῦ
400 1611 493 1663 καὶ
522 1607 762 1679 Πατρόςο
796 1605 1211 1675 κατωνόμασται
1239 1606 1345 1675 γάρ
1372 1606 1470 1675 οὐχ
1503 1602 1690 1675 ἑτέρου
1714 1620 1807 1657 του

238 1703 405 1774 χάριν
430 1701 462 1771 ἢ
492 1700 579 1754 διὰ
619 1699 775 1752 τοῦτο
806 1697 1059 1768 Χριστός.
1105 1698 1337 1767 Χριστὸς
1379 1698 1436 1751 δὲ
1466 1695 1536 1770 ἦν
1569 1698 1808 1770 ή·πέτρα

240 1790 384 1843 κατά
418 1788 510 1843 τὸν
548 1787 733 1857 νόμον,
780 1786 873 1839 καὶ
922 1785 1015 1837 τὸν
1051 1784 1282 1839 Παῦλον.
1321 1787 1734 1855 Ἐπαγωνιεῖται
1763 1787 1807 1841 δ’
1843 1759 1881 1813 Β

243 1877 309 1935 αὖ
344 1881 436 1933 καὶ
482 1878 804 1948 συναθλήσει
845 1876 921 1947 τῷ
949 1875 1091 1946 λόγῳ
1137 1878 1232 1931 καὶ
1272 1879 1300 1931 ό
1329 1879 1490 1947 σοφὸς
1523 1879 1807 1948 Ἰωάννης,

244 1970 522 2042 μονονουχὶ
549 1970 643 2022 καὶ
674 1968 1006 2039 συναγείρων
1044 1968 1141 2032 τάς
1176 1966 1396 2039 φύσεις,
1445 1972 1541 2026 καὶ
1579 1971 1810 2025 συνδέων

241 2065 321 2127 εἰς
369 2063 560 2116 ἕνωσιν
598 2061 708 2114 τῶν
751 2061 989 2131 ἑκατέρα
1021 2062 1330 2132 προσόντων
1364 2064 1671 2135 ἰδιωμάτων
1711 2066 1810 2136 τὴν

239 2154 487 2224 δύναμιν.
523 2152 633 2205 Θέα
680 2151 792 2223 γάρ
836 2152 864 2205 ὅ
897 2166 1095 2221 φησιν’
1139 2169 1158 2203 ι
1193 2154 1257 2206 ’Ὀ
1294 2149 1361 2223 ἦν
1404 2155 1498 2207 ἀπ’
1538 2156 1743 2226 ἀρχῆς,
1782 2155 1812 2208 δ

240 2243 576 2314 ἀκηκόαμεν,
629 2240 656 2293 ὃ
708 2241 1032 2313 ἑωράκαμεν
1076 2243 1187 2305 τοῖς
1232 2242 1526 2313 ὀφθαλμοῖς
1564 2244 1744 2314 ἡμῶν,
1783 2243 1812 2296 δ

241 2334 609 2404 ἐθεασάμεθα,
642 2334 736 2387 καὶ
766 2334 820 2385 αἱ
864 2336 1044 2403 χεῖρες
1076 2334 1247 2407 χήμῶν
1284 2335 1639 2405 ἐψηλάφησαν
1682 2337 1812 2409 περὶ

237 2426 331 2479 τοῦ
381 2426 557 2493 Λόγου
607 2425 703 2494 τῆς
754 2423 1122 2495 ζωῆςοκαὶή
1154 2424 1267 2495 ζωὴ
1324 2426 1672 2498 ἐφανερώθη,
1719 2431 1812 2483 καὶ
1852 2493 1855 2497 _

238 2516 594 2587 ἑωράκαμεν,
642 2516 736 2568 καὶ
789 2514 1196 2586 μαρτυροῦμεν,
1255 2517 1349 2570 καὶ
1394 2518 1812 2589 ἀπαγγέλλομεν

240 2610 370 2675 ὑμῖν
407 2606 551 2676 ζωὴν
580 2606 678 2676 τὴν
718 2604 951 2671 αἰώνιον,
988 2606 1108 2675 ἣτις
1149 2601 1216 2676 ἦν
1260 2608 1397 2677 πρὸς
1434 2609 1524 2661 τὸν
1572 2610 1811 2681 Πατέρα,

237 2701 334 2754 καὶ
397 2698 715 2768 ἐφανερώθη
762 2699 910 2768 ὑμῖν.
943 2717 962 2750 ι
1008 2698 1139 2751 Ἰδοὺ
1188 2699 1277 2751 τὸν
1333 2699 1464 2753 ὄντα
1511 2701 1604 2753 ἀπ’
1641 2702 1815 2772 ἀρχῆς

237 2786 420 2859 ῶιρθαί
458 2790 515 2842 τέ
547 2806 711 2859 φησιν
756 2788 1034 2859 ἐναργῶς,
1068 2788 1357 2858 ὑπομεῖναι
1408 2790 1464 2842 δὲ
1510 2792 1603 2844 καὶ
1644 2794 1810 2864 ἁφήν.

249 2882 637 2957 ’Λνεκεκράγει
668 2880 772 2950 γάρ
800 2880 829 2932 6
854 2879 1057 2950 Θωμᾶς
1077 2894 1089 2910 ·
1130 2899 1150 2932 ι
1189 2881 1247 2933 Ὀ
1278 2880 1480 2952 Κύριός
1513 2900 1634 2953 μου,
1668 2887 1758 2938 καὶ
1786 2888 1814 2939 6

236 2972 371 3036 (θεός
405 2989 528 3042 μου,
561 2990 579 3022 ι
626 2971 1012 3042 άναμετρήοας
1042 2970 1290 3043 δακτύλῳ
1345 2974 1583 3044 πλευράν
1621 2993 1679 3030 τε
1717 2976 1815 3048 τὴν

1901 516 2262 580 consequente
2284 526 2374 567 eos
2407 521 2577 581 petra,
2591 520 2739 580 petra
2760 522 2935 568 autem
2956 525 3070 570 erat
3084 504 3331 572 Christus
3350 516 3417 572 ⁸ο.
3445 538 3465 571 ι

1902 599 1979 655 En
2010 617 2274 659 summam
2309 604 2452 659 illam
2477 606 2872 674 antiquitatem,
2902 621 3022 676 quae
3044 607 3101 662 in
3134 607 3314 663 Verbo
3337 623 3468 678 pro-

1903 693 2018 764 prie
2075 696 2348 761 convenit,
2401 696 2697 751 secundum
2756 696 3147 752 mconomicam
3217 698 3471 753 unionem

1911 784 1998 838 hic
2028 784 2248 840 Christo
2287 784 2411 841 Jesu
2448 786 2772 856 assignatam
2797 801 2936 841 esse.
2975 786 3056 841 An
3100 789 3364 843 obscurus
3389 798 3474 842 est

1906 873 1994 929 hic
2014 875 2235 930 sermo?
2266 875 2558 932 Evidenter
2594 878 2738 933 enim
2794 880 3013 948 exponit
3066 880 3472 934 Bethleemitam

1904 964 2074 1030 illum,
2104 966 2196 1035 qui
2244 981 2311 1022 ex
2370 967 2597 1022 muliere
2640 979 2801 1024 natus
2851 978 2935 1024 est
2994 972 3175 1037 homo,
3208 971 3275 1025 ab
3320 969 3473 1024 initio

1904 1055 2083 1111 smeuli
2106 1056 2309 1110 exitum
2340 1057 2541 1112 habere
2567 1075 2582 1111 :
2610 1057 2663 1112 in
2726 1059 2997 1129 principio
3043 1060 3191 1114 enim
3249 1068 3308 1113 et
3349 1069 3474 1113 ante

1905 1147 2083 1201 omnia
2137 1147 2332 1202 sarcula
2354 1157 2473 1203 erat
2513 1152 2653 1217 quod
2702 1150 3041 1204 incarnatum
3089 1162 3172 1205 est
3209 1150 3470 1219 Verbum,

1906 1239 2128 1308 ipseque
2153 1246 2266 1294 erat
2320 1248 2473 1309 petra
2516 1239 2770 1311 illa,qn:c
2815 1241 3170 1297 lsraeliticum
3216 1243 3472 1313 populum

1907 1331 2178 1387 sitientem
2209 1331 2502 1401 insperatis
2539 1332 3034 1404 inexspectatisqne
3063 1350 3216 1404 aquae
3260 1334 3476 1389 ﬂuentis

1910 1423 2194 1478 inebriavit
2227 1442 2240 1478 :
2280 1423 2496 1478 etiamsi
2518 1424 2571 1477 in
2591 1425 2902 1487 novissimis
2930 1426 3111 1481 sazculi
3140 1425 3476 1497 temporibus

1907 1516 2199 1574 secundum
2228 1508 2472 1579 carnem,
2498 1517 2899 1586 humanamque
2933 1524 3184 1572 naturam
3221 1517 3476 1588 progeni-

1911 1615 2018 1671 tus,
2049 1607 2375 1662 etmissione
2414 1607 2468 1662 in
2498 1608 2641 1663 hunc
2675 1610 2932 1662 mundum
2969 1625 3001 1664 a
3033 1610 3141 1664 Deo
3187 1609 3347 1663 Patre
3395 1608 3477 1663 in-

1910 1706 2102 1754 unctus
2133 1700 2429 1770 sit:neque
2473 1700 2619 1755 enim
2664 1701 2881 1756 aliunde
2913 1703 3014 1757 hoc
3043 1717 3239 1757 nomen
3273 1702 3477 1759 Christi

1911 1789 2137 1843 sortitus
2174 1800 2284 1855 est,
2316 1805 2477 1860 quant
2536 1790 2605 1845 ab
2649 1807 2754 1845 una
2787 1793 2891 1847 hac
2934 1795 3188 1848 unctione
3241 1803 3298 1848 et
3359 1793 3480 1847 fun-

1910 1881 2123 1948 ctione;
2153 1881 2305 1950 atqui
2336 1881 2610 1946 Christus,
2648 1880 2942 1936 secundum
2984 1881 3156 1951 legem
3196 1892 3254 1938 et
3286 1897 3482 1937 secun-

1911 1972 2036 2027 dum
2062 1973 2281 2028 beatum
2299 1971 2552 2034 Paulum,
2574 1980 2692 2026 erat
2719 1970 2806 2025 illa
2826 1981 2999 2041 petra.
3026 1971 3323 2027 Conﬁrmat
3345 1974 3483 2027 hanc

1912 2080 2125 2120 rursum
2159 2063 2486 2119 sententiam
2517 2075 2574 2119 et
2605 2064 2823 2134 sapiens
2849 2062 3086 2119 Joannes
3116 2079 3368 2134 quoque;
3408 2068 3482 2121 si-

1911 2157 2124 2226 quidem
2153 2154 2264 2227 ω
2297 2163 2521 2210 naturas
2551 2155 2606 2208 in
2639 2170 2803 2209 unum
2835 2156 3229 2225 quodammodo
3260 2170 3478 2226 cogens,

1912 2249 2419 2318 proprietatumque
2470 2248 2601 2312 vim,
2642 2261 2762 2315 quae
2830 2246 3046 2316 utrique
3111 2247 3377 2312 adjacent,
3426 2247 3480 2299 in

1913 2337 2163 2392 unionem
2193 2337 2463 2405 redigens,
2487 2336 2561 2389 ita
2580 2335 2817 2391 scribit:
2853 2353 2872 2387 ι
2897 2335 3048 2402 Quod
3074 2333 3174 2390 fuit
3204 2337 3270 2391 ab
3303 2336 3477 2401 initio,

1911 2426 2053 2497 quod
2080 2425 2404 2491 audivimus,
2434 2425 2576 2497 quod
2604 2425 2836 2480 vidimus
2866 2425 3038 2480 oculis
3081 2425 3303 2491 nostris,
3339 2428 3478 2495 quod

1913 2519 2304 2588 perspeximus,
2342 2527 2398 2572 et
2455 2531 2648 2571 manus
2678 2525 2874 2571 nostrae
2905 2523 3385 2571 contrectaverunt
3416 2518 3484 2570 de

1912 2609 2091 2665 Verbo
2148 2609 2294 2673 vitae,
2311 2619 2365 2664 et
2399 2609 2507 2662 vita
2553 2608 2892 2664 manifestata
2933 2617 3037 2671 est,
3055 2618 3111 2663 et
3152 2608 3403 2673 vidimus,
3428 2617 3484 2663 et

1915 2708 2195 2764 testamur,
2245 2708 2300 2753 et
2349 2701 2732 2753 annuntiamns
2773 2697 2925 2753 vobis
2981 2697 3145 2751 vitam
3198 2698 3478 2759 mter-nam,

1913 2804 2033 2858 quae
2084 2796 2203 2843 erat
2254 2790 2396 2858 apud
2452 2786 2690 2853 Patrem,
2747 2796 2803 2842 et
2860 2787 3109 2857 apparuit
3158 2788 3315 2841 nobis
3342 2787 3411 2841 ⁸⁸.
3456 2808 3478 2840 ο

1914 2879 2054 2934 Ecce
2105 2877 2303 2932 diserte
2354 2876 2588 2931 atlirmat
2643 2891 2789 2939 eum,
2819 2877 2909 2944 qui
2951 2876 3053 2929 fuit
3100 2876 3168 2930 ab
3228 2876 3400 2941 initio;
3429 2887 3486 2929 et

1913 2968 2088 3023 visum
2144 2980 2286 3031 esse,
2334 2975 2390 3021 et
2441 2967 2761 3036 palpabilem
2825 2966 3030 3020 factum
3083 2981 3223 3021 esse.
3271 2966 3481 3021 Etenim

236 3060 330 3115 τοῦ
372 3060 641 3131 σώματος,
671 3060 767 3113 καὶ
803 3060 903 3122 τὰς
948 3059 1260 3131 διατρήσεις
1291 3062 1401 3114 τῶν
1452 3063 1616 3131 ἥλων.
1650 3065 1811 3132 Γεγε-

1916 3056 2171 3122 Thomas,
2200 3065 2546 3125 posteaquam
2587 3069 2780 3111 manus
2818 3055 2872 3108 in
2927 3055 3087 3120 latus,
3121 3066 3175 3109 et
3203 3056 3400 3126 digitos
3426 3055 3481 3110 in

238 3153 433 3224 νῆσθαι
476 3151 533 3205 δέ
573 3168 704 3222 φησι
742 3151 868 3215 τοὺς
900 3150 1087 3219 ἁγίους
1127 3153 1456 3216 ἀποστόλους
1491 3156 1583 3209 καὶ
1612 3156 1639 3208 6
1671 3156 1812 3220 θεῖος

239 3247 368 3315 ημῖν
410 3243 621 3304 Λουκᾶς
666 3242 939 3305 αὐτόπτας
988 3257 1047 3294 τε
1096 3242 1190 3294 καὶ
1241 3243 1522 3314 ὑπηρέτας
1575 3246 1667 3298 τοῦ
1703 3247 1809 3301 Λό-

238 3353 334 3403 γου
355 3350 369 3365 ·
403 3334 594 3403 γέγονε
631 3332 740 3404 γάρ
772 3333 1022 3403 ἐμφανὴς
1049 3334 1077 3386 6
1106 3335 1421 3404 ἀσώματος,
1453 3338 1547 3390 καὶ
1578 3339 1751 3402 ἁπτὸς
1782 3340 1811 3391 6

240 3428 482 3497 ἀναφὴς·
513 3427 614 3478 οὐκ
658 3424 861 3477 όθνεῖον
891 3423 1029 3493 ἔχων
1061 3425 1376 3496 περίῦλημα
1422 3428 1520 3499 τὴν
1567 3430 1675 3484 ἀπὸ
1707 3431 1810 3500 γῆς

244 3518 450 3587 σάρκα,
488 3514 603 3567 ἀλλ’
641 3514 770 3566 ῑὸιον
803 3512 974 3582 αὐτὴν
1012 3515 1380 3585 ποιησάμενος
1424 3519 1571 3585 ναὸν,
1620 3523 1714 3573 καὶ
1752 3523 1810 3574 ἐν

245 3608 383 3675 αὐτῇ
418 3645 433 3670 ,
459 3603 552 3656 καὶ
590 3604 685 3655 σὺν
713 3603 848 3673 αὐτῇ
881 3602 1283 3673 γνωριζόμενος
1312 3606 1386 3668 ὡς
1413 3607 1545 3672 θεὸς
1574 3612 1669 3663 καὶ
1699 3612 1812 3664 Κύ-

252 3712 384 3765 ριος.
426 3693 744 3765 Γεγραφότα
790 3693 846 3746 δὲ
890 3688 1048 3748 οἶσθά
1093 3712 1195 3748 που
1242 3697 1338 3750 καὶ
1379 3697 1468 3752 τὸν
1519 3700 1811 3770 ἱερώτατον

248 3785 490 3838 Παῦλον·
532 3803 550 3835 ι
580 3783 764 3847 Οὐδεὶς
796 3782 905 3855 γὰρ
951 3783 1108 3854 ἡμῶν
1147 3785 1325 3858 ἐαυτῷ
1361 3784 1464 3857 ζῇ,
1502 3789 1594 3843 καὶ
1635 3791 1814 3856 οὐδεὶς

248 3875 426 3947 ἐαυτῷ
466 3875 818 3947 ἀποθνήσκει.
854 3875 981 3929 Ἐάν
1017 3892 1076 3928 τε
1119 3876 1233 3948 γάρ
1274 3877 1474 3948 ζῶμεν,
1513 3880 1590 3951 τῷ
1624 3883 1814 3954 Κυρίῳ

246 3967 463 4036 ζῶμεν·
506 3969 600 4020 ἐάν
635 3984 696 4020 τε
743 3964 1195 4043 ἀποθνήσκωμεν,
1225 3968 1302 4038 τῷ
1337 3970 1530 4042 Κυριῳ
1571 3973 1811 4045 ἀποθνή..

248 4073 483 4128 σκομεν⁸
526 4057 621 4110 ἐάν
661 4073 718 4109 τε
758 4054 850 4109 οῦν
880 4054 1081 4125 ζῶμεν,
1116 4057 1210 4110 ὲάν
1251 4075 1310 4110 τε
1355 4056 1808 4131 ἀποθνήσκωμεν,

242 4150 338 4217 τοῦ
371 4149 575 4218 Κυρίου
611 4147 796 4216 ἐσμέν.
837 4148 931 4209 Εἰς
962 4147 1118 4200 τοῦτο
1158 4148 1268 4217 γὰρ
1298 4150 1533 4219 Χριστὸς
1577 4154 1811 4209 ἀπέθανε

246 4239 339 4290 καὶ
364 4238 576 4305 ἔζησεν,
606 4236 689 4288 ἵνα
715 4234 924 4305 νεκρῶν
955 4235 1047 4287 καὶ
1075 4234 1293 4299 ζώντων
1328 4238 1610 4312 κυριεύσῃ.
1638 4260 1657 4293 ι

1917 3149 2189 3203 clavorum
2242 3146 2506 3202 foramina
2556 3146 2843 3212 intulisset,
2884 3147 3064 3200 statim
3108 3147 3428 3201 exclamavit
3466 3165 3482 3203 :
3540 3149 3545 3161 '

1922 3258 1940 3291 ι
1970 3240 2228 3293 Dominus
2251 3252 2424 3301 meus,
2463 3246 2517 3290 et
2544 3237 2691 3299 Deus
2729 3252 2881 3292 meus
2907 3237 2976 3291 ⁵⁸.
3012 3255 3032 3288 ι
3063 3237 3202 3303 Quin
3251 3238 3484 3294 eximius

1916 3343 2130 3399 quoque
2156 3329 2489 3397 evangelista
2527 3326 2706 3382 Lucas
2735 3337 2953 3383 sanctos
2998 3327 3267 3397 apostolos
3319 3327 3484 3384 Verbi

1918 3429 2272 3490 spectatores,
2321 3419 2564 3489 ejusdem
2622 3418 2903 3473 ministros
2967 3418 3239 3473 exstitisse
3287 3417 3362 3470 ait
3387 3417 3434 3449 ⁸³
3463 3434 3482 3470 :

1920 3527 2041 3566 nam
2078 3513 2167 3581 qui
2197 3511 2440 3580 corporis
2458 3524 2650 3579 expers
2683 3519 2822 3575 erat,
2843 3511 3016 3564 factus
3034 3520 3116 3564 est
3136 3509 3480 3579 spectabilis:

1916 3614 1971 3661 et
1990 3604 2081 3673 qui
2111 3603 2251 3673 tangi
2274 3618 2378 3657 non
2405 3590 2635 3672 poterat,
2659 3611 2870 3656 terrena
2894 3617 3057 3657 carne
3078 3618 3183 3657 non
3222 3611 3478 3674 tanquam

1916 3703 2178 3751 extraneo
2216 3694 2448 3758 amictu,
2480 3692 2574 3747 sed
2604 3704 2863 3760 tanquam
2890 3694 3108 3763 proprio
3138 3695 3338 3763 templo
3365 3710 3483 3750 sese

1919 3788 2164 3852 induens,
2211 3784 2386 3838 factus
2441 3794 2523 3837 est
2565 3783 2865 3852 palpabilis,
2900 3793 2956 3838 et
3001 3785 3052 3837 in
3099 3784 3233 3851 ipsa,
3257 3793 3313 3837 et
3358 3799 3480 3837 cum

1917 3878 2030 3948 ipsa
2047 3877 2208 3933 etiam
2240 3878 2317 3930 uti
2338 3874 2476 3928 Deus
2506 3883 2560 3927 et
2582 3874 2840 3928 Dominus
2865 3874 3113 3943 cognitus
3142 3872 3259 3929 fuit.
3288 3873 3482 3928 Memi-

1919 3967 2076 4023 nistis
2131 3980 2344 4036 quoque
2395 3965 2826 4019 sacratissimum
2876 3964 3097 4019 Paulum
3157 3965 3353 4020 alicubi
3405 3967 3480 4019 ita

1918 4058 2233 4127 scripsisse:
2268 4075 2287 4107 ι
2309 4054 2478 4110 Nemo
2508 4066 2748 4109 nostrum
2783 4054 2884 4111 sibi
2913 4055 3064 4120 vivit,
3089 4063 3143 4110 et
3175 4071 3334 4112 nemo
3366 4058 3468 4112 sibi

1917 4151 2164 4205 moritur.
2202 4149 2327 4204 Sive
2370 4149 2621 4212 vivimus,
2658 4149 2885 4204 Domino
2930 4148 3189 4213 vivimus,
3222 4152 3336 4204 sive
3371 4166 3482 4204 mo~

1928 4243 2118 4305 rimur,
2163 4241 2392 4295 Domino
2426 4239 2704 4293 litorimur.
2734 4237 2859 4294 Sive
2899 4254 3028 4308 ergo
3072 4239 3322 4304 vivimus,
3367 4241 3482 4294 sive

245 4331 530 4393 morimur,
572 4329 775 4382 Domini
821 4344 1025 4383 sumus.
1069 4328 1125 4382 In
1168 4331 1267 4385 hoc
1306 4333 1445 4387 enim
1491 4333 1737 4391 Christus
1794 4349 2038 4393 mortuus
2087 4347 2205 4401 est,
2238 4345 2289 4390 et
2329 4335 2639 4401 resurrexit,
2696 4343 2754 4389 ut
2805 4343 2859 4389 et
2922 4335 3167 4388 vivorum
3225 4346 3280 4390 et
3333 4352 3480 4390 mor-

245 4438 457 4480 tuorum
499 4425 801 4478 dominetur
822 4425 886 4477 3‘.
914 4442 932 4474 ι

312 4523 441 4575 HI".
495 4522 730 4591 ’Ἄραρεν
757 4516 849 4573 οῦν
881 4519 1116 4589 άληθῶς,
1152 4522 1231 4574 ὅτι
1280 4524 1632 4595 κεκυρίευκεν
1680 4527 1811 4597 άλη-

1985 4524 2163 4580 XLlll.
2211 4524 2346 4580 Vere
2380 4525 2563 4594 itaque
2595 4524 2837 4588 decebat,
2875 4534 2932 4577 ut
2965 4525 3207 4579 vivorum
3245 4535 3481 4579 mortuo-

240 4614 349 4676 θῶς
382 4612 590 4683 νεκρῶν
623 4629 679 4665 τε
708 4614 799 4665 καὶ
842 4612 1062 4676 ζώντων
1086 4618 1114 4667 ό
1167 4613 1239 4684 μὴ
1272 4615 1457 4686 ἑτέρου
1503 4634 1595 4669 του
1627 4618 1804 4689 χάριν,

241 4704 378 4775 πλὴν
412 4705 494 4757 ὅτι
532 4702 682 4756 τοῦδέ
717 4720 777 4756 τε
825 4706 920 4756 καὶ
959 4706 1141 4774 μόνον,
1174 4705 1405 4769 τεθνεὼς
1441 4710 1532 4764 καὶ
1578 4711 1807 4781 ἐγηγερ⁶

241 4797 420 4866 μένος.
454 4797 587 4848 Τίνα
616 4797 678 4866 δὴ
710 4792 806 4849 οὖν
835 4796 942 4867 ἄρα
977 4799 1176 4867 φαμὲν,
1207 4799 1282 4862 ὼς
1312 4801 1477 4853 ὑπέδυ
1511 4802 1609 4871 μὲν
1641 4800 1807 4856 θάνα-

234 4904 348 4948 τον,
383 4887 581 4939 ἀνεϐίω
626 4886 672 4938 δ’
702 4882 791 4953 αὖ,
828 4888 860 4957 ἥ
909 4888 1000 4941 τὸν
1032 4888 1160 4941 Υἰὸν
1207 4889 1480 4960 δηλονότιξ
1535 4891 1678 4944 Ἀλλ’
1725 4894 1807 4945 ὃτι

236 4978 335 5048 μὲν
365 4978 454 5031 τὸν
475 4979 622 5043 Υἱὺν,
660 4978 1014 5041 άπαστισοῦν,
1050 4975 1221 5049 οἶμαι,
1259 4980 1600 5033 συννεύσειεν
1620 4981 1705 5036 ἄν.
1738 4982 1803 5034 Τί

231 5063 325 5120 οὖν
359 5066 618 5138 ὲροῦμεν;
652 5067 853 5138 πότερα
882 5067 1072 5138 θνητός
1102 5068 1161 5120 τὲ
1186 5071 1302 5122 ἐστι
1336 5069 1434 5122 καὶ
1462 5070 1637 5140 φθορᾷ
1665 5070 1803 5124 κάτ-

229 5176 350 5229 οχος
386 5162 412 5212 ό
464 5160 526 5211 ὲκ
567 5158 702 5211 Θεοῦ
738 5158 950 5228 [ἰατρὸς
976 5158 1166 5225 Λόγος,
1195 5160 1227 5228 ἦ
1263 5158 1405 5229 πέρα
1443 5158 1676 5213 θανάτου
1710 5162 1803 5214 καὶ

229 5249 434 5319 φθορᾶς
468 5248 705 5317 ἀμείνων
732 5249 808 5311 ὡς
850 5248 1001 5318 {uti};
1051 5249 1240 5302 Καίτοι
1299 5250 1416 5312 πῶς
1446 5251 1544 5319 οὐχ
1599 5249 1804 5303 ἅπασιν

229 5338 479 5407 ἐναργὲς,
509 5340 589 5391 ότι
631 5338 862 5391 θανάτου
900 5334 1163 5407 κρείττων
1207 5337 1282 5399 ὡς
1319 5337 1472 5409 ζωής
1520 5335 1655 5393 Εἶτα
1687 5339 1804 5403 πῶς

232 5430 460 5496 γέγονεν
485 5430 541 5480 ὲν
567 5432 778 5498 νεκροῖς
810 5429 901 5481 καὶ
924 5427 1223 5498 ἐλεύθερος,
1247 5428 1389 5481 κατά
1428 5428 1526 5491 τάς
1552 5429 1809 5498 Γραφάς;

227 5520 453 5587 τεθναίη
488 5522 596 5590 γὰρ
626 5519 742 5571 οὔτι
790 5536 892 5572 που
943 5517 1063 5570 καθ’
1093 5518 1279 5571 ἑαυτὸν
1320 5520 1347 5571 6
1398 5517 1586 5585 Λόγος.
1630 5518 1811 5587 Φαμὲν

306 5693 352 5724 δθ
377 5692 393 5745 l
419 5692 542 5745 Cor.
563 5694 741 5756 xui-ri.
819 5691 859 5723 ⁸¹
886 5691 900 5743 Ι
925 5688 1078 5745 Joau.
1110 5690 1309 5756 1,1,2.

1388 5691 1431 5721 δ’
1458 5687 1726 5747 10:111.“,
1747 5689 1834 5741 ‘28.

1914 4634 2140 4689 rumque
2175 4618 2563 4680 dominaretur,
2599 4616 2688 4687 qui
2728 4616 2922 4669 nullius
2961 4614 3211 4680 alterius,
3248 4616 3339 4670 sed
3380 4617 3480 4669 bu-

1910 4710 1999 4778 jns
2027 4711 2196 4765 solius
2227 4723 2411 4770 causa,
2443 4717 2497 4761 et
2527 4715 2772 4762 mortuus
2802 4716 2962 4769 esset,
2994 4713 3048 4760 et
3079 4707 3379 4764 revixisset.
3407 4707 3478 4761 At

1915 4815 2075 4868 quem
2104 4799 2287 4862 alium,
2315 4811 2521 4867 quaeso,
2550 4806 2775 4852 mortem
2807 4796 3062 4859 subiisse,
3090 4797 3393 4865 iterumque
3421 4796 3475 4850 in

1915 4889 2078 4942 vitam
2125 4889 2350 4943 rediisse
2396 4888 2730 4956 putabimus,
2776 4901 2937 4957 quam
2987 4886 3216 4951 Filium?
3258 4886 3473 4941 Nullum

1912 4979 2093 5049 itaque
2118 4978 2314 5043 alium;
2342 4992 2516 5048 neque
2541 4977 2594 5031 id
2627 4977 2786 5043 ullus,
2812 4978 3022 5048 Opinor,
3051 4977 3264 5032 inﬁcias
3292 4975 3470 5029 iverit.

1912 5070 2048 5137 Quid
2091 5071 2254 5140 igitur
2287 5069 2564 5124 dicemus?
2604 5068 2844 5139 nunquid
2891 5069 2980 5122 Dei
3024 5066 3202 5122 Patris
3242 5064 3474 5119 Verbum

1915 5160 2070 5213 morti
2096 5161 2535 5229 corruptioniqne
2557 5162 2847 5216 obnoxium
2874 5174 3014 5219 esse.
3040 5173 3106 5211 an
3131 5157 3306 5225 porius
3328 5154 3472 5209 omni

1913 5258 2121 5313 morte,
2170 5250 2424 5319 omnique
2468 5251 2844 5318 corruptione,
2893 5246 3322 5317 quandoquidem
3366 5245 3473 5299 vita

1910 5349 2010 5401 est,
2042 5340 2388 5408 praestantius
2415 5340 2576 5396 esse?
2605 5341 2791 5410 Atqui,
2827 5348 2885 5393 ut
2914 5339 3019 5392 vita
3052 5345 3152 5403 est,
3184 5345 3356 5390 morte
3385 5350 3475 5389 sn-

1910 5429 2091 5495 pcrius
2117 5444 2258 5496 esse,
2287 5430 2408 5498 quis
2440 5445 2543 5485 non
2573 5430 2754 5484 videt?
2784 5428 3061 5494 Quomodo
3090 5428 3252 5498 igitur
3275 5441 3472 5482 secun-

1911 5520 2036 5573 dum
2081 5518 2390 5590 Scripturas
2408 5520 2454 5553 ”
2489 5520 2632 5575 inter
2675 5531 2914 5575 mortuos
2954 5518 3183 5575 liberum
3227 5516 3475 5573 exstitit?

1914 5693 1956 5723 ⁸³
1979 5693 2107 5746 Luc.
2138 5695 2242 5759 1,2.
2322 5695 2540 5751 “Rom.
2567 5710 2676 5763 xw,
2701 5696 2755 5761 7,
2785 5696 2837 5751 8.
2908 5696 2952 5727 ⁸⁸
2983 5695 3126 5750 Ρεςιι.
3151 5706 3390 5753 Lxxxvn,
3413 5689 3467 5742 6.
