3970 6136
496 291 629 348 1199

1477 287 1528 341 S.
1571 285 1843 342 CYRILLI
1882 283 2351 340 ΑιΕΧΑΝοιιιΜ
2389 284 2705 342 ARCHIEP.

3620 288 3766 345 ιεου

491 405 636 460 Sane
666 402 791 458 licet
813 401 1045 458 Verbum
1077 414 1173 471 per
1195 414 1254 456 se
1283 399 1449 455 emori
1483 413 1821 469 nequaquam
1850 398 2060 465 valeat,

2166 395 2278 465 οὖν,
2328 400 2408 453 ὅτι
2446 399 2749 472 τεθνεώσης
2784 399 2946 455 αὐτοῦ
2975 394 3076 473 τῆς
3109 403 3331 475 σαρκὸς,
3384 402 3556 465 αὐτὸς
3598 403 3766 456 τοῦτο

490 504 728 548 attamen
767 506 934 548 carne
974 490 1118 546 illius
1160 488 1601 552 intermoriente,
1637 489 1810 557 ipsum
1847 502 2061 559 quoque

493 594 717 640 mortem
750 597 1067 653 perpessum
1102 590 1252 637 recte
1283 582 1621 652 perhibetur.
1655 579 1822 651 Igitur
1850 581 1940 650 qui
1975 593 2062 635 se-

491 676 722 730 cundum
754 673 936 728 carnis
965 671 1170 742 legem,
1200 673 1604 741 humanamque
1636 681 1884 725 naturam
1917 687 2060 727 mor-

491 775 614 823 tuus
641 776 744 831 est,
772 777 827 822 et
853 765 1180 830 resurrexit;
1212 764 1353 819 idem
1387 764 1475 818 ille
1507 778 1609 818 non
1640 764 1845 832 absque
1874 777 2058 830 carne,

492 861 600 914 imo
634 874 762 913 vero
799 871 921 912 cum
961 870 1160 919 carne,
1195 864 1251 910 et
1286 856 1339 909 in
1380 869 1544 910 carne
1581 853 1794 924 imperii
1833 854 2060 925 gloriam

489 950 750 1014 obtinuit;
784 948 1111 1018 planumque
1141 944 1423 1016 fecit,.41
1458 953 1687 999 mortem
1716 945 1931 1013 quidem
1966 958 2062 997 na-

490 1051 625 1096 turae
657 1042 901 1095 humanze
930 1037 1266 1092 all'ectionem
1295 1050 1444 1099 esse;
1473 1049 1505 1088 a
1535 1035 1761 1089 mortuis
1793 1043 1973 1089 autem
2003 1048 2063 1090 se

491 1133 667 1186 denuo
705 1130 966 1194 excitare,
1005 1128 1202 1182 divinae
1240 1126 1456 1181 virtutis
1499 1141 1655 1194 opus.
1695 1124 1814 1192 Quo
1860 1125 2060 1180 factum

491 1231 597 1287 est,
631 1232 691 1277 ut
724 1237 818 1291 per
851 1229 1141 1289 utrumque
1172 1226 1549 1289 cognoscatur,
1586 1225 1641 1273 et
1677 1217 1831 1272 nobis
1864 1217 2062 1275 similis

491 1325 550 1368 ut
570 1314 748 1376 homo,
775 1322 831 1367 et
859 1310 1013 1366 nobis
1040 1324 1253 1365 rursum
1286 1309 1537 1379 superior
1559 1316 1616 1362 ut
1646 1307 1805 1374 Deus,
1833 1308 2055 1363 univer-

491 1418 784 1473 sorumque
810 1401 1087 1467 Dominus,
1113 1401 1202 1471 qui
1228 1400 1392 1454 etiam
1420 1408 1547 1453 ante
1573 1407 1906 1468 assumptam
1937 1413 2061 1453 car—

493 1511 613 1551 nem
649 1510 752 1550 una
788 1508 907 1549 cum
947 1493 1106 1548 Patre
1141 1506 1239 1547 suo
1275 1491 1555 1561 regnabat.
1592 1477 1770 1561 Atque
1804 1489 1963 1545 talem
1999 1489 2064 1544 il-

492 1588 600 1641 lum
655 1600 776 1642 esse
830 1584 1164 1653 intelligebat
1215 1580 1555 1647 Nathanael,
1610 1596 1734 1637 cum
1787 1581 1991 1636 diceret
2046 1598 2060 1635 :

498 1697 515 1728 ι
549 1678 745 1742 Rabbi,
774 1684 827 1730 tu
858 1690 918 1731 es
947 1673 1114 1729 Filius
1146 1673 1262 1740 Dei,
1293 1681 1350 1726 tu
1382 1687 1441 1727 es
1473 1688 1566 1726 rex
1595 1670 1761 1728 Israel
1785 1671 1851 1725 ".
1887 1689 1908 1724 ι
1945 1671 2065 1741 Ipse

493 1779 675 1825 autem
706 1770 773 1822 ad
803 1782 931 1824 suos
961 1765 1252 1834 discipulos
1279 1765 1354 1817 ita
1381 1763 1634 1818 dicebat:
1671 1781 1689 1813 ι
1724 1762 1831 1818 Vos
1856 1765 2061 1819 vocatis

496 1874 600 1923 me,
631 1858 886 1927 Magister
912 1864 968 1910 et
997 1854 1242 1919 Domine,
1275 1860 1330 1908 et
1362 1849 1498 1907 liene
1532 1852 1712 1908 dicitis
1746 1867 1761 1907 :
1807 1868 1926 1907 sum
1975 1861 2058 1908 et-

494 1952 638 2006 enim
657 1950 726 2004 ⁸⁷.
771 1967 789 2000 ι
828 1946 894 2000 Et
936 1960 1102 2016 opere
1130 1946 1249 2013 ipso
1277 1943 1459 1999 verbis
1502 1943 1616 1998 suis
1661 1941 1818 1997 {idem
1856 1941 2063 1998 faciens

494 2052 713 2113 peccata
764 2037 1003 2102 remisit,
1043 2042 1477 2105 potestatemque
1518 2041 1710 2088 contra
1761 2034 2064 2091 immundos

493 2132 715 2201 spiritus
748 2128 1007 2199 apostolis
1043 2125 1381 2197 impertivit;
1419 2139 1528 2194 quo
1562 2125 1816 2179 nimirum
1853 2134 1908 2179 et
1944 2124 2064 2187 illos

494 2223 735 2293 cjiciant,
769 2231 829 2281 et
868 2233 1084 2275 omnem
1125 2227 1386 2286 praeterea
1431 2216 1802 2289 aagritudinem
1845 2226 1900 2272 et
1936 2217 2061 2270 lan-

494 2327 712 2384 guorem
762 2312 818 2366 in
866 2310 1064 2382 populo
1106 2316 1319 2365 curent.
1362 2306 1421 2361 ln
1472 2307 1688 2362 nomine
1735 2308 1880 2362 enim
1929 2305 2058 2362 Jesu

494 2404 692 2459 Christi
737 2400 1025 2466 Nazareni,
1069 2398 1291 2453 claudus
1333 2396 1424 2465 qui
1466 2396 1535 2451 ad
1579 2392 1894 2465 Speciosam
1938 2409 2063 2464 por—

2160 492 2379 560 λέγεται
2410 490 2622 546 παθεῖν.
2657 490 2868 545 Οὐκοῦν
2890 494 2951 546 ού
2976 493 3099 563 δίχα
3131 494 3356 565 σαρκὸς,
3390 495 3495 547 σὺν
3519 494 3672 563 αὐτῇ
3704 495 3762 547 δὲ

2164 579 2365 650 μᾶλλον
2416 580 2511 633 καὶ
2554 581 2611 632 ὲν
2657 581 2793 651 αὐτῇ
2825 582 2924 653 τὴν
2956 583 3056 652 τῆς
3084 583 3407 653 κυριότητος
3456 581 3763 646 ἀνεδέξατο

2160 669 2338 734 δόξαν,
2364 671 2391 721 ὁ
2420 669 2569 741 νόμῳ
2600 670 2801 741 σαρκὸς
2826 671 2921 724 καὶ¹
2945 670 3104 740 φύσει
3129 675 3194 743 τῇ
3227 671 3348 725 καθ’
3376 673 3536 740 ἡμᾶς
3565 671 3763 743 τεθνη-

2161 762 2295 827 κὼς,
2331 762 2428 815 καὶ
2455 762 2830 833 ἐγηγερμένος
2851 780 2864 795 ·
2892 763 3234 834 ἀνθρώπινον
3271 764 3369 834 μὲν
3397 763 3463 816 τὸ
3496 763 3759 817 τεθνάναι

2162 854 2356 919 πάθος,
2381 855 2663 925 ἐνέργημα
2690 855 2747 907 δὲ
2776 854 2957 908 θεῖκὸν
2983 854 3043 908 τὸ
3069 855 3361 909 ἀναϐιῶναι
3387 856 3643 919 δεικνὺς,
3675 856 3761 909 ἵνα

2161 942 2229 997 δι’
2260 944 2463 1014 ἀμφοῖν
2491 944 2829 1016 γνωρίζηται
2862 943 2985 997 καθ’
3029 946 3179 1015 ἡμᾶς
3217 962 3274 998 τε
3305 945 3445 1015 ἅμα,
3485 946 3589 999 καὶ
3622 947 3761 1016 ὑπὲρ

2161 1035 2308 1104 ἡμᾶς
2330 1034 2409 1097 ὡς
2430 1033 2582 1099 Θεὸς,
2613 1034 2708 1088 καὶ
2740 1034 2849 1088 τῶν
2870 1034 3008 1096 ὀλων
3036 1034 3276 1104 γεγονὼς
3305 1035 3491 1106 ὁρῷτο
3521 1036 3755 1108 Κύριος,

2161 1129 2190 1180 6
2219 1127 2314 1181 καὶ
2356 1127 2463 1197 πρὸ
2517 1127 2720 1198 σαρκὸς
2761 1126 3061 1196 βασιλεύων
3110 1126 3249 1196 μετά
3302 1126 3399 1180 τοῦ
3456 1127 3600 1180 ἰδίου
3649 1130 3757 1182 Πα-

2161 1216 2309 1287 τρός.
2338 1216 2525 1280 Οὕτως
2538 1216 2703 1272 αὐτὸν
2731 1218 2760 1270 6
2775 1217 3069 1289 Ναθαναὴλ
3086 1217 3488 1286 ἐπιγινώσκων,
3511 1219 3722 1286 ἔφασκε
3739 1236 3752 1248 ·

2169 1326 2189 1359 ι
2240 1306 2450 1370 Ῥαὸὅὶ,
2483 1307 2547 1360 σὺ
2575 1302 2627 1360 εἴ
2656 1310 2686 1361 6
2717 1308 2845 1372 Υἱὸς
2888 1307 2981 1361 τοῦ
3030 1307 3191 1371 Θεοῦ,
3238 1309 3302 1360 σὺ
3336 1303 3387 1360 εἴ
3418 1309 3449 1359 6
3498 1307 3753 1376 βασιλεὺς

2163 1395 2259 1449 τοῦ
2324 1396 2566 1468 Ἰσραήλ.
2614 1416 2633 1450 ι
2693 1397 2867 1461 Αὐτὸς
2911 1397 2970 1451 δὲ
3015 1399 3131 1461 τοῖς
3180 1397 3374 1450 ἑαυτοῦ
3438 1398 3749 1468 μαθηταῖς·

2172 1510 2190 1542 ι
2223 1491 2415 1562 Ὑμεῖς
2448 1490 2665 1544 καλεῖτέ
2690 1508 2780 1561 με,
2808 1490 2997 1561 φησὶν,
3027 1490 3056 1542 6
3076 1490 3277 1560 Κύριος
3307 1489 3448 1542 καὶὸ
3480 1490 3749 1544 Διδάσκαο

2164 1578 2275 1646 λος,
2309 1581 2405 1634 καὶ
2433 1580 2613 1645 καλῶς
2642 1581 2829 1650 λέγετε
2850 1597 2867 1613 ο
2914 1584 3031 1653 εἰμὶ
3052 1584 3180 1656 γάρ.
3235 1603 3254 1637 ι
3294 1586 3490 1657 Ἔργῳ
3517 1585 3581 1639 δὲ
3625 1584 3747 1639 αὐτὸ

2167 1671 2547 1744 πιστούμενος,
2575 1673 2759 1745 ἀνίησι
2797 1674 2899 1747 μὲν
2943 1676 3238 1748 ἁμαρτίας,
3274 1677 3533 1743 ἐξουσίαν
3562 1677 3625 1730 δὲ
3666 1678 3744 1731 δῖ-

2099 1745 2140 1801 Β
2167 1761 2310 1816 δωκε
2341 1762 2485 1817 κατὰ
2531 1745 2860 1833 πνευμάτων
2900 1745 3251 1838 ἀκαθάρτων,
3282 1766 3426 1820 ὥστε
3470 1767 3745 1820 ἐκϐάλλειν

2167 1853 2327 1917 αὐτὰ,
2357 1854 2452 1915 καὶ
2486 1853 2811 1925 θεραπεύειν
2841 1857 3022 1910 πᾶσαν
3051 1857 3206 1910 νόσον
3236 1857 3333 1910 καὶ
3360 1858 3549 1910 πᾶσαν
3589 1858 3745 1927 μαλα-

2168 1944 2293 1996 κίαν
2313 1944 2370 1997 ὲν
2389 1942 2467 2014 τῷ
2494 1941 2628 2013 λαῷ.
2670 1944 2760 1997 Ἐν
2778 1944 3007 2017 ὀνόματι
3036 1946 3149 2015 γὰρ
3185 1944 3362 2016 Ἰησοῦ
3390 1947 3634 2016 Χριστοῦ
3657 1947 3743 2000 τοῦ

2168 2034 2493 2105 Ναζωραίου
2521 2034 2917 2105 τεθεράπευται
2959 2037 3057 2108 μὲν
3097 2038 3125 2090 6
3154 2036 3231 2090 τὼ
3275 2037 3405 2090 πόδε
3438 2037 3746 2108 λελωϐημέ-

2170 2141 2278 2190 νος,
2340 2125 2435 2178 καὶ
2466 2128 2530 2194 τῇ
2575 2126 2766 2198 Ὡραίᾳ
2811 2126 3151 2197 προσιζάνων
3192 2128 3361 2199 πύλῃ.
3414 2129 3741 2199 Ἀρρωστίαν

2168 2215 2225 2268 δὲ
2252 2215 2349 2286 τὴν
2381 2214 2525 2268 οὕτω
2557 2217 2772 2288 μακρὰν
2800 2218 3144 2285 ἀπεσείσατο,
3174 2220 3269 2272 καὶ
3302 2219 3503 2288 κομιδῇ
3537 2219 3745 2272 δυσδιά-

2170 2322 2371 2374 φυκτον
2421 2305 2604 2377 διέδρα
2656 2307 2808 2360 νόσον
2850 2308 3062 2372 Αἰνέας,
3098 2308 3235 2378 πρὸς
3287 2309 3348 2362 δν
3392 2310 3422 2362 6
3466 2309 3746 2370 θεσπέσιος

2169 2395 2272 2466 ἔφη
2299 2397 2536 2466 Πέτροςυ
2572 2416 2590 2449 ι
2636 2398 2821 2465 Αἰνέα,
2852 2400 2995 2453 ίᾶταί
3040 2417 3097 2453 σε
3144 2400 3357 2471 Ἰησοῦς
3390 2403 3419 2454 6
3446 2402 3691 2474 Χριστός.
3715 2420 3735 2451 ι

498 2508 607 2552 tam
656 2496 908 2559 sedebat,
955 2500 1178 2547 sanatus
1223 2498 1307 2545 est
1328 2489 1394 2541 ⁸⁸.
1442 2487 1565 2542 Pari
1615 2488 1778 2543 modo
1822 2486 2060 2554 Encas,
2097 2501 2219 2542 cum
2280 2488 2586 2544 diutissime
2654 2493 3049 2561 aegrotavisset,
3086 2494 3387 2558 convaluit,
3423 2503 3474 2548 et
3506 2495 3741 2547 morbum

499 2599 634 2655 pene
669 2579 1119 2636 immedicabilcm
1154 2577 1361 2643 evasit;
1398 2591 1522 2631 cum
1566 2590 1795 2646 magnus
1833 2574 1923 2630 ille
1958 2573 2152 2630 Petrus
2225 2578 2328 2632 hac
2393 2592 2517 2632 eum
2551 2581 2797 2634 oratione
2829 2581 3222 2652 compellaret:
3255 2600 3274 2634 ι
3341 2582 3546 2649 tinea,
3593 2596 3742 2638 sanat

499 2691 550 2735 te
582 2674 839 2731 Dominus
867 2670 1023 2725 Jesus
1050 2668 1299 2724 Christus
1321 2667 1389 2720 ⁸³.
2780 2664 2783 2667 π
3770 2724 3775 2731 ⁵

565 2765 749 2824 XLIV.
812 2762 1179 2832 Undecunque
1233 2762 1397 2832 igitur
1446 2761 1512 2816 ad
1563 2760 1847 2816 veritatem
1895 2774 2059 2816 vcom«

2238 2761 2367 2816 MA'.
2396 2762 2740 2834 Πανταχόθεν
2765 2759 2857 2817 οὖν
2887 2762 2994 2833 ἀρα
3023 2761 3424 2833 συνωθούμενοι
3456 2762 3596 2834 πρὸς
3618 2762 3744 2831 62d;-
3772 2762 3779 2813 ἶ

497 2860 668 2931 pulsi,
699 2866 753 2912 et
781 2870 901 2926 qua:
934 2855 1106 2911 sacris
1137 2853 1354 2908 Litteris
1385 2855 1599 2909 decreta
1633 2860 1789 2918 sunt,
1822 2853 2065 2908 studiose

2172 2856 2348 2922 θειαν,
2396 2857 2491 2910 καὶ
2519 2855 2582 2909 τὸ
2624 2858 2735 2920 τοῖς
2769 2857 2932 2927 ἱεροῖς
2978 2855 3276 2927 Γράμμασι
3308 2854 3493 2907 δοκοῦν
3523 2855 3746 2923 5191;11-

497 2948 739 3004 vcnerari
776 2947 1084 3009 studentes,
1121 2951 1175 2998 et
1207 2942 1428 2997 Patrum
1463 2943 1760 2998 sententias
1793 2942 2063 3008 aemulati,

2168 2947 2281 2998 τεῖν
2305 2940 2364 2999 εὖ
2410 2944 2556 3016 μάλα
2600 2945 3011 3010 σπουδάζοντες,
3038 2946 3135 3000 καὶ
3176 2948 3297 3009 ταῖς
3332 2944 3433 2997 τῶν
3477 2945 3747 3013 πατέρων

498 3056 619 3096 eum
653 3038 744 3108 qui
777 3054 844 3093 ex
878 3037 1062 3091 radice
1089 3034 1263 3097 Jesse,
1294 3033 1387 3103 qui
1419 3048 1484 3088 ex
1514 3034 1721 3088 semine
1753 3035 1940 3099 David,
1974 3036 2064 3103 qui

499 3147 565 3187 ex
609 3131 832 3185 muliere
873 3127 1170 3183 secundum
1215 3140 1460 3192 carnem,
1498 3125 1590 3194 qui
1635 3125 1916 3180 nobiscum
1964 3126 2065 3191 legi

500 3221 793 3285 obnoxius,
824 3228 883 3271 ut
912 3219 1102 3281 homo,
1135 3231 1297 3286 supra
1330 3230 1431 3270 nos
1463 3223 1673 3285 autem,
1708 3225 1761 3270 et
1794 3230 1960 3283 supra
1992 3215 2068 3271 le-

501 3327 647 3383 gem,
676 3318 735 3362 ut
764 3308 904 3362 Deus
936 3325 950 3361 :
983 3307 1074 3375 qui
1108 3314 1329 3376 propter
1360 3320 1478 3369 nos,
1513 3315 1826 3373 nostraeque
1856 3315 2065 3361 natura:

502 3399 933 3458 similitudinem.
959 3392 1239 3451 nobiscum
1265 3396 1410 3451 inter
1431 3404 1675 3450 mortuos
1699 3395 1918 3451 habitus
1941 3406 2025 3452 est
2049 3414 2064 3451 :

502 3493 591 3562 qui
628 3503 789 3559 supra
824 3502 922 3542 nus
954 3485 1185 3555 denique
1217 3500 1311 3553 per
1340 3486 1575 3555 seipsum
1612 3495 1666 3541 et
1693 3486 1990 3542 viviﬁcator
2014 3496 2099 3552 et,

504 3581 614 3635 vita
651 3587 753 3642 est,
788 3592 971 3632 verum
1012 3575 1107 3630 Dei
1136 3574 1338 3629 Filium
1378 3590 1503 3632 esse
1545 3578 1852 3643 credimus;
1896 3592 2070 3648 neque

503 3670 891 3727 humanitatem
939 3667 1221 3721 divinitate
1264 3667 1575 3738 spoliantes,
1619 3683 1795 3736 neque
1832 3668 2066 3724 Verbum

506 3767 869 3830 rursumpost
900 3758 1328 3829 inexplicabilem
1360 3759 1505 3813 illam
1533 3769 1587 3813 et
1618 3774 1873 3814 arcanam
1908 3759 2061 3815 unio-

503 3868 625 3908 nem
668 3852 1003 3906 humanitate
1040 3858 1334 3916 exuentes;
1373 3850 1467 3904 sed
1506 3864 1669 3904 unum
1712 3850 2068 3921 eumdemqne

506 3942 696 3996 Filium
721 3955 787 3995 ex
815 3940 1024 3995 duabus
1052 3938 1213 3994 rebus
1240 3938 1292 3992 in
1323 3953 1484 3991 unum
1512 3924 1802 4007 quoddam,
1829 3939 1972 4007 quod
1998 3953 2066 3994 ex

507 4040 734 4098 utroque
765 4045 870 4085 non
898 4029 1192 4083 secundum
1225 4036 1427 4082 naturae
1453 4027 1815 4092 eversionem,
1846 4028 1938 4083 sed
1968 4043 2065 4082 ex-

505 4117 892 4172 cellentissima
930 4115 1018 4170 illa
1062 4116 1260 4171 unione
1295 4115 1683 4171 admirabiliter
1717 4117 2063 4172 constitutum

504 4217 606 4272 est,
635 4209 975 4264 conﬁtentes.

2169 3038 2423 3106 ἑπόμενοι
2463 3036 2662 3103 δόξαις,
2707 3037 2798 3090 τὸν
2826 3038 2890 3090 ὲκ
2928 3037 3084 3108 ῥίζης
3126 3037 3335 3093 Ἰεσσαὶ,
3356 3035 3443 3087 τὸν
3468 3035 3535 3086 ὲκ
3572 3036 3751 3104 σπέρ-

2172 3145 2339 3198 ματος
2362 3126 2546 3193 Δαυῒδ,
2570 3127 2661 3180 τὸν
2688 3128 2751 3180 ὲκ
2778 3127 3039 3195 γυναικὸς
3073 3127 3217 3179 κατὰ
3258 3126 3451 3194 σάρκα,
3479 3123 3575 3177 τὸν
3628 3123 3747 3193 μεθ’

2166 3219 2326 3289 ἡμῶν
2380 3218 2484 3270 ὑπὸ
2532 3218 2698 3287 νόμον
2747 3217 2822 3280 ὡς
2874 3216 3182 3287 ἄνθρωπον,
3234 3215 3331 3269 καὶ
3382 3214 3526 3286 ὑπὲρ
3575 3216 3739 3285 ἡμᾶς,

2170 3307 2309 3378 ὑπὲρ
2360 3307 2523 3377 νόμον
2566 3305 2645 3368 ὡς
2690 3306 2845 3371 Θεὸν,
2896 3306 2989 3359 ⁴τὸν
3032 3307 3100 3359 δι’
3145 3307 3295 3376 ἡμᾶς
3343 3321 3426 3368 τε,
3476 3305 3579 3359 καὶ
3630 3306 3746 3359 καθ’

2170 3399 2336 3467 ἡμᾶς,
2393 3397 2512 3467 μεθ’
2566 3397 2724 3466 ἡμῶν
2770 3397 2828 3448 ὲν
2880 3398 3117 3467 νεκροῖς,
3165 3395 3256 3447 τὸν
3293 3395 3438 3466 ὑπὲρ
3482 3397 3640 3466 ἡμᾶς
3681 3395 3744 3448 δι’

2170 3488 2366 3543 ἑαυτὸν
2388 3486 2670 3555 ζωοποιὸν,
2700 3487 2794 3540 καὶ
2819 3486 2986 3559 ζωὴν,
3010 3487 3136 3541 Υἱὸν
3161 3484 3300 3540 εἶναι
3328 3486 3427 3540 τοῦ
3452 3486 3595 3541 Θεοῦ
3616 3489 3747 3543 κατὰ

2168 3577 2426 3649 ἀλήθειαν
2476 3576 2840 3648 πιστεύομεν·
2895 3575 3016 3629 οὔτε
3058 3575 3346 3645 ψιλοῦντες
3396 3575 3658 3647 θεότητος
3696 3576 3747 3630 τὸ

2169 3667 2528 3739 ἀνθρώπινον,
2553 3665 2678 3719 οὔτε
2701 3666 2808 3737 μὴν
2837 3665 3254 3736 ἀνθρωπότητος
3274 3666 3747 3735 ἀπαμφιεννύντες

2168 3759 2258 3812 τὸν
2285 3758 2457 3827 Λόγον
2505 3757 2646 3828 μετά
2689 3757 2788 3825 τὴν
2835 3756 3115 3829 ἇφραστόν
3145 3773 3205 3808 τε
3253 3756 3352 3811 καὶ
3391 3757 3741 3828 ἀπερινόητον

2166 3850 2359 3904 ἕνωσιν
2379 3867 2393 3882 ο
2432 3849 2546 3903 ἀλλ’
2577 3850 2674 3903 ἕνα
2710 3850 2802 3903 καὶ
2846 3849 2938 3902 τὸν
2966 3848 3130 3903 αὐτὸν
3155 3848 3558 3918 ὁμολογοῦντες
3607 3848 3737 3911 Υἱὸν,

2166 3943 2231 3994 ὲκ
2254 3941 2400 3994 δυοῖν
2437 3940 2788 4011 πραγμάτοιν
2818 3941 2899 4002 είς
2928 3940 2988 3991 ἓν
3031 3957 3085 3992 τι
3113 3939 3207 3992 τὸν
3236 3939 3297 4003 ἐξ
3338 3940 3554 4010 ἀμφοῖν
3583 3941 3738 4010 ἀπορ-

2169 4031 2347 4100 ρήτως
2390 4030 2758 4100 ὲκπεφηνότα,
2805 4028 2927 4083 καθ’
2941 4018 3153 4082 ’ἕνωσιν
3193 4029 3445 4100 δηλονότι
3476 4031 3582 4102 τὴν
3613 4033 3737 4085 ἀνω·

2167 4122 2332 4184 τάτω,
2363 4121 2458 4173 καὶ
2492 4121 2551 4173 ού
2584 4119 2797 4187 φύσεως
2829 4120 3210 4191 παρατροπήν.

576 4296 737 4353 XLV.
768 4297 945 4354 Porro
976 4307 1154 4353 autem
1190 4308 1451 4367 quantum
1486 4300 1834 4355 emolumenti
1870 4301 1902 4355 ii
1938 4315 2065 4371 per-

2242 4304 2376 4357 ME'.
2417 4303 2579 4357 Ὄσον
2615 4303 2722 4374 γὰρ
2765 4303 2877 4366 τοῖς
2935 4300 3080 4355 οὕτω
3129 4299 3416 4365 δοξάζουσι
3472 4304 3738 4370 περιέσται

504 4390 711 4459 cepturi
735 4399 883 4458 sunt,
908 4390 998 4458 qui
1021 4389 1091 4443 ita
1115 4389 1376 4452 sentiunt,
1401 4389 1502 4443 hoc
1525 4390 1735 4445 divinus
1760 4390 1845 4445 ille
1869 4390 2068 4445 Christi

507 4480 798 4550 discipulus
833 4481 917 4535 his
944 4480 1124 4534 verbis
1155 4479 1397 4534 declarat
1428 4494 1442 4531 :
1481 4480 1669 4547 «Qui,
1706 4482 1905 4551 inquit,
1941 4499 2071 4539 con-

508 4575 680 4628 lessus
705 4571 886 4636 fuerit,
909 4574 1050 4641 quod
1070 4569 1228 4626 Jesus
1250 4579 1334 4625 est
1357 4569 1528 4625 Filius
1552 4569 1674 4638 Dei;
1701 4572 1753 4625 in
1780 4573 1876 4627 huc
1905 4575 2069 4642 Deus,

506 4673 558 4716 et
592 4664 704 4732 ipse
732 4662 968 4718 vicissim
998 4663 1051 4717 in
1087 4662 1194 4717 Deo
1227 4670 1406 4716 manet
1430 4662 1497 4713 °°.
1534 4680 1553 4714 ι
1590 4660 1741 4728 Quod
1772 4673 1949 4718 autem
1976 4662 2070 4719 Je-

508 4769 600 4808 sus
627 4752 1019 4822 Christus,-qui
1052 4753 1347 4809 secundum
1376 4767 1593 4807 carnem
1624 4766 1689 4808 ex
1720 4752 1887 4808 David
1916 4766 2070 4812 ortus

508 4851 610 4905 est,
634 4841 706 4895 sit
734 4854 891 4894 verus
917 4849 970 4894 et
998 4841 1258 4894 naturalis
1288 4839 1381 4896 Dei
1411 4840 1608 4906 Filius,
1638 4850 1906 4910 quatenus
1925 4840 2066 4899 Ver-

510 4936 633 4988 bum
660 4945 787 4986 caro
811 4929 1009 4985 factum
1042 4930 1305 4985 habitavit
1329 4932 1382 4985 in
1411 4932 1564 4988 nobis
1588 4950 1601 4986 :
1627 4932 1769 4987 istud
1792 4932 1900 5005 42
1931 4934 2069 4988 idem

510 5025 597 5080 ille
622 5021 857 5078 Joannes
886 5020 1146 5091 ejusmodi
1177 5021 1423 5075 oratione
1448 5023 1701 5092 explanat
1731 5041 1744 5076 :
1780 5041 1799 5075 ‹
1834 5025 2069 5091 Scimus,

509 5118 616 5182 ait,
651 5114 905 5185 quoniam
942 5110 1111 5167 Filius
1146 5109 1240 5165 Dei
1276 5113 1457 5177 venit,
1489 5121 1545 5167 et
1576 5114 1719 5168 dedit
1754 5115 1911 5185 nobis
1942 5130 2070 5172 sen-

507 5224 648 5271 sum,
674 5216 731 5260 ut
755 5220 1141 5275 cognoscamus
1164 5218 1348 5259 verum
1379 5203 1569 5268 Deum,
1593 5213 1647 5258 et
1673 5207 1842 5260 simus
1868 5207 1922 5261 in
1945 5222 2071 5262 vero

510 5297 645 5351 Filio
672 5297 788 5366 ejus
817 5295 943 5352 Jesu
973 5295 1192 5351 Christo
1223 5314 1236 5350 :
1271 5295 1356 5349 hic
1385 5303 1470 5349 est
1496 5310 1657 5350 verus
1686 5295 1847 5363 Deus,
1879 5307 1933 5351 et
1959 5299 2069 5351 vita

507 5387 795 5441 acterna“:
830 5406 848 5438 ι
879 5401 972 5454 per
995 5387 1165 5456 ipsum
1191 5395 1387 5440 etcum
1418 5385 1534 5455 ipso
1561 5386 1667 5441 Deo
1690 5384 1836 5440 Patri
1864 5387 1933 5440 sit
1957 5389 2071 5455 glo-

510 5477 608 5543 ria,
630 5492 750 5531 cum
775 5487 958 5531 sancto
980 5488 1035 5532 et
1059 5477 1329 5531 adorando
1351 5486 1403 5531 et
1428 5478 1642 5532 viviﬁco
1670 5477 1895 5546 Spiritu,
1924 5494 2070 5533 nunc

507 5578 559 5620 et
592 5583 803 5635 sempcr
831 5577 882 5621 et
920 5569 968 5621 in
1006 5568 1196 5622 szccula
1235 5569 1573 5622 saeculorum.
1607 5571 1795 5622 Amen.

571 5680 617 5715 "
654 5676 809 5733 Joan.
838 5693 874 5743 ι,
907 5678 993 5729 49.
1059 5679 1100 5708 ⁸⁷
1128 5677 1281 5732 Joan.
1325 5695 1441 5745 xm,
1467 5680 1550 5733 l5.
1629 5680 1673 5710 "
1702 5681 1819 5735 Act.
1854 5697 1935 5745 ιιι,
1966 5682 2018 5737 9.

2176 5684 2291 5738 Act.
2345 5700 2418 5753 ις,
2449 5685 2539 5741 '50.
2618 5687 2661 5717 ⁶⁰
2695 5686 2883 5742 lJoan.
2923 5702 2995 5748 Iv,
3034 5686 3118 5740 l5.

2171 4394 2230 4448 τὸ
2259 4395 2469 4465 κέρδος,
2494 4396 2745 4464 σαφηνιεῖ
2766 4393 2994 4464 γράφων
3020 4393 3049 4446 6
3075 4380 3434 4463 ’ποῦ’Χριστοῦ
3467 4392 3735 4462 μαθητής·

2178 4505 2195 4537 ι
2240 4488 2335 4549 Ὃς
2376 4485 2442 4541 ἂν
2489 4485 2817 4557 ὁμολογήσῃ,
2868 4486 2951 4538 ὅτι
2984 4483 3192 4554 Ἰησοῦς
3233 4484 3385 4538 ἐστιν
3428 4486 3461 4537 ὁ
3502 4485 3632 4549 Υἱὸς
3659 4482 3737 4537 τοῦ

2171 4576 2327 4642 Θεοῦ,
2358 4580 2386 4632 6
2414 4577 2546 4641 Θεὸς
2568 4579 2626 4630 ὲν
2647 4576 2796 4646 αὐτῷ
2827 4576 3001 4647 μένει,
3039 4576 3134 4628 καὶ
3160 4566 3318 4639 οὗτος
3345 4576 3405 4629 ὲν
3434 4575 3517 4645 τῷ
3554 4574 3691 4644 Θεῷ.
3719 4591 3734 4621 ι

2173 4670 2295 4722 Ὅτι
2342 4669 2400 4721 δὲ
2456 4667 2662 4739 Ἰησοῦς
2704 4668 2940 4740 Χριστὸς
2985 4669 3015 4721 6
3050 4670 3116 4721 ὲκ
3161 4666 3330 4721 Δαυῒδ
3357 4667 3505 4720 κατά
3552 4670 3737 4735 σάρκα.

2172 4758 2311 4812 κατά
2339 4757 2497 4826 φύσιν
2536 4757 2629 4811 καὶ
2673 4757 2891 4829 ἀληθῶς
2935 4760 3084 4813 ἐστιν
3124 4759 3252 4823 Υἱὸς
3278 4757 3376 4811 τοῦ
3404 4757 3573 4825 Θεοῦ,
3619 4756 3739 4812 καθὸ

2172 4849 2360 4918 γέγονε
2391 4846 2528 4917 σὰρξ
2554 4849 2582 4901 6
2618 4848 2811 4917 Λόγος,
2846 4849 2942 4903 καὶ
2972 4851 3281 4921 ἐσκήνωσεν
3305 4851 3368 4901 ὲν
3387 4850 3547 4919 ἡμῖν,
3584 4864 3741 4903 auta-

2173 4939 2430 5009 σφραγιεῖ
2469 4937 2644 5007 λέγων
2687 4939 2717 4991 6
2764 4939 2925 5009 σοφὸς
2982 4940 3234 5010 Ἰωάννης
3257 4956 3271 4969 ·
3308 4958 3328 4990 ι
3372 4940 3486 4992 Καὶ
3530 4939 3741 5008 οἴδαμεν

2170 5029 2251 5083 ὅτι
2280 5029 2408 5094 Υἱὸς
2442 5029 2536 5083 τοῦ
2568 5029 2702 5083 Θεοῦ
2747 5031 2895 5102 ἥκει,
2947 5032 3042 5085 καὶ
3091 5030 3290 5084 ἔδωκεν
3326 5032 3463 5100 ἡμῖν
3492 5030 3741 5087 διάνοιαν.

2174 5121 2259 5174 ἵνα
2288 5120 2641 5194 γινώσκωμεν
2668 5123 2759 5177 τὸν
2789 5123 3041 5194 ἀληθινὸν
3068 5122 3221 5177 Θεόν.
3252 5122 3362 5176 Καὶ
3390 5122 3558 5190 ἐσμὲν
3588 5123 3650 5173 ἐν
3677 5119 3745 5186 τῷ

2171 5209 2428 5280 ἀληθινῷ,
2478 5213 2537 5266 ἐν
2579 5210 2658 5281 τῷ
2711 5211 2810 5282 υίῷ
2857 5210 3023 5265 αὑτοῦ
3068 5209 3245 5282 Ἰησοῦ
3291 5208 3535 5279 Χριστῷ.
3584 5198 3745 5261 Οὗτός

2171 5302 2318 5353 ἐστιν
2339 5303 2368 5353 6
2384 5302 2633 5372 ἀληθινὸς
2655 5302 2808 5366 Θεὸς,
2831 5302 2926 5356 καὶ
2946 5301 3060 5373 ζωὴ
3097 5302 3315 5363 αἰώνιος
3332 5315 3348 5330 ·
3375 5298 3472 5353 καὶ
3491 5296 3562 5350 δι’
3582 5291 3745 5348 αὐτοῦ

2170 5406 2229 5441 τε
2261 5391 2354 5443 καὶ
2385 5391 2481 5442 σὺν
2511 5392 2659 5461 αύτῷ
2688 5392 2767 5462 τῷ
2798 5393 2974 5462 Πατρὶ
3010 5394 3104 5445 καὶ
3131 5392 3251 5463 Θεῷ
3276 5392 3308 5461 ἠ
3350 5390 3500 5454 δόξα,
3534 5389 3635 5441 σὺν
3674 5386 3747 5452 πῖ)

2172 5481 2332 5553 ἁγίῳ,
2363 5484 2458 5535 καὶ
2490 5483 2871 5554 προσκυνητῷ,
2917 5483 3011 5535 καὶ
3040 5482 3292 5551 ζωοποιῷ
3324 5481 3627 5550 Πνεύματι,
3659 5475 3745 5529 νῦν

2174 5575 2267 5626 καὶ
2291 5574 2395 5639 ἀεὶ,
2428 5575 2520 5628 καὶ
2553 5576 2631 5637 εἰς
2661 5574 2786 5637 τοὺς
2815 5574 3015 5637 αἰῶνας
3042 5574 3151 5626 τῶν
3180 5571 3414 5625 αἰώνων.
3460 5570 3662 5639 Ἀμήν.

3219 5686 3260 5716 ⁸¹
3300 5684 3500 5740 lJoan.
3537 5697 3624 5747 ιιι,
3657 5681 3741 5734 ἐξ).
