3970 6136
290 262 418 318 ιεοι

1394 260 1484 321 DE
1520 256 1746 317 RECTA
1789 255 1944 312 FIDE
1982 256 2073 317 AD
2116 256 2433 313 REGINAS.

3388 245 3527 303 1202

1527 559 2293 681 ΚΥΡΙΛΔΟΥ

1327 779 1889 839 ΑΡΧΙΕΠΙΣΚΟΠΟΥ
1940 777 2456 833 ΑΛΕΞΑΝΔΡΕΙΑΣ

1428 965 2366 1091 ΠΡΟΣΦΩΝΗΤΙΚΟΣ

1116 1142 1313 1197 ΤΑΙΣ
1367 1142 2073 1196 ΕΥΣΕΒΕΣΤΑΤΑΙΣ
2126 1144 2684 1196 ΒΑΣιΛιΣΣΑιΣ.
2787 1112 2792 1120 ’

1885 1331 1955 1339 ...-

1631 1478 2208 1593 CYRILLI
2296 1582 2302 1593 η

1388 1692 1904 1750 ARCHIEPISCOPI
1942 1694 2407 1755 ALEXANDRINI

1714 1868 2060 1960 LIBER

1275 2056 1777 2137 Religiosissimis
1818 2059 2075 2137 Reginis
2119 2064 2553 2138 nuncupatus.

362 2396 439 2448 A'.
482 2392 870 2465 Σεμνολόγημα
915 2393 1014 2465 μὲν
1050 2393 1445 2463 οἱκουμενικδν,
1495 2392 1757 2464 καύχημα
1799 2394 1854 2446 δὲ

2032 2393 2071 2447 Ι.
2106 2394 2246 2448 Sane
2270 2408 2362 2448 vos
2387 2407 2573 2449 sacras
2596 2390 3036 2463 castissimasque
3057 2391 3256 2449 Christi
3281 2394 3519 2451 omnium

287 2485 398 2540 τῶν
428 2486 598 2554 ἁγίων
641 2484 972 2555 Ἐκκλησιῶν
1007 2484 1106 2538 τοῦ
1153 2484 1371 2538 πάντων
1421 2484 1670 2554 Σωτῆρος
1696 2485 1854 2555 ἡμῶν

303 2577 477 2647 Ἰησοῦ
503 2574 737 2648 Χριστοῦ
766 2577 897 2648 φαίη
926 2594 1005 2639 τις
1029 2576 1116 2638 ἂν,
1150 2576 1244 2629 καὶ
1278 2575 1422 2646 μάλα
1445 2575 1687 2639 είκότως,
1711 2575 1855 2644 ὑμᾶς

287 2667 354 2738 δὴ
379 2669 477 2731 τὰς
509 2667 658 2739 ίεράς
691 2668 786 2721 καὶ
826 2668 1133 2735 πανάγνους
1178 2666 1341 2718 αὑτοῦ
1368 2665 1603 2734 νύμφας,
1637 2664 1857 2717 εὐσεϐέ-

290 2775 485 2812 σταται
525 2760 619 2812 καὶ
648 2758 1057 2827 θεοφιλέσταται
1091 2756 1376 2825 βασιλίδες,
1409 2750 1496 2818 αἷς
1523 2755 1582 2808 τὸ
1613 2754 1855 2825 παμποί-

287 2848 439 2902 κιλον
469 2851 569 2920 τῆς
592 2850 790 2920 ἀρετῆς
816 2848 1256 2919 ἐναπαστράπτει
1287 2848 1499 2912 κάλλος,
1530 2847 1590 2898 τὸ
1616 2849 1728 2909 τοῖς
1756 2845 1855 2914 τῆς

286 2937 540 3009 θεότητος
577 2940 875 3010 ὀφθαλμοῖς
903 2939 998 3010 ἡδύ
1031 2956 1090 2991 τε
1143 2939 1235 2992 καὶ
1262 2936 1685 3008 γνωριμώτατον
1706 2954 1719 2966 '
1757 2953 1856 3008 με·-

283 3029 417 3099 λὲτῃ
444 3031 500 3082 δὲ
525 3031 619 3083 καὶ
659 3030 861 3101 σπουδῇ
898 3030 1096 3098 μᾶλλον
1125 3029 1181 3082 δὲ
1214 3030 1313 3099 ἤδη
1347 3028 1726 3098 κατώρθωται,
1765 3028 1857 3081 καὶ⁵

280 3119 352 3189 δὴ
399 3120 457 3173 ὲν
510 3120 693 3174 πίστει
730 3120 1018 3191 διαπρέπει
1067 3120 1221 3191 ὀρθῇ,
1275 3120 1395 3173 κατ’
1425 3119 1611 3172 οὐδένα
1659 3121 1857 3191 τρόπον

286 3212 680 3284 σεσαλευμένῃ.
727 3213 959 3283 Γράφων
1001 3212 1057 3266 δέ
1109 3211 1209 3266 πού
1261 3230 1425 3282 φησιν
1471 3213 1509 3263 ό
1552 3211 1857 3281 σοφώτατος

287 3302 497 3366 Παῦλος
525 3303 840 3374 ὀνομασθείς
871 3302 1108 3373 ἀληθῶς,
1137 3304 1230 3355 καὶ
1268 3303 1327 3355 τὸ
1355 3301 1448 3355 τοῦ
1481 3300 1715 3370 Χριστοῦ
1745 3304 1858 3364 τοῖς

288 3392 495 3446 ἔθνεσιν
548 3395 906 3463 ἱερουργήσας
957 3393 1284 3462 μυστήριον⁸
1339 3411 1356 3443 ι
1409 3393 1593 3457 Ὥστε,
1642 3391 1858 3459 ἀδελφοί

295 3500 394 3554 μου
425 3485 719 3551 ἀγαπητοὶ,
772 3484 975 3553 ἑδραῖοι
1018 3482 1250 3550 γίνεσθε,
1310 3483 1717 3553 ἀμετακίνητοι,
1760 3500 1859 3536 πε-

298 3571 634 3639 ρισσεύοντες
664 3573 722 3624 ὲν
748 3571 825 3641 τῷ
848 3571 992 3641 ἔργῳ
1012 3570 1105 3622 τοῦ
1129 3571 1330 3641 Κυρίου
1352 3572 1601 3625 πάντοτε.
1634 3591 1654 3624 ›
1684 3573 1857 3627 Ὅπου

295 3661 403 3730 γὰρ
432 3663 611 3724 πίστις
635 3661 769 3732 ὀρθὴ
789 3664 882 3715 καὶ
902 3662 1202 3732 ἀμώμητος
1221 3664 1333 3724 τοῖς
1358 3661 1418 3726 ἐξ
1439 3661 1614 3732 ἔργων
1642 3662 1860 3731 ἀγαθῶν

300 3754 643 3823 καυχήμασιν
672 3748 733 3806 εὖ
768 3753 911 3823 μάλα
942 3752 1298 3823 συμφέρεται,
1329 3754 1424 3806 καὶ
1448 3754 1725 3825 ἰσόδρομον
1748 3755 1860 3826 ἔχει
1890 3732 1935 3786 Β

297 3842 394 3913 τὴν
420 3860 482 3895 συ
491 3843 708 3915 μ6ολὴν,
741 3846 857 3898 ἐκεῖ
879 3862 981 3899 που
1005 3846 1220 3909 πάντως
1244 3846 1327 3917 είη
1348 3845 1414 3899 ἂν
1443 3847 1500 3899 ὲν
1525 3846 1688 3900 παντὶ
1711 3846 1863 3917 καλῷ

295 3935 588 4004 τελειότης,
619 3936 716 3989 καὶ
757 3936 818 3989 τὸ
863 3938 1064 4007 ἀρτίως
1091 3936 1213 4008 ἔχον
1239 3938 1316 4001 εἰς
1359 3937 1650 4008 ἁγιασμόν.
1692 3939 1863 4007 Λόγος

303 4025 399 4094 μὲν
446 4022 537 4079 οὖν
576 4026 722 4090 ἆπας
758 4029 786 4079 ὁ
813 4028 870 4080 ἐν
896 4029 1046 4098 ἡμῖν,
1076 4028 1177 4097 τῆς
1204 4028 1428 4098 ἐνούσης
1459 4030 1588 4097 ὑμῖν
1617 4028 1862 4092 εὐκλείας

302 4115 528 4167 κατόπιν
557 4114 793 4185 ἔρχεται,
824 4116 917 4168 καὶ
941 4114 1191 4183 ὁμολογεῖ
1207 4115 1304 4185 τὴν
1322 4111 1511 4187 ἧτταν,
1536 4116 1862 4188 ἐρυθριάσας

299 4205 483 4257 οὐδέν·
528 4208 612 4274 εἴη
663 4206 708 4258 δ’
755 4206 821 4258 ἂν
864 4206 958 4259 καὶ
1004 4204 1336 4278 συγγνώμης
1386 4206 1553 4273 ἄξιος,
1597 4208 1646 4259 εί
1694 4207 1862 4262 δέδιεν

299 4296 554 4360 ἐπαινεῖν,
581 4289 655 4351 ὧν
684 4297 783 4350 οὐκ
823 4296 888 4351 ἂν
920 4296 1160 4367 ἐφίκοιτο
1193 4298 1296 4368 τῆς
1322 4299 1494 4363 ἀξίας.
1526 4300 1588 4352 Εί
1621 4300 1724 4369 μὲν
1751 4298 1862 4371 γὰρ

301 4386 412 4458 ἔχει
449 4390 508 4441 τὸ
554 4390 810 4443 δύνασθαι
857 4389 1155 4460 κατορθοῦν
1188 4390 1250 4443 τὸ
1279 4391 1633 4460 ποθούμενον,
1682 4391 1863 4445 διαὸεο

300 4478 553 4547 ϐλήσεται
584 4479 702 4549 μὲν,
733 4481 866 4534 πολὺ
895 4482 1128 4552 νοσήσας
1150 4482 1212 4534 τὸ
1238 4481 1480 4552 ἀδρανὲς.
1506 4482 1617 4535 Καὶ
1644 4481 1740 4553 τὴν
1782 4484 1863 4546 είς

298 4567 456 4620 τοῦτο
483 4569 738 4639 μέλλησιν
767 4570 1149 4625 ἀπαλλαττέτω
1191 4572 1378 4641 μηδεὶς
1422 4571 1530 4625 τῶν
1571 4575 1653 4634 είς
1699 4571 1863 4643 ρᾳθυ-

302 4658 434 4726 μίαν
466 4659 834 4727 αίτιαμάτωψ
876 4661 968 4724 οὒς
1005 4661 1115 4732 γὰρ
1141 4656 1210 4731 ἦν
1257 4662 1400 4725 είκὸς
1443 4661 1863 4716 κατακαλλύνειν

295 4748 555 4803 δύνασθαι
584 4753 705 4814 ταῖς
728 4754 806 4814 εἰς
825 4752 1024 4823 ἀρετὴν
1045 4753 1362 4823 εὐφημίαις,
1383 4753 1499 4806 ἀνθ’
1531 4754 1650 4806 ὅτου
1682 4752 1860 4818 λυπεῖ,

299 4841 507 4910 σιωπᾷν
545 4841 838 4911 ᾑρημένοςς
886 4844 949 4895 Ei
984 4842 1040 4895 δὲ
1069 4844 1265 4908 ἀτονεῖ,
1296 4845 1388 4897 καὶ
1423 4843 1580 4907 δέδιε,
1611 4845 1704 4897 καὶ
1738 4846 1864 4915 ὁμο-

296 4930 445 4997 λογεί
470 4932 567 5000 τὴν
596 4927 784 5002 ἧτταν,
810 4934 908 4986 οὐκ
933 4934 1082 5004 αὐτῷ
1100 4934 1164 5005 δὴ
1195 4935 1391 5005 μᾶλλον
1414 4934 1511 4998 τὰς
1532 4936 1708 5000 αίτίας
1736 4938 1864 4990 ἀνα-

1957 2494 2195 2539 nostrum
2229 2482 2524 2539 Salvatoris
2555 2498 2782 2554 sponsas
2812 2483 3284 2557 (religiosissima),
3318 2500 3381 2541 ac
3412 2487 3522 2541 Deo

1957 2576 2315 2630 dilectissinm
2344 2574 2737 2646 imperatrices)
2763 2576 2911 2632 orbis
2939 2586 3204 2632 terrarum
3233 2591 3522 2631 ornamen—

1959 2678 2068 2719 tum
2087 2706 2101 2731 ,
2130 2666 2703 2735 sanctissimarumque
2734 2666 3095 2721 Ecclesiarum
3127 2667 3291 2721 decus
3320 2667 3523 2736 optimo

1951 2757 2071 2825 jure
2101 2757 2364 2825 quispiam
2400 2756 2680 2826 appellarit
2714 2773 2727 2811 :
2758 2757 2812 2810 in
2846 2757 3042 2826 quibus
3075 2756 3328 2810 nimirum
3362 2771 3523 2811 omne

1957 2848 2214 2901 virtutum
2240 2862 2429 2916 genus,
2455 2848 2739 2915 omnisque
2761 2856 2983 2903 ornatus
3008 2846 3200 2901 divinas
3224 2847 3524 2917 maiestatis

1956 2939 2127 2993 oculis
2163 2947 2348 3008 gratus
2383 2949 2742 3009 acceptusque
2779 2939 3003 2995 mirifice
3039 2939 3305 3009 splendet.
3341 2938 3524 3008 Neque

1960 3027 2043 3082 his
2076 3028 2266 3095 opibus
2298 3037 2586 3095 contentae,
2620 3043 2834 3083 omnem
2869 3045 3083 3099 quoque
3116 3045 3300 3084 curam
3334 3045 3524 3085 omne-

1958 3130 2061 3184 que
2103 3117 2336 3171 studium
2380 3117 2671 3182 adhibetis,
2715 3133 2823 3188 quo
2874 3118 2977 3173 fide
3021 3127 3169 3173 recta
3216 3119 3525 3187 nullamque

1958 3207 2012 3260 in
2046 3217 2251 3275 partem
2281 3208 2571 3262 vacillante
2603 3209 2914 3276 excellatis;
2949 3224 3216 3264 memores
3249 3210 3393 3265 haud
3427 3211 3524 3265 du-

1958 3296 2045 3351 bie
2074 3296 2239 3364 illius,
2268 3298 2411 3366 quod
2444 3297 2875 3366 sapientissimus
2906 3300 3285 3369 mysteriorum
3318 3298 3520 3355 Christi

1945 3391 2315 3460 dispensator,
2332 3380 2677 3462 gentiumque
2692 3391 2899 3448 doctor.
2917 3392 3115 3447 Paulus
3134 3392 3353 3448 scribit:
3381 3410 3401 3443 ι
3423 3393 3525 3448 Ita-

1959 3497 2082 3551 que,
2108 3481 2302 3538 fratres
2333 3483 2436 3537 mei
2464 3483 2664 3550 dilecti,
2688 3484 2783 3548 ait,
2807 3483 3026 3539 stabiles
3054 3492 3227 3539 estote
3250 3492 3305 3538 et
3332 3485 3525 3538 immo-

1958 3573 2117 3639 biles,
2135 3573 2466 3628 abundantes
2490 3574 2542 3627 in
2565 3587 2724 3641 Opere
2748 3574 2953 3627 Domini
2976 3575 3267 3643 semper“.
3284 3592 3305 3628 ι
3339 3573 3525 3640 Quan-

1962 3666 2251 3735 doquidem
2277 3665 2366 3719 ubi
2396 3665 2526 3720 fides
2552 3673 2698 3718 recta
2728 3674 2780 3718 et
2816 3665 3080 3734 inculpata
3112 3680 3231 3720 cum
3261 3667 3522 3720 bonarum

1963 3755 2235 3809 actionum
2278 3754 2562 3809 honestate
2597 3753 2961 3823 coniungitur,
3000 3754 3358 3824 aequabilique
3402 3757 3522 3811 nisu

1961 3854 2017 3901 et
2045 3861 2205 3901 cursu
2234 3860 2357 3900 cum
2390 3845 2493 3900 illis
2523 3846 2842 3914 cupulatur;
2877 3845 2947 3899 ibi
2977 3846 3152 3931 omnis
3183 3846 3310 3900 boni
3341 3847 3523 3913 perfe—

1962 3938 2070 3992 ctio
2101 3936 2651 4006 sanctificationisque
2684 3935 2966 4005 integritas
2998 3936 3346 4005 comperitur.
3375 3937 3523 4003 Qua-

1962 4040 2183 4100 propter
2200 4042 2296 4084 nos
2318 4029 2500 4099 gloriae
2521 4038 2574 4084 et
2594 4028 2891 4083 celebritati
2909 4037 3099 4084 vestrae
3122 4042 3303 4097 parem
3324 4033 3524 4084 oratio-

1963 4123 2049 4175 nis
2077 4120 2394 4192 dignitatem
2427 4118 2619 4175 afferre
2651 4134 2757 4174 non
2791 4134 2978 4190 posse,
3013 4122 3236 4191 ingenue
3268 4123 3519 4188 fatemur,

1963 4225 2063 4266 nec
2096 4210 2468 4267 erubescimus
2499 4229 2514 4265 :
2545 4212 2687 4267 unde
2716 4221 2770 4267 et
2798 4213 2949 4267 venia
2979 4228 3194 4282 quoque
3225 4214 3370 4284 digni
3404 4232 3520 4271 me-

1962 4300 2068 4356 rito
2110 4301 2470 4365 censebimur,
2517 4302 2564 4356 si
2608 4316 2671 4357 ea
2716 4302 2937 4357 laudare
2978 4318 3246 4369 veremur,
3293 4319 3521 4373 quorum

1962 4389 2338 4444 excellentiam
2381 4404 2479 4445 nos
2517 4391 2731 4459 assequi
2772 4405 2931 4460 posse
2970 4406 3073 4447 non
3114 4402 3363 4462 putamus
3403 4412 3418 4449 :
3460 4409 3525 4449 ac

1963 4480 2228 4548 siquidem
2256 4480 2332 4546 id,
2358 4480 2498 4550 quod
2526 4490 2780 4551 praestare
2806 4480 3195 4548 desideramus,
3222 4497 3341 4536 cum
3369 4483 3525 4539 laude

1962 4571 2251 4639 praestandi
2287 4569 2599 4625 facultatem
2635 4570 2976 4635 haberemus,
3002 4571 3125 4641 jure
3157 4571 3397 4639 profecto
3429 4587 3522 4627 ac-

1964 4676 2298 4729 cusaremur,
2327 4663 2371 4716 si
2401 4663 2471 4716 de
2498 4661 2811 4715 infirmitate
2839 4669 3024 4715 nostra
3051 4661 3212 4715 anxie
3239 4662 3400 4718 nimis
3429 4678 3522 4717 co-

1964 4754 2217 4824 gitantes,
2245 4753 2591 4808 cunctantius
2620 4766 2900 4821 ageremus
2924 4769 2938 4805 :
2967 4767 3139 4822 neque
3166 4753 3392 4824 ignavia:
3419 4755 3523 4808 crio

1965 4860 2085 4899 men
2118 4844 2303 4898 liceret
2331 4842 2585 4913 effugere,
2616 4851 2798 4912 utpote
2826 4842 2915 4912 qui
2948 4843 3162 4899 silentio
3194 4853 3425 4913 utentes,
3458 4846 3522 4899 iis

1965 4950 2100 5004 quos
2139 4935 2207 4989 ob
2240 4934 2493 4989 virtutem
2537 4933 2746 4988 meritis
2789 4932 3001 4988 laudum
3043 4935 3327 5003 prmeoniis
3367 4949 3524 4988 exor-

296 5020 556 5090 θήσομεν,
590 5023 707 5075 ἀλλ’
740 5025 868 5093 ὑμῖν
916 5028 1036 5087 ταῖς
1069 5023 1212 5079 οὓτω
1255 5026 1623 5095 περιφανέσιν,
1661 5027 1716 5079 αἳ
1746 5030 1861 5091 ταῖς

1967 5039 2099 5079 nare
2141 5025 2518 5090 debueramus,
2559 5023 2858 5078 molestiam
2901 5025 3101 5093 potius,
3147 5024 3526 5091 tristitiamque

292 5113 401 5165 τῶν
464 5113 608 5167 ἰδίων
668 5117 1171 5187 ἀνδραγαθημάτων
1226 5118 1518 5188 ὑπεροχαῖς
1581 5120 1674 5171 καὶ
1733 5122 1859 5184 τοὺς

1966 5128 2299 5186 parercmus.
2329 5113 2435 5186 43
2465 5114 2727 5169 Caeterum
2759 5114 2974 5183 quando
2999 5110 3106 5180 jam
3137 5121 3295 5165 antea
3326 5110 3391 5187 de
3425 5111 3526 5163 im-

293 5205 540 5267 ἅπαντας
572 5211 794 5276 κοσμεῖν
832 5208 1088 5272 εἰωθότας
1132 5209 1320 5273 λόγους
1365 5210 1513 5269 οὐδὲν
1544 5210 1703 5274 ὄντας
1751 5213 1854 5264 ὰπ-

291 5296 549 5364 εφήνατε.
583 5295 732 5367 Αἷμα
761 5300 858 5369 μὲν
888 5299 997 5368 γὰρ
1027 5301 1153 5369 ὑμῖν
1197 5301 1400 5354 ἄνωθεν
1431 5302 1522 5353 καὶ
1551 5303 1614 5354 ὲκ
1640 5302 1862 5371 μακρῶν

289 5385 417 5452 ἥκει
468 5386 674 5455 χρόνων
722 5388 784 5441 τὸ
834 5388 1137 5458 βασιλικόνυ
1185 5390 1498 5459 παρατείνει
1544 5391 1601 5444 δὲ
1648 5392 1742 5443 κοιλ⁹
1785 5394 1862 5454 εἰς

290 5476 473 5546 δεῦρο,
509 5477 601 5530 καὶ
633 5478 732 5545 ἔτι,
782 5481 925 5535 καθά
971 5482 1426 5551 πεπιστεύκαμεν.
1469 5482 1604 5534 Ἀλλ’
1645 5483 1751 5536 ἰδοὺ
1800 5483 1861 5551 δὴ

401 5635 443 5663 ὑπ
477 5631 641 5688 lCor.
677 5650 764 5701 xv,
804 5635 888 5689 58.

1968 5205 2259 5262 becillitale
2300 5216 2480 5261 nostra
2522 5208 2573 5259 in
2617 5205 2862 5270 dicendo,
2910 5206 3208 5273 timoreque
3246 5205 3525 5272 conquesti

1969 5294 2310 5363 confessique
2340 5311 2547 5362 sumus,
2579 5311 2784 5366 uosque
2811 5297 2960 5351 oneri
2994 5304 3141 5348 tanto
3170 5296 3405 5364 impares
3436 5296 3526 5349 de-

1969 5386 2323 5453 claravimus;
2360 5402 2456 5441 vos
2492 5388 2663 5455 magis
2699 5386 2895 5441 silentii
2930 5386 3087 5456 hujus
3121 5384 3332 5454 culpam
3366 5384 3521 5438 sustio

1971 5479 2186 5544 nebitis,
2211 5494 2328 5547 qua:
2351 5479 2585 5535 illustres
2607 5477 2763 5547 adeo,
2790 5479 3028 5547 adeoque
3053 5477 3354 5547 conspicuae
3377 5475 3524 5542 estis,
