3970 6136
573 254 711 309 1203
1553 262 1609 318 S.
1650 262 1923 319 CYRILLI
1963 264 2133 321 ALEX

2242 261 2431 319 Dle
2468 257 2789 319 AlClﬂEP.
3642 267 3740 323 1201

573 380 636 425 ut
669 379 857 426 vestrae
887 372 1115 428 virtutes
1149 389 1212 429 ac
1247 384 1389 432 recte
1422 375 1559 432 facta
1592 379 1832 435 omnium
1867 390 2133 436 oratorum

2247 381 2341 434 καὶ
2370 380 2515 451 μάλα
2545 378 2750 448 σαφῶς,
2783 377 2879 432 καὶ
2918 377 3014 448 τῆς
3042 379 3101 430 ἐν
3143 379 3366 448 Χριστῳ
3394 380 3636 447 βασιλείας
3656 382 3738 433 ἐπι-
3825 432 3828 437 ,

574 464 935 530 eloquentiam
969 463 1125 532 longe
1149 465 1387 520 vincant.
1418 467 1550 523 Nam
1580 478 1634 525 et
1666 471 1868 539 regium
1897 482 2132 527 vestrum

2242 470 2618 542 δραττόμεναι,
2648 469 2714 523 τὰ
2744 468 2891 539 αὑτῷ
2923 468 3183 523 δοκοῦντα
3213 474 3427 540 φρονεῖν
3455 486 3509 523 τε
3538 470 3617 523 καὶ
3644 473 3737 541 δρᾷν

574 568 742 622 genus
776 554 887 623 jam
929 553 1052 609 inde
1088 554 1156 609 ab
1198 556 1420 611 exordio
1458 558 1616 628 longa
1655 568 1956 628 temporum
1995 561 2133 617 serie

2243 560 2569 625 σπουδάζετε
2589 577 2603 591 ·
2630 560 2788 613 τοῦτο
2818 560 2938 629 μὲν,
2964 558 3038 623 ὡς
3070 561 3230 629 ἔφην,
3258 559 3433 630 ἔργοις
3455 577 3505 613 τε
3530 563 3609 614 καὶ
3628 563 3737 631 ἁμω-

574 634 854 713 hucusque
882 654 965 699 est
997 654 1370 716 prOpagatum,
1401 655 1455 700 et
1484 647 1729 716 ulterius,
1759 659 1817 704 ut
1838 649 2134 717 credimus,

572 734 629 789 in
667 745 937 804 posterum
976 736 1151 791 adhuc
1190 737 1573 807 propagabitur
1607 754 1622 793 :
1659 754 1760 796 nec
1794 756 1899 796 non
1935 741 2134 797 Christi

2246 652 2400 722 μήτῳ
2449 651 2846 722 διαπρέπουσαι
2890 650 3089 713 πίστει,
3135 651 3231 726 παὶ
3275 651 3372 714 τὰς
3416 651 3556 720 ὑμῶν
3596 668 3641 704 τε
3674 653 3737 705 καὶ

2244 742 2545 813 βασιλείους
2574 741 2740 805 αὐλὰς
2763 743 2829 812 τῇ
2868 741 2969 810 τῆς
2996 740 3292 811 παρθενίας
3321 739 3735 810 καταλαμπρὺνον-

576 841 802 895 regnum
832 842 1137 895 capessere,
1163 836 1217 882 et
1244 841 1331 892 ea,
1358 844 1476 897 quze
1504 829 1577 883 illi
1605 839 1756 901 grata
1785 840 1930 897 sunt,
1959 830 2133 886 facere

2245 850 2333 887 σαι
2385 832 2544 906 δόξῃ·
2611 831 2768 885 τοῦτο
2830 832 2909 896 δὲ,
2976 832 3458 893 πολυτελεστάτους
3507 831 3734 885 ἀνιστῶσαι

569 925 626 969 et
659 917 858 972 sentire
889 918 1143 984 studetis;
1177 920 1376 987 partim
1414 921 1627 989 quidem
1661 923 1932 990 praeclaris
1964 924 2133 977 actiu-

569 1006 731 1062 nibus
773 1007 1151 1078 inculpataque
1199 1011 1323 1076 ﬁde,
1357 1022 1416 1066 ut
1450 1011 1609 1082 paulo
1641 1023 1767 1066 ante
1799 1012 2129 1079 dicebamus,

2242 926 2400 988 ναοὺς
2437 916 2523 992 et];
2550 923 2788 994 Χριστῷ.
2830 923 3170 993 Κεχάρισται
3200 922 3307 993 γὰρ
3340 924 3462 992 παρ’
3490 921 3630 974 αὐτοῦ
3652 925 3735 986 ταῖς

2239 1014 2420 1081 ἁγίαις
2446 1013 2596 1084 ὑμῶν
2625 1014 2823 1082 ψυχαῖς
2854 1013 2990 1083 μετὰ
3016 1011 3125 1064 τῶν
3154 1011 3329 1066 ἄλλων
3355 1012 3445 1064 καὶ
3469 1011 3618 1064 τοῦτο.

568 1108 883 1166 praestantes
914 1116 928 1165 ;
959 1102 1151 1171 partim
1183 1111 1391 1159 vestras
1421 1104 1703 1173 regiasque
1741 1103 1890 1158 aulas
1933 1104 2257 1173 virginitatis
2300 1105 2467 1172 gloria
2496 1107 2950 1170 coudecorantes;
3001 1105 3196 1172 partim
3248 1103 3470 1171 denique
3516 1113 3729 1172 sumptuo-

568 1194 781 1250 sissima
819 1196 1012 1266 templa
1047 1196 1264 1252 Christo
1297 1199 1614 1254 excitantes.
1640 1197 1771 1252 Nam
1806 1208 1860 1254 et
1894 1197 1995 1254 hoc
2033 1213 2244 1268 quoque
2270 1199 2483 1269 pietatis
2515 1198 2746 1253 studium
2799 1198 2937 1251 inter
2979 1207 3177 1251 caetera
3226 1196 3312 1250 ille
3361 1197 3547 1251 sanctis
3589 1196 3728 1251 vestris

567 1285 763 1342 animis
792 1287 1092 1356 impertitus
1122 1295 1225 1344 est.

642 1377 705 1432 ll.
748 1379 940 1446 Igitur,
985 1389 1042 1434 ut
1086 1396 1154 1436 ex
1196 1382 1364 1437 sacris
1409 1382 1629 1438 Litteris
1672 1381 1874 1450 aliquid
1918 1397 2133 1454 quoque

2308 1385 2381 1438 B'.
2423 1382 2631 1437 Οὐκοῦν
2682 1382 2814 1455 (ἐρῶ
2841 1382 2948 1452 γάρ
2979 1398 3033 1434 τι
3062 1380 3245 1434 λαϐὼν
3273 1380 3363 1433 καὶ
3391 1382 3450 1433 ἐκ
3490 1379 3581 1433 τῶν
3613 1380 3724 1448 ιερῶν

527 1488 541 1499 ε
567 1470 883 1539 «lt-promam
919 1489 935 1526 :
969 1490 988 1523 ι
1027 1470 1268 1528 Gaudete
1286 1473 1340 1528 in
1376 1472 1603 1529 Domino
1639 1488 1852 1544 semper
1885 1491 1899 1528 :
1936 1476 2132 1529 iterum

2242 1475 2617 1547 Γραμμάτων)
2663 1495 2680 1526 ι
2720 1475 2950 1546 Χαίρετε
2998 1475 3058 1528 ἐν
3109 1472 3299 1544 Κυρίῳ
3332 1473 3568 1528 πάντοτε·
3614 1473 3723 1525 πάλιν

567 1561 708 1628 dico,
727 1550 976 1631 gaudete,
1007 1564 1268 1621 modestia
1292 1574 1474 1620 vestra
1505 1576 1627 1620 nota
1658 1567 1727 1620 sit
1755 1565 2006 1621 omnibus
2036 1568 2133 1622 ho-

2242 1566 2368 1636 ἐρῶ,
2417 1565 2656 1636 χαίρετε.
2701 1565 2774 1617 Τὸ
2818 1563 3060 1626 ἐπιεικὲς
3108 1563 3263 1634 ὑμῶν
3308 1563 3573 1632 γνωσθήτω
3608 1563 3721 1614 πᾶσιν

565 1654 803 1708 minibus
825 1655 891 1708 ⁸⁸.
934 1673 954 1706 ι
993 1654 1103 1710 hno
1136 1671 1265 1710 vero
1299 1655 1615 1726 jamdudum
1648 1656 1737 1711 illa
1772 1657 1911 1726 apud
1946 1672 2133 1711 omnes

2242 1654 2562 1728 ἀνθρώποις.
2613 1675 2632 1707 ι
2685 1653 2958 1723 Ἐγνὼσθη
3012 1654 3112 1724 μὲν
3147 1648 3265 1715 οῦν,
3302 1654 3391 1706 καὶ
3432 1651 3718 1720 διαϐεϐόηται,

566 1743 845 1798 civitatum
887 1754 942 1798 et
981 1746 1261 1814 regionum
1298 1747 1539 1800 omnium
1580 1746 1825 1801 homines
1862 1746 2127 1817 divulgata

568 1836 908 1901 percrebuit;
941 1850 1115 1907 neque
1142 1851 1299 1892 secus
1329 1836 1444 1892 fere
1475 1846 1637 1905 atque
1666 1837 1856 1892 tabella
1886 1840 2127 1907 qumdam

568 1923 835 1992 depictam
871 1924 923 1979 in
955 1940 1014 1981 se
1045 1927 1264 1996 pietatis
1292 1928 1345 1982 in
1375 1926 1647 1983 Christum
1675 1938 2010 1983 venustatem
2041 1944 2130 1998 ge-

566 2028 725 2081 rens,
762 2015 973 2084 lateque
1018 2017 1394 2087 reSplendens,
1432 2019 1673 2072 omnium
1719 2019 2127 2073 admirationem

568 2108 846 2167 excitavit.
880 2107 1051 2162 Batus
1082 2123 1200 2164 sum
1237 2119 1414 2164 autem
1448 2110 1762 2166 nonnullum
1795 2125 1973 2180 Opera:
2002 2125 2127 2179 pre-

569 2197 702 2253 tium
754 2214 839 2254 me
888 2198 1187 2265 laetorum,
1230 2202 1276 2253 si
1320 2198 1472 2254 vobis
1515 2213 1640 2254 vere
1686 2200 1890 2255 sanctis
1929 2199 2129 2255 Christi

566 2290 778 2360 sponsis
810 2290 1138 2358 (quanquam
1172 2289 1236 2341 ad
1268 2289 1495 2357 quodvis
1523 2304 1659 2359 opus
1689 2288 1890 2344 bonum
1922 2290 2132 2345 abunde

564 2381 844 2436 instructae
870 2380 1182 2452 videamini)
1213 2380 1447 2435 libellum
1476 2380 1652 2448 hunc,
1683 2396 1790 2437 non
1821 2381 1893 2436 ita
1926 2382 2129 2450 pridem

566 2487 596 2525 a
634 2485 719 2526 me
752 2471 1122 2535 elaboratum,
1156 2471 1303 2526 velut
1335 2471 1578 2540 spiritale
1609 2472 1875 2541 quoddam
1911 2473 2129 2527 xenium

567 2576 935 2630 nuncuparetn
974 2579 988 2616 :
1028 2563 1118 2631 qui
1158 2562 1371 2630 quidem
1413 2577 1516 2616 non
1559 2562 2038 2625 contemnendum,
2076 2570 2132 2617 ut

563 2653 774 2722 opinor,
821 2653 1114 2709 lectoribus
1157 2653 1415 2708 allaturus
1460 2661 1545 2709 est
1588 2654 1834 2710 utilitatis
1874 2653 2127 2709 fructum.

566 2746 845 2815 Siquidem
885 2760 1007 2812 eos,
1043 2746 1131 2813 qui
1174 2755 1319 2801 recte
1358 2761 1552 2816 sapere
1589 2746 1991 2812 dedidicerant,
2028 2747 2131 2802 hoc

565 2849 684 2904 est,
719 2837 916 2905 quibus
950 2838 1022 2892 ita
1058 2851 1377 2906 persuasum
1415 2846 1499 2892 est
1534 2836 1602 2892 de
1636 2837 1856 2893 Christo
1891 2838 2132 2893 omnium

567 2927 869 2993 Salvatore,
902 2930 956 2984 in
985 2929 1125 2983 viam
1156 2929 1398 2994 reducet,
1429 2938 1485 2984 et
1510 2931 1577 2985 ad
1604 2944 1786 2984 veram
1812 2929 2130 2999 sapientiam

567 3016 815 3071 instituet
851 3035 864 3071 :
901 3026 1128 3072 caeteros
1159 3032 1318 3082 vero,
1352 3018 1442 3087 qui
1478 3030 1683 3074 rectum
1717 3020 1881 3074 animi
1913 3033 2128 3073 sensum
2159 3053 2200 3111 α

566 3108 787 3175 habent,
812 3118 866 3164 et
892 3110 945 3163 in
970 3110 1215 3165 veritatis
1239 3110 1480 3165 doctrina
1512 3111 1823 3180 persistunt,
1850 3110 2016 3165 variis
2041 3125 2132 3163 ar-

568 3208 947 3268 gumentorum
980 3209 1035 3254 et
1067 3201 1457 3256 sententiarum
1492 3201 1757 3264 inventis,
1792 3200 2127 3254 divinarum-

568 3306 676 3360 que
709 3291 1115 3358 Scripturarum
1146 3291 1693 3346 demonstrationibus
1723 3291 1777 3345 in
1810 3290 1913 3344 ﬁde
1942 3304 2128 3346 corro-

566 3382 802 3438 borabit.
849 3379 986 3435 Hinc
1031 3381 1229 3436 etenim
1282 3390 1334 3436 et
1384 3380 1784 3435 Emmanuelem
1832 3393 2018 3433 verum
2067 3392 2132 3433 ac

568 3470 866 3526 naturalem
894 3470 1161 3534 Deum,‘et
1182 3467 1455 3538 Virginem
1483 3483 1720 3534 rursum,
1745 3483 1861 3539 qua:
1887 3482 2010 3521 eum
2037 3481 2133 3536 pe-

568 3561 741 3631 perit,
770 3575 950 3615 veram
980 3570 1202 3631 propter
1231 3561 1402 3630 ipsum
1431 3560 1713 3629 Deiparam
1742 3574 1882 3626 esse,
1911 3562 2128 3631 planum

570 3655 681 3709 tiet.
717 3654 772 3709 Si
808 3653 899 3724 qui
935 3661 1116 3706 autem
1152 3662 1307 3717 sunt,
1344 3653 1431 3722 qui
1469 3651 1612 3707 istud
1641 3652 1847 3706 sentire
1879 3661 1931 3706 et
1967 3649 2131 3720 proti-

569 3745 667 3800 teri
710 3754 989 3811 verentur,
1033 3745 1086 3798 hi
1132 3743 1451 3813 profundum
1498 3743 1626 3795 illud
1666 3741 1885 3811 pietatis
1928 3749 2132 3812 myste-

569 3837 707 3892 rium
726 3878 740 3903 ,
772 3847 831 3891 ut
860 3852 992 3891 sane
1020 3837 1248 3898 videtur,
1281 3848 1616 3902 nequaquam
1644 3835 1972 3902 expendunt.
2001 3833 2133 3888 Per-

567 3929 935 3983 uecessarium
989 3937 1167 3982 autem
1219 3925 1456 3991 judicavi
1510 3940 1570 3978 ea
1623 3924 1811 3993 paucis
1862 3925 1965 3979 hoc
2016 3923 2135 3980 loco

568 4029 834 4090 repetere,
859 4036 977 4088 quae
1000 4017 1223 4088 apostoli
1252 4027 1306 4072 et
1329 4015 1675 4086 evangelista:
1700 4016 1765 4071 de
1784 4014 1894 4090 Μ
1915 4014 2131 4071 Christo

2235 1748 2332 1807 καὶ
2373 1749 2484 1809 τοῖς
2522 1746 2626 1800 ἀνὰ
2660 1747 2839 1799 πᾶσαν
2888 1742 3075 1814 χώραν
3108 1761 3171 1798 τε
3202 1745 3295 1799 καὶ
3340 1743 3494 1805 πόλιν,
3534 1742 3717 1813 καθάπερ

2234 1855 2316 1901 τις
2348 1836 2511 1891 εἰκὼν
2527 1838 2743 1908 γραφὴν
2772 1836 2967 1907 ἔχουσα
2994 1826 3097 1907 τῆς
3130 1838 3210 1900 είς
3238 1837 3459 1906 Χριστὸν
3484 1834 3713 1895 εὐσεϐείας,

2233 1928 2295 1981 τὸ
2347 1928 2539 1992 κάλλος
2600 1928 2892 1998 διέλαμψεν
2972 1928 3261 1999 ἐναργῶς,
3322 1927 3411 1980 καὶ
3452 1924 3532 1978 τοῦ
3572 1923 3713 1983 παντὸς

2234 2018 2439 2090 ἠξιώθη
2470 2018 2763 2088 θαύματος.
2809 2018 3004 2090 ’ῼήθην
3032 2018 3094 2071 δὲ
3127 2018 3236 2073 δεῖν
3272 2019 3487 2078 καὶτοῖς
3517 2016 3623 2084 πρὸς
3639 2014 3712 2066 πᾶν

2234 2107 2411 2163 ὁτιοῦν
2441 2109 2549 2162 τῶν
2579 2109 2798 2178 ἀγαθῶν
2831 2109 3089 2180 ἐχούσαις
3121 2110 3323 2180 ἀρτίως
3346 2107 3557 2180 χάρισμά
3576 2123 3614 2159 τι
3643 2120 3710 2175 με-

2234 2198 2481 2253 ταδοῦναι
2512 2201 2901 2269 πνευματικὸν,
2931 2200 3006 2263 ὡς
3036 2201 3225 2268 ἁγίαις
3265 2199 3480 2269 Χριστοῦ
3518 2197 3707 2265 νύμφαις,

2233 2286 2389 2342 τοῦτο
2417 2288 2481 2359 δὴ
2508 2289 2567 2342 τὸ
2597 2291 2798 2361 ἀρτίως
2827 2292 2953 2361 ἐμοὶ
2983 2293 3220 2362 πονηθέν
3250 2290 3455 2362 βιϐλίον,
3476 2290 3525 2341 οὐ
3546 2285 3706 2357 μετρίαν

2236 2379 2495 2451 παρέχειν
2527 2379 2846 2452 δυνάμενον,
2879 2380 2955 2445 ῶς
2974 2400 3037 2450 γε
3068 2379 3242 2454 οἶμαι,
3277 2384 3383 2445 τοῖς
3400 2376 3704 2446 ἐντευξομένοις

2234 2470 2331 2540 τὴν
2365 2472 2570 2542 ὄνησιν.
2616 2473 2754 2536 Τοὺς
2804 2476 2903 2543 μὲν
2935 2473 3045 2545 γὰρ
3098 2474 3200 2527 οὐκ
3240 2472 3369 2545 ὀρθὰ
3409 2470 3582 2541 φρονεῖν
3610 2463 3702 2517 δεδι·

2234 2563 2552 2641 δαγμένους.
2583 2554 2750 2635 ἤγουν
2782 2565 3290 2635 ἀναπεπεισμένους
3317 2560 3432 2633 περὶ
3453 2558 3529 2613 τοῦ
3550 2556 3702 2608 πάντων

2236 2654 2391 2724 ἡμῶν
2425 2655 2677 2726 Σωτῆρος
2718 2655 2976 2726 Χριστοῦ,
3017 2656 3164 2724 πρὸς
3208 2654 3535 2726 ἐπανόρθωσιν
3568 2647 3704 2701 ἀνακο-
3776 2644 3781 2655 ’

2239 2748 2372 2816 μιεῖ,
2407 2747 2502 2799 καὶ
2549 2747 2968 2817 μυσταγωγήσει
2996 2748 3188 2811 καλῶς
3212 2764 3224 2778 '
3256 2746 3373 2810 τούς
3408 2761 3463 2813 γε
3497 2743 3580 2814 μὴν
3597 2736 3698 2807 ὀρθῷ

2237 2836 2537 2907 βεϐηκότας
2564 2836 2659 2907 νῷ,
2690 2838 2781 2891 καὶ
2807 2839 2922 2902 τοῖς
2958 2838 3061 2909 τῆς
3093 2836 3341 2907 ἀληθείας
3365 2824 3698 2905 ἑμφιλοχωροῦν·

2234 2945 2333 2990 τας
2362 2928 2640 2998 δόγμασιν,
2676 2928 3117 3001 ἀσφαλεστέρους
3145 2929 3396 2997 ἀποφανεῖ
3418 2926 3506 2984 τοῖς
3524 2917 3572 2982 ἐξ
3590 2918 3695 2980 ἀγα-

2237 3016 2345 3071 θῶν
2378 3018 2595 3073 ἐννοιῶν
2622 3018 2977 3091 πολυτρόποις
3011 3020 3299 3092 εὑρέμασι,
3323 3017 3401 3071 καὶ
3430 3013 3518 3072 ταῖς
3539 3009 3589 3059 ἐκ
3617 3005 3694 3071 τῆς

2232 3108 2585 3164 θεοπνεύστου
2598 3110 2817 3181 Γραφῆς
2832 3111 3192 3178 ἀποδείξεσιν.
3206 3109 3355 3180 Μαθή
3363 3102 3502 3185 serat“
3515 3097 3617 3168 γὰρ.
3629 3094 3693 3185 δίει

2231 3201 2390 3270 φύσει
2440 3201 2538 3271 μὲν
2579 3180 2674 3255 κάκ
2715 3180 2943 3272 ἀληθεία
2982 3201 3120 3266 Θεός
3162 3203 3306 3255 ἐστιν
3343 3199 3367 3251 ὁ
3413 3180 3691 3264 assumit.

2232 3291 2492 3356 Θεοτόκος
2537 3292 2595 3345 δὲ
2636 3293 2702 3345 δι’
2733 3291 2896 3346 αὐτὸν
2920 3271 3035 3346 ίκαὶ
3063 3296 3097 3364 ἠ
3147 3290 3368 3347 τεκοῦσα
3397 3279 3626 3353 Παρθένος-
3648 3271 3693 3324 Ei

2231 3382 2339 3454 γὰρ
2375 3383 2440 3454 δὴ
2469 3383 2632 3453 φάναι
2662 3401 2719 3436 τε
2752 3383 2909 3438 τοῦτο
2936 3385 3034 3438 καὶ
3080 3384 3289 3455 φρονεῖν
3315 3375 3524 3436 δεδιότες,
3558 3366 3603 3421 οὺ
3633 3378 3693 3415 νε-

2233 3475 2481 3545 νοήκασι,
2511 3474 2650 3528 κατὰ
2673 3473 2736 3527 τὸ
2770 3474 2943 3542 εἰκὸς,
2981 3476 3043 3529 τὸ
3072 3475 3209 3547 βαθὺ
3247 3473 3342 3542 τῆς
3370 3460 3690 3547 εὐσεϐείας-ρ’

2238 3541 2475 3633 στήριον.
2511 3564 2723 3633 Χρῆναι
2748 3562 2807 3616 δέ
2844 3541 3212 3634 ὑπολαμϐάνω
3235 3541 3317 3614 δια
3348 3551 3551 3627 βραχέων
3571 3541 3692 3634 εἰπεῖν

2231 3626 2334 3724 τήν
2344 3626 2356 3633 ’
2378 3668 2437 3706 τε
2467 3626 2830 3725 ἀποστολικὴν
2860 3651 2956 3707 καὶ
2998 3626 3357 3721 εῦαγγελικὴνί
3375 3639 3629 3713 παράδοσιν,
3648 3626 3692 3725 ﬁ?

2230 3716 2326 3797 ἐπὶ
2353 3743 2571 3815 Χριστῷ
2623 3746 2640 3786 ί
2681 3716 2973 3813 πεποίηται
3019 3716 3346 3816 ’τῷ-πάντῶν
3379 3731 3595 3827 Δεσπόῖῃο

2229 3835 2446 3905 ἀπάσης
2488 3835 2547 3888 δὲ
2586 3835 2684 3905 τῆς
2712 3836 3071 3891 θεοπνεύστου
3122 3831 3335 3904 Γραφῆς
3369 3826 3447 3883 τὸν
3488 3818 3557 3874 ἐπ’
3592 3818 3689 3905 ausu

2232 3899 2449 3989 σκοπὸν,
2491 3927 2585 3981 καὶ
2612 3899 2733 3980 ὅποι
2783 3928 2913 3980 ποτὲ
2953 3926 3124 3996 βλέπῃ
3153 3899 3255 3976 τῶν
3290 3899 3384 3990 τῆς
3410 3907 3614 3982 ἀληθείας
3633 3899 3688 3951 δ”

2228 4016 2454 4089 γμάτων
2486 4019 2519 4088 ἡ
2546 4016 2792 4089 δύναμις.

564 4078 802 4167 (minium
847 4078 1072 4165 όοιιιίιιο
1111 4108 1478 4175 tradiderunt,
1514 4116 1628 4162 tum
1667 4123 1729 4162 ea
1768 4078 1983 4177 quoque
2020 4123 2125 4163 non
2198 4078 2652 4180 praetorum-qua!
2685 4078 2748 4164 'in
2825 4110 3038 4165 ceteris
3076 4117 3271 4166 sancta:
3305 4100 3553 4167 Scriptura:
3582 4078 3684 4137 ΙίΙπῙς

566 4225 627 4264 ea
665 4212 780 4278 ipsa
816 4210 881 4263 de
916 4223 973 4263 re
1006 4207 1312 4272 habentur;
1345 4218 1400 4261 et
1430 4206 1652 4261 omnino
1683 4200 1988 4275 exponere,
2025 4220 2136 4275 quo
2172 4215 2380 4274 spectet
2410 4206 2491 4260 vis
2554 4208 2865 4279 dogmatum
2895 4206 3156 4261 veritatis.

640 4307 727 4364 111.
768 4304 1050 4360 Credimus
1084 4303 1246 4372 igitur
1278 4302 1330 4355 in
1355 4317 1514 4354 unum
1537 4300 1702 4355 Deum
1722 4300 1937 4354 Patrem
1957 4300 2133 4355 omni-

2308 4299 2383 4354 I".
2423 4299 2757 4371 Πιστεύομεν
2783 4298 2962 4354 τοίνυν
2987 4302 3067 4364 είς
3090 4298 3183 4353 ἕνα
3201 4294 3325 4349 Θεὸν
3347 4284 3532 4353 Πατέρα

565 4403 837 4466 potentem
859 4434 874 4456 ,
900 4391 1192 4447 visibilium
1248 4399 1301 4445 et
1330 4390 1675 4444 invisibilium
1703 4390 1941 4444 omnium
2000 4405 2133 4444 con-

2242 4394 2500 4466 κράτορα,
2542 4360 2761 4447 πάντων
2791 4391 3000 4465 ὁρατῶν
3030 4360 3088 4445 τε
3131 4387 3222 4442 καὶ
3252 4360 3682 4466 ἀοράτων-,Μίῖφῖ

568 4490 820 4543 ditorem.
847 4486 914 4541 Et
942 4485 998 4540 in
1028 4498 1192 4539 unum
1228 4480 1510 4537 Dominum
1537 4480 1720 4536 Jesum
1747 4481 2015 4537 Christum
2042 4481 2134 4536 Fi-

570 4580 698 4635 lium
740 4579 878 4650 ejus,
917 4587 1044 4633 ante
1081 4589 1240 4631 oume
1276 4572 1529 4630 saeculum
1566 4580 1619 4627 et
1659 4580 1871 4640 tempus
1909 4585 1977 4627 ex
2016 4572 2132 4641 ipso

575 4670 896 4727 naturaliter
924 4668 1187 4738 genitum.
1220 4664 1354 4720 Nam
1389 4663 1530 4733 quod
1560 4662 1627 4718 ad
1660 4670 1873 4731 tempus
1904 4663 2127 4728 attinet,

571 4772 723 4827 aeque
759 4757 1005 4826 principii
1044 4770 1267 4825 expers,
1307 4764 1361 4810 et
1397 4762 1696 4810 coaeternus
1734 4759 1848 4819 est,
1886 4762 2047 4822 atque
2084 4751 2131 4809 is

571 4849 664 4918 qui
711 4847 860 4901 illum
908 4848 1122 4917 genuit;
1167 4847 1461 4915 eademque
1510 4860 1722 4916 quoque
1771 4853 2037 4913 potestate
2077 4852 2136 4899 et

570 4938 740 5006 gloria
777 4952 897 4994 cum
934 4935 1025 4991 illo
1056 4946 1171 5002 est,
1200 4951 1297 5005 per
1324 4937 1504 4991 omnia
1533 4936 1762 5004 denique
1790 4944 1845 4990 et
1876 4935 1927 4990 in
1957 4935 2132 4991 omni-

570 5030 672 5088 bus
700 5028 873 5084 eidem
899 5024 1141 5097 aqualis.
1165 5023 1363 5094 Figura
1392 5038 1623 5093 namque
1646 5032 1702 5078 et
1727 5023 1981 5093 splendor
2004 5025 2132 5080 sub-

568 5121 782 5177 stantiae
821 5118 966 5174 illius
1004 5126 1090 5174 est
1108 5116 1174 5173 “.
1213 5114 1495 5172 Credimus
1532 5115 1783 5170 similiter
1817 5124 1873 5171 et
1911 5115 1964 5169 in
2005 5131 2168 5171 san-.

571 5227 715 5271 etum
733 5227 946 5284 quoque
963 5211 1246 5283 Spiritum,
1266 5222 1425 5281 quem
1444 5222 1474 5263 a
1493 5207 1675 5263 divina
1690 5218 1881 5266 natura
1898 5207 2132 5264 alienum

663 5376 710 5407 ⁸³
748 5374 973 5443 Philipp.
996 5389 1067 5437 IV,
1110 5372 1155 5429 ί.
1253 5372 1296 5402 ⁸⁸
1331 5369 1491 5426 Hebr.
1519 5387 1554 5435 ι,
1584 5371 1637 5424 5.

2238 4453 2347 4536 Kal.
2376 4453 2455 4545 είς
2484 4453 2578 4536 ἐνα
2604 4482 2806 4552 Κύρων
2824 4453 3047 4552 ’Ἰησοῦν
3075 4474 3298 4549 Χριστὸν
3323 4470 3405 4524 τὸν
3434 4462 3538 4552 rm
3557 4453 3682 4552 ait-wh

2236 4542 2559 4641 γεννηθέντα
2589 4542 2732 4624 κατᾶ
2761 4542 2921 4640 φύσιν
2951 4569 3010 4637 ἐξ
3041 4542 3199 4624 αὑτοῦ
3230 4561 3328 4634 πρὸ
3365 4549 3532 4641 παντδς
3555 4542 3686 4641 ’λίψ

2237 4629 2331 4718 atat
2359 4629 2551 4760 ὶίρὸνοο
2573 4679 2585 4692 ·
2619 4662 2714 4716 καὶ
2726 4629 2879 4760 ἰγ-άέ.
2896 4629 3013 4760 ἐστὶ
3041 4629 3683 4760 συνάναργοςιιιίτῇχέόᾘί

2237 4756 2329 4809 καὶ
2361 4728 2635 4816 δύναῖδιος
2685 4728 2766 4823 τῷ
2813 4728 2927 4823 ίδίῳ
2971 4749 3270 4821 Γεννήτορι,
3318 4729 3535 4802 σύνεδρός
3546 4737 3598 4823 ξε
3623 4728 3669 4823 κῗ

2698 4801 3065 4913 ’ξαιὶέιξττξτῖ
3087 4801 3486 4916 ιᾶιτέσὲεμμένρς
3517 4815 3570 4882 τῇ

2235 4935 2344 5029 πᾶν
2378 4901 2552 5029 ὁτιοῦν
2569 4948 2584 4963 ·
2605 4901 2892 5029 impart?
3058 4930 3167 4980 ἐστι
3317 4901 3681 5029 ﬂigi;

2238 5025 2584 5087 ὑποστάσεως
2607 4988 2800 5077 αὑτοῦ.
2831 4988 3158 5089 ﬁmi-edens»)
3182 5015 3235 5068 δὲ
3260 5007 3439 5080 ὁμοίως
3567 4988 3657 5089 ea:

2237 5117 2460 5188 Πνεῦμα
2496 5083 2758 5184 τδνᾶγιον,
2797 5114 2897 5168 οὐκ
2928 5083 3191 5182 ἀλλότριον
3216 5100 3337 5159 αὐτὸ
3361 5095 3458 5188 τῆξ
3471 5083 3592 5188 Mf“:

2236 5169 2876 5277 gssis‘x'a'ralor'mipavot
2894 5223 2906 5236 ·
2937 5203 3028 5258 καὶ
3051 5169 3154 5271 γαρ
3180 5199 3316 5250 ἐστιν
3337 5188 3394 5241 ἐκ
3420 5169 3592 5247 Πατρδς
3611 5176 3681 5230 εῖν·

2696 5342 2735 5349 σε..

1680 5501 1850 5555 Variae
1882 5500 2139 5556 lectiones
2171 5501 2372 5557 codicis
2404 5501 2765 5572 Seguieriani.

640 5634 668 5680 λ
699 5634 1048 5711 μαθήσονται.
1130 5638 1146 5678 ί
1188 5635 1256 5689 τον
1298 5636 1332 5696 ἢ
1358 5635 1451 5689 ἐπὶ
1477 5636 1582 5707 Χρ.
