3970 6136
307 278 448 333 1Ξο5

1404 273 1491 326 DE
1537 271 1771 327 nsum
1811 267 1966 325 FIDE
2005 268 2101 322 AD
2136 242 2458 329 REGINAS.

3417 268 3555 327 £306

298 394 490 459 σικῶς,
522 354 888 464 προχεόμενον
931 388 997 441 δι’
1028 387 1157 441 Υίοῦ
1186 390 1252 459 τῇ
1295 389 1500 442 κτίσει·
1532 393 1736 444 νοεῖται
1764 390 1847 459 γὰι

1978 384 2198 441 minime
2240 374 2555 456 reputemus
2592 403 2607 442 :
2650 389 2913 458 siquidem
2960 390 3346 449 naturalitera
3387 371 3583 451 Patre.

296 484 439 541 οὕτω
470 485 569 556 μία
595 502 653 538 τε
688 484 780 537 καὶ
797 480 1096 551 όμοοὺσιος,
1124 481 1217 533 καὶ
1243 482 1301 532 ἐν
1328 482 1615 550 ταυτότητι
1638 482 1816 554 δόξης,
1839 485 1872 555 ἡ

298 578 431 647 ἁγία
457 576 553 630 καὶ
593 571 1041 647 προσκυνουμένη
1068 571 1256 641 Τριάς.
1286 572 1471 642 Φαμὲν
1495 572 1572 637 δὲ,
1601 573 1684 625 ὅτι
1710 573 1872 657 αὐτὸς

294 674 325 725 6
354 672 419 723 ὲκ
463 668 562 737 τῆς
606 666 793 727 οὐσίας
831 662 924 714 τοῦ
968 662 1102 715 Θεοῦ
1139 663 1233 715 καὶ
1283 663 1493 733 [ἰατρὸς
1543 664 1872 735 ἀπορῤήτως

297 759 689 830 γεγεννημένος
738 753 1028 823 μονογενὴς
1061 752 1224 806 αὐτοῦ
1276 754 1468 821 Λόγος,
1513 754 1622 806 τῶν
1660 753 1870 809 αἰώνων

295 851 542 922 ποιητὴς,
576 852 604 902 6
630 846 695 900 δι’
721 841 781 900 οὗ
819 844 887 898 τὰ
918 845 1115 905 πάντα,
1156 845 1247 897 καὶ
1281 846 1338 896 ἐν
1469 846 1535 899 τὰ
1567 846 1764 911 πάντα,
1807 847 1869 899 τὸ

294 945 411 1013 φῶς
432 936 496 994 τὸ
524 937 796 1009 ἀληθινὸν,
848 940 881 1007 ἡ
930 937 1107 990 πάντα
1138 936 1481 1003 ζωογονοῦσα
1518 937 1681 1006 φύσις
1713 935 1865 1010 (ζωὴ

291 1037 402 1106 γὰρ
432 1034 691 1101 πέφηνεν,
721 1031 796 1092 ὼς
825 1031 887 1082 ὲκ
913 1028 1055 1097 ζωῆς
1079 1028 1171 1081 τοῦ
1218 1027 1488 1098 Πατρός),
1513 1030 1571 1080 ὲν
1620 1029 1865 1099 ἐσχάτοις

290 1128 501 1194 καιροῖς
548 1121 643 1176 τοῦ
690 1120 907 1183 αἰῶνος,
955 1119 1344 1190 εὐδοκήσαντος
1370 1119 1462 1173 τοῦ
1510 1121 1742 1191 Πατρὸς,
1780 1121 1865 1174 ἵνα

291 1215 440 1286 σώσῃ
468 1213 527 1267 τὸ
557 1213 650 1264 ἐπὶ
692 1210 795 1279 γῆς
825 1209 982 1277 γένος
1019 1207 1306 1270 πεπτωκὸς
1336 1209 1413 1270 εἰς
1443 1207 1603 1276 ἀρὰν,
1646 1209 1739 1261 καὶ
1777 1207 1865 1262 διὰ

288 1307 390 1376 τῆς
417 1303 695 1375 ἁμαρτίας
722 1298 1124 1368 κατακομισθὲν
1157 1298 1235 1361 είς
1264 1297 1491 1351 θάνατον
1516 1298 1608 1350 καὶ
1637 1298 1860 1369 φθορὰν,

290 1396 604 1466 σπέρματος
657 1389 908 1461 Ἀϐραὰμ
949 1387 1263 1453 ἐπελάϐετο,
1302 1386 1443 1440 κατᾶ
1484 1386 1582 1451 τὰς
1620 1388 1858 1458 Γραφὰς,

288 1489 384 1542 καὶ
412 1483 809 1553 κεκοινώνηκεν
841 1480 1073 1549 αἵματος
1097 1478 1190 1532 καὶ
1220 1477 1441 1548 σαρκὸς,
1485 1478 1734 1532 τουτέστι
1765 1478 1858 1547 γέ-

286 1594 444 1647 γονεν
474 1576 758 1647 ἄνθρωπος
778 1589 790 1602 ·
825 1572 918 1625 καὶ
948 1571 1125 1641 σάρκα
1146 1569 1348 1633 λαϐὼν,
1379 1570 1474 1623 καὶ
1523 1569 1657 1623 ἰδίαν
1691 1571 1859 1640 αὐτὴν

287 1667 680 1736 ποιησάμενος,
712 1662 972 1732 ἐγεννήθη
1008 1661 1283 1730 σαρκικῶς
1310 1660 1397 1714 διὰ
1444 1660 1734 1731 τῆςάγίας
1764 1662 1859 1715 καὶ

287 1760 540 1814 θεοτόκου
573 1754 812 1826 Μαρίας.

1975 485 2213 549 est,.-per
2252 478 2448 534 Filium
2488 479 2544 535 in
2587 489 2891 537 creaturam
2930 481 3238 539 dimanans.
3281 485 3361 538 Ad
3405 487 3551 544 hunc

1973 569 2118 623 enim
2149 570 2366 648 modum
2398 579 2584 627 sancta
2615 571 2701 627 illa
2739 574 3115 643 adorandaque
3154 574 3412 641 Trinitas,
3440 593 3542 633 una

1975 661 2030 713 in
2059 662 2332 728 essentia,
2364 677 2460 732 par
2488 663 2540 718 in
2574 663 2744 733 gloria
2779 673 2833 719 et
2865 663 3144 732 majestate
3173 667 3539 737 cognoscitur.

1971 752 2382 823 Asserimusque
2410 754 2584 824 ipsum
2618 755 2951 826 unigenitum
2974 756 3205 812 Verbum
3233 773 3432 816 arcano
3462 760 3540 815 in-

1969 843 2382 914 explicabilique
2412 847 2568 900 modo
2599 861 2665 900 ex
2700 848 2791 902 Dei
2822 856 2877 902 et
2905 847 3083 903 Patris
3112 848 3413 905 substantia
3442 867 3534 923 ge-

1971 934 2175 1001 nitum,
2209 937 2349 1004 quod
2392 938 2583 992 saecula
2627 926 2901 1006 condidit,
2940 956 3034 1010 per
3066 943 3209 1011 quod
3247 951 3301 998 et
3340 944 3393 997 in
3434 958 3540 1013 quo

1969 1024 2273 1079 consistunt
2318 1027 2535 1091 omnia,
2575 1029 2715 1095 quod
2760 1044 2944 1084 verum
2990 1031 3540 1103 lutnen,.naturaque

1967 1114 2148 1169 omnia
2175 1115 2458 1171 vivificans
2484 1126 2568 1172 est
2597 1118 2727 1189 (vita
2758 1131 2841 1175 est
2873 1121 3039 1186 enim,
3069 1133 3254 1192 utpote
3282 1139 3349 1179 ex
3379 1123 3538 1179 Patre

1968 1205 2075 1260 vita
2096 1200 2440 1275 precedens),
2464 1207 2774 1263 novissimis
2795 1210 2973 1264 saeculi
3001 1215 3352 1280 temporibus,
3377 1213 3538 1269 Patre

1965 1311 2064 1366 pro
2090 1311 2186 1351 sua
2215 1296 2549 1369 benignitate
2580 1297 2652 1353 ita
2679 1299 2923 1367 volente,
2948 1315 3055 1371 quo
3083 1303 3336 1358 nimirum
3365 1319 3538 1372 genus

1965 1388 2281 1456 humanum,
2305 1390 2447 1459 quod
2472 1391 2526 1445 in
2550 1391 2983 1451 maledictionem
3009 1396 3311 1466 prolapsum
3337 1398 3537 1466 fuerat,

1962 1489 2017 1535 et
2056 1495 2151 1550 per
2181 1491 2463 1551 peccatum
2504 1482 2556 1537 in
2601 1494 2826 1539 mortem
2867 1494 2922 1540 et
2960 1487 3361 1565 corruptionem
3398 1502 3536 1558 pra:-

1961 1574 2089 1642 ceps
2118 1574 2346 1638 abierat,
2378 1575 2724 1641 restitueret,
2749 1570 3194 1633 Abrahaasemen
3226 1580 3530 1648 apprehen-

1962 1667 2130 1730 disse,
2159 1667 2310 1722 carni
2340 1681 2557 1737 quoque
2582 1676 2638 1722 et
2669 1670 2941 1736 sanguini,
2967 1672 3259 1724 secundum
3291 1672 3533 1741 Scriptu-

1892 1748 1933 1803 B
1964 1768 2054 1809 ras
2080 1754 2148 1820 ⁸⁵,
2190 1754 2655 1819 communicasse,
2700 1756 2804 1810 hoc
2847 1766 2963 1823 est,
3016 1759 3286 1814 hominem
3332 1759 3530 1839 factum

284 1866 439 1917 esse;
474 1861 633 1901 carne
667 1853 943 1914 assumpta
966 1883 984 1909 ,
1045 1844 1343 1913 eademque
1377 1843 1593 1911 propria
1661 1843 1762 1899 sibt
1836 1843 2062 1910 reddita,
2100 1858 2132 1900 e
2191 1854 2377 1899 sancta
2414 1853 2469 1901 et
2510 1843 2742 1916 Deipara
2782 1844 2947 1901 Maria
2985 1848 3278 1904 secundum
3315 1864 3530 1904 carnem

286 1953 471 1998 natum
501 1952 641 1991 esse.

355 2038 429 2088 A‘.
484 2030 640 2085 Ἀλλά
668 2027 844 2083 καίτοι
893 2027 1013 2081 καθ’
1060 2028 1205 2098 ἡμᾶς
1233 2027 1491 2097 γεγονὼς,
1521 2029 1614 2082 καὶ
1637 2027 1735 2099 τὴν
1760 2028 1851 2082 τοῦ

278 2115 465 2181 δούλου
499 2121 711 2193 μορφὴν
739 2118 1099 2196 οἰκονομικῶς
1128 2119 1346 2184 ὑποδὺς,
1378 2120 1682 2190 μεμένηκεν
1706 2121 1764 2173 ὲν
1785 2122 1850 2188 τῇ

284 2218 425 2271 κατὰ
453 2215 612 2285 φύσιν
641 2211 852 2281 θεότητι
878 2211 973 2264 καὶ
998 2209 1299 2280 κυριότητι.
1329 2211 1403 2264 Οὐ
1436 2211 1543 2280 γὰρ
1577 2210 1855 2263 πέπαυται

281 2308 376 2363 τοῦ
409 2304 549 2361 εἶναι.
594 2302 748 2367 Θεὸς,
791 2304 839 2355 εί
891 2301 986 2356 καὶ
1025 2301 1218 2371 γέγονε
1253 2301 1409 2371 σὰρξ,
1438 2302 1683 2354 τουτέστι
1727 2299 1852 2354 καθ’

280 2402 430 2474 ἡμᾶς
471 2415 530 2451 τε
575 2395 668 2450 καὶ
713 2393 1017 2464 ἄνθρωπος.
1064 2392 1278 2464 Ἐπειδὴ
1306 2393 1362 2446 δὲ
1409 2392 1672 2463 ἄτρεπτος
1708 2392 1851 2446 κατὰ

280 2489 466 2561 φύσιν,
495 2487 568 2550 ὡς
598 2485 749 2549 Θεὸς,
781 2483 1103 2556 μεμενηκὼς
1144 2485 1280 2555 ὅπερ
1308 2479 1376 2553 ἦν
1419 2485 1524 2549 ἀεὶ,
1573 2485 1666 2537 καὶ¹
1712 2483 1848 2549 ἔστι,

280 2580 376 2635 καὶ
404 2578 579 2644 ἔσται,
606 2576 1008 2648 κεχρημάτικεν
1040 2575 1165 2638 Υἱὸς
1194 2574 1502 2645 ἀνθρώπου.

348 2847 425 2901 Ε’.
468 2847 576 2900 Καὶ
627 2843 815 2914 ἐπειδὴ
863 2839 1240 2911 καταϐέϐηκεν
1288 2837 1430 2892 ἑκὼν
1476 2840 1533 2891 ἐν
1583 2838 1696 2900 τοῖς
1744 2836 1847 2906 τῆς

277 2933 697 3006 ἁνθρωπότητος
727 2934 946 3003 μέτροις
986 2928 1230 3001 (καθῆκε
1264 2928 1372 2998 γὰρ
1413 2926 1602 2980 ἑαυτὸν
1632 2928 1711 2991 είς
1750 2926 1847 2981 κέ-

2033 2027 2120 2083 IV.
2155 2029 2226 2084 At
2251 2031 2496 2098 quamvis
2516 2029 2749 2085 Verbum
2778 2040 3021 2087 nostram
3049 2041 3294 2086 naturam
3323 2048 3536 2089 assum-

1961 2120 2150 2185 pserit,
2179 2116 2540 2187 servilemqne
2570 2117 2800 2173 formam
2830 2119 3233 2189 dispensatione
3259 2123 3489 2177 induerit
3514 2141 3534 2193 ;

1958 2208 2325 2276 perseveravit
2365 2209 2719 2264 nihilominus
2749 2209 2804 2264 in
2836 2223 2898 2264 ea
2931 2212 3214 2281 majestate
3249 2222 3304 2267 et
3336 2215 3531 2270 divini-

1960 2306 2095 2367 tate,
2127 2312 2247 2367 quae
2281 2300 2576 2353 secundum
2613 2307 2860 2353 naturam
2900 2301 2997 2369 ipsi
3040 2305 3312 2357 convenit.
3344 2304 3530 2374 Neque

1957 2390 2102 2444 enim
2134 2390 2293 2444 desiit
2323 2389 2466 2445 Deus
2493 2405 2633 2452 esse.
2661 2391 2874 2446 etiamsi
2904 2392 3105 2446 factum
3135 2404 3219 2449 est
3244 2409 3395 2460 caro,
3426 2398 3527 2454 hoc

1957 2489 2060 2543 est,
2088 2480 2259 2533 nostri
2280 2480 2494 2545 similis,
2519 2489 2573 2536 et
2599 2480 2780 2536 homo.
2806 2480 2939 2536 Nam
2965 2496 3107 2547 cum,
3129 2493 3186 2536 ut
3210 2484 3372 2552 Deus,
3397 2488 3528 2543 nulli

1956 2571 2254 2629 secundum
2278 2581 2524 2626 naturam
2548 2573 2839 2628 obnoxium
2863 2576 2934 2630 sit
2956 2580 3241 2634 mutationi
3261 2619 3277 2645 ,
3304 2595 3528 2638 manens

1958 2662 2010 2716 id
2038 2661 2181 2730 quod
2208 2670 2357 2727 erat,
2382 2671 2499 2726 est,
2526 2678 2851 2735 semperque
2879 2667 3012 2735 erit,
3044 2668 3218 2727 factus
3246 2682 3330 2728 est
3358 2671 3527 2730 Filius

1957 2750 2214 2805 hominis.

2030 2840 2091 2896 V.
2115 2840 2382 2896 Caeterum
2405 2841 2564 2898 simul
2594 2852 2757 2913 atque
2775 2847 2844 2903 ad
2874 2847 3125 2905 humana:
3151 2860 3358 2905 natura:
3379 2850 3527 2920 leges

1953 2932 2123 2988 semel
2146 2934 2423 2989 descendit
2441 2934 2725 3007 (siquidem
2749 2952 2844 2993 sua
2872 2948 3065 3009 sponte
3088 2956 3149 2996 se
3181 2942 3526 3015 exinanivit),

276 3042 438 3082 νωσιν
465 3038 497 3093 ι,
535 3025 955 3096 ὑπομεμένηκεν
977 3020 1288 3091 ἀναγκαίως
1333 3020 1426 3074 καὶ
1465 3018 1718 3088 γέννησιν
1753 3018 1847 3088 τὴν

1954 3043 2057 3083 non
2098 3029 2268 3098 potuit
2300 3044 2366 3084 ex
2412 3031 2640 3088 muliere
2675 3046 2892 3103 quoque
2946 3048 3054 3091 non
3093 3037 3263 3093 nasci.
3302 3037 3419 3092 Nec
3451 3039 3524 3093 ob

278 3117 344 3169 ἐκ
369 3115 644 3185 γυναικὸς,
668 3115 766 3167 οὐκ
792 3113 966 3184 ἀρχὴν
988 3111 1082 3166 τοῦ
1119 3106 1260 3166 εἶναι
1286 3109 1559 3180 λαὸούσης
1580 3110 1676 3179 τῆς
1700 3109 1851 3172 θείας

274 3205 440 3261 αὐτοῦ
466 3205 701 3275 φύσεως,
730 3206 818 3258 ὅτε
852 3203 993 3258 κατὰ
1017 3202 1195 3272 σάρκα
1216 3199 1577 3272 γεγεννῆσθαι
1608 3198 1846 3266 λέγεται-

272 3296 389 3352 ἀλλ’
428 3291 497 3368 ἦν
539 3296 637 3367 μὲν
672 3274 777 3348 mi}
798 3295 965 3356 ἔστιν,
1002 3293 1077 3356 ὡς
1127 3292 1284 3363 ἔφην,
1336 3293 1400 3345 ἐκ
1446 3290 1581 3344 θεοῦ
1631 3288 1848 3360 Πατρὸς

272 3388 518 3460 φυσικῶς
541 3406 600 3440 τε
628 3388 725 3441 καὶ
751 3384 967 3455 ἀληθῶς
993 3385 1022 3435 6
1056 3383 1248 3451 Λόγος.
1279 3382 1500 3451 Ἐπειδὴ
1532 3382 1589 3435 δὲ
1617 3383 1718 3435 οὐκ
1747 3380 1846 3435 ἄν-
1880 3455 1889 3469 κ

276 3481 495 3550 Ορωπος
538 3478 724 3539 ἁπλῶς
757 3479 956 3528 νοεῖται
995 3473 1116 3526 καθ’
1162 3474 1311 3542 ἡμᾶς
1355 3475 1381 3525 6
1421 3477 1486 3526 ὲκ
1531 3472 1632 3540 τῆς
1682 3474 1846 3541 ἁγίας

273 3569 552 3639 Παρθένου
594 3565 1029 3635 γεγεννημένος,
1080 3563 1194 3616 ἀλλ’
1249 3564 1411 3626 αὐτὸς
1461 3565 1764 3634 σαρκωθεὶς
1817 3567 1846 3617 ὁ

274 3661 465 3729 Λόγος,
490 3660 583 3712 καὶ
619 3658 749 3712 ἴδιον
795 3656 934 3727 ἔχων
961 3655 1120 3725 σῶμα
1150 3654 1211 3707 τὸ
1245 3654 1304 3719 ἐξ
1339 3655 1532 3724 αὐτῆς,
1563 3655 1652 3708 διὰ
1686 3652 1847 3708 τοῦτο
1877 3698 1887 3712 .

273 3748 494 3818 λέγεται
522 3748 887 3818 γεγεννῆσθαι
920 3747 1220 3818 σαρκικῶς,
1257 3746 1332 3811 ὡς
1358 3746 1457 3817 τῆς
1483 3745 1620 3810 ἰδίας
1643 3746 1846 3816 σαρκὸς

271 3843 370 3915 τὴν
395 3843 648 3914 γέννησιν
676 3839 875 3893 οίκειού
886 3856 1066 3911 μενος.

340 4021 427 4086 (ἵν.
474 4019 537 4071 Oi
582 4019 638 4072 δὲ
687 4019 937 4085 λέγοντες
977 4018 1252 4082 ἀσυνέτως
1289 4016 1549 4071 Θεοτόκον
1572 4016 1673 4071 οὐκ
1704 4013 1841 4072 εἶναι

264 4107 366 4177 τὴν
392 4106 556 4174 ἁγίαν
598 4106 896 4176 Παρθένον,
939 4107 1304 4177 ἐμπίπτουσιν
1330 4106 1642 4176 ἀναγκαίως
1670 4106 1750 4169 είς
1780 4106 1841 4160 τὸ

263 4196 360 4256 δύο
390 4198 573 4267 λέγειν
602 4199 753 4262 υἱοὺς
779 4199 874 4251 τοῦ
909 4197 1067 4267 Θεοῦ.
1104 4199 1167 4251 Ei
1195 4197 1305 4269 γὰρ
1331 4197 1405 4268 μὴ
1431 4197 1620 4251 τέτοκε
1644 4213 1835 4267 σαρκι-

264 4286 379 4351 κῶς
409 4287 761 4358 σαρκωθέντα
802 4287 934 4342 Θεὸν
967 4290 999 4360 ἡ
1045 4289 1176 4357 ἁγία
1208 4290 1501 4360 Παρθένος,
1535 4288 1687 4343 πᾶσά
1718 4308 1835 4355 πως

263 4378 474 4448 ἀνάγκη
505 4379 600 4431 καὶ
621 4379 717 4449 οὐχ
746 4380 970 4444 ἑκόντας
997 4381 1194 4444 αὐτοὺς
1214 4381 1512 4451 ὁμολογεῖν,
1545 4382 1627 4435 ὅτι
1653 4384 1830 4437 κοινὸν

259 4467 588 4537 γεγέννηκεν
624 4469 907 4539 ἄνθρωπον
933 4508 951 4534 ,
988 4470 1140 4523 οὐδὲν
1184 4471 1375 4541 ἔχοντα
1411 4473 1541 4542 παρ’
1584 4473 1734 4543 ἡμᾶς
1770 4472 1833 4525 τὸ

258 4559 466 4612 πλεῖον.
496 4555 630 4613 Εἶτα
659 4561 775 4624 πῶς
812 4561 963 4633 αὑτῷ
995 4561 1204 4632 κάμψει
1231 4564 1338 4616 πᾶν
1372 4564 1523 4633 γόνυ,
1555 4564 1649 4617 καί¹
1682 4565 1831 4617 πᾶσα

256 4647 481 4717 γλῶσσα
508 4634 984 4721 ἐξομολογήσεται,
1012 4652 1093 4705 ὅτι.
1124 4653 1329 4723 Κύριος
1368 4651 1572 4725 Ἰησοῦς
1596 4655 1830 4725 Χριστὸς

259 4739 341 4802 είς
386 4738 543 4806 δόξαν
587 4741 722 4795 Θεοῦ
767 4743 1010 4812 Πατρός;
1058 4744 1185 4808 Πῶς
1232 4745 1382 4815 αὑτῷ
1435 4746 1828 4815 προσκυνοῦσιν

256 4830 502 4900 ἄγγελοι,
526 4831 748 4887 καὶτῶν
778 4834 1040 4888 ἀνωτάτω
1067 4834 1349 4907 δυνάμεων
1368 4839 1400 4905 ή
1434 4837 1563 4904 ἁγία
1596 4837 1823 4907 πληθύς;

255 4918 383 4995 ’Ἆρ’
412 4918 505 4977 οὖν
532 4924 803 4995 ἀνθρώπῳ
835 4926 999 4998 κοινῷ
1038 4926 1366 4999 λελάτρευκε
1394 4927 1518 4999 μεθ’
1546 4929 1703 4999 ἡμῶν
1733 4930 1825 4983 καὶ

259 5013 477 5083 σύμπας
508 5015 537 5067 6
563 5016 823 5086 οὐρανός;
851 5018 953 5087 Μὴ,
990 5019 1200 5086 γένοιτο
1218 5033 1232 5047 ·
1275 5019 1687 5090 προσκυνοῦμεν
1714 5020 1822 5092 γὰρ

254 5104 330 5167 ὡς
374 5105 505 5159 Θεὸν
550 5107 800 5177 ἀληθινὸν
844 5109 936 5161 τὸν
985 5109 1353 5181 Ἐμμανουήλ.
1387 5111 1579 5165 Ἔσται
1623 5111 1681 5164 δὲ
1726 5112 1824 5182 οὐχ

255 5191 454 5262 ἑτέρως
489 5195 881 5266 προσκυνητὸς,
909 5196 1005 5249 ἐὰν
1035 5197 1109 5268 μὴ
1133 5198 1505 5269 πιστεύωμεν,
1544 5200 1626 5254 ὅτι
1661 5201 1824 5264 αὐτὸς

254 5284 284 5335 6
311 5281 375 5334 ἐκ
404 5282 538 5336 Θεοῦ
574 5285 766 5350 Λόγος,
797 5288 827 5338 6
856 5285 1006 5354 παρὰ
1047 5287 1224 5357 πάσης
1252 5288 1349 5357 τῆς
1395 5289 1625 5352 κτίσεως
1656 5306 1822 5360 προσ-

257 5373 604 5441 κυνούμενος,
634 5372 771 5445 σὰρξ
800 5377 1016 5444 ἐγένετο
1038 5376 1179 5430 κατὰ
1203 5376 1302 5440 τὰς
1326 5379 1364 5432 Γ
1370 5380 1547 5448 ραφάς
1564 5396 1577 5410 ·
1612 5379 1713 5432 οὐκ
1742 5382 1822 5443 είς

260 5463 437 5531 σάρκα
467 5462 958 5534 μεταϐεϐλημένος,
986 5467 1101 5521 ἀλλ’
1135 5469 1201 5519 ὲκ
1221 5467 1320 5536 τῆς
1347 5469 1506 5536 ἁγίας
1539 5469 1815 5542 Παρθένου

1952 3118 2004 3172 id
2040 3128 2216 3173 tamen
2250 3119 2430 3174 divina
2465 3120 2611 3177 illius
2639 3132 2830 3177 natura
2869 3126 3167 3182 exsistendi
3198 3127 3519 3199 principium

1952 3217 2062 3262 tum
2103 3208 2318 3265 demum
2356 3213 2605 3281 sumpsit,
2640 3229 2763 3269 cum
2804 3216 2934 3272 illud
2961 3219 3258 3274 secundum
3301 3235 3521 3275 carnem

1951 3312 2134 3356 natum
2167 3302 2387 3360 dicitur.
2422 3304 2527 3359 Sed
2556 3304 2914 3376 fuitquidem,
2945 3309 3055 3382 45
3083 3322 3140 3367 et
3168 3321 3252 3368 est
3278 3312 3360 3383 (ut
3381 3313 3521 3385 'dixi)

1946 3408 2011 3448 ex
2047 3393 2156 3449 Deo
2187 3394 2345 3451 Patre
2376 3398 2693 3454 naturaliter
2715 3409 2770 3455 et
2797 3415 2923 3457 vere
2956 3402 3216 3458 Verbum.
3250 3404 3518 3472 Quoniam

1948 3498 2077 3540 vero
2099 3486 2145 3541 is
2174 3487 2265 3555 qui
2297 3503 2363 3542 ex
2396 3504 2550 3544 sacra
2596 3491 2816 3563 Virgine
2853 3502 3014 3550 natus
3059 3505 3163 3560 est,
3211 3512 3315 3551 non
3355 3498 3522 3555 homo

1946 3577 2260 3648 simpliciter
2286 3587 2344 3633 ut
2371 3594 2489 3645 nos,
2520 3581 2616 3635 sed
2656 3582 2831 3649 ipsum
2872 3583 2964 3639 Dei
2999 3584 3229 3642 Verbum
3267 3589 3517 3644 incarna—

1946 3674 2056 3721 tum
2085 3668 2418 3738 intelligitur,
2446 3669 2587 3738 quod
2616 3684 2812 3740 corpus
2844 3687 2910 3727 ex
2939 3675 3054 3745 ipsa
3089 3687 3358 3747 sumptum
3391 3694 3515 3749 pro-

1945 3758 2121 3829 prium
2155 3759 2256 3813 sibi
2282 3759 2446 3823 fecit,
2486 3760 2612 3815 hinc
2645 3770 2729 3817 est
2768 3766 2908 3832 quod
2952 3770 3243 3822 secundum
3292 3784 3513 3826 carnem

1944 3858 2130 3903 natum
2168 3849 2387 3914 dicitur,
2421 3852 2605 3905 carnis
2640 3850 2895 3907 nimirum
2930 3855 3263 3911 nativitatem
3297 3867 3354 3911 ut
3382 3874 3511 3928 pro-

1943 3939 2114 4008 priam
2144 3939 2196 3993 in
2221 3954 2279 3996 se
2308 3940 2662 3998 transferens.

2012 4031 2100 4088 VI.
2140 4031 2221 4087 illi
2264 4044 2441 4089 autem
2490 4038 2583 4105 qui
2635 4049 2847 4091 sacram
2896 4034 3170 4106 Virginem
3226 4038 3503 4105 Deiparam

1939 4133 2060 4176 esse
2085 4120 2329 4190 imperite
2356 4137 2574 4193 negant,
2605 4124 2708 4180 huc
2737 4128 3041 4182 necessario
3086 4129 3389 4197 adiguntur,
3437 4143 3496 4185 nt

1940 4212 2074 4268 duos
2130 4212 2225 4269 Dei
2277 4213 2414 4269 ﬁlios
2472 4216 2826 4274 constituant.
2878 4218 3011 4274 Nam
3063 4221 3106 4275 si
3142 4236 3294 4277 sacra
3340 4220 3502 4295 Virgo

1942 4300 2108 4355 Deum
2142 4302 2480 4358 incarnatum
2524 4308 2821 4362 secundum
2866 4322 3086 4365 carnem
3137 4328 3239 4365 non
3276 4317 3501 4383 peperit,

1940 4393 2022 4447 vel
2052 4394 2201 4448 inviti
2238 4399 2535 4451 concedant
2563 4408 2793 4466 oportet,
2821 4400 3090 4455 hominem
3137 4411 3341 4458 tantum
3388 4407 3502 4461 vul-

1933 4496 2153 4551 garem,
2202 4484 2463 4554 nobisque
2514 4487 2684 4541 nihilo
2730 4489 3164 4545 excellentioretn
3217 4492 3270 4546 in
3324 4494 3494 4551 lucem

1931 4572 2184 4628 edidisse.
2228 4574 2378 4640 Quod
2435 4577 2480 4631 si
2539 4593 2625 4632 res
2670 4578 2742 4632 ita
2795 4579 2975 4646 habet,
3004 4596 3108 4650 qua
3141 4583 3367 4640 obsecro
3409 4602 3500 4642 ra—

1934 4661 2099 4728 tione,
2132 4678 2295 4719 omne
2322 4680 2459 4735 genu
2486 4666 2559 4720 illi
2595 4667 2982 4734 incnrvahitur,
3015 4673 3297 4742 omnisque
3319 4674 3498 4743 lingua

1930 4754 2297 4820 conﬁtebitur,
2331 4756 2473 4824 quod
2512 4756 2770 4812 Dominus
2792 4771 2976 4815 noster
3001 4759 3160 4817 Jesus
3190 4772 3272 4819 est
3302 4764 3353 4818 in
3381 4765 3498 4835 glo—

1933 4840 2009 4894 ria
2055 4840 2147 4896 Dei
2196 4842 2373 4899 Patris
2394 4843 2479 4900 “‘2
2524 4846 2801 4911 Quomodo
2854 4850 3063 4920 angeli,
3111 4860 3166 4906 et
3217 4866 3374 4909 sacer
3412 4856 3501 4910 ille

1933 4934 2231 4989 cwlestium
2285 4936 2541 4990 virtutum
2595 4947 2771 4994 castus
2821 4939 2967 4995 illum
3016 4946 3202 4998 adoret
3223 4945 3310 4999 ‘7?
3352 4946 3501 5000 Nun-

1933 5024 2059 5094 quid
2112 5026 2383 5079 hominem
2428 5040 2798 5096 communem,
2850 5040 2904 5086 et
2937 5047 3034 5087 nos
3086 5043 3140 5087 et
3186 5035 3494 5089 universum

1930 5115 2125 5171 coelum
2194 5118 2453 5173 hactenus
2506 5121 2877 5189 percolimus?
2932 5123 3133 5179 Absit:
3200 5125 3492 5181 adoramus

1930 5208 2075 5263 enim
2107 5207 2512 5263 Emmanuelem
2564 5220 2818 5281 tanquam
2870 5228 3055 5266 verum
3105 5212 3292 5268 Deum.
3330 5217 3494 5287 Atqui

1931 5297 2070 5351 nulla
2108 5297 2314 5352 ratione
2356 5301 2568 5354 adorari
2607 5311 2806 5369 potest,
2850 5302 2951 5356 nisi
2996 5305 3278 5359 credamus
3321 5307 3493 5375 ipsum

1928 5388 2021 5443 Dei
2047 5388 2225 5444 Patris
2248 5388 2505 5459 Verbum,
2535 5394 2676 5462 quod
2717 5395 2784 5447 ab
2828 5395 3081 5451 universa
3117 5401 3493 5453 creatura‘ad-

1924 5483 2133 5542 oratur,
2168 5476 2460 5533 secundum
2503 5479 2812 5552 Scriptores
2842 5496 3063 5539 carnem
3090 5483 3294 5542 factum
3327 5503 3445 5546 esse
3473 5502 3491 5544 :

322 5636 554 5694 “Hebr.
582 5655 640 5709 tt,
691 5641 774 5711 Η,
816 5643 898 5698 l5.
979 5643 1023 5676 “
1054 5643 1283 5713 Philipp.
1328 5660 1385 5709 tt,
1430 5646 1510 5712 10,
1554 5646 1640 5700 il.
1719 5649 1757 5679 ⁸⁷
1792 5649 1952 5707 Hebr.
1996 5668 2031 5721 ι,
2072 5652 2125 5710 6.
