3970 6136
535 285 671 344 1207
1518 292 1577 348 S.
1615 292 1883 349 CYRILLI
1922 297 2385 356 ALEXANDRINI
2423 302 2736 358 ARCHIEP.
3662 307 3802 362 19.08

534 421 638 460 non
689 404 830 475 quod
889 405 941 459 in
999 419 1231 475 cantem.
1274 407 1606 462 dentulatum
1667 411 1964 477 transierit,
2002 415 2089 469 sed

2202 406 2380 485 σάρκα
2414 417 2614 484 λαόὼν,
2646 418 2720 482 ὡς
2748 418 2903 488 ἔφην,
2940 420 3034 472 καὶ
3074 418 3441 491 ἀνθρωπίνην
3475 421 3607 491 μεθ’
3644 419 3800 491 ἡμῶν

505 496 687 563 ‘quod
722 510 786 549 ex
820 494 932 565 ipsa
966 509 1118 550 sacra
1152 494 1370 565 Virgine
1400 511 1617 552 carnem
1658 501 1973 569 susceperit,
2003 500 2089 556 hu-

2203 506 2504 575 ὑπομείνας
2553 509 2842 579 γέννησιν’
2906 510 2994 563 ἵνα
3048 512 3141 563 καὶ
3192 511 3495 580 ἄνθρωπος
3552 511 3798 579 γεγονὼς

536 600 884 655 manamque,
937 595 995 640 ut
1048 593 1174 639 ante
1228 587 1529 656 expositum
1585 599 1689 655 est,
1742 589 2089 659 nativitatem,

2201 596 2342 667 ὑπὲρ
2395 598 2573 669 ἡμῶν,
2617 599 2864 671 ἀποθάνῃ
2906 600 3004 670 μὲν
3052 602 3444 673 ἀνθρωπίνως,
3482 602 3709 671 ἀναστῇ
3744 600 3797 652 δὲ

533 676 759 745 perinde
786 692 851 733 ac
880 692 994 741 nos,
1027 677 1320 745 suhiverit;
1356 694 1463 749 quo
1497 679 1750 734 nimirum
1793 681 1956 737 homo
1997 698 2089 738 no-

2200 687 2420 753 θεῖκῶς,
2451 692 2699 762 πατήσας
2735 691 2830 745 τοῦ
2861 691 3088 746 θανάτου
3118 693 3180 745 τὸ
3220 693 3453 763 κράτος.
3487 691 3664 745 Οὕτω
3694 693 3795 760 γὰρ

531 771 628 824 stri
665 783 823 823 causa
856 768 1077 836 factum,
1110 785 1263 825 more
1295 770 1514 838 quidem
1547 770 1776 825 aliorum
1819 773 2089 828 hominum

2197 774 2266 850 ἦν
2313 779 2573 834 δύνασθαι
2622 783 2717 836 καί⁵
2754 784 2901 853 ἡμᾶς
2943 783 3018 846 ὼς
3061 784 3120 837 ὲν
3165 784 3395 855 Χριστῷ
3448 785 3793 854 νικήσαντας

532 872 758 915 mortem
790 869 1086 930 pateretur,
1130 862 1440 931 proculcato
1470 872 1647 917 autem
1692 865 1882 919 mortis
1926 865 2089 935 impe-

2204 873 2681 943 κατευμεγεθῆσαι
2719 875 2817 944 μὲν
2846 874 2944 942 τῆς
2979 876 3275 945 ἁμαρτίας,
3308 873 3721 928 ἀποδύσασθαι
3744 873 3793 925 δὲ

533 946 631 1010 ι·ἰο,
664 947 844 1003 divina
881 950 931 1004 vi
969 966 1181 1004 rursum
1223 962 1550 1021 resurgeret.
1599 952 1708 1006 lloc
1752 954 1893 1008 enim
1936 957 2089 1011 modo

2200 959 2299 1030 τὴν
2333 960 2559 1031 φθορὰν,
2601 962 2695 1016 καὶ
2726 963 3010 1031 διαδρᾶναι
3042 962 3292 1028 θάνατον,
3326 963 3482 1017 οὕτω
3522 981 3595 1016 τε
3627 966 3791 1016 almis

530 1034 730 1090 factum
765 1047 870 1104 est,
901 1048 960 1094 ut
1003 1055 1100 1094 nos
1146 1054 1361 1109 quoque
1407 1056 1502 1110 per
1548 1042 1823 1097 Christum
1860 1044 2089 1111 vincere,

2200 1052 2263 1102 ὲκ
2298 1054 2653 1122 περιχαρείας
2696 1054 2795 1124 τῆς
2822 1057 2880 1108 έν
2932 1055 3182 1127 Χριστῷ·
3218 1076 3236 1108 ι
3273 1056 3384 1110 Ποῦ
3420 1059 3459 1126 ἡ
3491 1057 3633 1128 νίκη
3672 1075 3788 1117 σου,

529 1136 857 1197 pcccatoque
893 1129 1175 1195 debellato,
1204 1146 1268 1184 ac
1302 1133 1473 1199 posita
1526 1134 1871 1201 corruptione
1894 1174 1909 1199 ,
1951 1151 2089 1191 mor-

2198 1139 2427 1206 θάνατε;
2477 1142 2580 1195 ποῦ
2609 1144 2669 1196 τὸ
2696 1144 2919 1214 κέντρον
2951 1162 3067 1212 σου,
3097 1144 3236 1214 ᾅδης
3273 1163 3292 1195 ι
3324 1144 3559 1214 Ὠσπερ
3596 1144 3709 1214 γὰρ
3741 1147 3787 1196 ἐν

533 1230 637 1274 tem
667 1218 898 1288 etl‘ugere
930 1234 1230 1288 possemus,
1260 1221 1552 1302 laetitiaque
1601 1223 1652 1275 in
1690 1222 1912 1278 Christo
1953 1226 2089 1293 pleni

2210 1230 2381 1300 ’Δδὰμ
2424 1218 2810 1302 πεπτώκαμεν,
2855 1231 2998 1285 οὕτω
3040 1234 3412 1303 νενικήκαμεν
3446 1235 3513 1285 ἐν
3545 1228 3785 1302 Χριστῷ.

537 1311 880 1367 diceremus:
917 1331 935 1364 ι
973 1310 1074 1366 Ubi
1101 1322 1201 1378 est,
1234 1326 1399 1379 mors,
1441 1312 1664 1367 victoria
1708 1316 1842 1369 tua?
1887 1316 1975 1371 ubi
2005 1327 2089 1374 est
2128 1320 2379 1376 stimulus
2403 1331 2548 1388 tuus,
2588 1323 2799 1379 inferne
2821 1323 2907 1377 ‘3?
2932 1342 2952 1375 ι
2986 1322 3056 1378 Ut
3109 1324 3252 1378 enim
3283 1324 3338 1377 in
3372 1325 3566 1378 Adam
3595 1324 3782 1378 device

537 1418 744 1469 sumus,
775 1404 845 1457 ita
872 1419 1079 1458 rursum
1108 1404 1161 1459 in
1194 1403 1409 1461 Christo
1441 1406 1756 1462 devicimus.

596 1494 707 1549 VII.
741 1496 894 1561 Quod
923 1496 969 1551 si
1002 1497 1240 1566 vulgaris
1270 1505 1479 1551 tantum
1515 1497 1675 1552 homo
1700 1507 1845 1554 esset
1873 1497 2089 1555 Emma-

533 1587 676 1650 nuel,
704 1588 972 1656 quomodo
1007 1601 1149 1642 mers
1177 1588 1412 1643 hominis
1438 1588 1684 1643 humana:
1708 1599 1911 1644 natum
1937 1604 2091 1661 opem

2273 1503 2350 1558 Z'.
2394 1505 2456 1559 Ei
2484 1505 2539 1560 δὲ
2574 1506 2858 1579 ἄνθρωπος
2894 1501 2964 1577 ἦν
2995 1505 3169 1573 κοινὸς
3201 1507 3230 1559 6
3256 1505 3654 1577 Ἐμμανουήλ,
3681 1506 3783 1567 τίς

2199 1593 2266 1648 ἂν
2289 1595 2537 1666 ὠφέλησε
2564 1598 2665 1668 τὴν
2706 1597 2995 1670 ἀνθρώπου
3023 1597 3184 1665 φύσιν
3215 1600 3244 1651 6
3268 1597 3581 1667 ἀνθρώπου
3633 1597 3780 1649 θάνα-

529 1678 782 1732 tnlisset?
816 1678 1101 1732 Enimvero
1151 1694 1257 1732 non
1314 1680 1472 1750 pauci
1511 1688 1819 1734 sanctorum
1873 1683 2089 1749 prophe-

2198 1701 2319 1752 τοςς
2370 1687 2561 1741 Καίτοι
2612 1689 2796 1742 πολλοὶ
2840 1687 3222 1759 προαπέθανον
3276 1688 3430 1755 ἅγιοι
3482 1688 3776 1757 προφῆται,

529 1779 704 1821 tarum
733 1778 961 1823 mortem
995 1768 1269 1833 obierunt,
1298 1779 1354 1824 ut
1386 1770 1789 1825 laudatissitnus
1817 1770 1906 1826 ille
1931 1772 2101 1825 Abra-

527 1862 677 1925 ham,
732 1859 901 1923 Isaae,
950 1859 1154 1926 Jacob,
1200 1860 1445 1930 Moyses,
1497 1859 1746 1927 Samuel,
1799 1863 2098 1931 reliquique

527 1952 803 2020 deinceps,
837 1952 927 2020 qui
958 1952 1082 2005 vitae
1113 1953 1473 2006 sanctimonia
1498 1951 1803 2006 claruerunt
1830 1971 1844 2018 ;
1877 1969 2095 2007 verum-

530 2054 710 2098 tamen
750 2058 893 2098 ﬂlOl’S
949 2043 1164 2098 illorum
1198 2044 1380 2111 generi
1433 2042 1669 2097 humano
1700 2042 1831 2096 nihil
1876 2044 2095 2097 omnino

526 2133 754 2189 contulit
785 2150 799 2187 :
835 2145 890 2186 at
937 2148 1066 2188 vero
1100 2148 1247 2188 mors
1294 2131 1493 2187 Christi
1528 2132 1753 2187 salutem
1807 2136 2091 2203 praestitit;

528 2227 791 2295 siquidem
821 2225 1092 2296 propriam
1121 2239 1219 2294 pro
1261 2224 1414 2279 nobis
1459 2222 1570 2295 46
1613 2239 1831 2279 carnem
1877 2226 2091 2285 obtulit,

526 2315 803 2384 mortique
828 2313 1174 2382 semetipsum
1200 2312 1369 2368 nostri
1398 2328 1560 2367 causa
1597 2316 1940 2377 contradens,
1975 2328 2093 2365 om-

527 2420 624 2459 nes
649 2420 715 2457 ex
757 2404 950 2459 mortis
981 2403 1184 2473 laqueis
1217 2403 1440 2457 exemit.
1494 2402 1643 2458 Unus
1674 2402 1816 2456 enim
1854 2418 1949 2472 pro
1979 2419 2092 2457 om-

526 2497 685 2551 nibus
718 2495 954 2552 moriens
998 2494 1278 2560 satisfecit,
1332 2504 1390 2548 ut
1428 2495 1517 2563 qui
1553 2494 1840 2562 plurimum
1885 2495 2093 2546 cameris

525 2592 777 2644 omnibus
838 2590 1096 2660 dignitate
1148 2597 1448 2660 ptest-aret.
1502 2587 1637 2641 Nam
1677 2597 1730 2642 et
1781 2588 1871 2642 Dei
1918 2590 2092 2645 Patris

525 2680 763 2736 Verbum
796 2690 899 2745 est,
943 2690 999 2737 et
1050 2690 1243 2736 natura
1283 2681 1443 2747 Deus,
1489 2693 1544 2735 et
1577 2695 1773 2749 corpus
1813 2684 1955 2749 quod
1998 2697 2093 2750 pro

529 2775 683 2831 nobis
715 2775 766 2828 in
795 2776 1014 2829 odorem
1045 2775 1328 2830 suavitatis
1371 2773 1478 2827 Deo
1520 2781 1577 2827 et
1618 2771 1764 2828 Patri
1807 2772 2089 2838 oﬂ‘erebat,

525 2870 669 2925 illius
708 2871 981 2940 proprium
1037 2868 1155 2924 fuit.
1215 2864 1437 2937 impium
1480 2875 1564 2921 est
1610 2881 1773 2937 ergo,
1827 2865 2093 2935 longeque

2212 1775 2461 1848 Ἀϐραὰμ
2509 1780 2716 1841 ἐκεῖνος
2760 1782 2788 1832 6
2832 1778 3147 1849 διαϐόητος,
3184 1778 3394 1839 Ἰσαὰκ,
3429 1779 3533 1830 καὶ
3572 1777 3777 1838 Ἰακὼϐ,

2198 1867 2401 1937 Μωσῆς
2431 1884 2512 1929 τε,
2545 1870 2641 1922 καὶ
2671 1869 2924 1941 Σαμουὴλ
2949 1909 2963 1931 ,
2999 1870 3092 1923 καὶ
3134 1871 3182 1922 οί
3227 1869 3472 1939 καθεξῆς
3496 1869 3779 1937 γεγονότες

2198 1953 2343 2022 ἅγιοι
2365 1973 2376 1986 ·
2410 1956 2525 2009 ἀλλ’
2547 1956 2722 2027 ὢνησε
2764 1958 2862 2027 μὲν
2892 1958 3043 2011 οὐδὲν
3071 1958 3130 2011 τὸ
3157 1958 3251 2010 ἐπὶ
3279 1958 3387 2025 γῆς
3418 1957 3539 2009 τῶν
3567 1957 3777 2027 ἀνθρὼ-

2198 2062 2315 2098 πων
2344 2044 2499 2113 γένος
2530 2048 2558 2099 6
2591 2047 2815 2101 ἐκείνων
2843 2047 3091 2112 Θάνατος,
3114 2047 3323 2099 σέσωκε
3352 2046 3411 2098 δὲ
3442 2048 3473 2097 ὁ
3498 2047 3741 2117 Χριστοῦ
3760 2061 3773 2073 ·

2198 2137 2604 2207 προσκεκόμικε
2641 2139 2751 2208 γὰρ
2787 2139 2925 2209 ὑήρ
2957 2137 3114 2208 ἡμῶν
3142 2137 3242 2206 τὴν
3271 2137 3409 2187 ἰδίαν
3459 2139 3665 2205 σάρκα,
3689 2137 3777 2189 καὶ

2194 2227 2319 2291 δοὺς
2347 2227 2549 2298 αὐτὴνὶ
2609 2227 2688 2299 τῷ
2716 2228 2930 2297 θανάτῳ
2975 2228 3043 2280 δι’
3085 2227 3255 2297 ἡμᾶς,
3296 2227 3515 2289 πάντας
3548 2227 3775 2292 ἐξείλετο

2194 2318 2303 2372 τῶν
2348 2320 2442 2372 τοῦ
2487 2320 2717 2375 θανάτου
2765 2318 2998 2389 δεσμῶν.
3046 2318 3287 2387 Ἤρκεσε
3341 2317 3456 2388 γὰρ
3514 2314 3599 2379 εἷς
3645 2318 3773 2385 ὑπὲρ

2197 2409 2416 2462 πάντων
2464 2408 2750 2462 ἀποθανὼν
2806 2413 2853 2463 ὁ,
2884 2410 3101 2464 πάντων
3147 2409 3487 2478 ἀξιώτερος,
3548 2409 3633 2460 ὅτι
3685 2410 3769 2460 καὶ

2198 2500 2359 2567 φύσει
2393 2501 2525 2563 Θεὸς
2553 2502 2581 2553 6
2611 2502 2675 2553 ὲκ
2700 2501 2911 2569 Πατρός
2943 2503 3060 2553 ἐστι
3085 2500 3283 2568 Λόγος,
3312 2497 3411 2552 καὶ
3447 2498 3585 2551 ἴδιον
3613 2495 3765 2550 αὐτοῦ

2197 2587 2377 2657 σῶμα,
2407 2587 2466 2641 τὸ
2491 2588 2630 2659 ὑπὲρ
2665 2589 2822 2659 ἡμῶν
2851 2591 2931 2652 είς
2955 2589 3133 2658 ὀσμὴν
3160 2589 3393 2651 εὐωδίας
3423 2589 3505 2657 τῷ
3530 2587 3652 2656 θεῷ
3682 2589 3765 2640 καὶ

2197 2677 2373 2749 Πατρὶ
2405 2678 2965 2750 προσκεκομισμένον.
3009 2678 3223 2732 Οὐκοῦν
3273 2677 3475 2740 ἀσεϐὲς
3496 2719 3511 2739 ,
3544 2678 3642 2729 καὶ
3668 2676 3762 2727 τῶν

2193 2768 2315 2821 λίαν
2348 2769 2761 2834 ὲκτοπωτάτων,
2792 2769 2854 2823 τδ
2876 2768 3097 2841 τέμνειν
3121 2769 3200 2832 εις
3234 2754 3389 2831 υἱοὺς
3420 2767 3524 2821 δύο
3560 2767 3649 2820 τὸν
3677 2768 3763 2819 ἕνα

2193 2860 2396 2934 Κύριον
2430 2861 2636 2934 Ἰησοῦν
2681 2863 2932 2933 Χριστόν.
2971 2861 3342 2927 ’Δντιτάξεται
3384 2860 3441 2912 δὲ
3469 2858 3766 2920 αὐτοῖςκαὶ

524 2962 993 3026 absurdissimum,
1048 2974 1214 3015 unum
1274 2958 1558 3017 Dominum
1608 2965 1851 3014 nostrum
1905 2953 2085 3013 Jesum

2197 2953 2226 3006 6
2254 2952 2562 3023 σοφώτατος
2595 2953 2806 3016 Παῦλος
2838 2954 3045 3022 λέγων·
3086 2971 3107 3003 ι
3146 2949 3246 3015 Εἷς
3279 2950 3493 3020 Κύριος,
3525 2949 3629 3018 μία
3674 2949 3767 2999 πί-

524 3052 799 3106 (Σιιι-ἰειιιιιι
832 3051 884 3105 in
913 3051 1047 3105 duos
1075 3050 1217 3105 ﬁlios
1255 3049 1529 3117 divellere,
1557 3049 1792 3104 maxime
1837 3064 1959 3104 cum
2002 3063 2089 3103 sa-

525 3142 900 3212 pientissimus
931 3141 1130 3196 Paulus
1174 3139 1300 3194 huic
1337 3140 1622 3194 sententiae
1671 3139 1872 3194 diserte
1914 3139 2090 3195 recla-

527 3244 654 3289 met.
685 3235 775 3289 Ait
812 3233 954 3287 enim
988 3249 1006 3284 :
1043 3251 1062 3283 ι
1105 3230 1255 3287 Unus
1286 3231 1567 3296 Dominus,
1602 3246 1711 3285 una
1745 3230 1900 3296 ﬁdes,
1925 3245 2090 3285 unum

525 3323 791 3392 baptisma
816 3323 882 3376 “.
922 3342 943 3374 ι
979 3319 1111 3375 Nam
1139 3320 1184 3375 si
1217 3335 1358 3375 unus
1393 3319 1653 3375 duntaxat
1687 3329 1770 3377 est
1808 3319 2089 3388 Dominus,

523 3429 684 3484 quem
715 3413 789 3468 illi
822 3413 877 3468 in
909 3413 1042 3468 duos
1075 3412 1215 3467 illius
1243 3411 1592 3477 distrahunt,
1619 3411 1751 3477 utri,
1789 3425 1996 3481 quaeso,
2019 3425 2089 3466 ex

523 3506 634 3560 illis
681 3503 1064 3559 dominationis
1101 3503 1325 3573 gloriam
1370 3501 1810 3571 assignabimus?
1868 3504 1949 3556 An
1995 3500 2090 3556 Dei

523 3597 703 3652 Patris
734 3596 915 3666 genito
942 3594 1158 3651 Verbo?
1180 3594 1236 3669 in
1270 3594 1413 3649 hunc
1439 3608 1689 3664 namque,
1715 3607 1837 3648 cum
1875 3592 2090 3647 univer-

524 3700 707 3741 sorum
733 3684 991 3741 Dominus
1021 3685 1197 3754 reipsa
1226 3684 1333 3748 sit,
1357 3692 1411 3738 et
1443 3685 1748 3739 dominatus
1777 3697 2004 3749 nomen,
2034 3690 2090 3736 et

524 3793 614 3834 res
648 3778 765 3846 ipsa
795 3790 1012 3847 quoque
1042 3778 1211 3832 multo
1242 3779 1476 3832 maxime
1503 3776 1778 3830 convenit.
1812 3774 1957 3830 Cedo
1991 3789 2088 3827 au-

523 3881 658 3935 tem,
696 3884 805 3939 quo
830 3868 1046 3924 interim
1093 3869 1215 3923 loco
1263 3866 1492 3922 alterum
1539 3866 1690 3921 illum
1727 3863 2090 3921 habebimus?

520 3961 656 4015 Nam
690 3973 813 4015 cum
862 3959 951 4015 hic
992 3958 1158 4029 priori
1207 3958 1311 4023 illi,
1356 3964 1544 4027 utpote
1590 3955 1816 4011 inﬁnitis
1845 3953 2089 4025 partibus

520 4050 829 4118 excelsiori,
865 4051 989 4119 jure
1021 4050 1322 4118 meritoque
1365 4061 1619 4103 cessurus
1660 4047 1750 4112 sit,
1801 4060 2084 4100 necessum

520 4152 609 4199 est
664 4150 725 4197 ut
769 4141 1152 4197 dominationis
1203 4138 1413 4193 titulum
1463 4152 1689 4207 prorsus
1734 4137 1966 4190 amittat.
2019 4138 2089 4190 At

520 4232 905 4289 dominationis
935 4231 1142 4303 gloria,
1184 4239 1242 4286 ut
1281 4230 1357 4285 illi
1401 4229 1502 4299 ipsi
1540 4227 1633 4299 qui
1673 4237 1945 4297 separant,
2002 4227 2087 4281 di-

2196 3061 2335 3109 στις,
2378 3044 2436 3098 ἓν
2468 3045 2770 3116 βάπτισμα.
2812 3064 2831 3096 ι
2869 3046 2932 3099 Εί
2957 3045 3066 3117 γάρ
3109 3045 3226 3096 ἐστι
3262 3041 3460 3111 Κύριος
3491 3033 3575 3101 είς
3649 3032 3769 3093 εἶτα

2194 3136 2453 3206 τέμνουσί
2477 3154 2621 3199 τινες
2658 3139 2738 3202 είς
2769 3138 2862 3192 δύο
2893 3137 3044 3199 υἱοὺς
3083 3135 3178 3189 τὸν
3207 3133 3330 3198 ἕνα,
3368 3131 3477 3185 τίνι
3522 3130 3627 3200 τὴν
3672 3129 3767 3199 τῆς

2194 3228 2515 3299 κυριότητος
2539 3227 2696 3293 δόξαν
2727 3227 3129 3300 περιθήσομεν;
3176 3222 3290 3297 ἄρα
3332 3223 3416 3294 τῷ
3459 3224 3529 3275 έκ
3562 3220 3766 3291 Πατρὶς

2194 3318 2356 3386 φύντι
2402 3319 2593 3390 Λόγῳ;
2627 3318 2831 3390 πρέπει
2880 3318 2991 3390 γὰρ
3035 3316 3184 3386 αὐτῷ
3209 3316 3270 3369 τὸ
3298 3317 3403 3385 τῆς
3449 3313 3765 3385 κυριότητος

2193 3407 2368 3479 ὄνομά
2391 3425 2449 3462 τε
2484 3408 2720 3479 μάλιστα
2746 3409 2839 3462 καὶ
2863 3406 3073 3478 χρῆμα,
3101 3405 3201 3459 καὶ
3225 3403 3375 3457 ἔστιν
3414 3401 3639 3472 ἀληθῶς
3664 3399 3761 3452 τῶν

2193 3498 2333 3552 ὅλων
2362 3499 2658 3568 Δεσπότης.
2694 3493 2829 3552 Εἶτα
2862 3498 2986 3551 ὅποι
3014 3496 3145 3550 ποτὲ
3170 3496 3263 3548 τὸν
3290 3494 3485 3567 ἕτερον
3502 3495 3757 3565 θήσομεν;

2193 3588 2300 3655 ἔξω
2347 3590 2456 3661 γὰρ
2485 3590 2727 3644 κείσεται
2760 3588 2855 3643 τοῦ
2881 3585 3021 3643 εῖναι
3056 3586 3284 3658 Κύριος,
3310 3586 3671 3658 παραχωρῶν
3697 3584 3759 3653 τῷ

2193 3682 2625 3753 προῦπάρχοντι,
2667 3681 2763 3734 καὶ
2795 3679 3144 3752 ἀσυγκρίτως
3178 3678 3585 3748 ὑπερηρμένῳ.
3619 3674 3756 3728 Ἀλλὰ

2192 3772 2273 3844 τῷ
2301 3775 2366 3826 ἐκ
2394 3772 2670 3841 γυναικὸς,
2701 3772 2777 3835 ὡς
2809 3771 2962 3825 αὐτοί
3003 3786 3167 3840 φασιν
3201 3767 3654 3833 ἀποδιιστάντες,
3678 3765 3757 3828 τὴν

2191 3864 2293 3934 τῆς
2322 3852 2664 3934 ’κυριότητος
2713 3862 2992 3933 ἀνάψομεν
3028 3860 3205 3926 δόξαν.
3254 3854 3398 3916 Εἶτα
3452 3859 3583 3922 πῶς
3630 3858 3756 3910 ἔσται

2192 3955 2397 4024 Κύριος
2438 3956 2466 4008 6
2506 3955 2570 4007 ὲκ
2608 3952 2744 4006 Θεοῦ
2780 3952 2993 4024 Πατρὺς
3031 3952 3225 4020 Λόγος,
3277 3951 3440 4021 εἴπερ
3475 3949 3635 4012 ὄντος
3660 3947 3756 4006 ἑνὸς

2191 4043 2420 4113 Κυρίου,
2454 4043 2596 4096 κατὰ
2639 4042 2739 4106 τὰς
2785 4042 3044 4114 Γραφάς,
3089 4039 3367 4112 ἀνθρώπῳ
3398 4040 3550 4109 ψιλῷ
3586 4039 3649 4091 τὸ
3676 4036 3753 4105 τῆς

2191 4134 2509 4205 κυριότητος
2533 4133 2703 4205 ὄνομα
2727 4132 3100 4204 χαριούμεθας
3148 4131 3274 4194 Πῶς
3310 4130 3370 4184 δὲ
3402 4133 3505 4183 καὶ
3555 4131 3656 4199 μία
3684 4125 3754 4178 εἰσ

2192 4241 2345 4289 στις;
2374 4225 2406 4295 ἢ
2437 4224 2554 4288 πῶς
2579 4225 2637 4277 ἓν
2660 4225 2722 4278 τὸ
2746 4224 3059 4295 βάπτισμα;
3091 4224 3158 4276 El
3184 4223 3295 4293 γὰρ
3324 4224 3437 4275 υἱοὶ
3465 4221 3595 4287 δύο,
3640 4217 3756 4272 κατὰ

519 4334 675 4391 cunt,
705 4338 740 4380 ο
771 4324 995 4379 muliere
1025 4329 1288 4392 prognata
1316 4320 1603 4375 tribuetur.
1633 4317 1768 4373 Cum
1808 4318 1974 4387 igitur
1999 4332 2088 4373 sa-

2197 4333 2366 4379 τινας,
2409 4316 2489 4378 εἰς
2527 4316 2649 4367 τίνα
2697 4315 3059 4385 πιστεύομεν;
3102 4313 3217 4383 Τῆς
3254 4311 3490 4366 ἐκείνων
3537 4308 3752 4381 ἀμαθίας

517 4429 736 4471 crarum
787 4408 1116 4470 Litterarum
1171 4411 1509 4476 testimonio,
1546 4426 1690 4466 unus
1739 4419 1952 4464 tantum
2010 4409 2085 4463 sit

2197 4407 2352 4477 ἔργον
2392 4405 2458 4459 ἂν
2490 4404 2575 4476 είη
2605 4404 2805 4472 λέγειν,
2854 4403 2934 4467 εἷς
2963 4422 3016 4474 γε
3069 4404 3217 4467 τίνος
3276 4402 3457 4473 ὄνομα
3510 4396 3747 4473 βεϐαπτί-

518 4507 816 4573 Dominus;
851 4506 897 4561 si
925 4503 1309 4561 dominationis
1350 4500 1665 4557 vocabulum
1698 4501 1840 4556 nudo
1875 4500 2082 4555 homini

2193 4496 2388 4568 σμεθα,
2420 4496 2595 4562 καίτοι
2628 4496 3002 4567 βαπτίσματος
3038 4496 3189 4558 bino;
3218 4495 3360 4557 ἑνός.

520 4599 887 4670 impartimur,
945 4598 1215 4668 quomodo
1255 4596 1348 4651 Dei
1391 4595 1568 4650 Patris
1629 4594 1866 4649 Ver-bum
1924 4592 2306 4650 dominationis
2366 4590 2725 4660 appellatione
2771 4588 3289 4644 cohonestahimus?
3317 4589 3612 4655 Quomodo
3654 4600 3745 4641 rure

517 4706 635 4743 sum
687 4706 790 4744 una
821 4690 925 4745 erit
956 4690 1108 4755 ﬁdes,
1133 4700 1190 4747 et
1235 4706 1397 4745 unum
1454 4690 1582 4745 item
1636 4688 1944 4758 baptisma?
1981 4686 2113 4743 Nam
2156 4688 2201 4742 si
2232 4687 2337 4741 duo
2386 4693 2511 4740 sunt
2541 4683 2658 4749 lilii,
2702 4691 2760 4737 ut
2798 4683 3017 4753 quidam
3054 4683 3366 4750 opinantur,
3404 4681 3461 4735 in
3498 4695 3661 4750 quem
3695 4689 3745 4730 ex

517 4782 624 4836 illis
660 4781 973 4836 credimus?
1008 4782 1221 4838 Iliorum
1262 4783 1491 4840 inscitia:
1532 4783 1638 4838 erit
1686 4782 1898 4847 dicere,
1934 4780 1988 4835 in
2022 4776 2184 4850 cujus
2220 4777 2382 4834 etiam
2431 4775 2648 4831 nomine
2720 4774 2975 4843 haptizati
3039 4787 3263 4839 sumus,
3317 4788 3446 4827 cum
3501 4786 3665 4827 unum
3692 4768 3747 4823 sit

519 4872 807 4939 baptisma.

590 4966 723 5023 Vill.
759 4966 1011 5037 intelligit
1040 4968 1324 5036 prudentia
1363 4976 1541 5025 vestra
1586 4969 1869 5039 perspicue
1890 5011 1906 5036 ,
1937 4969 2079 5023 insa-

519 5076 643 5116 nam
675 5060 814 5114 hanc
847 5058 1146 5113 doctrinam
1185 5058 1237 5112 iu
1273 5073 1519 5128 magnam
1566 5058 1949 5113 absurditatem
2000 5058 2086 5112 in-

515 5153 743 5218 clinare,
776 5152 888 5206 imo
913 5165 1044 5206 vero
1078 5151 1131 5204 in
1170 5158 1469 5204 extremam
1523 5150 1852 5220 impietatem
1896 5151 2087 5221 praeci-

518 5241 679 5309 pitem
712 5238 862 5296 ferri.
890 5238 1151 5295 Existimo
1180 5247 1358 5294 autem
1387 5252 1500 5306 vos,
1528 5252 1649 5309 quae
1682 5239 1922 5295 divinum
1952 5238 2083 5295 illud

597 5396 643 5425 “
680 5395 848 5452 lCor.
883 5410 974 5462 xv,
1008 5396 1095 5451 l5.
1174 5396 1218 5428 ”
1243 5394 1417 5466 Ephes
1446 5410 1521 5462 tv,
1548 5396 1600 5451 5.

2264 4966 2347 5019 H'.
2383 4963 2521 5017 Ἀλλ’
2550 4962 2654 5034 6ρᾷ
2686 4979 2789 5015 που
2816 4960 3033 5025 πάντως
3073 4961 3107 5031 ἠ
3137 4960 3195 5013 έν
3223 4959 3354 5030 ὑμῖν
3390 4958 3646 5030 ἀγχίνοια
3675 4971 3744 5028 ιιι-

2194 5055 2396 5109 θύοντά
2418 5072 2479 5107 τε
2528 5053 2622 5106 τὸν
2651 5052 2744 5106 ἐπὶ
2776 5052 2952 5122 τούτῳ
2987 5050 3166 5120 λόγον,
3214 5051 3312 5103 καὶ
3342 5050 3748 5119 κατασειόμεπν

2192 5148 2272 5210 εῐς
2294 5162 2359 5214 γε
2407 5145 2468 5198 τὸ
2500 5143 2752 5212 ἀκαλλὲς,
2805 5143 3004 5214 μᾶλλον
3047 5142 3150 5213 ήδη
3200 5143 3295 5194 καὶ
3341 5141 3486 5211 προς
3529 5138 3749 5210 ἐσχάτην

2195 5237 2449 5294 ἀσέϐειαν
2471 5232 3065 5308 ἀπονενευκότα.οἶμαι
3086 5234 3145 5288 δὲ
3167 5233 3276 5287 δεῖν
3290 5234 3315 5274 ι
3340 5234 3509 5304 ὑμᾶς,
3533 5231 3595 5286 τὸ
3619 5231 3750 5286 θεῖον

3514 5420 3727 5467 ,ολδ

1589 5552 1764 5609 Varia:
1795 5555 2051 5615 lectiones
2089 5558 2290 5616 codicis
2323 5558 2679 5633 Seguieriani.

594 5684 609 5735 ι
648 5684 856 5743 ἑαυτόν.
894 5687 1054 5741 αὐτόν
1084 5686 1135 5743 in
1158 5703 1259 5744 ms.
1294 5688 1664 5757 Seguicriano.
1747 5690 1772 5728 κ
1797 5690 1879 5760 δή.
1920 5748 1929 5753 ,
