3970 6136
319 283 457 340 ιεοθ

1411 277 1499 332 DE
1544 277 1772 337 RECTA
1812 275 1977 337 FIDE.
2007 278 2098 333 AD
2144 274 2464 333 REGINAS.

3411 268 3547 324 1210

316 390 482 446 αὑτοῦ
530 391 1091 461 πολυπραγμονούσας
1137 390 1454 461 μυστήριον,
1499 389 1612 456 ὀξεῖ
1648 390 1869 454 διανοίας

1988 392 2188 448 Christi
2238 390 2559 462 mysterium
2610 386 2916 443 accuratius
2960 345 3312 456 expenditis;
3340 383 3547 454 perspi-

314 481 525 553 ὄμματι
567 478 804 550 καθορᾷν
847 481 974 543 τοὺς
997 478 1389 551 ’συναρπάζειν
1424 481 1738 544 ἐθέλοντας,
1784 483 1877 535 καὶ

317 573 657 640 προσωπεῖον
687 570 786 639 μὲν
837 570 1057 633 εὐσεϐὲς
1091 572 1204 635 τοῖς
1235 571 1387 636 ίδίοις
1414 573 1878 644 περιπλάττοντας

316 661 517 729 λόγοις,
550 660 750 731 βολίδος
773 674 835 728 γε
862 659 969 730 μὴν
999 661 1216 732 ἀπάσης
1255 661 1508 734 ὀξύτερον
1531 662 1751 732 ἔχοντας
1777 663 1878 716 αὐ-

315 753 462 814 τούς.
501 750 811 824 Ἀρνοῦντσι
848 750 948 820 μὲν
978 751 1106 822 γὰρ,
1146 753 1270 806 ὅσον
1298 749 1434 825 ἧκεν
1462 755 1635 808 εἰπεῖν
1662 757 1743 819 είς
1782 754 1877 809 δύ-

317 858 479 911 ναμιν
504 839 762 908 ἀληθείας
784 882 799 905 ,
855 842 948 893 τὸν
978 842 1325 912 ἀγοράσαντα
1353 843 1549 907 αὐτοὺς
1577 845 1874 916 Δεσπότην,

315 931 560 983 τουτέστι
587 928 845 999 Χριστόν.
878 929 1121 994 Δεδιότες
1164 931 1220 984 δὲ
1266 932 1372 985 τῶν
1417 932 1658 986 εὐσεϐεῖν
1689 935 1876 988 εἰωθό-

314 1035 422 1072 των
459 1018 559 1081 τὰς
604 1019 700 1071 ἐπὶ
728 1019 867 1090 τῷδε
947 1020 1158 1085 λύπας,
1215 1022 1309 1076 καὶ
1354 1024 1534 1092 μέντοι
1578 1023 1738 1095 ζῆλον
1788 1025 1878 1078 τὸν

312 1112 637 1178 ἀξιάγαστον
665 1150 679 1176 ,
714 1111 1092 1181 ὁμολογοῦσιν,
1133 1114 1215 1167 ὅτι
1262 1115 1357 1167 καὶ
1398 1114 1531 1178 Θεός
1572 1117 1718 1168 ἐστιν
1753 1116 1782 1168 ὁ
1813 1118 1877 1168 ὲκ

310 1200 410 1269 τῆς
454 1201 617 1268 ἁγίας
646 1202 924 1271 Παρθένου
953 1205 1371 1273 γεγεννημένος,
1405 1204 1496 1257 καὶ
1525 1206 1631 1275 μὴν
1671 1206 1753 1258 ὅτι
1782 1208 1876 1259 καὶ

311 1289 515 1361 Κύριος
541 1331 557 1355 ,
614 1291 708 1344 καὶ
754 1291 883 1355 Υἱὸς
933 1292 1025 1345 τοῦ
1069 1293 1225 1348 Θεοῦ.
1268 1295 1378 1347 Καὶ
1418 1296 1612 1365 εἰμέν
1644 1313 1727 1359 τις
1766 1295 1875 1350 τῶν

321 1380 510 1434 ἁπλῶν
537 1383 664 1444 τοὺς
695 1383 826 1454 παρ’
854 1382 1033 1436 αὐτῶν
1073 1376 1294 1455 δέξηταί
1321 1384 1535 1455 λόγους,
1556 1391 1733 1458 νομιεῖ
1747 1407 1872 1455 που,

312 1469 452 1522 κατὰ
473 1469 533 1523 τὸ
577 1472 744 1537 εἰκὸς,
788 1471 922 1542 ὀρθὰ
950 1475 1043 1527 καὶ
1073 1475 1257 1529 εἰκότα
1283 1475 1481 1545 λέγειν,
1511 1478 1603 1532 καὶ
1629 1481 1742 1544 τοῖς
1774 1480 1876 1551 τῆς

312 1560 573 1631 ἀληθείας
608 1563 707 1616 οὐκ
738 1564 1012 1636 ἀπᾴδοντα
1034 1566 1317 1637 δόγμασιν.
1347 1570 1409 1622 Et
1429 1570 1485 1624 δὲ
1509 1570 1572 1640 δή
1595 1588 1679 1636 τις
1701 1572 1875 1625 ἕλοιτο

313 1655 640 1724 κατισχνοῦν
694 1659 814 1719 ταῖς
855 1657 1102 1727 ὲρεύναις
1149 1660 1380 1724 αὐτοὺς,
1434 1663 1529 1715 καὶ
1575 1662 1637 1716 τὸ
1670 1663 1869 1735 ἀκριϐῆ

313 1747 585 1798 ποιεῖσθαι
630 1746 736 1800 τῶν
776 1749 1079 1819 εἰρημένων
1110 1751 1207 1821 τὴν
1254 1750 1506 1822 βάσανον,
1540 1755 1638 1824 οὐχ
1672 1753 1874 1808 ἁπλοῦν

311 1835 554 1906 εὑρήσει.
581 1837 702 1890 Εἰσὶ
728 1838 825 1908 μὲν
854 1838 963 1910 γὰρ
988 1839 1098 1894 θεοὶ
1126 1841 1332 1909 πολλοὶ,
1359 1845 1454 1897 καὶ
1481 1844 1661 1916 κύριοι
1693 1847 1877 1902 πολλοὶ

310 1924 369 1978 ἐν
402 1943 463 1979 τε
496 1926 711 1997 οὐρανῷ
742 1928 837 1981 καὶ
864 1929 958 1982 ἐπὶ
989 1930 1087 2001 τῆς
1112 1920 1235 2001 γῆς,
1257 1934 1398 1987 καθά
1430 1935 1524 1989 καὶ
1550 1937 1579 1988 ό
1610 1939 1876 2009 μακάριος

311 2017 445 2084 ἡμῖν
479 2016 679 2087 γράφει
712 2015 942 2080 Παῦλος.
984 2038 1003 2070 ι
1051 2019 1210 2073 Ἀλλά
1248 2023 1378 2091 ἡμῖν
1416 2020 1496 2086 είς
1540 2025 1672 2088 Θεὸς
1698 2027 1727 2078 ὁ
1758 2027 1872 2079 Παο

306 2107 411 2177 τὴρ
432 2147 447 2170 ,
492 2106 552 2172 ἐξ
578 2102 637 2162 οῦ
666 2109 734 2163 τὰ
770 2109 949 2163 πάντα
969 2150 984 2176 ,
1032 2111 1128 2164 καὶ
1162 2114 1321 2183 ἡμεῖς
1346 2116 1427 2178 είς
1449 2116 1611 2170 αὐτόν
1628 2135 1641 2149 ·
1672 2118 1768 2172 καὶ
1795 2112 1875 2183 εἷς

307 2196 512 2267 Κύριος
547 2198 1037 2270 Ἰησοῦς-Χριστὸς,
1061 2199 1131 2253 δι’
1158 2196 1218 2255 οῦ
1247 2204 1316 2256 τὰ
1348 2203 1546 2269 πάντα,
1590 2207 1686 2258 καὶ
1712 2209 1874 2276 ἡμεῖς

306 2288 376 2340 δι’
407 2288 593 2342 αὑτοῦ.
618 2308 636 2340 ι
668 2290 812 2360 Πλὴν
840 2291 969 2344 ὅταν
997 2291 1202 2360 Ἰησοῦν
1229 2295 1460 2366 Χριστὸν
1489 2297 1867 2368 ὀνομάζωμεν,

302 2376 397 2431 τὸν
440 2379 506 2430 ὲκ
550 2377 683 2431 Θεοῦ
728 2379 943 2450 Πατρὺς
989 2382 1163 2450 Λόγον
1212 2386 1270 2437 ὲν
1315 2384 1630 2458 ἀνθρωπεία
1689 2392 1869 2459 μορφῇ

306 2469 588 2538 πεφηνότα
621 2471 972 2541 σημαίνομεν,
999 2473 1096 2527 οὐκ
1119 2476 1178 2528 ὲν
1203 2477 1422 2546 χάριτος
1457 2480 1612 2548 μέρει
1649 2483 1743 2533 καὶ
1771 2482 1870 2533 ἐπα

304 2559 470 2613 ακτδν
522 2559 719 2626 ἔξωθεν
767 2561 957 2633 ἔχοντα
1002 2565 1060 2618 τὸ
1102 2564 1349 2635 ἀξίωμα,
1394 2567 1528 2620 ἀλλὰ
1559 2568 1686 2622 ὄντα
1715 2571 1871 2623 τοῦτο

308 2648 446 2701 κατὰ
476 2649 753 2719 ἀλήθειαν,
799 2652 935 2724 ὅπερ
979 2649 1121 2710 εἶναι
1161 2656 1535 2710 πεπίστευται.
1584 2659 1713 2721 Θεὸς
1763 2635 1870 2731 γὰρ

305 2740 379 2793 ὢν
406 2740 564 2809 φύσει
595 2743 686 2796 καὶ
713 2743 834 2814 δίχα
874 2745 1095 2816 σαρκὸς,
1132 2746 1407 2816 μεμένηκε
1437 2746 1568 2810 Θεὸς
1604 2751 1698 2802 καὶ
1730 2751 1869 2826 μετᾲ

306 2832 538 2903 σαρκός·
572 2834 665 2886 καὶ
708 2835 834 2898 Υἱὸς
858 2836 934 2889 ὢν
964 2835 1123 2906 φύσει
1157 2838 1250 2891 καὶ
1302 2839 1406 2908 πρὸ
1442 2841 1659 2913 σαρκὸς,
1698 2844 1867 2913 μεμέ-

304 2938 465 2990 νηκεν
490 2921 616 2985 Υίὸς
657 2922 752 2975 καὶ⁵
790 2923 927 2993 ὅπερ
955 2922 973 2962 1
1007 2923 1197 2992 γέγονε
1242 2924 1411 2995 σάρξ·
1442 2926 1534 2978 καὶ
1562 2910 1868 2997 Κύριοςνῶν

303 3011 517 3082 ἀληθῶς
554 3012 662 3066 τῶν
695 3013 851 3080 ὅλων,
885 3016 943 3067 ἐν
989 3017 1168 3087 τοιᾷδε
1214 3016 1376 3070 πάλιν
1422 3018 1613 3088 ὁρᾶται
1656 3019 1782 3092 δόξῃ
1806 3031 1865 3081 σι,

305 3105 397 3156 καὶ
424 3104 483 3155 ὲν
512 3104 893 3176 ἀνθρωπότητι
924 3107 1181 3175 γεγονώς.
1207 3108 1414 3161 Οὐκοῦν
1444 3112 1491 3161 εί
1519 3110 1650 3163 es?”
1680 3110 1869 3179 ἀληθι-

302 3194 392 3248 νὸν
426 3190 564 3247 εἶναι
595 3195 811 3264 λέγουσι
847 3196 938 3250 τὸν
966 3199 1029 3250 ἐκ
1054 3199 1152 3268 τῆς
1181 3199 1342 3267 ἁγίας
1376 3199 1651 3271 Παρθένου
1677 3216 1866 3269 γεγεν-

303 3283 554 3353 νημένον,
593 3285 843 3338 τουτέστι
869 3286 959 3339 τὸν
988 3288 1051 3339 ὲκ
1085 3288 1217 3340 Θεοῦ
1248 3289 1460 3359 Πατρδς
1498 3289 1692 3357 Λόγον,
1730 3290 1868 3342 κατὰ

302 3375 464 3443 φύσιν
498 3376 768 3430 ἑνωθέντα
798 3378 985 3448 σαρκὶ,
1004 3378 1091 3431 διὰ
1119 3380 1171 3431 τί
1200 3380 1434 3434 δεδίασιν
1463 3381 1867 3451 όμολογεῖν,ὃτι

300 3466 559 3527 Θεοτόκος
596 3468 744 3519 ἐστὶν
770 3469 804 3536 ἡ
837 3469 968 3534 ἁγία
993 3470 1301 3538 Παρθένος;
1342 3471 1504 3524 Ἀλλὰ
1530 3453 1730 3535 σκοπδς
1769 3473 1867 3526 αὐ-

304 3556 418 3616 τοῖς
446 3554 881 3608 ὑποπλάττεσθαι
912 3557 1030 3625 μὲν,
1064 3558 1158 3609 καὶ
1187 3558 1384 3627 λέγειν,
1406 3560 1487 3612 ὅτι
1518 3562 1607 3614 ναὶ
1630 3538 1724 3614 καὶ
1738 3563 1868 3627 Θεός

304 3643 445 3698 ἐστι.
492 3641 585 3692 καὶ
631 3640 835 3712 Κύριος
860 3680 874 3706 ,
903 3644 997 3695 καὶ
1032 3644 1336 3716 συνεδρεύει
1382 3645 1457 3715 τῷ
1504 3648 1699 3719 Πατρε.
1733 3651 1861 3719 Φρο-

306 3730 458 3787 νοῦσί
485 3748 548 3799 γε
599 3730 704 3801 μὴν
732 3733 830 3802 οὐχ
858 3731 1000 3786 οὕτω
1043 3737 1184 3788 κατᾶ
1231 3735 1509 3805 ἀλήθειαν,
1542 3738 1658 3792 ἀλλ’
1704 3741 1778 3805 ὡς
1810 3745 1867 3797 ὲν

303 3823 525 3897 χάριτος
572 3823 749 3896 μέρει,
780 3823 876 3876 καὶ
911 3824 987 3887 ὡς
1017 3825 1082 3877 ἐκ
1123 3829 1400 3898 προκοπῆς
1447 3828 1689 3883 δεδόσθαι
1735 3835 1868 3903 φασὶ

301 3914 380 3984 τῷ
430 3915 495 3966 ὲκ
531 3914 628 3982 τῆς
675 3913 837 3982 ἁγίας
885 3914 1161 3985 Παρθένου
1193 3917 1355 3988 κοινῷ
1407 3918 1525 3972 καθ’
1578 3923 1725 3991 ἡμᾶς
1771 3925 1864 3978 ἀν-

302 4005 506 4077 θρώπῳ
534 4008 918 4078 γεγεννημένῳ
958 4008 1058 4079 τήν
1106 4026 1166 4064 τε
1204 4010 1302 4083 τῆς
1343 4010 1586 4083 υίότητος
1629 4015 1723 4069 καὶ
1765 4016 1867 4088 τῆς

303 4099 625 4170 κυριότητος
660 4098 839 4165 δόξαν.

1848 4212 1877 4219 ,ν-

1984 485 2096 540 caci
2128 485 2325 539 mentis
2360 482 2519 539 oculo
2556 480 2675 537 illos
2709 482 3104 543 internoscere,
3142 475 3233 545 qui
3281 475 3547 544 impostu-

1980 589 2098 629 ram
2125 575 2440 641 moliuntur,
2470 572 2813 641 oratiouique
2852 583 2962 626 suae
3009 567 3223 639 pietatis
3259 578 3545 636 personam

1981 664 2265 731 inducunt,
2299 678 2421 720 cum
2449 663 2640 734 quovis
2671 661 2891 717 interim
2921 665 3185 714 venenato
3204 653 3385 725 jaculo
3424 666 3543 706 ma-

1979 753 2064 823 gis
2100 752 2303 808 feriant
2328 766 2344 806 :
2377 767 2500 806 nam
2527 752 2573 806 si
2599 748 2859 820 quod'res
2880 748 2994 817 ipsa
3017 754 3121 810 est,
3154 742 3331 814 palam
3358 741 3539 794 dicere

1980 843 2129 909 licet,
2180 842 2468 898 Dominum
2521 841 2613 910 qui
2661 855 2761 896 eos
2801 838 3049 903 redemit,
3097 835 3198 889 hoc
3239 840 3344 897 est,
3378 827 3541 883 Chri-

1980 940 2145 998 stum,
2203 931 2533 987 inﬁciantur.
2590 930 3003 985 Verumtamen
3047 925 3257 995 piorum
3300 921 3369 975 ob
3404 920 3542 972 hanc

1980 1038 2095 1079 rem
2142 1021 2531 1087 offensionem,
2586 1022 2869 1089 zelumque
2920 1014 3264 1072 aemulatione
3322 1010 3543 1079 dignum

1980 1124 2305 1180 metuentes,
2335 1129 2459 1170 eum
2492 1113 2585 1183 qui
2617 1127 2684 1167 ex
2716 1124 2872 1166 sacra
2909 1107 3125 1178 Virgine
3153 1113 3310 1159 natus
3343 1105 3460 1163 est",
3490 1107 3545 1152 et

1980 1208 2144 1262 Deum
2178 1218 2233 1262 et
2255 1205 2566 1269 Dominum,
2593 1211 2650 1258 et
2692 1201 2789 1257 Dei
2822 1200 3016 1255 Filium
3042 1211 3166 1253 esse
3194 1194 3536 1265 proﬁtentur.

1978 1295 2132 1362 Quod
2161 1294 2209 1350 si
2251 1296 2345 1365 qui
2389 1308 2457 1357 ex
2499 1289 2813 1348 rudioribus
2860 1289 3072 1344 illorum
3101 1296 3377 1341 sermones
3409 1279 3545 1332 forte

1978 1386 2254 1453 hauriunt,
2278 1394 2427 1441 recta
2448 1398 2594 1449 mox,
2615 1392 2680 1437 ut.
2705 1379 2988 1452 probabile
3017 1385 3119 1441 est,
3139 1384 3192 1430 et
3221 1372 3327 1444 4³1
3347 1383 3542 1426 conve-

1976 1476 2199 1543 nientia,
2233 1484 2430 1546 etquae
2461 1490 2493 1530 ιι
2525 1475 2756 1530 veritate
2782 1487 2887 1527 non
2922 1466 3281 1529 dissentiant,
3312 1461 3431 1516 illos
3465 1459 3541 1513 lo-

1974 1566 2068 1635 qui
2095 1565 2448 1620 arbitrantur.
2496 1563 2696 1619 Verum
2730 1563 2822 1631 qui
2862 1559 3006 1614 dicta
3054 1556 3263 1610 illorum
3301 1549 3543 1606 exactius

1976 1665 2408 1726 perscrutantur,
2439 1665 2494 1711 et
2514 1655 2681 1725 justis
2709 1651 3038 1724 ponderibus
3085 1645 3420 1708 examinant,
3457 1640 3541 1694 ni-

1977 1747 2051 1801 hil
2097 1760 2202 1802 non
2239 1749 2481 1801 fucatum
2519 1760 2584 1801 ac
2633 1744 2947 1814 perplexum
3000 1737 3341 1808 comperiunt
3370 1750 3386 1789 :
3420 1740 3546 1788 sunt

1974 1838 2118 1895 enim
2146 1829 2219 1893 dii
2250 1836 2407 1893 multi
2443 1844 2501 1892 et
2549 1834 2753 1892 domini
2798 1831 2971 1896 multi,
3014 1839 3069 1885 et
3112 1829 3166 1883 in
3214 1825 3351 1882 ccelo
3389 1832 3446 1879 et
3488 1823 3541 1877 in

1974 1939 2140 2003 terra,
2164 1928 2619 1998 quemadmodum
2654 1925 2867 1981 divinus
2901 1920 3099 1976 Paulus
3142 1917 3405 1985 scriptum
3440 1927 3548 1966 no~

1973 2022 2058 2076 bis
2090 2019 2306 2089 reliquit
2336 2035 2350 2071 :
2399 2037 2418 2071 ι
2460 2017 2629 2073 Nobis
2666 2025 2845 2072 tamen
2888 2029 3028 2069 unus
3062 2019 3145 2068 est
3184 2010 3323 2063 Deus
3358 2005 3540 2067 Pater,

1972 2125 2039 2166 ex
2069 2125 2176 2180 quo
2200 2110 2405 2176 omnia,
2439 2117 2496 2162 et
2541 2121 2640 2162 nos
2684 2107 2741 2161 in
2780 2105 2972 2161 illum:
3019 2111 3074 2157 et
3111 2114 3250 2155 unus
3286 2094 3541 2151 Dominus

1974 2209 2158 2257 noster
2188 2199 2346 2255 Iesus
2377 2198 2644 2264 Christus,
2679 2211 2773 2267 per
2804 2209 2965 2264 quem
2993 2191 3196 2253 omnia,
3232 2195 3285 2242 et
3320 2199 3416 2240 nos
3445 2196 3540 2251 per

1970 2293 2149 2362 ipsum
2173 2291 2243 2344 ⁷ο.
2279 2310 2298 2342 ι
2330 2290 2596 2345 Caeterum
2638 2302 2761 2343 cum
2801 2286 2895 2340 Dei
2943 2282 3121 2337 Patris
3147 2279 3383 2334 Verbum
3429 2272 3540 2327 hu-

1973 2397 2130 2437 mana
2164 2380 2336 2437 forma
2365 2381 2638 2446 indutum,
2668 2377 2850 2433 Jesum
2877 2374 3151 2431 Christum
3174 2369 3538 2429 nominamus,

1971 2475 2289 2544 dignitatem
2323 2474 2470 2528 hanc
2500 2487 2607 2527 non
2644 2472 2852 2525 muneri
2885 2468 3091 2530 datam,
3122 2472 3217 2519 aut
3248 2462 3297 2517 ei
3328 2457 3534 2514 extrin-

1969 2577 2127 2620 secus
2161 2562 2513 2617 adventitiam
2551 2559 2810 2629 obtigisse
2843 2554 3240 2626 signiﬁcamus;
3276 2549 3369 2604 sed
3397 2547 3538 2616 quod

1970 2656 2236 2711 creditum
2267 2660 2523 2716 estesse,
2560 2652 2662 2704 hoc
2696 2651 2869 2718 ipsum
2910 2644 3211 2701 secundum
3257 2639 3537 2694 veritatem

1969 2759 2091 2799 esse
2114 2743 2435 2798 iudicamus.
2462 2740 2597 2795 Nam
2624 2755 2746 2809 cum
2781 2746 2933 2794 extra
2962 2750 3183 2792 carnem
3225 2742 3412 2801 suapte
3443 2745 3539 2785 na-

1973 2844 2096 2891 tura
2134 2834 2275 2890 Deus
2304 2842 2473 2899 esset,
2505 2841 2860 2903 posteaquam
2909 2842 3125 2884 carnem
3176 2825 3366 2889 induit,
3399 2823 3539 2876 Deus

1969 2943 2090 2982 esse
2127 2940 2230 2981 non
2276 2924 2505 2979 destitit.
2563 2921 2795 2977 Rursum
2851 2936 2978 2975 eum
3030 2928 3154 2972 ante
3209 2922 3536 2982 assumptam

1973 3033 2196 3074 carnem
2251 3015 2517 3070 naturalis
2568 3014 2660 3069 Dei
2719 3013 2889 3068 Filius
2928 3021 3101 3075 esset,
3149 3008 3364 3079 quando
3410 3020 3540 3061 caro

1966 3111 2076 3180 jam
2105 3109 2305 3163 factum
2341 3115 2447 3171 est,
2479 3106 2599 3160 Filii
2634 3106 2897 3159 rationem
2931 3118 3034 3158 non
3069 3101 3270 3155 amisit.
3298 3097 3537 3151 Tandem

1968 3217 2092 3257 cum
2117 3201 2492 3255 universorum
2527 3198 2787 3252 Dominus
2818 3206 2941 3250 ante
2984 3194 3297 3252 exsisteret,
3333 3199 3542 3257 postea-

1967 3306 2129 3361 quam
2160 3290 2396 3344 humana
2428 3296 2621 3341 natura
2647 3295 2897 3340 ornatum
2927 3282 3149 3352 prodiit,
3175 3280 3242 3333 ah
3265 3293 3328 3332 eo
3353 3276 3542 3331 ordine

1967 3392 2023 3438 et
2051 3382 2315 3452 dignitate
2342 3394 2451 3436 non
2482 3379 2704 3434 excidit.
2729 3378 2896 3448 igitur
2918 3376 2962 3431 si
2992 3388 3140 3437 eum,
3165 3371 3254 3442 qui
3290 3386 3356 3424 ex
3385 3384 3539 3424 sacra

1970 3471 2189 3542 Virgine
2220 3470 2442 3540 prodiit,
2461 3470 2565 3525 hoc
2594 3478 2678 3525 est
2707 3468 2800 3524 Dei
2826 3465 3002 3522 Patris
3017 3462 3256 3518 Verbum
3276 3459 3428 3517 carni
3452 3473 3540 3513 se-

1967 3564 2202 3620 cundum
2229 3571 2478 3617 naturam
2506 3562 2737 3627 unitum,
2774 3573 2959 3613 verum
2992 3555 3164 3611 Deum
3200 3567 3320 3608 esse
3370 3563 3538 3618 agno-

1968 3662 2149 3721 scunt,
2182 3670 2281 3710 cur
2318 3653 2569 3709 eamdem
2604 3650 2881 3719 Virginem
2915 3662 3035 3703 esse
3066 3646 3350 3714 Deiparam
3384 3638 3540 3693 lateri

1968 3744 2265 3801 verentur?
2291 3742 2487 3799 Verum
2509 3740 2639 3810 ipsis
2653 3737 2983 3809 propositum
3006 3744 3089 3790 est
3107 3735 3251 3787 haud
3272 3746 3336 3786 ex
3360 3730 3541 3783 animo

1967 3833 2211 3904 proﬁteri
2234 3830 2475 3900 Virginis
2496 3829 2692 3885 Filium
2718 3827 2889 3881 Deum
2914 3839 2978 3879 ac
2992 3822 3300 3887 Dominum,
3324 3819 3539 3874 eadem-

1965 3940 2073 3996 que
2091 3939 2213 3980 cum
2247 3921 2410 3978 Patre
2433 3918 2752 3976 auctoritate
2770 3915 3052 3988 praeditum
3079 3925 3219 3978 esse,
3243 3910 3337 3965 sed
3361 3905 3540 3962 verbis

1968 4025 2178 4071 tantum
2201 4015 2302 4070 hoc
2322 4014 2495 4083 ipsum
2520 4009 2795 4066 simulare.
2816 4005 3139 4061 Existimant
3152 4002 3317 4065 enim,
3336 3999 3540 4055 homini

1967 4107 2035 4163 ad
2055 4113 2290 4161 nostram
2309 4101 2713 4158 similitudinem
2729 4113 2796 4155 ex
2809 4104 3001 4153 sancta
3018 4093 3238 4164 Virgine
3253 4097 3536 4162 prognata,

1967 4212 2089 4253 cum
2115 4194 2410 4259 ﬁliationis,
2437 4203 2548 4247 tum
2573 4188 2952 4248 dominationis
2971 4199 3183 4255 quoque
3202 4182 3424 4253 gloriam
3444 4193 3540 4250 per

1957 4287 2191 4342 modum
2210 4285 2485 4355 cujusdam
2501 4279 2887 4355 gratiae,acfper
2900 4289 3218 4348 progressus
3231 4271 3535 4328 obvenisse.

369 4367 445 4421 8'.
480 4367 681 4463 "oues
710 4369 802 4421 mi.
830 4371 863 4439 ἡ
902 4370 1188 4437 Θεοτόκος
1235 4372 1386 4444 φωνὴ
1415 4375 1509 4429 καὶ
1553 4376 1734 4441 αὐτοῖς
1773 4378 1867 4447 γέ-

2044 4377 2139 4433 lX.
2174 4376 2344 4431 Porro
2365 4383 2751 4430 autemvocem
2790 4372 2953 4434 banc,
2980 4367 3233 4435 Deipara,
3262 4361 3537 4417 veteribus

298 4474 422 4531 γονε
454 4458 691 4530 συνήθης
714 4461 826 4523 τοῖς
855 4460 962 4531 πρὸ
987 4461 1145 4532 ήμῶν
1174 4463 1350 4531 ἁγίοις
1376 4465 1674 4536 Πατράσιν,
1694 4468 1744 4520 οἳ
1769 4470 1864 4523 καὶ

299 4550 387 4601 ἐπ’
417 4549 549 4620 ὀρθῇ
577 4549 945 4621 θαυμάζονται
969 4554 1168 4617 πίστει,
1187 4555 1280 4607 καὶ
1309 4556 1388 4619 είς
1413 4556 1572 4628 δεῦρο
1594 4560 1729 4613 πᾶσι
1750 4563 1861 4625 τοῖς

296 4640 400 4692 ἀνᾶ
434 4640 636 4705 πᾶσαν,
671 4640 744 4703 ὡς
773 4640 902 4704 ἔπος
940 4644 1132 4708 εἰπεῖν,
1176 4642 1276 4713 τὴν
1320 4644 1414 4696 ὑπ’
1450 4645 1701 4715 οὐρανὸν,
1751 4647 1861 4700 δεῖν

295 4730 485 4803 ᾠήθην
513 4730 725 4801 ἀληθῶς
752 4733 1047 4803 ἀποφῆναι.
1071 4733 1191 4787 Ἵνα
1214 4733 1323 4803 γὰρ
1358 4734 1432 4804 μὴ
1461 4733 1674 4806 δοκοίην
1696 4737 1757 4788 τὸ
1781 4738 1861 4799 είς

297 4822 421 4875 νοῦν
466 4816 600 4893 ἧκον
647 4824 833 4887 ἁπλῶς
863 4823 1238 4887 ἀϐασανίστως
1266 4822 1463 4890 λέγειν,
1496 4826 1559 4877 ὲκ
1587 4825 1696 4878 τῶν
1722 4826 1862 4879 ὲκεί-

299 4932 411 4977 νοις
458 4916 840 4985 πεποιημένων
890 4915 1110 4985 βιϐλίων
1158 4916 1216 4967 ὲν
1254 4915 1601 4988 Ἐκκλησίᾳιι
1625 4959 1641 4984 ,
1679 4918 1749 4971 τὰ
1781 4919 1861 4983 είς

295 5006 454 5060 τοῦτο
503 5008 751 5078 χρήσιμα
798 5005 1257 5081 συνεισενεγκὼν,
1326 5008 1418 5060 καὶ
1464 5008 1731 5079 παραθεὶς
1780 5012 1861 5075 είς

295 5098 593 5167 ἀπόδειξιν,
616 5100 1013 5171 κατασφραγιῶ
1037 5106 1062 5133 ο
1089 5101 1169 5163 είς
1189 5099 1446 5169 ἀλήθειαν
1466 5102 1593 5164 τοὺς
1616 5102 1859 5172 ἐμαυτοῦ

294 5190 506 5258 λόγους.
528 5192 674 5261 Ἔφη
708 5191 886 5244 τοίνυν
909 5190 984 5254 ὡς
1007 5189 1222 5259 ἀληθῶς
1245 5191 1275 5243 ό
1302 5191 1698 5272 τρισμακάριος
1720 5195 1813 5248 καὶ
1828 5203 1858 5245 P

366 5343 412 5376 ⁷³
444 5341 465 5396 1
496 5342 622 5399 Cor.
649 5358 764 5409 Vill,
795 5344 848 5398 6.

1972 4468 2246 4535 Patrihus,
2276 4482 2506 4537 quorum
2550 4462 2963 4520 sanctimoniam
3004 4468 3059 4515 et
3087 4457 3212 4512 ﬁdei
3253 4453 3532 4523 integritaé

1972 4569 2077 4616 tem
2099 4559 2432 4615 admiramur
2454 4598 2471 4626 ,
2504 4570 2709 4612 necnon
2739 4552 2992 4608 omnibus
3022 4549 3117 4620 qui
3150 4561 3243 4603 eos
3283 4545 3535 4610 deinceps

1970 4655 2247 4722 hucusque
2266 4660 2391 4707 sunt
2423 4649 2596 4706 secuti
2630 4663 2726 4719 per
2759 4647 3068 4701 universum
3097 4644 3179 4714 (ut
3220 4643 3292 4696 ita
3335 4637 3532 4707 dicam)

1972 4752 2237 4799 terrarum
2292 4743 2513 4806 orbem,
2557 4738 2879 4793 familiarem
2926 4750 3081 4801 esse,
3138 4731 3530 4789 ostendendum

1968 4849 2094 4891 esse
2126 4832 2452 4889 existimavi.
2483 4830 2563 4885 Ne
2592 4830 2735 4885 enim
2762 4828 2897 4882 citra
2919 4826 3209 4889 delectum,
3235 4838 3298 4877 ac
3332 4830 3533 4876 temere

1968 4926 2228 4995 quidquid
2261 4926 2315 4979 in
2347 4934 2579 4978 mentem
2619 4921 2845 4986 venerit,
2883 4918 3097 4974 eﬁ‘utire
3137 4916 3342 4979 videar,
3375 4927 3533 4980 argu-

1967 5018 2163 5073 mentis
2205 5031 2272 5073 ex
2323 5016 2498 5082 libris,
2529 5030 2663 5085 quos
2710 5015 2786 5069 illi
2832 5014 2899 5069 ad
2947 5010 3207 5067 Ecclesia:
3249 5007 3532 5060 utilitatem

1966 5121 2337 5176 composuere,
2370 5107 2579 5178 petitis,
2626 5116 2790 5176 atque
2824 5108 2930 5159 huc
2963 5104 3015 5157 in
3058 5099 3290 5155 medium
3327 5094 3526 5157 allatis,

1964 5198 2226 5255 orationis
2256 5213 2389 5255 meae
2414 5199 2696 5256 veritatem
2729 5196 3052 5254 conﬁrmare
3086 5187 3327 5247 studebo.
3362 5184 3529 5256 Igitur

1362 5497 1534 5553 Variae
1565 5496 1825 5554 lectiones
1853 5500 2053 5559 codicis
2084 5504 2442 5576 Seguieriani.

379 5630 397 5677 ι
430 5633 540 5690 ὅτε.

644 5642 684 5667 ³³
717 5634 886 5699 τάξει.
962 5645 989 5673 ιι
1022 5633 1355 5703 ἐκκλησίαις.
1435 5643 1458 5671 ο
1488 5634 1931 5701 κατασφραγιῶν.
2009 5648 2037 5689 P
2067 5638 2298 5711 ἀληθῶς.
