3970 6136
457 261 589 318 12η
1447 264 1503 319 S.
1536 263 1816 321 CYRILLI
1865 257 2337 316 ALEXANDRINI
2370 260 2689 317 ARCHIEP.
3574 249 3735 304 ΙΩιῖ

458 373 808 429 beatissimus
838 374 949 437 ille,
976 390 1039 431 ac
1057 385 1277 446 pr0pter
1305 378 1521 446 pietatis
1544 377 1855 445 Opinionem
1887 376 2025 442 apud
2053 419 2059 432 .

2165 372 2408 442 ιασόητος
2463 375 2545 438 είς
2591 373 2872 426 εὐσέϐειαν
2922 368 3243 431 Ἀθανάσιος
3264 406 3280 433 ,
3337 366 3370 416 ὁ
3414 361 3731 433 γενόμενος

456 479 647 520 omnes
695 465 1082 522 celeberrimus
1122 467 1483 532 Athanasius,
1517 469 1608 538 qui
1653 465 2025 535 superioribus

2165 464 2268 516 ατὰ
2319 467 2541 535 καιροὺς
2598 466 2693 534 τῆς
2751 461 3142 533 Ἀλεξανδρέων
3202 455 3551 526 Ἐκκλησίές
3606 452 3732 507 επί-

460 556 795 626 temporibus
842 555 1183 613 Alexandria:
1225 558 1479 615 Ecclesia:
1530 559 1900 627 episcopatum
1949 566 2027 611 te-

2165 570 2329 618 κοπος
2354 597 2370 622 ,
2407 557 2465 609 ὲν
2490 554 2570 626 τῷ
2597 555 2725 627 περὶ
2754 552 3084 625 σαρκώσεως
3115 551 3283 621 λόγῳ,
3308 547 3450 619 περὶ
3476 542 3728 615 Χριστοῦ

450 648 598 712 nuit,
630 647 769 702 libro
801 647 866 702 de
895 646 1113 704 Christo
1139 648 1423 704 incarnato
1457 649 1825 717 hujuscemodi
1850 648 2030 705 verbis
2126 644 2255 698 τάδε
2279 662 2295 675 ο
2881 644 2889 650 ’

460 738 680 795 disserit
712 753 729 794 :

462 850 574 923 48
598 852 876 906 Athanasii
891 854 1115 923 episconi
1141 854 1481 908 Alexandria:
1510 871 1574 909 ea:
1601 854 1734 909 libro
1761 853 1837 908 De
1858 856 2033 908 incar-

2143 865 2494 919 Ἂθανασίου
2548 864 2884 918 ἐπισκόπου
2936 858 3388 928 Ἀλεξανδρείας
3414 897 3431 917 .
3499 855 3591 928 ἐλε
3623 850 3733 904 τοῦ

812 924 1025 978 natione
1064 922 1232 980 Verbi.
1255 954 1325 964 —
1346 924 1421 979 De
1452 925 1684 981 Christo.

2241 936 2383 1002 Περὶ
2416 933 2777 1003 σαρκώσει-ις
2803 934 3018 1002 Λόγου.
3041 922 3109 972 -ἓ
3131 922 3276 997 Περὶ
3306 922 3619 994 Χριστοῦ.

531 1034 884 1103 Agnoscimus
919 1037 1064 1091 illum
1107 1038 1197 1092 Dei
1230 1036 1446 1102 Filium,
1479 1046 1531 1093 et
1576 1039 1742 1091 Deum
1782 1051 1903 1091 esse
1943 1050 2030 1091 se-

464 1125 697 1188 cundum
721 1126 970 1195 spiritum
997 1143 1011 1192 ;
1034 1126 1227 1181 Filium
1262 1139 1439 1183 autem
1471 1128 1705 1182 hominis
1737 1129 2029 1183 secundum

465 1227 726 1269 carnem:
775 1218 1061 1272 uou‘duas
1112 1228 1332 1272 naturas
1389 1234 1550 1272 unum
1606 1218 1820 1284 Filium,
1870 1232 2031 1272 unam

2213 1044 2615 1115 Ὀμολογοῦμεν
2633 1046 2763 1117 γὰρ,
2791 1046 2947 1116 φησὶ,
2969 1044 3062 1097 καὶ
3090 1039 3230 1097 εῖναι
3263 1040 3435 1095 αὑτὸν
3472 1036 3618 1090 Υἱδν
3640 1036 3732 1088 πῦ

2114 1134 2289 1205 ᾖΘεοῦ,
2327 1136 2421 1189 καὶ
2446 1135 2578 1189 Θεὸν
2605 1136 2745 1190 κατὰ
2772 1135 2990 1208 πνεῦμα
3009 1176 3025 1201 ,
3060 1135 3189 1188 Υἱὺν
3233 1131 3550 1204 ἀνθρώπου
3590 1132 3736 1181 κατὰ

2136 1226 2336 1298 σάρκα,
2366 1228 2425 1279 οὐ
2459 1228 2552 1280 δύο
2586 1228 2778 1297 φύσεις
2805 1228 2897 1280 τὸν
2926 1229 3023 1280 ἕνα
3047 1226 3196 1290 Υίὺν,
3230 1225 3362 1295 μίαν
3404 1236 3738 1293 «pomata-vr,-

465 1304 818 1371 adorandam,
854 1308 1078 1363 alteram
1107 1324 1213 1363 non
1240 1310 1594 1370 adorandam,
1621 1308 1714 1362 sed
1745 1322 1907 1361 unam
1940 1323 2035 1361 na-

2167 1318 2250 1389 ὴν,
2280 1318 2375 1372 καὶ⁵
2407 1318 2535 1388 μίαν
2566 1318 3009 1390 ἁπροσκύνητονο
3044 1316 3182 1371 ἀλλὰ
3228 1315 3359 1386 μίαν
3411 1313 3597 1382 φύσιν
3642 1309 3733 1361 τσῦ

471 1405 641 1449 turam
693 1399 857 1452 divini
909 1399 1067 1454 Verbi
1119 1402 1484 1465 incantatam,
1536 1415 1656 1469 qua;
1702 1398 1862 1455 simul
1911 1414 2032 1454 cum

2165 1410 2268 1462 θεοῦ
2324 1410 2496 1478 Λόγου
2552 1409 3011 1480 σεσαρκωμένην,
3066 1408 3160 1461 καὶ
3220 1404 3736 1476 προσκυνουμένην

470 1485 586 1555 ejus
620 1503 784 1543 carne
817 1504 917 1544 una
974 1492 1288 1546 adoratione
1330 1493 1624 1547 adoratur:
1675 1504 1849 1559 neque
1902 1489 2036 1544 duos

2165 1500 2279 1553 ιετὰ
2316 1500 2416 1570 τῆς
2448 1500 2650 1571 σαρκὸς
2680 1499 2844 1554 αὑτοῦ
2884 1501 2982 1570 μιᾷ
3022 1498 3436 1570 προσκυνήσει·
3476 1492 3617 1546 οὐδὲ
3645 1491 3735 1543 δύο

470 1591 681 1631 rursum
707 1578 867 1645 ﬁlios,
892 1580 1118 1636 alterum
1144 1598 1328 1638 verum
1355 1583 1818 1652 adorandumque,
1847 1595 2037 1649 nempe

2165 1592 2307 1655 >ioia;,
2343 1590 2503 1644 ἄλλον
2532 1591 2629 1660 μὲν
2661 1590 2788 1643 Υἱὸν
2811 1588 2948 1642 Θεοῦ
2980 1587 3233 1657 ἀληθινὸν
3255 1586 3352 1638 καὶ
3383 1580 3736 1653 προσκυνούο

470 1663 665 1719 Filium
708 1668 836 1736 Dei;
886 1670 1111 1725 alterum
1143 1687 1207 1727 ex
1247 1672 1415 1727 Maria
1473 1672 1743 1727 hominem
1787 1686 1893 1725 non
1937 1671 2035 1724 ad-

476 1756 733 1780 ι.-....,1--..-
791 1762 880 1780 --ι
912 1776 1004 1780 Δ-..
1040 1778 1091 1780 _,,_
1132 1763 1191 1780 .9,
1224 1779 1249 1780 η
1359 1764 1424 1780 ,γε
1488 1764 1525 1780 ι-
1564 1778 1575 1780 _
1604 1778 1613 1780 Α
1662 1772 1771 1780 -η.κ
1814 1764 1825 1775 ο
1866 1763 1879 1780 ι
1914 1763 2009 1780 -A_!

2165 1699 2325 1745 ιενον,
2359 1681 2516 1736 ἄλλον
2563 1681 2620 1734 δὲ
2663 1683 2727 1734 ἑκ
2760 1681 2979 1750 Μαρίας
3014 1680 3323 1748 ἄνθρωπον,
3358 1676 3441 1747 μὴ
3474 1689 3731 1779 προσκυ-

471 1756 759 1821 orandum,
788 1762 880 1813 sed
910 1776 1005 1829 per
1032 1763 1282 1831 gratiam,
1315 1764 1533 1832 perinde
1558 1778 1621 1817 ac
1650 1764 1827 1818 caeteri
1866 1763 2040 1817 homi-

2165 1772 2420 1841 νούμενον,
2449 1770 2591 1825 κατὰ
2628 1771 2788 1841 χάριν
2818 1771 2953 1823 Υἰὸν
2994 1768 3130 1822 Θεοῦ
3163 1767 3489 1837 γενόμενον,
3526 1765 3615 1827 ὡς
3642 1766 3731 1815 καὶ

475 1863 591 1913 nes,
635 1850 686 1903 in
725 1849 918 1904 Filium
966 1861 1268 1922 cooptatum
1308 1870 1321 1906 :
1366 1868 1550 1907 verum
1588 1868 1775 1920 unum,
1807 1863 1864 1908 ut
1895 1854 2038 1919 dixi,

2165 1860 2450 1931 ἱνθρωποι·
2486 1861 2623 1915 ἀλλὰ
2665 1860 2758 1913 τὸν
2800 1861 2865 1913 ὲκ
2912 1859 3083 1923 Θεοῦ,
3131 1859 3208 1921 ὡς
3237 1858 3398 1928 ἔφην,
3448 1855 3551 1908 ἕνα
3605 1853 3732 1906 Υἱῦν

474 1938 668 1994 Filium
707 1941 820 2005 Dei,
862 1943 1008 1996 illum
1055 1946 1226 2013 ipsum
1272 1945 1549 2009 nimirum,
1588 1954 1642 2000 et
1686 1961 1790 2000 non
1833 1946 2037 2009 alium,

2165 1951 2300 2015 ieci},
2327 1955 2422 2005 καὶ
2447 1952 2580 2006 Θεὸν
2600 1952 2782 2015 αὑτὸν,
2810 1952 2904 2005 καὶ
2923 1951 3023 2003 οὐκ
3054 1949 3231 2003 ἄλλον.
3264 1948 3376 2001 Καὶ
3406 1948 3478 1999 ὲκ
3504 1943 3734 2015 Μαρίας

474 2031 565 2101 qui
604 2046 670 2085 ex
713 2033 820 2087 Deo
860 2044 963 2088 est.
1006 2036 1106 2101 Qui
1155 2037 1461 2093 novissimis
1507 2037 1697 2092 diebus
1745 2039 2039 2092 secundum

2165 2044 2504 2115 ἐγεννῆσθαι
2538 2044 2677 2097 κατὰ
2713 2043 2894 2113 σάρκα
2927 2041 3016 2094 ἐπ’
3051 2040 3297 2109 ἐσχάτων
3328 2037 3444 2090 τῶν
3476 2035 3728 2106 ἡμερῶν,

475 2138 694 2179 carnem
727 2140 787 2177 es
825 2124 989 2179 Maria
1017 2137 1171 2181 natus
1202 2137 1304 2193 est,
1338 2129 1786 2196 quemadmodum
1820 2131 2041 2200 angelus

2165 2136 2217 2198 b;
2259 2135 2288 2187 ὁ
2331 2132 2562 2201 ἄγγελος
2597 2135 2664 2202 τῇ
2714 2130 2962 2201 Θεοτόκῳ
3005 2129 3196 2201 Μαρίᾳ
3230 2125 3476 2199 λεγούσῃ
3499 2143 3515 2156 ο
3548 2144 3567 2177 ι
3602 2124 3727 2187 Πῶς

474 2214 715 2282 Deipara':
762 2212 976 2268 Mat-im:
1034 2233 1052 2265 ι
1109 2215 1387 2293 Quomodo
1432 2218 1523 2272 [let
1570 2218 1743 2285 istud,
1786 2222 2041 2289 quoniam

2165 2226 2299 2279 τοῦτο
2357 2223 2533 2287 ἔσται,
2568 2224 2691 2276 ἐπεὶ
2748 2221 2916 2292 ἄνδρα
2968 2221 3029 2273 οὐ
3084 2217 3379 2288 γινώσκως
3415 2236 3437 2268 ι
3489 2216 3729 2281 Ἔλεγε·

474 2306 649 2361 virum
681 2322 782 2360 non
813 2323 1079 2377 cognosco
1104 2309 1189 2362 7‘?
1231 2329 1248 2361 ι
1284 2309 1580 2365 sciscitanti
1642 2314 1910 2382 exposuit.
1953 2316 2044 2369 Ait

2165 2314 2628 2385 [Πνεῦμαάγιον
2676 2311 3029 2366 ἐπελεύσεται
3074 2309 3168 2362 ἐπὶ
3215 2309 3296 2372 σὲ,
3348 2309 3449 2361 καὶ
3503 2306 3729 2374 δύναμις

477 2413 748 2467 namque:
790 2418 810 2451 ι
850 2399 1087 2469 Spiritus
1130 2409 1353 2456 sanctus
1396 2404 1737 2469 superveniet
1782 2404 1833 2458 in
1873 2414 1944 2471 te,
1990 2415 2045 2461 et

2165 2406 2413 2476 Ὑψίστου
2458 2405 2765 2458 ἐπισκιάσει
2825 2420 2936 2456 σοι’
2988 2402 3071 2456 διδ
3119 2402 3215 2454 καὶ
3256 2400 3320 2453 τὸ
3383 2398 3728 2467 γεννώμενον

475 2490 649 2544 virtus
696 2490 962 2544 Allissimi
1017 2492 1360 2547 obumbrabit
1434 2492 1526 2547 tibi
1569 2510 1583 2547 :
1637 2494 1864 2563 ideoque
1903 2499 2045 2563 quod

2165 2498 2321 2566 ὶγιον,
2349 2495 2683 2567 κληθήσεται
2728 2495 2857 2558 Υἱὸς
2885 2492 3040 2547 Θεοῦ.
3076 2511 3095 2545 ι
3146 2492 3204 2545 Ὀ
3234 2493 3416 2543 τοίνυν
3445 2490 3731 2559 γεννηθεὶς

478 2590 732 2631 nascetur
760 2594 822 2632 ex
873 2589 923 2632 te
958 2589 1225 2647 sanctum,
1261 2582 1544 2636 vocabitur
1583 2583 1754 2639 Filius
1790 2585 1879 2640 Dei
1905 2585 1973 2639 ⁷².
2022 2604 2040 2637 ι

2165 2607 2211 2642 ;κ
2241 2591 2341 2659 τῆς
2378 2589 2537 2656 ἁγίας
2574 2587 2873 2656 Παρθένου,
2907 2587 3034 2650 Υἱὸς
3063 2583 3198 2639 Θεοῦ
3232 2583 3395 2653 φύσει
3420 2621 3438 2647 ,
3472 2585 3569 2635 καὶ
3597 2582 3727 2644 Θεὸς

477 2667 526 2722 ls
557 2669 717 2737 igitur
740 2685 897 2738 quem
927 2669 1089 2739 Virgo
1116 2673 1342 2741 peperit,
1373 2680 1455 2727 est
1483 2688 1641 2728 verus
1676 2675 2049 2746 naturalisque

2165 2678 2420 2749 ἰληθινὸς,
2464 2678 2559 2732 καὶ
2592 2679 2654 2731 οὐ
2697 2677 2880 2749 χάριτι
2915 2679 3011 2732 καὶ
3042 2676 3303 2748 μετουσίᾳ
3324 2716 3339 2739 ,
3372 2675 3521 2728 κατὰ
3548 2676 3733 2744 σάρκα

478 2761 571 2816 Dei
604 2761 794 2831 Filius,
825 2773 878 2818 et
911 2763 1050 2819 Deus
1076 2779 1255 2830 verus,
1288 2779 1392 2819 non
1424 2766 1834 2836 participatione
1866 2768 1948 2823 vel
1980 2781 2046 2821 ex

2165 2770 2313 2839 μόνον
2352 2770 2449 2840 τὴν
2483 2771 2547 2822 ἐκ
2573 2769 2816 2840 Μαρίας,
2849 2768 3156 2840 ἄνθρωπος,
3194 2766 3340 2821 κατὰ
3377 2769 3435 2821 δὲ
3484 2767 3727 2836 πνεῦμα,

481 2852 687 2920 gratia;
723 2854 1013 2906 secundum
1041 2868 1256 2907 carnem
1292 2863 1496 2909 tantum
1537 2870 1699 2925 quam
1728 2856 1961 2925 sumpsit
1983 2871 2050 2910 ex

2165 2860 2313 2924 ιὺτδς
2343 2861 2473 2924 Υίὸς
2510 2860 2604 2914 τοῦ
2640 2860 2777 2914 Θεοῦ
2812 2862 2903 2914 καὶ
2935 2860 3097 2925 Θεόςο
3133 2860 3327 2914 παθὼν
3364 2861 3462 2928 μὲν
3490 2860 3559 2911 τὰ
3585 2858 3729 2928 ὴμέ-

480 2940 678 3008 Maria,
712 2945 908 3012 homo;
950 2945 1242 2999 secundum
1286 2947 1568 3015 spiritum,
1615 2946 1781 3001 Filius
1822 2947 1950 3013 Dei,
1998 2958 2051 3001 et

2165 2966 2283 3018 :epa
2314 2950 2458 3021 πάθη
2482 2951 2622 3003 κατὰ
2657 2950 2834 3018 σάρκα
2856 2992 2871 3015 ,
2907 2949 3097 3021 ὥσπερ
3146 2949 3479 3021 γέγραπται·
3533 2967 3553 3000 ι
3590 2950 3731 3017 Χριο

483 3033 624 3087 Deus
660 3035 792 3102 ipse.
821 3035 919 3103 Qui
960 3039 1173 3107 quidem
1213 3040 1508 3095 secundum
1551 3052 1767 3093 carnem
1799 3037 2050 3091 humanae

2165 3035 2280 3089 ποῦ
2307 3036 2568 3101 παθόντος
2597 3038 2733 3109 ὑπὲρ
2756 3038 2909 3109 ἡμῶν
2935 3038 3125 3109 σαρκί.
3162 3056 3181 3089 ο
3213 3039 3323 3090 Καὶ
3358 3038 3536 3090 πάλιν·
3578 3055 3600 3088 ι
3628 3037 3730 3100 ’ος

483 3132 685 3178 natura:
714 3127 1086 3180 convenientia
1114 3144 1303 3197 passus
1328 3138 1430 3182 est.
1458 3127 1747 3194 Scriptum,
1764 3134 1847 3181 est
1869 3127 2048 3180 enim:

2165 3145 2218 3196 γε
2262 3129 2356 3181 τοῦ
2411 3128 2540 3182 ἰδίου
2584 3129 2714 3182 Υίοῦ
2756 3130 2856 3182 οὐκ
2907 3129 3195 3198 ἐφείσατο,
3231 3128 3349 3181 ἀλλ’
3399 3128 3541 3197 ὑπὲρ
3572 3127 3733 3197 ἡμῶν

490 3232 510 3264 ι
547 3214 763 3269 Christo
791 3230 889 3284 pro
929 3217 1083 3271 nobis
1117 3219 1167 3271 in
1212 3234 1377 3273 carne
1425 3217 1672 3286 passo".
1715 3235 1733 3268 ι
1771 3215 2006 3271 Rursum
2037 3233 2052 3269 :

493 3322 511 3354 ι
551 3303 649 3369 Qui
700 3305 863 3358 etiam
910 3306 1126 3375 proprio
1156 3306 1292 3361 Filio
1340 3323 1443 3362 non
1500 3307 1771 3376 pepercit,
1821 3307 1914 3362 sed
1958 3321 2056 3376 pro

490 3394 740 3449 omnibus
784 3396 938 3450 nobis
970 3397 1186 3451 tradidit
1230 3398 1376 3461 illum
1401 3397 1490 3454 ’δι
1527 3416 1545 3450 ›
1585 3398 1933 3456 nihilominus
1970 3417 2057 3456 se-

492 3486 726 3540 cundum
758 3487 991 3540 divinam
1021 3498 1269 3544 naturam
1315 3489 1663 3558 impassibilis
1704 3504 1769 3545 ac
1802 3491 2057 3546 immuta-

494 3576 617 3631 bilis
643 3591 811 3645 usque
840 3578 1155 3647 permansit,
1177 3580 1331 3649 juxta
1358 3580 1488 3635 illud
1521 3581 1793 3650 propheta:
1824 3597 2059 3651 pronun-

497 3669 729 3723 tiatum:
768 3688 787 3722 ι
821 3671 930 3739 Ego
971 3670 1129 3737 Deus,
1172 3682 1227 3728 et
1271 3687 1377 3727 non
1427 3684 1605 3728 mutor
1625 3674 1693 3726 ⁷⁸.
1726 3692 1746 3725 ι
1819 3674 2060 3729 Mortuus

492 3771 576 3816 est
599 3776 733 3817 sane
770 3764 1061 3818 secundum
1112 3780 1331 3819 carnem
1375 3774 1556 3821 nostra
1608 3777 1798 3833 morte,
1845 3776 2060 3821 llOSll‘O-

494 3869 719 3922 rmnque
745 3865 1087 3923 peccatorum
1118 3871 1318 3922 causa;
1349 3871 1454 3926 quo
1497 3857 1753 3911 nimirum
1796 3872 1892 3927 per
1921 3873 2063 3913 mor-

495 3952 602 3998 tem
665 3944 836 4000 nostri
892 3946 1065 4015 gratia
1122 3957 1469 4016 susceptam,
1520 3957 1748 4003 mortem
1797 3948 2061 4003 aboleret.

491 4034 631 4107 _llinc
664 4037 952 4108 Apostolus
982 4056 996 4093 :
1054 4054 1073 4089 ι
1106 4038 1368 4107 Absorpta
1397 4047 1480 4093 est
1518 4053 1667 4095 mors
1698 4039 1754 4092 in
1797 4040 2019 4094 victoria
2047 4057 2061 4093 :

498 4129 587 4183 ubi
620 4141 722 4194 est,
759 4144 925 4193 mors,
972 4130 1193 4184 victoria
1241 4131 1377 4185 tua?
1408 4131 1496 4185 ubi
1522 4140 1606 4185 est
1651 4131 1898 4186 stimulus
1922 4140 2063 4198 tuus,

498 4216 705 4272 inferne
723 4217 807 4271 7‘?
846 4238 865 4270 ι
914 4218 1154 4273 lterum:
1212 4238 1231 4271 ι
1264 4219 1510 4275 Christus
1559 4231 1804 4275 mortuus
1841 4230 1925 4275 est
1967 4235 2067 4290 pro

497 4309 733 4377 peccatis
767 4311 984 4376 nostris,
1012 4311 1305 4365 secundum
1336 4310 1645 4379 Scripturas
1670 4313 1741 4366 τ’.
1783 4331 1803 4365 ι
1841 4313 1909 4365 At
1936 4327 2067 4368 vero

2156 3218 2374 3271 πάντων
2406 3218 2727 3289 παρέδωκεν
2773 3217 2958 3271 αὐτόν.
3006 3237 3025 3269 ι
3069 3215 3310 3283 Ἀπαθὴς
3347 3216 3406 3267 δὲ
3447 3215 3733 3284 διαμείνας

2155 3308 2249 3361 καὶ
2286 3308 2643 3370 ἀναλλοίωτος
2681 3308 2820 3361 κατὰ
2845 3307 2941 3377 τὴν
2972 3306 3221 3375 θεότητα,
3253 3308 3399 3358 κατὰ
3418 3305 3479 3357 τὸ
3502 3306 3731 3374 λεγομε-

2156 3416 2245 3452 νον
2271 3400 2376 3451 ὑπὸ
2403 3397 2497 3451 τοῦ
2529 3401 2839 3469 προφήτου·
2866 3417 2884 3450 ι
2912 3398 3051 3467 Ἐγὼ
3071 3399 3223 3462 Θεὸς,
3257 3399 3352 3451 καὶ
3381 3399 3485 3451 οὐκ
3514 3398 3735 3467 ἠλλοίω-

2161 3509 2273 3561 μαι.
2312 3511 2329 3542 ι
2375 3490 2686 3544 Ἀποθανὼν
2725 3492 2822 3562 μὲν
2870 3491 2960 3544 τὸν
2999 3492 3269 3561 ἡμέτερον
3317 3490 3557 3543 θάνατον
3603 3490 3737 3543 κατὰ

2161 3583 2339 3653 σάρκα
2384 3583 2524 3653 ὑπὲρ
2550 3582 2657 3637 τῶν
2693 3585 2972 3655 ἁμαρτιῶν
3019 3583 3198 3653 ἡμῶν,
3247 3582 3336 3635 ἴνα
3364 3584 3461 3635 τὸν
3511 3582 3739 3637 θάνατον

2160 3672 2323 3744 ἀνέλῃ
2349 3673 2435 3726 διὰ
2464 3673 2558 3726 τοῦ
2588 3674 2728 3746 ὑπὲρ
2757 3674 2913 3746 ἡμῶν
2947 3674 3200 3739 Θανάτου,
3226 3674 3368 3726 κατὰ
3394 3674 3489 3727 τὸν
3519 3673 3741 3741 λέγοντα

2173 3763 2524 3816 Ἀπόστολονο
2578 3781 2596 3815 ι
2621 3763 2911 3835 Κατεπόθη
2958 3765 2986 3816 ὁ
3038 3763 3267 3827 θάνατος
3313 3766 3394 3828 είς
3430 3767 3611 3827 νῖκος.
3639 3764 3739 3816 Ποῦ

2164 3871 2279 3918 σου,
2312 3854 2529 3922 θάνατε,
2563 3855 2623 3908 τὸ
2662 3858 2841 3922 νῖκος;
2874 3856 2974 3909 ποῦ
3012 3873 3125 3920 σου,
3161 3856 3285 3927 ᾇδη.
3321 3856 3382 3909 τὺ
3428 3857 3694 3925 κέντρονς
3718 3874 3735 3906 ι

2165 3945 2274 3998 Καὶ
2310 3944 2469 3999 πάλιν
2489 3962 2501 3974 ·
2533 3965 2550 3997 ι
2587 3945 2822 4017 Χριστὸς
2861 3946 3131 4001 ἀπέθανεν
3154 3947 3294 4017 ὑπὲρ
3320 3948 3433 3998 τῶν
3458 3947 3741 4017 ἁμαρτιῶν

2165 4035 2340 4106 ἡμῶν,
2369 4035 2510 4089 κατά
2540 4037 2639 4099 τὰς
2670 4037 2911 4107 Γραφάς.
2944 4056 2962 4088 ι
3012 4037 3304 4099 Ἀθάνατος
3327 4036 3384 4090 δὲ
3433 4039 3537 4090 καὶ
3577 4040 3751 4108 ἀκράον

2164 4145 2325 4199 τητος
2381 4128 2459 4198 τῷ
2503 4128 2717 4195 θανάτῳ
2764 4129 3046 4198 διαμείνας
3087 4129 3177 4182 διὰ
3206 4130 3308 4199 τὴν
3351 4129 3629 4201 θεότητα,
3672 4131 3741 4192 ὡς

2166 4218 2382 4289 ἀπαθὴς
2408 4218 2503 4271 τοῦ
2532 4220 2746 4289 Πατρὸς
2777 4210 3024 4289 δύναμις,
3063 4222 3202 4272 κατὰ
3233 4219 3326 4273 τὸν
3371 4220 3612 4288 λέγοντα
3645 4222 3744 4274 Ili-

2168 4325 2295 4378 τρον
2316 4323 2329 4336 ·
2367 4308 2428 4362 οὐ
2458 4308 2565 4379 γὰρ
2608 4304 2674 4379 ἦν
2704 4309 2926 4362 δυνατὸν
2956 4310 3275 4381 κρατεῖσθαι
3301 4312 3471 4365 αὑτὸν
3513 4314 3625 4367 ὑπὸ
3652 4313 3737 4366 τοῦ

500 4402 793 4457 secundum
820 4401 1155 4455 divinitatem
1181 4402 1524 4466 immortalis,
1557 4403 1814 4471 omnique
1842 4403 2059 4459 interitu

2169 4400 2417 4454 θανάτου.
2464 4396 2598 4452 Εῐτα
2644 4400 2857 4465 τούτοις
2903 4402 3192 4472 ἐπιφέρει,
3242 4404 3545 4473 παρενθεὶς
3590 4406 3745 4476 ἕτερα

500 4492 746 4559 superior
768 4502 904 4557 erat,
936 4500 995 4545 ut
1023 4492 1115 4560 qui
1152 4492 1462 4561 impatibilis
1486 4491 1665 4548 Patris
1698 4494 1868 4549 virtus
1900 4504 2064 4561 esset,

503 4581 976 4651 morteque,juxta
1028 4583 1171 4637 Petri
1223 4583 1651 4650 sententiam",
1707 4584 1874 4639 teneri
1922 4585 2069 4639 nullo

503 4671 665 4726 modo
707 4682 907 4741 posset.
954 4672 1157 4729 Deinde
1207 4674 1328 4728 aliis
1375 4672 1487 4744 49
1525 4675 1846 4743 quibusdam
1893 4674 2069 4728 inter-

498 4762 678 4831 jectis,
744 4763 859 4817 hate
917 4766 1227 4834 subjungit:
1289 4765 1346 4820 Si
1404 4767 1524 4834 quis
1568 4774 1745 4819 autem
1799 4764 1944 4819 aliud
2001 4780 2070 4821 ex

505 4852 701 4907 divinis
758 4852 975 4907 Litteris
1034 4854 1314 4919 docuerit,
1363 4864 1416 4909 et
1460 4856 1623 4909 alium
1676 4853 1767 4909 Dei
1823 4855 2017 4911 Filium
2051 4897 2067 4924 ,

507 4940 671 4995 alium
747 4938 928 4993 Mariae
1010 4955 1106 5009 per
1185 4943 1413 5012 gratiam
1488 4946 1658 4997 instar
1728 4944 1897 4999 nostri
1975 4943 2072 4996 ad—

507 5041 774 5103 0ptatum,
826 5028 1100 5103 professus
1148 5032 1330 5097 fuerit,
1376 5042 1626 5102 tanquam
1675 5034 1781 5087 duo
1816 5034 1924 5089 sint
1955 5034 2071 5100 ﬁlii,

2176 4488 2377 4560 μεταξὺ
2405 4488 2611 4552 οὕτως’
2643 4489 2707 4542 Ei
2746 4489 2803 4542 δέ
2843 4506 2927 4553 τις
2959 4491 3110 4562 παρὰ
3145 4489 3316 4543 ταῦτα
3353 4493 3418 4544 ἐκ
3449 4491 3564 4544 τῶν
3593 4492 3747 4545 θείων

2170 4580 2404 4652 Γραφῶν
2448 4579 2727 4646 διδάσκει,
2761 4580 2948 4651 ἕτερον
2978 4581 3151 4650 λέγων
3178 4581 3269 4635 τὸν
3303 4582 3428 4636 Υίὸν
3464 4584 3563 4637 τοῦ
3592 4583 3743 4642 Θεοῦ.

2172 4672 2268 4723 καὶ
2292 4669 2478 4739 ἓτερον
2506 4669 2595 4720 τὸν
2618 4669 2680 4721 ὲκ
2705 4670 2944 4738 Μαρίας,
2976 4670 3117 4722 κατὰ
3149 4671 3307 4741 χάριν
3340 4673 3742 4742 υίοποιηθέντα,

2175 4761 2252 4824 ὡς
2286 4762 2445 4830 ἡμεῖς
2469 4776 2481 4788 ³
2508 4760 2584 4823 ὡς
2614 4756 2752 4815 εἶναι
2782 4760 2875 4813 δύο
2905 4762 3054 4823 υἱοὺς
3073 4802 3088 4825 ,
3120 4761 3214 4814 ἕνα
3256 4761 3398 4815 κατὰ
3429 4761 3597 4830 φύσιν
3626 4762 3747 4814 ἶῖὺν

2174 4851 2269 4904 τοῦ
2298 4850 2433 4905 Θεοῦ
2464 4851 2552 4904 τὸν
2587 4852 2651 4903 ὲκ
2691 4850 2864 4915 Θεοῦ,
2893 4851 2988 4904 καὶ
3019 4852 3114 4904 ἕνα
3143 4851 3284 4904 κατὰ
3327 4852 3518 4922 χάριν,
3555 4852 3652 4904 τὸν
3684 4852 3742 4902 ἐκ

2176 4942 2398 5015 Μαρίας
2442 4941 2761 5014 ἄνθρωπον·
2792 4942 2826 5014 ἢ
2860 4943 2912 4994 εί
2941 4959 3025 5004 τις
3064 4943 3163 5013 τὴν
3207 4940 3298 4994 τοῦ
3340 4941 3554 5012 Κυρίου
3593 4941 3741 5013 ἡμῶν

2180 5035 2359 5105 σάρκα
2384 5033 2589 5089 ἄνωθεν
2620 5033 2792 5102 λέγει,
2841 5033 2936 5085 καὶ
2968 5034 3043 5104 μὴ
3070 5035 3135 5087 ὲκ
3178 5033 3277 5102 τῆς
3314 5032 3595 5104 Παρθένου
3631 5034 3743 5087 M1-

511 5127 649 5180 alter
696 5124 789 5180 Dei
835 5124 1130 5179 secundum
1191 5133 1479 5191 naturam,
1531 5124 1620 5180 ille
1678 5125 1927 5181 videlicet
1983 5139 2052 5195 qu

2181 5125 2302 5196 ρίας
2322 5141 2336 5155 ’
2372 5125 2406 5194 ἦ
2431 5126 2732 5195 τραπεῖσαν
2753 5124 2850 5194 τὴν
2872 5123 3101 5195 θεότητα
3131 5127 3209 5188 εἰς
3239 5124 3441 5197 σάρκα,
3471 5124 3507 5196 ἦ
3539 5143 3741 5194 συγχυ-

511 5233 575 5271 οι
615 5218 721 5274 Deo
759 5228 951 5285 natus;
987 5216 1124 5271 alter
1154 5218 1451 5271 secundum
1481 5218 1781 5287 adoptionis
1813 5227 2074 5287 gratiam,

2180 5216 2388 5282 θεῖσαν,
2432 5216 2466 5288 ἢ
2503 5216 2906 5278 άλλοιωθείσαν,
2941 5215 2975 5287 ἢ
3010 5215 3259 5285 παθητὴν
3283 5218 3385 5285 τὴν
3412 5217 3509 5269 τοῦ
3540 5216 3739 5287 Κυρίου

514 5311 676 5363 homo
708 5309 959 5363 nimirum
986 5308 1077 5378 qui
1113 5324 1178 5364 ex
1208 5305 1377 5363 Maria
1401 5309 1643 5364 exstitit:
1677 5316 1771 5364 aut
1801 5310 1846 5365 si
1866 5309 2056 5365 Domin

2182 5306 2444 5378 θεότητα,
2496 5307 2529 5378 ἢ
2578 5306 2991 5379 ἀπροσκύνητον
3038 5306 3135 5377 τὴν
3182 5305 3276 5359 τοῦ
3333 5306 3546 5377 Κυρίου
3592 5304 3745 5376 ἡμῶν

518 5401 685 5454 nostri
713 5416 931 5456 carnem
959 5415 1064 5455 non
1091 5416 1158 5457 ex
1188 5400 1414 5471 Deipara
1460 5399 1677 5472 Virgine
1722 5399 1887 5455 Maria
1932 5415 2078 5455 sum-

2186 5399 2366 5471 σάρκα
2409 5399 2483 5463 ὡς
2533 5398 2820 5470 ἀνθρώπου
2881 5397 2974 5451 καὶ
3005 5398 3081 5469 μὴ
3111 5398 3495 5469 προσκυνητὴν
3524 5398 3601 5461 ὡς
3633 5398 3741 5450 Ku-

589 5559 629 5586 “
658 5556 786 5609 Luc.
824 5574 862 5618 l,
897 5557 983 5610 Si.
1060 5557 1105 5586 ⁷³
1136 5554 1263 5607 ibid.
1295 5557 1383 5611 35.
1460 5558 1505 5589 ⁷³
1533 5556 1550 5609 ι
1579 5558 1717 5611 i‘etr.
1759 5570 1829 5623 tv,
1866 5557 1913 5611 I.
1992 5556 2039 5587 ⁷⁸
2072 5557 2229 5612 Rom.
2261 5571 2379 5624 vtn,
2419 5555 2506 5610 32.
2582 5554 2629 5587 "
2657 5551 2884 5610 Malaclt.
2920 5568 3007 5618 tu,
3038 5551 3089 5607 6.
3165 5550 3213 5583 "
3246 5548 3266 5603 Ι
3321 5551 3449 5607 Cor.
3507 5567 3598 5619 xv,
3654 5547 3738 5606 55.

502 5624 566 5680 t"
603 5629 729 5680 ibid.
768 5628 817 5681 4.
898 5625 944 5654 ⁷⁸
980 5627 1083 5678 Act
1140 5638 1200 5687 tt,
1235 5624 1285 5679 4.
