3970 6136
300 251 438 307 i913

1383 251 1470 306 DE
1512 251 1739 309 RECTA
1776 251 1935 308 FIDE
1970 255 2058 311 AD
2097 255 2415 312 REGINAS.

3390 263 3531 321 12M

301 370 415 441 ρίου
443 368 537 423 καὶ
574 366 709 422 Θεοῦ
739 369 934 438 σάρκα,
968 365 1178 434 τοῦτον,
1209 344 1595 439 ἀναθεματίζει
1646 371 1680 441 ἡ
1729 370 1858 438 ἀγία

1966 379 2125 441 ptam,
2159 370 2252 426 sed
2282 370 2497 427 coalitus
2530 370 2790 438 dilapsam
2822 369 3222 440 prmdicaverit;
3269 380 3360 425 aut
3389 374 3527 429 ’ἰίνί-

296 460 559 531 καθολικὴ
593 457 1229 532 Ἐκκλησία,ιπειθομένη
1267 460 1347 530 τῷ
1374 460 1503 533 θείῳ
1548 462 1858 533 Ἀποστόλῳ

295 555 539 622 λέγοντιο
578 573 597 605 t
636 553 703 607 El’
744 572 824 618 τις
857 554 985 624 ὑμῖν
1014 553 1423 622 εὐαγγελίζεται
1448 596 1463 621 ,
1496 555 1624 627 πὰρ’
1656 555 1685 608 6
1713 572 1857 627 παρ-

1957 462 2180 516 nitatetn
2217 460 2269 515 in
2302 475 2521 515 carnem
2549 475 2782 524 versam,
2821 471 2914 515 aut
2942 461 3242 526 confusam,
3275 472 3367 515 aut
3413 478 3530 517 mu--

1955 559 2163 617 tatam;
2221 561 2315 605 aut
2375 550 2588 606 Domini
2635 551 2975 606 divinitatem
3027 550 3376 620 passibilem;
3434 561 3529 606 aut

296 643 537 706 ελάϐετε,
568 643 814 712 ἀνάθεμα
842 641 998 696 ἔστω.
1025 661 1045 693 ι
1078 645 1187 696 Καὶ
1208 643 1380 698 ταῦτα
1407 643 1506 714 μὲν
1533 645 1561 697 6
1590 643 1858 714 μακάριος

1966 642 2191 710 ejusdem
2235 641 2443 697 Domini
2469 643 2637 696 nostri
2682 657 2918 704 carnem,
2966 643 3128 698 veluti
3170 641 3297 697 nudi
3353 642 3528 696 homi-

309 733 624 798 Ἀθανάσιος
650 749 665 764 ·

1955 733 2059 799 nis,
2089 732 2311 787 minime
2350 733 2675 788 adoraudam
2729 733 2959 798 dixerit;
3007 735 3150 788 hunc
3189 733 3527 786 anathemate

294 825 479 896 plectit
511 834 694 880 sancta
726 833 780 879 et
824 825 1085 880 catholica
1158 825 1419 889 Ecclesia,
1488 825 1645 880 dictis
1687 794 1930 891 .Apostoli
1972 838 2165 891 parens
2202 824 2273 877 ita
2322 825 2651 879 scribentis:
2698 842 2717 875 ι
2755 823 2811 878 Si
2846 823 2966 893 quis
3000 823 3152 878 vobis
3190 819 3524 892 evangeliza-

295 916 434 970 verit
462 925 657 984 praeter
685 916 736 970 id
777 916 919 984 quod
965 917 1265 987 accepistis,
1309 921 1592 972 anathema
1657 917 1818 973 sit".
1855 933 1875 966 ι
1921 913 2206 981 [lucusque
2239 915 2431 970 beatus
2484 916 2834 970 Athanasius.

365 1005 421 1060 l'.
465 1000 632 1075 Οἶμαι
678 1007 735 1061 δὲ
773 1006 884 1063 δεῖν
937 1008 1031 1061 καὶ
1085 1008 1286 1082 ἑτέρων
1328 1008 1499 1077 ἁγίων
1545 1006 1857 1061 ἐπισκόπων

292 1094 617 1165 παραθεῖναι
652 1097 854 1167 φωνὰς,
886 1098 977 1153 τὸν
1010 1098 1170 1153 αὑτὸν
1199 1100 1426 1170 ἐχούσας
1459 1098 1680 1152 σκοπόν.

740 1340 1012 1395 Ἀττικοῦ
1047 1341 1405 1396 ἐπισκόπου.

363 1456 612 1555 Σήμερον
646 1473 880 1545 Χριστὸς
907 1476 934 1528 6
966 1476 1242 1548 Δεσπότης
1274 1476 1372 1547 τὴν
1548 1477 1849 1549 φιλανθρω-

295 1565 428 1629 πίας
457 1565 709 1635 γέννησιν
737 1566 1051 1633 ἀνεδέξατοο
1074 1566 1172 1637 τὴν
1212 1567 1320 1639 γάρ
1343 1568 1440 1638 τῆς
1484 1567 1671 1638 θεϊκῆς
1699 1568 1857 1634 ἀξίας

297 1653 674 1746 προϋπῆρχεν.
699 1651 843 1711 Εἶτα
876 1658 1107 1725 τούτοις
1131 1656 1395 1727 ἐπιφέρει
1424 1659 1637 1712 πάλιν
1672 1659 1731 1712 '0
1758 1659 1857 1728 τῆς
1889 1691 1930 1746 Β

2034 1004 2100 1059 Χ.
2137 1006 2402 1062 Existimo
2428 1017 2607 1061 autem
2634 1015 2687 1062 et
2715 1006 2940 1059 aliorum
2972 1019 3187 1074 quoque
3217 1012 3524 1058 sanctorum

1960 1094 2332 1165 episcoporum
2372 1097 2688 1160 sententias,
2716 1096 2911 1165 quibus
2940 1095 3081 1149 idem
3115 1096 3309 1150 docere
3333 1107 3532 1164 propo—,

1958 1186 2118 1239 situm
2149 1193 2252 1254 est,
2281 1186 2593 1256 neutiquam
2634 1187 2721 1241 bic
2745 1184 3069 1240 omittendas
3099 1199 3242 1240 esse.

2519 1320 2683 1375 Attici
2708 1320 2957 1389 episcopi.

2032 1452 2205 1507 Hodie
2231 1451 2477 1509 Christus
2525 1453 2785 1507 Dominus
2816 1449 3161 1519 benignitatis
3195 1463 3319 1520 erga
3350 1447 3524 1502 homi-

1963 1558 2058 1596 nes
2085 1543 2421 1598 nativitatem
2449 1544 2691 1612 suscepit
2722 1558 2736 1594 :
2780 1541 2977 1595 divinae
3015 1539 3209 1613 quippe
3250 1537 3525 1609 dignitatis

1965 1632 2243 1686 nativitate
2284 1633 2707 1702 prmexsislebat.
2751 1631 2908 1713 Addit
2956 1632 3039 1685 Itis
3075 1643 3324 1683 rursum:
3368 1628 3526 1682 Beni-

298 1718 709 1817 φιλανθρωπίας
740 1747 911 1816 Λόγος
941 1718 1187 1802 κενοέται
1211 1718 1537 1813 ,Ἷάκένωτος
1570 1751 1668 1819 τὴν
1693 1718 1856 1821 φύσίν

1966 1723 2177 1791 guitatis
2206 1721 2465 1787 Verbum,
2505 1737 2624 1776 cum
2667 1730 2855 1788 suapte
2898 1729 3088 1775 natura
3137 1718 3525 1773 exinanitionis

296 1835 605 1907 τυγχάνων·
636 1838 824 1892 ἑαυτὸν
856 1838 963 1909 γάρ
991 1838 1223 1891 ὲκὲνωσε
1242 1878 1255 1902 ,
1292 1839 1503 1910 μορφὴν
1537 1840 1722 1893 δούλου
1762 1840 1857 1893 λα·-

298 1922 431 1980 6ών.
468 1926 525 1979 '0
572 1927 813 1997 ἄσαρκος
860 1928 1176 1997 σαρκοῦται,
1214 1946 1233 1979 t
1275 1928 1334 1981 Ὃ
1363 1929 1532 2000 Λόγος
1566 1930 1700 2001 σὰρξ
1738 1931 1855 1999 ἐγέ-

295 2033 438 2071 νετο.
473 2037 492 2068 ι
544 2018 600 2072 Ὀ
633 2019 746 2088 ἀφῇ
796 2018 871 2089 μὴ
912 2016 1234 2072 ὑποπίπτων
1274 2002 1368 2072 ’διὰ
1406 2018 1466 2072 τὸ
1500 2022 1597 2090 τῆς
1640 2019 1856 2088 φύσεως

293 2107 601 2179 ἀσώματον,
637 2109 973 2180 ψηλαφᾶται.
1016 2109 1076 2161 '0
1104 2109 1337 2179 ἄναρχος
1371 2109 1473 2162 ὑπὸ
1500 2110 1673 2180 ἀρχὴν
1706 2110 1855 2180 γίνε-

291 2213 382 2251 ται
414 2200 751 2270 σωματικήν.
804 2199 863 2255 '0
908 2197 1111 2261 τέλειος
1142 2196 1330 2264 αὔξει,
1372 2197 1401 2250 6
1433 2198 1700 2269 ἄτρεπτος
1729 2215 1856 2269 προ-

290 2286 504 2353 κόπτει,
530 2290 558 2341 6
584 2287 834 2352 πλούσιος
867 2290 924 2341 ὲν
954 2289 1294 2359 καταλύματι
1320 2289 1587 2343 τίκτεται.
1605 2289 1663 2342 '0
1697 2306 1853 2360 περι-

295 2374 511 2430 ϐάλλων
537 2375 628 2430 τὸν
660 2378 882 2448 οὐρανὸν
923 2380 981 2432 ὲν
1025 2378 1274 2447 νεφέλαις
1297 2419 1312 2444 ,
1350 2378 1755 2450 σπαργανοῦται
1777 2393 1791 2407 ·
1826 2380 1855 2432 6

294 2468 553 2540 βασιλεὺς·
584 2471 643 2524 ὲν
671 2470 844 2542 φάτνῃ
878 2471 1244 2526 κατατίθεται.

725 2771 1033 2842 Ἀντιόχου
1061 2772 1417 2827 ἐπισκόπου.

369 2899 466 2958 "Ov
489 2902 615 2973 χθὲς
644 2903 929 2977 ἀχράντοις
968 2906 1205 2975 λοχείαις
1244 2907 1472 2977 Σωτῆρα
1501 2907 1631 2977 ἡμῖν
1657 2907 1689 2976 ἠ
1718 2906 1852 2971 ζωο-

290 2991 466 3056 τόκος,
489 2996 523 3064 ὴ
552 2993 938 3066 καλλιτόκος,ή
969 2996 1349 3065 μεγαλοτόκος,
1392 2998 1425 3067 ἡ
1454 2995 1781 3066 φαεσφόρος.
1813 2996 1844 3065 ἡ
1883 3021 1930 3084 c

290 3084 661 3157 ὲλπιδοφόρος,
688 3087 722 3157 ἡ
746 3087 1025 3154 Θεοτὸκος,
1059 3090 1092 3161 ὴ
1119 3088 1413 3154 ξενοτόκος,
1441 3090 1475 3159 ἡ
1506 3088 1825 3157 παρθενομή
1842 3117 1855 3126 -

292 3191 404 3247 τωρ
428 3174 582 3229 ὢδινε
608 3178 814 3249 Μαρία.

300 3392 676 3475 Ἆμςριλοχίου
731 3398 1065 3475 ἐπισκόπου
1120 3401 1395 3475 Ἰκονίου,
1446 3403 1514 3456 ἐκ
1562 3404 1668 3459 τοῦ
1713 3405 1847 3474 Περὶ

604 3468 713 3532 τῆς
749 3469 900 3521 κατὰ
934 3468 1130 3536 σάρκα
1160 3469 1514 3541 γεννήσεως.

370 3594 435 3647 Ἦ
463 3594 689 3666 ἀλήθεια
733 3598 1002 3670 ἐγνώσθη,
1055 3603 1088 3670 ή
1136 3602 1295 3671 χάρις
1330 3598 1482 3672 ἦλθε,
1529 3605 1621 3657 καὶ
1667 3607 1699 3675 ἡ
1741 3603 1853 3676 ζωὴ

289 3687 485 3757 ἐφάνη.
530 3688 590 3740 '0
618 3687 710 3740 τοῦ
738 3689 869 3741 Θεοῦ
914 3690 987 3744 ὢν
1016 3692 1161 3755 Υἱὸς,
1194 3694 1221 3745 6
1246 3694 1309 3745 ὲκ
1334 3693 1466 3746 Θεοῦ
1492 3695 1680 3762 Λόγος,
1719 3696 1854 3767 σὰρξ

292 3777 509 3843 ἐγένετο
545 3778 610 3831 δι’
639 3781 807 3850 ἡμᾶς,
839 3779 926 3834 ἴνα
956 3781 1181 3849 θνητοὺς
1200 3783 1280 3845 εἰς
1307 3782 1450 3853 ζωὴν
1483 3784 1697 3837 αἰώνιον
1722 3786 1854 3839 ἀνα-

291 3867 486 3938 στήσῃ,
513 3870 608 3923 καὶ
638 3871 701 3923 ἐκ
730 3870 837 3924 τῶν
866 3872 1072 3943 νεκρῶν
1101 3873 1377 3945 ἀνεγείρῃ.
1410 3875 1466 3926 '0
1492 3875 1726 3944 Ποιητής
1745 3876 1852 3930 τῶν

288 3958 450 4020 ὅλων,
480 3961 508 4012 6
540 3959 646 4030 πρὸ
674 3960 852 4032 πάσης
880 3963 1109 4025 κτίσεως
1137 3964 1345 4034 ὁρατῶν
1376 3982 1434 4016 τε
1466 3967 1556 4017 καὶ
1583 3966 1849 4036 ἀοράτων,

290 4051 438 4122 μόνῳ
480 4051 657 4122 Πατρὶ
698 4052 792 4104 καὶ
841 4052 1119 4122 Πνεύματι
1164 4055 1518 4125 συνυπάρχων
1553 4057 1850 4123 ἀθάνατος,

289 4141 530 4213 σήμερον
573 4143 682 4196 ἰδοὺ
711 4145 842 4213 ἡμῖν
874 4146 936 4197 ὲκ
972 4144 1242 4213 Παρθένου
1282 4146 1649 4216 γεννώμενος,
1680 4149 1850 4220 χωρὶς

286 4230 472 4303 πάσης
505 4232 802 4304 ἁμαρτίας,
833 4234 959 4287 ἄνευ
988 4234 1295 4307 ἀνθρώπου,
1327 4236 1442 4306 ἦτοι
1480 4237 1692 4309 ἀνδρὸς.

449 4451 748 4522 Ἄμμωνος
772 4450 1109 4506 ἐπισκόπου
1143 4451 1692 4521 Ἀὃριανουπόλεως.

330 4586 480 4655 Ἔφη
508 4583 620 4654 γάρ
648 4596 766 4639 που
792 4584 889 4639 καὶ
921 4582 1096 4650 αὐτὸς
1124 4583 1253 4652 περὶ
1292 4582 1397 4636 τοῦ
1423 4584 1569 4638 Θεοῦ
1602 4585 1818 4655 Λόγου.

361 4714 422 4767 Ei
447 4713 503 4766 δὲ
535 4714 693 4778 αὐτὸς
715 4714 844 4778 Θεὸς
875 4713 973 4784 τὴν
1002 4713 1163 4783 φύσιν
1186 4713 1467 4785 ὑπάρχων,
1492 4716 1568 4778 ὠς
1599 4715 1694 4768 τοῦ
1716 4715 1851 4769 Θεοῦ

297 4807 585 4878 μονογενὴς
623 4805 790 4871 Υἱὸς,
826 4810 882 4861 ὲν
917 4807 1218 4877 προσλήψει
1261 4808 1359 4877 τῆς
1404 4807 1590 4860 δούλου
1637 4810 1851 4879 μοριρῆς

293 4898 600 4969 γενόμενος,
626 4900 721 4952 καὶ
750 4898 1089 4969 πρωτότοκος
1118 4898 1243 4962 Υἱὸς
1267 4900 1363 4967 τῆς
1397 4898 1554 4967 ἁγίας
1573 4899 1850 4969 Παρθένου

293 4990 554 5060 κληθῆναι
589 4989 952 5055 καταξιώσας,
985 4989 1300 5061 ἀντίλυτρον
1328 4991 1519 5043 ἑαυτὸν
1543 4990 1684 5062 ὑπὲρ
1715 4992 1852 5045 πάν⁴

289 5096 395 5133 των
448 5079 668 5135 δέδωκε.
718 5079 1089 5149 Προσεπάγει
1134 5079 1202 5133 δὲ
1253 5082 1511 5146 τούτοιςο
1563 5081 1701 5151 Ἤδη
1753 5083 1851 5153 μὲν

291 5169 464 5234 ἔδειξα
507 5170 604 5241 τὴν
649 5171 920 5237 ἀσέϐειαν,
1021 5171 1436 5240 περιπίπτουσιν
1468 5172 1517 5224 οἱ
1564 5173 1851 5243 ’Δρειανοὶ,

289 5261 534 5328 λέγοντες
586 5261 773 5332 χρείαν
830 5262 1123 5331 ἐσχηκέναι
1181 5261 1282 5331 τὴν
1329 5261 1587 5316 Θεοτόκον
1634 5265 1852 5335 Μαρίαν

289 5354 394 5404 τῶν
442 5351 585 5406 κατά
635 5353 726 5406 τὸν
773 5352 934 5423 νόμον
976 5354 1098 5406 τότε
1149 5355 1608 5423 προσφερομένων
1655 5356 1853 5413 θυσιῶν

290 5442 429 5513 ὑπὲρ
457 5442 564 5496 τῶν
592 5444 892 5497 τικτουσῶν
930 5445 1222 5510 γυναικῶν.

290 5620 332 5652 η
359 5620 531 5679 Gal-ut.
575 5637 609 5685 I,
648 5622 699 5676 9.
779 5621 822 5651 ⁸⁸
856 5619 1007 5674 Ιιοειιι.
1037 5619 1186 5683 ι,14.

1957 1830 2126 1884 capax
2180 1829 2283 1869 non
2331 1822 2494 1878 esset,
2539 1813 2877 1875 exinanitur,
2925 1812 3108 1867 servili
3157 1811 3301 1864 enim
3350 1809 3521 1862 forma

1955 1915 2201 1976 suscepta
2244 1907 2591 1976 semetipsum
2636 1904 2950 1961 exinanivit.
3005 1903 3107 1969 Qui
3161 1915 3358 1971 expers
3408 1909 3524 1955 erat

1955 2000 2171 2063 carnis,
2221 2012 2386 2052 carne
2436 1997 2708 2062 induitur,
2765 2014 2783 2046 ι
2840 1994 3068 2050 Verbum
3138 2006 3266 2046 caro
3323 1991 3522 2045 factum

1955 2100 2036 2145 est
2065 2090 2132 2143 ⁸ο.
2166 2106 2184 2141 ι
2235 2089 2336 2155 Qui
2386 2089 2455 2143 ob
2512 2098 2760 2141 naturam
2806 2085 3049 2154 corporis
3096 2092 3371 2152 expertem
3425 2080 3524 2135 sub

1958 2190 2158 2235 tactum
2189 2194 2294 2234 non
2320 2178 2590 2242 veniebat,
2628 2177 2909 2246 palpabilis
2944 2173 3191 2229 elﬁcitur.
3242 2172 3341 2238 Qui
3374 2172 3525 2240 prin-

1953 2271 2152 2339 cipium
2180 2270 2475 2335 nesciebat,
2527 2269 2823 2324 secundum
2872 2280 3068 2334 corpus
3110 2262 3322 2318 initium
3360 2264 3524 2317 sorti-

1957 2372 2063 2416 tur.
2087 2362 2186 2428 Qui
2215 2363 2463 2415 absolute
2492 2360 2764 2431 perfecttts
2793 2367 2933 2423 erat,
2972 2358 3304 2411 incrementa
3331 2356 3517 2409 sumit.

1955 2455 2054 2522 Qui
2084 2456 2323 2521 converti
2355 2470 2460 2509 non
2492 2460 2689 2523 potest,
2715 2451 2945 2521 proiicit.
2981 2448 3084 2516 Qui
3127 2449 3276 2505 dives
3303 2455 3390 2503 est
3414 2485 3429 2512 ,
3467 2447 3519 2500 in

1954 2545 2253 2601 diversorio
2279 2546 2536 2616 gignitur.
2562 2544 2663 2609 Qui
2687 2542 2884 2598 ctelum
2913 2540 3139 2596 nubibus
3164 2541 3316 2610 tegit,
3342 2537 3522 2592 fasciis

1956 2634 2265 2701 involvitur.
2297 2634 2400 2703 Qui
2431 2650 2525 2689 rex
2561 2642 2667 2698 est,
2703 2632 2754 2686 in
2788 2631 3048 2701 praesepio
3077 2630 3384 2700 deponitur.

2479 2764 2724 2822 Antiochi
2749 2766 2991 2834 episcopi.
3034 2819 3047 2829 ,

2028 2905 2197 2972 Quem
2229 2903 2480 2957 hesterno
2510 2901 2593 2955 die
2629 2914 2725 2970 pro
2757 2908 2939 2956 nostra
2973 2896 3147 2952 salute
3178 2893 3526 2979 immaculato

1960 2995 2246 3066 puerperio
2284 2994 2515 3063 genitrix
2550 2993 2698 3056 vitae,
2733 2999 2906 3045 mater
2928 2986 3341 3059 pulchritudinis
3364 3028 3378 3052 ,
3411 3000 3528 3040 ma~

1960 3087 2285 3161 gnilicentia:
2329 3085 2573 3153 lucisque
2604 3098 2822 3151 parcns,
2850 3082 2960 3150 spei
3003 3081 3359 3149 apportatrix,
3402 3079 3524 3132 Dei-

1959 3194 2113 3249 para,
2144 3192 2264 3246 qua:
2295 3190 2436 3231 novo
2463 3174 2671 3244 peperit
2698 3173 2878 3239 modo,
2905 3171 3056 3240 virgo
3083 3180 3137 3224 et
3164 3179 3335 3223 mater
3364 3183 3525 3238 pepe-

1956 3270 2026 3322 rit
2052 3265 2239 3321 Maria.

1958 3399 2065 3470 50
2101 3397 2466 3470 Amphilochii
2488 3396 2712 3470 episcopi
2736 3393 3021 3470 Icortii,-ex
3056 3392 3191 3445 libro
3217 3392 3281 3444 de
3305 3407 3523 3461 genera-

2255 3469 2394 3520 tione
2427 3465 2642 3519 Domini
2671 3466 2955 3518 secundum
2988 3478 3219 3516 carnem.

2026 3603 2238 3658 Veritas
2272 3601 2484 3670 cognita
2534 3608 2638 3662 est,
2671 3600 2843 3666 gratia
2898 3600 3068 3662 venit,
3092 3598 3202 3650 vita
3249 3595 3519 3666 apparuit,

1956 3695 2049 3750 Dei
2085 3693 2346 3755 Verbum,
2372 3691 2573 3757 Deique
2590 3689 2767 3743 Filius
2811 3699 3026 3757 propter
3077 3704 3174 3741 nos
3208 3689 3521 3741 incarnatus

1955 3795 2059 3853 est,
2089 3799 2195 3856 quo
2225 3783 2475 3837 nimirum
2518 3781 2775 3834 mortales
2797 3795 2826 3832 a
2850 3789 3024 3833 morte
3052 3778 3116 3831 ad
3164 3779 3328 3831 vitam
3360 3788 3519 3830 teter-

1957 3894 2078 3932 nam
2115 3883 2409 3931 revocaret.
2445 3871 2829 3927 Universorum
2868 3868 3078 3938 Opifex,
3116 3868 3206 3937 qui
3243 3877 3368 3921 ante
3398 3881 3517 3919 om-

1955 3982 2077 4021 nem
2135 3974 2440 4019 creaturam
2497 3970 2605 4014 tam
2675 3958 2939 4020 visibilem
3000 3973 3158 4025 quam
3195 3955 3517 4010 invisibilem

1957 4056 2058 4112 soli
2094 4054 2239 4110 Patri
2273 4064 2322 4107 et
2363 4052 2586 4122 Spiritui
2639 4058 2824 4104 sancto
2883 4049 3242 4102 coexsistcbat
3296 4048 3519 4101 immor-

1956 4149 2095 4213 talis,
2125 4160 2249 4201 ecce
2278 4146 2325 4201 is
2376 4144 2511 4198 citra
2550 4143 2711 4195 ullum
2745 4150 3044 4209 peceatum,
3102 4138 3370 4207 ullamque
3421 4140 3516 4190 ho-

1953 4239 2115 4293 minis
2172 4246 2263 4291 aut
2306 4236 2404 4291 viri
2459 4249 2701 4304 operam,
2741 4232 2900 4286 hodie
2955 4229 3110 4285 nobis
3167 4245 3234 4284 ex
3299 4229 3518 4298 Virgine

1883 4344 1927 4399 υ
1958 4330 2199 4385 nascitur

2237 4466 2508 4519 Ammonis
2550 4464 2772 4533 episcopi
2800 4461 3234 4530 Adrianopoleos.

2269 4593 2356 4648 Sic
2377 4594 2514 4647 enim
2546 4592 2654 4662 ipse
2673 4593 2749 4644 ait
2773 4591 2835 4644 de
2860 4589 2965 4644 Deo
2998 4588 3185 4643 Verbo.

2023 4726 2175 4794 Quod
2225 4727 2269 4781 si
2315 4726 2380 4790 is,
2432 4725 2522 4793 qui
2580 4724 2721 4778 Deus
2775 4727 3068 4781 secundum
3124 4735 3369 4780 naturam
3411 4736 3515 4793 est,

1954 4826 2138 4888 utpote
2166 4819 2474 4885 unigenitus
2505 4819 2593 4872 Dei
2617 4816 2809 4880 Filius,
2827 4817 3007 4870 servili
3028 4816 3197 4870 forma
3216 4826 3516 4886 assumpta,

1959 4925 2237 4978 sacraque
2263 4909 2498 4979 Virginis
2531 4910 2919 4980 primogenitus
2939 4909 3194 4979 appellari
3220 4926 3323 4966 non
3365 4910 3519 4963 dedi-

1954 5011 2171 5073 gnatus,
2232 5002 2579 5071 semetipsum
2648 5002 3069 5070 redemptionem
3121 5017 3218 5072 pro
3269 5001 3518 5054 omnibus

1955 5091 2195 5145 tradidit.
2229 5092 2389 5144 Addit
2427 5101 2679 5159 prwterea
2705 5106 2724 5145 :
2755 5090 2913 5146 Clare
2942 5101 3110 5160 patet,
3161 5090 3213 5142 in
3255 5097 3515 5159 quantam

1955 5181 2285 5250 impietatem
2337 5182 2688 5251 prolahantur
2730 5181 2939 5247 Ariani,
2971 5181 3060 5249 qui
3094 5179 3378 5248 Deiparam
3407 5177 3519 5232 Ma-

1953 5272 2089 5327 riam
2112 5273 2179 5328 iis
2205 5273 2512 5337 sacriﬁciis,
2533 5288 2650 5342 quae
2676 5287 2775 5342 pro
2796 5273 3076 5343 puerperis
3102 5284 3168 5326 ex
3194 5270 3311 5340 lege
3335 5269 3517 5326 olferri

1953 5378 2070 5420 mos
2098 5372 2235 5430 erat,
2266 5378 2402 5434 opus
2424 5363 2677 5418 habuisse
2708 5369 2981 5419 asserunt.
