3970 6136
464 269 606 326 Hi5
1477 272 1533 329 S.
1576 272 1848 328 CYRILLI
1890 269 2357 325 ALEXANDRINI
2396 267 2714 324 AIiCHlEP.
3591 260 3749 317 ιειε

467 384 693 439 Joannis
731 381 961 451 episcopi
1002 380 1545 457 Constantinopoleos,
1577 382 1649 437 De
1678 384 1859 437 divina
1879 399 2037 453 gene-

2153 380 2427 435 Ἰωάννου
2452 351 3549 457 ἐπισκοπουβωνσταῇτινουπόλεως,
3595 374 3741 444 Περὶ

1137 446 1359 506 ratione.
1531 446 1541 451 ’
1879 446 1901 453 ⁷

2577 447 2688 516 τῆς
2718 447 2885 513 θείας’
2904 446 3272 517 γεννήσεως.

2349 560 2504 629 Φησὶ
2535 558 2603 612 δὲ
2631 558 2766 626 περὶ
2794 557 2905 627 τῆς
2941 559 3115 627 ἁγίας
3147 560 3469 626 Παρθένου

2221 672 2365 726 Ἀντὶ
2407 672 2463 725 δὲ
2511 671 2682 742 ἡλίου,
2727 669 2860 741 φησὶ
2883 708 2898 732 ,
2928 668 3016 722 τὸν
3049 668 3203 738 ἥλιον
3243 668 3341 736 τῆς
3372 664 3741 733 δικαιοσύνης

2138 764 2564 837 άπεριγράπτως
2583 765 2807 835 χωρήσα
2835 763 2901 816 P‘.
2919 762 3026 815 Καὶ
3056 760 3131 832 μὴ
3154 760 3402 831 ζητήσῃς
3419 758 3574 819 πῶς’
3604 758 3740 809 67:92;

2138 856 2246 926 γὰρ
2275 855 2517 926 βούλεται
2545 855 2698 919 Θεὸς,
2721 854 2937 907 νικᾶται
2965 853 3181 920 φύσεως
3212 851 3369 917 τάξις
3389 867 3404 880 ο
3445 847 3742 918 ἠϐουλήθη

2137 946 2267 1017 γάρ,
2330 943 2591 1014 ἠδυνήθη,
2636 941 2922 1011 κατῆλθεν,
2961 940 3152 993 ἔσωσε.
3205 938 3509 1007 Σύνδρομα
3559 935 3743 986 πάντα

2137 1034 2275 1105 Θεῷ.
2305 1036 2551 1105 Σήμερον
2585 1035 2612 1087 ὁ
2640 1032 2715 1085 ὢν
2744 1032 3006 1093 τίκτεται,
3042 1031 3137 1083 καὶ
3171 1030 3200 1082 ὁ
3226 1027 3302 1081 ὢν
3333 1027 3567 1094 γίνεται
3602 1026 3741 1093 ὅπερ

2136 1127 2238 1179 οὐκ
2258 1123 2345 1197 ἦν.
2375 1126 2468 1177 Ὧν
2491 1124 2600 1194 γὰρ
2628 1122 2780 1186 Θεὸς,
2808 1123 3017 1190 γίνεται
3046 1119 3354 1189 ἄνθρωπος,
3387 1117 3498 1169 οὐκ
3532 1114 3741 1174 ἐκστάς

2136 1214 2231 1269 τοῦ
2280 1210 2418 1267 εἶναι
2463 1212 2614 1275 Θεός.
2663 1210 2801 1265 Οὔτε
2838 1209 2945 1279 γὰρ
2995 1209 3115 1261 κατ’
3154 1206 3420 1260 ἔκστασιν
3469 1203 3741 1271 θεότητος

2137 1307 2361 1375 γέγονεν
2385 1304 2693 1374 ἄνθρωπος,
2712 1301 2836 1355 οὔτε
2866 1299 3008 1354 κατὰ
3034 1297 3319 1369 προκοπὴν
3342 1296 3408 1362 ἔξ
3431 1294 3737 1364 ἀνθρώπου

2137 1398 2326 1465 γέγονε
2371 1394 2503 1458 Θεός
2524 1407 2539 1422 '
2582 1392 2717 1447 ἀλλά
2745 1392 2920 1461 Λόγος
2957 1390 3034 1446 ὢν
3068 1391 3156 1445 διά
3198 1390 3261 1443 τὸ
3288 1387 3517 1450 ἀπαθὲς
3540 1429 3561 1450 ,
3606 1385 3739 1455 σὰρξ

468 1495 652 1550 dentia
684 1496 1019 1551 incrementa
1056 1510 1123 1549 ex
1154 1496 1372 1551 homine
1420 1495 1594 1551 factus
1618 1506 1701 1553 est
1735 1498 1910 1554 Deus:
1941 1500 2035 1553 sed

2153 1484 2357 1553 ἐγένετο
2380 1524 2396 1548 ,
2445 1483 2820 1554 ἀμεταϐλήτου
2872 1481 3139 1554 μενούσης
3175 1481 3281 1551 τῆς
3331 1479 3601 1580 quiusa“;

470 1586 707 1643 Verbum
738 1588 1030 1653 exsistens,
1071 1597 1263 1642 natura
1294 1588 1511 1657 prepria
1543 1589 1613 1644 ob
1646 1591 1725 1644 sui
1762 1591 2036 1659 itnpatibi-

2153 1573 2504 1644 προσεπάγει
2534 1574 2826 1640 ,τούτοις
2876 1572 2938 1626 Ὀ
2983 1573 3079 1626 ἐπὶ
3124 1571 3320 1643 θρόνου
3371 1569 3603 1640 ὑψηλοῦ
3649 1569 3735 1622 καὶ

471 1676 674 1730 litatem
712 1684 964 1743 manente
998 1673 1099 1744 51
1129 1674 1251 1729 inde
1277 1684 1502 1739 mutata,
1534 1675 1737 1731 factum
1763 1688 1848 1732 est
1886 1693 2032 1734 caro.

2153 1670 2453 1740 ἐπηρμένου
2496 1668 2821 1738 καθήμενος,
2846 1668 2904 1719 ἔν
2936 1667 3111 1738 φάτνῃ
3154 1665 3369 1719 τίθεται
3390 1682 3408 1696 ο
3440 1667 3472 1719 ὁ
3499 1664 3731 1732 ἀναφὴς,

469 1765 726 1835 Adjungit
750 1766 966 1821 demum
1002 1782 1016 1818 :
1056 1764 1159 1831 Qui
1194 1766 1248 1818 in
1270 1766 1405 1820 solio
1424 1766 1636 1820 sublimi
1672 1768 2039 1836 praecelsaque

2153 1760 2239 1815 tai.
2282 1758 2519 1824 ἁπλοῦς,
2575 1760 2670 1813 xai.
2724 1756 3046 1828 ἀσώματος,
3110 1758 3304 1829 χερσὶν
3353 1755 3735 1826 ἀνθρωπίναις

800 565 938 619 Dicit
961 574 1134 618 autem
1160 565 1222 618 de
1245 576 1427 619 sancta
1458 565 1692 637 Virgine.

537 679 684 732 Loco
736 676 888 743 solis,
933 676 1030 743 ait,
1060 676 1543 747 incircumscriptae
1592 677 1823 746 justitiae
1862 681 2035 736 solent

468 770 749 838 complexa
776 766 898 822 fuit.
938 766 1121 836 Neque
1167 768 1255 821 hic
1300 770 1582 837 quaasieris
1633 774 1906 840 quomodo
1933 773 2037 827 hoc

468 859 668 914 factum
700 859 791 923 sit,
825 868 916 912 aut
947 857 1066 912 ﬁeri
1116 860 1371 925 potuerit.
1402 858 1507 916 Ubi
1540 862 1687 917 enim
1733 862 1875 918 Deus
1903 865 2034 927 vult,

467 952 541 1007 ibi
603 959 808 1006 naturae
846 949 982 1004 ordo
1033 950 1198 1004 cedit.
1235 949 1451 1017 Voluit,“
1482 954 1681 1021 potuit,
1734 955 2034 1019 descendit,

468 1040 694 1097 salvavit
726 1043 948 1097 :omnia
996 1040 1091 1096 Dei
1145 1053 1335 1097 nutum
1390 1054 1709 1113 sequuntur.
1743 1044 1913 1102 Hodie
1945 1048 2035 1116 qui

468 1141 568 1198 est,
593 1133 859 1204 gignitur;
892 1141 949 1187 et
1004 1148 1218 1187 rursum
1267 1135 1360 1203 qui
1405 1144 1507 1201 est,
1536 1136 1596 1189 iit
1647 1137 1698 1190 id
1734 1138 1876 1206 quod
1928 1155 2033 1193 non

466 1232 604 1292 erat,
636 1239 762 1278 nam
792 1238 915 1279 cum
953 1224 1095 1279 Deus
1136 1230 1304 1290 esset,
1336 1224 1395 1278 iit
1431 1226 1630 1279 homo:
1657 1225 1723 1279 ab
1762 1241 1825 1280 ea
1861 1236 2035 1281 tamen

468 1329 630 1382 quam
655 1312 887 1369 habebat
914 1315 1115 1369 deitate
1138 1328 1242 1369 non
1273 1315 1509 1383 excidit;
1536 1330 1636 1372 nec
1659 1331 1781 1372 cum
1817 1317 2036 1372 deitatis

461 1402 676 1471 jactura
700 1403 878 1460 factus
906 1413 990 1460 est
1038 1405 1219 1470 homo,
1256 1406 1432 1474 neque
1479 1422 1695 1461 rursum
1730 1423 1824 1477 per
1851 1423 2038 1463 succc-

470 1857 737 1923 considct,
766 1857 810 1911 is
835 1856 888 1909 iu
923 1854 1186 1925 praesepio
1226 1855 1444 1924 ponitur
1476 1873 1490 1910 :
1523 1857 1613 1926 qui
1657 1856 2035 1927 itnpalpabilis,

471 1948 721 2017 simplex,
742 1963 805 2003 ac
835 1949 1186 2018 incorporeus
1220 1956 1324 2011 est,
1354 1948 1605 2003 humanis
1637 1951 1885 2004 manihus
1907 1968 2039 2007 con-

469 2048 734 2092 trectatur
755 2058 767 2092 :
792 2037 880 2106 qui
907 2045 1252 2108 peccatorum
1287 2036 1497 2092 vincula
1520 2037 1828 2109 disrumpit,
1858 2041 2041 2099 fasciis

470 2125 873 2196 constringitur.

978 2242 1251 2299 Seueriani
1276 2245 1525 2314 episcopi.

567 2353 1015 2425 Quandoquidem
1073 2353 1309 2411 Verbum
1355 2360 1498 2428 quod
1558 2372 1791 2429 superne
1842 2375 2039 2414 arcana

472 2446 705 2515 quadam
743 2444 1236 2516 inexplicabilique,
1262 2463 1325 2502 ac
1348 2449 1799 2519 incomprehensa
1834 2453 2042 2507 ratione

470 2552 539 2592 ex
582 2535 691 2591 Deo
716 2536 874 2591 Patre
893 2538 958 2590 ab
986 2539 1132 2592 omni
1162 2541 1468 2596 aternitate
1507 2543 1774 2607 nascitur,
1808 2544 2039 2612 idipsum

475 2625 685 2681 inferne
710 2636 775 2681 ex
798 2628 1017 2699 Virgine
1041 2629 1209 2685 Maria
1234 2633 1291 2686 in
1316 2643 1559 2702 tempore
1586 2646 1906 2703 generatur;
1937 2651 2044 2706 quo

476 2716 530 2769 hi
578 2715 849 2779 nimirum,
887 2721 977 2786 qui
1022 2721 1133 2774 nati
1178 2730 1336 2776 erant
1375 2722 1604 2792 inferne,
1642 2740 1709 2780 ex
1753 2728 1859 2782 Deo
1891 2741 2048 2783 rena-

474 2815 692 2861 scantur
729 2808 905 2861 denuo
938 2824 1191 2878 superne.

720 2917 900 2974 Vitalii
941 2922 1187 2991 episcopi,
1216 2939 1281 2978 ea:
1315 2941 1549 2982 sermone
1586 2927 1660 2982 De
1690 2928 1813 2997 ﬁde.

543 3095 829 3151 Credimus
878 3097 945 3150 ad
989 3096 1127 3164 haec,
1159 3098 1303 3165 quod
1355 3100 1572 3166 quidem
1630 3100 1694 3152 ad
1750 3098 2047 3154 Salvatoris

479 3189 648 3242 nostri
701 3187 1154 3257 dispensationem
1198 3191 1492 3242 secundum
1551 3204 1770 3243 carnem
1832 3190 2046 3257 attinet,

481 3278 929 3345 incarnationem,
956 3278 1049 3333 Dei
1079 3277 1258 3333 Verbo
1280 3279 1596 3334 immutabili
1619 3281 2049 3337 inconvertibili-

480 3385 584 3437 que
611 3379 981 3436 permanente,
1005 3370 1071 3423 ad
1099 3370 1350 3423 humana:
1375 3364 1579 3424 naturrc
1604 3370 2045 3429 instaurationem

483 3460 680 3513 factam
707 3472 848 3512 esse.
875 3456 1009 3512 Nam
1039 3475 1159 3514 cum
1191 3460 1322 3515 illud
1371 3462 1667 3515 secundum
1699 3470 1957 3517 aeternam
1982 3478 2049 3519 ex

486 3551 593 3604 Deo
615 3548 776 3604 Patre
811 3549 1071 3619 originem
1102 3566 1261 3607 verus
1295 3553 1386 3608 Dei
1419 3552 1588 3608 Filius
1620 3554 1713 3619 sit,
1744 3558 2046 3610 secundum

480 3655 598 3693 eam
626 3655 744 3708 qua:
777 3648 863 3695 est
890 3657 956 3695 ex
978 3640 1229 3711 Virgine,
1260 3643 1466 3699 factum
1490 3653 1572 3701 est
1597 3644 1767 3700 Filius
1792 3646 2047 3703 hominis.

488 3731 689 3798 Estque
720 3747 857 3787 unus
902 3742 957 3787 et
1000 3734 1142 3788 idem
1181 3736 1476 3790 secundum
1511 3736 1850 3791 divinitatem
1882 3736 2049 3793 Filius

485 3820 757 3892 perfectus
781 3832 834 3878 et
855 3822 1003 3878 Patri
1026 3825 1538 3893 consubstantialis;
1567 3836 1623 3882 et
1661 3827 1804 3882 idem
1835 3842 2048 3882 rursum

482 3914 774 3968 secundum
809 3914 1213 3983 generationem
1256 3931 1323 3970 ex
1362 3915 1582 3987 Virgine
1633 3915 1907 3986 perfectus
1947 3915 2050 3971 ho-

488 4018 594 4069 mo,
622 3994 862 4073 ejusdem
884 4018 1004 4057 cum
1023 4006 1234 4060 caeteris
1261 4005 1568 4060 hominibus
1586 4005 1838 4059 essentia!
1862 4019 2053 4059 secun-

487 4096 612 4148 dum
648 4111 890 4151 carnem.
925 4096 980 4150 Si
1013 4098 1135 4164 quis
1165 4108 1343 4153 autem
1395 4097 1590 4152 dixerit
1619 4096 1820 4153 Christi
1853 4112 2049 4166 corpus

485 4202 517 4239 ε
543 4186 683 4241 εωιο
713 4187 1052 4257 deportatum
1084 4205 1223 4254 esse,
1258 4199 1351 4243 aut
1400 4204 1621 4244 carnem
1650 4204 1813 4259 quam
1865 4189 2048 4254 habet,

489 4273 598 4329 Deo
635 4277 1155 4333 consubstantialem
1195 4291 1335 4341 esse,
1386 4280 1671 4333 anathema
1710 4279 1800 4333 sit.
1846 4278 1903 4333 Si
1930 4278 2052 4348 quis

2140 1852 2461 1904 εἱλίσσεται·
2520 1851 2548 1903 ὁ
2602 1850 2670 1902 τά
2712 1849 2812 1919 τῆς
2873 1849 3150 1921 ἁμαρτίας
3210 1846 3477 1905 διασπῶν
3538 1845 3733 1914 δεσμὰ,

2144 1943 2477 2014 σπαργάνοις
2510 1941 2862 2013 ἐμπλέκεται.

3444 2062 3479 2085 ϐ

2541 2227 2902 2295 Σεϐηριανοῦ
2940 2227 3307 2280 ἐπισκόπου.

2224 2343 2282 2394 '0
2311 2340 2418 2412 γὰρ
2449 2339 2725 2411 γεννηθεὶς
2754 2338 2959 2393 ἀνωθεν
2982 2341 3046 2391 ὲκ
3070 2338 3288 2408 Πατρκ
3330 2337 3535 2402 Λόγος,
3568 2337 3731 2407 amp»

2147 2433 2345 2503 ῥήτως,
2375 2432 2691 2501 ἀφράστως,
2724 2430 3149 2500 ἀκαταλήπτως,
3175 2427 3397 2490 ἀῖδίως,
3431 2429 3463 2480 ὀ
3496 2428 3655 2488 αὐτὸς
3675 2428 3729 2478 ἐν

2143 2524 2319 2595 χρόνῳ
2364 2524 2619 2592 γεννᾶται
2651 2521 2893 2574 κάτωθεν
2924 2524 2987 2573 ὲκ
3012 2519 3297 2590 Παρθένου
3334 2518 3599 2591 Μαρίας.
3645 2519 3729 2570 ἵνα

2142 2615 2193 2665 οἱ
2221 2612 2484 2684 πρότερον
2512 2611 2864 2681 γεννηθέντες
2892 2609 3161 2675 κάτωθεν,
3192 2608 3415 2662 ἀνωθεν
3459 2607 3723 2678 γεννηθῶ-

2146 2721 2231 2758 σιν
2265 2706 2329 2756 ὲκ
2352 2704 2609 2776 δευτέρας
2626 2712 2676 2768 (ι,
2714 2704 2962 2755 τουτέστι
2992 2699 3149 2755 Θεοῦ.

2150 2913 2469 2967 Οῠτταλίου
2529 2911 2902 3033 timcndae/pd,
2962 2911 3032 2964 ἐκ
3092 2910 3202 2964 τοῦ
3263 2910 3404 2978 Περὶ
3460 2908 3725 2973 πίστεως

2890 2997 3018 3033 νου.

2890 2997 3018 3050 του.

2222 3096 2342 3147 Ἔτι
2370 3093 2428 3147 δὲ
2462 3093 2557 3147 καὶ
2599 3094 2729 3164 περὶ
2753 3094 2853 3164 τῆς
2895 3093 3037 3147 κατά
3067 3093 3248 3164 σάρκα
3277 3094 3593 3164 οἰκονομίας
3625 3091 3720 3149 τοῦ

2148 3187 2398 3257 Σωτῆρος
2437 3185 2781 3256 πιστεύομεν,
2815 3187 2897 3239 ὅτι
2930 3184 3291 3239 ἀναλλοιὼτου
3319 3188 3419 3238 καὶ
3449 3185 3721 3256 ἁτρέπτον

2150 3278 2403 3347 μένοντος
2426 3275 2520 3330 τοῦ
2554 3276 2690 3330 Θεοῦ
2715 3276 2912 3345 Λόγου,
2940 3277 3038 3348 τὴν
3066 3276 3343 3346 σάρκωσιν
3387 3275 3715 3345 γεγενῆσθαι

2150 3367 2285 3438 πρὸς
2313 3367 2653 3422 ἀνακαίνισιν
2674 3377 2696 3404 ι’
2724 3366 3167 3440 ἀνθρωπότητος.
3199 3368 3327 3433 Υἱὸς
3351 3368 3465 3440 γάρ
3498 3368 3575 3422 ὢν
3600 3370 3726 3437 ἀληο

2150 3458 2258 3522 θῶς
2285 3458 2421 3512 Θεοῦ
2448 3459 2588 3513 κατά
2611 3458 2711 3529 τὴν
2744 3459 2915 3513 ἀΐδιον
2943 3459 3008 3513 ὲκ
3044 3458 3184 3512 Θεοῦ
3232 3458 3517 3530 γέννησιν,
3544 3461 3724 3528 γέγονε

2149 3549 2243 3602 καὶ
2274 3549 2402 3613 Υἱὸς
2434 3547 2723 3619 ἀνθρώπου
2754 3548 2896 3603 κατὰ
2922 3550 3022 3620 τὴν
3048 3551 3114 3603 ὲκ
3136 3550 3421 3621 Παρθένου
3451 3550 3724 3621 γέννησιν.

2150 3639 2261 3693 Καὶ
2304 3639 2450 3692 ἔστιν
2497 3636 2577 3703 εἷς
2612 3640 2705 3693 καὶ
2754 3642 2783 3692 ὁ
2822 3639 2985 3705 αὐτὸς
3012 3640 3216 3705 τέλειος
3260 3640 3396 3704 Θεὸς
3448 3641 3596 3693 κατὰ
3636 3641 3727 3710 τὴν

2151 3728 2379 3800 θεότητα
2399 3771 2413 3795 ,
2444 3731 2540 3784 καὶ
2581 3732 2864 3801 ὁμοούσιος
2903 3730 2983 3802 τῷ
3016 3731 3191 3802 Πατρί
3211 3747 3228 3765 ⁸
3258 3734 3356 3783 καὶ
3398 3732 3617 3795 τέλειος
3642 3732 3726 3784 ἀν-

2151 3819 2368 3890 θρωπος
2396 3821 2424 3873 ὁ
2446 3820 2610 3884 αὐτὸς
2631 3821 2773 3875 κατά
2797 3822 2895 3891 τὴν
2927 3823 2992 3874 ὲκ
3016 3820 3299 3893 Παρθένου
3326 3822 3619 3893 γέννησιν,
3641 3822 3726 3875 καὶ

2149 3910 2432 3981 ὁμοούσιος
2481 3910 2789 3983 ἀνθρώποις
2833 3911 2973 3965 κατά
2998 3912 3095 3983 τὴν
3130 3913 3333 3984 σάρκα.
3365 3913 3442 3967 Εἴ
3471 3932 3561 3978 τις
3592 3914 3648 3967 δὲ
3674 3912 3731 3976 ἐξ

2150 4002 2379 4073 ούρανοῦ
2407 4002 2559 4072 λέγει
2592 4003 2752 4073 σῶμα
2786 4003 2932 4074 ἔχειν
2960 4004 3053 4059 τὸν
3085 4004 3344 4075 Χριστὸν,
3376 4005 3412 4077 ἢ
3449 4006 3728 4075 discedam

2150 4091 2228 4163 τῷ
2255 4092 2373 4164 Θεῷ
2413 4094 2556 4149 κατά
2596 4095 2694 4165 τὴν
2740 4096 2938 4167 σάρκα,
2962 4094 3104 4149 ἔστω
3135 4094 3409 4166 ἀνάθεμα.
3443 4097 3517 4151 Εἴ
3542 4115 3626 4160 τις
3659 4095 3726 4165 μὴ
3754 4151 3771 4161 _

2151 4183 2402 4253 ὁμολογεῖ
2444 4184 2541 4255 τὴν
2564 4184 2659 4238 τοῦ
2690 4185 2893 4256 Κυρίου
2932 4186 3109 4258 σάρκα
3151 4188 3217 4239 ἔκ
3250 4188 3351 4258 τῆς
3385 4189 3556 4256 ἁγίας
3590 4191 3726 4259 Παρ-

2153 4272 2328 4338 θένου,
2363 4274 2458 4327 xai.
2483 4273 2790 4345 ἀνθρώποις
2823 4276 3139 4344 ὁμοούσιον,
3178 4277 3319 4330 ἔστω
3359 4278 3641 4349 ἀνάθεμα.
3678 4279 3732 4332 ΕΞ

490 4367 764 4434 negaverit
813 4367 1016 4422 Domini
1057 4384 1277 4422 carnem
1320 4384 1385 4422 ex
1423 4384 1577 4423 sacra
1626 4370 1846 4440 Virgine
1906 4385 2044 4423 sum-

2157 4381 2241 4428 τις
2265 4365 2355 4417 τὸν
2384 4364 2587 4435 Κύριον
2610 4368 2641 4434 ή
2652 4366 2767 4435 μῶν
2794 4368 2889 4419 καὶ
2915 4367 3165 4438 Σωτῆρα,
3193 4368 3286 4421 τὸν
3316 4370 3383 4422 ὲκ
3418 4370 3729 4440 Πνεύματος

491 4465 631 4522 plani
662 4472 804 4521 esse,
833 4468 927 4511 aut
984 4459 1293 4513 hominibus
1331 4459 1847 4515 consubstantialem
1898 4476 2042 4524 esse,

490 4547 775 4602 anathema
826 4550 919 4606 sit.
949 4550 1004 4604 Si
1046 4551 1170 4619 quis
1217 4550 1418 4605 dixerit
1446 4550 1730 4606 Dominum
1762 4566 1825 4604 ac
1863 4550 2052 4606 Salva-

492 4645 662 4691 torem
698 4646 962 4702 nostrum,
990 4639 1081 4707 qui
1107 4656 1171 4693 ex
1194 4637 1398 4709 Spiritu
1430 4648 1620 4694 sancto
1647 4648 1702 4694 et
1740 4639 1910 4695 Maria
1929 4642 2051 4697 Vir-

491 4726 615 4794 gine
666 4729 959 4780 secundum
1006 4744 1224 4784 carnem
1273 4739 1430 4786 natus
1472 4740 1576 4795 est,
1617 4730 1818 4796 anima,
1852 4742 2049 4796 mente,

490 4825 584 4870 aut
636 4831 795 4871 sensu
846 4820 1158 4875 destitutum
1203 4839 1344 4887 esse,
1376 4825 1661 4879 anathema
1693 4826 1783 4879 sit.
1842 4824 1900 4879 Si
1934 4825 2055 4894 quis

490 4911 690 4962 audeat
730 4908 910 4964 dicere
959 4911 1234 4967 Christum
1295 4915 1498 4970 deitate
1550 4929 1789 4984 passum,
1851 4924 1905 4970 et
1950 4929 2053 4969 non

432 4988 437 4993 η
491 5016 681 5069 carne,
714 5011 769 5056 ut
801 5003 1062 5070 scriptum
1117 5014 1220 5069 est,
1262 5005 1334 5059 sit
1369 5008 1676 5061 anathema.
1710 5007 1765 5061 Si
1795 5008 1917 5075 quis
1945 5006 2052 5061 Do-

492 5094 696 5149 minum
734 5107 797 5147 ac
826 5092 1163 5149 Salvatorem
1208 5104 1452 5149 nostrum
1479 5096 1531 5149 iu
1571 5097 1707 5151 duos
1748 5096 1974 5162 divellit,
2000 5106 2054 5151 et

491 5185 719 5243 alterum
754 5185 970 5256 quidem
1002 5184 1197 5240 Filium
1234 5184 1467 5241 Verbum
1496 5186 1593 5242 Dei
1634 5187 1887 5257 appellat,
1918 5188 2052 5243 alte-

2158 4456 2312 4526 ἁγίου
2357 4456 2450 4510 xai.
2490 4456 2710 4527 Μαρίας
2753 4458 2853 4528 τῆς
2894 4458 3173 4529 Παρθένου
3217 4459 3565 4530 γεννηθέντα
3600 4462 3730 4514 κατά

2160 4549 2616 4620 σάρκα,,ἄψυχον
2657 4550 2825 4617 λέγει,
2876 4550 2908 4620 ἢ
2955 4550 3302 4619 ἀναίσθητον,
3349 4552 3383 4621 ἢ
3436 4552 3662 4621 ἄλογον,
3701 4551 3728 4618 ἢ

2159 4642 2403 4711 ἀνόητον,
2453 4640 2609 4695 ἔστω,
2638 4641 2903 4709 ἀνάθεμα,
2957 4640 3026 4694 Εἴ
3067 4658 3152 4704 τις
3191 4642 3368 4712 τολμᾷ
3410 4642 3604 4710 λέγειν
3652 4643 3731 4695 τὸν

2157 4731 2395 4802 Χριστὸν
2422 4730 2634 4801 θεότητι
2667 4732 3024 4797 πεπονθέναι,
3066 4735 3161 4787 καὶ
3202 4734 3279 4803 μὴ
3309 4735 3504 4805 σαρκὶ,
3530 4736 3613 4799 ὡς
3646 4735 3727 4802 γέ-

2154 4838 2431 4892 γραπται,
2460 4821 2601 4875 ἔστω
2627 4822 2895 4892 ἀνάθεμα.
2929 4823 2997 4876 Εἴ
3018 4841 3101 4886 τις
3132 4823 3333 4894 διαιρεί
3361 4826 3461 4878 καὶ
3510 4824 3727 4897 χωρίζει

2152 4913 2244 4968 τὸν
2281 4911 2487 4983 Κύριον
2513 4912 2669 4983 ἡμῶν
2699 4914 2795 4966 καὶ
2825 4915 3077 4985 Σωτῆρα,
3106 4915 3199 4967 καὶ
3229 4914 3380 4983 λέγει
3409 4916 3605 4987 ἕτερον
3639 4916 3725 4986 μὲν

2152 5000 2289 5057 εἶναι
2330 5004 2457 5057 Υίὺν
2486 5004 2577 5056 τὸν
2617 5004 2748 5058 Θεὸν
2784 5006 2955 5074 Λόγον
2977 5045 2992 5070 ,
3025 5007 3120 5061 καὶ
3162 5007 3351 5077 ἔτερον
3386 5007 3481 5062 τὸν
3530 5009 3722 5077 ἀναλη-

2153 5096 2356 5165 φθέντα
2382 5096 2689 5168 ἄνθρωπον,
2725 5099 2820 5151 καὶ
2861 5100 2935 5170 μὴ
2967 5099 3218 5169 ὁμολογεῖ
3242 5100 3342 5153 ἕνα
3374 5101 3474 5154 καὶ
3507 5101 3602 5155 τὸν

2157 5187 2270 5252 τὸν,
2312 5185 2453 5239 ἔστω
2484 5186 2749 5258 ἀνάθεμα.

492 5292 612 5334 rum
652 5291 783 5333 vero
843 5275 1113 5332 hominem
1171 5284 1525 5348 assumptum,
1565 5293 1740 5349 neque
1775 5279 2065 5333 conﬁtetur
2097 5293 2264 5333 unum
2313 5288 2368 5332 ει
2391 5279 2662 5345 eumdem,
2688 5279 2971 5335 anathema
3006 5279 3097 5335 sit.

1543 5417 1717 5472 Variae
1746 5415 2002 5471 lectiones
2031 5414 2235 5469 codicis
2263 5413 2626 5484 Seguieriani.

570 5572 618 5614 Ρ·
641 5566 988 5640 μὲχώρησε.
1042 5568 1362 5640 (ιίδευτέρου
1415 5569 1579 5628 codex
1611 5569 2014 5640 Seguicrianus,
2041 5570 2093 5624 in
2127 5585 2229 5640 quo
2259 5569 2398 5626 tituli
2431 5569 2856 5627 testimoniorum
2882 5567 3256 5626 desiderantur
3279 5584 3306 5622 a
3329 5566 3557 5624 librario
3578 5578 3709 5636 pm-

482 5628 785 5716 ;tcrtnissi."
814 5628 848 5677 τ’
870 5628 971 5693 ἀνα
1009 5639 1266 5693 καίνοσιν.
