  <div class='ocr_page' id='page_1' title='image "/cluster/home/n/w/nwhite01/storage/ocr_20150623/76/mdp.39015013094878/624.png"; bbox 0 0 3970 6136; ppageno 0'>
   <div class='ocr_carea' id='block_1_1' title="bbox 300 304 450 363">
    <p class='ocr_par' dir='ltr' id='par_1_1' title="bbox 300 304 450 363">
     <span class='ocr_line' id='line_1_1' title="bbox 300 304 450 363; baseline 0.013 -2"><span class='ocrx_word' id='word_1_1' title='bbox 300 304 450 363; x_wconf 66' lang='grc' dir='ltr'><strong>’ἷΞΙἹ</strong></span> 
     </span>
    </p>
   </div>
   <div class='ocr_carea' id='block_1_2' title="bbox 1393 308 2434 369">
    <p class='ocr_par' dir='ltr' id='par_1_2' title="bbox 1393 308 2434 369">
     <span class='ocr_line' id='line_1_2' title="bbox 1393 308 2434 369; baseline 0.003 -5"><span class='ocrx_word' id='word_1_2' title='bbox 1393 310 1491 365; x_wconf 79' lang='lat' dir='ltr'><strong>&#39;DE</strong></span> <span class='ocrx_word' id='word_1_3' title='bbox 1528 308 1752 366; x_wconf 80' lang='lat' dir='ltr'><strong>RECTA</strong></span> <span class='ocrx_word' id='word_1_4' title='bbox 1785 308 1947 365; x_wconf 74' lang='lat' dir='ltr'><strong>FIDE</strong></span> <span class='ocrx_word' id='word_1_5' title='bbox 1983 311 2073 365; x_wconf 80' lang='lat' dir='ltr'><strong>AD</strong></span> <span class='ocrx_word' id='word_1_6' title='bbox 2114 310 2434 369; x_wconf 70' lang='lat' dir='ltr'><strong>REGINAS.</strong></span> 
     </span>
    </p>
   </div>
   <div class='ocr_carea' id='block_1_3' title="bbox 3398 312 3537 368">
    <p class='ocr_par' dir='ltr' id='par_1_3' title="bbox 3398 312 3537 368">
     <span class='ocr_line' id='line_1_3' title="bbox 3398 312 3537 368; baseline -0.036 0"><span class='ocrx_word' id='word_1_7' title='bbox 3398 312 3537 368; x_wconf 64' lang='grc' dir='ltr'><strong>ΗΜ</strong></span> 
     </span>
    </p>
   </div>
   <div class='ocr_carea' id='block_1_4' title="bbox 313 426 1866 502">
    <p class='ocr_par' dir='ltr' id='par_1_4' title="bbox 313 426 1866 502">
     <span class='ocr_line' id='line_1_4' title="bbox 313 426 1866 502; baseline 0.001 -22"><span class='ocrx_word' id='word_1_8' title='bbox 313 427 604 496; x_wconf 67' lang='grc' dir='ltr'>Θεοφίλου</span> <span class='ocrx_word' id='word_1_9' title='bbox 631 426 981 502; x_wconf 56' lang='grc' dir='ltr'>ἐπισκόπου,</span> <span class='ocrx_word' id='word_1_10' title='bbox 1008 428 1078 481; x_wconf 80' lang='grc' dir='ltr'>ἐκ</span> <span class='ocrx_word' id='word_1_11' title='bbox 1100 428 1209 502; x_wconf 61' lang='grc' dir='ltr'>τοῦ</span> <span class='ocrx_word' id='word_1_12' title='bbox 1239 429 1742 502; x_wconf 63' lang='grc' dir='ltr'>Προσςοωνητικοῦ</span> <span class='ocrx_word' id='word_1_13' title='bbox 1774 429 1866 483; x_wconf 69' lang='grc' dir='ltr'>λόι</span> 
     </span>
    </p>
   </div>
   <div class='ocr_carea' id='block_1_5' title="bbox 1970 426 3536 502">
    <p class='ocr_par' dir='ltr' id='par_1_5' title="bbox 1977 427 3536 502">
     <span class='ocr_line' id='line_1_5' title="bbox 1977 427 3536 502; baseline 0.004 -22"><span class='ocrx_word' id='word_1_14' title='bbox 1977 427 2082 498; x_wconf 73' lang='grc'><strong>52</strong></span> <span class='ocrx_word' id='word_1_15' title='bbox 2125 427 2400 493; x_wconf 74' lang='lat' dir='ltr'><strong>Theophili</strong></span> <span class='ocrx_word' id='word_1_16' title='bbox 2421 433 2748 499; x_wconf 80' lang='lat' dir='ltr'><strong>eptscopi,ea:</strong></span> <span class='ocrx_word' id='word_1_17' title='bbox 2775 448 3012 487; x_wconf 74' lang='lat' dir='ltr'><strong>sermone</strong></span> <span class='ocrx_word' id='word_1_18' title='bbox 3050 431 3309 502; x_wconf 73' lang='lat' dir='ltr'><strong>inscripto</strong></span> <span class='ocrx_word' id='word_1_19' title='bbox 3355 433 3424 485; x_wconf 84' lang='lat' dir='ltr'><strong>ad</strong></span> <span class='ocrx_word' id='word_1_20' title='bbox 3450 448 3536 487; x_wconf 81' lang='lat' dir='ltr'><strong>eos</strong></span> 
     </span>
    </p>
   </div>
   <div class='ocr_carea' id='block_1_6' title="bbox 414 497 1594 569">
    <p class='ocr_par' dir='ltr' id='par_1_6' title="bbox 414 497 1594 569">
     <span class='ocr_line' id='line_1_6' title="bbox 414 497 1594 569; baseline 0.001 -19"><span class='ocrx_word' id='word_1_21' title='bbox 414 514 522 565; x_wconf 75' lang='grc' dir='ltr'>του</span> <span class='ocrx_word' id='word_1_22' title='bbox 566 497 716 565; x_wconf 78' lang='grc' dir='ltr'>πρὸς</span> <span class='ocrx_word' id='word_1_23' title='bbox 738 497 878 562; x_wconf 86' lang='grc' dir='ltr'>τοὺς</span> <span class='ocrx_word' id='word_1_24' title='bbox 904 498 1276 566; x_wconf 70' lang='grc' dir='ltr'>φρονοῦντας</span> <span class='ocrx_word' id='word_1_25' title='bbox 1306 500 1379 553; x_wconf 81' lang='grc' dir='ltr'>τὰ</span> <span class='ocrx_word' id='word_1_26' title='bbox 1412 497 1594 569; x_wconf 79' lang='grc' dir='ltr'>Ὦριγέ</span> 
     </span>
    </p>
   </div>
   <div class='ocr_carea' id='block_1_7' title="bbox 629 602 1551 674">
    <p class='ocr_par' dir='ltr' id='par_1_7' title="bbox 629 602 1551 674">
     <span class='ocr_line' id='line_1_7' title="bbox 629 602 1551 674; baseline 0.004 -19"><span class='ocrx_word' id='word_1_27' title='bbox 629 606 776 671; x_wconf 73' lang='grc' dir='ltr'><strong>Ἔφη</strong></span> <span class='ocrx_word' id='word_1_28' title='bbox 803 602 873 656; x_wconf 84' lang='grc' dir='ltr'>δὲ</span> <span class='ocrx_word' id='word_1_29' title='bbox 894 603 1082 671; x_wconf 80' lang='grc' dir='ltr'>οὕτως</span> <span class='ocrx_word' id='word_1_30' title='bbox 1109 606 1243 674; x_wconf 76' lang='grc' dir='ltr'>περὶ</span> <span class='ocrx_word' id='word_1_31' title='bbox 1276 606 1551 674; x_wconf 84' lang='grc' dir='ltr'><strong>Χριστοῦ.</strong></span> 
     </span>
    </p>
   </div>
   <div class='ocr_carea' id='block_1_8' title="bbox 377 713 1869 785">
    <p class='ocr_par' dir='ltr' id='par_1_8' title="bbox 377 713 1869 785">
     <span class='ocr_line' id='line_1_8' title="bbox 377 713 1869 785; baseline 0.001 -18"><span class='ocrx_word' id='word_1_32' title='bbox 377 715 497 768; x_wconf 86' lang='grc' dir='ltr'>Ἵνα</span> <span class='ocrx_word' id='word_1_33' title='bbox 542 714 616 784; x_wconf 84' lang='grc' dir='ltr'>μὴ</span> <span class='ocrx_word' id='word_1_34' title='bbox 656 715 712 766; x_wconf 81' lang='grc' dir='ltr'>ὲν</span> <span class='ocrx_word' id='word_1_35' title='bbox 739 713 883 783; x_wconf 90' lang='grc' dir='ltr'>λόγῳ</span> <span class='ocrx_word' id='word_1_36' title='bbox 915 714 1081 785; x_wconf 86' lang='grc' dir='ltr'><strong>μόνῳ,</strong></span> <span class='ocrx_word' id='word_1_37' title='bbox 1110 715 1245 768; x_wconf 80' lang='grc' dir='ltr'>ἀλλὰ</span> <span class='ocrx_word' id='word_1_38' title='bbox 1271 715 1365 768; x_wconf 72' lang='grc' dir='ltr'><strong>καὶ</strong></span> <span class='ocrx_word' id='word_1_39' title='bbox 1397 717 1454 768; x_wconf 82' lang='grc' dir='ltr'>ὲν</span> <span class='ocrx_word' id='word_1_40' title='bbox 1481 715 1706 784; x_wconf 80' lang='grc' dir='ltr'><strong>δυνάμει</strong></span> <span class='ocrx_word' id='word_1_41' title='bbox 1735 716 1869 779; x_wconf 85' lang='grc' dir='ltr'>Θεὸς</span> 
     </span>
    </p>
   </div>
   <div class='ocr_carea' id='block_1_9' title="bbox 305 800 1867 877">
    <p class='ocr_par' dir='ltr' id='par_1_9' title="bbox 305 800 1867 877">
     <span class='ocr_line' id='line_1_9' title="bbox 305 800 1867 877; baseline 0.001 -20"><span class='ocrx_word' id='word_1_42' title='bbox 305 805 575 876; x_wconf 80' lang='grc' dir='ltr'>ἀληθινὸς,</span> <span class='ocrx_word' id='word_1_43' title='bbox 599 807 627 858; x_wconf 88' lang='grc' dir='ltr'>ὁ</span> <span class='ocrx_word' id='word_1_44' title='bbox 656 805 844 872; x_wconf 77' lang='grc' dir='ltr'>φανεὶς</span> <span class='ocrx_word' id='word_1_45' title='bbox 870 800 1010 858; x_wconf 70' lang='grc' dir='ltr'>εἶναι</span> <span class='ocrx_word' id='word_1_46' title='bbox 1042 805 1388 876; x_wconf 65' lang='grc' dir='ltr'>πιστεύηταιη,</span> <span class='ocrx_word' id='word_1_47' title='bbox 1418 808 1483 877; x_wconf 75' lang='grc' dir='ltr'>τῇ</span> <span class='ocrx_word' id='word_1_48' title='bbox 1518 805 1625 859; x_wconf 86' lang='grc' dir='ltr'><strong>τῶν</strong></span> <span class='ocrx_word' id='word_1_49' title='bbox 1650 806 1867 876; x_wconf 83' lang='grc' dir='ltr'>δρωμέ-</span> 
     </span>
    </p>
   </div>
   <div class='ocr_carea' id='block_1_10' title="bbox 306 895 1863 968">
    <p class='ocr_par' dir='ltr' id='par_1_10' title="bbox 306 895 1863 968">
     <span class='ocr_line' id='line_1_10' title="bbox 306 895 1863 968; baseline 0.001 -20"><span class='ocrx_word' id='word_1_50' title='bbox 306 914 411 950; x_wconf 84' lang='grc' dir='ltr'><strong>νων</strong></span> <span class='ocrx_word' id='word_1_51' title='bbox 454 895 820 967; x_wconf 82' lang='grc' dir='ltr'><strong>μεγαλουργίᾳ</strong></span> <span class='ocrx_word' id='word_1_52' title='bbox 858 897 958 967; x_wconf 80' lang='grc' dir='ltr'><strong>τὴν</strong></span> <span class='ocrx_word' id='word_1_53' title='bbox 997 899 1124 968; x_wconf 61' lang='grc' dir='ltr'><strong>περ)⁵</strong></span> <span class='ocrx_word' id='word_1_54' title='bbox 1154 898 1318 950; x_wconf 81' lang='grc' dir='ltr'>αὐτοῦ</span> <span class='ocrx_word' id='word_1_55' title='bbox 1343 896 1517 967; x_wconf 85' lang='grc' dir='ltr'>δηλῶν</span> <span class='ocrx_word' id='word_1_56' title='bbox 1547 897 1863 965; x_wconf 81' lang='grc' dir='ltr'>ἀσφάλειαν.</span> 
     </span>
    </p>
   </div>
   <div class='ocr_carea' id='block_1_11' title="bbox 306 984 1863 1059">
    <p class='ocr_par' dir='ltr' id='par_1_11' title="bbox 306 984 1863 1059">
     <span class='ocr_line' id='line_1_11' title="bbox 306 984 1863 1059; baseline 0.001 -19"><span class='ocrx_word' id='word_1_57' title='bbox 306 988 521 1058; x_wconf 84' lang='grc' dir='ltr'>Πλήρης</span> <span class='ocrx_word' id='word_1_58' title='bbox 555 987 652 1056; x_wconf 83' lang='grc' dir='ltr'><strong>μὲν</strong></span> <span class='ocrx_word' id='word_1_59' title='bbox 675 987 749 1040; x_wconf 83' lang='grc' dir='ltr'>ὢν</span> <span class='ocrx_word' id='word_1_60' title='bbox 781 987 934 1051; x_wconf 86' lang='grc' dir='ltr'>Θεὸς,</span> <span class='ocrx_word' id='word_1_61' title='bbox 952 984 1294 1051; x_wconf 73' lang='grc' dir='ltr'>αὐτοθελῶςι</span> <span class='ocrx_word' id='word_1_62' title='bbox 1331 988 1389 1042; x_wconf 82' lang='grc' dir='ltr'>δὲ</span> <span class='ocrx_word' id='word_1_63' title='bbox 1419 987 1863 1059; x_wconf 85' lang='grc' dir='ltr'>ὲνανθρωπήσας,</span> 
     </span>
    </p>
   </div>
   <div class='ocr_carea' id='block_1_12' title="bbox 303 1076 1862 1148">
    <p class='ocr_par' dir='ltr' id='par_1_12' title="bbox 303 1076 1862 1148">
     <span class='ocr_line' id='line_1_12' title="bbox 303 1076 1862 1148; baseline 0.001 -20"><span class='ocrx_word' id='word_1_64' title='bbox 303 1080 395 1129; x_wconf 73' lang='grc' dir='ltr'><strong>καὶ</strong></span> <span class='ocrx_word' id='word_1_65' title='bbox 431 1076 596 1146; x_wconf 81' lang='grc' dir='ltr'>μηδὲν</span> <span class='ocrx_word' id='word_1_66' title='bbox 633 1077 977 1148; x_wconf 80' lang='grc' dir='ltr'><strong>ἀνθρωπείας</strong></span> <span class='ocrx_word' id='word_1_67' title='bbox 999 1078 1307 1148; x_wconf 80' lang='grc' dir='ltr'>ὁμοιώσεως</span> <span class='ocrx_word' id='word_1_68' title='bbox 1330 1078 1661 1147; x_wconf 80' lang='grc' dir='ltr'>καταλείψας</span> <span class='ocrx_word' id='word_1_69' title='bbox 1686 1078 1862 1142; x_wconf 79' lang='grc' dir='ltr'>ἐκτὸς,</span> 
     </span>
    </p>
   </div>
   <div class='ocr_carea' id='block_1_13' title="bbox 301 1168 1866 1240">
    <p class='ocr_par' dir='ltr' id='par_1_13' title="bbox 301 1168 1866 1240">
     <span class='ocr_line' id='line_1_13' title="bbox 301 1168 1866 1240; baseline 0 -19"><span class='ocrx_word' id='word_1_70' title='bbox 301 1168 439 1238; x_wconf 84' lang='grc' dir='ltr'>πλὴν</span> <span class='ocrx_word' id='word_1_71' title='bbox 482 1168 650 1238; x_wconf 83' lang='grc' dir='ltr'>μόνης</span> <span class='ocrx_word' id='word_1_72' title='bbox 697 1170 798 1238; x_wconf 79' lang='grc' dir='ltr'>τῆς</span> <span class='ocrx_word' id='word_1_73' title='bbox 842 1170 1057 1223; x_wconf 77' lang='grc' dir='ltr'><strong>ἀνοσίου</strong></span> <span class='ocrx_word' id='word_1_74' title='bbox 1105 1171 1339 1233; x_wconf 79' lang='grc' dir='ltr'>κακίας·</span> <span class='ocrx_word' id='word_1_75' title='bbox 1375 1170 1471 1224; x_wconf 79' lang='grc' dir='ltr'>καὶ</span> <span class='ocrx_word' id='word_1_76' title='bbox 1511 1169 1706 1240; x_wconf 77' lang='grc' dir='ltr'><strong>βρέφος</strong></span> <span class='ocrx_word' id='word_1_77' title='bbox 1757 1170 1866 1240; x_wconf 82' lang='grc' dir='ltr'>γὰρ</span> 
     </span>
    </p>
   </div>
   <div class='ocr_carea' id='block_1_14' title="bbox 299 1248 1866 1332">
    <p class='ocr_par' dir='ltr' id='par_1_14' title="bbox 299 1248 1866 1332">
     <span class='ocr_line' id='line_1_14' title="bbox 299 1248 1866 1332; baseline 0.001 -21"><span class='ocrx_word' id='word_1_78' title='bbox 299 1260 620 1329; x_wconf 85' lang='grc' dir='ltr'>γενόμενος,</span> <span class='ocrx_word' id='word_1_79' title='bbox 664 1260 1014 1332; x_wconf 82' lang='grc' dir='ltr'>Ἐμμανουὴλ</span> <span class='ocrx_word' id='word_1_80' title='bbox 1060 1261 1390 1331; x_wconf 81' lang='grc' dir='ltr'>ὡμολογεῖτο</span> <span class='ocrx_word' id='word_1_81' title='bbox 1415 1299 1430 1323; x_wconf 89' lang='grc'><strong>,</strong></span> <span class='ocrx_word' id='word_1_82' title='bbox 1479 1248 1668 1331; x_wconf 83' lang='grc' dir='ltr'>μάγων</span> <span class='ocrx_word' id='word_1_83' title='bbox 1728 1261 1866 1331; x_wconf 86' lang='grc' dir='ltr'>πρὸς</span> 
     </span>
    </p>
   </div>
   <div class='ocr_carea' id='block_1_15' title="bbox 300 1349 1864 1423">
    <p class='ocr_par' dir='ltr' id='par_1_15' title="bbox 300 1349 1864 1423">
     <span class='ocr_line' id='line_1_15' title="bbox 300 1349 1864 1423; baseline 0.001 -20"><span class='ocrx_word' id='word_1_84' title='bbox 300 1351 463 1404; x_wconf 83' lang='grc' dir='ltr'>αὐτὸν</span> <span class='ocrx_word' id='word_1_85' title='bbox 492 1350 677 1404; x_wconf 74' lang='grc' dir='ltr'>ἰόντων</span> <span class='ocrx_word' id='word_1_86' title='bbox 711 1351 803 1403; x_wconf 78' lang='grc' dir='ltr'>καὶ</span> <span class='ocrx_word' id='word_1_87' title='bbox 830 1351 908 1423; x_wconf 80' lang='grc' dir='ltr'>τῷ</span> <span class='ocrx_word' id='word_1_88' title='bbox 940 1357 1265 1422; x_wconf 84' lang='grc' dir='ltr'>προσκυνεῖν</span> <span class='ocrx_word' id='word_1_89' title='bbox 1314 1356 1407 1410; x_wconf 69' lang='grc' dir='ltr'><strong>καὶ</strong></span> <span class='ocrx_word' id='word_1_90' title='bbox 1435 1353 1569 1407; x_wconf 89' lang='grc' dir='ltr'>Θεὸν</span> <span class='ocrx_word' id='word_1_91' title='bbox 1603 1349 1742 1406; x_wconf 80' lang='grc' dir='ltr'>εἶναι</span> <span class='ocrx_word' id='word_1_92' title='bbox 1772 1352 1864 1405; x_wconf 83' lang='grc' dir='ltr'><strong>τὸν</strong></span> 
     </span>
    </p>
   </div>
   <div class='ocr_carea' id='block_1_16' title="bbox 305 1440 1862 1515">
    <p class='ocr_par' dir='ltr' id='par_1_16' title="bbox 305 1440 1862 1515">
     <span class='ocr_line' id='line_1_16' title="bbox 305 1440 1862 1515; baseline 0.001 -23"><span class='ocrx_word' id='word_1_93' title='bbox 305 1440 543 1509; x_wconf 72' lang='grc' dir='ltr'>φανέντα</span> <span class='ocrx_word' id='word_1_94' title='bbox 569 1440 834 1509; x_wconf 82' lang='grc' dir='ltr'>βοώντων’</span> <span class='ocrx_word' id='word_1_95' title='bbox 858 1442 940 1494; x_wconf 82' lang='grc' dir='ltr'><strong>ὅτι</strong></span> <span class='ocrx_word' id='word_1_96' title='bbox 963 1443 1057 1496; x_wconf 74' lang='grc' dir='ltr'>καὶ</span> <span class='ocrx_word' id='word_1_97' title='bbox 1084 1443 1245 1512; x_wconf 78' lang='grc' dir='ltr'>σαρκὶ</span> <span class='ocrx_word' id='word_1_98' title='bbox 1265 1442 1496 1515; x_wconf 90' lang='grc' dir='ltr'>σταυρού</span> <span class='ocrx_word' id='word_1_99' title='bbox 1505 1460 1682 1512; x_wconf 84' lang='grc' dir='ltr'>μενος,</span> <span class='ocrx_word' id='word_1_100' title='bbox 1711 1443 1862 1514; x_wconf 81' lang='grc' dir='ltr'>ἡλίου</span> 
     </span>
    </p>
   </div>
   <div class='ocr_carea' id='block_1_17' title="bbox 303 1526 1863 1602">
    <p class='ocr_par' dir='ltr' id='par_1_17' title="bbox 303 1526 1863 1602">
     <span class='ocr_line' id='line_1_17' title="bbox 303 1526 1863 1602; baseline 0.005 -26"><span class='ocrx_word' id='word_1_101' title='bbox 303 1526 654 1577; x_wconf 81' lang='grc' dir='ltr'>συνέστελλεν</span> <span class='ocrx_word' id='word_1_102' title='bbox 682 1527 927 1593; x_wconf 84' lang='grc' dir='ltr'>ἀκτῖνας,</span> <span class='ocrx_word' id='word_1_103' title='bbox 960 1528 1055 1581; x_wconf 73' lang='grc' dir='ltr'>καὶ</span> <span class='ocrx_word' id='word_1_104' title='bbox 1082 1530 1158 1600; x_wconf 82' lang='grc' dir='ltr'>τῷ</span> <span class='ocrx_word' id='word_1_105' title='bbox 1188 1530 1322 1602; x_wconf 83' lang='grc' dir='ltr'>ξένῳ</span> <span class='ocrx_word' id='word_1_106' title='bbox 1365 1530 1600 1602; x_wconf 77' lang='grc' dir='ltr'>θαύματι</span> <span class='ocrx_word' id='word_1_107' title='bbox 1639 1531 1739 1599; x_wconf 79' lang='grc' dir='ltr'>τὴν</span> <span class='ocrx_word' id='word_1_108' title='bbox 1783 1532 1863 1583; x_wconf 84' lang='lat' dir='ltr'><strong>ol-</strong></span> 
     </span>
    </p>
   </div>
   <div class='ocr_carea' id='block_1_18' title="bbox 303 1615 1865 1692">
    <p class='ocr_par' dir='ltr' id='par_1_18' title="bbox 303 1615 1865 1692">
     <span class='ocr_line' id='line_1_18' title="bbox 303 1615 1865 1692; baseline 0.006 -27"><span class='ocrx_word' id='word_1_109' title='bbox 303 1615 454 1667; x_wconf 89' lang='grc' dir='ltr'>κείαν</span> <span class='ocrx_word' id='word_1_110' title='bbox 485 1616 792 1685; x_wconf 74' lang='grc' dir='ltr'>σαφηνίζων</span> <span class='ocrx_word' id='word_1_111' title='bbox 821 1616 1070 1689; x_wconf 85' lang='grc' dir='ltr'>θεότητα,</span> <span class='ocrx_word' id='word_1_112' title='bbox 1113 1620 1347 1689; x_wconf 78' lang='grc' dir='ltr'>οὐδαμοῦ</span> <span class='ocrx_word' id='word_1_113' title='bbox 1393 1623 1693 1692; x_wconf 81' lang='grc' dir='ltr'>σκορπίσας</span> <span class='ocrx_word' id='word_1_114' title='bbox 1745 1621 1865 1674; x_wconf 81' lang='grc' dir='ltr'>ἐαυ-</span> 
     </span>
    </p>
   </div>
   <div class='ocr_carea' id='block_1_19' title="bbox 299 1705 1864 1778">
    <p class='ocr_par' dir='ltr' id='par_1_19' title="bbox 299 1705 1864 1778">
     <span class='ocr_line' id='line_1_19' title="bbox 299 1705 1864 1778; baseline 0.006 -23"><span class='ocrx_word' id='word_1_115' title='bbox 299 1705 413 1769; x_wconf 91' lang='grc' dir='ltr'>τὸν,</span> <span class='ocrx_word' id='word_1_116' title='bbox 465 1706 499 1775; x_wconf 85' lang='grc' dir='ltr'>ἢ</span> <span class='ocrx_word' id='word_1_117' title='bbox 551 1705 803 1769; x_wconf 75' lang='grc' dir='ltr'><strong>διαλύσας</strong></span> <span class='ocrx_word' id='word_1_118' title='bbox 848 1708 929 1770; x_wconf 84' lang='grc' dir='ltr'><strong>είς</strong></span> <span class='ocrx_word' id='word_1_119' title='bbox 962 1710 1210 1778; x_wconf 87' lang='grc' dir='ltr'>σωτῆρας</span> <span class='ocrx_word' id='word_1_120' title='bbox 1255 1710 1367 1765; x_wconf 87' lang='grc' dir='ltr'>δύο.</span> <span class='ocrx_word' id='word_1_121' title='bbox 1415 1711 1574 1764; x_wconf 84' lang='grc' dir='ltr'>Ἀλλά</span> <span class='ocrx_word' id='word_1_122' title='bbox 1615 1712 1709 1765; x_wconf 81' lang='grc' dir='ltr'>καὶ</span> <span class='ocrx_word' id='word_1_123' title='bbox 1752 1713 1864 1774; x_wconf 81' lang='grc' dir='ltr'>τοῖς</span> 
     </span>
    </p>
   </div>
   <div class='ocr_carea' id='block_1_20' title="bbox 304 1793 1863 1872">
    <p class='ocr_par' dir='ltr' id='par_1_20' title="bbox 304 1793 1863 1872">
     <span class='ocr_line' id='line_1_20' title="bbox 304 1793 1863 1872; baseline 0.008 -28"><span class='ocrx_word' id='word_1_124' title='bbox 304 1794 570 1864; x_wconf 73' lang='grc' dir='ltr'><strong>μαθηταῖς</strong></span> <span class='ocrx_word' id='word_1_125' title='bbox 599 1793 750 1862; x_wconf 74' lang='grc' dir='ltr'>ἔλεγε</span> <span class='ocrx_word' id='word_1_126' title='bbox 775 1810 789 1825; x_wconf 76' lang='grc'><strong><em>⁸</em></strong></span> <span class='ocrx_word' id='word_1_127' title='bbox 830 1813 848 1847; x_wconf 76' lang='grc' dir='ltr'><strong>ι</strong></span> <span class='ocrx_word' id='word_1_128' title='bbox 879 1797 970 1866; x_wconf 81' lang='grc' dir='ltr'><strong>Μὴ</strong></span> <span class='ocrx_word' id='word_1_129' title='bbox 1004 1798 1270 1870; x_wconf 83' lang='grc' dir='ltr'>καλέσητε</span> <span class='ocrx_word' id='word_1_130' title='bbox 1301 1800 1615 1854; x_wconf 81' lang='grc' dir='ltr'>διδάσκαλον</span> <span class='ocrx_word' id='word_1_131' title='bbox 1643 1804 1735 1856; x_wconf 79' lang='grc' dir='ltr'><strong>ἐπὶ</strong></span> <span class='ocrx_word' id='word_1_132' title='bbox 1762 1805 1863 1872; x_wconf 78' lang='grc' dir='ltr'>τῆς</span> 
     </span>
    </p>
   </div>
   <div class='ocr_carea' id='block_1_21' title="bbox 302 1878 1854 1962">
    <p class='ocr_par' dir='ltr' id='par_1_21' title="bbox 302 1878 1854 1962">
     <span class='ocr_line' id='line_1_21' title="bbox 302 1878 1854 1962; baseline -0.002 -13"><span class='ocrx_word' id='word_1_133' title='bbox 302 1883 407 1951; x_wconf 78' lang='grc' dir='ltr'>γῆς</span> <span class='ocrx_word' id='word_1_134' title='bbox 427 1900 441 1913; x_wconf 89' lang='grc'><strong>·</strong></span> <span class='ocrx_word' id='word_1_135' title='bbox 481 1878 561 1945; x_wconf 77' lang='grc' dir='ltr'>εἷς</span> <span class='ocrx_word' id='word_1_136' title='bbox 607 1884 715 1954; x_wconf 80' lang='grc' dir='ltr'><strong>γάρ</strong></span> <span class='ocrx_word' id='word_1_137' title='bbox 757 1885 904 1939; x_wconf 75' lang='grc' dir='ltr'>ἐστιν</span> <span class='ocrx_word' id='word_1_138' title='bbox 932 1887 1087 1957; x_wconf 83' lang='grc' dir='ltr'>ὑμῶν</span> <span class='ocrx_word' id='word_1_139' title='bbox 1122 1888 1440 1960; x_wconf 81' lang='grc' dir='ltr'>καθηγητὴς</span> <span class='ocrx_word' id='word_1_140' title='bbox 1482 1894 1509 1944; x_wconf 85' lang='grc' dir='ltr'>ὀ</span> <span class='ocrx_word' id='word_1_141' title='bbox 1546 1892 1799 1962; x_wconf 81' lang='grc' dir='ltr'>Χριστός.</span> <span class='ocrx_word' id='word_1_142' title='bbox 1835 1912 1854 1945; x_wconf 68' lang='grc' dir='ltr'><strong>ι</strong></span> 
     </span>
    </p>
   </div>
   <div class='ocr_carea' id='block_1_22' title="bbox 301 1975 1855 2054">
    <p class='ocr_par' dir='ltr' id='par_1_22' title="bbox 301 1975 1855 2054">
     <span class='ocr_line' id='line_1_22' title="bbox 301 1975 1855 2054; baseline 0.009 -29"><span class='ocrx_word' id='word_1_143' title='bbox 301 1976 376 2027; x_wconf 84' lang='grc' dir='ltr'><strong>Οὐ</strong></span> <span class='ocrx_word' id='word_1_144' title='bbox 405 1975 511 2045; x_wconf 75' lang='grc' dir='ltr'><strong>γὰρ</strong></span> <span class='ocrx_word' id='word_1_145' title='bbox 543 1976 631 2028; x_wconf 86' lang='grc' dir='ltr'>ὅτε</span> <span class='ocrx_word' id='word_1_146' title='bbox 662 1976 819 2029; x_wconf 82' lang='grc' dir='ltr'>τοῦτο</span> <span class='ocrx_word' id='word_1_147' title='bbox 848 1980 961 2042; x_wconf 83' lang='grc' dir='ltr'>τοῖς</span> <span class='ocrx_word' id='word_1_148' title='bbox 987 1979 1304 2045; x_wconf 81' lang='grc' dir='ltr'>ἀποστόλοις</span> <span class='ocrx_word' id='word_1_149' title='bbox 1334 1984 1667 2054; x_wconf 89' lang='grc' dir='ltr'>παρήγγειλε</span> <span class='ocrx_word' id='word_1_150' title='bbox 1690 1986 1731 2047; x_wconf 80' lang='grc' dir='ltr'><strong>ί,</strong></span> <span class='ocrx_word' id='word_1_151' title='bbox 1758 1984 1855 2038; x_wconf 79' lang='grc' dir='ltr'>τοῦ</span> 
     </span>
    </p>
   </div>
   <div class='ocr_carea' id='block_1_23' title="bbox 299 2067 1852 2145">
    <p class='ocr_par' dir='ltr' id='par_1_23' title="bbox 299 2067 1852 2145">
     <span class='ocr_line' id='line_1_23' title="bbox 299 2067 1852 2145; baseline 0.007 -27"><span class='ocrx_word' id='word_1_152' title='bbox 299 2067 619 2135; x_wconf 75' lang='grc' dir='ltr'>φαινομένου</span> <span class='ocrx_word' id='word_1_153' title='bbox 676 2071 929 2137; x_wconf 86' lang='grc' dir='ltr'>σώματος</span> <span class='ocrx_word' id='word_1_154' title='bbox 971 2071 1069 2141; x_wconf 85' lang='grc' dir='ltr'><strong>τὴν</strong></span> <span class='ocrx_word' id='word_1_155' title='bbox 1100 2072 1305 2126; x_wconf 76' lang='grc' dir='ltr'>οἰκείαν</span> <span class='ocrx_word' id='word_1_156' title='bbox 1338 2073 1554 2145; x_wconf 80' lang='grc' dir='ltr'>διώριζε</span> <span class='ocrx_word' id='word_1_157' title='bbox 1597 2075 1852 2145; x_wconf 75' lang='grc' dir='ltr'>θεότητα’</span> 
     </span>
    </p>
   </div>
   <div class='ocr_carea' id='block_1_24' title="bbox 297 2158 1862 2237">
    <p class='ocr_par' dir='ltr' id='par_1_24' title="bbox 297 2158 1862 2237">
     <span class='ocr_line' id='line_1_24' title="bbox 297 2158 1862 2237; baseline 0.006 -27"><span class='ocrx_word' id='word_1_158' title='bbox 297 2158 417 2210; x_wconf 80' lang='grc' dir='ltr'>οὐδὲ</span> <span class='ocrx_word' id='word_1_159' title='bbox 445 2159 532 2211; x_wconf 82' lang='grc' dir='ltr'><strong>ὅτε</strong></span> <span class='ocrx_word' id='word_1_160' title='bbox 563 2161 795 2229; x_wconf 84' lang='grc' dir='ltr'>Χριστὸν</span> <span class='ocrx_word' id='word_1_161' title='bbox 824 2160 1015 2214; x_wconf 83' lang='grc' dir='ltr'>ἑαυτὸν</span> <span class='ocrx_word' id='word_1_162' title='bbox 1056 2163 1449 2236; x_wconf 83' lang='grc' dir='ltr'>διεμαρτύρετο</span> <span class='ocrx_word' id='word_1_163' title='bbox 1481 2162 1639 2230; x_wconf 74' lang='grc' dir='ltr'>εἶναι,</span> <span class='ocrx_word' id='word_1_164' title='bbox 1685 2167 1862 2237; x_wconf 74' lang='grc' dir='ltr'>ψυχῆς</span> 
     </span>
    </p>
   </div>
   <div class='ocr_carea' id='block_1_25' title="bbox 300 2249 1862 2327">
    <p class='ocr_par' dir='ltr' id='par_1_25' title="bbox 300 2249 1862 2327">
     <span class='ocr_line' id='line_1_25' title="bbox 300 2249 1862 2327; baseline 0.007 -27"><span class='ocrx_word' id='word_1_165' title='bbox 300 2251 395 2301; x_wconf 78' lang='grc' dir='ltr'>καὶ</span> <span class='ocrx_word' id='word_1_166' title='bbox 436 2249 635 2319; x_wconf 80' lang='grc' dir='ltr'>σαρκὸς</span> <span class='ocrx_word' id='word_1_167' title='bbox 665 2249 945 2318; x_wconf 70' lang='grc' dir='ltr'>διωρίζετο</span> <span class='ocrx_word' id='word_1_168' title='bbox 964 2269 978 2282; x_wconf 85' lang='lat'><strong>&#39;</strong></span> <span class='ocrx_word' id='word_1_169' title='bbox 1010 2250 1183 2317; x_wconf 75' lang='grc' dir='ltr'>οὕτως</span> <span class='ocrx_word' id='word_1_170' title='bbox 1221 2255 1388 2325; x_wconf 75' lang='grc' dir='ltr'>ἄμφω</span> <span class='ocrx_word' id='word_1_171' title='bbox 1415 2259 1700 2327; x_wconf 87' lang='grc' dir='ltr'>τυγχάνων</span> <span class='ocrx_word' id='word_1_172' title='bbox 1731 2258 1862 2321; x_wconf 88' lang='grc' dir='ltr'>Θεός</span> 
     </span>
    </p>
   </div>
   <div class='ocr_carea' id='block_1_26' title="bbox 298 2339 1862 2420">
    <p class='ocr_par' dir='ltr' id='par_1_26' title="bbox 298 2339 1862 2420">
     <span class='ocr_line' id='line_1_26' title="bbox 298 2339 1862 2420; baseline 0.008 -30"><span class='ocrx_word' id='word_1_173' title='bbox 298 2356 355 2390; x_wconf 85' lang='grc' dir='ltr'><strong>τε</strong></span> <span class='ocrx_word' id='word_1_174' title='bbox 411 2340 506 2391; x_wconf 74' lang='grc' dir='ltr'><strong>καὶ</strong></span> <span class='ocrx_word' id='word_1_175' title='bbox 560 2339 863 2409; x_wconf 81' lang='grc' dir='ltr'>ἄνθρωπος,</span> <span class='ocrx_word' id='word_1_176' title='bbox 915 2341 1100 2406; x_wconf 81' lang='grc' dir='ltr'>δοῦλος</span> <span class='ocrx_word' id='word_1_177' title='bbox 1154 2343 1459 2415; x_wconf 80' lang='grc' dir='ltr'>ὁρώμενος,</span> <span class='ocrx_word' id='word_1_178' title='bbox 1516 2350 1607 2401; x_wconf 81' lang='grc' dir='ltr'>καὶ</span> <span class='ocrx_word' id='word_1_179' title='bbox 1656 2349 1862 2420; x_wconf 84' lang='grc' dir='ltr'>Κύριος</span> 
     </span>
    </p>
   </div>
   <div class='ocr_carea' id='block_1_27' title="bbox 301 2422 1862 2509">
    <p class='ocr_par' dir='ltr' id='par_1_27' title="bbox 301 2422 1862 2509">
     <span class='ocr_line' id='line_1_27' title="bbox 301 2422 1862 2509; baseline 0.01 -31"><span class='ocrx_word' id='word_1_180' title='bbox 301 2428 714 2497; x_wconf 72' lang='grc' dir='ltr'>γνωριζόμενος.</span> <span class='ocrx_word' id='word_1_181' title='bbox 751 2422 823 2481; x_wconf 82' lang='grc' dir='ltr'>Τὸ</span> <span class='ocrx_word' id='word_1_182' title='bbox 860 2432 956 2500; x_wconf 81' lang='grc' dir='ltr'><strong>μὲν</strong></span> <span class='ocrx_word' id='word_1_183' title='bbox 1013 2432 1211 2503; x_wconf 71' lang='grc' dir='ltr'>ὑψηλὸν</span> <span class='ocrx_word' id='word_1_184' title='bbox 1244 2436 1342 2504; x_wconf 83' lang='grc' dir='ltr'>τῆς</span> <span class='ocrx_word' id='word_1_185' title='bbox 1382 2436 1633 2508; x_wconf 81' lang='grc' dir='ltr'>θεότητος</span> <span class='ocrx_word' id='word_1_186' title='bbox 1657 2438 1733 2509; x_wconf 82' lang='grc' dir='ltr'>τῷ</span> <span class='ocrx_word' id='word_1_187' title='bbox 1764 2457 1862 2493; x_wconf 88' lang='grc' dir='ltr'>τα-</span> 
     </span>
    </p>
   </div>
   <div class='ocr_carea' id='block_1_28' title="bbox 302 2519 1863 2601">
    <p class='ocr_par' dir='ltr' id='par_1_28' title="bbox 302 2519 1863 2601">
     <span class='ocr_line' id='line_1_28' title="bbox 302 2519 1863 2601; baseline 0.008 -29"><span class='ocrx_word' id='word_1_188' title='bbox 302 2521 471 2589; x_wconf 80' lang='grc' dir='ltr'>πεινῷ</span> <span class='ocrx_word' id='word_1_189' title='bbox 502 2521 599 2588; x_wconf 76' lang='grc' dir='ltr'>τῆς</span> <span class='ocrx_word' id='word_1_190' title='bbox 641 2519 1105 2592; x_wconf 79' lang='grc' dir='ltr'>ἐνανθρωπήσεως</span> <span class='ocrx_word' id='word_1_191' title='bbox 1151 2526 1627 2598; x_wconf 84' lang='grc' dir='ltr'>ὑποκρυπτόμενος</span> <span class='ocrx_word' id='word_1_192' title='bbox 1659 2531 1863 2601; x_wconf 80' lang='grc' dir='ltr'>φρονή-</span> 
     </span>
    </p>
   </div>
   <div class='ocr_carea' id='block_1_29' title="bbox 308 2610 1862 2695">
    <p class='ocr_par' dir='ltr' id='par_1_29' title="bbox 308 2610 1862 2695">
     <span class='ocr_line' id='line_1_29' title="bbox 308 2610 1862 2695; baseline 0.011 -35"><span class='ocrx_word' id='word_1_193' title='bbox 308 2627 458 2679; x_wconf 88' lang='grc' dir='ltr'>ματι,</span> <span class='ocrx_word' id='word_1_194' title='bbox 514 2610 573 2663; x_wconf 90' lang='grc' dir='ltr'><strong>τὸ</strong></span> <span class='ocrx_word' id='word_1_195' title='bbox 600 2611 655 2663; x_wconf 85' lang='grc' dir='ltr'><strong>δέ</strong></span> <span class='ocrx_word' id='word_1_196' title='bbox 697 2628 760 2679; x_wconf 91' lang='grc' dir='ltr'><strong>γε</strong></span> <span class='ocrx_word' id='word_1_197' title='bbox 793 2615 1045 2667; x_wconf 83' lang='grc' dir='ltr'>ταπεινὸν</span> <span class='ocrx_word' id='word_1_198' title='bbox 1077 2616 1173 2668; x_wconf 74' lang='grc' dir='ltr'>τοῦ</span> <span class='ocrx_word' id='word_1_199' title='bbox 1206 2620 1479 2688; x_wconf 81' lang='grc' dir='ltr'>ὁρωμένου</span> <span class='ocrx_word' id='word_1_200' title='bbox 1516 2621 1764 2692; x_wconf 84' lang='grc' dir='ltr'>σώματος</span> <span class='ocrx_word' id='word_1_201' title='bbox 1797 2625 1862 2695; x_wconf 83' lang='grc' dir='ltr'>τῇ</span> 
     </span>
    </p>
   </div>
   <div class='ocr_carea' id='block_1_30' title="bbox 306 2700 1324 2779">
    <p class='ocr_par' dir='ltr' id='par_1_30' title="bbox 306 2700 1324 2779">
     <span class='ocr_line' id='line_1_30' title="bbox 306 2700 1324 2779; baseline 0.009 -27"><span class='ocrx_word' id='word_1_202' title='bbox 306 2701 403 2770; x_wconf 78' lang='grc' dir='ltr'>τῆς</span> <span class='ocrx_word' id='word_1_203' title='bbox 431 2700 680 2772; x_wconf 80' lang='grc' dir='ltr'>θεότητος</span> <span class='ocrx_word' id='word_1_204' title='bbox 711 2704 1023 2774; x_wconf 67' lang='grc' dir='ltr'>ὑπεραίρων</span> <span class='ocrx_word' id='word_1_205' title='bbox 1056 2707 1324 2779; x_wconf 68' lang='grc' dir='ltr'>ἐνεργείᾳ.</span> 
     </span>
    </p>
   </div>
   <div class='ocr_carea' id='block_1_31' title="bbox 1597 517 1760 563">
    <p class='ocr_par' dir='ltr' id='par_1_31' title="bbox 1597 517 1760 563">
     <span class='ocr_line' id='line_1_31' title="bbox 1597 517 1760 563; baseline 0.006 -11"><span class='ocrx_word' id='word_1_206' title='bbox 1597 517 1760 563; x_wconf 85' lang='grc' dir='ltr'>νους.</span> 
     </span>
    </p>
   </div>
   <div class='ocr_carea' id='block_1_32' title="bbox 306 2794 1875 2868">
    <p class='ocr_par' dir='ltr' id='par_1_32' title="bbox 306 2794 1875 2868">
     <span class='ocr_line' id='line_1_32' title="bbox 306 2794 1875 2868; baseline 0.008 -25"><span class='ocrx_word' id='word_1_207' title='bbox 306 2794 397 2859; x_wconf 86' lang='lat' dir='ltr'><strong>qui</strong></span> <span class='ocrx_word' id='word_1_208' title='bbox 442 2796 792 2859; x_wconf 77' lang='lat' dir='ltr'><strong>cernebatur;</strong></span> <span class='ocrx_word' id='word_1_209' title='bbox 838 2795 1096 2851; x_wconf 86' lang='lat' dir='ltr'><strong>Dominus</strong></span> <span class='ocrx_word' id='word_1_210' title='bbox 1133 2813 1259 2852; x_wconf 87' lang='lat' dir='ltr'><strong>vero</strong></span> <span class='ocrx_word' id='word_1_211' title='bbox 1304 2801 1390 2866; x_wconf 87' lang='lat' dir='ltr'><strong>qui</strong></span> <span class='ocrx_word' id='word_1_212' title='bbox 1456 2801 1875 2868; x_wconf 73' lang='lat' dir='ltr'><strong>intelligebatur.</strong></span> 
     </span>
    </p>
   </div>
   <div class='ocr_carea' id='block_1_33' title="bbox 305 2885 1867 2958">
    <p class='ocr_par' dir='ltr' id='par_1_33' title="bbox 305 2885 1867 2958">
     <span class='ocr_line' id='line_1_33' title="bbox 305 2885 1867 2958; baseline 0.003 -20"><span class='ocrx_word' id='word_1_213' title='bbox 305 2885 861 2941; x_wconf 85' lang='lat' dir='ltr'><strong>occultabat:contra</strong></span> <span class='ocrx_word' id='word_1_214' title='bbox 893 2902 1019 2941; x_wconf 89' lang='lat' dir='ltr'><strong>vero</strong></span> <span class='ocrx_word' id='word_1_215' title='bbox 1067 2890 1333 2956; x_wconf 86' lang='lat' dir='ltr'><strong>corporis,</strong></span> <span class='ocrx_word' id='word_1_216' title='bbox 1378 2890 1516 2958; x_wconf 91' lang='lat' dir='ltr'><strong>quod</strong></span> <span class='ocrx_word' id='word_1_217' title='bbox 1566 2891 1867 2956; x_wconf 76' lang='lat' dir='ltr'><strong>videbatur,</strong></span> 
     </span>
    </p>
   </div>
   <div class='ocr_carea' id='block_1_34' title="bbox 378 2975 1862 3051">
    <p class='ocr_par' dir='ltr' id='par_1_34' title="bbox 378 2975 1862 3051">
     <span class='ocr_line' id='line_1_34' title="bbox 378 2975 1862 3051; baseline 0.002 -20"><span class='ocrx_word' id='word_1_218' title='bbox 378 2975 477 3031; x_wconf 85' lang='lat' dir='ltr'><strong>IA&#39;.</strong></span> <span class='ocrx_word' id='word_1_219' title='bbox 521 2978 756 3048; x_wconf 80' lang='grc' dir='ltr'>Εύχερὲς</span> <span class='ocrx_word' id='word_1_220' title='bbox 794 2979 932 3048; x_wconf 74' lang='grc' dir='ltr'>μὲνυ</span> <span class='ocrx_word' id='word_1_221' title='bbox 962 2976 1054 3033; x_wconf 78' lang='grc' dir='ltr'><strong>οὖν</strong></span> <span class='ocrx_word' id='word_1_222' title='bbox 1082 2980 1174 3033; x_wconf 79' lang='grc' dir='ltr'>καὶ</span> <span class='ocrx_word' id='word_1_223' title='bbox 1207 2981 1369 3051; x_wconf 68' lang='grc' dir='ltr'>ἕτερα</span> <span class='ocrx_word' id='word_1_224' title='bbox 1402 2982 1608 3046; x_wconf 82' lang='grc' dir='ltr'>τούτοις</span> <span class='ocrx_word' id='word_1_225' title='bbox 1640 2982 1862 3051; x_wconf 79' lang='grc' dir='ltr'>ἐπενεγ-</span> 
     </span>
    </p>
   </div>
   <div class='ocr_carea' id='block_1_35' title="bbox 308 3068 1869 3145">
    <p class='ocr_par' dir='ltr' id='par_1_35' title="bbox 308 3068 1869 3145">
     <span class='ocr_line' id='line_1_35' title="bbox 308 3068 1869 3145; baseline 0.003 -23"><span class='ocrx_word' id='word_1_226' title='bbox 308 3070 424 3122; x_wconf 84' lang='grc' dir='ltr'>κεῖν</span> <span class='ocrx_word' id='word_1_227' title='bbox 464 3068 689 3122; x_wconf 83' lang='grc' dir='ltr'>πλεῖστά</span> <span class='ocrx_word' id='word_1_228' title='bbox 720 3086 779 3121; x_wconf 86' lang='grc' dir='ltr'><strong>τε</strong></span> <span class='ocrx_word' id='word_1_229' title='bbox 811 3070 910 3122; x_wconf 80' lang='grc' dir='ltr'><strong>ὅσα</strong></span> <span class='ocrx_word' id='word_1_230' title='bbox 952 3071 1044 3123; x_wconf 78' lang='grc' dir='ltr'>καὶ</span> <span class='ocrx_word' id='word_1_231' title='bbox 1078 3072 1252 3142; x_wconf 86' lang='grc' dir='ltr'>ἀληθῆ</span> <span class='ocrx_word' id='word_1_232' title='bbox 1300 3074 1602 3144; x_wconf 74' lang='grc' dir='ltr'>μαρτύριαο</span> <span class='ocrx_word' id='word_1_233' title='bbox 1632 3075 1869 3145; x_wconf 81' lang='grc' dir='ltr'>παρίημι</span> 
     </span>
    </p>
   </div>
   <div class='ocr_carea' id='block_1_36' title="bbox 308 3160 1868 3236">
    <p class='ocr_par' dir='ltr' id='par_1_36' title="bbox 308 3160 1868 3236">
     <span class='ocr_line' id='line_1_36' title="bbox 308 3160 1868 3236; baseline 0.001 -23"><span class='ocrx_word' id='word_1_234' title='bbox 308 3160 386 3224; x_wconf 75' lang='grc' dir='ltr'><strong>δὲ,</strong></span> <span class='ocrx_word' id='word_1_235' title='bbox 418 3160 479 3213; x_wconf 84' lang='grc' dir='ltr'><strong>τὸ</strong></span> <span class='ocrx_word' id='word_1_236' title='bbox 504 3160 887 3231; x_wconf 79' lang='grc' dir='ltr'>γεγραμμένον</span> <span class='ocrx_word' id='word_1_237' title='bbox 938 3162 1126 3225; x_wconf 79' lang='grc' dir='ltr'>εἰδῶς’</span> <span class='ocrx_word' id='word_1_238' title='bbox 1164 3181 1181 3213; x_wconf 80' lang='grc' dir='ltr'><strong>ι</strong></span> <span class='ocrx_word' id='word_1_239' title='bbox 1223 3163 1372 3217; x_wconf 87' lang='grc' dir='ltr'>Δίδου</span> <span class='ocrx_word' id='word_1_240' title='bbox 1417 3164 1564 3235; x_wconf 79' lang='grc' dir='ltr'>σοφῷ</span> <span class='ocrx_word' id='word_1_241' title='bbox 1592 3165 1868 3236; x_wconf 79' lang='grc' dir='ltr'>ἀφορμὴν,</span> 
     </span>
    </p>
   </div>
   <div class='ocr_carea' id='block_1_37' title="bbox 310 3250 1870 3327">
    <p class='ocr_par' dir='ltr' id='par_1_37' title="bbox 310 3250 1870 3327">
     <span class='ocr_line' id='line_1_37' title="bbox 310 3250 1870 3327; baseline 0.005 -25"><span class='ocrx_word' id='word_1_242' title='bbox 310 3251 401 3302; x_wconf 75' lang='grc' dir='ltr'><strong>καὶ</strong></span> <span class='ocrx_word' id='word_1_243' title='bbox 426 3250 729 3320; x_wconf 77' lang='grc' dir='ltr'>σοφώτερος</span> <span class='ocrx_word' id='word_1_244' title='bbox 754 3250 903 3304; x_wconf 77' lang='grc' dir='ltr'>ἔσται</span> <span class='ocrx_word' id='word_1_245' title='bbox 926 3270 937 3280; x_wconf 93' lang='grc'>·</span> <span class='ocrx_word' id='word_1_246' title='bbox 964 3252 1196 3323; x_wconf 79' lang='grc' dir='ltr'>γνώριζε</span> <span class='ocrx_word' id='word_1_247' title='bbox 1225 3254 1438 3325; x_wconf 83' lang='grc' dir='ltr'>δικαίῳ,</span> <span class='ocrx_word' id='word_1_248' title='bbox 1458 3256 1551 3307; x_wconf 74' lang='grc' dir='ltr'>καὶ</span> <span class='ocrx_word' id='word_1_249' title='bbox 1573 3256 1870 3327; x_wconf 80' lang='grc' dir='ltr'>προσθήσει</span> 
     </span>
    </p>
   </div>
   <div class='ocr_carea' id='block_1_38' title="bbox 310 3341 1872 3417">
    <p class='ocr_par' dir='ltr' id='par_1_38' title="bbox 310 3341 1872 3417">
     <span class='ocr_line' id='line_1_38' title="bbox 310 3341 1872 3417; baseline 0.003 -22"><span class='ocrx_word' id='word_1_250' title='bbox 310 3342 401 3395; x_wconf 82' lang='grc' dir='ltr'>τοῦ</span> <span class='ocrx_word' id='word_1_251' title='bbox 430 3341 696 3411; x_wconf 76' lang='grc' dir='ltr'>δέχεσθαι.</span> <span class='ocrx_word' id='word_1_252' title='bbox 732 3361 748 3392; x_wconf 75' lang='grc' dir='ltr'><strong>ι</strong></span> <span class='ocrx_word' id='word_1_253' title='bbox 786 3342 932 3412; x_wconf 85' lang='grc' dir='ltr'>Πλὴν</span> <span class='ocrx_word' id='word_1_254' title='bbox 961 3344 1137 3395; x_wconf 80' lang='grc' dir='ltr'>ἐκεῖνό</span> <span class='ocrx_word' id='word_1_255' title='bbox 1183 3362 1391 3415; x_wconf 82' lang='grc' dir='ltr'>φαμεν·</span> <span class='ocrx_word' id='word_1_256' title='bbox 1423 3347 1531 3399; x_wconf 77' lang='grc' dir='ltr'>ἰδοὺ</span> <span class='ocrx_word' id='word_1_257' title='bbox 1568 3347 1630 3417; x_wconf 84' lang='grc' dir='ltr'><strong>δὴ</strong></span> <span class='ocrx_word' id='word_1_258' title='bbox 1673 3348 1872 3412; x_wconf 85' lang='grc' dir='ltr'>πάντες</span> 
     </span>
    </p>
   </div>
   <div class='ocr_carea' id='block_1_39' title="bbox 311 3430 1872 3506">
    <p class='ocr_par' dir='ltr' id='par_1_39' title="bbox 311 3430 1872 3506">
     <span class='ocr_line' id='line_1_39' title="bbox 311 3430 1872 3506; baseline 0.005 -24"><span class='ocrx_word' id='word_1_259' title='bbox 311 3433 358 3483; x_wconf 83' lang='grc' dir='ltr'>οἱ</span> <span class='ocrx_word' id='word_1_260' title='bbox 393 3430 713 3498; x_wconf 82' lang='grc' dir='ltr'>πανάριστοί</span> <span class='ocrx_word' id='word_1_261' title='bbox 742 3448 801 3482; x_wconf 88' lang='grc' dir='ltr'><strong>τε</strong></span> <span class='ocrx_word' id='word_1_262' title='bbox 829 3432 928 3484; x_wconf 73' lang='grc' dir='ltr'><strong>καὶ</strong></span> <span class='ocrx_word' id='word_1_263' title='bbox 960 3434 1114 3498; x_wconf 70' lang='grc' dir='ltr'>σοφοὶ</span> <span class='ocrx_word' id='word_1_264' title='bbox 1148 3434 1288 3485; x_wconf 85' lang='grc' dir='ltr'><strong>κατά</strong></span> <span class='ocrx_word' id='word_1_265' title='bbox 1319 3438 1544 3505; x_wconf 83' lang='grc' dir='ltr'>καιροὺς</span> <span class='ocrx_word' id='word_1_266' title='bbox 1588 3437 1742 3506; x_wconf 72' lang='grc' dir='ltr'>ἡμῶν</span> <span class='ocrx_word' id='word_1_267' title='bbox 1780 3454 1872 3504; x_wconf 80' lang='grc' dir='ltr'>γε·</span> 
     </span>
    </p>
   </div>
   <div class='ocr_carea' id='block_1_40' title="bbox 313 3520 1871 3595">
    <p class='ocr_par' dir='ltr' id='par_1_40' title="bbox 313 3520 1871 3595">
     <span class='ocr_line' id='line_1_40' title="bbox 313 3520 1871 3595; baseline 0.005 -23"><span class='ocrx_word' id='word_1_268' title='bbox 313 3520 530 3587; x_wconf 88' lang='grc' dir='ltr'>γονότες</span> <span class='ocrx_word' id='word_1_269' title='bbox 562 3520 825 3589; x_wconf 84' lang='grc' dir='ltr'>Πατέρες,</span> <span class='ocrx_word' id='word_1_270' title='bbox 855 3521 947 3572; x_wconf 73' lang='grc' dir='ltr'><strong>καὶ</strong></span> <span class='ocrx_word' id='word_1_271' title='bbox 966 3521 1223 3575; x_wconf 87' lang='grc' dir='ltr'>Θεοτόκον</span> <span class='ocrx_word' id='word_1_272' title='bbox 1242 3523 1561 3592; x_wconf 80' lang='grc' dir='ltr'>ὀνομάζουσι</span> <span class='ocrx_word' id='word_1_273' title='bbox 1588 3528 1684 3595; x_wconf 84' lang='grc' dir='ltr'>τὴν</span> <span class='ocrx_word' id='word_1_274' title='bbox 1714 3528 1871 3595; x_wconf 83' lang='grc' dir='ltr'>ἁγίαν</span> 
     </span>
    </p>
   </div>
   <div class='ocr_carea' id='block_1_41' title="bbox 315 3610 1871 3686">
    <p class='ocr_par' dir='ltr' id='par_1_41' title="bbox 315 3610 1871 3686">
     <span class='ocr_line' id='line_1_41' title="bbox 315 3610 1871 3686; baseline 0.005 -23"><span class='ocrx_word' id='word_1_275' title='bbox 315 3611 621 3678; x_wconf 80' lang='grc' dir='ltr'>Παρθένον·</span> <span class='ocrx_word' id='word_1_276' title='bbox 675 3610 913 3680; x_wconf 79' lang='grc' dir='ltr'>ἡνῶσθαι</span> <span class='ocrx_word' id='word_1_277' title='bbox 946 3610 1003 3662; x_wconf 83' lang='grc' dir='ltr'>δὲ</span> <span class='ocrx_word' id='word_1_278' title='bbox 1039 3612 1180 3664; x_wconf 84' lang='grc' dir='ltr'><strong>κατά</strong></span> <span class='ocrx_word' id='word_1_279' title='bbox 1218 3612 1378 3681; x_wconf 83' lang='grc' dir='ltr'>φύσιν</span> <span class='ocrx_word' id='word_1_280' title='bbox 1412 3614 1871 3686; x_wconf 79' lang='grc' dir='ltr'>διαϐεϐαιούμενοι</span> 
     </span>
    </p>
   </div>
   <div class='ocr_carea' id='block_1_42' title="bbox 315 3699 1871 3773">
    <p class='ocr_par' dir='ltr' id='par_1_42' title="bbox 315 3699 1871 3773">
     <span class='ocr_line' id='line_1_42' title="bbox 315 3699 1871 3773; baseline 0.007 -23"><span class='ocrx_word' id='word_1_281' title='bbox 315 3702 380 3767; x_wconf 84' lang='grc' dir='ltr'>τῇ</span> <span class='ocrx_word' id='word_1_282' title='bbox 412 3701 573 3769; x_wconf 77' lang='grc' dir='ltr'>σαρκὶ</span> <span class='ocrx_word' id='word_1_283' title='bbox 594 3699 681 3751; x_wconf 87' lang='grc' dir='ltr'><strong>τὸν</strong></span> <span class='ocrx_word' id='word_1_284' title='bbox 711 3700 775 3751; x_wconf 82' lang='grc' dir='ltr'><strong>ὲκ</strong></span> <span class='ocrx_word' id='word_1_285' title='bbox 803 3700 938 3753; x_wconf 83' lang='grc' dir='ltr'>Θεοῦ</span> <span class='ocrx_word' id='word_1_286' title='bbox 963 3700 1158 3768; x_wconf 81' lang='grc' dir='ltr'>Λόγον,</span> <span class='ocrx_word' id='word_1_287' title='bbox 1186 3701 1241 3753; x_wconf 78' lang='grc' dir='ltr'>ἔν</span> <span class='ocrx_word' id='word_1_288' title='bbox 1266 3720 1322 3755; x_wconf 89' lang='grc' dir='ltr'><strong>τε</strong></span> <span class='ocrx_word' id='word_1_289' title='bbox 1352 3705 1416 3773; x_wconf 83' lang='grc' dir='ltr'>τῇ</span> <span class='ocrx_word' id='word_1_290' title='bbox 1444 3704 1597 3773; x_wconf 82' lang='grc' dir='ltr'>νηδύϊ</span> <span class='ocrx_word' id='word_1_291' title='bbox 1622 3707 1871 3772; x_wconf 80' lang='grc' dir='ltr'>γενέσθαι</span> 
     </span>
    </p>
   </div>
   <div class='ocr_carea' id='block_1_43' title="bbox 317 3790 1872 3863">
    <p class='ocr_par' dir='ltr' id='par_1_43' title="bbox 317 3790 1872 3863">
     <span class='ocr_line' id='line_1_43' title="bbox 317 3790 1872 3863; baseline 0.006 -22"><span class='ocrx_word' id='word_1_292' title='bbox 317 3790 446 3856; x_wconf 72' lang='grc' dir='ltr'>φασὶ</span> <span class='ocrx_word' id='word_1_293' title='bbox 473 3793 538 3860; x_wconf 82' lang='grc' dir='ltr'><strong>τῇ</strong></span> <span class='ocrx_word' id='word_1_294' title='bbox 571 3791 915 3861; x_wconf 81' lang='grc' dir='ltr'>παρθενικῇ,</span> <span class='ocrx_word' id='word_1_295' title='bbox 964 3790 1060 3843; x_wconf 77' lang='grc' dir='ltr'>καὶ</span> <span class='ocrx_word' id='word_1_296' title='bbox 1091 3791 1150 3856; x_wconf 75' lang='grc' dir='ltr'>ἐξ</span> <span class='ocrx_word' id='word_1_297' title='bbox 1193 3793 1361 3861; x_wconf 78' lang='grc' dir='ltr'>αὐτῆς</span> <span class='ocrx_word' id='word_1_298' title='bbox 1405 3794 1686 3863; x_wconf 81' lang='grc' dir='ltr'>προελθεῖν</span> <span class='ocrx_word' id='word_1_299' title='bbox 1734 3798 1872 3851; x_wconf 89' lang='grc' dir='ltr'><strong>κατά</strong></span> 
     </span>
    </p>
   </div>
   <div class='ocr_carea' id='block_1_44' title="bbox 317 3880 1872 3953">
    <p class='ocr_par' dir='ltr' id='par_1_44' title="bbox 317 3880 1872 3953">
     <span class='ocr_line' id='line_1_44' title="bbox 317 3880 1872 3953; baseline 0.005 -22"><span class='ocrx_word' id='word_1_300' title='bbox 317 3880 522 3950; x_wconf 76' lang='grc' dir='ltr'>σάρκα·</span> <span class='ocrx_word' id='word_1_301' title='bbox 553 3882 729 3934; x_wconf 89' lang='grc' dir='ltr'>καίτοι</span> <span class='ocrx_word' id='word_1_302' title='bbox 782 3882 881 3950; x_wconf 80' lang='grc' dir='ltr'><strong>τὴν</strong></span> <span class='ocrx_word' id='word_1_303' title='bbox 920 3881 1155 3952; x_wconf 70' lang='grc' dir='ltr'>ἄναρχον</span> <span class='ocrx_word' id='word_1_304' title='bbox 1180 3885 1275 3936; x_wconf 68' lang='grc' dir='ltr'><strong>καὶ</strong></span> <span class='ocrx_word' id='word_1_305' title='bbox 1316 3885 1421 3953; x_wconf 85' lang='grc' dir='ltr'><strong>πρὸ</strong></span> <span class='ocrx_word' id='word_1_306' title='bbox 1452 3886 1650 3948; x_wconf 83' lang='grc' dir='ltr'>παντὸς</span> <span class='ocrx_word' id='word_1_307' title='bbox 1680 3886 1872 3949; x_wconf 83' lang='grc' dir='ltr'>αἰῶνος</span> 
     </span>
    </p>
   </div>
   <div class='ocr_carea' id='block_1_45' title="bbox 315 3969 1871 4044">
    <p class='ocr_par' dir='ltr' id='par_1_45' title="bbox 315 3969 1871 4044">
     <span class='ocr_line' id='line_1_45' title="bbox 315 3969 1871 4044; baseline 0.005 -25"><span class='ocrx_word' id='word_1_308' title='bbox 315 3969 408 4019; x_wconf 74' lang='grc' dir='ltr'><strong>καὶ</strong></span> <span class='ocrx_word' id='word_1_309' title='bbox 435 3969 625 4038; x_wconf 87' lang='grc' dir='ltr'>χρόνου</span> <span class='ocrx_word' id='word_1_310' title='bbox 660 3969 890 4038; x_wconf 82' lang='grc' dir='ltr'>λαχόντα</span> <span class='ocrx_word' id='word_1_311' title='bbox 919 3970 1173 4038; x_wconf 80' lang='grc' dir='ltr'>γέννησιν</span> <span class='ocrx_word' id='word_1_312' title='bbox 1200 3973 1262 4023; x_wconf 80' lang='grc' dir='ltr'>ἐκ</span> <span class='ocrx_word' id='word_1_313' title='bbox 1292 3972 1520 4042; x_wconf 80' lang='grc' dir='ltr'>Πατρός.</span> <span class='ocrx_word' id='word_1_314' title='bbox 1565 3971 1777 4044; x_wconf 81' lang='grc' dir='ltr'>Ἐπειδὴ</span> <span class='ocrx_word' id='word_1_315' title='bbox 1814 3975 1871 4027; x_wconf 85' lang='grc' dir='ltr'>δὲ</span> 
     </span>
    </p>
   </div>
   <div class='ocr_carea' id='block_1_46' title="bbox 312 4053 1870 4134">
    <p class='ocr_par' dir='ltr' id='par_1_46' title="bbox 312 4053 1870 4134">
     <span class='ocr_line' id='line_1_46' title="bbox 312 4053 1870 4134; baseline 0.006 -25"><span class='ocrx_word' id='word_1_316' title='bbox 312 4053 379 4127; x_wconf 80' lang='grc' dir='ltr'>ἦν</span> <span class='ocrx_word' id='word_1_317' title='bbox 406 4059 568 4121; x_wconf 74' lang='grc' dir='ltr'>εἰκὸς,</span> <span class='ocrx_word' id='word_1_318' title='bbox 592 4060 647 4109; x_wconf 80' lang='grc' dir='ltr'><strong>έν</strong></span> <span class='ocrx_word' id='word_1_319' title='bbox 670 4061 786 4120; x_wconf 85' lang='grc' dir='ltr'>ταῖς</span> <span class='ocrx_word' id='word_1_320' title='bbox 814 4059 1176 4131; x_wconf 82' lang='grc' dir='ltr'>μακροτέραις</span> <span class='ocrx_word' id='word_1_321' title='bbox 1204 4063 1296 4113; x_wconf 72' lang='grc' dir='ltr'><strong>καὶ</strong></span> <span class='ocrx_word' id='word_1_322' title='bbox 1321 4062 1517 4132; x_wconf 69' lang='grc' dir='ltr'>ὲιρεξῆς</span> <span class='ocrx_word' id='word_1_323' title='bbox 1540 4064 1647 4115; x_wconf 82' lang='grc' dir='ltr'><strong>τῶν</strong></span> <span class='ocrx_word' id='word_1_324' title='bbox 1676 4065 1870 4134; x_wconf 84' lang='grc' dir='ltr'>στίχων</span> 
     </span>
    </p>
   </div>
   <div class='ocr_carea' id='block_1_47' title="bbox 315 4146 1869 4225">
    <p class='ocr_par' dir='ltr' id='par_1_47' title="bbox 315 4146 1869 4225">
     <span class='ocr_line' id='line_1_47' title="bbox 315 4146 1869 4225; baseline 0.004 -24"><span class='ocrx_word' id='word_1_325' title='bbox 315 4148 604 4216; x_wconf 70' lang='grc' dir='ltr'>συνθήκαις</span> <span class='ocrx_word' id='word_1_326' title='bbox 638 4146 912 4217; x_wconf 80' lang='grc' dir='ltr'>ὀλιγώρως</span> <span class='ocrx_word' id='word_1_327' title='bbox 939 4148 1129 4217; x_wconf 79' lang='grc' dir='ltr'>ἔχοντα</span> <span class='ocrx_word' id='word_1_328' title='bbox 1161 4150 1249 4203; x_wconf 83' lang='grc' dir='ltr'><strong>τὸν</strong></span> <span class='ocrx_word' id='word_1_329' title='bbox 1278 4150 1421 4215; x_wconf 76' lang='grc' dir='ltr'>νοῦν,</span> <span class='ocrx_word' id='word_1_330' title='bbox 1451 4152 1702 4223; x_wconf 73' lang='grc' dir='ltr'>ἐθελῆσαι</span> <span class='ocrx_word' id='word_1_331' title='bbox 1733 4155 1869 4225; x_wconf 84' lang='grc' dir='ltr'><strong>μᾶλ-</strong></span> 
     </span>
    </p>
   </div>
   <div class='ocr_carea' id='block_1_48' title="bbox 311 4239 1868 4311">
    <p class='ocr_par' dir='ltr' id='par_1_48' title="bbox 311 4239 1868 4311">
     <span class='ocr_line' id='line_1_48' title="bbox 311 4239 1868 4311; baseline 0.004 -20"><span class='ocrx_word' id='word_1_332' title='bbox 311 4241 398 4293; x_wconf 67' lang='grc' dir='ltr'>ἰ-ον</span> <span class='ocrx_word' id='word_1_333' title='bbox 426 4240 503 4301; x_wconf 75' lang='grc' dir='ltr'><strong>δὲ,</strong></span> <span class='ocrx_word' id='word_1_334' title='bbox 530 4239 603 4301; x_wconf 89' lang='grc' dir='ltr'><strong>ώς</strong></span> <span class='ocrx_word' id='word_1_335' title='bbox 633 4242 689 4292; x_wconf 80' lang='grc' dir='ltr'><strong>ἐν</strong></span> <span class='ocrx_word' id='word_1_336' title='bbox 733 4239 924 4310; x_wconf 80' lang='grc' dir='ltr'>βραχεῖ</span> <span class='ocrx_word' id='word_1_337' title='bbox 953 4241 1046 4292; x_wconf 85' lang='grc' dir='ltr'><strong>καί</strong></span> <span class='ocrx_word' id='word_1_338' title='bbox 1095 4242 1531 4311; x_wconf 81' lang='grc' dir='ltr'>συνεσταλμένως</span> <span class='ocrx_word' id='word_1_339' title='bbox 1551 4253 1577 4280; x_wconf 76' lang='grc'><strong>⁷</strong></span> <span class='ocrx_word' id='word_1_340' title='bbox 1610 4245 1738 4297; x_wconf 76' lang='grc' dir='ltr'>ἰδεῖν</span> <span class='ocrx_word' id='word_1_341' title='bbox 1763 4246 1868 4297; x_wconf 83' lang='grc' dir='ltr'><strong>τῶν</strong></span> 
     </span>
    </p>
   </div>
   <div class='ocr_carea' id='block_1_49' title="bbox 2360 502 3148 572">
    <p class='ocr_par' dir='ltr' id='par_1_49' title="bbox 2360 502 3148 572">
     <span class='ocr_line' id='line_1_49' title="bbox 2360 502 3148 572; baseline -0.001 -18"><span class='ocrx_word' id='word_1_342' title='bbox 2360 504 2450 570; x_wconf 78' lang='lat' dir='ltr'><strong>qui</strong></span> <span class='ocrx_word' id='word_1_343' title='bbox 2473 518 2590 555; x_wconf 86' lang='lat' dir='ltr'><strong>cum</strong></span> <span class='ocrx_word' id='word_1_344' title='bbox 2631 502 2851 572; x_wconf 79' lang='lat' dir='ltr'><strong><em>Origene</em></strong></span> <span class='ocrx_word' id='word_1_345' title='bbox 2871 506 3148 557; x_wconf 73' lang='lat' dir='ltr'><strong>sentirent.</strong></span> 
     </span>
    </p>
   </div>
   <div class='ocr_carea' id='block_1_50' title="bbox 2353 612 3153 669">
    <p class='ocr_par' dir='ltr' id='par_1_50' title="bbox 2353 612 3153 669">
     <span class='ocr_line' id='line_1_50' title="bbox 2353 612 3153 669; baseline -0.003 -1"><span class='ocrx_word' id='word_1_346' title='bbox 2353 612 2446 668; x_wconf 78' lang='lat' dir='ltr'><strong>Sic</strong></span> <span class='ocrx_word' id='word_1_347' title='bbox 2476 627 2647 669; x_wconf 85' lang='lat' dir='ltr'><strong>autem</strong></span> <span class='ocrx_word' id='word_1_348' title='bbox 2672 615 2801 668; x_wconf 80' lang='lat' dir='ltr'><strong>dicit</strong></span> <span class='ocrx_word' id='word_1_349' title='bbox 2821 615 2885 668; x_wconf 85' lang='lat' dir='ltr'><strong>de</strong></span> <span class='ocrx_word' id='word_1_350' title='bbox 2920 613 3153 668; x_wconf 78' lang='lat' dir='ltr'><strong>Christe.</strong></span> 
     </span>
    </p>
   </div>
   <div class='ocr_carea' id='block_1_51' title="bbox 2039 696 3533 795">
    <p class='ocr_par' dir='ltr' id='par_1_51' title="bbox 2039 696 3533 795">
     <span class='ocr_line' id='line_1_51' title="bbox 2039 696 3533 795; baseline 0.003 -20"><span class='ocrx_word' id='word_1_351' title='bbox 2039 719 2301 777; x_wconf 68' lang='lat' dir='ltr'><strong>Carterum</strong></span> <span class='ocrx_word' id='word_1_352' title='bbox 2338 714 2404 778; x_wconf 79' lang='lat' dir='ltr'><strong>ite</strong></span> <span class='ocrx_word' id='word_1_353' title='bbox 2429 724 2473 780; x_wconf 90' lang='lat' dir='ltr'><strong>is</strong></span> <span class='ocrx_word' id='word_1_354' title='bbox 2514 726 2606 795; x_wconf 89' lang='lat' dir='ltr'><strong>qui</strong></span> <span class='ocrx_word' id='word_1_355' title='bbox 2632 726 2902 795; x_wconf 87' lang='lat' dir='ltr'><strong>apparuit,</strong></span> <span class='ocrx_word' id='word_1_356' title='bbox 2936 726 3054 779; x_wconf 89' lang='lat' dir='ltr'><strong>solo</strong></span> <span class='ocrx_word' id='word_1_357' title='bbox 3087 696 3275 788; x_wconf 68' lang='lat' dir='ltr'><strong>verbo,</strong></span> <span class='ocrx_word' id='word_1_358' title='bbox 3297 724 3392 779; x_wconf 90' lang='lat' dir='ltr'><strong>sed</strong></span> <span class='ocrx_word' id='word_1_359' title='bbox 3422 724 3533 789; x_wconf 61' lang='lat' dir='ltr'><strong>vir:</strong></span> 
     </span>
    </p>
   </div>
   <div class='ocr_carea' id='block_1_52' title="bbox 1970 816 3534 885">
    <p class='ocr_par' dir='ltr' id='par_1_52' title="bbox 1970 816 3534 885">
     <span class='ocr_line' id='line_1_52' title="bbox 1970 816 3534 885; baseline 0.003 -20"><span class='ocrx_word' id='word_1_360' title='bbox 1970 821 2080 867; x_wconf 90' lang='lat' dir='ltr'><strong>tute</strong></span> <span class='ocrx_word' id='word_1_361' title='bbox 2108 829 2322 885; x_wconf 90' lang='lat' dir='ltr'><strong>quoque</strong></span> <span class='ocrx_word' id='word_1_362' title='bbox 2361 828 2525 871; x_wconf 88' lang='lat' dir='ltr'><strong>verus</strong></span> <span class='ocrx_word' id='word_1_363' title='bbox 2549 816 2690 871; x_wconf 86' lang='lat' dir='ltr'><strong>Deus</strong></span> <span class='ocrx_word' id='word_1_364' title='bbox 2717 830 2838 871; x_wconf 88' lang='lat' dir='ltr'><strong>esse</strong></span> <span class='ocrx_word' id='word_1_365' title='bbox 2874 816 3211 880; x_wconf 86' lang='lat' dir='ltr'><strong>crederetur,</strong></span> <span class='ocrx_word' id='word_1_366' title='bbox 3245 817 3360 885; x_wconf 87' lang='lat' dir='ltr'><strong>ipse</strong></span> <span class='ocrx_word' id='word_1_367' title='bbox 3401 830 3534 885; x_wconf 89' lang='lat' dir='ltr'><strong>ope-</strong></span> 
     </span>
    </p>
   </div>
   <div class='ocr_carea' id='block_1_53' title="bbox 1971 900 3534 974">
    <p class='ocr_par' dir='ltr' id='par_1_53' title="bbox 1971 900 3534 974">
     <span class='ocr_line' id='line_1_53' title="bbox 1971 900 3534 974; baseline 0.002 -19"><span class='ocrx_word' id='word_1_368' title='bbox 1971 918 2086 956; x_wconf 92' lang='lat' dir='ltr'><strong>rum</strong></span> <span class='ocrx_word' id='word_1_369' title='bbox 2162 900 2559 974; x_wconf 80' lang='lat' dir='ltr'><strong>magniﬁcentia</strong></span> <span class='ocrx_word' id='word_1_370' title='bbox 2633 906 2993 961; x_wconf 84' lang='lat' dir='ltr'><strong>certissimum</strong></span> <span class='ocrx_word' id='word_1_371' title='bbox 3060 906 3360 960; x_wconf 87' lang='lat' dir='ltr'><strong>divinitatis</strong></span> <span class='ocrx_word' id='word_1_372' title='bbox 3422 919 3534 960; x_wconf 70' lang='lat' dir='ltr'><strong>suae</strong></span> 
     </span>
    </p>
   </div>
   <div class='ocr_carea' id='block_1_54' title="bbox 1962 991 3533 1065">
    <p class='ocr_par' dir='ltr' id='par_1_54' title="bbox 1962 991 3533 1065">
     <span class='ocr_line' id='line_1_54' title="bbox 1962 991 3533 1065; baseline 0.004 -21"><span class='ocrx_word' id='word_1_373' title='bbox 1962 991 2220 1061; x_wconf 85' lang='lat' dir='ltr'><strong>judicium</strong></span> <span class='ocrx_word' id='word_1_374' title='bbox 2251 994 2400 1049; x_wconf 83' lang='lat' dir='ltr'><strong>fecit.</strong></span> <span class='ocrx_word' id='word_1_375' title='bbox 2435 994 2717 1052; x_wconf 83' lang='lat' dir='ltr'><strong>Perfectus</strong></span> <span class='ocrx_word' id='word_1_376' title='bbox 2772 997 2954 1065; x_wconf 75' lang='lat' dir='ltr'><strong>itaque</strong></span> <span class='ocrx_word' id='word_1_377' title='bbox 3008 996 3151 1051; x_wconf 90' lang='lat' dir='ltr'><strong>Deus</strong></span> <span class='ocrx_word' id='word_1_378' title='bbox 3188 1011 3308 1051; x_wconf 91' lang='lat' dir='ltr'><strong>cum</strong></span> <span class='ocrx_word' id='word_1_379' title='bbox 3362 1003 3533 1058; x_wconf 85' lang='lat' dir='ltr'><strong>esset,</strong></span> 
     </span>
    </p>
   </div>
   <div class='ocr_carea' id='block_1_55' title="bbox 1967 1083 3530 1157">
    <p class='ocr_par' dir='ltr' id='par_1_55' title="bbox 1967 1083 3530 1157">
     <span class='ocr_line' id='line_1_55' title="bbox 1967 1083 3530 1157; baseline 0.003 -21"><span class='ocrx_word' id='word_1_380' title='bbox 1967 1083 2141 1139; x_wconf 82' lang='lat' dir='ltr'><strong>factus</strong></span> <span class='ocrx_word' id='word_1_381' title='bbox 2194 1093 2278 1139; x_wconf 89' lang='lat' dir='ltr'><strong>est</strong></span> <span class='ocrx_word' id='word_1_382' title='bbox 2313 1085 2587 1141; x_wconf 82' lang='lat' dir='ltr'><strong>voluntate</strong></span> <span class='ocrx_word' id='word_1_383' title='bbox 2635 1101 2731 1141; x_wconf 87' lang='lat' dir='ltr'><strong>sua</strong></span> <span class='ocrx_word' id='word_1_384' title='bbox 2784 1088 2980 1155; x_wconf 80' lang='lat' dir='ltr'><strong>homo;</strong></span> <span class='ocrx_word' id='word_1_385' title='bbox 3020 1102 3195 1156; x_wconf 84' lang='lat' dir='ltr'><strong>neque</strong></span> <span class='ocrx_word' id='word_1_386' title='bbox 3238 1088 3530 1157; x_wconf 81' lang='lat' dir='ltr'><strong>quidquam</strong></span> 
     </span>
    </p>
   </div>
   <div class='ocr_carea' id='block_1_56' title="bbox 1966 1173 3530 1243">
    <p class='ocr_par' dir='ltr' id='par_1_56' title="bbox 1966 1173 3530 1243">
     <span class='ocr_line' id='line_1_56' title="bbox 1966 1173 3530 1243; baseline 0.003 -17"><span class='ocrx_word' id='word_1_387' title='bbox 1966 1173 2207 1238; x_wconf 89' lang='lat' dir='ltr'><strong>omnino,</strong></span> <span class='ocrx_word' id='word_1_388' title='bbox 2264 1174 2407 1243; x_wconf 86' lang='lat' dir='ltr'><strong>quod</strong></span> <span class='ocrx_word' id='word_1_389' title='bbox 2461 1175 2708 1228; x_wconf 76' lang='lat' dir='ltr'><strong>humanae</strong></span> <span class='ocrx_word' id='word_1_390' title='bbox 2766 1184 2975 1229; x_wconf 88' lang='lat' dir='ltr'><strong>naturae</strong></span> <span class='ocrx_word' id='word_1_391' title='bbox 3022 1188 3309 1242; x_wconf 76' lang='lat' dir='ltr'><strong>cognatum</strong></span> <span class='ocrx_word' id='word_1_392' title='bbox 3363 1186 3530 1241; x_wconf 82' lang='lat' dir='ltr'><strong>esset,</strong></span> 
     </span>
    </p>
   </div>
   <div class='ocr_carea' id='block_1_57' title="bbox 1966 1263 3529 1332">
    <p class='ocr_par' dir='ltr' id='par_1_57' title="bbox 1966 1263 3529 1332">
     <span class='ocr_line' id='line_1_57' title="bbox 1966 1263 3529 1332; baseline 0.003 -18"><span class='ocrx_word' id='word_1_393' title='bbox 1966 1271 2161 1332; x_wconf 68' lang='lat' dir='ltr'><strong>praeter</strong></span> <span class='ocrx_word' id='word_1_394' title='bbox 2181 1278 2341 1316; x_wconf 91' lang='lat' dir='ltr'><strong>unam</strong></span> <span class='ocrx_word' id='word_1_395' title='bbox 2398 1263 2617 1331; x_wconf 81' lang='lat' dir='ltr'><strong>impiam</strong></span> <span class='ocrx_word' id='word_1_396' title='bbox 2651 1263 2939 1332; x_wconf 81' lang='lat' dir='ltr'><strong>malitiam,</strong></span> <span class='ocrx_word' id='word_1_397' title='bbox 2968 1266 3185 1332; x_wconf 86' lang='lat' dir='ltr'><strong>reliquit</strong></span> <span class='ocrx_word' id='word_1_398' title='bbox 3214 1283 3231 1318; x_wconf 83' lang='lat'><strong>:</strong></span> <span class='ocrx_word' id='word_1_399' title='bbox 3267 1280 3390 1319; x_wconf 90' lang='lat' dir='ltr'><strong>nam</strong></span> <span class='ocrx_word' id='word_1_400' title='bbox 3424 1266 3529 1320; x_wconf 85' lang='lat' dir='ltr'><strong>etsi</strong></span> 
     </span>
    </p>
   </div>
   <div class='ocr_carea' id='block_1_58' title="bbox 1967 1351 3535 1425">
    <p class='ocr_par' dir='ltr' id='par_1_58' title="bbox 1967 1351 3535 1425">
     <span class='ocr_line' id='line_1_58' title="bbox 1967 1351 3535 1425; baseline 0.001 -17"><span class='ocrx_word' id='word_1_401' title='bbox 1967 1352 2165 1418; x_wconf 81' lang='lat' dir='ltr'><strong>infans,</strong></span> <span class='ocrx_word' id='word_1_402' title='bbox 2190 1351 2503 1407; x_wconf 84' lang='lat' dir='ltr'><strong>Emmanuel</strong></span> <span class='ocrx_word' id='word_1_403' title='bbox 2530 1363 2705 1408; x_wconf 90' lang='lat' dir='ltr'><strong>tamen</strong></span> <span class='ocrx_word' id='word_1_404' title='bbox 2724 1369 2845 1409; x_wconf 90' lang='lat' dir='ltr'><strong>esse</strong></span> <span class='ocrx_word' id='word_1_405' title='bbox 2878 1357 3289 1425; x_wconf 76' lang='lat' dir='ltr'><strong>agnoscebatur.</strong></span> <span class='ocrx_word' id='word_1_406' title='bbox 3308 1355 3535 1410; x_wconf 86' lang='lat' dir='ltr'><strong>Constat</strong></span> 
     </span>
    </p>
   </div>
   <div class='ocr_carea' id='block_1_59' title="bbox 1966 1442 3531 1514">
    <p class='ocr_par' dir='ltr' id='par_1_59' title="bbox 1966 1442 3531 1514">
     <span class='ocr_line' id='line_1_59' title="bbox 1966 1442 3531 1514; baseline 0.002 -20"><span class='ocrx_word' id='word_1_407' title='bbox 1966 1456 2198 1511; x_wconf 89' lang='lat' dir='ltr'><strong>namque</strong></span> <span class='ocrx_word' id='word_1_408' title='bbox 2244 1457 2428 1512; x_wconf 73' lang='lat' dir='ltr'><strong>magos</strong></span> <span class='ocrx_word' id='word_1_409' title='bbox 2471 1443 2562 1511; x_wconf 86' lang='lat' dir='ltr'><strong>qui</strong></span> <span class='ocrx_word' id='word_1_410' title='bbox 2616 1445 2682 1496; x_wconf 91' lang='lat' dir='ltr'><strong>ad</strong></span> <span class='ocrx_word' id='word_1_411' title='bbox 2712 1442 2858 1497; x_wconf 89' lang='lat' dir='ltr'><strong>illum</strong></span> <span class='ocrx_word' id='word_1_412' title='bbox 2886 1453 3172 1508; x_wconf 88' lang='lat' dir='ltr'><strong>venerunt,</strong></span> <span class='ocrx_word' id='word_1_413' title='bbox 3199 1458 3321 1499; x_wconf 91' lang='lat' dir='ltr'><strong>eum</strong></span> <span class='ocrx_word' id='word_1_414' title='bbox 3358 1445 3531 1514; x_wconf 88' lang='lat' dir='ltr'><strong>ipsum</strong></span> 
     </span>
    </p>
   </div>
   <div class='ocr_carea' id='block_1_60' title="bbox 1965 1531 3530 1604">
    <p class='ocr_par' dir='ltr' id='par_1_60' title="bbox 1965 1531 3530 1604">
     <span class='ocr_line' id='line_1_60' title="bbox 1965 1531 3530 1604; baseline 0.004 -21"><span class='ocrx_word' id='word_1_415' title='bbox 1965 1531 2055 1600; x_wconf 89' lang='lat' dir='ltr'><strong>qui</strong></span> <span class='ocrx_word' id='word_1_416' title='bbox 2088 1542 2434 1601; x_wconf 76' lang='lat' dir='ltr'><strong>apparuerat,</strong></span> <span class='ocrx_word' id='word_1_417' title='bbox 2466 1533 2780 1587; x_wconf 79' lang='lat' dir='ltr'><strong>adoratione</strong></span> <span class='ocrx_word' id='word_1_418' title='bbox 2797 1547 2894 1588; x_wconf 86' lang='lat' dir='ltr'><strong>sua</strong></span> <span class='ocrx_word' id='word_1_419' title='bbox 2933 1544 2990 1588; x_wconf 93' lang='lat' dir='ltr'><strong>ut</strong></span> <span class='ocrx_word' id='word_1_420' title='bbox 3024 1533 3192 1589; x_wconf 86' lang='lat' dir='ltr'><strong>Deum</strong></span> <span class='ocrx_word' id='word_1_421' title='bbox 3221 1536 3530 1604; x_wconf 76' lang='lat' dir='ltr'><strong>agnovisse.</strong></span> 
     </span>
    </p>
   </div>
   <div class='ocr_carea' id='block_1_61' title="bbox 1967 1620 3533 1695">
    <p class='ocr_par' dir='ltr' id='par_1_61' title="bbox 1967 1620 3533 1695">
     <span class='ocr_line' id='line_1_61' title="bbox 1967 1620 3533 1695; baseline 0.004 -21"><span class='ocrx_word' id='word_1_422' title='bbox 1967 1620 2060 1675; x_wconf 83' lang='lat' dir='ltr'><strong>Sic</strong></span> <span class='ocrx_word' id='word_1_423' title='bbox 2085 1636 2299 1691; x_wconf 89' lang='lat' dir='ltr'><strong>quoque</strong></span> <span class='ocrx_word' id='word_1_424' title='bbox 2330 1622 2456 1677; x_wconf 89' lang='lat' dir='ltr'><strong>licet</strong></span> <span class='ocrx_word' id='word_1_425' title='bbox 2494 1622 2789 1677; x_wconf 87' lang='lat' dir='ltr'><strong>secundum</strong></span> <span class='ocrx_word' id='word_1_426' title='bbox 2819 1640 3036 1679; x_wconf 86' lang='lat' dir='ltr'><strong>carnem</strong></span> <span class='ocrx_word' id='word_1_427' title='bbox 3071 1625 3122 1678; x_wconf 87' lang='lat' dir='ltr'><strong>in</strong></span> <span class='ocrx_word' id='word_1_428' title='bbox 3150 1641 3370 1680; x_wconf 76' lang='lat' dir='ltr'><strong>crucem</strong></span> <span class='ocrx_word' id='word_1_429' title='bbox 3403 1640 3533 1695; x_wconf 75' lang='lat' dir='ltr'><strong>age-</strong></span> 
     </span>
    </p>
   </div>
   <div class='ocr_carea' id='block_1_62' title="bbox 1965 1712 3534 1783">
    <p class='ocr_par' dir='ltr' id='par_1_62' title="bbox 1965 1712 3534 1783">
     <span class='ocr_line' id='line_1_62' title="bbox 1965 1712 3534 1783; baseline 0.003 -18"><span class='ocrx_word' id='word_1_430' title='bbox 1965 1721 2135 1777; x_wconf 89' lang='lat' dir='ltr'><strong>retur,</strong></span> <span class='ocrx_word' id='word_1_431' title='bbox 2191 1712 2322 1768; x_wconf 89' lang='lat' dir='ltr'><strong>solis</strong></span> <span class='ocrx_word' id='word_1_432' title='bbox 2377 1722 2556 1769; x_wconf 89' lang='lat' dir='ltr'><strong>tamen</strong></span> <span class='ocrx_word' id='word_1_433' title='bbox 2627 1715 2808 1769; x_wconf 86' lang='lat' dir='ltr'><strong>radios</strong></span> <span class='ocrx_word' id='word_1_434' title='bbox 2869 1715 3222 1783; x_wconf 86' lang='lat' dir='ltr'><strong>reprimebat,</strong></span> <span class='ocrx_word' id='word_1_435' title='bbox 3284 1730 3534 1783; x_wconf 86' lang='lat' dir='ltr'><strong>novoque</strong></span> 
     </span>
    </p>
   </div>
   <div class='ocr_carea' id='block_1_63' title="bbox 1972 1803 3533 1875">
    <p class='ocr_par' dir='ltr' id='par_1_63' title="bbox 1972 1803 3533 1875">
     <span class='ocr_line' id='line_1_63' title="bbox 1972 1803 3533 1875; baseline 0.003 -19"><span class='ocrx_word' id='word_1_436' title='bbox 1972 1803 2235 1859; x_wconf 87' lang='lat' dir='ltr'><strong>miraculo</strong></span> <span class='ocrx_word' id='word_1_437' title='bbox 2290 1805 2621 1859; x_wconf 77' lang='lat' dir='ltr'><strong>divinitatem</strong></span> <span class='ocrx_word' id='word_1_438' title='bbox 2660 1821 2815 1861; x_wconf 90' lang='lat' dir='ltr'><strong>suam</strong></span> <span class='ocrx_word' id='word_1_439' title='bbox 2858 1806 2977 1860; x_wconf 80' lang='lat' dir='ltr'><strong>orbi</strong></span> <span class='ocrx_word' id='word_1_440' title='bbox 3028 1816 3295 1861; x_wconf 88' lang='lat' dir='ltr'><strong>terrarum</strong></span> <span class='ocrx_word' id='word_1_441' title='bbox 3328 1807 3533 1875; x_wconf 77' lang='lat' dir='ltr'><strong>patefa-</strong></span> 
     </span>
    </p>
   </div>
   <div class='ocr_carea' id='block_1_64' title="bbox 1970 1886 3536 1964">
    <p class='ocr_par' dir='ltr' id='par_1_64' title="bbox 1970 1886 3536 1964">
     <span class='ocr_line' id='line_1_64' title="bbox 1970 1886 3536 1964; baseline 0 -15"><span class='ocrx_word' id='word_1_442' title='bbox 1970 1892 2168 1949; x_wconf 85' lang='lat' dir='ltr'><strong>ciebat.</strong></span> <span class='ocrx_word' id='word_1_443' title='bbox 2200 1891 2474 1961; x_wconf 84' lang='lat' dir='ltr'><strong>Nusquam</strong></span> <span class='ocrx_word' id='word_1_444' title='bbox 2504 1903 2683 1949; x_wconf 90' lang='lat' dir='ltr'><strong>autem</strong></span> <span class='ocrx_word' id='word_1_445' title='bbox 2715 1904 2811 1949; x_wconf 89' lang='lat' dir='ltr'><strong>aut</strong></span> <span class='ocrx_word' id='word_1_446' title='bbox 2848 1886 3091 1964; x_wconf 46' lang='lat' dir='ltr'><strong>&#39;seipsnm</strong></span> <span class='ocrx_word' id='word_1_447' title='bbox 3142 1895 3410 1960; x_wconf 83' lang='lat' dir='ltr'><strong>divisisse,</strong></span> <span class='ocrx_word' id='word_1_448' title='bbox 3441 1905 3536 1950; x_wconf 88' lang='lat' dir='ltr'><strong>aut</strong></span> 
     </span>
    </p>
   </div>
   <div class='ocr_carea' id='block_1_65' title="bbox 1969 1983 3533 2055">
    <p class='ocr_par' dir='ltr' id='par_1_65' title="bbox 1969 1983 3533 2055">
     <span class='ocr_line' id='line_1_65' title="bbox 1969 1983 3533 2055; baseline 0.002 -18"><span class='ocrx_word' id='word_1_449' title='bbox 1969 1984 2022 2037; x_wconf 88' lang='lat' dir='ltr'><strong>in</strong></span> <span class='ocrx_word' id='word_1_450' title='bbox 2073 1986 2210 2038; x_wconf 90' lang='lat' dir='ltr'><strong>duos</strong></span> <span class='ocrx_word' id='word_1_451' title='bbox 2264 1983 2560 2039; x_wconf 89' lang='lat' dir='ltr'><strong>salvatores</strong></span> <span class='ocrx_word' id='word_1_452' title='bbox 2617 1985 2942 2040; x_wconf 90' lang='lat' dir='ltr'><strong>dissecuisse</strong></span> <span class='ocrx_word' id='word_1_453' title='bbox 2997 1985 3349 2055; x_wconf 89' lang='lat' dir='ltr'><strong>comperitur.</strong></span> <span class='ocrx_word' id='word_1_454' title='bbox 3394 1984 3533 2051; x_wconf 85' lang='lat' dir='ltr'><strong>Quin</strong></span> 
     </span>
    </p>
   </div>
   <div class='ocr_carea' id='block_1_66' title="bbox 1967 2073 3532 2148">
    <p class='ocr_par' dir='ltr' id='par_1_66' title="bbox 1967 2073 3532 2148">
     <span class='ocr_line' id='line_1_66' title="bbox 1967 2073 3532 2148; baseline 0.004 -21"><span class='ocrx_word' id='word_1_455' title='bbox 1967 2073 2228 2141; x_wconf 82' lang='lat' dir='ltr'><strong>ejusmodi</strong></span> <span class='ocrx_word' id='word_1_456' title='bbox 2294 2074 2475 2142; x_wconf 87' lang='lat' dir='ltr'><strong>potius</strong></span> <span class='ocrx_word' id='word_1_457' title='bbox 2503 2089 2756 2130; x_wconf 89' lang='lat' dir='ltr'><strong>sermone</strong></span> <span class='ocrx_word' id='word_1_458' title='bbox 2792 2076 3087 2147; x_wconf 87' lang='lat' dir='ltr'><strong>discipulos</strong></span> <span class='ocrx_word' id='word_1_459' title='bbox 3114 2094 3240 2133; x_wconf 89' lang='lat' dir='ltr'><strong>suos</strong></span> <span class='ocrx_word' id='word_1_460' title='bbox 3297 2080 3532 2148; x_wconf 80' lang='lat' dir='ltr'><strong>compel-</strong></span> 
     </span>
    </p>
   </div>
   <div class='ocr_carea' id='block_1_67' title="bbox 1969 2161 3533 2235">
    <p class='ocr_par' dir='ltr' id='par_1_67' title="bbox 1969 2161 3533 2235">
     <span class='ocr_line' id='line_1_67' title="bbox 1969 2161 3533 2235; baseline 0.005 -20"><span class='ocrx_word' id='word_1_461' title='bbox 1969 2162 2111 2217; x_wconf 86' lang='lat' dir='ltr'><strong>lasse</strong></span> <span class='ocrx_word' id='word_1_462' title='bbox 2148 2161 2350 2231; x_wconf 73' lang='lat' dir='ltr'><strong>legitur</strong></span> <span class='ocrx_word' id='word_1_463' title='bbox 2387 2180 2400 2217; x_wconf 92' lang='lat'><strong>:</strong></span> <span class='ocrx_word' id='word_1_464' title='bbox 2445 2180 2465 2215; x_wconf 81' lang='grc' dir='ltr'><strong>ι</strong></span> <span class='ocrx_word' id='word_1_465' title='bbox 2518 2162 2595 2217; x_wconf 82' lang='lat' dir='ltr'><strong>Ne</strong></span> <span class='ocrx_word' id='word_1_466' title='bbox 2652 2165 2858 2220; x_wconf 89' lang='lat' dir='ltr'><strong>vocetis</strong></span> <span class='ocrx_word' id='word_1_467' title='bbox 2907 2168 3218 2235; x_wconf 80' lang='lat' dir='ltr'><strong>magistrum</strong></span> <span class='ocrx_word' id='word_1_468' title='bbox 3252 2168 3304 2221; x_wconf 91' lang='lat' dir='ltr'><strong>in</strong></span> <span class='ocrx_word' id='word_1_469' title='bbox 3343 2177 3483 2223; x_wconf 89' lang='lat' dir='ltr'><strong>terra</strong></span> <span class='ocrx_word' id='word_1_470' title='bbox 3515 2182 3533 2223; x_wconf 93' lang='lat'><strong>:</strong></span> 
     </span>
    </p>
   </div>
   <div class='ocr_carea' id='block_1_68' title="bbox 1970 2254 3535 2330">
    <p class='ocr_par' dir='ltr' id='par_1_68' title="bbox 1970 2254 3535 2330">
     <span class='ocr_line' id='line_1_68' title="bbox 1970 2254 3535 2330; baseline 0.004 -22"><span class='ocrx_word' id='word_1_471' title='bbox 1970 2269 2107 2309; x_wconf 91' lang='lat' dir='ltr'><strong>unus</strong></span> <span class='ocrx_word' id='word_1_472' title='bbox 2129 2262 2211 2309; x_wconf 89' lang='lat' dir='ltr'><strong>est</strong></span> <span class='ocrx_word' id='word_1_473' title='bbox 2239 2254 2383 2307; x_wconf 91' lang='lat' dir='ltr'><strong>enim</strong></span> <span class='ocrx_word' id='word_1_474' title='bbox 2416 2256 2673 2325; x_wconf 78' lang='lat' dir='ltr'><strong>magister</strong></span> <span class='ocrx_word' id='word_1_475' title='bbox 2714 2266 2894 2311; x_wconf 86' lang='lat' dir='ltr'><strong>vester</strong></span> <span class='ocrx_word' id='word_1_476' title='bbox 2925 2256 3173 2313; x_wconf 85' lang='lat' dir='ltr'><strong>Christus</strong></span> <span class='ocrx_word' id='word_1_477' title='bbox 3193 2259 3257 2312; x_wconf 66' lang='grc' dir='ltr'>εί.</span> <span class='ocrx_word' id='word_1_478' title='bbox 3298 2278 3317 2311; x_wconf 69' lang='grc' dir='ltr'><strong>ι</strong></span> <span class='ocrx_word' id='word_1_479' title='bbox 3348 2259 3535 2330; x_wconf 86' lang='lat' dir='ltr'><strong>Neque</strong></span> 
     </span>
    </p>
   </div>
   <div class='ocr_carea' id='block_1_69' title="bbox 1967 2345 3531 2417">
    <p class='ocr_par' dir='ltr' id='par_1_69' title="bbox 1967 2345 3531 2417">
     <span class='ocr_line' id='line_1_69' title="bbox 1967 2345 3531 2417; baseline 0.004 -18"><span class='ocrx_word' id='word_1_480' title='bbox 1967 2346 2111 2399; x_wconf 90' lang='lat' dir='ltr'><strong>enim</strong></span> <span class='ocrx_word' id='word_1_481' title='bbox 2139 2345 2355 2414; x_wconf 87' lang='lat' dir='ltr'><strong>quando</strong></span> <span class='ocrx_word' id='word_1_482' title='bbox 2389 2347 2643 2413; x_wconf 90' lang='lat' dir='ltr'><strong>apostolis</strong></span> <span class='ocrx_word' id='word_1_483' title='bbox 2678 2347 2790 2401; x_wconf 59' lang='lat' dir='ltr'><strong>haec</strong></span> <span class='ocrx_word' id='word_1_484' title='bbox 2844 2348 3163 2417; x_wconf 86' lang='lat' dir='ltr'><strong>imperabat,</strong></span> <span class='ocrx_word' id='word_1_485' title='bbox 3197 2350 3531 2405; x_wconf 87' lang='lat' dir='ltr'><strong>divinitatem</strong></span> 
     </span>
    </p>
   </div>
   <div class='ocr_carea' id='block_1_70' title="bbox 1970 2439 3595 2508">
    <p class='ocr_par' dir='ltr' id='par_1_70' title="bbox 1970 2439 3595 2508">
     <span class='ocr_line' id='line_1_70' title="bbox 1970 2439 3595 2508; baseline 0.001 -15"><span class='ocrx_word' id='word_1_486' title='bbox 1970 2452 2122 2493; x_wconf 88' lang='lat' dir='ltr'><strong>suam</strong></span> <span class='ocrx_word' id='word_1_487' title='bbox 2153 2452 2182 2490; x_wconf 92' lang='lat' dir='ltr'><strong>a</strong></span> <span class='ocrx_word' id='word_1_488' title='bbox 2214 2451 2441 2506; x_wconf 87' lang='lat' dir='ltr'><strong>corpore</strong></span> <span class='ocrx_word' id='word_1_489' title='bbox 2489 2440 2631 2506; x_wconf 88' lang='lat' dir='ltr'><strong>quod</strong></span> <span class='ocrx_word' id='word_1_490' title='bbox 2674 2440 3022 2504; x_wconf 86' lang='lat' dir='ltr'><strong>cernebatur,</strong></span> <span class='ocrx_word' id='word_1_491' title='bbox 3058 2439 3404 2508; x_wconf 83' lang='lat' dir='ltr'><strong>sejungebat;</strong></span> <span class='ocrx_word' id='word_1_492' title='bbox 3439 2455 3534 2495; x_wconf 88' lang='lat' dir='ltr'><strong>ne-</strong></span> <span class='ocrx_word' id='word_1_493' title='bbox 3590 2454 3595 2461; x_wconf 77' lang='lat'><strong><em>&#39;</em></strong></span> 
     </span>
    </p>
   </div>
   <div class='ocr_carea' id='block_1_71' title="bbox 1969 2528 3534 2598">
    <p class='ocr_par' dir='ltr' id='par_1_71' title="bbox 1969 2528 3534 2598">
     <span class='ocr_line' id='line_1_71' title="bbox 1969 2528 3534 2598; baseline 0.005 -20"><span class='ocrx_word' id='word_1_494' title='bbox 1969 2543 2074 2597; x_wconf 90' lang='lat' dir='ltr'><strong>que</strong></span> <span class='ocrx_word' id='word_1_495' title='bbox 2119 2536 2357 2591; x_wconf 87' lang='lat' dir='ltr'><strong>rursum,</strong></span> <span class='ocrx_word' id='word_1_496' title='bbox 2394 2543 2516 2582; x_wconf 90' lang='lat' dir='ltr'><strong>cum</strong></span> <span class='ocrx_word' id='word_1_497' title='bbox 2547 2542 2605 2583; x_wconf 90' lang='lat' dir='ltr'><strong>se</strong></span> <span class='ocrx_word' id='word_1_498' title='bbox 2649 2528 2923 2583; x_wconf 89' lang='lat' dir='ltr'><strong>Christum</strong></span> <span class='ocrx_word' id='word_1_499' title='bbox 2956 2545 3079 2585; x_wconf 85' lang='lat' dir='ltr'><strong>esse</strong></span> <span class='ocrx_word' id='word_1_500' title='bbox 3128 2532 3449 2598; x_wconf 87' lang='lat' dir='ltr'><strong>testabatur,</strong></span> <span class='ocrx_word' id='word_1_501' title='bbox 3475 2546 3534 2586; x_wconf 86' lang='lat' dir='ltr'><strong>se</strong></span> 
     </span>
    </p>
   </div>
   <div class='ocr_carea' id='block_1_72' title="bbox 1972 2619 3530 2690">
    <p class='ocr_par' dir='ltr' id='par_1_72' title="bbox 1972 2619 3530 2690">
     <span class='ocr_line' id='line_1_72' title="bbox 1972 2619 3530 2690; baseline 0.003 -19"><span class='ocrx_word' id='word_1_502' title='bbox 1972 2619 2153 2672; x_wconf 89' lang='lat' dir='ltr'><strong>animo</strong></span> <span class='ocrx_word' id='word_1_503' title='bbox 2191 2628 2246 2674; x_wconf 91' lang='lat' dir='ltr'><strong>et</strong></span> <span class='ocrx_word' id='word_1_504' title='bbox 2294 2634 2525 2689; x_wconf 87' lang='lat' dir='ltr'><strong>corpore</strong></span> <span class='ocrx_word' id='word_1_505' title='bbox 2566 2620 2872 2687; x_wconf 84' lang='lat' dir='ltr'><strong>divellebat,</strong></span> <span class='ocrx_word' id='word_1_506' title='bbox 2908 2622 3001 2677; x_wconf 90' lang='lat' dir='ltr'><strong>sed</strong></span> <span class='ocrx_word' id='word_1_507' title='bbox 3030 2621 3190 2675; x_wconf 86' lang='lat' dir='ltr'><strong>simul</strong></span> <span class='ocrx_word' id='word_1_508' title='bbox 3221 2632 3530 2690; x_wconf 88' lang='lat' dir='ltr'><strong>utrumque,</strong></span> 
     </span>
    </p>
   </div>
   <div class='ocr_carea' id='block_1_73' title="bbox 1971 2702 3530 2784">
    <p class='ocr_par' dir='ltr' id='par_1_73' title="bbox 1971 2702 3530 2784">
     <span class='ocr_line' id='line_1_73' title="bbox 1971 2702 3530 2784; baseline 0.001 -20"><span class='ocrx_word' id='word_1_509' title='bbox 1971 2711 2078 2765; x_wconf 86' lang='lat' dir='ltr'><strong>hoc</strong></span> <span class='ocrx_word' id='word_1_510' title='bbox 2122 2718 2226 2775; x_wconf 84' lang='lat' dir='ltr'><strong>est,</strong></span> <span class='ocrx_word' id='word_1_511' title='bbox 2262 2711 2401 2764; x_wconf 85' lang='lat' dir='ltr'><strong>Deus</strong></span> <span class='ocrx_word' id='word_1_512' title='bbox 2439 2720 2495 2765; x_wconf 88' lang='lat' dir='ltr'><strong>et</strong></span> <span class='ocrx_word' id='word_1_513' title='bbox 2543 2702 2704 2766; x_wconf 86' lang='lat' dir='ltr'><strong>homo</strong></span> <span class='ocrx_word' id='word_1_514' title='bbox 2740 2722 2876 2766; x_wconf 89' lang='lat' dir='ltr'><strong>erat.</strong></span> <span class='ocrx_word' id='word_1_515' title='bbox 2913 2713 3112 2767; x_wconf 83' lang='lat' dir='ltr'><strong>Servus</strong></span> <span class='ocrx_word' id='word_1_516' title='bbox 3161 2715 3358 2784; x_wconf 88' lang='lat' dir='ltr'><strong>quippe</strong></span> <span class='ocrx_word' id='word_1_517' title='bbox 3392 2722 3530 2777; x_wconf 89' lang='lat' dir='ltr'><strong>erat,</strong></span> 
     </span>
    </p>
   </div>
   <div class='ocr_carea' id='block_1_74' title="bbox 1947 2798 3532 2856">
    <p class='ocr_par' dir='ltr' id='par_1_74' title="bbox 1947 2798 3532 2856">
     <span class='ocr_line' id='line_1_74' title="bbox 1947 2798 3532 2856; baseline 0.001 -3"><span class='ocrx_word' id='word_1_518' title='bbox 1947 2798 2172 2853; x_wconf 85' lang='lat' dir='ltr'><strong>Deitatis</strong></span> <span class='ocrx_word' id='word_1_519' title='bbox 2221 2798 2597 2853; x_wconf 82' lang='lat' dir='ltr'><strong>celsitudinem</strong></span> <span class='ocrx_word' id='word_1_520' title='bbox 2652 2799 2840 2855; x_wconf 83' lang='lat' dir='ltr'><strong>humili</strong></span> <span class='ocrx_word' id='word_1_521' title='bbox 2924 2800 3311 2856; x_wconf 87' lang='lat' dir='ltr'><strong>incarnationis</strong></span> <span class='ocrx_word' id='word_1_522' title='bbox 3361 2802 3532 2855; x_wconf 82' lang='lat' dir='ltr'><strong>forma</strong></span> 
     </span>
    </p>
   </div>
   <div class='ocr_carea' id='block_1_75' title="bbox 1903 2887 3239 2955">
    <p class='ocr_par' dir='ltr' id='par_1_75' title="bbox 1903 2887 3239 2955">
     <span class='ocr_line' id='line_1_75' title="bbox 1903 2887 3239 2955; baseline -0.001 -12"><span class='ocrx_word' id='word_1_523' title='bbox 1903 2888 2259 2943; x_wconf 84' lang='lat' dir='ltr'><strong>humilitatem</strong></span> <span class='ocrx_word' id='word_1_524' title='bbox 2306 2887 2521 2941; x_wconf 86' lang='lat' dir='ltr'><strong>deitatis</strong></span> <span class='ocrx_word' id='word_1_525' title='bbox 2586 2887 2902 2955; x_wconf 88' lang='lat' dir='ltr'><strong>operatione</strong></span> <span class='ocrx_word' id='word_1_526' title='bbox 2956 2888 3239 2943; x_wconf 66' lang='lat' dir='ltr'><strong>evellebat.</strong></span> 
     </span>
    </p>
   </div>
   <div class='ocr_carea' id='block_1_76' title="bbox 1890 2978 3533 3049">
    <p class='ocr_par' dir='ltr' id='par_1_76' title="bbox 1890 2978 3533 3049">
     <span class='ocr_line' id='line_1_76' title="bbox 1890 2978 3533 3049; baseline 0.001 -16"><span class='ocrx_word' id='word_1_527' title='bbox 1890 2988 1933 3044; x_wconf 77' lang='grc' dir='ltr'><strong>ς,</strong></span> <span class='ocrx_word' id='word_1_528' title='bbox 2036 2980 2128 3035; x_wconf 83' lang='lat' dir='ltr'><strong>XI.</strong></span> <span class='ocrx_word' id='word_1_529' title='bbox 2163 2980 2279 3035; x_wconf 85' lang='lat' dir='ltr'><strong>Non</strong></span> <span class='ocrx_word' id='word_1_530' title='bbox 2311 2980 2472 3033; x_wconf 80' lang='lat' dir='ltr'><strong>fuerit</strong></span> <span class='ocrx_word' id='word_1_531' title='bbox 2501 2988 2681 3033; x_wconf 88' lang='lat' dir='ltr'><strong>autem</strong></span> <span class='ocrx_word' id='word_1_532' title='bbox 2718 2978 2933 3033; x_wconf 82' lang='lat' dir='ltr'><strong>diﬂicile</strong></span> <span class='ocrx_word' id='word_1_533' title='bbox 2970 2978 3072 3032; x_wconf 91' lang='lat' dir='ltr'><strong>alia</strong></span> <span class='ocrx_word' id='word_1_534' title='bbox 3101 2979 3362 3048; x_wconf 88' lang='lat' dir='ltr'><strong>ejusmodi</strong></span> <span class='ocrx_word' id='word_1_535' title='bbox 3397 2996 3533 3049; x_wconf 71' lang='lat' dir='ltr'><strong>prm-</strong></span> 
     </span>
    </p>
   </div>
   <div class='ocr_carea' id='block_1_77' title="bbox 1985 3068 3534 3137">
    <p class='ocr_par' dir='ltr' id='par_1_77' title="bbox 1985 3068 3534 3137">
     <span class='ocr_line' id='line_1_77' title="bbox 1985 3068 3534 3137; baseline 0.001 -14"><span class='ocrx_word' id='word_1_536' title='bbox 1985 3070 2133 3124; x_wconf 84' lang='lat' dir='ltr'><strong>clara</strong></span> <span class='ocrx_word' id='word_1_537' title='bbox 2181 3069 2492 3123; x_wconf 82' lang='lat' dir='ltr'><strong>testimonia</strong></span> <span class='ocrx_word' id='word_1_538' title='bbox 2529 3084 2632 3123; x_wconf 92' lang='lat' dir='ltr'><strong>non</strong></span> <span class='ocrx_word' id='word_1_539' title='bbox 2675 3083 2841 3136; x_wconf 86' lang='lat' dir='ltr'><strong>pauca</strong></span> <span class='ocrx_word' id='word_1_540' title='bbox 2882 3068 2967 3121; x_wconf 90' lang='lat' dir='ltr'><strong>his</strong></span> <span class='ocrx_word' id='word_1_541' title='bbox 2992 3069 3399 3137; x_wconf 77' lang='lat' dir='ltr'><strong>adjicere;qua:</strong></span> <span class='ocrx_word' id='word_1_542' title='bbox 3456 3081 3534 3124; x_wconf 84' lang='lat' dir='ltr'><strong>ta-</strong></span> 
     </span>
    </p>
   </div>
   <div class='ocr_carea' id='block_1_78' title="bbox 1973 3159 3533 3229">
    <p class='ocr_par' dir='ltr' id='par_1_78' title="bbox 1973 3159 3533 3229">
     <span class='ocr_line' id='line_1_78' title="bbox 1973 3159 3533 3229; baseline 0.002 -16"><span class='ocrx_word' id='word_1_543' title='bbox 1973 3173 2093 3213; x_wconf 88' lang='lat' dir='ltr'><strong>men</strong></span> <span class='ocrx_word' id='word_1_544' title='bbox 2147 3168 2432 3228; x_wconf 64' lang='lat' dir='ltr'><strong>praetereo,</strong></span> <span class='ocrx_word' id='word_1_545' title='bbox 2471 3174 2593 3212; x_wconf 91' lang='lat' dir='ltr'><strong>cum</strong></span> <span class='ocrx_word' id='word_1_546' title='bbox 2629 3159 2890 3227; x_wconf 89' lang='lat' dir='ltr'><strong>scriptum</strong></span> <span class='ocrx_word' id='word_1_547' title='bbox 2935 3172 3055 3213; x_wconf 89' lang='lat' dir='ltr'><strong>esse</strong></span> <span class='ocrx_word' id='word_1_548' title='bbox 3106 3174 3209 3212; x_wconf 87' lang='lat' dir='ltr'><strong>non</strong></span> <span class='ocrx_word' id='word_1_549' title='bbox 3248 3160 3486 3229; x_wconf 75' lang='lat' dir='ltr'><strong>ignorem</strong></span> <span class='ocrx_word' id='word_1_550' title='bbox 3521 3183 3533 3216; x_wconf 87' lang='lat'><strong>:</strong></span> 
     </span>
    </p>
   </div>
   <div class='ocr_carea' id='block_1_79' title="bbox 1978 3249 3535 3318">
    <p class='ocr_par' dir='ltr' id='par_1_79' title="bbox 1978 3249 3535 3318">
     <span class='ocr_line' id='line_1_79' title="bbox 1978 3249 3535 3318; baseline 0.004 -18"><span class='ocrx_word' id='word_1_551' title='bbox 1978 3267 1996 3300; x_wconf 77' lang='grc' dir='ltr'><strong>ι</strong></span> <span class='ocrx_word' id='word_1_552' title='bbox 2028 3249 2101 3303; x_wconf 89' lang='lat' dir='ltr'><strong>Da</strong></span> <span class='ocrx_word' id='word_1_553' title='bbox 2132 3250 2364 3318; x_wconf 86' lang='lat' dir='ltr'><strong>sapienti</strong></span> <span class='ocrx_word' id='word_1_554' title='bbox 2431 3249 2792 3312; x_wconf 81' lang='lat' dir='ltr'><strong>occasionem,</strong></span> <span class='ocrx_word' id='word_1_555' title='bbox 2830 3258 2884 3301; x_wconf 93' lang='lat' dir='ltr'><strong>et</strong></span> <span class='ocrx_word' id='word_1_556' title='bbox 2916 3249 3140 3303; x_wconf 88' lang='lat' dir='ltr'><strong>addetur</strong></span> <span class='ocrx_word' id='word_1_557' title='bbox 3166 3250 3215 3302; x_wconf 91' lang='lat' dir='ltr'><strong>ei</strong></span> <span class='ocrx_word' id='word_1_558' title='bbox 3239 3251 3535 3318; x_wconf 82' lang='lat' dir='ltr'><strong>sapientia:</strong></span> 
     </span>
    </p>
   </div>
   <div class='ocr_carea' id='block_1_80' title="bbox 1972 3338 3536 3408">
    <p class='ocr_par' dir='ltr' id='par_1_80' title="bbox 1972 3338 3536 3408">
     <span class='ocr_line' id='line_1_80' title="bbox 1972 3338 3536 3408; baseline 0.001 -13"><span class='ocrx_word' id='word_1_559' title='bbox 1972 3341 2105 3395; x_wconf 92' lang='lat' dir='ltr'><strong>doce</strong></span> <span class='ocrx_word' id='word_1_560' title='bbox 2131 3338 2356 3407; x_wconf 85' lang='lat' dir='ltr'><strong>justum,</strong></span> <span class='ocrx_word' id='word_1_561' title='bbox 2386 3348 2440 3394; x_wconf 89' lang='lat' dir='ltr'><strong>et</strong></span> <span class='ocrx_word' id='word_1_562' title='bbox 2462 3338 2743 3393; x_wconf 78' lang='lat' dir='ltr'><strong>festinabit</strong></span> <span class='ocrx_word' id='word_1_563' title='bbox 2771 3338 3046 3408; x_wconf 86' lang='lat' dir='ltr'><strong>suscipere</strong></span> <span class='ocrx_word' id='word_1_564' title='bbox 3066 3339 3137 3393; x_wconf 74' lang='grc'><strong>⁸³.</strong></span> <span class='ocrx_word' id='word_1_565' title='bbox 3174 3357 3194 3390; x_wconf 73' lang='grc' dir='ltr'><strong>ι</strong></span> <span class='ocrx_word' id='word_1_566' title='bbox 3226 3338 3339 3394; x_wconf 78' lang='lat' dir='ltr'><strong>Hoc</strong></span> <span class='ocrx_word' id='word_1_567' title='bbox 3372 3357 3536 3396; x_wconf 89' lang='lat' dir='ltr'><strong>unum</strong></span> 
     </span>
    </p>
   </div>
   <div class='ocr_carea' id='block_1_81' title="bbox 1981 3429 3536 3498">
    <p class='ocr_par' dir='ltr' id='par_1_81' title="bbox 1981 3429 3536 3498">
     <span class='ocr_line' id='line_1_81' title="bbox 1981 3429 3536 3498; baseline 0.002 -14"><span class='ocrx_word' id='word_1_568' title='bbox 1981 3430 2195 3484; x_wconf 87' lang='lat' dir='ltr'><strong>interim</strong></span> <span class='ocrx_word' id='word_1_569' title='bbox 2230 3444 2337 3483; x_wconf 83' lang='lat' dir='ltr'><strong>non</strong></span> <span class='ocrx_word' id='word_1_570' title='bbox 2367 3429 2823 3497; x_wconf 59' lang='lat' dir='ltr'><strong>praetermiserim,</strong></span> <span class='ocrx_word' id='word_1_571' title='bbox 2857 3429 3089 3498; x_wconf 89' lang='lat' dir='ltr'><strong>optimos</strong></span> <span class='ocrx_word' id='word_1_572' title='bbox 3110 3444 3173 3484; x_wconf 88' lang='lat' dir='ltr'><strong>ac</strong></span> <span class='ocrx_word' id='word_1_573' title='bbox 3193 3430 3536 3498; x_wconf 87' lang='lat' dir='ltr'><strong>sapientissi-</strong></span> 
     </span>
    </p>
   </div>
   <div class='ocr_carea' id='block_1_82' title="bbox 1976 3519 3532 3588">
    <p class='ocr_par' dir='ltr' id='par_1_82' title="bbox 1976 3519 3532 3588">
     <span class='ocr_line' id='line_1_82' title="bbox 1976 3519 3532 3588; baseline 0.001 -14"><span class='ocrx_word' id='word_1_574' title='bbox 1976 3534 2093 3574; x_wconf 91' lang='lat' dir='ltr'><strong>mos</strong></span> <span class='ocrx_word' id='word_1_575' title='bbox 2122 3533 2363 3588; x_wconf 88' lang='lat' dir='ltr'><strong>quosque</strong></span> <span class='ocrx_word' id='word_1_576' title='bbox 2395 3519 2581 3573; x_wconf 86' lang='lat' dir='ltr'><strong>Patres</strong></span> <span class='ocrx_word' id='word_1_577' title='bbox 2614 3529 2877 3587; x_wconf 88' lang='lat' dir='ltr'><strong>quotquot</strong></span> <span class='ocrx_word' id='word_1_578' title='bbox 2903 3527 3028 3574; x_wconf 89' lang='lat' dir='ltr'><strong>ante</strong></span> <span class='ocrx_word' id='word_1_579' title='bbox 3058 3534 3155 3575; x_wconf 89' lang='lat' dir='ltr'><strong>nos</strong></span> <span class='ocrx_word' id='word_1_580' title='bbox 3187 3522 3532 3583; x_wconf 81' lang='lat' dir='ltr'><strong>exstiterunt.</strong></span> 
     </span>
    </p>
   </div>
   <div class='ocr_carea' id='block_1_83' title="bbox 1971 3606 3535 3680">
    <p class='ocr_par' dir='ltr' id='par_1_83' title="bbox 1971 3606 3535 3680">
     <span class='ocr_line' id='line_1_83' title="bbox 1971 3606 3535 3680; baseline 0.001 -17"><span class='ocrx_word' id='word_1_581' title='bbox 1971 3624 2160 3663; x_wconf 70' lang='lat' dir='ltr'><strong>omlnes</strong></span> <span class='ocrx_word' id='word_1_582' title='bbox 2176 3622 2381 3662; x_wconf 86' lang='lat' dir='ltr'><strong>sacram</strong></span> <span class='ocrx_word' id='word_1_583' title='bbox 2403 3606 2675 3676; x_wconf 78' lang='lat' dir='ltr'><strong>Virginem</strong></span> <span class='ocrx_word' id='word_1_584' title='bbox 2700 3608 2982 3677; x_wconf 83' lang='lat' dir='ltr'><strong>Deiparam</strong></span> <span class='ocrx_word' id='word_1_585' title='bbox 3007 3624 3219 3678; x_wconf 89' lang='lat' dir='ltr'><strong>quoque</strong></span> <span class='ocrx_word' id='word_1_586' title='bbox 3243 3610 3535 3680; x_wconf 86' lang='lat' dir='ltr'><strong>appellare,</strong></span> 
     </span>
    </p>
   </div>
   <div class='ocr_carea' id='block_1_84' title="bbox 1973 3696 3539 3766">
    <p class='ocr_par' dir='ltr' id='par_1_84' title="bbox 1973 3696 3539 3766">
     <span class='ocr_line' id='line_1_84' title="bbox 1973 3696 3539 3766; baseline 0 -14"><span class='ocrx_word' id='word_1_587' title='bbox 1973 3698 2174 3766; x_wconf 88' lang='lat' dir='ltr'><strong>Deique</strong></span> <span class='ocrx_word' id='word_1_588' title='bbox 2224 3697 2478 3762; x_wconf 78' lang='lat' dir='ltr'><strong>Verbum,</strong></span> <span class='ocrx_word' id='word_1_589' title='bbox 2521 3696 2735 3751; x_wconf 84' lang='lat' dir='ltr'><strong>etiamsi</strong></span> <span class='ocrx_word' id='word_1_590' title='bbox 2805 3697 3053 3765; x_wconf 88' lang='lat' dir='ltr'><strong>principii</strong></span> <span class='ocrx_word' id='word_1_591' title='bbox 3114 3712 3308 3765; x_wconf 83' lang='lat' dir='ltr'><strong>expers</strong></span> <span class='ocrx_word' id='word_1_592' title='bbox 3343 3700 3435 3763; x_wconf 88' lang='lat' dir='ltr'><strong>sit,</strong></span> <span class='ocrx_word' id='word_1_593' title='bbox 3484 3709 3539 3753; x_wconf 88' lang='lat' dir='ltr'><strong>et</strong></span> 
     </span>
    </p>
   </div>
   <div class='ocr_carea' id='block_1_85' title="bbox 1972 3786 3533 3857">
    <p class='ocr_par' dir='ltr' id='par_1_85' title="bbox 1972 3786 3533 3857">
     <span class='ocr_line' id='line_1_85' title="bbox 1972 3786 3533 3857; baseline 0.001 -16"><span class='ocrx_word' id='word_1_594' title='bbox 1972 3798 2099 3843; x_wconf 89' lang='lat' dir='ltr'><strong>ante</strong></span> <span class='ocrx_word' id='word_1_595' title='bbox 2119 3803 2276 3843; x_wconf 86' lang='lat' dir='ltr'><strong>omne</strong></span> <span class='ocrx_word' id='word_1_596' title='bbox 2304 3803 2475 3842; x_wconf 84' lang='lat' dir='ltr'><strong>aevum</strong></span> <span class='ocrx_word' id='word_1_597' title='bbox 2508 3798 2826 3857; x_wconf 89' lang='lat' dir='ltr'><strong>tempusque</strong></span> <span class='ocrx_word' id='word_1_598' title='bbox 2865 3802 2932 3841; x_wconf 82' lang='lat' dir='ltr'><strong>ex</strong></span> <span class='ocrx_word' id='word_1_599' title='bbox 2958 3786 3126 3841; x_wconf 76' lang='lat' dir='ltr'><strong>Patre</strong></span> <span class='ocrx_word' id='word_1_600' title='bbox 3155 3798 3363 3855; x_wconf 87' lang='lat' dir='ltr'><strong>natum,</strong></span> <span class='ocrx_word' id='word_1_601' title='bbox 3385 3793 3533 3844; x_wconf 88' lang='lat' dir='ltr'><strong>carni</strong></span> 
     </span>
    </p>
   </div>
   <div class='ocr_carea' id='block_1_86' title="bbox 1973 3880 3528 3943">
    <p class='ocr_par' dir='ltr' id='par_1_86' title="bbox 1973 3880 3528 3943">
     <span class='ocr_line' id='line_1_86' title="bbox 1973 3880 3528 3943; baseline 0.001 -9"><span class='ocrx_word' id='word_1_602' title='bbox 1973 3880 2265 3934; x_wconf 88' lang='lat' dir='ltr'><strong>secundum</strong></span> <span class='ocrx_word' id='word_1_603' title='bbox 2309 3888 2555 3933; x_wconf 87' lang='lat' dir='ltr'><strong>naturam</strong></span> <span class='ocrx_word' id='word_1_604' title='bbox 2599 3881 2809 3933; x_wconf 88' lang='lat' dir='ltr'><strong>unitum</strong></span> <span class='ocrx_word' id='word_1_605' title='bbox 2835 3893 2973 3943; x_wconf 89' lang='lat' dir='ltr'><strong>esse,</strong></span> <span class='ocrx_word' id='word_1_606' title='bbox 3006 3893 3104 3933; x_wconf 88' lang='lat' dir='ltr'><strong>nec</strong></span> <span class='ocrx_word' id='word_1_607' title='bbox 3135 3894 3238 3932; x_wconf 91' lang='lat' dir='ltr'><strong>non</strong></span> <span class='ocrx_word' id='word_1_608' title='bbox 3278 3881 3332 3933; x_wconf 92' lang='lat' dir='ltr'><strong>in</strong></span> <span class='ocrx_word' id='word_1_609' title='bbox 3374 3891 3528 3935; x_wconf 90' lang='lat' dir='ltr'><strong>utero</strong></span> 
     </span>
    </p>
   </div>
   <div class='ocr_carea' id='block_1_87' title="bbox 1973 3968 3533 4039">
    <p class='ocr_par' dir='ltr' id='par_1_87' title="bbox 1973 3968 3533 4039">
     <span class='ocr_line' id='line_1_87' title="bbox 1973 3968 3533 4039; baseline 0.001 -18"><span class='ocrx_word' id='word_1_610' title='bbox 1973 3969 2213 4036; x_wconf 69' lang='lat' dir='ltr'><strong>virgineo</strong></span> <span class='ocrx_word' id='word_1_611' title='bbox 2250 3968 2493 4033; x_wconf 85' lang='lat' dir='ltr'><strong>latuisse,</strong></span> <span class='ocrx_word' id='word_1_612' title='bbox 2528 3983 2588 4022; x_wconf 90' lang='lat' dir='ltr'><strong>ac</strong></span> <span class='ocrx_word' id='word_1_613' title='bbox 2646 3968 2770 4022; x_wconf 92' lang='lat' dir='ltr'><strong>inde</strong></span> <span class='ocrx_word' id='word_1_614' title='bbox 2819 3969 3114 4022; x_wconf 83' lang='lat' dir='ltr'><strong>secundum</strong></span> <span class='ocrx_word' id='word_1_615' title='bbox 3157 3983 3378 4022; x_wconf 90' lang='lat' dir='ltr'><strong>carnem</strong></span> <span class='ocrx_word' id='word_1_616' title='bbox 3406 3984 3533 4039; x_wconf 90' lang='lat' dir='ltr'><strong>pro-</strong></span> 
     </span>
    </p>
   </div>
   <div class='ocr_carea' id='block_1_88' title="bbox 1972 4058 3535 4127">
    <p class='ocr_par' dir='ltr' id='par_1_88' title="bbox 1972 4058 3535 4127">
     <span class='ocr_line' id='line_1_88' title="bbox 1972 4058 3535 4127; baseline -0.001 -13"><span class='ocrx_word' id='word_1_617' title='bbox 1972 4060 2154 4127; x_wconf 90' lang='lat' dir='ltr'><strong>diisse,</strong></span> <span class='ocrx_word' id='word_1_618' title='bbox 2174 4060 2438 4113; x_wconf 85' lang='lat' dir='ltr'><strong>attestari.</strong></span> <span class='ocrx_word' id='word_1_619' title='bbox 2457 4058 2720 4123; x_wconf 81' lang='lat' dir='ltr'><strong>Quoniam</strong></span> <span class='ocrx_word' id='word_1_620' title='bbox 2745 4073 2873 4111; x_wconf 87' lang='lat' dir='ltr'><strong>vero</strong></span> <span class='ocrx_word' id='word_1_621' title='bbox 2890 4058 3107 4112; x_wconf 89' lang='lat' dir='ltr'><strong>dubium</strong></span> <span class='ocrx_word' id='word_1_622' title='bbox 3129 4074 3235 4113; x_wconf 92' lang='lat' dir='ltr'><strong>non</strong></span> <span class='ocrx_word' id='word_1_623' title='bbox 3260 4068 3362 4122; x_wconf 90' lang='lat' dir='ltr'><strong>est,</strong></span> <span class='ocrx_word' id='word_1_624' title='bbox 3383 4075 3535 4113; x_wconf 87' lang='lat' dir='ltr'><strong>men-</strong></span> 
     </span>
    </p>
   </div>
   <div class='ocr_carea' id='block_1_89' title="bbox 1975 4146 3536 4218">
    <p class='ocr_par' dir='ltr' id='par_1_89' title="bbox 1975 4146 3536 4218">
     <span class='ocr_line' id='line_1_89' title="bbox 1975 4146 3536 4218; baseline 0.001 -16"><span class='ocrx_word' id='word_1_625' title='bbox 1975 4159 2077 4202; x_wconf 90' lang='lat' dir='ltr'><strong>tem</strong></span> <span class='ocrx_word' id='word_1_626' title='bbox 2122 4148 2326 4216; x_wconf 84' lang='lat' dir='ltr'><strong>prolixa</strong></span> <span class='ocrx_word' id='word_1_627' title='bbox 2372 4146 2750 4201; x_wconf 87' lang='lat' dir='ltr'><strong>auctoritatum</strong></span> <span class='ocrx_word' id='word_1_628' title='bbox 2776 4147 3270 4216; x_wconf 86' lang='lat' dir='ltr'><strong>sententiarumque</strong></span> <span class='ocrx_word' id='word_1_629' title='bbox 3305 4147 3414 4218; x_wconf 81' lang='lat'><strong>53</strong></span> <span class='ocrx_word' id='word_1_630' title='bbox 3454 4166 3536 4203; x_wconf 80' lang='lat' dir='ltr'><strong>re-</strong></span> 
     </span>
    </p>
   </div>
   <div class='ocr_carea' id='block_1_90' title="bbox 1972 4237 3531 4304">
    <p class='ocr_par' dir='ltr' id='par_1_90' title="bbox 1972 4237 3531 4304">
     <span class='ocr_line' id='line_1_90' title="bbox 1972 4237 3531 4304; baseline -0.003 -9"><span class='ocrx_word' id='word_1_631' title='bbox 1972 4240 2229 4295; x_wconf 90' lang='lat' dir='ltr'><strong>citatione</strong></span> <span class='ocrx_word' id='word_1_632' title='bbox 2249 4238 2495 4303; x_wconf 85' lang='lat' dir='ltr'><strong>obtundi,</strong></span> <span class='ocrx_word' id='word_1_633' title='bbox 2524 4237 2996 4304; x_wconf 85' lang='lat' dir='ltr'><strong>remissioremque</strong></span> <span class='ocrx_word' id='word_1_634' title='bbox 3013 4237 3149 4301; x_wconf 82' lang='lat' dir='ltr'><strong>ﬁeri,</strong></span> <span class='ocrx_word' id='word_1_635' title='bbox 3180 4237 3336 4291; x_wconf 87' lang='lat' dir='ltr'><strong>malle</strong></span> <span class='ocrx_word' id='word_1_636' title='bbox 3354 4250 3531 4292; x_wconf 78' lang='lat' dir='ltr'><strong>autem</strong></span> 
     </span>
    </p>
   </div>
   <div class='ocr_carea' id='block_1_91' title="bbox 310 4305 1866 4401">
    <p class='ocr_par' dir='ltr' id='par_1_91' title="bbox 310 4305 1864 4401">
     <span class='ocr_line' id='line_1_91' title="bbox 310 4305 1864 4401; baseline 0.005 -20"><span class='ocrx_word' id='word_1_637' title='bbox 310 4332 402 4381; x_wconf 81' lang='grc' dir='ltr'>ἐπὶ</span> <span class='ocrx_word' id='word_1_638' title='bbox 444 4328 662 4399; x_wconf 80' lang='grc' dir='ltr'>Χριστῷ</span> <span class='ocrx_word' id='word_1_639' title='bbox 710 4305 993 4399; x_wconf 76' lang='grc' dir='ltr'>δογμάτων</span> <span class='ocrx_word' id='word_1_640' title='bbox 1036 4330 1097 4383; x_wconf 86' lang='grc' dir='ltr'><strong>τὸ</strong></span> <span class='ocrx_word' id='word_1_641' title='bbox 1142 4305 1602 4401; x_wconf 73' lang='grc' dir='ltr'>ἀκραιφνέστατον</span> <span class='ocrx_word' id='word_1_642' title='bbox 1650 4336 1864 4400; x_wconf 78' lang='grc' dir='ltr'>κάλλος,</span> 
     </span>
    </p>
   </div>
   <div class='ocr_carea' id='block_1_92' title="bbox 1970 4305 3530 4401">
    <p class='ocr_par' dir='ltr' id='par_1_92' title="bbox 1977 4326 3530 4398">
     <span class='ocr_line' id='line_1_92' title="bbox 1977 4326 3530 4398; baseline -0.003 -14"><span class='ocrx_word' id='word_1_643' title='bbox 1977 4330 2123 4384; x_wconf 85' lang='lat' dir='ltr'><strong>brevi</strong></span> <span class='ocrx_word' id='word_1_644' title='bbox 2150 4330 2380 4398; x_wconf 88' lang='lat' dir='ltr'><strong>quodam</strong></span> <span class='ocrx_word' id='word_1_645' title='bbox 2413 4328 2732 4396; x_wconf 89' lang='lat' dir='ltr'><strong>compendio</strong></span> <span class='ocrx_word' id='word_1_646' title='bbox 2760 4327 3065 4393; x_wconf 73' lang='lat' dir='ltr'><strong>dogmatum</strong></span> <span class='ocrx_word' id='word_1_647' title='bbox 3097 4328 3164 4380; x_wconf 92' lang='lat' dir='ltr'><strong>de</strong></span> <span class='ocrx_word' id='word_1_648' title='bbox 3197 4326 3413 4381; x_wconf 87' lang='lat' dir='ltr'><strong>Christo</strong></span> <span class='ocrx_word' id='word_1_649' title='bbox 3439 4342 3530 4380; x_wconf 84' lang='lat' dir='ltr'><strong>ve-</strong></span> 
     </span>
    </p>
   </div>
   <div class='ocr_carea' id='block_1_93' title="bbox 310 4417 1866 4489">
    <p class='ocr_par' dir='ltr' id='par_1_93' title="bbox 310 4417 1866 4489">
     <span class='ocr_line' id='line_1_93' title="bbox 310 4417 1866 4489; baseline 0.006 -21"><span class='ocrx_word' id='word_1_650' title='bbox 310 4418 479 4480; x_wconf 65' lang='grc' dir='ltr'>αὐτὲις</span> <span class='ocrx_word' id='word_1_651' title='bbox 510 4417 649 4469; x_wconf 86' lang='grc' dir='ltr'>κατὰ</span> <span class='ocrx_word' id='word_1_652' title='bbox 676 4418 840 4486; x_wconf 88' lang='grc' dir='ltr'>μόνας</span> <span class='ocrx_word' id='word_1_653' title='bbox 868 4418 965 4482; x_wconf 76' lang='grc' dir='ltr'>τὰς</span> <span class='ocrx_word' id='word_1_654' title='bbox 992 4419 1100 4472; x_wconf 79' lang='grc' dir='ltr'>τῶν</span> <span class='ocrx_word' id='word_1_655' title='bbox 1128 4422 1364 4482; x_wconf 78' lang='grc' dir='ltr'>ἐννοιῶν,</span> <span class='ocrx_word' id='word_1_656' title='bbox 1398 4422 1482 4474; x_wconf 82' lang='grc' dir='ltr'><strong>ἵνα</strong></span> <span class='ocrx_word' id='word_1_657' title='bbox 1506 4422 1677 4486; x_wconf 75' lang='grc' dir='ltr'>οὕτως</span> <span class='ocrx_word' id='word_1_658' title='bbox 1705 4426 1866 4489; x_wconf 77' lang='grc' dir='ltr'>εἴπω,</span> 
     </span>
    </p>
   </div>
   <div class='ocr_carea' id='block_1_94' title="bbox 310 4509 1866 4584">
    <p class='ocr_par' dir='ltr' id='par_1_94' title="bbox 310 4509 1866 4584">
     <span class='ocr_line' id='line_1_94' title="bbox 310 4509 1866 4584; baseline 0.006 -25"><span class='ocrx_word' id='word_1_659' title='bbox 310 4510 552 4576; x_wconf 78' lang='grc' dir='ltr'>καρδίας,</span> <span class='ocrx_word' id='word_1_660' title='bbox 586 4510 647 4560; x_wconf 79' lang='grc' dir='ltr'><strong>ἐκ</strong></span> <span class='ocrx_word' id='word_1_661' title='bbox 682 4510 779 4577; x_wconf 82' lang='grc' dir='ltr'><strong>τῆς</strong></span> <span class='ocrx_word' id='word_1_662' title='bbox 808 4509 1162 4563; x_wconf 86' lang='grc' dir='ltr'>θεοπνεύστου</span> <span class='ocrx_word' id='word_1_663' title='bbox 1187 4513 1278 4564; x_wconf 75' lang='grc' dir='ltr'>καὶ</span> <span class='ocrx_word' id='word_1_664' title='bbox 1323 4513 1467 4577; x_wconf 82' lang='grc' dir='ltr'>Νέας</span> <span class='ocrx_word' id='word_1_665' title='bbox 1497 4515 1715 4584; x_wconf 71' lang='grc' dir='ltr'>Γραφῆς</span> <span class='ocrx_word' id='word_1_666' title='bbox 1742 4533 1866 4568; x_wconf 81' lang='grc' dir='ltr'>συν-</span> 
     </span>
    </p>
   </div>
   <div class='ocr_carea' id='block_1_95' title="bbox 311 4595 1862 4669">
    <p class='ocr_par' dir='ltr' id='par_1_95' title="bbox 311 4595 1862 4669">
     <span class='ocr_line' id='line_1_95' title="bbox 311 4595 1862 4669; baseline 0.002 -21"><span class='ocrx_word' id='word_1_667' title='bbox 311 4595 633 4666; x_wconf 80' lang='grc' dir='ltr'>αγηγερκὼς</span> <span class='ocrx_word' id='word_1_668' title='bbox 658 4634 672 4658; x_wconf 93' lang='grc'><strong>,</strong></span> <span class='ocrx_word' id='word_1_669' title='bbox 708 4596 969 4666; x_wconf 67' lang='grc' dir='ltr'>πέπομφα</span> <span class='ocrx_word' id='word_1_670' title='bbox 1012 4600 1075 4667; x_wconf 85' lang='grc' dir='ltr'>τῇ</span> <span class='ocrx_word' id='word_1_671' title='bbox 1104 4597 1345 4669; x_wconf 83' lang='grc' dir='ltr'>ὑμετέρᾳ</span> <span class='ocrx_word' id='word_1_672' title='bbox 1378 4600 1519 4651; x_wconf 88' lang='grc' dir='ltr'><strong>κατά</strong></span> <span class='ocrx_word' id='word_1_673' title='bbox 1551 4599 1681 4651; x_wconf 84' lang='grc' dir='ltr'>Θεὸν</span> <span class='ocrx_word' id='word_1_674' title='bbox 1709 4600 1862 4651; x_wconf 81' lang='grc' dir='ltr'>εὐσε-</span> 
     </span>
    </p>
   </div>
   <div class='ocr_carea' id='block_1_96' title="bbox 315 4686 1867 4758">
    <p class='ocr_par' dir='ltr' id='par_1_96' title="bbox 315 4686 1867 4758">
     <span class='ocr_line' id='line_1_96' title="bbox 315 4686 1867 4758; baseline 0.005 -23"><span class='ocrx_word' id='word_1_675' title='bbox 315 4686 460 4755; x_wconf 59' lang='grc' dir='ltr'>ϐεία·</span> <span class='ocrx_word' id='word_1_676' title='bbox 500 4686 570 4748; x_wconf 74' lang='grc' dir='ltr'>ὡς</span> <span class='ocrx_word' id='word_1_677' title='bbox 599 4688 661 4737; x_wconf 80' lang='grc' dir='ltr'>ἂν</span> <span class='ocrx_word' id='word_1_678' title='bbox 694 4686 1132 4755; x_wconf 79' lang='grc' dir='ltr'>ἐντυγχάνουσαι,</span> <span class='ocrx_word' id='word_1_679' title='bbox 1168 4688 1308 4740; x_wconf 87' lang='grc' dir='ltr'><strong>κατά</strong></span> <span class='ocrx_word' id='word_1_680' title='bbox 1337 4688 1507 4758; x_wconf 78' lang='grc' dir='ltr'>βραχύ</span> <span class='ocrx_word' id='word_1_681' title='bbox 1547 4706 1605 4741; x_wconf 91' lang='grc' dir='ltr'><strong>τε</strong></span> <span class='ocrx_word' id='word_1_682' title='bbox 1639 4690 1734 4741; x_wconf 71' lang='grc' dir='ltr'><strong>καὶ</strong></span> <span class='ocrx_word' id='word_1_683' title='bbox 1765 4690 1867 4742; x_wconf 82' lang='grc' dir='ltr'><strong>ἀνά</strong></span> 
     </span>
    </p>
   </div>
   <div class='ocr_carea' id='block_1_97' title="bbox 317 4777 1868 4849">
    <p class='ocr_par' dir='ltr' id='par_1_97' title="bbox 317 4777 1868 4849">
     <span class='ocr_line' id='line_1_97' title="bbox 317 4777 1868 4849; baseline 0.004 -21"><span class='ocrx_word' id='word_1_684' title='bbox 317 4778 476 4847; x_wconf 80' lang='grc' dir='ltr'>μέρος</span> <span class='ocrx_word' id='word_1_685' title='bbox 505 4777 661 4830; x_wconf 81' lang='grc' dir='ltr'>αὐταί</span> <span class='ocrx_word' id='word_1_686' title='bbox 691 4794 749 4829; x_wconf 90' lang='grc' dir='ltr'><strong>τε</strong></span> <span class='ocrx_word' id='word_1_687' title='bbox 773 4780 865 4831; x_wconf 90' lang='grc' dir='ltr'><strong>τὸν</strong></span> <span class='ocrx_word' id='word_1_688' title='bbox 912 4781 970 4831; x_wconf 78' lang='grc' dir='ltr'>ὲν</span> <span class='ocrx_word' id='word_1_689' title='bbox 1010 4779 1135 4848; x_wconf 87' lang='grc' dir='ltr'>ὑμῖν</span> <span class='ocrx_word' id='word_1_690' title='bbox 1177 4782 1268 4832; x_wconf 84' lang='grc' dir='ltr'>καὶ</span> <span class='ocrx_word' id='word_1_691' title='bbox 1294 4779 1372 4832; x_wconf 74' lang='grc' dir='ltr'>ἔτι</span> <span class='ocrx_word' id='word_1_692' title='bbox 1403 4780 1663 4849; x_wconf 80' lang='grc' dir='ltr'>μειζόνως</span> <span class='ocrx_word' id='word_1_693' title='bbox 1702 4798 1868 4834; x_wconf 83' lang='grc' dir='ltr'>κατα-</span> 
     </span>
    </p>
   </div>
   <div class='ocr_carea' id='block_1_98' title="bbox 314 4868 1868 4941">
    <p class='ocr_par' dir='ltr' id='par_1_98' title="bbox 314 4868 1868 4941">
     <span class='ocr_line' id='line_1_98' title="bbox 314 4868 1868 4941; baseline 0.003 -21"><span class='ocrx_word' id='word_1_694' title='bbox 314 4868 637 4940; x_wconf 78' lang='grc' dir='ltr'>φαιδρύνητε</span> <span class='ocrx_word' id='word_1_695' title='bbox 666 4869 821 4921; x_wconf 73' lang='grc' dir='ltr'><strong>νοῦνσ</strong></span> <span class='ocrx_word' id='word_1_696' title='bbox 854 4870 1285 4939; x_wconf 85' lang='grc' dir='ltr'>φωταγωγοῦσαι</span> <span class='ocrx_word' id='word_1_697' title='bbox 1326 4870 1382 4923; x_wconf 81' lang='grc' dir='ltr'>δὲ</span> <span class='ocrx_word' id='word_1_698' title='bbox 1427 4871 1563 4940; x_wconf 83' lang='grc' dir='ltr'>πρὸς</span> <span class='ocrx_word' id='word_1_699' title='bbox 1611 4872 1868 4941; x_wconf 75' lang='grc' dir='ltr'>ἀλήθειαν</span> 
     </span>
    </p>
   </div>
   <div class='ocr_carea' id='block_1_99' title="bbox 314 4960 1869 5032">
    <p class='ocr_par' dir='ltr' id='par_1_99' title="bbox 314 4960 1869 5032">
     <span class='ocr_line' id='line_1_99' title="bbox 314 4960 1869 5032; baseline 0.003 -22"><span class='ocrx_word' id='word_1_700' title='bbox 314 4960 406 5012; x_wconf 76' lang='grc' dir='ltr'>καὶ</span> <span class='ocrx_word' id='word_1_701' title='bbox 434 4960 525 5023; x_wconf 75' lang='grc' dir='ltr'><strong>οὓς</strong></span> <span class='ocrx_word' id='word_1_702' title='bbox 553 4960 616 5013; x_wconf 84' lang='grc' dir='ltr'>ἂν</span> <span class='ocrx_word' id='word_1_703' title='bbox 637 4961 863 5027; x_wconf 56' lang='grc' dir='ltr'>ὠφελεῖν</span> <span class='ocrx_word' id='word_1_704' title='bbox 885 4962 980 5031; x_wconf 71' lang='grc' dir='ltr'>ἕλη</span> <span class='ocrx_word' id='word_1_705' title='bbox 991 4961 1102 5025; x_wconf 87' lang='grc' dir='ltr'>σθε,</span> <span class='ocrx_word' id='word_1_706' title='bbox 1121 4963 1295 5032; x_wconf 80' lang='grc' dir='ltr'>καυχή</span> <span class='ocrx_word' id='word_1_707' title='bbox 1307 4979 1469 5031; x_wconf 85' lang='grc' dir='ltr'>μασιν</span> <span class='ocrx_word' id='word_1_708' title='bbox 1492 4962 1869 5025; x_wconf 83' lang='grc' dir='ltr'>ἀποστολικοῖς</span> 
     </span>
    </p>
   </div>
   <div class='ocr_carea' id='block_1_100' title="bbox 310 5053 1868 5123">
    <p class='ocr_par' dir='ltr' id='par_1_100' title="bbox 310 5053 1868 5123">
     <span class='ocr_line' id='line_1_100' title="bbox 310 5053 1868 5123; baseline 0.001 -20"><span class='ocrx_word' id='word_1_709' title='bbox 310 5053 405 5115; x_wconf 67' lang='grc' dir='ltr'><strong>τὰς</strong></span> <span class='ocrx_word' id='word_1_710' title='bbox 443 5054 590 5116; x_wconf 76' lang='grc' dir='ltr'>ὁσίας</span> <span class='ocrx_word' id='word_1_711' title='bbox 624 5054 775 5123; x_wconf 82' lang='grc' dir='ltr'>ὑμῶν</span> <span class='ocrx_word' id='word_1_712' title='bbox 815 5053 1280 5120; x_wconf 75' lang='grc' dir='ltr'>καταφαιδρύνητε</span> <span class='ocrx_word' id='word_1_713' title='bbox 1315 5053 1574 5120; x_wconf 76' lang='grc' dir='ltr'>κεφαλάς.</span> <span class='ocrx_word' id='word_1_714' title='bbox 1611 5053 1868 5115; x_wconf 85' lang='grc' dir='ltr'>Πλούσιος</span> 
     </span>
    </p>
   </div>
   <div class='ocr_carea' id='block_1_101' title="bbox 310 5142 1870 5214">
    <p class='ocr_par' dir='ltr' id='par_1_101' title="bbox 310 5142 1870 5214">
     <span class='ocr_line' id='line_1_101' title="bbox 310 5142 1870 5214; baseline 0.001 -20"><span class='ocrx_word' id='word_1_715' title='bbox 310 5143 365 5194; x_wconf 81' lang='grc' dir='ltr'>δὲ</span> <span class='ocrx_word' id='word_1_716' title='bbox 398 5142 515 5195; x_wconf 84' lang='grc' dir='ltr'>λίαν</span> <span class='ocrx_word' id='word_1_717' title='bbox 560 5145 588 5196; x_wconf 87' lang='grc' dir='ltr'><strong>ό</strong></span> <span class='ocrx_word' id='word_1_718' title='bbox 636 5144 726 5195; x_wconf 74' lang='grc' dir='ltr'>ἐπὶ</span> <span class='ocrx_word' id='word_1_719' title='bbox 763 5143 936 5211; x_wconf 83' lang='grc' dir='ltr'>τούτῳ</span> <span class='ocrx_word' id='word_1_720' title='bbox 971 5143 1187 5212; x_wconf 81' lang='grc' dir='ltr'>μισθός·</span> <span class='ocrx_word' id='word_1_721' title='bbox 1217 5143 1524 5210; x_wconf 83' lang='grc' dir='ltr'>γέγραπται</span> <span class='ocrx_word' id='word_1_722' title='bbox 1568 5146 1706 5214; x_wconf 78' lang='grc' dir='ltr'>γάρ’</span> <span class='ocrx_word' id='word_1_723' title='bbox 1746 5163 1764 5196; x_wconf 80' lang='grc' dir='ltr'><strong>ι</strong></span> <span class='ocrx_word' id='word_1_724' title='bbox 1812 5145 1870 5196; x_wconf 83' lang='grc' dir='ltr'><strong>Ὀ</strong></span> 
     </span>
    </p>
   </div>
   <div class='ocr_carea' id='block_1_102' title="bbox 314 5231 1870 5303">
    <p class='ocr_par' dir='ltr' id='par_1_102' title="bbox 314 5231 1870 5303">
     <span class='ocr_line' id='line_1_102' title="bbox 314 5231 1870 5303; baseline -0.001 -20"><span class='ocrx_word' id='word_1_725' title='bbox 314 5233 640 5303; x_wconf 73' lang='grc' dir='ltr'>ἐπιστρέψας</span> <span class='ocrx_word' id='word_1_726' title='bbox 674 5231 993 5301; x_wconf 79' lang='grc' dir='ltr'>ἁμαρτωλὸν</span> <span class='ocrx_word' id='word_1_727' title='bbox 1018 5233 1080 5283; x_wconf 80' lang='grc' dir='ltr'><strong>ὲκ</strong></span> <span class='ocrx_word' id='word_1_728' title='bbox 1112 5231 1317 5299; x_wconf 77' lang='grc' dir='ltr'>πλάνης</span> <span class='ocrx_word' id='word_1_729' title='bbox 1339 5231 1480 5296; x_wconf 79' lang='grc' dir='ltr'>ὁδοῦ,</span> <span class='ocrx_word' id='word_1_730' title='bbox 1505 5232 1667 5284; x_wconf 77' lang='grc' dir='ltr'>σώσει</span> <span class='ocrx_word' id='word_1_731' title='bbox 1696 5232 1870 5302; x_wconf 66' lang='grc' dir='ltr'>ψυχὴν</span> 
     </span>
    </p>
   </div>
   <div class='ocr_carea' id='block_1_103' title="bbox 384 5380 1477 5444">
    <p class='ocr_par' dir='ltr' id='par_1_103' title="bbox 384 5380 1477 5444">
     <span class='ocr_line' id='line_1_103' title="bbox 384 5380 1477 5444; baseline 0.001 -9"><span class='ocrx_word' id='word_1_732' title='bbox 384 5382 426 5413; x_wconf 68' lang='grc'>⁸³</span> <span class='ocrx_word' id='word_1_733' title='bbox 464 5382 648 5435; x_wconf 74' lang='lat' dir='ltr'><strong>Matth.</strong></span> <span class='ocrx_word' id='word_1_734' title='bbox 675 5396 830 5444; x_wconf 65' lang='grc' dir='ltr'>χχιιι,</span> <span class='ocrx_word' id='word_1_735' title='bbox 867 5382 950 5435; x_wconf 80' lang='grc'><strong>10.</strong></span> <span class='ocrx_word' id='word_1_736' title='bbox 1027 5382 1071 5416; x_wconf 78' lang='grc'><strong>⁸⁸</strong></span> <span class='ocrx_word' id='word_1_737' title='bbox 1108 5380 1266 5435; x_wconf 87' lang='lat' dir='ltr'><strong>Prov.</strong></span> <span class='ocrx_word' id='word_1_738' title='bbox 1318 5397 1391 5443; x_wconf 82' lang='lat' dir='ltr'><strong>Ix,</strong></span> <span class='ocrx_word' id='word_1_739' title='bbox 1424 5383 1477 5436; x_wconf 89' lang='lat'><strong>9.</strong></span> 
     </span>
    </p>
   </div>
   <div class='ocr_carea' id='block_1_104' title="bbox 1976 4416 3532 4487">
    <p class='ocr_par' dir='ltr' id='par_1_104' title="bbox 1976 4416 3532 4487">
     <span class='ocr_line' id='line_1_104' title="bbox 1976 4416 3532 4487; baseline -0.002 -15"><span class='ocrx_word' id='word_1_740' title='bbox 1976 4426 2247 4472; x_wconf 70' lang='lat' dir='ltr'><strong>nustatem</strong></span> <span class='ocrx_word' id='word_1_741' title='bbox 2279 4417 2512 4471; x_wconf 82' lang='lat' dir='ltr'><strong>dilucide</strong></span> <span class='ocrx_word' id='word_1_742' title='bbox 2553 4416 2942 4487; x_wconf 86' lang='lat' dir='ltr'><strong>perspicueque</strong></span> <span class='ocrx_word' id='word_1_743' title='bbox 2991 4417 3060 4470; x_wconf 91' lang='lat' dir='ltr'><strong>ob</strong></span> <span class='ocrx_word' id='word_1_744' title='bbox 3107 4416 3291 4470; x_wconf 87' lang='lat' dir='ltr'><strong>oculos</strong></span> <span class='ocrx_word' id='word_1_745' title='bbox 3337 4432 3532 4483; x_wconf 82' lang='lat' dir='ltr'><strong>propo-</strong></span> 
     </span>
    </p>
   </div>
   <div class='ocr_carea' id='block_1_105' title="bbox 1977 4506 3533 4576">
    <p class='ocr_par' dir='ltr' id='par_1_105' title="bbox 1977 4506 3533 4576">
     <span class='ocr_line' id='line_1_105' title="bbox 1977 4506 3533 4576; baseline -0.003 -13"><span class='ocrx_word' id='word_1_746' title='bbox 1977 4510 2134 4563; x_wconf 86' lang='lat' dir='ltr'><strong>sitam</strong></span> <span class='ocrx_word' id='word_1_747' title='bbox 2171 4522 2423 4573; x_wconf 87' lang='lat' dir='ltr'><strong>cernere;</strong></span> <span class='ocrx_word' id='word_1_748' title='bbox 2456 4508 2575 4561; x_wconf 89' lang='lat' dir='ltr'><strong>ideo</strong></span> <span class='ocrx_word' id='word_1_749' title='bbox 2618 4509 2781 4576; x_wconf 89' lang='lat' dir='ltr'><strong>ipsas,</strong></span> <span class='ocrx_word' id='word_1_750' title='bbox 2820 4517 2878 4559; x_wconf 90' lang='lat' dir='ltr'><strong>ut</strong></span> <span class='ocrx_word' id='word_1_751' title='bbox 2940 4507 3019 4560; x_wconf 90' lang='lat' dir='ltr'><strong>sic</strong></span> <span class='ocrx_word' id='word_1_752' title='bbox 3064 4506 3272 4575; x_wconf 88' lang='lat' dir='ltr'><strong>loquar,</strong></span> <span class='ocrx_word' id='word_1_753' title='bbox 3318 4515 3533 4559; x_wconf 86' lang='lat' dir='ltr'><strong>senten-</strong></span> 
     </span>
    </p>
   </div>
   <div class='ocr_carea' id='block_1_106' title="bbox 1969 4596 3535 4665">
    <p class='ocr_par' dir='ltr' id='par_1_106' title="bbox 1969 4596 3535 4665">
     <span class='ocr_line' id='line_1_106' title="bbox 1969 4596 3535 4665; baseline -0.004 -11"><span class='ocrx_word' id='word_1_754' title='bbox 1969 4602 2162 4654; x_wconf 82' lang='lat' dir='ltr'><strong>tiarum</strong></span> <span class='ocrx_word' id='word_1_755' title='bbox 2182 4598 2436 4653; x_wconf 88' lang='lat' dir='ltr'><strong>medullas</strong></span> <span class='ocrx_word' id='word_1_756' title='bbox 2454 4614 2521 4652; x_wconf 81' lang='lat' dir='ltr'><strong>ex</strong></span> <span class='ocrx_word' id='word_1_757' title='bbox 2536 4598 2731 4651; x_wconf 86' lang='lat' dir='ltr'><strong>divinis</strong></span> <span class='ocrx_word' id='word_1_758' title='bbox 2748 4597 2876 4651; x_wconf 86' lang='lat' dir='ltr'><strong>Novi</strong></span> <span class='ocrx_word' id='word_1_759' title='bbox 2898 4596 3223 4652; x_wconf 85' lang='lat' dir='ltr'><strong>Testamenti</strong></span> <span class='ocrx_word' id='word_1_760' title='bbox 3240 4597 3535 4665; x_wconf 84' lang='lat' dir='ltr'><strong>Seripturis</strong></span> 
     </span>
    </p>
   </div>
   <div class='ocr_carea' id='block_1_107' title="bbox 1974 4672 3534 4758">
    <p class='ocr_par' dir='ltr' id='par_1_107' title="bbox 1974 4672 3534 4758">
     <span class='ocr_line' id='line_1_107' title="bbox 1974 4672 3534 4758; baseline -0.005 -11"><span class='ocrx_word' id='word_1_761' title='bbox 1974 4672 2254 4754; x_wconf 79' lang='lat' dir='ltr'><strong>collectas,</strong></span> <span class='ocrx_word' id='word_1_762' title='bbox 2279 4692 2344 4743; x_wconf 88' lang='lat' dir='ltr'><strong>ad</strong></span> <span class='ocrx_word' id='word_1_763' title='bbox 2375 4698 2610 4744; x_wconf 87' lang='lat' dir='ltr'><strong>vestram</strong></span> <span class='ocrx_word' id='word_1_764' title='bbox 2648 4689 2700 4742; x_wconf 81' lang='lat' dir='ltr'><strong>in</strong></span> <span class='ocrx_word' id='word_1_765' title='bbox 2746 4690 2911 4743; x_wconf 87' lang='lat' dir='ltr'><strong>Deum</strong></span> <span class='ocrx_word' id='word_1_766' title='bbox 2956 4690 3211 4758; x_wconf 80' lang='lat' dir='ltr'><strong>pietatem</strong></span> <span class='ocrx_word' id='word_1_767' title='bbox 3245 4688 3534 4741; x_wconf 89' lang='lat' dir='ltr'><strong>mittendas</strong></span> 
     </span>
    </p>
   </div>
   <div class='ocr_carea' id='block_1_108' title="bbox 1974 4775 3588 4847">
    <p class='ocr_par' dir='ltr' id='par_1_108' title="bbox 1974 4775 3588 4847">
     <span class='ocr_line' id='line_1_108' title="bbox 1974 4775 3588 4847; baseline -0.007 -11"><span class='ocrx_word' id='word_1_768' title='bbox 1974 4781 2301 4836; x_wconf 81' lang='lat' dir='ltr'><strong>existimavi.</strong></span> <span class='ocrx_word' id='word_1_769' title='bbox 2352 4779 2467 4845; x_wconf 82' lang='lat' dir='ltr'><strong>Qua</strong></span> <span class='ocrx_word' id='word_1_770' title='bbox 2530 4779 2781 4833; x_wconf 90' lang='lat' dir='ltr'><strong>nimirum</strong></span> <span class='ocrx_word' id='word_1_771' title='bbox 2836 4779 3086 4832; x_wconf 90' lang='lat' dir='ltr'><strong>breviter</strong></span> <span class='ocrx_word' id='word_1_772' title='bbox 3135 4790 3198 4831; x_wconf 83' lang='lat' dir='ltr'><strong>ac</strong></span> <span class='ocrx_word' id='word_1_773' title='bbox 3260 4775 3531 4847; x_wconf 80' lang='lat' dir='ltr'><strong>sigillatim</strong></span> <span class='ocrx_word' id='word_1_774' title='bbox 3583 4794 3588 4801; x_wconf 67' lang='grc' dir='ltr'><em>ε</em></span> 
     </span>
    </p>
   </div>
   <div class='ocr_carea' id='block_1_109' title="bbox 1976 4866 3531 4935">
    <p class='ocr_par' dir='ltr' id='par_1_109' title="bbox 1976 4866 3531 4935">
     <span class='ocr_line' id='line_1_109' title="bbox 1976 4866 3531 4935; baseline -0.008 -8"><span class='ocrx_word' id='word_1_775' title='bbox 1976 4875 2136 4928; x_wconf 84' lang='lat' dir='ltr'><strong>hasce</strong></span> <span class='ocrx_word' id='word_1_776' title='bbox 2168 4869 2494 4931; x_wconf 85' lang='lat' dir='ltr'><strong>evolventes,</strong></span> <span class='ocrx_word' id='word_1_777' title='bbox 2526 4878 2762 4921; x_wconf 89' lang='lat' dir='ltr'><strong>vestram</strong></span> <span class='ocrx_word' id='word_1_778' title='bbox 2791 4869 2843 4921; x_wconf 90' lang='lat' dir='ltr'><strong>in</strong></span> <span class='ocrx_word' id='word_1_779' title='bbox 2871 4866 3060 4935; x_wconf 90' lang='lat' dir='ltr'><strong>primis</strong></span> <span class='ocrx_word' id='word_1_780' title='bbox 3101 4876 3333 4921; x_wconf 89' lang='lat' dir='ltr'><strong>mentem</strong></span> <span class='ocrx_word' id='word_1_781' title='bbox 3370 4866 3531 4919; x_wconf 89' lang='lat' dir='ltr'><strong>etiam</strong></span> 
     </span>
    </p>
   </div>
   <div class='ocr_carea' id='block_1_110' title="bbox 1975 4956 3532 5027">
    <p class='ocr_par' dir='ltr' id='par_1_110' title="bbox 1975 4956 3532 5027">
     <span class='ocr_line' id='line_1_110' title="bbox 1975 4956 3532 5027; baseline -0.007 -11"><span class='ocrx_word' id='word_1_782' title='bbox 1975 4978 2116 5017; x_wconf 87' lang='lat' dir='ltr'><strong>nunc</strong></span> <span class='ocrx_word' id='word_1_783' title='bbox 2142 4962 2513 5023; x_wconf 86' lang='lat' dir='ltr'><strong>cohonestare,</strong></span> <span class='ocrx_word' id='word_1_784' title='bbox 2546 4958 2739 5013; x_wconf 88' lang='lat' dir='ltr'><strong>deinde</strong></span> <span class='ocrx_word' id='word_1_785' title='bbox 2796 4960 2862 5013; x_wconf 91' lang='lat' dir='ltr'><strong>ad</strong></span> <span class='ocrx_word' id='word_1_786' title='bbox 2909 4958 3299 5027; x_wconf 79' lang='lat' dir='ltr'><strong>aguoscendam</strong></span> <span class='ocrx_word' id='word_1_787' title='bbox 3333 4956 3532 5008; x_wconf 82' lang='lat' dir='ltr'><strong>verita-</strong></span> 
     </span>
    </p>
   </div>
   <div class='ocr_carea' id='block_1_111' title="bbox 1976 5045 3534 5119">
    <p class='ocr_par' dir='ltr' id='par_1_111' title="bbox 1976 5045 3534 5119">
     <span class='ocr_line' id='line_1_111' title="bbox 1976 5045 3534 5119; baseline -0.009 -13"><span class='ocrx_word' id='word_1_788' title='bbox 1976 5063 2104 5115; x_wconf 76' lang='lat' dir='ltr'><strong>tem,</strong></span> <span class='ocrx_word' id='word_1_789' title='bbox 2152 5051 2272 5105; x_wconf 89' lang='lat' dir='ltr'><strong>aliis</strong></span> <span class='ocrx_word' id='word_1_790' title='bbox 2318 5051 2727 5119; x_wconf 78' lang='lat' dir='ltr'><strong>quibuscunque</strong></span> <span class='ocrx_word' id='word_1_791' title='bbox 2775 5051 2947 5103; x_wconf 90' lang='lat' dir='ltr'><strong>visum</strong></span> <span class='ocrx_word' id='word_1_792' title='bbox 3011 5047 3191 5110; x_wconf 81' lang='lat' dir='ltr'><strong>fuerit,</strong></span> <span class='ocrx_word' id='word_1_793' title='bbox 3228 5045 3534 5111; x_wconf 75' lang='lat' dir='ltr'><strong>adiumento</strong></span> 
     </span>
    </p>
   </div>
   <div class='ocr_carea' id='block_1_112' title="bbox 1975 5133 3534 5210">
    <p class='ocr_par' dir='ltr' id='par_1_112' title="bbox 1975 5133 3534 5210">
     <span class='ocr_line' id='line_1_112' title="bbox 1975 5133 3534 5210; baseline -0.009 -13"><span class='ocrx_word' id='word_1_794' title='bbox 1975 5158 2097 5197; x_wconf 83' lang='lat' dir='ltr'><strong>esse</strong></span> <span class='ocrx_word' id='word_1_795' title='bbox 2131 5157 2336 5197; x_wconf 89' lang='lat' dir='ltr'><strong>necnon</strong></span> <span class='ocrx_word' id='word_1_796' title='bbox 2372 5140 2683 5210; x_wconf 85' lang='lat' dir='ltr'><strong>apostolicis</strong></span> <span class='ocrx_word' id='word_1_797' title='bbox 2715 5140 2996 5209; x_wconf 73' lang='lat' dir='ltr'><strong>pra-coniis</strong></span> <span class='ocrx_word' id='word_1_798' title='bbox 3029 5137 3247 5206; x_wconf 87' lang='lat' dir='ltr'><strong>perinde</strong></span> <span class='ocrx_word' id='word_1_799' title='bbox 3280 5149 3343 5185; x_wconf 92' lang='lat' dir='ltr'><strong>ac</strong></span> <span class='ocrx_word' id='word_1_800' title='bbox 3371 5133 3534 5186; x_wconf 86' lang='lat' dir='ltr'><strong>sertis</strong></span> 
     </span>
    </p>
   </div>
   <div class='ocr_carea' id='block_1_113' title="bbox 1977 5221 3534 5301">
    <p class='ocr_par' dir='ltr' id='par_1_113' title="bbox 1977 5221 3534 5301">
     <span class='ocr_line' id='line_1_113' title="bbox 1977 5221 3534 5301; baseline -0.006 -19"><span class='ocrx_word' id='word_1_801' title='bbox 1977 5233 2293 5301; x_wconf 88' lang='lat' dir='ltr'><strong>quibusdam</strong></span> <span class='ocrx_word' id='word_1_802' title='bbox 2344 5233 2519 5300; x_wconf 84' lang='lat' dir='ltr'><strong>capita</strong></span> <span class='ocrx_word' id='word_1_803' title='bbox 2559 5240 2737 5286; x_wconf 88' lang='lat' dir='ltr'><strong>vestra</strong></span> <span class='ocrx_word' id='word_1_804' title='bbox 2788 5229 3039 5284; x_wconf 86' lang='lat' dir='ltr'><strong>redimire</strong></span> <span class='ocrx_word' id='word_1_805' title='bbox 3092 5224 3325 5292; x_wconf 72' lang='lat' dir='ltr'><strong>possitis.</strong></span> <span class='ocrx_word' id='word_1_806' title='bbox 3352 5221 3534 5289; x_wconf 82' lang='lat' dir='ltr'><strong>Quatt-</strong></span> 
     </span>
    </p>
   </div>
   <div class='ocr_carea' id='block_1_114' title="bbox 1393 5517 2443 5587">
    <p class='ocr_par' dir='ltr' id='par_1_114' title="bbox 1393 5517 2443 5587">
     <span class='ocr_line' id='line_1_114' title="bbox 1393 5517 2443 5587; baseline 0 -16"><span class='ocrx_word' id='word_1_807' title='bbox 1393 5517 1564 5571; x_wconf 78' lang='lat' dir='ltr'><strong>Variae</strong></span> <span class='ocrx_word' id='word_1_808' title='bbox 1592 5517 1843 5571; x_wconf 86' lang='lat' dir='ltr'><strong>lectiones</strong></span> <span class='ocrx_word' id='word_1_809' title='bbox 1864 5518 2060 5571; x_wconf 78' lang='lat' dir='ltr'><strong>codicis</strong></span> <span class='ocrx_word' id='word_1_810' title='bbox 2092 5517 2443 5587; x_wconf 76' lang='lat' dir='ltr'><strong>Segttit‘t‘iatti.</strong></span> 
     </span>
    </p>
   </div>
   <div class='ocr_carea' id='block_1_115' title="bbox 396 5647 1747 5719">
    <p class='ocr_par' dir='ltr' id='par_1_115' title="bbox 396 5647 1747 5719">
     <span class='ocr_line' id='line_1_115' title="bbox 396 5647 1747 5719; baseline -0.002 -16"><span class='ocrx_word' id='word_1_811' title='bbox 396 5654 419 5685; x_wconf 77' lang='grc'>⁸</span> <span class='ocrx_word' id='word_1_812' title='bbox 449 5649 770 5711; x_wconf 79' lang='grc' dir='ltr'>αὐτοτελῶς.</span> <span class='ocrx_word' id='word_1_813' title='bbox 854 5649 871 5684; x_wconf 66' lang='grc'><strong>⁸</strong></span> <span class='ocrx_word' id='word_1_814' title='bbox 906 5647 1234 5716; x_wconf 81' lang='grc' dir='ltr'>παρήγγελε.</span> <span class='ocrx_word' id='word_1_815' title='bbox 1312 5663 1336 5689; x_wconf 83' lang='grc' dir='ltr'><strong>υ</strong></span> <span class='ocrx_word' id='word_1_816' title='bbox 1368 5669 1464 5703; x_wconf 67' lang='grc' dir='ltr'><strong>ουκ</strong></span> <span class='ocrx_word' id='word_1_817' title='bbox 1498 5664 1747 5719; x_wconf 82' lang='grc' dir='ltr'>ασχερες.</span> 
     </span>
    </p>
   </div>
   <div class='ocr_carea' id='block_1_116' title="bbox 1823 5660 2290 5721">
    <p class='ocr_par' dir='ltr' id='par_1_116' title="bbox 1823 5660 2290 5721">
     <span class='ocr_line' id='line_1_116' title="bbox 1823 5660 2290 5721; baseline 0.002 -17"><span class='ocrx_word' id='word_1_818' title='bbox 1823 5660 1849 5687; x_wconf 73' lang='grc' dir='ltr'><strong><em>τ</em></strong></span> <span class='ocrx_word' id='word_1_819' title='bbox 1876 5668 1985 5704; x_wconf 85' lang='grc' dir='ltr'>σινε</span> <span class='ocrx_word' id='word_1_820' title='bbox 1995 5661 2290 5721; x_wconf 75' lang='grc' dir='ltr'>παλμενῳ.</span> 
     </span>
    </p>
   </div>
  </div>
