  <div class='ocr_page' id='page_1' title='image "/cluster/home/n/w/nwhite01/storage/ocr_20150623/76/mdp.39015013094878/625.png"; bbox 0 0 3970 6136; ppageno 0'>
   <div class='ocr_carea' id='block_1_1' title="bbox 419 307 556 365">
    <p class='ocr_par' dir='ltr' id='par_1_1' title="bbox 419 307 556 365">
     <span class='ocr_line' id='line_1_1' title="bbox 419 307 556 365; baseline -0.022 0"><span class='ocrx_word' id='word_1_1' title='bbox 419 307 556 365; x_wconf 69' lang='grc'><strong>1219</strong></span> 
     </span>
    </p>
   </div>
   <div class='ocr_carea' id='block_1_2' title="bbox 1389 286 2633 353">
    <p class='ocr_par' dir='ltr' id='par_1_2' title="bbox 1389 286 2633 353">
     <span class='ocr_line' id='line_1_2' title="bbox 1389 286 2633 353; baseline -0.008 -1"><span class='ocrx_word' id='word_1_2' title='bbox 1389 297 1446 353; x_wconf 91' lang='lat' dir='ltr'><strong>S.</strong></span> <span class='ocrx_word' id='word_1_3' title='bbox 1488 293 1769 351; x_wconf 74' lang='lat' dir='ltr'><strong>CYRILLI</strong></span> <span class='ocrx_word' id='word_1_4' title='bbox 1804 291 2275 349; x_wconf 76' lang='lat' dir='ltr'><strong>ALEXANDRINI</strong></span> <span class='ocrx_word' id='word_1_5' title='bbox 2312 286 2633 346; x_wconf 80' lang='lat' dir='ltr'><strong>ARCHIEP.</strong></span> 
     </span>
    </p>
   </div>
   <div class='ocr_carea' id='block_1_3' title="bbox 3533 276 3680 333">
    <p class='ocr_par' dir='ltr' id='par_1_3' title="bbox 3533 276 3680 333">
     <span class='ocr_line' id='line_1_3' title="bbox 3533 276 3680 333; baseline -0.014 0"><span class='ocrx_word' id='word_1_6' title='bbox 3533 276 3680 333; x_wconf 74' lang='lat' dir='ltr'><strong>me</strong></span> 
     </span>
    </p>
   </div>
   <div class='ocr_carea' id='block_1_4' title="bbox 417 393 2012 490">
    <p class='ocr_par' dir='ltr' id='par_1_4' title="bbox 417 408 1992 490">
     <span class='ocr_line' id='line_1_4' title="bbox 417 408 1992 490; baseline -0.008 -17"><span class='ocrx_word' id='word_1_7' title='bbox 417 417 706 490; x_wconf 86' lang='lat' dir='ltr'><strong>doquidem</strong></span> <span class='ocrx_word' id='word_1_8' title='bbox 740 414 956 486; x_wconf 82' lang='lat' dir='ltr'><strong>copiosa</strong></span> <span class='ocrx_word' id='word_1_9' title='bbox 1005 427 1217 469; x_wconf 79' lang='lat' dir='ltr'><strong>merces</strong></span> <span class='ocrx_word' id='word_1_10' title='bbox 1254 426 1318 468; x_wconf 89' lang='lat' dir='ltr'><strong>ea</strong></span> <span class='ocrx_word' id='word_1_11' title='bbox 1363 411 1429 467; x_wconf 91' lang='lat' dir='ltr'><strong>de</strong></span> <span class='ocrx_word' id='word_1_12' title='bbox 1468 424 1630 467; x_wconf 86' lang='lat' dir='ltr'><strong>causa</strong></span> <span class='ocrx_word' id='word_1_13' title='bbox 1685 408 1835 464; x_wconf 81' lang='lat' dir='ltr'><strong>reddi</strong></span> <span class='ocrx_word' id='word_1_14' title='bbox 1862 422 1992 463; x_wconf 86' lang='lat' dir='ltr'><strong>con-</strong></span> 
     </span>
    </p>
   </div>
   <div class='ocr_carea' id='block_1_5' title="bbox 2117 393 3671 490">
    <p class='ocr_par' dir='ltr' id='par_1_5' title="bbox 2117 393 3671 490">
     <span class='ocr_line' id='line_1_5' title="bbox 2117 393 3671 490; baseline -0.01 -31"><span class='ocrx_word' id='word_1_15' title='bbox 2117 406 2261 461; x_wconf 82' lang='grc' dir='ltr'>ιύτοῦ</span> <span class='ocrx_word' id='word_1_16' title='bbox 2292 408 2357 460; x_wconf 70' lang='grc' dir='ltr'><strong>ἐκ</strong></span> <span class='ocrx_word' id='word_1_17' title='bbox 2388 400 2642 468; x_wconf 71' lang='grc' dir='ltr'>θανάτου,</span> <span class='ocrx_word' id='word_1_18' title='bbox 2672 402 2766 456; x_wconf 63' lang='grc' dir='ltr'><strong>καί¹</strong></span> <span class='ocrx_word' id='word_1_19' title='bbox 2789 399 3018 469; x_wconf 76' lang='grc' dir='ltr'><strong>καλύψει</strong></span> <span class='ocrx_word' id='word_1_20' title='bbox 3051 396 3256 490; x_wconf 81' lang='grc' dir='ltr'>πλῆθος</span> <span class='ocrx_word' id='word_1_21' title='bbox 3291 393 3601 490; x_wconf 61' lang='grc' dir='ltr'>αμαρτιῶν.</span> <span class='ocrx_word' id='word_1_22' title='bbox 3646 410 3671 443; x_wconf 71' lang='grc' dir='ltr'><strong>ι</strong></span> 
     </span>
    </p>
   </div>
   <div class='ocr_carea' id='block_1_6' title="bbox 419 498 1988 577">
    <p class='ocr_par' dir='ltr' id='par_1_6' title="bbox 419 498 1988 577">
     <span class='ocr_line' id='line_1_6' title="bbox 419 498 1988 577; baseline -0.009 -10"><span class='ocrx_word' id='word_1_23' title='bbox 419 512 597 567; x_wconf 87' lang='lat' dir='ltr'><strong>suevit</strong></span> <span class='ocrx_word' id='word_1_24' title='bbox 628 527 642 565; x_wconf 93' lang='lat'><strong>:</strong></span> <span class='ocrx_word' id='word_1_25' title='bbox 673 508 935 577; x_wconf 90' lang='lat' dir='ltr'><strong>scriptum</strong></span> <span class='ocrx_word' id='word_1_26' title='bbox 970 514 1055 561; x_wconf 89' lang='lat' dir='ltr'><strong>est</strong></span> <span class='ocrx_word' id='word_1_27' title='bbox 1087 504 1229 560; x_wconf 90' lang='lat' dir='ltr'><strong>enim</strong></span> <span class='ocrx_word' id='word_1_28' title='bbox 1258 521 1272 557; x_wconf 92' lang='lat'><strong>:</strong></span> <span class='ocrx_word' id='word_1_29' title='bbox 1305 520 1324 555; x_wconf 80' lang='grc' dir='ltr'><strong>ι</strong></span> <span class='ocrx_word' id='word_1_30' title='bbox 1376 501 1478 569; x_wconf 86' lang='lat' dir='ltr'><strong>Qui</strong></span> <span class='ocrx_word' id='word_1_31' title='bbox 1512 499 1751 556; x_wconf 81' lang='lat' dir='ltr'><strong>converti</strong></span> <span class='ocrx_word' id='word_1_32' title='bbox 1799 498 1988 555; x_wconf 77' lang='lat' dir='ltr'><strong>fecerit</strong></span> 
     </span>
    </p>
   </div>
   <div class='ocr_carea' id='block_1_7' title="bbox 422 591 1986 674">
    <p class='ocr_par' dir='ltr' id='par_1_7' title="bbox 422 591 1986 674">
     <span class='ocr_line' id='line_1_7' title="bbox 422 591 1986 674; baseline -0.007 -19"><span class='ocrx_word' id='word_1_33' title='bbox 422 610 760 674; x_wconf 84' lang='lat' dir='ltr'><strong>peccatorem</strong></span> <span class='ocrx_word' id='word_1_34' title='bbox 804 599 871 653; x_wconf 87' lang='lat' dir='ltr'><strong>ab</strong></span> <span class='ocrx_word' id='word_1_35' title='bbox 907 610 1095 652; x_wconf 87' lang='lat' dir='ltr'><strong>errore</strong></span> <span class='ocrx_word' id='word_1_36' title='bbox 1155 595 1253 650; x_wconf 58' lang='lat' dir='ltr'><strong>viae</strong></span> <span class='ocrx_word' id='word_1_37' title='bbox 1303 609 1437 658; x_wconf 79' lang='lat' dir='ltr'><strong>suae,</strong></span> <span class='ocrx_word' id='word_1_38' title='bbox 1464 591 1697 648; x_wconf 86' lang='lat' dir='ltr'><strong>salvabit</strong></span> <span class='ocrx_word' id='word_1_39' title='bbox 1753 592 1986 646; x_wconf 88' lang='lat' dir='ltr'><strong>animam</strong></span> 
     </span>
    </p>
   </div>
   <div class='ocr_carea' id='block_1_8' title="bbox 421 682 1981 765">
    <p class='ocr_par' dir='ltr' id='par_1_8' title="bbox 421 682 1981 765">
     <span class='ocr_line' id='line_1_8' title="bbox 421 682 1981 765; baseline -0.01 -17"><span class='ocrx_word' id='word_1_40' title='bbox 421 696 537 765; x_wconf 86' lang='lat' dir='ltr'><strong>ejus</strong></span> <span class='ocrx_word' id='word_1_41' title='bbox 552 710 581 749; x_wconf 86' lang='lat' dir='ltr'><strong>a</strong></span> <span class='ocrx_word' id='word_1_42' title='bbox 599 701 791 753; x_wconf 88' lang='lat' dir='ltr'><strong>morte,</strong></span> <span class='ocrx_word' id='word_1_43' title='bbox 810 701 864 746; x_wconf 90' lang='lat' dir='ltr'><strong>et</strong></span> <span class='ocrx_word' id='word_1_44' title='bbox 881 690 1086 758; x_wconf 88' lang='lat' dir='ltr'><strong>operiet</strong></span> <span class='ocrx_word' id='word_1_45' title='bbox 1113 686 1503 741; x_wconf 91' lang='lat' dir='ltr'><strong>multitudinem</strong></span> <span class='ocrx_word' id='word_1_46' title='bbox 1518 693 1862 755; x_wconf 88' lang='lat' dir='ltr'><strong>peccatorum</strong></span> <span class='ocrx_word' id='word_1_47' title='bbox 1875 682 1942 738; x_wconf 82' lang='grc'><strong>⁸³.</strong></span> <span class='ocrx_word' id='word_1_48' title='bbox 1963 700 1981 733; x_wconf 75' lang='grc' dir='ltr'><strong>ι</strong></span> 
     </span>
    </p>
   </div>
   <div class='ocr_carea' id='block_1_9' title="bbox 422 772 1987 850">
    <p class='ocr_par' dir='ltr' id='par_1_9' title="bbox 422 772 1987 850">
     <span class='ocr_line' id='line_1_9' title="bbox 422 772 1987 850; baseline -0.008 -11"><span class='ocrx_word' id='word_1_49' title='bbox 422 786 591 841; x_wconf 80' lang='lat' dir='ltr'><strong>Porro</strong></span> <span class='ocrx_word' id='word_1_50' title='bbox 637 791 815 837; x_wconf 87' lang='lat' dir='ltr'><strong>autem</strong></span> <span class='ocrx_word' id='word_1_51' title='bbox 846 796 969 836; x_wconf 88' lang='lat' dir='ltr'><strong>cum</strong></span> <span class='ocrx_word' id='word_1_52' title='bbox 1002 777 1266 850; x_wconf 83' lang='lat' dir='ltr'><strong>ejusmodi</strong></span> <span class='ocrx_word' id='word_1_53' title='bbox 1302 775 1587 831; x_wconf 83' lang='lat' dir='ltr'><strong>sententiis</strong></span> <span class='ocrx_word' id='word_1_54' title='bbox 1636 772 1987 837; x_wconf 89' lang='lat' dir='ltr'><strong>adducendis,</strong></span> 
     </span>
    </p>
   </div>
   <div class='ocr_carea' id='block_1_10' title="bbox 422 862 1988 941">
    <p class='ocr_par' dir='ltr' id='par_1_10' title="bbox 422 862 1988 941">
     <span class='ocr_line' id='line_1_10' title="bbox 422 862 1988 941; baseline -0.01 -11"><span class='ocrx_word' id='word_1_55' title='bbox 422 875 507 932; x_wconf 87' lang='lat' dir='ltr'><strong>vel</strong></span> <span class='ocrx_word' id='word_1_56' title='bbox 546 874 855 930; x_wconf 84' lang='lat' dir='ltr'><strong>earumdem</strong></span> <span class='ocrx_word' id='word_1_57' title='bbox 903 885 1117 941; x_wconf 88' lang='lat' dir='ltr'><strong>quoque</strong></span> <span class='ocrx_word' id='word_1_58' title='bbox 1166 865 1627 937; x_wconf 80' lang='lat' dir='ltr'><strong>conclusionibus,</strong></span> <span class='ocrx_word' id='word_1_59' title='bbox 1654 863 1882 919; x_wconf 75' lang='lat' dir='ltr'><strong>subinde</strong></span> <span class='ocrx_word' id='word_1_60' title='bbox 1903 862 1988 917; x_wconf 63' lang='lat' dir='ltr'><strong>die</strong></span> 
     </span>
    </p>
   </div>
   <div class='ocr_carea' id='block_1_11' title="bbox 424 958 1993 1034">
    <p class='ocr_par' dir='ltr' id='par_1_11' title="bbox 424 958 1993 1034">
     <span class='ocr_line' id='line_1_11' title="bbox 424 958 1993 1034; baseline -0.006 -14"><span class='ocrx_word' id='word_1_61' title='bbox 424 966 562 1021; x_wconf 88' lang='lat' dir='ltr'><strong>ctnri</strong></span> <span class='ocrx_word' id='word_1_62' title='bbox 608 978 816 1027; x_wconf 84' lang='lat' dir='ltr'><strong>sumus,</strong></span> <span class='ocrx_word' id='word_1_63' title='bbox 870 964 1011 1019; x_wconf 91' lang='lat' dir='ltr'><strong>Dcus</strong></span> <span class='ocrx_word' id='word_1_64' title='bbox 1068 963 1231 1034; x_wconf 90' lang='lat' dir='ltr'><strong>igitur</strong></span> <span class='ocrx_word' id='word_1_65' title='bbox 1272 970 1354 1016; x_wconf 89' lang='lat' dir='ltr'><strong>est</strong></span> <span class='ocrx_word' id='word_1_66' title='bbox 1395 958 1802 1025; x_wconf 83' lang='lat' dir='ltr'><strong>Christus;ant</strong></span> <span class='ocrx_word' id='word_1_67' title='bbox 1856 972 1993 1011; x_wconf 88' lang='lat' dir='ltr'><strong>unus</strong></span> 
     </span>
    </p>
   </div>
   <div class='ocr_carea' id='block_1_12' title="bbox 425 1051 1991 1127">
    <p class='ocr_par' dir='ltr' id='par_1_12' title="bbox 425 1051 1991 1127">
     <span class='ocr_line' id='line_1_12' title="bbox 425 1051 1991 1127; baseline -0.006 -18"><span class='ocrx_word' id='word_1_68' title='bbox 425 1072 552 1127; x_wconf 85' lang='lat' dir='ltr'><strong>ergo</strong></span> <span class='ocrx_word' id='word_1_69' title='bbox 581 1054 751 1111; x_wconf 88' lang='lat' dir='ltr'><strong>Filius</strong></span> <span class='ocrx_word' id='word_1_70' title='bbox 791 1064 847 1110; x_wconf 87' lang='lat' dir='ltr'><strong>et</strong></span> <span class='ocrx_word' id='word_1_71' title='bbox 875 1054 1134 1109; x_wconf 89' lang='lat' dir='ltr'><strong>Dominus</strong></span> <span class='ocrx_word' id='word_1_72' title='bbox 1165 1061 1246 1106; x_wconf 90' lang='lat' dir='ltr'><strong>est</strong></span> <span class='ocrx_word' id='word_1_73' title='bbox 1272 1051 1522 1106; x_wconf 84' lang='lat' dir='ltr'><strong>Christus</strong></span> <span class='ocrx_word' id='word_1_74' title='bbox 1551 1068 1563 1103; x_wconf 91' lang='lat'>:</span> <span class='ocrx_word' id='word_1_75' title='bbox 1593 1064 1698 1104; x_wconf 91' lang='lat' dir='ltr'><strong>non</strong></span> <span class='ocrx_word' id='word_1_76' title='bbox 1732 1062 1797 1103; x_wconf 88' lang='lat' dir='ltr'><strong>eo</strong></span> <span class='ocrx_word' id='word_1_77' title='bbox 1829 1061 1991 1101; x_wconf 91' lang='lat' dir='ltr'><strong>sensu</strong></span> 
     </span>
    </p>
   </div>
   <div class='ocr_carea' id='block_1_13' title="bbox 427 1136 1993 1215">
    <p class='ocr_par' dir='ltr' id='par_1_13' title="bbox 427 1136 1993 1215">
     <span class='ocr_line' id='line_1_13' title="bbox 427 1136 1993 1215; baseline -0.006 -15"><span class='ocrx_word' id='word_1_78' title='bbox 427 1149 480 1202; x_wconf 95' lang='lat' dir='ltr'><strong>id</strong></span> <span class='ocrx_word' id='word_1_79' title='bbox 536 1148 786 1210; x_wconf 86' lang='lat' dir='ltr'><strong>dicimus,</strong></span> <span class='ocrx_word' id='word_1_80' title='bbox 825 1160 932 1215; x_wconf 91' lang='lat' dir='ltr'><strong>quo</strong></span> <span class='ocrx_word' id='word_1_81' title='bbox 986 1144 1096 1207; x_wconf 89' lang='lat' dir='ltr'><strong>illi;</strong></span> <span class='ocrx_word' id='word_1_82' title='bbox 1141 1141 1294 1212; x_wconf 87' lang='lat' dir='ltr'><strong>quasi</strong></span> <span class='ocrx_word' id='word_1_83' title='bbox 1359 1142 1615 1194; x_wconf 89' lang='lat' dir='ltr'><strong>nimirum</strong></span> <span class='ocrx_word' id='word_1_84' title='bbox 1676 1136 1993 1191; x_wconf 83' lang='lat' dir='ltr'><strong>Emmanuel</strong></span> 
     </span>
    </p>
   </div>
   <div class='ocr_carea' id='block_1_14' title="bbox 425 1227 1998 1303">
    <p class='ocr_par' dir='ltr' id='par_1_14' title="bbox 425 1227 1998 1303">
     <span class='ocr_line' id='line_1_14' title="bbox 425 1227 1998 1303; baseline -0.006 -12"><span class='ocrx_word' id='word_1_85' title='bbox 425 1239 715 1301; x_wconf 80' lang='lat' dir='ltr'><strong>secundum</strong></span> <span class='ocrx_word' id='word_1_86' title='bbox 767 1234 996 1303; x_wconf 89' lang='lat' dir='ltr'><strong>gratiam</strong></span> <span class='ocrx_word' id='word_1_87' title='bbox 1050 1241 1257 1287; x_wconf 90' lang='lat' dir='ltr'><strong>tantum</strong></span> <span class='ocrx_word' id='word_1_88' title='bbox 1320 1229 1483 1296; x_wconf 89' lang='lat' dir='ltr'><strong>Dens,</strong></span> <span class='ocrx_word' id='word_1_89' title='bbox 1529 1240 1624 1283; x_wconf 89' lang='lat' dir='ltr'><strong>aut</strong></span> <span class='ocrx_word' id='word_1_90' title='bbox 1682 1227 1873 1293; x_wconf 87' lang='lat' dir='ltr'><strong>Filius,</strong></span> <span class='ocrx_word' id='word_1_91' title='bbox 1905 1235 1998 1281; x_wconf 86' lang='lat' dir='ltr'><strong>aut</strong></span> 
     </span>
    </p>
   </div>
   <div class='ocr_carea' id='block_1_15' title="bbox 425 1318 1997 1389">
    <p class='ocr_par' dir='ltr' id='par_1_15' title="bbox 425 1318 1997 1389">
     <span class='ocr_line' id='line_1_15' title="bbox 425 1318 1997 1389; baseline -0.007 -8"><span class='ocrx_word' id='word_1_92' title='bbox 425 1327 687 1381; x_wconf 91' lang='lat' dir='ltr'><strong>Dominus</strong></span> <span class='ocrx_word' id='word_1_93' title='bbox 713 1325 781 1378; x_wconf 89' lang='lat' dir='ltr'><strong>sit</strong></span> <span class='ocrx_word' id='word_1_94' title='bbox 812 1324 1155 1388; x_wconf 88' lang='lat' dir='ltr'><strong>nominatus;</strong></span> <span class='ocrx_word' id='word_1_95' title='bbox 1183 1330 1273 1374; x_wconf 92' lang='lat' dir='ltr'><strong>aut</strong></span> <span class='ocrx_word' id='word_1_96' title='bbox 1292 1335 1388 1389; x_wconf 89' lang='lat' dir='ltr'><strong>per</strong></span> <span class='ocrx_word' id='word_1_97' title='bbox 1413 1318 1658 1373; x_wconf 88' lang='lat' dir='ltr'><strong>assiduos</strong></span> <span class='ocrx_word' id='word_1_98' title='bbox 1680 1330 1997 1388; x_wconf 88' lang='lat' dir='ltr'><strong>progressus</strong></span> 
     </span>
    </p>
   </div>
   <div class='ocr_carea' id='block_1_16' title="bbox 426 1406 1998 1480">
    <p class='ocr_par' dir='ltr' id='par_1_16' title="bbox 426 1406 1998 1480">
     <span class='ocr_line' id='line_1_16' title="bbox 426 1406 1998 1480; baseline -0.005 -11"><span class='ocrx_word' id='word_1_99' title='bbox 426 1423 481 1469; x_wconf 87' lang='lat' dir='ltr'><strong>et</strong></span> <span class='ocrx_word' id='word_1_100' title='bbox 523 1414 874 1475; x_wconf 87' lang='lat' dir='ltr'><strong>incrementa,</strong></span> <span class='ocrx_word' id='word_1_101' title='bbox 915 1410 1136 1480; x_wconf 83' lang='lat' dir='ltr'><strong>perinde</strong></span> <span class='ocrx_word' id='word_1_102' title='bbox 1168 1424 1232 1464; x_wconf 89' lang='lat' dir='ltr'><strong>ac</strong></span> <span class='ocrx_word' id='word_1_103' title='bbox 1280 1423 1420 1463; x_wconf 88' lang='lat' dir='ltr'><strong>unus</strong></span> <span class='ocrx_word' id='word_1_104' title='bbox 1466 1407 1736 1476; x_wconf 85' lang='lat' dir='ltr'><strong>quispiam</strong></span> <span class='ocrx_word' id='word_1_105' title='bbox 1763 1420 1792 1460; x_wconf 90' lang='lat' dir='ltr'><strong>e</strong></span> <span class='ocrx_word' id='word_1_106' title='bbox 1821 1406 1998 1461; x_wconf 82' lang='lat' dir='ltr'><strong>medio</strong></span> 
     </span>
    </p>
   </div>
   <div class='ocr_carea' id='block_1_17' title="bbox 427 1494 1998 1579">
    <p class='ocr_par' dir='ltr' id='par_1_17' title="bbox 427 1494 1998 1579">
     <span class='ocr_line' id='line_1_17' title="bbox 427 1494 1998 1579; baseline -0.005 -23"><span class='ocrx_word' id='word_1_107' title='bbox 427 1518 588 1579; x_wconf 77' lang='lat' dir='ltr'><strong>grege</strong></span> <span class='ocrx_word' id='word_1_108' title='bbox 608 1503 884 1569; x_wconf 87' lang='lat' dir='ltr'><strong>ndstrique</strong></span> <span class='ocrx_word' id='word_1_109' title='bbox 915 1499 1107 1555; x_wconf 87' lang='lat' dir='ltr'><strong>similis</strong></span> <span class='ocrx_word' id='word_1_110' title='bbox 1148 1499 1308 1553; x_wconf 90' lang='lat' dir='ltr'><strong>homo</strong></span> <span class='ocrx_word' id='word_1_111' title='bbox 1338 1497 1739 1561; x_wconf 79' lang='lat' dir='ltr'><strong>sanctiﬁcatus,</strong></span> <span class='ocrx_word' id='word_1_112' title='bbox 1774 1494 1840 1548; x_wconf 88' lang='lat' dir='ltr'><strong>ad</strong></span> <span class='ocrx_word' id='word_1_113' title='bbox 1872 1495 1998 1548; x_wconf 90' lang='lat' dir='ltr'><strong>illud</strong></span> 
     </span>
    </p>
   </div>
   <div class='ocr_carea' id='block_1_18' title="bbox 428 1584 2001 1664">
    <p class='ocr_par' dir='ltr' id='par_1_18' title="bbox 428 1584 2001 1664">
     <span class='ocr_line' id='line_1_18' title="bbox 428 1584 2001 1664; baseline -0.005 -18"><span class='ocrx_word' id='word_1_114' title='bbox 428 1595 608 1664; x_wconf 72' lang='lat' dir='ltr'><strong>gloria:</strong></span> <span class='ocrx_word' id='word_1_115' title='bbox 636 1593 847 1648; x_wconf 83' lang='lat' dir='ltr'><strong>culmen</strong></span> <span class='ocrx_word' id='word_1_116' title='bbox 869 1590 1270 1647; x_wconf 89' lang='lat' dir='ltr'><strong>conscenderit.</strong></span> <span class='ocrx_word' id='word_1_117' title='bbox 1299 1587 1498 1642; x_wconf 85' lang='lat' dir='ltr'><strong>Verum</strong></span> <span class='ocrx_word' id='word_1_118' title='bbox 1527 1603 1692 1641; x_wconf 89' lang='lat' dir='ltr'><strong>unum</strong></span> <span class='ocrx_word' id='word_1_119' title='bbox 1725 1587 1824 1640; x_wconf 92' lang='lat' dir='ltr'><strong>hoc</strong></span> <span class='ocrx_word' id='word_1_120' title='bbox 1846 1584 2001 1640; x_wconf 81' lang='lat' dir='ltr'><strong>insti—</strong></span> 
     </span>
    </p>
   </div>
   <div class='ocr_carea' id='block_1_19' title="bbox 2106 486 3675 566">
    <p class='ocr_par' dir='ltr' id='par_1_19' title="bbox 2106 486 3675 566">
     <span class='ocr_line' id='line_1_19' title="bbox 2106 486 3675 566; baseline -0.013 -12"><span class='ocrx_word' id='word_1_121' title='bbox 2106 501 2193 554; x_wconf 82' lang='lat' dir='ltr'><strong>‘Ev</strong></span> <span class='ocrx_word' id='word_1_122' title='bbox 2221 498 2279 553; x_wconf 81' lang='grc' dir='ltr'><strong>δέ</strong></span> <span class='ocrx_word' id='word_1_123' title='bbox 2316 513 2380 566; x_wconf 87' lang='grc' dir='ltr'>γε</span> <span class='ocrx_word' id='word_1_124' title='bbox 2408 499 2528 560; x_wconf 84' lang='grc' dir='ltr'>ταῖς</span> <span class='ocrx_word' id='word_1_125' title='bbox 2557 493 2666 547; x_wconf 83' lang='grc' dir='ltr'><strong>τῶν</strong></span> <span class='ocrx_word' id='word_1_126' title='bbox 2704 491 2921 547; x_wconf 77' lang='grc' dir='ltr'><strong>ἐννοιῶν</strong></span> <span class='ocrx_word' id='word_1_127' title='bbox 2948 489 3259 561; x_wconf 76' lang='grc' dir='ltr'>εὐρέσεσιν,</span> <span class='ocrx_word' id='word_1_128' title='bbox 3288 486 3407 557; x_wconf 69' lang='grc' dir='ltr'>ἦτοι</span> <span class='ocrx_word' id='word_1_129' title='bbox 3450 500 3675 554; x_wconf 79' lang='grc' dir='ltr'>συμπε-</span> 
     </span>
    </p>
   </div>
   <div class='ocr_carea' id='block_1_20' title="bbox 2094 574 3675 663">
    <p class='ocr_par' dir='ltr' id='par_1_20' title="bbox 2094 574 3675 663">
     <span class='ocr_line' id='line_1_20' title="bbox 2094 574 3675 663; baseline -0.011 -19"><span class='ocrx_word' id='word_1_130' title='bbox 2094 590 2389 663; x_wconf 78' lang='grc' dir='ltr'>ράσμασιν,</span> <span class='ocrx_word' id='word_1_131' title='bbox 2417 587 2546 643; x_wconf 82' lang='grc' dir='ltr'>ὅταν</span> <span class='ocrx_word' id='word_1_132' title='bbox 2572 584 2845 653; x_wconf 82' lang='grc' dir='ltr'>λέγωμεν,</span> <span class='ocrx_word' id='word_1_133' title='bbox 2886 580 3018 643; x_wconf 78' lang='grc' dir='ltr'><strong>Θεὸς</strong></span> <span class='ocrx_word' id='word_1_134' title='bbox 3058 575 3151 633; x_wconf 78' lang='grc' dir='ltr'>οὖν</span> <span class='ocrx_word' id='word_1_135' title='bbox 3180 578 3291 647; x_wconf 79' lang='grc' dir='ltr'>ἄρα</span> <span class='ocrx_word' id='word_1_136' title='bbox 3329 577 3359 628; x_wconf 88' lang='grc' dir='ltr'><strong>ό</strong></span> <span class='ocrx_word' id='word_1_137' title='bbox 3408 574 3675 647; x_wconf 78' lang='grc' dir='ltr'>Χριστὸς,</span> 
     </span>
    </p>
   </div>
   <div class='ocr_carea' id='block_1_21' title="bbox 2091 665 3672 753">
    <p class='ocr_par' dir='ltr' id='par_1_21' title="bbox 2091 665 3672 753">
     <span class='ocr_line' id='line_1_21' title="bbox 2091 665 3672 753; baseline -0.009 -19"><span class='ocrx_word' id='word_1_138' title='bbox 2091 682 2257 753; x_wconf 73' lang='grc' dir='ltr'>ἦγουν</span> <span class='ocrx_word' id='word_1_139' title='bbox 2300 674 2380 742; x_wconf 72' lang='grc' dir='ltr'><strong>εἷς</strong></span> <span class='ocrx_word' id='word_1_140' title='bbox 2412 680 2519 749; x_wconf 80' lang='grc' dir='ltr'>ἄρα</span> <span class='ocrx_word' id='word_1_141' title='bbox 2547 677 2577 729; x_wconf 83' lang='grc' dir='ltr'>ὁ</span> <span class='ocrx_word' id='word_1_142' title='bbox 2605 676 2734 739; x_wconf 81' lang='grc' dir='ltr'>Υίδς</span> <span class='ocrx_word' id='word_1_143' title='bbox 2775 675 2869 728; x_wconf 73' lang='grc' dir='ltr'><strong>καὶ</strong></span> <span class='ocrx_word' id='word_1_144' title='bbox 2900 672 3104 743; x_wconf 81' lang='grc' dir='ltr'>Κύριος</span> <span class='ocrx_word' id='word_1_145' title='bbox 3140 668 3348 740; x_wconf 78' lang='grc' dir='ltr'>Ἰησοῦς</span> <span class='ocrx_word' id='word_1_146' title='bbox 3391 665 3672 737; x_wconf 77' lang='grc' dir='ltr'>Χριστός·</span> 
     </span>
    </p>
   </div>
   <div class='ocr_carea' id='block_1_22' title="bbox 2093 756 3680 841">
    <p class='ocr_par' dir='ltr' id='par_1_22' title="bbox 2093 756 3680 841">
     <span class='ocr_line' id='line_1_22' title="bbox 2093 756 3680 841; baseline -0.011 -16"><span class='ocrx_word' id='word_1_147' title='bbox 2093 773 2192 841; x_wconf 83' lang='grc' dir='ltr'><strong>οὐχ</strong></span> <span class='ocrx_word' id='word_1_148' title='bbox 2230 770 2372 824; x_wconf 81' lang='grc' dir='ltr'>οὓτω</span> <span class='ocrx_word' id='word_1_149' title='bbox 2416 768 2617 839; x_wconf 83' lang='grc' dir='ltr'>φαμὲν,</span> <span class='ocrx_word' id='word_1_150' title='bbox 2659 766 2735 831; x_wconf 83' lang='grc' dir='ltr'>ὡς</span> <span class='ocrx_word' id='word_1_151' title='bbox 2778 766 2997 828; x_wconf 73' lang='grc' dir='ltr'>ἐκεῖνοι,</span> <span class='ocrx_word' id='word_1_152' title='bbox 3051 762 3186 816; x_wconf 81' lang='grc' dir='ltr'>Θεὸν</span> <span class='ocrx_word' id='word_1_153' title='bbox 3221 758 3367 814; x_wconf 78' lang='grc' dir='ltr'>κατὰ</span> <span class='ocrx_word' id='word_1_154' title='bbox 3410 759 3601 828; x_wconf 77' lang='grc' dir='ltr'>χάριν,</span> <span class='ocrx_word' id='word_1_155' title='bbox 3640 756 3680 825; x_wconf 73' lang='grc' dir='ltr'>ἢ</span> 
     </span>
    </p>
   </div>
   <div class='ocr_carea' id='block_1_23' title="bbox 2100 849 3682 930">
    <p class='ocr_par' dir='ltr' id='par_1_23' title="bbox 2100 849 3682 930">
     <span class='ocr_line' id='line_1_23' title="bbox 2100 849 3682 930; baseline -0.009 -16"><span class='ocrx_word' id='word_1_156' title='bbox 2100 860 2250 925; x_wconf 83' lang='grc' dir='ltr'>Υἱὸν,</span> <span class='ocrx_word' id='word_1_157' title='bbox 2308 858 2342 930; x_wconf 75' lang='grc' dir='ltr'>ἢ</span> <span class='ocrx_word' id='word_1_158' title='bbox 2381 858 2583 929; x_wconf 83' lang='grc' dir='ltr'>Κύριον</span> <span class='ocrx_word' id='word_1_159' title='bbox 2631 856 2944 927; x_wconf 82' lang='grc' dir='ltr'>ὠνομάσθαι</span> <span class='ocrx_word' id='word_1_160' title='bbox 2984 854 3077 908; x_wconf 81' lang='grc' dir='ltr'>τὸν</span> <span class='ocrx_word' id='word_1_161' title='bbox 3114 850 3494 922; x_wconf 77' lang='grc' dir='ltr'>Ἐμμανουὴλ,</span> <span class='ocrx_word' id='word_1_162' title='bbox 3532 849 3569 918; x_wconf 76' lang='grc' dir='ltr'>ἢ</span> <span class='ocrx_word' id='word_1_163' title='bbox 3610 849 3682 900; x_wconf 70' lang='grc' dir='ltr'><strong>ἐκ</strong></span> 
     </span>
    </p>
   </div>
   <div class='ocr_carea' id='block_1_24' title="bbox 2101 940 3680 1021">
    <p class='ocr_par' dir='ltr' id='par_1_24' title="bbox 2101 940 3680 1021">
     <span class='ocr_line' id='line_1_24' title="bbox 2101 940 3680 1021; baseline -0.008 -18"><span class='ocrx_word' id='word_1_164' title='bbox 2101 952 2382 1021; x_wconf 82' lang='grc' dir='ltr'>προκοπῆς</span> <span class='ocrx_word' id='word_1_165' title='bbox 2404 988 2418 1011; x_wconf 90' lang='grc'><strong>,</strong></span> <span class='ocrx_word' id='word_1_166' title='bbox 2453 949 2486 1020; x_wconf 82' lang='grc' dir='ltr'>ἢ</span> <span class='ocrx_word' id='word_1_167' title='bbox 2521 948 2815 1010; x_wconf 66' lang='grc' dir='ltr'>ἐπιδόσεως</span> <span class='ocrx_word' id='word_1_168' title='bbox 2834 986 2849 1011; x_wconf 90' lang='grc'><strong>,</strong></span> <span class='ocrx_word' id='word_1_169' title='bbox 2882 947 2963 1010; x_wconf 81' lang='grc' dir='ltr'>εις</span> <span class='ocrx_word' id='word_1_170' title='bbox 2988 943 3145 999; x_wconf 84' lang='grc' dir='ltr'>τοῦτο</span> <span class='ocrx_word' id='word_1_171' title='bbox 3174 942 3334 1014; x_wconf 78' lang='grc' dir='ltr'>δόξης</span> <span class='ocrx_word' id='word_1_172' title='bbox 3358 940 3562 1003; x_wconf 66' lang='grc' dir='ltr'>ἐλθεῖν,</span> <span class='ocrx_word' id='word_1_173' title='bbox 3597 940 3680 1002; x_wconf 79' lang='grc' dir='ltr'><strong>ὡς</strong></span> 
     </span>
    </p>
   </div>
   <div class='ocr_carea' id='block_1_25' title="bbox 2110 1031 3676 1110">
    <p class='ocr_par' dir='ltr' id='par_1_25' title="bbox 2110 1031 3676 1110">
     <span class='ocr_line' id='line_1_25' title="bbox 2110 1031 3676 1110; baseline -0.008 -15"><span class='ocrx_word' id='word_1_174' title='bbox 2110 1041 2208 1095; x_wconf 86' lang='grc' dir='ltr'>’ἐνα</span> <span class='ocrx_word' id='word_1_175' title='bbox 2235 1042 2328 1096; x_wconf 85' lang='grc' dir='ltr'>τὸν</span> <span class='ocrx_word' id='word_1_176' title='bbox 2356 1040 2479 1095; x_wconf 83' lang='grc' dir='ltr'>καθ’</span> <span class='ocrx_word' id='word_1_177' title='bbox 2500 1042 2645 1110; x_wconf 79' lang='grc' dir='ltr'>ἡμᾶς</span> <span class='ocrx_word' id='word_1_178' title='bbox 2678 1039 2853 1093; x_wconf 75' lang='grc' dir='ltr'>κοινὸν</span> <span class='ocrx_word' id='word_1_179' title='bbox 2879 1039 2971 1091; x_wconf 68' lang='grc' dir='ltr'>καὶ</span> <span class='ocrx_word' id='word_1_180' title='bbox 2994 1034 3327 1107; x_wconf 71' lang='grc' dir='ltr'>ἡγιασμένον</span> <span class='ocrx_word' id='word_1_181' title='bbox 3346 1031 3641 1102; x_wconf 73' lang='grc' dir='ltr'>ἄνθρωπον</span> <span class='ocrx_word' id='word_1_182' title='bbox 3658 1045 3676 1059; x_wconf 69' lang='grc' dir='ltr'><strong>ο</strong></span> 
     </span>
    </p>
   </div>
   <div class='ocr_carea' id='block_1_26' title="bbox 2107 1116 3679 1200">
    <p class='ocr_par' dir='ltr' id='par_1_26' title="bbox 2107 1116 3679 1200">
     <span class='ocr_line' id='line_1_26' title="bbox 2107 1116 3679 1200; baseline -0.008 -16"><span class='ocrx_word' id='word_1_183' title='bbox 2107 1133 2283 1185; x_wconf 76' lang='grc' dir='ltr'>ἐκεῖνο</span> <span class='ocrx_word' id='word_1_184' title='bbox 2322 1130 2381 1184; x_wconf 85' lang='grc' dir='ltr'>δὲ</span> <span class='ocrx_word' id='word_1_185' title='bbox 2426 1130 2645 1200; x_wconf 84' lang='grc' dir='ltr'>μᾶλλον,</span> <span class='ocrx_word' id='word_1_186' title='bbox 2672 1129 2755 1183; x_wconf 81' lang='grc' dir='ltr'>ὅτι</span> <span class='ocrx_word' id='word_1_187' title='bbox 2784 1127 2915 1190; x_wconf 81' lang='grc' dir='ltr'>Θεὸς</span> <span class='ocrx_word' id='word_1_188' title='bbox 2945 1125 3019 1180; x_wconf 81' lang='grc' dir='ltr'>ὢν</span> <span class='ocrx_word' id='word_1_189' title='bbox 3044 1127 3073 1179; x_wconf 86' lang='grc' dir='ltr'><strong>ὁ</strong></span> <span class='ocrx_word' id='word_1_190' title='bbox 3097 1126 3266 1192; x_wconf 83' lang='grc' dir='ltr'><strong>Λόγος</strong></span> <span class='ocrx_word' id='word_1_191' title='bbox 3284 1162 3300 1187; x_wconf 90' lang='grc'><strong>,</strong></span> <span class='ocrx_word' id='word_1_192' title='bbox 3328 1116 3451 1175; x_wconf 79' lang='grc' dir='ltr'>εἶτα</span> <span class='ocrx_word' id='word_1_193' title='bbox 3483 1119 3679 1182; x_wconf 77' lang='grc' dir='ltr'>καθεὶς</span> 
     </span>
    </p>
   </div>
   <div class='ocr_carea' id='block_1_27' title="bbox 2097 1211 3679 1286">
    <p class='ocr_par' dir='ltr' id='par_1_27' title="bbox 2097 1211 3679 1286">
     <span class='ocr_line' id='line_1_27' title="bbox 2097 1211 3679 1286; baseline -0.008 -11"><span class='ocrx_word' id='word_1_194' title='bbox 2097 1222 2288 1275; x_wconf 81' lang='grc' dir='ltr'>ἑαυτὸν</span> <span class='ocrx_word' id='word_1_195' title='bbox 2314 1223 2395 1285; x_wconf 88' lang='grc' dir='ltr'>είς</span> <span class='ocrx_word' id='word_1_196' title='bbox 2425 1221 2673 1285; x_wconf 85' lang='grc' dir='ltr'><strong>κένωσιν,</strong></span> <span class='ocrx_word' id='word_1_197' title='bbox 2704 1220 2795 1272; x_wconf 76' lang='grc' dir='ltr'><strong>καὶ</strong></span> <span class='ocrx_word' id='word_1_198' title='bbox 2824 1221 2881 1272; x_wconf 81' lang='grc' dir='ltr'>ὲν</span> <span class='ocrx_word' id='word_1_199' title='bbox 2912 1217 3099 1271; x_wconf 81' lang='grc' dir='ltr'>δούλου</span> <span class='ocrx_word' id='word_1_200' title='bbox 3148 1216 3327 1286; x_wconf 80' lang='grc' dir='ltr'>μορφῇ</span> <span class='ocrx_word' id='word_1_201' title='bbox 3359 1211 3679 1280; x_wconf 60' lang='grc' dir='ltr'>καταδεδει-</span> 
     </span>
    </p>
   </div>
   <div class='ocr_carea' id='block_1_28' title="bbox 2096 1302 3680 1385">
    <p class='ocr_par' dir='ltr' id='par_1_28' title="bbox 2096 1302 3680 1385">
     <span class='ocr_line' id='line_1_28' title="bbox 2096 1302 3680 1385; baseline -0.008 -19"><span class='ocrx_word' id='word_1_202' title='bbox 2096 1311 2230 1379; x_wconf 85' lang='grc' dir='ltr'>κὼς,</span> <span class='ocrx_word' id='word_1_203' title='bbox 2261 1312 2413 1365; x_wconf 86' lang='grc' dir='ltr'>οὐδὲν</span> <span class='ocrx_word' id='word_1_204' title='bbox 2438 1307 2599 1385; x_wconf 80' lang='grc' dir='ltr'>ἧττόν</span> <span class='ocrx_word' id='word_1_205' title='bbox 2630 1312 2745 1364; x_wconf 71' lang='grc' dir='ltr'>ἐστι</span> <span class='ocrx_word' id='word_1_206' title='bbox 2770 1309 2903 1373; x_wconf 77' lang='grc' dir='ltr'>Θεὸς</span> <span class='ocrx_word' id='word_1_207' title='bbox 2936 1307 3208 1378; x_wconf 81' lang='grc' dir='ltr'>ἀληθινὸς,</span> <span class='ocrx_word' id='word_1_208' title='bbox 3239 1305 3335 1358; x_wconf 71' lang='grc' dir='ltr'><strong>καί¹</strong></span> <span class='ocrx_word' id='word_1_209' title='bbox 3364 1303 3535 1373; x_wconf 82' lang='grc' dir='ltr'>φύσει</span> <span class='ocrx_word' id='word_1_210' title='bbox 3569 1302 3680 1355; x_wconf 79' lang='grc' dir='ltr'><strong>τῶν</strong></span> 
     </span>
    </p>
   </div>
   <div class='ocr_carea' id='block_1_29' title="bbox 2095 1386 3677 1474">
    <p class='ocr_par' dir='ltr' id='par_1_29' title="bbox 2095 1386 3677 1474">
     <span class='ocr_line' id='line_1_29' title="bbox 2095 1386 3677 1474; baseline -0.008 -17"><span class='ocrx_word' id='word_1_211' title='bbox 2095 1403 2233 1456; x_wconf 83' lang='grc' dir='ltr'>ὅλων</span> <span class='ocrx_word' id='word_1_212' title='bbox 2277 1402 2479 1474; x_wconf 83' lang='grc' dir='ltr'>Κύριος</span> <span class='ocrx_word' id='word_1_213' title='bbox 2513 1402 2686 1463; x_wconf 74' lang='grc' dir='ltr'>ἔσται,</span> <span class='ocrx_word' id='word_1_214' title='bbox 2725 1401 2819 1454; x_wconf 73' lang='grc' dir='ltr'><strong>καὶ</strong></span> <span class='ocrx_word' id='word_1_215' title='bbox 2849 1399 3030 1470; x_wconf 80' lang='grc' dir='ltr'>μόνος,</span> <span class='ocrx_word' id='word_1_216' title='bbox 3077 1398 3170 1451; x_wconf 72' lang='grc' dir='ltr'><strong>καὶ</strong></span> <span class='ocrx_word' id='word_1_217' title='bbox 3201 1395 3382 1458; x_wconf 56' lang='lat' dir='ltr'><strong>tame;</strong></span> <span class='ocrx_word' id='word_1_218' title='bbox 3420 1394 3571 1456; x_wconf 78' lang='grc' dir='ltr'>Υἱός.</span> <span class='ocrx_word' id='word_1_219' title='bbox 3605 1386 3677 1463; x_wconf 65' lang='grc' dir='ltr'><strong>’ῼ</strong></span> 
     </span>
    </p>
   </div>
   <div class='ocr_carea' id='block_1_30' title="bbox 2098 1481 3672 1565">
    <p class='ocr_par' dir='ltr' id='par_1_30' title="bbox 2098 1481 3672 1565">
     <span class='ocr_line' id='line_1_30' title="bbox 2098 1481 3672 1565; baseline -0.008 -17"><span class='ocrx_word' id='word_1_220' title='bbox 2098 1495 2191 1548; x_wconf 67' lang='grc' dir='ltr'>καὶ</span> <span class='ocrx_word' id='word_1_221' title='bbox 2215 1495 2374 1565; x_wconf 75' lang='grc' dir='ltr'>ἡμεῖς</span> <span class='ocrx_word' id='word_1_222' title='bbox 2401 1491 2880 1565; x_wconf 83' lang='grc' dir='ltr'>συμμορφούμενοι</span> <span class='ocrx_word' id='word_1_223' title='bbox 2904 1488 3046 1543; x_wconf 82' lang='grc' dir='ltr'><strong>κατά</strong></span> <span class='ocrx_word' id='word_1_224' title='bbox 3074 1487 3232 1558; x_wconf 82' lang='grc' dir='ltr'>χάριν</span> <span class='ocrx_word' id='word_1_225' title='bbox 3258 1485 3358 1555; x_wconf 82' lang='grc' dir='ltr'>τὴν</span> <span class='ocrx_word' id='word_1_226' title='bbox 3379 1484 3449 1538; x_wconf 81' lang='grc' dir='ltr'><strong>δι’</strong></span> <span class='ocrx_word' id='word_1_227' title='bbox 3477 1481 3672 1545; x_wconf 80' lang='grc' dir='ltr'>αὑτοῦ.</span> 
     </span>
    </p>
   </div>
   <div class='ocr_carea' id='block_1_31' title="bbox 2099 1578 3473 1657">
    <p class='ocr_par' dir='ltr' id='par_1_31' title="bbox 2099 1578 3473 1657">
     <span class='ocr_line' id='line_1_31' title="bbox 2099 1578 3473 1657; baseline -0.006 -19"><span class='ocrx_word' id='word_1_228' title='bbox 2099 1586 2236 1656; x_wconf 79' lang='grc' dir='ltr'>πρὸς</span> <span class='ocrx_word' id='word_1_229' title='bbox 2267 1586 2367 1657; x_wconf 77' lang='grc' dir='ltr'>τὴν</span> <span class='ocrx_word' id='word_1_230' title='bbox 2398 1587 2495 1655; x_wconf 84' lang='grc' dir='ltr'><strong>τῆς</strong></span> <span class='ocrx_word' id='word_1_231' title='bbox 2531 1584 2803 1647; x_wconf 78' lang='grc' dir='ltr'>υἱοθεσίας</span> <span class='ocrx_word' id='word_1_232' title='bbox 2830 1580 3192 1651; x_wconf 78' lang='grc' dir='ltr'>ἀναϐαίνομεν</span> <span class='ocrx_word' id='word_1_233' title='bbox 3224 1578 3404 1642; x_wconf 77' lang='grc' dir='ltr'>δόξαν.</span> <span class='ocrx_word' id='word_1_234' title='bbox 3460 1584 3473 1597; x_wconf 88' lang='grc'><strong><em>¹</em></strong></span> 
     </span>
    </p>
   </div>
   <div class='ocr_carea' id='block_1_32' title="bbox 432 1669 3684 1752">
    <p class='ocr_par' dir='ltr' id='par_1_32' title="bbox 432 1669 3684 1752">
     <span class='ocr_line' id='line_1_32' title="bbox 432 1669 3684 1752; baseline -0.005 -12"><span class='ocrx_word' id='word_1_235' title='bbox 432 1688 630 1744; x_wconf 83' lang='lat' dir='ltr'><strong>tuimus</strong></span> <span class='ocrx_word' id='word_1_236' title='bbox 663 1697 715 1742; x_wconf 91' lang='lat' dir='ltr'><strong>et</strong></span> <span class='ocrx_word' id='word_1_237' title='bbox 737 1686 985 1749; x_wconf 89' lang='lat' dir='ltr'><strong>dicimus,</strong></span> <span class='ocrx_word' id='word_1_238' title='bbox 1008 1698 1199 1752; x_wconf 89' lang='lat' dir='ltr'><strong>nempe</strong></span> <span class='ocrx_word' id='word_1_239' title='bbox 1229 1682 1461 1737; x_wconf 84' lang='lat' dir='ltr'><strong>Verbum</strong></span> <span class='ocrx_word' id='word_1_240' title='bbox 1518 1695 1641 1736; x_wconf 92' lang='lat' dir='ltr'><strong>cum</strong></span> <span class='ocrx_word' id='word_1_241' title='bbox 1715 1681 1857 1735; x_wconf 88' lang='lat' dir='ltr'><strong>Deus</strong></span> <span class='ocrx_word' id='word_1_242' title='bbox 1901 1687 2066 1744; x_wconf 83' lang='lat' dir='ltr'><strong>esset,</strong></span> <span class='ocrx_word' id='word_1_243' title='bbox 2104 1681 2171 1733; x_wconf 88' lang='lat' dir='ltr'><strong>ad</strong></span> <span class='ocrx_word' id='word_1_244' title='bbox 2224 1678 2670 1744; x_wconf 81' lang='lat' dir='ltr'><strong>exinanitionem,</strong></span> <span class='ocrx_word' id='word_1_245' title='bbox 2709 1677 3067 1745; x_wconf 87' lang='lat' dir='ltr'><strong>servilemque</strong></span> <span class='ocrx_word' id='word_1_246' title='bbox 3108 1674 3339 1729; x_wconf 79' lang='lat' dir='ltr'><strong>formam</strong></span> <span class='ocrx_word' id='word_1_247' title='bbox 3396 1685 3459 1727; x_wconf 87' lang='lat' dir='ltr'><strong>se</strong></span> <span class='ocrx_word' id='word_1_248' title='bbox 3504 1669 3684 1725; x_wconf 80' lang='lat' dir='ltr'><strong>demi-</strong></span> 
     </span>
    </p>
   </div>
   <div class='ocr_carea' id='block_1_33' title="bbox 428 1762 3682 1838">
    <p class='ocr_par' dir='ltr' id='par_1_33' title="bbox 428 1762 3682 1838">
     <span class='ocr_line' id='line_1_33' title="bbox 428 1762 3682 1838; baseline -0.005 -9"><span class='ocrx_word' id='word_1_249' title='bbox 428 1776 566 1830; x_wconf 84' lang='lat' dir='ltr'><strong>sisse</strong></span> <span class='ocrx_word' id='word_1_250' title='bbox 598 1790 660 1829; x_wconf 90' lang='lat' dir='ltr'><strong>ac</strong></span> <span class='ocrx_word' id='word_1_251' title='bbox 691 1774 1064 1838; x_wconf 86' lang='lat' dir='ltr'><strong>descendisse;</strong></span> <span class='ocrx_word' id='word_1_252' title='bbox 1094 1772 1166 1825; x_wconf 90' lang='lat' dir='ltr'><strong>ita</strong></span> <span class='ocrx_word' id='word_1_253' title='bbox 1200 1779 1377 1824; x_wconf 90' lang='lat' dir='ltr'><strong>tamen</strong></span> <span class='ocrx_word' id='word_1_254' title='bbox 1409 1778 1467 1823; x_wconf 94' lang='lat' dir='ltr'><strong>ut</strong></span> <span class='ocrx_word' id='word_1_255' title='bbox 1512 1783 1671 1823; x_wconf 85' lang='lat' dir='ltr'><strong>verus</strong></span> <span class='ocrx_word' id='word_1_256' title='bbox 1723 1767 2073 1824; x_wconf 83' lang='lat' dir='ltr'><strong>nihilominus</strong></span> <span class='ocrx_word' id='word_1_257' title='bbox 2113 1768 2252 1824; x_wconf 88' lang='lat' dir='ltr'><strong>Deus</strong></span> <span class='ocrx_word' id='word_1_258' title='bbox 2299 1784 2363 1824; x_wconf 86' lang='lat' dir='ltr'><strong>ac</strong></span> <span class='ocrx_word' id='word_1_259' title='bbox 2421 1770 2714 1826; x_wconf 87' lang='lat' dir='ltr'><strong>secundum</strong></span> <span class='ocrx_word' id='word_1_260' title='bbox 2760 1778 3009 1823; x_wconf 85' lang='lat' dir='ltr'><strong>naturam</strong></span> <span class='ocrx_word' id='word_1_261' title='bbox 3066 1767 3445 1819; x_wconf 87' lang='lat' dir='ltr'><strong>universorum</strong></span> <span class='ocrx_word' id='word_1_262' title='bbox 3497 1762 3682 1815; x_wconf 83' lang='lat' dir='ltr'><strong>Domi-</strong></span> 
     </span>
    </p>
   </div>
   <div class='ocr_carea' id='block_1_34' title="bbox 441 1854 3681 1931">
    <p class='ocr_par' dir='ltr' id='par_1_34' title="bbox 441 1854 3681 1931">
     <span class='ocr_line' id='line_1_34' title="bbox 441 1854 3681 1931; baseline -0.005 -14"><span class='ocrx_word' id='word_1_263' title='bbox 441 1878 545 1918; x_wconf 90' lang='lat' dir='ltr'><strong>nus</strong></span> <span class='ocrx_word' id='word_1_264' title='bbox 598 1861 976 1931; x_wconf 83' lang='lat' dir='ltr'><strong>permanserit,</strong></span> <span class='ocrx_word' id='word_1_265' title='bbox 1022 1860 1280 1926; x_wconf 87' lang='lat' dir='ltr'><strong>solusque</strong></span> <span class='ocrx_word' id='word_1_266' title='bbox 1322 1867 1377 1910; x_wconf 91' lang='lat' dir='ltr'><strong>et</strong></span> <span class='ocrx_word' id='word_1_267' title='bbox 1415 1856 1634 1926; x_wconf 85' lang='lat' dir='ltr'><strong>proprie</strong></span> <span class='ocrx_word' id='word_1_268' title='bbox 1689 1856 1856 1911; x_wconf 83' lang='lat' dir='ltr'><strong>Filius</strong></span> <span class='ocrx_word' id='word_1_269' title='bbox 1882 1874 1896 1910; x_wconf 89' lang='lat'><strong>:</strong></span> <span class='ocrx_word' id='word_1_270' title='bbox 1922 1857 2006 1911; x_wconf 90' lang='lat' dir='ltr'><strong>cui</strong></span> <span class='ocrx_word' id='word_1_271' title='bbox 2047 1866 2101 1912; x_wconf 90' lang='lat' dir='ltr'><strong>et</strong></span> <span class='ocrx_word' id='word_1_272' title='bbox 2121 1873 2220 1913; x_wconf 89' lang='lat' dir='ltr'><strong>nos</strong></span> <span class='ocrx_word' id='word_1_273' title='bbox 2274 1872 2489 1929; x_wconf 90' lang='lat' dir='ltr'><strong>quoque</strong></span> <span class='ocrx_word' id='word_1_274' title='bbox 2547 1873 2642 1928; x_wconf 89' lang='lat' dir='ltr'><strong>per</strong></span> <span class='ocrx_word' id='word_1_275' title='bbox 2689 1860 2920 1930; x_wconf 79' lang='lat' dir='ltr'><strong>gratiam</strong></span> <span class='ocrx_word' id='word_1_276' title='bbox 2954 1856 3122 1927; x_wconf 83' lang='lat' dir='ltr'><strong>ipsius</strong></span> <span class='ocrx_word' id='word_1_277' title='bbox 3154 1854 3594 1916; x_wconf 82' lang='lat' dir='ltr'><strong>eonformanmr,</strong></span> <span class='ocrx_word' id='word_1_278' title='bbox 3624 1860 3681 1904; x_wconf 81' lang='lat' dir='ltr'><strong>et</strong></span> 
     </span>
    </p>
   </div>
   <div class='ocr_carea' id='block_1_35' title="bbox 432 1946 1543 2020">
    <p class='ocr_par' dir='ltr' id='par_1_35' title="bbox 432 1946 1543 2020">
     <span class='ocr_line' id='line_1_35' title="bbox 432 1946 1543 2020; baseline -0.007 -12"><span class='ocrx_word' id='word_1_279' title='bbox 432 1954 497 2008; x_wconf 88' lang='lat' dir='ltr'><strong>ad</strong></span> <span class='ocrx_word' id='word_1_280' title='bbox 519 1951 818 2020; x_wconf 78' lang='lat' dir='ltr'><strong>adeptionis</strong></span> <span class='ocrx_word' id='word_1_281' title='bbox 850 1950 1073 2019; x_wconf 79' lang='lat' dir='ltr'><strong>gloriam</strong></span> <span class='ocrx_word' id='word_1_282' title='bbox 1106 1946 1543 2001; x_wconf 88' lang='lat' dir='ltr'><strong>conscendimus.</strong></span> 
     </span>
    </p>
   </div>
   <div class='ocr_carea' id='block_1_36' title="bbox 528 2032 2012 2109">
    <p class='ocr_par' dir='ltr' id='par_1_36' title="bbox 528 2035 1997 2105">
     <span class='ocr_line' id='line_1_36' title="bbox 528 2035 1997 2105; baseline -0.005 -10"><span class='ocrx_word' id='word_1_283' title='bbox 528 2042 640 2095; x_wconf 76' lang='lat' dir='ltr'><strong>XII.</strong></span> <span class='ocrx_word' id='word_1_284' title='bbox 692 2042 957 2096; x_wconf 69' lang='lat' dir='ltr'><strong>Creterum</strong></span> <span class='ocrx_word' id='word_1_285' title='bbox 1012 2053 1206 2094; x_wconf 90' lang='lat' dir='ltr'><strong>nomen</strong></span> <span class='ocrx_word' id='word_1_286' title='bbox 1268 2038 1389 2103; x_wconf 89' lang='lat' dir='ltr'><strong>hoc,</strong></span> <span class='ocrx_word' id='word_1_287' title='bbox 1457 2035 1729 2103; x_wconf 88' lang='lat' dir='ltr'><strong>Christus,</strong></span> <span class='ocrx_word' id='word_1_288' title='bbox 1756 2035 1997 2105; x_wconf 86' lang='lat' dir='ltr'><strong>quidam,</strong></span> 
     </span>
    </p>
   </div>
   <div class='ocr_carea' id='block_1_37' title="bbox 2117 2032 3680 2109">
    <p class='ocr_par' dir='ltr' id='par_1_37' title="bbox 2171 2032 3680 2109">
     <span class='ocr_line' id='line_1_37' title="bbox 2171 2032 3680 2109; baseline -0.001 -19"><span class='ocrx_word' id='word_1_289' title='bbox 2171 2035 2269 2090; x_wconf 84' lang='lat' dir='ltr'><strong>IB&#39;.</strong></span> <span class='ocrx_word' id='word_1_290' title='bbox 2302 2039 2509 2109; x_wconf 83' lang='grc' dir='ltr'>Ὄνομα</span> <span class='ocrx_word' id='word_1_291' title='bbox 2535 2040 2590 2094; x_wconf 79' lang='grc' dir='ltr'>δὲ</span> <span class='ocrx_word' id='word_1_292' title='bbox 2620 2039 2991 2108; x_wconf 79' lang='grc' dir='ltr'>τδ,Χριστὸς,</span> <span class='ocrx_word' id='word_1_293' title='bbox 3028 2039 3257 2109; x_wconf 81' lang='grc' dir='ltr'>πρέπειν</span> <span class='ocrx_word' id='word_1_294' title='bbox 3289 2038 3411 2108; x_wconf 82' lang='grc' dir='ltr'>μὲν,</span> <span class='ocrx_word' id='word_1_295' title='bbox 3429 2038 3531 2091; x_wconf 82' lang='grc' dir='ltr'><strong>οὒκ</strong></span> <span class='ocrx_word' id='word_1_296' title='bbox 3558 2032 3680 2090; x_wconf 77' lang='grc' dir='ltr'>οἶδα</span> 
     </span>
    </p>
   </div>
   <div class='ocr_carea' id='block_1_38' title="bbox 437 2124 2012 2200">
    <p class='ocr_par' dir='ltr' id='par_1_38' title="bbox 437 2124 2001 2200">
     <span class='ocr_line' id='line_1_38' title="bbox 437 2124 2001 2200; baseline -0.006 -12"><span class='ocrx_word' id='word_1_297' title='bbox 437 2132 619 2187; x_wconf 88' lang='lat' dir='ltr'><strong>nescio</strong></span> <span class='ocrx_word' id='word_1_298' title='bbox 648 2129 948 2200; x_wconf 66' lang='lat' dir='ltr'><strong>quomoda,</strong></span> <span class='ocrx_word' id='word_1_299' title='bbox 979 2128 1073 2182; x_wconf 90' lang='lat' dir='ltr'><strong>Dei</strong></span> <span class='ocrx_word' id='word_1_300' title='bbox 1116 2126 1293 2182; x_wconf 84' lang='lat' dir='ltr'><strong>Patris</strong></span> <span class='ocrx_word' id='word_1_301' title='bbox 1334 2125 1509 2182; x_wconf 88' lang='lat' dir='ltr'><strong>Verbo</strong></span> <span class='ocrx_word' id='word_1_302' title='bbox 1559 2124 1722 2181; x_wconf 83' lang='lat' dir='ltr'><strong>etiam</strong></span> <span class='ocrx_word' id='word_1_303' title='bbox 1757 2138 2001 2179; x_wconf 89' lang='lat' dir='ltr'><strong>seorsum</strong></span> 
     </span>
    </p>
   </div>
   <div class='ocr_carea' id='block_1_39' title="bbox 2117 2124 3680 2200">
    <p class='ocr_par' dir='ltr' id='par_1_39' title="bbox 2117 2130 3680 2195">
     <span class='ocr_line' id='line_1_39' title="bbox 2117 2130 3680 2195; baseline 0.002 -14"><span class='ocrx_word' id='word_1_304' title='bbox 2117 2130 2693 2193; x_wconf 77' lang='grc' dir='ltr'>πῶς,δια6ε6αιοῦνταί</span> <span class='ocrx_word' id='word_1_305' title='bbox 2731 2149 2875 2195; x_wconf 85' lang='grc' dir='ltr'>τινες</span> <span class='ocrx_word' id='word_1_306' title='bbox 2916 2130 3010 2186; x_wconf 82' lang='grc' dir='ltr'><strong>καὶ</strong></span> <span class='ocrx_word' id='word_1_307' title='bbox 3059 2131 3244 2194; x_wconf 80' lang='grc' dir='ltr'>ίδικῶς</span> <span class='ocrx_word' id='word_1_308' title='bbox 3282 2147 3345 2183; x_wconf 83' lang='grc' dir='ltr'><strong>τε</strong></span> <span class='ocrx_word' id='word_1_309' title='bbox 3396 2133 3494 2183; x_wconf 82' lang='grc' dir='ltr'><strong>καὶ</strong></span> <span class='ocrx_word' id='word_1_310' title='bbox 3539 2132 3680 2184; x_wconf 77' lang='grc' dir='ltr'>κατὰ</span> 
     </span>
    </p>
   </div>
   <div class='ocr_carea' id='block_1_40' title="bbox 436 2218 2012 2296">
    <p class='ocr_par' dir='ltr' id='par_1_40' title="bbox 436 2218 2007 2296">
     <span class='ocr_line' id='line_1_40' title="bbox 436 2218 2007 2296; baseline -0.006 -15"><span class='ocrx_word' id='word_1_311' title='bbox 436 2242 499 2281; x_wconf 89' lang='lat' dir='ltr'><strong>ac</strong></span> <span class='ocrx_word' id='word_1_312' title='bbox 533 2242 625 2296; x_wconf 80' lang='lat' dir='ltr'><strong>per</strong></span> <span class='ocrx_word' id='word_1_313' title='bbox 650 2240 729 2289; x_wconf 90' lang='lat' dir='ltr'><strong>se,</strong></span> <span class='ocrx_word' id='word_1_314' title='bbox 764 2226 863 2279; x_wconf 89' lang='lat' dir='ltr'><strong>hoc</strong></span> <span class='ocrx_word' id='word_1_315' title='bbox 884 2232 988 2288; x_wconf 81' lang='lat' dir='ltr'><strong>e3t,</strong></span> <span class='ocrx_word' id='word_1_316' title='bbox 1036 2230 1096 2276; x_wconf 94' lang='lat' dir='ltr'><strong>ut</strong></span> <span class='ocrx_word' id='word_1_317' title='bbox 1124 2231 1275 2277; x_wconf 78' lang='lat' dir='ltr'><strong>extra</strong></span> <span class='ocrx_word' id='word_1_318' title='bbox 1318 2234 1536 2274; x_wconf 89' lang='lat' dir='ltr'><strong>carnem</strong></span> <span class='ocrx_word' id='word_1_319' title='bbox 1566 2218 1797 2287; x_wconf 91' lang='lat' dir='ltr'><strong>positum</strong></span> <span class='ocrx_word' id='word_1_320' title='bbox 1826 2225 2007 2272; x_wconf 90' lang='lat' dir='ltr'><strong>mente</strong></span> 
     </span>
    </p>
   </div>
   <div class='ocr_carea' id='block_1_41' title="bbox 2117 2218 3682 2296">
    <p class='ocr_par' dir='ltr' id='par_1_41' title="bbox 2117 2219 3682 2294">
     <span class='ocr_line' id='line_1_41' title="bbox 2117 2219 3682 2294; baseline 0 -21"><span class='ocrx_word' id='word_1_321' title='bbox 2117 2221 2295 2290; x_wconf 80' lang='grc' dir='ltr'>μόνας,</span> <span class='ocrx_word' id='word_1_322' title='bbox 2324 2219 2416 2276; x_wconf 77' lang='grc' dir='ltr'><strong>καὶ</strong></span> <span class='ocrx_word' id='word_1_323' title='bbox 2446 2222 2548 2289; x_wconf 73' lang='grc' dir='ltr'><strong>ἔξω</strong></span> <span class='ocrx_word' id='word_1_324' title='bbox 2583 2223 2782 2294; x_wconf 83' lang='grc' dir='ltr'>σαρκὸς</span> <span class='ocrx_word' id='word_1_325' title='bbox 2810 2222 2921 2276; x_wconf 78' lang='grc' dir='ltr'>δντι</span> <span class='ocrx_word' id='word_1_326' title='bbox 2964 2239 3023 2275; x_wconf 85' lang='grc' dir='ltr'>τε</span> <span class='ocrx_word' id='word_1_327' title='bbox 3059 2223 3153 2275; x_wconf 72' lang='grc' dir='ltr'><strong>καὶ</strong></span> <span class='ocrx_word' id='word_1_328' title='bbox 3195 2222 3479 2291; x_wconf 79' lang='grc' dir='ltr'>νοουμένῳ</span> <span class='ocrx_word' id='word_1_329' title='bbox 3507 2221 3588 2292; x_wconf 73' lang='grc' dir='ltr'><strong>τῷ</strong></span> <span class='ocrx_word' id='word_1_330' title='bbox 3618 2223 3682 2273; x_wconf 74' lang='grc' dir='ltr'><strong>ὲκ</strong></span> 
     </span>
    </p>
   </div>
   <div class='ocr_carea' id='block_1_42' title="bbox 435 2306 2005 2385">
    <p class='ocr_par' dir='ltr' id='par_1_42' title="bbox 435 2306 2005 2385">
     <span class='ocr_line' id='line_1_42' title="bbox 435 2306 2005 2385; baseline -0.009 -12"><span class='ocrx_word' id='word_1_331' title='bbox 435 2316 756 2385; x_wconf 86' lang='lat' dir='ltr'><strong>concipitur,</strong></span> <span class='ocrx_word' id='word_1_332' title='bbox 790 2313 1084 2369; x_wconf 86' lang='lat' dir='ltr'><strong>convenire</strong></span> <span class='ocrx_word' id='word_1_333' title='bbox 1122 2318 1396 2374; x_wconf 85' lang='lat' dir='ltr'><strong>asserunt,</strong></span> <span class='ocrx_word' id='word_1_334' title='bbox 1439 2324 1564 2363; x_wconf 80' lang='lat' dir='ltr'><strong>mox</strong></span> <span class='ocrx_word' id='word_1_335' title='bbox 1607 2323 1736 2363; x_wconf 89' lang='lat' dir='ltr'><strong>vero</strong></span> <span class='ocrx_word' id='word_1_336' title='bbox 1767 2308 1820 2362; x_wconf 91' lang='lat' dir='ltr'><strong>in</strong></span> <span class='ocrx_word' id='word_1_337' title='bbox 1860 2306 2005 2361; x_wconf 89' lang='lat' dir='ltr'><strong>illum</strong></span> 
     </span>
    </p>
   </div>
   <div class='ocr_carea' id='block_1_43' title="bbox 438 2397 2006 2478">
    <p class='ocr_par' dir='ltr' id='par_1_43' title="bbox 438 2397 2006 2478">
     <span class='ocr_line' id='line_1_43' title="bbox 438 2397 2006 2478; baseline -0.007 -15"><span class='ocrx_word' id='word_1_338' title='bbox 438 2424 653 2478; x_wconf 87' lang='lat' dir='ltr'><strong>quoque</strong></span> <span class='ocrx_word' id='word_1_339' title='bbox 707 2406 955 2461; x_wconf 90' lang='lat' dir='ltr'><strong>similiter</strong></span> <span class='ocrx_word' id='word_1_340' title='bbox 1003 2403 1132 2459; x_wconf 89' lang='lat' dir='ltr'><strong>illud</strong></span> <span class='ocrx_word' id='word_1_341' title='bbox 1186 2413 1494 2473; x_wconf 90' lang='lat' dir='ltr'><strong>competere</strong></span> <span class='ocrx_word' id='word_1_342' title='bbox 1542 2400 1893 2464; x_wconf 88' lang='lat' dir='ltr'><strong>contendunt,</strong></span> <span class='ocrx_word' id='word_1_343' title='bbox 1915 2397 2006 2468; x_wconf 89' lang='lat' dir='ltr'><strong>qui</strong></span> 
     </span>
    </p>
   </div>
   <div class='ocr_carea' id='block_1_44' title="bbox 436 2493 2011 2567">
    <p class='ocr_par' dir='ltr' id='par_1_44' title="bbox 436 2493 2011 2567">
     <span class='ocr_line' id='line_1_44' title="bbox 436 2493 2011 2567; baseline -0.006 -13"><span class='ocrx_word' id='word_1_344' title='bbox 436 2515 504 2554; x_wconf 78' lang='lat' dir='ltr'><strong>ex</strong></span> <span class='ocrx_word' id='word_1_345' title='bbox 529 2515 678 2554; x_wconf 86' lang='lat' dir='ltr'><strong>sacra</strong></span> <span class='ocrx_word' id='word_1_346' title='bbox 715 2498 934 2567; x_wconf 87' lang='lat' dir='ltr'><strong>Virgine</strong></span> <span class='ocrx_word' id='word_1_347' title='bbox 959 2505 1116 2550; x_wconf 85' lang='lat' dir='ltr'><strong>natus</strong></span> <span class='ocrx_word' id='word_1_348' title='bbox 1136 2503 1241 2557; x_wconf 87' lang='lat' dir='ltr'><strong>est,</strong></span> <span class='ocrx_word' id='word_1_349' title='bbox 1293 2504 1449 2563; x_wconf 88' lang='lat' dir='ltr'><strong>prout</strong></span> <span class='ocrx_word' id='word_1_350' title='bbox 1478 2493 1566 2547; x_wconf 91' lang='lat' dir='ltr'><strong>hic</strong></span> <span class='ocrx_word' id='word_1_351' title='bbox 1590 2506 1807 2561; x_wconf 90' lang='lat' dir='ltr'><strong>quoque</strong></span> <span class='ocrx_word' id='word_1_352' title='bbox 1832 2504 1928 2559; x_wconf 90' lang='lat' dir='ltr'><strong>per</strong></span> <span class='ocrx_word' id='word_1_353' title='bbox 1950 2504 2011 2545; x_wconf 93' lang='lat' dir='ltr'><strong>se</strong></span> 
     </span>
    </p>
   </div>
   <div class='ocr_carea' id='block_1_45' title="bbox 439 2586 2012 2660">
    <p class='ocr_par' dir='ltr' id='par_1_45' title="bbox 439 2586 2012 2660">
     <span class='ocr_line' id='line_1_45' title="bbox 439 2586 2012 2660; baseline -0.007 -15"><span class='ocrx_word' id='word_1_354' title='bbox 439 2591 729 2660; x_wconf 79' lang='lat' dir='ltr'><strong>separatim</strong></span> <span class='ocrx_word' id='word_1_355' title='bbox 786 2589 1083 2643; x_wconf 87' lang='lat' dir='ltr'><strong>subsistere</strong></span> <span class='ocrx_word' id='word_1_356' title='bbox 1132 2586 1856 2653; x_wconf 89' lang='lat' dir='ltr'><strong>consideratur:postremo</strong></span> <span class='ocrx_word' id='word_1_357' title='bbox 1896 2595 2012 2635; x_wconf 87' lang='lat' dir='ltr'><strong>am-</strong></span> 
     </span>
    </p>
   </div>
   <div class='ocr_carea' id='block_1_46' title="bbox 444 2676 2009 2748">
    <p class='ocr_par' dir='ltr' id='par_1_46' title="bbox 444 2676 2009 2748">
     <span class='ocr_line' id='line_1_46' title="bbox 444 2676 2009 2748; baseline -0.006 -12"><span class='ocrx_word' id='word_1_358' title='bbox 444 2683 617 2736; x_wconf 84' lang='lat' dir='ltr'><strong>bobus</strong></span> <span class='ocrx_word' id='word_1_359' title='bbox 676 2679 837 2735; x_wconf 90' lang='lat' dir='ltr'><strong>simul</strong></span> <span class='ocrx_word' id='word_1_360' title='bbox 892 2678 1117 2748; x_wconf 87' lang='lat' dir='ltr'><strong>perinde</strong></span> <span class='ocrx_word' id='word_1_361' title='bbox 1161 2692 1225 2732; x_wconf 90' lang='lat' dir='ltr'><strong>ac</strong></span> <span class='ocrx_word' id='word_1_362' title='bbox 1281 2677 1372 2731; x_wconf 89' lang='lat' dir='ltr'><strong>nni</strong></span> <span class='ocrx_word' id='word_1_363' title='bbox 1418 2688 1716 2746; x_wconf 74' lang='lat' dir='ltr'><strong>congruere</strong></span> <span class='ocrx_word' id='word_1_364' title='bbox 1771 2676 2009 2741; x_wconf 88' lang='lat' dir='ltr'><strong>tradunt,</strong></span> 
     </span>
    </p>
   </div>
   <div class='ocr_carea' id='block_1_47' title="bbox 440 2766 2010 2838">
    <p class='ocr_par' dir='ltr' id='par_1_47' title="bbox 440 2766 2010 2838">
     <span class='ocr_line' id='line_1_47' title="bbox 440 2766 2010 2838; baseline -0.005 -11"><span class='ocrx_word' id='word_1_365' title='bbox 440 2773 648 2827; x_wconf 82' lang='lat' dir='ltr'><strong>ratione</strong></span> <span class='ocrx_word' id='word_1_366' title='bbox 707 2771 959 2823; x_wconf 91' lang='lat' dir='ltr'><strong>nimirum</strong></span> <span class='ocrx_word' id='word_1_367' title='bbox 997 2767 1421 2838; x_wconf 69' lang='lat' dir='ltr'><strong>coniunctionis,</strong></span> <span class='ocrx_word' id='word_1_368' title='bbox 1452 2777 1514 2821; x_wconf 90' lang='lat' dir='ltr'><strong>ut</strong></span> <span class='ocrx_word' id='word_1_369' title='bbox 1558 2766 1659 2837; x_wconf 89' lang='lat' dir='ltr'><strong>ipsi</strong></span> <span class='ocrx_word' id='word_1_370' title='bbox 1695 2766 2010 2835; x_wconf 88' lang='lat' dir='ltr'><strong>loquuntur,</strong></span> 
     </span>
    </p>
   </div>
   <div class='ocr_carea' id='block_1_48' title="bbox 442 2858 2013 2929">
    <p class='ocr_par' dir='ltr' id='par_1_48' title="bbox 442 2858 2013 2929">
     <span class='ocr_line' id='line_1_48' title="bbox 442 2858 2013 2929; baseline -0.001 -13"><span class='ocrx_word' id='word_1_371' title='bbox 442 2863 495 2917; x_wconf 90' lang='lat' dir='ltr'><strong>in</strong></span> <span class='ocrx_word' id='word_1_372' title='bbox 525 2879 684 2916; x_wconf 87' lang='lat' dir='ltr'><strong>unam</strong></span> <span class='ocrx_word' id='word_1_373' title='bbox 711 2862 829 2916; x_wconf 87' lang='lat' dir='ltr'><strong>illos</strong></span> <span class='ocrx_word' id='word_1_374' title='bbox 856 2875 1139 2929; x_wconf 85' lang='lat' dir='ltr'><strong>personam</strong></span> <span class='ocrx_word' id='word_1_375' title='bbox 1167 2859 1484 2929; x_wconf 86' lang='lat' dir='ltr'><strong>colligantes</strong></span> <span class='ocrx_word' id='word_1_376' title='bbox 1510 2858 1529 2927; x_wconf 98' lang='lat'>(</span> <span class='ocrx_word' id='word_1_377' title='bbox 1555 2873 1679 2912; x_wconf 86' lang='lat' dir='ltr'><strong>nam</strong></span> <span class='ocrx_word' id='word_1_378' title='bbox 1700 2873 1842 2913; x_wconf 67' lang='lat' dir='ltr'><strong>verte</strong></span> <span class='ocrx_word' id='word_1_379' title='bbox 1871 2858 2013 2914; x_wconf 86' lang='lat' dir='ltr'><strong>illius</strong></span> 
     </span>
    </p>
   </div>
   <div class='ocr_carea' id='block_1_49' title="bbox 443 2950 2007 3022">
    <p class='ocr_par' dir='ltr' id='par_1_49' title="bbox 443 2950 2007 3022">
     <span class='ocr_line' id='line_1_49' title="bbox 443 2950 2007 3022; baseline -0.003 -15"><span class='ocrx_word' id='word_1_380' title='bbox 443 2952 810 3022; x_wconf 82' lang='lat' dir='ltr'><strong>naturalisque</strong></span> <span class='ocrx_word' id='word_1_381' title='bbox 865 2951 1105 3016; x_wconf 90' lang='lat' dir='ltr'><strong>unionis,</strong></span> <span class='ocrx_word' id='word_1_382' title='bbox 1144 2950 1355 3005; x_wconf 85' lang='lat' dir='ltr'><strong>etiamsi</strong></span> <span class='ocrx_word' id='word_1_383' title='bbox 1389 2964 1551 3003; x_wconf 87' lang='lat' dir='ltr'><strong>unam</strong></span> <span class='ocrx_word' id='word_1_384' title='bbox 1582 2950 1722 3004; x_wconf 86' lang='lat' dir='ltr'><strong>hanc</strong></span> <span class='ocrx_word' id='word_1_385' title='bbox 1761 2950 2007 3019; x_wconf 83' lang='lat' dir='ltr'><strong>mysterii</strong></span> 
     </span>
    </p>
   </div>
   <div class='ocr_carea' id='block_1_50' title="bbox 445 3040 2015 3114">
    <p class='ocr_par' dir='ltr' id='par_1_50' title="bbox 445 3040 2015 3114">
     <span class='ocr_line' id='line_1_50' title="bbox 445 3040 2015 3114; baseline -0.003 -16"><span class='ocrx_word' id='word_1_386' title='bbox 445 3044 602 3114; x_wconf 77' lang='lat' dir='ltr'><strong>hujus</strong></span> <span class='ocrx_word' id='word_1_387' title='bbox 636 3044 777 3097; x_wconf 84' lang='lat' dir='ltr'><strong>viam</strong></span> <span class='ocrx_word' id='word_1_388' title='bbox 807 3043 1042 3111; x_wconf 87' lang='lat' dir='ltr'><strong>planam,</strong></span> <span class='ocrx_word' id='word_1_389' title='bbox 1075 3049 1129 3095; x_wconf 88' lang='lat' dir='ltr'><strong>et</strong></span> <span class='ocrx_word' id='word_1_390' title='bbox 1176 3041 1246 3095; x_wconf 88' lang='lat' dir='ltr'><strong>ab</strong></span> <span class='ocrx_word' id='word_1_391' title='bbox 1290 3040 1435 3094; x_wconf 90' lang='lat' dir='ltr'><strong>omni</strong></span> <span class='ocrx_word' id='word_1_392' title='bbox 1473 3054 1660 3094; x_wconf 90' lang='lat' dir='ltr'><strong>errore</strong></span> <span class='ocrx_word' id='word_1_393' title='bbox 1690 3048 1859 3093; x_wconf 90' lang='lat' dir='ltr'><strong>tutam</strong></span> <span class='ocrx_word' id='word_1_394' title='bbox 1888 3055 2015 3108; x_wconf 79' lang='lat' dir='ltr'><strong>pre-</strong></span> 
     </span>
    </p>
   </div>
   <div class='ocr_carea' id='block_1_51' title="bbox 444 3129 2009 3204">
    <p class='ocr_par' dir='ltr' id='par_1_51' title="bbox 444 3129 2009 3204">
     <span class='ocr_line' id='line_1_51' title="bbox 444 3129 2009 3204; baseline -0.003 -16"><span class='ocrx_word' id='word_1_395' title='bbox 444 3135 674 3204; x_wconf 82' lang='lat' dir='ltr'><strong>positam</strong></span> <span class='ocrx_word' id='word_1_396' title='bbox 717 3133 975 3194; x_wconf 84' lang='lat' dir='ltr'><strong>habeant,</strong></span> <span class='ocrx_word' id='word_1_397' title='bbox 1008 3130 1154 3184; x_wconf 91' lang='lat' dir='ltr'><strong>nulla</strong></span> <span class='ocrx_word' id='word_1_398' title='bbox 1189 3131 1329 3199; x_wconf 84' lang='lat' dir='ltr'><strong>apud</strong></span> <span class='ocrx_word' id='word_1_399' title='bbox 1382 3129 1501 3183; x_wconf 91' lang='lat' dir='ltr'><strong>illos</strong></span> <span class='ocrx_word' id='word_1_400' title='bbox 1533 3129 1761 3182; x_wconf 89' lang='lat' dir='ltr'><strong>hahetnr</strong></span> <span class='ocrx_word' id='word_1_401' title='bbox 1797 3130 2009 3198; x_wconf 89' lang='lat' dir='ltr'><strong>ratio):</strong></span> 
     </span>
    </p>
   </div>
   <div class='ocr_carea' id='block_1_52' title="bbox 443 3218 2012 3293">
    <p class='ocr_par' dir='ltr' id='par_1_52' title="bbox 443 3218 2012 3293">
     <span class='ocr_line' id='line_1_52' title="bbox 443 3218 2012 3293; baseline -0.003 -18"><span class='ocrx_word' id='word_1_402' title='bbox 443 3233 497 3276; x_wconf 90' lang='lat' dir='ltr'><strong>et</strong></span> <span class='ocrx_word' id='word_1_403' title='bbox 531 3223 642 3275; x_wconf 69' lang='lat' dir='ltr'><strong>haec</strong></span> <span class='ocrx_word' id='word_1_404' title='bbox 670 3222 879 3293; x_wconf 86' lang='lat' dir='ltr'><strong>illorum</strong></span> <span class='ocrx_word' id='word_1_405' title='bbox 909 3220 1164 3273; x_wconf 83' lang='lat' dir='ltr'><strong>simulata</strong></span> <span class='ocrx_word' id='word_1_406' title='bbox 1190 3219 1461 3273; x_wconf 80' lang='lat' dir='ltr'><strong>confessio</strong></span> <span class='ocrx_word' id='word_1_407' title='bbox 1495 3233 1597 3272; x_wconf 91' lang='lat' dir='ltr'><strong>non</strong></span> <span class='ocrx_word' id='word_1_408' title='bbox 1651 3227 1732 3272; x_wconf 91' lang='lat' dir='ltr'><strong>est</strong></span> <span class='ocrx_word' id='word_1_409' title='bbox 1779 3218 2012 3283; x_wconf 84' lang='lat' dir='ltr'><strong>sincera,</strong></span> 
     </span>
    </p>
   </div>
   <div class='ocr_carea' id='block_1_53' title="bbox 446 3308 2015 3378">
    <p class='ocr_par' dir='ltr' id='par_1_53' title="bbox 446 3308 2015 3378">
     <span class='ocr_line' id='line_1_53' title="bbox 446 3308 2015 3378; baseline -0.003 -13"><span class='ocrx_word' id='word_1_410' title='bbox 446 3313 539 3366; x_wconf 89' lang='lat' dir='ltr'><strong>sed</strong></span> <span class='ocrx_word' id='word_1_411' title='bbox 562 3313 665 3365; x_wconf 85' lang='lat' dir='ltr'><strong>atri</strong></span> <span class='ocrx_word' id='word_1_412' title='bbox 702 3310 891 3365; x_wconf 81' lang='lat' dir='ltr'><strong>veneni</strong></span> <span class='ocrx_word' id='word_1_413' title='bbox 927 3311 1344 3378; x_wconf 73' lang='lat' dir='ltr'><strong>imposturzeque</strong></span> <span class='ocrx_word' id='word_1_414' title='bbox 1386 3308 1565 3378; x_wconf 86' lang='lat' dir='ltr'><strong>plena.</strong></span> <span class='ocrx_word' id='word_1_415' title='bbox 1611 3308 1743 3361; x_wconf 82' lang='lat' dir='ltr'><strong>Nam</strong></span> <span class='ocrx_word' id='word_1_416' title='bbox 1767 3324 1887 3362; x_wconf 92' lang='lat' dir='ltr'><strong>cum</strong></span> <span class='ocrx_word' id='word_1_417' title='bbox 1934 3310 2015 3363; x_wconf 81' lang='lat' dir='ltr'><strong>di-</strong></span> 
     </span>
    </p>
   </div>
   <div class='ocr_carea' id='block_1_54' title="bbox 447 3388 2087 3477">
    <p class='ocr_par' dir='ltr' id='par_1_54' title="bbox 447 3388 2087 3477">
     <span class='ocr_line' id='line_1_54' title="bbox 447 3388 2087 3477; baseline -0.001 -21"><span class='ocrx_word' id='word_1_418' title='bbox 447 3405 567 3477; x_wconf 76' lang='lat' dir='ltr'><strong>vina</strong></span> <span class='ocrx_word' id='word_1_419' title='bbox 599 3403 872 3471; x_wconf 86' lang='lat' dir='ltr'><strong>Scriptura</strong></span> <span class='ocrx_word' id='word_1_420' title='bbox 901 3401 1174 3456; x_wconf 89' lang='lat' dir='ltr'><strong>Christum</strong></span> <span class='ocrx_word' id='word_1_421' title='bbox 1200 3400 1504 3466; x_wconf 83' lang='lat' dir='ltr'><strong>nominans,</strong></span> <span class='ocrx_word' id='word_1_422' title='bbox 1532 3400 1711 3455; x_wconf 88' lang='lat' dir='ltr'><strong>omnia</strong></span> <span class='ocrx_word' id='word_1_423' title='bbox 1737 3400 1810 3453; x_wconf 92' lang='lat' dir='ltr'><strong>illi</strong></span> <span class='ocrx_word' id='word_1_424' title='bbox 1836 3401 2016 3455; x_wconf 87' lang='lat' dir='ltr'><strong>divina</strong></span> <span class='ocrx_word' id='word_1_425' title='bbox 2046 3388 2087 3443; x_wconf 66' lang='grc' dir='ltr'><strong>(ἶ</strong></span> 
     </span>
    </p>
   </div>
   <div class='ocr_carea' id='block_1_55' title="bbox 448 3489 2014 3561">
    <p class='ocr_par' dir='ltr' id='par_1_55' title="bbox 448 3489 2014 3561">
     <span class='ocr_line' id='line_1_55' title="bbox 448 3489 2014 3561; baseline -0.001 -16"><span class='ocrx_word' id='word_1_426' title='bbox 448 3491 763 3559; x_wconf 87' lang='lat' dir='ltr'><strong>simpliciter</strong></span> <span class='ocrx_word' id='word_1_427' title='bbox 788 3489 895 3561; x_wconf 70' lang='grc'><strong>54,</strong></span> <span class='ocrx_word' id='word_1_428' title='bbox 913 3489 1109 3543; x_wconf 87' lang='lat' dir='ltr'><strong>tribuat</strong></span> <span class='ocrx_word' id='word_1_429' title='bbox 1149 3489 1334 3560; x_wconf 88' lang='lat' dir='ltr'><strong>(novit</strong></span> <span class='ocrx_word' id='word_1_430' title='bbox 1386 3490 1554 3553; x_wconf 91' lang='lat' dir='ltr'><strong>enim,</strong></span> <span class='ocrx_word' id='word_1_431' title='bbox 1580 3490 1749 3553; x_wconf 86' lang='lat' dir='ltr'><strong>novit,</strong></span> <span class='ocrx_word' id='word_1_432' title='bbox 1773 3490 2014 3560; x_wconf 87' lang='lat' dir='ltr'><strong>inquam,</strong></span> 
     </span>
    </p>
   </div>
   <div class='ocr_carea' id='block_1_56' title="bbox 448 3580 2018 3653">
    <p class='ocr_par' dir='ltr' id='par_1_56' title="bbox 448 3580 2018 3653">
     <span class='ocr_line' id='line_1_56' title="bbox 448 3580 2018 3653; baseline 0.001 -18"><span class='ocrx_word' id='word_1_433' title='bbox 448 3582 563 3647; x_wconf 89' lang='lat' dir='ltr'><strong>illa,</strong></span> <span class='ocrx_word' id='word_1_434' title='bbox 597 3582 687 3635; x_wconf 87' lang='lat' dir='ltr'><strong>Dei</strong></span> <span class='ocrx_word' id='word_1_435' title='bbox 720 3580 949 3635; x_wconf 80' lang='lat' dir='ltr'><strong>Verbum</strong></span> <span class='ocrx_word' id='word_1_436' title='bbox 987 3580 1041 3634; x_wconf 91' lang='lat' dir='ltr'><strong>in</strong></span> <span class='ocrx_word' id='word_1_437' title='bbox 1104 3581 1338 3635; x_wconf 89' lang='lat' dir='ltr'><strong>humana</strong></span> <span class='ocrx_word' id='word_1_438' title='bbox 1388 3581 1557 3636; x_wconf 81' lang='lat' dir='ltr'><strong>forma</strong></span> <span class='ocrx_word' id='word_1_439' title='bbox 1607 3583 1921 3653; x_wconf 85' lang='lat' dir='ltr'><strong>apparuisse</strong></span> <span class='ocrx_word' id='word_1_440' title='bbox 1963 3595 2018 3637; x_wconf 90' lang='lat' dir='ltr'><strong>et</strong></span> 
     </span>
    </p>
   </div>
   <div class='ocr_carea' id='block_1_57' title="bbox 448 3672 2021 3744">
    <p class='ocr_par' dir='ltr' id='par_1_57' title="bbox 448 3672 2021 3744">
     <span class='ocr_line' id='line_1_57' title="bbox 448 3672 2021 3744; baseline 0.001 -19"><span class='ocrx_word' id='word_1_441' title='bbox 448 3687 665 3726; x_wconf 89' lang='lat' dir='ltr'><strong>carnem</strong></span> <span class='ocrx_word' id='word_1_442' title='bbox 692 3672 890 3727; x_wconf 83' lang='lat' dir='ltr'><strong>factum</strong></span> <span class='ocrx_word' id='word_1_443' title='bbox 929 3672 1117 3744; x_wconf 88' lang='lat' dir='ltr'><strong>esse);</strong></span> <span class='ocrx_word' id='word_1_444' title='bbox 1163 3673 1374 3729; x_wconf 91' lang='lat' dir='ltr'><strong>illorum</strong></span> <span class='ocrx_word' id='word_1_445' title='bbox 1402 3683 1581 3729; x_wconf 87' lang='lat' dir='ltr'><strong>autem</strong></span> <span class='ocrx_word' id='word_1_446' title='bbox 1635 3675 1937 3729; x_wconf 87' lang='lat' dir='ltr'><strong>institutum</strong></span> <span class='ocrx_word' id='word_1_447' title='bbox 1966 3684 2021 3729; x_wconf 92' lang='lat' dir='ltr'><strong>et</strong></span> 
     </span>
    </p>
   </div>
   <div class='ocr_carea' id='block_1_58' title="bbox 451 3764 2023 3835">
    <p class='ocr_par' dir='ltr' id='par_1_58' title="bbox 451 3764 2023 3835">
     <span class='ocr_line' id='line_1_58' title="bbox 451 3764 2023 3835; baseline 0.001 -16"><span class='ocrx_word' id='word_1_448' title='bbox 451 3779 665 3834; x_wconf 89' lang='lat' dir='ltr'><strong>scopus,</strong></span> <span class='ocrx_word' id='word_1_449' title='bbox 698 3764 789 3835; x_wconf 90' lang='lat' dir='ltr'><strong>qui</strong></span> <span class='ocrx_word' id='word_1_450' title='bbox 839 3766 1051 3820; x_wconf 85' lang='lat' dir='ltr'><strong>diversa</strong></span> <span class='ocrx_word' id='word_1_451' title='bbox 1082 3766 1149 3819; x_wconf 87' lang='lat' dir='ltr'><strong>ab</strong></span> <span class='ocrx_word' id='word_1_452' title='bbox 1188 3765 1275 3821; x_wconf 91' lang='lat' dir='ltr'><strong>bis</strong></span> <span class='ocrx_word' id='word_1_453' title='bbox 1303 3766 1562 3832; x_wconf 90' lang='lat' dir='ltr'><strong>sentiunt,</strong></span> <span class='ocrx_word' id='word_1_454' title='bbox 1597 3768 1669 3822; x_wconf 89' lang='lat' dir='ltr'><strong>sit</strong></span> <span class='ocrx_word' id='word_1_455' title='bbox 1697 3766 2023 3835; x_wconf 85' lang='lat' dir='ltr'><strong>persuadere</strong></span> 
     </span>
    </p>
   </div>
   <div class='ocr_carea' id='block_1_59' title="bbox 450 3857 2005 3927">
    <p class='ocr_par' dir='ltr' id='par_1_59' title="bbox 450 3857 2005 3927">
     <span class='ocr_line' id='line_1_59' title="bbox 450 3857 2005 3927; baseline 0 -17"><span class='ocrx_word' id='word_1_456' title='bbox 450 3872 570 3911; x_wconf 91' lang='lat' dir='ltr'><strong>eum</strong></span> <span class='ocrx_word' id='word_1_457' title='bbox 594 3857 685 3927; x_wconf 90' lang='lat' dir='ltr'><strong>qui</strong></span> <span class='ocrx_word' id='word_1_458' title='bbox 712 3872 777 3912; x_wconf 81' lang='lat' dir='ltr'><strong>ex</strong></span> <span class='ocrx_word' id='word_1_459' title='bbox 812 3858 1036 3913; x_wconf 87' lang='lat' dir='ltr'><strong>muliere</strong></span> <span class='ocrx_word' id='word_1_460' title='bbox 1071 3867 1228 3913; x_wconf 90' lang='lat' dir='ltr'><strong>natus</strong></span> <span class='ocrx_word' id='word_1_461' title='bbox 1251 3865 1353 3924; x_wconf 88' lang='lat' dir='ltr'><strong>est,</strong></span> <span class='ocrx_word' id='word_1_462' title='bbox 1378 3858 1649 3913; x_wconf 87' lang='lat' dir='ltr'><strong>hominem</strong></span> <span class='ocrx_word' id='word_1_463' title='bbox 1697 3870 1816 3912; x_wconf 89' lang='lat' dir='ltr'><strong>esse</strong></span> <span class='ocrx_word' id='word_1_464' title='bbox 1842 3872 2005 3910; x_wconf 88' lang='lat' dir='ltr'><strong>unum</strong></span> 
     </span>
    </p>
   </div>
   <div class='ocr_carea' id='block_1_60' title="bbox 452 3949 2025 4019">
    <p class='ocr_par' dir='ltr' id='par_1_60' title="bbox 452 3949 2025 4019">
     <span class='ocr_line' id='line_1_60' title="bbox 452 3949 2025 4019; baseline 0.003 -19"><span class='ocrx_word' id='word_1_465' title='bbox 452 3949 887 4017; x_wconf 87' lang='lat' dir='ltr'><strong>quempiam,qui</strong></span> <span class='ocrx_word' id='word_1_466' title='bbox 927 3964 1023 4019; x_wconf 89' lang='lat' dir='ltr'><strong>per</strong></span> <span class='ocrx_word' id='word_1_467' title='bbox 1051 3949 1406 4015; x_wconf 89' lang='lat' dir='ltr'><strong>incrementa,</strong></span> <span class='ocrx_word' id='word_1_468' title='bbox 1440 3958 1498 4004; x_wconf 87' lang='lat' dir='ltr'><strong>ut</strong></span> <span class='ocrx_word' id='word_1_469' title='bbox 1525 3949 1661 4012; x_wconf 80' lang='lat' dir='ltr'><strong>dixi,</strong></span> <span class='ocrx_word' id='word_1_470' title='bbox 1696 3957 1751 4003; x_wconf 90' lang='lat' dir='ltr'><strong>et</strong></span> <span class='ocrx_word' id='word_1_471' title='bbox 1785 3964 1882 4019; x_wconf 90' lang='lat' dir='ltr'><strong>per</strong></span> <span class='ocrx_word' id='word_1_472' title='bbox 1904 3963 2025 4018; x_wconf 87' lang='lat' dir='ltr'><strong>pro-</strong></span> 
     </span>
    </p>
   </div>
   <div class='ocr_carea' id='block_1_61' title="bbox 2106 2313 3680 2386">
    <p class='ocr_par' dir='ltr' id='par_1_61' title="bbox 2106 2313 3680 2386">
     <span class='ocr_line' id='line_1_61' title="bbox 2106 2313 3680 2386; baseline 0.001 -20"><span class='ocrx_word' id='word_1_473' title='bbox 2106 2313 2241 2368; x_wconf 82' lang='grc' dir='ltr'><strong>Θεοῦ</strong></span> <span class='ocrx_word' id='word_1_474' title='bbox 2270 2316 2424 2382; x_wconf 80' lang='grc' dir='ltr'>φύντι</span> <span class='ocrx_word' id='word_1_475' title='bbox 2452 2315 2609 2386; x_wconf 84' lang='grc' dir='ltr'>Λόγῳ</span> <span class='ocrx_word' id='word_1_476' title='bbox 2628 2333 2641 2345; x_wconf 68' lang='grc' dir='ltr'>θ</span> <span class='ocrx_word' id='word_1_477' title='bbox 2675 2315 2908 2386; x_wconf 80' lang='grc' dir='ltr'>πρέπειν</span> <span class='ocrx_word' id='word_1_478' title='bbox 2929 2317 2986 2370; x_wconf 74' lang='grc' dir='ltr'>δὲ</span> <span class='ocrx_word' id='word_1_479' title='bbox 3013 2317 3216 2386; x_wconf 81' lang='grc' dir='ltr'>ὁμοίως</span> <span class='ocrx_word' id='word_1_480' title='bbox 3241 2317 3338 2369; x_wconf 75' lang='grc' dir='ltr'><strong>καὶ</strong></span> <span class='ocrx_word' id='word_1_481' title='bbox 3373 2314 3455 2385; x_wconf 80' lang='grc' dir='ltr'>τῷ</span> <span class='ocrx_word' id='word_1_482' title='bbox 3487 2317 3551 2367; x_wconf 82' lang='grc' dir='ltr'><strong>ὲκ</strong></span> <span class='ocrx_word' id='word_1_483' title='bbox 3580 2314 3680 2383; x_wconf 71' lang='grc' dir='ltr'>τῆς</span> 
     </span>
    </p>
   </div>
   <div class='ocr_carea' id='block_1_62' title="bbox 2110 2406 3678 2478">
    <p class='ocr_par' dir='ltr' id='par_1_62' title="bbox 2110 2406 3678 2478">
     <span class='ocr_line' id='line_1_62' title="bbox 2110 2406 3678 2478; baseline -0.001 -20"><span class='ocrx_word' id='word_1_484' title='bbox 2110 2406 2274 2473; x_wconf 82' lang='grc' dir='ltr'>ἁγίας</span> <span class='ocrx_word' id='word_1_485' title='bbox 2299 2407 2576 2477; x_wconf 62' lang='grc' dir='ltr'>Παρθένου</span> <span class='ocrx_word' id='word_1_486' title='bbox 2602 2407 3002 2478; x_wconf 84' lang='grc' dir='ltr'>γεγεννημένῳ,</span> <span class='ocrx_word' id='word_1_487' title='bbox 3030 2408 3133 2461; x_wconf 76' lang='grc' dir='ltr'><strong>κᾶν</strong></span> <span class='ocrx_word' id='word_1_488' title='bbox 3157 2408 3205 2459; x_wconf 83' lang='grc' dir='ltr'><strong>εἰ</strong></span> <span class='ocrx_word' id='word_1_489' title='bbox 3223 2410 3399 2459; x_wconf 84' lang='grc' dir='ltr'>νοοῖτο</span> <span class='ocrx_word' id='word_1_490' title='bbox 3420 2406 3678 2475; x_wconf 71' lang='grc' dir='ltr'>ὑπάρχων</span> 
     </span>
    </p>
   </div>
   <div class='ocr_carea' id='block_1_63' title="bbox 2110 2497 3680 2571">
    <p class='ocr_par' dir='ltr' id='par_1_63' title="bbox 2110 2497 3680 2571">
     <span class='ocr_line' id='line_1_63' title="bbox 2110 2497 3680 2571; baseline -0.001 -19"><span class='ocrx_word' id='word_1_491' title='bbox 2110 2500 2251 2553; x_wconf 77' lang='grc' dir='ltr'>κατὰ</span> <span class='ocrx_word' id='word_1_492' title='bbox 2280 2501 2448 2571; x_wconf 86' lang='grc' dir='ltr'>μόνας</span> <span class='ocrx_word' id='word_1_493' title='bbox 2474 2499 2553 2553; x_wconf 80' lang='grc' dir='ltr'>ἔτι</span> <span class='ocrx_word' id='word_1_494' title='bbox 2582 2500 2677 2554; x_wconf 68' lang='grc' dir='ltr'><strong>καὶ</strong></span> <span class='ocrx_word' id='word_1_495' title='bbox 2701 2499 2823 2553; x_wconf 78' lang='grc' dir='ltr'>καθ’</span> <span class='ocrx_word' id='word_1_496' title='bbox 2845 2500 3038 2553; x_wconf 77' lang='grc' dir='ltr'>ἑαυτόν</span> <span class='ocrx_word' id='word_1_497' title='bbox 3058 2517 3072 2530; x_wconf 86' lang='grc'><strong>·</strong></span> <span class='ocrx_word' id='word_1_498' title='bbox 3100 2500 3195 2553; x_wconf 77' lang='grc' dir='ltr'><strong>καὶ</strong></span> <span class='ocrx_word' id='word_1_499' title='bbox 3229 2499 3432 2569; x_wconf 83' lang='grc' dir='ltr'>τρίτως</span> <span class='ocrx_word' id='word_1_500' title='bbox 3464 2498 3523 2551; x_wconf 74' lang='grc' dir='ltr'>δὲ</span> <span class='ocrx_word' id='word_1_501' title='bbox 3550 2497 3680 2566; x_wconf 74' lang='grc' dir='ltr'>πρέ·</span> 
     </span>
    </p>
   </div>
   <div class='ocr_carea' id='block_1_64' title="bbox 2094 2588 3679 2662">
    <p class='ocr_par' dir='ltr' id='par_1_64' title="bbox 2094 2588 3679 2662">
     <span class='ocr_line' id='line_1_64' title="bbox 2094 2588 3679 2662; baseline -0.003 -18"><span class='ocrx_word' id='word_1_502' title='bbox 2094 2607 2233 2644; x_wconf 84' lang='grc' dir='ltr'>,πειν</span> <span class='ocrx_word' id='word_1_503' title='bbox 2283 2591 2506 2662; x_wconf 80' lang='grc' dir='ltr'>ἀμφοῖν,</span> <span class='ocrx_word' id='word_1_504' title='bbox 2551 2592 2747 2644; x_wconf 74' lang='grc' dir='ltr'>ὡσανεὶ</span> <span class='ocrx_word' id='word_1_505' title='bbox 2785 2605 2810 2633; x_wconf 73' lang='grc' dir='ltr'><strong>ι</strong></span> <span class='ocrx_word' id='word_1_506' title='bbox 2862 2590 2958 2644; x_wconf 85' lang='grc' dir='ltr'><strong>τοῦ</strong></span> <span class='ocrx_word' id='word_1_507' title='bbox 3001 2591 3102 2660; x_wconf 83' lang='grc' dir='ltr'><strong>τῆς</strong></span> <span class='ocrx_word' id='word_1_508' title='bbox 3149 2589 3450 2658; x_wconf 77' lang='grc' dir='ltr'>συναφείας</span> <span class='ocrx_word' id='word_1_509' title='bbox 3497 2588 3679 2657; x_wconf 80' lang='grc' dir='ltr'>λόγου,</span> 
     </span>
    </p>
   </div>
   <div class='ocr_carea' id='block_1_65' title="bbox 2111 2681 3683 2750">
    <p class='ocr_par' dir='ltr' id='par_1_65' title="bbox 2111 2681 3683 2750">
     <span class='ocr_line' id='line_1_65' title="bbox 2111 2681 3683 2750; baseline -0.001 -17"><span class='ocrx_word' id='word_1_510' title='bbox 2111 2681 2359 2750; x_wconf 82' lang='grc' dir='ltr'>καθάπερ</span> <span class='ocrx_word' id='word_1_511' title='bbox 2392 2682 2544 2735; x_wconf 78' lang='grc' dir='ltr'>αὐτοί</span> <span class='ocrx_word' id='word_1_512' title='bbox 2587 2698 2770 2749; x_wconf 86' lang='grc' dir='ltr'>φασιν,</span> <span class='ocrx_word' id='word_1_513' title='bbox 2804 2685 2882 2745; x_wconf 87' lang='grc' dir='ltr'><strong>εἰς</strong></span> <span class='ocrx_word' id='word_1_514' title='bbox 2921 2681 2980 2735; x_wconf 77' lang='grc' dir='ltr'>ἓν</span> <span class='ocrx_word' id='word_1_515' title='bbox 3010 2682 3205 2743; x_wconf 83' lang='grc' dir='ltr'>αὐτοὺς</span> <span class='ocrx_word' id='word_1_516' title='bbox 3233 2682 3528 2747; x_wconf 77' lang='grc' dir='ltr'>πρόσωπον</span> <span class='ocrx_word' id='word_1_517' title='bbox 3564 2696 3683 2732; x_wconf 85' lang='grc' dir='ltr'>συν-</span> 
     </span>
    </p>
   </div>
   <div class='ocr_carea' id='block_1_66' title="bbox 2113 2768 3681 2841">
    <p class='ocr_par' dir='ltr' id='par_1_66' title="bbox 2113 2768 3681 2841">
     <span class='ocr_line' id='line_1_66' title="bbox 2113 2768 3681 2841; baseline -0.001 -19"><span class='ocrx_word' id='word_1_518' title='bbox 2113 2770 2409 2834; x_wconf 83' lang='grc' dir='ltr'>εισδέοντες</span> <span class='ocrx_word' id='word_1_519' title='bbox 2427 2779 2455 2818; x_wconf 69' lang='grc' dir='ltr'><em>γ</em></span> <span class='ocrx_word' id='word_1_520' title='bbox 2481 2784 2494 2796; x_wconf 68' lang='grc'><strong>⁸</strong></span> <span class='ocrx_word' id='word_1_521' title='bbox 2520 2770 2766 2835; x_wconf 76' lang='grc' dir='ltr'>ἑνὼσεως</span> <span class='ocrx_word' id='word_1_522' title='bbox 2791 2770 2899 2841; x_wconf 86' lang='grc' dir='ltr'>γὰρ</span> <span class='ocrx_word' id='word_1_523' title='bbox 2925 2771 3024 2841; x_wconf 83' lang='grc' dir='ltr'><strong>τῆς</strong></span> <span class='ocrx_word' id='word_1_524' title='bbox 3051 2770 3193 2823; x_wconf 67' lang='grc' dir='ltr'>κατὰ</span> <span class='ocrx_word' id='word_1_525' title='bbox 3232 2770 3396 2837; x_wconf 80' lang='grc' dir='ltr'>φύσιν</span> <span class='ocrx_word' id='word_1_526' title='bbox 3421 2770 3518 2822; x_wconf 73' lang='grc' dir='ltr'><strong>καὶ</strong></span> <span class='ocrx_word' id='word_1_527' title='bbox 3549 2768 3681 2836; x_wconf 75' lang='grc' dir='ltr'>ἀλη-</span> 
     </span>
    </p>
   </div>
   <div class='ocr_carea' id='block_1_67' title="bbox 2113 2858 3681 2929">
    <p class='ocr_par' dir='ltr' id='par_1_67' title="bbox 2113 2858 3681 2929">
     <span class='ocr_line' id='line_1_67' title="bbox 2113 2858 3681 2929; baseline -0.001 -18"><span class='ocrx_word' id='word_1_528' title='bbox 2113 2858 2240 2922; x_wconf 86' lang='grc' dir='ltr'>θοῦς</span> <span class='ocrx_word' id='word_1_529' title='bbox 2272 2859 2448 2923; x_wconf 76' lang='grc' dir='ltr'>οὐδεὶς</span> <span class='ocrx_word' id='word_1_530' title='bbox 2473 2860 2626 2926; x_wconf 78' lang='grc' dir='ltr'>λόγος</span> <span class='ocrx_word' id='word_1_531' title='bbox 2654 2860 2835 2923; x_wconf 81' lang='grc' dir='ltr'>αὐτοῖς</span> <span class='ocrx_word' id='word_1_532' title='bbox 2855 2876 2868 2891; x_wconf 88' lang='grc'><strong>·</strong></span> <span class='ocrx_word' id='word_1_533' title='bbox 2895 2860 3073 2913; x_wconf 86' lang='grc' dir='ltr'>καίτοι</span> <span class='ocrx_word' id='word_1_534' title='bbox 3108 2859 3315 2928; x_wconf 83' lang='grc' dir='ltr'>ταύτην</span> <span class='ocrx_word' id='word_1_535' title='bbox 3347 2859 3558 2929; x_wconf 80' lang='grc' dir='ltr'>ἔχοντος</span> <span class='ocrx_word' id='word_1_536' title='bbox 3586 2859 3681 2909; x_wconf 74' lang='grc' dir='ltr'><strong>τοῦ</strong></span> 
     </span>
    </p>
   </div>
   <div class='ocr_carea' id='block_1_68' title="bbox 2118 2949 3680 3024">
    <p class='ocr_par' dir='ltr' id='par_1_68' title="bbox 2118 2949 3680 3024">
     <span class='ocr_line' id='line_1_68' title="bbox 2118 2949 3680 3024; baseline -0.001 -20"><span class='ocrx_word' id='word_1_537' title='bbox 2118 2952 2415 3022; x_wconf 78' lang='grc' dir='ltr'>μυστηρίου</span> <span class='ocrx_word' id='word_1_538' title='bbox 2442 2953 2539 3019; x_wconf 85' lang='grc' dir='ltr'>τὴν</span> <span class='ocrx_word' id='word_1_539' title='bbox 2573 2950 2690 3005; x_wconf 67' lang='grc' dir='ltr'>ὁδὸν</span> <span class='ocrx_word' id='word_1_540' title='bbox 2721 2952 2887 3024; x_wconf 84' lang='grc' dir='ltr'>ὀρθὴν</span> <span class='ocrx_word' id='word_1_541' title='bbox 2930 2953 3024 3006; x_wconf 72' lang='grc' dir='ltr'><strong>καὶ</strong></span> <span class='ocrx_word' id='word_1_542' title='bbox 3055 2951 3488 3020; x_wconf 75' lang='grc' dir='ltr'>ἀπλανεστάτην’</span> <span class='ocrx_word' id='word_1_543' title='bbox 3519 2949 3615 3002; x_wconf 78' lang='grc' dir='ltr'><strong>καὶ</strong></span> <span class='ocrx_word' id='word_1_544' title='bbox 3642 2951 3680 3019; x_wconf 77' lang='grc' dir='ltr'>ἡ</span> 
     </span>
    </p>
   </div>
   <div class='ocr_carea' id='block_1_69' title="bbox 2118 3039 3685 3112">
    <p class='ocr_par' dir='ltr' id='par_1_69' title="bbox 2118 3039 3685 3112">
     <span class='ocr_line' id='line_1_69' title="bbox 2118 3039 3685 3112; baseline -0.001 -20"><span class='ocrx_word' id='word_1_545' title='bbox 2118 3039 2313 3109; x_wconf 71' lang='grc' dir='ltr'>σκῆψις</span> <span class='ocrx_word' id='word_1_546' title='bbox 2356 3040 2533 3094; x_wconf 71' lang='grc' dir='ltr'>αὐτῶν</span> <span class='ocrx_word' id='word_1_547' title='bbox 2578 3042 2677 3111; x_wconf 81' lang='grc' dir='ltr'><strong>οὐχ</strong></span> <span class='ocrx_word' id='word_1_548' title='bbox 2723 3042 2866 3111; x_wconf 84' lang='grc' dir='ltr'>ἁπλῆ</span> <span class='ocrx_word' id='word_1_549' title='bbox 2894 3080 2909 3101; x_wconf 89' lang='grc'><strong>.</strong></span> <span class='ocrx_word' id='word_1_550' title='bbox 2967 3041 3190 3112; x_wconf 77' lang='grc' dir='ltr'>πικρίας</span> <span class='ocrx_word' id='word_1_551' title='bbox 3228 3041 3290 3093; x_wconf 76' lang='grc' dir='ltr'>δὲ</span> <span class='ocrx_word' id='word_1_552' title='bbox 3345 3039 3544 3110; x_wconf 82' lang='grc' dir='ltr'>μᾶλλον</span> <span class='ocrx_word' id='word_1_553' title='bbox 3586 3039 3685 3092; x_wconf 71' lang='grc' dir='ltr'><strong>καὶ</strong></span> 
     </span>
    </p>
   </div>
   <div class='ocr_carea' id='block_1_70' title="bbox 2117 3131 3684 3202">
    <p class='ocr_par' dir='ltr' id='par_1_70' title="bbox 2117 3131 3684 3202">
     <span class='ocr_line' id='line_1_70' title="bbox 2117 3131 3684 3202; baseline -0.001 -19"><span class='ocrx_word' id='word_1_554' title='bbox 2117 3131 2331 3202; x_wconf 80' lang='grc' dir='ltr'><strong>ἀπάτης</strong></span> <span class='ocrx_word' id='word_1_555' title='bbox 2403 3131 2771 3201; x_wconf 84' lang='grc' dir='ltr'>μεμέστωται.</span> <span class='ocrx_word' id='word_1_556' title='bbox 2826 3133 3042 3201; x_wconf 77' lang='grc' dir='ltr'>Ἐπειδὴ</span> <span class='ocrx_word' id='word_1_557' title='bbox 3090 3132 3198 3200; x_wconf 82' lang='grc' dir='ltr'>γὰρ</span> <span class='ocrx_word' id='word_1_558' title='bbox 3238 3134 3273 3200; x_wconf 77' lang='grc' dir='ltr'><strong>ἡ</strong></span> <span class='ocrx_word' id='word_1_559' title='bbox 3329 3131 3684 3192; x_wconf 80' lang='grc' dir='ltr'>θεόπνευστος</span> 
     </span>
    </p>
   </div>
   <div class='ocr_carea' id='block_1_71' title="bbox 2117 3222 3686 3296">
    <p class='ocr_par' dir='ltr' id='par_1_71' title="bbox 2117 3222 3686 3296">
     <span class='ocr_line' id='line_1_71' title="bbox 2117 3222 3686 3296; baseline 0.002 -23"><span class='ocrx_word' id='word_1_560' title='bbox 2117 3222 2307 3293; x_wconf 82' lang='grc' dir='ltr'>Γραφὴ</span> <span class='ocrx_word' id='word_1_561' title='bbox 2349 3223 2581 3293; x_wconf 84' lang='grc' dir='ltr'>Χριστὸν</span> <span class='ocrx_word' id='word_1_562' title='bbox 2611 3224 2972 3294; x_wconf 79' lang='grc' dir='ltr'>όνομάζουσα,</span> <span class='ocrx_word' id='word_1_563' title='bbox 3006 3225 3182 3279; x_wconf 82' lang='grc' dir='ltr'>πάντα</span> <span class='ocrx_word' id='word_1_564' title='bbox 3207 3224 3357 3294; x_wconf 83' lang='grc' dir='ltr'><strong>αῦτῷ</strong></span> <span class='ocrx_word' id='word_1_565' title='bbox 3391 3224 3686 3296; x_wconf 78' lang='grc' dir='ltr'>προσνέμει</span> 
     </span>
    </p>
   </div>
   <div class='ocr_carea' id='block_1_72' title="bbox 2120 3312 3683 3388">
    <p class='ocr_par' dir='ltr' id='par_1_72' title="bbox 2120 3312 3683 3388">
     <span class='ocr_line' id='line_1_72' title="bbox 2120 3312 3683 3388; baseline 0.002 -22"><span class='ocrx_word' id='word_1_566' title='bbox 2120 3316 2188 3367; x_wconf 74' lang='grc' dir='ltr'>τὰ</span> <span class='ocrx_word' id='word_1_567' title='bbox 2214 3314 2491 3385; x_wconf 83' lang='grc' dir='ltr'>θεοπρεπῆ</span> <span class='ocrx_word' id='word_1_568' title='bbox 2539 3312 2685 3380; x_wconf 73' lang='grc' dir='ltr'>(οἶδε</span> <span class='ocrx_word' id='word_1_569' title='bbox 2728 3317 2858 3388; x_wconf 83' lang='grc' dir='ltr'>γὰρ,</span> <span class='ocrx_word' id='word_1_570' title='bbox 2908 3313 3017 3369; x_wconf 82' lang='grc' dir='ltr'>οἶδε</span> <span class='ocrx_word' id='word_1_571' title='bbox 3057 3318 3115 3369; x_wconf 84' lang='grc' dir='ltr'>ὲν</span> <span class='ocrx_word' id='word_1_572' title='bbox 3146 3316 3466 3388; x_wconf 72' lang='grc' dir='ltr'>ἀνθρωπεία</span> <span class='ocrx_word' id='word_1_573' title='bbox 3502 3318 3683 3386; x_wconf 72' lang='grc' dir='ltr'>μορφῇ</span> 
     </span>
    </p>
   </div>
   <div class='ocr_carea' id='block_1_73' title="bbox 2122 3406 3685 3481">
    <p class='ocr_par' dir='ltr' id='par_1_73' title="bbox 2122 3406 3685 3481">
     <span class='ocr_line' id='line_1_73' title="bbox 2122 3406 3685 3481; baseline 0.003 -23"><span class='ocrx_word' id='word_1_574' title='bbox 2122 3406 2399 3475; x_wconf 80' lang='grc' dir='ltr'>πεφηνότα</span> <span class='ocrx_word' id='word_1_575' title='bbox 2428 3408 2522 3460; x_wconf 76' lang='grc' dir='ltr'><strong>καὶ</strong></span> <span class='ocrx_word' id='word_1_576' title='bbox 2554 3407 2968 3478; x_wconf 86' lang='grc' dir='ltr'>σεσαρκωμένον</span> <span class='ocrx_word' id='word_1_577' title='bbox 2997 3408 3090 3462; x_wconf 82' lang='grc' dir='ltr'><strong>τὸν</strong></span> <span class='ocrx_word' id='word_1_578' title='bbox 3120 3408 3256 3462; x_wconf 82' lang='grc' dir='ltr'>Θεοῦ</span> <span class='ocrx_word' id='word_1_579' title='bbox 3294 3409 3528 3481; x_wconf 81' lang='grc' dir='ltr'><strong>Λόγον)⁹</strong></span> <span class='ocrx_word' id='word_1_580' title='bbox 3564 3426 3685 3462; x_wconf 77' lang='grc' dir='ltr'>σκο-</span> 
     </span>
    </p>
   </div>
   <div class='ocr_carea' id='block_1_74' title="bbox 2123 3498 3685 3573">
    <p class='ocr_par' dir='ltr' id='par_1_74' title="bbox 2123 3498 3685 3573">
     <span class='ocr_line' id='line_1_74' title="bbox 2123 3498 3685 3573; baseline 0.005 -22"><span class='ocrx_word' id='word_1_581' title='bbox 2123 3500 2221 3562; x_wconf 81' lang='grc' dir='ltr'>πὸς</span> <span class='ocrx_word' id='word_1_582' title='bbox 2252 3498 2309 3551; x_wconf 83' lang='grc' dir='ltr'>δὲ</span> <span class='ocrx_word' id='word_1_583' title='bbox 2344 3502 2456 3562; x_wconf 82' lang='grc' dir='ltr'>τοῖς</span> <span class='ocrx_word' id='word_1_584' title='bbox 2500 3498 2665 3570; x_wconf 77' lang='grc' dir='ltr'>ἕτερα</span> <span class='ocrx_word' id='word_1_585' title='bbox 2714 3500 2866 3571; x_wconf 73' lang='grc' dir='ltr'>παρὰ</span> <span class='ocrx_word' id='word_1_586' title='bbox 2904 3500 3061 3554; x_wconf 85' lang='grc' dir='ltr'>τοῦτο</span> <span class='ocrx_word' id='word_1_587' title='bbox 3107 3503 3321 3571; x_wconf 76' lang='grc' dir='ltr'>φρονεῖν</span> <span class='ocrx_word' id='word_1_588' title='bbox 3356 3504 3685 3573; x_wconf 74' lang='grc' dir='ltr'>ᾑρημένοις,</span> 
     </span>
    </p>
   </div>
   <div class='ocr_carea' id='block_1_75' title="bbox 2124 3586 3693 3657">
    <p class='ocr_par' dir='ltr' id='par_1_75' title="bbox 2124 3586 3693 3657">
     <span class='ocr_line' id='line_1_75' title="bbox 2124 3586 3693 3657; baseline -0.001 -16"><span class='ocrx_word' id='word_1_589' title='bbox 2124 3589 2217 3641; x_wconf 76' lang='grc' dir='ltr'>καὶ</span> <span class='ocrx_word' id='word_1_590' title='bbox 2246 3587 2422 3641; x_wconf 81' lang='grc' dir='ltr'>κοινὸν</span> <span class='ocrx_word' id='word_1_591' title='bbox 2456 3587 2739 3657; x_wconf 82' lang='grc' dir='ltr'>ἄνθρωπον</span> <span class='ocrx_word' id='word_1_592' title='bbox 2767 3588 3089 3656; x_wconf 81' lang='grc' dir='ltr'>ἀποφαίνειν</span> <span class='ocrx_word' id='word_1_593' title='bbox 3117 3589 3206 3641; x_wconf 79' lang='grc' dir='ltr'><strong>τὸν</strong></span> <span class='ocrx_word' id='word_1_594' title='bbox 3231 3589 3297 3641; x_wconf 81' lang='grc' dir='ltr'><strong>ὲκ</strong></span> <span class='ocrx_word' id='word_1_595' title='bbox 3325 3587 3607 3656; x_wconf 80' lang='grc' dir='ltr'>γυναικὸς,</span> <span class='ocrx_word' id='word_1_596' title='bbox 3634 3586 3693 3651; x_wconf 79' lang='grc' dir='ltr'>ἐξ</span> 
     </span>
    </p>
   </div>
   <div class='ocr_carea' id='block_1_76' title="bbox 2122 3678 3690 3749">
    <p class='ocr_par' dir='ltr' id='par_1_76' title="bbox 2122 3678 3690 3749">
     <span class='ocr_line' id='line_1_76' title="bbox 2122 3678 3690 3749; baseline 0.001 -20"><span class='ocrx_word' id='word_1_597' title='bbox 2122 3678 2432 3742; x_wconf 74' lang='grc' dir='ltr'>ἐπιδόσεως,</span> <span class='ocrx_word' id='word_1_598' title='bbox 2468 3678 2542 3741; x_wconf 82' lang='grc' dir='ltr'><strong>ὡς</strong></span> <span class='ocrx_word' id='word_1_599' title='bbox 2572 3679 2729 3749; x_wconf 78' lang='grc' dir='ltr'>ἔφην,</span> <span class='ocrx_word' id='word_1_600' title='bbox 2752 3681 2847 3733; x_wconf 74' lang='grc' dir='ltr'><strong>καὶ</strong></span> <span class='ocrx_word' id='word_1_601' title='bbox 2878 3680 2937 3746; x_wconf 75' lang='grc' dir='ltr'>ἐξ</span> <span class='ocrx_word' id='word_1_602' title='bbox 2971 3680 3105 3743; x_wconf 74' lang='grc' dir='ltr'>ιδίας</span> <span class='ocrx_word' id='word_1_603' title='bbox 3129 3696 3189 3732; x_wconf 81' lang='grc' dir='ltr'>τε</span> <span class='ocrx_word' id='word_1_604' title='bbox 3223 3679 3318 3733; x_wconf 74' lang='grc' dir='ltr'><strong>καὶ</strong></span> <span class='ocrx_word' id='word_1_605' title='bbox 3344 3678 3690 3749; x_wconf 71' lang='grc' dir='ltr'>ἀνθρωπίνης</span> 
     </span>
    </p>
   </div>
   <div class='ocr_carea' id='block_1_77' title="bbox 2123 3768 3688 3842">
    <p class='ocr_par' dir='ltr' id='par_1_77' title="bbox 2123 3768 3688 3842">
     <span class='ocr_line' id='line_1_77' title="bbox 2123 3768 3688 3842; baseline -0.001 -20"><span class='ocrx_word' id='word_1_606' title='bbox 2123 3770 2325 3840; x_wconf 76' lang='grc' dir='ltr'>ἀρετῆς</span> <span class='ocrx_word' id='word_1_607' title='bbox 2356 3768 2503 3834; x_wconf 81' lang='grc' dir='ltr'>ἄξιον</span> <span class='ocrx_word' id='word_1_608' title='bbox 2547 3770 2738 3823; x_wconf 81' lang='grc' dir='ltr'>ἑαυτὸν</span> <span class='ocrx_word' id='word_1_609' title='bbox 2771 3773 3199 3841; x_wconf 81' lang='grc' dir='ltr'>παραστήσαντα</span> <span class='ocrx_word' id='word_1_610' title='bbox 3241 3770 3339 3823; x_wconf 80' lang='grc' dir='ltr'><strong>τοῦ</strong></span> <span class='ocrx_word' id='word_1_611' title='bbox 3373 3772 3581 3842; x_wconf 75' lang='grc' dir='ltr'>χρῆναι</span> <span class='ocrx_word' id='word_1_612' title='bbox 3613 3787 3688 3821; x_wconf 72' lang='grc' dir='ltr'>τι·</span> 
     </span>
    </p>
   </div>
   <div class='ocr_carea' id='block_1_78' title="bbox 2129 3859 3687 3932">
    <p class='ocr_par' dir='ltr' id='par_1_78' title="bbox 2129 3859 3687 3932">
     <span class='ocr_line' id='line_1_78' title="bbox 2129 3859 3687 3932; baseline -0.001 -20"><span class='ocrx_word' id='word_1_613' title='bbox 2129 3860 2331 3929; x_wconf 80' lang='grc' dir='ltr'>μᾶσοαι</span> <span class='ocrx_word' id='word_1_614' title='bbox 2365 3862 2458 3913; x_wconf 76' lang='grc' dir='ltr'><strong>καὶ</strong></span> <span class='ocrx_word' id='word_1_615' title='bbox 2482 3860 2741 3930; x_wconf 66' lang='grc' dir='ltr'>συναφείᾳ</span> <span class='ocrx_word' id='word_1_616' title='bbox 2769 3861 3062 3930; x_wconf 80' lang='grc' dir='ltr'>προσώπου</span> <span class='ocrx_word' id='word_1_617' title='bbox 3088 3865 3153 3932; x_wconf 80' lang='grc' dir='ltr'>τῇ</span> <span class='ocrx_word' id='word_1_618' title='bbox 3185 3862 3322 3930; x_wconf 79' lang='grc' dir='ltr'>πρὸς</span> <span class='ocrx_word' id='word_1_619' title='bbox 3350 3863 3444 3915; x_wconf 74' lang='grc' dir='ltr'><strong>τὸν</strong></span> <span class='ocrx_word' id='word_1_620' title='bbox 3468 3864 3536 3915; x_wconf 81' lang='grc' dir='ltr'><strong>ὲκ</strong></span> <span class='ocrx_word' id='word_1_621' title='bbox 3562 3859 3687 3913; x_wconf 80' lang='grc' dir='ltr'>Θεοῦ</span> 
     </span>
    </p>
   </div>
   <div class='ocr_carea' id='block_1_79' title="bbox 2126 3950 3591 4033">
    <p class='ocr_par' dir='ltr' id='par_1_79' title="bbox 2126 3950 3591 4033">
     <span class='ocr_line' id='line_1_79' title="bbox 2126 3950 3591 4033; baseline 0.002 -30"><span class='ocrx_word' id='word_1_622' title='bbox 2126 3950 2318 4018; x_wconf 91' lang='grc' dir='ltr'>Λόγον,</span> <span class='ocrx_word' id='word_1_623' title='bbox 2353 3950 2446 4003; x_wconf 75' lang='grc' dir='ltr'>καὶ</span> <span class='ocrx_word' id='word_1_624' title='bbox 2475 3952 2767 4005; x_wconf 75' lang='grc' dir='ltr'>ἀπόλεκτον</span> <span class='ocrx_word' id='word_1_625' title='bbox 2793 3951 3046 4020; x_wconf 78' lang='grc' dir='ltr'>γενέσθαι</span> <span class='ocrx_word' id='word_1_626' title='bbox 3067 3952 3219 4033; x_wconf 57' lang='grc' dir='ltr'>ριατὰ</span> <span class='ocrx_word' id='word_1_627' title='bbox 3252 3952 3591 4022; x_wconf 79' lang='grc' dir='ltr'>πρόγνωσιν.</span> 
     </span>
    </p>
   </div>
   <div class='ocr_carea' id='block_1_80' title="bbox 458 4042 3687 4113">
    <p class='ocr_par' dir='ltr' id='par_1_80' title="bbox 458 4042 3687 4113">
     <span class='ocr_line' id='line_1_80' title="bbox 458 4042 3687 4113; baseline 0.001 -19"><span class='ocrx_word' id='word_1_628' title='bbox 458 4045 653 4111; x_wconf 87' lang='lat' dir='ltr'><strong>priam,</strong></span> <span class='ocrx_word' id='word_1_629' title='bbox 695 4043 797 4098; x_wconf 91' lang='lat' dir='ltr'><strong>hoc</strong></span> <span class='ocrx_word' id='word_1_630' title='bbox 840 4051 922 4097; x_wconf 92' lang='lat' dir='ltr'><strong>est</strong></span> <span class='ocrx_word' id='word_1_631' title='bbox 958 4042 1244 4096; x_wconf 80' lang='lat' dir='ltr'><strong>humanam</strong></span> <span class='ocrx_word' id='word_1_632' title='bbox 1303 4042 1554 4097; x_wconf 88' lang='lat' dir='ltr'><strong>virtutem</strong></span> <span class='ocrx_word' id='word_1_633' title='bbox 1613 4042 1831 4111; x_wconf 81' lang='lat' dir='ltr'><strong>dignum</strong></span> <span class='ocrx_word' id='word_1_634' title='bbox 1894 4055 1953 4097; x_wconf 83' lang='lat' dir='ltr'><strong>se</strong></span> <span class='ocrx_word' id='word_1_635' title='bbox 2006 4044 2314 4110; x_wconf 63' lang='lat' dir='ltr'><strong>prmbnerit,</strong></span> <span class='ocrx_word' id='word_1_636' title='bbox 2357 4044 2449 4113; x_wconf 85' lang='lat' dir='ltr'><strong>qui</strong></span> <span class='ocrx_word' id='word_1_637' title='bbox 2499 4046 2756 4098; x_wconf 89' lang='lat' dir='ltr'><strong>honorem</strong></span> <span class='ocrx_word' id='word_1_638' title='bbox 2795 4059 3009 4113; x_wconf 89' lang='lat' dir='ltr'><strong>quoque</strong></span> <span class='ocrx_word' id='word_1_639' title='bbox 3053 4043 3409 4097; x_wconf 81' lang='lat' dir='ltr'><strong>connexionis</strong></span> <span class='ocrx_word' id='word_1_640' title='bbox 3442 4059 3568 4098; x_wconf 90' lang='lat' dir='ltr'><strong>cum</strong></span> <span class='ocrx_word' id='word_1_641' title='bbox 3606 4042 3687 4098; x_wconf 84' lang='lat' dir='ltr'><strong>Dei</strong></span> 
     </span>
    </p>
   </div>
   <div class='ocr_carea' id='block_1_81' title="bbox 460 4134 2373 4205">
    <p class='ocr_par' dir='ltr' id='par_1_81' title="bbox 460 4134 2373 4205">
     <span class='ocr_line' id='line_1_81' title="bbox 460 4134 2373 4205; baseline 0.002 -18"><span class='ocrx_word' id='word_1_642' title='bbox 460 4134 632 4189; x_wconf 89' lang='lat' dir='ltr'><strong>Verbo</strong></span> <span class='ocrx_word' id='word_1_643' title='bbox 704 4143 1105 4203; x_wconf 87' lang='lat' dir='ltr'><strong>assequeretur,</strong></span> <span class='ocrx_word' id='word_1_644' title='bbox 1172 4142 1227 4189; x_wconf 90' lang='lat' dir='ltr'><strong>et</strong></span> <span class='ocrx_word' id='word_1_645' title='bbox 1282 4134 1475 4202; x_wconf 79' lang='lat' dir='ltr'><strong>insigni</strong></span> <span class='ocrx_word' id='word_1_646' title='bbox 1556 4134 2028 4203; x_wconf 68' lang='lat' dir='ltr'><strong>prtedestinatione</strong></span> <span class='ocrx_word' id='word_1_647' title='bbox 2065 4135 2373 4205; x_wconf 78' lang='lat' dir='ltr'><strong>eligeretur.</strong></span> 
     </span>
    </p>
   </div>
   <div class='ocr_carea' id='block_1_82' title="bbox 524 4222 2023 4295">
    <p class='ocr_par' dir='ltr' id='par_1_82' title="bbox 524 4222 2023 4295">
     <span class='ocr_line' id='line_1_82' title="bbox 524 4222 2023 4295; baseline 0.001 -17"><span class='ocrx_word' id='word_1_648' title='bbox 524 4224 666 4279; x_wconf 74' lang='lat' dir='ltr'><strong>Xlll.</strong></span> <span class='ocrx_word' id='word_1_649' title='bbox 706 4222 911 4280; x_wconf 85' lang='lat' dir='ltr'><strong>Idcirco</strong></span> <span class='ocrx_word' id='word_1_650' title='bbox 959 4241 1151 4280; x_wconf 90' lang='lat' dir='ltr'><strong>nomen</strong></span> <span class='ocrx_word' id='word_1_651' title='bbox 1199 4225 1318 4287; x_wconf 90' lang='lat' dir='ltr'><strong>hoc,</strong></span> <span class='ocrx_word' id='word_1_652' title='bbox 1356 4224 1624 4288; x_wconf 77' lang='lat' dir='ltr'><strong>Christus,</strong></span> <span class='ocrx_word' id='word_1_653' title='bbox 1648 4224 1747 4280; x_wconf 86' lang='lat' dir='ltr'><strong>soli</strong></span> <span class='ocrx_word' id='word_1_654' title='bbox 1806 4239 2023 4295; x_wconf 87' lang='lat' dir='ltr'><strong>quoque</strong></span> 
     </span>
    </p>
   </div>
   <div class='ocr_carea' id='block_1_83' title="bbox 462 4315 2025 4385">
    <p class='ocr_par' dir='ltr' id='par_1_83' title="bbox 462 4315 2025 4385">
     <span class='ocr_line' id='line_1_83' title="bbox 462 4315 2025 4385; baseline -0.001 -13"><span class='ocrx_word' id='word_1_655' title='bbox 462 4316 635 4372; x_wconf 86' lang='lat' dir='ltr'><strong>Verbo</strong></span> <span class='ocrx_word' id='word_1_656' title='bbox 663 4316 806 4385; x_wconf 91' lang='lat' dir='ltr'><strong>quod</strong></span> <span class='ocrx_word' id='word_1_657' title='bbox 830 4330 894 4370; x_wconf 77' lang='lat' dir='ltr'><strong>ex</strong></span> <span class='ocrx_word' id='word_1_658' title='bbox 919 4315 1028 4371; x_wconf 91' lang='lat' dir='ltr'><strong>Deo</strong></span> <span class='ocrx_word' id='word_1_659' title='bbox 1070 4316 1231 4370; x_wconf 83' lang='lat' dir='ltr'><strong>Patre</strong></span> <span class='ocrx_word' id='word_1_660' title='bbox 1269 4324 1447 4371; x_wconf 90' lang='lat' dir='ltr'><strong>ortum</strong></span> <span class='ocrx_word' id='word_1_661' title='bbox 1482 4326 1585 4382; x_wconf 85' lang='lat' dir='ltr'><strong>est,</strong></span> <span class='ocrx_word' id='word_1_662' title='bbox 1610 4326 1668 4369; x_wconf 92' lang='lat' dir='ltr'><strong>ut</strong></span> <span class='ocrx_word' id='word_1_663' title='bbox 1699 4316 1924 4370; x_wconf 87' lang='lat' dir='ltr'><strong>seorsim</strong></span> <span class='ocrx_word' id='word_1_664' title='bbox 1957 4329 2025 4371; x_wconf 88' lang='lat' dir='ltr'><strong>ac</strong></span> 
     </span>
    </p>
   </div>
   <div class='ocr_carea' id='block_1_84' title="bbox 457 4386 2027 4476">
    <p class='ocr_par' dir='ltr' id='par_1_84' title="bbox 457 4386 2027 4476">
     <span class='ocr_line' id='line_1_84' title="bbox 457 4386 2027 4476; baseline -0.001 -14"><span class='ocrx_word' id='word_1_665' title='bbox 457 4421 553 4476; x_wconf 86' lang='lat' dir='ltr'><strong>per</strong></span> <span class='ocrx_word' id='word_1_666' title='bbox 591 4420 650 4460; x_wconf 90' lang='lat' dir='ltr'><strong>se</strong></span> <span class='ocrx_word' id='word_1_667' title='bbox 674 4386 967 4461; x_wconf 76' lang='lat' dir='ltr'><strong>subsistere</strong></span> <span class='ocrx_word' id='word_1_668' title='bbox 996 4408 1395 4474; x_wconf 88' lang='lat' dir='ltr'><strong>consideratur,</strong></span> <span class='ocrx_word' id='word_1_669' title='bbox 1435 4407 1727 4461; x_wconf 87' lang='lat' dir='ltr'><strong>convenire</strong></span> <span class='ocrx_word' id='word_1_670' title='bbox 1749 4415 2027 4461; x_wconf 87' lang='lat' dir='ltr'><strong>asserunt.</strong></span> 
     </span>
    </p>
   </div>
   <div class='ocr_carea' id='block_1_85' title="bbox 458 4497 2032 4567">
    <p class='ocr_par' dir='ltr' id='par_1_85' title="bbox 458 4497 2032 4567">
     <span class='ocr_line' id='line_1_85' title="bbox 458 4497 2032 4567; baseline 0 -15"><span class='ocrx_word' id='word_1_671' title='bbox 458 4497 569 4552; x_wconf 83' lang='lat' dir='ltr'><strong>Nos</strong></span> <span class='ocrx_word' id='word_1_672' title='bbox 599 4505 776 4550; x_wconf 86' lang='lat' dir='ltr'><strong>autem</strong></span> <span class='ocrx_word' id='word_1_673' title='bbox 801 4497 873 4551; x_wconf 89' lang='lat' dir='ltr'><strong>ita</strong></span> <span class='ocrx_word' id='word_1_674' title='bbox 900 4498 1105 4552; x_wconf 90' lang='lat' dir='ltr'><strong>sentire</strong></span> <span class='ocrx_word' id='word_1_675' title='bbox 1142 4506 1235 4551; x_wconf 85' lang='lat' dir='ltr'><strong>aut</strong></span> <span class='ocrx_word' id='word_1_676' title='bbox 1265 4498 1410 4567; x_wconf 88' lang='lat' dir='ltr'><strong>loqui</strong></span> <span class='ocrx_word' id='word_1_677' title='bbox 1467 4512 1804 4566; x_wconf 87' lang='lat' dir='ltr'><strong>nequaquam</strong></span> <span class='ocrx_word' id='word_1_678' title='bbox 1843 4497 2032 4552; x_wconf 85' lang='lat' dir='ltr'><strong>didici-</strong></span> 
     </span>
    </p>
   </div>
   <div class='ocr_carea' id='block_1_86' title="bbox 460 4577 2029 4657">
    <p class='ocr_par' dir='ltr' id='par_1_86' title="bbox 460 4577 2029 4657">
     <span class='ocr_line' id='line_1_86' title="bbox 460 4577 2029 4657; baseline 0.002 -16"><span class='ocrx_word' id='word_1_679' title='bbox 460 4601 582 4641; x_wconf 90' lang='lat' dir='ltr'><strong>mus</strong></span> <span class='ocrx_word' id='word_1_680' title='bbox 636 4607 649 4642; x_wconf 93' lang='lat'>:</span> <span class='ocrx_word' id='word_1_681' title='bbox 695 4588 1126 4657; x_wconf 87' lang='lat' dir='ltr'><strong>quandoquidem</strong></span> <span class='ocrx_word' id='word_1_682' title='bbox 1182 4596 1307 4643; x_wconf 89' lang='lat' dir='ltr'><strong>tunc</strong></span> <span class='ocrx_word' id='word_1_683' title='bbox 1361 4589 1592 4657; x_wconf 86' lang='lat' dir='ltr'><strong>primum</strong></span> <span class='ocrx_word' id='word_1_684' title='bbox 1641 4577 1879 4642; x_wconf 80' lang='lat' dir='ltr'><strong>Verbum</strong></span> <span class='ocrx_word' id='word_1_685' title='bbox 1905 4587 2029 4644; x_wconf 83' lang='lat' dir='ltr'><strong>Jesu</strong></span> 
     </span>
    </p>
   </div>
   <div class='ocr_carea' id='block_1_87' title="bbox 2199 4225 3691 4297">
    <p class='ocr_par' dir='ltr' id='par_1_87' title="bbox 2199 4225 3691 4297">
     <span class='ocr_line' id='line_1_87' title="bbox 2199 4225 3691 4297; baseline 0 -19"><span class='ocrx_word' id='word_1_686' title='bbox 2199 4228 2295 4279; x_wconf 84' lang='lat' dir='ltr'><strong>ll&quot;.</strong></span> <span class='ocrx_word' id='word_1_687' title='bbox 2329 4228 2534 4280; x_wconf 84' lang='grc' dir='ltr'>Ἐκεῖνό</span> <span class='ocrx_word' id='word_1_688' title='bbox 2575 4245 2757 4297; x_wconf 72' lang='grc' dir='ltr'>φασιν,</span> <span class='ocrx_word' id='word_1_689' title='bbox 2795 4227 2972 4291; x_wconf 65' lang='grc' dir='ltr'>ὅτιτὸ,</span> <span class='ocrx_word' id='word_1_690' title='bbox 3005 4225 3281 4294; x_wconf 77' lang='grc' dir='ltr'>Χριστὸς,</span> <span class='ocrx_word' id='word_1_691' title='bbox 3299 4226 3476 4295; x_wconf 77' lang='grc' dir='ltr'>ὄνομα</span> <span class='ocrx_word' id='word_1_692' title='bbox 3502 4226 3691 4295; x_wconf 62' lang='grc' dir='ltr'>πρέπι</span> 
     </span>
    </p>
   </div>
   <div class='ocr_carea' id='block_1_88' title="bbox 2131 4317 3693 4389">
    <p class='ocr_par' dir='ltr' id='par_1_88' title="bbox 2131 4317 3693 4389">
     <span class='ocr_line' id='line_1_88' title="bbox 2131 4317 3693 4389; baseline -0.001 -19"><span class='ocrx_word' id='word_1_693' title='bbox 2131 4318 2226 4370; x_wconf 74' lang='grc' dir='ltr'>καὶ</span> <span class='ocrx_word' id='word_1_694' title='bbox 2262 4318 2427 4387; x_wconf 77' lang='grc' dir='ltr'>μόνῳ,</span> <span class='ocrx_word' id='word_1_695' title='bbox 2473 4319 2566 4371; x_wconf 77' lang='grc' dir='ltr'>καὶ</span> <span class='ocrx_word' id='word_1_696' title='bbox 2613 4318 2738 4389; x_wconf 79' lang='grc' dir='ltr'>ἰδίᾳ,</span> <span class='ocrx_word' id='word_1_697' title='bbox 2788 4319 2881 4371; x_wconf 72' lang='grc' dir='ltr'><strong>καὶ</strong></span> <span class='ocrx_word' id='word_1_698' title='bbox 2911 4317 3033 4371; x_wconf 83' lang='grc' dir='ltr'>καθ’</span> <span class='ocrx_word' id='word_1_699' title='bbox 3062 4318 3253 4370; x_wconf 76' lang='grc' dir='ltr'>ἑαυτὸν</span> <span class='ocrx_word' id='word_1_700' title='bbox 3279 4318 3565 4386; x_wconf 81' lang='grc' dir='ltr'>νοουμένῳ</span> <span class='ocrx_word' id='word_1_701' title='bbox 3608 4317 3693 4369; x_wconf 74' lang='grc' dir='ltr'><strong>καὶ</strong></span> 
     </span>
    </p>
   </div>
   <div class='ocr_carea' id='block_1_89' title="bbox 2127 4408 3693 4480">
    <p class='ocr_par' dir='ltr' id='par_1_89' title="bbox 2127 4408 3693 4480">
     <span class='ocr_line' id='line_1_89' title="bbox 2127 4408 3693 4480; baseline -0.001 -19"><span class='ocrx_word' id='word_1_702' title='bbox 2127 4410 2419 4480; x_wconf 82' lang='grc' dir='ltr'>ὑπάρχοντι</span> <span class='ocrx_word' id='word_1_703' title='bbox 2469 4408 2548 4478; x_wconf 83' lang='grc' dir='ltr'>τῷ</span> <span class='ocrx_word' id='word_1_704' title='bbox 2599 4410 2661 4462; x_wconf 79' lang='grc' dir='ltr'><strong>ἐκ</strong></span> <span class='ocrx_word' id='word_1_705' title='bbox 2719 4408 2854 4461; x_wconf 82' lang='grc' dir='ltr'>Θεοῦ</span> <span class='ocrx_word' id='word_1_706' title='bbox 2902 4408 3115 4480; x_wconf 79' lang='grc' dir='ltr'>Πατρδς</span> <span class='ocrx_word' id='word_1_707' title='bbox 3157 4408 3470 4477; x_wconf 70' lang='grc' dir='ltr'><strong>πεφηνότιιι</strong></span> <span class='ocrx_word' id='word_1_708' title='bbox 3522 4408 3693 4475; x_wconf 74' lang='grc' dir='ltr'>Λόγῳ.</span> 
     </span>
    </p>
   </div>
   <div class='ocr_carea' id='block_1_90' title="bbox 2137 4499 3694 4569">
    <p class='ocr_par' dir='ltr' id='par_1_90' title="bbox 2137 4499 3694 4569">
     <span class='ocr_line' id='line_1_90' title="bbox 2137 4499 3694 4569; baseline -0.003 -16"><span class='ocrx_word' id='word_1_709' title='bbox 2137 4501 2327 4569; x_wconf 84' lang='grc' dir='ltr'>Ἦμείς</span> <span class='ocrx_word' id='word_1_710' title='bbox 2370 4500 2426 4553; x_wconf 77' lang='grc' dir='ltr'>δὲ</span> <span class='ocrx_word' id='word_1_711' title='bbox 2452 4500 2550 4569; x_wconf 78' lang='grc' dir='ltr'><strong>οὐχ</strong></span> <span class='ocrx_word' id='word_1_712' title='bbox 2586 4499 2728 4552; x_wconf 76' lang='grc' dir='ltr'>οὕτω</span> <span class='ocrx_word' id='word_1_713' title='bbox 2756 4499 3111 4569; x_wconf 80' lang='grc' dir='ltr'>δεδιδάγμεθα</span> <span class='ocrx_word' id='word_1_714' title='bbox 3159 4502 3399 4569; x_wconf 83' lang='grc' dir='ltr'>φρονεῖν,</span> <span class='ocrx_word' id='word_1_715' title='bbox 3432 4499 3467 4567; x_wconf 78' lang='grc' dir='ltr'>ἢ</span> <span class='ocrx_word' id='word_1_716' title='bbox 3501 4500 3694 4564; x_wconf 75' lang='grc' dir='ltr'>λέγειν.</span> 
     </span>
    </p>
   </div>
   <div class='ocr_carea' id='block_1_91' title="bbox 2132 4590 3695 4661">
    <p class='ocr_par' dir='ltr' id='par_1_91' title="bbox 2132 4590 3695 4661">
     <span class='ocr_line' id='line_1_91' title="bbox 2132 4590 3695 4661; baseline -0.002 -17"><span class='ocrx_word' id='word_1_717' title='bbox 2132 4593 2263 4644; x_wconf 79' lang='grc' dir='ltr'>Ὅτε</span> <span class='ocrx_word' id='word_1_718' title='bbox 2290 4592 2398 4661; x_wconf 79' lang='grc' dir='ltr'>γὰρ</span> <span class='ocrx_word' id='word_1_719' title='bbox 2432 4592 2620 4658; x_wconf 82' lang='grc' dir='ltr'>γέγονε</span> <span class='ocrx_word' id='word_1_720' title='bbox 2651 4590 2786 4661; x_wconf 77' lang='grc' dir='ltr'>σὰρξ</span> <span class='ocrx_word' id='word_1_721' title='bbox 2813 4594 2841 4645; x_wconf 80' lang='grc' dir='ltr'><strong>ό</strong></span> <span class='ocrx_word' id='word_1_722' title='bbox 2868 4592 3059 4660; x_wconf 80' lang='grc' dir='ltr'>Λόγος,</span> <span class='ocrx_word' id='word_1_723' title='bbox 3094 4591 3215 4644; x_wconf 84' lang='grc' dir='ltr'>τότε</span> <span class='ocrx_word' id='word_1_724' title='bbox 3250 4594 3347 4644; x_wconf 75' lang='grc' dir='ltr'><strong>καὶ</strong></span> <span class='ocrx_word' id='word_1_725' title='bbox 3384 4590 3695 4661; x_wconf 68' lang='grc' dir='ltr'>ὠνομάσθαι</span> 
     </span>
    </p>
   </div>
   <div class='ocr_carea' id='block_1_92' title="bbox 458 4678 2012 4752">
    <p class='ocr_par' dir='ltr' id='par_1_92' title="bbox 458 4678 2012 4749">
     <span class='ocr_line' id='line_1_92' title="bbox 458 4678 2012 4749; baseline 0.002 -17"><span class='ocrx_word' id='word_1_726' title='bbox 458 4678 659 4733; x_wconf 86' lang='lat' dir='ltr'><strong>Christi</strong></span> <span class='ocrx_word' id='word_1_727' title='bbox 694 4680 1099 4749; x_wconf 85' lang='lat' dir='ltr'><strong>appellationem</strong></span> <span class='ocrx_word' id='word_1_728' title='bbox 1121 4681 1366 4735; x_wconf 90' lang='lat' dir='ltr'><strong>sortitum</strong></span> <span class='ocrx_word' id='word_1_729' title='bbox 1394 4680 1646 4744; x_wconf 85' lang='lat' dir='ltr'><strong>dicimus,</strong></span> <span class='ocrx_word' id='word_1_730' title='bbox 1670 4695 1791 4734; x_wconf 90' lang='lat' dir='ltr'><strong>cum</strong></span> <span class='ocrx_word' id='word_1_731' title='bbox 1827 4680 2012 4735; x_wconf 83' lang='lat' dir='ltr'><strong>facturr</strong></span> 
     </span>
    </p>
   </div>
   <div class='ocr_carea' id='block_1_93' title="bbox 2117 4678 3695 4752">
    <p class='ocr_par' dir='ltr' id='par_1_93' title="bbox 2136 4678 3695 4752">
     <span class='ocr_line' id='line_1_93' title="bbox 2136 4678 3695 4752; baseline -0.006 -15"><span class='ocrx_word' id='word_1_732' title='bbox 2136 4685 2315 4752; x_wconf 76' lang='grc' dir='ltr'>φαμὲν</span> <span class='ocrx_word' id='word_1_733' title='bbox 2363 4681 2524 4736; x_wconf 74' lang='grc' dir='ltr'>αὑτὸν</span> <span class='ocrx_word' id='word_1_734' title='bbox 2568 4681 2800 4752; x_wconf 79' lang='grc' dir='ltr'>Χριστὸν</span> <span class='ocrx_word' id='word_1_735' title='bbox 2838 4679 3063 4751; x_wconf 79' lang='grc' dir='ltr'>Ἰησοῦν.</span> <span class='ocrx_word' id='word_1_736' title='bbox 3105 4678 3321 4748; x_wconf 80' lang='grc' dir='ltr'>Ἐπειδὴ</span> <span class='ocrx_word' id='word_1_737' title='bbox 3370 4679 3483 4750; x_wconf 71' lang='grc' dir='ltr'><strong>γὰρ</strong></span> <span class='ocrx_word' id='word_1_738' title='bbox 3514 4681 3695 4748; x_wconf 69' lang='grc' dir='ltr'>κέκρι-</span> 
     </span>
    </p>
   </div>
   <div class='ocr_carea' id='block_1_94' title="bbox 461 4771 2026 4842">
    <p class='ocr_par' dir='ltr' id='par_1_94' title="bbox 461 4771 2026 4842">
     <span class='ocr_line' id='line_1_94' title="bbox 461 4771 2026 4842; baseline 0.001 -16"><span class='ocrx_word' id='word_1_739' title='bbox 461 4780 547 4826; x_wconf 89' lang='lat' dir='ltr'><strong>est</strong></span> <span class='ocrx_word' id='word_1_740' title='bbox 595 4782 760 4833; x_wconf 87' lang='lat' dir='ltr'><strong>caro;</strong></span> <span class='ocrx_word' id='word_1_741' title='bbox 807 4771 1069 4839; x_wconf 88' lang='lat' dir='ltr'><strong>siquidem</strong></span> <span class='ocrx_word' id='word_1_742' title='bbox 1123 4774 1191 4829; x_wconf 90' lang='lat' dir='ltr'><strong>ob</strong></span> <span class='ocrx_word' id='word_1_743' title='bbox 1239 4773 1289 4827; x_wconf 86' lang='lat' dir='ltr'><strong>id</strong></span> <span class='ocrx_word' id='word_1_744' title='bbox 1318 4772 1568 4828; x_wconf 87' lang='lat' dir='ltr'><strong>Christus</strong></span> <span class='ocrx_word' id='word_1_745' title='bbox 1625 4781 1867 4840; x_wconf 82' lang='lat' dir='ltr'><strong>vocatur,</strong></span> <span class='ocrx_word' id='word_1_746' title='bbox 1902 4774 2026 4842; x_wconf 91' lang='lat' dir='ltr'><strong>quia</strong></span> 
     </span>
    </p>
   </div>
   <div class='ocr_carea' id='block_1_95' title="bbox 459 4859 2030 4933">
    <p class='ocr_par' dir='ltr' id='par_1_95' title="bbox 459 4859 2030 4933">
     <span class='ocr_line' id='line_1_95' title="bbox 459 4859 2030 4933; baseline 0.004 -20"><span class='ocrx_word' id='word_1_747' title='bbox 459 4859 841 4914; x_wconf 78' lang='lat' dir='ltr'><strong>exsultationis</strong></span> <span class='ocrx_word' id='word_1_748' title='bbox 897 4861 1037 4929; x_wconf 90' lang='lat' dir='ltr'><strong>oleo,</strong></span> <span class='ocrx_word' id='word_1_749' title='bbox 1066 4864 1167 4918; x_wconf 83' lang='lat' dir='ltr'><strong>hoc</strong></span> <span class='ocrx_word' id='word_1_750' title='bbox 1202 4874 1287 4918; x_wconf 90' lang='lat' dir='ltr'><strong>est</strong></span> <span class='ocrx_word' id='word_1_751' title='bbox 1344 4864 1549 4933; x_wconf 88' lang='lat' dir='ltr'><strong>Spiritu</strong></span> <span class='ocrx_word' id='word_1_752' title='bbox 1583 4874 1792 4931; x_wconf 88' lang='lat' dir='ltr'><strong>saneto,</strong></span> <span class='ocrx_word' id='word_1_753' title='bbox 1839 4880 1868 4919; x_wconf 89' lang='lat' dir='ltr'><strong>a</strong></span> <span class='ocrx_word' id='word_1_754' title='bbox 1925 4865 2030 4920; x_wconf 83' lang='lat' dir='ltr'><strong>Deo</strong></span> 
     </span>
    </p>
   </div>
   <div class='ocr_carea' id='block_1_96' title="bbox 462 4951 2032 5019">
    <p class='ocr_par' dir='ltr' id='par_1_96' title="bbox 462 4951 2032 5019">
     <span class='ocr_line' id='line_1_96' title="bbox 462 4951 2032 5019; baseline 0.002 -14"><span class='ocrx_word' id='word_1_755' title='bbox 462 4951 619 5005; x_wconf 83' lang='lat' dir='ltr'><strong>Patre</strong></span> <span class='ocrx_word' id='word_1_756' title='bbox 649 4951 926 5005; x_wconf 88' lang='lat' dir='ltr'><strong>inunctum</strong></span> <span class='ocrx_word' id='word_1_757' title='bbox 953 4960 1055 5007; x_wconf 88' lang='lat' dir='ltr'><strong>est.</strong></span> <span class='ocrx_word' id='word_1_758' title='bbox 1082 4952 1233 5019; x_wconf 82' lang='lat' dir='ltr'><strong>Quod</strong></span> <span class='ocrx_word' id='word_1_759' title='bbox 1261 4962 1438 5008; x_wconf 88' lang='lat' dir='ltr'><strong>autem</strong></span> <span class='ocrx_word' id='word_1_760' title='bbox 1459 4954 1700 5009; x_wconf 89' lang='lat' dir='ltr'><strong>inunctio</strong></span> <span class='ocrx_word' id='word_1_761' title='bbox 1718 4954 1805 5008; x_wconf 90' lang='lat' dir='ltr'><strong>illa</strong></span> <span class='ocrx_word' id='word_1_762' title='bbox 1825 4969 2032 5009; x_wconf 82' lang='lat' dir='ltr'><strong>assum-</strong></span> 
     </span>
    </p>
   </div>
   <div class='ocr_carea' id='block_1_97' title="bbox 462 5040 2030 5116">
    <p class='ocr_par' dir='ltr' id='par_1_97' title="bbox 462 5040 2030 5116">
     <span class='ocr_line' id='line_1_97' title="bbox 462 5040 2030 5116; baseline 0.003 -21"><span class='ocrx_word' id='word_1_763' title='bbox 462 5050 564 5110; x_wconf 74' lang='lat' dir='ltr'><strong>ptte</strong></span> <span class='ocrx_word' id='word_1_764' title='bbox 611 5040 963 5096; x_wconf 84' lang='lat' dir='ltr'><strong>humanitatis</strong></span> <span class='ocrx_word' id='word_1_765' title='bbox 1013 5042 1224 5097; x_wconf 91' lang='lat' dir='ltr'><strong>ratione</strong></span> <span class='ocrx_word' id='word_1_766' title='bbox 1285 5042 1359 5097; x_wconf 92' lang='lat' dir='ltr'><strong>illi</strong></span> <span class='ocrx_word' id='word_1_767' title='bbox 1416 5043 1724 5109; x_wconf 83' lang='lat' dir='ltr'><strong>conveniat,</strong></span> <span class='ocrx_word' id='word_1_768' title='bbox 1789 5045 1841 5099; x_wconf 90' lang='lat' dir='ltr'><strong>id</strong></span> <span class='ocrx_word' id='word_1_769' title='bbox 1890 5045 2030 5116; x_wconf 89' lang='lat' dir='ltr'><strong>apud</strong></span> 
     </span>
    </p>
   </div>
   <div class='ocr_carea' id='block_1_98' title="bbox 465 5132 2028 5203">
    <p class='ocr_par' dir='ltr' id='par_1_98' title="bbox 465 5132 2028 5203">
     <span class='ocr_line' id='line_1_98' title="bbox 465 5132 2028 5203; baseline 0.003 -18"><span class='ocrx_word' id='word_1_770' title='bbox 465 5144 610 5186; x_wconf 89' lang='lat' dir='ltr'><strong>recte</strong></span> <span class='ocrx_word' id='word_1_771' title='bbox 661 5132 954 5187; x_wconf 88' lang='lat' dir='ltr'><strong>sentientes</strong></span> <span class='ocrx_word' id='word_1_772' title='bbox 989 5133 1040 5187; x_wconf 90' lang='lat' dir='ltr'><strong>in</strong></span> <span class='ocrx_word' id='word_1_773' title='bbox 1085 5134 1434 5203; x_wconf 71' lang='lat' dir='ltr'><strong>qumstionem</strong></span> <span class='ocrx_word' id='word_1_774' title='bbox 1470 5149 1576 5190; x_wconf 93' lang='lat' dir='ltr'><strong>non</strong></span> <span class='ocrx_word' id='word_1_775' title='bbox 1620 5136 1806 5190; x_wconf 89' lang='lat' dir='ltr'><strong>venit:</strong></span> <span class='ocrx_word' id='word_1_776' title='bbox 1833 5151 1956 5190; x_wconf 85' lang='lat' dir='ltr'><strong>nam</strong></span> <span class='ocrx_word' id='word_1_777' title='bbox 1984 5138 2028 5190; x_wconf 91' lang='lat' dir='ltr'><strong>sl</strong></span> 
     </span>
    </p>
   </div>
   <div class='ocr_carea' id='block_1_99' title="bbox 468 5220 2030 5295">
    <p class='ocr_par' dir='ltr' id='par_1_99' title="bbox 468 5220 2030 5295">
     <span class='ocr_line' id='line_1_99' title="bbox 468 5220 2030 5295; baseline 0.003 -20"><span class='ocrx_word' id='word_1_778' title='bbox 468 5222 557 5277; x_wconf 90' lang='lat' dir='ltr'><strong>Dei</strong></span> <span class='ocrx_word' id='word_1_779' title='bbox 589 5220 824 5278; x_wconf 81' lang='lat' dir='ltr'><strong>Verbum</strong></span> <span class='ocrx_word' id='word_1_780' title='bbox 860 5224 1000 5281; x_wconf 88' lang='lat' dir='ltr'><strong>Deus</strong></span> <span class='ocrx_word' id='word_1_781' title='bbox 1021 5233 1128 5291; x_wconf 88' lang='lat' dir='ltr'><strong>est,</strong></span> <span class='ocrx_word' id='word_1_782' title='bbox 1159 5223 1303 5279; x_wconf 91' lang='lat' dir='ltr'><strong>nulla</strong></span> <span class='ocrx_word' id='word_1_783' title='bbox 1342 5225 1525 5295; x_wconf 90' lang='lat' dir='ltr'><strong>utique</strong></span> <span class='ocrx_word' id='word_1_784' title='bbox 1583 5226 1839 5281; x_wconf 89' lang='lat' dir='ltr'><strong>unctione</strong></span> <span class='ocrx_word' id='word_1_785' title='bbox 1884 5227 2030 5282; x_wconf 85' lang='lat' dir='ltr'><strong>indi-</strong></span> 
     </span>
    </p>
   </div>
   <div class='ocr_carea' id='block_1_100' title="bbox 529 5372 923 5441">
    <p class='ocr_par' dir='ltr' id='par_1_100' title="bbox 529 5372 923 5441">
     <span class='ocr_line' id='line_1_100' title="bbox 529 5372 923 5441; baseline 0.01 -11"><span class='ocrx_word' id='word_1_786' title='bbox 529 5372 580 5405; x_wconf 80' lang='grc'><strong>⁸³</strong></span> <span class='ocrx_word' id='word_1_787' title='bbox 611 5375 721 5431; x_wconf 82' lang='lat' dir='ltr'><strong>Jac.</strong></span> <span class='ocrx_word' id='word_1_788' title='bbox 752 5394 805 5441; x_wconf 89' lang='lat' dir='ltr'><strong>v,</strong></span> <span class='ocrx_word' id='word_1_789' title='bbox 832 5381 923 5434; x_wconf 73' lang='lat'><strong>20.</strong></span> 
     </span>
    </p>
   </div>
   <div class='ocr_carea' id='block_1_101' title="bbox 2137 4769 3697 4842">
    <p class='ocr_par' dir='ltr' id='par_1_101' title="bbox 2137 4769 3697 4842">
     <span class='ocr_line' id='line_1_101' title="bbox 2137 4769 3697 4842; baseline -0.005 -15"><span class='ocrx_word' id='word_1_790' title='bbox 2137 4791 2259 4827; x_wconf 83' lang='grc' dir='ltr'>σται</span> <span class='ocrx_word' id='word_1_791' title='bbox 2315 4772 2391 4842; x_wconf 80' lang='grc' dir='ltr'>τῷ</span> <span class='ocrx_word' id='word_1_792' title='bbox 2438 4772 2601 4841; x_wconf 80' lang='grc' dir='ltr'>ἐλαίῳ</span> <span class='ocrx_word' id='word_1_793' title='bbox 2654 4773 2752 4840; x_wconf 82' lang='grc' dir='ltr'>τῆς</span> <span class='ocrx_word' id='word_1_794' title='bbox 2804 4770 3196 4838; x_wconf 78' lang='grc' dir='ltr'>ἀγαλλιάσεως,</span> <span class='ocrx_word' id='word_1_795' title='bbox 3252 4771 3373 4837; x_wconf 76' lang='grc' dir='ltr'>ἦτοι</span> <span class='ocrx_word' id='word_1_796' title='bbox 3427 4769 3510 4838; x_wconf 86' lang='grc' dir='ltr'>τῷ</span> <span class='ocrx_word' id='word_1_797' title='bbox 3565 4769 3697 4837; x_wconf 79' lang='grc' dir='ltr'>ἁγίῳ</span> 
     </span>
    </p>
   </div>
   <div class='ocr_carea' id='block_1_102' title="bbox 2137 4857 3696 4934">
    <p class='ocr_par' dir='ltr' id='par_1_102' title="bbox 2137 4857 3696 4934">
     <span class='ocr_line' id='line_1_102' title="bbox 2137 4857 3696 4934; baseline -0.006 -17"><span class='ocrx_word' id='word_1_798' title='bbox 2137 4864 2410 4933; x_wconf 82' lang='grc' dir='ltr'>Πνεύματι</span> <span class='ocrx_word' id='word_1_799' title='bbox 2458 4863 2610 4934; x_wconf 81' lang='grc' dir='ltr'>παρὰ</span> <span class='ocrx_word' id='word_1_800' title='bbox 2654 4860 2749 4914; x_wconf 85' lang='grc' dir='ltr'><strong>τοῦ</strong></span> <span class='ocrx_word' id='word_1_801' title='bbox 2799 4858 2934 4911; x_wconf 82' lang='grc' dir='ltr'>Θεοῦ</span> <span class='ocrx_word' id='word_1_802' title='bbox 3000 4859 3094 4911; x_wconf 79' lang='grc' dir='ltr'><strong>καὶ</strong></span> <span class='ocrx_word' id='word_1_803' title='bbox 3138 4858 3386 4929; x_wconf 72' lang='grc' dir='ltr'>Πατρὸς,</span> <span class='ocrx_word' id='word_1_804' title='bbox 3446 4857 3696 4927; x_wconf 68' lang='grc' dir='ltr'>ταύτῃτοι</span> 
     </span>
    </p>
   </div>
   <div class='ocr_carea' id='block_1_103' title="bbox 2136 4948 3694 5025">
    <p class='ocr_par' dir='ltr' id='par_1_103' title="bbox 2136 4948 3694 5025">
     <span class='ocr_line' id='line_1_103' title="bbox 2136 4948 3694 5025; baseline -0.004 -18"><span class='ocrx_word' id='word_1_805' title='bbox 2136 4953 2370 5025; x_wconf 78' lang='grc' dir='ltr'>Χριστὸς</span> <span class='ocrx_word' id='word_1_806' title='bbox 2404 4953 2743 5022; x_wconf 77' lang='grc' dir='ltr'>ὀνομάζεται.</span> <span class='ocrx_word' id='word_1_807' title='bbox 2773 4952 2897 5004; x_wconf 84' lang='grc' dir='ltr'><strong>Ὅτι</strong></span> <span class='ocrx_word' id='word_1_808' title='bbox 2942 4950 2999 5004; x_wconf 72' lang='grc' dir='ltr'>δὲ</span> <span class='ocrx_word' id='word_1_809' title='bbox 3034 4949 3163 5021; x_wconf 69' lang='grc' dir='ltr'>περὶ</span> <span class='ocrx_word' id='word_1_810' title='bbox 3194 4950 3257 5002; x_wconf 76' lang='grc' dir='ltr'>τὸ</span> <span class='ocrx_word' id='word_1_811' title='bbox 3292 4948 3632 5019; x_wconf 81' lang='grc' dir='ltr'>ἀνθρώπινον</span> <span class='ocrx_word' id='word_1_812' title='bbox 3664 4950 3694 5016; x_wconf 71' lang='grc' dir='ltr'><strong>η</strong></span> 
     </span>
    </p>
   </div>
   <div class='ocr_carea' id='block_1_104' title="bbox 2139 5040 3695 5115">
    <p class='ocr_par' dir='ltr' id='par_1_104' title="bbox 2139 5040 3695 5115">
     <span class='ocr_line' id='line_1_104' title="bbox 2139 5040 3695 5115; baseline -0.004 -17"><span class='ocrx_word' id='word_1_813' title='bbox 2139 5046 2339 5115; x_wconf 88' lang='grc' dir='ltr'>χρίσις,</span> <span class='ocrx_word' id='word_1_814' title='bbox 2368 5045 2468 5097; x_wconf 79' lang='grc' dir='ltr'><strong>οὐκ</strong></span> <span class='ocrx_word' id='word_1_815' title='bbox 2496 5044 2562 5097; x_wconf 85' lang='grc' dir='ltr'>ἂν</span> <span class='ocrx_word' id='word_1_816' title='bbox 2593 5041 2882 5097; x_wconf 82' lang='grc' dir='ltr'>ὲνδοιάσειέ</span> <span class='ocrx_word' id='word_1_817' title='bbox 2916 5058 2999 5104; x_wconf 86' lang='grc' dir='ltr'><strong>τις</strong></span> <span class='ocrx_word' id='word_1_818' title='bbox 3032 5040 3153 5094; x_wconf 81' lang='grc' dir='ltr'>τῶν</span> <span class='ocrx_word' id='word_1_819' title='bbox 3173 5040 3310 5109; x_wconf 81' lang='grc' dir='ltr'>ὀρθὰ</span> <span class='ocrx_word' id='word_1_820' title='bbox 3334 5042 3553 5110; x_wconf 79' lang='grc' dir='ltr'>φρονεῖν</span> <span class='ocrx_word' id='word_1_821' title='bbox 3577 5040 3695 5092; x_wconf 66' lang='grc' dir='ltr'><strong>εἰω-</strong></span> 
     </span>
    </p>
   </div>
   <div class='ocr_carea' id='block_1_105' title="bbox 2140 5125 3700 5205">
    <p class='ocr_par' dir='ltr' id='par_1_105' title="bbox 2140 5125 3700 5205">
     <span class='ocr_line' id='line_1_105' title="bbox 2140 5125 3700 5205; baseline -0.006 -18"><span class='ocrx_word' id='word_1_822' title='bbox 2140 5135 2343 5187; x_wconf 85' lang='grc' dir='ltr'>θότων·</span> <span class='ocrx_word' id='word_1_823' title='bbox 2387 5136 2477 5188; x_wconf 79' lang='grc' dir='ltr'><strong>εἰι</strong></span> <span class='ocrx_word' id='word_1_824' title='bbox 2522 5134 2621 5204; x_wconf 84' lang='grc' dir='ltr'>μὲν</span> <span class='ocrx_word' id='word_1_825' title='bbox 2652 5133 2757 5205; x_wconf 83' lang='grc' dir='ltr'>γὰρ</span> <span class='ocrx_word' id='word_1_826' title='bbox 2801 5131 2934 5194; x_wconf 85' lang='grc' dir='ltr'>Θεός</span> <span class='ocrx_word' id='word_1_827' title='bbox 2982 5135 3098 5185; x_wconf 70' lang='grc' dir='ltr'>ἔστι</span> <span class='ocrx_word' id='word_1_828' title='bbox 3142 5131 3237 5184; x_wconf 80' lang='grc' dir='ltr'><strong>καὶ</strong></span> <span class='ocrx_word' id='word_1_829' title='bbox 3276 5130 3469 5195; x_wconf 77' lang='grc' dir='ltr'>Λόγος,</span> <span class='ocrx_word' id='word_1_830' title='bbox 3508 5128 3607 5180; x_wconf 78' lang='grc' dir='ltr'><strong>οὐκ</strong></span> <span class='ocrx_word' id='word_1_831' title='bbox 3636 5125 3700 5178; x_wconf 74' lang='grc' dir='ltr'>ἂν</span> 
     </span>
    </p>
   </div>
   <div class='ocr_carea' id='block_1_106' title="bbox 2138 5217 3694 5297">
    <p class='ocr_par' dir='ltr' id='par_1_106' title="bbox 2138 5217 3694 5297">
     <span class='ocr_line' id='line_1_106' title="bbox 2138 5217 3694 5297; baseline -0.006 -20"><span class='ocrx_word' id='word_1_832' title='bbox 2138 5224 2330 5297; x_wconf 76' lang='grc' dir='ltr'>ἐδεήθη</span> <span class='ocrx_word' id='word_1_833' title='bbox 2365 5224 2600 5296; x_wconf 73' lang='grc' dir='ltr'>κρίσεως</span> <span class='ocrx_word' id='word_1_834' title='bbox 2630 5241 2641 5254; x_wconf 91' lang='grc'><strong>·</strong></span> <span class='ocrx_word' id='word_1_835' title='bbox 2678 5225 2737 5277; x_wconf 82' lang='grc' dir='ltr'>οὐ</span> <span class='ocrx_word' id='word_1_836' title='bbox 2770 5224 2878 5295; x_wconf 86' lang='grc' dir='ltr'><strong>γάρ</strong></span> <span class='ocrx_word' id='word_1_837' title='bbox 2906 5239 3010 5276; x_wconf 85' lang='grc' dir='ltr'><strong>που</strong></span> <span class='ocrx_word' id='word_1_838' title='bbox 3039 5222 3173 5295; x_wconf 73' lang='grc' dir='ltr'>φαίη</span> <span class='ocrx_word' id='word_1_839' title='bbox 3208 5239 3290 5285; x_wconf 82' lang='grc' dir='ltr'><strong>τις</strong></span> <span class='ocrx_word' id='word_1_840' title='bbox 3322 5220 3388 5275; x_wconf 79' lang='grc' dir='ltr'>ἂν</span> <span class='ocrx_word' id='word_1_841' title='bbox 3420 5217 3694 5289; x_wconf 70' lang='grc' dir='ltr'>κεκρίσθαι</span> 
     </span>
    </p>
   </div>
   <div class='ocr_carea' id='block_1_107' title="bbox 1519 5532 2596 5602">
    <p class='ocr_par' dir='ltr' id='par_1_107' title="bbox 1519 5532 2596 5602">
     <span class='ocr_line' id='line_1_107' title="bbox 1519 5532 2596 5602; baseline 0.004 -17"><span class='ocrx_word' id='word_1_842' title='bbox 1519 5532 1694 5587; x_wconf 68' lang='lat' dir='ltr'><strong>Variae</strong></span> <span class='ocrx_word' id='word_1_843' title='bbox 1718 5532 1975 5588; x_wconf 90' lang='lat' dir='ltr'><strong>lectiones</strong></span> <span class='ocrx_word' id='word_1_844' title='bbox 2005 5532 2209 5588; x_wconf 84' lang='lat' dir='ltr'><strong>codicis</strong></span> <span class='ocrx_word' id='word_1_845' title='bbox 2238 5532 2596 5602; x_wconf 82' lang='lat' dir='ltr'><strong>Seguieriani.</strong></span> 
     </span>
    </p>
   </div>
   <div class='ocr_carea' id='block_1_108' title="bbox 536 5662 2414 5749">
    <p class='ocr_par' dir='ltr' id='par_1_108' title="bbox 536 5662 2414 5749">
     <span class='ocr_line' id='line_1_108' title="bbox 536 5662 2414 5749; baseline 0.006 -36"><span class='ocrx_word' id='word_1_846' title='bbox 536 5669 564 5699; x_wconf 77' lang='grc' dir='ltr'><strong><em>ι</em></strong></span> <span class='ocrx_word' id='word_1_847' title='bbox 595 5662 897 5749; x_wconf 31' lang='grc' dir='ltr'>ἀμφοτνῖὠς</span> <span class='ocrx_word' id='word_1_848' title='bbox 918 5663 1018 5718; x_wconf 67' lang='grc' dir='ltr'>ἑνί.</span> <span class='ocrx_word' id='word_1_849' title='bbox 1095 5675 1125 5713; x_wconf 72' lang='lat'><strong><em>7</em></strong></span> <span class='ocrx_word' id='word_1_850' title='bbox 1159 5668 1571 5730; x_wconf 83' lang='grc' dir='ltr'>συνεισδέοντος.</span> <span class='ocrx_word' id='word_1_851' title='bbox 1649 5679 1671 5705; x_wconf 73' lang='grc' dir='ltr'><strong>ι</strong></span> <span class='ocrx_word' id='word_1_852' title='bbox 1697 5670 2026 5738; x_wconf 71' lang='grc' dir='ltr'>γεννηθέντι.</span> <span class='ocrx_word' id='word_1_853' title='bbox 2105 5684 2132 5713; x_wconf 79' lang='grc' dir='ltr'>ι</span> <span class='ocrx_word' id='word_1_854' title='bbox 2163 5671 2329 5737; x_wconf 75' lang='grc' dir='ltr'>ἴσως,</span> 
     </span>
    </p>
   </div>
  </div>
