3970 6136
304 318 442 371 1:221

1414 317 1501 373 DE
1544 318 1776 377 RECTA
1816 319 1974 378 FIDE
2013 321 2104 377 AD
2144 322 2459 382 REGINAS.

3408 331 3545 386 129.2

305 434 401 489 καὶ
428 432 686 504 ἡγιάσθαι
716 432 802 488 τὸν
844 434 909 489 ὲκ
940 432 1074 488 Θεοῦ
1103 433 1276 503 Λόγον
1316 436 1394 507 τῷ
1430 438 1545 510 ἰδίῳ
1574 440 1865 510 Πνιεύματι1

1980 452 2088 515 get.
2116 442 2226 500 Nec
2253 444 2392 499 ullus
2432 458 2667 514 unquam
2698 444 2881 500 docuit
2910 442 3003 500 Dei
3050 442 3284 502 Verbum
3336 446 3544 518 Spiritu

302 531 379 589 ὡς
422 525 597 597 ἑτέρῳ
635 526 764 595 παρ’
799 526 961 579 αὐτὸν
999 525 1099 597 τὴν
1140 525 1301 596 φύσιν
1357 528 1738 603 ὐπερκειμένῳ
1776 533 1871 587 καὶ

304 615 613 687 προῦχοντι.
646 636 664 668 ο
689 618 871 688 Χωρὶς
900 617 970 686 γά
979 636 1009 688 ρ
1039 621 1221 690 πάσης
1243 620 1549 691 ἀντιλογίας
1572 624 1631 677 τὸ
1654 624 1871 679 ἔλαττον

304 706 411 759 ὐπὸ
435 706 528 759 τοῦ
552 707 855 779 κρείττονος
882 709 1204 777 εὐλογεῖται.
1228 731 1247 764 ι
1294 712 1514 784 Ἐπειδὴ
1541 714 1597 768 δὲ
1625 718 1740 780 τοῖς
1769 716 1871 784 τῆς

302 796 717 869 ἀνθρωπότητος
746 798 965 871 μέτροις
985 800 1046 854 τὸ
1064 802 1387 870 ἀγιάζεσθαί
1412 822 1471 858 τε
1499 806 1594 860 καὶ
1618 806 1870 878 χρίεσθαι

301 888 521 956 πρέπει,
557 888 703 942 πᾶσά
733 905 848 953 πως
875 890 1086 963 ἀνάγκη
1122 893 1356 964 Χριστὸν
1390 895 1751 965 ὀνομάζεσθαι
1777 897 1870 951 τὸν

300 978 365 1030 ὲκ
396 975 529 1031 Θεοῦ
578 977 789 1047 Λόγον,
833 981 932 1051 οὐχ
974 982 1061 1035 ὅτε
1094 984 1301 1054 γυμνός
1332 982 1400 1057 ἦν
1443 986 1522 1040 ἔτι
1570 988 1664 1040 καὶ
1715 986 1868 1043 οὔπω

301 1071 738 1142 σεσαρκωμένος,
788 1073 906 1126 ἀλλ’
948 1075 1036 1128 ὅτε
1075 1078 1314 1146 γεγονὼς
1348 1079 1470 1133 καθ’
1507 1082 1676 1151 ἡμᾶς,
1706 1097 1864 1137 τουτ-

299 1165 443 1217 έστιν
470 1166 775 1236 ἄνθρωπος,
811 1167 1033 1241 ὲχρίσθη
1061 1170 1203 1224 κατὰ
1232 1170 1293 1224 τὸ
1315 1160 1672 1243 ἀνθρώπινον.
1703 1174 1864 1228 Ὥστε

294 1255 354 1306 τὸ
400 1254 653 1324 Χριστὸς
688 1255 859 1326 ὄνομα
904 1259 1103 1330 πρέποι
1144 1259 1211 1313 ἂν
1256 1261 1375 1313 κατ’
1426 1262 1617 1315 οὐδένα
1662 1265 1863 1335 τρόπον

295 1345 446 1399 οὔπω
484 1345 607 1400 καθ’
635 1348 782 1417 ἡμᾶς
811 1350 1057 1418 γεγονότι
1090 1350 1167 1423 τῷ
1203 1352 1267 1405 ὲκ
1293 1352 1427 1405 Θεοῦ
1460 1354 1671 1426 Πατρὸς
1702 1354 1864 1422 φύντι

294 1438 475 1509 Λόγῳ.
526 1439 590 1492 Εἰ
616 1439 673 1492 δὲ
698 1439 1017 1511 ὀνομάζοι-τό
1059 1459 1162 1496 που
1191 1445 1427 1516 Χριστὸς
1448 1484 1464 1509 ,
1512 1446 1864 1518 ὲνανθρωπή-

297 1528 468 1579 σαντά
499 1543 587 1596 μοι
615 1528 829 1599 νοήσεις
860 1530 1052 1584 αὐτόν·
1099 1531 1202 1585 κᾶν
1252 1533 1423 1603 Λόγον
1457 1534 1727 1608 ἀκούσῃς,
1767 1553 1865 1588 πε-

297 1618 621 1690 πραγμένης
657 1620 759 1690 ἤδη
789 1622 885 1692 τῆς
922 1623 1405 1696 ὲνανθρωπήσεως,
1438 1625 1536 1695 τῆς
1570 1626 1863 1694 ἑνωθείσης

294 1714 443 1784 αὐτῷ
474 1715 547 1785 μὴ
588 1716 985 1789 ἁμνημονήσῃς
1022 1721 1388 1791 σαρκός.’Δνὰ
1420 1722 1582 1792 μέρος
1605 1723 1662 1775 δὲ
1687 1721 1861 1793 τούτῳ

1976 550 2074 591 suo
2109 536 2385 591 inunctum
2412 545 2502 590 aut
2525 536 2916 591 sanctificatum
2941 550 3083 605 esse,
3110 538 3264 607 quasi
3284 538 3330 594 is
3345 554 3545 594 secun-

1977 627 2100 680 dum
2131 635 2377 680 naturam
2402 630 2470 682 ab
2500 626 2591 683 illo
2616 628 2688 682 sit
2706 627 2974 694 diversus,
3009 627 3256 698 superior
3280 637 3336 684 et
3364 631 3545 685 excel-

1976 716 2189 773 lentior.
2227 737 2246 770 ι
2293 718 2468 773 Minus
2502 733 2735 789 namque
2769 720 2889 774 sine
2914 720 3018 774 ulla
3050 722 3482 777 contradictione
3510 738 3545 775 τι

1975 808 2186 863 meliori
2224 823 2437 878 semper
2459 808 2883 863 benedicitur“.
2919 827 2939 859 ι
2975 808 3111 875 Quia
3146 825 3275 880 ergo
3305 811 3547 866 sanctiﬁ—

1974 899 2119 954 catio
2173 910 2227 955 et
2268 899 2512 954 inunctio
2567 900 2818 954 humanae
2860 908 3072 955 natura:
3100 901 3390 956 humilitati
3418 917 3546 956 cou-

1975 996 2200 1061 gruunt,
2238 989 2298 1044 iit
2324 989 2632 1044 necessario
2648 988 2817 1043 utDei
2849 988 3081 1045 Verbum
3113 1006 3217 1046 non
3250 1002 3358 1047 tum
3384 991 3546 1047 Chri-

1974 1081 2044 1135 sti
2066 1080 2283 1135 nomine
2306 1080 2562 1134 donatum
2591 1080 2682 1143 sit,
2712 1095 2834 1134 cum
2862 1081 3159 1135 etiamnum
3190 1083 3414 1148 nmium,
3443 1084 3546 1139 hoc

1973 1179 2078 1237 est,
2110 1171 2344 1225 nondum
2404 1170 2741 1224 iucaruatum
2783 1179 2948 1235 esset,
2986 1171 3082 1225 sed
3138 1180 3267 1227 tunc
3302 1173 3541 1237 demum,

1971 1275 2092 1316 cum
2115 1275 2263 1315 more
2297 1270 2481 1316 nostro
2527 1259 2727 1315 factum
2759 1261 2939 1325 homo,
2967 1262 3261 1316 secundum
3294 1270 3542 1318 naturam

1971 1353 2263 1407 humanam
2308 1352 2583 1407 inunetum
2637 1361 2722 1407 est
2755 1368 2768 1404 :
2804 1352 3164 1419 Quamobrem
3210 1368 3406 1409 nomen
3444 1354 3547 1407 hoc

1970 1443 2233 1511 Christus,
2257 1444 2397 1500 nulla
2462 1446 2670 1500 ratione
2698 1445 2849 1515 prius
2880 1445 2933 1498 in
2970 1444 3062 1500 Dei
3099 1445 3277 1501 Patris
3313 1443 3542 1501 Verbum

1967 1538 2341 1599 conveniebat,
2380 1552 2538 1606 quam
2574 1537 2810 1591 humano
2839 1550 2986 1590 more
3012 1545 3175 1606 atque
3204 1536 3361 1592 modo
3392 1537 3543 1606 geni-

1971 1636 2081 1681 tum
2109 1637 2273 1681 esset.
2307 1627 2457 1693 Quod
2483 1628 2527 1682 si
2564 1626 2808 1681 absolute
2848 1626 3043 1681 alicubi
3086 1628 3336 1682 Christus
3369 1628 3543 1683 nomi-

1971 1730 2149 1786 natur,
2170 1734 2292 1774 mox
2312 1719 2438 1773 illud
2457 1719 2794 1773 iucarnatum
2815 1718 3083 1788 intelligas
3109 1736 3123 1777 :
3147 1730 3198 1773 et
3224 1721 3273 1775 si
3303 1719 3540 1776 Verbum

296 1805 535 1876 κάκείνῳ
565 1805 798 1876 πρέπειν
826 1809 1032 1864 οἴεσθαι
1059 1815 1158 1882 τὴν
1191 1812 1392 1884 φωνὴν,
1438 1813 1694 1867 ἀσύνετον
1725 1832 1862 1868 παν-

1980 1807 2156 1860 iudias
2180 1816 2396 1876 peracta
2426 1807 2536 1876 jam
2569 1805 2963 1871 incarnatione,
2994 1809 3158 1863 unitte
3214 1809 3312 1878 ipsi
3358 1810 3543 1881 carnis

294 1895 487 1995 τξλῶς,
526 1896 724 1969 μᾶλλον
753 1900 817 1971 δὴ
838 1901 865 1941 ι)
884 1901 987 1953 διαὶ
1010 1902 1221 1995 ἀνόσιον
1252 1902 1284 1974 ἢ
1312 1906 1544 1974 φρονεῖν,
1594 1905 1627 1975 ἢ
1661 1904 1860 1972 λέγειν.

290 1984 394 2053 Ἐἷς
422 1988 531 2061 γὰρ
555 1988 764 2061 Κύριος
804 1989 1008 2059 Ἰησοῦς
1030 1984 1283 2061 Χριστὸς,
1308 1993 1401 2046 καὶ
1425 1994 1484 2046 οὐ
1513 1994 1860 2064 μεμέρισται,

296 2077 441 2131 καθὰ
468 2082 560 2131 καὶ
584 2072 744 2142 αὐτος
775 2080 802 2132 ὁ
827 2078 1137 2148 σοφώτατος
1166 2082 1439 2150 Παῦλος,ό
1468 2083 1702 2155 Χριστὸν
1727 2084 1864 2154 ἔχων

291 2170 351 2220 ὲν
378 2168 578 2239 ἑαυτῷ,
602 2169 664 2222 τὸ
703 2169 847 2223 θεῖον
882 2170 1031 2241 αὐτῷ
1059 2171 1321 2226 λαλοῦντα
1351 2175 1668 2245 μυστήριον.
1690 2177 1866 2246 Προσ-

303 2258 561 2313 ϐαλοῦσαι
591 2260 647 2313 δὲ
674 2265 782 2323 τοῖς
818 2261 1010 2331 ἐφεξῆς
1044 2264 1354 2331 κεφαλαίοις
1378 2304 1392 2328 ,
1426 2264 1559 2333 εὐθῆ
1612 2266 1705 2319 καὶ
1755 2267 1864 2319 ἀπ·

294 2349 585 2419 εξεσμένον
632 2352 707 2413 εἰς
753 2350 1008 2422 ἀλήθειαν
1065 2354 1156 2407 τὸν
1199 2354 1329 2424 ἐμὸν
1379 2356 1640 2427 εὑρήσετε
1684 2356 1860 2425 λόγον.

294 2439 883 2511 Προδιαμαρτύρασθαι
924 2440 978 2493 δὲ
1006 2436 1160 2513 οἶμαι
1202 2444 1421 2496 κάκεῖνο
1450 2444 1611 2497 καλόν
1632 2461 1645 2475 ο
1677 2443 1864 2515 ὥσπερ

294 2532 408 2601 γάρ
439 2532 587 2583 ἐστιν
619 2532 676 2583 ὲν
706 2530 917 2601 θεότητι
939 2533 1142 2598 τέλειος
1176 2537 1204 2588 ὁ
1248 2535 1311 2587 ἐκ
1338 2534 1470 2588 Θεοῦ
1512 2536 1722 2605 Πατρός
1760 2535 1865 2587 Λό-

295 2639 412 2689 γος,
442 2620 585 2675 οὕτω
614 2622 707 2674 καὶ
737 2624 794 2674 ὲν
819 2622 1196 2695 ἀνθρωπότητι
1227 2624 1430 2688 τέλειος
1451 2665 1464 2690 ,
1501 2626 1643 2678 κατά
1674 2642 1735 2693 γε
1775 2624 1865 2677 τὸν

292 2714 394 2783 τῆς
427 2715 839 2785 ἀνθρωπότητος
868 2715 1025 2783 λόγον
1045 2732 1059 2746 ⁶
1110 2717 1211 2769 οὐκ
1238 2717 1443 2788 ἄψυχον
1478 2718 1638 2787 σῶμα
1663 2716 1863 2778 λαὸὼν,

298 2805 645 2875 ἐψυχωμὲνον
664 2817 686 2846 ο
712 2806 767 2859 δὲ
806 2806 1003 2876 μᾶλλον
1033 2806 1178 2877 ψυχῇ
1209 2807 1421 2878 λογικῇ.
1439 2808 1496 2859 '0
1521 2808 1576 2860 δὲ
1602 2808 1734 2870 Θεὸς
1757 2807 1865 2859 τῶν

296 2896 453 2958 ὅλων,
478 2898 505 2949 ό
530 2899 640 2960 τοῖς
668 2898 956 2965 ἀγαπῶσιν
982 2899 1144 2952 αὐτὸν
1165 2900 1233 2952 τὰ
1263 2900 1321 2964 ἐξ
1343 2900 1572 2971 οὐρανοῦ
1596 2900 1866 2969 διανέμων

295 2987 473 3056 ἀγαθὰ
496 3028 510 3046 .
543 2989 641 3052 τὰς
686 2990 835 3053 ὁσίας
864 2990 1019 3061 ὑμῶν
1063 2991 1342 3063 ὲμπλήσαι
1373 2991 1547 3061 ψυχὰς
1578 2992 1690 3053 τοῖς
1736 2991 1864 3061 παρ’

1970 1913 2073 1952 non
2098 1897 2454 1951 obliviscaris.
2492 1895 2664 1951 Porro
2693 1905 2871 1951 autem
2902 1898 3153 1953 arbitrari
3188 1914 3369 1955 vocem
3401 1900 3543 1955 hanc

1966 1986 2205 2043 Christus
2229 1988 2454 2042 seorsim
2484 1986 2632 2055 huic,
2667 1996 2718 2041 et
2748 1986 2980 2042 seorsim
3020 2003 3204 2043 rursus
3235 1988 3306 2042 illi
3345 2004 3541 2044 conve-

1968 2082 2104 2147 nire,
2140 2079 2306 2144 istud,
2332 2078 2592 2147 .inquam,
2628 2079 2831 2134 sentire
2865 2079 2949 2134 vel
2993 2079 3138 2147 loqui
3187 2080 3408 2135 stultum
3454 2089 3540 2134 est

1965 2170 2340 2234 omnino,imo
2389 2184 2516 2223 vero
2553 2169 2797 2238 impium,
2838 2181 2893 2224 et
2927 2172 3231 2240 profanum.
3282 2171 3429 2226 Unus
3454 2184 3539 2226 est

1965 2261 2107 2316 enim
2148 2259 2405 2315 Dominus
2450 2258 2610 2314 Jesus
2647 2260 2923 2324 Christus,
2973 2277 3079 2315 non
3111 2262 3335 2326 divisus,
3366 2278 3540 2332 neque
3598 2257 3611 2270 ”

1967 2353 2262 2415 dissectus;
2322 2338 2772 2419 quemadmodum
2830 2352 3265 2421 sapientissimus
3321 2351 3538 2417 Paulus,

1967 2444 2057 2512 qui
2096 2441 2374 2497 Christum
2407 2442 2457 2495 in
2506 2456 2564 2496 se
2603 2441 2844 2496 divinum
2881 2442 2983 2497 hoc
3014 2445 3329 2515 mysterium
3363 2446 3539 2501 reclu-

1968 2534 2179 2586 dentem
2207 2533 2460 2594 habebat,
2507 2530 2795 2586 manifeste
2829 2522 3073 2589 docet".
3109 2534 3305 2590 Verum
3348 2536 3416 2591 ad
3446 2552 3537 2590 ca-

1968 2625 2076 2693 pita
2108 2624 2299 2677 ordine
2329 2623 2545 2690 hiejam
2574 2624 2855 2692 sequentia
2888 2625 3128 2679 animum
3162 2628 3536 2696 atljuugentes,

1966 2710 2265 2764 orationem
2316 2724 2488 2763 meatu
2539 2720 2739 2763 rectam
2790 2710 2893 2781 55
2930 2722 2983 2766 et
3019 2714 3087 2767 ad
3122 2714 3367 2769 veritatis
3406 2731 3535 2769 nor-

1969 2816 2108 2855 mam
2167 2802 2628 2856 accommodatam
2684 2803 3051 2871 comperietis.
3102 2803 3536 2861 Consentaneum

1966 2904 2047 2948 est
2086 2903 2285 2957 autem,
2314 2896 2527 2963 Opinor,
2579 2905 2636 2948 ut
2669 2893 2797 2948 illud
2847 2909 3059 2964 quoque
3096 2898 3198 2952 hoc
3243 2897 3362 2952 loco
3413 2913 3540 2964 pro-

1970 2994 2170 3053 tester;
2223 2995 2349 3057 puta
2409 2986 2497 3040 Dei
2531 2985 2710 3042 Patris
2747 2985 2982 3042 Verbum
3044 3005 3197 3060 teque
3241 2991 3535 3059 perfectum

293 3076 485 3129 ἑαυτοῦ
519 3077 544 3116 d
582 3078 945 3149 χαρίσμασιν·
998 3081 1084 3134 ἵνα
1139 3083 1231 3136 καὶ
1277 3081 1355 3144 είς
1409 3080 1605 3151 μέτρον
1650 3080 1865 3150 ἡλικίας

1980 3076 2192 3145 suisque
2224 3075 2462 3130 numeris
2502 3077 2809 3130 absolutqu
2848 3091 2969 3132 esse
3012 3079 3067 3132 in
3098 3080 3458 3148 humanitate,
3482 3090 3540 3135 et

292 3168 680 3224 ἀναϐαίνουσαι
708 3170 802 3223 τοῦ
828 3170 1191 3242 πληρώματος
1237 3169 1330 3223 τοῦ
1372 3168 1632 3240 Χριστοῦ,
1665 3168 1865 3222 εὐκλεᾶ

1980 3166 2266 3220 secundum
2299 3167 2649 3222 humanitatis
2707 3167 2994 3234 rationem,
3029 3179 3191 3240 atque
3240 3171 3536 3240 perfectum

292 3258 389 3311 καὶ
442 3259 723 3330 εὐδόκιμον
781 3261 880 3332 τὴν
944 3260 1272 3329 ἀξιάγαστον
1330 3260 1486 3332 ὑμῶν
1546 3261 1862 3331 ἀποφήνητε

293 3348 460 3418 ζωὴν,
493 3349 643 3417 ἁγίαι
671 3350 880 3420 νύμφαι
909 3351 1166 3421 Χριστοῦ.

1969 3265 2053 3311 est
2081 3257 2134 3309 in
2171 3256 2472 3311 divinitate.
2506 3257 2643 3312 Tum
2679 3271 2876 3326 corpus
2913 3273 3127 3329 quoque
3153 3261 3296 3330 quod
3326 3278 3539 3316 assum-

1968 3348 2075 3417 psit
2107 3361 2211 3401 non
2250 3345 2546 3402 inanimum
2566 3363 2706 3414 esse,
2739 3350 2830 3405 sed
2856 3350 3032 3402 anima
3056 3351 3389 3423 intelligente
3419 3369 3541 3423 per-

292 3438 493 3493 fectqu
523 3450 579 3493 et
615 3442 982 3495 informatum.
1047 3441 1429 3497 Uuiversarum
1489 3459 1667 3498 rerum
1710 3442 1890 3511 opifex
1972 3447 2266 3508 auctorque
2312 3438 2452 3494 Deus
2506 3440 2746 3511 (sancta:
2802 3444 3002 3499 Christi
3056 3446 3303 3515 sponsae)
3351 3445 3445 3516 qui
3479 3459 3539 3500 se

297 3533 645 3604 diligentibus
661 3533 903 3587 coelestia
932 3533 1413 3601 bouaimpertitur,
1473 3536 1656 3589 beatas
1678 3537 1888 3589 animas
1930 3539 2138 3586 vestras
2168 3532 2285 3585 suis
2319 3531 2475 3587 donis
2514 3531 2755 3600 impleat,
2822 3550 2928 3602 quo
2977 3535 3031 3589 in
3072 3550 3378 3590 mensuram
3406 3550 3538 3592 teta-

300 3623 369 3675 tis
416 3622 764 3691 plenitudinis
812 3622 1049 3676 Christi
1110 3634 1515 3692 consurgentes,
1573 3626 1739 3679 vitam
1789 3623 2079 3695 gloriosam
2144 3622 2563 3689 prohatamque,
2620 3632 2673 3677 et
2736 3624 2879 3678 omni
2917 3624 3275 3680 admiratione
3320 3626 3536 3695 dignam

300 3713 637 3781 transigatis.

470 3844 654 3899 ΤΛΔΕ
690 3846 1014 3897 ΕΝΕΣΤΙΝ
1047 3845 1149 3898 ΕΝ
1187 3847 1349 3899 ΤΟῙΣ
1386 3846 1693 3900 ΕΦΕΞΗΣ.

374 3980 495 4034 Ὀτι
544 3978 674 4042 Θεὸς
725 3980 753 4032 ό
801 3977 1056 4050 Χριστὸς,
1092 3976 1281 4031 ἐνὼσει
1331 3981 1397 4049 τῇ
1431 3978 1566 4050 πρὸς
1602 3979 1693 4031 τὸν
1729 3979 1860 4031 Θεὸν

297 4072 470 4139 Λόγον
494 4071 573 4132 είς
595 4069 692 4140 τὴν
711 4068 874 4122 αὐτοῦ
891 4068 1045 4134 δόξαν
1066 4069 1443 4131 ἀναϐαίνοντος
1463 4067 1670 4122 καὶτοῦ
1695 4084 1864 4140 προσ-

298 4160 593 4229 ληφθέντος
620 4157 771 4223 ναοῦ,
798 4161 861 4210 ἐκ
884 4157 991 4210 τῶν
1017 4156 1405 4211 ἀποστολικῶν.

384 4252 476 4303 Ἐκ
512 4248 615 4302 τῶν
653 4248 953 4303 καθολικῶν
990 4248 1225 4319 ἐκλογὴε
1266 4250 1343 4311 είς
1380 4247 1440 4301 τὸ
1476 4248 1625 4301 αὐτό.

380 4344 475 4396 Ἐκ
511 4342 617 4395 τῶν
656 4341 1021 4409 εὐαγγελικῶν
1060 4340 1254 4411 ἐκλογὴ
1276 4338 1295 4377 τ
1337 4341 1415 4403 εἰς
1452 4339 1510 4392 τὸ
1545 4338 1692 4392 αὐτό.

372 4434 493 4487 ’Ότι
521 4433 632 4503 ζωὴ
668 4433 760 4486 καὶ⁷
791 4431 1050 4494 ζωοποιὸς
1081 4433 1109 4484 ό
1134 4429 1385 4500 Χριστὸς,
1416 4431 1481 4482 ὲκ
1525 4429 1633 4482 τῶν
1676 4428 1865 4500 κειμέ-

1971 3847 2145 3903 H/EC
2199 3847 2487 3903 INSUNT
2540 3848 2627 3904 ΙΝ
2679 3848 2785 3904 IIS
2836 3850 3010 3916 ριἙ
3061 3850 3533 3919 ΞΕΩΠΗΝΤΗΠ.

2040 3981 2190 4049 Quod
2234 3980 2482 4035 Christus
2515 3983 2583 4035 sit
2615 3982 2775 4043 Deus,
2823 3980 3017 4035 unione
3082 3985 3148 4036 ad
3195 3984 3360 4037 Deum
3412 3984 3539 4040 Ver-

1975 4073 2100 4127 hum
2146 4073 2475 4125 ascendente
2519 4073 2582 4124 ad
2632 4072 2749 4139 ejus
2794 4070 3017 4140 gloriam
3072 4075 3271 4142 templo
3320 4090 3535 4144 qucque

1970 4171 2267 4232 assumpto,
2305 4177 2370 4215 ex
2402 4161 2737 4229 apostolicis.

2043 4253 2121 4308 Ex
2155 4254 2437 4308 catholicis
2478 4255 2764 4309 sententia?
2792 4255 2844 4309 in
2879 4256 3040 4310 idem.

1898 4373 1942 4425 ο
2051 4346 2129 4400 Ex
2160 4346 2489 4414 evangelims
2516 4347 2799 4401 sententiae
2838 4346 2889 4397 in
2915 4351 3077 4401 idem.

2040 4434 2189 4500 Quod
2220 4432 2472 4487 Christus
2505 4433 2575 4488 sit
2612 4435 2744 4500 vita,
2778 4444 2832 4489 et
2862 4436 3186 4496 viviﬁcator,
3218 4446 3531 4504 argumenta

301 4546 407 4581 νων
439 4526 588 4597 παρὰ
616 4525 693 4595 τῷ
723 4523 1005 4594 ἀποστόλῳ
1040 4521 1256 4592 Παύλῳ,
1288 4521 1381 4574 καὶ
1418 4522 1475 4573 ὲν
1507 4522 1616 4583 τοῖς
1643 4522 1865 4574 ἀποστο-

1980 4539 2029 4578 3x
2080 4524 2309 4593 apostoli
2345 4522 2495 4576 Pauli
2541 4523 2879 4593 aliorumque
2931 4526 3294 4593 apostolorum
3342 4526 3537 4582 litteris

301 4622 470 4683 λικοῖς
498 4619 749 4689 εὑρήσεις
771 4617 818 4669 ε.

372 4710 495 4761 Ὅτι
539 4709 616 4769 εἰς
663 4703 893 4775 Χριστὸν
945 4705 975 4773 ἡ
1032 4702 1212 4764 πίστις
1253 4700 1327 4764 ὡς
1359 4702 1436 4764 εἰς
1462 4701 1615 4766 Θεὸν,
1653 4702 1719 4755 ὲκ
1760 4701 1867 4755 τῶν

278 4797 622 4863 ηκαθολικῶν,
655 4798 744 4848 καὶ
773 4797 836 4847 ὲκ
865 4794 972 4847 τῶν
1006 4795 1392 4863 εὐαγγελικῶν.

378 4890 495 4941 Ὀτι
540 4885 653 4957 ζωὴ
693 4886 788 4939 καὶ
826 4885 1129 4957 ἱλαστήριον
1158 4888 1186 4938 ὁ
1216 4883 1473 4954 Χριστὸς,
1508 4883 1729 4953 ἐκλογαὶ
1755 4883 1870 4938 διά-

303 4995 476 5050 φόροι.

369 5070 490 5122 "Ott
524 5070 551 5121 ὁ
578 5065 813 5139 Χριστοῦ
860 5066 1085 5128 θάνατος
1132 5064 1210 5135 τῷ
1253 5064 1442 5135 κόσμῳ
1491 5067 1773 5137 σωτήριος,
1805 5067 1871 5121 ὲκ

302 5160 409 5213 τῶν
439 5157 810 5212 ἀποπολικῶν
840 5157 934 5209 κα)⁸
963 5152 1330 5222 εὐαγγελικῶν
1358 5154 1600 5223 ἐκλογαί.

374 5330 419 5363 ⁸⁸
447 5330 611 5387 llebr.
646 5346 748 5395 vn,
787 5329 841 5382 7.
918 5328 963 5359 ⁸³
994 5326 1162 5384 lCor.
1190 5325 1231 5391 l,
1265 5326 1300 5380 2
1328 5342 1480 5396 seqq.

1969 4616 2154 4685 petita.

2041 4706 2190 4771 Quod
2236 4704 2367 4757 fides
2402 4705 2470 4757 sit
2515 4706 2566 4758 iu
2606 4703 2903 4767 Christum,
2950 4718 3004 4757 ut
3038 4707 3087 4759 iu
3127 4706 3311 4771 Deum,
3342 4724 3406 4761 ex
3441 4723 3531 4762 ca-

1973 4793 2187 4847 tholicis
2220 4804 2273 4848 et
2299 4795 2650 4864 evangelicis.

2041 4883 2194 4950 Quod
2234 4886 2483 4939 Christus
2528 4887 2598 4938 sit
2627 4886 2732 4937 vita
2778 4897 2829 4938 et
2856 4888 3308 4956 propitiatorium,
3341 4890 3533 4960 expla-

1972 4974 2217 5028 nationes
2246 4976 2429 5029 variae.

2042 5065 2194 5130 Quod
2228 5064 2431 5119 Christi
2458 5080 2603 5121 mors
2635 5066 2833 5121 mundo
2871 5067 3124 5122 salutaris
3152 5067 3440 5135 exstiterit,
3466 5082 3535 5123 ex

1976 5155 2290 5222 apostolicis
2320 5167 2375 5211 et
2407 5159 2733 5229 evangelicis
2767 5160 3165 5216 auuotatioues.

1372 5477 1543 5533 Variae
1568 5479 1826 5533 lectiones
1858 5480 2060 5535 codicis
2091 5479 2449 5549 Seguieriani.

384 5661 411 5704 δ
438 5662 513 5719 δέ.
591 5670 616 5701 ο
657 5657 1071 5730 ἑμψυχωμένον.
1146 5657 1170 5696 ἀ
1208 5656 1402 5726 ἐαυτῷ.

1520 5668 1542 5694 ο
1577 5654 1815 5723 ἐκλογαί.
1895 5657 1914 5696 τ
1948 5660 2189 5728 ἐκλογαί.
2270 5660 2402 5714 εἴσ.
2435 5660 2703 5731 εὑρέσεις.
