3970 6136
400 245 540 302 1225

1394 240 1453 296 S.
1491 239 1771 297 CYRILLI
1808 234 2274 293 ALEXANDRINI
2314 178 2636 292 ΑΠΟΗῘΕΡ.

3498 232 3636 287 1221

397 359 550 426 Quod
603 356 843 412 Christus
902 357 969 411 sit
1021 354 1181 419 Deus,
1225 369 1317 426 per
1362 354 1604 426 unionem
1663 351 1945 426 ad_Deum

2057 350 2177 426 Ὅτι
2201 349 2388 426 ’Θεὸς-Α
2417 353 2450 402 ό
2498 349 2774 426 Χριστὸς,
2806 348 3019 426 {ﬁguret
3046 348 3125 426 τῇ
3158 347 3319 426 Σπρὸς
3346 346 3455 400 τὸν
3475 348 3643 426 ,Θεὸς

474 427 698 481 Verbum
747 427 1052 480 ascendente
1093 427 1161 478 ad
1192 424 1309 493 ejus
1341 424 1564 492 gloriam
1597 422 1787 490 templo
1819 437 1951 491 quo-

462 512 561 566 que
589 504 878 563 assumpto.

805 602 891 657 Ex
922 603 1140 673 epistola
1174 604 1243 654 ad
1266 600 1549 657 Romanos.

471 740 489 771 ι
518 718 715 773 Paulus
744 729 940 787 servus
977 711 1100 768 Jesn
1136 712 1359 777 Christi,
1395 719 1617 767 vocatus
1658 709 1951 780 apostolus,

393 820 703 881 segregatus
738 808 789 861 in
825 806 1176 873 Evangelium
1211 802 1329 868 Dei,
1357 803 1498 873 quod
1530 813 1656 857 ante
1692 801 1954 870 promise-

392 912 476 955 rat
511 914 604 968 per
655 899 946 968 prephetas
999 910 1127 951 suos
1168 895 1222 948 in
1272 892 1571 962 Scripturis
1625 892 1850 956 sanctis,
1884 892 1953 946 de

389 990 525 1046 Filio
554 987 797 1056 suo,-qui
831 987 1009 1041 factus
1038 994 1121 1040 est
1154 985 1201 1039 ei
1229 999 1295 1038 ex
1322 983 1527 1037 semine
1559 982 1723 1034 David
1755 995 1951 1036 secun-

389 1082 515 1137 dum
556 1093 814 1144 carnem;
847 1076 937 1145 qui
977 1073 1401 1145 praedestinatus
1434 1080 1516 1125 est
1553 1069 1722 1123 Filius
1757 1069 1850 1123 Del
1890 1067 1944 1121 in

388 1171 496 1242 56
538 1170 773 1233 virtute,
834 1164 1154 1220 secundum
1191 1163 1450 1231 Spiritum
1504 1158 1953 1214 sanctiﬁcationis

386 1277 453 1316 ex
502 1259 904 1315 resurrectione
950 1264 1287 1309 mortuorum
1335 1250 1463 1305 Jesu
1509 1249 1705 1305 Christi
1740 1247 1949 1303 Domini

389 1352 559 1408 nostri
592 1351 662 1405 '°.
693 1368 712 1401 ›
745 1349 912 1417 Igitur
935 1345 980 1400 si
1004 1343 1316 1413 praedicatio
1337 1341 1404 1394 de
1425 1339 1640 1394 Christo
1666 1347 1746 1393 est
1775 1338 1952 1392 Evan-

386 1441 581 1512 gelium
612 1440 703 1493 Dei
728 1478 745 1504 ,
784 1435 1051 1506 quomodo
1077 1433 1327 1488 Christus
1361 1446 1466 1486 non
1497 1441 1581 1485 est
1609 1429 1782 1485 Deus?
1808 1429 1949 1483 Rur-

385 1543 504 1583 sum
553 1528 598 1582 si
650 1539 842 1580 omnes
889 1522 1109 1578 omnino
1158 1521 1433 1590 prophetat
1476 1520 1539 1573 ad
1580 1522 1753 1588 ipsum
1793 1518 1948 1588 quasi

384 1620 453 1674 ad
499 1631 721 1686 scOpum
768 1614 1069 1677 collimaut,
1103 1612 1406 1680 divinaeque
1453 1610 1750 1679 Scripturae
1796 1611 1944 1664 illum

2128 421 2319 487 Λόγον
2338 419 2424 484 εἰς
2455 418 2569 483 τὴν
2592 418 2777 472 αὐτοῦ
2808 419 2997 482 δόξαν
3027 418 3507 482 ἀναϐαίνοντος-ιι
3535 416 3638 470 καὶ

2127 488 2234 542 τοῦ
2259 488 2756 556 προσληφθέντος
2786 488 2958 542 ναοῦ.

2435 600 2539 653 Ἐκ
2575 597 2685 668 τῆς
2721 598 2871 667 πρὸς
2910 599 3244 669 Ῥωμαίους.

2133 732 2151 766 ι
2169 713 2380 774 Παῦλος
2408 712 2592 778 δοῦλος
2615 714 2788 785 Ἰησοῦ
2809 715 3065 785 Χριστοῦ,
3082 715 3281 785 κλητὸς
3304 718 3632 784 ἀπόστολος,

2055 806 2437 877 ἀφωρισμένος
2466 808 2546 868 είς
2575 806 2904 874 Εὐαγγέλιον
2923 806 3077 873 Θεοῦ,
3105 806 3133 860 ὃ
3155 811 3636 878 προεπηγγείλατο

2054 896 2143 951 διά
2180 897 2289 949 τῶν
2335 896 2626 966 προφητῶν
2664 894 2829 949 αὑτοῦ
2876 897 2936 949 ὲν
2982 896 3225 966 Γραφαῖς
3253 898 3461 967 ἁγίαις,
3501 901 3634 968 περὶ

2055 986 2149 1040 τοῦ
2178 985 2308 1040 Υίοῦ
2337 985 2523 1050 αὐτοῦ,
2558 984 2653 1038 τοῦ
2688 984 2982 1055 γενομένου
3013 986 3079 1038 ἐκ
3111 987 3423 1055 σπέρματος
3465 986 3632 1041 Δαυϊδ

2056 1076 2196 1130 κατὰ
2229 1075 2439 1147 σάρκα·
2472 1073 2564 1129 τοῦ
2601 1073 2905 1144 ὁρισθέντος
2940 1074 3073 1128 Υίοῦ
3121 1076 3255 1129 Θεοῦ
3296 1079 3353 1130 ὲν
3395 1078 3628 1147 δυνάμει

2055 1167 2195 1221 κατὰ
2245 1167 2469 1236 Πνεῦμα
2519 1164 2847 1236 ἁγιωσύνης,
2895 1166 2954 1231 ἐξ
3001 1167 3344 1231 ἀναστάσεως
3388 1148 3626 1240 νεκρῶν,

2067 1256 2239 1327 Ἰησοῦ
2270 1254 2506 1327 Χριστοῦ
2552 1254 2646 1308 τοῦ
2698 1256 2898 1326 Κυρίου
2930 1255 3109 1327 ἡμῶν.
3142 1275 3160 1308 ι
3194 1257 3426 1320 Οὐκοῦν,
3465 1259 3625 1329 εἴπερ

2053 1345 2200 1398 ἐστὶν
2246 1346 2574 1413 Εύαγγέλιον
2614 1344 2748 1398 Θεοῦ
2793 1345 2855 1397 τὸ
2897 1347 3026 1415 περὶ
3057 1346 3293 1415 Χριστοῦ
3337 1348 3624 1418 κήρυγμα,

2053 1434 2170 1499 πῶς
2198 1436 2257 1489 οὐ
2293 1435 2423 1499 Θεὸς
2454 1435 2482 1489 ό
2509 1435 2773 1506 Χριστόςς
2808 1437 2920 1489 Καὶ
2962 1438 3010 1489 εί
3056 1438 3238 1505 πάσης
3285 1439 3626 1509 προφητείας

2053 1525 2139 1579 ἐπ’
2173 1525 2303 1579 αὐτὸ
2349 1524 2647 1595 βλεπούσης
2682 1524 2873 1595 πέρας,
2910 1525 3004 1579 καὶ
3047 1525 3177 1578 Υίὸν
3219 1525 3312 1579 τοῦ
3346 1526 3483 1579 Θεοῦ
3528 1545 3626 1597 κη-

2056 1614 2336 1686 ρύττουσιν
2378 1617 2433 1668 αἱ
2466 1614 2677 1685 Γραφαὶ
2703 1615 2794 1668 τὸν
2843 1615 2909 1669 ὲκ
2959 1613 3272 1685 σπέρματος
3296 1615 3482 1679 Δαυῖδ,
3519 1617 3625 1670 κᾶν

385 1710 582 1779 ipsum,
616 1707 707 1777 qui
756 1721 822 1761 ex
868 1704 1076 1760 semine
1110 1703 1277 1757 David
1325 1712 1477 1756 ortus
1509 1711 1613 1765 est,
1639 1715 1942 1769 quanquam

2057 1703 2279 1774 ὡρίσθαι
2301 1703 2513 1772 λέγοιτο
2551 1704 2694 1758 κατὰ
2720 1703 2946 1775 Πνεῦμα
2975 1704 3286 1774 ἁγιωσύνης
3320 1705 3409 1759 διὰ
3435 1707 3498 1759 τὸ
3525 1708 3625 1776 τῆς

346 1805 357 1827 ¹
386 1810 606 1869 propter
639 1796 1034 1854 incarnationis
1076 1794 1396 1865 mysterium
1424 1793 1715 1848 secundum
1746 1793 1947 1846 sancti-

385 1889 653 1944 ﬁcationis
697 1887 952 1958 Spiritum
1006 1886 1416 1955 praedestinatus
1467 1884 1698 1946 dicatur,
1752 1881 1944 1937 Filium

385 1980 476 2036 Dei
531 1980 846 2049 praedicant,
901 1993 1007 2048 quo
1041 1987 1202 2048 pacto
1246 1990 1354 2029 non
1405 1983 1488 2030 est
1535 1990 1695 2029 verus
1746 1973 1943 2041 Filius;

385 2073 620 2126 maxime
656 2085 784 2125 vero
832 2085 952 2125 cum
983 2082 1079 2140 per
1115 2067 1565 2122 resurrectionem
1590 2064 1675 2119 ἐκ
1724 2065 1948 2121 mortuis

2051 1791 2512 1863 ὲνανθρωπήσεως
2542 1793 2858 1863 μυστήριον·
2885 1792 3000 1856 πῶς
3027 1794 3125 1863 ούχ
3146 1792 3272 1856 Υἱὸς
3300 1793 3538 1864 άληθῶς,
3559 1797 3625 1848 ἐκ

2049 1882 2147 1952 τῆς
2187 1883 2295 1935 τῶν
2321 1883 2529 1956 νεκρῶν
2559 1883 2905 1947 ἀναστάσεως
2939 1884 3415 1955 μαρτυρούμενος;
3464 1887 3628 1956 Ἐγή-

2050 1990 2240 2044 γερται
2272 1973 2381 2045 γὰρ
2409 1973 2509 2028 οὐκ
2538 1972 2822 2047 ἄνθρωπος
2851 1974 3026 2038 κοινὸς
3060 1975 3182 2028 καθ’
3209 1977 3376 2046 ἡμᾶς,
3406 1976 3521 2029 ἀλλ’
3542 1977 3623 2039 ὡς

2051 2066 2283 2121 θανάτου
2320 2066 2607 2138 κρείττων,
2642 2065 2777 2119 καθὸ
2801 2066 2898 2119 καὶ
2921 2064 3034 2134 ζωὴ
3063 2068 3159 2120 καί
3185 2066 3338 2133 Θεός.

383 2166 606 2223 evidens
638 2165 1003 2221 testimonium
1034 2161 1479 2230 habeat?Nequc
1542 2161 1687 2215 enim
1747 2160 1995 2214 invitam
2055 2162 2412 2217 resuscitatus
2468 2169 2553 2216 est
2605 2171 2665 2216 ut
2713 2175 2851 2217 unus
2901 2162 3167 2233 quispiam
3229 2162 3390 2216 homo
3443 2165 3617 2218 nostri

383 2258 609 2321 similis,
666 2257 760 2312 sed
816 2264 1069 2324 tanquam
1119 2262 1292 2308 morte
1344 2265 1623 2320 superior,
1673 2260 1940 2319 quatenus
1980 2250 2234 2305 nimirum
2261 2252 2366 2306 vita
2402 2259 2563 2307 estet
2592 2250 2751 2307 Deus.

456 2351 531 2404 De
567 2349 651 2403 his
699 2349 790 2417 qui
835 2347 1112 2403 Creatoris
1156 2349 1274 2403 loco
1315 2357 1619 2402 creaturam
1669 2346 1943 2401 adorant:

389 2462 407 2495 ι
443 2443 575 2508 Quia
627 2455 749 2495 cum
798 2440 1179 2509 cognovissent
1208 2439 1398 2503 Deum,
1443 2454 1545 2492 non
1593 2439 1731 2493 sicut
1775 2439 1943 2493 Deum

391 2534 847 2605 gloriﬁcaverunt,
872 2544 963 2584 aut
984 2531 1182 2598 gratias
1202 2540 1462 2597 egerunt;
1491 2532 1583 2586 sed
1605 2538 1943 2586 evanuerunt

2125 2347 2261 2415 Περὶ
2290 2345 2398 2399 τῶν
2426 2343 2869 2416 προσκυνούντων
2897 2347 2961 2416 τῆ
2996 2347 3169 2400 κτίσει
3201 2348 3353 2419 παρὰ
3384 2349 3474 2401 τὸν
3500 2348 3619 2402 κτί-

2054 2455 2220 2492 σαντα
2240 2452 2253 2466 ·
2305 2456 2323 2489 ι
2352 2435 2493 2489 Διὸτι
2527 2435 2746 2503 γνόντες
2770 2434 2863 2487 τὸν
2894 2434 3045 2499 Θεὸν,
3087 2438 3186 2507 οὐχ
3229 2438 3306 2502 ὡς
3343 2439 3476 2491 Θεὸν
3502 2439 3619 2491 ἐ.δὲ-

2052 2529 2240 2594 ξασαν,
2268 2528 2301 2599 ἢ
2331 2527 2755 2598 εὐχαρίστησαν,
2805 2526 2921 2580 ἀλλ’
2951 2527 3393 2599 ἐματαιώθησαν,
3419 2531 3479 2582 ἐν
3507 2532 3618 2593 τοῖς

382 2623 436 2676 in
472 2619 887 2690 cogitationibus
923 2619 1055 2678 suis.
1101 2626 1154 2673 et
1183 2620 1527 2673 obscu’ratum
1561 2629 1643 2673 est
1680 2619 1943 2688 insipiens

2057 2619 2411 2689 διαλογισμοῖς
2438 2616 2639 2684 αὐτῶν,
2671 2619 2764 2671 καὶ
2795 2617 3083 2688 ἐσκοτίσθη
3109 2620 3142 2689 ἡ
3166 2619 3420 2683 ἀσύνετος
3440 2620 3619 2675 αὐτῶν

384 2727 478 2765 cor
501 2726 706 2766 eorum.
740 2710 992 2763 Dicentes
1023 2709 1163 2763 enim
1209 2724 1266 2762 se
1307 2724 1425 2763 esse
1468 2711 1762 2778 sapientes,
1796 2710 1945 2766 stulti

2057 2710 2273 2783 καρδία’
2334 2711 2638 2778 φάσκοντες
2687 2705 2824 2764 εἶναι
2884 2710 3038 2780 σοφοὶ
3062 2750 3077 2776 ,
3136 2712 3553 2782 ἐμωράνθησαν.
3590 2733 3612 2763 ι

384 2800 508 2854 facti
534 2806 658 2854 sunt
682 2797 748 2852 ⁸⁷.
783 2814 801 2847 ι
842 2796 1047 2850 Scribit
1081 2797 1219 2850 idem
1251 2796 1447 2851 Paulus
1487 2798 1610 2851 alibi
1647 2800 1734 2860 iis,
1764 2800 1852 2869 qui
1878 2814 1945 2853 ex

2057 2805 2250 2876 Γράφει
2278 2819 2380 2863 που
2408 2801 2618 2865 Παῦλος
2645 2804 2756 2865 τοῖς
2786 2801 2845 2868 te
2869 2800 3037 2855 ἐθνῶν
3063 2801 3434 2873 κεκλημένοις,
3460 2820 3620 2856 τουτ-

382 2890 631 2959 gentibus
661 2887 836 2941 vocati
869 2885 1107 2951 fuerunt,
1139 2887 1241 2941 hoc
1280 2896 1362 2942 cst
1395 2889 1569 2951 nobis,
1601 2889 1702 2942 hoc
1741 2889 1942 2944 modo:

2057 2895 2193 2949 ἐστιν
2227 2896 2386 2965 ἡμῖν·
2420 2912 2440 2944 ι
2469 2893 2604 2946 Νυνὶ
2640 2894 2697 2947 δὲ
2729 2892 2947 2961 γνόντες
2973 2893 3129 2960 Θεὸν,
3161 2893 3354 2964 μᾶλλον
3381 2893 3435 2946 δὲ
3462 2909 3611 2961 γνω-

388 2996 406 3029 ι
435 2976 588 3030 Nunc
625 2986 800 3029 autem
830 2990 952 3027 cum
984 2974 1345 3044 cognoveritis
1371 2976 1558 3042 Deum,
1595 2978 1701 3031 imo
1731 2979 1941 3047 cognoti

2057 2960 2400 3046 sBévzec'O-nb
2428 2980 2584 3035 Θεοῦ.
2618 3001 2637 3033 ι
2682 2983 2814 3035 Τίνα
2845 2982 3023 3036 τοίνυν
3049 2960 3357 3054 ἐγνώκαμεν
3388 2982 3476 3035 διὰ
3506 2981 3615 3051 τῆς

383 3069 501 3122 sitis
545 3083 573 3120 a
614 3065 723 3120 Dco
749 3067 813 3117 ⁸⁸.
853 3084 872 3118 ι
926 3064 1093 3130 Quem
1150 3065 1378 3119 obsecro
1433 3066 1593 3119 alium
1643 3083 1737 3136 per
1785 3069 1940 3122 [idem

384 3157 752 3226 cognovimus,
792 3155 890 3210 nisi
939 3156 1110 3222 ipsum
1141 3169 1363 3224 prorsus
1392 3155 1574 3210 Jcsum
1628 3157 1938 3212 Christum?

384 3248 563 3312 Quare
611 3247 654 3297 si
692 3245 837 3297 illum
895 3253 952 3295 ut
978 3243 1144 3296 Deum
1187 3246 1553 3312 cognovimus,
1590 3256 1645 3299 et
1688 3257 1745 3301 ut
1780 3248 1945 3303 Deum

386 3337 568 3391 debito
595 3337 799 3389 honore
825 3335 1224 3403 prosequimur,
1251 3349 1380 3388 vere
1407 3334 1687 3389 illuminati
1718 3322 1903 3391 sumus
1929 3354 1943 3391 :

383 3431 467 3484 sin
518 3438 697 3483 autctn
742 3427 886 3481 illius
917 3425 1143 3496 gloriam
1185 3435 1572 3496 permutamus,
1625 3429 1815 3481 merito
1846 3443 1945 3485 nos

385 3521 487 3589 ipsi
539 3534 753 3589 quoque
825 3519 877 3572 in
939 3518 1140 3572 nostris
1194 3517 1617 3588 cogitationibus
1662 3521 1947 3575 evanuisse

383 3609 856 3680 deprehendimur.
910 3607 1043 3662 Nam
1094 3610 1138 3663 si
1183 3623 1310 3663 vere
1357 3609 1409 3662 in
1456 3608 1605 3662 illum
1648 3611 1946 3677 credimus,

384 3700 572 3768 utique
610 3708 864 3768 tanquam
907 3697 961 3752 in
991 3699 1156 3752 Deum
1204 3698 1257 3752 in
1291 3697 1436 3752 illum
1479 3699 1775 3755 credimus.
1807 3701 1948 3754 Alio-

383 3789 473 3858 qui
496 3790 640 3844 enim
669 3789 841 3851 modis
860 3789 1116 3843 omnibus
1140 3788 1300 3863 fateri
1320 3798 1615 3857 oporteret,
1640 3805 1739 3846 nos
1762 3790 1950 3845 etiam-

2051 3075 2307 3139 πίστεως,
2336 3075 2370 3144 ἢ
2404 3073 2621 3136 πάντως
2652 3073 2883 3144 Χριστὸν
2921 3074 3160 3143 Ἰησοῦν;
3202 3073 3404 3128 Οὐκοῦν
3435 3076 3485 3126 εἱ
3515 3075 3635 3144 μὲνο

2049 3165 2124 3228 ὡς
2156 3164 2287 3219 Θεὸν
2318 3163 2658 3233 ἐγνώκαμεν,
2702 3163 2794 3217 καὶ
2820 3162 2895 3226 ὡς
2922 3163 3054 3216 Θεὸν
3086 3162 3399 3234 δοξάζομεν,
3430 3181 3615 3229 πεφω-

2052 3248 2282 3323 τίσμεθα
2312 3249 2452 3303 κατὰ
2482 3249 2768 3320 ἀλήθειαν·
2801 3252 2848 3303 εί
2877 3250 2932 3303 δὲ
2960 3251 3298 3320 ἀλλάσσομεν
3321 3251 3487 3304 αὐτοῦ
3519 3251 3617 3321 τὴν

2053 3339 2235 3406 δόξαν,
2268 3338 2699 3409 μεματαιὼμεθα
2727 3340 2820 3418 καὶ
2846 3341 3006 3411 ἡμεῖς
3035 3343 3091 3394 ἐν
3108 3344 3227 3406 τοῖς
3252 3341 3618 3412 διαλογισμοῖς

2053 3430 2227 3499 ἡμῶν.
2260 3430 2322 3482 Ei
2353 3431 2458 3500 γὰρ
2485 3429 2620 3492 ὅλως
2650 3429 3091 3498 πεπιστεύκαμεν
3117 3433 3196 3494 είς
3227 3430 3410 3492 αὑτὸν,
3435 3433 3511 3495 th;
3538 3435 3616 3496 εἰς

2049 3518 2177 3571 Θεὸν
2230 3520 2654 3590 πιστεύομεν.’“Η
2701 3519 2884 3588 δεήσει
2922 3520 3101 3591 πάντη
3152 3538 3210 3573 τε
3257 3522 3353 3575 καί⁵
3401 3523 3615 3587 πάντως

2006 3646 2013 3653 -
2048 3608 2345 3678 ὁμολογεῖν,
2374 3610 2455 3661 ὅτι
2484 3611 2596 3672 τοῖς
2636 3607 2737 3677 τῆς
2777 3609 3010 3679 ἀρχαίας
3047 3609 3261 3680 ἀπάτης
3288 3612 3383 3663 καὶ
3408 3610 3506 3664 νῦν
3537 3614 3617 3664 ὲν-

2054 3699 2323 3769 ισχήμεθα
2357 3698 2592 3769 βρόχοις,
2624 3698 2895 3770 ἀνθρώπῳ
2929 3699 3093 3769 κοινῷ
3123 3700 3223 3769 τὴν
3245 3699 3431 3754 πίστιν
3452 3718 3617 3773 προσ·-

2050 3790 2290 3858 άγοντες.
2309 3790 2447 3842 Ἀλλ’
2473 3789 2616 3843 οὕτω
2642 3789 2703 3842 τὸ
2732 3789 2930 3861 ἀληθές
2954 3792 2998 3844 ί.

386 3896 512 3934 num
558 3880 724 3948 prisci
767 3879 971 3933 erroris
1040 3876 1246 3947 laqueis
1290 3879 1536 3933 irretitos
1568 3879 1765 3952 teneri,
1798 3886 1982 3949 utpote
2021 3881 2071 3932 in
2110 3892 2451 3934 communem
2513 3877 2786 3933 hominem
2817 3878 3119 3936 credentes.
3173 3881 3245 3935 At
3282 3895 3387 3936 non
3420 3883 3496 3938 ita
3527 3897 3611 3937 res

399 3973 579 4027 habet.

458 4079 477 4112 ι
514 4060 582 4114 Ει
613 4059 752 4114 sicut
778 4074 883 4112 non
915 4045 1286 4129 probaverunt
1329 4060 1497 4114 Deum
1530 4060 1727 4117 habere
1756 4063 1808 4115 in
1842 4075 1940 4117 no-

300 4186 305 4191 -
386 4152 523 4215 tilia,
567 4150 788 4204 tradidit
831 4164 926 4204 eos
976 4151 1117 4206 Deus
1158 4153 1213 4205 in
1262 4153 1551 4222 reprobum
1597 4167 1837 4217 sensum,
1875 4158 1943 4206 ut

2130 4079 2150 4113 ι
2177 4060 2287 4115 Καὶ
2334 4060 2513 4124 καθὼς
2556 4061 2656 4114 οὐκ
2703 4060 3032 4131 ἐδοκίμασαν
3079 4062 3171 4116 τὸν
3212 4062 3344 4117 Θεὸν
3384 4064 3530 4135 ἔχειν
3558 4067 3613 4117 ἐν

2050 4149 2357 4217 ἐπιγνώσει,
2390 4149 2700 4219 παρέδωκεν
2745 4150 2774 4201 ὁ
2820 4149 2949 4213 Θεὸς
2993 4150 3189 4214 αὐτοὺς
3234 4152 3314 4215 είς
3358 4153 3614 4224 ἀδόκιμον

386 4222 583 4296 iaciant
633 4255 699 4295 ea
751 4256 869 4310 quae
920 4256 1023 4295 non
1071 4242 1480 4296 conveniunt”.
1512 4261 1531 4293 ι
1572 4241 1631 4296 Si
1669 4243 1941 4298 Christum

2057 4238 2192 4300 νοῦν,
2218 4240 2391 4290 ποιεῖν
2423 4237 2490 4290 τά
2535 4237 2610 4308 μὴ
2653 4237 2980 4308 καθήκοντα.
3014 4259 3032 4290 ι
3067 4240 3131 4293 Εί
3164 4241 3397 4310 Χριστὸν
3440 4222 3609 4309 ἐγνώο

384 4333 730 4403 agnoscimus
764 4340 822 4386 ut
852 4330 1043 4397 Deum,
1075 4332 1353 4402 cognitum
1389 4348 1726 4403 nequaquam
1759 4347 1943 4402 asper-

385 4438 595 4487 nemur,
630 4421 907 4492 vulgarem
937 4422 1313 4476 tantummodo
1342 4423 1615 4477 hominem
1638 4422 1789 4477 illum
1820 4437 1943 4478 esse

385 4514 712 4568 dictitantes.
762 4512 856 4567 Sin
909 4522 1090 4567 autem
1137 4511 1350 4568 inscitia
1382 4513 1638 4568 excaecati
1675 4513 1816 4568 istud
1859 4512 1944 4568 fa-

385 4618 512 4658 cere
534 4604 690 4657 veriti
719 4618 823 4656 non
855 4602 1140 4668 fuerimus,
1169 4600 1330 4656 simul
1370 4616 1492 4656 cum
1522 4600 1642 4655 aliis
1670 4600 1724 4655 in
1757 4614 1944 4670 repro-

387 4696 513 4749 bum
544 4709 761 4747 sensum
789 4694 1095 4763 praecipites
1120 4708 1342 4748 ruamus
1367 4705 1589 4746 necesse
1619 4699 1722 4745 est.

465 4804 484 4836 ι
516 4783 823 4838 Secundum
873 4785 1125 4838 duritiam
1159 4793 1325 4846 tuam.
1366 4792 1421 4838 et
1451 4781 1793 4853 impoenitens
1828 4794 1945 4844 cor,

387 4870 731 4926 thesaurizas
765 4871 860 4924 tibi
887 4871 1021 4924 iram
1053 4872 1107 4926 in
1139 4872 1225 4926 die
1251 4873 1344 4926 irae
1367 4879 1421 4926 et
1452 4869 1794 4925 revelationis
1813 4867 1943 4934 justi

382 4955 575 5025 judicii
615 4954 729 5019 Dei,
773 4956 864 5026 qui
905 4957 1092 5010 reddet
1118 4958 1413 5026 unicuique
1453 4958 1746 5012 secundum
1779 4970 1944 5025 opera

387 5047 504 5115 ejus
521 5048 590 5099 ὀ.
623 5064 642 5098 s
681 5046 845 5100 Docet
889 5046 975 5101 hic
1001 5045 1194 5101 beatus
1220 5046 1438 5110 Paulus,
1471 5061 1568 5101 nos
1594 5060 1784 5100 omnes
1819 5056 1946 5100 ante

390 5136 620 5191 tribunal
668 5137 871 5193 Christi
930 5137 1266 5193 manifestari
1304 5147 1573 5208 oportere,
1630 5152 1740 5207 quo
1782 5151 1943 5191 unus-

2048 4344 2225 4398 καμεν
2262 4327 2336 4390 ὡς
2368 4327 2518 4393 Θεὸν,
2553 4328 2652 4397 τὴν
2679 4328 2766 4381 ἐπ’
2784 4328 2932 4398 αὐτῷ
2960 4329 3160 4396 γνῶσιν
3185 4330 3261 4401 μὴ
3282 4330 3615 4402 ιῐιττοδοκιμά⁹

2048 4419 2249 4490 ζωμεν,
2286 4419 2568 4488 ἄνθρωπον
2598 4417 2735 4473 εἶναι
2768 4419 3014 4489 λέγοντες
3040 4423 3235 4476 κοινόν.
3271 4423 3334 4476 Et
3366 4423 3425 4477 δὲ
3454 4424 3614 4477 τοῦτο

2047 4508 2179 4581 δρᾷν
2211 4509 2271 4574 ἐξ
2299 4509 2535 4581 ἀμαθίας
2562 4510 3208 4580 τολμῶμεν,βαδιούμεθα
3237 4512 3455 4577 πάντως
3479 4512 3614 4582 ὁμοῦ

2047 4603 2162 4665 τοῖς
2192 4600 2371 4664 ἄλλοις
2401 4602 2480 4664 εἰς
2510 4600 2764 4671 ἀδόκιμον
2793 4601 2938 4655 νοῦν.

2132 4795 2150 4827 ι
2175 4774 2332 4830 Κατὰ
2367 4774 2422 4828 δὲ
2467 4773 2565 4845 τὴν
2601 4772 2942 4845 σκληρότητά
2971 4792 3063 4829 σου
3114 4777 3209 4830 λαὶ
3248 4777 3613 4848 ἀμετανόητον

2051 4867 2276 4939 καρδίαν
2302 4866 2646 4938 θησαυρίζεις
2673 4866 2884 4937 σεαυτῷ
2911 4867 3077 4939 ὀργὴν
3107 4871 3165 4923 ὲν
3197 4871 3382 4941 ἡμέρᾳ
3420 4872 3608 4942 ὀργῆς.

2050 4957 2145 5008 καὶ
2183 4955 2592 5024 ἀποκαλύψεως,
2638 4959 2731 5009 καὶ
2782 4957 3173 5028 δικαιοκρισίας
3220 4961 3315 5013 τοῦ
3359 4960 3514 5025 Θεοῦ,
3550 4962 3609 5023 ὃς

2052 5044 2317 5099 ἀποδώσει
2348 5045 2561 5115 ἑκάστῳ
2583 5046 2723 5099 κατὰ
2753 5048 2822 5101 τά
2848 5049 2981 5120 ἔργα
3008 5052 3189 5104 αὑτοῦ.
3222 5072 3240 5100 ι
3263 5053 3320 5103 ’0
3344 5052 3609 5122 μακάριος

2057 5136 2283 5200 Παῦλος,
2314 5136 2439 5199 τοὺς
2480 5137 2683 5201 πάντας
2720 5139 2868 5208 ἡμᾶς
2894 5140 2993 5204 δεῖ,
3031 5144 3185 5213 φησὶ,
3232 5143 3605 5214 φανερωθῆναι

459 5288 504 5321 ⁸⁵
531 5290 684 5344 Rom.
716 5307 753 5348 ι.
796 5291 900 5346 Ισᾶ.
985 5292 1025 5323 ⁸⁷
1061 5291 1190 5345 ibid.
1229 5290 1314 5357 21,
1350 5289 1440 5345 22.
1515 5290 1561 5323 ⁸⁸
1591 5288 1767 5344 Galat.
1798 5304 1869 5355 tv,
1903 5290 1945 5345 9.

2057 5289 2076 5320 ⁹
2106 5288 2240 5342 Rom
2313 5303 2328 5340 ι
2385 5287 2472 5343 28.
2551 5289 2597 5323 ὀ
2630 5288 2784 5344 Rom.
2818 5306 2862 5358 ι,
2890 5292 2943 5346 5.

1442 5443 1613 5497 Varia:
1647 5442 1902 5496 lectiones
1933 5442 2136 5497 codicis
2165 5441 2521 5513 Seguieriani.

469 5581 500 5621 II
530 5575 769 5643 Quatuor
790 5592 908 5646 qmn
938 5589 1234 5646 sequuntur
1255 5595 1414 5633 voces
1447 5581 1645 5633 absunt
1673 5593 1698 5628 a
1736 5579 1855 5633 cod.
1887 5577 2130 5651 chuicr.

2213 5588 2227 5613 ι
2260 5574 2320 5626 οὐ
2346 5573 2502 5627 τοῦτο
2528 5571 2742 5645 ἀληθές.
