3970 6136
255 352 429 433 leas“

1351 371 1438 428 ne
1476 354 1710 427 RECTA
1749 362 1907 422 FIDE
1945 366 2037 422 an
2078 361 2399 426 REGINAS.
2472 382 2479 389 -

3378 368 3517 425 1296

255 492 566 566 ἔμπροσθεν
588 488 686 559 τοῦ,
703 490 945 563 βήματος
962 472 1308 562 τοῦΧριστοῦ
1330 508 1343 521 ·
1372 508 1397 558 ι⁸
1415 491 1501 545 ἵνα
1527 490 1826 566 κομίσηται

1931 486 2159 554 quisque
2216 488 2458 553 referat,
2511 499 2630 554 quae
2675 483 2730 539 in
2781 495 3010 553 corpore
3049 482 3242 555 gessit,
3268 481 3373 554 57
3400 486 3518 539 sive

253 564 481 647 ἕκαστος
522 583 592 638 τὰ
632 582 722 636 διὰ
751 580 846 634 τοῦ
893 580 1165 651 σώματος,
1196 580 1334 653 πρὸς
1366 580 1402 635 ἃ.
1432 564 1691 651 ἕπραξενξ
1721 579 1829 633 εἴτε

254 672 479 746 ἀγαθὸν,
512 676 621 728 εἴτε
652 672 876 743 φαῦλον.
908 690 926 724 ι
954 672 1100 744 Ἔφη
1127 672 1184 726 δέ
1216 689 1303 737 τις
1353 673 1449 727 καὶ
1487 673 1673 744 ἔτερος
1724 670 1832 725 τῶν

255 770 426 836 ἁγίων
452 765 764 821 ἀποστόλων
784 782 797 796 ’
835 782 855 816 ι
889 758 983 828 Εἷς
1012 765 1160 818 ἐστιν
1187 767 1216 819 6
1244 762 1561 837 νομοθέτης,
1591 765 1686 819 καὶ
1710 781 1832 836 ιιρι⁹

253 862 372 932 τῆς.
406 878 424 909 ι
456 857 660 912 manu
703 855 761 910 δὲ
799 855 895 910 καὶ
930 854 1092 920 αὐτὸς
1131 857 1161 910 6
1185 856 1385 910 Δαυῖδ’
1441 857 1595 910 «Ὅτι
1630 857 1659 910 ὁ
1699 854 1834 920 Θεὸς

253 948 447 1023 κριτής
479 953 643 1004 ἐστιν.
676 949 837 1003 »Ὅτε
865 947 1043 1003 τοίνυν
1074 948 1471 1022 δικαιοκρισίαν
1497 947 1633 1003 Θεοῦ
1666 966 1832 1021 φησιν

249 1042 385 1098 εἶναι
416 1042 512 1114 τὴν
542 1025 634 1095 ein
662 1040 757 1095 τοῦ
788 1041 1031 1113 βήματος
1068 1040 1164 1094 τοῦ
1198 1039 1344 1095 θείου
1372 1042 1458 1111 ἐφ’
1482 1042 1703 1115 ἑκάστῳ
1725 1041 1833 1113 ψῆ-

249 1151 370 1203 φον,
393 1135 459 1205 ἣν
490 1132 651 1196 αὐτὸς
695 1130 893 1195 ἐξοίσει
925 1124 1164 1203 Χριστὸς
1192 1130 1684 1203 (παραστησόμεθα
1710 1130 1833 1204 γὰρ

236 1227 325 1297 ,τῷ
372 1226 576 1298 βήματι
624 1219 816 1287 αὑτοῦ,
849 1223 941 1277 καὶ
972 1224 1071 1295 οὐχ
1117 1220 1193 1288 ὠς
1231 1220 1312 1279 ἑνὶ
1345 1224 1455 1277 τῶν
1503 1224 1625 1278 καθ’
1660 1225 1830 1295 ἡμᾶς,

236 1316 359 1372 ἀλλ’
379 1316 454 1380 ὼς
482 1318 644 1389 κριτῇ
671 1316 765 1369 καὶ
781 1314 900 1387 Θεῷ
927 1313 1021 1369 καλ⁵
1050 1315 1362 1390 νομοθέτῃ),
1403 1302 1520 1379 πῶς
1546 1315 1667 1389 οὐχὶ
1700 1315 1833 1381 Θεὸς

234 1405 268 1460 6
300 1405 575 1476 Χριστός;
622 1423 640 1455 ι
673 1404 773 1457 Διὰ
815 1404 923 1476 γὰρ
971 1405 1138 1474 νόμου
1191 1406 1486 1475 ἐπίγνωσις
1529 1407 1829 1479 ἁμαρτίας.

235 1499 384 1552 Νυνὶ
413 1497 469 1550 δὲ
509 1496 677 1568 χωρὶς
706 1496 873 1564 νόμου
898 1495 1211 1567 δικαιοσύνη
1253 1496 1387 1552 Θεοῦ
1419 1498 1830 1570 πεφανέρωται,

241 1585 667 1658 μαρτυρουμένη
716 1585 824 1638 ὑπὸ
872 1584 967 1639 τοῦ
1012 1586 1177 1656 νόμου
1212 1587 1307 1641 καὶ
1350 1588 1459 1641 τῶν
1510 1590 1828 1661 προφητῶν.

236 1674 567 1750 Δικαιοσύνη
596 1677 652 1731 δὲ
694 1676 828 1731 Θεοῦ
867 1676 958 1730 διὰ
999 1678 1233 1743 πίστεως
1265 1678 1440 1750 Ἰησοῦ
1472 1680 1711 1752 Χριστοῦ
1746 1684 1831 1748 είς

239 1770 455 1834 πάντας
483 1771 608 1832 τοὺς
634 1768 1006 1836 πιστεύοντας.
1042 1788 1060 1821 ι
1100 1766 1231 1841 Δίχα
1256 1771 1422 1842 νόμου
1452 1771 1825 1846 δικαιοσύνην,

242 1864 334 1932 (ἣν
385 1862 479 1914 καὶ
523 1859 626 1915 ὑπὸ
677 1860 787 1915 τῶν
834 1861 1005 1930 ἁγίων
1053 1861 1348 1933 προφητῶν
1372 1864 1824 1937 μεμαρτυρῆσθαι

242 1952 432 2026 φησι),
461 1956 557 2024 τὴν
581 1951 670 2007 διὰ
693 1953 928 2018 πίστεως
950 1946 1087 2006 εἶναι
1113 1952 1261 2023 λέγει
1283 1955 1380 2026 τὴν
1403 1954 1448 1992 ί·
1477 1956 1557 2021 είς
1585 1957 1823 2029 Χριστὸν

253 2036 479 2116 Ἰησοῦνζ
515 2040 665 2109 Εἶτα,
692 2042 811 2107 πῶς
840 2040 901 2097 οὐ
924 2041 1057 2107 Θεὸς
1083 2044 1111 2098 ὁ
1143 2042 1368 2099 δικαιῶν
1393 2047 1518 2112 τοὺς
1543 2047 1825 2102 πιστεύον-

168 2196 173 2201 ,
240 2149 362 2199 τας,
396 2136 588 2206 ὅτιπερ
621 2133 706 2206 εἴη
733 2134 867 2198 Θεὸς
891 2134 1142 2206 ἀληθῶς;
1176 2135 1280 2209 ὁρᾷ
1309 2139 1418 2210 γὰρ
1452 2141 1533 2204 είς
1570 2140 1729 2194 τοῦτο
1759 2140 1822 2195 τὸ

239 2227 339 2296 τῆς
390 2226 625 2289 πίστεως
668 2226 867 2299 πέρας.
909 2228 1348 2300 Μαρτυρούντων
1395 2230 1452 2284 δὲ
1501 2229 1609 2285 τῶν
1652 2232 1823 2301 ἁγίων

239 2318 537 2390 προφητῶν
560 2316 626 2389 τῇ
650 2320 731 2382 είς
755 2317 991 2390 Χριστὸν
1016 2318 1217 2384 πίστει,
1242 2321 1327 2385 τίς
1350 2322 1378 2376 6
1401 2323 1565 2392 φάναι
1582 2321 1818 2396 τολμῶν,

236 2410 338 2463 οὐκ
382 2406 522 2463 εἶναι
557 2409 689 2463 Θεὸν
722 2410 885 2466 αὑτὸν
915 2410 1001 2465 διὰ
1029 2412 1093 2466 τὸ
1130 2413 1488 2487 ἀνθρώπινον,
1525 2418 1691 2488 ἤγουν
1729 2418 1817 2473 ὅτε

236 2500 431 2569 γέγονε
462 2499 601 2572 σὰρξ
628 2501 658 2554 6
687 2499 901 2575 Λόγος;

316 2698 335 2732 ι
366 2680 573 2744 Πάντες
598 2679 705 2751 γὰρ
734 2681 1004 2753 ἥμαρτον,
1026 2680 1122 2735 καὶ
1154 2679 1510 2755 ὑστεροῦνται
1539 2686 1639 2759 τῆς
1657 2686 1818 2760 δόξης

233 2773 331 2827 τοῦ
365 2772 522 2839 Θεοῦ,
560 2773 919 2845 δικαιούμενοι
968 2773 1180 2846 δωρεὰν
1203 2778 1271 2848 τῇ
1296 2777 1463 2831 αὐτοῦ
1494 2779 1699 2851 χάριτι,
1727 2781 1819 2836 διὰ

232 2866 338 2936 τῆς
389 2864 818 2937 ἀπολυτρώσεως
864 2866 964 2937 τῆς
1012 2868 1068 2921 ἐν
1119 2869 1344 2940 Χριστῷ
1377 2866 1574 2942 Ἰησοῦ.
1607 2892 1626 2925 ι
1667 2873 1732 2926 Ei
1760 2873 1821 2927 τὸ

232 2957 572 3030 ἁμαρτάνειν
617 2959 762 3030 ἡμᾶς
810 2958 1156 3030 ὑστερεῖσθαι
1203 2964 1348 3015 ποιεῖ
1392 2963 1491 3035 τῆς
1521 2961 1679 3036 δόξης
1716 2944 1819 3019 *τοῦ

232 3049 398 3114 Θεοῦ,
427 3050 510 3103 ὅτι
560 3049 635 3121 μὴ
682 3046 823 3102 οἶδεν
865 3051 1175 3122 ἁμαρτίαν·
1226 3053 1538 3126 γέγραπται
1584 3057 1641 3110 δὲ
1692 3058 1821 3129 περὶ

1940 579 2178 644 bonum,
2220 580 2340 635 sive
2383 579 2602 633 malum.
2662 577 2807 633 Dixit
2847 577 2975 632 item
3017 577 3157 632 alius
3207 590 3273 631 ex
3312 579 3517 632 sanctis

1934 672 2196 739 apostolis
2227 689 2242 726 :
2274 692 2296 724 ι
2329 671 2477 727 Unus
2504 679 2589 727 est
2626 670 2906 742 legislator
2932 679 2988 725 et
3012 670 3176 740 judcx
3198 670 3269 724 ⁹¹.
3303 689 3322 723 ι
3356 669 3529 741 Canit

1934 773 1991 818 et
2049 764 2162 833 ipse
2220 763 2389 819 David
2443 778 2665 835 quoque
2712 781 2726 819 :
2775 763 3092 831 «Quoniam
3149 761 3292 817 Deus
3345 761 3511 832 index
3586 748 3597 756 ’

1933 864 2017 910 est
2039 856 2108 910 ⁸⁸.
2139 874 2156 908 ι
2186 854 2322 910 Cum
2356 856 2525 926 igitur
2556 856 2882 913 sententiam
2919 869 3084 925 quam
3127 852 3380 909 Christus
3418 868 3516 923 pro

1934 947 2120 1004 divino
2157 948 2416 1003 tribunali
2450 949 2649 1003 sedens
2677 950 2962 1019 (sistemur
2993 946 3138 1003 enim
3180 953 3308 1001 ante
3345 943 3515 999 tribu-

1933 1037 2021 1093 nal
2048 1038 2214 1101 illius,
2246 1052 2351 1091 non
2392 1046 2646 1107 tanquam
2685 1036 2921 1093 hominis
2951 1030 3374 1101 nostri'sitnilis,
3418 1036 3514 1089 sed

1936 1138 2194 1198 tanquam
2221 1128 2315 1183 Dei
2356 1139 2411 1183 et
2433 1128 2656 1199 iudicis,
2692 1138 2749 1183 et
2785 1127 3135 1199 lcgislatoris)
3180 1127 3245 1183 de
3276 1126 3518 1196 quolibet

1934 1222 2145 1277 laturus
2167 1232 2271 1289 est,
2292 1219 2498 1289 justum
2519 1218 2613 1276 Dei
2642 1219 2907 1289 judicium
2940 1218 3232 1289 Apostolus
3256 1216 3512 1289 appellet,

1934 1313 2209 1383 quomodo
2229 1312 2481 1369 Christus
2509 1327 2617 1368 non
2647 1320 2733 1367 est
2756 1310 2937 1366 Deus?
2973 1329 2992 1362 ι
3023 1310 3128 1366 Per
3156 1310 3330 1380 legem
3367 1309 3513 1363 enitn

1934 1404 2176 1474 cognitio
2232 1403 2463 1474 peccati.
2514 1402 2668 1459 Nunc
2724 1411 2904 1458 autem
2967 1402 3086 1457 sine
3135 1400 3353 1471 justitia
3415 1398 3511 1453 Dei

1934 1497 2285 1552 manifestata
2317 1506 2424 1563 est,
2458 1495 2746 1551 testiﬁcata
2788 1510 2819 1551 a
2856 1495 2972 1571 lege
3005 1502 3053 1548 et
3094 1491 3395 1563 prophetis.
3424 1491 3513 1545 .lu-
3556 1485 3560 1489 ⁴

1934 1587 2082 1641 stitia
2117 1594 2296 1641 autem
2344 1585 2439 1642 Dei
2482 1601 2580 1657 per
2623 1585 2780 1647 iidem
2812 1583 2940 1639 Jesu
2979 1582 3183 1639 Christi
3233 1583 3284 1637 in
3322 1590 3513 1637 omnes

1933 1688 1988 1732 et
2013 1691 2178 1746 super
2207 1692 2413 1740 omnes,
2445 1678 2536 1748 qui
2577 1676 2808 1731 credunt
2838 1676 2893 1730 in
2933 1675 3144 1730 eum“.
3177 1693 3196 1727 ι
3234 1675 3363 1730 Sine
3395 1673 3515 1742 lege

1928 1769 2195 1840 justitiam
2238 1769 2424 1841 (quam
2470 1783 2500 1823 a
2550 1767 2756 1834 sanctis
2795 1782 3010 1837 quoque
3038 1766 3319 1837 prophetis
3350 1766 3506 1820 teSti-

1930 1861 2168 1918 monium
2197 1861 2452 1917 habuisse
2477 1861 2721 1930 asserit),
2739 1874 2858 1916 eam
2879 1858 2982 1915 hoc
3011 1858 3128 1913 loco
3153 1857 3360 1919 delinit,
3386 1872 3507 1926 qua:

1924 1964 2011 2009 est
2048 1969 2145 2024 per
2178 1952 2337 2008 [idem
2392 1954 2447 2008 in
2479 1948 2769 2008 Christum
2813 1951 3022 2008 Jesum.
3063 1951 3135 2005 At
3181 1950 3327 2005 enim
3368 1964 3506 2019 qua-

1925 2062 2074 2115 nam,
2114 2060 2322 2118 quteso,
2367 2046 2580 2102 ratione
2628 2046 2676 2100 is
2712 2046 2856 2101 Deus
2888 2046 3196 2102 censendus
3242 2059 3348 2098 non
3393 2054 3501 2105 est,

1924 2139 2015 2210 qni
2059 2138 2349 2193 credentes
2395 2136 2544 2191 illum
2591 2150 2779 2191 verum
2829 2136 2996 2191 Deum
3036 2149 3160 2191 esse
3201 2125 3507 2207 justilicat?

1923 2233 2081 2301 Cum,
2126 2234 2368 2302 inquam,
2401 2231 2513 2286 huc
2555 2230 2690 2286 fides
2725 2238 2980 2301 tanquam
3017 2230 3085 2284 ad
3120 2244 3343 2301 seupum
3383 2239 3503 2284 ten-

1924 2325 2038 2390 dat,
2084 2331 2140 2381 et
2187 2325 2328 2379 sacri
2377 2332 2640 2394 praeterea
2690 2323 2968 2395 propheta;
3009 2322 3131 2378 ﬁdei
3177 2337 3298 2392 quae
3335 2323 3502 2377 estin

1922 2417 2199 2474 Christum
2225 2415 2410 2473 Jesttm
2452 2416 2819 2471 testimonium
2863 2414 3342 2485 perhibeant,qnis
3370 2429 3499 2482 pro-

1922 2518 2042 2581 pter
2068 2509 2358 2564 humanam
2391 2515 2668 2581 naturam,
2716 2506 2819 2561 hoc
2849 2515 2932 2561 est
2957 2504 3120 2560 Verbi
3171 2504 3501 2561 incarnatio-

1924 2614 2072 2662 nem,
2112 2597 2261 2654 illius
2295 2596 2638 2652 divinitatem
2673 2595 2905 2651 inliciari
2936 2595 3171 2657 audeat?

2000 2707 2019 2740 ι
2051 2687 2253 2744 Omnes
2280 2687 2425 2743 enim
2466 2695 2855 2757 peccaverunt,
2881 2694 2938 2742 et
2983 2695 3145 2758 egent
3171 2685 3344 2755 gloria
3384 2686 3500 2748 Dei,

1917 2781 2200 2854 justiﬁcati
2237 2780 2410 2852 gratis
2442 2793 2541 2851 per
2570 2778 2803 2850 gratiam
2829 2777 3025 2848 ipsius,
3053 2791 3150 2846 per
3174 2778 3503 2848 redemptio-

1921 2891 2047 2932 nem
2078 2889 2197 2946 quae
2232 2880 2316 2929 est
2361 2871 2415 2927 in
2464 2870 2683 2926 Christo
2708 2868 2836 2926 Jesu
2854 2868 2923 2923 ’⁸.
2948 2885 2983 2945 ,ι
3027 2867 3085 2923 Si
3120 2868 3332 2940 peccati
3382 2868 3515 2941 Ialm!

1923 2966 2287 3024 contaminari
2337 2964 2470 3020 facit
2515 2977 2613 3020 nos
2667 2977 2828 3034 egere
2865 2961 3038 3035 gloria
3087 2960 3202 3028 Dei,
3247 2961 3500 3032 quoniam

1924 3067 2209 3132 peccatum
2241 3073 2348 3113 non
2381 3056 2575 3112 novit:
2610 3057 2677 3112 de
2704 3055 2921 3111 Christo
2943 3064 3120 3111 autem
3143 3065 3225 3111 est
3249 3055 3301 3110 in
3329 3056 3504 3111 sacris

230 3138 494 3212 Χριστοῦ,
529 3142 610 3194 ὃτι
643 3142 918 3212 ἁμαρτίαν
950 3147 1049 3197 οὐκ
1094 3144 1351 3217 ἐποίησεν
1374 3163 1390 3178 ο
1436 3147 1819 3220 ὑστερούμεθα

1931 3152 2167 3214 Litteris,
2199 3150 2341 3221 quod
2369 3157 2652 3219 peccatum
2691 3163 2800 3203 non
2831 3146 3054 3213 fecerit;
3087 3162 3185 3202 nos
3218 3157 3404 3202 autem
3438 3163 3500 3199 ea

231 3228 292 3285 δὲ
333 3232 428 3285 καὶ
459 3232 603 3286 κατὰ
641 3230 800 3288 τοῦτο
827 3230 924 3304 τῆς
955 3234 1113 3306 δόξης
1152 3237 1318 3290 αὐτοῦ
1368 3237 1819 3310 πλημμελοῦντες

233 3327 398 3395 ἡμεῖς
419 3342 433 3355 ⁸
466 3325 597 3391 Θεὸς
628 3325 735 3398 ἄρα
779 3329 896 3381 ἐστὶ
935 3328 1032 3382 καῖ⁹
1060 3329 1198 3399 μετὰ
1226 3331 1429 3403 σαρκὸς
1455 3334 1483 3385 ό
1512 3333 1685 3402 Λόγος
1709 3350 1722 3365 ο
1754 3336 1816 3389 οὐ

233 3416 346 3487 γὰρ
369 3417 625 3488 ἐποίησεν
657 3418 951 3488 ἁμαρτίαν.
996 3446 999 3449 λ

321 3615 337 3647 ι
369 3597 549 3666 Νόμον
605 3589 706 3650 οῦν
735 3598 1119 3670 καταργοῦμεν
1163 3596 1250 3655 διὰ
1295 3605 1395 3671 τῆς
1431 3600 1691 3671 πίστεως;
1745 3606 1822 3677 μὴ

241 3687 450 3754 γένοιτο
469 3704 482 3716 ο
513 3686 650 3740 ἀλλὰ
675 3686 838 3758 νόμον
873 3689 1132 3761 ἱστῶμεν.
1148 3702 1177 3743 ἰ
1199 3693 1256 3745 Ὀ
1281 3693 1371 3747 διὰ
1391 3694 1631 3759 Μωσέως
1657 3696 1822 3767 νόμος

243 3777 372 3830 Θεὸν
400 3777 495 3831 ἕνα
538 3782 865 3851 προσκυνεῖν
892 3781 1094 3848 ἐδίδαξε
1128 3784 1255 3849 τοὺς
1279 3785 1340 3851 ἐξ
1371 3785 1587 3858 Ἰσραήλ
1606 3803 1623 3819 ⁸
1651 3805 1671 3840 ι
1703 3789 1822 3842 Κύ-

243 3884 359 3937 ριος
388 3868 517 3939 γὰρ,
555 3870 743 3941 φησὶν,
776 3871 804 3922 ὁ
835 3871 966 3937 Θεός
1003 3890 1119 3940 σου,
1152 3875 1360 3949 Κύριος
1388 3873 1467 3942 εἷς
1497 3879 1693 3934 ἐστιν»
1725 3883 1825 3936 καὶ

241 3959 404 4023 αὐτὸς
456 3961 512 4015 δὲ
558 3962 588 4013 ό
634 3958 767 4026 Θεὸς
814 3964 1157 4034 προσεφώνει
1188 3964 1367 4037 λέγων
1407 3968 1625 4036 αὐτοῖς·
1659 3991 1679 4025 ι
1708 3972 1823 4026 Οὐκ
1863 3990 1875 4008 ι

240 4050 455 4108 ἔσονταί
509 4073 591 4108 σοι
636 4052 750 4110 θεοὶ
796 4057 971 4127 ἕτεροι
1019 4058 1157 4131 πλὴν
1201 4060 1359 4131 ἐμοῦ.
1390 4053 1542 4135 »Ἆρ’
1570 4058 1662 4120 οῦν
1693 4082 1824 4135 μετ-

241 4143 519 4218 ἑστησενή
548 4146 729 4211 πίστις
757 4148 789 4219 ἡ
820 4150 900 4212 είς
918 4144 1150 4220 Χριστὸν
1174 4153 1300 4217 τοὺς
1322 4152 1393 4206 δι’
1422 4150 1592 4226 αὐτῆς
1620 4156 1823 4229 κεκλη-

247 4238 440 4307 μένους
470 4241 549 4303 είς
577 4238 638 4293 τὸ
663 4239 737 4312 μὴ
760 4240 840 4293 ἐνὶ
865 4241 1112 4312 τῷκατὰ
1135 4243 1294 4314 φύσιν
1316 4244 1435 4317 Θεῷ
1460 4249 1820 4317 προσκυνεῖν;

1922 3245 1989 3301 de
2020 3257 2185 3299 causa
2214 3241 2284 3296 ab
2315 3239 2434 3309 ejus
2459 3239 2629 3310 gloria
2658 3239 2938 3303 absumus,
2966 3237 3094 3308 quia
3129 3238 3334 3307 absque
3364 3237 3499 3291 deli-

1921 3344 2009 3391 cto
2060 3348 2167 3389 non
2214 3330 2451 3386 vivimus
2485 3344 2499 3385 :
2528 3329 2613 3385 cul
2660 3329 2882 3384 dubium
2933 3342 3054 3384 esse
3101 3339 3311 3399 potest,
3369 3328 3501 3398 quin

1923 3424 2159 3485 Verbum
2205 3427 2545 3492 incarnatum
2579 3422 2721 3476 Dens
2765 3420 2877 3475 sit?
2911 3434 3035 3474 nam
3076 3418 3359 3493 peccatum
3396 3436 3501 3473 non

1923 3523 2071 3578 fecit.

2000 3632 2017 3664 ι
2045 3606 2242 3682 Legem
2277 3625 2407 3679 ergo
2445 3611 2776 3663 destruitnus
2815 3620 2911 3676 per
2950 3605 3150 3660 (idem?
3173 3605 3360 3661 Absit!
3409 3608 3503 3659 scd

1923 3705 2096 3775 legem
2159 3700 2538 3758 statuimus".
2572 3716 2592 3749 ι
2652 3697 2763 3752 Lex
2815 3695 3050 3752 Mosaica
3111 3697 3283 3752 Deum
3337 3713 3502 3751 unum

1923 3795 2257 3852 adorandum
2292 3806 2414 3848 esse
2449 3788 2654 3846 docuit.
2685 3788 2775 3844 Ait
2800 3789 2946 3845 enim
2977 3807 2991 3844 :
3025 3805 3045 3841 ι
3074 3788 3337 3845 Dominus
3362 3788 3504 3843 Dens

1926 3896 2050 3943 tuus
2069 3883 2257 3950 lsrael,
2282 3880 2426 3939 Deus
2461 3897 2604 3938 unus
2632 3890 2717 3937 est
2734 3881 2816 3947 “;
2847 3899 2866 3933 ι
2902 3887 2959 3936 et
2983 3878 3099 3951 ipse
3124 3893 3342 3950 quoque
3360 3876 3506 3935 Deus

1922 3979 2142 4035 eosdem
2171 3976 2274 4034 hac
2302 3969 2553 4032 orﬁtione
2583 3972 2947 4043 compellabat
2972 3988 2986 4026 :
3018 3990 3037 4024 ι
3063 3970 3182 4027 Non
3216 3978 3377 4028 erunt
3406 3969 3502 4025 tibi

1925 4071 1999 4127 dii
2048 4068 2139 4125 alii
2191 4077 2390 4140 praeter
2425 4081 2513 4122 me
2534 4065 2603 4121 ".
2638 4085 2658 4119 ι
2698 4063 2951 4135 Nunquid
3001 4064 3167 4135 igitur
3209 4063 3344 4120 ﬁdes
3383 4079 3506 4135 qnze

1924 4173 2010 4220 est
2043 4162 2099 4218 in
2135 4159 2435 4227 Christum,
2477 4174 2572 4215 eos
2603 4159 2695 4230 qui
2742 4171 2842 4229 per
2886 4171 3004 4213 eam
3039 4156 3216 4213 vocati
3251 4164 3394 4223 sunt,
3437 4172 3505 4212 eo

1926 4255 2221 4320 transtulit,
2258 4261 2319 4309 ut
2359 4268 2524 4308 unum
2564 4251 2862 4307 secundum
2894 4259 3142 4305 naturam
3183 4247 3352 4305 Deum
3394 4265 3503 4304 non

243 4326 389 4401 'Apa
424 4332 807 4404 καταργοῦμεν
843 4332 1007 4404 νόμον
1050 4335 1129 4408 τῷ
1165 4337 1248 4390 ἑνὶ
1293 4338 1371 4408 τῷ
1420 4339 1539 4393 κατ’
1562 4339 1823 4412 ἀλήθειαν

1931 4348 2195 4406 adorent?
2230 4349 2479 4419 legemne
2507 4360 2639 4416 ergo
2681 4343 3040 4407 destruimus,
3082 4356 3207 4415 quae
3237 4343 3305 4397 ad
3336 4357 3503 4396 unum

244 4423 363 4494 Θεῷ
382 4425 817 4496 προσκομίζοντα
840 4443 854 4485 :
882 4447 900 4479 ι
919 4426 1009 4497 Μὴ
1029 4431 1260 4497 γένοιτο,
1281 4430 1464 4503 φησιν,
1498 4431 1634 4487 ἀλλὰ
1657 4432 1822 4505 νόμον

1931 4455 2115 4496 rerum
2131 4439 2301 4494 Deum
2329 4452 2426 4493 nos
2444 4437 2615 4493 ducit?
2652 4454 2673 4488 ι
2698 4435 2851 4490 Absit
2875 4435 2889 4490 !
2924 4434 3099 4506 inquit
3130 4434 3220 4489 ille
3249 4452 3265 4489 :
3293 4433 3387 4490 sed
3421 4433 3505 4488 Ie-

123 4556 137 4568 .
246 4518 534 4589 ἱστῶμεν.›
565 4520 774 4574 Οὐκοῦν
801 4521 877 4585 ὡς
901 4522 1021 4593 Θεῷ
1047 4523 1346 4595 προσίεμεν
1365 4523 1442 4595 τῷ
1470 4524 1711 4598 Χριστῷ,
1732 4527 1820 4581 ἵνα

1931 4548 2052 4605 gem
2080 4533 2393 4588 statuimus.
2420 4549 2440 4584 ι
2475 4530 2831 4600 Adjunglntus
2854 4543 2983 4599 ergo
3014 4542 3113 4583 nos
3132 4526 3352 4583 Christo
3388 4535 3506 4583 tan-

245 4612 320 4684 μὴ
352 4613 819 4686 κατηγορώμεθα,
856 4616 931 4680 ὡς
964 4617 1334 4689 παραλύοντες
1362 4617 1549 4689 νόμον,
1580 4620 1821 4676 ἐπαινῶ-

1931 4643 2096 4697 quatn
2127 4641 2256 4681 vero
2282 4624 2414 4691 Deo,
2451 4638 2523 4678 ne
2554 4622 2766 4678 violatae
2808 4621 2942 4693 legis
2975 4620 3378 4689 insimulemur,
3410 4624 3508 4677 sed

247 4704 384 4775 μεθα
437 4706 493 4760 δὲ
542 4706 866 4789 μᾶλλον,ὼς
926 4709 1181 4774 ίστῶντες
1226 4711 1389 4782 νόμον
1442 4709 1530 4765 διὰ
1578 4712 1675 4782 τῆς
1727 4713 1822 4767 πί-

1931 4718 2395 4784 commendemur,
2429 4715 2603 4785 utqui
2641 4713 2813 4783 legem
2851 4726 2945 4784 per
2976 4712 3135 4769 ﬁdem
3180 4722 3507 4772 statuamus.

245 4813 435 4861 στεως.

312 4891 450 4957 Περὶ
471 4889 565 4943 τοῦ
602 4890 850 4963 Ἀϐραάμ
878 4910 1047 4965 φησι·
1078 4913 1097 4947 ι
1116 4894 1420 4951 Κατέναντι
1441 4890 1503 4956 οῦ
1531 4898 1821 4955 ἐπίστευσε

2002 4901 2113 4972 58
2142 4899 2208 4955 Et
2259 4897 2328 4952 de
2377 4894 2650 4950 Abraham
2700 4892 2931 4949 scribit:
2968 4910 2987 4944 ι
3019 4893 3160 4949 Ante
3212 4894 3379 4953 Deum
3422 4897 3508 4952 cui

240 4982 397 5045 Θεοῦ,
434 4980 528 5035 τοῦ
558 4982 947 5050 ζωοποιοῦντος
968 4986 1094 5051 τοὺς
1122 4990 1367 5060 νεκροὺς,
1392 4990 1488 5044 καὶ
1528 4991 1823 5058 καλοῦντος

1931 4993 2181 5058 credidit,
2208 4991 2300 5062 qni
2330 4987 2571 5044 virilicat
2598 4995 2860 5053 mortuos,
2893 4996 2949 5042 et
2975 4997 3132 5043 vocat
3163 5001 3226 5043 ea
3249 5002 3369 5058 qua:
3397 5002 3507 5042 non

241 5076 309 5128 τὰ
351 5073 424 5146 μὴ
454 5074 584 5129 ὄντα
615 5076 688 5140 ὼς
718 5076 867 5132 ὄντα.
902 5078 1061 5132 »Ὅτε
1104 5081 1285 5135 τοίνυν
1312 5080 1373 5135 τὸ
1411 5083 1695 5147 ζωοποιεῖν
1727 5083 1821 5138 δύ-

1934 5096 2080 5150 sunt,
2127 5094 2382 5152 tanquam
2427 5094 2492 5135 ea
2534 5094 2655 5149 quae
2690 5078 2906 5134 sunt”.
2938 5098 2957 5131 ι
3011 5078 3144 5134 Cum
3178 5079 3343 5149 igitur
3367 5093 3512 5132 mor-

240 5164 435 5217 νασθαι
481 5167 610 5228 τοὺς
657 5166 884 5238 νεκροὺς
900 5168 1211 5245 ,ἁρμόσειεν
1244 5171 1310 5225 ἂν
1337 5173 1436 5243 οὐχ
1463 5174 1654 5247 ἑτέρῳ,
1684 5175 1825 5246 πλὴν

1936 5189 2059 5233 tuos
2085 5176 2209 5230 vitae
2252 5176 2542 5229 restituere
2572 5186 2732 5242 posse
2777 5172 2830 5227 in
2868 5171 3072 5226 nullum
3121 5170 3286 5226 alium
3314 5184 3512 5225 conve-

240 5258 324 5310 ὅτι
357 5256 502 5328 μόνῳ
529 5256 606 5327 τῷ
642 5258 783 5312 κατὰ
811 5257 973 5328 φύσιν
999 5260 1148 5332 Θεῷ·
1191 5262 1447 5327 ζωοποιεῖ
1489 5266 1548 5320 δὲ
1591 5268 1826 5338 Χριστὸς

1940 5268 2076 5333 niat,
2123 5265 2224 5323 nisi
2261 5265 2315 5321 in
2358 5264 2535 5321 solum
2579 5263 2884 5320 naturalem
2917 5262 3123 5325 Deum;
3152 5260 3512 5331 Cbristusque

322 5436 377 5517 εξ.
408 5435 521 5517 Jac.
564 5453 641 5506 tv,
675 5439 761 5517 12.
800 5511 846 5517 η
877 5441 926 5517 ξ’
959 5440 1100 5497 Psal.
1132 5459 1317 5517 Lsgtv,
1343 5445 1397 5502 7.
1510 5446 1557 5477 ”
1589 5445 1748 5503 Rom.
1785 5464 1820 5503 tt

1931 5449 2081 5505 0-22.
2188 5449 2234 5481 "'
2266 5449 2396 5505 ibid.
2431 5449 2521 5505 25.
2633 5450 2679 5483 ⁸⁸
2710 5448 2842 5505 ibid.
2870 5449 2958 5505 5|.
3064 5448 3111 5480 "
3143 5448 3300 5506 Deut.
3331 5464 3404 5516 Vt,
3454 5446 3508 5504 4.

246 5507 291 5539 θ’
339 5507 507 5562 Exod.
544 5525 635 5584 xx,
666 5509 723 5565 4.
799 5511 847 5542 ⁸⁸
877 5511 1033 5565 Rom.
1068 5528 1139 5578 tv,
1168 5514 1251 5567 t7.

1334 5665 1511 5726 Variae
1540 5668 1802 5729 lectiones
1830 5671 2031 5729 codicis
2058 5672 2416 5743 Seguieriani.

329 5797 367 5834 ι·
400 5794 484 5851 ἵσ.
517 5794 636 5866 τῆς.

583 5888 855 5954 ΡΑτιιοι..
902 5888 1019 5955 Gn.
1067 5890 1356 5956 LXXVI.

3150 5896 3231 5965 39
