3970 6136
496 310 629 364 ίέἓτ

1517 308 1573 363 S.
1615 305 1889 361 (IYRILLI
1920 307 2397 364 'ALEX‘ANDRINI
2433 310 2759 366 ’ARCHIEP.

3606 316 3729 372 i928

493 437 724 492 propria:
750 423 931 477 carnis
965 432 1216 478 contactu
1249 438 1344 479 eos
1371 422 1609 478 viviticet
1633 436 1697 476 ac
1730 438 1800 477 ex
1839 423 2053 477 mortui:

2169 426 2262 478 καὶ
2312 425 2400 479 διὰ
2444 425 2544 497 τῆς
2597 426 2733 491 ιδίας
2782 425 2982 497 σαρκὸς
3032 428 3154 491 τοὺς
3218 427 3726 498 κατεφθαρμένους.

491 514 714 579 excitet,
739 513 830 583 qui
872 523 1048 569 morte
1076 515 1344 583 absumpti
1374 512 1582 568 inerant
1618 531 1631 568 :
1658 514 1930 585 quomodo
1957 530 2061 569 nou

463 615 576 668 ,σει
621 606 787 661 ver'us
835 605 998 671 Deus,
1037 604 1270 658 maxime
1319 617 1450 658 vero
1499 617 1624 657 cum
1678 604 1813 658 alios
1853 618 2065 673 quoque

494 700 606 767 ipse
633 712 695 751 ea
727 702 990 766 potestate
1018 694 1261 757 donarit,
1300 703 1355 748 ut
1392 695 1447 748 in
1495 693 1712 748 nomine
1744 692 1921 764 ipsius
1955 693 2062 749 vita

500 790 715 844 iunctos
743 788 796 843 in
831 788 1000 842 lucem
1034 801 1292 842 revocare
1323 784 1584 857 possent?

564 900 584 933 ι
619 881 827 951 itaque,
858 879 1056 935 fratres
1086 880 1211 945 mei,
1247 888 1301 934 et
1327 893 1422 934 vos
1460 877 1767 934 tuortiticati
1799 877 1932 933 estis
1958 876 2059 949 legi

491 988 587 1045 per
620 988 816 1044 corpus
848 972 1075 1038 Christi,
1109 983 1167 1026 ut
1197 972 1317 1027 sitis
1344 971 1592 1035 alterius,
1619 970 1709 1040 qui
1737 985 1804 1025 ex
1833 970 2060 1026 mortuis

487 1066 810 1133 resurrexit,
856 1075 909 1119 ut
948 1065 1338 1120 fructiﬂcemns
1372 1062 1480 1119 Deo
1500 1063 1571 1116 θ’.
1603 1080 1623 1114 ι
1673 1061 2061 1117 Mortilit-amur

488 1158 613 1228 legi,
642 1159 859 1227 quando
888 1158 957 1212 ab
995 1156 1138 1210 illius
1167 1156 1429 1211 servitute
1449 1163 1504 1208 et
1531 1153 1679 1209 cultu
1712 1153 2056 1220 desistimus;

486 1250 762 1305 evadimus
790 1257 966 1303 autem
991 1247 1170 1313 alteri,
1201 1248 1301 1301 hoc
1330 1256 1417 1300 est
1442 1246 1679 1312 Christo,
1698 1245 1789 1315 qui
1821 1260 1887 1299 ex
1913 1258 2060 1299 mor-

491 1338 596 1393 tuis
620 1338 943 1401 resurrexit,
972 1336 1217 1401 obnoxii,
1253 1336 1379 1390 dum
1411 1345 1470 1389 ut
1505 1334 1895 1390 fructiﬁcemus
1925 1337 2053 1398 Deo,

485 1429 720 1485 oraculis
763 1429 1088 1499 evangelicis
1136 1429 1204 1484 ab
1235 1428 1354 1497 ipso
1400 1428 1562 1483 editis
1609 1442 1813 1482 morem
1870 1440 2057 1497 gerere

484 1522 643 1577 enixe
667 1520 1066 1576 contendimus.
1110 1521 1178 1574 At
1218 1533 1348 1574 vero
1374 1533 1585 1574 summa
1610 1525 1663 1574 et
1694 1525 1858 1586 caput
1889 1531 2055 1572 evan-

484 1612 775 1684 gelicorum
829 1622 1220 1682 praeceptorum
1268 1619 1357 1666 est
1406 1610 1540 1665 lides
1596 1610 1650 1664 in
1708 1610 1904 1680 ipsum.
1959 1608 2055 1664 llic

484 1703 625 1757 enim
653 1712 841 1758 noster
856 1711 939 1757 est
963 1702 1194 1767 fructus,
1216 1715 1375 1771 quem
1392 1699 1631 1765 Christo,
1647 1707 1901 1769 tanquam
1920 1698 2052 1763 Deo,

483 1791 760 1849 oderimus
790 1813 804 1848 :
834 1805 965 1861 ergo
1009 1792 1102 1861 qui
1148 1806 1213 1846 ex
1264 1789 1494 1846 mortuis
1544 1791 1867 1856 resurrexit,
1911 1789 2054 1845 Deus
2081 1766 2128 1821 θ

483 1882 719 1946 exsistit,
755 1882 902 1950 quod
934 1880 1168 1936 Verbum
1200 1893 1329 1935 caro
1362 1878 1435 1933 sit
1466 1876 1690 1932 factum.

560 1992 578 2025 ι
608 1972 708 2039 Qui
738 1980 917 2025 autem
945 1971 996 2025 in
1028 1984 1194 2024 carne
1225 1980 1372 2035 sunt,
1411 1968 1518 2023 Deo
1541 1968 1756 2041 placere
1787 1983 1894 2023 non
1928 1981 2054 2038 pos-

482 2074 627 2120 sunt.
654 2064 763 2119 Vos
784 2072 964 2118 autem
994 2063 1046 2117 in
1085 2076 1252 2115 carne
1294 2074 1398 2115 non
1427 2062 1582 2127 estis,
1616 2061 1708 2114 sed
1747 2060 1799 2114 in
1827 2059 2052 2129 spiritu;

483 2157 527 2211 si
557 2166 732 2210 tamen
766 2152 1000 2224 Spiritus
1040 2152 1132 2207 Dei
1163 2151 1370 2207 habitat
1396 2151 1460 2206 iu
1502 2151 1674 2221 vobis.
1711 2148 1767 2204 Si
1802 2151 1924 2218 quis
1957 2165 2054 2204 au-

485 2257 589 2301 tem
620 2245 824 2301 Christi
859 2244 1110 2313 spiritum
1158 2257 1264 2297 non
1310 2241 1494 2309 habet,
1526 2241 1614 2296 hic
1653 2256 1761 2296 non
1791 2250 1877 2297 est
1917 2241 2053 2309 ejus.

482 2338 539 2389 Si
570 2347 776 2391 autem
816 2336 1074 2399 ,Christus
1115 2333 1168 2388 in
1227 2334 1379 2388 vobis
1431 2340 1537 2398 est,
1585 2348 1785 2402 corpus
1837 2332 2054 2396 quidem

483 2440 754 2483 nturtuum
801 2437 885 2481 est
916 2435 1137 2497 prepter
1169 2434 1473 2495 peccatum,
1513 2424 1741 2494 spiritus
1780 2439 1911 2479 vero
1944 2425 2052 2477 vita

481 2514 1186 2586 propterjustilicationem.
1214 2511 1373 2580 Quod
1422 2511 1468 2566 si
1504 2507 1740 2581 Spiritus
1783 2508 1920 2577 eius,
1962 2507 2052 2578 qui

479 2610 755 2666 suscitavit
787 2607 971 2664 Jesum
1004 2606 1279 2662 Christum
1326 2620 1394 2661 ex
1445 2604 1697 2670 mortuis,
1748 2602 1956 2658 habitat
1997 2603 2050 2656 in

482 2702 630 2756 rubis
659 2719 672 2755 :
702 2700 792 2771 qui
840 2696 1337 2755 suscitavitJesum
1376 2695 1664 2750 Christum
1712 2710 1745 2749 a
1798 2695 2048 2762 mortuis,

482 2793 770 2848 virilicabit
796 2801 851 2846 et
879 2789 1126 2844 mortalia
1155 2802 1385 2857 corpora
1417 2794 1620 2849 vestra,
1648 2794 1866 2855 propter
1891 2785 2044 2839 inha-

481 2885 734 2938 bitantem
770 2881 1033 2950 Spiritum
1066 2880 1181 2945 ejus
1207 2878 1260 2931 in
1298 2876 1450 2933 vobis
1472 2877 1514 2929 ί.
1547 2895 1566 2928 ι
1605 2875 1683 2928 En
1722 2874 1811 2929 hic
1845 2872 2046 2929 Christi

480 2973 738 3043 Spiritus,
779 2971 873 3026 Dei
907 2970 1143 3039 Spiritus
1174 2982 1298 3023 esse
1344 2969 1545 3022 diserte
1575 2967 1860 3021 asseritur.
1904 2968 1968 3018 At
2002 2964 2046 3020 si

479 3065 730 3119 Christus
757 3077 851 3131 per
869 3075 929 3115 se
957 3069 1012 3115 et
1038 3056 1334 3114 secundum
1366 3071 1424 3110 se
1449 3055 1593 3110 aliud
1622 3054 1757 3109 nihil
1778 3066 2044 3121 est‘quatn

480 3157 661 3217 homo,
693 3151 925 3206 Verbum
968 3147 1060 3202 Dei
1101 3147 1366 3215 hospitem
1400 3145 1578 3227 solum
1623 3144 1675 3199 iu
1726 3158 1785 3199 so
1820 3144 2043 3209 habens,

478 3242 751 3308 quomodo
776 3239 993 3293 divinus
1025 3236 1115 3291 ille
1151 3234 1389 3304 Spiritus
1419 3248 1538 3288 esse
1569 3232 1685 3301 eius
1707 3234 1937 3289 dicitur?
1967 3244 2051 3289 est

479 3344 661 3386 autem
709 3330 798 3384 hic
838 3328 1073 3398 Spiritus
1108 3328 1251 3382 illius
1280 3327 1554 3397 prnprius.
1598 3324 1739 3380 Deus
1780 3334 1865 3380 est
1897 3341 2047 3394 ergo,

480 3436 578 3476 nec
621 3420 781 3475 aliter
822 3433 909 3472 res
941 3417 1124 3474 habet.
1158 3415 1266 3471 Nec
1292 3416 1436 3469 enim
1472 3414 1708 3470 Verbum
1749 3415 1844 3471 Dei
1876 3415 1927 3469 in
1958 3415 2051 3470 ho-

480 3515 625 3569 mine
671 3512 1025 3580 inhabitavit,
1077 3511 1171 3567 sed
1227 3511 1506 3566 divinitate
1552 3511 1761 3582 integre
1810 3520 2047 3579 retenta,

480 3604 641 3659 homo
680 3617 806 3657 vere
855 3600 1056 3656 factum
1092 3609 1219 3656 est:
1249 3609 1411 3668 atque
1455 3601 1558 3655 hac
1602 3601 1831 3668 ratione,
1869 3599 2052 3657 Patris

480 3695 737 3766 Spiritus,
763 3693 961 3750 Christi
988 3706 1200 3763 quoque
1223 3691 1458 3762 Spiritus
1479 3691 1837 3763 intellligitur.

552 3808 572 3841 ι
591 3787 908 3859 Quicunque
927 3787 1068 3844 enim
1096 3785 1299 3855 Spiritu
1324 3785 1414 3841 Dei
1452 3785 1762 3857 agitntur,ii
1802 3793 1929 3841 sunt
1955 3784 2046 3840 lilii

479 3881 592 3936 Dei.
609 3878 727 3934 Non
739 3879 883 3935 enim
906 3877 1190 3947 accepistis
1208 3878 1452 3947 spiritum
1475 3875 1750 3933 servitutis
1772 3874 1966 3930 iterum
1991 3875 2046 3929 in

479 3973 694 4034 timore,
722 3970 816 4025 sed
844 3968 1128 4039 accepistis
1162 3969 1410 4039 Spiritum
1447 3968 1751 4039 adoptionis
1777 3967 2006 4023 filiorum
2028 4008 2042 4033 ,

475 4048 586 4135 59
607 4062 659 4116 in
687 4077 792 4130 quo
817 4061 1137 4124 clamamus,
1167 4059 1317 4115 Abba
1343 4102 1358 4127 ,
1385 4058 1617 4127 Pater';
1648 4079 1667 4113 ι
1710 4070 1764 4116 et
1788 4060 1894 4116 alio
1923 4075 2045 4115 rur-

2168 516 2468 587 ἁπτόμενος
2498 516 2608 570 τῶν
2630 515 2859 588 νεκρῶν,
2896 518 2990 571 καὶ
3019 519 3240 583 ἀνιστὰς
3274 519 3474 582 αὐτούς
3497 537 3509 551 ·
3543 519 3644 581 πῶς
3670 520 3725 571 οὗ

2164 603 2296 667 Θεὸς
2314 605 2618 676 ἁληθινὸς,ό
2633 607 2756 670 δοὺς
2778 607 2870 660 καὶ
2894 608 3099 678 ἑτέροις
3120 608 3368 673 ἐξουσίαν
3386 610 3509 671 τοὺς
3524 612 3727 680 vapos;

2164 693 2400 764 ἐγείρειν
2434 695 2522 748 διὰ
2551 696 2645 749 τοῦ
2679 696 2941 767 ὀνόματος
2971 698 3167 763 αὐτοῦς

2239 875 2456 939 «Ὥστε,
2490 874 2713 945 ἀδελφοί
2741 895 2863 948 μου,
2893 879 2987 933 καὶ
3034 879 3192 948 ὑμεῖς
3238 877 3614 949 ἐθανατώθητε
3653 879 3724 950 τῷ

2161 965 2310 1036 νόμῳ
2336 967 2426 1022 διὰ
2456 966 2549 1020 τοῦ
2587 968 2840 1039 σώματος
2863 970 2956 1024 τοῦ
2984 969 3244 1041 Χριστοῦ,
3268 972 3355 1035 ἐἰς
3395 970 3459 1024 τὸ
3492 971 3724 1039 γενέσθαι

2163 1055 2305 1125 ὑμᾶς
2325 1056 2496 1127 ἑτέρῳ
2523 1052 2599 1126 τῷ
2621 1059 2684 1111 ἐκ
2705 1058 2918 1130 νεκρῶν
2945 1059 3244 1130 ἐγερθέντι,
3280 1059 3364 1112 ἵνα
3394 1062 3724 1131 καρποφορήρ

2163 1165 2342 1219 σωμεν
2375 1146 2453 1219 τῷ
2489 1149 2626 1220 Θεῷ.
2660 1169 2677 1200 ι
2722 1150 3113 1221 Θανατούμεοα
3142 1150 3221 1221 τῷ
3248 1154 3422 1222 νόμῳ,
3470 1154 3569 1221 τῆς
3609 1155 3724 1206 κατ’

2159 1238 2322 1291 αὐτὸν
2345 1237 2599 1314 λατρείας
2627 1239 3033 1311 ἀποπαυόμενοι
3053 1257 3066 1269 ·
3099 1240 3362 1310 γινόμεθα
3391 1243 3450 1295 δὲ
3476 1243 3640 1313 ἑτέρῳ
3656 1242 3723 1312 τῷ

2157 1328 2221 1381 ἐκ
2257 1328 2466 1399 νεκρῶν
2505 1328 2804 1401 ἐγερθέντι,
2836 1331 3083 1384 τουτέστι
3133 1332 3378 1404 Χριστῷ,
3408 1337 3526 1396 τοῖς
3576 1331 3722 1388 αὐτοῦ

2156 1420 2523 1492 θεσπίσμασιν
2554 1423 2929 1491 εὐαγγελικοῖς
2955 1423 3381 1476 κατακολουθεῖν
3408 1425 3719 1489 σπουδάζον-

2154 1527 2266 1575 τες,
2300 1510 2387 1563 ἵνα
2438 1512 2952 1583 καρποφορήσωμεν
3004 1513 3083 1584 τῷ
3137 1512 3277 1583 Θεῷ.
3324 1496 3632 1584 Κεφάλαιον
3674 1516 3723 1570 δὲ

2155 1603 2264 1655 τῶν
2294 1602 2664 1671 εὐαγγελικῶν
2700 1603 3144 1675 θεσπισμάτωνή
3177 1606 3359 1670 πίστις
3393 1609 3427 1677 ἡ
3460 1610 3540 1671 εἰς
3560 1610 3721 1663 αὐτᾶν.

2158 1690 2268 1747 Καὶ
2315 1686 2472 1757 οὗτος
2507 1694 2664 1764 ἡμῶν
2709 1696 2738 1748 ό
2770 1694 3001 1766 καρπὸς,
3032 1700 3109 1759 ὡς
3151 1695 3293 1767 Θεῷ,
3330 1699 3724 1769 προσαγόμεικς

2157 1780 2236 1853 τῷ
2257 1782 2498 1855 Χριστῷ.
2533 1783 2664 1846 Θεὸς
2685 1779 2777 1837 οῦν
2802 1785 2908 1856 ἄρα
2929 1785 3077 1837 ἐστὶν
3100 1787 3128 1839 ὁ
3155 1787 3217 1839 ἐκ
3239 1787 3455 1857 νεκρῶν
3479 1791 3724 1855 ἀναστὶς,

2144 1875 2230 1939 -ώς
2272 1877 2472 1947 σαρκὸς
2502 1877 2786 1945 γεγονότος
2808 1876 2903 1929 τοῦ
2937 1877 3142 1945 Λόγου.

2232 1986 2251 2019 ε
2281 1967 2343 2021 Oi
2387 1967 2447 2020 δὲ
2490 1969 2549 2020 ὲν
2596 1967 2761 2039 σαρκὶ
2788 1967 2959 2034 ὄντες,
2993 1968 3112 2040 Θεῴ
3141 1969 3344 2041 ἀρέσαι
3373 1972 3434 2024 οῦ
3460 1972 3726 2027 δύνανται.

2166 2058 2356 2124 Ὑμεῖς
2377 2058 2433 2112 δέ
2458 2059 2557 2111 οὐκ
2584 2058 2712 2112 ἐστὲ
2742 2060 2800 2111 ἐν
2828 2058 3014 2131 σαρκὶ,
3039 2059 3153 2113 ἀλλ’
3178 2062 3237 2114 ἐν
3264 2061 3558 2133 πνεύματι,
3582 2063 3729 2134 εἴπερ

2156 2150 2382 2222 Πνεῦμα
2420 2150 2554 2204 Θεοῦ
2588 2153 2729 2204 οἰκεῖ
2770 2153 2827 2203 ἐν
2859 2152 3008 2222 ὑμῖν.
3055 2153 3117 2205 Ei
3147 2152 3204 2204 δέ
3236 2170 3320 2216 τις
3354 2152 3577 2224 πνεῦμα
3610 2156 3731 2225 Χρι-

2158 2239 2283 2295 στοῦ
2311 2242 2410 2295 οὐκ
2444 2227 2577 2313 ἔχει,
2610 2234 2766 2305 οὗτος
2794 2243 2892 2295 οὐκ
2926 2242 3073 2296 ἔστιν
3102 2242 3288 2298 αὑτοῦ.
3321 2244 3385 2296 Ei
3418 2244 3479 2297 δὲ
3509 2245 3730 2316 Χριστὸς

2155 2334 2213 2385 ὲν
2263 2333 2412 2403 ὑμῖν,
2442 2332 2504 2385 τὸ
2547 2332 2651 2402 μὲν
2694 2330 2853 2402 σῶμα
2902 2333 3095 2406 νεκρὸν
3140 2333 3207 2386 δι’
3246 2335 3548 2406 ἁμαρτίαν,
3583 2337 3641 2389 τὸ
3680 2336 3731 2389 δὲ

2154 2422 2374 2493 πνεῦμα
2420 2422 2534 2493 ζωὴ
2583 2422 2673 2476 διὰ
2704 2423 3075 2494 δικαιοσύνην.
3114 2424 3174 2477 ΕΞ
3198 2424 3260 2477 δὲ
3289 2425 3353 2478 τὸ
3389 2425 3620 2496 Πνεῦμα
3646 2425 3730 2479 τοῦ

2153 2513 2464 2586 ἐγείραντος
2512 2515 2605 2578 τὸν
2640 2512 2846 2586 Ἰησοῦν
2897 2518 2960 2569 ἐκ
3005 2516 3216 2585 νεκρῶν
3258 2518 3409 2570 οίαεῖ
3443 2520 3504 2570 ἐν
3533 2520 3677 2588 ὑμῖν,
3706 2519 3732 2570 6

2152 2604 2370 2676 ἐγείρας
2402 2606 2466 2658 ἐκ
2497 2604 2706 2677 νεκρῶν
2732 2607 2964 2688 Χριστὸν
3004 2606 3233 2678 Ἰησοῦν,
3269 2609 3612 2680 ζωοποιήσει
3648 2615 3731 2663 καὶ

2150 2697 2219 2751 τὰ
2261 2697 2431 2768 θνητὰ
2478 2696 2708 2767 σώματα
2742 2698 2894 2766 ὑμῶν
2943 2699 3029 2751 διὰ
3078 2699 3173 2751 τοῦ
3206 2700 3554 2764 ἐνοικοῦντος
3579 2703 3729 2754 αἱπῦ

2152 2788 2472 2859 Πνεύματος
2498 2791 2553 2842 ἐν
2579 2791 2728 2861 ὑμῖν.
2762 2808 2780 2840 ›
2804 2789 2932 2843 Ἰδοὺ
2962 2790 3025 2861 δὴ
3053 2791 3239 2858 σαφῶς
3266 2791 3328 2843 τὸ
3349 2790 3489 2844 Θεοῦ
3518 2791 3735 2861 Πνεῦμα

2145 2879 2365 2949 λέγεται
2418 2879 2512 2934 τοῦ
2562 2880 2823 2952 Χριστοῦ.
2860 2882 2999 2936 Ἀλλ’
3047 2881 3207 2953 εἴπερ
3253 2883 3401 2937 ἐστὶν
3449 2883 3736 2953 ἄνθρωπος

2153 2971 2335 3034 ἱδικῶς
2379 2972 2474 3025 καὶ
2508 2972 2612 3025 ἀνὰ
2659 2973 2825 3043 μέρος
2872 2972 3145 3043 κείμενος,
3177 2974 3541 3046 κατῳκηκότα
3576 2977 3738 3044 μόνον

2153 3065 2209 3115 ἐν
2230 3064 2379 3135 αὑτῷ
2404 3064 2494 3117 τὸν
2516 3065 2609 3117 τοῦ
2632 3064 2764 3119 Θεοῦ
2791 3065 2964 3132 Λόγου
2993 3065 3153 3136 ἔχων,
3182 3066 3299 3129 πῶς
3332 3066 3499 3120 αὐτοῦ
3516 3068 3584 3119 τὸ
3603 3066 3738 3120 θεῖον

2151 3153 2367 3223 λέγεται
2404 3154 2660 3226 Πνεῦμα;
2688 3157 2823 3210 ἀλλὰ
2861 3157 2966 3233 μὴν
3002 3158 3133 3211 ἴδιον
3176 3156 3342 3210 αὐτοῦ
3392 3157 3461 3209 τὸ
3510 3158 3738 3227 Πνεῦμὲ

2149 3246 2292 3300 ἐστι’
2324 3246 2456 3311 Θεὸς
2485 3249 2614 3319 ἄρα,
2637 3249 2732 3303 καὶ
2756 3250 2854 3320 οὐχ
2885 3249 3103 3320 ἑτέρως.
3140 3250 3215 3303 Οὐ
3243 3250 3355 3321 γὰρ
3378 3250 3438 3302 ἐν
3467 3250 3737 3322 ἁνθρώτσςι

2148 3338 2371 3406 γέγονεν
2406 3342 2434 3394 ό
2473 3340 2567 3394 τοῦ
2613 3341 2749 3394 Θεοῦ
2784 3341 2975 3408 Λόγος,
3008 3341 3144 3395 ἀλλὰ
3187 3341 3417 3410 γέγονεν
3453 3343 3738 3415 ἄνθρωπος

2149 3428 2386 3499 ἀληθῶς,
2426 3428 2565 3500 μετὰ
2603 3430 2697 3483 τοῦ
2743 3418 2923 3500 μεῖναι
2951 3430 3101 3494 Θεός.
3137 3431 3294 3485 Οῦτω
3324 3432 3441 3504 γὰρ
3472 3434 3539 3488 ἂν
3572 3438 3738 3488 wits

2150 3521 2386 3590 Χριστοῦ
2420 3523 2481 3575 τὸ
2508 3523 2729 3594 Πνεῦμα
2759 3523 3027 3594 ὑπάρχειν
3055 3523 3116 3576 τὸ
3143 3521 3239 3576 τοῦ
3264 3525 3512 3596 Πατρός.

2227 3785 2409 3838 ι”Οσοι
2457 3785 2565 3856 γὰρ
2603 3784 2879 3855 Πνεῦματι
2921 3785 3057 3840 Θεοῦ
3104 3787 3355 3857 ἄγονται,
3402 3782 3565 3844 οὗτοί
3610 3791 3736 3843 εἰσιν

2150 3876 2257 3928 υἱοὶ
2277 3875 2432 3929 Θεοῦ.
2460 3876 2534 3929 Οὐ
2565 3877 2674 3948 γὰρ
2702 3877 2926 3931 ἐλάϐετε
2953 3877 3170 3951 πνεῦμα
3188 3880 3441 3944 δουλείας
3468 3883 3641 3935 πὶλιν
3668 3884 3739 3941 είς

2148 3965 2335 4035 φόϐον,
2372 3965 2486 4019 ἀλλ’
2511 3966 2730 4022 ἐλάὗετε
2764 3970 2982 4042 πνεῦμα
3025 3972 3319 4036 υἱοθεσίας.
3357 3974 3422 4027 ἐν
3462 3968 3511 4043 ᾧ
3540 3975 3741 4046 κράζο-

2150 4074 2270 4128 μεν,
2287 4055 2523 4123 Ἀ66ᾶ,ό
2559 4060 2770 4132 Πατήρ.
2798 4080 2816 4112 ι
2838 4060 2895 4115 ὐ
2930 4064 3200 4135 μακάριος
3241 4066 3453 4136 γράφει
3486 4067 3740 4129 Παῦω·

2151 4148 2304 4201 «Ὅτι
2337 4148 2393 4201 δέ
2425 4149 2547 4202 ἐστε
2578 4146 2705 4218 uici,
2740 4150 3124 4217 ἐξαπέστειλεν
3164 4155 3196 4206 ό
3242 4154 3379 4219 Θεὸς
3419 4157 3484 4210 τὸ
3514 4158 3748 4226 Πνεῦμα

479 4243 595 4307 lilii,
626 4243 774 4298 misit
805 4244 946 4297 Deus
987 4243 1248 4312 Spiritqu
1274 4241 1400 4297 Filii
1434 4243 1515 4296 sui
1554 4242 1606 4296 in
1639 4242 1800 4297 corda
1838 4252 2041 4308 vestra,

2159 4237 2237 4292 τοῦ
2263 4239 2389 4292 Υίοῦ
2426 4239 2588 4294 αὑτοῦ
2620 4244 2700 4304 εἰς
2726 4244 2825 4306 τὰς
2851 4244 3079 4315 καρδίας
3108 4245 3281 4315 ὑμῶν.
3302 4248 3539 4318 κρᾶζον.
3556 4250 3745 4309 Ἀειϐἱ,

475 4336 820 4397 clamantem,
849 4333 1021 4401 Abba,
1052 4332 1213 4387 Pater
1235 4333 1275 4388 ³.
1310 4350 1328 4384 ι
1354 4331 1413 4386 Si
1460 4333 1622 4403 igitur
1651 4347 1746 4402 per
1775 4330 1895 4386 Filii
1921 4326 2042 4400 Spi-

2159 4334 2170 4386 5
2209 4333 2415 4405 Πατήρ.
2451 4353 2470 4386 ι
2508 4334 2717 4388 Οὐκοῦν
2751 4337 2798 4388 εί
2833 4336 2891 4389 ἐν
2914 4335 3189 4406 Πνεῦματι
3220 4336 3316 4389 τοῦ
3346 4338 3490 4392 Υέοῦ
3524 4342 3745 4412 παρῤη-
3846 4386 3855 4398 .

477 4424 640 4478 ritum
696 4421 946 4477 ﬁduciam
1015 4421 1193 4484 nacti,
1261 4418 1481 4476 Patrem
1542 4435 1739 4476 vocare
1785 4421 2045 4476 audemus

2159 4424 2269 4479 σίαν
2311 4425 2506 4496 ἔχομεν
2547 4427 2768 4499 Πατέρα
2802 4428 2984 4481 καλεῖν
3009 4427 3101 4481 τὸν
3127 4428 3285 4489 Θεὸν,
3316 4430 3396 4494 ὡς
3453 4432 3557 4486 τοῦ
3612 4431 3742 4486 κατὰ

477 4516 665 4580 Deum,
702 4523 959 4585 tanquam
992 4512 1082 4581 qui
1130 4512 1395 4567 naturalis
1425 4511 1646 4580 verique
1675 4510 1799 4566 Filii
1837 4509 2042 4579 Spiritu

2159 4515 2308 4584 φύσιν
2353 4518 2444 4570 καὶ
2491 4516 2725 4589 ἀληθοῦς
2753 4518 2885 4571 Υἱοῦ
2930 4519 2989 4572 τὸ
3023 4518 3249 4590 Πνεῦμα
3280 4525 3739 4593 πλουτήσαντεςο

475 4609 645 4662 simus
669 4604 1020 4674 locupletati:
1058 4604 1327 4673 quomodo
1345 4600 1595 4658 Christus
1630 4617 1734 4657 non
1762 4612 1845 4657 est
1877 4600 2037 4667 Deus,

2159 4606 2266 4669 πῶς
2293 4607 2353 4658 οὐ
2379 4606 2509 4670 Θεὸς
2552 4609 2581 4660 ὁ
2620 4606 2884 4679 Χριστός;
2919 4609 2981 4661 οὐ
3014 4609 3150 4662 καθὸ
3179 4613 3390 4665 νοεῖται
3432 4615 3570 4668 καθ’
3608 4612 3741 4685 fhsi;

478 4714 583 4752 non
617 4708 823 4751 tantum
850 4707 1115 4766 quatenus
1129 4695 1320 4749 similis
1337 4694 1492 4750 nobis
1512 4695 1672 4749 homo
1700 4693 2053 4763 intelligitur,

2159 4696 2432 4768 ἅνθρωπος
2485 4699 2664 4768 μόνον,
2694 4700 2831 4754 ἀλλὰ
2877 4701 3013 4754 καθὸ
3061 4702 3251 4770 γέγονε
3309 4702 3459 4773 σὰρξ
3495 4708 3524 4759 ό
3552 4708 3742 4772 Λότες,

476 4788 571 4843 sed
599 4798 865 4856 quatenus
905 4785 1132 4841 Verbum
1160 4786 1356 4842 factum
1389 4796 1470 4841 est
1505 4801 1650 4849 caro,
1676 4800 1848 4856 neque
1887 4800 2043 4840 secus

2159 4789 2242 4841 καὶ
2276 4790 2575 4860 μετέσχηκε
2606 4792 3003 4864 παραπλησίως
3028 4794 3160 4864 ἡμῖν
3188 4794 3432 4864 αἰματος
3480 4799 3591 4852 καὶ
3628 4813 3748 4865 σαρ-

474 4894 539 4935 ac
567 4893 667 4934 nos
697 4878 878 4943 carnis
906 4886 959 4932 et
989 4879 1263 4947 sanguinis
1288 4879 1555 4948 particeps
1589 4877 1838 4933 eﬂ‘ectum
1868 4876 1990 4932 est?
2151 4879 2276 4943 κόςς
3029 4924 3052 4932 -

550 4987 571 5023 r
605 4969 736 5038 Quis
771 4984 868 5023 nos
896 4969 1173 5038 separabit
1199 4984 1227 5020 a
1259 4968 1524 5022 charitate
1552 4967 1799 5022 Christi?
1825 4967 2044 5021 tribula-

2228 4986 2246 5018 ι
2280 4964 2375 5032 Τίς
2406 4970 2551 5040 ἡμᾶς
2583 4971 2807 5043 χωρίσει
2858 4952 2977 5026 ἀπὺ.
3014 4974 3113 5045 τῆς
3158 4975 3385 5045 ἀγάπης
3435 4978 3539 5032 τοῦ
3578 4975 3757 5035 Θεοῦζ

476 5065 551 5119 tio
576 5103 592 5129 ,
641 5080 707 5116 an
741 5062 988 5132 anguStia
1011 5100 1025 5126 ,
1060 5075 1125 5114 an
1170 5058 1373 5124 fames,
1407 5076 1474 5112 an
1516 5060 1730 5114 nuditas
1752 5104 1766 5124 ,
1795 5075 1862 5113 an
1897 5059 2041 5127 peri-

2159 5061 2325 5132 θλίψις
2348 5102 2363 5127 ,
2408 5061 2440 5132 ἢ
2469 5064 2800 5136 στενοχωρία
2821 5104 2837 5128 ,
2883 5065 2917 5136 ἢ
2950 5065 3188 5137 διωγμὸς
3208 5108 3223 5133 ,
3268 5068 3303 5138 ἢ
3332 5069 3538 5139 λιμὸς,
3572 5071 3614 5140 ἦ
3650 5070 3767 5122 xiv.

474 5156 696 5221 culum,
745 5170 812 5208 an
859 5152 1197 5224 persecutio,
1245 5166 1312 5204 an
1359 5150 1667 5221 gladius"?
1696 5170 1715 5202 ι
1774 5150 1879 5203 Lex
1932 5147 2042 5202 M0-

2159 5152 2333 5229 δυνρς,
2431 5153 2713 5227 μάχαιρα;
2748 5174 2766 5206 ι
2805 5154 2866 5211 Ὀ
2896 5157 3063 5227 νόμος
3098 5158 3339 5227 ἔφασκεν
3374 5161 3408 5213 ό
3452 5162 3551 5214 διὰ
3589 5162 3773 5215 Mem?-

474 5247 619 5301 saica
663 5248 802 5301 inter
830 5256 1023 5301 cmtera
1065 5244 1324 5308 dictabat,
1362 5242 1708 5312 graviterque
1753 5241 2032 5311 praecipie-

2159 5244 2307 5308 τέως,
2360 5244 2451 5297 καὶ
2508 5232 2725 5313 ἐντολὴν
2775 5245 3044 5299 ἐποιεῖτο·
3088 5266 3108 5298 ε
3142 5248 3486 5319 Ἀγαπήσεις
3536 5252 3779 5319 Κύριον

475 4168 594 4205 sum
636 4151 756 4206 loco
784 4152 976 4207 beatus
1022 4151 1222 4207 Paulus
1253 4170 1268 4207 :
1303 4168 1321 4202 ι
1353 4149 1641 4219 Quoniam,
1691 4152 1883 4222 inquit,
1914 4152 2046 4205 estis

476 5335 603 5391 bat:
638 5356 656 5388 ι
691 5336 887 5407 Diliges
918 5337 1205 5393 Dominum
1245 5338 1408 5390 Deum
1441 5345 1586 5388 tuum
1627 5349 1691 5388 ex
1739 5344 1853 5389 toto
1882 5336 2044 5389 corde

2159 5332 2240 5385 τὸν
2282 5332 2414 5385 Θεόν
2459 5349 2552 5386 σου
2587 5333 2646 5397 ἐξ
2672 5333 2799 5413 ὅλης
2828 5335 2929 5405 τῆς
2960 5336 3182 5407 καρδίας
3218 5354 3339 5400 σου,
3381 5342 3485 5392 καὶ
3527 5340 3606 5406 ἐξ
3634 5339 3777 5404 611;;
3866 5368 3887 5383 ι·

478 5438 587 5488 ιιιο.
642 5445 707 5483 ex
764 5439 875 5485 tuta
936 5430 1115 5484 anima
1173 5436 1283 5494 tua,
1338 5436 1391 5482 et
1449 5442 1512 5480 ex
1568 5435 1675 5481 tota
1733 5426 2046 5480 fortitudine

2159 5423 2247 5492 τῆς
2278 5422 2457 5493 ψυχῆς
2499 5440 2614 5488 σου,
2645 5424 2739 5478 καὶ
2776 5425 2836 5490 ἐξ
2882 5425 3010 5497 ὅλης
3058 5427 3163 5509 τῆς
3211 5428 3399 5498 ἰσχύος
3428 5446 3555 5483 σου-
3598 5430 3781 5482 ι’ῡττ.

480 5528 566 5570 tra
595 5518 637 5571 ⁸.
671 5537 689 5568 ι
740 5519 873 5573 Cum
933 5521 1095 5589 igitur
1154 5520 1539 5581 dilectionem,
1597 5534 1716 5586 qiue
1769 5519 1820 5571 iu
1879 5517 2042 5571 Deum

2159 5516 2327 5569 τοίνυν
2365 5516 2464 5585 τὴν
2498 5517 2720 5589 ἀγάπην
2749 5518 2853 5590 τὴν
2882 5517 2959 5589 τῷ
2987 5517 3106 5589 Θεῷ
3138 5521 3664 5593 πρεπιώεστάτην,
3700 5518 3781 5579 εἰς

549 5649 593 5679 ’θ
622 5648 775 5702 Rom.
809 5664 901 5703 \‘ll.
936 5651 988 5702 4.
1069 5653 1081 5681 ¹
1129 5650 1289 5705 lium.
1337 5666 1430 5703 vm
1487 5650 1639 5704 840.
1719 5652 1739 5681 ¹
1774 5651 1901 5705 ibid.
1937 5648 2023 5718 Μ,

488 5714 671 5769 Matth.
704 5731 834 5779 xxit,
859 5718 946 5771 57.

2218 5651 2239 5682 ³
2265 5648 2441 5706 Galat.
2471 5667 2544 5718 tv,
2574 5653 2627 5707 6.
2706 5653 2749 5685 "
2779 5655 2936 5710 ltum.
2967 5667 3085 5718 rm,
3108 5653 3199 5711 '55.
3292 5654 3315 5687 δ
3344 5655 3506 5712 Deut.
3570 5671 3669 5719 τι,
3718 5653 3781 5713 5:
