3970 6136
206 338 227 397 l
240 337 341 397 299

1288 333 1381 395 DE
1419 334 1649 393 RECTA
1683 335 1844 394 ΗΒΕ
1884 336 1974 393 ΑΒ
2011 336 2333 396 RECINAS.

3302 334 3441 390 {230
3500 382 3515 391 κ

204 456 262 523 ἐξ
290 455 419 523 ὅλης
445 450 627 522 ἰσχύος
655 449 749 505 καὶ⁵
768 448 1024 505 ἀνωτάτω
1053 447 1099 513 i,
1139 448 1227 520 τὴν
1275 450 1436 523 μέχρι
1465 452 1646 524 ψυχῆς
1676 452 1773 508 καὶ

1891 453 2113 509 naxime
2154 451 2434 515 convenit,
2480 447 2782 518 cuiusmodi
2818 461 2880 502 ea
2914 455 3016 510 est,
3052 459 3174 519 qua:
3217 459 3281 500 ex
3332 456 3445 502 tota

205 547 435 616 αἵματος
480 542 573 596 καὶ
621 538 769 611 αὑτῷ
812 539 1164 613 προσάγομεν
1214 537 1292 610 τῷ
1334 541 1587 611 Χριστῷ·
1638 541 1721 605 τίς
1747 543 1777 595 ὁ

206 637 369 706 φάναι
390 633 624 704 τολμῶν,
650 633 726 695 ὡς
752 631 852 685 οὐκ
876 630 942 685 ἂν
971 630 1059 701 εἴη
1088 631 1221 696 Θεός
1245 650 1259 700 ;
1293 632 1647 723 Διημάρτηκε
1670 633 1777 705 γὰρ

206 727 297 782 τοῦ
327 725 628 799 πρέποντος
659 723 778 777 κατ’
804 721 997 776 οὐδένα
1028 723 1230 793 τρόπον
1260 725 1290 777 ό
1316 722 1425 777 τῶν
1453 721 1626 792 ἁγίων
1654 741 1803 785 σκοι,

207 820 323 883 πός.

279 1034 299 1067 ι
325 1014 632 1083 Πέπεισμαι
684 1009 813 1083 γὰρ,
859 1004 947 1065 ’ὅτι
993 1002 1117 1065 οὔτε
1170 1005 1423 1079 θάνατος,
1468 1011 1593 1068 οὔτε
1640 1012 1773 1084 ζωὴ,

206 1107 330 1162 οὔτε
369 1106 608 1175 ἄγγελοι,
640 1101 764 1159 οὔτε
795 1104 980 1174 ἀρχαὶ,
1008 1103 1129 1159 οὔτε
1162 1105 1453 1171 ἐνεστῶτα,
1484 1104 1609 1161 οὔτε
1640 1096 1778 1178 ’μέλ-

206 1198 380 1260 λοντα,
401 1196 533 1250 ὀὕτε
567 1195 849 1265 δυνάμεις,
877 1194 1000 1248 οὔτε
1034 1193 1257 1266 ὕψωμα,
1285 1194 1409 1249 οὔτε
1437 1196 1621 1267 βάθος,
1652 1194 1777 1252 οὔτε

207 1304 287 1352 τις
319 1289 495 1351 κτίσις
519 1286 681 1358 ἑτέρα
706 1287 994 1358 δυνήσεται
1015 1287 1163 1358 ἡμᾶς
1183 1286 1413 1359 χωρίσαι
1436 1287 1536 1357 τῆς
1558 1288 1778 1359 ἀγάπης

208 1379 298 1433 τοῦ
328 1378 486 1442 Θεοῦ,
522 1379 621 1447 τῆς
650 1379 709 1431 ὲν
734 1375 956 1448 Χριστῷ
995 1377 1168 1447 Ἰησοῦ
1210 1378 1288 1450 τῷ
1322 1377 1513 1449 Κυρίῳ
1542 1379 1716 1450 ⁴ἡμῶν.
1752 1396 1771 1431 ι

209 1470 270 1521 Εἰ
323 1468 489 1539 μηδὲν
538 1468 675 1527 ὅλως
712 1462 860 1536 ἡμᾶς
891 1466 1124 1536 χωρίσαι
1165 1466 1532 1536 δύναταικτῆς
1556 1467 1778 1537 ἀγάπης

207 1557 299 1609 τοῦ
327 1556 487 1622 Θεοῦ,
521 1555 820 1625 πράττεται
856 1554 917 1623 δὲ.
954 1554 1092 1626 αὐτὴ
1128 1556 1256 1626 παρ’
1284 1555 1443 1626 ἡμῶν
1471 1558 1531 1609 ὲν
1556 1556 1777 1626 Χριστῷ

227 1647 429 1719 Ἰησοῦ,
460 1647 576 1710 πῶς
598 1647 659 1699 οὐ
682 1644 813 1710 Θεὸς
828 1646 1117 1716 ὲναργῶςό
1146 1646 1380 1715 Χριστὸς
1395 1685 1411 1711 ,
1437 1647 1594 1716 εἴπερ
1618 1647 1777 1700 αὐτὸν

210 1737 554 1806 ἀγαπῶντες,
587 1736 678 1790 τὸν
708 1736 817 1790 τῶν
848 1736 985 1789 ὅλων
1012 1737 1316 1807 ἀγαπῶμεν
1351 1737 1517 1803 Θεόν;
1549 1738 1781 1810 Χοριστὸν

208 1831 266 1882 δὲ
314 1831 365 1882 ει
410 1829 647 1899 λέγοιμι,
672 1827 763 1882 τὸν
805 1830 868 1882 ὲκ
913 1827 1050 1882 Θεοῦ
1097 1827 1269 1897 Λόγον
1320 1827 1782 1901 ὲνηνθρωπηκότα

204 1920 374 1992 δηλῶ.

286 2141 305 2175 ι
334 2122 542 2188 Πάντες
603 2124 712 2196 γὰρ
771 2111 1234 2195 παραστησόμεθα
1296 2124 1376 2196 τῷ
1436 2125 1639 2196 βήματι
1690 2125 1783 2180 τοῦ

215 2215 471 2287 Χριστοῦ,
502 2236 520 2268 θ
572 2217 740 2287 φησί’
786 2215 1253 2287 παραστησόμεθα
1302 2217 1359 2270 δὲ
1409 2218 1488 2289 τῷ
1535 2217 1779 2288 Χριστῷ.

216 2306 499 2360 Καθιεῖται
531 2307 638 2376 γὰρ
678 2306 776 2358 ἐπὶ
820 2305 1010 2377 θρόνου
1036 2306 1194 2376 δόξης
1236 2307 1422 2373 αὑτοῦ,
1455 2308 1657 2380 κρίνων
1686 2311 1785 2380 τὴν

209 2397 536 2471 οἰκουμένην
596 2399 653 2450 ὲν
723 2396 1059 2471 δικαιοσύνῃ.
1129 2398 1320 2453 Καίτοι
1386 2398 1634 2467 λέγοντος
1692 2400 1784 2454 τοῦ

213 2485 396 2552 Δαυῒδ,
423 2487 507 2539 ὅτι
546 2484 677 2549 Θεὸς
721 2487 911 2558 κριτής
940 2487 1077 2540 ἐστι’
1104 2486 1237 2550 Θεὸς
1262 2488 1370 2558 ἄρα
1398 2489 1544 2542 ἐστὶν
1578 2491 1605 2543 ὁ
1650 2491 1785 2560 Χρι-

218 2578 362 2642 στός.

293 2712 311 2743 ι
341 2690 749 2765 Τολμηρότερον
794 2690 850 2744 δὲ
900 2689 1114 2761 ἔγραψα
1161 2693 1291 2763 ὑμῖν
1321 2694 1429 2746 ἀπὸ
1459 2693 1676 2765 μέρους,
1704 2693 1787 2759 -ὠς

214 2782 647 2853 ἀναμιμνήσκων
678 2781 843 2851 ὑμᾶς,
863 2780 950 2835 διὰ
974 2783 1072 2852 τὴν
1101 2782 1263 2852 χάριν
1291 2783 1388 2854 τὴν
1412 2784 1657 2838 δοθεῖσάν
1697 2802 1785 2855 μοι

216 2871 321 2925 ὑπὸ
369 2870 462 2924 τοῦ
512 2869 668 2934 Θεοῦ,
714 2872 801 2934 εὶς
839 2870 900 2925 τὸ
950 2867 1091 2926 εἷναί
1140 2890 1211 2941 με
1257 2871 1573 2945 -λειτουργὸν
1612 2874 1784 2947 Ἰησοῦ

216 2962 453 3035 Χριστοῦ
476 2965 554 3026 εἰς
582 2961 651 3016 τά
680 2961 830 3033 ἔθνη,
858 2962 927 3016 τὰ
958 2963 1345 3034 ἱερουργοῦντα
1367 2966 1428 3020 τὸ
1456 2965 1786 3035 Εὑαγγέλιον

215 3053 309 3106 τοῦ
356 3053 491 3106 Θεοῦ
511 3069 526 3082 θ
570 3054 656 3107 ἵνα
689 3053 917 3126 γένηται
961 3057 992 3126 η
1040 3055 1327 3127 προσφορὰ
1357 3058 1464 3112 τῶν
1497 3058 1665 3113 ἐθνῶν
1693 3062 1785 3114 εύ-

1880 559 2244 616 supremaque
2278 542 2598 599 fortitudine
2628 550 2750 599 orta
2807 541 2872 596 ad
2913 542 3084 610 ipsam
3121 554 3295 608 usque
3328 540 3449 593 ani-

1878 650 2023 693 mam
2055 645 2111 690 et
2152 635 2469 705 sanguinem
2506 634 2785 703 pertingit,
2813 633 2915 703 ipsi
2941 631 3160 686 Christo
3189 630 3448 686 exhibea-

1878 739 1999 782 mus
2018 766 2035 792 ,
2056 726 2178 801 quis
2208 726 2387 781 dicere
2419 724 2609 780 audeat
2645 721 2923 778 Christum
2952 736 3057 776 non
3085 734 3206 775 esse
3243 718 3450 773 Deum?

1877 812 2063 884 Neque
2100 814 2244 869 enim
2276 814 2532 869 credibile
2571 821 2656 868 est
2696 821 3008 867 sanctorum
3041 805 3306 877 judicium
3342 806 3413 861 ull

1879 906 2039 962 modo
2074 921 2104 960 a
2137 905 2381 971 veritatis
2408 919 2573 974 scopo
2597 904 2906 959 aberrasse.

1951 1037 1971 1072 ι
2001 1017 2196 1073 Certus
2221 1030 2341 1071 sum
2364 1014 2530 1081 enim,
2559 1014 2685 1083 quia
2709 1026 2884 1087 neque
2907 1027 3072 1089 mors,
3104 1024 3280 1080 neque
3300 1008 3418 1089 ‘vita
3438 1044 3454 1068 ,

1879 1092 2306 1180 neque'Angeli,
2345 1121 2518 1177 neque
2557 1104 2937 1175 Principatus,
2973 1118 3146 1173 neque
3185 1103 3455 1164 Virtutes,

1881 1212 2056 1269 neque
2078 1197 2367 1265 instantia,
2394 1211 2573 1267 neque
2605 1194 2807 1261 futura,
2837 1207 3010 1264 neque
3040 1191 3322 1257 fortitudo,
3360 1204 3458 1245 nc-

1878 1305 1984 1361 que
2022 1290 2271 1357 altitudo,
2325 1302 2503 1360 neque
2554 1287 2880 1359 profundum
2908 1324 2925 1352 ,
2971 1299 3148 1355 neque
3200 1291 3453 1339 creatura

1880 1380 1984 1436 alia
2022 1380 2227 1449 poterit
2272 1393 2370 1436 nos
2403 1390 2661 1451 separare
2700 1391 2730 1433 a
2757 1374 3027 1432 charitate
3058 1372 3175 1440 Dei,
3210 1386 3331 1443 quae
3373 1380 3457 1424 est

1882 1472 1935 1526 in
1975 1471 2191 1527 Christo
2233 1469 2358 1526 Jesu
2404 1470 2631 1525 Domino
2677 1477 2863 1523 nostro
2887 1465 2931 1522 '.
2984 1485 3003 1518 ο
3051 1462 3172 1521 lam
3222 1463 3267 1518 si
3322 1460 3457 1517 nihil

1879 1562 2103 1616 omnino
2132 1575 2161 1615 a
2187 1560 2452 1619 charitate
2487 1558 2582 1614 Dei
2614 1557 2902 1629 seiungere
2936 1570 3036 1610 nos
3060 1560 3272 1626 potest,
3300 1552 3454 1607 exhi-

1882 1650 2041 1715 betur
2094 1651 2211 1706 haec
2260 1660 2442 1705 autem
2480 1665 2509 1703 a
2560 1650 2717 1706 nobis
2768 1640 2821 1702 in
2854 1646 3068 1703 Christo
3113 1643 3237 1700 Iesu
3286 1662 3300 1698 :
3369 1644 3453 1698 cui

1882 1743 2173 1798 obscurum
2205 1724 2326 1798 esse
2368 1748 2564 1812 potest,
2603 1739 2730 1809 quin
2764 1737 3013 1794 Christus
3043 1738 3117 1794 sit
3154 1737 3297 1792 Deus
3320 1776 3338 1802 ,
3383 1737 3457 1791 si-

1883 1832 2102 1903 quidem
2155 1833 2332 1902 ipsum
2379 1838 2650 1894 amantes,
2706 1828 3082 1883 universorum
3134 1826 3302 1880 Deum
3341 1825 3456 1908 dili-

1880 1922 2058 1994 gimus
2086 1922 2113 1976 ’ἒ
2143 1921 2416 1977 Christum
2456 1929 2632 1974 autem
2652 1908 2780 1973 dum
2831 1917 3070 1983 nomino,
3119 1916 3455 1972 incarnatum

1884 2011 1977 2068 Dci
2014 2012 2251 2073 Verbum
2282 2010 2551 2081 intelligo.

1962 2145 1981 2179 ι
2010 2125 2212 2182 Omnes
2235 2125 2379 2180 enim
2404 2124 2670 2178 stabimus
2704 2131 2829 2195 ante
2870 2121 3105 2177 tribunal
3138 2110 3406 2185 Christi‘,
3433 2139 3451 2173 ι

1886 2216 2098 2285 inquit;
2127 2228 2318 2269 omnes
2349 2221 2531 2267 autem
2562 2211 2820 2267 sistemur
2846 2209 3065 2283 Christo
3094 2228 3108 2265 :
3135 2210 3345 2277 sedebit
3369 2211 3458 2266 hic

1880 2306 2026 2363 enim
2075 2320 2239 2376 super
2286 2304 2545 2359 thronum
2588 2301 2775 2372 gloriae
2822 2316 2973 2367 suae,
3015 2316 3123 2371 quo
3184 2312 3454 2358 terrarum

1884 2399 2072 2459 urbem
2101 2396 2309 2464 iudicet
2350 2388 2414 2450 in
2448 2393 2684 2466 iustitia.
2720 2392 2858 2448 Cum
2908 2408 3040 2467 ergo
3071 2393 3238 2448 David
3285 2393 3457 2450 Deum

1880 2489 2118 2559 judicem
2161 2493 2336 2554 vocet,
2377 2485 2727 2557 consequitur
2768 2484 2991 2542 omnino
3017 2484 3295 2541 Christum
3336 2500 3459 2542 esse

1890 2580 2078 2636 Deum.

1962 2709 1983 2743 ι
2009 2690 2280 2746 Audacius
2306 2697 2483 2745 autem
2509 2690 2700 2761 scripsi
2732 2690 2902 2755 vobis,
2940 2690 3154 2756 fratres,
3177 2707 3243 2748 ex
3282 2700 3456 2762 parte.

1890 2791 2146 2851 tanquam
2204 2780 2256 2835 in
2313 2780 2634 2836 memoriam
2692 2793 2786 2836 vos
2855 2768 3160 2848 reducens,
3228 2788 3454 2852 propter

1887 2874 2118 2943 gratiam
2155 2886 2275 2941 qua:
2305 2872 2428 2933 data
2461 2878 2545 2926 est
2586 2870 2720 2928 mihi
2751 2885 2783 2945 a
2810 2870 2940 2938 Deo,
2965 2880 3026 2926 ut
3068 2871 3171 2926 sim
3211 2871 3459 2926 minister

1886 2962 2015 3020 Jesu
2042 2962 2241 3021 Christi
2283 2962 2337 3017 in
2389 2960 2641 3032 gentibus
2664 3001 2680 3026 ,
2713 2960 3063 3029 sanctiﬁcans
3100 2959 3451 3032 Evangelium

1890 3054 2007 3117 Dei,
2043 3063 2101 3108 ut
2130 3053 2223 3108 ﬁat
2258 3052 2463 3109 oblatio
2489 3053 2729 3124 gentium
2762 3062 2983 3123 accepta
3024 3062 3079 3108 et
3122 3053 3456 3109 sanctiﬁcata

219 3146 561 3213 πρόσδεκτος,
595 3146 901 3216 ἡγιασμένη
955 3132 1013 3199 ὲν
1062 3148 1341 3219 Πνεύματι
1384 3149 1545 3220 ἁγίῳ.
1580 3169 1599 3202 ι
1637 3154 1699 3205 Οἱ
1727 3153 1785 3207 τὸ

1891 3147 1943 3201 in
1977 3144 2181 3215 Spiritu
2225 3153 2417 3200 sancto
2443 3146 2495 3198 ⁷.
2534 3162 2552 3196 i
2589 3143 2734 3199 Sane
2770 3144 2963 3215 quibus
2999 3144 3141 3200 sacri
3169 3144 3458 3201 ministeri'

217 3237 315 3304 τῆς
348 3238 658 3308 ἱερουργίας
685 3238 873 3309 χρῆμα
900 3241 1319 3311 πεπιστευμένοι
1341 3282 1356 3306 ,
1389 3241 1509 3313 Θεῷ
1545 3244 1788 3317 λειτουρ-

221 3324 374 3392 γοῦσι
433 3328 618 3398 μόνῳ*
659 3328 1040 3399 παρεστήκασι
1083 3328 1189 3400 γὰρ
1237 3330 1337 3383 οὐκ
1384 3330 1694 3402 ἀνθρώποις
1737 3336 1786 3386 οἱ

220 3418 405 3487 ἱερεῖς.
425 3417 554 3470 Ἰδοὺ
583 3418 875 3488 τοιγαροῦν
901 3417 929 3468 ὁ
963 3419 1255 3482 Θεσπέσιος
1300 3421 1513 3484 Παῦλος
1544 3421 1787 3477 δεδόσθαι

221 3510 384 3579 φησὶν
413 3507 589 3578 ἑαυτῷ
617 3509 778 3578 χάριν
806 3508 955 3579 παρὰ
981 3509 1075 3561 τοῦ
1101 3510 1258 3573 Θεοῦ,
1292 3512 1371 3587 εἰς
1408 3512 1470 3566 τὸ
1511 3508 1649 3565 εἶναι
1674 3515 1787 3567 λει-

218 3598 446 3666 τουργὸν
500 3597 734 3668 Χριστοῦ
785 3599 983 3669 Ἰησοῦ,
1039 3601 1132 3653 καὶ
1192 3601 1495 3671 ἱερουργεῖν
1562 3606 1620 3657 ἐν
1650 3610 1790 3671 "toi;

220 3686 398 3740 ἔθνεσι
449 3687 510 3740 τὸ
556 3687 886 3755 Εὑαγγέλιον
931 3688 1025 3742 τοῦ
1068 3690 1326 3760 Χριστοῦ.
1356 3692 1491 3756 Θεὸς
1534 3690 1626 3748 οὖν
1680 3696 1790 3767 ἄρα

162 3766 182 3777 ’
221 3776 479 3849 Χριστὸς,
512 3779 561 3830 εἰ
588 3780 820 3848 Χριστὸν
854 3779 1138 3850 κηρύττων
1164 3784 1275 3845 τοῖς
1299 3782 1499 3848 ἔθνεσι,
1533 3784 1628 3839 τοῦ
1654 3786 1790 3841 Θεοῦ

224 3883 390 3937 φησιν
413 3868 742 3936 Εὐαγγέλιον
773 3870 1075 3940 ἱερουργεῖν
1102 3871 1305 3937 αὐτοῖς,
1342 3874 1428 3931 tua
1456 3876 1792 3947 npochxﬂtTi-

222 3976 328 4024 σιν,
361 3958 438 4023 ὡς
470 3958 788 4031 ἡγιασμένοι
817 3964 875 4015 ἐν
901 3963 1198 4034 Πνεύματι.

294 4071 482 4141 «Ἔχω
522 4066 616 4124 οὖν
656 4071 921 4143 καύχησιν
970 4074 1028 4127 ὲν
1064 4074 1285 4146 Χριστῷ
1328 4076 1503 4147 Ἰησοῦ
1549 4079 1619 4131 τὰ
1655 4079 1790 4150 πρὸς

216 4160 312 4215 τδν
346 4160 499 4215 Θεόν.
537 4161 613 4214 Οὐ
647 4162 756 4233 γὰρ
788 4163 1042 4236 τολμήσω
1066 4165 1345 4231 τινλαλεῖν,
1373 4160 1449 4221 ὧν
1479 4170 1540 4222 οὐ
1568 4187 1790 4240 κατειρ-

222 4253 429 4323 γάσατο
469 4255 704 4325 Χριστὸς
748 4256 815 4309 δι’
841 4256 999 4327 ἐμοῦ,
1032 4258 1108 4322 εἰς
1154 4259 1397 4332 ὑπακοὴν
1429 4261 1618 4329 ἐθνῶν,
1647 4262 1791 4335 λόγῳ

222 4345 317 4398 καὶ
352 4344 519 4415 ἔργῳ,
556 4346 613 4397 ἐν
658 4345 882 4418 δυνάμει
931 4351 1174 4420 σημείων
1217 4368 1276 4405 τε
1323 4353 1414 4406 καὶ
1456 4355 1699 4424 τεράτων
1732 4357 1790 4408 ἐν

1887 3235 2163 3304 provincia
2209 3234 2518 3290 concredita
2571 3246 2671 3297 est,
2718 3234 2755 3289 ii
2804 3234 2905 3299 soli
2955 3234 3064 3291 Deo
3093 3236 3452 3292 ministrant:

1883 3326 2196 3396 60neque
2240 3325 2385 3380 enim
2440 3324 2752 3381 hominibus
2794 3326 3064 3381 assistunt
3112 3328 3454 3384 sacerdotes.

1887 3414 2020 3469 Cum
2062 3414 2203 3469 hanc
2238 3413 2402 3484 igitur
2431 3414 2667 3486 gratiam
2703 3415 2805 3478 sibi
2847 3430 2878 3471 a
2912 3416 3022 3472 Deo
3051 3415 3302 3471 donatam
3332 3431 3459 3488 pro-
3540 3440 3553 3451 ι

1884 3505 2105 3561 ﬁtentur
2145 3507 2461 3576 Apostolus,
2513 3516 2571 3562 ut
2626 3509 2697 3565 sit
2745 3508 2994 3565 minister
3036 3507 3163 3565 Iesu
3225 3509 3452 3575 Christi,

1890 3597 2196 3666 Christique
2219 3596 2569 3687 Evangelium
2607 3598 2747 3652 inter
2778 3606 2963 3668 gentes
3005 3598 3369 3664 administret,
3401 3612 3458 3655 et

1889 3688 2163 3743 Christum
2209 3687 2422 3743 tandem
2460 3688 2812 3753 annuntians,
2860 3690 2952 3744 Dei
2998 3689 3345 3765 Evangelium
3393 3707 3455 3751 se

1892 3778 1997 3843 illis
2025 3779 2318 3848 praedicare
2359 3779 2559 3834 diserte
2610 3777 2861 3845 aliirmet,
2893 3794 3000 3848 quo
3034 3779 3291 3836 nimirum
3332 3789 3457 3836 tan-

1893 3883 2055 3937 quam
2089 3868 2294 3938 Spiritu
2321 3867 2433 3937 jam
2472 3866 2843 3933 sanctiﬁcata,
2894 3867 3246 3922 admittantur
3285 3884 3301 3921 :
3336 3871 3457 3941 quis

1892 3958 2093 4015 Christi
2124 3960 2465 4016 divinitatem
2514 3959 2568 4013 in
2610 3959 2963 4030 qumstionem
2998 3973 3195 4014 vocare
3226 3958 3461 4029 audeat?

1967 4089 1988 4123 ι
2022 4071 2204 4127 llabeo
2228 4071 2394 4143 igitur
2424 4070 2656 4141 gloriam
2684 4069 2737 4124 in
2762 4069 2979 4125 Christo
3010 4068 3136 4126 Jesu
3167 4071 3236 4127 ad
3265 4071 3454 4128 Deum.

1891 4163 2008 4221 Non
2043 4166 2185 4221 enim
2217 4165 2387 4221 audeo
2430 4164 2631 4234 aliquid
2685 4164 2833 4246 loqui
2863 4178 3075 4230 eorum,
3103 4180 3221 4235 qua:
3247 4180 3345 4237 per
3372 4182 3460 4223 me

1892 4274 1998 4315 non
2025 4259 2205 4315 effecit
2233 4258 2484 4314 Christus
2521 4258 2574 4312 in
2621 4257 2979 4313 obedientiam
3008 4257 3247 4331 gentium
3291 4260 3459 4317 verbo

1890 4358 1944 4405 et
1989 4349 2170 4414 factis,
2218 4351 2271 4404 in
2307 4349 2506 4403 virtute
2547 4348 2824 4419 signorum
2870 4356 2928 4411 et
2968 4348 3361 4416 prodigiorum,
3400 4350 3454 4404 in

216 4435 446 4504 δυνάμει
489 4435 802 4506 Πνεύματος
831 4438 996 4491 Θεοῦ*
1031 4439 1171 4493 ὥστε
1200 4459 1266 4511 με
1297 4442 1405 4496 ἀπὸ
1439 4431 1785 4517 Ἰερουσαλὴμ

1894 4443 2094 4497 virtute
2135 4442 2373 4511 Spiritus
2422 4441 2634 4504 sancti;
2682 4441 2757 4495 ita
2814 4450 2872 4494 ut
2918 4442 2986 4496 ab
3022 4440 3320 4497 Jerusalem
3364 4456 3461 4512 per

219 4525 427 4594 κύκλῳ,
459 4526 554 4579 καὶ
606 4528 767 4599 μέχρι
811 4529 905 4581 τοῦ
938 4528 1230 4601 Ἰλλυρικοῦ
1279 4533 1699 4604 πεπληρωκέναι
1732 4537 1792 4589 τὸ

221 4615 551 4684 Εὐαγγέλιον
588 4616 680 4671 τοῦ
713 4619 972 4689 Χριστοῦ.
1007 4639 1026 4670 ι
1063 4621 1148 4673 Ἐν
1174 4619 1251 4691 τῷ
1284 4621 1458 4692 Ἰησοῦ
1487 4623 1792 4693 καυχᾶσθαί

222 4725 376 4778 φησι,
406 4706 467 4760 τὸ
493 4706 754 4781 καύχημα
783 4710 955 4780 λέγων
978 4711 1121 4783 ἔχειν
1147 4713 1283 4785 πρὸς
1305 4708 1585 4783 Θεόν.”οτι
1608 4715 1665 4769 δὲ
1688 4716 1790 4771 οὐκ

222 4797 563 4868 ἀνθρώπινον
617 4799 679 4852 τὸ
730 4801 825 4853 καὶ
871 4801 930 4855 ὲν
972 4801 1198 4872 δυνάμει
1240 4801 1554 4874 Πνεύματος
1583 4806 1641 4859 ὲν
1676 4792 1790 4869 τοῖς

218 4886 400 4954 ἁγίοις
426 4888 746 4953 ἀποστόλοις
778 4892 1022 4961 ἐνεργεῖν
1052 4890 1308 4944 δύνασθαι
1342 4890 1432 4944 τὸν
1461 4893 1696 4962 Χριστὸν
1720 4893 1791 4946 τὰ

220 4977 520 5044 παράδοξα,
548 4972 662 5043 πῶς
684 4980 761 5033 ἔνι
789 4981 1177 5051 ἀμφιϐάλλειν;
1200 4982 1412 5055 ’Ὠσπερ
1433 4984 1541 5055 γὰρ
1564 4984 1791 5047 ἕκαστος

216 5066 329 5120 τῶν
358 5068 481 5119 καθ’
515 5068 659 5138 ἡμᾶς
687 5070 743 5121 ἐν
771 5070 876 5140 ἰδίᾳ
901 5070 1127 5139 δυνάμει
1150 5070 1218 5123 τά
1250 5070 1443 5124 ἑαυτοῦ
1470 5069 1604 5139 ἔργα
1624 5072 1789 5134 ποιεῖ,

217 5159 360 5212 οὕτω
395 5159 487 5212 καὶ
517 5162 544 5212 ὁ
572 5160 827 5231 Χριστὸς,
857 5161 934 5225 ὡς
982 5161 1085 5233 ἰδίᾳ
1131 5162 1355 5233 δυνάμει
1401 5162 1481 5232 τῷ
1516 5163 1790 5231 [Ινεύματι

219 5252 523 5321 χρώμενος,
554 5252 766 5323 ἐνεργεῖ
805 5251 875 5304 τὰ
911 5253 1190 5324 παράδοξα
1232 5253 1320 5306 διὰ
1347 5255 1447 5325 τῆς
1481 5253 1588 5308 τῶν
1618 5255 1791 5321 ἁγίων

1891 4528 2175 4584 circuitum
2222 4544 2393 4599 usque
2421 4530 2487 4583 ad
2526 4529 2793 4598 Illyricum
2850 4528 3165 4597 repleverim
3209 4527 3459 4600 Evange-

1890 4619 2022 4674 lium
2050 4619 2316 4675 Christi“.
2354 4638 2372 4671 ι
2405 4620 2480 4674 En
2507 4620 2630 4674 dum
2660 4620 2713 4674 in
2746 4618 2965 4679 Christo
2985 4617 3268 4688 gloriatur,
3300 4619 3351 4674 in
3376 4620 3461 4674 his

1892 4726 2012 4781 quae
2053 4711 2142 4766 Dei
2171 4720 2297 4767 sunt
2327 4708 2547 4781 gloriari
2583 4725 2643 4766 se
2667 4709 2820 4764 dicit.
2854 4708 3005 4776 Quod
3047 4716 3228 4764 autem
3260 4711 3461 4764 virtute

1896 4802 2131 4871 Spiritus
2178 4817 2276 4873 per
2328 4800 2603 4871 apostolos
2643 4810 2866 4859 sanctos
2910 4799 3152 4871 prodigia
3197 4810 3252 4855 et
3305 4802 3457 4871 signa

1894 4894 2169 4949 Christum
2212 4908 2375 4963 posse
2420 4894 2604 4957 edere,
2647 4906 2784 4964 opus
2837 4892 2908 4948 sit
2956 4892 3207 4947 humanis
3255 4893 3461 4948 viribus

1897 4985 2090 5054 majus,
2118 4985 2169 5039 id
2205 4986 2257 5040 in
2293 4985 2513 5042 dubium
2540 4998 2796 5041 revocare
2821 5000 2925 5040 non
2953 4983 3099 5039 licet.
3132 4982 3284 5039 Sicut
3312 4986 3456 5039 enim

1897 5077 2266 5148 unusquisque
2288 5085 2528 5133 nostrum
2550 5076 2603 5132 in
2628 5076 2842 5147 propria
2867 5075 3067 5130 virtute
3103 5088 3221 5143 qua:
3254 5083 3459 5127 natura:

1899 5168 2069 5238 ipsius
2083 5180 2209 5224 sunt
2225 5177 2446 5237 operatu
2458 5184 2504 5231 r,
2522 5169 2595 5224 ita
2614 5170 2776 5225 etiam
2795 5168 3061 5233 Christus,
3083 5170 3135 5223 in
3159 5167 3324 5239 ipsius
3343 5165 3461 5236 Spi-

1898 5258 2003 5312 ritu
2030 5269 2240 5326 sancto,
2266 5269 2325 5314 ut
2357 5261 2447 5329 qui
2471 5259 2590 5331 ejus
2623 5259 2845 5331 propria
2880 5259 2952 5314 sit
2981 5258 3174 5328 virtus,
3200 5256 3459 5315 miracula

295 5426 315 5454 "
340 5423 494 5479 Rom.
526 5442 644 5491 vni,
682 5428 769 5491 '58,
804 5427 892 5482 '59.
970 5430 989 5460 ⁸
1024 5429 1178 5485 Rom.
1212 5445 1321 5494 xw,
1355 5431 1444 5484 10.
1519 5432 1539 5464 "
1568 5429 1731 5487 Rom.
1763 5448 1849 5500 xv,
1878 5433 2077 5500 15,16.
2165 5437 2186 5469 ⁸
2225 5436 2381 5492 Rom.
2414 5452 2502 5505 xv,
2536 5437 2719 5496 17-19.

1308 5585 1477 5640 Variae
1514 5587 1769 5642 lectiones
1803 5588 2000 5642 codiris
2032 5589 2389 5658 Sc‘gnieriani.

305 5733 317 5772 l
359 5724 429 5775 ul.
460 5722 759 5790 ἀνωτάτην.
