3970 6136
559 262 688 321 ιρει
907 311 917 319 .
1489 244 1501 255 ’
1583 269 1640 324 s.
1682 267 1950 325 CYRILLI
1993 268 2471 329 ALEXANDRINI-
2506 271 2827 332 ARClllEP.
3682 287 3820 345 ηδτ

548 393 809 451 operatur
849 399 944 453 pcr
971 399 1162 440 manus
1204 395 1536 441 sanctorum.
1576 385 1744 442 Porro
1776 388 2046 456 Quomodo
2080 388 2116 440 is

2242 391 2428 461 [ειρὸς.
2462 390 2595 446 Εἶτα
2643 393 2761 458 πῶς
2792 394 2853 449 οὗ
2886 395 3018 461 Θεός
3045 395 3213 463 ἐστιν,
3249 391 3310 453 οῦ
3339 400 3474 454 ἴδιον
3503 399 3566 453 τὸ
3594 402 3810 475 Πνεῦμα

548 476 688 531 Deus
728 492 830 529 non
861 487 965 540 est,
999 476 1152 545 cujus
1188 476 1422 546 Spiritus
1466 491 1684 533 sanctus
1721 478 1970 548 proprius
1999 478 2120 531 est?
2225 482 2288 534 τὸ
2318 483 2508 550 ἆγιον;
2773 490 2775 492 ’

620 587 639 620 ι
671 569 916 623 Salutant
964 584 1057 624 vos
1103 584 1294 630 omnes
1340 569 1598 624 Ecclesia:
1647 569 1851 624 Christi
1880 571 1936 634 ⁹;
2002 589 2019 620 ν
2063 578 2118 624 et

2285 589 2320 622 ιι
2343 572 2703 636 Ἀσπάζονται
2738 575 2884 644 ὑμᾶς
2909 576 2966 628 al
3001 577 3320 650 Ἐκκλησίαι
3341 582 3528 636 πᾶσαι
3559 582 3656 636 τοῦ
3682 585 3801 656 Χρι-

539 663 650 714 alio
673 662 903 729 quodam
945 660 1064 714 loco
1092 661 1156 715 ad
1185 661 1532 716 Timotheum
1564 663 1836 726 scribens,
1880 664 1951 715 ita
1988 661 2065 715 ait
2097 679 2107 715 :

2231 664 2373 720 στοῦ.
2407 684 2427 718 ι
2465 666 2656 719 Καίτοι
2692 667 2857 738 φησὶν
2899 670 2958 722 ὲν
2996 671 3222 742 ἑτέροις,
3255 673 3512 743 Τιμοθέῳ
3542 676 3799 746 γράφων·

547 772 562 802 ι
597 751 666 806 Ut
694 751 836 806 scias
858 753 1128 819 quomodo
1152 761 1399 821 oporteat
1426 764 1475 806 te
1502 753 1554 806 in
1581 755 1741 807 domo
1768 753 1858 808 Dei
1885 766 2115 808 conver—

2229 756 2382 810 «Ἵνα
2429 757 2578 828 εἰδῇς
2605 758 2723 823 πῶς
2748 758 2830 812 δεῖ
2859 761 2916 813 ὲν
2949 761 3084 830 οἴκῳ
3114 761 3248 815 Θεοῦ
3283 765 3750 836 ἀναστρέφεσθαι.
3783 790 3797 817 ι

535 844 642 896 sari
675 843 738 896 ¹⁰.
769 859 788 893 ι
839 841 992 908 Quod
1038 843 1084 897 si
1124 844 1399 900 Ecclesias
1429 839 1630 900 Christi
1665 861 1784 900 esse
1810 845 2103 916 cognoscit,

2226 847 2280 900 Εἰ
2299 847 2354 901 δὲ
2381 848 2618 919 Χριστοῦ
2644 852 2744 915 τὰς
2769 850 3235 924 Ἐκκλησίαςοῖδε.
3252 854 3347 908 καὶ
3376 858 3794 929 μεμαρτύρηκε·

535 935 694 1001 idque
737 942 994 988 testatum
1042 934 1209 998 facit,
1267 937 1403 989 citra
1468 935 1630 989 ullam
1679 938 2103 993 controversiam

1197 974 1209 998 ,
1267 937 1403 989 citra
1468 935 1630 989 ullam
1679 938 2108 993 controversiam
2216 939 2349 1004 Θεὸς
2373 942 2483 1013 ἄρα
2509 943 2765 1014 Χριστός.

528 1023 781 1078 Christus
811 1025 950 1079 Deus
977 1026 1102 1080 erit.

2279 1035 2388 1088 1'0
2437 1036 2496 1088 δὲ
2543 1037 2677 1100 Θεὸς
2715 1037 2815 1108 τῆς
2855 1039 3079 1110 εἰρήνης
3126 1041 3406 1113 συντρίψει
3433 1043 3532 1096 τὸν
3559 1045 3796 1099 Σατανᾶν

609 1136 627 1167 ‹
662 1116 806 1170 Deus
835 1126 1014 1171 autem
1050 1118 1200 1187 pacis
1238 1127 1485 1175 conteret
1524 1119 1781 1174 Satanam
1808 1123 1914 1176 sub
1949 1123 2102 1192 pedi-

2226 1125 2318 1179 ὕπὸ
2361 1129 2489 1192 τοὺς
2531 1129 2705 1193 ’πόδας
2745 1129 2898 1200 ὑμῶν
2944 1134 3002 1185 ἐν
3043 1133 3218 1203 τάχει.
3255 1154 3272 1184 ι
3309 1134 3446 1187 Θεοῦ
3495 1136 3794 1208 λεγομένης

525 1209 627 1263 lius
676 1211 872 1264 vestris
915 1209 1260 1266 velociter”.
1307 1231 1326 1264 ι
1375 1212 1506 1267 Cum
1563 1229 1663 1282 pax
1713 1214 1928 1268 dicatur
1980 1230 2093 1271 esse

2215 1215 2350 1270 εἶναι
2381 1218 2482 1287 τῆς
2512 1220 2736 1290 εἰρήνης
2769 1220 2897 1290 (ἔφη
2927 1222 3036 1294 γάρ
3068 1241 3170 1277 που
3196 1225 3431 1295 Χριστὸς
3457 1230 3577 1291 τοῖς
3620 1230 3783 1296 ἁγίοις

526 1303 638 1364 Dei,
676 1302 924 1358 Christus
973 1313 1150 1359 autem
1203 1305 1268 1359 ad
1319 1317 1536 1362 sanctos
1581 1309 1857 1377 apostolos
1902 1310 1975 1364 ita
2019 1311 2094 1364 in-

2221 1309 2526 1374 ιποστόλοις
2545 1328 2558 1341 υ
2588 1312 2856 1382 «Εἰρήνην
2880 1312 2979 1382 τὴν
3005 1314 3145 1384 ἐμὴν
3164 1315 3356 1385 δίδωμι
3382 1317 3538 1386 ὑμῖν,
3577 1319 3789 1391 εἰρήνην

520 1400 674 1466 quiat
709 1417 722 1452 :
755 1415 772 1448 ι
805 1396 1001 1452 Pacem
1045 1398 1295 1468 relinquo
1343 1401 1518 1464 vobis,
1574 1417 1760 1470 pacem
1815 1418 1988 1458 meam
2028 1405 2088 1459 du

2218 1396 2306 1468 τὴν
2333 1399 2471 1470 ἐμὴν
2493 1401 2696 1470 ἀφίημι
2713 1402 2895 1472 ὑμῖν),
2922 1422 2940 1454 ι
2971 1400 3090 1456 εἶτα
3118 1404 3233 1469 πῶς
3259 1405 3319 1458 οὐ
3352 1406 3490 1471 Θεὸς
3518 1410 3738 1480 ἀληθῶς
3764 1415 3786 1465 ο

521 1489 776 1543 vobis":
819 1509 838 1542 ι
866 1491 1135 1560 quomodo
1183 1492 1250 1554 is,
1293 1506 1496 1560 quzrso,
1551 1494 1642 1562 qui
1700 1487 1886 1563 pacem
1929 1495 2089 1551 veluti

2217 1492 2302 1561 τῆς
2342 1493 2568 1564 εἰρήνης
2617 1494 2803 1566 δοτὴρ,
2845 1494 2940 1548 καὶ
2968 1494 3044 1559 ὡς
3075 1496 3207 1550 ίδιον
3236 1499 3442 1568 ἀγαθὸν
3478 1503 3599 1566 τοῖς
3627 1503 3785 1568 ἀξίοις

519 1582 794 1650 proprium
827 1583 1025 1636 bonum
1061 1582 1238 1653 dignis
1269 1583 1538 1654 impertiri
1582 1585 1772 1640 solitus
1797 1596 1903 1650 est,
1930 1603 2087 1644 verus

1732 1603 1772 1640 IS
1797 1596 1903 1650 est,
1930 1603 2092 1644 verus
2199 1583 2376 1647 διδοὺς
2401 1585 2576 1656 αὐτήν
2599 1602 2614 1651 ;
3297 1588 3300 1592 ’

516 1675 653 1727 Deus
681 1689 784 1728 non
817 1682 898 1728 est
914 1675 937 1726 ?
2370 1697 2377 1709 ι

929 1758 1009 1813 Ex
1040 1761 1216 1828 priore
1245 1763 1314 1816 ad
1346 1763 1664 1819 Corinthios.
2121 1749 2164 1803 Β
2439 1764 2496 1816 Ἐ

2121 1749 2164 1803 Β
2439 1764 2537 1818 Ἐκ
2565 1763 2677 1833 τῆς
2711 1765 2862 1832 πρὸς
2900 1767 3249 1834 Κορινθὲους
3287 1769 3548 1839 πρώτης.

585 1895 604 1930 ι
634 1877 832 1932 Paulus
872 1875 1154 1945 apostolus
1194 1875 1319 1931 Jcsu
1361 1878 1583 1943 Christi,
1621 1895 1716 1950 per
1754 1881 2086 1937 voluntatem

2273 1896 2290 1927 ι
2337 1877 2550 1941 Παῦλος
2579 1879 2879 1944 ἀπόστολος
2903 1882 3142 1953 Χριστοῦ
3197 1882 3372 1953 Ἰησοῦ
3411 1885 3505 1940 διὰ
3541 1887 3778 1959 θελήμαο

510 1969 624 2031 Dei,
653 1977 706 2022 et
741 1967 1036 2048 Sosthenes
1066 1965 1251 2029 frater,
1282 1967 1536 2024 Ecclesiae
1568 1971 1660 2026 Dei
1687 1972 1751 2026 ¹³.
1790 1992 1808 2025 ι
1845 1973 2078 2029 Observa

2207 1986 2280 2032 τος
2308 1967 2464 2036 Θεοῦ,
2499 1969 2590 2022 καὶ
2608 1969 2893 2042 Σωσθένης
2923 1975 2952 2025 ὁ
2977 1973 3227 2043 ἀδελφὸς,
3256 1978 3321 2045 τῇ
3353 1977 3661 2051 Ἐκκλησία
3689 1981 3775 2034 τοῦ

506 2064 621 2116 hic:
640 2060 912 2115 Romanos
930 2059 1227 2129 alloquens.
1249 2079 1266 2112 ι
1289 2059 1535 2115 Salutant
1558 2078 1673 2123 vos,
1690 2063 2074 2132 inquit,omnes

2207 2056 2349 2112 9206.
2402 2077 2421 2110 ι
2489 2058 2879 2129 Ἐπιτήρησον,
2913 2061 2996 2114 ὅτι
3042 2062 3336 2134 Ῥωμαίοις
3390 2069 3775 2140 προειρηκώς·

503 2153 756 2207 Ecclesiae
791 2150 1025 2218 Christi;
1058 2170 1076 2202 ι
1126 2167 1267 2208 nunc
1306 2168 1435 2207 vero
1483 2153 1782 2209 Corinthiis
1812 2154 2071 2220 scribens,

2206 2167 2211 2200 l
2261 2147 2623 2212 Ἀσπάζονται
2650 2149 2796 2221 ὑμᾶς
2826 2152 2883 2204 αἱ
2928 2153 3246 2225 Ἐκκλησίαι
3281 2158 3448 2210 πᾶσαι
3496 2159 3593 2212 τοῦ
3641 2162 3774 2230 Χρι-

501 2244 798 2300 Ecclesiam
851 2242 945 2297 Dei
982 2257 1103 2298 esse
1136 2243 1483 2316 asserit.'61
1516 2263 1533 2296 ι
1570 2243 1682 2299 Hoc
1716 2255 1896 2301 autem
1935 2247 2069 2308 dico.

2203 2241 2342 2294 ποῦ’
2367 2260 2386 2293 θ
2423 2241 2732 2313 Κορινθίοις
2765 2245 3115 2312 ἐπιστέλλων,
3145 2247 3282 2301 Θεοῦ
3308 2267 3474 2320 φησιν
3508 2247 3651 2305 εἶναι
3682 2253 3771 2324 τὴν

497 2342 639 2402 quod
684 2337 1053 2408 unusquisque
1088 2347 1325 2393 vestrum
1356 2341 1525 2394 dicit‘:
1559 2340 1671 2411 Ego
1697 2342 1913 2410 quidem
1956 2359 2065 2399 sum

2203 2329 2545 2401 Ἐκκλησίαν.
2594 2352 2612 2383 ι
2659 2331 2818 2400 Λέγω
2862 2333 2917 2385 δὲ
2967 2334 3143 2399 τοῦτο,
3189 2337 3271 2390 ὅτι
3328 2338 3566 2404 ἕκαστος
3622 2343 3771 2411 ὑμῶν

497 2435 668 2500 Pauli,
699 2450 800 2502 ego
837 2443 1016 2488 autem
1061 2433 1272 2503 Apollo,
1300 2449 1400 2503 ego
1433 2449 1560 2488 vero
1587 2434 1802 2504 Cephze,
1833 2452 1938 2506 ego
1974 2453 2065 2491 au-

2200 2424 2328 2492 ιέγει
2348 2440 2362 2454 ο
2407 2423 2550 2493 Ἐγὼ
2585 2425 2684 2494 μέν
2707 2426 2822 2495 εἰμι
2851 2426 3088 2491 Παύλου,
3115 2427 3226 2497 ἐγὼ
3256 2429 3315 2482 δὲ
3365 2432 3632 2498 Ἀπολλὼ,
3661 2434 3768 2502 ἐγὼ

495 2540 602 2580 tem
638 2525 864 2580 Christi.
903 2525 1116 2579 Divisus
1166 2533 1247 2579 est
1276 2524 1565 2580 Christus?
1596 2526 1844 2595 Nunquid
1875 2527 2063 2584 Paulus

2197 2513 2234 2565 ῑὲ
2270 2513 2456 2583 Κηφᾶ,
2492 2514 2601 2582 ἐγὼ
2632 2514 2689 2567 δὲ
2727 2515 2983 2585 Χριστοῦ.
3037 2518 3382 2589 Μεμέρισται
3426 2522 3454 2573 ὁ
3499 2524 3765 2592 Χριστόςς

491 2619 784 2673 cruciﬁxus
809 2626 891 2670 cst
924 2633 1020 2686 pro
1045 2617 1220 2680 vobis,
1255 2625 1349 2670 aut
1380 2617 1433 2670 in
1461 2617 1680 2672 nomine
1707 2616 1854 2672 Pauli
1892 2619 2059 2689 bapti-

2199 2605 2270 2677 νῙὴ
2306 2605 2518 2667 Παῦλος
2567 2606 2886 2678 ἐσταυρώθη
2921 2609 3062 2679 ὑπὲρ
3092 2609 3245 2680 ὑμῶν
3267 2654 3281 2677 ,
3313 2611 3346 2682 ἧ
3383 2613 3464 2676 εἰς
3494 2615 3557 2667 τὸ
3599 2616 3767 2687 ὄνομα

493 2711 595 2766 zati
644 2710 884 2764 estis"?
915 2729 931 2761 ι
977 2708 1033 2763 Si
1089 2724 1219 2779 ergo
1242 2708 1503 2763 Christus
1557 2723 1662 2763 non
1706 2718 1791 2764 est
1840 2711 2061 2778 divisus,

2197 2697 2345 2752 ιύτοῦ
2394 2699 2796 2770 ὲ6απτίσθητε;
2852 2719 2870 2752 ι
2917 2701 3126 2756 Οὐκοῦν
3157 2705 3207 2756 εἰ
3247 2703 3323 2774 μὴ
3369 2705 3700 2778 μεμέρισται
3737 2710 3765 2760 ὁ

486 2801 666 2855 omnia
715 2810 767 2853 et
810 2812 998 2853 omnes
1035 2798 1178 2852 illius
1225 2807 1371 2852 sunt.
1415 2797 1478 2850 Et
1516 2798 1560 2850 si
1619 2798 1664 2850 is
1698 2797 1869 2850 nostri
1903 2811 2054 2852 causa

2197 2789 2434 2861 (ριστὸς,
2479 2790 2659 2844 πάντα
2705 2791 2894 2857 αὑτοῦ,
2935 2793 3028 2845 καὶ
3074 2792 3277 2858 πάντες
3319 2794 3509 2848 αὐτοῦ.
3562 2798 3676 2851 Καὶ
3717 2799 3765 2851 εἰ

484 2891 777 2946 cruciﬁxus
822 2901 923 2952 cst,
972 2899 1027 2943 et
1073 2905 1170 2944 nos
1225 2889 1277 2942 in
1332 2889 1550 2942 nomine
1599 2889 1770 2958 ipsius
1805 2889 2052 2959 baptizat‘

2192 2881 2338 2946 ιὺτὸς
2364 2881 2687 2952 ἐσταυρώθη
2713 2883 2855 2954 ὑπὲρ
2879 2882 3061 2955 ἡμῶν,
3085 2885 3180 2938 καὶ
3208 2887 3287 2949 εἰς
3307 2885 3364 2938 τὸ
3389 2886 3564 2956 ὄνομα
3589 2888 3760 2942 αὐτοῦ

483 2999 690 3044 sunms,
737 2997 926 3036 omnes
971 2982 1154 3050 utique
1201 2981 1277 3034 illi
1326 2980 1618 3044 debemur;
1656 2995 1844 3036 sumus
1884 2989 2051 3035 autem

2193 2973 2480 3044 ιϐαπτίσθη
2490 2990 2610 3044 μεν,
2636 2975 2783 3044 αὐτῷ
2802 2975 3044 3047 δηλονότι
3067 2976 3526 3048 κεχρεωστήμεθα
3545 2996 3563 3012 ο
3587 2981 3761 3051 ἐσμὲν

484 3076 558 3128 illi
589 3074 831 3135 obnoxii,
867 3089 973 3126 non
1008 3081 1265 3141 tanquam
1303 3071 1506 3125 homini
1545 3071 1718 3126 nostri
1755 3072 1940 3139 simili,
1970 3074 2052 3128 sed

2188 3067 2225 3119 ῑὲ
2257 3067 2358 3120 οὑκ
2399 3065 2690 3137 ἀνθρώπου
2737 3066 2842 3122 τῶν
2872 3067 2994 3121 καθ’
3019 3070 3170 3140 ἡμᾶς
3212 3067 3345 3135 ἑνὸς,
3393 3068 3538 3124 ἀλλὰ
3591 3070 3756 3126 Θεοῦ.

483 3175 737 3234 tanquam
768 3165 898 3217 Deo.
938 3161 1104 3217 Nobis
1137 3178 1266 3231 ergo
1300 3162 1549 3216 Christus
1578 3171 1663 3216 est
1690 3162 1854 3217 Deus.

1433 3171 1549 3215 stus
1578 3171 1663 3216 est
1690 3162 1854 3217 Deus.
2166 3159 2400 3230 Χριστὸς
2428 3159 2536 3230 ἄρα
2559 3156 2692 3221 Θεὸς
2717 3158 2804 3228 ἐφ’
2832 3160 3001 3229 ἡμᾶς.

529 3275 576 3330 ,ι
609 3255 873 3322 Quoniam
919 3263 974 3307 et
1028 3253 1198 3308 Judaei
1256 3253 1468 3322 signum
1512 3261 1737 3322 petunt,
1786 3263 1841 3309 et
1883 3254 2059 3312 Graeci

2241 3268 2261 3303 ε
2310 3250 2530 3322 Ἐπειδὴ
2564 3251 2661 3305 κα)⁸
2697 3251 2943 3306 Ἰουδαῖοι
2975 3255 3200 3323 σημεῖον
3225 3253 3462 3318 αἰτοῦσι,
3501 3255 3593 3309 καὶ
3627 3254 3757 3309 Ἕλ-

480 3335 804 3416 sapi‘entiam
838 3353 1093 3412 quzerunt
1122 3363 1136 3397 :
1173 3358 1270 3398 nos
1293 3353 1473 3398 autem
1515 3345 1872 3414 praedicamus
1896 3347 2048 3401 Chri-

2184 3357 2323 3411 ιηνες
2365 3340 2558 3410 σοφίαν
2593 3340 2880 3413 ζητοῦσιν·
2913 3344 3073 3414 ἡμεῖς
3127 3343 3184 3396 δὲ
3221 3343 3577 3416 κηρύσσομεν
3614 3347 3752 3418 Χριυ

480 3449 620 3492 stum
657 3435 997 3500 cruciﬁxum,
1026 3434 1227 3490 Iudaeis
1263 3435 1848 3504 quidem’scandalum,
1883 3437 2048 3506 genti-

2181 3429 2289 3488 r‘tov
2330 3430 2764 3502 ἐσταυρωμένον,
2809 3431 3086 3495 Ἰουδαίοις
3117 3433 3219 3503 μὲν
3272 3434 3595 3501 σκάνδαλον,
3623 3435 3749 3489 Ἕλ-

477 3531 577 3584 bus
637 3537 814 3581 autem
858 3509 1143 3581 stultitiam
1172 3527 1236 3580 ιθ.
1271 3544 1289 3577 ι
1324 3527 1514 3581 Annon
1553 3525 1755 3596 quivis,
1801 3528 2045 3593 obsecro,

2182 3539 2286 3592 .130":
2313 3521 2369 3575 δὲ
2397 3522 2630 3593 μωρίαν.
2683 3540 2701 3573 ι
2741 3517 2869 3593 'Ap’
2900 3521 3020 3594 οὐχὶ
3050 3525 3160 3587 πᾶς
3201 3525 3454 3580 ὁστισοῦν
3482 3528 3750 3598 ὁμολογή-

475 3620 633 3675 fatcri
657 3620 812 3674 debet
839 3619 1203 3689 evangelicant
1224 3618 1664 3687 praedicationem
1689 3609 1881 3674 omnes
1903 3630 2043 3689 quot‘

2175 3629 2304 3665 ratsv
2333 3612 2420 3677 ἂν,
2452 3613 2535 3666 ὅτι
2557 3611 2725 3668 σκαλεί
2753 3613 2890 3684 πρὸς
2920 3613 3256 3682 θεογνωσίαν
3285 3617 3387 3688 τὴν
3413 3617 3592 3688 ἀληθῆ
3621 3618 3743 3680 τοὺς

471 3721 603 3780 quot
642 3725 738 3780 per
767 3710 952 3764 orbem
987 3689 1162 3777 sparsi
1202 3715 1350 3772 sunt,
1400 3707 1466 3760 ad
1511 3722 1696 3762 veram
1735 3708 1827 3762 Dei
1862 3711 2039 3780 cogni-

2171 3703 2262 3759 ὶνὰ
2307 3706 2488 3759 πᾶσαν
2535 3705 2634 3776 τὴν
2675 3706 2778 3777 γῆν
2827 3707 2889 3759 τὸ
2937 3708 3201 3778 κήρυγμα
3233 3708 3296 3762 τὸ
3346 3709 3739 3779 εὑαγγελικόνς

471 3799 674 3855 tionem
704 3799 973 3854 invitare?
1007 3797 1078 3852 At
1099 3812 1204 3867 qua
1241 3799 1458 3872 tandem
1489 3797 1698 3852 ratione
1719 3798 1861 3853 istud
1888 3799 2039 3855 alicui

2173 3795 2288 3851 Ξῖτα
2319 3798 2457 3862 πῶς,
2492 3798 2525 3869 ἢ
2559 3798 2724 3852 πόθεν
2766 3797 2921 3851 τοῦτο
2951 3798 3293 3869 ἀμφίϐολονς
3327 3800 3456 3864 Πῶς
3499 3797 3593 3855 οῦν
3633 3801 3741 3872 ἄρα

471 3891 783 3962 ambiguum
823 3905 943 3945 esse
973 3889 1172 3958 queat?
1204 3889 1269 3942 At
1293 3888 1618 3956 cuiusmodi,
1658 3907 1861 3960 quaso,
1891 3893 2039 3948 Chri-

2169 3888 2517 3961 ιηρύττουσιν
2553 3891 2601 3942 οί
2637 3891 2988 3959 μυσταγωγοὶ
3015 3890 3252 3963 Χριστὸν
3282 3892 3737 3964 ἐσταυρωμένονς

470 3997 613 4038 stum
643 3983 966 4039 cruciﬁxum
993 3982 1132 4036 sacri
1159 3984 1406 4036 doctores
1435 3983 1766 4051 praedicant?
1807 3985 2038 4053 nunquid

2171 3976 2260 4051 ἱρα
2289 3980 2364 4043 ὡς
2407 3980 2505 4033 ἕνα
2533 3979 2642 4033 τῶν
2673 3979 2795 4033 καθ’
2825 3981 3119 4051 ίιμᾶς,ιτὸν
3166 3981 3259 4035 ἐπὶ
3290 3984 3530 4053 σταυροῦ
3572 3985 3739 4039 om-

467 4075 639 4130 solum
664 4073 936 4129 hominem
966 4067 1135 4126 nostri
1163 4072 1418 4137 similem,
1441 4074 1528 4141 qui
1557 4083 1787 4127 mortem
1810 4075 1861 4128 in
1882 4090 2035 4131 cruce

2167 4087 2240 4124 τον
2284 4053 2689 4141 ὑπομείναντα,
2721 4069 2816 4123 καὶ
2861 4071 2942 4135 εἰς
2977 4071 3263 4143 ἄνθρωπον
3301 4075 3335 4144 ή
3381 4074 3477 4127 τοῦ
3529 4077 3735 4148 κόσμου

463 4165 778 4236 pertulisset
799 4207 813 4228 ,
840 4166 911 4218 ita
945 4163 1132 4232 utjam
1164 4164 1215 4218 in
1245 4163 1546 4232 simplicem
1577 4165 1850 4219 hominem
1887 4181 2031 4220 mun-

2167 4163 2330 4226 τίστις
2361 4162 2696 4234 «parserat;
2749 4162 2842 4233 Μὴ
2885 4162 3134 4230 γένοιτοί
3176 4165 3636 4237 Πεπιστεῦκαμεν
3679 4168 3735 4220 δὲ

464 4264 565 4314 dus
606 4257 831 4314 credat?
861 4257 1047 4311 Absit“.
1091 4256 1433 4310 Credidimus
1473 4255 1616 4310 enim
1655 4257 1707 4310 in
1741 4257 1906 4312 Deum
1957 4259 2032 4312 vi—

2168 4254 2265 4324 )qu
2293 4253 2455 4319 ζῶντι
2491 4254 2584 4308 καὶ
2621 4253 2884 4325 ἀληθινῷ.
2930 4255 3063 4308 Θεὸν
3088 4250 3181 4308 οὖν
3207 4251 3317 4309 οἶδε
3356 4258 3596 4324 Χριστὸν
3643 4260 3736 4313 τὸν

462 4364 585 4402 vum
618 4357 672 4401 et
699 4361 908 4401 verum.
939 4344 1215 4400 Christum
1252 4344 1480 4412 proinde
1515 4345 1830 4400 cruciﬁxum
1870 4345 2030 4400 Deum

2164 4345 2580 4418 ισταυρωμένον,
2614 4345 2820 4416 statim?)
2841 4346 3030 4417 κόσμῳ
3068 4345 3352 4417 κηρύττει,
3371 4349 3732 4420 τεθαρσηκὼς

461 4456 580 4494 esse
617 4448 796 4503 norat,
826 4436 1157 4508 mundoque,
1191 4435 1334 4503 quod
1384 4436 1437 4489 in
1481 4435 1629 4490 illum
1676 4437 1901 4493 credens
1932 4453 2029 4493 non

1119 4451 1157 4499 ξ,
1191 4435 1334 4503 quod
1384 4436 1437 4489 in
1481 4435 1629 4490 illum
1676 4437 1901 4493 credens
1932 4453 2038 4493 non
2071 4438 2225 4496 υὸτι
2263 4440 2338 4511 μὴ
2373 4438 2687 4508 σφάλλεται.

460 4541 626 4595 erret,
651 4530 918 4599 intrepide
945 4527 1251 4582 annuntiat.
1983 4579 1990 4588 _

537 4641 555 4674 ι
587 4622 651 4675 Ει
682 4637 782 4692 ego
818 4637 944 4676 cum.
971 4620 1240 4674 venissem
1283 4618 1350 4673 ad
1387 4617 1736 4685 vosd‘ratres,
1767 4620 1890 4674 veni
1929 4635 2031 4675 non

2217 4635 2237 4668 ‹
2284 4614 2458 4685 Κάγὼ
2487 4615 2657 4669 ἐλθὼν
2676 4614 2811 4685 πρὸς
2841 4615 3006 4686 ὑμᾶς,
3040 4615 3278 4685 ἀδελφοὶ,
3313 4613 3483 4689 ἦλθον
3511 4622 3576 4673 οὐ
3608 4620 3721 4674 καθ’

461 4714 515 4768 in
552 4714 882 4768 sublimitate
912 4712 1202 4775 sermonis,
1240 4720 1336 4764 aut
1375 4711 1676 4779 sapientiae,
1707 4711 2029 4766 annuntians

2153 4708 2414 4780 ὅπεροχὴν
2460 4707 2641 4776 λόγου,
2691 4707 2725 4776 ἢ
2773 4707 2996 4777 σοφίας,
3046 4709 3442 4778 καταγγέλλων
3492 4714 3625 4783 ὑμῖν
3669 4714 3721 4764 τὸ

457 4806 613 4861 vobis
657 4803 1024 4857 testimonium
1071 4803 1297 4858 Christi.
1345 4801 1462 4855 Non
1497 4803 1640 4856 enim
1675 4801 1909 4872 judicavi
1948 4818 2025 4857 me

2152 4803 2442 4875 μαρτύριον
2481 4799 2575 4854 τοῦ
2620 4798 2777 4853 Θεοῦ.
2819 4799 2893 4852 οὐ
2943 4800 3051 4870 γὰρ
3096 4799 3288 4870 ἔκρινα
3340 4802 3545 4856 εἰδέναι
3583 4823 3632 4858 τι
3669 4807 3720 4857 ὲν

455 4901 597 4956 scire
641 4895 846 4964 aliquid
901 4896 1044 4948 inter
1072 4911 1189 4957 vos,
1243 4893 1581 4960 nisi‘Jesum
1627 4893 1926 4959 Christum,
1978 4902 2023 4950 el

2150 4897 2286 4966 Βμῖν,
2317 4896 2367 4948 εἰ
2394 4896 2469 4965 μὴ
2515 4891 2720 4963 Ἰησοῦν
2739 4891 2998 4964 Χριστὸν,
3029 4893 3123 4946 καὶ
3153 4893 3342 4947 τοῦτον
3365 4897 3718 4968 ἐσταυρωμέ-

450 4994 597 5048 hunc
647 4987 1056 5042 cruciﬁxum”.
1095 5004 1113 5037 ι
1147 4985 1285 5040 Ecce
1339 4985 1427 5039 hic
1474 5001 1595 5040 cum
1640 4987 1729 5040 Dei
1782 4987 2018 5042 testimo-

2154 5007 2243 5044 ιον.
2285 5007 2304 5040 ι
2354 4986 2484 5040 Ἰδοὺ
2509 4985 2573 5055 δὴ
2615 4984 2799 5061 σαφῶς
2831 4983 2892 5036 τὸ
2924 4985 3223 5055 μαρτύριον
3256 4986 3351 5038 τοῦ
3387 4986 3526 5041 Θεοῦ
3554 4991 3722 5058 λέγων

437 5079 598 5138 ἰιίιιιη
644 5081 846 5136 mundo
891 5095 949 5134 sc
992 5077 1321 5132 annuntiare
1370 5077 1575 5147 liquido
1611 5087 1864 5146 exponat,
1906 5093 2005 5132 mo:

2155 5079 2529 5148 ιαταγγέλλειν
2558 5075 2635 5147 τῷ
2679 5078 2890 5145 κόσμῳ,
2921 5077 3153 5147 Χριστὸν
3197 5078 3405 5147 Ἰησοῦν
3450 5083 3723 5151 ἐπήγαγε,

441 5179 627 5232 tamen
672 5175 947 5231 Christum
994 5172 1178 5228 Jesum
1236 5173 1514 5243 adjungit,
1556 5182 1610 5227 et
1671 5187 1793 5227 eum
1852 5174 2009 5228 cruci

2158 5175 2235 5228 cal.
2275 5173 2462 5226 τοῦτον
2514 5169 2948 5242 ἐσταυρωμένον.
3005 5170 3138 5233 Θεὸς
3189 5165 3282 5223 οῦν
3341 5171 3453 5241 ἄρα
3505 5174 3658 5226 ἐστὶν
3700 5177 3726 5227 ὁ

449 5270 636 5323 ﬁxum.
683 5269 826 5324 Deus
873 5269 1038 5337 igitur
1073 5275 1157 5322 est
1203 5264 1453 5319 Christus
1497 5263 1672 5327 Jesus,
1721 5266 1811 5334 qui
1849 5268 2017 5321 crucis

2156 5264 2366 5335 ςταυρὸν
2416 5262 2484 5316 δι’
2533 5263 2679 5332 ἡμᾶς
2711 5261 3011 5332 ὑπομείνας
3057 5260 3289 5332 Χριστὸς
3358 5262 3610 5330 Ἰησοῦςο
3665 5259 3724 5316 οῦ

447 5361 768 5427 supplicium
819 5360 988 5414 nostri
1050 5373 1212 5413 causa
1266 5356 1561 5421 sustinuit;
1619 5354 1773 5425 cujus
1809 5371 2015 5426 quoque

2156 5359 2229 5412 ιαὶ
2274 5357 2334 5410 τὸ
2380 5354 2678 5426 μαρτύριον
2721 5354 2820 5406 οὐκ
2870 5355 2926 5406 ὲν
2977 5354 3219 5423 ὑπεροχῇ
3267 5342 3456 5422 λόγοσ
3484 5356 3584 5407 καὶ
3637 5373 3724 5408 σο-

447 5454 815 5507 testimonium
859 5453 1057 5507 mundo
1091 5469 1188 5522 per
1235 5457 1452 5505 sanctos
1490 5448 1765 5517 apostolos
1805 5465 2015 5503 annun-

2153 5449 2254 5512 πίας
2305 5447 2573 5516 κοσμικῆς
2629 5444 3051 5513 καταγγέλλεται
3103 5444 3182 5514 τῷ
3239 5446 3431 5515 κόσμῳ
3473 5446 3568 5499 διὰ
3612 5447 3721 5497 τῶν

523 5606 714 5658 'Rom.
739 5622 847 5664 xw,
881 5607 961 5660 16.
1031 5603 1367 5660 ¹οΙΤίιηοιΙι.
1401 5621 1479 5666 ιιι.
1503 5609 1594 5661 νδ.
1675 5607 1713 5637 ⁴¹
1740 5605 1894 5659 Rom.
1930 5603 2091 5669 “1,2

2145 5642 2150 5657 .
2233 5605 2271 5634 ¹²
2300 5601 2455 5656 Joan.
2493 5616 2602 5665 xw,
2634 5597 2722 5650 27.
2806 5599 2846 5628 ¹³
2878 5598 2893 5650 l
2923 5596 3043 5650 Cor.
3075 5615 3108 5660 ι,
3157 5599 3202 5651 l.
3288 5599 3479 5656 “ibid.
3507 5601 3593 5665 12,
3627 5601 3713 5656 l3.

450 5676 492 5708 ιδ
526 5675 653 5730 ibid.
686 5674 776 5739 νο,
804 5675 891 5728 2'5.
1006 5677 1048 5709 ιι
1079 5676 1098 5729 ι
1133 5674 1258 5731 Cor.
1293 5691 1350 5744 ιι,
1391 5677 1441 5746 ι,
1480 5677 1535 5732 2.
