3970 6136
336 224 475 282 1255

1434 231 1536 288 DF:
1561 231 1801 288 RECTA-
1830 230 1988 287 FlDE
2023 232 2115 289 AD
2155 233 2507 290 amnms..

3460 230 3596 303 “Si

329 338 503 408 ἁγίων
548 339 882 409 ἀποστόλων,
923 341 1038 396 ἀλλ’
1078 342 1154 409 ὣς
1191 344 1250 398 ἔν
1286 344 1515 420 δυνάμει
1563 348 1873 419 Πνεῦματος

2014 348 2204 404 tiatum
2246 358 2352 414 est,
2397 363 2501 402 non
2538 338 2825 402 sermonis
2864 344 3185 415 eminentia,
3239 349 3591 405 mundamevc

400 530 421 566 ι
465 512 667 583 Σοφίαν
708 514 767 568 δὲ
795 513 1063 588 λαλοῦμεν
1101 516 1159 571 ἐν
1187 519 1300 584 τοῖς
1329 519 1589 585 τελείοις·
1623 522 1815 593 σοφίαν
1842 522 1901 577 δὲ

321 603 383 657 οὺ
411 602 507 658 τοῦ
537 606 732 670 αἰῶνος
753 607 965 676 τούτου,
996 608 1116 662 οὐδὲ
1144 608 1255 663 τῶν
1279 611 1555 682 ἀρχόντων
1586 611 1682 665 τοῦ
1705 612 1898 677 αἰῶνος

317 695 549 761 τούτου,.
563 697 670 752 τῶν
719 699 1212 772 καταργουμένωνο
1262 701 1400 757 ἀλλὰ
1446 703 1714 774 λαλοῦμεν
1758 703 1895 757 Θεοῦ

319 785 513 853 σοφίαν
542 788 600 839 ἔν
635 787 939 860 μυστηρίῳ,
973 789 1071 861 τὴν
1101 792 1624 865 ἀποκεκρυμμένην,
1655 794 1723 865 ἦν
1763 811 1897 866 προ-

316 876 513 948 ώρισεν
544 878 589 930 -ό’
617 878 749 943 Θεὸς
776 881 884 951 πρὸ
910 880 1019 934 τῶν
1051 881 1263 938 αἰώνων
1289 886 1369 948 είς
1413 885 1572 953 δόξαν
1599 887 1633 958 ἡ
1644 886 1760 957 μῶν
1781 902 1795 916 ’
1827 886 1896 958 ἢν

316 968 489 1030 οὐδεὶς
515 967 925 1040 τῶνὰρχόντων
952 971 1046 1025 τοῦ
1078 972 1271 1039 αἰῶνος
1321 975 1512 1029 τούτου
1536 976 1794 1044 ἔγνωκεν.
1830 976 1895 1030 Ei

317 1059 426 1129 γὰρ
453 1058 716 1128 ἔγνωσαν,
757 1062 858 1115 οὐκ
895 1061 961 1116 ἂν
987 1064 1077 1117 τὸν
1121 1064 1327 1136 Κύρων
1367 1067 1469 1136 τῆς
1496 1067 1654 1138 δόξης
1697 1067 1895 1121 ἐσταύ-

317 1168 518 1223 ρωσαν.
560 1172 579 1204 ι
619 1153 683 1206 Ei
715 1152 852 1207 Θεοῦ
884 1155 1043 1223 σοφία
1069 1155 1130 1209 τὸ
1159 1158 1456 1230 μυστήριον
1487 1158 1745 1231 Χριστοῦ,
1775 1156 1892 1215 εἶτα

315 1240 392 1311 τῷ
421 1245 614 1314 κόσμῳ
643 1243 996 1315 κηρύττεται,
1050 1248 1145 1300 καὶ
1186 1247 1321 1312 Θεὸς
1359 1250 1459 1303 οὐκ
1496 1250 1645 1304 ἔστιν
1674 1250 1890 1322 ἀληθῶς

218 1350 227 1355 ·
312 1333 453 1386 κατὰ
480 1335 540 1386 τό
568 1352 731 1401 τισιν,
763 1337 861 1390 οὐκ
890 1332 986 1390 οἷδ’
1016 1339 1182 1405 ὃπως,
1210 1339 1421 1404 δοκοῦν,
1444 1342 1536 1396 καὶ
1568 1345 1647 1406 εἰς
1664 1344 1825 1397 αὐτὸν
1852 1346 1884 1415 ἡ

312 1423 495 1486 πίστις
510 1423 612 1495 (1)·
640 1425 758 1488 πῶς
779 1427 966 1480 ἔστιτὸ
985 1431 1284 1501 μυστήριον
1301 1432 1479 1500 σοφὸν,
1499 1433 1658 1502 εἱτῆς
1676 1434 1890 1505 ἀληθῶς

309 1514 640 1582 θεογνωςίας
671 1515 998 1586 ἀποκομίζει
1029 1520 1154 1583 τοὺς
1203 1521 1295 1575 ἐπὶ
1326 1524 1426 1594 τῆς
1470 1525 1592 1594 γῆς,
1652 1526 1745 1577 καὶ
1790 1525 1888 1580 λα-

287 1605 495 1679 τρείαν
543 1606 830 1678 ἀνθρώπου
858 1609 957 1679 τὴν
986 1612 1365 1685 οίκουμενικὴν
1408 1616 1696 1682 ἀποτελεῖ;
1745 1618 1884 1670 Ἀλλ’

2005 438 2289 509 sapientia:
2322 439 2485 505 fastu,
2510 439 2604 494 setl
2662 437 2900 509 Spiritus
2947 442 3145 494 virtute
3173 447 3227 494 et
3258 442 3588 496 ostensione.

2080 547 2099 582 ι
2131 531 2461 599 Sapientiam
2521 538 2701 585 autem
2770 529 3043 599 loquimur
3079 530 3223 586 inter
3275 532 3584 600 perfectos:

2004 621 2327 691 sapientiam
2376 635 2507 675 vero
2556 619 2866 690 nonhujns
2916 619 3126 685 saeculi,
3171 637 3345 690 neque
3389 622 3590 691 princi-

2004 728 2129 783 pum
2158 713 2317 784 hujus
2354 712 2561 775 saeculi,
2609 711 2701 780 qui
2735 712 3092 766 destruantur
3117 728 3156 778 ;-
3187 714 3282 767 sed
3316 715 3589 782 loquimur

2001 806 2095 860 Dei
2145 803 2466 877 sapientiam
2515 804 2569 858 in
2619 806 2920 874 mysterio;
2953 819 3072 874 qua:
3119 806 3433 860 abscondita
3476 816 3586 867 est,

2000 910 2159 964 quam
2207 895 2616 965 praedestinavit
2669 894 2810 949 Deus
2850 905 2977 950 ante
3028 897 3222 963 sucula
3262 896 3314 950 in
3345 886 3581 966 gloriam

1999 993 2276 1048 nostram;
2322 998 2483 1054 quam
2524 997 2683 1037 nemo
2712 984 3018 1053 principum
3066 984 3232 1052 hujus
3270 984 3454 1039 saeculi
3490 998 3586 1038 co-

1998 1070 2205 1144 gnovit.
2244 1072 2301 1127 Si
2343 1071 2487 1125 enim
2520 1072 2924 1141 cognovissent,
2969 1088 3243 1141 nunquam
3293 1070 3585 1126 Dominum

1995 1160 2182 1233 gloria:
2205 1159 2602 1216 erucifixissent
2627 1159 2692 1214 ".
2726 1179 2745 1212 ι
2783 1160 2839 1216 Si
2873 1160 3075 1216 Christi
3103 1154 3450 1232 mysterium,
3472 1161 3583 1233 62

1996 1255 2138 1325 quod
2186 1255 2388 1309 mundo
2429 1257 2811 1310 anuuntiatum
2867 1263 2974 1320 est,
3022 1253 3116 1309 Dei
3164 1255 3428 1325 sapientia
3474 1268 3580 1318 est,

1996 1360 2172 1415 neque
2212 1355 2389 1401 tamen
2431 1345 2703 1413 Christus,
2739 1351 2793 1401 in
2833 1362 2997 1418 quem
3050 1347 3183 1425 fides
3223 1347 3487 1417 exigitur,
3520 1359 3582 1402 ut

1995 1437 2135 1492 male
2181 1439 2368 1493 nescio
2410 1440 2683 1508 quomodo
2728 1439 3055 1509 quibusdam
3112 1452 3437 1508 persuasum
3470 1449 3578 1501 est,

1995 1544 2155 1584 verus
2211 1528 2351 1585 Deus
2400 1539 2532 1584 est:
2577 1529 2851 1600 quomodo
2892 1540 3291 1585 sacramentum
3317 1528 3444 1585 ~hoc
3488 1544 3579 1582 su-

1995 1622 2159 1679 blime
2188 1632 2243 1678 et
2272 1625 2490 1693 sapiens
2533 1635 2636 1689 cst,
2673 1623 2721 1678 si
2756 1623 3006 1678 homines
3039 1638 3067 1676 a
3097 1637 3223 1677 vera
3266 1621 3357 1675 Dei
3398 1621 3581 1687 cogni-

308 1698 389 1753 οὖν
413 1696 757 1752 τοῦτό-ἑστιν
791 1700 1008 1771 ἀληθές.
1043 1703 1210 1772 Σοφὸν
1238 1703 1296 1757 δὲ
1339 1705 1409 1758 τὸ·
1444 1708 1761 1779 μυστήριον,
1804 1708 1873 1762 ὅτι

1995 1713 2141 1767 tione
2192 1692 2433 1781 abducit,
2487 1725 2543 1770 et
2586 1716 2653 1769 ab
2704 1716 3184 1777 orbeterrarum,
3255 1720 3314 1765 nt
3369 1711 3574 1765 homini

308 1786 428 1858 Θεῷ
481 1789 745 1858 προσάγει
796 1792 921 1856 τοὺς
978 1794 1460 1867 πεπλανημένους*
1514 1798 1646 1864 Θεὸς
1697 1799 1815 1870 ἄρα
1854 1802 1884 1853 6

308 1879 561 1949 Χριστός.
603 1882 831 1953 Εἴρηται
857 1883 919 1937 δὲ’
943 1885 1037 1938 καὶ
1068 1884 1292 1952 δικαίως
1324 1889 1526 1962 Κύριος
1546 1893 1643 1963 τῆς
1674 1890 1830 1963 δόξης
1853 1892 1882 1944 6

307 1970 739 2042 ἐσταυρωμένος.

1990 1804 2230 1859 divinum
2263 1804 2858 1876 cultumimpertiatur,
2882 1804 3093 1875 exigit?
3126 1804 3323 1858 Verum
3360 1818 3461 1857 non
3497 1804 3573 1857 ita

1989 1905 2077 1947 res
2112 1892 2294 1948 habet.
2327 1893 2661 1948 Profundum
2713 1892 2861 1949 enim
2906 1902 2963 1947 et
2997 1893 3216 1962 sapiens
3252 1891 3569 1962 mysterium

1986 1994 2090 2051 est,
2138 1985 2338 2056 quippe
2378 1986 2521 2056 quod
2567 1988 2618 2040 in
2661 1999 2907 2041 errorem
2951 1983 3215 2040 abductos
3270 1985 3337 2039 ad
3395 1983 3564 2038 Deum

310 2079 522 2120 rursum
572 2068 814 2124 reducat.
861 2066 992 2125 lure
1045 2071 1226 2141 igitur
1267 2073 1572 2144 meritoque
1629 2085 1682 2129 ct
1733 2076 1872 2130 Deus
1911 2076 2213 2146 appellatur
2248 2074 2524 2145 Christus,
2602 2084 2659 2131 et
2729 2075 2915 2145 gloriae
2957 2074 3218 2132 Dominus
3256 2074 3561 2131 cruciﬁxus

303 2157 636 2225 perhibetur.
1372 2216 1382 2233 ,

376 2265 397 2298 ι
442 2247 599 2301 Κατὰ
626 2250 724 2321 τὴν
763 2249 922 2324 χάριν
958 2253 1053 2307 τοῦ
1092 2253 1239 2309 Θεοῦ
1273 2257 1370 2329 τὴν
1393 2255 1638 2312 δοθεῖσαν
1669 2275 1780 2330 μοι,
1805 2259 1882 2326 ὥς

303 2336 460 2403 σοφὸς
495 2339 831 2409 ἀρχιτέκτων
889 2342 1137 2415 θεμέλιον
1163 2347 1357 2420 ἔθηκα,
1395 2349 1553 2414 ἄλλος
1580 2350 1638 2403 δὲ
1667 2353 1881 2405 ἐποικο-

297 2425 469 2517 δομεῖ.
493 2425 751 2497 Θεμέλιον
769 2430 877 2503 γὰρ
897 2433 1059 2499 ἄλλος
1089 2437 1267 2502 οὐδεὶς
1287 2438 1512 2496 δύναται
1534 2441 1705 2497 θεῖναι
1727 2434 1880 2517 παρὰ

299 2516 390 2609 τὸν
430 2518 700 2609 κείμενον,
744 2523 803 2587 ὃς
846 2526 994 2581 ἐστιν
1034 2528 1245 2600 Ἰησοῦς
1272 2532 1558 2603 Χριστός.)
1585 2535 1649 2589 Ei
1677 2516 1879 2609 ἐπερη-

304 2607 575 2678 ρείσμεθαΔ
610 2611 865 2686 καθάπερ
913 2617 1020 2670 τινὶ
1067 2619 1303 2693 θεμελίῳ
1348 2624 1603 2697 Χριστῷ,
1651 2627 1745 2681 καὶ
1784 2607 1874 2682 ἔπ’

295 2697 444 2769 αὑτῷ
470 2699 558 2754 διὰ
585 2703 822 2770 πίστεως
857 2708 1304 2782 οἰκοδομούμεθα,
1334 2715 1429 2769 καλ⁸
1468 2716 1617 2772 ἔστιν
1645 2718 1804 2783 αὐτὸς
1836 2721 1870 2790 ἡ

295 2790 513 2880 πάντων
540 2794 832 2864 ἀσφάλεια,
868 2800 986 2864 πῶς
1011 2803 1112 2857 οὐκ
1152 2803 1218 2858 ἂν
1256 2803 1344 2878 εἴη
1387 2806 1520 2871 Θεὸς
1547 2809 1873 2880 ἀληθῶς,νὲν

291 2875 337 2950 ᾧ
364 2883 434 2938 τὰ
460 2884 660 2952 πάντα,
691 2890 785 2943 καὶ
814 2891 848 2962 ἡ
880 2893 1031 2965 παρὰ
1067 2896 1286 2951 πάντων
1308 2875 1487 2964 πίστις
1505 2899 1517 2950 i
1534 2902 1583 2968 ‘,
1604 2875 1665 2956 οῦ
1693 2902 1874 2968 καθὼς

2063 2259 2419 2317 rSecundum
2455 2259 2686 2331 gratiam
2723 2258 2847 2327 Dei,
2875 2273 3007 2330 quae.
3035 2262 3158 2315 data
3190 2269 3272 2316 cst
3306 2260 3435 2314 mihi
3458 2304 3472 2327 ,
3508 2266 3567 2315 ut

1984 2348 2201 2421 sapiens
2221 2349 2553 2404 architectus
2575 2348 2984 2406 fundamentum
3010 2350 3191 2419 posui,
3215 2350 3353 2404 alius
3380 2360 3562 2406 autem

1982 2439 2405 2512 superaadificat.
2468 2435 2909 2497 Fundamentum
2982 2441 3127 2496 enim
3192 2441 3338 2497 aliud
3404 2458 3564 2497 nemo

1979 2541 2161 2601 potest
2186 2548 2391 2604 ponere
2419 2545 2620 2604 praeter
2655 2533 2707 2588 id
2740 2536 2884 2604 quod
2901 2535 3135 2604 positum
3171 2541 3278 2599 est,
3308 2539 3449 2604 quod
3481 2544 3563 2590 est

1980 2624 2234 2681 Christus
2274 2625 2518 2683 Jesus“.
2552 2646 2572 2679 ι
2621 2625 2677 2682 Si
2729 2626 2948 2683 Christo
2995 2626 3226 2694 perinde
3267 2642 3330 2683 ac
3359 2625 3559 2682 funda-

1978 2727 2159 2772 mento
2192 2719 2429 2788 cuipiam
2476 2719 2780 2784 innitimur,
2821 2727 2878 2774 et
2906 2733 3002 2788 per
3031 2718 3194 2775 ﬁdem
3240 2735 3404 2788 super
3435 2734 3558 2775 eum

1975 2808 2368 2877 construimur,
2407 2819 2466 2866 et
2503 2810 2618 2880 ipse
2648 2810 2890 2865 omnium
2933 2819 3020 2866 est
3062 2811 3254 2866 salus:
3292 2811 3383 2880 qui
3428 2813 3545 2865 fieri

1975 2908 2170 2969 potest,
2197 2909 2255 2955 ut
2281 2914 2445 2957 verus
2478 2901 2618 2957 Deus
2652 2916 2756 2956 non
2779 2902 2885 2966 sit,
2933 2914 3056 2957 cum
3082 2904 3136 2956 in
3159 2916 3226 2956 eo
3257 2901 3558 2958 consistant

292 2974 374 3036 ei;
416 2975 511 3029 ἔνα
543 2977 654 3031 τῶν
686 2980 805 3034 καθ’
838 2983 1004 3052 ἡμᾶς,
1047 2985 1129 3039 ὅτι
1175 2987 1250 3060 μὴ
1284 2989 1459 3044 κτίσει
1508 2991 1872 3066 λελατρεύκα-

1985 2989 2181 3053 omnia,
2229 2989 2471 3059 ﬁdesque
2515 3002 2700 3046 nostra
2742 2991 2810 3046 de
2850 2991 2968 3062 ipso
3010 2992 3103 3055 sit,
3157 3006 3261 3047 non
3312 2992 3453 3047 sicu‘t
3487 2994 3554 3047 de

295 3080 415 3135 μεν,
444 3066 579 3122 ἀλλὰ
601 3068 720 3141 Θεῷ
744 3071 823 3144 τῷ
852 3074 1013 3144 φύσει
1057 3077 1151 3131 καὶ
1189 3079 1442 3153 ἁληθῶς;

364 3348 387 3387 ο
432 3331 545 3388 Οὐκ
590 3333 793 3402 οἴδατε,
842 3337 922 3415 ὅτι
957 3339 1081 3404 ναὸς
1111 3341 1403 3399 Θεοῦὲστε
1432 3346 1611 3419 ὑμεῖς,
1662 3351 1754 3404 καὶ
1804 3352 1867 3406 τὸ

289 3423 512 3493 Πνεῦμα
537 3425 631 3478 τοῦ
665 3425 801 3480 Θεοῦ
831 3430 971 3482 οἰκεῖ
997 3432 1054 3489 ἐν
1085 3432 1243 3502 ὑμῖν;
1277 3435 1343 3488 Et
1365 3453 1448 3501 τις
1474 3438 1564 3492 τὸν
1600 3441 1725 3497 ναὸν
1767 3443 1863 3497 τοῦ

287 3514 422 3591 Θεοῦ
472 3515 715 3586 φθείρει,
747 3517 938 3587 φθερεῖ
984 3521 1172 3575 τοῦτον
1209 3525 1237 3578 6
1280 3526 1433 3590 Θεός.
1486 3529 1545 3581 '0
1578 3531 1686 3603 γὰρ
1738 3535 1864 3599 ναὸς

286 3605 380 3656 τοῦ
409 3604 542 3658 Θεοῦ
592 3607 748 3675 ἆγιός
800 3609 971 3673 ἐστιν,
996 3611 1193 3677 οἵτινές
1243 3613 1366 3668 ἐστε
1415 3619 1593 3688 ὑμεῖς.
1631 3643 1653 3673 ι
1709 3623 1772 3677 Ei
1804 3625 1865 3678 τὸ

288 3697 512 3767 Πνεῦμα
554 3698 793 3768 Χριστοῦ
836 3700 1136 3772 δεχόμενοι,
1187 3705 1313 3770 ναὸς
1359 3707 1493 3762 Θεοῦ
1535 3714 1864 3783 χρηματίζο-

292 3802 408 3852 μεν,
441 3785 557 3850 πῶς
586 3787 649 3841 οὐ
680 3786 814 3852 Θεὸς
845 3788 1083 3861 ἀληθῶς,
1113 3794 1141 3845 ὁ
1163 3792 1232 3846 δι’
1260 3793 1319 3848 ὃν
1362 3798 1520 3868 ἡμεῖς
1549 3799 1717 3870 ἐσμεν
1743 3804 1862 3856 ναοὶ

283 3877 418 3930 Θεοῦ
440 3894 454 3943 ;

357 3987 375 4019 ι
422 3969 586 4022 Ὥστε
616 3969 692 4043 μὴ
725 3970 829 4041 πρὸ
861 3973 1054 4044 καιροῦ
1080 3993 1133 4028 τι
1166 3974 1405 4048 κρίνετε,
1440 3977 1544 4042 ἕως
1579 3979 1645 4035 ἂν
1676 3981 1806 4055 ἔλθῃ
1831 3982 1859 4037 6

283 4059 504 4131 Κύριος,
535 4062 593 4125 ὅς
629 4062 726 4116 καὶ
753 4063 979 4134 φωτίσει
1022 4066 1090 4120 τὰ
1118 4070 1336 4140 κρυπτά
1364 4070 1458 4123 τοῦ
1490 4072 1733 4137 σκότους,
1763 4075 1858 4128 καὶ

282 4152 584 4224 φανερώσει
631 4157 731 4220 τὰς
776 4156 973 4226 βουλὰς
1019 4158 1130 4212 τῶν
1184 4162 1440 4232 καρδιῶν.
1491 4165 1599 4219 Καὶ
1663 4165 1785 4218 τότε
1828 4168 1857 4221 6

278 4242 497 4308 ἔπαινος
548 4249 839 4319 γενήσεται
890 4249 1104 4322 ἑκάστῳ
1151 4253 1302 4323 παρὰ
1345 4253 1441 4308 τοῦ
1487 4254 1644 4309 Θεοῦ.
1690 4275 1709 4309 ι
1746 4257 1852 4313 Τὸν

1975 3077 2193 3143 homine
2246 3082 2482 3149 quodam
2519 3082 2689 3136 nostri
2724 3081 2916 3147 simili,
2944 3082 3213 3151 siquidem
3248 3092 3553 3138 creaturam

1974 3183 2079 3223 non
2130 3168 2443 3239 adoramus,
2505 3173 2601 3228 sed
2658 3187 2782 3229 eum
2830 3174 2923 3245 qui
2972 3173 3202 3229 veritate
3257 3182 3313 3228 et
3361 3183 3553 3229 natura

1972 3257 2113 3312 Deus
2135 3268 2216 3313 est
2241 3260 2264 3314 ⁸2

2047 3367 2067 3400 ι
2095 3336 2331 3407 Nescitis
2350 3353 2479 3423 quia
2509 3353 2769 3424 templum
2794 3354 2892 3411 Dei
2918 3356 3055 3411 estis
3081 3370 3202 3423 vos,
3232 3364 3289 3411 et
3319 3355 3553 3426 Spiritus

1973 3440 2063 3496 Dei
2099 3442 2312 3498 habitat
2344 3445 2415 3499 in.
2447 3446 2643 3502 vobis?
2674 3446 2732 3502 Si
2762 3448 2887 3517 quis
2928 3457 3109 3503 autem
3146 3448 3405 3518 templum
3434 3447 3547 3527 Dei

1970 3532 2269 3598 violaverit,
2325 3535 2628 3605 tlisperdet'
2662 3537 2812 3592 illum
2848 3539 3008 3595 Deus.
3074 3539 3354 3608 Templum
3401 3530 3548 3595 enim

1968 3621 2064 3676 Dei
2108 3631 2360 3677 sanctum
2399 3634 2507 3690 est,
2560 3626 2706 3695 quod
2761 3627 2893 3682 estis
2943 3643 3040 3683 vos
3065 3627 3179 3682 ⁸³.»
3234 3627 3290 3682 Si
3341 3625 3547 3685 Christi

1967 3711 2227 3782 Spiritum
2266 3713 2645 3784 suscipientes,
2687 3715 2948 3798 templum
3001 3716 3095 3772 Dei
3134 3733 3322 3772 smnus
3357 3734 3372 3770 :
3410 3735 3549 3788 quo-

1964 3804 2124 3859 modo
2173 3819 2336 3862 verus
2381 3803 2528 3861 Deus
2575 3808 2882 3864 censendus
2936 3824 3044 3864 non
3090 3817 3195 3876 est,
3240 3821 3339 3877 per
3383 3824 3543 3878 quem

1965 3895 2159 3965 templa
2190 3898 2282 3953 Dei
2322 3899 2743 3955 constituimur?

2037 4008 2057 4040 ‹
2090 3990 2274 4061 Itaque
2314 3991 2485 4047 nolite
2520 4002 2651 4047 ante
2691 4004 2901 4064 tempus
2955 3994 3224 4067 judicare,
3258 4002 3538 4070 quoadus-

1959 4093 2064 4148 que
2092 4080 2272 4134 veuiat
2305 4082 2584 4150 Dominus,
2616 4085 2706 4153 qui
2749 4094 2805 4140 et
2835 4086 3168 4144 illuminabit
3210 4090 3532 4147 abscondita

1961 4171 2324 4237 tenebrarum,
2364 4179 2420 4227 et
2467 4174 2842 4230 tuanifestabit
2889 4176 3115 4233 consilia
3163 4181 3407 4236 cordium
3440 4198 3454 4235 :
3485 4192 3540 4236 et

1959 4266 2086 4315 tunc
2117 4259 2236 4315 laus
2277 4261 2385 4315 erit
2425 4262 2722 4333 unicuique
2754 4279 2786 4319 a
2818 4265 2929 4321 Deo
2952 4267 3019 4322 ⁸ο.
3055 4287 3073 4318 ι
3111 4269 3400 4325 Dominum
3436 4289 3536 4326 no-

276 4335 481 4408 Κύριον
508 4339 666 4409 ἡμῶν
716 4341 922 4411 Ἰησοῦν
965 4342 1057 4398 τὸν
1103 4346 1338 4415 Χριστὸν
1377 4345 1435 4412 ἐξ
1482 4347 1713 4418 οὐρανοῦ
1748 4365 1850 4402 κα-

1986 4358 2128 4405 trum
2161 4349 2345 4406 Iesum
2374 4351 2650 4408 Christum
2703 4354 2856 4411 olim.
2878 4371 2910 4411 e
2954 4359 3110 4415 caelis
3139 4362 3534 4416 descensurum

275 4428 503 4502 ταὸῆναι
552 4433 940 4505 προσδοκῶμεν
975 4436 1117 4491 κατὰ
1149 4439 1394 4509 καιροὺς,
1428 4430 1473 4506 ᾧ
1508 4439 1605 4493 καὶ
1649 4439 1853 4505 πάντες

275 4524 740 4595 παραστησόμεθα
769 4527 1005 4599 κρίνοντι
1036 4529 1107 4583 τὰ
1139 4529 1379 4602 κρυπτὰ,
1396 4530 1500 4585 ’καὶ
1528 4530 1852 4604 φανεροῦντι

1954 4451 2355 4510 exspectamus,
2405 4444 2492 4499 wi
2544 4446 2756 4501 occulta
2801 4446 3131 4516 indicaturo,
3177 4453 3534 4523 conliumque

1954 4530 2178 4586 consilia
2203 4531 2538 4602 patefactnro
2570 4538 3065 4598 sistemuromnes.
3099 4541 3251 4608 Quod
3277 4542 3320 4597 is
3348 4553 3533 4599 autem

273 4611 370 4675 τὰς
403 4612 599 4682 βουλὰς
631 4616 738 4670 τῶν
771 4619 1029 4690 καρδιῶν.
1060 4621 1183 4675 Ὅτι
1209 4622 1265 4676 δὲ
1295 4624 1389 4676 καὶ
1417 4624 1693 4678 ἐπαινέσει
1723 4624 1850 4690 τοὺς

1985 4629 2124 4677 ustas
2146 4622 2218 4676 sit
2241 4627 2747 4694 commendaturus,
2778 4628 3090 4693 edocemur,
3119 4632 3259 4700 quod
3284 4634 3352 4687 ad
3387 4633 3531 4699 illos,
3620 4637 3630 4644 ’

204 4784 207 4787 Ι
272 4700 534 4769 δικαίους,
571 4708 1126 4780 πεπληροφορήμεθα.
1168 4712 1291 4775 Τοῖς
1316 4712 1424 4784 γὰρ
1464 4700 1751 4785 ἔστηκόσιν
1784 4716 1849 4766 ὲκ

271 4793 461 4859 δεξιῶν
510 4799 659 4869 ὲρεῖ’
712 4820 729 4851 ι
765 4801 960 4867 Δεῦτε,
999 4805 1047 4857 oi
1086 4803 1437 4875 εὐλογημένοι
1487 4805 1581 4858 τοῦ
1630 4806 1845 4877 Πατρός

169 4921 177 4929 .
275 4902 399 4954 μου,
447 4886 893 4961 κληρονομήσατε
924 4891 1024 4964 τὴν
1070 4895 1479 4967 ἡτοιμασμένην
1527 4897 1655 4967 ὑμῖν
1689 4896 1843 4968 βασι-

268 4976 422 5029 λείαν
462 4978 574 5033 ἀπὸ
618 4981 923 5051 καταϐολῆς
968 4983 1192 5055 κόσμου.
1232 5004 1251 5036 ι
1289 4987 1418 5039 Ὅτε
1449 4985 1629 5039 τοίνυν
1674 4988 1846 5040 ἐπαι-

269 5067 491 5134 νοῦντος
534 5072 794 5144 Χριστοῦ,
846 5074 938 5128 τὸν
984 5075 1201 5131 ἔπαινον
1254 5078 1473 5150 ἑκάστῳ,
1518 5078 1846 5150 γενήσεσθαί

269 5175 405 5231 φησι
442 5163 593 5233 παρὰ
624 5164 717 5217 τοῦ
767 5164 923 5231 Θεοῦ,
957 5165 1073 5230 πῶς
1117 5167 1177 5220 οὐ
1223 5167 1352 5233 Θεός
1385 5170 1532 5223 ἐστιν
1561 5170 1846 5241 ἐναργῶς;

346 5274 388 5305 ³⁷
427 5276 441 5329 l
473 5275 599 5330 Cor.
633 5293 681 5344 ι,
712 5277 850 5333 6-8..
911 5276 994 5331 ¹⁸Ι
1020 5277 1152 5335 Cor.
1200 5294 1281 5347 nr,
1327 5280 1415 5345 10,
1453 5280 1539 5335 ll.

340 5471 389 5524 Γ
414 5475 563 5545 παρὰ
584 5473 764 5528 αὐτῶν
788 5474 990 5538 πίστις.

1951 4712 2046 4782 qui
2087 4727 2115 4766 a
2143 4714 2364 4770 dextera
2400 4716 2475 4771 illi
2507 4719 2790 4785 assistunt,
2827 4720 2903 4774 ita
2934 4722 3181 4779 dicturus
3214 4726 3287 4779 sit
3318 4743 3330 4778 :
3369 4745 3386 4778 ι
3427 4727 3531 4782 Ve-

1952 4805 2091 4873 nite,
2117 4806 2385 4863 benedicti
2420 4808 2599 4866 Patris
2624 4813 2750 4876 mei,
2782 4814 3056 4883 possidete
3096 4828 3343 4886 paratum
3376 4820 3530 4875 vobis

1951 4912 2175 4968 regnum
2230 4915 2259 4953 a
2327 4903 2716 4958 constitutione
2780 4906 2963 4961 mundi
2997 4908 3064 4961 ²¹.
3100 4927 3119 4960 ι
3177 4910 3309 4964 Cmn
3365 4911 3529 4981 igitur

1949 4988 2167 5044 Christo
2220 4992 2499 5056 laudante,
2534 5010 2686 5049 suam
2734 4998 3026 5069 unicuique
3074 5016 3102 5053 a
3154 5000 3263 5056 Deo
3314 5002 3525 5056 laudem

1951 5083 2210 5137 tributum
2252 5084 2313 5137 iri
2367 5087 2570 5141 diserte
2610 5090 2886 5157 praedicet,
2929 5093 3201 5161 quomodo
3243 5093 3522 5148 Christum

1953 5169 2119 5224 Deum
2149 5186 2267 5226 esse
2300 5191 2402 5228 non
2434 5178 2718 5233 manifeste
2742 5181 3006 5250 apparet?

1618 5283 1662 5314 "
1709 5280 1840 5336 ibid.
1888 5280 1978 5346 16,
2019 5281 2107 5335 ΓΙ.
2184 5280 2274 5334 ποι
2310 5283 2437 5339 Cor.
2468 5300 2541 5351 tv.
2569 5287 2622 5356 5,
2653 5288 2706 5343 6.
2783 5291 2827 5321 ²¹
2858 5290 3047 5346 Matth.
3084 5307 3208 5357 xxv,
3243 5291 3332 5347 54.

1346 5405 1523 5465 Variae
1547 5409 1805 5469 lectiones
1835 5413 2036 5469 codicis
2062 5415 2420 5486 Seguieriani.

339 5565 416 5635 (t)
443 5566 669 5661 l‘In-aslis
702 5568 1037 5661 p'erlttrbﬂta,
1068 5583 1228 5635 quam
1262 5570 1489 5632 fortasse
1526 5574 1827 5641 sanaveris,
1857 5590 1873 5630 ι

1991 5593 2018 5635 a
2051 5577 2142 5633 καὶ
2177 5579 2256 5643 είς
2283 5580 2441 5637 αὐτὸν
2479 5583 2654 5650 πίστις
2686 5596 2806 5657 post
2837 5587 2912 5659 τῷ
2943 5586 3132 5661 κόσμῳ
3164 5587 3507 5661 κηρύττεται.

265 5640 683 5707 transponcntlo.
727 5637 882 5694 lion.
918 5637 1158 5696 l’nmL.
