3970 6136
484 251 624 305 1233

558 393 579 425 ι
614 376 696 425 An
731 371 952 426 nescitis
990 371 1243 441 quoniam
1280 366 1518 422 membra
1551 376 1732 420 vestra
1789 361 2043 432 templum
2080 367 2121 420 Α

491 474 618 518 sunt
647 463 882 532 Spiritus
912 464 1107 528 sancti,
1139 461 1228 529 qui
1259 463 1313 514 in
1344 458 1496 512 vobis
1519 468 1621 523 est,
1652 471 1808 524 quem
1843 453 2052 508 habetis

486 572 515 609 a
550 556 682 619 Deo,
730 563 784 608 ct
810 551 916 624 63
949 569 1050 606 non
1087 553 1220 606 estis
1263 549 1475 604 vestri?
1513 548 1686 618 Empti
1724 547 1866 600 enim
1921 545 2054 599 estis

487 647 663 713 pretio
693 660 911 713 magno.
952 642 1272 696 Clorilicate
1316 651 1369 694 et
1397 651 1608 708 portate
1645 639 1808 692 Deum
1842 637 1891 689 in
1933 652 2058 690 cor-

487 753 619 804 pore
671 747 848 789 vestro
871 737 934 787 ”.
971 753 992 785 ι
1045 734 1102 788 Si
1159 734 1363 802 Spiritu
1415 731 1615 786 Christi
1664 740 1887 798 accepto
1930 727 2056 782 facti

489 843 676 880 smnus
708 827 905 894 templa
943 826 1057 890 Dei,
1105 826 1368 894 redempti
1403 824 1664 893 sanguine
1703 823 1870 885 illius,
1899 822 1970 874 ita
2004 830 2061 874 ut

485 919 599 987 jam
629 933 735 972 non
774 917 910 970 ultra
957 918 1010 971 in
1058 927 1242 971 nostra
1285 918 1525 985 ipsorum
1563 923 1830 983 potestate
1867 914 2058 975 simus,

493 1024 665 1079 neque
713 1009 869 1064 nobis
920 1009 1049 1079 ipsis
1093 1010 1203 1078 jam
1257 1009 1490 1078 amplius
1530 1009 1794 1074 vivamus,
1844 1007 1937 1062 sed
1987 1007 2060 1060 illi

488 1101 582 1169 qui
637 1116 736 1154 nos
775 1111 1046 1156 mercatus
1086 1109 1168 1156 est
1203 1119 1215 1154 :
1252 1099 1518 1169 quomodo
1565 1099 1908 1168 perspicuum
1956 1113 2061 1152 non

493 1202 577 1246 est
615 1191 912 1256 Christum,
952 1208 1046 1260 per
1073 1207 1232 1261 quem
1278 1191 1474 1259 templa
1509 1190 1598 1244 Dei
1631 1189 1912 1255 eliicimur,
1946 1190 2063 1244 cui-

496 1297 599 1350 que
625 1283 847 1351 Perinde
880 1299 944 1338 ac
969 1284 1078 1337 Deo
1109 1284 1398 1348 servimus,
1427 1297 1610 1335 verum
1641 1297 1761 1337 esse
1791 1282 1996 1336 Deum?

575 1393 594 1425 ι
624 1374 697 1428 De
735 1376 873 1429 escis
915 1385 1120 1438 autem,
1166 1391 1284 1445 quae
1329 1376 1486 1430 idolis
1533 1361 1907 1440 immolantur,
1954 1375 2059 1428 sci-

501 1480 619 1520 mus
655 1467 778 1534 quia
814 1466 945 1520 nihil
977 1476 1060 1520 est
1095 1466 1293 1520 idolum
1339 1467 1390 1519 in
1427 1467 1644 1530 mundo,
1680 1476 1734 1520 et
1763 1466 1904 1536 quod
1946 1467 2067 1520 nul-

504 1556 586 1610 lus
609 1567 691 1610 est
721 1555 882 1622 Deus,
917 1557 1018 1611 nisi
1051 1572 1209 1611 unus.
1238 1556 1369 1609 Nam
1393 1557 1492 1610 etsi
1524 1566 1668 1620 sunt,
1705 1556 1795 1625 qui
1821 1557 2069 1611 dicantur

503 1649 599 1714 dii,
633 1650 745 1703 sive
779 1649 831 1702 in
863 1650 1019 1713 ccelo,
1059 1650 1172 1703 sive
1213 1650 1438 1702 interra
1494 1648 1781 1718 (siquidem
1831 1659 1958 1702 sunt
1996 1649 2066 1701 dii

507 1739 679 1804 multi,
704 1749 758 1794 et
789 1739 991 1793 domini
1024 1739 1220 1806 multi),
1264 1741 1419 1792 nobis
1455 1748 1632 1792 tamen
1662 1753 1798 1791 unus
1821 1749 1901 1792 est
1931 1737 2070 1793 Deus

504 1831 686 1892 Pater,
717 1845 781 1882 ex
812 1845 918 1897 quo
947 1831 1153 1895 omnia,
1205 1839 1259 1883 ct
1293 1844 1388 1883 nos
1429 1829 1480 1882 in
1508 1829 1686 1892 illum;
1716 1839 1768 1882 et
1799 1843 1934 1880 umts
1964 1827 2068 1882 Do-

505 1921 687 1973 minus
714 1918 871 1973 Jesus
907 1920 1180 1982 Christus,
1218 1934 1312 1988 per
1341 1935 1498 1989 quem
1531 1921 1732 1983 omnia,
1767 1925 1824 1972 ‘et
1855 1934 1952 1973 nos
1979 1934 2073 1988 per

507 2009 683 2074 ipsum
707 2009 772 2062 ”.
809 2028 826 2059 ι
863 2009 918 2062 Si
961 2025 1102 2062 unus
1146 2009 1292 2063 solus
1324 2019 1406 2063 est
1437 2010 1596 2073 Deus,
1632 2019 1685 2064 et
1715 2009 1850 2062 alius
1882 2019 2074 2079 praeter

508 2097 656 2148 illum
703 2096 910 2164 nullus;
962 2101 1254 2154 assumitur
1317 2109 1494 2154 autem
1551 2101 1602 2153 in
1679 2115 1838 2154 unam
1904 2101 2074 2155 deita-

511 2189 578 2240 tis
643 2196 890 2241 naturam
968 2205 1103 2243 unus
1141 2190 1230 2245 ille
1274 2189 1429 2244 .lesus
1459 2189 1729 2254 Christus,
1773 2205 1868 2257 per
1915 2205 2072 2260 queui

505 2279 774 2332 exsistunt
807 2279 984 2333 omnia
1025 2294 1040 2332 :
1091 2279 1231 2334 Deus
1294 2281 1476 2349 utique
1537 2281 1641 2336 erit
1688 2280 1961 2346 Christus,
2019 2292 2076 2336 ut

507 2368 600 2436 qui
645 2369 804 2422 etiam
857 2377 992 2434 tum,
1029 2385 1149 2424 eum
1203 2386 1265 2425 ex
1334 2371 1555 2425 muliere
1625 2380 1806 2437 natus,
1847 2372 2078 2440 appella-

509 2469 596 2512 tus
636 2469 716 2512 est
745 2457 904 2515 Jesus
943 2460 1217 2526 Christus,
1257 2461 1482 2516 immote
1527 2462 1578 2515 in
1623 2462 1798 2516 Patris
1850 2463 2079 2516 conSub-

511 2549 869 2604 stantialitate
925 2553 1266 2605 subsisteret.
1317 2551 1371 2605 ιιι
1430 2552 1590 2606 etiam
1647 2551 2080 2606 animadvertere

511 2638 598 2692 hic
631 2639 775 2704 licet,
813 2656 1005 2711 nempe
1035 2641 1174 2710 quod
1201 2641 1381 2697 omnia
1409 2655 1502 2710 per
1533 2655 1697 2695 unum
1727 2641 1895 2704 illum,
1923 2647 2076 2709 quem

511 2729 692 2782 Jesnm
745 2729 1012 2785 Christum
1071 2731 1181 2800 ipse
1223 2741 1415 2798 vocat,
1460 2741 1714 2800 tanquam
1767 2748 1864 2801 per
1915 2747 2079 2783 unum

514 2816 708 2871 l-‘ilium
743 2819 1038 2873 secundum
1071 2820 1520 2890 dispensatoriam
1567 2821 1823 2874 unionem
1866 2820 2080 2874 condita

514 2924 635 2963 esse
669 2908 912 2964 aﬂirmet.

591 3019 609 3050 ι
646 2999 863 3070 Factus,
910 3003 1105 3071 inquit,
1151 3018 1268 3057 sum
1314 3003 1381 3057 iis
1421 3003 1511 3072 qui
1563 3004 1683 3058 sine
1728 3004 1850 3074 lege
1901 3015 2079 3066 erant,

521 3105 778 3163 tanquam
811 3093 927 3148 sine
979 3093 1094 3163 lege
1131 3108 1346 3160 essem,
1394 3109 1515 3149 eum
1551 3095 1668 3149 sine
1703 3095 1816 3165 lege
1845 3096 1935 3150 Dei
1981 3113 2084 3150 non

519 3199 718 3248 essem,
771 3183 864 3238 sed
915 3185 967 3236 in
1010 3183 1128 3249 lege
1163 3199 1337 3238 essem
1384 3184 1588 3238 Christi
1615 3186 1674 3236 ⁸⁵.
1712 3205 1730 3237 ι
1788 3185 1844 3240 Si
1891 3186 2087 3241 Christi

523 3274 693 3340 legem
729 3275 958 3336 habens,
992 3273 1081 3327 Dei
1127 3274 1293 3344 legem
1329 3275 1512 3341 habet,
1541 3277 1812 3344 quomodo
1847 3276 2091 3332 Christus

526 3379 630 3417 non
662 3372 746 3416 est
774 3363 953 3416 Deus?

599 3471 618 3504 ι
647 3451 774 3507 Sine
817 3453 1113 3508 oﬂ'ensione
1161 3462 1332 3508 estote
1361 3453 1563 3508 Judaeis
1607 3464 1662 3510 et
1717 3458 1992 3527 gentibus,
2039 3471 2093 3512 et

526 3543 780 3600 Erelesiae
820 3544 912 3599 Dei
939 3546 1002 3597 ’⁵.
1037 3565 1054 3597 ι
1101 3547 1334 3601 Atlverte
1382 3547 1467 3601 hic
1505 3563 1750 3615 rursum,
1795 3551 1932 3618 quod
1974 3568 2091 3604 eam

531 3636 849 3702 Ecclesiam,
908 3639 1067 3706 quam
1119 3637 1211 3692 Dei
1262 3639 1365 3692 hoc
1418 3639 1537 3694 loco
1595 3641 1846 3709 appellat,
1894 3641 2093 3696 Christi

529 3743 649 3784 esse
682 3728 964 3798 intelligat.

604 3840 623 3873 ι
651 3821 787 3877 Volo
824 3832 1005 3877 autent
1033 3836 1132 3877 vos
1182 3823 1346 3886 s‘cire,
1399 3823 1541 3892 quod
1580 3824 1758 3879 omnis
1797 3825 1894 3877 \‘iri
1939 3835 2099 3893 caput

527 3911 775 3966 Christus
802 3923 907 3978 est,
940 3923 1102 3984 caput
1150 3923 1330 3968 autem
1365 3915 1607 3969 mulieris
1639 3915 1749 3982 vir;
1785 3923 1944 3985 caput
1971 3931 2100 3971 vero

525 4000 728 4055 Christi
762 4000 903 4056 Deus
925 4002 990 4055 ".
1028 4020 1045 4053 ι
1085 4002 1284 4058 Beatus
1320 4001 1494 4058 Lucas
1525 4004 1649 4056 dum
1671 4003 1875 4059 Christi
1907 4019 2100 4074 genea-

529 4091 728 4159 logiam
757 4093 914 4158 texit,
943 4107 972 4146 a
1003 4092 1203 4162 .loseph
1241 4107 1502 4156 exorsus,
1537 4093 1797 4164 paulatim
1827 4095 1891 4149 ad
1929 4095 2098 4148 Adam

529 4197 701 4251 usque
753 4185 1018 4248 ascendit,
1075 4199 1139 4240 ac
1185 4185 1400 4239 tandem
1441 4185 1647 4240 infert:
1676 4185 1778 4250 Qui
1826 4184 1924 4254 fuit
1966 4185 2103 4250 Dei,

531 4275 706 4342 ipsum
751 4275 1007 4328 nimirum
1033 4278 1337 4330 creatorem
1367 4275 1542 4331 'Deum
1575 4277 1828 4347 principii
1862 4277 1977 4332 loco
2008 4278 2102 4330 ho-

1505 246 1563 300 S.
1603 239 1875 299 CYlllLU
1915 233 2382 293 ALEXANDRINI
2422 231 2743 288 ARCHIEP.

3605 224 3762 280 ηδε

2227 377 2244 408 ι
2297 358 2367 410 Ἦ
2400 357 2500 408 οὐκ
2532 353 2732 416 οἴδατε,
2776 352 2858 404 ὅτι
2893 349 2960 404 τὰ
3002 347 3231 419 σώματα
3280 345 3442 418 ὑμῶν
3490 344 3620 407 ναὸς
3653 347 3752 398 τοῦ

2155 449 2214 501 ἐν
2246 449 2374 518 ὑμῖν
2411 445 2566 515 ἁγίου
2599 443 2913 514 Πνεῦματός
2951 443 3118 502 ἐστιν,
3155 432 3216 492 οῦ
3252 439 3406 508 ἔχετε
3442 436 3554 488 ἀπὸ
3585 435 3750 498 Θεοῦ,

2157 540 2252 592 καὶ
2289 541 2388 593 οὐκ
2421 539 2542 592 ἐστὲ
2582 535 2829 601 satu-cibi);
2869 533 3241 606 Ἠγοράσθητε
3274 531 3384 601 γὰρ
3419 527 3610 599 τιμῆς.
3647 531 3748 578 Δορ

2160 631 2355 695 ξάσατε
2391 630 2455 700 δὴ
2489 629 2576 682 τὸν
2621 629 2754 681 Θεὸν
2803 628 2860 680 ἐν
2909 626 2984 696 τῷ
3035 623 3245 694 σώματι
3295 622 3472 692 ὑμῶν.
3515 640 3534 671 ι
3591 620 3656 670 Εἰ
3689 619 3750 670 τὸ

2161 722 2384 792 Πνεῦμα
2409 719 2647 792 Χριστοῦ
2679 718 2955 784 λαϐόντες,
2981 718 3285 786 γεγόναμεν
3315 715 3437 767 ναοὶ
3467 711 3628 772 Θεοῦ,
3654 711 3749 762 καὶ

2160 813 2258 865 οῦκ
2283 813 2458 883 Δ’ἐσμεν
2488 810 2716 877 ἑαυτῶν,
2754 807 3150 880 ἀγορασθέντες
3197 805 3274 876 τῷ
3308 805 3505 874 αἵματι
3560 801 3745 858 αὑτοῦ,

2160 905 2232 968 ὡς
2283 905 2481 974 μηκέτι
2526 904 2625 974 ζῇν
2659 904 2806 973 ἡμᾶς
2839 902 3072 963 ἑαυτοῖς,
3111 897 3245 951 ἀλλὰ
3293 897 3370 966 τῷ
3424 894 3745 965 πριαμένῳ·

2166 997 2282 1059 πῶς
2307 999 2366 1049 οὐ
2398 996 2527 1060 Θεὸς
2558 997 2586 1048 ὁ
2619 994 2850 1067 Χριστὸς
2895 995 3156 1062 ἐναργῶς,
3198 993 3225 1043 ὁ
3272 989 3339 1042 δι’
3385 989 3446 1040 ὃν
3492 991 3593 1040 καὶ
3631 986 3747 1038 ναοὶ

2165 1083 2298 1136 Θεοῦ
2337 1087 2501 1154 ἐσμεν
2532 1087 2712 1156 ἡμεῖς,
2817 1083 2910 1135 καὶ
2943 1081 3016 1142 ὡς
3045 1081 3164 1154 Θεῷ
3203 1079 3572 1151 δουλεῦομεν;

2245 1417 2264 1448 ι
2288 1397 2423 1467 Περὶ
2437 1395 2538 1464 τῆς
2569 1395 2822 1464 βρώσεως
2851 1390 2944 1446 οῦν
2965 1391 3070 1446 τῶν
3105 1389 3497 1450 εἰδωλοθύτων,
3526 1387 3754 1456 οἴδαμεν.

2169 1491 2246 1542 ὅτι
2285 1489 2437 1541 οὐδὲν
2472 1486 2688 1540 εἴδωλον
2728 1487 2786 1537 ὲν
2816 1485 3025 1553 κόσμῳ,
3061 1483 3151 1536 καὶ
3179 1483 3264 1534 ὅτι.
3291 1480 3472 1542 οὐδεὶς
3517 1477 3673 1540 Θεὸς,
3704 1481 3748 1529 εἰ

2173 1579 2247 1649 μὴ
2279 1572 2379 1641 εἷς.
2407 1577 2515 1630 Καὶ
2543 1575 2652 1647 γὰρ
2683 1577 2840 1646 εἴπερ
2874 1576 2980 1627 εἰσὶ
2995 1573 3275 1642 λεγόμενοι
3310 1570 3576 1632 θεοὶ,είτε
3593 1570 3651 1618 ὲν
3667 1569 3746 1618 οὐ·

2104 1715 2142 1767 Β
2175 1668 2340 1739 ρανῷ,
2389 1671 2497 1722 εἴτε
2549 1670 2642 1722 ἐπὶ
2685 1668 2785 1738 τῆς
2829 1669 2932 1738 γῆς
2978 1665 3188 1734 (ὥσπερ
3246 1663 3354 1717 εἰσὶ
3385 1662 3501 1752 θεοὶ
3547 1660 3746 1719 πολλοὶ,

2175 1733 2269 1812 καὶ
2293 1733 2491 1831 ’κύριοι
2541 1733 2775 1828 πολλοὶ),
2821 1733 2951 1828 ημῖν
2982 1733 3038 1810 δὲ
3079 1733 3168 1817 εἷς
3197 1755 3328 1818 Θεὸς
3368 1733 3418 1804 ὁ⁵
3443 1751 3658 1820 Πατὴρ,
3695 1750 3749 1812 ἐξ

2171 1846 2233 1905 οῦ
2279 1851 2347 1903 τὰ
2391 1851 2587 1914 πάντα,
2622 1851 2716 1904 καὶ
2764 1851 2923 1918 ἡμεῖς
2968 1850 3048 1912 είς
3072 1847 3263 1900 αὐτόν·
3295 1845 3388 1898 καὶ
3423 1838 3509 1905 εἷς
3552 1842 3750 1911 Κύριος

2189 1940 2392 2011 Ἰησοῦς
2427 1939 2679 2012 Χριστὸς,
2701 1941 2768 1993 δι’
2801 1935 2862 1995 οῦ
2888 1941 2954 1992 τὰ
2981 1940 3178 2002 πάντα,
3203 1939 3295 1992 καὶ
3324 1937 3488 2006 ἡμεῖς
3547 1935 3618 1986 δι’
3655 1934 3746 1987 αῦ-

2173 2031 2289 2086 τοῦ.
2323 2050 2342 2081 ι
2378 2032 2442 2086 EE
2469 2033 2631 2101 μόνος
2657 2026 2738 2095 εἷς
2765 2035 2882 2085 ἐστι
2903 2031 3057 2093 Θεὸς,
3092 2031 3187 2082 κα)⁵
3219 2029 3406 2098 ἕτερος
3433 2026 3566 2091 παρ’
3592 2024 3752 2078 αὑτὸν

2175 2123 2366 2189 οὐδεὶς,
2409 2123 3008 2194 συμπαραλαμϐάνεται
3030 2121 3085 2174 δὲ
3115 2121 3193 2182 εἰς
3223 2120 3322 2184 τὴν
3353 2118 3479 2186 μίαν
3510 2117 3609 2184 τῆς
3641 2115 3747 2167 θεό-

2176 2231 2334 2283 τητος
2358 2213 2518 2281 φύσιν
2547 2215 2574 2266 ὁ
2596 2208 2675 2277 εἷς
2703 2213 2934 2284 Χριστὸς
2971 2211 3198 2284 Ἰησοῦς,
3249 2210 3316 2263 δι’
3345 2201 3410 2262 οῦ
3437 2208 3511 2260 τὰ
3537 2207 3712 2260 πάντα
3733 2220 3749 2238 ·

2177 2305 2308 2370 Θεὸς
2332 2300 2423 2358 οῦν
2447 2303 2556 2375 ἄρα
2583 2304 2733 2356 ἐστὶν
2764 2305 2820 2356 ὲν
2850 2302 3227 2371 ὁμοουσιότητι
3251 2298 3345 2351 τοῦ
3380 2298 3596 2368 [ἰατρὸς
3619 2295 3753 2347 vwl-

2181 2413 2340 2466 μενος
2364 2395 2578 2458 θεῖκῶς,
2601 2396 2694 2450 καὶ
2719 2395 2805 2448 ὅτε
2829 2393 3236 2465 κεχρημάτικεν
3264 2389 3474 2460 Ἰησοῦς
3497 2387 3753 2458 Χριστὸς,

2179 2487 2465 2558 γενόμενος
2511 2489 2577 2540 ὲκ
2629 2487 2906 2553 γυναικός.
2974 2483 3336 2554 Ἐπιτηρῆσαι
3394 2482 3450 2536 δὲ
3498 2480 3629 2550 Lai},
3677 2479 3754 2531 ὅτι

2180 2575 2412 2648 Χριστὸν
2451 2575 2656 2648 Ἰησοῦν
2693 2577 2986 2647 ὀνομάσας,
3026 2573 3091 2628 δι’
3128 2571 3294 2627 αὐτοῦ
3344 2572 3412 2624 τὰ
3455 2572 3636 2622 πάντα
3668 2585 3754 2635 γε-

2183 2668 2366 2720 νέσθαι
2401 2671 2586 2738 φησὶν,
2619 2667 2693 2731 ὡς
2726 2667 2842 2729 ἐνὸς
2877 2665 3025 2728 ὄντος
3056 2663 3186 2717 Υίοῦ
3220 2662 3342 2716 καθ’
3377 2663 3573 2716 ’ἐνωσιν
3613 2663 3749 2713 οἱκο-

2183 2761 2431 2829 νομικὴν.

2262 3035 2280 3067 ι
2338 3017 2653 3087 Ἐγενόμην,
2697 3019 2848 3088 φησὶ,
2896 3019 3006 3080 τοῖς
3058 3016 3277 3085 ἀνόμοις
3313 3014 3389 3077 ὡς
3427 3015 3649 3082 ἄνομος,
3690 3013 3761 3082 μὴ

2190 3105 2265 3159 ὣν
2311 3107 2508 3177 ἄνομος
2539 3107 2677 3178 Θεῷ,
2724 3106 2840 3160 ἀλλ’
2884 3106 3104 3176 ἔννομος
3141 3103 3378 3175 Χριστῷ.
3432 3123 3449 3155 ι
3486 3103 3601 3154 Είὸ
3634 3101 3758 3171 Χρι-

2193 3198 2318 3250 στοῦ
2357 3199 2519 3268 νόμον
2565 3198 2720 3269 ἔχων,
2757 3199 2918 3268 νόμον
2953 3197 3066 3267 ἔχει
3105 3195 3260 3261 Θεοῦ,
3305 3194 3422 3257 πῶς
3466 3195 3530 3246 οῦ
3576 3193 3705 3254 829,;
3735 3195 3763 3244 ὀ

2191 3290 2418 3360 Χριστός
2444 3308 2465 3355 ;,

2270 3485 2292 3518 ι
2345 3465 2708 3536 Ἀπρὸσκοποι
2757 3464 2850 3517 καὶ
2901 3459 3172 3522 Ἰουδαίοις
3210 3457 3449 3528 γίνεσθε,
3499 3458 3594 3510 καὶ
3643 3455 3759 3508 Ti.-

2194 3556 2339 3626 λησι,
2370 3557 2462 3610 καὶ
2483 3557 2548 3625 τῇ
2601 3553 2894 3624 Ἐκκλησία
2923 3551 3016 3605 τοῦ
3049 3550 3203 3603 Θεοῦ.
3243 3567 3261 3599 ι
3302 3548 3666 3618 Σημειωτέον,
3689 3547 3761 3598 ὅτι

2196 3644 2330 3696 Θεοῦ
2359 3645 2533 3712 λέγων
2572 3644 2670 3714 τὴν
2729 3642 3077 3713 Ἐκκλησίαν,
3128 3637 3367 3710 Χριστοῦ
3415 3637 3582 3691 πάλιν
3633 3632 3764 3689 οἶδεν

2198 3737 2386 3806 αὑτήν.

2277 3848 2295 3880 ι
2339 3827 2488 3882 Θέλω
2525 3828 2581 3882 δὲ
2610 3827 2755 3899 ὑμᾶς
2783 3823 3004 3890 εἰδέναι,
3037 3824 3120 3878 ὅτι
3149 3825 3350 3889 παντὸς
3383 3823 3583 3893 ἀνδρὸς
3615 3823 3649 3890 ἡ
3679 3836 3760 3872 κε-

2200 3917 2342 3988 φαλὴ
2371 3920 2398 3970 ὁ
2425 3917 2658 3987 Χριστός
2696 3918 2843 3969 ἐστι’
2875 3913 3088 3986 κεφαλὴ
3128 3913 3184 3966 δὲ
3217 3913 3499 3982 γυναικὸς,
3527 3914 3558 3964 δ
3604 3910 3759 3979 ἀνήρ’

2203 4009 2410 4080 κεφαλὴ
2435 4009 2490 4061 δὲ
2518 4007 2778 4079 Χριστοῦ,
2807 4008 2836 4060 ὁ
2887 4007 3039 4070 Θεός.
3077 4025 3095 4057 ι
3146 4006 3204 4058 '0
3242 4005 3514 4076 μακάριος
3565 4003 3763 4062 Λουκᾶς

2201 4100 2300 4170 τὴν
2334 4099 2458 4169 περὶ
2484 4097 2721 4170 Χριστοῦ
2747 4095 3099 4165 γενεαλογίαν
3127 4097 3257 4166 ἡμῖν
3292 4095 3591 4157 συντιθεὶς,
3626 4094 3762 4164 ἆρχε·

2201 4205 2290 4240 ται
2323 4186 2420 4256 μὲν
2454 4186 2563 4239 ἀπὸ
2589 4185 2681 4238 τοῦ
2717 4185 2934 4256 Ἰωσὴφ,
2962 4184 3080 4238 εἶτα
3109 4185 3320 4254 φθάσας
3344 4185 3435 4236 ἐπὶ
3459 4183 3553 4235 τὸν
3588 4182 3764 4251 Ἀδὰμ,

2204 4279 2474 4350 ἐπιφέρει,
2509 4278 2708 4345 λέγων,
2763 4278 2874 4332 Τοῦ
2912 4276 3094 4333 Θεοῦ·
3152 4278 3325 4347 ἀρχὴν
3372 4275 3454 4345 τῷ
3507 4274 3766 4345 ἀνθρώπῳ

529 4366 665 4420 mini
710 4367 992 4436 assignans
1019 4367 1084 4421 ⁸⁷.
1135 4365 1260 4421 Pari
1321 4368 1504 4437 itaque
1559 4367 1720 4422 modo
1764 4368 1942 4422 omnis
1999 4369 2080 4421 vir

2205 4371 2374 4434 τιθεὶς
2403 4373 2495 4423 τὸν
2524 4373 2827 4442 ποιήσαντα
2860 4369 3013 4422 Θεὸν.
3056 4368 3240 4431 υῦτως
3266 4363 3404 4420 εἶναι
3447 4384 3631 4436 φαμεν
3655 4381 3763 4417 παν-

531 4467 697 4528 caput
731 4456 1004 4513 Christum
1036 4458 1359 4522 deﬁnimus;
1403 4473 1497 4526 per
1527 4459 1699 4527 ipsum
1735 4461 1876 4512 enim
1909 4449 2099 4512 condi—

533 4562 620 4604 tus
651 4559 704 4604 et
735 4551 803 4603 ad
856 4561 1036 4605 ortum
1068 4560 1287 4604 evectus
1315 4558 1396 4602 est
1425 4565 1439 4601 :
1478 4564 1582 4603 non
1617 4551 1760 4617 quod
1803 4549 1896 4603 Dei
1930 4549 2103 4632 Filius

534 4644 830 4698 creationis
863 4643 1007 4698 illius
1036 4644 1456 4698 instrumentum
1487 4643 1568 4697 vel
1603 4643 1851 4698 miniSter
1877 4644 2102 4697 exstite-

533 4738 636 4802 rit;
679 4737 771 4789 sed
809 4735 951 4805 quod
983 4747 1235 4806 tanquam
1280 4735 1537 4791 naturalis
1573 4752 1751 4790 rerum
1791 4734 1986 4805 Opifex
2021 4734 2100 4790 di—

536 4828 660 4879 vina
693 4827 890 4881 virtute
919 4827 1064 4880 lllmn
1090 4829 1424 4898 produxerit.
1452 4829 1628 4897 Caput
1649 4837 1832 4883 autem
1862 4828 2102 4882 mulieris

531 4926 620 4975 est
655 4917 770 4982 vir,
805 4918 1242 4987 quandoquidem
1282 4936 1347 4975 ex
1385 4936 1548 4976 carne
1572 4921 1713 4974 illius
1741 4930 1952 4989 sumpta
1999 4927 2100 4983 est,

537 5011 824 5078 ipsumque
870 5018 1129 5078 tanquam
1161 5012 1428 5080 quoddam
1461 5013 1571 5090 64
1593 5014 1672 5066 sui
1724 5012 1936 5067 initium
1971 5023 2104 5064 sor—

537 5104 634 5156 tita
674 5111 779 5156 est.
826 5102 1001 5172 Caput
1037 5102 1222 5157 itidem
1261 5102 1458 5160 Christi
1497 5106 1638 5162 Deus
1670 5113 1753 5160 est
1783 5123 1796 5157 :
1831 5104 2094 5172 siquidem

609 5269 652 5299 "
691 5271 707 5320 Ι
741 5269 866 5324 Cor.
903 5283 982 5330 vr,
1029 5266 1116 5332 19,
1149 5264 1240 5320 9.0.

542 5353 625 5401 ιιι,
652 5339 738 5393 58.

1319 5265 1363 5296 ’³
1391 5263 1407 5318 l
1433 5264 1557 5320 Cor.
1593 5277 1715 5326 vttt,
1750 5262 1865 5317 4-6.

1945 5261 1990 5293 “
2019 5260 2039 5314 Ι
2069 5260 2194 5316 Cor.
2224 5277 2300 5324 ιι,
2333 5261 2424 5317 ‘21.

2201 4463 2292 4526 τὸς
2322 4464 2511 4533 ἀνδρὸς
2549 4461 2787 4532 κεφαλὴν
2819 4461 2910 4514 τὸν
2942 4460 3172 4530 Χριστόν
3197 4477 3209 4488 ·
3240 4458 3536 4528 πεποίηται
3574 4456 3679 4526 γὰρ
3708 4454 3761 4505 δι’

2204 4553 2390 4618 αὐτοῦ,
2421 4555 2514 4608 καὶ
2549 4554 2803 4625 παρήχθη
2851 4552 2988 4622 πρὸς
3019 4552 3266 4620 γένεσινο
3306 4550 3406 4620 οὐχ
3431 4547 3760 4619 ὐπουργικὼς

2205 4645 2480 4709 κτίζοντος
2512 4645 2673 4700 αὐτὸν
2702 4645 2792 4698 τοῦ
2842 4646 2998 4711 Υίοῦ,
3029 4642 3358 4715 θεουργικῶς
3392 4643 3416 4681 ¹ι
3461 4641 3521 4694 δὲ
3562 4641 3758 4711 μᾶλλον,

2206 4736 2281 4799 ὠς
2318 4736 2476 4806 φύσει
2511 4737 2876 4808 Δημιουργοῦ.
2911 4736 3139 4808 Κεφαλὴ
3183 4737 3238 4789 δὲ
3275 4735 3533 4804 γυναικὸς
3563 4735 3591 4785 ὖ
3623 4731 3756 4799 ἀνὴρ»

2207 4829 2289 4880 ὅτι
2329 4829 2394 4881 ἐκ
2419 4828 2517 4899 τῆς
2563 4830 2761 4900 σαρκὸς
2801 4829 2967 4883 αὑτοῦ
3015 4828 3244 4899 ἐλήφθη,
3277 4826 3370 4880 καὶ
3400 4825 3566 4879 αὐτὸν
3598 4824 3760 4891 ὥσπερ

2210 4919 2322 4989 ἔχει
2359 4919 2457 4991 τὴν
2503 4922 2697 4992 ἀρχήν.
2742 4921 2969 4991 Κεφαλὴ
3003 4922 3059 4975 δὲ
3097 4922 3298 4991 ὁμοίως
3342 4919 3435 4972 τοῦ
3469 4915 3699 4988 Χριστοῦ
3739 4915 3763 4965 ὁ

2209 5009 2363 5077 Θεὸς,
2401 5013 2481 5065 ὅτι
2528 5011 2587 5077 ἐξ
2615 5011 2780 5066 αὑτοῦ
2820 5013 2960 5068 κατὰ
2999 5012 3190 5082 φύσιν·
3243 5011 3571 5080 γεγέννηται
3617 5005 3762 5075 γᾶρὸ

2208 5103 2378 5170 Λόγος
2408 5105 2472 5157 ὲκ
2501 5109 2593 5157 τοῦ
2627 5104 2760 5158 Θεοῦ
2791 5106 2884 5167 καὶ
2921 5105 3154 5177 Πατρός.
3183 5099 3320 5157 Εἶτα
3354 5102 3470 5164 πῶς
3505 5102 3565 5155 οὐ
3597 5099 3715 5159 85b;
3738 5101 3763 5151 tl

2501 5263 2547 5294 “
2583 5261 2600 5316 Ι
2631 5263 2757 5319 Cor.
2780 5279 2835 5328 ις,
2861 5261 2952 5317 52.
3028 5263 3073 5296 ³⁸
3107 5260 3271 5318 lCor.
3305 5274 3405 5326 ιιι,
3436 5258 3492 5313 3.
3566 5259 3611 5290 ³⁷
3642 5255 3760 5310 Luc.

1625 5489 1799 5546 Varia
1824 5487 2080 5545 lectiones
2115 5490 2317 5547 codicis
2351 5489 2703 5562 Seguieriani.

605 5628 627 5665 ιι
660 5620 875 5687 θεῖκῶς.
