3970 6136
209 204 212 206 ⁷
310 214 454 268 12:,7

1413 204 1500 259 DE
1541 200 1768 258 RECTA
1808 199 1964 256 FIDE
2007 204 2094 256 AD
2138 199 2463 258 REGINAS.

3435 189 3567 245 12ἶὸ

311 328 570 396 Χριστὸς,
613 316 676 394 οῦ
710 328 920 398 κεφαλὴ
947 327 1184 380 τέθειται
1234 323 1372 378 κατὰ
1408 324 1568 394 φύσιν
1595 323 1623 376 6
1657 321 1886 392 Πατήρ;

2011 321 2319 380 naturaliter
2370 334 2435 374 ex
2486 317 2604 387 ipso
2648 323 2750 368 est.
2803 312 3033 385 Verbum
3083 326 3314 380 namque
3355 325 3418 365 cx
3462 310 3567 363 Deo

314 423 551 496 Χριστὸν
580 422 635 475 δὲ
673 423 800 475 ὅταν
824 420 1062 487 λέγοιμι.
1115 410 1172 470 ὸν
1206 416 1520 487 ἀνθρωπεία
1564 415 1747 485 μορφῇ
1789 429 1886 466 πε-

319 517 526 586 φηνότα
552 515 641 568 τὸν
669 512 804 566 Θεοῦ
834 512 1001 578 Λόγον
1034 509 1218 562 ἐννοῶ.

1998 420 2051 466 et
2088 410 2251 464 Patre
2296 406 2534 477 genitum
2583 412 2682 459 est.
2729 403 2847 456 .lam
2883 416 2988 471 qua
3047 402 3258 456 ratione
3300 399 3565 458 Christus,

1997 503 2150 572 cuius
2209 509 2372 570 caput
2416 480 2711 552 Secundum
2764 487 3014 549 naturam‘
3054 492 3260 561 positus
3312 500 3396 545 cst
3429 491 3567 544 Deus

323 584 511 669 Pater,
553 620 655 659 non
681 605 784 660 erit
814 603 1154 658 Deus?Cum
1175 611 1356 656 autem
1395 601 1671 656 Christum
1699 596 1930 668 appello,
1971 595 2062 649 Dci
2094 593 2270 648 Patris
2319 591 2551 646 Verbum
2601 587 2869 657 intelligo,
2904 585 3046 656 quod
3103 585 3155 637 in
3195 584 3425 637 humana
3469 599 3566 637 na-

335 709 466 751 tura.
493 696 761 763 apparuit.

397 809 414 840 ι
436 829 438 831 -
460 788 550 841 Διὸ
578 785 829 856 γνωρίζω
862 785 1010 857 ὑμῖν,
1039 787 1122 840 ὅτι
1146 786 1322 850 οὐδεὶς
1349 787 1408 838 ὲν
1450 781 1730 853 Πνεύματι
1753 780 1888 836 Θεοῦ

314 879 518 944 λαλῶν,
550 877 696 947 λέγει
743 877 989 947 ἀνάθεμα
1031 878 1236 947 Ἰησοῦν
1261 892 1274 905 ⁸
1325 877 1420 930 καὶ
1451 876 1624 940 οὐδεὶς
1672 874 1892 929 δύναται

316 973 512 1032 εἰπεῖν,
549 969 753 1036 Κύριος
807 967 1036 1037 Ἰησοῦς,
1082 971 1130 1021 εἰ
1184 969 1258 1040 μὴ
1306 968 1364 1020 ὲν
1415 967 1691 1038 Πνεύματι
1731 966 1888 1035 ἁγίῳ.

316 1062 619 1130 Διαιρέσεις
647 1060 702 1112 δὲ
729 1058 1082 1128 χαρισμάτων
1111 1059 1238 1123 εἰσὶ,
1291 1058 1352 1110 τὸ
1385 1057 1442 1109 δὲ
1477 1057 1608 1108 αὐτὸ
1630 1055 1852 1124 Πνεῦμα
1874 1071 1886 1084 °

318 1152 414 1206 καὶ
451 1149 743 1221 διαιρέσεις
792 1147 1074 1204 διακονιῶν
1117 1149 1274 1212 εἰσιν,
1305 1149 1334 1199 6
1366 1147 1422 1200 δὲ
1448 1145 1610 1208 αὐτὸς
1650 1145 1851 1215 Κύριος
1875 1159 1888 1171 ·

317 1244 416 1297 καὶ
464 1241 756 1310 διαιρέσεις
802 1238 1192 1310 ἐνεργημάτων
1220 1236 1380 1302 εἰσὶν,
1413 1239 1441 1289 6
1485 1235 1542 1290 δὲ
1573 1235 1734 1298 αὐτὸς
1761 1234 1892 1298 Θεὸς

317 1337 347 1388 ὁ
373 1332 611 1406 ἐνεργῶν
647 1333 770 1384 ἐστι
807 1331 876 1385 τὰ
903 1332 1079 1384 πάντα
1114 1333 1173 1384 ἐν
1203 1331 1390 1386 πᾶσιν.
1434 1349 1454 1381 ο
1500 1329 1561 1380 Et
1596 1327 1658 1381 τὸ
1690 1327 1888 1396 λέγειν,

317 1427 403 1481 ὅτι
433 1427 533 1479 οὐκ
576 1424 692 1477 ἐστι
719 1423 880 1492 φύσει
918 1424 1012 1476 καὶ
1049 1423 1278 1494 ἀληθείᾳ
1303 1421 1436 1483 Θεὸς
1461 1423 1494 1476 6
1518 1419 1776 1491 Χριστὸς,
1805 1419 1895 1471 οὐ·

317 1519 410 1572 δὲν
439 1518 624 1587 ἕτερόν
654 1515 821 1581 ἐστιν,
862 1515 895 1586 ἢ
934 1517 1110 1568 εἰπεῖν
1136 1513 1384 1583 ἀνάθεμα
1423 1513 1661 1583 Ἰησοῦν,
1702 1511 1751 1564 ot
1801 1511 1894 1561 ὲκ-

325 1609 614 1666 6ἁλλοντες
637 1607 799 1664 αὐτὸν
825 1606 918 1659 τοῦ
945 1603 1252 1660 εἷναι-,κατὰ
1271 1603 1535 1675 ἀλήθειαν
1573 1597 1904 1672 Ἰησοῦνρύκ

2076 801 2092 833 ι
2128 778 2252 835 Ideo
2288 775 2654 834 notumWobis
2700 772 2856 832 facio,
2893 769 3036 838 quod
3081 782 3237 821 nemo
3267 766 3318 820 in
3367 765 3568 834 Spiritu

1997 873 2090 927 Dei
2138 871 2384 939 loquens,
2416 867 2545 922 dicit
2583 867 2870 919 anathema
2900 859 3026 914 Jesu
3057 877 3069 912 :
3103 867 3155 910 et
3207 873 3364 910 nemo
3395 866 3566 925 potest

1995 963 2202 1024 dicere,
2240 960 2500 1016 Dominus
2529 956 2714 1018 Iesus,
2752 956 2856 1007 nisi
2901 953 2952 1005 in
2995 950 3202 1019 Spiritu
3231 957 3438 1004 sancto.
3479 947 3570 1000 Di-

1995 1053 2256 1107 visiones.
2289 1063 2416 1104 vero
2458 1048 2764 1120 gratiarum
2797 1051 2944 1108 sunt,
2995 1041 3136 1095 idem
3182 1050 3360 1094 autem
3397 1039 3567 1108 Spiri-

1997 1153 2083 1199 tus
2113 1160 2127 1196 :
2155 1151 2208 1196 et
2256 1139 2552 1196 "divisiones
2595 1134 3054 1190 ministrationum
3093 1140 3242 1193 sunt,
3294 1129 3431 1186 idem
3471 1145 3570 1181 au-

1999 1244 2103 1288 tem
2165 1229 2468 1284 Dominus:
2513 1236 2567 1280 et
2627 1225 2922 1280 divisiones
2987 1221 3361 1292 operationum
3416 1230 3566 1277 sunt.

1998 1323 2139 1379 idem
2191 1335 2322 1378 vero
2370 1319 2538 1384 Deus,
2602 1317 2695 1386 qui
2741 1323 3002 1384 operatur
3049 1311 3230 1368 omnia
3283 1311 3334 1364 in
3391 1310 3567 1361 omni-

2004 1413 2104 1467 bus
2131 1411 2198 1465 ’⁸.
2229 1431 2248 1464 ι
2289 1409 2433 1466 Sane
2473 1409 2528 1464 si.
2571 1407 2707 1462 nihil
2756 1405 2898 1459 aliud
2949 1411 3031 1459 est
3079 1403 3259 1461 dicere
3295 1401 3568 1454 Christum

1998 1519 2104 1558 non
2147 1517 2269 1557 esse
2313 1516 2496 1556 verum
2529 1509 2583 1554 et
2624 1495 2926 1564 naturalem
2969 1495 3157 1558 Deum,
3187 1507 3350 1572 quam
3385 1492 3570 1550 dicere

1995 1598 2279 1648 anathema
2311 1590 2495 1647 Jesum
2526 1631 2542 1656 ,
2577 1589 2669 1660 qui
2709 1588 2860 1641 illum
2911 1586 3085 1656 reipsa
3115 1583 3298 1640 Jesum
3339 1596 3458 1638 esse
3489 1582 3569 1636 in-

323 1698 384 1750 ὲν
424 1695 565 1765 ἁγίῳ
605 1693 881 1764 Πνεύματι
918 1694 1078 1748 τοῦτο
1119 1693 1352 1747 ποιοῦσι·
1411 1695 1504 1748 καὶ
1543 1694 1591 1745 εί
1644 1690 1742 1754 τὰς
1788 1688 1897 1743 τῶν

2008 1680 2274 1745 liciantur,
2323 1680 2396 1734 illi
2432 1681 2618 1748 utique
2664 1680 2714 1732 iu
2760 1677 2962 1746 Spiritu
2993 1684 3183 1732 sancto
3217 1673 3357 1728 istud
3399 1673 3572 1726 neuti-

326 1787 682 1857 χαρισμάτων
712 1784 1004 1854 διαιρέσεις
1032 1785 1160 1836 ποτὲ
1191 1783 1290 1854 μὲν
1319 1784 1560 1852 ἐνεργεῖν
1598 1779 1896 1850 τὸΠνεῦμά

327 1893 480 1944 φησι,
512 1875 640 1928 ποτε
677 1875 734 1926 δὲ
763 1874 855 1926 τὸν
897 1872 1057 1926 αὑτὸν
1086 1873 1314 1944 Κύριον,
1343 1873 1472 1926 ποτὲ
1511 1872 1567 1926 δὲ
1611 1871 1702 1924 τὸν
1734 1869 1897 1927 αὑτὸν

325 1965 491 2027 Θεὸν,
539 1959 680 2016 οἶδεν
718 1962 826 2033 ἄρα
876 1962 1006 2015 Θεὸν
1043 1961 1172 2015 ὄντα
1219 1961 1474 2032 Χριστὸν,
1521 1961 1610 2014 τὸν
1643 1962 1718 2023 ὡς
1765 1960 1899 2014 Θεὸν

323 2053 651 2125 ἐνεργοῦντα
677 2053 768 2107 διὰ
794 2051 888 2104 τοῦ
930 2052 1264 2122 Πνεύματος,
1295 2053 1389 2105 καὶ
1420 2053 1494 2116 ὼς
1525 2052 1730 2121 Κύριον
1759 2048 1899 2104 κατὰ

326 2143 488 2213 φύσιν
522 2143 870 2214 διανέμοντα
893 2145 1008 2214 μετ’
1044 2144 1312 2209 ἐξουσίας,
1349 2146 1538 2212 ὥσπερ
1586 2142 1652 2196 ἂν
1702 2142 1895 2206 ἕλοιτο,

321 2234 423 2296 τὰς
465 2233 670 2287 ἄνωθεν
698 2234 925 2305 δωρεάς.
966 2233 1354 2304 Μνημονεῦσαι
1396 2234 1452 2285 δὲ
1486 2233 1585 2295 δεῖ,
1619 2233 1700 2285 ὅτι
1748 2233 1840 2284 καὶ
1870 2233 1923 2286 6.

326 2324 540 2387 Παῦλος
580 2324 683 2395 ἔφη
721 2325 855 2395 περὶ
880 2325 1136 2395 Χριστοῦ,
1181 2325 1256 2390 ὡς
1303 2325 1695 2396 ὲνεργήσαντος
1731 2324 1906 2378 αὐτοῦ

324 2416 383 2469 ὲν
411 2414 637 2486 δυνάμει
673 2416 988 2487 Πνεύματος
1021 2416 1226 2485 ἁγίουο-

402 2669 446 2701 ιη
466 2651 574 2703 Καὶ
611 2650 704 2714 οὓς
733 2652 829 2722 μὲν
860 2652 1010 2706 ἔθετο
1041 2656 1066 2708 6
1091 2654 1222 2718 Θεὸς
1247 2657 1304 2707 ὲν
1330 2659 1394 2727 τῇ
1434 2657 1732 2729 Ἐκκλησία.
1757 2659 1916 2729 πρῶοι

327 2758 418 2793 τον
451 2744 799 2807 ἀποστόλους,
828 2743 1076 2816 δεύτερον
1108 2749 1409 2818 προφήτας,
1439 2750 1618 2819 τρίτον
1645 2749 1898 2804 διδασκά-

329 2832 473 2896 λους,
498 2835 685 2887 ἔπειτα
705 2835 983 2905 δυνάμεις,
1010 2833 1126 2889 εἶτα
1155 2838 1202 2875 ¹ί⁶
1227 2838 1541 2910 χαρίσματα
1579 2841 1844 2910 ἰαμάτων.
1872 2861 1890 2894 ι

332 2921 463 2974 Θεοῦ
503 2923 795 2994 λεγομένου
837 2925 1010 2979 ταῦτα
1059 2926 1375 2997 κατορθοῦν,
1404 2931 1640 2998 ’Χριστὸς
1687 2934 1714 2984 6
1746 2933 1898 3001 ἐνερ-

1997 1786 2158 1840 quam
2214 1769 2442 1824 faciunt.
2506 1768 2742 1824 ltursum
2818 1766 2861 1820 si
2923 1766 3221 1833 gratiarum
3278 1763 3571 1816 divisiones

1999 1861 2272 1915 interdum
2336 1860 2626 1929 Spirittun,
2683 1869 3072 1922 nonnunquam
3129 1868 3256 1906 νει-ο
3317 1851 3565 1906 eumdem

2002 1951 2322 2014 Dominum,
2360 1947 2653 2017 aliquando
2687 1953 2867 1999 autem
2896 1943 3141 1998 eumdem
3169 1942 3331 1994 Deum
3360 1937 3570 2008 operari

1997 2043 2308 2114 proﬁtetur,
2344 2040 2622 2099 Christum
2659 2052 2793 2106 ergo
2839 2037 3004 2090 Deum
3051 2050 3169 2089 esse
3200 2048 3304 2087 non
3339 2033 3572 2102 ignorat,

1997 2131 2090 2202 qui
2123 2148 2224 2202 per
2251 2130 2516 2200 Spiritum
2541 2137 2797 2198 operetur
2828 2136 2886 2180 ut
2916 2126 3079 2190 Deus,
3108 2126 3308 2196 quique
3334 2123 3572 2179 cmlcstia

1998 2223 2142 2278 dona
2167 2219 2652 2290 ,quibuscunque
2702 2224 2755 2271 et
2791 2217 3284 2284 ~quomodocunque
3323 2213 3568 2274 voluerit,

2000 2323 2258 2382 tanquam
2301 2320 2498 2362 natura
2549 2307 2810 2360 Dominus
2853 2319 2960 2358 non
3008 2303 3214 2371 absque
3252 2302 3576 2356 auctoritate

1999 2402 2312 2458 distribuat.
2341 2398 2493 2465 Quod
2518 2405 2694 2450 autem
2731 2394 2999 2449 Christus.
3027 2393 3079 2446 in
3109 2394 3310 2446 virtute
3344 2390 3575 2460 Spiritus

2000 2495 2178 2548 sancti
2210 2501 2490 2560 Operetur,
2529 2489 2579 2542 id
2621 2485 2815 2540 Paulus
2855 2487 2920 2538 de
2955 2499 3019 2538 eo
3047 2484 3270 2553 loquens
3313 2481 3571 2550 ejusmodi

1929 2611 1936 2617 -
1998 2583 2244 2639 oratione
2275 2581 2526 2648 deinceps
2560 2577 2812 2646 explanat
2851 2593 2864 2628 :

2077 2694 2094 2725 ι
2123 2672 2422 2739 Quosdam,
2451 2669 2649 2739 inquit,
2678 2669 2857 2736 posuit
2881 2670 3020 2724 Deus
3045 2669 3116 2728 in
3165 2666 3428 2727 Ecclesia,
3465 2663 3574 2730 pri-

2003 2774 2146 2810 mum
2193 2757 2487 2822 apostolos,
2536 2754 2774 2807 secundo
2811 2753 3124 2822 prophetas,
3185 2751 3346 2804 tertio
3387 2749 3582 2802 dono--

2003 2863 2111 2910 ros,
2135 2846 2326 2899 deinde
2352 2846 2574 2899 virtutes
2605 2885 2621 2910 ,
2651 2844 3076 2919 exinde-gratias
3100 2841 3440 2894 curationum
3460 2838 3521 2890 ⁸³.
3551 2854 3569 2887 ι

2001 2935 2135 2990 Cum
2198 2935 2337 2989 Deus
2414 2935 2603 2989 istbmc
2665 2933 2880 2988 edicere
2958 2931 3353 3000 perhibeatur,
3420 2925 3581 2983 Chri--

299 3015 503 3104 ’γήσας
551 3019 728 3071 ἐστίν·
761 3017 916 3071 ’ἔθετο
962 3020 1070 3091 γὰρ
1098 3019 1218 3082 τοὺς
1260 3019 1592 3085 ἀποστόλους
1638 3021 1798 3086 αὐτὸς
1841 3023 1900 3074 ὲν

2008 3037 2119 3083 stus
2148 3035 2232 3082 est
2265 3025 2352 3095 qui
2402 3037 2705 3096 operatur:
2759 3023 3195 3094 quandoquidem
3249 3021 3292 3074 is
3340 3029 3441 3080 cst,
3483 3019 3572 3086 qui

329 3109 396 3177 τῇ
438 3108 756 3181 Ἐκκλησία,
785 3111 881 3164 καὶ
923 3111 1101 3181 μέντοι
1143 3114 1236 3164 καὶ
1263 3110 1638 3176 διδασκάλους,
1678 3113 1901 3184 ὲνεργῆυ

336 3215 423 3251 σαι
453 3201 544 3252 καὶ
578 3201 866 3272 δυνάμεις’
897 3203 1092 3265 δέδωκε
1127 3201 1232 3276 γὰρ
1276 3201 1526 3270 ἐξουσίαν
1570 3205 1682 3266 τοῖς
1725 3205 1900 3273 ἁγίοις

338 3293 626 3362 μαθηταῖς,
673 3293 994 3364 θεραπεύειν
1027 3297 1206 3349 πᾶσαν
1242 3295 1396 3348 νόσον
1436 3296 1530 3348 καὶ
1569 3297 1753 3351 πᾶσαν
1795 3315 1898 3368 μα-

333 3381 527 3437 λακίαν
561 3387 616 3438 ἐν
640 3384 716 3455 τῷ
747 3385 882 3455 λαῷ.

415 3576 432 3606 ι
491 3557 548 3608 '0
593 3558 882 3626 ἀσπασμὸς
917 3561 982 3628 τῇ
1015 3559 1120 3628 ἐμῇ
1171 3559 1313 3628 χειρὶ
1353 3559 1588 3613 Παύλου.
1636 3562 1702 3614 Εἴ
1724 3580 1805 3626 τις
1840 3565 1902 3617 ού

338 3646 482 3713 φιλεῖ
512 3648 604 3710 τὸν
645 3647 862 3718 Κύριον,
900 3650 1013 3724 ἤτω
1053 3649 1319 3720 ἀνάθεμα,
1356 3651 1663 3721 μαραναθᾶ.
1701 3673 1720 3705 ι
1761 3657 1908 3727 ’Ἄρα

339 3736 459 3789 τίνα
494 3740 626 3807 φησὶ
664 3739 870 3810 Κύριον
896 3744 953 3794 ἐν
980 3739 1226 3809 τούτοις;
1257 3742 1460 3813 Κύριος
1497 3743 1596 3813 μὲν
1625 3746 1733 3817 γὰρ
1774 3750 1904 3819 ὁμο-

339 3827 698 3899 λογουμένως,
752 3832 844 3884 καὶ
899 3832 1060 3896 αὐτὸς
1117 3821 1280 3896 Υἱόςο
1341 3834 1540 3902 ὁμοίως
1595 3837 1650 3889 δὲ
1701 3837 1795 3890 καὶ
1847 3837 1958 3894 τὸ,

339 3921 594 3993 Πνεῦμα·
633 3942 650 3974 ι
694 3923 748 3976 '0
771 3923 878 3994 γὰρ
904 3924 1126 3993 Κύριος,
1160 3925 1314 3997 φησὶ,
1339 3926 1642 3998 τδΠνεῦμά
1675 3929 1842 3982 ἐστιν.
1882 3948 1902 3980 ι

352 4012 408 4066 Ὀ
453 4014 507 4065 δέ
559 4031 620 4083 γε
663 4013 754 4066 τοῦ
809 4016 1078 4086 μακαρίου
1116 4017 1562 4081 Παύλουσκοπὸς.
1603 4021 1660 4072 ὲν
1695 4019 1906 4084 τούτοις

340 4106 418 4168 είς
444 4105 604 4158 αὑτὸν
631 4109 960 4162 συνετείνετο
989 4106 1004 4146 ι
1028 4109 1116 4162 τὸν
1154 4110 1378 4182 Ἰησοῦν.
1415 4131 1432 4162 ι
1470 4107 1562 4175 Εἷς
1586 4111 1716 4183 γὰρ,
1746 4114 1902 4184 φησὶ,

339 4195 562 4266 Κύριος,
592 4195 796 4267 Ἰησοῦς
824 4199 1077 4271 Χριστός.
1118 4220 1136 4251 ι
1186 4200 1593 4269 Ἀναθεματίζει
1613 4203 1793 4256 τοίνυν
1815 4204 1906 4258 τὸν

343 4285 418 4354 μὴ
448 4285 702 4354 φιλοῦντα
727 4288 908 4342 αὐτόν.
941 4290 1015 4342 Οὐ
1049 4289 1190 4358 φιλεῖ
1213 4289 1269 4343 δὲ
1293 4289 1474 4353 αὑτὸν,
1503 4291 1531 4342 ὁ
1553 4292 1690 4362 μήτε
1721 4291 1900 4360 φύσει,

2009 3115 2284 3186 apostolos
2315 3114 2367 3168 in
2402 3113 2645 3170 Ecclesia
2679 3113 2984 3178 collocavit,
3013 3116 3210 3181 quique
3245 3112 3492 3164 doctores
3522 3109 3574 3160 in

2002 3208 2190 3263 eadem
2232 3205 2492 3270 instituit,
2521 3205 2738 3275 ,quibus
2768 3219 3002 3273 quoque,
3030 3212 3087 3256 ut
3124 3203 3349 3255 virtutes
3387 3215 3580 3269 operm
3610 3236 3611 3239 η

2001 3308 2210 3363 rentur,
2245 3297 2354 3357 vim
2397 3296 2729 3364 impertivit:
2757 3295 2903 3349 dedit
2935 3308 3166 3362 namque
3197 3290 3404 3346 sanctis
3443 3305 3574 3356 apo-

2003 3387 2157 3443 stolis
2201 3395 2563 3456 potestatem,
2621 3394 2679 3439 ut
2729 3399 2889 3440 omne
2939 3383 3250 3438 morborum
3286 3379 3576 3449 .mgritudi-

2007 3492 2244 3547 numque
2272 3491 2443 3546 genus
2471 3477 2522 3530 in
2567 3475 2764 3546 populo
2794 3474 3156 3544 grassantium
3194 3479 3468 3525 curarent.

2081 3587 2100 3620 ι
2131 3567 2396 3623 Salutatio
2429 3583 2559 3626 mea
2602 3583 2764 3622 manu
2806 3567 2954 3621 Pauli
2989 3585 3004 3619 :
3038 3565 3094 3620 Si
3136 3564 3256 3634 quis
3289 3578 3392 3616 non
3431 3571 3576 3616 amat

1998 3659 2334 3728 Dominum,
2372 3659 2443 3714 sit
2483 3661 2792 3723 anathema,
2827 3657 3144 3712 maranatha
3169 3655 3240 3707 ⁸ο.
3282 3673 3299 3705 ι
3337 3653 3573 3722 Ecquam

2008 3753 2255 3817 obsecro,
2337 3751 2618 3806 Dominum
2673 3750 2775 3805 hoc
2827 3750 2944 3814 loco
2996 3748 3187 3802 vocat?
3230 3747 3280 3799 in
3328 3745 3577 3800 confesso

2011 3851 2093 3896 est
2126 3841 2292 3906 enim,
2328 3850 2434 3894 tam
2484 3840 2655 3906 ipsum
2687 3837 2904 3900 Filium,
2938 3850 3100 3906 quam
3146 3834 3408 3903 Spiritum
3440 3849 3576 3902 quo-

2013 3949 2115 4002 quc
2167 3941 2408 3988 sanctum
2445 3931 2728 3986 Dominum
2751 3933 2954 3995 vocari,
2986 3940 3039 3985 et
3085 3929 3372 3984 Dominum
3404 3942 3522 3982 esse
3559 3946 3570 3979 :

1995 4028 2269 4096 'scriptum
2323 4035 2406 4079 est
2463 4025 2650 4079 enim:
2711 4043 2729 4076 ι
2779 4023 3015 4092 Spiritus
3062 4023 3319 4078 Dominus
3349 4030 3431 4075 est
3453 4021 3516 4074 ³¹.
3553 4039 3570 4070 ι

2012 4117 2156 4173 Sane
2185 4117 2326 4171 beati
2364 4115 2514 4171 Pauli
2555 4132 2704 4169 mens
2734 4116 2782 4168 in
2815 4115 2989 4185 ipsum
3033 4113 3216 4170 Jesum
3249 4112 3334 4166 hic
3366 4111 3572 4176 fertur;

2011 4211 2340 4278 aitnamque
2367 4226 2384 4265 :
2421 4228 2438 4261 ι
2461 4206 3156 4272 UnusestDominus,.lesus
3184 4206 3512 4264 Christus".
3555 4225 3572 4256 ι

2013 4301 2193 4370 Itaque
2227 4302 2565 4354 anathemate
2600 4300 2830 4369 percutit
2870 4315 3083 4354 omnem
3144 4298 3363 4354 omnino
3402 4298 3579 4352 homi-

345 4377 481 4446 μήτε
523 4379 751 4451 ἀληθείᾳ
797 4379 972 4450 λέγων
1000 4381 1125 4434 Υὶὸν
1163 4376 1304 4435 εἶναι
1336 4381 1429 4434 τοῦ
1474 4381 1631 4446 Θεοῦ,
1668 4383 1801 4436 ἀλλὰ
1833 4383 1901 4446 ὡς

2015 4401 2159 4452 nem,
2213 4387 2304 4455 qui
2331 4385 2440 4458 65
2471 4387 2618 4440 illum
2650 4403 2753 4442 non
2786 4387 2979 4457 diligit.
3006 4385 3055 4442 Is
3091 4396 3271 4441 autem
3301 4386 3576 4441 Christum

343 4469 400 4522 ἐν
447 4469 671 4543 δευτέρᾳ
707 4472 858 4538 τάξει
908 4471 1076 4536 τιθεὶς
1111 4472 1262 4542 παρὰ
1302 4473 1396 4526 τὸν
1437 4473 1502 4526 ἐκ
1538 4471 1672 4525 Θεοῦ
1710 4474 1902 4542 Λόγον,

343 4559 437 4612 καὶ
461 4561 522 4612 τὸ
553 4563 651 4630 τῆς
679 4563 988 4634 οἰκονομίας
1019 4563 1220 4616 ἀδικῶν
1242 4565 1543 4634 ,μυστήριον
1575 4563 1662 4617 διὰ
1698 4564 1791 4619 τοῦ
1813 4563 1904 4617 τέ-

345 4665 494 4716 μνειν
533 4653 611 4712 είς
643 4651 735 4704 δύο
760 4654 850 4705 τὸν
877 4653 974 4707 ἕνα
1015 4654 1218 4725 Κύριον
1257 4655 1350 4706 καὶ
1390 4653 1618 4724 Ἰησοῦν.

2014 4491 2118 4529 non
2156 4477 2348 4546 diligit,
2397 4477 2488 4546 qui
2527 4491 2698 4546 neque
2756 4485 2944 4534 natura
2990 4491 3165 4543 neque
3209 4477 3438 4530 veritate
3484 4474 3578 4528 Dei

2013 4565 2205 4620 Filium
2256 4581 2376 4622 esse
2415 4569 2689 4636 agnoscit,
2725 4571 2816 4623 sed
2846 4583 2875 4621 a
2911 4568 3001 4622 Dei
3033 4566 3210 4622 Verbo
3239 4566 3486 4638 seiungit,
3517 4582 3581 4622 ac

2013 4655 2176 4710 veluti
2233 4656 2286 4709 in
2346 4655 2640 4712 secundum
2745 4657 2990 4712 ordinem
3045 4654 3245 4723 reiicit,
3304 4666 3466 4724 atque
3505 4655 3578 4709 ita

342 4741 466 4792 dum
559 4758 722 4795 unum
776 4743 1059 4798 Dominum
1119 4744 1300 4801 Jesum
1362 4746 1638 4802 Christum
1727 4749 1787 4802 in.
1843 4749 1978 4806 duos
2043 4747 2259 4811 dividit,
2305 4747 2721 4816 dispensationis
2772 4747 3087 4816 mysterium
3153 4746 3323 4802 atroci
3385 4746 3579 4817 injuria

341 4832 530 4888 aﬂicit.

679 4951 780 5006 Ἐκ
809 4951 918 5021 τῆς
955 4955 1103 5020 πρὸς
1133 4953 1478 5020 Κορινθίους
1509 4953 1614 5016 βἰ.

421 5061 438 5094 ι
479 5042 568 5114 Τῷ
588 5043 645 5096 δὲ
663 5042 780 5114 Θεῷ
806 5044 985 5112 χάρις,
1015 5043 1239 5096 πάντοτε
1258 5042 1333 5112 τῷ
1357 5042 1738 5113 θριαμϐεύοντι
1762 5046 1910 5114 ἡμᾶς
1935 5072 1939 5075 -

348 5131 503 5202 ἐντῷ
551 5131 790 5204 Χριστῷ,
827 5133 920 5185 καὶ
963 5132 1060 5202 τὴν
1107 5132 1281 5202 ὀσμὴν
1321 5135 1416 5202 τῆς
1457 5131 1708 5200 γνώσεως
1745 5134 1908 5187 αὑτοῦ

417 5287 465 5320 ⁸³
495 5284 515 5340 1
541 5285 668 5341 Cor.
704 5302 802 5353 xu,
835 5285 950 5341 5-6.
1030 5285 1074 5317 ’θ
1106 5285 1122 5338 l
1151 5283 1279 5340 Cor.
1306 5298 1402 5350 XII,
1434 5285 1522 5339 28.

1600 5287 1645 5318 ⁸ο
1682 5287 1703 5338 1
1743 5285 1870 5342 Cor.
1901 5301 2009 5353 xVI,
2043 5287 2134 5344 21.

2368 4953 2453 5008 Ea:
2486 4955 2762 5022 posteriori
2795 4955 2864 5008 ad
2910 4953 3229 5008 Corinthios.

2095 5044 2255 5099 «Deo
2293 5055 2472 5100 autem
2503 5046 2722 5115 gratias,
2757 5047 2848 5114 qui
2898 5061 3111 5113 semper
3137 5043 3432 5110 triumphat
3484 5057 3580 5096 nos

2017 5136 2070 5190 in
2105 5135 2320 5194 Christo
2353 5136 2502 5204 Jesu,
2533 5146 2588 5192 et
2627 5138 2847 5193 odorem
2894 5135 3097 5192 notitia:
3128 5150 3239 5189 suae
3274 5131 3604 5189 manifestat.

2212 5287 2255 5318 "
2285 5288 2445 5344 Joan.
2479 5306 2551 5357 tv,
2576 5292 2676 5346 ,ΕΞ-ί.
2757 5291 2802 5322 ³²
2834 5291 2849 5344 l
2879 5288 3008 5344 Cor.
3037 5303 3151 5354 vul,
3192 5288 3244 5343 6.

1420 5447 1594 5504 Variae
1622 5445 1879 5504 lectiones
1916 5446 2114 5505 codicis
2145 5448 2494 5518 Seguieriaui.

431 5578 476 5617 ι’
503 5579 711 5632 ἔπειτα.
795 5575 814 5616 1
850 5575 1199 5630 συντείνεται.
