3970 6136
411 291 549 347 1219

1380 289 1438 346 S.
1480 288 1761 345 CYRILLI
1795 290 2266 348 ALEXANDRINI
2304 291 2623 349 ARCHIEP.

3517 296 3655 351 12⁸Ξο

408 401 696 473 doquidem
730 402 947 472 copiosa
996 417 1207 459 merces
1244 417 1308 459 ea
1354 404 1420 459 de
1459 418 1619 460 causa
1676 406 1825 460 reddi
1853 420 1973 461 con-

2083 408 2250 462 αὑτοῦ
2283 410 2348 462 ἐκ
2379 404 2632 473 θανάτου,
2664 410 2756 462 καὶ
2780 408 3009 479 καλύψει
3042 407 3245 480 πλῆθος
3280 409 3585 481 ἁμαρτιῶν.
3626 429 3649 462 ι

409 496 586 550 suevit
618 512 632 549 :
663 494 925 563 scriptum
961 503 1045 549 est
1076 494 1218 550 enim
1247 512 1262 548 :
1295 511 1314 546 ι
1366 494 1468 561 Qui
1502 495 1740 551 converti
1788 496 1978 553 fecerit

410 595 749 657 peccatorem
793 586 860 640 ab
896 599 1083 641 errore
1144 585 1241 640 viae
1293 586 1686 650 suae,salvabit
1741 590 1974 643 animam

409 679 524 747 ejus
540 693 568 733 a
587 686 778 740 morte,
797 688 852 732 et
868 678 1073 746 operiet
1101 677 1491 733 multitudinem
1505 680 1929 750 peccatorum".
1949 698 1968 732 ι

409 768 578 824 Porro
624 776 802 822 autem
833 783 955 823 cum
990 768 1253 838 ejusmodi
1288 769 1573 823 sententiis
1623 770 1973 835 adducendis,

374 857 493 925 ,vel
532 860 841 914 earumdem
888 874 1102 928 quoque
1151 859 1612 931 conclusionibus,
1639 860 1867 916 subinde
1888 861 1973 915 di-

410 950 547 1003 cturi
593 964 801 1013 sumus,
855 952 996 1006 Deus
1053 952 1216 1023 igitur
1257 962 1338 1007 est
1380 951 1786 1021 Christus;aut
1840 970 1978 1029 unus

408 1054 536 1109 ergo
565 1039 735 1096 Filius
775 1051 831 1096 et
858 1041 1118 1097 Dominus
1148 1052 1230 1096 est
1256 1042 1506 1097 Christus
1534 1062 1546 1097 :
1576 1058 1681 1098 non
1715 1058 1781 1100 eo
1812 1059 1974 1099 sensu

409 1131 462 1184 id
518 1131 769 1196 dicimus,
807 1147 915 1202 quo
969 1132 1078 1196 illi;
1124 1132 1277 1202 quasi
1342 1135 1597 1187 nit‘nirum
1658 1132 1975 1190 Emmanuel

407 1222 697 1283 secundum
749 1220 978 1289 gratiam
1032 1231 1239 1276 tantum
1302 1221 1465 1288 Deus,
1510 1235 1606 1278 aut
1664 1223 1854 1291 Filius,
1886 1233 1978 1280 aut

406 1308 668 1363 Dominus
694 1310 762 1363 sit
793 1311 1135 1377 nominatus;
1164 1320 1254 1364 aut
1272 1326 1369 1381 per
1394 1313 1639 1369 assiduos
1660 1328 1978 1385 progressus

406 1405 462 1450 et
504 1397 854 1461 incrementa,
895 1399 1116 1466 perinde
1149 1414 1212 1455 ac
1261 1415 1400 1456 unus
1447 1401 1716 1470 quispiam
1742 1417 1772 1457 e
1800 1404 1977 1458 medio

406 1501 567 1561 grege
588 1488 863 1554 ndstriqne
893 1487 1086 1543 similis
1127 1488 1287 1543 homo
1317 1490 1717 1557 sanctiﬁcatus,
1752 1491 1818 1545 ad
1850 1493 1977 1547 illud

406 1577 586 1645 gloria)
614 1578 824 1632 culmen
847 1580 1249 1633 conscenderit.
1277 1578 1476 1634 Verum
1504 1597 1669 1635 unum
1703 1583 1801 1637 hoc
1824 1583 1978 1637 insti-

2096 501 2183 554 Ἐν
2211 500 2268 554 δέ
2306 516 2369 569 γε
2398 504 2518 564 ταῖς
2546 499 2656 553 τῶν
2694 499 2911 554 ἐννοιῶν
2937 499 3246 571 εὑρέσεσιν,
3276 500 3394 571 ἦτοι
3438 517 3654 570 συμπε-

2083 590 2377 663 ράσμασιν,
2406 591 2535 645 ὅταν
2562 589 2833 660 λέγωμεν,
2875 588 3007 653 Θεὸς
3048 586 3141 644 οὖν
3169 589 3280 660 ἄρα
3316 591 3346 643 ό
3394 591 3654 663 Χριστὸς,

2078 682 2245 753 ἧγουν
2286 677 2368 745 εἷς
2399 683 2507 752 ἄρα.
2535 683 2564 734 6
2593 682 2721 746 Υίδς
2763 683 2856 736 καὶ
2888 682 3092 752 Κύριος
3128 681 3335 752 Ἰησοῦς
3378 683 3652 752 Χριστός’

2079 773 2179 842 οὐχ
2217 772 2359 826 οὓτω
2403 773 2604 843 φαμὲν,
2646 772 2722 838 ὡς
2764 775 2983 838 ἐκεῖνοι,
3038 773 3173 826 Θεὸν
3208 772 3353 827 κατὰ
3396 774 3584 843 χάριν,
3622 774 3658 845 ἦ

2085 861 2236 927 Υἱὸν,
2294 861 2327 933 ἢ
2367 860 2569 934 Κύριον
2617 863 2929 935 ὠνομάσθαι
2969 863 3064 917 τὸν
3100 864 3479 935 Ἐμμανουὴλ,
3516 865 3550 934 ἢ
3594 866 3659 918 ὲκ

2086 955 2367 1023 προκοπῆς
2388 991 2403 1015 ,
2438 954 2471 1024 ἢ
2506 954 2800 1018 ἐπιδόσεως
2819 995 2834 1019 ,
2867 956 2947 1019 είς
2973 953 3131 1009 τοῦτο
3160 954 3318 1027 δόξης
3344 955 3543 1020 ἐλθεῖν,
3581 956 3659 1020 ὡς

2094 1042 2192 1096 ’ἐνα
2219 1044 2312 1098 τὸν
2340 1044 2462 1098 καθ’
2484 1046 2629 1115 ἡμᾶς
2661 1046 2837 1101 κοινὸν
2862 1048 2954 1100 καὶ
2978 1046 3311 1116 ἡγιασμένον
3330 1046 3621 1118 ἄνθρωπον
3637 1063 3653 1077 ⁸

2089 1133 2265 1187 ἐκεῖνο
2304 1133 2364 1187 δὲ
2408 1134 2627 1204 μᾶλλον,
2655 1135 2737 1189 ὅτι
2767 1134 2898 1199 Θεὸς
2927 1134 3002 1190 ὣν
3026 1137 3055 1190 6
3079 1137 3250 1204 Λόγος
3268 1175 3283 1202 ,
3311 1130 3431 1189 εἶτα
3466 1135 3655 1200 καθεὶς

2079 1223 2270 1276 ἑαυτὸν
2296 1225 2376 1289 εἰς
2406 1225 2655 1291 κένωσιν,
2685 1227 2777 1279 καὶ
2805 1229 2863 1280 ὲν
2895 1226 3081 1280 δούλου
3129 1229 3309 1298 μορφῇ
3342 1227 3655 1298 καταϐεϐη-

2077 1312 2211 1380 κὼς,
2242 1315 2393 1368 οὐδὲν
2419 1311 2579 1388 ἧττόν
2610 1318 2726 1370 ἐστι
2751 1317 2885 1381 Θεὸς
2916 1317 3189 1389 ἀληθινὸς,
3220 1318 3316 1371 καί⁵
3346 1318 3512 1388 φύσει
3545 1318 3653 1372 τῶν

2075 1403 2213 1458 ὅλων
2257 1405 2459 1476 Κύριος
2492 1406 2665 1469 ἔσται,
2704 1408 2798 1461 καὶ
2829 1408 3009 1478 μόνος,
3057 1409 3149 1462 καὶ
3181 1408 3362 1472 ίδικῶς
3396 1409 3546 1473 Υἱός.
3580 1402 3650 1481 ’ῼ

2076 1497 2169 1548 καὶ
2194 1497 2353 1566 ἡμεῖς
2379 1497 2859 1569 συμμορφούμενοι
2883 1498 3025 1552 κατὰ
3053 1498 3212 1570 χάριν
3237 1498 3341 1569 τὴν
3358 1498 3425 1552 δι’
3453 1498 3644 1563 αὑτοῦ,

2077 1586 2214 1657 πρὸς
2244 1588 2344 1659 τὴν
2375 1590 2473 1659 τῆς
2508 1591 2781 1654 υἱοθεσίας
2806 1589 3170 1661 ἀναϐαίνομεν
3201 1590 3381 1655 δόξαν.
3435 1598 3449 1614 ’

409 1670 607 1727 luimus
640 1681 692 1726 et
714 1671 962 1736 dicimus,
984 1688 1176 1742 nempe
1206 1672 1438 1729 Verbum
1494 1689 1617 1730 cum
1692 1677 1834 1731 Deus
1878 1687 2043 1743 esset,
2080 1681 2147 1734 ad
2200 1682 2646 1749 exinanitionem,
2685 1685 3044 1755 servilemque
3084 1685 3315 1740 fortnam
3372 1701 3432 1742 se
3477 1687 3652 1741 demi-

404 1757 542 1812 sisse
574 1774 636 1814 ac
667 1760 1040 1826 descendisse;
1071 1762 1142 1814 ita
1174 1770 1353 1815 tamen
1385 1772 1443 1816 ut
1488 1777 1646 1835 verus
1699 1765 2049 1823 nihilominus
2088 1769 2228 1826 Deus
2275 1786 2338 1827 ac
2396 1775 2689 1830 secundum
2735 1785 2984 1831 naturam
3041 1778 3417 1831 universorum
3469 1778 3650 1833 Domi-

416 1860 520 1900 nus
573 1847 951 1915 permanserit,
997 1849 1255 1916 solusque
1297 1858 1352 1903 et
1390 1851 1609 1920 proprie
1664 1852 1981 1910 Filius:cui
2021 1866 2075 1912 ct
2095 1873 2195 1914 nos
2249 1874 2464 1933 quoque
2521 1878 2617 1933 per
2663 1868 2895 1936 gratiam
2928 1866 3097 1937 ipsius
3129 1867 3562 1933 conformantur,
3592 1876 3648 1922 et

406 1936 471 1990 ad
493 1936 793 2004 ad0ptionis
824 1936 1048 2005 gloriam
1080 1938 1517 1994 conscendimus.

502 2025 614 2079 XII.
666 2026 931 2081 Cteterum
985 2043 1179 2082 nomen
1240 2029 1362 2095 hoc,
1430 2029 1702 2098 Christus,
1729 2032 1970 2101 quidam,

2145 2036 2243 2092 IB'.
2275 2042 2482 2113 Ὄνομα
2507 2045 2562 2098 δὲ
2592 2006 2964 2116 τὸῖ,Χριστός,
3001 2050 3230 2119 πρέπειν
3261 2052 3499 2123 usumin:
3527 2049 3646 2107 οῖδα

409 2115 591 2170 nescio
620 2116 921 2184 quomodo,
950 2116 1045 2170 Dei
1089 2115 1265 2172 Patris
1306 2118 1481 2173 Verbo
1531 2118 1694 2174 etiam
1729 2134 1973 2176 seorsum

407 2224 471 2263 ac
504 2225 597 2278 per
621 2224 700 2273 se,
735 2211 834 2265 hoc
855 2219 959 2275 est,
1008 2218 1067 2264 ut
1095 2221 1246 2266 extra
1289 2225 1507 2266 carnem
1537 2214 1768 2281 positum
1797 2224 1978 2271 mente

405 2300 726 2368 concipitur,
760 2300 1054 2355 convenire
1092 2310 1366 2365 asserunt,
1410 2317 1533 2356 mox
1577 2317 1706 2358 vero
1738 2304 1790 2358 in
1829 2304 1975 2358 illum

407 2406 622 2460 quoque
676 2391 924 2447 similiter
972 2392 1101 2446 illud
1154 2404 1464 2463 competere
1511 2396 1863 2460 contendunt,
1884 2396 1975 2466 qui

404 2496 471 2536 ex
497 2498 646 2537 sacra
682 2483 902 2552 Virgine
927 2492 1084 2538 natus
1104 2492 1209 2547 est,
1260 2496 1417 2554 prout
1445 2485 1535 2541 hic
1558 2502 1775 2557 quoque
1801 2501 1896 2557 per
1919 2502 1980 2543 se

406 2575 696 2642 separatim
753 2575 1049 2630 subsistere
1099 2576 1823 2646 consideratur:postremo
1863 2592 1980 2633 am-

411 2664 584 2719 bobus
642 2665 803 2718 simul
858 2665 1083 2734 perinde
1127 2681 1190 2722 ac
1247 2669 1338 2722 uni
1384 2683 1682 2739 congruere
1738 2674 1976 2740 tradunt,

406 2755 613 2831 ratione
672 2755 924 2809 nimirum
962 2757 1387 2826 coniunctionis,
1418 2769 1479 2813 ut
1523 2759 1624 2830 ipsi
1661 2761 1974 2831 loquuntur,

405 2844 459 2899 in
489 2828 648 2899 unam
676 2846 793 2901 illos
819 2862 1103 2914 personam
1131 2849 1449 2920 colligantes
1474 2850 1494 2920 (
1520 2867 1643 2905 nam
1665 2868 1806 2909 verae
1835 2854 1978 2912 illius

407 2935 773 3006 natur-alisque
828 2938 1067 3004 unionis,
1108 2940 1318 2994 etiamsi
1353 2956 1514 2995 unam
1545 2943 1685 2999 hanc
1725 2948 1970 3015 mysterii

408 3026 564 3095 hujus
599 3027 738 3081 viam
769 3028 1004 3096 planam,
1037 3038 1092 3083 et
1139 3031 1208 3085 ab
1252 3032 1398 3084 omni
1435 3047 1623 3088 errore
1652 3043 1821 3089 tutam
1850 3052 1977 3105 pre-

406 3117 636 3184 positam
679 3116 936 3180 habeant,
970 3118 1115 3172 nulla
1151 3122 1290 3188 apud
1344 3121 1462 3176 illos
1494 3123 1722 3178 habetur
1759 3127 1970 3195 ratio):

404 3215 458 3257 et
492 3205 602 3258 haec
631 3205 839 3276 illorum
869 3207 1125 3261 simulata
1151 3208 1422 3264 confessio
1455 3227 1557 3265 non
1610 3222 1693 3267 est
1739 3214 1972 3282 sincera,

405 3295 498 3348 sed
521 3297 624 3348 atri
660 3297 850 3350 veneni
886 3298 1304 3368 impostnraeque
1345 3301 1524 3371 plena.
1570 3302 1703 3356 Nam
1726 3320 1846 3359 cum
1893 3308 1974 3360 di-

2078 2130 2213 2195 πῶς,
2234 2131 2665 2191 διαϐεϐαιοῦνται
2703 2156 2846 2203 τινες
2887 2139 2982 2195 καὶ
3032 2141 3216 2207 ἰδικῶς
3254 2161 3315 2196 τε
3367 2148 3458 2198 καὶ
3506 2148 3645 2202 κατὰ

2080 2222 2266 2290 μόνας,
2295 2222 2386 2278 καὶ
2416 2225 2518 2293 ἔξω
2553 2229 2753 2299 σαρκὸς
2780 2230 2891 2283 ὄντι
2933 2249 2993 2285 τε
3030 2234 3124 2286 καὶ
3168 2236 3444 2306 νοουμένῳ
3472 2237 3553 2308 τῷ
3582 2240 3646 2291 ὲκ

2076 2314 2211 2369 Θεοῦ
2240 2318 2393 2384 φύντι
2421 2318 2578 2391 Λόγῳ
2598 2339 2609 2351 ·
2644 2322 2876 2393 πρέπειν
2899 2325 2956 2379 δὲ
2983 2328 3187 2397 ὁμοίως
3211 2330 3307 2382 καὶ
3342 2329 3421 2400 τῷ
3452 2332 3516 2383 ἐκ
3544 2331 3643 2400 τῆς

2079 2406 2243 2473 ἁγίας
2268 2410 2544 2480 Παρθένου
2570 2405 2970 2487 γεγεννημένῳ,
2999 2418 3101 2472 κᾶν
3125 2420 3174 2471 εἰ
3192 2423 3367 2473 νοοῖτο
3389 2421 3640 2491 ὑπάρχων

2078 2500 2218 2554 κατὰ
2248 2502 2415 2572 μόνας
2441 2503 2521 2558 ἔτι
2550 2505 2644 2559 καὶ
2669 2506 2790 2560 καθ’
2812 2509 3005 2563 ἑαυτόν
3025 2527 3039 2540 ·
3068 2512 3163 2564 καὶ
3197 2512 3399 2582 τρίτως
3429 2513 3485 2566 δὲ
3513 2512 3640 2583 πρέ-

2062 2607 2199 2644 πειν
2250 2592 2472 2664 ἀμφοῖν,
2517 2597 2714 2651 ὡσανεὶ
2752 2612 2777 2639 ι
2829 2600 2924 2652 τοῦ
2968 2601 3069 2671 τῆς
3116 2603 3415 2672 συναφείας
3460 2603 3638 2673 λόγου,

2077 2681 2325 2752 καθάπερ
2358 2686 2510 2738 αὐτοί
2552 2705 2735 2754 φασιν,
2770 2692 2848 2753 είς
2886 2690 2945 2743 ἓν
2975 2693 3171 2756 αὐτοὺς
3199 2695 3489 2760 πρόσωπον
3524 2712 3642 2748 συν-

2077 2770 2374 2836 εισδέοντες
2392 2782 2420 2821 Y
2447 2788 2458 2799 ·
2485 2775 2731 2841 ὲνὼσεως
2756 2778 2864 2850 γὰρ
2890 2780 2989 2850 τῆς
3016 2781 3158 2834 κατὰ
3196 2782 3359 2849 φύσιν
3384 2785 3477 2837 καὶ
3508 2783 3640 2852 ἀληο

2078 2859 2204 2923 θοῦς
2236 2861 2412 2926 οὐδεὶς
2437 2863 2589 2930 λόγος
2618 2866 2799 2930 αὐτοῖς
2818 2884 2831 2898 ·
2859 2869 3036 2922 καίτοι
3073 2871 3277 2941 ταύτην
3308 2874 3517 2943 ἔχοντος
3546 2875 3640 2926 τοῦ

2082 2954 2378 3024 μυστηρίου
2405 2957 2501 3023 τὴν
2535 2955 2653 3010 όδδν
2684 2959 2849 3030 ὀρθὴν
2892 2962 2986 3016 καὶ
3018 2963 3448 3033 ἁπλανεστάτην’
3478 2965 3573 3017 καὶ
3602 2967 3636 3035 η

2080 3040 2275 3109 σκῆψις
2317 3044 2495 3097 αὐτῶν
2540 3047 2638 3117 οὐχ
2684 3049 2870 3119 ἁπλῆ,
2928 3052 3153 3122 πικρίας
3192 3054 3249 3106 δὲ
3299 3053 3494 3123 μᾶλλον
3541 3055 3641 3107 διιῆ⁵

2078 3131 2292 3202 ἀπάτης
2363 3135 2733 3204 μεμέστωται.
2786 3141 3002 3210 Ἐπειδὴ
3051 3143 3160 3211 γὰρ
3202 3145 3234 3213 ἡ
3286 3143 3640 3208 θεόπνευστος

2077 3222 2266 3294 Γραφὴ
2308 3226 2541 3295 Χριστὸν
2571 3230 2932 3300 όνομάζουσα,
2966 3235 3143 3289 πάντα
3166 3236 3316 3308 αὐτῷ
3348 3239 3643 3310 προσνέμει

2079 3316 2146 3367 τὰ
2174 3314 2450 3388 θεοπρεπῆ
2498 3317 2644 3385 (οἶδε
2688 3323 2816 3395 γὰρ,
2868 3322 2975 3379 οἶδε
3016 3328 3074 3380 ὲν
3105 3327 3422 3401 ἀνθρωπεία
3457 3334 3640 3401 μορφῇ

405 3386 525 3458 vina
557 3386 831 3455 Scriptura
858 3388 1132 3443 Christum
1158 3392 1463 3458 nominans,
1490 3395 1670 3449 omnia
1694 3396 1768 3449 illi
1794 3398 1973 3454 divina

407 3474 833 3495 -.___.:-,.-_...
1048 3487 1061 3495 ,
1110 3480 1124 3495 ,
1194 3494 1197 3495 ν
1252 3480 1285 3495 .,
1417 3482 1428 3493 .
1647 3485 1677 3495 .,
1730 3485 1743 3495 .

2080 3386 2356 3476 πεφηνόεο.
2386 3386 2480 3464 καὶ
2512 3386 2926 3485 σεσαρκωμένον
2955 3418 3047 3472 τὸν
3078 3386 3223 3474 Θεοῦ.
3250 3386 3423 3490 Λόγον
3438 3386 3480 3495 )“,

405 3474 720 3543 simpliciter
746 3474 1066 3547 5htribnat
1106 3480 1291 3550 (novit
1343 3482 1511 3547 enim,
1538 3485 1706 3548 novit,
1730 3485 1970 3557 inquam,

405 3564 519 3629 illa,
554 3565 643 3619 Dei
677 3565 906 3621 Verbum
943 3568 997 3622 in
1060 3569 1295 3626 humana
1344 3572 1514 3629 forma
1564 3579 1876 3646 apparuisse
1917 3593 1973 3635 et

403 3669 620 3709 carnem
648 3656 846 3712 factum
884 3660 1071 3733 esse);
1118 3663 1329 3719 illorum
1358 3675 1536 3721 autem
1590 3669 1892 3725 institutum
1921 3682 1976 3726 et

405 3761 618 3816 scapus,
652 3749 743 3819 qui
794 3752 1006 3807 diversa
1037 3755 1104 3807 ab
1143 3755 1229 3811 bis
1257 3758 1515 3825 sentiunt,
1552 3762 1623 3816 sit
1651 3763 1976 3830 persuadere

403 3853 523 3892 eum
548 3841 639 3910 qui
666 3856 731 3896 ex
767 3843 989 3899 muliere
1024 3854 1182 3902 natus
1204 3855 1306 3914 est,
1331 3849 1601 3906 hominem
1651 3866 1769 3908 esse
1796 3870 1958 3908 unum

404 3932 839 4002 quempiam,qui
880 3950 976 4004 per
1003 3936 1359 4006 incrementa,
1393 3950 1451 3995 ut
1477 3941 1613 4006 dixi,
1648 3952 1702 3999 et
1738 3960 1834 4014 per
1857 3960 1976 4015 pro-

2080 3500 2179 3562 πὸς
2210 3500 2265 3553 δὲ
2301 3505 2413 3565 τοῖς
2457 3503 2622 3576 ἕτερα
2672 3507 2823 3578 παρὰ
2861 3509 3018 3564 τοῦτο
3062 3516 3276 3583 φρονεῖν
3313 3517 3639 3586 ᾑρημένοις,

2081 3589 2173 3641 καὶ
2202 3590 2379 3643 κοινὸν
2412 3591 2695 3662 ἄνθρωπον
2724 3596 3045 3665 ἀποφαίνειν
3072 3599 3162 3652 τὸν
3187 3601 3252 3652 ἐκ
3279 3602 3558 3668 γυναικὸς,
3588 3601 3646 3666 ἐξ

2077 3678 2387 3744 ἐπιδόσεως,
2422 3682 2497 3745 ὡς
2527 3684 2684 3755 ἔφην,
2708 3689 2801 3741 καὶ
2833 3689 2892 3754 ἐξ
2926 3689 3060 3753 ιδίας
3084 3707 3143 3743 τε
3178 3692 3272 3745 καὶ
3298 3692 3644 3763 ἀνθρωπίνης

2078 3771 2280 3840 ἀρετῆς
2310 3771 2457 3836 ἄξιον
2501 3776 2692 3829 ἑαυτὸν
2725 3782 3153 3849 παραστήσαντα
3195 3782 3291 3836 τοῦ
3326 3785 3530 3854 χρῆναι
3562 3801 3642 3836 τι·

2082 3861 2285 3929 μᾶσθαι
2318 3864 2411 3916 καὶ
2434 3866 2694 3937 συναφείᾳ
2722 3869 3014 3937 προσώπου
3040 3875 3105 3943 τῇ
3138 3873 3273 3942 πρὸς
3301 3875 3391 3928 τὸν
3415 3877 3485 3929 ἐκ
3511 3874 3639 3928 Θεοῦ

2077 3951 2269 4018 Λόγον,
2306 3953 2398 4006 καὶ
2426 3956 2720 4011 ἁπόλεκτον
2745 3959 3171 4043 γενέσθαικατὰ
3204 3965 3537 4035 πρόγνωσιν.

410 4026 605 4092 priam,
647 4026 748 4081 hoc
792 4036 874 4082 est
910 4028 1195 4085 humanam
1255 4032 1505 4088 virtutem
1565 4036 1782 4105 (lignum
1845 4053 1904 4093 se
1957 4043 2264 4108 prmbnerit,
2308 4046 2399 4115 qni
2450 4049 2706 4103 honorem
2746 4067 2960 4121 quoque
3003 4030 3357 4110 connexionis
3387 4072 3513 4111 cum
3553 4056 3635 4113 Dei

410 4115 582 4171 Verbo
655 4129 1055 4187 assequeretur,
1123 4131 1178 4178 et
1234 4124 1425 4193 insigni
1507 4128 1977 4196 praedestinatione
2015 4134 2322 4204 eligeretur.

475 4206 616 4260 XIII.
656 4205 861 4264 Idcirco
909 4226 1101 4267 nomen
1149 4214 1267 4277 hoc,
1306 4214 1573 4281 Christus,
1598 4219 1697 4274 soli
1755 4236 1972 4291 quoque

410 4296 583 4353 Verbo
612 4300 754 4379 quod
779 4314 843 4354 ex
867 4300 976 4357 Deo
1019 4302 1180 4359 Patre
1218 4314 1395 4361 ortum
1431 4318 1533 4376 est,
1558 4320 1616 4362 ut
1647 4313 1872 4366 seorsim
1904 4326 1973 4369 ac

403 4402 501 4457 per
538 4403 597 4442 se
622 4390 915 4446 subsistere
944 4395 1342 4465 consideratur,
1383 4401 1674 4454 convenire
1696 4413 1973 4458 asserunt.

405 4479 516 4533 Nos
545 4488 723 4546 autem
747 4481 819 4535 ita
847 4484 1052 4538 sentire
1089 4495 1181 4540 aut
1213 4487 1356 4557 loqui
1414 4506 1750 4560 nequaquam
1789 4495 1978 4550 didici-

406 4583 527 4623 mus
581 4589 595 4624 :
641 4572 1072 4642 quandoquidem
1128 4584 1253 4633 tunc
1306 4580 1537 4647 primum
1586 4574 1974 4641 Verbumlesu

2148 4227 2244 4281 II".
2278 4230 2483 4284 Ἐκεῖνό
2524 4251 2706 4301 φασιν,
2743 4235 2920 4300 ὅτιτὸ,
2954 4237 3230 4303 Χριστὸς,
3248 4238 3417 4308 ὄνομα
3445 4240 3636 4310 πρέπει

2079 4318 2174 4370 καὶ
2210 4319 2374 4390 μόνῳ,
2420 4322 2514 4375 καὶ
2561 4323 2686 4395 ἰδίᾳ,
2736 4326 2829 4378 καὶ
2858 4326 2981 4379 καθ’
3010 4328 3201 4381 ἑαυτὸν
3227 4330 3508 4400 νοουμένῳ
3551 4330 3639 4383 καὶ

2073 4409 2367 4482 ὑπάρχοντι
2416 4412 2495 4481 τῷ
2546 4415 2608 4466 ὲκ
2666 4415 2800 4469 Θεοῦ
2849 4418 3062 4489 Ιιατρὸς
3104 4420 3410 4488 πεφηνότι⁸
3465 4421 3637 4489 Λόγῳ.

2083 4500 2274 4568 Ἡμεῖς
2315 4502 2372 4555 δὲ
2398 4504 2495 4572 οὐχ
2532 4504 2673 4558 οὕτω
2701 4506 3056 4578 ὃεδιδάγμεθα
3105 4513 3341 4579 φρονεῖν,
3373 4511 3405 4580 ἢ
3441 4513 3635 4579 λέγειν.

2077 4593 2207 4644 Ὅτε
2235 4593 2343 4663 γὰρ
2377 4595 2565 4661 γέγονε
2595 4596 2731 4667 σὰρξ
2758 4601 2786 4652 6
2813 4600 3003 4669 Λόγος,
3039 4602 3159 4654 τότε
3195 4605 3289 4656 καὶ
3325 4602 3637 4673 ὠνομάσθαι

404 4659 603 4715 Christi
638 4665 1044 4734 appellationem
1066 4670 1311 4724 sortitum
1339 4671 1590 4737 dicimus,
1613 4689 1735 4729 cum
1769 4676 1971 4733 factum

2079 4659 2258 4752 φαμι)
2307 4659 2468 4737 ἀδέδᾲ
2511 4659 2744 4756 Χρισεὲδζρ
2781 4659 3007 4759 aquosi.
3050 4690 3264 4759 Ἐπειδὴ
3311 4659 3636 4762 γάρ’κέχρι-

405 4761 490 4806 est
538 4765 702 4817 caro;
750 4757 1013 4824 siquidem
1067 4762 1135 4816 ob
1183 4762 1233 4816 id
1262 4762 1511 4821 Christus
1568 4776 1810 4836 vocatur,
1845 4771 1969 4839 quia

402 4841 783 4899 exsultationis
839 4848 979 4916 oleo,
1008 4852 1109 4907 hoc
1145 4864 1230 4908 est
1287 4855 1491 4923 Spiritu
1525 4868 1753 4933 sancto,
1781 4876 1810 4914 a
1867 4863 1972 4917 Deo

404 4932 561 4988 Patre
590 4934 867 4991 inunctum
893 4948 996 4995 est.
1023 4940 1175 5007 Quod
1202 4952 1380 4999 autem
1401 4946 1641 5002 inunctio
1660 4949 1746 5003 illa
1767 4965 1973 5005 assum-

403 5032 505 5091 ptte
552 5023 902 5082 humanitatis
954 5031 1164 5087 ratione
1225 5033 1299 5087 illi
1356 5037 1664 5105 conveniat,
1729 5041 1781 5095 id
1830 5043 1970 5113 apud

405 5126 549 5168 recte
601 5117 894 5173 sentientes
928 5120 980 5174 in
1025 5124 1373 5191 quaestionem
1410 5142 1515 5182 non
1560 5131 1745 5185 venit:
1772 5147 1895 5187 nam
1923 5136 1968 5188 sl

407 5202 496 5257 Dei
528 5203 762 5262 Verbum
799 5209 938 5267 Deus
960 5221 1066 5279 est,
1098 5213 1241 5269 nulla
1279 5217 1463 5287 utique
1521 5221 1778 5277 unctione
1823 5224 1968 5279 indi-

467 5354 517 5386 ⁵³
548 5357 658 5415 Jac.
689 5378 741 5425 v,
769 5365 860 5420 20.

2080 4791 2202 4826 σται
2258 4774 2334 4844 τῷ
2381 4775 2544 4846 ἐλαίῳ
2596 4777 2695 4846 τῆς
2747 4777 3138 4845 ἀγαλλιάσεως,
3194 4781 3312 4847 ἦτοι
3366 4781 3446 4851 τῷ
3504 4782 3638 4851 ἁγίῳ

2079 4864 2352 4934 Πνεῦματι
2400 4866 2552 4937 παρὰ
2596 4865 2691 4919 τοῦ
2741 4866 2875 4919 Θεοῦ
2941 4868 3035 4921 καὶ
3079 4868 3324 4939 Πατρδς,
3384 4869 3638 4940 ταύτῃτοι

2077 4955 2311 5025 Χριστὸς
2345 4956 2683 5026 ὀνομάζεται.
2713 4958 2838 5010 Ὅτι
2882 4958 2938 5012 δὲ
2975 4959 3102 5031 περὶ
3133 4960 3195 5012 τὸ
3231 4960 3569 5030 ἀνθρώπινον
3604 4962 3635 5029 ἡ

2078 5045 2278 5114 χρίσις,
2308 5047 2408 5099 οὐκ
2436 5046 2502 5100 ἂν
2533 5048 2821 5102 ὲνδοιάσειέ
2856 5067 2938 5113 τις
2970 5049 3081 5103 τῶν
3111 5050 3246 5119 ὀρθὰ
3271 5053 3490 5120 φρονεῖν
3515 5052 3636 5105 εἰω-

2078 5133 2282 5188 θότωνο
2326 5138 2415 5190 εἰει
2461 5138 2560 5207 μὲν
2590 5138 2696 5210 γὰρ
2740 5138 2872 5202 Θεός
2920 5142 3035 5193 ἐστι
3078 5140 3170 5193 καὶ
3209 5140 3405 5208 Λόγος,
3442 5140 3544 5192 οὐκ
3574 5137 3641 5191 ἂν

2075 5225 2267 5297 ἐδεήθη
2302 5227 2538 5299 χρίσεως
2568 5245 2579 5258 ·
2616 5230 2676 5282 οὐ
2708 5229 2815 5301 γάρ
2844 5246 2946 5283 που
2975 5231 3105 5303 φαίη
3140 5247 3221 5294 τις
3254 5230 3321 5285 ἂν
3355 5229 3635 5301 κεκρίσθαι

1454 5526 1630 5582 Variae
1654 5527 1911 5585 lectiones
1941 5531 2144 5587 codicis
2172 5532 2530 5604 Seguieriani.

471 5648 499 5678 ι
529 5642 831 5731 ἅμφοῖνὶὡς
852 5648 951 5704 ἑνί.
1029 5664 1058 5703 γ
1093 5660 1504 5724 συνεισδέοντος.
1583 5673 1604 5700 ι
1631 5666 1960 5735 γεννηθέντι.
2039 5683 2065 5712 ι
2096 5671 2261 5739 ἴσως,
