3970 6136
349 312 489 366 τξει

1462 309 1550 365 DE
1592 309 1825 368 BECTA
1865 311 2023 369 FIDE
2062 312 2153 367 AD
2192 312 2508 372 REGINAS.

3456 321 3594 376 129.2

351 428 447 482 καὶ
474 425 732 497 ήγιάσθαι
762 424 850 480 τὸν
891 427 957 481 ὲκ
989 425 1124 480 Θεοῦ
1154 426 1326 495 Λόγον
1365 427 1443 499 τῷ
1479 430 1593 502 ἰδίῳ
1623 431 1916 501 Πνεῦματι,

2031 443 2136 505 get.
2164 432 2275 490 Nec
2301 434 2441 490 ullus
2481 448 2716 504 unquam
2747 434 2931 490 docuit
2958 432 3052 490 Dei
3100 433 3334 492 Verbum
3385 435 3593 508 Spiritu

348 524 425 582 ὡς
468 519 643 590 ἑτέρῳ
681 519 811 588 παρ’
846 517 1009 572 αὐτὸν
1049 518 1149 589 τὴν
1190 516 1350 588 φύσιν
1406 521 1787 594 ὑπερκειμένῳ
1825 524 1919 578 καὶ

349 608 660 680 προῦχοντι.
693 629 711 661 ι
736 611 920 681 Χωρὶς
949 610 1059 681 γὰρ
1088 613 1271 682 πάσης
1292 612 1598 683 ἀντιλογίας
1620 616 1681 668 τὸ
1703 615 1920 670 ἔλαττον

350 699 456 751 ὑπὸ
480 698 573 751 τοῦ
597 700 904 771 κρείττονος
931 701 1254 769 εὐλογεῖται.
1278 722 1297 756 ι
1344 704 1564 776 Ἐπειδὴ
1590 706 1646 759 δὲ
1675 709 1789 771 τοῖς
1818 708 1920 776 τῆς

347 788 766 863 ἀνθρωπότητος
794 792 1015 864 μέτροις
1035 792 1097 846 τὸ
1114 794 1437 862 ἁγιάζεσθαί
1461 813 1521 850 τε
1549 797 1643 851 καὶ
1668 797 1919 869 χρίεσθαι

346 880 569 949 πρέπει,
604 881 752 936 πᾶσά
782 899 897 946 πως
924 883 1137 956 ἀνάγκη
1171 886 1406 957 Χριστὸν
1440 886 1800 957 ὀνομάζεσθαι
1826 888 1919 942 τὸν

347 970 412 1023 ὲκ
443 969 578 1024 Θεοῦ
627 971 802 1040 Λόγον
823 1014 838 1039 ,
882 974 981 1044 οὐχ
1023 974 1111 1028 ὅτε
1144 976 1351 1046 γυμνὸς
1382 974 1449 1049 ἦν
1492 978 1571 1031 ἔτι
1619 979 1713 1032 καὶ
1764 976 1918 1034 οὔπω

350 1065 788 1136 σεσαρκωμένος,
837 1066 955 1120 ἀλλ’
997 1067 1086 1121 ὅτε
1125 1069 1364 1138 γεγονὼς
1398 1070 1520 1125 καθ’
1557 1073 1726 1143 ἡμᾶς,
1755 1088 1914 1137 τουτ-

349 1159 493 1211 έστιν
521 1159 825 1230 ἄνθρωπος,
860 1160 1083 1234 ὲχρίσθη
1112 1161 1252 1216 κατά
1282 1162 1343 1215 τὸ
1365 1152 1723 1234 ἀνθρώπινον.
1753 1165 1913 1218 Ὥστε

346 1248 406 1300 τὸ
451 1248 703 1318 Χριστὸς
738 1249 908 1318 ὄνομα
954 1251 1152 1322 πρέποι
1194 1251 1260 1304 ἂν
1306 1253 1425 1304 κατ’
1476 1253 1666 1306 οὐδένα
1712 1255 1913 1326 τρόπον

346 1338 498 1392 οὔπω
535 1338 658 1393 καθ’
686 1342 832 1410 ἡμᾶς
861 1342 1106 1410 γεγονότι
1140 1342 1217 1414 τῷ
1253 1344 1317 1397 ὲκ
1342 1342 1477 1396 Θεοῦ
1510 1345 1721 1417 Πατρδς
1753 1345 1915 1414 φύντι

345 1431 526 1502 Λόγῳ.
577 1432 641 1485 El
666 1432 724 1485 δὲ
749 1432 1066 1503 ὁνομάζοιτό
1108 1451 1212 1488 που
1241 1436 1478 1507 Χριστὸς
1499 1476 1514 1500 ,
1563 1437 1914 1509 ὲνανθρωπή-

348 1520 520 1573 σαντά
550 1537 638 1589 μοι
666 1521 879 1591 νοήσεις
910 1522 1100 1576 αὐτόν·
1147 1522 1252 1577 κᾶν
1302 1524 1473 1593 Λόγον
1508 1526 1778 1599 ἀκούσῃς,
1818 1544 1916 1579 πε-

348 1611 671 1683 πραγμένης
707 1612 809 1682 ἢδη
838 1614 934 1684 τῆς
972 1616 1456 1687 ὲνανθρωπήσεως,
1489 1616 1587 1686 τῆς
1621 1617 1914 1686 ἐνωοείσης

345 1707 494 1777 αὐτῷ
525 1708 598 1779 μὴ
639 1709 1033 1781 ἀμνημονήσῃς
1072 1712 1439 1783 σαρκό;.’Λνά
1471 1713 1633 1783 μέρος
1656 1713 1713 1766 δὲ
1739 1712 1912 1784 τούτῳ

2025 540 2123 582 suo
2157 526 2433 581 inunctum
2460 536 2551 581 aut
2574 526 2965 581 sanctiﬁcatum
2990 540 3133 595 esse,
3160 527 3313 597 quasi
3334 528 3379 583 is
3395 544 3594 584 secun-

2026 618 2149 671 dum
2180 626 2426 671 naturam
2450 620 2518 673 ab
2549 617 2640 673 illo
2665 617 3024 684 sitdiversus,
3058 618 3305 687 superior
3330 627 3386 673 et
3413 621 3595 675 excel-

2025 708 2238 764 lentior.
2275 728 2294 760 ι
2342 707 2516 763 Minus
2550 724 2784 780 namque
2818 710 2937 764 sine
2963 710 3068 764 ulla
3099 711 3531 767 contradictione
3560 728 3595 766 ει

2025 798 2235 853 meliori
2274 813 2487 868 semper
2508 798 2844 854 benedicitur
2866 798 2932 853 ⁸⁸.
2968 817 2988 850 t
3025 798 3159 866 Quia
3195 815 3324 870 ergo
3354 801 3597 856 sanctiﬁ-

2023 889 2168 945 catio
2223 900 2276 946 et
2317 889 2561 945 inunctio
2617 891 2867 945 humana:
2909 898 3121 945 naturae
3149 891 3440 946 humilitati
3469 907 3596 947 con-

2024 985 2249 1050 gruunt,
2288 980 2348 1034 lit
2374 980 2681 1035 necessario
2699 979 2867 1033 utDei
2899 979 3130 1036 Verbum
3161 997 3266 1037 non
3299 992 3408 1038 tum
3434 982 3596 1038 Chri-

2023 1071 2093 1125 sti
2116 1072 2333 1125 nomine
2356 1071 2612 1125 donatum
2641 1070 2732 1133 sit,
2761 1086 2884 1125 cum
2912 1071 3208 1126 etiamnum
3240 1074 3464 1138 nudum,
3492 1075 3596 1129 hoc

2022 1168 2128 1227 est,
2159 1161 2395 1215 nondum
2454 1160 2791 1214 incarnatum
2834 1170 2998 1227 esset,
3036 1162 3132 1215 sed
3188 1170 3316 1217 tunc
3352 1163 3591 1227 demum,

2021 1265 2142 1307 cum
2165 1265 2313 1305 more
2348 1261 2532 1306 nostro
2578 1249 2778 1305 factum
2810 1251 2990 1315 homo,
3017 1252 3311 1306 secundum
3344 1260 3592 1308 naturam

2022 1343 2314 1398 humanam
2358 1342 2633 1398 inunctum
2687 1351 2772 1397 est
2805 1359 2819 1395 :
2854 1342 3214 1409 Quamobrem
3259 1358 3457 1398 nomen
3493 1344 3596 1397 hoc

2021 1434 2283 1502 Christus,
2308 1435 2447 1490 nulla
2512 1436 2720 1490 ratione
2749 1436 2899 1506 prius
2930 1435 2983 1489 in
3021 1435 3112 1490 Dei
3149 1435 3327 1491 Patris
3363 1434 3592 1491 Verbum

2018 1528 2391 1591 conveniebat,
2430 1542 2589 1596 quam
2625 1528 2860 1581 humano
2889 1541 3036 1580 more
3062 1535 3225 1595 atque
3254 1526 3411 1582 modo
3442 1527 3593 1597 geni-

2021 1627 2132 1671 tum
2160 1628 2325 1672 esset.
2357 1618 2508 1683 Quod
2533 1619 2578 1673 si
2615 1617 2859 1673 absolute
2898 1617 3093 1671 alicubi
3136 1617 3386 1672 Christus
3419 1618 3592 1673 nomi-

2022 1721 2200 1776 natur,
2220 1725 2343 1765 mox
2364 1709 2489 1763 illud
2508 1710 2845 1765 incarnatum
2865 1708 3133 1778 intelligas
3158 1725 3173 1766 τ
3197 1720 3249 1763 et
3274 1711 3322 1765 si
3353 1708 3590 1765 Verbum

347 1798 586 1869 κάκείνῳ
616 1798 848 1869 πρέπειν
876 1801 1081 1856 οἴεσθαι
1109 1807 1207 1874 τὴν
1242 1804 1443 1875 φωνὴν,
1490 1805 1746 1857 ἀσύνετον
1778 1822 1914 1859 παν-

2031 1798 2208 1851 tudias
2231 1807 2447 1867 peracta
2478 1797 2588 1867 jam
2620 1796 3014 1861 incarnatione,
3044 1799 3209 1853 unita:
3264 1799 3362 1867 ipsi
3409 1800 3593 1870 carnis

346 1888 538 1989 τελῶς,
577 1889 775 1962 μᾶλλον
804 1893 867 1965 δὴ
887 1893 1038 1946 δοιαὶ
1061 1894 1272 1989 ἀνόσιόν
1303 1894 1335 1965 ἢ
1364 1898 1596 1965 φρονεῖν,
1647 1896 1680 1965 ἢ
1712 1894 1912 1963 λέγειν.

342 1977 445 2046 Εἷς
473 1982 582 2053 γὰρ
606 1981 815 2054 Κύριος
854 1982 1058 2052 Ἰησοῦς
1081 1977 1335 2055 Χριστὸς,
1360 1984 1453 2037 καὶ
1477 1985 1536 2037 οὐ
1565 1985 1912 2055 μεμέρισται,

348 2071 492 2125 καθά
520 2076 611 2124 καὶ
635 2065 796 2136 αὐτὸς
826 2073 853 2125 6
878 2071 1188 2141 σοφώτατος
1217 2074 1491 2141 Παῦλος,ὁ
1520 2074 1756 2146 Χριστὸν
1779 2075 1916 2144 ἔχων

342 2163 402 2214 ὲν
429 2162 629 2233 ἑαυτῷ,
653 2163 715 2216 τὸ
754 2162 899 2217 Θεῖον
933 2163 1082 2234 αὐτῷ
1110 2164 1372 2218 λαλοῦντα
1403 2166 1721 2237 μυστήριον.
1742 2168 1918 2236 Προσ-

355 2252 612 2307 6αλοῦσαι
642 2254 698 2306 δὲ
725 2258 834 2316 τοῖς
870 2254 1062 2324 ἐφεξῆς
1095 2256 1406 2323 κεφαλαίοις
1430 2296 1445 2320 ,
1479 2256 1612 2325 εὐθῆ
1664 2257 1757 2310 καὶ
1808 2258 1916 2310 ἁπ-

346 2343 636 2412 εξεσμένον
682 2345 758 2407 εἰς
804 2344 1060 2415 ἀλήθειαν
1117 2346 1207 2399 τὸν
1250 2347 1381 2416 ἐμὸν
1431 2348 1692 2418 εὑρήσετε
1736 2348 1912 2416 λόγον.

347 2433 934 2504 Προδιαμαρτύρασθαι
976 2433 1030 2487 δὲ
1058 2429 1212 2505 οἶμαι
1254 2437 1473 2489 κάκεῖνο
1502 2436 1663 2489 καλόν
1684 2453 1697 2466 ·
1729 2434 1916 2506 ὥσπερ

347 2525 459 2595 γάρ
489 2526 637 2577 ἐστιν
668 2526 725 2577 ὲν
756 2524 969 2595 θεότητι
991 2526 1195 2590 τέλειος
1228 2528 1256 2580 6
1300 2527 1363 2579 ὲκ
1390 2527 1523 2580 Θεοῦ
1564 2528 1773 2598 Πατρὸς
1812 2526 1917 2579 Λό-

347 2632 462 2683 γος,
492 2614 634 2669 οὕτω
663 2615 756 2667 καὶ
787 2618 845 2669 ὲν
871 2615 1249 2688 ἀνθρωπότητι
1280 2617 1483 2680 τέλειος
1503 2657 1517 2682 ,
1553 2617 1695 2670 κατά
1726 2633 1787 2685 γε
1827 2616 1917 2669 τὸν

347 2708 444 2777 τῆς
476 2708 891 2779 ἀνθρωπότητος
921 2708 1077 2777 λόγον
1097 2725 1111 2740 ·
1162 2710 1263 2762 οὐκ
1289 2709 1495 2780 ἄψυχον
1530 2709 1689 2779 σῶμα
1715 2707 1914 2771 λαϐὼν,

346 2799 696 2869 ἑψυχωμένον
714 2810 738 2840 ο
763 2800 820 2852 δὲ
859 2800 1056 2870 μᾶλλον
1086 2800 1231 2870 ψυχῇ
1261 2799 1474 2871 λογικῇ.
1492 2800 1548 2852 Ὀ
1573 2800 1628 2852 δὲ
1654 2800 1787 2862 Θεὸς
1809 2798 1917 2850 τῶν

348 2890 504 2951 ὅλων,
529 2892 557 2943 6
582 2892 693 2953 τοῖς
721 2891 1010 2959 ἀγαπῶσιν
1035 2892 1196 2945 αὐτὸν
1217 2893 1285 2945 τά
1315 2893 1373 2957 ἐξ
1395 2892 1624 2963 οὐρανοῦ
1648 2892 1917 2961 διανέμων

349 2981 527 3050 ἀγαθά
551 3022 564 3041 .
597 2982 695 3046 τὰς
740 2983 890 3046 ὁσίας
919 2983 1072 3055 ὐμῶν
1116 2984 1395 3055 ἐμπλῆσαι
1425 2983 1600 3054 ψυχὰς
1630 2984 1742 3051 τοῖς
1788 2982 1916 3053 παρ’

2021 1904 2125 1943 non
2150 1887 2505 1943 obliviscaris.
2544 1886 2715 1941 Porro
2744 1895 2923 1941 autem
2953 1888 3205 1942 arbitrari
3239 1904 3420 1944 vocem
3452 1889 3594 1944 hanc

2018 1977 2257 2033 Christus
2281 1978 2506 2033 seorsim
2535 1976 2683 2045 huic,
2718 1986 2770 2031 et
2799 1976 3032 2032 seorsim
3071 1992 3255 2033 rursus
3286 1978 3357 2032 illi
3396 1992 3592 2033 conve-

2019 2072 2156 2138 nire,
2191 2070 2357 2135 istud,
2383 2069 2642 2138 .inquam,
2678 2068 2883 2124 sentire
2916 2069 3001 2123 vel
3044 2069 3189 2137 loqui
3238 2069 3459 2124 stultum
3505 2078 3591 2123 est

2017 2161 2391 2226 omnino,imo
2440 2174 2567 2214 vero
2603 2159 2849 2229 impium,
2888 2170 2944 2215 et
2978 2161 3282 2230 profanum.
3333 2160 3481 2215 Unus
3505 2172 3590 2215 est

2017 2252 2159 2306 enim
2199 2251 2455 2306 Dominus
2500 2249 2661 2305 Iesus
2698 2250 2974 2314 Christus,
3024 2267 3130 2305 non
3162 2251 3385 2316 divisus,
3416 2267 3591 2321 neque
3649 2246 3661 2258 “

2020 2345 2313 2406 dissectus;
2373 2329 2823 2410 quemadmodum
2880 2342 3315 2412 sapientissimus
3372 2341 3589 2407 Paulus.

2020 2435 2109 2503 qui
2148 2432 2425 2488 Christum
2458 2434 2508 2486 in
2556 2447 2615 2487 se
2654 2432 2895 2486 divinum
2932 2432 3034 2487 hoc
3065 2434 3380 2504 mysterium
3415 2435 3590 2491 reclu-

2020 2525 2231 2578 dentem
2259 2524 2511 2585 habebat.
2557 2522 3124 2591 tnanil'este‘docet".
3160 2524 3356 2580 Verum
3399 2526 3466 2579 ad
3496 2541 3589 2579 ca-

2020 2616 2128 2684 pita
2160 2615 2350 2669 ordine
2380 2615 2596 2681 hicjam
2626 2615 2907 2682 sequentia
2940 2615 3179 2669 animum
3213 2618 3587 2685 adjungentes,

2018 2701 2316 2755 orationem
2368 2716 2539 2754 meam
2590 2710 2790 2754 rectam
2841 2700 2945 2772 55
2981 2711 3035 2756 et
3071 2704 3139 2757 ad
3174 2704 3418 2759 veritatis
3458 2720 3587 2759 nor-

2021 2809 2160 2846 mam
2219 2794 2679 2847 accommodatam
2736 2794 3101 2862 comperietis.
3153 2794 3587 2850 Consentaneum

2018 2895 2099 2939 est
2138 2895 2337 2949 autem,
2365 2887 2578 2955 opinor,
2630 2896 2686 2939 ut
2721 2885 2848 2939 illud
2898 2898 3111 2954 quoque
3147 2888 3249 2941 hoc
3294 2886 3412 2941 loco
3465 2902 3591 2953 υτο-

2022 2987 2222 3045 tester;
2275 2988 2401 3048 puta
2461 2977 2549 3032 Dei
2583 2977 2760 3033 Patris
2800 2976 3033 3033 Verbum
3094 2995 3248 3050 teque
3291 2981 3587 3049 perfectum

349 3070 539 3124 ἑαυτοῦ
574 3071 598 3110 ά
636 3071 999 3143 χαρίσμασιν’
1051 3075 1138 3127 ἵνα
1193 3075 1284 3128 καὶ
1330 3074 1408 3136 είς
1462 3073 1658 3143 μέτρον
1703 3072 1916 3142 ἡλικίας

2031 3068 2245 3136 suisque
2277 3067 2515 3121 numeris
2554 3068 2860 3121 absolutum
2899 3082 3021 3121 esse
3064 3069 3118 3123 in
3149 3070 3510 3137 humanitate,
3534 3080 3592 3125 et

348 3162 733 3218 ἀναϐαίνουσαι
761 3163 856 3218 τοῦ
881 3163 1244 3235 πληρώματος
1291 3162 1384 3215 τοῦ
1426 3161 1686 3233 Χριστοῦ,
1718 3162 1916 3214 εὐκλεᾶ

2031 3158 2319 3213 secundum
2352 3158 2701 3213 humanitatis
2759 3158 3046 3224 rationem,
3081 3169 3243 3230 atque
3292 3161 3588 3229 perfectum

347 3251 444 3304 καὶ
497 3252 776 3323 εὐδόκιμον
834 3255 933 3325 τὴν
997 3253 1326 3321 ἀξιάγαστον
1385 3253 1541 3325 ὑμῶν
1600 3254 1915 3324 ἀποφήνητε

346 3342 514 3412 ζωὴν,
547 3343 696 3411 ἀγίαι
725 3344 933 3414 νύμφαι
961 3344 1220 3415 Χριστοῦ.

2022 3258 2106 3304 est
2133 3250 2187 3302 in
2224 3248 2526 3303 divinitate.
2560 3249 2695 3304 Tum
2732 3263 2928 3318 corpus
2965 3264 3180 3319 quoque
3206 3252 3348 3320 quod
3378 3268 3592 3307 assum-

2022 3341 2128 3410 psit
2161 3356 2264 3393 non
2303 3338 2600 3394 inanimum
2619 3355 2759 3405 esse,
2792 3342 2883 3396 sed
2909 3341 3084 3393 anima
3109 3341 3442 3413 intelligente
3471 3358 3594 3413 per-

351 3431 547 3486 fectum
577 3444 632 3487 et
668 3436 1034 3489 informatum.
1100 3434 1483 3490 Universarum
1543 3451 1721 3491 rerum
1764 3435 1944 3504 opifex
2025 3440 2320 3501 auctorque
2366 3431 2506 3486 Deus
2560 3431 2798 3502 (sanctae
2855 3434 3055 3489 Christi
3109 3436 3355 3505 sponsze)
3404 3435 3498 3506 qui
3532 3449 3591 3489 se

353 3527 697 3598 diligentibus
713 3527 955 3581 cmlestia
984 3527 1467 3595 bonaimpertitur,
1527 3528 1710 3583 beatas
1733 3530 1942 3582 animas
1984 3532 2192 3579 vestras
2222 3524 2339 3579 suis
2372 3523 2529 3579 donis
2568 3524 2808 3593 impleat,
2875 3541 2981 3594 quo
3031 3526 3084 3580 in
3126 3540 3431 3581 mensuram
3459 3540 3591 3582 aeta-

356 3617 423 3668 tis
470 3616 817 3685 plenitudinis
866 3616 1102 3670 Christi
1162 3628 1569 3685 consurgentes,
1628 3619 1793 3673 vitam
1843 3616 2133 3688 gloriosam
2197 3615 2617 3683 prohatamque,
2674 3624 2727 3670 et
2789 3616 2932 3671 omni
2971 3614 3328 3671 admiratione
3373 3616 3589 3686 dignam

356 3707 690 3776 transigatis.

523 3840 706 3894 ΤΛΔΕ
743 3841 1067 3893 ΕΝΕΣΤῘΝ
1099 3839 1201 3893 ΕΝ
1241 3842 1402 3893 ΤΟΙΣ
1439 3839 1748 3895 ΕΦΕΞΗΣ.

428 3975 548 4029 Ὀτι
597 3974 727 4037 Θεὸς
778 3976 806 4027 6
853 3973 1109 4045 Χριστὸς,
1144 3970 1334 4025 ὲνὼσει
1384 3976 1451 4044 τῇ
1484 3973 1620 4044 πρὸς
1656 3973 1747 4026 τὸν
1783 3973 1914 4025 Θεδν

353 4066 523 4133 Λόγον
547 4067 626 4128 είς
647 4064 745 4135 τὴν
764 4064 926 4118 αὐτοῦ
943 4063 1098 4130 δόξαν
1119 4063 1497 4126 ἀναϐαίνοντος
1517 4064 1611 4117 καὶ
1632 4062 1724 4116 τοῦ
1749 4078 1918 4134 προσ-

354 4154 646 4224 ληφθέντος
674 4152 824 4218 ναοῦ,
850 4156 913 4206 ἐκ
936 4153 1044 4206 τῶν
1070 4152 1459 4205 ἀποστολικῶι.

439 4247 531 4299 Ἐκ
564 4244 669 4298 τῶν
706 4244 1006 4298 καθολικῶν
1043 4242 1278 4313 ἐκλογὴε⁵
1320 4245 1397 4305 είς
1435 4242 1495 4296 τὸ
1530 4242 1680 4295 αὐτό.

436 4339 529 4391 Ἐκ
564 4337 671 4390 τῶν
710 4336 1074 4405 εὐαγγελικῶν
1113 4334 1309 4406 ἐκλογὴ
1331 4333 1350 4372 τ
1392 4336 1471 4397 εἰς
1507 4334 1565 4387 τὸ
1601 4333 1775 4387 αὐτό-

427 4429 548 4482 Ὅτι
575 4428 687 4498 ζωὴ
722 4428 813 4481 καὶ
844 4426 1104 4490 ζωοποιὸς
1134 4428 1163 4479 6
1188 4425 1441 4496 Χριστός,
1472 4426 1536 4477 ὲκ
1581 4423 1688 4476 τῶν
1730 4422 1920 4494 κειμέ-

2026 3840 2199 3897 ΗιιΕΟ
2253 3841 2541 3897 INSUNT
2594 3842 2681 3899 IN
2733 3842 2838 3899 IIS
2890 3843 3063 3909 QUAE
3114 3842 3586 3911 SEQUUNTUR.

2093 3974 2244 4042 Quod
2288 3974 2536 4029 Christus
2569 3976 2637 4029 sit
2667 3976 2828 4037 Deus.
2877 3974 3071 4029 unione
3136 3976 3201 4028 ad
3247 3976 3413 4029 Deum
3465 3976 3591 4031 Ver-

2029 4067 2153 4120 bum
2200 4067 2528 4120 ascendente
2573 4067 2637 4119 ad
2686 4066 2803 4133 ejus
2848 4064 3071 4133 gloriam
3126 4067 3324 4134 templo
3372 4081 3588 4135 quoque

2024 4166 2321 4225 assumpto,
2359 4171 2424 4209 ex
2456 4155 2792 4223 apostolicis.

2097 4246 2174 4302 Ex
2208 4248 2492 4302 catholicis
2533 4249 2818 4303 sententia
2847 4249 2898 4302 in
2933 4250 3094 4303 idem.

1953 4366 1996 4419 υ
2104 4340 2183 4393 Ex
2214 4339 2543 4408 evangelims
2571 4340 2853 4394 sententiae
2892 4339 2944 4390 in
2969 4343 3131 4394 idem.

2094 4427 2243 4494 Quod
2274 4426 2526 4481 Christus
2560 4427 2630 4481 sit
2665 4428 2799 4493 vita,
2833 4437 2887 4482 et
2917 4429 3240 4488 viviticator.
3272 4437 3585 4496 argumenta

359 4540 462 4575 νων
494 4522 642 4593 παρὰ
670 4520 747 4590 τῷ
777 4519 1058 4589 ἀποστόλῳ
1094 4517 1311 4587 Παύλῳ,
1344 4516 1437 4569 καὶ
1473 4517 1531 4569 ὲν
1562 4517 1671 4577 τοῖς
1698 4516 1916 4568 ἀποστο-

2031 4532 2084 4571 ex
2134 4518 2363 4587 apostoli
2400 4516 2549 4570 Pauli
2596 4516 2933 4585 aliorumque
2986 4518 3348 4585 apostoloruttt
3397 4516 3591 4573 litteris

358 4617 525 4678 λικοῖς
552 4614 803 4684 εὑρήσεις
825 4613 871 4664 ε.

429 4704 550 4755 Ὅτι
594 4703 672 4764 εἰς
717 4699 948 4770 Χριστὸν
999 4700 1030 4768 ἡ
1087 4698 1267 4758 πίστις
1308 4695 1382 4759 ὡς
1414 4697 1492 4759 εἰς
1518 4695 1670 4761 Θεὸν,
1708 4696 1773 4749 ἐκ
1814 4695 1923 4749 τῶν

360 4792 678 4856 καθολικῶν,
711 4793 801 4843 καὶ
828 4792 891 4843 ἐκ
920 4790 1027 4843 τῶν
1061 4790 1447 4858 εὐαγγελικῶν.

434 4883 552 4935 Ὀτι
597 4880 710 4952 ζωὴ
750 4881 845 4933 καὶ
881 4881 1185 4951 ἱλαστήριον
1214 4882 1242 4933 6
1273 4878 1528 4949 Χριστὸς,
1564 4877 1783 4948 ἐκλογαὶ
1809 4878 1925 4933 διά-

361 4990 534 5044 φόροι.

429 5063 550 5116 Ὅτι
583 5064 611 5115 6
637 5059 871 5131 Χριστοῦ
917 5060 1141 5122 θάνατος
1188 5058 1267 5130 τῷ
1308 5059 1498 5130 κόσμῳ
1546 5062 1828 5131 σωτήριος,
1861 5061 1926 5115 ὲκ

361 5155 468 5207 τῶν
498 5150 868 5207 ἀποστολικῶν
897 5150 990 5203 καὶ
1019 5147 1386 5217 εὐαγγελικῶν
1416 5149 1655 5217 ὲκλογαί.

431 5325 476 5358 ⁸⁸
505 5325 668 5381 Hebr.
705 5340 804 5389 vn,
844 5323 897 5377 7.
974 5322 1019 5354 ⁸⁸
1051 5321 1219 5378 lCor.
1246 5319 1286 5386 l,
1322 5321 1356 5373 2
1385 5336 1537 5389 seqq.

2024 4610 2208 4678 petita.

2095 4699 2245 4765 Quod
2290 4698 2422 4751 ﬁdes
2456 4698 2525 4750 sit
2570 4699 2621 4751 in
2662 4697 2956 4759 Christum,
3005 4710 3059 4748 ut
3093 4699 3142 4750 in
3182 4698 3366 4762 Deum,
3398 4716 3462 4753 ex
3497 4715 3587 4754 ca-

2028 4786 2241 4840 tholicis
2274 4797 2327 4842 et
2354 4788 2703 4857 evangelii-is.

2097 4876 2249 4943 Quod
2289 4879 2538 4932 Christus
2583 4881 2652 4932 sit
2682 4879 2786 4930 vita
2832 4889 2884 4931 et
2911 4879 3365 4949 prOpitiatorium,
3397 4882 3589 4952 expla-

2027 4968 2272 5021 nationes
2302 4970 2484 5023 varia).

2098 5059 2249 5123 Quod
2283 5058 2486 5113 Christi
2513 5073 2658 5114 mors
2690 5058 2889 5114 mundo
2927 5060 3180 5114 salutaris
3208 5057 3497 5125 exstiterit,
3522 5072 3591 5113 ex

2032 5149 2345 5216 apostolicis
2377 5160 2431 5203 et
2463 5151 2788 5220 evnngclicis
2824 5151 3222 5206 annotationes.

1428 5471 1599 5527 Varia:
1624 5473 1883 5527 lectiones
1915 5472 2117 5526 codicis
2148 5468 2505 5538 Segnieriani.

439 5658 466 5701 δ
493 5658 569 5715 δέ.
645 5666 671 5697 ο
712 5653 1125 5727 ἰμψυχωμένον.
1200 5654 1224 5693 ἀ
1262 5652 1458 5722 ἑαυτῷ.

1577 5663 1598 5690 ο
1632 5649 1872 5717 ὲκλογαί.
1953 5649 1971 5687 ί
2006 5650 2246 5719 ἐκλογαε.
2328 5648 2460 5701 εἵσ.
2492 5645 2763 5716 εὑρέσεις.
