3970 6136
511 235 652 291 1225

1506 230 1566 286 S.
1604 228 1884 286 CYRlLLl
1920 224 2387 283 ALEXANDRINI
2425 168 2749 281 ABCIII‘EP.

3574 227 3669 284 1295

509 349 661 415 Quod
715 346 955 402 Christus
1014 346 1081 400 sit
1133 344 1293 409 Deus,
1337 359 1429 415 per
1474 344 1716 415 unionem
1775 341 2058 415 ad_Deum

2167 340 2289 415 "Ott
2313 339 2500 415 Cede
2529 342 2562 391 ό
2610 338 2887 415 τιεοιοντὸς·Ζ
2918 337 3134 415 sudaret
3163 337 3241 415 τῇ
3275 338 3426 415 πρὸς
3451 337 3674 415 τὸν-Θεὸν

587 416 810 470 Verbum
858 416 1164 469 ascendente
1204 417 1272 467 ad
1304 414 1420 483 ejus
1454 414 1677 481 gloriam
1709 412 1899 480 templo
1931 426 2063 480 quo-

574 502 673 556 que
700 494 990 553 assumpto.

917 592 1003 647 Ea:
1034 593 1253 662 epistola
1286 594 1355 645 ad
1378 590 1661 646 Romanos.

583 730 602 762 ι
631 708 827 763 Paulus
854 719 1052 775 servus
1088 701 1212 759 Jesu
1248 702 1472 767 Christi,
1507 709 1729 756 vocatus
1770 699 2064 770 apostolus,

505 810 814 871 segregatus
850 798 901 851 in
937 795 1288 863 Evangelium
1323 793 1441 858 Dei,
1468 792 1611 863 quod
1642 802 1770 846 ante
1804 791 2067 860 promise-

504 902 588 946 rat
623 904 716 959 per
767 889 1059 959 prophetas
1110 900 1239 941 suos
1280 884 1335 938 in
1385 882 1684 952 Scripturis
1738 882 1962 945 sanctis,
1997 882 2065 935 de

502 980 637 1036 Filio
667 978 910 1047 suo,-qui
944 977 1121 1031 factus
1150 984 1234 1030 est
1266 975 1314 1028 ei
1341 989 1408 1028 ex
1434 973 1639 1027 semine
1671 971 1835 1024 David
1868 985 2064 1025 secun-

501 1072 628 1127 dum
668 1084 927 1134 carnem;
960 1066 1050 1135 qui
1090 1063 1513 1134 praedestinatus
1547 1070 1629 1115 est
1666 1058 1835 1113 Filius
1869 1059 1963 1112 Del
2003 1056 2056 1110 in

501 1161 609 1232 56
651 1161 885 1223 virtute,
947 1154 1267 1210 secundum
1303 1152 1562 1220 Spiritum
1616 1147 2066 1204 sanctiﬁcationis

500 1268 566 1307 ex
615 1249 1016 1305 resurrectione
1063 1253 1400 1299 mortuorum
1448 1240 1575 1295 Jesu
1621 1239 1818 1294 Christi
1852 1237 2062 1293 Domini

502 1342 672 1397 nostri
705 1340 775 1395 ⁸⁸.
806 1359 825 1390 ι
858 1339 1024 1408 Igitur
1047 1335 1093 1391 si
1116 1333 1428 1403 praedicatio
1450 1331 1516 1384 de
1538 1328 1753 1384 Christo
1779 1336 1858 1383 est
1888 1328 2064 1382 Evan-

499 1431 694 1502 gelium
725 1431 815 1484 Dei
841 1468 857 1495 ,
897 1426 1163 1497 quomodo
1189 1423 1440 1479 Christus
1473 1436 1578 1476 non
1610 1431 1693 1476 est
1722 1420 1894 1475 Deus?
1920 1419 2062 1473 Rur-

498 1533 616 1573 sum
665 1518 710 1572 si
762 1529 954 1570 omnes
1001 1512 1221 1569 omnino
1270 1511 1545 1581 propheta:
1589 1509 1652 1563 ad
1692 1512 1866 1578 ipsum
1905 1508 2060 1577 quasi

498 1610 565 1664 ad
611 1622 834 1677 sc0pum
881 1606 1181 1668 collimant,
1216 1603 1519 1670 divinaeque
1565 1601 1862 1669 Scriptum
1908 1600 2057 1654 illum

2240 411 2431 476 Λόγον
2450 408 2536 473 εὶς
2567 408 2681 473 τὴν
2704 409 2890 462 αὐτοῦ
2922 408 3112 471 δόξαν
3143 408 3581 474 ἀναϐαίνοντοςιι
3602 412 3672 463 καί

2239 477 2347 532 τοῦ
2371 477 2869 546 προσληφθέντος
2898 478 3072 531 ναοῦ.

2547 590 2651 642 Ἐκ
2687 587 2798 657 τῆς
2834 587 2982 656 πρὸς
3022 588 3358 658 Ῥωμαίους.

2246 722 2263 755 ι
2281 702 2492 764 Παῦλος
2520 703 2704 767 δοῦλος
2727 704 2901 774 Ἰησοῦ
2922 704 3183 775 Χριστοῦ,
3200 705 3391 774 κλητὸς
3413 709 3669 775 ἀπόστολος,

2168 795 2549 867 ἀφωρισμένος
2578 797 2659 857 εἰς
2688 795 3016 864 Εὐαγγέλιω
3036 795 3196 862 Θεοῦ,
3223 796 3250 849 ὃ
3272 801 3673 868 προεπηγγείλατο

2167 886 2255 939 διὰ
2292 886 2402 938 τῶν
2446 886 2738 956 προφητῶν
2776 884 2941 938 αὐτοῦ
2989 887 3049 938 ἐν
3097 885 3339 955 Γραφαῖς
3366 888 3547 957 ἁγίαις,
3578 893 3671 959 περὶ

2168 975 2261 1029 τοῦ
2290 974 2420 1029 Υἱοῦ
2449 974 2636 1039 αὐτοῦ,
2671 973 2765 1027 τοῦ
2801 974 3098 1044 γενομένου
3130 974 3197 1027 ἐκ
3228 976 3515 1045 σπέρματος
3549 977 3670 1031 Acuti

2169 1065 2309 1118 κατά
2341 1065 2551 1136 σάρκα·
2585 1063 2677 1119 τοῦ
2713 1063 3017 1133 ὁρισθέντος
3053 1064 3191 1118 Υίοῦ
3238 1065 3367 1119 Θεοῦ
3405 1069 3456 1120 ὲν
3492 1068 3667 1136 δυνάμει

2167 1156 2308 1210 κατά
2357 1156 2581 1225 Πνεῦμα
2631 1154 2960 1225 ἁγιωσύνης,
3007 1155 3069 1220 ἐξ
3118 1156 3448 1221 ἀναστάσεως
3487 1138 3664 1229 νεκρῶν,

2179 1246 2352 1316 Ἰησοῦ
2382 1243 2619 1316 Χριστοῦ
2665 1244 2759 1297 τοῦ
2810 1245 3011 1315 Κυρίου
3044 1245 3226 1316 ἡμῶν.
3259 1265 3276 1297 ι
3308 1247 3516 1310 Οὐκοῦν,
3547 1249 3663 1318 εἰπερ

2166 1335 2313 1387 ἐστὶν
2359 1334 2687 1403 Εὐαγγέλιον
2727 1333 2861 1387 Θεοῦ
2906 1335 2967 1387 τὸ
3010 1336 3143 1405 περὶ
3175 1335 3401 1404 Χριστοῦ
3441 1337 3662 1407 κήρυγμα.

2165 1425 2283 1488 πῶς
2310 1426 2370 1478 οὺ
2406 1425 2536 1488 Θεὸς
2567 1425 2596 1478 ὁ
2622 1425 2886 1495 Χριστός;
2920 1426 3034 1479 Καὶ
3077 1427 3127 1479 εἰ
3175 1427 3350 1494 πάσης
3394 1428 3662 1497 προφητείας

2166 1514 2252 1569 ἐπ’
2285 1514 2416 1568 αὐτὸ
2461 1514 2760 1585 βλεπούσης
2794 1515 2985 1584 πέρας,
3023 1514 3122 1568 καὶ
3165 1515 3293 1567 Υίὸν
3332 1514 3418 1568 τοῦ
3447 1515 3560 1568 Θεοῦ
3594 1533 3662 1583 κη-

2169 1603 2449 1675 ρύττουσιν
2491 1606 2546 1657 αί
2578 1604 2789 1675 Γραφαὶ
2816 1604 2907 1658 τὸν
2955 1604 3023 1658 ἐκ
3075 1603 3382 1677 σπέρματος
3403 1603 3558 1668 Δαυῖδ,
3586 1605 3659 1658 κᾶν

497 1700 695 1769 ipsum,
729 1697 820 1767 qui
869 1712 934 1753 ex
980 1696 1189 1750 semine
1222 1693 1389 1747 David
1439 1702 1591 1746 ortus
1622 1701 1726 1755 est,
1752 1705 2054 1758 quanquam

2163 1692 2392 1764 ὡρίσθαι
2414 1693 2626 1761 λέγοιτο
2664 1693 2807 1747 κατά
2831 1692 3062 1764 Πνεῦμα
3092 1693 3394 1763 ἁγιωσύνης
3424 1694 3501 1747 διὰ
3521 1694 3659 1762 τὸτῆς

458 1795 471 1817 '
499 1800 720 1858 propter
751 1787 1147 1844 incarnationis
1189 1784 1510 1855 mysterium
1538 1783 1828 1838 secundum
1859 1782 2060 1836 sancti-

498 1879 765 1933 ﬁcationis
809 1876 1066 1947 Spiritum
1120 1875 1529 1945 praedestinatus
1581 1874 1810 1936 dicatur,
1864 1871 2057 1926 Filium

497 1968 589 2025 Dei
644 1970 960 2038 pradicant,
1014 1982 1121 2037 quo
1154 1976 1315 2037 pacto
1359 1979 1466 2019 non
1518 1972 1601 2019 est
1648 1978 1807 2018 verus
1859 1962 2056 2030 Filius;

498 2062 733 2115 maxime
770 2075 898 2113 vero
945 2074 1065 2113 cum
1095 2072 1193 2129 per
1228 2056 1678 2111 resurrectionem
1703 2053 1788 2108 ‘ex
1837 2054 2061 2110 mortuis

2163 1780 2626 1853 ἐνανθρωπήσεως
2656 1782 2972 1853 μυστήριον·
2999 1781 3118 1845 πῶς
3146 1783 3242 1852 ούχ
3261 1781 3381 1845 Υἱὸς
3406 1782 3657 1851 ἀληθῶς,ἑκ

2161 1871 2260 1941 τῆς
2300 1872 2408 1925 τῶν
2434 1873 2642 1945 νεκρῶν
2671 1873 3020 1937 ἀναστάσεως
3055 1873 3504 1944 μαρτυρούμενος;
3541 1873 3658 1940 Ἕῒή·

2163 1979 2353 2034 γερται
2385 1963 2494 2034 γὰρ
2521 1963 2622 2016 οὐκ
2651 1962 2935 2036 ἄνθρωπος
2964 1964 3145 2028 κοινὸς
3178 1963 3297 2018 καθ’
3323 1964 3471 2034 ἡμᾶς,
3496 1962 3654 2023 ἀλλ’ὡς

2164 2055 2395 2110 θανάτου
2433 2055 2720 2127 κρείττων,
2754 2055 2889 2109 καθὸ
2914 2055 3012 2109 καὶ
3036 2054 3153 2123 ζωὴ
3181 2056 3274 2109 καὶ
3300 2056 3437 2120 Θεὸς.

496 2155 719 2212 evidens
751 2155 1116 2210 testimonium
1147 2150 1591 2219 habeat?Neque
1656 2151 1799 2204 enim
1858 2149 1911 2203 iu
1946 2152 2107 2203 vitam
2167 2151 2526 2207 resuscitatus
2581 2159 2664 2205 est
2718 2160 2778 2205 ut
2826 2164 2963 2206 unus
3016 2151 3283 2223 quispiam
3341 2150 3481 2204 homo
3522 2147 3647 2202 nostri

495 2247 722 2310 similis,
778 2245 873 2300 sed
928 2253 1182 2313 tanquam
1232 2249 1404 2296 morte
1456 2254 1736 2308 superior,
1786 2250 2052 2308 quatenus
2093 2239 2346 2295 nimirum
2374 2241 2479 2296 vita
2514 2248 2676 2296 estet
2704 2240 2863 2296 Deus.

569 2339 642 2393 De
680 2337 763 2392 his
812 2337 902 2405 qui
947 2335 1224 2391 Creatoris
1268 2337 1385 2391 loco
1427 2347 1730 2391 creaturam
1782 2336 2055 2390 adorant:

501 2451 519 2483 ι
555 2432 687 2497 Quia
739 2444 861 2484 cum
910 2428 1290 2499 cognovissent
1319 2427 1509 2492 Deum,
1555 2443 1657 2481 non
1705 2429 1844 2482 sicut
1888 2428 2055 2482 Deum

503 2524 959 2594 gloriﬁcaverunt,
984 2533 1075 2574 aut
1096 2520 1293 2588 gratias
1314 2529 1575 2587 egerunt;
1603 2521 1696 2576 sed
1718 2527 2055 2575 evanuerunt

495 2613 547 2665 in
584 2609 999 2680 cogitationibus
1035 2609 1167 2668 suis.
1213 2615 1265 2662 et
1295 2609 1640 2663 obscuratum
1673 2617 1755 2663 est
1792 2609 2054 2678 insipiens

495 2717 590 2754 cor
613 2716 818 2755 eorum.
852 2699 1104 2752 Dicentes
1134 2698 1275 2752 enim
1320 2713 1378 2751 se
1419 2713 1537 2753 esse
1580 2700 1875 2768 sapientes,
1908 2699 2058 2754 stulti

496 2789 620 2843 facti
646 2796 771 2843 sunt
794 2786 860 2842 ⁸⁷.
896 2804 913 2837 ι
954 2785 1158 2839 Scribit
1194 2786 1332 2840 idem
1363 2785 1559 2839 Paulus
1599 2788 1722 2840 alibi
1759 2789 1846 2849 iis,
1876 2789 1965 2858 qui
1990 2803 2058 2842 ex

494 2880 744 2948 gentibus
772 2876 948 2930 vocati
981 2875 1219 2940 fuerunt,
1250 2876 1352 2930 hoc
1391 2886 1473 2930 est
1507 2877 1681 2940 nobis,
1713 2878 1814 2931 hoc
1854 2878 2054 2934 modo:

2238 2336 2374 2404 Περὶ
2403 2335 2511 2388 τῶν
2539 2333 2982 2406 προσκυνούντων
3013 2337 3078 2405 τῆ
3114 2337 3285 2390 κτίσει
3315 2335 3447 2406 παρὰ
3473 2334 3545 2387 τὸν
3564 2330 3646 2385 κτί-

2166 2441 2366 2482 σαντα·
2417 2445 2436 2478 ‹
2464 2424 2605 2478 Διὸτι
2639 2424 2858 2493 γνόντες
2883 2423 2975 2477 τὸν
3009 2424 3164 2490 Θεὸν,
3205 2428 3300 2496 οὐχ
3339 2425 3409 2489 ὡς
3440 2422 3646 2477 Θεὶνὲδί-

2164 2518 2353 2584 ξασαν,
2380 2517 2413 2588 ἢ
2443 2516 2868 2587 εὐχαρίστησαν,
2919 2516 3037 2569 ἀλλ’
3069 2517 3479 2587 ἐματαιώθησαν,
3501 2516 3547 2567 ὲν
3568 2513 3644 2574 toi;

2159 2608 2524 2678 διαλογισμοῖς
2551 2606 2751 2673 αὐτῶν,
2784 2608 2877 2660 καὶ
2909 2607 3201 2677 ἐσκοτίσθη
3226 2609 3259 2679 ἡ
3282 2607 3501 2668 ἀσύνετος
3517 2601 3644 2657 αὐτῶν

2157 2699 2353 2772 καρδία
2373 2715 2385 2728 ’
2446 2700 2750 2768 φάσκοντες
2799 2694 2937 2753 εἶναι
2997 2700 3196 2769 σοφοὶ,
3252 2698 3639 2769 ἐμωράνθησαν.»

2157 2794 2362 2865 Γράφει
2390 2808 2492 2849 που
2520 2790 2730 2855 Παῦλος
2757 2793 2869 2854 τοῖς
2899 2791 2957 2857 ἐξ
2982 2791 3155 2845 ἐθνῶν
3181 2788 3514 2860 κεκλημένοις,
3533 2799 3643 2836 τουτ-

2158 2885 2306 2938 έστιν
2339 2885 2498 2954 ἡμῖν’
2533 2901 2552 2934 t
2582 2883 2716 2935 Νυνὶ
2752 2882 2808 2935 δέ
2841 2881 3062 2950 γνόντες
3090 2882 3244 2948 Θεὸν,
3274 2880 3452 2952 μᾶλλον
3475 2877 3516 2929 δὲ
3537 2890 3639 2941 γνω-

500 2985 518 3018 t
547 2965 700 3020 Nunc
737 2976 911 3018 autem
942 2979 1064 3016 cum
1096 2963 1457 3032 cognoveritis
1483 2965 1670 3030 Deum,
1707 2967 1813 3021 imo
1843 2968 2053 3036 cognoti

2162 2949 2512 3035 σθέντεςὺπὸ
2540 2971 2697 3024 Θεοῦ.
2730 2990 2749 3022 ι
2794 2949 2926 3025 Τίνα
2957 2971 3140 3025 τοίνυν
3166 2949 3457 3040 ἐγνῶκαμεν
3482 2965 3548 3017 διὰ
3568 2960 3641 3028 τῆς

495 3059 613 3112 sitis
657 3072 685 3109 a
726 3055 835 3109 Deo
861 3056 926 3107 ⁸⁸.
965 3073 985 3107 ι
1038 3052 1205 3119 Quem
1262 3054 1490 3108 obsecro
1544 3055 1705 3108 alium
1755 3072 1849 3125 per
1897 3058 2052 3111 [idem

496 3147 864 3215 cognovimus,
904 3144 1003 3199 nisi
1052 3145 1223 3211 ipsum
1253 3158 1475 3213 prorsus
1504 3143 1686 3199 Jesum
1741 3146 2051 3201 Christum?

497 3237 675 3301 Quare
723 3235 766 3286 si
804 3234 950 3286 illum
1008 3242 1064 3285 ut
1092 3232 1256 3285 Deum
1300 3235 1665 3300 cognovimus,
1702 3245 1757 3289 et
1802 3246 1857 3290 ut
1892 3237 2057 3291 Deum

499 3326 680 3381 debito
706 3326 911 3379 honore
937 3324 1337 3392 prosequimur,
1362 3338 1492 3377 vere
1520 3322 1800 3378 illuminati
1831 3312 2015 3380 sumus
2041 3344 2055 3380 :

496 3420 580 3473 sin
631 3428 808 3473 autem
855 3416 998 3471 illius
1030 3414 1255 3485 gloriam
1298 3424 1684 3485 permutamus,
1737 3417 1928 3471 merito
1959 3431 2057 3473 nos

497 3511 599 3579 ipsi
651 3524 865 3579 quoque
937 3508 989 3562 in
1052 3506 1252 3561 nostris
1307 3506 1730 3578 cogitationibus
1774 3511 2059 3564 evanuisse

496 3599 968 3669 deprehendinmr.
1021 3596 1155 3651 Nam
1207 3599 1252 3652 si
1296 3612 1423 3651 vere
1469 3598 1521 3651 in
1569 3597 1717 3651 illum
1760 3600 2058 3666 credimus,

497 3689 683 3758 utique
722 3697 976 3757 tanquam
1018 3687 1073 3741 in
1104 3688 1268 3741 Deum
1317 3687 1370 3740 in
1403 3685 1549 3741 illum
1592 3688 1887 3745 credimus.
1919 3690 2061 3744 Alio-

496 3778 585 3847 qui
609 3779 752 3834 enim
781 3779 953 3841 modis
972 3778 1228 3833 omnibus
1252 3776 1412 3853 fateri
1433 3788 1727 3846 oporteret,
1752 3794 1852 3835 nos
1874 3780 2063 3834 etiam-

2163 3064 2419 3128 πίστεως,
2449 3064 2482 3134 ἢ
2516 3062 2734 3125 πάντως
2764 3063 2995 3133 Χριστὸν
3034 3063 3274 3132 ’1ησοῦν;
3312 3058 3490 3115 Οὐκοῦν
3513 3057 3550 3107 εἰ
3571 3052 3651 3122 μὲν

2161 3155 2236 3217 ὡς
2269 3152 2399 3208 Θεὸν
2430 3152 2770 3222 ἐγνώκαμεν,
2814 3152 2906 3206 καὶ
2932 3151 3007 3215 ὡς
3036 3152 3170 3206 Θεὸν
3202 3149 3481 3219 δοξάζομεν,
3505 3158 3639 3205 πεφω-

2165 3237 2394 3311 τίσμεθα
2424 3238 2565 3292 κατά
2594 3238 2881 3309 ἀλήθειαν·
2913 3241 2960 3292 εί
2988 3239 3046 3292 δὲ
3075 3240 3398 3308 ἀλλάσσομεν
3417 3231 3548 3288 αὐτοῦ
3572 3227 3641 3295 τὴν

2164 3328 2348 3395 δόξαν,
2380 3328 2812 3399 μεματαιώμεθα
2840 3329 2932 3406 καὶ
2958 3330 3122 3401 ἡμεῖς
3151 3333 3206 3383 ἐν
3224 3330 3334 3393 τοῖς
3357 3319 3639 3391 διαλογισμοῖς

2165 3419 2339 3489 ἡμῶν.
2372 3420 2435 3471 Ei
2465 3419 2571 3491 γὰρ
2598 3419 2732 3482 ὅλως
2762 3418 3207 3489 πεπιστεύκαμεν
3231 3421 3306 3482 είς
3334 3416 3489 3473 αὑτὸν,
3507 3412 3564 3471 ὡς
3584 3409 3639 3468 εἰς

2161 3507 2290 3562 Θεὸν
2342 3509 2766 3580 πιστεύομεν.“Η
2814 3509 2996 3578 δεήσει
3036 3511 3215 3580 πάντη
3264 3525 3319 3560 τε
3361 3505 3440 3559 καὶ
3479 3501 3637 3559 πάντως

2116 3636 2125 3643 -
2160 3598 2457 3667 ὁμολογεῖν,
2487 3599 2567 3652 ὅτι
2596 3600 2708 3662 τοῖς
2749 3597 2849 3667 τῆς
2889 3598 3125 3668 ἀρχαίας
3162 3597 3364 3666 ἀπάτης
3386 3593 3466 3647 καὶ
3486 3588 3559 3642 νῦν
3581 3588 3638 3637 ἐν·

2166 3688 2436 3759 ισχήμεθα
2469 3688 2704 3758 βρόχοις,
2736 3687 3008 3759 ἀνθρώπῳ
3042 3688 3206 3758 κοινῷ
3235 3687 3329 3756 τὴν
3348 3683 3502 3737 πίστιν
3519 3690 3636 3747 προσ-

2162 3781 2403 3848 άγοντες.
2422 3780 2559 3832 Ἀλλ’
2585 3779 2728 3833 οὕτω
2754 3779 2816 3833 τὸ
2844 3779 3043 3851 ἀληθές
3068 3783 3113 3835 ί.

498 3885 625 3923 num
671 3870 836 3938 prisci
878 3868 1083 3923 erroris
1152 3866 1358 3936 laqueis
1402 3867 1649 3923 irretitus
1680 3869 1877 3941 teneri,
1910 3875 2094 3938 utpote
2133 3870 2183 3921 in
2222 3882 2563 3923 communem
2625 3867 2898 3922 hominem
2930 3868 3228 3925 credentes.
3280 3867 3346 3922 At
3379 3876 3468 3918 non
3493 3860 3631 3914 itare!

512 3962 692 4016 habet.

571 4069 590 4101 ι
627 4050 694 4103 Ει
725 4048 865 4104 sicut
890 4064 995 4102 non
1028 4036 1398 4118 probaverunt
1441 4050 1609 4105 Deum
1642 4050 1840 4106 habere
1868 4051 1920 4105 in
1956 4065 2053 4107 no-

412 4176 417 4179 -
499 4142 636 4205 titia,
680 4140 900 4193 tradidit
942 4154 1038 4193 eos
1088 4140 1229 4195 Deus
1270 4142 1325 4195 in
1374 4143 1663 4211 reprobum
1709 4156 1949 4207 sensum,
1987 4149 2055 4195 ut

2243 4068 2263 4102 t
2290 4050 2399 4104 Kal.
2446 4048 2625 4113 καθὼς
2669 4050 2777 4115 οὐκΔ
2816 4050 3144 4121 ἐδοκίμασαν
3189 4049 3277 4103 τὸν
3314 4046 3431 4100 Θεὸν
3463 4041 3574 4111 ἔχειν
3594 4035 3630 4085 ἐν

2163 4138 2470 4206 ἐπιγνώσει,
2502 4138 2813 4209 παρέδωκεν
2858 4140 2887 4190 ὁ
2932 4139 3061 4203 Θεὸς
3105 4138 3292 4199 αὐτοὺς
3333 4135 3404 4196 εἰς
3441 4129 3630 4194 ἀδόκιμον

499 4212 696 4285 iaciant
746 4244 811 4283 ea
863 4245 981 4299 quae
1031 4246 1135 4284 non
1183 4210 1592 4286 conveniunt”.
1624 4251 1643 4284 ι
1684 4230 1742 4287 Si
1781 4232 2054 4287 Christum

2162 4228 2305 4290 νοῦν,
2330 4230 2503 4280 ποιεῖν
2536 4227 2603 4280 τὰ
2647 4225 2723 4297 μὴ
2766 4227 3092 4298 καθήκοντα.
3125 4249 3142 4280 ι
3176 4228 3237 4281 El
3268 4221 3473 4294 Χριστὸν

496 4322 842 4392 agnoscimus
877 4329 934 4374 ut
963 4319 1155 4385 Deum,
1187 4322 1465 4391 cognitum
1501 4338 1838 4392 nequaquam
1871 4337 2055 4392 asper-

497 4427 708 4475 nemur,
743 4410 1017 4480 vulgarem
1050 4410 1425 4465 tantummodo
1456 4412 1727 4467 hominem
1751 4412 1901 4466 illum
1932 4426 2055 4467 esse

497 4504 823 4556 dictitantes.
874 4500 968 4555 Sin
1000 4490 1202 4556 autem
1249 4499 1461 4555 inscitia
1494 4502 1750 4557 excaacati
1787 4502 1929 4557 istud
1972 4501 2056 4557 fa—

497 4606 624 4644 cere
646 4592 802 4644 veriti
831 4606 935 4645 non
967 4590 1253 4656 fuerimus,
1281 4589 1442 4644 simul
1482 4605 1604 4645 cum
1635 4589 1754 4645 aliis
1782 4589 1837 4644 in
1869 4603 2057 4659 repro-

499 4683 626 4736 bum
657 4696 874 4735 sensum
901 4683 1207 4752 prtecipites
1233 4695 1453 4736 ruamus
1479 4694 1701 4736 necesse
1732 4688 1835 4735 est.

578 4790 597 4823 ι
629 4770 936 4825 Secundum
986 4773 1238 4826 duritiam
1272 4781 1437 4834 tuam,
1478 4781 1534 4827 et
1562 4771 1906 4842 impmnitens
1940 4783 2057 4833 cor,

500 4857 844 4914 thesaurizas
877 4858 972 4912 tibi
1000 4859 1134 4912 iram
1165 4860 1219 4914 in
1252 4860 1338 4914 die
1364 4861 1457 4914 ira:
1480 4867 1534 4914 et
1564 4857 1907 4914 revelationis
1925 4856 2055 4924 justi

494 4943 688 5013 judicii
727 4942 842 5006 Dei,
886 4943 976 5013 qui
1018 4945 1205 4998 reddet
1231 4946 1526 5015 unicuique
1566 4947 1859 5000 secundum
1892 4959 2056 5014 opera

499 5035 616 5103 ejus
633 5036 702 5088 ’°.
736 5052 754 5086 ι
794 5033 959 5088 Docet
1002 5033 1087 5088 hic
1114 5033 1306 5090 beatus
1333 5034 1551 5098 Paulus.
1584 5050 1681 5089 nos
1707 5049 1896 5089 omnes
1932 5045 2058 5089 ante

502 5125 732 5180 tribunal
781 5125 984 5181 Christi
1042 5126 1378 5182 manifestari
1416 5136 1686 5197 oportere,
1743 5141 1853 5196 quo
1895 5140 2055 5180 unus-

2160 4333 2338 4387 καμεν
2374 4317 2449 4380 ὡς
2480 4317 2631 4381 Θεὸν,
2665 4317 2766 4387 τὴν
2792 4317 2878 4370 ἐπ’
2897 4318 3044 4388 αύτῷ
3073 4317 3263 4386 γνῶσιν
3286 4313 3354 4384 μὴ
3374 4298 3629 4370 ἀποδοκιμά’

2160 4408 2361 4479 ξωμεν,
2398 4408 2681 4477 ἄνθρωπον
2710 4406 2848 4463 εἶναι
2880 4409 3124 4479 λέγοντες
3150 4407 3332 4462 κοινόν.
3364 4403 3419 4456 Ei
3445 4398 3493 4452 δὲ
3516 4391 3629 4484 τοῦτο

2160 4498 2292 4570 δρᾷν
2324 4499 2384 4564 ἐξ
2412 4498 2647 4571 ἀμαθίας
2675 4499 2977 4569 τολμῶμεν,
2994 4496 3306 4569 βαδιούμεθα
3333 4491 3514 4549 πάντως
3532 4483 3627 4549 ὁμοῦ

2160 4592 2274 4654 τοῖς
2305 4590 2483 4653 ἄλλοις
2513 4593 2593 4653 εἰς
2622 4589 2876 4661 ἀδόκιμον
2905 4591 3050 4644 νοῦν.

2245 4784 2262 4817 t
2288 4763 2445 4819 Κατά
2480 4763 2534 4817 δὲ
2580 4762 2677 4834 τὴν
2713 4760 3053 4835 σκληρότητά
3082 4780 3170 4817 σου
3216 4760 3304 4814 λαὶ
3340 4744 3627 4835 ἀμετανόηῖον

2163 4855 2389 4927 καρδίαν
2414 4855 2759 4927 θησαυρίζεις
2786 4834 2996 4926 σεαυτῷ
3022 4856 3183 4928 ὀργὴν
3211 4856 3264 4907 ἐν
3293 4848 3453 4920 ἡμέρᾳ
3484 4834 3623 4928 ὅρτῆξο

2163 4922 2258 4997 καί
2297 4922 2705 5012 ἀποκαλύψεως,
2752 4948 2843 4999 καὶ
2894 4922 3272 5017 δικαιοκρισίας
3314 4938 3396 4992 τοῦ
3433 4926 3558 4988 Θεοῦ,
3584 4922 3625 4979 ὃς

2164 5033 2431 5088 ἀποδώσει
2461 5034 2674 5105 ἑκάστῳ
2696 5036 2836 5089 κατά
2865 5037 2933 5090 τά
2959 5039 3092 5109 ἔργα
3117 5034 3284 5091 αὑτοῦ.
3314 5052 3330 5080 ι
3351 5032 3399 5079 '0
3420 5018 3623 5109 and?!“

2168 5124 2397 5189 Παῦλος,
2428 5125 2552 5189 τοὺς
2593 5126 2796 5190 πάντας
2832 5106 3104 5197 ἡμᾶς-δεῖ,
3140 5127 3281 5198 φησὶ,
3324 5106 3620 5191 φανερωθῆνίι

572 5277 616 5309 ⁸⁸
643 5279 796 5333 Boni.
828 5296 866 5338 t.
909 5280 1013 5335 1-4.
1098 5282 1138 5312 ⁸⁷
1174 5280 1302 5335 illiti.
1342 5279 1426 5345 21,
1462 5279 1553 5334 22.
1628 5279 1674 5311 ⁸⁸
1705 5277 1879 5334 Galat.
1911 5293 1981 5345 tv,
2015 5278 2058 5333 9.

2162 5278 2189 5308 ι’
2219 5276 2353 5330 Rom
2425 5292 2442 5330 ι
2499 5277 2586 5332 28.
2663 5279 2709 5312 ὀ
2743 5278 2896 5334 Rom.
2930 5295 2974 5347 ι,
3002 5281 3055 5336 5.

1555 5433 1726 5487 Varia:
1760 5432 2014 5486 lectiones
2046 5430 2248 5486 codicis
2278 5430 2634 5502 Seguieriaui.

582 5570 612 5610 II
642 5564 880 5633 Quatuor
903 5581 1021 5635 qua:
1051 5578 1347 5637 sequuntur
1367 5584 1528 5622 voces
1561 5571 1757 5623 absunt
1785 5583 1810 5618 a
1848 5569 1966 5623 cod.
1998 5567 2058 5622 Sr

2165 5581 2243 5622 er.
2327 5577 2341 5603 ι
2374 5563 2433 5616 οὐ
2459 5563 2614 5616 τοῦτο
2640 5562 2856 5635 ἀληθές.
