3970 6136
240 378 262 434 1
273 378 381 434 2‘23

1240 400 1243 403 ι
1337 371 1424 428 os
1463 354 1697 427 RECTA
1735 361 1894 421 FIDE
1932 366 2023 422 an
2065 362 2386 426 REGINAS.
2458 382 2465 389 -

3363 369 3501 426 19.9.6

239 493 549 567 ἔμπροσθεν
571 488 671 561 τοῦ⁸
686 492 931 564 βήματος
949 488 1040 544 τοῦ
1057 476 1294 563 Χριστοῦ
1316 508 1329 522 ·
1358 509 1383 558 ι,
1400 491 1486 545 ἵνα
1513 490 1811 567 κομίσηται

1918 486 2145 553 quisque
2202 487 2445 554 referat,
2498 499 2616 554 quae
2661 483 2717 540 in
2767 496 2996 555 corpore
3035 483 3227 556 gessit,
3253 482 3358 556 57
3386 487 3503 540 sive

236 564 465 649 ἕκαστος
505 584 575 639 τὰ
615 583 707 637 διὰ
736 581 831 636 τοῦ
879 581 1151 653 σώματος,
1182 581 1321 652 πρὸς
1352 580 1388 636 ἂ
1418 564 1677 652 ἔπραξεν,
1706 579 1815 634 εἴτε

235 676 462 746 ἀγαθὸν,
495 676 603 729 εἴτε
636 673 861 744 φαῦλον.
893 691 912 725 ι
940 673 1086 745 Ἔφη
1114 673 1170 726 δέ
1202 690 1289 737 τις
1339 674 1434 727 καὶ
1474 673 1659 743 ἕτερος
1710 670 1818 726 τῶν

234 770 409 836 ἁγίων
434 766 749 821 ἀποστόλων
769 783 783 797 ⁶
821 783 840 816 ι
873 759 969 829 Εἷς
999 766 1146 819 ἐστιν
1173 768 1202 820 6
1230 764 1547 838 νομοθέτης,
1577 766 1672 820 καὶ
1696 782 1818 838 κρι·

230 861 353 933 τῆς.
388 878 405 909 ο
438 858 645 912 Ψάλλει
688 856 746 911 δὲ
784 856 880 911 καὶ
917 855 1079 920 αὐτὸς
1118 859 1147 911 6
1171 856 1370 911 Δαυῖδ’
1427 857 1581 911 «Ὅτι
1616 858 1645 910 ὀ
1685 855 1820 921 Θεὸς

230 948 431 1024 κριτής
462 952 628 1004 ἐστιν.
661 951 822 1004 »Ὅτε
850 947 1030 1004 τοίνυν
1061 948 1458 1023 δικαιοκρισίαν
1483 948 1619 1004 Θεοῦ
1651 967 1818 1021 φησιν

230 1042 369 1098 εἶναι
400 1043 498 1114 τὴν
528 1026 621 1096 “ein
648 1041 742 1096 τοῦ
773 1041 1017 1114 βήματος
1055 1041 1150 1095 τοῦ
1184 1040 1330 1097 θείου
1358 1043 1444 1112 ἐφ’
1468 1040 1688 1116 ἑκάστῳ
1712 1041 1818 1114 ψῆ-

232 1153 355 1205 φον,
378 1136 445 1206 ἣν
476 1133 637 1197 αὐτὸς
680 1131 877 1196 ἐξοίσει
910 1131 1149 1204 Χριστὸς
1178 1131 1669 1203 (παραστησόμεθα
1695 1131 1819 1204 γὰρ

222 1228 312 1297 ,τῷ
358 1227 562 1299 βήματι
610 1220 801 1289 αὑτοῦ,
834 1224 928 1278 καὶ
957 1225 1057 1295 οὑχ
1102 1220 1180 1288 ὡς
1216 1222 1296 1279 ἐνὶ
1331 1224 1441 1278 τῶν
1489 1224 1611 1278 καθ’
1647 1224 1816 1295 ἡμᾶς,

226 1317 346 1373 ἀλλ’
366 1318 441 1381 ὡς
468 1319 630 1390 κριτῇ
657 1317 750 1370 καὶ
766 1315 885 1387 Θεῷ
913 1314 1006 1370 καὶ
1036 1315 1347 1389 νομοθέτῃ),
1388 1300 1506 1380 πῶς
1532 1316 1654 1388 οὐχὶ
1686 1315 1820 1381 Θεὸς

225 1406 260 1460 6
287 1406 561 1477 Χριστόςς
609 1424 627 1457 ι
659 1405 758 1458 Διὰ
800 1405 909 1477 γὰρ
956 1405 1123 1475 νόμου
1176 1406 1472 1475 ἐπίγνωσις
1515 1407 1816 1479 ἁμαρτίας.

226 1499 370 1552 Νυνὶ
399 1498 455 1551 δὲ
494 1498 663 1569 χωρἰς
692 1497 857 1565 νόμου
883 1496 1196 1568 δικαιοσύνη
1238 1497 1374 1553 Θεοῦ
1405 1499 1816 1570 πεφανέρωται,

231 1586 652 1659 μαρτυρουμένη
701 1586 808 1640 ’ὑπὸ
857 1585 952 1640 τοῦ
996 1587 1161 1657 νόμου
1196 1587 1292 1642 καὶ
1336 1588 1445 1642 τῶν
1495 1591 1814 1661 προφητῶν,

224 1674 552 1751 Δικαιοσύνη
582 1678 638 1732 δὲ
679 1677 813 1732 Θεοῦ
851 1677 942 1732 διὰ
984 1679 1218 1744 πίστεως
1251 1679 1426 1750 Ἰησοῦ
1457 1681 1697 1752 Χριστοῦ
1733 1684 1817 1748 εἰς

226 1772 441 1834 πάντας
468 1773 593 1833 τοὺς
620 1769 992 1837 πιστεύοντας.
1027 1789 1046 1823 ι
1084 1766 1217 1842 Δίχα
1241 1771 1408 1842 νόμου
1438 1771 1811 1845 δικαιοσύνην,

226 1864 319 1933 (ἣν
370 1862 465 1914 καὶ
508 1860 613 1915 ὑπὸ
662 1861 773 1916 τῶν
819 1861 991 1931 ἁγίων
1038 1861 1334 1934 προφητῶν
1357 1864 1810 1936 μεμαρτυρῆσθαί

225 1952 417 2026 φησι),
445 1956 543 2024 τὴν
567 1952 655 2008 διὰ
678 1955 913 2019 πίστεως
936 1947 1073 2008 εἶναι
1099 1953 1247 2023 λέγει
1269 1954 1366 2025 τὴν
1389 1953 1434 1992 ι’
1463 1956 1543 2020 είς
1570 1956 1810 2029 Χριστὸν

236 2036 463 2116 Ἰησοῦνζ
500 2040 651 2110 Εἶτα,
678 2043 796 2108 πῶς
826 2041 886 2098 οὐ
910 2043 1042 2108 Θεὸς
1068 2044 1096 2098 ὁ
1128 2044 1354 2099 δικαιῶν
1379 2047 1505 2111 τοὺς
1529 2047 1811 2102 πιστεύον-

144 2196 149 2201 ,
220 2149 346 2199 τας,
380 2136 574 2206 ὅτιπερ
607 2135 692 2207 εἴη
720 2135 852 2200 Θεὸς
876 2135 1128 2207 ἀληθῶς;
1162 2136 1266 2209 ὁρᾷ
1294 2139 1404 2210 γὰρ
1439 2141 1520 2203 είς
1557 2139 1715 2193 τοῦτο
1746 2141 1809 2195 τὸ

218 2227 323 2295 τῆς
375 2227 612 2290 πίστεως
654 2227 852 2299 πέρας.
895 2229 1333 2301 Μαρτυρούντων
1381 2230 1438 2284 δὲ
1486 2229 1595 2285 τῶν
1638 2232 1809 2301 ἁγίων

218 2319 524 2389 προφητῶν
546 2317 612 2390 τῇ
636 2320 717 2383 εἰς
741 2318 976 2391 Χριστὸν
1001 2319 1202 2384 πίστει,
1227 2321 1312 2385 τίς
1334 2323 1364 2376 6
1386 2322 1550 2392 φάναι
1569 2321 1805 2395 τολμῶν,

217 2410 323 2464 οὐκ
367 2406 507 2463 εἶναι
543 2409 674 2464 Θεὸν
708 2410 872 2467 αὑτὸν
900 2410 987 2466 διὰ
1014 2413 1077 2466 τὸ
1115 2414 1474 2487 ἀνθρώπινον,
1510 2417 1677 2488 ἤγουν
1715 2418 1804 2472 ὅτε

218 2501 415 2570 γέγονε
447 2500 585 2573 σὰρξ
613 2502 642 2555 6
672 2500 887 2577 Δόγος;

300 2699 319 2732 ι
351 2681 557 2745 Πάντες
581 2680 689 2752 γὰρ
718 2682 988 2753 ἥμαρτον,
1011 2681 1108 2736 καὶ
1140 2679 1495 2756 ὑστεροῦνται
1524 2687 1625 2760 τῆς
1643 2687 1805 2760 δόξης

216 2774 316 2828 τοῦ
348 2773 505 2840 Θεοῦ,
544 2773 907 2845 δικαιούμενοι
954 2775 1164 2846 δωρεὰν
1188 2778 1255 2849 τῇ
1281 2778 1448 2832 αὑτοῦ
1478 2780 1685 2852 χάριτι,
1713 2782 1805 2836 διὰ

216 2867 322 2936 τῆς
373 2865 803 2937 ἀπολυτρώσεως
850 2867 949 2939 τῆς
997 2869 1054 2923 ὲν
1105 2870 1328 2942 Χριστῷ
1362 2867 1559 2943 Ἰησοῦ.
1592 2892 1612 2926 ι
1652 2874 1717 2927 Ei
1745 2872 1807 2927 τὸ

220 2959 558 3030 ἁμαρτάνειν
603 2960 748 3030 ἡμᾶς
797 2959 1141 3031 ὑστερεῖσθαι
1188 2965 1333 3016 ποιεῖ
1377 2964 1475 3035 τῆς
1506 2963 1665 3038 δόξης
1702 2944 1805 3019 ’τοῦ

220 3049 384 3115 Θεοῦ,
414 3051 496 3103 ὅτι
547 3050 621 3121 μὴ
669 3046 810 3103 οἶδεν
851 3052 1161 3123 ἁμαρτίανο
1212 3054 1523 3127 γέγραπται
1569 3058 1627 3111 δὲ
1678 3058 1807 3129 περὶ

1926 578 2165 644 bonum,
2206 580 2326 635 sive
2369 578 2588 634 malum.
2647 577 2793 634 Dixit
2833 579 2961 633 item
3002 577 3142 633 alius
3193 591 3260 632 ex
3298 581 3502 633 sanctis

1921 672 2182 739 apostolis
2213 689 2228 726 :
2261 691 2282 724 ι
2315 670 2463 728 Unus
2490 680 2575 727 est
2612 671 2893 742 legislator
2919 681 2974 726 et
2998 671 3162 741 jndex
3184 672 3255 725 “.
3288 689 3308 724 ι
3342 671 3516 739 Canit

1920 774 1976 819 et
2035 764 2148 833 ipse
2207 762 2375 819 David
2429 778 2652 836 quoque
2698 781 2712 820 :
2761 782 2780 816 ι
2812 764 3078 832 Quoniam
3134 761 3277 817 Deus
3330 762 3497 833 inde:
3572 748 3583 757 ’

1919 865 2003 911 cst
2025 857 2094 910 θ’.
2125 874 2142 908 ι
2172 854 2308 910 Cum
2342 856 2511 927 igitur
2543 857 2868 913 sententiam
2905 870 3070 926 quam
3113 854 3365 910 Christus
3404 869 3501 924 pro

1920 948 2106 1004 divino
2143 948 2402 1003 tribunali
2436 950 2636 1003 sedens
2662 950 2948 1020 (sistemur
2980 947 3125 1004 enim
3166 954 3293 1001 ante
3331 945 3500 1000 tribu-

1919 1038 2007 1093 nal
2034 1038 2200 1101 illius,
2232 1053 2338 1091 non
2378 1046 2633 1108 tanquam
2671 1037 2907 1093 hominis
2938 1030 3359 1103 nostri'sintilis,
3403 1037 3499 1091 sed

1922 1138 2180 1199 tanquam
2208 1128 2302 1184 Dei
2343 1139 2398 1184 et
2418 1128 2643 1199 indicis,
2679 1138 2735 1184 et
2772 1128 3121 1200 legislatoris)
3165 1128 3231 1184 de
3261 1127 3503 1197 quolibet

1920 1222 2131 1277 laturus
2153 1232 2256 1289 est,
2278 1219 2485 1289 justum
2506 1219 2599 1276 Dei
2629 1220 2893 1289 judicium
2927 1219 3218 1290 Apostolus
3242 1217 3497 1290 appellet,

1920 1312 2194 1382 quomodo
2216 1312 2467 1369 Christus
2496 1327 2603 1369 non
2634 1321 2719 1368 est
2742 1312 2923 1367 Deus?
2959 1330 2978 1363 ι
3008 1311 3114 1367 Ρει·
3142 1311 3315 1380 legem
3352 1309 3498 1364 enim

1920 1404 2162 1474 cognitio
2218 1404 2450 1474 peccati.
2500 1403 2654 1459 Nunc
2710 1412 2891 1459 autem
2952 1403 3072 1458 sine
3121 1400 3339 1471 justitia
3401 1399 3497 1454 Dei

1920 1497 2271 1552 manifestata
2303 1506 2410 1563 est,
2444 1495 2733 1552 testiﬁcata
2774 1510 2805 1551 a
2842 1496 2958 1571 lege
2990 1503 3040 1549 et
3079 1492 3381 1565 prophetis.
3410 1491 3499 1546 ,ιιι-

1920 1586 2069 1641 stitia
2104 1594 2282 1641 autem
2330 1586 2425 1642 Dei
2468 1602 2566 1657 per
2609 1585 2766 1647 fidem
2797 1583 2926 1641 Jesu
2965 1582 3169 1640 Christi
3218 1583 3270 1637 in
3307 1591 3499 1638 omnes”

1919 1688 1974 1732 et
2000 1692 2164 1746 super
2194 1692 2399 1740 omnes,
2430 1678 2522 1749 qui
2563 1677 2793 1732 credunt
2825 1677 2879 1731 in
2919 1690 3041 1731 eum
3061 1676 3130 1730 ".
3162 1694 3181 1728 ι
3219 1675 3348 1730 Sine
3381 1674 3501 1743 lege

1915 1769 2181 1839 justitiam
2224 1769 2410 1841 (quam
2456 1784 2486 1823 a
2536 1768 2742 1835 sanctis
2781 1783 2995 1838 quoque
3024 1767 3305 1838 prophetis
3336 1767 3493 1821 testi-

1917 1861 2155 1916 monium
2183 1861 2438 1917 habuisse
2463 1861 2707 1931 asserit),
2724 1875 2844 1917 eam
2865 1860 2968 1916 hoc
2997 1859 3114 1914 loco
3138 1858 3345 1920 delinit,
3371 1872 3493 1927 quzn

1911 1963 1998 2008 est
2036 1968 2132 2024 per
2165 1952 2324 2008 ﬁdem
2379 1955 2432 2008 in
2465 1948 2755 2009 ChriStum
2800 1951 3007 2008 Jesum.
3048 1952 3120 2006 At
3167 1951 3313 2005 enim
3354 1966 3492 2020 qua-

1912 2062 2061 2114 nam,
2101 2060 2308 2117 quaeso,
2354 2046 2566 2102 ratione
2614 2047 2661 2101 is
2697 2047 2841 2103 Deus
2873 2047 3182 2102 censendus
3229 2060 3333 2099 non
3379 2056 3486 2106 est,

1911 2138 2002 2209 qui
2047 2138 2335 2194 credentes
2381 2136 2530 2192 illum
2577 2150 2765 2193 verum
2814 2136 2982 2192 Deum
3022 2150 3146 2193 esse
3187 2126 3493 2207 justiﬁeat?

1910 2232 2068 2301 Cum,
2112 2233 2354 2302 inquam,
2387 2232 2498 2287 huc
2540 2231 2676 2287 ﬁdes
2710 2239 2965 2301 tanquam
3002 2231 3069 2285 ad
3106 2245 3328 2302 scopum
3369 2240 3490 2284 ten-

1911 2324 2024 2390 dat,
2071 2332 2126 2381 et
2173 2325 2315 2380 sacri
2363 2332 2624 2395 praeterea
2674 2325 2953 2396 propheta}
2994 2323 3116 2379 ﬁdei
3162 2338 3283 2393 quae
3320 2324 3487 2379 estin

1909 2416 2185 2473 Christum
2211 2416 2396 2473 Jesnm
2437 2417 2804 2473 testimonium
2848 2415 3327 2486 perhibeant,qnis
3354 2430 3484 2484 prn-

1814 2508 1819 2515 '
1909 2518 2028 2580 pter
2054 2509 2344 2564 humanam
2377 2516 2653 2581 naturam,
2701 2508 2804 2563 hoc
2833 2516 2917 2562 est
2942 2505 3104 2561 Verbi
3156 2506 3486 2562 incarnatio-

1911 2614 2058 2663 nem,
2099 2597 2246 2655 illius
2281 2597 2623 2653 divinitatem
2659 2596 2890 2652 inﬁciari
2921 2596 3156 2658 audeat?

1987 2708 2005 2740 ι
2037 2687 2238 2744 Omnes
2265 2688 2410 2744 enim
2452 2695 2840 2758 peccaverunt,
2866 2696 2923 2743 et
2968 2694 3130 2759 egent
3157 2686 3330 2756 gloria
3369 2688 3485 2750 Dei,

1903 2782 2186 2855 iustiﬁcati
2222 2781 2394 2853 gratis
2426 2794 2525 2852 per
2556 2779 2788 2851 gratiam
2814 2779 3009 2849 ipsius,
3038 2793 3135 2848 per
3160 2779 3488 2849 redemptio-

1907 2891 2033 2932 nem
2063 2890 2183 2947 (ποτε
2217 2882 2300 2930 est
2345 2872 2400 2928 in
2449 2871 2668 2927 Christo
2692 2869 2822 2926 Jesu
2839 2869 2908 2923 “.
2932 2886 2968 2946 ⁸ι
3012 2868 3070 2924 Si
3104 2870 3316 2941 peccati
3367 2869 3499 2941 labe

1908 2966 2272 3025 contaminari
2323 2965 2455 3021 facit
2500 2978 2597 3021 nos
2652 2976 2812 3035 egere
2850 2962 3024 3035 gloria
3072 2962 3187 3028 Dei,
3232 2962 3485 3033 quoniam

1910 3069 2195 3133 peccatum
2226 3074 2334 3115 non
2366 3057 2518 3113 novit
2543 3070 2559 3111 :
2595 3057 2662 3112 de
2688 3056 2906 3112 Christo
2928 3064 3105 3111 autem
3129 3065 3211 3111 est
3234 3056 3286 3109 in
3313 3057 3489 3110 sacris

221 3138 480 3213 Χριστοῦ,
516 3143 596 3194 ὅτι
629 3143 904 3214 ἁμαρτίαν
936 3147 1035 3198 οὑκ
1080 3145 1336 3217 ἐποίησεν
1360 3163 1375 3179 ο
1422 3148 1804 3220 ὑστερούμεθα

1918 3153 2152 3216 Litteris,
2184 3151 2325 3223 quod
2354 3158 2637 3220 peccatum
2676 3164 2785 3204 non
2815 3146 3039 3214 fecerit;
3072 3162 3170 3203 nos
3203 3156 3389 3203 autem
3423 3162 3486 3199 ea

220 3228 279 3285 δὲ
320 3233 414 3286 καὶ
447 3232 588 3287 κατὰ
626 3231 785 3288 τοῦτο
812 3232 909 3306 τῆς
941 3236 1100 3306 δόξης
1138 3237 1305 3291 αὑτοῦ
1354 3238 1806 3311 πλημμελοῦντες

222 3328 384 3396 ¹ἡμεῖς
405 3343 419 3356 ο
451 3326 582 3392 Θεὸς
612 3326 719 3400 ἄρα
763 3330 881 3382 ἐστὶ
919 3329 1016 3383 καὶ
1045 3330 1185 3401 μετὰ
1212 3333 1415 3404 σαρκὸς
1441 3335 1470 3385 6
1499 3334 1672 3403 Λόγος
1696 3352 1709 3366 ·
1742 3337 1803 3391 οὑ

221 3418 331 3489 γὰρ
354 3418 609 3490 εποίησεν
640 3419 934 3490 ἁμαρτίαν.

304 3617 321 3649 ι
353 3599 534 3668 Νόμον
589 3590 689 3651 οῦν
719 3601 1103 3673 καταργοῦμεν
1148 3599 1234 3657 διὰ
1280 3607 1380 3673 τῆς
1416 3602 1678 3673 πίστεως;
1732 3608 1807 3680 μὴ

224 3689 435 3756 γένοιτο
453 3705 466 3717 ·
498 3688 634 3741 ἀλλά
660 3688 822 3760 νόμον
857 3691 1116 3763 ἱστῶμεν.
1134 3705 1163 3745 ⁸)
1184 3695 1241 3748 '0
1265 3695 1356 3749 διὰ
1374 3697 1617 3762 Μωσέως
1643 3698 1808 3770 νόμος

226 3780 356 3831 Θεὸν
385 3778 480 3832 ἕνα
523 3784 849 3852 προσκυνεῖν
875 3783 1079 3850 ἐδίδαξε
1113 3787 1240 3851 τοὺς
1264 3787 1325 3854 ἐξ
1356 3789 1574 3861 Ἰσραήλ
1593 3806 1609 3822 ο
1638 3808 1658 3842 ι
1690 3791 1808 3845 Κύ-

228 3886 345 3939 ριος
372 3870 502 3941 γὰρ,
540 3873 727 3943 φησὶν,
760 3872 788 3925 ό
819 3873 951 3939 Θεός
988 3892 1104 3943 σου,
1136 3878 1345 3951 Κύριος
1372 3876 1452 3945 εἷς
1483 3882 1630 3936 ἐστι’
1660 3902 1679 3935 ι
1711 3884 1810 3938 καὶ

225 3960 389 4025 αὑτὸς
440 3962 496 4016 δὲ
542 3964 571 4015 6
617 3960 751 4028 Θεὸς
798 3966 1142 4037 προσεφώνει
1173 3966 1351 4040 λέγων
1393 3970 1611 4038 αὑτοῖς·
1645 3994 1664 4028 ι
1695 3975 1809 4029 Οὐκ
1850 3994 1859 4011 ε

226 4052 439 4110 ἔσονταί
493 4074 575 4110 σοι
619 4054 734 4112 θεοὶ
780 4059 955 4130 ἕτεροι
1004 4060 1142 4134 πλὴν
1187 4063 1344 4134 ἐμοῦ.
1375 4056 1528 4138 »”Αρ’
1557 4060 1648 4123 οὖν
1679 4085 1809 4139 μετ-

226 4147 504 4220 έστησενή
531 4148 713 4214 πίστις
741 4151 773 4222 ἡ
803 4152 883 4215 είς
902 4147 1134 4223 Χριστὸν
1159 4156 1285 4220 τοὺς
1308 4156 1379 4209 δι’
1408 4153 1578 4229 αὑτῆς
1606 4159 1808 4232 κεκλη-

232 4239 425 4310 μένους
454 4242 533 4305 είς
561 4241 622 4296 τὸ
645 4241 720 4315 μὴ
743 4242 823 4296 ἑνὶ
848 4244 1096 4315 τῷσιατὰ
1119 4246 1280 4317 φύσιν
1302 4247 1421 4320 Θεῴ
1446 4253 1806 4320 προσκυνεῖν;

228 4329 374 4402 *Δρα
409 4335 790 4406 καταργοῦμεν
826 4335 990 4407 νόμον
1034 4338 1113 4409 τῷ
1150 4340 1233 4393 ἐνὶ
1277 4341 1356 4412 τῷ
1406 4342 1526 4396 κατ’
1548 4342 1808 4415 ἀλήθειαν

229 4425 347 4498 Θεῷ
367 4427 800 4498 προσκομίζοντα
823 4445 837 4489 :
865 4450 884 4481 ι
902 4429 993 4500 Μὴ
1014 4433 1244 4500 γένοιτο,
1265 4433 1450 4506 φησὶν,
1484 4434 1619 4490 ἀλλὰ
1643 4437 1807 4508 νόμον

105 4557 119 4569 .
231 4519 518 4590 ἱστῶμεν.)
549 4522 757 4577 Οὐκοῦν
784 4523 860 4588 ὡς
884 4524 1004 4595 Θεῷ
1031 4526 1330 4599 προσίεμεν
1349 4527 1428 4599 τῷ
1455 4528 1696 4601 Χριστῷ,
1717 4530 1805 4584 ἴνα

229 4613 305 4684 μὴ
336 4614 803 4687 κατηγορώμεθα,
839 4618 915 4683 ὡς
948 4620 1318 4691 παραλύοντες
1347 4621 1534 4691 νόμον,
1565 4624 1806 4679 ἐπαινῶ-

230 4705 368 4776 μεθα
421 4707 478 4760 δὲ
525 4707 851 4791 μᾶλλονζὼς
910 4711 1165 4777 ίστῶντες
1210 4714 1374 4784 νόμον
1427 4712 1515 4768 διὰ
1563 4715 1660 4786 τῆς
1712 4716 1806 4770 πί-

229 4813 420 4861 στεως.

299 4890 435 4959 Περὶ
455 4890 550 4944 τοῦ
587 4891 836 4963 Ἀϐραάμ
864 4911 1033 4965 φησι·
1064 4914 1082 4948 ι
1101 4897 1405 4953 Κατὲναντι
1425 4892 1488 4959 οὗ
1516 4901 1806 4957 ἐπίστευσε

226 4982 383 5045 Θεοῦ,
419 4982 514 5035 τοῦ
544 4982 932 5050 ζωοποιοῦντος
954 4987 1080 5052 τοὺς
1106 4992 1352 5061 νεκροὺς,
1378 4993 1472 5046 καὶ
1514 4994 1808 5060 καλοῦντος

227 5076 296 5127 τὰ
337 5075 410 5146 μὴ
441 5074 570 5129 ὅντα
602 5076 674 5140 ὡς
705 5076 853 5132 ὄντα.
888 5078 1047 5132 »Ὅτε
1089 5082 1269 5136 τοίνυν
1297 5082 1359 5136 τὸ
1397 5085 1679 5149 ζωοποιεῖν
1712 5086 1805 5140 δύ-

228 5163 422 5217 νασθαι
468 5166 596 5228 τοὺς
644 5167 870 5238 νεκροὺς
885 5169 1197 5244 ιἀρμόσειεν
1229 5173 1296 5227 ἂν
1322 5174 1421 5245 οὑχ
1448 5176 1639 5249 ἑτέρῳ,
1668 5178 1809 5249 πλὴν

229 5258 309 5309 ὅτι
343 5255 489 5328 μόνῳ
516 5255 592 5328 τῷ
628 5259 770 5312 κατὰ
797 5258 958 5328 φύσιν
985 5260 1133 5333 Θεῷ·
1176 5263 1432 5329 ζωοποιεῖ
1475 5267 1533 5321 δὲ
1576 5270 1811 5341 Χριστὸς

307 5437 360 5512 ³-³-
392 5437 506 5512 Jac.
550 5453 626 5507 tv,
660 5440 746 5512 ιε.
867 5442 911 5474 ⁸³
942 5441 1085 5498 Psal.
1115 5460 1303 5512 Lxxtv,
1328 5447 1383 5504 7.

234 5507 277 5538 θ’
323 5508 491 5563 Exod.
528 5526 619 5586 xx,
651 5510 707 5566 4.
783 5513 831 5544 ⁸⁸
860 5513 1016 5568 Rom.
1052 5530 1123 5580 IV,
1152 5516 1235 5569 l7.

1496 5448 1542 5479 "
1574 5447 1733 5504 Rom.
1770 5462 1852 5516 nl,
1875 5448 2065 5504 20-22.

1908 3246 1975 3302 de
2006 3259 2171 3301 causa
2199 3243 2269 3298 ab
2300 3241 2419 3311 ejus
2445 3241 2614 3313 glorla
2643 3241 2923 3304 absumus,
2952 3238 3079 3309 quia
3114 3238 3319 3308 absque
3350 3237 3486 3292 deli-

1908 3346 1995 3393 cto
2046 3351 2154 3391 non
2199 3333 2437 3389 vivimus
2470 3346 2484 3387 :
2513 3332 2598 3388 cui
2645 3331 2867 3387 dubium
2918 3344 3040 3386 esse
3086 3340 3296 3401 potest,
3355 3331 3486 3400 quin

1909 3426 2145 3487 Verbum
2191 3428 2530 3495 incarnatum
2564 3424 2706 3479 Deus
2750 3422 2862 3477 sit?
2896 3436 3020 3476 nam
3061 3432 3345 3495 peccatum
3382 3437 3487 3476 non

1909 3525 2057 3580 fecit.

1986 3634 2003 3666 ι
2031 3608 2227 3686 Legem
2263 3628 2392 3683 ergo
2431 3615 2761 3667 destruimus
2800 3623 2896 3679 per
2924 3607 3135 3663 .ﬁdem'?
3158 3607 3345 3663 Absit!
3395 3610 3489 3662 sed

1909 3707 2081 3778 legem
2145 3703 2523 3761 statuimus".
2557 3720 2577 3754 ›
2638 3700 2747 3755 Lex
2800 3698 3034 3754 Mosaica
3095 3699 3268 3754 Deum
3322 3715 3488 3753 unum

1909 3797 2243 3855 adorandum
2277 3810 2400 3852 esse
2435 3793 2639 3850 docuit.
2669 3792 2760 3847 Ait
2785 3792 2930 3847 enim
2961 3809 2975 3846 :
3009 3807 3029 3843 ι
3058 3790 3322 3847 Dominus
3346 3791 3490 3846 Dens

1911 3899 2035 3946 tuus
2054 3886 2243 3954 Israel,
2267 3884 2412 3943 Deus
2446 3900 2589 3942 unus
2618 3893 2702 3941 est
2719 3884 2800 3950 ⁹⁶;
2832 3901 2851 3935 ι
2885 3890 2942 3939 et
2967 3881 3083 3954 ipse
3108 3895 3327 3952 quoque
3344 3879 3491 3938 Dens

1907 3982 2128 4038 eosdem
2156 3978 2259 4037 hac
2288 3973 2538 4036 oratione
2569 3975 2931 4046 compellabat
2956 3991 2970 4029 :
3002 3992 3021 4026 ι
3047 3972 3166 4029 Non
3200 3980 3361 4030 erunt
3391 3971 3487 4027 tibi

1910 4074 1984 4130 dii
2033 4070 2123 4128 alii
2175 4081 2375 4144 praeter
2411 4085 2499 4126 me
2519 4068 2588 4124 ".
2623 4088 2643 4122 ι
2682 4066 2935 4137 Nunquid
2985 4067 3151 4138 igitur
3194 4066 3328 4123 fides
3368 4081 3491 4138 qme

1909 4176 1994 4223 est
2027 4166 2083 4222 in
2119 4163 2420 4231 Christum,
2462 4177 2558 4219 eos
2587 4161 2680 4233 qui
2727 4174 2826 4232 per
2870 4174 2988 4216 eam
3023 4159 3201 4215 vocati
3236 4166 3379 4225 sunt,
3422 4175 3490 4214 eo

1911 4258 2206 4323 transtulit,
2242 4264 2304 4312 ut
2344 4271 2510 4311 unum
2550 4254 2847 4310 secundum
2878 4261 3127 4308 naturam
3168 4250 3337 4307 Deum
3379 4267 3487 4307 non

1911 4351 2179 4410 adorent?
2214 4351 2464 4422 legemne
2493 4363 2624 4418 ergo
2666 4346 3025 4411 destruimus,
3067 4358 3192 4417 qua:
3222 4345 3290 4400 ad
3321 4360 3487 4399 unum

1911 4458 2098 4499 verum
2114 4442 2285 4497 Deum
2313 4455 2411 4497 nos
2428 4439 2600 4496 ducit?
2637 4457 2657 4491 ι
2684 4438 2874 4494 Absit!
2909 4437 3085 4509 inquit
3115 4437 3205 4492 ille
3234 4454 3249 4492 :
3278 4436 3372 4492 sed
3407 4436 3489 4490 le-

1915 4551 2035 4608 gem
2064 4536 2378 4590 statuimus.
2405 4552 2425 4586 )
2460 4532 2814 4603 Adjungimus
2839 4546 2968 4602 ergo
2999 4545 3098 4586 nos
3118 4529 3337 4585 Christo
3374 4537 3491 4585 tan-

1915 4645 2080 4700 quam
2110 4643 2239 4684 vero
2266 4627 2399 4693 Deo,
2436 4640 2509 4681 ne
2539 4624 2750 4679 violatae
2792 4624 2926 4695 legis
2960 4622 3364 4691 insimulemur,
3395 4626 3493 4680 sed

1915 4721 2378 4786 commendemur,
2414 4717 2588 4788 utqui
2625 4715 2798 4785 legem
2835 4729 2931 4786 per
2961 4714 3121 4771 ﬁdem
3166 4724 3492 4775 statuamus.

1986 4903 2096 4975 58
2126 4901 2191 4956 Et
2243 4899 2312 4954 de
2361 4896 2634 4952 Abraham
2684 4894 2916 4951 scribit:
2953 4913 2972 4948 ι
3004 4896 3146 4952 Ante
3198 4897 3364 4955 Deum
3408 4900 3494 4955 cui

1916 4996 2164 5060 credidit,
2192 4993 2284 5065 qui
2314 4989 2555 5047 viviﬁcat
2582 4997 2846 5055 mortuos,
2878 5000 2934 5046 et
2960 5001 3118 5046 vocat
3148 5004 3211 5045 ea
3236 5005 3354 5060 qua:
3382 5000 3492 5044 neu

1918 5099 2065 5153 sunt,
2111 5096 2367 5154 tanquam
2412 5097 2476 5139 ea
2518 5097 2640 5152 qua:
2674 5090 2804 5137 sunt
2825 5082 2892 5135 ⁸⁸.
2923 5101 2943 5134 ι
2997 5081 3129 5136 Cum
3164 5083 3328 5151 igitur
3352 5095 3497 5134 mor-

1920 5192 2043 5236 tuos
2070 5178 2193 5232 vitae
2236 5179 2527 5232 restituere
2557 5190 2717 5245 posse
2762 5175 2815 5230 in
2853 5173 3057 5228 nullum
3106 5172 3271 5227 alium
3299 5186 3498 5227 conve-

1924 5270 2060 5334 niat,
2107 5267 2208 5322 nisi
2245 5267 2299 5321 in
2343 5266 2520 5321 solum
2564 5266 2869 5321 naturalem
2902 5263 3109 5327 Deum;
3137 5261 3498 5332 Christusqne

2172 5449 2217 5480 ’⁵
2251 5448 2381 5504 ibid.
2416 5448 2506 5505 23.

2619 5448 2665 5481 "
2696 5447 2829 5504 ibid.
2857 5448 2944 5504 51.
3050 5448 3097 5481 ’⁸
3129 5450 3286 5507 Deut.
3317 5465 3390 5519 vr,
3440 5448 3495 5506 4.

1319 5667 1497 5724 Variae
1526 5668 1787 5727 lectiones
1815 5669 2016 5729 codicis
2043 5672 2401 5745 Seguieriani.

384 5796 468 5853 Im
500 5813 836 5956 τηῖιλτηοι.
885 5890 1002 5956 Gn.
1050 5891 1337 5957 LXXVI.
