3970 6136
520 305 653 359 ε’ὶὲῗ

1540 302 1596 357 S.
1638 299 1911 356 (TYRILLI
1943 301 2419 358 'ALEX‘ANDRINI
2462 304 2782 360 ARCHIEP.

3648 311 3776 366 £928

516 433 747 487 propria:
774 417 954 471 carnis
988 427 1240 473 contactu
1272 432 1367 473 eos
1394 416 1631 472 vivilicet
1657 431 1720 471 ac
1753 433 1823 471 ex
1862 417 2073 471 mortui:

2191 421 2285 472 ml.
2335 419 2423 473 διὰ
2466 419 2566 491 τῆς
2619 420 2756 485 ἰδίας
2805 419 3006 491 σαρκὸς
3056 422 3178 485 τοὺς
3241 422 3773 493 κατιῳθαρμένους,

514 510 737 573 excitet,
761 508 853 578 qui
896 518 1071 563 morte
1099 509 1367 578 absumpti
1397 506 1605 563 fuerant
1640 525 1655 562 :
1681 509 1953 579 quomodo
1980 524 2084 563 non

488 610 600 663 ,σει
645 602 810 656 verus
860 600 1022 665 Dens,
1060 600 1292 653 maxime
1342 611 1472 653 vero
1522 611 1647 652 cum
1700 599 1836 653 alios
1876 612 2089 667 quoque

518 695 630 762 ipse
656 706 718 746 ea
750 697 1014 762 potestate
1041 689 1284 752 donarit,
1323 698 1378 742 ut
1415 688 1470 743 in
1518 687 1736 743 nomine
1768 687 1945 759 ipsius
1978 688 2085 743 vita

523 785 738 839 functos
767 783 820 838 in
854 783 1023 837 lucem
1058 796 1315 837 revocare
1347 779 1607 852 possent?

587 895 607 928 σ
643 876 851 946 itaque,
882 874 1078 930 fratres
1109 874 1234 939 mei,
1270 882 1323 928 et
1350 888 1446 929 vos
1484 873 1790 929 mortiﬁcati
1822 873 1956 928 estis
1981 871 2083 942 legi

514 983 610 1040 per
643 983 840 1039 corpus
872 966 1098 1033 Christi,
1132 977 1190 1021 ut
1220 967 1340 1022 sitis
1368 966 1615 1030 alterius,
1642 965 1733 1034 qui
1760 980 1826 1019 ex
1856 964 2084 1019 mortuis

510 1061 834 1128 resurrexit,
880 1069 932 1114 ut
971 1060 1362 1114 fructiﬂcemus
1395 1057 1504 1113 Deo
1524 1057 1594 1111 ”.
1626 1075 1648 1108 ι
1696 1055 2085 1111 Mortiﬁcamur

512 1153 637 1224 legi,
666 1153 883 1222 quando
912 1152 980 1206 ab
1018 1151 1161 1204 illius
1190 1150 1452 1205 servitute
1473 1159 1528 1203 et
1555 1147 1702 1202 cultu
1736 1147 2080 1213 desistimus;

510 1245 786 1300 evadimus
812 1252 990 1297 autem
1015 1242 1194 1308 alteri,
1224 1243 1325 1296 hoc
1354 1250 1440 1295 est
1466 1240 1703 1307 Christo,
1722 1239 1812 1308 qui
1844 1253 1911 1293 ex
1936 1252 2083 1293 mor-

515 1334 620 1388 tuis
644 1334 966 1396 resurrexit,
996 1331 1240 1395 obnoxii,
1276 1330 1402 1384 dum
1435 1338 1494 1384 ut
1529 1328 1919 1384 fructiﬁcemus
1948 1330 2077 1393 Deo,

509 1424 745 1480 oraculis
787 1424 1112 1494 evaugelicis
1160 1425 1227 1479 ab
1258 1423 1377 1492 ipso
1424 1422 1585 1477 editis
1632 1435 1836 1477 morem
1894 1434 2081 1491 gerere

508 1517 666 1573 enixe
690 1515 1089 1572 contendimus.
1133 1515 1202 1568 At
1241 1528 1371 1569 vero
1397 1527 1608 1568 summa
1633 1520 1687 1569 et
1717 1519 1881 1580 caput
1913 1525 2079 1565 evano

508 1607 799 1679 gelicorum
853 1618 1244 1677 praeceptorum
1292 1613 1380 1660 est
1429 1604 1563 1659 tides
1619 1604 1673 1658 in
1731 1604 1928 1674 ipsum.
1983 1602 2079 1658 llic

508 1698 649 1753 enim
676 1707 864 1753 noster
880 1706 962 1751 est
986 1696 1219 1761 fructus,
1239 1709 1399 1766 quem
1416 1694 1655 1759 Christo,
1671 1701 1926 1763 tanquam
1944 1693 2076 1757 Deo,

507 1786 783 1843 oderimus
814 1807 827 1842 :
858 1800 988 1856 ergo
1033 1787 1126 1855 qui
1172 1800 1237 1840 ex
1288 1784 1518 1840 mortuis
1568 1785 1892 1851 resurrexit,
1935 1783 2078 1840 Deus

507 1876 744 1942 exsistit,
779 1877 926 1945 quod
958 1874 1192 1931 Verbum
1224 1887 1353 1930 earo
1386 1872 1458 1927 sit
1490 1871 1714 1927 factum.

584 1987 603 2020 ι
632 1967 732 2034 ριιῑ
762 1975 940 2019 autem
969 1966 1021 2020 in
1053 1977 1218 2018 carne
1249 1976 1397 2030 sunt,
1435 1962 1543 2018 Deo
1565 1962 1781 2036 placere
1812 1977 1919 2017 non
1951 1975 2079 2032 pos-

507 2058 651 2114 sunt.
677 2057 787 2113 Vos
809 2067 988 2112 autem
1018 2057 1070 2111 iu
1109 2070 1276 2110 carne
1318 2069 1423 2109 non
1452 2057 1606 2122 estis,
1640 2056 1733 2109 sed
1772 2055 1823 2110 in
1851 2055 2076 2124 spiritu;

507 2151 551 2205 si
581 2161 756 2204 tamen
790 2147 1024 2219 Spiritus
1064 2147 1155 2201 Dei
1187 2146 1395 2202 habitat
1420 2146 1484 2200 1'u
1527 2146 1698 2215 vobis.
1735 2143 1791 2198 Si
1827 2145 1947 2212 quis
1981 2159 2077 2198 au-

508 2252 613 2296 tem
644 2240 848 2295 Christi
883 2239 1134 2308 spiritum
1182 2252 1288 2292 non
1334 2236 1519 2303 habet,
1551 2235 1638 2290 hic
1678 2249 1785 2290 non
1815 2244 1901 2291 est
1941 2235 2076 2303 ejus.

506 2333 563 2384 Si
592 2342 800 2385 autem
841 2330 1098 2393 ,Christus
1139 2328 1193 2382 in
1251 2329 1403 2383 vobis
1455 2334 1561 2392 est,
1609 2341 1810 2396 corpus
1861 2326 2078 2391 quidem

507 2435 778 2477 tunrtttuttt
826 2431 910 2476 est
940 2430 1161 2491 prepter
1193 2430 1497 2489 peccaturo,
1537 2418 1766 2489 spiritus
1804 2433 1936 2472 vero
1969 2420 2077 2472 vita

506 2521 724 2581 propter
745 2508 1210 2577 justilieatiouem.
1238 2506 1398 2574 Quod
1446 2505 1491 2560 si
1528 2502 1764 2575 Spiritus
1808 2502 1946 2571 ejus,
1986 2502 2076 2573 qui

504 2604 780 2660 suscitavit
812 2601 996 2658 Jesum
1028 2600 1303 2656 Christum
1350 2614 1419 2656 ex
1469 2599 1721 2665 mortuis,
1772 2597 1982 2653 habitat
2022 2597 2075 2650 in

507 2697 655 2750 vobis
683 2713 697 2749 :
727 2694 817 2765 qui
866 2690 1361 2748 suscitavitlesum
1402 2690 1688 2745 Christum
1736 2705 1769 2744 a
1822 2689 2073 2756 mortuis,

506 2787 795 2843 viviticahit
821 2796 876 2840 et
904 2784 1150 2839 mortalia
1181 2796 1409 2852 corpora
1441 2789 1644 2844 vestra,
1673 2790 1890 2850 prepter
1916 2780 2069 2833 inha-

2190 510 2490 580 ἁπτόμενος
2521 510 2630 563 τῶν
2653 511 2883 582 νεκρῶν,
2920 513 3015 565 καὶ
3043 512 3263 577 ἀνιστὰς
3296 513 3501 577 αὐτούς
3525 532 3539 545 ·
3578 515 3692 576 πῶς
3718 515 3771 565 οὶ

2188 598 2319 661 Θεὸς
2336 599 2641 670 ἁληθινὸς,ό
2656 601 2780 664 δοὺς
2801 602 2894 654 καὶ
2917 602 3122 672 ἑτέροις
3143 590 3391 667 ἐξουσίαν
3408 605 3538 666 τοὺς
3555 606 3771 675 νεκροζ

2187 687 2423 758 ὲγείρειν
2457 690 2544 742 διὰ
2574 690 2668 743 τοῦ
2702 691 2964 762 ὀνόματος
2995 692 3191 757 aii-:05;

2262 870 2479 934 «Ὥστε,
2513 868 2735 940 ἀδελφοί
2764 890 2886 943 μου,
2916 874 3010 927 καὶ
3057 875 3214 943 ὑμεῖς
3263 872 3660 943 ἐθανατώθητε
3704 875 3771 944 τῷ

2184 959 2333 1031 νόμῳ
2360 961 2449 1016 διὰ
2479 960 2572 1014 τοῦ
2610 963 2863 1033 σώματος
2885 964 2979 1019 τοῦ
3009 963 3267 1035 Χριστοῦ,
3297 967 3378 1028 εἰς
3420 965 3486 1018 τὸ
3520 965 3770 1033 γενέσθαι

2186 1049 2328 1119 ὑμᾶς
2348 1050 2519 1121 ἑτέρῳ
2546 1046 2622 1120 τῷ
2644 1053 2708 1105 ὲκ
2729 1052 2941 1124 νεκρῶν
2968 1053 3267 1124 ἐγερθέντι,
3301 1054 3388 1106 ἵνα
3419 1057 3771 1126 καρποφορήο

2187 1159 2366 1214 σωμεν
2398 1140 2476 1213 τῷ
2512 1142 2649 1214 Θεῷ.
2683 1162 2701 1195 ι
2745 1145 3136 1215 Θαεδατοὺμεθα
3166 1145 3245 1216 τῷ
3272 1148 3450 1217 νόμῳ,
3497 1149 3607 1216 τῆς
3651 1150 3770 1201 κατ’

2184 1231 2346 1284 αὐτὸν
2368 1232 2622 1308 λατρείας
2651 1233 3056 1304 ἀποπαυόμενοι
3076 1250 3089 1263 ⁸
3121 1234 3386 1304 γινόμεθα
3416 1237 3477 1289 δὲ
3504 1238 3686 1308 ἑτέρῳ
3705 1238 3771 1307 τῷ

2181 1322 2246 1375 ἐκ
2281 1323 2489 1393 νεκρῶν
2528 1324 2828 1396 ἐγερθέντι,
2860 1324 3106 1379 τουτέστι
3156 1327 3403 1398 Χριστῷ,
3435 1331 3559 1392 τοῖς
3616 1327 3769 1383 αὐτώ

2181 1414 2547 1485 Θεσπίσμασιν
2577 1417 2953 1485 εὐαγγελικοῖς
2980 1417 3405 1472 κατακολουθεῖν
3434 1421 3767 1484 σπουδάζον-

2178 1521 2289 1569 τες,
2324 1503 2410 1557 ἵνα
2462 1506 2976 1577 καρποφορήσωμεν
3028 1506 3107 1578 τῷ
3161 1506 3300 1577 Θεῷ.
3348 1492 3675 1578 Κεφάλαιον
3721 1512 3770 1565 δὲ

2179 1597 2287 1649 τῶν
2317 1596 2687 1665 εὐαγγελικῶν
2724 1597 3109 1668 θεσπισμάτων
3136 1600 3168 1669 ἡ
3201 1600 3383 1663 πίστις
3419 1603 3456 1671 ἡ
3488 1604 3573 1665 εἰς
3596 1604 3767 1657 αῦτὲν.

2182 1684 2292 1740 Καὶ
2338 1680 2495 1750 οὗτος
2530 1687 2688 1757 ἡμῶν
2733 1690 2762 1741 6
2794 1688 3025 1760 καρπὸς,
3057 1694 3133 1753 ὡς
3174 1689 3317 1760 Θεῷ,
3354 1694 3768 1763 προσαγόμενος

2104 1760 2152 1815 δ
2181 1775 2260 1848 τῷ
2280 1776 2522 1849 Χριστῷ.
2556 1777 2687 1841 Θεὸς
2709 1773 2801 1831 οῦν
2826 1779 2933 1849 ἄρα
2954 1778 3100 1832 ἐστὶν
3123 1781 3152 1833 6
3178 1780 3241 1833 ὲκ
3262 1781 3483 1851 νεκρῶν
3508 1760 3766 1849 ἀναστέις,

2296 1871 2496 1941 σαρκὸς
2525 1871 2810 1938 γεγονότος
2831 1870 2927 1923 τοῦ
2962 1871 3165 1939 Λόγου.

2255 1980 2277 2013 ι
2305 1961 2368 2015 Οἱ
2412 1961 2471 2014 δὲ
2514 1963 2572 2014 ὲν
2619 1961 2785 2034 σαρκὶ
2813 1961 2984 2028 ὄντες,
3017 1962 3136 2035 Θεῷ
3166 1964 3370 2035 ἀρέσαι
3397 1967 3460 2019 οὐ
3486 1967 3765 2021 δύνανται.

2191 2051 2380 2119 Ὑμεῖς
2402 2052 2457 2106 δὲ
2483 2053 2581 2106 οὐκ
2608 2053 2735 2106 ἐστὲ
2766 2054 2825 2105 ἐν
2853 2052 3038 2125 σαρκὶ,
3063 2053 3177 2107 ἀλλ’
3203 2057 3261 2109 ὲν
3287 2056 3588 2128 πνεύματι,
3613 2058 3769 2129 εἴπερ

2181 2144 2406 2216 Πνεῦμα
2445 2144 2579 2198 Θεοῦ
2612 2147 2754 2198 οίκεῖ
2794 2146 2852 2199 ἐν
2884 2146 3032 2216 ὑμῖν.
3079 2146 3142 2199 Ei
3171 2146 3228 2198 δέ
3260 2165 3346 2210 τις
3380 2147 3607 2218 πνεῦμα
3640 2151 3767 2221 Χρι-

2182 2233 2307 2289 στοῦ
2336 2236 2434 2289 οὐκ
2468 2222 2601 2306 ἔχει,
2635 2228 2790 2299 οὗτος
2818 2237 2917 2289 οὐκ
2951 2236 3097 2290 ἔστιν
3127 2235 3313 2291 αὐτοῦ.
3347 2238 3411 2290 ΕΞ
3446 2239 3504 2291 δὲ
3534 2240 3765 2311 Χριστὸς

2180 2329 2238 2380 ὲν
2288 2326 2436 2397 ὑμῖν,
2467 2327 2528 2379 τὸ
2571 2326 2675 2397 μὲν
2719 2324 2877 2396 σῶμα
2927 2328 3119 2400 νεκρὸν
3164 2327 3231 2380 δι’
3270 2329 3577 2400 ἁμαρτίαν,
3612 2331 3671 2384 τὸ
3712 2331 3763 2383 δὲ

2178 2416 2398 2487 πνεῦμα
2445 2417 2559 2487 ζωὴ
2608 2417 2697 2470 διὰ
2729 2418 3099 2488 δικαιοσύνην.
3138 2418 3199 2471 Εἰ
3225 2418 3283 2471 δὲ
3314 2419 3377 2472 τὸ
3413 2418 3650 2490 Πνεῦμα
3677 2419 3760 2473 τοῦ

2177 2508 2489 2581 ἐγείραντος
2537 2509 2629 2572 τὸν
2665 2507 2870 2580 Ἰησοῦν
2922 2512 2985 2563 ὲκ
3030 2509 3240 2579 νεκρῶν
3282 2512 3434 2564 οίαεῖ
3468 2514 3527 2564 ἐν
3560 2513 3761 2582 {api-4,6

2176 2599 2395 2671 ἐγείρας
2427 2600 2491 2652 ὲκ
2521 2599 2730 2671 νεκρῶν
2756 2601 2988 2681 Χριστὸν
3029 2600 3258 2671 Ἰησοῦν,
3293 2602 3641 2674 ζωοποιήσει
3678 2609 3760 2657 καὶ

2175 2691 2244 2745 τὰ
2286 2691 2455 2762 θνητὰ
2503 2690 2732 2760 σώματα
2765 2692 2919 2759 ὑμῶν
2967 2692 3053 2744 διὰ
3103 2693 3197 2745 τοῦ
3230 2694 3579 2759 ἐνοικοῦντος
3606 2697 3757 2749 αὐτοῦ

2177 2782 2497 2854 Πνεύματος
2522 2785 2578 2836 ἐν
2603 2784 2752 2854 ὑμῖν.
2786 2802 2804 2834 ι
2828 2783 2957 2836 Ἰδοὺ
2986 2783 3048 2854 δὴ
3077 2785 3262 2852 σαφῶς
3290 2785 3352 2836 τὸ
3372 2784 3513 2839 Θεοῦ
3543 2786 3758 2855 Πνεῦμα

506 2880 759 2932 hitantem
794 2875 1058 2944 Spiritum
1090 2875 1205 2941 ejus
1232 2873 1284 2926 in
1322 2871 1475 2927 vobis
1497 2872 1538 2924 ι.
1572 2889 1591 2921 ι
1630 2868 1708 2922 Ειι
1746 2869 1835 2923 hie
1869 2866 2070 2923 Christi

2184 2876 2389 2943 λέγεται
2442 2874 2537 2928 τοῦ
2587 2874 2846 2945 Χριστοῦ.
2884 2876 3022 2929 Ἀλλ’
3072 2874 3231 2946 εἴπερ
3276 2877 3429 2931 ἐστὶν
3478 2878 3758 2949 ἅνθρωπος

505 2968 763 3037 Spiritus,
803 2966 897 3020 Dei
932 2964 1168 3034 Spiritus
1199 2978 1322 3017 esse
1368 2963 1569 3016 diserte
1599 2961 1885 3014 asseritur.
1928 2960 1992 3012 At
2027 2959 2071 3013 si

504 3059 755 3114 Christus
782 3072 876 3125 per
894 3070 953 3110 se
981 3063 1037 3109 et
1063 3051 1358 3109 secundum
1389 3065 1449 3105 se
1473 3050 1617 3104 aliud
1646 3048 1781 3102 nihil
1803 3059 2068 3114 esrquam

505 3151 685 3211 homo,
718 3145 950 3200 Verbum
993 3142 1085 3197 Dei
1126 3141 1391 3210 hospitem
1424 3140 1602 3219 solum
1647 3139 1699 3193 iu
1750 3152 1809 3192 se
1844 3137 2068 3202 habens,

504 3237 776 3302 quomodo
801 3233 1018 3287 divinus
1050 3231 1140 3285 ille
1177 3229 1414 3298 Spiritus
1442 3242 1562 3282 esse
1593 3227 1709 3294 ejus
1731 3228 1962 3282 dicitur?
1992 3237 2077 3282 est

505 3338 686 3380 autem
734 3324 823 3378 hic
863 3322 1098 3393 Spiritus
1133 3322 1275 3376 illius
1305 3320 1578 3390 proprius.
1623 3318 1763 3373 Deus
1804 3328 1890 3373 est
1922 3334 2072 3388 ergo,

506 3430 603 3471 nec
647 3414 807 3469 aliter
847 3428 935 3467 res
966 3412 1149 3468 habet.
1183 3409 1291 3465 Nec
1316 3410 1459 3464 enim
1497 3407 1733 3464 Verhum
1774 3408 1868 3464 Dei
1900 3409 1952 3463 in
1983 3409 2076 3464 ho-

506 3510 650 3563 mine
697 3506 1050 3574 inhabitarit,
1102 3505 1197 3560 sed
1252 3505 1531 3560 divinitate
1576 3504 1786 3575 integre
1834 3515 2072 3573 retenta,

504 3599 666 3652 homo
705 3611 831 3651 vere
880 3593 1081 3650 factum
1118 3602 1244 3649 est:
1275 3604 1436 3661 atque
1480 3595 1582 3649 hac
1626 3594 1856 3661 ratione,
1894 3593 2077 3651 Patris

506 3689 762 3761 Spiritus,
788 3687 986 3743 Christi
1013 3700 1226 3757 quoque
1248 3685 1482 3755 Spiritus
1504 3684 1862 3757 intellligitur.

578 3781 934 3853 «Quicunque
953 3780 1093 3837 enim
1121 3779 1324 3850 Spiritu
1348 3778 1440 3835 Dei
1477 3779 1787 3851 aguntur,ii
1827 3787 1954 3834 sunt
1980 3777 2072 3834 lilii

503 3875 617 3931 Dei.
635 3871 752 3928 Non
764 3873 909 3929 enim
932 3872 1214 3941 accepistis
1233 3872 1476 3941 spiritum
1500 3869 1776 3926 servitutis
1797 3868 1991 3924 iterum
2016 3869 2070 3923 in

504 3968 719 4030 timore,
747 3964 842 4019 sed
869 3963 1153 4033 accepistis
1187 3963 1435 4033 Spiritum
1473 3963 1777 4032 adoptionis
1802 3961 2031 4017 ﬁliorum
2053 4002 2067 4026 ,

501 4044 611 4129 59
631 4056 684 4111 in
712 4072 819 4125 quo
844 4055 1163 4118 clamamus,
1192 4053 1341 4109 Abba
1368 4096 1382 4121 ,
1409 4052 1568 4109 Pater
1587 4054 1642 4121 ²;
1673 4074 1691 4107 ι
1736 4063 1789 4111 et
1813 4054 1918 4110 alio
1948 4069 2070 4108 rur-

500 4162 619 4199 sunt
661 4145 781 4201 loco
809 4146 1001 4201 beatus
1049 4144 1247 4201 Paulus
1278 4163 1293 4200 ι
1328 4163 1346 4196 ι
1377 4143 1666 4213 Quoniam,
1715 4147 1908 4216 inquit,
1939 4146 2071 4199 estis

504 4238 621 4302 lilii,
651 4238 799 4292 misit
831 4238 972 4292 Deus
1013 4237 1273 4307 Spiritum
1300 4234 1425 4291 Filii
1458 4237 1539 4291 sui
1579 4237 1631 4291 in
1664 4236 1824 4292 corda
1863 4246 2066 4302 vestra,

500 4332 845 4392 clamantem,
875 4328 1046 4395 Abba,
1077 4325 1239 4380 Pater
1260 4326 1301 4381 ³.
1336 4344 1354 4377 ι
1380 4324 1439 4380 Si
1485 4327 1647 4398 igitur
1676 4341 1771 4396 per
1800 4324 1920 4380 Filii
1946 4324 2067 4394 Spi—

2178 2964 2359 3029 ἱδικῶς
2403 2966 2499 3019 καὶ
2533 2965 2635 3019 ἀνὰ
2683 2966 2850 3037 μέρος
2896 2966 3168 3036 κείμενος,
3200 2968 3573 3040 κατῳκηκότα
3606 2972 3759 3040 μόνον

2178 3058 2234 3109 ἐν
2255 3058 2404 3128 αὐτῷ
2428 3058 2518 3111 τὸν
2540 3057 2633 3111 τοῦ
2656 3058 2789 3111 Θεοῦ
2815 3057 2990 3125 Λόγου
3017 3059 3176 3129 ἔχων,
3204 3059 3323 3123 πῶς
3356 3061 3527 3114 αὐτοῦ
3544 3062 3610 3114 τὸ
3629 3061 3759 3113 θεῖον

2177 3146 2391 3216 λέγεται
2428 3148 2684 3220 Πνεῦμας
2712 3151 2847 3204 ἀλλὰ
2885 3150 2990 3225 μὴν
3026 3151 3157 3204 ἴδιον
3201 3149 3367 3203 αὑτοῦ
3420 3151 3485 3204 τὸ
3534 3152 3760 3221 Πνεῦμὲ

2174 3239 2316 3293 ἐστι·
2349 3241 2481 3304 Θεὸς
2510 3242 2638 3312 ἄρα,
2661 3242 2756 3296 καὶ
2779 3244 2878 3314 οὐχ
2909 3242 3128 3314 ἑτέρως.
3164 3243 3239 3296 Οὐ
3268 3243 3378 3315 γὰρ
3401 3244 3463 3295 ἐν
3491 3244 3759 3316 ἀνθμὶπεῳ

2173 3332 2396 3400 γέγονεν
2430 3335 2458 3387 6
2497 3334 2591 3388 τοῦ
2638 3334 2773 3388 Θεοῦ
2808 3334 2999 3403 Λόγος,
3032 3334 3169 3389 ἀλλὰ
3213 3335 3441 3404 γέγονεν
3476 3337 3758 3409 ἄνθρωαπ

2174 3422 2410 3491 ἀληθῶς,
2450 3422 2589 3493 μετὰ
2628 3424 2721 3477 τοῦ
2766 3427 2947 3494 μεῖναι
2975 3423 3125 3488 Θεός.
3162 3425 3320 3480 Οὕτω
3348 3426 3463 3498 γὰρ
3494 3428 3561 3482 ἂν
3596 3432 3761 3483 νοοῖτο

2175 3515 2410 3584 Χριστοῦ
2444 3517 2505 3569 τὸ
2532 3517 2753 3588 Πνεῦμα
2783 3516 3052 3588 ὑπάρχειν
3080 3517 3141 3570 τὸ
3169 3515 3263 3570 τοῦ
3290 3518 3533 3590 Πατρός.

2251 3778 2434 3831 «Ὅσοι
2482 3778 2590 3849 γὰρ
2628 3778 2903 3850 Πνεῦματι
2946 3780 3082 3835 Θεοῦ
3128 3781 3378 3852 ἄγονται,
3425 3777 3585 3838 οὗτοί
3631 3787 3758 3838 εἰσιν

2176 3869 2281 3921 υἱοὶ
2302 3868 2457 3922 Θεοῦ.
2485 3870 2559 3922 Οὐ
2590 3870 2699 3942 γὰρ
2722 3871 2950 3925 ἐλάϐετε
2978 3871 3195 3945 πνεῦμα
3212 3874 3463 3939 δουλείας
3490 3878 3659 3930 πᾶλιν
3686 3879 3758 3935 εἰς

2173 3959 2359 4029 φόϐον,
2396 3959 2512 4013 ἀλλ’
2536 3960 2755 4016 ἐλάϐετε
2789 3963 3008 4035 πνεῦμα
3050 3965 3343 4030 υἱοθεσίας,
3381 3969 3444 4021 ὲν
3485 3962 3531 4037 ᾧ
3561 3969 3757 4041 κράζο-

2175 4068 2294 4122 μεν,
2312 4049 2548 4117 Ἀ66ᾶ,ό
2584 4053 2795 4126 Πατήρ.
2822 4073 2842 4106 ι
2862 4053 2920 4108 'U
2955 4058 3225 4129 μακάριος
3266 4060 3474 4130 γράφει
3506 4061 3718 4123 Παῦλος
3739 4076 3756 4090 ·

2176 4142 2329 4194 «Ὅτι
2362 4141 2417 4194 δέ
2450 4143 2573 4195 ἐστε
2604 4139 2730 4211 υἱοὶ,
2765 4144 3149 4210 ἐξαπέστειλεν
3188 4148 3221 4200 6
3266 4148 3402 4213 Θεὸς
3440 4152 3505 4203 τὸ
3535 4152 3760 4220 Πνεῦμα

2168 4231 2261 4286 τοῦ
2286 4233 2414 4286 Υίοῦ
2451 4233 2614 4287 αὑτοῦ
2645 4236 2725 4297 εἰς
2752 4237 2850 4300 τὰς
2876 4238 3104 4308 καρδίας
3133 4239 3305 4309 ὑμῶν,
3325 4242 3556 4311 κρᾶζον,
3575 4244 3756 4305 Ἀεεὶ,

2167 4328 2195 4381 6
2233 4327 2440 4399 Πατήρ.
2476 4348 2495 4380 ι
2534 4328 2742 4382 Οὐκοῦν
2776 4330 2823 4382 εἰ
2857 4330 2914 4382 ὲν
2938 4328 3214 4400 Πνεῦματι
3245 4329 3339 4383 τοῦ
3369 4331 3510 4385 Υἶοῦ
3542 4336 3755 4405 παρρηο
3856 4382 3867 4391 .

502 4419 666 4474 ritum
721 4417 971 4472 ﬁduciam
1040 4415 1218 4478 nacti,
1285 4412 1506 4470 Patrem
1567 4430 1765 4470 vocare
1811 4415 2070 4470 audemus

2184 4419 2294 4473 τίαν
2336 4419 2531 4491 ἔχομεν
2573 4421 2793 4493 Πατέρα
2827 4421 3010 4476 καλεῖν
3035 4421 3126 4475 τὸν
3152 4421 3307 4483 Θεὸν,
3339 4422 3417 4488 ὡς
3474 4425 3574 4479 τοῦ
3624 4426 3754 4481 κστᾶ

503 4511 691 4575 Deum,
728 4517 984 4580 tanquam
1017 4506 1107 4576 qui
1155 4506 1421 4561 naturalis
1451 4505 1671 4574 verique
1699 4504 1824 4559 Filii
1863 4504 2065 4573 Spiritu

502 4603 670 4657 simus
694 4593 1006 4669 locupletati
1032 4616 1044 4652 :
1083 4599 1352 4668 quomodo
1370 4594 1620 4652 Christus
1655 4612 1760 4651 non
1788 4606 1871 4652 est
1902 4594 2062 4661 Deus,

460 4680 467 4689 ’
505 4708 608 4747 non
643 4702 849 4746 tantum
875 4690 1344 4759 quatenussintilis
1362 4689 1517 4744 nobis
1537 4690 1697 4743 homo
1726 4687 2082 4757 intelligitur,

503 4782 596 4838 sed
625 4792 890 4851 quatenus
931 4779 1158 4836 Verbum
1185 4781 1382 4837 factum
1414 4790 1495 4835 est
1529 4796 1675 4844 caro,
1701 4794 1875 4850 neque
1912 4794 2068 4834 secus

500 4889 565 4931 ac
592 4888 693 4929 nos
723 4872 904 4937 carnis
931 4880 985 4926 et
1014 4873 1288 4943 sanguinis
1314 4874 1581 4943 particeps
1614 4871 1863 4927 ell'ectum
1894 4870 2015 4926 est?

575 4982 596 5018 ι
631 4963 762 5032 Quis
797 4977 894 5017 nos
923 4964 1198 5033 separabit
1224 4979 1252 5016 a
1284 4963 1549 5018 eharitate
1577 4961 1823 5017 Christi?
1849 4961 2070 5015 trihula-

501 5060 577 5114 tio
601 5098 617 5124 ,
666 5075 733 5110 an
767 5056 1014 5126 angustia
1037 5094 1051 5120 ,
1086 5069 1152 5108 an
1196 5053 1398 5119 fames,
1432 5071 1499 5107 an
1541 5054 1754 5109 nuditas
1777 5098 1790 5119 ,
1820 5069 1887 5107 an
1923 5053 2066 5122 peri-

500 5150 722 5215 culum,
772 5164 839 5201 an
886 5146 1223 5218 persecutio,
1270 5160 1338 5198 au
1385 5145 1691 5215 gladius“?
1721 5164 1739 5196 ι
1799 5143 1905 5197 Lex
1957 5142 2068 5197 Mo-

499 5242 645 5295 saica
689 5242 829 5294 inter
857 5250 1049 5295 cmtera
1091 5238 1350 5301 dictabat,
1388 5237 1733 5306 graviterque
1778 5235 2058 5306 praecipie—

502 5330 628 5385 bat:
664 5350 682 5382 ι
718 5331 914 5401 Diliges
945 5331 1230 5387 Dominum
1271 5332 1434 5383 Deum
1466 5338 1611 5382 tuum
1652 5343 1716 5382 ex
1764 5338 1879 5383 toto
1908 5330 2070 5383 corde

503 5432 614 5482 tuo.
669 5440 734 5477 ex
790 5433 902 5478 tota
962 5424 1140 5477 anima
1199 5430 1309 5487 tua,
1364 5430 1417 5476 et
1474 5436 1538 5474 ex
1593 5429 1701 5475 tota
1758 5420 2071 5474 fortitudine

505 5522 594 5565 tua
621 5512 716 5565 ⁸.»
767 5513 901 5567 Cum
959 5514 1121 5583 igitur
1180 5514 1564 5576 dilectionem,
1622 5527 1741 5580 qme
1794 5512 1846 5564 in
1905 5511 2068 5565 Deum

575 5644 620 5675 "
649 5643 802 5698 liom.
836 5659 927 5698 vn.
962 5645 1013 5697 4.
1093 5648 1106 5676 ¹
1154 5645 1314 5699 Ilum.
1363 5661 1456 5699 \‘ltl
1512 5645 1665 5699 8-l0.
1745 5645 1764 5676 '
1800 5645 1927 5699 ihid.
1963 5643 2049 5713 Η,
2080 5644 2163 5698 15.
2244 5646 2265 5677 ³
2292 5643 2467 5699 Calat.
2496 5661 2569 5712 tv,
2599 5646 2652 5699 6.
2730 5646 2773 5678 "
2802 5648 2959 5704 Rom.
2990 5659 3106 5710 rttt,
3130 5646 3220 5703 '55.

512 5712 698 5767 .‘Ialllt.
730 5727 860 5774 XXII,
885 5713 971 5766 57.

2175 4508 2334 4577 φύσιν
2378 4513 2470 4564 καὶ
2517 4510 2750 4584 ἀληθοῦς
2778 4513 2909 4566 Υίοῦ
2955 4512 3014 4566 τὸ
3049 4512 3273 4584 Πνεῦμα
3302 4519 3749 4586 πλουτήσαντες·

2175 4600 2291 4664 πῶς
2319 4601 2379 4653 οὑ
2405 4601 2535 4665 Θεὸς
2578 4603 2606 4655 6
2646 4601 2908 4673 Χριστός;
2943 4603 3005 4656 οὐ
3039 4603 3174 4657 καθὸ
3202 4607 3410 4658 νοεῖται
3451 4608 3585 4661 καθ’
3620 4609 3750 4679 ﬁsci;

2175 4691 2458 4762 ἄνθρωπος
2511 4694 2689 4763 μόνον,
2719 4694 2856 4748 ἀλλὰ
2902 4696 3036 4749 καθὸ
3084 4696 3274 4765 γέγονε
3331 4696 3477 4767 σὰρξ
3514 4702 3543 4753 6
3566 4703 3748 4767 Λότῠς.

2175 4783 2268 4835 καὶ
2301 4785 2601 4855 μετέσχηκε
2632 4786 3026 4858 παραπλησίως
3051 4789 3183 4858 ἡμῖν
3210 4788 3451 4858 αἵματος
3499 4792 3601 4844 καὶ
3635 4808 3755 4861 σαρ-

2177 4874 2270 4937 κός
2289 4891 2301 4939 ;
3052 4917 3075 4926 -

2253 4981 2272 5013 s
2306 4959 2401 5027 Τίς
2432 4965 2578 5034 ἡμᾶς
2608 4965 2833 5036 χωρίσει
2883 4966 2992 5021 ἀπὸ
3038 4968 3135 5039 τῆς
3180 4968 3405 5038 ἀγάπης
3452 4971 3553 5026 τοῦ
3587 4970 3763 5033 Θεοῦ;

2175 5054 2351 5126 θλίψις
2373 5096 2388 5121 ,
2433 5055 2466 5126 ἢ
2495 5058 2825 5129 στενοχωρία
2847 5099 2862 5122 ,
2908 5059 2942 5129 ἢ
2974 5059 3210 5131 διωγμὸς
3230 5101 3245 5127 ,
3291 5061 3323 5131 ῆ
3354 5061 3552 5131 λιμὸς,
3581 5064 3619 5135 ῆ
3652 5065 3768 5115 κίν-

2170 5146 2358 5223 δυνκ,
2391 5147 2426 5220 ἦ
2457 5147 2740 5220 μάχαιρα;
2774 5168 2792 5199 ι
2831 5147 2891 5204 Ὀ
2921 5151 3087 5222 νόμος
3120 5152 3359 5220 ἔφασκεν
3395 5154 3445 5206 6'
3470 5154 3561 5207 διὰ
3594 5157 3774 5209 Meui—

2176 5238 2333 5302 σὲως,
2385 5238 2476 5291 καὶ
2534 5226 2751 5307 ἐντολὴν
2801 5239 3066 5292 ἐποιεῖτο·
3110 5259 3130 5291 ε
3164 5241 3507 5312 Ἀγαπήσεις
3552 5245 3777 5313 Κύρων

2171 5326 2265 5379 τὸν
2307 5326 2440 5379 Θεὸν
2485 5344 2578 5380 σου
2614 5327 2673 5391 ἐξ
2697 5327 2825 5407 ὅλης
2854 5327 2953 5398 τῆς
2984 5329 3203 5399 καρδίας
3239 5347 3359 5392 σου,
3402 5334 3504 5386 καὶ
3548 5333 3614 5400 ἐξ
3641 5334 3778 5400 ὅλης

2175 5416 2274 5486 τῆς
2304 5416 2483 5487 ψυχῆς
2525 5435 2639 5482 σου,
2671 5418 2764 5471 καὶ
2801 5418 2861 5483 ἐξ
2907 5418 3032 5488 ὅλης
3079 5419 3185 5500 τῆς
3232 5421 3416 5490 ἰσχύος
3445 5439 3567 5477 σου.
3605 5424 3781 5477 »Ὅτε

2175 5509 2353 5563 τοίνυν
2392 5511 2489 5579 τὴν
2525 5511 2745 5583 ἀγάπην
2773 5512 2877 5582 τὴν
2907 5509 2982 5581 τῷ
3010 5510 3127 5582 Θεῷ
3159 5513 3668 5587 πρεπωδεστάτην,
3703 5514 3783 5574 ὡς

3314 5647 3337 5681 ⁵
3367 5648 3527 5706 Deut.
3579 5664 3670 5715 vr,
3716 5649 3777 5711 5;
