3970 6136
211 313 352 374 ἱὲεὶθ

1302 318 1394 377 DE
1432 318 1661 377 RECTA
1695 320 1855 379 FIDE
1895 323 1986 380 AD
2023 325 2344 385 RECINAS.

208 433 271 498 ἐξ
300 432 429 500 ὅλης
455 429 636 500 ἱσχὺος
665 429 758 483 καὶ
777 429 1036 487 ἀνωτάτω
1065 429 1112 495 i,
1152 431 1239 503 τὴν
1287 434 1447 507 μέχρι
1476 436 1657 508 ψυχῆς
1687 438 1779 494 καὶ

1888 441 2124 497 maxime
2164 442 2444 507 convenit,
2491 440 2793 510 cuiusmodi
2830 455 2892 497 ea
2926 450 3028 506 est,
3063 455 3185 513 qua:
3228 456 3292 497 ex
3344 454 3456 500 tota

208 523 444 592 αἵματος
488 520 581 574 καὶ
630 519 778 590 αὐτῷ
823 521 1176 594 προσάγομεν
1225 521 1303 593 τῷ
1345 525 1597 596 Χριστῷ·
1648 527 1730 591 τὶς
1757 529 1787 581 6

208 612 376 681 φάναι
398 610 632 682 τολμῶν,
659 612 736 674 ὡς
762 611 862 666 οὐκ
886 611 953 666 ἂν
982 612 1069 683 εἴη
1099 614 1232 678 Θεός
1255 632 1270 682 ς
1303 616 1657 690 Διημάρτηκε
1679 619 1787 691 γάρ

206 703 302 757 τοῦ
333 702 636 775 πρέποντος
668 704 788 757 κατ’
814 702 1008 757 οὐδένα
1038 704 1240 774 τρόπον
1270 707 1299 759 6
1326 706 1434 760 τῶν
1463 696 1635 777 ἁγίων
1664 727 1813 772 sum.

208 795 347 881 πόςε

286 1008 305 1042 ι
331 990 638 1061 Πὲπεισμαι
692 989 819 1062 γάρ,
868 984 955 1045 ’ὅτι
1001 983 1125 1046 οῦτε
1178 986 1430 1063 θάνατος,
1475 995 1601 1053 οὔτε
1647 998 1781 1071 ζωή,

210 1083 337 1137 οὕτε
376 1083 615 1152 ἄγγελοι,
647 1081 772 1139 οὔτε
801 1085 987 1155 ἀρχαὶ,
1015 1086 1137 1140 οὔτε
1170 1088 1460 1155 ἐνεστῶτα,
1491 1090 1615 1145 οὔτε
1646 1082 1784 1163 ’μέλ-

209 1173 388 1237 λοντα,
416 1173 540 1227 οὔτε
573 1174 855 1245 δυνάμεις,
884 1174 1007 1229 οὔτε
1041 1175 1263 1248 ὕψωμα,
1291 1178 1415 1233 οὔτε
1443 1180 1627 1251 βάθος,
1658 1180 1783 1239 οὔτε

211 1280 294 1328 τις
326 1265 502 1328 κτίσις
525 1264 687 1336 ἑτέρα
713 1266 1000 1338 δυνήσεται
1021 1268 1171 1339 ήμᾶς
1189 1270 1418 1341 χωρίσαι
1442 1272 1542 1342 τῆς
1563 1273 1783 1346 ἀγάπης

212 1355 305 1408 τοῦ
334 1355 492 1420 Θεοῦ,
528 1357 627 1426 τῆς
656 1358 714 1410 ὲν
740 1356 961 1428 Χριστῷ
1001 1360 1174 1429 Ἰησοῦ
1216 1361 1293 1431 τῷ
1326 1361 1517 1433 Κυρίῳ
1548 1362 1720 1434 ήμῶν.
1756 1382 1776 1417 ι

214 1446 277 1497 Εἰ
329 1445 495 1515 μηδὲν
543 1446 681 1506 ὅλως
717 1442 864 1515 ἡμᾶς
896 1447 1128 1517 χωρίσαι
1170 1448 1536 1521 δύναταιχτῆς
1562 1452 1783 1522 ἀγάπης

212 1533 306 1586 τοῦ
333 1533 492 1599 Θεοῦ,
525 1534 824 1604 πράττεται
861 1535 919 1605 δὲ
957 1535 1095 1607 αὐτὴ
1132 1538 1260 1608 παρ’
1287 1538 1447 1608 ήμῶν
1476 1542 1535 1592 ἐν
1561 1542 1782 1612 Χριστῷ

233 1624 433 1695 Ἰησοῦ,
464 1625 579 1688 πῶς
602 1626 662 1678 οὐ
685 1622 816 1689 Θεὸς
831 1627 1077 1697 ἐναργῶς
1092 1631 1120 1681 ό
1148 1629 1384 1698 Χριστὸς
1399 1669 1415 1695 ,
1439 1631 1598 1701 εἴπερ
1622 1632 1781 1687 αὐτὸν

214 1714 557 1783 ἀγαπῶντες,
590 1715 681 1769 τὸν
711 1716 820 1770 τῶν
851 1716 987 1770 ὅλων
1014 1719 1318 1789 ἀγαπῶμεν
1354 1720 1520 1788 Θεόν;
1551 1723 1784 1795 Χριστὸν

210 1807 268 1859 δὲ
316 1808 367 1860 εἱ
412 1807 648 1878 λέγοιμι,
674 1807 764 1862 τὸν
806 1810 870 1862 ὲκ
916 1808 1052 1863 Θεοῦ
1100 1810 1271 1879 Λόγον
1322 1811 1784 1886 ὲνηνθρωπηκότα

204 1897 374 1968 δηλῶ.

284 2118 304 2152 ι
334 2100 542 2166 Πάντες
603 2103 711 2175 γὰρ
771 2106 1234 2177 παραστησόμεθα
1296 2107 1376 2179 τῷ
1436 2109 1639 2180 βήματι
1689 2111 1782 2166 τοῦ

212 2193 469 2263 Χριστοῦ,
500 2214 519 2245 ι
571 2197 739 2267 φησί’
785 2198 1251 2269 παραστησόμεθα
1301 2200 1358 2253 δὲ
1408 2201 1488 2272 τῷ
1534 2202 1778 2273 Χριστῷ.

212 2281 497 2337 Καθιείται
529 2285 636 2356 γὰρ
679 2286 775 2338 ἐπὶ
819 2286 1009 2358 θρόνου
1035 2288 1192 2359 δόξης
1234 2290 1421 2356 αὑτοῦ,
1453 2292 1655 2363 κρίνων
1684 2296 1783 2366 τὴν

206 2375 533 2447 οἰκουμένην
593 2378 650 2429 ὲν
720 2376 1057 2452 δικαιοσύνῃ.
1127 2381 1318 2435 Καίτοι
1385 2382 1632 2450 λέγοντος
1690 2386 1781 2440 τοῦ

211 2462 392 2529 Δαυῒδ,
418 2465 502 2517 ὅτι
542 2463 674 2529 Θεὸς
717 2467 909 2538 κριτής
938 2468 1074 2522 ἐστι·
1101 2467 1234 2532 Θεὸς
1260 2470 1367 2541 ἄρα
1395 2473 1541 2526 ἐστὶν
1575 2476 1602 2527 6
1647 2476 1782 2546 Χρι-

214 2555 357 2618 στός.

288 2688 306 2719 ι
336 2668 743 2742 Τολμηρότερον
789 2670 845 2723 δὲ
896 2670 1110 2749 ἔγραψα
1157 2674 1286 2745 ὑμῖν
1316 2676 1425 2729 άπὸ
1455 2678 1671 2749 μέρους,
1699 2680 1783 2745 -ὼς

208 2758 640 2830 ἀναμιμνήσκων
673 2761 839 2830 ὑμᾶς,
859 2761 946 2815 διὰ
970 2764 1067 2832 τὴν
1096 2764 1258 2835 χάριν
1286 2766 1384 2837 τὴν
1407 2768 1652 2823 δοθεῖσάν
1690 2788 1780 2840 μοι

212 2847 316 2900 ὑπὸ
363 2847 456 2901 τοῦ
505 2847 663 2912 Θεοῦ,
710 2851 795 2913 εἱς
834 2851 895 2904 τὸ
946 2848 1086 2907 εἶναι
1134 2871 1203 2923 με
1250 2854 1567 2929 λειτουργὸν
1607 2860 1778 2933 Ἰησοῦ

211 2938 448 3010 Χριστοῦ
471 2941 549 3003 εἰς
577 2939 647 2993 τὰ.
676 2940 825 3012 ἔθνη,
854 2942 922 2996 τά
954 2945 1339 3015 ἱερουργοῦντα
1361 2949 1420 3004 τὸ
1449 2950 1780 3021 Εὐαγγέλιον

210 3028 305 3081 τοῦ
351 3029 487 3083 Θεοῦ
507 3046 521 3059 ·
566 3032 651 3084 ἵνα
684 3032 910 3117 γένηται
1034 3038 1319 3110 προσφορὰ
1349 3043 1457 3097 τῶν
1490 3043 1658 3099 ἐθνῶν
1686 3048 1778 3100 εὐ-

1814 1776 1856 1831 Β

1891 546 2255 603 supremaque
2288 533 2609 590 fortitudine
2639 544 2762 591 orta
2818 535 2884 590 ad
2924 536 3095 605 ipsam
3132 550 3305 605 usque
3338 538 3459 590 ani-

1888 637 2033 681 mam
2064 634 2121 679 et
2162 626 2480 695 sanguinem
2515 627 2795 696 pertingit,
2823 627 2924 696 ipsi
2951 626 3170 681 Christo
3199 627 3458 683 exhibea-

1888 728 2008 770 mus
2027 754 2044 780 ,
2065 715 2187 789 quis
2218 716 2396 771 dicere
2428 717 2619 771 audeat
2654 714 2932 772 Christum
2961 731 3066 771 non
3094 729 3216 771 esse
3253 715 3459 770 Deum?

1886 800 2072 871 Neque
2108 804 2252 859 enim
2284 804 2541 859 credibile
2580 813 2664 860 est
2705 813 3017 860 sanctorum
3049 801 3315 872 judicium
3351 804 3421 858 ull

1887 894 2047 950 modo
2083 909 2112 949 a
2145 895 2388 951 veritatis
2416 911 2581 966 scopo
2606 897 2914 953 aberrasse.

1958 1025 1978 1059 ‹
2008 1005 2204 1085 Certus
2229 1020 2348 1061 sum
2371 1005 2538 1071 enim,
2567 1006 2691 1075 quia
2715 1019 2890 1076 neque
2914 1021 3079 1070 mors,
3112 1020 3287 1076 neque
3306 1004 3425 1085 vita
3445 1042 3461 1066 ,

1886 1080 2077 1169 neque
2100 1098 2313 1168 Angeli,
2352 1111 2525 1168 neque
2565 1097 2943 1167 Principatus,
2980 1113 3152 1167 neque
3191 1080 3461 1162 Virtutes,

1886 1199 2063 1257 neque
2084 1188 2373 1255 instantia,
2401 1202 2579 1258 neque
2611 1186 2813 1254 l‘utura,
2843 1201 3016 1257 neque
3046 1185 3328 1252 fortitudo,
3366 1201 3464 1242 nc-

1884 1293 1989 1348 que
2028 1278 2275 1347 altitudo,
2330 1293 2507 1351 neque
2558 1279 2885 1350 profundum
2914 1318 2930 1346 ,
2977 1293 3154 1350 neque
3206 1288 3458 1335 creatura

1886 1368 1989 1424 alia
2028 1369 2231 1437 poterit
2276 1384 2375 1426 nos
2408 1383 2665 1443 separare
2705 1384 2734 1425 a
2761 1368 3032 1425 charitate
3063 1366 3180 1435 Dei,
3215 1382 3335 1439 quae
3378 1377 3462 1421 est

1886 1458 1939 1514 in
1979 1459 2194 1515 Christo
2237 1458 2361 1516 Jesu
2408 1460 2634 1516 Domino
2680 1470 2866 1515 nostro
2891 1459 2935 1516 '.
2987 1479 3006 1512 ι
3055 1457 3176 1515 1am
3227 1459 3271 1514 si
3326 1458 3460 1513 nihil

1883 1549 2106 1604 omnino
2134 1564 2163 1603 a
2190 1550 2455 1607 eharitate
2490 1549 2584 1605 Dei
2616 1549 2904 1621 seiungere
2939 1565 3039 1604 nos
3063 1557 3275 1621 potest,
3304 1549 3457 1603 exhi—

1886 1637 2044 1694 betur
2096 1639 2213 1695 htec
2262 1651 2444 1695 autem
2483 1655 2512 1694 a
2563 1642 2718 1698 nobis
2770 1641 2822 1695 in
2855 1639 3071 1696 Christo
3115 1638 3239 1696 Iesu
3289 1658 3303 1694 :
3372 1642 3456 1695 cui

1885 1730 2175 1785 obscurum
2207 1746 2328 1787 esse
2369 1740 2565 1801 potest,
2605 1732 2731 1801 quin
2766 1731 3015 1789 Christus
3045 1733 3119 1789 sit
3157 1733 3300 1788 Deus
3322 1772 3340 1799 ,
3385 1735 3458 1789 si-

1885 1819 2104 1890 quidem
2156 1821 2333 1891 ipsum
2380 1829 2651 1886 amantes,
2708 1822 3083 1877 universorum
3136 1822 3303 1876 Deum
3342 1822 3456 1905 dili-

1881 1909 2060 1980 gimus
2088 1910 2114 1964 ’ἱ
2144 1910 2416 1966 Christum
2456 1919 2632 1965 autem
2653 1900 2780 1966 dum
2830 1912 3071 1978 nomino,
3120 1900 3455 1968 incarnatum

1884 1998 1977 2055 Dei
2016 2001 2251 2073 Verbum
2282 2000 2550 2073 intelligo.

1961 2133 1981 2166 ι
2009 2112 2212 2170 Omnes
2234 2115 2378 2170 enim
2403 2115 2669 2169 stabimus
2703 2124 2829 2187 ante
2870 2116 3105 2171 tribunal
3137 2106 3343 2173 Christi
3362 2118 3404 2183 ⁸,
3431 2137 3450 2170 ι

1885 2203 2096 2272 inquit;
2126 2217 2317 2259 omnes
2347 2212 2528 2259 autem
2559 2203 2818 2259 sistemur
2845 2203 3065 2261 Christo
3092 2223 3107 2260 :
3134 2207 3343 2274 sedebit
3367 2208 3456 2264 hic

1879 2294 2025 2350 enim
2074 2308 2236 2364 super
2283 2293 2541 2350 thronum
2585 2293 2773 2365 gloriae
2820 2309 2971 2362 suae,
3014 2311 3121 2366 quo
3182 2308 3452 2373 terrarum

1882 2387 2069 2445 orbem
2098 2385 2306 2453 iudicet
2348 2380 2411 2441 in
2445 2384 2680 2457 iustitia.
2716 2385 2855 2442 Cum
2905 2402 3037 2459 ergo
3068 2389 3234 2444 David
3282 2389 3453 2447 Deum

1876 2477 2115 2546 iudicem
2158 2483 2333 2545 vocet,
2373 2477 2723 2550 consequitur
2764 2479 2988 2535 omnino
3014 2479 3291 2555 Christum
3332 2497 3455 2539 esse

1886 2567 2074 2624 Deum.

1958 2697 1978 2732 ι
2004 2678 2275 2735 Audacius
2301 2688 2478 2736 autem
2505 2683 2694 2753 scripsi
2727 2683 2898 2750 vobis,
2936 2685 3149 2752 fratres,
3173 2702 3238 2744 ex
3277 2697 3452 2758 parte.

1886 2778 2140 2839 tanquam
2198 2769 2251 2824 in
2308 2772 2627 2826 memoriam
2686 2786 2781 2829 vos
2849 2762 3155 2843 reducens,
3222 2786 3448 2848 propter

1881 2862 2112 2930 gratiam
2149 2875 2269 2931 qua:
2299 2862 2422 2929 data
2454 2870 2538 2917 est
2578 2863 2713 2920 mihi
2744 2878 2777 2939 a_
2803 2863 2934 2931 Deo,
2959 2875 3020 2920 ut
3062 2866 3164 2920 sim
3205 2868 3453 2924 minister

1879 2950 2009 3007 Jesu
2035 2951 2234 3009 Christi
2276 2952 2331 3007 in
2382 2952 2634 3022 gentibus
2656 2992 2673 3018 ,
2706 2954 3057 3019 sanctiﬁcans
3094 2955 3444 3029 Evangelium

1882 3042 2000 3105 Dei,
2036 3052 2093 3096 ut
2123 3042 2215 3097 ﬁat
2251 3043 2455 3100 oblatio
2481 3044 2721 3114 gentium
2754 3056 2976 3117 accepta
3017 3057 3072 3103 et
3116 3050 3448 3106 sanctiﬁcata

213 3122 557 3190 πρόσδεκτος,
590 3112 895 3196 ἡγιασμένη
949 3112 1008 3180 ἐν
1055 3130 1334 3201 Πνεῦματι
1377 3134 1538 3205 ἁγίῳ.
1573 3154 1591 3188 ι
1630 3140 1692 3191 Οἱ
1720 3138 1779 3193 τὸ

1885 3135 1936 3188 in
1969 3132 2174 3203 Spiritu
2218 3144 2409 3190 sancto
2436 3112 2545 3189 τί»
2581 3134 2726 3192 Sane
2762 3112 2955 3208 quib—us
2991 3140 3133 3194 sacri
3162 3140 3450 3197 ministeri'

209 3213 307 3303 τῆς
342 3214 652 3285 ἱερουργίας
678 3217 867 3288 χρῆμα
892 3222 1313 3292 πεπιστευμένοι
1334 3266 1349 3290 ,
1382 3226 1501 3299 Θεῷ
1538 3229 1780 3303 λειτουρ-

212 3301 366 3369 γοῦσι
426 3305 611 3376 μόνῳο
652 3308 1032 3380 παρεστήκασι
1075 3309 1182 3382 γάρ
1229 3313 1330 3366 οὐκ
1377 3315 1686 3387 ἀνθρώποις
1723 3301 1779 3373 οἱ

211 3395 396 3465 ἱερεῖς.
416 3394 547 3447 Ἰδοὺ
576 3399 866 3468 τοιγαροῦν
892 3399 919 3449 6
954 3401 1247 3466 θεσπέσιος
1293 3405 1505 3469 Παῦλος
1536 3407 1778 3464 δεδόσθαι

211 3487 375 3557 φησιν
404 3486 580 3557 ἑαυτῷ
608 3489 769 3558 χάριν
798 3490 945 3560 παρὰ
972 3492 1065 3543 τοῦ
1091 3493 1250 3556 Θεοῦ,
1283 3496 1363 3559 εἰς
1399 3497 1461 3551 τὸ
1501 3493 1639 3552 εἶναι
1665 3502 1777 3554 λει-

209 3576 437 3643 τουργὸν
490 3576 724 3647 Χριστοῦ
775 3578 972 3650 Ἰησοῦ,
1029 3583 1122 3636 καὶ
1183 3566 1486 3656 ἱερουργεῖν
1552 3592 1609 3644 ὲν
1640 3597 1779 3659 ’τοῖς

155 3741 175 3751 ⁹
213 3662 389 3716 ἔθνεσι
440 3665 500 3717 τὸ
547 3667 876 3734 Εὐαγγέλιον
920 3670 1014 3724 τοῦ
1057 3673 1316 3743 Χριστοῦ.
1346 3677 1480 3741 Θεὸς
1523 3676 1616 3734 οῦν
1669 3683 1778 3754 ἄρα

213 3753 467 3825 Χριστὸς,
502 3757 550 3808 εἰ
576 3759 809 3826 Χριστὸν
844 3760 1127 3832 κηρύττων
1153 3768 1264 3829 τοῖς
1288 3767 1488 3833 ἔθνεσι,
1522 3771 1616 3826 τοῦ
1643 3753 1777 3828 Θεοῦ

118 3869 122 3871 Α
214 3859 378 3913 φησιν
401 3845 730 3914 Εὑαγγέλιον
761 3850 1063 3921 ἱερουργεῖν
1090 3854 1293 3921 αὐτοῖς,
1330 3859 1416 3917 ἱνα
1445 3864 1779 3934 προσδεχθῶ-

213 3951 317 4001 σιν,
349 3936 426 4000 ὡς
458 3938 775 4011 ἡγιασμένοι
804 3944 863 3995 ἐν
889 3944 1186 4017 Πνεῦματι.

284 4048 468 4137 «Ἐχω
509 4044 602 4103 οὖν
643 4051 908 4123 καύχησιν
956 4056 1015 4108 ἐν
1051 4057 1272 4129 Χριστῷ
1315 4061 1490 4131 Ἰησοῦ
1536 4065 1605 4117 τά
1641 4066 1776 4137 πρὸς

208 4133 299 4188 τὸν
333 4136 484 4193 Θεόν.
522 4140 598 4194 Οὐ
632 4141 742 4213 γὰρ
773 4144 1028 4217 τολμήσω
1052 4165 1104 4201 τι
1133 4147 1331 4215 λαλεῖν,
1359 4144 1435 4206 ὧν
1465 4154 1526 4207 οὺ
1554 4133 1775 4227 κατειρὲ

209 4228 415 4322 γάγσατο
454 4233 688 4304 Χριστὸς
733 4237 800 4289 δι’
826 4237 983 4308 ἐμοῦ,
1016 4241 1093 4304 εἱς
1138 4243 1383 4316 ὑπακοήν
1415 4247 1603 4315 ἐθνῶν,
1633 4248 1776 4322 λόγῳ

209 4321 302 4410 καὶ
338 4322 503 4393 ἔργῳ,
540 4324 598 4377 ἐν
643 4326 866 4398 δυνάμει
914 4333 1159 4402 σημείων
1201 4352 1261 4388 τε
1307 4337 1398 4391 καὶ
1442 4340 1684 4410 τεράτων
1716 4321 1774 4396 ἐν

1879 3223 2156 3291 provincia
2201 3225 2510 3281 concredita
2563 3238 2663 3289 est,
2710 3227 2747 3282 ii
2797 3228 2897 3283 soli
2947 3228 3056 3286 Deo
3087 3231 3444 3288 ministrant:

1875 3313 2188 3384 saneque
2231 3317 2377 3370 enim
2431 3317 2744 3373 hominibus
2786 3320 3056 3376 assistunt
3105 3323 3445 3381 sacerdotes.

1878 3401 2011 3456 Cum
2054 3403 2194 3459 hanc
2230 3404 2392 3475 igitur
2421 3407 2657 3477 gratiam
2694 3408 2796 3471 sibi
2838 3423 2868 3467 a
2903 3410 3013 3466 Deo
3042 3410 3294 3467 donatam
3323 3427 3449 3484 pro-
3531 3440 3543 3451 ν

1872 3493 2096 3549 liteatur
2136 3496 2448 3566 Apostolus,
2504 3507 2561 3554 ut
2616 3501 2688 3557 sit
2735 3501 2984 3557 minister
3027 3501 3154 3560 Jesu
3215 3505 3442 3572 Christi,

1876 3586 2186 3656 Christique
2209 3587 2558 3679 Evangelium
2596 3590 2737 3644 inter
2767 3600 2953 3661 gentes
2995 3593 3359 3661 administret,
3391 3609 3448 3653 et

1878 3676 2151 3731 Christum
2199 3679 2410 3734 tandem
2449 3676 2801 3747 annuntians,
2849 3684 2940 3738 Dei
2987 3683 3333 3759 Evangelium
3382 3704 3443 3748 se

1879 3766 1984 3829 illis
2012 3770 2306 3838 praedicare
2347 3771 2547 3827 diserte
2598 3771 2848 3839 afﬁrmet,
2881 3788 2988 3843 quo
3022 3774 3278 3832 nimirum
3320 3786 3445 3833 tan-

1881 3871 2042 3925 quam
2076 3857 2282 3928 Spiritu
2308 3859 2421 3929 jam
2459 3860 2830 3926 sanctificata,
2882 3861 3234 3917 admittantur
3273 3880 3288 3917 :
3322 3868 3445 3937 quis

1879 3946 2079 4004 Christi
2111 3950 2451 4008 divinitatem
2502 3951 2555 4006 in
2597 3952 2949 4023 quaestionem
2985 3968 3182 4009 vocare
3213 3955 3448 4012 audeat?

1953 4078 1974 4112 ι
2008 4060 2191 4118 Habeo
2214 4062 2380 4134 igitur
2411 4062 2642 4133 gloriam
2670 4063 2723 4118 in
2749 4063 2965 4119 Christo
2995 4063 3121 4121 Iesu
3153 4066 3222 4122 ad
3251 4067 3440 4125 Deum.

1876 4152 1992 4210 Non
2028 4157 2169 4210 enim
2203 4157 2373 4213 audeo
2416 4157 2616 4228 aliquid
2670 4158 2819 4240 loqui
2848 4172 3060 4226 eorum,
3089 4175 3206 4230 qua:
3232 4176 3330 4232 per
3357 4179 3445 4219 me

1877 4262 1983 4303 non
2009 4249 2189 4305 effecit
2217 4249 2469 4305 Christus
2505 4251 2559 4305 in
2606 4250 2964 4307 obedientiam
2993 4253 3231 4325 gentium
3277 4257 3444 4315 verbo

1874 4347 1928 4393 et
1973 4338 2153 4403 factis,
2202 4341 2255 4394 in
2291 4341 2490 4396 virtute
2531 4341 2809 4412 signorum
2858 4351 2913 4397 et
2953 4343 3345 4411 prodigiorum,
3384 4347 3438 4400 in

205 4409 430 4509 δυνάμει
474 4415 786 4486 Πνεῦματος
815 4419 979 4473 Θεοῦ·
1014 4421 1153 4477 ὥστε
1183 4442 1249 4495 με
1281 4428 1389 4481 ἀπὸ
1422 4429 1773 4505 Ἰερουσαλὴμ

1885 4431 2078 4486 virtute
2119 4432 2357 4501 Spiritus
2407 4409 2618 4498 sanetii;
2666 4435 2740 4489 ita
2798 4445 2856 4489 ut
2902 4409 2969 4490 ab
3006 4409 3304 4492 Jerusalem
3347 4454 3445 4509 per

206 4498 410 4572 κύκλῳ,
443 4504 536 4558 καὶ
589 4508 750 4579 μέχρι
794 4510 888 4563 τοῦ
919 4511 1212 4583 Ἰλλυρικοῦ
1261 4498 1681 4589 πεπληρωκέναι
1715 4498 1774 4576 τὸ

206 4591 533 4661 Εὑαγγὲλιον
570 4596 663 4650 τοῦ
697 4600 955 4670 Χριστοῦ.
989 4620 1008 4653 ι
1045 4603 1129 4657 Ἑν
1155 4604 1232 4675 τῷ
1266 4607 1440 4677 Ἰησοῦ
1469 4611 1775 4680 καυχᾶσθαι

206 4699 358 4752 φησι,
389 4684 449 4737 τὸ
475 4685 736 4761 καύχημα
764 4690 937 4761 λέγων
960 4693 1102 4764 ἔχειν
1128 4697 1264 4769 πρὸς
1287 4695 1566 4754 Θεόν.Ὂτι
1589 4701 1645 4756 δὲ
1670 4704 1772 4758 οὐκ

206 4772 544 4844 ἀνθρώπινον
599 4778 661 4831 τὸ
712 4780 806 4833 καὶ
852 4782 911 4835 ὲν
953 4782 1179 4853 δυνάμει
1221 4786 1534 4859 Πνεῦματος
1563 4793 1622 4845 ὲν
1657 4794 1771 4856 τοῖς

203 4861 382 4928 ἁγίοις
409 4865 728 4931 ἀποστόλοις
759 4871 1003 4940 ἐνεργεῖν
1033 4872 1289 4927 δύνασθαι
1323 4875 1412 4929 τὸν
1440 4878 1675 4947 Χριστὸν
1699 4880 1771 4933 τά

204 4953 501 5019 παράδοξα,
530 4950 644 5020 πῶς
666 4957 742 5011 ἔνι
770 4960 1158 5030 ἀμφιϐάλλειν;
1180 4964 1392 5039 Ὥσπερ
1413 4969 1520 5039 γάρ
1544 4970 1771 5033 ἕκαστος

200 5041 311 5095 τῶν
340 5044 463 5095 καθ’
496 5046 641 5114 ἡμᾶς
668 5047 725 5098 ὲν
752 5048 857 5119 ἰδίᾳ
882 5048 1107 5119 δυνάμει
1131 5051 1198 5104 τὰ
1231 5042 1423 5106 ἑαυτοῦ
1449 5054 1583 5124 ἔργα
1603 5059 1768 5121 ποιεῖ,

199 5134 342 5186 οὕτω
376 5137 469 5189 καὶ
498 5138 526 5189 6
553 5138 807 5208 Χριστὸς,
836 5139 914 5203 ὡς
962 5141 1065 5213 ἰδίᾳ
1110 5143 1334 5216 δυνάμει
1380 5146 1461 5217 τῷ
1494 5148 1769 5217 Πνεῦματι

200 5227 503 5296 χρώμενος,
534 5229 746 5301 ἐνεργεῖ
784 5229 853 5283 τὰ
890 5232 1168 5304 παράδοξα
1211 5236 1299 5289 διὰ
1326 5238 1427 5308 τῆς
1460 5238 1566 5292 τῶν
1598 5241 1769 5306 ἁγίων

1874 4517 2158 4572 circuitum
2206 4535 2377 4589 usque
2404 4522 2470 4575 ad
2510 4521 2776 4591 Illyricum
2833 4522 3148 4592 repleverim
3192 4523 3442 4597 Evange-

1873 4607 2004 4662 lium
2032 4608 2299 4665 Christi“.
2336 4629 2356 4663 ι
2389 4611 2463 4665 En
2490 4612 2613 4666 dum
2643 4613 2696 4667 in
2728 4612 2947 4671 Christo
2968 4613 3251 4683 gloriatur,
3282 4616 3333 4671 in
3358 4617 3443 4672 his

1874 4714 1993 4769 quae
2035 4700 2124 4755 Dei
2153 4709 2279 4756 sunt
2309 4700 2529 4771 gloriari
2565 4717 2625 4758 se
2649 4702 2802 4757 dicit.
2836 4702 2987 4769 Quod
3030 4712 3210 4760 autem
3243 4707 3442 4762 virtute

1878 4791 2112 4860 Spiritus
2160 4807 2258 4863 per
2309 4792 2585 4862 apostolos
2625 4803 2846 4851 sanctos
2891 4795 3133 4866 prodigia
3179 4807 3234 4852 et
3286 4799 3438 4869 signa

1874 4882 2149 4937 Christum
2193 4898 2356 4952 posse
2401 4885 2585 4949 edere,
2628 4900 2764 4957 opus
2817 4885 2889 4942 sit
2938 4887 3188 4944 humanis
3236 4890 3441 4947 viribus

1877 4973 2070 5042 majus,
2098 4975 2149 5029 id
2184 4975 2236 5029 in
2273 4976 2494 5032 dubium
2521 4990 2776 5035 revocare
2801 4994 2905 5034 non
2933 4978 3080 5034 licet.
3113 4979 3265 5036 Sicut
3293 4983 3436 5036 enim

1876 5066 2246 5137 unusquisque
2268 5077 2508 5123 nostrum
2530 5068 2583 5124 in
2608 5069 2822 5140 prepria
2847 5070 3047 5125 virtute
3083 5084 3200 5139 quae
3233 5081 3438 5125 natura:

1878 5156 2048 5225 ipsius
2062 5168 2187 5212 sunt
2203 5167 2425 5226 operatu
2437 5176 2483 5222 r.
2502 5161 2575 5216 ita
2593 5163 2755 5218 etiam
2775 5163 3040 5229 Christus,
3062 5165 3114 5218 in
3138 5164 3303 5235 ipsius
3321 5162 3440 5234 Spi-

1877 5245 1981 5300 ritu
2009 5258 2218 5313 sancto,
2245 5258 2304 5303 ut
2335 5251 2426 5319 qui
2451 5250 2568 5322 ejus
2602 5253 2824 5324 propria
2859 5254 2929 5309 sit
2959 5254 3152 5325 virtus,
3179 5254 3437 5313 miracula

273 5403 293 5430 ³
318 5400 471 5457 Rom.
503 5421 621 5471 vm,
659 5408 745 5472 '58,
780 5407 869 5462 59.
948 5410 967 5441 ⁸
1002 5409 1154 5469 Rom.
1190 5428 1299 5478 xw,
1333 5415 1422 5468 10.
1497 5417 1517 5448 ⁷
1546 5415 1708 5473 Rom.
1740 5434 1826 5486 xv,
1856 5420 2054 5488 15,16.
2142 5425 2163 5457 ³
2203 5424 2359 5481 Rom.
2392 5443 2480 5495 xv,
2514 5429 2697 5487 17-19.

1284 5569 1454 5624 Varia:
1491 5571 1745 5627 lectiones
1780 5575 1977 5629 codicis
2009 5578 2366 5647 Seguieriani.

280 5710 291 5748 t
335 5701 403 5752 al.
434 5701 733 5770 ἀνωτάτην.

3314 332 3453 388 ιεπο
3512 382 3527 387 ,
