3970 6136
576 269 706 329 125:
925 318 936 327 .
1506 251 1519 263 ’
1601 276 1658 332 s.
1699 273 1968 333 CYRlLLl
2010 266 2483 337 ALEXANDmNt
2524 278 2845 340 menter.
3542 346 3549 353 ,
3702 293 3829 352 me

566 401 827 459 operatur
866 405 962 461 per
989 406 1181 448 manus
1222 401 1553 449 sanctorum.
1594 393 1762 449 Porro
1793 396 2064 464 Quomodo
2097 395 2134 449 is

2255 398 2445 468 (ειρὸς.
2479 397 2613 454 Εἶτα
2659 400 2780 465 πῶς
2810 400 2872 456 ού
2903 401 3035 468 Θεός
3062 402 3231 470 ἐστιν,
3266 397 3330 460 οὗ
3359 405 3497 460 ἴδιον
3523 405 3589 460 οδ
3616 408 3823 481 Πνεῦμα

565 483 706 539 Deus
745 499 848 537 non
879 494 984 547 est,
1016 484 1171 553 cujus
1205 482 1440 554 Spiritus
1483 497 1703 541 sanctus
1738 486 1988 555 proprius
2016 485 2138 540 est?
2242 489 2306 542 τὸ
2336 490 2527 558 ἅγιον;
2790 497 2795 501 ’

638 595 657 628 ι
688 577 935 631 Salutant
980 592 1075 632 vos
1121 591 1311 638 omnes
1358 576 1617 632 Ecclesiae
1665 576 1955 642 Christi’;
2019 596 2038 628 ›
2081 586 2139 632 et

2302 596 2339 630 -ι
2361 579 2721 644 ’Δσπάζονται
2756 582 2901 651 ὑμᾶς
2924 583 2985 637 αἱ
3018 584 3552 657 Ἐκκλησίαιπᾶσαι
3582 589 3682 643 τοῦ
3704 590 3816 662 Χρι-

556 670 669 723 alio
691 670 922 737 quodam
961 667 1082 723 loco
1110 669 1174 723 ad
1204 668 1550 724 Timotheum
1581 670 1854 735 scribens,
1897 670 1969 723 ita
2006 669 2083 723 ait
2113 686 2124 723 :

2247 671 2391 728 ατοῦ.
2424 691 2445 725 ι
2481 673 2674 727 Καίτοι
2708 674 2875 745 φησὶν
2917 677 2977 730 ὲν
3013 676 3240 749 ἑτέροις,
3272 678 3535 751 Τιμοθέῳ
3566 682 3815 752 γράφων·

564 778 581 810 ι
614 759 684 814 Ut
712 758 854 814 scias
875 759 1146 827 quomodo
1170 769 1418 829 oporteat
1443 771 1493 815 te
1519 760 1572 814 in
1598 762 1759 815 domo
1786 760 1877 816 Dei
1903 774 2132 815 conver-

2246 763 2400 817 ι”Ινα
2447 763 2595 836 εἰδῇς
2622 765 2741 831 πῶς
2764 765 2848 819 δεῖ
2876 767 2934 820 ἐν
2966 767 3101 838 οἴκῳ
3130 767 3266 822 Θεοῦ
3299 770 3768 843 ἀναστρέφεσθαι.
3799 795 3814 823 ι

553 851 661 903 sari
692 850 756 903 ¹⁰.
787 866 807 901 ι
857 848 1010 917 Quod
1056 851 1102 905 si
1141 852 1417 908 Ecclesias
1447 846 1648 908 Christi
1683 868 1802 908 esse
1827 852 2121 924 cognoscit,

2243 854 2298 907 Ei
2316 854 2373 908 δὲ
2398 854 2636 927 Χριστοῦ
2661 859 2763 922 τὰς
2786 855 3367 931 Ἐκκλησίαςοίδε.καὶ
3393 863 3811 936 μεμαρτύρηκε·

552 942 713 1009 idque
755 949 1012 997 testatum
1059 941 1227 1007 facit,
1285 944 1421 997 citra
1485 942 1648 997 ullam
1697 945 2120 1000 controversiam

1216 981 1227 1007 .
1285 944 1421 997 citra
1485 942 1648 997 ullam
1697 945 2126 1000 controversiam
2233 946 2367 1012 Θεὸς
2391 949 2501 1020 ἄρα
2520 950 2784 1022 Χριστός.

547 1030 800 1087 Christus
828 1033 969 1087 Deus
995 1033 1119 1088 erit.

2295 1060 2329 1095 1
2348 1042 2407 1095 Ὀ
2454 1042 2514 1096 δὲ
2560 1043 2695 1108 Θεὸς
2733 1044 2833 1116 τῆς
2872 1046 3096 1118 εἰρήνης
3143 1047 3427 1120 συντρίψει
3456 1049 3559 1103 τὸν
3585 1051 3814 1105 Σατανᾶν

627 1143 646 1176 ι
680 1123 825 1179 Deus
853 1133 1032 1179 autem
1068 1125 1219 1195 pacis
1256 1134 1504 1183 conteret
1542 1126 1799 1182 Satanam
1826 1129 1932 1184 sub
1967 1129 2120 1199 pedi-

2246 1132 2336 1187 inb
2378 1135 2507 1199 τοὺς
2550 1136 2723 1200 πόδας
2762 1136 2917 1207 ὑμῶν
2961 1140 3021 1193 ὲν
3060 1140 3236 1210 τάχει.
3272 1160 3290 1192 ι
3327 1140 3469 1194 Θεοῦ
3518 1143 3814 1215 λεγομένης

544 1216 646 1271 bus
693 1218 891 1272 vestris
933 1216 1279 1274 velociter”.
1325 1238 1344 1271 ι
1392 1218 1524 1274 Cum
1580 1235 1682 1289 pax
1730 1221 1947 1275 dicatur
1997 1237 2112 1279 esse

2237 1222 2368 1277 εἶναι
2398 1224 2500 1295 τῆς
2530 1227 2755 1297 εἰρήνης
2786 1227 2915 1297 (ἔφη
2945 1228 3055 1302 γάρ
3086 1246 3188 1284 που
3214 1232 3455 1302 Χριστὸς
3479 1236 3608 1298 τοῖς
3647 1237 3805 1303 ἁγίοις

544 1309 657 1372 Dei.
694 1309 943 1366 Christus
991 1321 1168 1367 autem
1221 1312 1287 1367 ad
1337 1323 1554 1369 sanctos
1599 1316 1875 1385 apostolos
1919 1317 1994 1372 ita
2037 1318 2112 1372 in.

2243 1316 2544 1381 ὶποστόλοις
2563 1335 2576 1348 ·
2606 1318 2875 1390 «Εἰρήνην
2896 1319 2997 1391 τὴν
3023 1320 3376 1392 ὲμὴνδίδωμι
3400 1323 3569 1393 ὑμῖν,
3604 1326 3811 1397 εἰρήνην

539 1408 692 1475 quiat
728 1424 741 1460 :
774 1423 791 1457 ι
822 1403 1019 1460 Pacem
1062 1405 1314 1475 relinquo
1360 1407 1536 1472 vobis,
1591 1423 1779 1478 pacem
1832 1425 2007 1465 meam
2045 1411 2107 1467 du

2242 1403 2325 1475 riiv
2350 1406 2489 1477 ἐμὴν
2510 1407 2714 1478 ἀφίημι
2731 1408 2913 1479 ὑμῖν),
2940 1428 2959 1461 ι
2988 1406 3107 1463 εἶτα
3135 1409 3252 1476 πῶς
3276 1412 3338 1465 οὐ
3370 1413 3515 1479 Θεὸς
3547 1417 3764 1486 ἀληθῶς
3787 1421 3810 1471 ὁ

540 1497 795 1551 vobis":
838 1516 857 1551 ι
884 1499 1153 1568 quomodo
1201 1499 1269 1562 is,
1310 1513 1514 1568 quaso,
1569 1500 1661 1570 qui
1718 1492 1905 1571 pacem
1946 1500 2108 1558 veluti

2240 1499 2320 1569 τῆς
2359 1499 2587 1571 εἰρήνης
2634 1500 2822 1573 δοτὴρ,
2863 1501 2959 1556 καὶ
2986 1501 3063 1566 ὡς
3092 1502 3227 1558 ἴδιον
3254 1505 3468 1576 ἀγαθὸν
3500 1510 3629 1572 τοῖς
3656 1508 3808 1575 ἀξία-ς

536 1590 813 1658 proprium
845 1590 1043 1644 bonum
1078 1589 1256 1661 dignis
1286 1590 1557 1661 impertiri
1601 1592 1790 1648 solitus
1816 1602 1922 1658 est,
1947 1610 2104 1651 verus

1098 1589 1256 1661 lignis
1286 1590 1557 1661 impertiri
1601 1592 1790 1648 solitus
1816 1602 1922 1658 est,
1947 1610 2111 1651 verus
2216 1590 2394 1654 διδοὺς
2416 1591 2632 1663 αὑτήν;
2658 1664 2666 1672 _

534 1683 671 1736 Deus
699 1697 802 1737 non
834 1682 956 1736 est?

947 1766 1027 1822 Ex
1057 1768 1235 1836 priore
1263 1770 1333 1824 ad
1364 1770 1683 1826 Corinthios.
2138 1756 2182 1810 Β
2457 1770 2515 1824 ’E

2138 1756 2182 1810 Β
2457 1770 2555 1825 Ἐκ
2583 1770 2696 1840 τῆς
2729 1771 2881 1839 πρὸς
2918 1773 3269 1842 Κορινθίους
3305 1775 3579 1846 πρώτης,

603 1903 623 1938 ι
652 1884 851 1940 Paulus
890 1882 1173 1953 apostolus
1211 1881 1337 1939 Jesu
1379 1885 1602 1951 Christi,
1639 1902 1735 1957 per
1772 1888 2104 1944 voluntatem

2290 1903 2308 1935 ι
2354 1884 2569 1949 Παῦλος
2597 1885 2898 1952 ἀπόστολος
2920 1888 3161 1960 Χριστοῦ
3214 1889 3392 1960 Ἰησοῦ
3433 1891 3532 1947 διὰ
3570 1894 3807 1967 θελήμιο

528 1976 642 2041 Dei,
671 1984 724 2030 et
759 1974 1054 2057 Sosthenes
1083 1973 1270 2038 frater,
1300 1974 1556 2032 Ecclesiae
1586 1977 1679 2034 Dei
1705 1978 1770 2035 ¹³.
1808 1999 1826 2032 ι
1863 1979 2096 2036 Observa

2336 1974 2483 2044 Θεοῦ,
2516 1976 2609 2029 καὶ
2626 1975 2912 2050 Σωσθένης
2941 1981 2971 2033 ὁ
2995 1980 3245 2050 ἁδελφὸς,
3273 1984 3342 2053 τῇ
3371 1983 3693 2058 Ἐκκλησία
3719 1986 3806 2040 τοῦ

524 2071 639 2125 hic:
659 2067 931 2123 Romanos
947 2066 1246 2138 alloquens,
1267 2086 1285 2121 ι
1306 2067 1554 2123 Salutant
1576 2084 1691 2131 vos.
1708 2069 2092 2140 inquit,omnes

2237 2063 2367 2119 θεοῦ.
2420 2083 2440 2117 ι
2507 2065 2897 2137 Ἐπιτήρησον,
2931 2067 3015 2121 ὅτι
3060 2068 3358 2140 Ῥωμαίοις
3411 2076 3805 2146 προειρηκώς

519 2160 774 2215 Ecclesiae
809 2158 1044 2226 Christi;
1076 2177 1095 2210 ›
1144 2175 1286 2216 nunc
1324 2175 1454 2215 vero
1500 2160 1801 2217 Corinthiis
1829 2158 2087 2227 scribens1

2279 2154 2642 2219 Ἀσπάζονται
2667 2155 2814 2228 ὑμᾶς
2844 2158 2902 2211 αἱ
2947 2158 3264 2231 Ἐκκλησίαι
3298 2164 3475 2217 πᾶσαι
3520 2165 3624 2219 τοῦ
3670 2168 3804 2237 XF:-

519 2251 817 2309 Ecclesiam
868 2249 964 2305 Dei
1000 2265 1122 2306 esse
1155 2251 1501 2323 asserit.'61
1533 2270 1552 2305 ι
1586 2250 1701 2307 Hoc
1733 2262 1914 2309 autem
1953 2253 2087 2317 dico.

2234 2246 2361 2301 ’τοῦδ’
2385 2266 2404 2300 ι
2441 2248 2750 2320 Κορινθίοις
2783 2251 3134 2318 ἐπιστέλλων,
3161 2252 3301 2307 Θεοῦ
3327 2272 3499 2327 φησιν
3536 2254 3683 2312 εἶναι

514 2350 657 2412 quod
702 2344 1071 2416 unusquisque
1107 2355 1344 2401 vestrum
1374 2348 1544 2402 dicit-z
1577 2347 1689 2419 Ego
1714 2349 1932 2419 quidem
1973 2365 2082 2406 sum

2233 2335 2564 2408 Εκκλησίαν.
2611 2358 2630 2391 ι
2677 2337 2837 2408 Λέγω
2880 2339 2937 2392 δὲ
2984 2340 3163 2405 τοῦτο,
3206 2342 3290 2397 ὁτι
3346 2343 3600 2411 ἕκαστος
3654 2349 3801 2418 ὑμῶν

515 2443 686 2508 Pauli,
717 2457 818 2510 ego
854 2450 1035 2496 autem
1080 2440 1291 2511 Apollo,
1318 2456 1418 2511 ego
1451 2456 1579 2496 vero
1605 2441 1820 2512 Cephze,
1851 2458 1956 2514 ego
1991 2459 2083 2499 au-

2232 2430 2347 2499 έγει
2366 2446 2381 2461 ν
2426 2428 2568 2500 Ἐγὼ
2603 2432 2703 2502 μέν
2724 2433 2840 2503 εἰμι
2869 2432 3107 2498 Παύλου,
3133 2433 3245 2504 ἐγὼ
3272 2434 3335 2488 δὲ
3385 2438 3669 2505 Ἀπολλὼ,
3695 2441 3796 2509 ἐγὼ

513 2547 620 2588 tem
655 2533 883 2588 Christi.
921 2533 1134 2588 Divisus
1183 2541 1266 2587 est
1294 2531 1584 2588 Christus?
1614 2532 1862 2602 Nunquid
1893 2534 2081 2591 Paulus

2225 2520 2253 2572 ὲ
2288 2520 2475 2590 Κηφᾶ,
2510 2520 2620 2589 ἐγὼ
2650 2520 2707 2574 δὲ
2744 2521 3002 2593 Χριστοῦ.
3054 2524 3404 2596 Μεμέρισται
3450 2528 3481 2580 ὁ
3528 2530 3793 2600 Χριστός

508 2627 802 2681 cruciﬁxus
827 2633 910 2678 cst
942 2640 1039 2695 pro
1065 2624 1239 2689 vobis,
1273 2632 1367 2678 aut
1397 2624 1451 2678 in
1479 2624 1699 2680 nomine
1722 2623 1873 2679 Pauli
1909 2610 2076 2696 bapti-

2224 2611 2289 2685 νίὴ
2324 2611 2538 2674 Παῦλος
2584 2612 2905 2686 ἐσταυρώθη
2940 2614 3080 2685 ὑπὲρ
3110 2615 3263 2687 ὑμῶν
3284 2660 3300 2684 ,
3331 2617 3365 2690 ἢ
3404 2620 3492 2684 είς
3522 2622 3593 2675 τὸ
3635 2624 3792 2693 ὖνομι

510 2719 612 2775 zati
661 2717 902 2773 estis“?
933 2737 949 2769 ι
995 2715 1052 2771 Si
1107 2731 1238 2787 ergo
1259 2715 1521 2771 Christus
1574 2730 1681 2770 non
1724 2724 1809 2772 est
1857 2717 2078 2785 divisus,

2222 2704 2363 2758 ιύτοῦ
2412 2704 2816 2777 ὲόαπτίσθητε;
2870 2725 2889 2759 ι
2935 2708 3144 2763 Οὐκοῦν
3174 2710 3225 2763 εί
3264 2709 3342 2781 μὴ
3389 2712 3732 2786 μεμέρισται
3764 2716 3790 2766 6

410 2861 415 2866 ,
503 2809 685 2863 omnia
733 2817 786 2861 et
828 2820 1018 2861 omnes
1052 2805 1196 2860 illius
1243 2812 1389 2860 sunt.
1432 2803 1496 2858 Et
1533 2805 1578 2857 si
1636 2804 1683 2858 is
1716 2804 1888 2858 nostri
1921 2819 1978 2859 ca

2222 2795 2454 2868 [ριστὸς,
2498 2796 2678 2851 πάντα
2723 2797 2913 2863 αὑτοῦ,
2953 2798 3047 2852 καὶ
3091 2798 3296 2865 πάντες
3337 2801 3542 2856 αὐτοῦ.
3599 2805 3710 2859 Καὶ
3744 2804 3790 2857 εἰ

503 2898 796 2954 cruciﬁxus
839 2909 942 2961 cst,
990 2906 1045 2951 et
1091 2912 1188 2951 nos
1242 2896 1295 2949 in
1349 2895 1568 2950 nomine
1617 2895 1789 2965 ipsius
1823 2895 2071 2966 baptizat?

2216 2888 2357 2954 ιύτδς
2383 2886 2705 2961 ἐσταυρώθη
2732 2888 2874 2961 ὑπὲρ
2898 2886 3079 2962 ἡμῶν,
3103 2891 3198 2946 καὶ
3224 2893 3305 2956 εἰς
3326 2892 3390 2947 τὸ
3416 2893 3605 2965 ὄνομα
3630 2893 3784 2949 eius;

500 3006 708 3051 sumus,
755 3004 945 3044 omnes
988 2989 1172 3057 utique
1219 2987 1295 3041 illi
1344 2986 1637 3052 debemur;
1674 3002 1862 3043 sumus
1902 2996 2068 3043 auten

2221 2979 2500 3051 ϐαπτίσθη
2509 2996 2629 3052 μεν,
2654 2980 2803 3052 αύτῷ
2821 2981 3062 3054 δηλονότι
3084 2985 3569 3056 κεχρεωστήμεθα
3587 3005 3607 3022 ο
3629 2987 3784 3059 ἐσμὲν

502 3084 576 3136 illi
605 3081 850 3143 obnoxii,
885 3095 992 3134 non
1027 3089 1284 3149 tanquam
1320 3077 1525 3133 homini
1563 3078 1737 3133 nostri
1773 3079 1959 3147 simili,
1988 3081 2070 3136 sed

2213 3074 2244 3127 τὲ
2276 3073 2377 3128 οὐκ
2417 3071 2710 3145 ἀνθρώπου
2755 3073 2862 3129 τῶν
2891 3073 3013 3128 καθ’
3037 3076 3187 3146 ἡμᾶς
3228 3075 3372 3143 ἑνὸς,
3425 3076 3578 3132 ἀλλὰ
3631 3078 3781 3133 Θεοῦ.

500 3182 757 3242 tanquam
785 3172 918 3225 Deo.
956 3168 1123 3225 Nobis
1155 3184 1285 3238 ergo
1318 3168 1568 3223 Christus
1596 3178 1682 3223 est
1708 3169 1873 3225 Deus.
2036 3232 2037 3235 η

1453 3177 1568 3223 stus
1596 3178 1682 3223 est
1708 3169 1873 3225 Deus.
2036 3232 2037 3235 η
2184 3166 2420 3238 Χριστὸς
2447 3163 2712 3237 ipa-83b;
2735 3165 2823 3235 ἐφ’
2851 3167 2883 3235 ή
2894 3166 3021 3236 μᾶς.

577 3281 595 3314 ι
627 3262 892 3329 Quoniam
937 3270 993 3315 et
1046 3260 1217 3315 .ludaai
1274 3261 1487 3330 signum
1530 3268 1757 3329 petunt,
1804 3270 1860 3317 et
1892 3261 2079 3319 ἀπ’κοί

2260 3275 2280 3311 ι
2329 3256 2549 3330 Ἐπειδὴ
2581 3258 2681 3313 καὶ
2715 3258 2962 3313 Ἰουδαῖοι
2994 3260 3219 3330 σημεῖον
3242 3260 3490 3327 αἰτοῦσι,
3534 3263 3634 3318 καὶ
3664 3262 3784 3317 Ἕλε

498 3332 823 3424 sapientiam
857 3359 1112 3419 quzerunt
1141 3369 1155 3405 :
1191 3365 1290 3406 uos
1312 3360 1491 3405 autem
1533 3351 1891 3421 praedicamus
1914 3353 2066 3408 Chri-

2211 3364 2342 3418 nvs;
2383 3347 2578 3417 σοφίαν
2612 3347 2899 3420 ζητοῦσινο
2931 3351 3091 3421 ἡμεῖς
3144 3349 3203 3403 δὲ
3238 3350 3617 3424 κηρύσσομεν
3652 3355 3779 3425 Χρι-

499 3456 640 3500 stum
676 3441 1017 3508 cruciﬁxum,
1045 3441 1246 3497 Judaais
1281 3441 1515 3512 quidcm'
1530 3441 1867 3507 scandalum,
1902 3443 2067 3513 genti-

2210 3436 2308 3490 τὸν
2348 3437 2784 3509 ἐσταυρωμένον,
2828 3437 3106 3503 Ἰουδαίοις
3135 3439 3237 3510 μὲν
3292 3441 3636 3510 σκάνδαλον,
3662 3444 3778 3497 Ἔὶμ

494 3538 596 3591 bus
655 3544 833 3588 autem
877 3516 1163 3589 stultitiam
1190 3533 1256 3588 ¹⁸.
1290 3551 1307 3584 ι
1341 3533 1533 3588 Annon
1570 3533 1774 3604 quivis,
1819 3535 2062 3601 obsecro,

2212 3545 2305 3598 ησι
2332 3528 2388 3582 δὲ
2414 3528 2648 3600 μωρίαν.
2701 3547 2721 3580 ι
2760 3524 2888 3600 Ἆρ’
2908 3527 3039 3601 οὐχὶ
3068 3531 3179 3594 πᾶς
3219 3532 3481 3587 ὁστισοῦν
3510 3536 3777 3606 ὁμολογή-

493 3627 652 3683 fateri
675 3627 831 3682 debet
858 3625 1222 3697 evangelicam
1242 3610 1683 3694 praedicationem
1707 3616 1900 3682 omnes
1921 3637 2061 3697 quot

2203 3635 2323 3673 ratev
2352 3618 2440 3685 ἂν,
2470 3619 2555 3673 ὅτι
2576 3618 2744 3675 σκαλεῖ
2772 3619 2910 3690 πρὸς
2936 3619 3275 3689 θεογνωσίαν
3304 3623 3412 3694 τὴν
3438 3625 3632 3697 ἀληθῆ
3659 3627 3771 3687 τοὺς

489 3728 622 3789 quot
660 3732 758 3788 per
785 3717 971 3772 orbem
1005 3696 1181 3784 sparsi
1220 3722 1370 3779 sunt,
1418 3714 1486 3768 ad
1528 3729 1716 3769 veram
1753 3715 1846 3770 Dei
1878 3696 2057 3789 cogni-

2201 3711 2281 3767 ινὰ
2325 3713 2507 3767 πᾶσαν
2553 3711 2654 3784 τὴν
2694 3706 2797 3784 γῆν
2846 3713 2908 3766 τὸ
2956 3714 3220 3785 κήρυγμα
3251 3714 3317 3768 τὸ
3365 3696 3769 3788 εὐαγγελαύνς

489 3806 694 3863 tionem
722 3806 992 3862 invitare?
1025 3804 1097 3859 At
1118 3818 1223 3875 qua
1260 3805 1477 3879 tandem
1508 3804 1718 3860 ratione
1738 3805 1880 3862 istud
1906 3807 2057 3863 alicui

2203 3802 2307 3859 ζῖτα
2336 3805 2477 3871 πῶς,
2510 3805 2544 3877 ἢ
2578 3805 2744 3860 πόθεν
2785 3804 2941 3859 τοῦτο
2970 3804 3272 3876 ἁμφίὸολον
3298 3824 3315 3873 ;
3346 3807 3485 3873 Πῶς
3531 3806 3630 3865 οὖν
3666 3810 3771 3881 ἄρα

488 3898 802 3970 ambiguum
841 3913 963 3954 esse
991 3896 1191 3966 queat?
1222 3896 1288 3951 At
1312 3895 1638 3964 cuiusmodi,
1677 3914 1881 3968 quaeso,
1910 3900 2056 3956 Chri-

2199 3895 2536 3969 εηρύττουσιν
2572 3898 2620 3951 oi
2655 3896 3008 3967 μυσταγωγοὶ
3034 3896 3271 3970 Χριστὸν
3301 3899 3767 3974 ὲσταυρωμὶνονς

488 4005 633 4047 stum
662 3991 986 4047 crucifixum
1011 3989 1151 4044 sacri
1177 3991 1426 4044 doctores
1453 3991 1786 4059 pradicant?
1826 3993 2056 4062 nunquid

2201 3986 2279 4059 Lpa.
2307 3986 2384 4050 ὡς
2426 3986 2524 4041 ἕνα
2551 3986 2815 4063 τῶνκαθ’
2842 3987 3138 4060 ἡμᾶς-,σὺν
3184 3988 3280 4043 ἐπὶ
3310 3993 3565 4063 σταυροῦ
3606 3995 3769 4049 θὰωο

485 4083 658 4139 solum
681 4081 956 4138 hominem
984 4073 1155 4134 nostri
1181 4079 1438 4145 similem,
1459 4081 1548 4149 qui
1577 4091 1806 4136 mortem
1829 4082 2053 4140 iucruct

2199 4096 2259 4132 ον
2303 4060 2708 4149 ὑπομείναντα,
2740 4077 2836 4131 καὶ
2880 4078 2961 4143 εἰς
2996 4077 3284 4150 ἄνθρωπον
3321 4083 3356 4153 ἠ
3407 4060 3507 4137 τοῦ
3560 4086 3765 4156 κόσμοι]

482 4173 833 4245 pertulisset,
858 4174 930 4226 ita
963 4171 1151 4241 titiam
1183 4171 1234 4225 in
1264 4170 1567 4241 simplicem
1596 4172 1870 4227 hominem
1907 4188 2050 4229 mun-

2197 4169 2349 4235 ςίστις
2380 4169 2716 4242 πράττεται;
2769 4169 2862 4240 Μὴ
2903 4169 3153 4238 γένοιτοέ
3195 4172 3667 4247 Πεπιστεύκαμεν
3710 4176 3765 4228 δὲ

483 4271 584 4322 dus
625 4265 850 4322 credat?
879 4264 1068 4319 Absit‘l
1111 4263 1453 4319 Credidimus
1492 4262 1637 4318 enim
1674 4264 1728 4318 in
1761 4264 1926 4319 Deum
1976 4266 2051 4320 via

2198 4261 2284 4333 ιεῷ
2310 4260 2474 4327 ζῶντι
2509 4261 2603 4315 καὶ
2640 4260 2903 4332 ἀληθινῷ.
2949 4262 3083 4315 Θεὸν
3106 4257 3201 4317 οῦν
3225 4258 3339 4318 οἶδε
3376 4265 3628 4334 Χριστὸν
3672 4268 3766 4349 τον

479 4371 604 4410 vum
636 4364 691 4409 et
718 4369 928 4410 verum.
957 4351 1235 4408 Christum
1271 4351 1501 4420 proinde
1534 4352 1851 4409 cruciﬁxum
1889 4352 2047 4408 Deum

2197 4353 2599 4425 σταυρωμένον,
2632 4352 2841 4424 statarii)
2860 4352 3050 4424 κόσμῳ
3087 4352 3374 4425 κηρύττει,
3394 4358 3764 4431 τεθαρσηκὼς

479 4463 599 4502 esse
636 4455 815 4510 norat,
845 4444 1177 4515 mundoque,
1210 4442 1354 4511 quod
1403 4442 1457 4496 in
1500 4442 1649 4498 illum
1695 4444 1921 4501 credens
1951 4459 2047 4500 non

1500 4442 1649 4498 illum
1695 4444 1921 4501 credens
1951 4459 2058 4500 non
2089 4443 2245 4503 ῡότι
2282 4447 2358 4518 μὴ
2391 4445 2708 4516 σφάλλεται.

479 4548 646 4603 erret,
670 4536 937 4607 intrepide
964 4534 1271 4589 annuntiat.
2001 4586 2011 4597 ,

555 4647 574 4681 ι
606 4628 671 4682 Ει
701 4636 803 4699 ego
837 4644 965 4683 cum
989 4627 1260 4682 venissem
1301 4625 1369 4681 ad
1406 4624 1756 4694 vos,-l‘ratres,
1786 4626 1911 4682 veui
1948 4641 2051 4683 non

2236 4642 2257 4676 ι
2302 4621 2477 4693 Κάγὼ
2506 4621 2677 4677 ὲλθὼν
2695 4621 2831 4694 πρὸς
2860 4622 3026 4694 ὑμᾶς,
3059 4622 3300 4693 ἀδελφοὶ,
3333 4620 3512 4697 ἦλθον
3540 4631 3605 4683 ού
3636 4629 3752 4683 καθ’

480 4720 535 4776 in
572 4720 902 4776 sublimitate
931 4718 1222 4782 sermonis,
1259 4726 1356 4772 aut
1394 4717 1696 4786 sapientia,
1727 4718 2048 4774 annuntians

2184 4714 2434 4788 ιπεροχὴν
2478 4714 2661 4784 λόγου,
2710 4715 2744 4784 ἢ
2791 4714 3017 4785 σοφίας,
3066 4709 3469 4785 καταγγέλλων
3520 4723 3658 4793 ὑμῖν
3700 4723 3752 4773 τὸ

475 4813 634 4869 vobis
677 4809 1045 4864 testimonium
1090 4809 1316 4865 Christi.
1363 4807 1481 4863 Non
1516 4809 1660 4863 enim
1695 4808 1929 4879 iudicavi
1967 4824 2043 4865 me

2188 4810 2462 4882 ιαρτύριον
2501 4806 2595 4862 τοῦ
2639 4806 2797 4861 Θεοῦ.
2837 4806 2913 4861 Οὐ
2962 4806 3071 4879 γὰρ
3116 4806 3310 4877 ἔκρινα
3361 4810 3573 4865 εἰδέναι
3610 4833 3667 4867 τι
3703 4817 3756 4867 ἐν

474 4908 617 4963 scire
661 4902 866 4972 aliquid
920 4902 1064 4956 inter
1092 4917 1210 4964 vos,
1262 4899 1601 4968 nisiIJesum
1647 4899 1946 4966 Christum,
1998 4909 2042 4957 et

2190 4905 2306 4973 ημῖν,
2336 4903 2387 4956 εἰ
2413 4903 2489 4974 μὴ
2535 4899 2740 4971 Ἰησοῦν
2759 4899 3018 4972 Χριστὸν,
3047 4899 3143 4954 καὶ
3171 4899 3363 4955 τοῦτον
3387 4905 3758 4978 ἐσταυρωμέ-

469 5000 618 5055 hunc
666 4993 1076 5050 cruciﬁxum“.
1115 5011 1133 5045 ι
1166 4991 1305 5046 Ecce
1358 4992 1447 5046 hic
1494 5007 1615 5047 cum
1659 4993 1749 5048 Dei
1802 4993 2037 5050 testimo-

2196 5013 2264 5050 αν.
2305 5014 2323 5047 ι
2373 4993 2504 5047 Ἰδοὺ
2528 4992 2593 5063 δὴ
2634 4992 2820 5069 σαφῶς
2851 4991 2912 5045 τὸ
2943 4992 3242 5062 μαρτύριον
3276 4993 3373 5046 τοῦ
3410 4994 3553 5051 Θεοῦ
3580 4998 3764 5069 λέγειν

455 5086 619 5146 ἰιίιιιη
664 5088 866 5143 mundo
910 5102 969 5142 sc
1012 5083 1342 5140 annuntiare
1390 5083 1595 5154 liquido
1630 5095 1884 5154 exponat,
1926 5100 2023 5140 mo:

2202 5085 2549 5155 αταγγέλλειν
2578 5083 2655 5155 τῷ
2698 5085 2910 5154 κόσμῳ,
2939 5085 3173 5155 Χριστὸν
3216 5086 3431 5156 Ἰησοῦν
3472 5092 3770 5161 ὲπήγαῖτ,

450 5172 647 5239 ἰειιηοη
691 5181 967 5238 Christum
1013 5179 1198 5236 Jesum
1255 5178 1534 5250 adiungit,
1576 5188 1631 5234 et
1690 5195 1813 5235 eum
1872 5180 2018 5237 cruci

2206 5182 2255 5235 πὶ
2294 5178 2483 5233 τοῦτον
2533 5176 2970 5249 ἐσταυρωμένον.
3025 5177 3159 5241 Θεὸς
3209 5172 3303 5232 οῦν
3361 5178 3476 5250 ἄρα
3530 5182 3703 5237 ἐστὶν
3746 5190 3774 5238 ἐ

469 5276 657 5329 ﬁxum.
702 5274 847 5330 Deus
892 5275 1057 5345 igitur
1092 5282 1177 5329 est
1222 5271 1473 5327 Christus
1516 5269 1692 5335 Jesus,
1741 5273 1831 5342 qui
1868 5275 2037 5330 crucis

2200 5270 2387 5343 ταυρδν
2436 5269 2504 5323 δι’
2552 5270 2699 5340 ἡμᾶς
2731 5268 3033 5339 ὑπομείνας
3078 5268 3311 5341 Χριστὸς
3377 5271 3651 5355 Ἰησοῦς.
3710 5272 3768 5329 ,ἐξ

468 5365 788 5435 supplicium
838 5367 1008 5421 nostri
1069 5380 1233 5421 causa
1286 5363 1581 5427 sustinuit;
1639 5361 1793 5432 cuius
1828 5378 2036 5435 quoque

2201 5365 2249 5419 uti.
2293 5363 2354 5418 τὸ
2400 5360 2698 5433 μαρτύριον
2740 5360 2841 5414 ούκ
2890 5362 2948 5414 ὲν
2999 5361 3241 5432 ὑπεροχῇ
3287 5361 3451 5429 λόγου
3503 5367 3624 5419 καὶ
3680 5388 3769 5423 σευ-

468 5458 836 5513 testimonium
879 5460 1078 5515 mundo
1111 5475 1208 5530 per
1255 5465 1472 5513 sanctos
1509 5454 1785 5525 apostolos
1825 5472 2036 5511 annun-

2199 5455 2274 5520 ἵας
2324 5453 2594 5524 κοσμικῆς
2648 5451 3074 5522 καταγγέλλεται
3126 5451 3205 5524 τῷ
3246 5454 3453 5523 ’κόσμῳ
3491 5454 3606 5510 διὰ
3654 5461 3767 5512 τᾷν

544 5609 737 5678 'Rom.
760 5626 869 5669 xvt,
902 5613 982 5666 16.
1051 5610 1387 5667 “l'l‘imoth.
1420 5627 1499 5672 tu.
1694 5614 1734 5645 ⁴¹
1759 5611 1915 5667 Rom.
1950 5609 2171 5677 “1,20.
2252 5611 2291 5641 ⁸⁸
2319 5607 2475 5664 Joan.
2512 5622 2622 5674 xw,
2655 5604 2743 5658 27.
2826 5607 2867 5637 ”
2900 5606 2917 5660 l
2946 5605 3070 5661 Cor.
3098 5623 3133 5670 i,
3180 5608 3227 5662 Ι.
3310 5607 3502 5666 “ibid.
3530 5609 3637 5678 1'2,
3674 5617 3761 5672 l3.

471 5680 514 5713 ιι
547 5678 676 5734 ibid.
708 5677 799 5743 22,
824 5680 913 5734 23.
1026 5682 1069 5715 ¹⁶
1098 5682 1120 5735 ι
1153 5680 1279 5737 Cor.
1313 5697 1371 5751 ιι,
1411 5683 1461 5753 1,
1500 5683 1555 5740 9-
