3970 6136
261 241 399 299 1235

1362 242 1462 298 DE}
1490 239 1729 297 RECTA-
1757 236 1916 294 FIDE
1951 238 2043 296 AD
2083 238 2431 296 ΒΕᾸΞΙΝΑΞ..

3387 230 3523 303 issi

255 355 429 425 ἀγίων
475 353 809 422 ἀποστόλων,
850 354 966 409 ἀλλ’
1006 354 1082 421 ὥς
1119 355 1178 410 ὲν
1214 354 1443 430 δυνάμει
1491 356 1809 427 Πνεῦματος

1944 355 2132 411 tiatum
2175 363 2280 420 est,
2324 367 2429 407 non
2466 342 2752 406 sermonis
2791 346 3113 415 eminentia,
3166 349 3518 403 mundanaeve

327 547 348 583 ι
392 528 594 598 Σοφίαν
636 528 694 582 δὲ
723 526 992 600 λαλοῦμεν
1029 528 1089 582 ὲν
1117 530 1228 594 τοῖς
1258 529 1519 595 τελείοις-ο
1552 530 1744 602 σοφίαν
1771 530 1829 585 δὲ

248 620 311 674 οὐ
339 619 435 675 τοῦ
465 621 660 684 αίῶνος
682 620 895 689 τούτου,
925 619 1046 674 οὐδὲ
1073 619 1184 674 τῶν
1209 621 1484 693 ἀρχόντων
1516 621 1611 674 τοῦ
1634 621 1828 684 αἰῶνος

247 712 477 778 τούτου,.
491 713 599 767 τῶν
648 711 1142 785 καταργουμένωψ
1192 712 1331 768 ἀλλά
1376 712 1644 783 λαλοῦμεν
1689 712 1825 765 Θεοῦ

249 802 441 871 σοφίαν
470 804 529 855 ὲν
564 801 868 873 μυστηρίῳ,
902 800 1002 873 τὴν
1031 802 1555 875 ἀποκεκρυμμένην,
1585 802 1653 873 ἦν
1693 818 1827 874 προ-

247 894 443 966 ώρισεν
473 895 519 946 .ὁ’
547 893 679 958 Θεὸς
706 895 814 965 πρὸ
840 893 949 947 τῶν
982 892 1193 949 αἰώνων
1220 896 1301 959 είς
1344 895 1504 963 δόξαν
1531 894 1690 966 ἡμῶν
1712 910 1726 924 ·
1758 894 1826 966 ἢν

248 986 419 1049 οὐδεὶς
445 983 553 1038 τῶν
577 985 855 1055 ἀρχόντων
881 984 977 1038 τοῦ
1009 984 1203 1050 αἰῶνος
1253 985 1444 1039 τούτου
1468 985 1725 1054 ἔγνωκεν.
1762 983 1826 1037 Εἰ

248 1076 358 1147 γάρ
385 1075 647 1145 ἔγνωσαν,
687 1076 788 1129 οὐκ
826 1075 891 1129 ἂν
918 1075 1008 1129 τὸν
1053 1075 1258 1147 Κύρων
1300 1076 1400 1147 τῆς
1428 1076 1585 1147 δόξης
1628 1075 1827 1129 ἐσταύ-

249 1185 450 1241 ρωσαν.
492 1189 511 1220 ι
550 1169 614 1222 Ei
647 1167 783 1221 Θεοῦ
815 1167 975 1237 σοφία
1000 1167 1062 1221 τὸ
1092 1169 1389 1239 μυστήριον
1419 1167 1677 1240 Χριστοῦ,
1707 1165 1826 1223 εἶτα

248 1258 325 1328 τῷ
354 1262 546 1330 κόσμῳ
576 1257 928 1330 κηρύττεται,
981 1260 1077 1312 καὶ
1119 1258 1254 1323 Θεὸς
1291 1260 1391 1313 οὐκ
1430 1259 1577 1314 ἔστιν
1607 1259 1823 1331 ἀληθῶς

146 1368 157 1375 ’
247 1350 386 1403 κατά
413 1351 474 1403 τό
501 1368 664 1416 τισιν,
695 1351 794 1403 οὐκ
822 1346 918 1404 οἷδ’
948 1351 1115 1416 ὅπως,
1143 1351 1354 1416 δοκοῦν,
1376 1351 1469 1405 καὶ
1501 1355 1580 1416 εἰς
1598 1352 1760 1405 αθιτὸν
1786 1355 1818 1424 ἡ

246 1440 429 1503 πίστις
444 1439 546 1511 (Ι)-
573 1440 692 1503 πῶς
712 1441 899 1493 ὲστιτὸ
916 1443 1217 1513 μυστήριον
1235 1442 1413 1511 σοφὸν,
1433 1443 1593 1511 εἱτῆς
1610 1443 1824 1514 ἀληθῶς

244 1530 575 1598 θεογνωσίας
605 1529 931 1600 ἀποκομίζει
962 1532 1087 1596 τοὺς
1137 1533 1229 1586 ἐπὶ
1260 1534 1359 1605 τῆς
1404 1536 1527 1605 γῆς,
1585 1535 1680 1588 καὶ
1724 1535 1822 1589 λα-

222 1622 431 1695 τρείαν
478 1621 765 1693 ἀνθρώπου
792 1623 891 1692 τὴν
920 1624 1300 1697 οἱκουμενιδκὴν
1343 1626 1631 1692 ἀποτελεῖ;
1679 1626 1818 1680 Ἀλλ’

1935 445 2219 516 sapientize
2250 444 2413 510 fastu,
2438 444 2532 499 sed
2590 441 2828 512 Spiritus
2874 444 3073 495 virtute
3101 447 3155 494 et
3186 442 3515 495 oetensione.

2009 553 2029 588 ι
2061 536 2390 606 Sapientiam
2449 542 2630 589 autem
2698 531 2972 602 loquimur
3008 532 3150 586 inter
3204 530 3512 600 perfectos:

1934 627 2256 697 sapientiam
2306 640 2435 680 vero
2486 639 2591 678 non
2634 622 2795 694 huius
2845 621 3055 686 seaculi,
3100 636 3274 690 neque
3317 621 3518 691 princi-

1933 735 2060 790 pum
2088 719 2247 790 hujus
2284 716 2491 779 seaculi,
2539 715 2631 785 qui
2664 715 3021 769 destruantur
3047 729 3086 779 ;-
3116 714 3211 768 sed
3244 713 3517 781 loquimur

1931 812 2026 868 Dei
2076 809 2395 883 sapientiam
2445 808 2499 862 in
2548 809 2850 878 mysterio;
2883 821 3001 876 quae
3048 805 3363 860 abscondita
3405 815 3515 866 esu,

1932 917 2091 970 quam
2139 899 2547 971 praedestinavit
2599 897 2740 953 Deus
2780 908 2907 952 ante
2959 897 3152 964 sarcula
3191 897 3244 951 in
3274 885 3511 966 gloriam

1931 1000 2208 1053 nostram;
2253 1003 2414 1060 quam
2455 1001 2614 1042 nemo
2643 988 2948 1055 principum
2997 985 3162 1053 hujus
3201 985 3385 1040 saeculi
3420 997 3516 1037 co-

1930 1076 2137 1151 gnovit.
2176 1078 2233 1133 Si
2274 1076 2418 1130 enim
2451 1076 2855 1144 cognovissent,
2900 1090 3175 1143 nunquam
3224 1071 3516 1127 Dominum

1928 1167 2114 1241 glorise
2137 1164 2533 1223 cruciﬁxisseut
2558 1163 2624 1218 ".
2658 1182 2677 1215 ι
2715 1163 2771 1219 Si
2805 1163 3007 1219 Christi
3034 1154 3382 1234 mysterium,
3403 1160 3513 1233 62

1929 1262 2070 1332 quod
2119 1261 2320 1315 mundo
2362 1261 2743 1313 annuntiatum
2799 1266 2907 1323 est,
2956 1255 3048 1311 Dei
3096 1256 3360 1326 sapientia
3406 1268 3512 1317 est,

1929 1367 2106 1422 neque
2145 1361 2323 1407 tamen
2363 1350 2636 1417 Christus,
2671 1354 2725 1404 in
2766 1364 2929 1421 quem
2983 1348 3116 1427 [ides
3156 1347 3419 1417 exigitur,
3453 1359 3515 1401 ut

1930 1444 2069 1499 male
2115 1445 2302 1500 nescio
2343 1445 2617 1513 quomodo
2661 1441 2989 1512 quibusdam
3045 1453 3370 1510 persuasum
3403 1449 3511 1500 eet,

1929 1551 2088 1591 verus
2145 1535 2284 1591 Deus
2334 1544 2466 1590 est:
2511 1533 2784 1605 quomodo
2827 1540 3225 1587 sacramentum
3250 1528 3378 1585 -hoc.
3422 1543 3512 1583 sn-

1931 1629 2093 1686 hlime
2123 1638 2177 1685 et
2206 1631 2424 1699 sapiens
2467 1640 2570 1694 cst,
2607 1627 2655 1682 si
2689 1626 2941 1681 homines
2972 1640 3001 1678 a
3031 1638 3157 1678 vera
3200 1621 3291 1675 Dei
3332 1620 3514 1686 cogni-

243 1714 307 1765 οῦ
349 1712 692 1767 τοῦτό-ἐστιν
726 1713 942 1785 ἀληθὲς.
977 1716 1144 1785 Σοφὸν
1173 1715 1231 1770 δὲ
1275 1716 1344 1770 τὸ
1379 1719 1696 1789 μυστήριον.
1739 1718 1814 1771 ὅτι

1930 1721 2076 1775 tione
2127 1720 2367 1786 abducit,
2422 1729 2478 1774 et
2521 1720 2588 1773 ab
2638 1719 3118 1777 orbelterrarum,
3188 1718 3249 1766 ut
3304 1711 3508 1765 homini

244 1802 365 1875 Θεῷ
418 1805 680 1874 προσάγει
731 1805 856 1869 τοὺς
914 1807 1394 1878 πεπλανημένους
1449 1808 1581 1873 Θεὸς
1633 1810 1752 1879 ἄρα’
1789 1811 1820 1862 6

245 1896 497 1966 Χριστός.
539 1897 767 1968 Εἴρηται
793 1897 854 1951 δὲ
879 1898 973 1951 καὶ
1004 1897 1228 1963 δικαίως
1259 1900 1462 1973 Κύριος
1483 1903 1579 1972 τῆς
1611 1900 1766 1972 δόξης
1788 1901 1818 1953 6

243 1986 675 2057 ἐσταυρωμένος.

247 2095 460 2137 rursum
509 2082 750 2138 reducat.
799 2080 930 2139 )ure
982 2083 1163 2154 igitur
1204 2084 1509 2155 meritoque
1566 2094 1619 2139 et
1670 2086 1809 2139 Deus
1847 2083 2150 2154 appellatur
2185 2080 2461 2150 Christus,

241 2173 574 2243 perhibetur.
1310 2226 1321 2244 ε

315 2281 337 2314 ‹
381 2262 538 2317 Κατὰ
565 2265 663 2336 τὴν
701 2264 860 2338 χάριν
896 2265 991 2321 τοῦ
1030 2265 1175 2321 Θεοῦ
1212 2268 1309 2341 τὴν
1331 2266 1576 2322 δοθεῖσάν
1607 2285 1719 2339 μοι,
1743 2268 1820 2334 ὥς

240 2353 400 2421 σοφὸς
435 2355 770 2424 ἀρχιτέκτων
828 2356 1076 2428 θεμέλιον
1102 2358 1297 2431 ἔθηκα,
1335 2359 1492 2424 ἄλλος
1519 2360 1576 2413 δὲ
1606 2363 1820 2414 ἐποικο-

234 2442 409 2511 δομεῖ.
432 2442 691 2513 Θεμέλιον
710 2445 818 2518 γὰρ
837 2447 998 2512 ἀλλος
1029 2450 1206 2514 οὐδεὶς
1227 2450 1451 2507 δύναται
1474 2451 1644 2507 θεῖναι
1666 2443 1819 2526 παρά

236 2534 330 2587 τὸν
371 2534 642 2605 κείμενον,
684 2538 744 2602 ὃς
787 2541 933 2595 ἐστιν
974 2540 1185 2613 Ἰησοῦς
1212 2543 1498 2614 Χριστός.»
1526 2545 1589 2599 Εἰ
1617 2546 1819 2618 ἐπερη-

243 2624 517 2695 ρεὶσμεθα-
551 2627 806 2701 καθάπερ
854 2630 960 2685 τινὶ
1007 2632 1244 2705 θεμελίῳ
1288 2635 1543 2707 Χριστῷ,
1592 2636 1686 2690 καὶ
1726 2638 1814 2691 ἐπ’

235 2715 385 2786 αὐτῴ
410 2716 498 2770 διὰ
526 2718 762 2785 πίστεως
797 2722 1244 2795 οἰκοδομούμεθα,
1275 2727 1370 2780 καὶ
1410 2726 1558 2781 ἐστιν
1585 2727 1745 2792 αὐτὸς
1777 2729 1811 2798 ἡ

234 2808 454 2862 πάντων
481 2811 774 2879 ἀσφάλεια,
810 2813 927 2878 πῶς
953 2815 1053 2870 οὐκ
1093 2815 1159 2870 ἂν
1197 2815 1286 2890 εἴη
1328 2818 1461 2883 Θεὸς
1488 2818 1723 2890 ἀληθῶς,
1755 2821 1815 2874 ἐν

230 2893 279 2967 ᾧ
306 2900 376 2955 τά
402 2900 602 2968 πάντα,
633 2905 728 2959 καὶ
757 2907 791 2977 ἡ
822 2907 972 2979 παρά
1009 2909 1228 2964 πάντων
1250 2909 1525 2977 πίστιςν,
1546 2914 1607 2966 οὐ
1634 2911 1816 2976 καθὼς

1925 1811 2166 1867 divinum
2199 1810 2792 1879 cultmn.impertiatur,
2817 1806 3027 1877 exigit?
3060 1805 3258 1859 Verum
3295 1818 3396 1857 non
3431 1804 3508 1856 ita

1925 1914 2013 1954 res
2047 1899 2231 1954 habet.
2263 1897 2597 1953 Profundum
2649 1896 2796 1972 enim
2841 1904 2898 1950 et
2932 1894 3150 1964 sapiens
3187 1891 3504 1963 mysterium

1922 2002 2026 2059 est,
2074 1992 2273 2062 quippe
2315 1990 2457 2061 quod
2503 1992 2554 2045 iu
2597 2001 2843 2045 errorem
2887 1985 3150 2041 abductos
3205 1985 3272 2039 ad
3330 1983 3499 2038 Deum

2538 2088 2597 2136 et
2665 2077 2852 2149 gloriae
2894 2076 3154 2133 Dominus
3192 2074 3497 2130 cruciﬁxus

2001 2266 2357 2324 rSecundum
2392 2264 2623 2336 gratiam
2661 2262 2785 2330 Dei,
2812 2276 2943 2333 quae.
2972 2264 3095 2317 data
3127 2269 3210 2317 est
3243 2259 3410 2327 mihi,
3445 2264 3504 2314 ut

1923 2356 2139 2428 sapiens
2159 2355 2491 2411 architectus
2513 2352 2922 2409 fundamentum
2948 2351 3128 2420 posui,
3153 2350 3291 2404 alius
3317 2360 3499 2405 autem

1921 2446 2344 2520 supermditicat.
2407 2438 2847 2502 Fundamentum
2920 2443 3066 2498 enim
3131 2442 3277 2497 aliud
3342 2457 3502 2497 nemo

1919 2548 2100 2609 potest
2125 2554 2330 2610 ponere
2358 2549 2558 2609 praeter
2592 2537 2645 2592 id
2679 2538 2822 2607 quod
2841 2537 3073 2606 positum
3110 2541 3217 2599 es’t,
3247 2537 3387 2604 quod
3419 2543 3501 2589 est

1920 2632 2173 2688 Christus
2213 2631 2457 2688 Iesus“.
2491 2650 2511 2683 ›
2559 2629 2616 2685 Si
2667 2629 2887 2685 Christo
2934 2627 3164 2696 perinde
3206 2642 3270 2682 ac
3298 2625 3499 2681 funda-

1919 2734 2099 2779 mento
2132 2724 2371 2793 cuipiam
2416 2723 2720 2788 innitimur,
2761 2729 2942 2790 etper
2971 2719 3134 2776 ﬁdem
3179 2733 3343 2788 super
3376 2733 3497 2774 eum

1915 2814 2308 2882 construimur,
2347 2823 2405 2871 et
2442 2815 2557 2885 ipse
2588 2813 2830 2868 omnium
2874 2820 2960 2867 est
3003 2812 3194 2867 salus:
3233 2810 3323 2879 qui
3368 2811 3484 2864 ﬁeri

1916 2915 2111 2977 potest,
2137 2915 2196 2961 ut
2221 2920 2385 2961 verus
2418 2906 2558 2961 Deus
2592 2920 2696 2960 non
2720 2904 2826 2969 sit,
2874 2914 2997 2959 cum
3022 2905 3077 2957 in
3100 2917 3166 2957 eo
3197 2901 3499 2957 consistant

230 2991 317 3053 είς
359 2992 454 3046 ἕνα
486 2993 597 3047 τῶν
629 2995 748 3049 καθ’
781 2997 948 3067 ἡμᾶς,
990 2998 1072 3053 ὅτι
1117 3000 1193 3073 μὴ
1226 3001 1402 3055 κτίσει
1450 3002 1814 3076 λελατρεύκα-

1926 2996 2122 3059 omnia,
2171 2995 2412 3064 ﬁdesque
2456 3006 2642 3051 nostra
2683 2994 2751 3049 de
2791 2994 2910 3064 ipso
2952 2994 3044 3057 sit,
3098 3007 3203 3047 non
3253 2991 3394 3047 sicut
3428 2992 3496 3045 de

234 3097 358 3153 μεν,
387 3083 523 3138 ἀλλά
544 3084 664 3157 Θεῷ
688 3085 766 3159 τῷ
797 3089 957 3158 φύσει
1000 3091 1095 3144 καλ⁵
1133 3091 1385 3165 ἀληθῶςς

309 3364 332 3404 σ
377 3347 491 3404 Οὐκ
536 3349 737 3417 οἴδατε,
786 3352 866 3405 ὅτι
902 3352 1026 3417 ναὸς
1056 3353 1348 3410 Θεοῦὲστε
1376 3358 1555 3430 ὑμεῖς,
1605 3361 1698 3414 καὶ
1748 3361 1810 3415 τὸ

232 3438 457 3510 Πνεῦμα
483 3440 577 3493 τοῦ
610 3440 746 3495 Θεοῦ
775 3444 917 3496 οἰκεῖ
942 3445 999 3501 ἐν
1031 3445 1188 3515 ὑμϊν;
1221 3447 1288 3499 Et
1310 3465 1393 3512 τις
1420 3449 1509 3503 τὸν
1544 3452 1669 3506 ναὸν
1711 3452 1806 3506 τοῦ

232 3531 368 3584 Θεοῦ
418 3531 662 3602 φθείρει,
692 3533 883 3602 φθερεί
929 3535 1117 3588 τοῦτον
1155 3538 1183 3591 6
1225 3537 1378 3602 Θεός.
1431 3541 1490 3592 '0
1523 3542 1631 3613 γὰρ
1683 3544 1808 3608 ναὸς

232 3622 327 3673 τοῦ
356 3620 489 3674 Θεοῦ
539 3622 694 3690 ἅγιός
747 3623 916 3688 ἐστιν,
943 3625 1140 3691 οἵτινές
1188 3627 1312 3680 ἐστε
1361 3630 1539 3699 ὑμεῖς.
1576 3653 1598 3684 ι
1654 3633 1716 3687 El
1748 3633 1809 3687 τὸ

234 3713 460 3784 Πνεῦμα
502 3713 741 3784 Χριστοῦ
782 3714 1082 3786 δεχόμενοι,
1133 3719 1259 3783 ναὸς
1305 3719 1439 3774 Θεοῦ
1481 3723 1809 3793 χρηματίζο-

239 3819 357 3870 μεν,
389 3801 505 3866 πῶς
535 3803 596 3857 οὐ
628 3801 761 3867 Θεὸς
792 3804 1029 3877 ἀληθῶς,
1060 3809 1088 3860 6
1110 3805 1178 3861 διὙ
1206 3806 1265 3860 ὃν
1308 3810 1467 3880 ἡμεῖς
1496 3810 1663 3880 ἐσμεν
1688 3812 1808 3865 ναοὶ

232 3893 367 3947 Θεοῦ
389 3911 403 3960 ;

307 4004 325 4037 ι
372 3986 535 4038 Ὥστε
565 3985 641 4059 μὴ
674 3985 778 4057 πρὸ
810 3987 1002 4058 καιροῦ
1027 4006 1080 4043 τι
1114 3989 1353 4062 κρίνετε,
1388 3990 1492 4053 ἕως
1525 3990 1592 4045 ἂν
1623 3990 1752 4064 ἔλθῃ
1777 3990 1806 4046 6

231 4075 455 4148 Κύριος,
485 4077 543 4141 ὃς
578 4077 675 4132 καί¹
702 4078 927 4149 φωτίσει
971 4080 1039 4134 τὰ
1065 4083 1284 4154 κρυπτά
1312 4082 1405 4136 τοῦ
1438 4083 1681 4147 σκότους,
1709 4084 1806 4138 καὶ

231 4168 534 4241 φανερώσει
581 4173 681 4235 τὰς
726 4171 922 4242 βουλὰς
968 4172 1078 4227 τῶν
1132 4175 1388 4246 καρδιῶν.
1439 4176 1547 4230 Καὶ
1610 4176 1732 4229 τότε
1775 4178 1805 4230 ό

229 4260 448 4325 ἔπαινος
499 4265 790 4334 γενήσεται
840 4264 1053 4336 ἑκάστῳ
1101 4268 1250 4337 παρά
1294 4266 1388 4321 τοῦ
1436 4266 1592 4321 Θεοῦ.
1638 4286 1657 4320 ι
1694 4267 1800 4322 Τὸν

1917 3085 2135 3150 homine
2188 3087 2423 3155 quodam
2460 3085 2630 3141 nostri
2665 3083 2858 3149 simili,
2887 3083 3154 3153 siquidem
3190 3092 3495 3137 creaturam

1916 3191 2021 3231 non
2072 3175 2385 3244 adoramus,
2447 3177 2543 3233 sed
2600 3191 2724 3232 eum
2772 3176 2865 3247 qui
2914 3174 3145 3230 veritate
3199 3182 3256 3228 et
3303 3182 3497 3228 natura

1915 3265 2056 3320 Deus
2077 3275 2158 3320 est
2183 3266 2207 3320 2

1990 3374 2010 3407 ι
2038 3343 2274 3414 Nescitis
2293 3358 2422 3428 quia
2451 3357 2712 3428 templum
2736 3357 2835 3413 Dei
2861 3358 2999 3413 estis
3025 3371 3146 3425 vos,
3176 3364 3232 3412 et
3262 3355 3497 3426 Spiritus

1916 3448 2007 3503 Dei
2043 3449 2255 3504 habitat
2287 3451 2359 3505 in
2391 3450 2586 3507 vobis?
2617 3451 2676 3506 Si
2706 3451 2830 3521 quis
2872 3459 3053 3505 autem
3090 3448 3348 3519 templum
3393 3447 3491 3503 Dei

1914 3539 2213 3605 violaverit,
2270 3540 2571 3611 disperdet'
2605 3542 2755 3596 illum
2791 3542 2952 3598 Deus.
3018 3540 3298 3609 Tennplum
3345 3541 3492 3594 enim

1913 3629 2009 3684 Dei
2053 3638 2305 3684 sanctum
2344 3639 2451 3695 est,
2505 3631 2651 3700 quod
2705 3631 2837 3685 estis
2887 3645 2984 3685 vos
3009 3628 3074 3683 ⁸⁸.
3103 3646 3124 3680 ι
3179 3628 3235 3682 Si
3286 3626 3492 3684 Christi

1913 3719 2172 3789 Spiritum
2212 3718 2590 3789 suscipientes,
2633 3718 2892 3802 templum
2946 3718 3040 3773 Dei
3080 3734 3268 3773 sumus
3303 3734 3318 3771 :
3356 3735 3495 3789 quo-

1910 3811 2071 3866 modo
2119 3826 2282 3868 verus
2328 3809 2474 3866 Deus
2520 3812 2828 3867 censendus
2882 3826 2990 3867 non
3036 3818 3141 3877 est,
3188 3822 3285 3878 per
3329 3824 3489 3879 quem

1912 3902 2106 3973 templa
2136 3904 2230 3960 Dei
2270 3903 2688 3960 constituimur?

1984 4015 2004 4048 ‹
2036 3998 2221 4067 Itaque
2261 3997 2431 4053 nolite
2467 4006 2597 4052 ante
2637 4007 2849 4067 tempus
2902 3997 3172 4069 judicare,
3206 4002 3486 4070 quoadus-

1907 4101 2012 4156 que
2039 4086 2220 4141 veniat
2252 4088 2532 4155 Dominus,
2564 4088 2653 4157 qui
2697 4097 2753 4143 et
2783 4089 3116 4146 illuminabit
3158 4092 3480 4147 abscondita

1910 4178 2272 4242 tenebrarum,
2312 4185 2368 4232 et
2415 4178 2790 4234 inanifestabit
2837 4178 3064 4234 consilia
3111 4181 3356 4237 cordiqu
3388 4198 3402 4235 :
3433 4192 3490 4235 et

1908 4275 2035 4323 tunc
2066 4267 2184 4322 laus
2226 4267 2333 4321 erit
2374 4267 2670 4338 unicuique
2703 4283 2734 4323 a
2766 4268 2878 4324 Deo
2901 4269 2968 4324 ³ο.
3004 4288 3022 4321 ι
3060 4270 3349 4326 Dominum
3386 4289 3485 4326 uu-

227 4353 432 4426 Κύριον
459 4355 616 4426 ἡμῶν
666 4356 872 4427 Ἰησοῦν
916 4358 1007 4412 τὸν
1052 4359 1287 4429 Χριστὸν
1326 4358 1384 4426 ἐξ
1431 4358 1661 4430 οὐρανοῦ
1695 4375 1798 4413 και

1926 4366 2077 4413 ιιι-ιιω
2110 4356 2294 4413 Jesum
2324 4357 2599 4413 Christum
2652 4359 2803 4415 olim-
2828 4374 2860 4413 e
2903 4361 3059 4441 caelis
3089 4363 3483 4418 descensurum

226 4446 455 4518 ταῦἦναι
504 4449 891 4521 προσδοκῶμεν
925 4451 1068 4505 κατά
1099 4452 1345 4523 καιροὺς,
1377 4443 1422 4520 ᾧ
1457 4450 1554 4505 καὶ
1598 4450 1802 4515 πάντες

1926 4458 2304 4517 exspectamus,
2355 4449 2442 4504 cui
2494 4450 2705 4505 occulta
2751 4450 3082 4520 iudicaturo,
3127 4453 3484 4522 cordiumque

228 4540 692 4610 παραστησόμεθα
721 4542 955 4613 κρίνοντι
987 4542 1058 4598 τά
1088 4542 1329 4616 κρυπτὰ,
1347 4542 1451 4597 ’καὶ
1478 4540 1801 4614 φανεροῦντι

226 4629 323 4692 τὰς
356 4630 551 4699 βουλὰς
583 4632 690 4686 τῶν
723 4633 979 4704 καρδιῶν.
1011 4634 1133 4688 ’Ότι
1159 4635 1217 4689 δὲ
1246 4636 1340 4689 καὶ
1368 4636 1643 4689 ἐπαινέσει
1672 4633 1801 4698 τοὺς

1927 4636 2075 4684 ustos
2096 4628 2170 4682 sit
2192 4632 2698 4696 commendaturus,
2729 4631 3042 4695 edocemur,
3070 4633 3211 4701 quod
3236 4635 3305 4687 ad
3338 4633 3482 4698 illos,
3573 4636 3581 4644 ”

224 4717 486 4786 δικαίους,
523 4723 1078 4795 πεπληροφορήμεθα.
1119 4725 1243 4788 Τοῖς
1267 4725 1375 4796 γὰρ
1416 4723 1702 4795 ἐστηκόσιν
1735 4725 1800 4775 ἐκ

152 4804 157 4808 ’
225 4811 413 4876 δεξιῶν
463 4815 611 4885 ὲρεῖο
664 4834 681 4867 ι
717 4816 912 4882 Δεῦτε,
952 4819 999 4871 oi
1038 4817 1389 4888 εὐλογημένοι
1439 4815 1533 4868 τοῦ
1583 4816 1796 4886 Πατρός

118 4942 128 4949 .
229 4919 353 4971 μου,
399 4902 846 4976 κληρονομήσατε
876 4906 976 4978 τὴν
1022 4908 1432 4979 ἡτοιμασμένην
1478 4907 1607 4977 ὑμῖν
1641 4907 1796 4978 βασι-

223 4993 376 5046 λείαν
416 4995 527 5048 ἀπὸ
570 4996 876 5066 καταϐολῆς
920 4997 1145 5069 κόσμου.
1185 5018 1205 5050 ι
1241 5000 1371 5052 Ὅτε
1403 4996 1582 5050 τοίνυν
1626 4998 1799 5050 ἐπαιξ-

224 5083 444 5149 νοῦντος
487 5087 765 5159 Χριστοῦ,
799 5089 892 5142 τὸν
938 5089 1155 5146 ἔπαινον
1207 5091 1424 5161 ἑκάστῳ
1472 5088 1800 5160 γενήσεσθαί

224 5191 359 5246 φησι
396 5178 548 5248 παρά
578 5179 670 5232 τοῦ
721 5179 878 5243 Θεοῦ,
911 5179 1028 5244 πῶς
1072 5181 1132 5233 οὐ
1177 5181 1307 5246 Θεός
1339 5183 1487 5235 ἐστιν
1516 5180 1800 5251 ὲναργῶς;

1904 4537 2129 4594 consilia
2153 4536 2489 4608 patefactum
2521 4543 2779 4596 sistemur
2804 4556 3016 4600 omnes.
3050 4542 3201 4609 Quod
3227 4543 3272 4598 is
3300 4553 3483 4598 autem

1903 4720 1997 4790 qui
2038 4734 2066 4772 a
2094 4722 2316 4775 dextera
2352 4722 2425 4776 illi
2459 4723 2742 4789 assistunt,
2778 4723 2855 4778 ita
2885 4724 3133 4780 dicturus
3165 4726 3239 4781 sit
3270 4744 3283 4780 :
3321 4746 3339 4778 ι
3380 4728 3483 4782 Ve-

1904 4813 2044 4881 nite,
2069 4812 2338 4868 benedicti
2372 4813 2551 4869 Patris
2575 4815 2702 4879 mei,
2734 4816 3008 4886 possidete
3048 4829 3296 4888 paratum
3328 4819 3482 4874 vobis

1903 4920 2128 4976 regnum
2182 4921 2212 4959 a
2279 4906 2669 4962 constitutione
2733 4910 2916 4964 mundi
2949 4910 3017 4964 ²¹.
3052 4929 3072 4962 ι
3130 4911 3262 4966 Cum
3317 4911 3482 4982 igitur

1902 4996 2120 5052 Christo
2173 4997 2452 5061 laudante,
2487 5015 2639 5053 suam
2688 5001 2980 5071 unicuique
3028 5018 3057 5055 a
3109 5002 3217 5058 Deo
3268 5002 3479 5056 laudem

1905 5091 2164 5145 tributum
2205 5091 2267 5144 iri
2321 5092 2524 5146 diserte
2564 5094 2840 5160 prardicet,
2883 5096 3155 5164 quomodo
3197 5093 3476 5149 Christum

1907 5177 2073 5233 Deum
2102 5193 2222 5234 esse
2255 5198 2357 5234 non
2389 5182 2673 5238 manifeste
2697 5184 2961 5253 apparet?

301 5289 342 5321 "’
380 5291 395 5345 Ι
427 5290 554 5345 Cor.
587 5307 627 5359 ι,
665 5291 793 5346 6-8.
866 5291 1236 5359 “100nm,
1282 5292 1374 5357 10,
1409 5291 1495 5347 ll.
1573 5293 1618 5324 ¹⁹
1664 5290 1796 5347 ibid.

1926 5314 1933 5352 ι
1974 5289 2062 5343 Π.
2139 5288 2230 5342 “l
2265 5289 2392 5344 Cor.
2423 5305 2496 5356 ιν,
2525 5292 2579 5361 5,
2609 5292 2662 5348 6.
2739 5295 2782 5325 ²¹
2814 5293 3003 5349 Matth.
3040 5309 3164 5357 xxv,
3198 5291 3288 5347 54.

297 5487 344 5539 i'
368 5490 519 5561 παρὰ
539 5487 719 5543 αὐτῶν
744 5488 946 5551 πίστις.

1303 5417 1480 5475 Variae
1504 5420 1761 5478 lectiones
1791 5420 1992 5479 codicis
2018 5422 2376 5494 Seguieriani.

297 5581 372 5650 (ι)
399 5582 624 5663 [‘Iu'asis
657 5582 995 5663 perturbata,
1026 5594 1187 5647 quant
1220 5580 1448 5641 fortasse
1485 5583 1785 5650 sanaveris,

1926 5600 1976 5642 )a
2008 5584 2099 5641 καὶ
2134 5587 2213 5649 είς
2240 5585 2398 5641 αὐτὸν
2436 5587 2613 5653 πίστις
2644 5598 2765 5660 post
2795 5590 2870 5661 τῷ
2901 5590 3089 5662 κόσμῳ
3121 5588 3465 5663 κηρύττεται.

222 5654 639 5723 transponendo.
662 5650 839 5707 Enn.
876 5650 1117 5707 l’nnos.

3645 272 3675 297 Ι
