3970 6136
496 233 522 285 1
534 233 638 288 255

1517 228 1576 284 S.
1616 222 1889 282 CYRILLI
1927 217 2395 276 ALEXANDRINI
2434 215 2756 272 ARCHIEP.

3620 209 3767 264 i236

570 374 592 407 ι
626 356 709 407 An
743 352 965 409 nescitis
1001 352 1257 424 quoniam
1292 348 1531 405 membra
1564 358 1746 404 vestra
1802 344 2057 416 templum

2239 360 2257 392 ι
2310 342 2380 394 Ἦ
2412 341 2513 393 οὐκ
2544 337 2744 402 οίδατε,
2788 336 2871 389 ὅτι
2904 332 2974 389 τὰ
3015 332 3244 424 σώματα
3293 329 3457 403 ὑμῶν
3505 328 3636 424 ναὸς
3666 331 3757 383 τοῦ

503 454 632 500 sunt
660 444 895 514 Spiritus
924 446 1120 512 sancti,
1151 443 1241 512 qui
1271 445 1326 498 lu
1356 441 1509 496 vobis
1531 450 1634 506 est,
1664 453 1821 508 quem
1854 435 2066 492 habetis

374 559 386 575 ο
499 553 528 591 a
562 537 695 602 Deo,
742 545 796 591 et
821 524 929 607 63
960 550 1063 589 non
1099 534 1232 589 estis
1276 531 1488 587 vestri?
1524 531 1699 601 Empti
1736 530 1880 585 enim
1934 528 2067 583 estis

499 628 676 695 pretio
706 641 925 695 magno.
964 624 1285 679 Gloritieate
1329 633 1382 677 et
1409 633 1621 691 portate
1656 622 1821 675 Deum
1854 619 1904 673 in
1946 634 2070 673 cor-

500 733 632 786 pore
683 728 861 771 vestro
883 719 947 770 “.
983 735 1005 768 ι
1058 715 1115 771 Si
1170 716 1376 786 Spiritu
1426 713 1628 769 Christi
1676 722 1907 782 accepto.
1942 710 2068 766 facti

501 824 689 863 sumus
720 808 919 877 templa
955 808 1070 872 Dei,
1117 808 1380 876 redempti
1415 806 1678 877 sanguine
1714 805 1884 869 illius,
1911 806 1984 858 ita
2016 813 2074 858 ut

497 901 611 969 jam
641 915 748 954 non
786 898 924 953 ultra
969 900 1023 954 in
1070 910 1255 954 nostra
1298 900 1538 968 ipsorum
1574 906 1843 967 potestate
1878 897 2071 960 simus,

505 1006 678 1061 neque
724 991 882 1047 nobis
931 991 1062 1062 ipsis
1105 992 1217 1061 jam
1269 991 1503 1061 amplius
1543 992 1806 1058 vivamus,
1856 990 1950 1045 sed
1998 990 2073 1044 illi

501 1082 594 1151 qui
649 1097 749 1137 nos
787 1093 1059 1139 mercatus
1099 1092 1180 1139 est
1215 1102 1229 1137 :
1264 1082 1530 1152 quomodo
1576 1082 1921 1152 perspicuum
1967 1096 2073 1136 non

504 1183 590 1229 est
628 1173 924 1239 Christum,
964 1190 1059 1242 per
1086 1190 1245 1244 quem
1290 1173 1487 1242 templa
1521 1172 1611 1227 Dei
1642 1171 1925 1240 ellicimur,
1957 1173 2075 1227 cui-

508 1276 611 1333 que
636 1265 860 1333 periude
892 1281 956 1321 ac
981 1266 1090 1321 Deo
1121 1267 1411 1331 servimus,
1439 1280 1623 1319 verum
1653 1279 1774 1320 esse
1803 1264 2008 1320 Deum?

586 1375 606 1407 ι
635 1356 710 1411 De
747 1358 885 1412 escis
927 1367 1132 1422 autem,
1177 1373 1296 1428 quae
1341 1358 1499 1413 idolis
1545 1344 1919 1423 immolantur,
1965 1358 2069 1412 sci-

512 1461 631 1502 mus
667 1448 789 1517 quia
825 1449 957 1502 nihil
989 1457 1072 1502 est
1107 1448 1306 1503 idolum
1350 1442 1656 1513 inmundo,
1692 1458 1747 1504 et
1775 1448 1926 1519 quod,
1958 1450 2083 1503 nul-.

514 1538 598 1592 ius
621 1548 703 1593 est
733 1536 895 1604 Deus,
928 1539 1031 1594 nisi
1063 1554 1221 1594 unus.
1249 1538 1381 1592 Nam
1405 1539 1504 1593 etsi
1535 1548 1680 1603 sunt,
1717 1538 1808 1608 qui
1831 1540 2081 1595 dicantur

514 1630 611 1696 dii,
643 1631 756 1686 sive
790 1631 842 1685 in
875 1632 1031 1696 ccelo,
1070 1631 1184 1685 sive
1224 1632 1278 1684 in
1307 1641 1451 1685 terra
1506 1630 1793 1701 (siquidem
1842 1641 1970 1686 suut
2007 1631 2078 1685 dii

2167 432 2228 484 ἐν
2258 432 2386 503 ὑμῖν
2424 429 2579 499 ἁγίου
2610 427 2926 498 Πνεύματός
2963 427 3130 488 ἐστιν,
3167 416 3228 477 οὗ
3264 423 3421 493 ἔχετε
3455 420 3568 473 ἀπὸ
3598 418 3760 485 Θεοῦ,

2144 523 2265 576 καὶ
2301 525 2401 577 οὐκ
2433 523 2555 576 ἐστὲ
2594 519 2843 586 ἐαυ’τῶν;
2881 517 3253 590 Ἦγοράσθητε
3286 516 3398 585 γὰρ
3430 511 3625 584 τιμῆς.
3661 516 3756 564 Δο-

2171 614 2368 679 ξάσατε
2404 613 2471 685 δὴ
2500 613 2589 666 τὸν
2633 612 2767 665 Θεὸν
2815 612 2872 664 ὲν
2921 610 2997 681 τῷ
3046 608 3257 679 σώματι
3306 606 3485 676 ὑμῶν.
3528 623 3549 656 ι
3604 603 3671 655 Εἰ
3698 603 3757 656 τὸ

2173 705 2397 776 Πνεῦμα
2421 702 2660 776 Χριστοῦ
2691 701 2967 769 λαϐόντες,
2993 702 3299 770 γεγόναμεν
3326 698 3449 751 ναοὶ
3479 695 3644 758 Θεοῦ,
3667 695 3756 747 καὶ

2171 796 2270 849 οὐκ
2288 796 2470 867 Ἔσμεν
2499 794 2729 862 ἑαυτῶν,
2765 791 3161 864 ἁγορασθέντες
3207 789 3287 860 τῷ
3318 789 3520 859 αἵματι
3571 784 3752 843 αὑτοῦ.

2172 888 2244 952 ὡς
2295 889 2493 959 μηκέτι
2538 888 2637 958 ζῇν
2670 888 2817 958 ἡμᾶς
2850 886 3084 948 ἑαυτοῖς,
3121 880 3256 936 ἀλλὰ
3304 881 3383 952 τῷ
3435 878 3753 951 πριαμένῳ

2177 980 2294 1043 πῶς
2318 981 2378 1033 οὐ
2409 979 2539 1044 Θεὸς
2570 980 2598 1032 6
2630 977 2864 1051 Χριστὸς
2907 978 3166 1047 ἐναργῶς,
3208 977 3236 1028 6
3282 974 3350 1026 δι’
3396 973 3457 1025 ὃν
3506 975 3605 1025 καὶ
3644 970 3755 1023 ναοὶ

2175 1067 2310 1120 Θεοῦ
2348 1069 2512 1146 ἐσμεν
2543 1071 2725 1144 ἡμεῖς,
2754 1060 2798 1136 ᾧ
2826 1067 2922 1120 καὶ
2954 1064 3028 1128 ὡς
3056 1065 3176 1139 Θεῷ
3214 1063 3584 1135 δουλεύομεν;

2257 1399 2277 1432 ι
2298 1380 2435 1451 Περὶ
2448 1379 2550 1448 τῆς
2580 1378 2834 1449 βρώσεως
2862 1373 2957 1431 οὖν
2976 1376 3082 1431 τῶν
3116 1373 3511 1435 εἰδωλοθύτων,
3541 1371 3763 1440 οἴδαμεν

2179 1473 2258 1526 ὅτι
2296 1472 2449 1525 οὐδὲν
2483 1469 2700 1524 εἴδωλον
2739 1471 2797 1522 ὲν
2826 1469 3036 1537 κόσμῳ,
3071 1467 3163 1521 καὶ
3190 1467 3274 1519 ὅτι
3303 1463 3485 1527 οὐδεὶς
3532 1462 3686 1525 Θεὸς,
3715 1465 3757 1514 εἰ

2184 1562 2259 1633 μὴ
2290 1555 2391 1624 εἷς.
2418 1560 2527 1614 Καὶ
2553 1559 2662 1630 γὰρ
2694 1560 2852 1630 εἰπερ
2885 1559 2992 1611 εἰσὶ
3006 1557 3287 1627 λεγόμενοι
3322 1554 3458 1617 θεοὶ,
3472 1554 3591 1606 εἴτε
3606 1553 3756 1604 sua-

2186 1651 2352 1723 ρανῷ,
2399 1652 2509 1706 εἴτε
2560 1653 2654 1705 ἐπὶ
2696 1651 2797 1722 τῆς
2841 1651 2944 1721 γῆς
2988 1649 3199 1719 (ὥσπερ
3256 1647 3366 1701 εἰσὶ
3398 1646 3518 1723 θεῶν⁵
3562 1645 3756 1703 πολλοὶ,

518 1722 691 1787 multi,
715 1730 770 1776 et
800 1720 1003 1776 domini
1035 1702 1233 1789 multi),
1275 1722 1431 1776 nobis
1466 1698 1644 1775 tamen
1674 1736 1810 1775 unus
1832 1731 1913 1776 est
1942 1716 2082 1776 Deus

2197 1698 2509 1815 mea;
2552 1698 2794 1813 me)“:
2832 1698 2963 1812 iga.
2990 1698 3362 1802 teges;
3380 1698 3435 1789 ἀλ
3456 1735 3674 1805 Πατὴρ,
3709 1698 3759 1797 té

515 1812 697 1874 Pater,
727 1826 793 1865 ex
823 1826 930 1880 quo
959 1813 1165 1878 omnia,
1216 1821 1271 1866 et
1304 1826 1401 1866 nos
1439 1811 1493 1865 in
1520 1812 1699 1875 illum;
1727 1821 1781 1865 et
1811 1808 1946 1863 unus
1975 1810 2079 1866 Do-

516 1903 699 1956 minus
724 1900 883 1955 Iesus
918 1902 1192 1965 Christus,
1229 1916 1323 1970 per
1352 1917 1510 1972 quem
1543 1902 1743 1966 omnia,
1778 1906 1835 1955 'et
1866 1917 1963 1956 nos
1990 1917 2085 1972 per

518 1991 694 2056 ipsum
718 1990 785 2043 ³³.
820 2009 838 2041 ›
874 1990 930 2045 Si
972 2006 1113 2045 unus
1156 1990 1304 2046 solus
1335 2002 1417 2046 est
1448 1993 1608 2056 Deus,
1642 2002 1697 2047 et
1726 1991 1861 2045 aiius
1893 2002 2086 2062 praeter

519 2078 667 2131 illum
714 2078 922 2146 nullus;
973 2082 1266 2137 assumitur
1329 2091 1506 2137 autem
1561 2083 1613 2136 in
1689 2096 1848 2138 unam
1915 2083 2086 2139 deita-

522 2170 590 2222 tis
652 2177 901 2223 naturam
978 2187 1115 2225 unus
1152 2172 1242 2227 ille
1285 2170 1441 2227 Iesus
1470 2171 1740 2238 Christus,
1782 2187 1879 2240 per
1926 2188 2083 2243 quem

516 2260 786 2314 exsistunt
818 2260 1051 2315 omnia:
1101 2260 1243 2319 Detrs
1305 2263 1489 2332 utique
1548 2263 1652 2319 erit
1698 2262 1972 2329 Christus,
2030 2275 2087 2319 ut

517 2350 610 2418 qui
655 2350 815 2404 etiam
864 2359 1004 2417 tum,
1040 2366 1160 2407 cum
1213 2367 1276 2408 ex
1345 2353 1566 2409 muliere
1636 2363 1817 2420 natus,
1857 2355 2089 2424 appella-

519 2451 607 2493 tus
646 2450 726 2495 est
756 2438 915 2497 Jesus
953 2442 1237 2509 Christus,
1264 2442 1494 2499 immote
1537 2445 1590 2498 in
1634 2444 1809 2499 Patris
1860 2446 2089 2499 ροηειιὺ-

521 2530 880 2586 stautialitate
934 2535 1278 2588 subsisteret.
1329 2534 1383 2587 Id
1441 2534 1602 2589 etiam
1656 2534 2091 2593 animadvertere

521 2619 609 2674 hic
642 2620 786 2687 licet,
823 2637 1016 2693 nempe
1044 2618 1392 2692 'quod'omnia
1418 2638 1513 2694 per
1544 2635 1708 2679 unum
1736 2623 1905 2689 illum,
1933 2630 2087 2692 quem

522 2710 703 2764 Iesum
754 2711 1023 2767 Christum
1080 2713 1192 2783 ipse
1233 2723 1427 2781 vocat,
1470 2723 1725 2784 tanquam
1777 2730 1875 2785 per
1926 2728 2090 2767 uumu

524 2798 718 2853 Filium
753 2801 1049 2856 secundum
1074 2802 1531 2873 ‘dispensatoriant
1577 2804 1833 2858 unionem
1875 2803 2091 2859 condita

524 2905 646 2945 esse
678 2889 923 2947 aliirmet.

2182 1829 2244 1889 οῦ
2290 1834 2359 1887 τὰ
2402 1833 2600 1898 πάντα,
2633 1834 2728 1888 καὶ
2775 1834 2934 1903 ἡμεῖς
2979 1833 3059 1896 είς
3081 1830 3276 1884 αὐτόν*
3307 1828 3403 1883 καὶ
3438 1822 3526 1890 εἷς
3570 1827 3761 1896 Κύριος

2199 1923 2403 1995 Ἰησοῦς
2438 1922 2691 1996 Χριστὸς,
2712 1925 2779 1977 δι’
2812 1918 2875 1978 οῦ
2899 1924 2965 1977 τὰ
2991 1923 3188 1986 πάντα,
3213 1922 3308 1976 καὶ
3336 1922 3503 1991 ἡμεῖς
3565 1918 3637 1972 δι’
3671 1919 3760 1971 alio

2184 2015 2300 2070 τοῦ.
2334 2033 2355 2066 ι
2388 2016 2454 2071 Ei
2480 2017 2642 2085 μόνος
2667 2010 2750 2080 εἷς
2775 2018 2895 2069 ὲστι
2913 2014 3068 2079 Θεὸς,
3103 2014 3198 2067 καὶ
3230 2013 3421 2082 ἕτερος
3448 2009 3586 2076 παρ’
3608 2008 3764 2063 αὐτὸν

2186 2107 2378 2173 οὐδεὶς,
2420 2106 3020 2178 συμπαραλαμϐάνεται
3040 2104 3097 2161 δὲ
3125 2105 3205 2166 είς
3234 2103 3336 2169 τὴν
3364 2102 3495 2175 μίαν
3525 2101 3627 2169 τῆς
3658 2099 3761 2152 6εᾲ

2186 2214 2346 2267 τητος
2368 2197 2529 2266 φύσιν
2556 2199 2586 2251 6
2606 2191 2686 2261 εἷς
2713 2196 2946 2269 Χριστὸς
2981 2194 3210 2268 Ἰησοῦς,
3259 2193 3329 2247 δι’
3356 2185 3427 2246 οὗ
3454 2192 3530 2245 τὰ
3555 2192 3729 2245 πάντα
3746 2205 3762 2221 ·

2187 2288 2319 2354 Θεὸς
2342 2283 2435 2341 οῦν
2457 2286 2567 2360 ἄρα
2593 2288 2744 2341 ἐστὶν
2774 2288 2832 2340 ἐν
2860 2285 3238 2356 ὁμοουσιότητι
3261 2282 3358 2336 τοῦ
3393 2281 3619 2352 Πατρδς
3638 2279 3771 2332 voci»,

2191 2396 2351 2451 μενος
2375 2378 2590 2443 θεϊκῶς,
2610 2379 2705 2434 καὶ
2729 2379 2816 2432 ὅτε
2839 2377 3247 2449 κεχρημάτικεν
3274 2373 3491 2444 Ἰησοῦς
3513 2361 3763 2443 Xpu'ku.

2189 2470 2476 2544 γενόμενος
2522 2472 2587 2524 ὲκ
2638 2470 2917 2537 γυναικός.
2983 2467 3349 2539 Ἐπιτηρῆσαι
3407 2466 3469 2521 δὲ
3514 2465 3650 2535 χρὴ,
3692 2463 3761 2516 ὅτι

2189 2545 2422 2632 Χριστδν
2460 2559 2666 2632 Ἰησοῦν
2703 2560 2997 2631 ὀνομάσας,
3035 2557 3102 2612 δι’
3138 2555 3305 2612 αὐτοῦ
3355 2555 3429 2609 τὰ
3473 2556 3659 2608 πάντα
3686 2569 3763 2620 γε-

2193 2651 2377 2705 νέσθαι
2411 2654 2596 2723 φησιν,
2628 2651 2707 2725 ὡς
2736 2652 2853 2714 ἑνὸς
2886 2648 3035 2713 ὄντος
3065 2647 3197 2703 Υίοῦ
3231 2646 3354 2702 καθ’
3388 2647 3597 2701 ἕνωσιν
3634 2647 3758 2705 οἰκος

2192 2744 2442 2820 νομικὴν.

601 3000 619 3032 ι
655 2981 878 3051 Factus,
920 2984 1115 3053 inquit,
1161 3000 1280 3041 sum
1324 2985 1392 3040 iis
1431 2985 1522 3055 qui
1573 2985 1694 3041 sine
1737 2986 1861 3056 iege
1911 2998 2089 3050 erant,

2271 3019 2291 3051 ι
2348 3001 2663 3071 Ἐγενόμην,
2706 3003 2859 3072 φησὶ,
2905 3003 3017 3065 τοῖς
3067 3000 3287 3069 ἀνόμοις
3322 2999 3400 3061 ὡς
3441 2999 3669 3085 ἄνομος,
3702 2997 3766 3067 μὴ

531 3086 788 3147 tanquam
820 3075 938 3130 sine
988 3075 1104 3146 lege
1140 3090 1315 3132 essem
1342 3118 1357 3143 ,
1403 3090 1526 3132 cum
1560 3077 1678 3132 sine
1712 3078 1826 3148 lege
1855 3078 1946 3134 Dei
1991 3094 2090 3133 nun

2199 3088 2276 3143 ὢν
2320 3089 2519 3161 ἄνομος
2548 3090 2687 3161 Θεῷ,
2734 3090 2851 3144 ἀλλ’
2893 3089 3114 3160 ἔννομος
3150 3087 3390 3160 Χριστῷ.
3447 3107 3466 3140 ι
3501 3088 3569 3140 Et
3593 3089 3622 3140 6
3652 3084 3765 3156 Χρι-

528 3180 729 3230 νεεειη,
780 3165 874 3220 sed
925 3167 977 3219 in
1019 3165 1139 3232 lege
1173 3179 1348 3221 essem
1394 3165 1598 3222 Christi
1624 3168 1685 3219 “.
1722 3187 1741 3221 ι
1797 3166 1855 3223 Si
1900 3168 2097 3224 Christi

532 3256 703 3323 legem
739 3257 969 3319 habens,
1002 3256 1092 3310 Dei
1136 3257 1303 3326 legem
1339 3256 1522 3323 habet,
1551 3259 1828 3327 Quomodo
1857 3258 2102 3316 Christus

535 3360 640 3400 non
670 3353 756 3399 est
783 3345 963 3399 Deus?

608 3452 628 3486 ι
655 3432 784 3490 Siue
826 3434 1124 3490 oﬁensione
1171 3436 1343 3491 estote
1370 3432 1573 3492 Iudaeis
1614 3446 1672 3493 τοι
1728 3440 2005 3510 gentibus,
2049 3454 2103 3496 et

534 3525 790 3583 Ecclesiae
829 3525 922 3582 Dei
948 3512 1011 3579 "5.
1045 3547 1064 3580 ι
1110 3529 1344 3583 Atlvet‘t'e
1384 3529 1478 3584 'Itic
1513 3542 1725 3585 rursttm
1746 3573 1760 3597 ,
1790 3533 2101 3601 'quod‘oam

539 3617 859 3683 Ecclesiam,
917 3619 1077 3688 quam
1128 3619 1221 3675 Dei
1271 3621 1377 3675 hoe
1427 3620 1546 3676 loco
1604 3623 1855 3692 appellat,
1903 3623 2103 3681 Christi

538 3724 659 3766 esse
686 3709 974 3780 intelligat.

613 3821 633 3855 ι
659 3802 797 3859 Volo
833 3808 1015 3859 autem
1042 3816 1141 3859 vos
1176 3804 1356 3868 scire,
1408 3804 1551 3874 quod
1589 3805 1768 3861 omnis
1802 3807 1904 3860 Viri
1948 3816 2109 3876 caput

536 3892 784 3948 Christus
811 3904 917 3960 est,
949 3904 1112 3965 caput
1158 3905 1339 3950 autem
1374 3896 1616 3952 mulieris
1648 3897 1759 3965 vir;
1794 3904 1955 3968 caput
1980 3913 2109 3954 vero

528 3981 737 4037 Christi
770 3982 913 4038 Deus
933 3983 1000 4037 “.
1037 4002 1056 4035 ι
1084 3971 1293 4040 Beatus
1328 3983 1504 4041 Lucas
1534 3986 1659 4039 dum
1674 3985 1885 4041 ‘Chr‘isti
1916 4001 2110 4058 genea-

537 4072 736 4143 logiam
765 4074 923 4141 texit,
952 4089 982 4129 a
1012 4074 1213 4145 Ioseph
1249 4078 1510 4138 exorsus,
1544 4075 1807 4146 paulatim
1835 4077 1901 4131 ad
1938 4076 2108 4131 Adam

538 4178 711 4233 usque
761 4166 1028 4231 ascendit,
1084 4180 1148 4222 ac
1193 4166 1409 4221 tandem
1449 4167 1656 4222 infert:
1685 4166 1788 4232 Qui
1834 4166 1934 4236 fuit
1974 4166 2113 4232 Dei,

538 4256 715 4323 ipsum
758 4257 1017 4311 nimirum
1040 4258 1346 4312 creatorem
1374 4256 1550 4313 ’Deum
1583 4258 1837 4329 principii
1870 4258 1986 4315 leco
2016 4260 2112 4314 ho-

2203 3181 2328 3235 στοῦ
2366 3182 2529 3252 νόμον
2574 3181 2731 3253 ἔχων,
2766 3182 2927 3252 νόμον
2962 3181 3076 3252 ἔχει
3114 3179 3271 3246 Θεοῦ,
3314 3178 3437 3242 πῶς
3482 3179 3548 3232 οὗ
3594 3179 3719 3240 826.;
3743 3179 3769 3228 ι

2200 3273 2429 3344 Χριστός
2452 3291 2476 3339 ;,

2279 3469 2303 3502 ι
2354 3448 2719 3520 Ἀπρόσκοποι
2766 3447 2860 3500 καὶ
2910 3440 3182 3508 Ἰουδαίοις
3220 3441 3463 3513 γίνεσθε,
3512 3443 3614 3496 καὶ
3661 3440 3768 3493 Ἐἱ-

2202 3538 2348 3610 λησι,
2379 3540 2472 3592 καὶ
2492 3540 2558 3609 τῇ
2609 3536 2904 3609 Ἐκκλησία
2932 3535 3026 3589 τοῦ
3058 3533 3214 3588 Θεοῦ.
3252 3551 3272 3584 ι
3311 3532 3683 3603 Σημειωτέον,
3703 3531 3770 3583 ὅτι

2194 3626 2339 3680 Θεοῦ
2368 3628 2542 3696 λέγων
2581 3627 2679 3698 τὴν
2737 3625 3087 3697 Ἐκκλησίαν,
3137 3620 3378 3695 Χριστοῦ
3427 3622 3600 3675 πάλιν
3652 3617 3773 3675 οἶδεν

2207 3719 2395 3789 αὑτήν.

2285 3831 2305 3863 ι
2348 3810 2498 3865 Θέλω
2534 3810 2591 3865 δὲ
2618 3810 2763 3882 ὑμᾶς
2792 3806 3014 3874 εἰδέναι,
3045 3808 3130 3862 ὅτι
3158 3809 3361 3873 παντὸς
3393 3807 3599 3879 ἀνδρὸς
3634 3809 3667 3875 ἡ
3694 3820 3769 3858 tt:-

2208 3900 2351 3971 φαλὴ
2379 3902 2407 3954 ὁ
2434 3900 2668 3970 Χριστός
2704 3901 2852 3953 ἐστι·
2884 3897 3098 3970 κεφαλὴ
3137 3897 3194 3950 δὲ
3225 3897 3514 3966 γυναικὸς,
3540 3898 3575 3950 δ
3621 3890 3768 3964 ἀνήρ·

2210 3991 2419 4063 κεφαλὴ
2443 3991 2499 4045 δὲ
2526 3989 2788 4063 Χριστοῦ,
2816 3991 2845 4044 6
2895 3990 3048 4054 Θεός.
3086 4008 3104 4042 ι
3155 3990 3213 4043 Ὁ
3251 3990 3531 4061 μακάριος
3579 3987 3773 4046 Aemi:

2209 4082 2308 4154 τὴν
2342 4083 2468 4152 περὶ
2492 4080 2730 4153 Χριστοῦ
2756 4079 3108 4150 γενεαλογίαν
3135 4081 3266 4151 ἡμῖν
3301 4079 3606 4143 συντιθεὶς,
3641 4081 3772 4150 ἆρχεν

2209 4187 2300 4223 ται
2331 4169 2430 4240 μὲν
2462 4169 2572 4223 ἀπὸ
2598 4168 2690 4222 τοῦ
2725 4168 2944 4240 Ἰωσὴφ,
2971 4167 3090 4222 εἶτα
3117 4168 3331 4239 φθάσας
3353 4169 3448 4221 ἐπὶ
3471 4167 3567 4221 τὸν
3603 4167 3775 4236 ’Δδὰμτ

2210 4262 2483 4334 ἐπιφέρει,
2517 4262 2717 4330 λέγων,
2770 4261 2882 4316 Τοῦ
2921 4259 3104 4316 Θεοῦ·
3160 4261 3335 4332 ἀρχὴν
3381 4259 3467 4331 τῷ
3520 4259 3777 4331 ἀνθρώπῳ

537 4346 675 4400 mini
719 4348 1002 4417 assignans
1027 4348 1093 4403 ³⁷.
1144 4346 1270 4403 Pari
1329 4348 1513 4419 itaque
1568 4349 1729 4405 modo
1772 4350 1951 4406 omnis
2006 4351 2089 4404 vir

2213 4354 2383 4418 τιθεὶς
2412 4356 2504 4407 τὸν
2533 4356 2836 4426 ποιήσαντα
2869 4352 3022 4407 Θεόν.
3064 4351 3250 4415 Οὕτως
3274 4346 3415 4406 εἷναί
3458 4368 3647 4422 φαμεν
3671 4367 3774 4402 παν

539 4447 706 4510 caput
740 4436 1013 4494 Christum
1044 4439 1368 4505 deﬁnimus;
1411 4456 1506 4509 per
1536 4441 1708 4510 ipsum
1744 4444 1885 4495 enim
1917 4428 2108 4495 condi-

541 4543 629 4586 tus
659 4540 713 4586 et
743 4532 811 4585 ad
864 4542 1045 4587 ortum
1076 4541 1296 4586 evectus
1324 4540 1404 4586 est
1433 4548 1448 4584 :
1474 4536 1591 4586 'non
1625 4534 1769 4601 quod
1811 4531 1905 4587 Dei
1937 4531 2111 4616 Filius

440 4610 444 4614 ’
542 4625 838 4681 ereationis
871 4625 1016 4681 illius
1044 4626 1464 4680 instrumentum
1495 4625 1578 4680 vel
1612 4626 1860 4681 minister
1885 4610 2111 4681 exs-tite-

541 4719 645 4784 rit;
687 4717 780 4771 sed
817 4717 961 4786 quod
992 4728 1244 4789 tanquam
1287 4718 1559 4774 naturalis'
1581 4722 1761 4773 rerum
1800 4715 1994 4788 Opifex
2029 4717 2109 4773 di-

544 4808 668 4861 vina
701 4808 899 4862 virtute
927 4809 1073 4863 illmn
1098 4811 1433 4880 produxerit.
1460 4811 1638 4881 Caput
1657 4819 1841 4866 autem
1870 4810 2111 4866 mulieris

530 4906 629 4957 ‘cst
662 4898 779 4963 vir,
810 4899 1250 4970 quandoquidem
1290 4919 1355 4959 ex
1393 4918 1557 4959 carne
1580 4903 1722 4957 illius
1750 4910 1961 4971 su‘inpta
2006 4909 2115 4967 est,

544 4992 833 5061 ipsumque
878 4991 1138 5061 tanquam
1169 4995 1436 5063 quoddam
1468 4994 1579 5075 64
1602 4995 1681 5049 sui
1732 4994 1945 5050 initium
1979 5004 2113 5047 ser—

544 5085 642 5138 tita
682 5092 787 5139 est.
833 5083 1011 5154 Caput
1044 5083 1230 5140 itidem
1269 5084 1466 5142 Christi
1504 5089 1646 5145 Deus
1678 5095 1762 5143 est
1791 5106 1804 5141 :
1839 5086 2103 5156 siquidem

2210 4445 2301 4510 τὸς
2330 4446 2520 4517 ἂνδρδς
2558 4445 2797 4516 κεφαλὴν
2827 4444 2919 4498 τὸν
2950 4444 3181 4514 Χριστόν
3205 4460 3218 4473 ·
3249 4442 3550 4512 πεποίηται
3586 4441 3695 4513 γὰρ
3723 4438 3773 4490 δι’

2208 4536 2398 4600 αὐτοῦ,
2428 4537 2524 4591 καὶ
2558 4537 2812 4608 παρήχθη
2860 4534 2997 4607 πρὸς
3026 4535 3275 4604 γένεσιν·
3314 4533 3417 4605 οὐχ
3442 4531 3773 4605 ὑπουργικᾶς

2213 4628 2489 4693 κτίζοντος
2520 4628 2682 4684 αὐτὸν
2710 4627 2801 4682 τοῦ
2850 4629 3007 4696 Υίοῦ,
3036 4625 3369 4699 θεουργικῶς
3401 4627 3427 4665 ¹ι
3472 4624 3534 4679 δὲ
3575 4626 3771 4697 μᾶλλον,

2214 4719 2289 4783 ὡς
2326 4719 2485 4790 φύσει
2519 4720 2885 4792 Δημιουργοῦ.
2920 4720 3147 4792 Κεφαλὴ
3191 4720 3247 4773 δὲ
3282 4720 3547 4788 γυναικὸς
3575 4719 3606 4770 6
3640 4716 3771 4785 ἀνὴρ,

2215 4812 2298 4864 ὃτι
2337 4812 2402 4865 ὲκ
2427 4812 2526 4883 τῆς
2571 4813 2769 4885 σαρκὸς
2809 4813 2976 4868 αὑτοῦ
3020 4811 3252 4883 ἐλήφθη,
3285 4809 3381 4864 καὶ
3409 4810 3580 4864 αὐτὸν
3615 4809 3776 4877 ὥσπερ

2218 4900 2331 4973 ἔχει
2366 4903 2465 4975 τὴν
2510 4905 2705 4976 ἀρχήν.
2749 4906 2978 4976 Κεφαλὴ
3011 4905 3067 4960 δὲ
3105 4905 3307 4975 ὁμοίως
3352 4903 3447 4957 τοῦ
3480 4901 3720 4974 Χριστος
3756 4900 3781 4950 δ

2218 4991 2371 5060 Θεὸς,
2410 4996 2489 5049 ὅτι
2535 4996 2596 5061 ἐξ
2622 4994 2788 5051 αὐτοῦ
2827 4997 2968 5052 κατὰ
3007 4996 3197 5067 φύσιν·
3250 4995 3586 5066 γεγέννηται
3634 4990 3782 5063 γᾰρδ

2216 5086 2386 5154 Λόγος
2416 5088 2481 5141 ὲκ
2509 5092 2600 5142 τοῦ
2634 5087 2767 5143 Θεοῦ
2798 5089 2893 5153 καὶ
2928 5089 3160 5162 Πατρός.
3190 5083 3330 5149 Εἶτα
3364 5087 3483 5150 πῶς
3516 5088 3578 5140 οὐ
3612 5074 3737 5146 856;
3757 5087 3783 5138 ὃ

617 5250 660 5281 ²⁹
698 5251 715 5302 1
749 5250 875 5305 Cur.
909 5264 990 5312 vr,
1036 5247 1125 5314 19,
1156 5246 1249 5303 90.
1327 5246 1371 5278 ”
1398 5246 1416 5301 Ι
1440 5247 1566 5303 Cor.
1599 5260 1723 5310 vut,
1757 5245 1874 5300 4-6.
1953 5243 1998 5277 ’δ
2027 5243 2047 5298 l
2077 5247 2090 5299 t

2197 5260 2308 5309 .tx,
2341 5245 2432 5301 2|.
2508 5245 2556 5279 “
2590 5245 2609 5301 Ι
2638 5246 2843 5314 Cons,
2869 5244 2959 5308 32.
3033 5245 3081 5280 ³⁸
3112 5243 3282 5302 lCor.
3315 5259 3416 5311 xu,
3445 5242 3504 5298 3.
3577 5245 3629 5277 ⁸⁷
3663 5242 3782 5298 ιιι.

550 5319 747 5383 11ι,58.

1633 5472 1806 5530 Variae
1831 5470 2088 5530 lectiones
2122 5474 2326 5532 codicis
2359 5473 2711 5547 Seguieriaui.

556 5610 561 5615 '
613 5606 637 5645 ιλ
668 5599 884 5667 θεῖκῶς.
