3970 6136
224 194 229 197 ’
324 203 483 260 HN-

1194 74 1267 109 ,μ’

1104 146 1135 163 κ

1050 164 1103 199 II

874 242 1001 307 βλ
1115 265 1118 269 .

1422 199 1511 255 DE
1551 196 1779 254 RECTA
1818 195 1975 253 FIDE
2017 199 2106 254 AD
2148 196 2475 255 REGINAS.

3446 188 3579 245 1958

322 301 931 397 Χριστὸεητῇμκὲῆίαλὴ
959 321 1196 375 τέθειται
1244 318 1383 374 κατὰ
1418 319 1579 389 φύσιν
1606 318 1635 371 6
1668 318 1898 389 Πατήρ;

2014 317 2330 377 naturaliter
2381 332 2447 373 ex
2496 315 2616 386 ipso
2658 320 2762 367 est.
2814 310 3045 384 Verbum
3093 325 3326 380 namque
3365 324 3430 367 cx
3473 311 3579 364 Deo

316 394 567 490 ἃὶριστδν
683 416 812 470 ὅταν
836 413 1074 482 λέγοιμι,
1126 404 1183 465 δν
1217 411 1552 483 ἀνθρωπεία
1574 411 1758 485 μορφῇ
1800 425 1897 463 πε-

328 511 537 581 φηνότα
562 509 651 562 τὸν
678 506 815 561 Θεοῦ
844 505 1013 573 Λόγον
1045 503 1229 557 ἐννοῶ.

2008 416 2062 463 et
2099 407 2262 462 Patre
2306 404 2546 483 genitum
2593 410 2693 458 est.
2739 400 2858 454 lam
2894 415 3000 470 qua
3058 401 3268 461 ratione
3310 399 3577 459 Christus.

2007 498 2162 570 cuius
2219 506 2384 568 caput
2427 495 2722 551 secundum
2774 483 3026 549 uaturam‘
3064 491 3270 561 positus
3321 499 3407 545 est
3440 490 3578 544 Deus

334 600 521 665 Pater,
563 614 665 655 non
690 599 794 655 erit
824 597 1165 654 Deus?Cum
1184 605 1367 652 autem
1405 596 1681 653 Christum
1708 592 1940 665 appello,
1980 591 2073 647 Dei
2103 590 2282 647 Patris
2329 588 2563 645 Verbum
2612 585 2880 657 intelligo,
2914 583 3057 655 quod
3112 584 3165 637 iu
3203 583 3435 636 humana
3479 597 3578 637 ua-

346 703 477 747 tura.
503 690 772 759 apparuit.

406 804 424 835 ι
446 821 450 825 -
469 783 560 837 Διὸ
587 779 840 852 γνωρίζω
872 780 1022 852 ὑμῖν,
1048 782 1133 835 ὅτι
1156 781 1332 847 οὐδεὶς
1358 782 1418 835 ὲν
1460 777 1741 850 Πνεύματι
1763 777 1899 834 Θεοῦ

326 874 528 938 λαλῶν,
559 872 723 942 λέγειι
752 871 1000 942 ἀνάθεμα
1041 872 1246 942 Ἰησοῦν
1271 887 1284 901 ·
1332 873 1430 926 και)⁸
1460 872 1634 937 οὐδεὶς
1680 871 1903 927 δύναται

327 967 522 1026 εἰπεῖν,
558 963 763 1032 Κύριος
816 962 1046 1032 Ἰησοῦς,
1092 965 1141 1017 εί
1193 964 1268 1037 μὴ
1315 964 1373 1017 ἐν
1424 964 1701 1035 Πνεύματι
1740 962 1899 1033 ἁγίῳ.

328 1055 628 1126 Διαιρέσεις
655 1054 711 1106 δὲ
737 1053 1092 1123 χαρισμάτων
1121 1054 1248 1119 sici,
1300 1054 1362 1107 τὸ
1395 1053 1463 1106 δὲ.
1486 1053 1618 1105 αὐτὸ
1639 1052 1862 1122 Πνεῦμα
1883 1068 1896 1080 -

329 1146 423 1200 καὶ
460 1144 753 1216 διαιρέσεις
800 1142 1084 1203 διακονιῶν
1126 1144 1283 1208 εἰσιν,
1314 1145 1344 1196 6
1375 1142 1431 1196 δὲ
1456 1142 1620 1206 αὐτὸς
1658 1141 1861 1212 Κύριος
1883 1156 1897 1169 ⁸

328 1238 425 1291 καὶ
473 1235 765 1311 διαιρέσεις
810 1233 1202 1305 ἐνεργημάτων
1229 1232 1390 1299 εἰσὶν,
1422 1235 1451 1285 6
1493 1231 1551 1286 δὲ
1580 1232 1743 1296 αὐτὸς
1763 1230 1900 1295 Θεὸς

327 1332 356 1382 6
381 1327 621 1400 ἐνεργῶν
656 1327 779 1379 ἐστι
816 1324 886 1380 τὰ
912 1326 1088 1403 πάντα
1123 1328 1183 1380 ὲν
1212 1327 1399 1383 πᾶσιν.
1442 1345 1463 1378 ο
1504 1325 1570 1377 Ei
1603 1323 1666 1377 τὸ
1698 1323 1898 1392 λέγειν,

328 1421 412 1476 ὅτι
442 1421 543 1474 οὐκ
584 1419 702 1472 ἐστι
727 1418 889 1488 φύσει
927 1419 1021 1473 καὶ
1052 1417 1287 1490 ἀληθείᾳ
1311 1417 1446 1480 Θεὸς
1468 1419 1502 1472 6
1526 1416 1787 1488 Χριστὸς,
1814 1416 1904 1468 οὐ·

327 1513 420 1566 δὲν
448 1512 634 1582 ἕτερόν
660 1510 831 1577 ἐστιν,
870 1510 904 1581 ἢ
941 1512 1118 1563 εἰπεῖν
1144 1508 1669 1580 ἁνάθεμαἸησοῦν,
1710 1507 1760 1560 οι
1804 1506 1903 1558 ὲκι

335 1602 623 1660 Gemma-sc:
646 1601 808 1659 αὑτὸν
833 1600 928 1655 τοῦ
953 1598 1091 1654 εῑναι
1106 1601 1261 1657 ante
1278 1598 1543 1671 ἀλήθειαν
1581 1594 1913 1669 leoninome

2086 798 2103 831 ι
2138 775 2264 833 Ideo
2298 772 2665 833 uotumWobis
2711 770 2867 831 facio,
2903 767 3053 839 quod!
3090 780 3247 821 nemo
3277 765 3329 818 in
3376 764 3579 835 Spiritu

2006 869 2101 925 Dei
2147 869 2395 937 loquens,
2427 865 2555 921 dicit
2592 864 2881 918 anathema
2909 857 3036 913 Jesu
3066 875 3078 912 :
3112 866 3165 910 et
3216 872 3374 911 nemo
3404 865 3577 926 potest

2005 960 2212 1022 dicere,
2249 957 2511 1013 Dominus
2540 952 2724 1017 Iesus,
2756 952 2866 1006 uisi
2911 951 2962 1004 in
3003 949 3211 1019 Spiritu
3240 957 3448 1009 sancto.
3487 947 3580 1001 Di-

2004 1049 2266 1109 visiones:
2298 1061 2427 1103 vero
2475 1045 2775 1119 gratiarum
2806 1049 2954 1107 sunt,
3004 1040 3146 1095 idem
3191 1049 3371 1094 autem
3407 1037 3578 1109 Spiri-

2006 1150 2092 1197 tus
2122 1156 2136 1194 :
2164 1147 2219 1194 et
2265 1137 2563 1193 divisiones
2604 1133 3063 1191 ministrationum
3100 1139 3251 1194 sunt,
3304 1129 3441 1189 idem
3480 1144 3581 1183 au—

2006 1240 2113 1285 tem
2173 1226 2479 1283 Dominus:
2522 1234 2578 1279 et
2635 1223 2932 1279 divisiones
2995 1220 3371 1292 operationum
3426 1230 3576 1276 sunt.

2006 1320 2149 1376 idem
2201 1333 2331 1377 vero
2379 1317 2548 1384 Deus,
2611 1314 2705 1385 qui
2750 1321 3012 1383 operatur
3058 1311 3240 1371 omnia
3291 1311 3344 1364 in
3400 1310 3577 1362 muni—

2013 1409 2115 1465 bus
2140 1409 2208 1463 ”.
2237 1428 2258 1463 ι
2298 1406 2443 1464 Sane
2483 1407 2541 1462 si.
2580 1405 2717 1461 nihil
2765 1404 2907 1459 aliud
2957 1411 3039 1459 est
3087 1402 3268 1465 dicere
3305 1400 3577 1455 Christum

2007 1516 2113 1555 non
2156 1514 2278 1555 esse
2321 1513 2506 1555 verum
2538 1506 2592 1552 et
2632 1494 2939 1567 naturalem
2977 1494 3165 1559 Deum,
3195 1507 3359 1573 quam
3394 1491 3580 1551 dicere

2004 1594 2289 1648 anathema
2316 1587 2505 1645 Jesum
2535 1629 2551 1654 ,
2586 1587 2679 1658 qui
2718 1586 2869 1641 illum
2919 1585 3094 1661 reipsa
3123 1582 3307 1641 Jesum
3348 1595 3468 1639 esse
3498 1582 3579 1636 in-

332 1691 393 1744 ὲν
432 1689 574 1760 ἁγίῳ
612 1688 890 1759 Πνεύματι
926 1689 1086 1743 τοῦτο
1124 1688 1360 1743 ποιοῦσι·
1419 1690 1512 1743 καὶ
1549 1689 1599 1741 εί
1651 1686 1750 1751 τὰς
1795 1684 1906 1739 τῶν

2014 1676 2282 1743 liciantur,
2331 1677 2406 1732 illi
2441 1678 2627 1746 utique
2672 1677 2724 1731 in
2767 1676 2972 1745 Spiritu
3001 1683 3191 1733 sancto
3225 1672 3367 1728 istud
3407 1672 3580 1726 neuti-

335 1780 690 1851 χαρισμάτων
720 1778 1012 1849 διαιρέσεις
1039 1779 1168 1832 ποτὲ
1197 1777 1298 1849 μὲν
1322 1779 1569 1848 ἐνεργεῖν
1605 1774 1906 1846 τὸΠνεῦμά

334 1887 491 1938 φησι,
520 1870 649 1923 ποτὲ
684 1868 743 1921 δὲ
770 1868 863 1921 τὸν
902 1867 1066 1921 αὑτὸν
1094 1868 1321 1939 Κύριον,
1349 1868 1481 1922 ποτὲ
1517 1867 1575 1921 δὲ
1619 1866 1711 1921 τὸν
1742 1865 1906 1923 αὑτὸν

333 1958 500 2022 Θεὸν,
546 1952 689 2011 οἶδεν
727 1957 834 2028 ἄρα
883 1956 1015 2011 Θεὸν
1049 1956 1179 2010 ὅντα
1226 1956 1481 2027 Χριστὸν,
1528 1956 1726 2020 τὸνὼς
1773 1955 1908 2011 Θεὸν

331 2046 660 2120 ἐνεργοῦντα
684 2048 777 2102 διὰ
802 2045 896 2100 τοῦ
936 2047 1272 2117 Πνεύματος,
1302 2048 1397 2101 καὶ
1427 2048 1502 2112 ὡς
1532 2046 1739 2117 Κύριον
1766 2045 1907 2101 κατὰ

335 2137 497 2208 φύσιν
531 2137 877 2208 διανέμοντα
900 2140 1016 2209 μετ’
1050 2138 1319 2205 ἐξουσίας,
1352 2141 1547 2208 ὥσπερ
1593 2137 1660 2192 ἂν
1710 2138 1904 2203 ἕλοιτο,

331 2227 432 2290 τὰς
474 2226 678 2282 ἄνωθεν
705 2228 932 2300 δωρεάς.
972 2228 1362 2300 Μνημονεῦσαι
1402 2229 1459 2282 δὲ
1493 2229 1593 2293 δεῖ,
1625 2229 1709 2282 ὅτι
1755 2229 1848 2281 καὶ
1878 2230 1932 2283 6.

333 2318 549 2381 Παῦλος
588 2317 692 2390 ἔφη
728 2320 863 2390 περὶ
886 2319 1144 2390 Χριστοῦ,
1187 2320 1263 2386 ὡς
1310 2321 1703 2393 ὲνεργήσαντος
1738 2321 1919 2376 αὐτοῦ

333 2410 392 2463 ὲν
419 2408 647 2480 δυνάμει
680 2410 996 2482 Πνεύματος
1026 2411 1235 2481 ἁγίουοο

2006 1783 2168 1836 quam
2221 1765 2451 1822 faciunt.
2513 1766 2751 1823 Rursum
2826 1764 2870 1819 si
2932 1765 3229 1832 gratiarum
3285 1762 3579 1816 divisiones

2007 1857 2281 1913 interdum
2343 1856 2634 1927 Spirittun,
2690 1868 3080 1922 nonnunquam
3136 1867 3264 1906 vero
3324 1851 3573 1907 eumdem

2008 1947 2330 2012 Dominum,
2368 1944 2662 2015 aliquando
2694 1952 2875 1997 autem
2903 1942 3149 1997 eumdem
3176 1941 3339 1994 Deum
3367 1937 3579 2008 operari

2004 2040 2317 2110 proﬁtetur,
2352 2038 2630 2098 Christum
2667 2050 2801 2105 ergo
2844 2035 3012 2089 Deum
3052 2048 3177 2088 esse
3207 2048 3310 2089 non
3346 2032 3579 2102 ignorat,

2005 2127 2099 2199 qui
2131 2144 2233 2200 per
2259 2127 2524 2198 Spiritum
2549 2135 2806 2196 operetur
2835 2134 2895 2181 ut
2922 2124 3087 2190 Deus,
3115 2125 3315 2195 quique
3340 2121 3578 2179 coelestia

2006 2219 2150 2274 dona
2175 2216 2660 2287 ,quibuscunque
2709 2222 2763 2270 et
2798 2215 3291 2283 .quomodocunque
3329 2212 3575 2275 voluerit,

2007 2319 2267 2379 tanquam
2308 2317 2506 2360 natura
2556 2304 2819 2358 Dominus
2860 2318 2968 2357 non
3015 2302 3220 2370 absque
3256 2301 3583 2361 auctoritate

2006 2397 2320 2455 distribuat.
2348 2395 2501 2462 Quod
2525 2403 2702 2448 autem
2738 2392 3007 2447 Christus.
3033 2390 3086 2444 in
3115 2393 3317 2445 virtute
3351 2388 3581 2460 Spiritus

2006 2490 2186 2545 sancti
2217 2496 2498 2557 operetur,
2536 2485 2587 2541 id
2628 2483 2823 2539 Paulus
2861 2484 2927 2537 de
2961 2497 3026 2537 eo
3053 2481 3277 2552 loquens
3319 2479 3578 2549 ejusmodi

1934 2607 1944 2615 -
2005 2579 2252 2636 oratione
2282 2577 2535 2645 deinceps
2567 2574 2819 2643 explanat
2857 2590 2871 2626 :

409 2663 453 2695 ιδ
473 2644 583 2697 Καὶ
618 2644 712 2708 οὓς
739 2647 837 2718 μὲν
866 2647 1017 2701 ἔθετο
1046 2649 1073 2702 6
1096 2648 1228 2713 Θεὸς
1253 2651 1311 2703 ὲν
1336 2653 1421 2722 τῇ,
1441 2651 1741 2725 Ἐκκλησία
1763 2654 1923 2726 πρῶος

335 2751 426 2788 τον
458 2738 806 2802 ἀποστόλους,
834 2738 1082 2812 δεύτερον
1114 2744 1416 2813 προφήτας,
1446 2744 1626 2814 τρίτον
1652 2744 1906 2801 διδασκά-

336 2826 480 2891 λους,
505 2827 692 2881 ἔπειτα
713 2829 989 2900 δυνάμεις,
1014 2827 1132 2884 εἶτα
1161 2832 1208 2870 ι’
1230 2833 1549 2906 χαρίσματα
1576 2835 1851 2906 ίαμάτων.
1879 2857 1897 2891 s

339 2914 470 2968 Θεοῦ
510 2916 802 2988 λεγομένου
843 2919 1016 2974 ταῦτα
1063 2921 1382 2993 κατορθοῦν,
1413 2925 1648 2994 Χριστὸς
1693 2929 1722 2980 6
1753 2929 1905 2998 ἐνερ-

2083 2690 2103 2723 ι
2129 2669 2430 2737 Quosdam,
2456 2666 2656 2737 inquit,
2684 2667 2863 2734 posuit
2887 2667 3026 2723 Deus
3058 2667 3122 2727 in
3171 2664 3434 2727 Ecclesia,
3471 2662 3581 2730 pri-

2010 2770 2153 2808 mum
2200 2754 2495 2820 apostolos,
2542 2751 2781 2805 secundo
2817 2750 3131 2820 prophetas,
3190 2749 3352 2804 tertio
3392 2748 3589 2801 dot'to-r

2009 2859 2118 2907 res,
2140 2842 2332 2896 deinde
2357 2842 2581 2896 virtutes
2610 2882 2628 2908 ,
2658 2841 3082 2917 exindegratias
3104 2840 3446 2893 curationum
3465 2836 3528 2889 ²⁹.
3557 2853 3576 2887 ι

2007 2931 2141 2987 Cum
2203 2931 2343 2987 Deus
2420 2931 2610 2987 isthzcc
2671 2930 2886 2986 etliazere
2962 2930 3359 2999 perhibeatur,
3425 2924 3587 2983 ϐίη-ἰν

336 3009 510 3079 γήσας
557 3012 736 3065 ἐστίν·
768 3010 922 3066 ἔθετο
968 3014 1076 3086 γὰρ
1103 3014 1224 3078 τοὺς
1266 3015 1600 3081 ἀποστόλους
1644 3017 1805 3082 αὐτὸς
1830 3018 1907 3071 γὲν

2014 3034 2126 3080 stus
2153 3032 2238 3078 est
2270 3021 2358 3092 qui
2407 3033 2712 3093 operatur:
2766 3020 3200 3092 quandoquidem
3254 3020 3298 3073 is
3344 3028 3447 3081 cst,
3489 3018 3578 3086 qui

335 3102 402 3171 τῇ
444 3101 762 3175 Ἐκκλησία,
791 3104 887 3158 καὶ
929 3105 1107 3176 μέντοι
1148 3109 1243 3159 καὶ
1269 3105 1645 3172 διδασκάλους,
1684 3108 1907 3180 ἐνεργῆ-

341 3208 428 3246 σαι
459 3193 551 3246 καὶ
584 3194 873 3266 δυνάμεις·
903 3196 1099 3259 δέδωκε
1132 3196 1238 3271 γάρ
1282 3196 1533 3265 ἐξουσίαν
1576 3201 1689 3263 τοῖς
1731 3200 1907 3269 ἁγίοις

342 3285 632 3357 μαθηταῖς,
678 3287 1001 3359 θεραπεύειν
1033 3290 1213 3344 πᾶσαν
1248 3290 1402 3345 νόσον
1441 3292 1537 3345 καὶ
1575 3293 1759 3347 πᾶσαν
1801 3311 1905 3364 μα-

337 3375 533 3431 λακίαν
565 3380 622 3433 ὲν
645 3377 722 3449 τῷ
750 3379 889 3449 λαῷ.
1802 3360 1814 3364 ν
1856 3360 1863 3371 1

419 3569 437 3601 ι
496 3550 554 3602 '0
597 3551 888 3621 ἀσπασμὸς
922 3555 989 3623 τῇ
1020 3553 1126 3624 ἐμῇ
1177 3553 1320 3624 χειρὶ
1356 3554 1594 3610 Παύλου.
1641 3558 1708 3611 Et
1728 3576 1812 3624 τις
1845 3561 1908 3615 οῦ

344 3638 488 3707 φιλεί
516 3641 609 3704 τὸν
651 3641 868 3713 Κύριον,
904 3644 1019 3720 ﬁetu
1058 3644 1326 3715 ἀνάθεμα,
1361 3648 1669 3718 μαραναθᾶ.
1707 3669 1726 3703 ι
1766 3654 1917 3724 Ἀρα

343 3730 465 3782 τίνα
498 3734 632 3801 φησι
670 3732 877 3805 Κύριον
901 3739 958 3790 ὲν
984 3734 1232 3805 τούτοις;
1263 3738 1465 3810 Κύριος
1502 3739 1602 3810 μὲν
1631 3742 1739 3813 γὰρ
1780 3746 1910 3816 δμο-

343 3821 705 3893 λογουμένως,
758 3827 850 3879 καὶ
904 3827 1067 3891 αὐτὸς
1123 3817 1287 3892 Υἱόςο
1347 3830 1547 3899 ὁμοίως
1600 3832 1656 3886 δὲ
1707 3834 1802 3887 καὶ
1851 3834 1913 3888 τὸ
1953 3882 1965 3893 η

343 3915 568 3987 Πνεῦμα
589 3934 600 3946 ·
638 3936 656 3969 ‹
699 3918 754 3971 Ὀ
777 3917 884 3990 γὰρ
908 3919 1132 3988 Κύριος,
1166 3921 1321 3993 φησὶ,
1344 3921 1649 3995 τὺΠνεῦμά
1680 3925 1848 3979 ἐστιν.
1887 3945 1907 3979 s

356 4006 413 4061 Ὀ
456 4007 513 4059 δέ
564 4025 626 4078 γε
668 4008 759 4062 τοῦ
813 4012 1085 4082 μακαρίου
1122 4011 1569 4078 Παύλουσκοπὺς
1608 4016 1666 4068 ὲν
1701 4016 1912 4081 τούτοις

344 4100 424 4163 είς
448 4100 610 4153 αὐτὸν
636 4104 965 4157 συνετείνετο
993 4103 1122 4158 ιτὸν
1160 4104 1385 4177 Ἰησοῦν.
1419 4126 1438 4159 ι
1475 4103 1568 4171 Εἷς
1591 4107 1722 4180 γὰρ,
1751 4111 1908 4180 φησι,

344 4189 567 4260 Κύριος,
597 4190 801 4262 Ἰησοῦς
829 4195 1083 4267 Χριστός.
1123 4215 1142 4247 ι
1191 4196 1598 4266 Ἀναθεματίζει
1618 4199 1798 4253 τοίνυν
1821 4200 1911 4254 τὸν

348 4279 423 4348 μὴ
452 4279 912 4348 φιλοῦντααύτόν.
946 4285 1020 4337 Οὐ
1053 4283 1195 4355 φιλεί
1219 4285 1275 4339 δὲ
1297 4285 1480 4351 αὐτὸν,
1508 4287 1536 4339 6
1557 4288 1696 4358 μήτε
1726 4286 1906 4357 φύσει,

2015 3112 2290 3183 apostolos
2320 3111 2372 3165 in
2407 3110 2652 3171 Ecclesia
2685 3111 2990 3177 collocavit,
3017 3114 3215 3180 quique
3249 3110 3498 3164 doctores
3528 3108 3580 3160 in

2008 3204 2195 3261 eadem
2236 3203 2498 3268 instituit,
2525 3202 2745 3273 ,quibus
2774 3217 3008 3272 quoque,
3035 3211 3093 3255 ut
3129 3201 3355 3255 virtutes
3391 3213 3585 3269 operm
3614 3234 3615 3237 η

2006 3304 2216 3360 rentur,
2250 3294 2359 3355 vim
2402 3293 2737 3363 impertivit:
2763 3293 2909 3347 dedit
2941 3306 3172 3361 namque
3202 3289 3409 3345 sanctis
3434 3304 3581 3356 .apo-

2008 3383 2163 3441 stolis
2206 3392 2569 3454 potestatem,
2626 3392 2685 3438 ut
2734 3397 2895 3439 omne
2944 3381 3254 3437 morborum
3290 3377 3582 3448 aegritudi-

2011 3488 2249 3544 numque
2277 3489 2448 3544 genus
2476 3474 2528 3528 in
2572 3472 2770 3544 populo
2799 3473 3161 3542 grassantium
3198 3478 3473 3525 curarent.

2086 3584 2105 3618 ι
2136 3564 2401 3622 Salutatio
2432 3580 2564 3625 .mea
2606 3581 2770 3620 manu
2810 3564 2958 3620 Pauli
2993 3582 3010 3618 ε
3042 3564 3098 3619 Si
3140 3563 3263 3634 quis
3294 3577 3397 3616 non
3436 3571 3581 3617 amat

2003 3656 2295 3715 .Dominum
2316 3697 2339 3727 ,
2376 3656 2448 3712 sit
2487 3658 2797 3721 anathema,
2832 3656 3149 3711 maranatlta
3173 3654 3245 3708 ³ο.
3286 3671 3304 3704 ι
3341 3653 3578 3722 Ecquam

2013 3751 2261 3815 obsecro,
2340 3748 2623 3805 Dominum
2676 3747 2779 3803 hoc
2831 3748 2949 3815 loco
3001 3746 3193 3801 vocat?
3234 3746 3285 3799 in
3333 3744 3582 3799 confesso

2015 3849 2099 3894 est
2131 3838 2296 3905 enim,
2332 3848 2438 3892 tam
2486 3837 2660 3905 ipsum
2689 3834 2909 3900 Filium,
2943 3849 3106 3905 quam
3150 3833 3412 3902 Spiritum
3444 3848 3581 3902 quo-

2017 3946 2120 4000 que
2171 3939 2413 3986 sanctum
2446 3928 2732 3985 Dominum
2755 3931 2959 3995 vocari,
2991 3939 3045 3984 et
3090 3927 3377 3987 Dominum
3408 3942 3527 3982 esse
3564 3946 3576 3979 :

2000 4025 2274 4093 'scriptum
2327 4033 2410 4078 est
2466 4022 2653 4078 enim:
2714 4042 2733 4076 ι
2784 4021 3021 4091 Spiritus
3067 4021 3325 4079 Dominus
3353 4029 3436 4075 est
3457 4020 3521 4074 “.
3558 4038 3574 4069 ι

2017 4114 2162 4170 Sane
2190 4114 2330 4170 beati
2367 4113 2518 4173 Pauli
2559 4130 2708 4168 mens
2737 4114 2787 4168 in
2819 4114 2994 4184 ipsum
3038 4112 3221 4169 .lesum
3254 4111 3339 4166 hic
3368 4110 3576 4175 fertur;

2015 4208 2344 4276 aitnamque
2370 4224 2388 4263 :
2424 4225 2442 4259 ι
2463 4205 3161 4270 υιιιιεοειῡοηιὶηυεμιοδυε
3188 4204 3516 4263 Christus“.
3559 4224 3577 4256 ι

2018 4298 2199 4366 itaque
2231 4298 2569 4351 anathemate
2603 4290 2835 4367 percutit
2874 4312 3088 4355 onmem
3148 4297 3367 4357 omnino
3406 4297 3584 4352 homi-

350 4370 485 4441 μήτε
528 4372 756 4446 ἀληθείᾳ
802 4374 977 4445 λέγων
1004 4377 1131 4439 Υ,ἱὸν
1167 4371 1309 4431 εἶναι
1341 4376 1434 4431 τοῦ
1478 4376 1636 4443 Θεοῦ,
1672 4378 1807 4433 ἀλλὰ
1838 4379 1908 4444 ὡς

2019 4398 2164 4450 nem,
2216 4383 2308 4452 qui
2335 4382 2444 4457 εδ
2475 4384 2621 4438 illum
2653 4400 2757 4439 non
2789 4384 2983 4455 diligit.
3010 4383 3060 4441 ls
3095 4395 3274 4440 autem
3305 4385 3580 4441 Christum

347 4462 405 4517 ἐν
451 4463 677 4538 δευτέρᾳ
711 4466 862 4533 τάξει
912 4467 1091 4532 τιθεὶς
1115 4467 1267 4538 παρὰ
1306 4468 1401 4522 τὸν
1442 4469 1507 4523 ὲκ
1542 4467 1677 4522 Θεοῦ
1714 4470 1907 4540 Λόγον,

347 4551 441 4605 καὶ
465 4554 525 4606 τὸ
557 4556 656 4624 τῆς
683 4558 994 4629 οἰκονομίας
1023 4558 1225 4612 ἀδικῶν
1246 4560 1548 4630 ,μυστήριον
1580 4559 1667 4614 διὰ
1703 4560 1796 4617 τοῦ
1817 4560 1909 4614 τέ-

349 4658 499 4710 μνειν
537 4646 615 4707 εἰς
647 4645 740 4699 δύο
764 4648 854 4701 τὸν
881 4647 979 4703 ἕνα
1019 4648 1223 4720 Κύριον
1258 4650 1356 4702 καὶ
1395 4649 1629 4720 Ἰησοῦν.

2018 4487 2123 4527 non
2160 4473 2352 4542 diligit,
2400 4474 2492 4542 qui
2530 4489 2703 4543 neque
2759 4483 2948 4533 natura
2994 4489 3169 4542 neque
3212 4475 3442 4530 veritate
3488 4473 3582 4529 Dei

2016 4561 2209 4617 Filium
2260 4577 2381 4619 esse
2418 4566 2693 4633 agnoscit,
2728 4569 2820 4621 sed
2849 4581 2878 4620 a
2913 4566 3005 4621 Dei
3036 4565 3214 4621 Verbo
3241 4564 3490 4638 sejungit,
3519 4581 3585 4621 ac

2016 4652 2180 4708 veluti
2236 4651 2290 4706 in
2350 4651 2645 4709 secundum
2748 4654 2993 4710 ordinem
3049 4652 3249 4723 reiicit,
3308 4664 3469 4731 atque
3508 4654 3581 4710 ita

346 4734 471 4786 dum
562 4752 727 4790 unum
780 4737 1063 4795 Dominum
1123 4739 1304 4797 Jesum
1366 4741 1643 4798 Christum
1730 4744 1793 4799 iu.
1847 4745 1982 4802 duos
2047 4743 2262 4807 dividit,
2309 4742 2726 4813 dispensationis
2775 4745 3090 4816 mysterium
3152 4745 3327 4801 atroci
3388 4745 3582 4816 injuria

344 4826 535 4881 aﬂlcit.

682 4944 783 5000 Ἐκ
811 4946 922 5016 τῆς
958 4950 1108 5016 πρὸς
1136 4948 1484 5016 Κορινθίους
1512 4949 1621 5011 ,ϐ’λ.

424 5054 442 5087 t
482 5036 572 5107 Τῷ
591 5036 649 5091 δὲ
666 5036 784 5107 Θεῷ
807 5039 989 5107 χάρις,
1017 5038 1243 5091 πάντοτε
1261 5037 1337 5108 τῷ
1361 5037 1742 5108 Θριαμὸεύοντι
1766 5041 1914 5110 ἡμᾶς
1928 5067 1943 5072 νο

351 5124 507 5195 ὲντῷ
554 5125 794 5198 Χριστῷ,
829 5127 923 5180 καὶ
966 5127 1065 5197 τὴν
1111 5126 1286 5198 ὀσμὴν
1325 5129 1422 5197 τῆς
1462 5125 1712 5195 γνώσεως
1748 5130 1911 5183 αὑτοῦ

2370 4949 2457 5005 Ea:
2489 4953 2765 5019 posteriori
2798 4953 2868 5007 ad
2913 4950 3233 5007 Corinthios.

2099 5041 2258 5096 r-Deo
2296 5051 2477 5098 autem
2505 5043 2726 5113 gratias,
2760 5045 2851 5113 qui
2901 5058 3114 5111 semper
3140 5041 3435 5109 triumphat
3486 5056 3583 5096 nos

2020 5132 2073 5186 in
2108 5131 2324 5191 Christo
2356 5132 2505 5202 Jesu,
2536 5143 2591 5191 et
2630 5135 2850 5191 odorem
2896 5133 3100 5190 notitia:
3130 5148 3242 5188 suae
3277 5129 3608 5187 manifestat.

420 5280 468 5313 ⁸⁸
498 5276 519 5333 l
544 5278 671 5335 Cor.
707 5296 805 5346 stt,
838 5279 953 5337 3-6.
1032 5279 1078 5313 ’θ
1108 5279 1127 5333 l
1155 5278 1283 5336 Cor.
1311 5293 1408 5345 xtl,
1439 5279 1527 5334 28.
1604 5281 1649 5313 '°
1685 5282 1706 5334 1
1746 5280 1873 5338 Cor.
1903 5298 1908 5335 :

2045 5282 2137 5340 21.
2214 5283 2258 5316 ³¹
2288 5284 2448 5341 J0an.
2481 5303 2554 5353 tv,
2578 5288 2680 5343 24.
2760 5288 2805 5321 ³⁹
2836 5288 2852 5343 l
2881 5285 3009 5342 Cor.
3039 5300 3153 5352 vut,
3194 5285 3247 5342 6.

1424 5439 1599 5498 Variae
1625 5440 1882 5500 lectiones
1918 5442 2116 5501 codicis
2147 5443 2496 5515 Seguieriani.

433 5569 478 5610 ι’
505 5571 714 5626 ἔπειτα.
788 5566 817 5610 ἰ
852 5570 1203 5626 συντείνεται.
