3970 6136
206 234 355 289 1'2“
384 188 395 195 Ἥ

1309 233 1398 291 DE
1434 230 1661 289 RECTA
1702 228 1859 287 FIDE
1898 230 1991 286 AD
2024 228 2346 285 REGINAS.

3321 215 3461 272 12ιῖ

220 352 292 403 τὰ
320 349 469 421 ἔθνη,
493 351 594 421 οὐχ
620 350 703 405 ὃτι
730 351 860 415 Θεός
887 351 1052 416 ἐστιν,
1082 349 1194 403 ἀλλ’
1227 350 1311 403 ὅτι
1358 348 1482 403 καθ’
1514 348 1661 421 ἡμᾶς
1692 346 1781 401 ἄν·

1898 361 2008 401 esse
2058 358 2374 414 persuasqu
2422 338 2645 395 habent.
2696 332 2976 402 Quomodo
3022 331 3148 385 item
3192 328 3447 385 obcaecati

226 442 461 511 θρωκος.
490 441 616 505 Πῶς
651 442 708 495 δὲ
745 442 837 495 καὶ
862 440 1226 510 τετύφλωνται
1267 440 1417 511 παρὰ
1444 439 1537 494 τοῦ
1582 441 1790 494 Σατανᾶ

1903 447 2026 491 sunt
2050 453 2082 493 _a
2114 436 2342 498 Sataua,
2374 431 2464 502 qui
2493 430 2558 484 de
2586 427 2806 482 homine
2830 423 3095 487 sentiunt,
3125 422 3265 491 quod
3300 421 3463 475 hcino

221 533 274 584 oi.
329 533 458 604 περὶ
507 531 792 603 ἀνθρώπου
840 531 1111 601 λέγοντες,
1169 532 1252 585 ὅτι
1305 530 1591 603 ἄνθρωπός
1643 533 1795 595 tam;

224 622 382 686 Ποῖος
429 622 485 675 δὲ
533 624 630 676 καὶ
680 623 957 693 φωτισμὸς
1007 622 1185 676 ἔνεστι
1222 621 1300 694 τῷ
1345 622 1665 691 Εὐαγγελῖῳ
1701 619 1795 674 τοῦ

224 712 484 782 Χριστοῦ,
535 715 584 766 εἰ
617 713 692 784 μὴ
729 712 861 775 Θεὸς
899 713 1036 777 ἔστι,
1088 713 1182 766 καὶ
1226 713 1302 775 ὡς
1333 712 1491 766 τοῦτο
1535 712 1796 783 ὑπάρχων

223 803 568 874 δεδόξασται;
605 802 728 866 Πῶς
773 802 819 856 δ’
868 801 935 856 ἂν
977 803 1064 872 εἴη
1095 803 1191 856 καὶ
1223 802 1388 858 εἰκὼν
1418 803 1513 856 τοῦ
1552 801 1710 863 Θεοῦ,
1745 803 1794 855 ει

228 894 389 963 μέχρι
417 894 593 962 μόνων
617 893 726 947 τῶν
754 893 855 964 τῆς
886 892 1302 965 άνθρωπότητος
1328 895 1663 963 ἀφικνεῖται,
1694 892 1796 946 οὐκ

222 983 364 1053 ἔχων
395 983 456 1037 τὸ
491 979 638 1037 εἶναι’
663 985 807 1038 κατὰ
847 983 1108 1056 ἀλήθειαν
1141 983 1264 1046 Υἱὸς
1292 983 1387 1037 καὶ⁹
1417 982 1583 1048 Θεός;

301 1088 322 1123 ι
347 1072 439 1126 Διὸ
487 1073 583 1126 καὶ
626 1072 1075 1144 φιλοτιμούμεθα,
1100 1072 1212 1125 εἴτε
1256 1070 1641 1140 ἐνδημοῦντες,
1683 1068 1795 1121 εἴτε

224 1161 604 1233 ἐκδημοῦντες,
629 1163 914 1234 εὐάρεστοι
944 1161 1094 1232 αὐτῷ
1122 1157 1280 1215 εἶναι.
1300 1162 1436 1223 Τοὺς
1459 1159 1569 1230 γὰρ
1588 1160 1795 1221 πάντας

228 1255 373 1324 ἡμᾶς
402 1254 783 1325 φανερωθῆναι
826 1253 907 1307 δεῖ
941 1252 1250 1325 ἔμπροσθεν
1292 1252 1385 1307 τοῦ
1419 1251 1660 1323 βήματος
1696 1248 1791 1302 τοῦ

226 1343 482 1415 Χριστοῦ,
512 1346 598 1399 ῖνα
636 1345 1020 1415 διακομίσηται
1052 1343 1280 1407 ἕκαστος
1304 1343 1372 1396 τὰ
1400 1342 1529 1396 διατι
1557 1341 1651 1394 τοῦ
1688 1338 1794 1394 σώ-

230 1453 417 1505 ματος,
447 1436 584 1507 πρὸς
608 1436 646 1490 ἃ
670 1435 926 1506 ἔπραξεν,
956 1434 1065 1488 εἴτε
1105 1419 1326 1504 ἀγαθὸν,
1367 1435 1478 1487 εἴτε
1509 1433 1727 1502 φαῦλον,
1766 1452 1786 1484 3

227 1528 290 1579 Εἰ
315 1528 464 1580 πᾶσα
492 1529 604 1590 τοῖς
636 1526 810 1595 ἁγίοις
841 1524 1043 1596 σπουδὴ
1083 1525 1144 1579 τὸ
1172 1514 1493 1596 εὐαρεστεῖν
1514 1523 1592 1593 τῷ
1630 1520 1749 1592 Θεῷ
1771 1562 1788 1588 ,

228 1617 651 1689 φιλοτιμούμεθα
686 1618 744 1672 δὲ
770 1618 999 1672 τοιοῦτοι
1029 1617 1314 1687 φαίνεσθαι
1351 1616 1426 1688 τῷ
1453 1614 1690 1687 Χριστῷ,
1729 1615 1791 1668 τὸ

1902 523 2027 578 est?
2062 519 2247 589 Qualis
2286 529 2549 589 praeterea
2592 512 2917 569 illuminatio
2948 511 3001 565 in
3038 508 3245 591 Christi
3287 507 3471 560 Evan-

1898 615 2038 685 gelio
2076 622 2181 677 est,
2230 611 2280 667 si
2330 611 2444 681 ipse
2492 609 2635 662 Deus
2687 612 2945 667 nonest,
2994 617 3173 672 neque
3228 610 3286 653 ut
3320 599 3464 653 Deus

1897 704 2261 774 gloriﬁcatur?
2293 702 2399 769 Qui
2439 700 2674 768 denique
2703 698 2883 766 imago
2918 695 3008 748 Dei
3050 703 3153 757 est,
3188 693 3232 746 si
3275 707 3338 747 ea
3377 707 3465 768 so-

1897 798 2005 852 lum
2051 796 2288 865 attingit,
2319 810 2438 864 quae
2475 794 2724 847 humanm
2758 798 2881 843 sunt
2921 796 3162 849 naturae,
3205 797 3381 852 neque
3412 784 3464 853 id

1896 888 2078 957 reipsa
2112 886 2341 951 obtinet,
2371 893 2431 938 ut
2458 883 2624 937 Filius
2656 890 2709 935 et
2739 880 2881 934 Deus
2916 877 3023 932 sit?

1971 1076 1992 1110 ι
2033 1058 2100 1113 Ει
2137 1059 2258 1114 ideo
2295 1058 2671 1113 contendimus
2703 1055 2816 1109 sive
2848 1054 3121 1116 absentes,
3164 1052 3278 1105 sive
3313 1064 3453 1118 pra:-

1894 1160 2081 1206 sentes
2119 1136 2332 1220 placere
2383 1148 2479 1202 illi.
2535 1146 2735 1203 Omnes
2787 1146 2930 1198 enim
2973 1158 3071 1197 nos
3129 1140 3462 1196 nianil'estari

1894 1251 2113 1311 oportet
2144 1249 2270 1295 ante
2304 1238 2541 1294 tribunal
2569 1235 2791 1299 Christi,
2824 1243 2882 1287 ut
2925 1232 3123 1287 referat
3174 1230 3465 1298 unusquis-

1895 1346 1999 1401 que
2030 1331 2245 1401 propria
2269 1328 2537 1399 corporis,
2563 1335 2721 1396 prout
2750 1323 2935 1394 gessit,
2962 1323 3074 1377 sive
3107 1321 3325 1385 bonum,
3351 1319 3466 1373 sive

1896 1423 2095 1478 malum
2125 1423 2194 1477 ³⁸.
2229 1442 2248 1474 3
2282 1421 2338 1478 Si
2368 1423 2421 1476 in
2457 1434 2621 1474 unum
2659 1418 2761 1472 hoc
2800 1415 2971 1471 sancti
3004 1412 3320 1469 incumbunt
3349 1424 3465 1464 om-
3516 1424 3527 1429 ε

1893 1528 2010 1577 nes,
2040 1521 2100 1566 ut
2136 1511 2247 1567 Deo
2284 1512 2575 1580 placeant,
2612 1507 3000 1577 repudiatoque
3045 1502 3351 1558 mortalium
3389 1498 3468 1554 τει-

1892 1618 2041 1665 vore,
2074 1601 2337 1670 ejusmodi
2385 1615 2488 1656 nos
2513 1600 2732 1655 Christo
2775 1596 3007 1667 probare
3045 1596 3200 1649 enixe
3242 1601 3469 1647 conten-

226 1684 534 1777 άνθρώποις
578 1707 832 1778 ἀρέσκειν
884 1684 1339 1787 παραιτούμενοι*
1390 1684 1518 1767 πῶς
1551 1704 1610 1756 οὐ
1644 1684 1789 1764 ’Θεὸς

1898 1693 2068 1746 dimus
2097 1712 2111 1747 :
2155 1692 2426 1760 quomodo
2452 1690 2727 1746 Christum
2762 1688 2929 1742 Deutn
2966 1701 3084 1740 esse
3112 1684 3329 1754 planum
3359 1697 3465 1737 non

228 1796 471 1868 ἐναργῶς
497 1798 526 1850 ὀ
555 1796 825 1865 Χριστός;
860 1796 969 1848 Καὶ
1013 1795 1060 1847 εἰ
1106 1796 1282 1865 κρινεῖ
1324 1793 1422 1864 τὴν
1466 1791 1791 1861 οἰκουμένην

227 1890 410 1954 αὐτὸς,
450 1887 568 1951 ἑνὸς
603 1879 741 1942 εἶναι
783 1886 1074 1958 νομοθέτου
1107 1885 1400 1956 λεγομένου
1446 1884 1540 1938 καὶ
1577 1882 1791 1954 κριτοῦ,

227 1981 489 2053 πρόδηλον
522 1981 604 2034 ὅτι
635 1979 890 2035 καὶκατὰ
911 1980 1067 2033 τοῦτο
1086 1978 1218 2042 Θεός
1245 1980 1382 2045 ἐστι,
1406 1977 1500 2030 καὶ
1531 1977 1580 2030 εἰ
1601 1975 1793 2045 γέγονε

228 2073 364 2144 σὰρξ
396 2075 424 2126 ὁ
446 2074 643 2143 Λόγος.
710 2086 713 2091 ’
1626 2066 1629 2071 ’

304 2266 322 2298 ι
343 2246 410 2299 Ἦ
435 2244 543 2316 γὰρ
571 2244 758 2315 ἀγάπη
783 2244 876 2298 τοῦ
900 2242 1035 2297 Θεοῦ
1061 2244 1275 2313 συνέχει
1304 2243 1470 2313 ἡμᾶς,
1502 2241 1793 2311 κρίναντας

227 2336 407 2402 τοῦτο,
473 2338 552 2390 ὅτι
586 2339 634 2389 ει
679 2331 759 2400 εἷς
811 2336 949 2406 ὑπὲρ
988 2335 1204 2388 πάντων
1241 2332 1529 2398 ἀπέθανεν,
1589 2330 1698 2402 ἄρα
1744 2332 1795 2384 οἱ

226 2431 428 2491 πάντες
471 2427 759 2481 ἀπέθανον.
809 2428 919 2481 Καὶ
968 2426 1109 2496 ὑπὲρ
1139 2424 1357 2478 πάντων
1383 2423 1672 2487 ἀπέθανεν,
1707 2422 1794 2475 ἵνα

219 2518 271 2572 οἱ
304 2519 526 2584 ζῶντες,
559 2517 755 2590 μηκέτι
783 2518 994 2581 ἑαυτοῖς
1029 2514 1218 2580 ζῶσιν,
1252 2513 1389 2567 ἀλλὰ
1418 2513 1496 2583 τῷ
1530 2512 1669 2581 ὑπὲρ
1700 2512 1795 2565 αὐ-

221 2608 331 2663 τῶν
360 2607 680 2662 ἀποθανόντι
705 2607 800 2660 καὶ
826 2604 1124 2677 ἐγερθέντι.
1173 2624 1192 2656 3
1222 2607 1282 2658 El
1308 2605 1504 2666 πάντες
1524 2602 1583 2656 ἓν
1605 2605 1792 2673 ἐσμεν,

227 2694 321 2746 καὶ
364 2693 513 2764 αὐτῷ
551 2694 649 2764 ζῇν
694 2692 988 2763 εὐχόμεθα,
1027 2692 1528 2764 κατασεμνύνοντες
1554 2692 1793 2760 δηλονότι

220 2785 313 2836 τὸν
334 2784 543 2837 ἑαυτῶν
566 2783 675 2854 βίον
697 2782 784 2836 διά
810 2799 874 2852 γε
897 2781 991 2836 τοῦ
1013 2786 1213 2855 χρῆναι
1240 2783 1481 2855 πληροῦν
1498 2785 1558 2838 τὸ
1583 2783 1795 2854 θέλημα

226 2875 414 2938 αὐτοῦ,
439 2874 618 2946 ζῶμεν
646 2873 703 2928 δὲ
732 2873 810 2945 τῷ
837 2875 1086 2946 Χριστῷο
1115 2875 1233 2939 πῶς
1265 2876 1326 2929 οὐ
1358 2874 1489 2939 Θεὸς
1517 2876 1600 2944 εἴη
1632 2875 1717 2940 ἂν,
1751 2868 1795 2942 ᾧ

1894 1784 2019 1838 est?
2063 1783 2299 1837 Rursum
2343 1781 2387 1833 si
2425 1780 2517 1834 ille
2560 1791 2827 1833 terrarum
2886 1779 3070 1830 urbem
3126 1775 3464 1844 iudicaturus

1893 1885 1977 1930 est
2011 1872 2134 1945 (uec
2160 1873 2301 1926 enim
2355 1871 2493 1926 alius
2520 1878 2574 1924 et
2602 1869 2740 1924 alius
2769 1877 2856 1923 est
2882 1867 3156 1936 legis-lator
3178 1875 3233 1919 et
3255 1863 3421 1933 judex
3444 1901 3461 1926 ,

1894 1966 1988 2021 sed
2035 1979 2178 2019 unus
2221 1971 2279 2019 et
2323 1962 2464 2016 idem
2497 1960 2587 2029 ”),
2634 1959 2717 2014 vel
2771 1961 2873 2014 hac
2920 1971 3135 2027 quoque
3182 1958 3249 2009 de
3299 1967 3464 2007 causa

1895 2052 2237 2120 perspicuum
2276 2048 2475 2115 evadit,
2521 2047 2663 2116 quod
2704 2047 2844 2102 Deus
2878 2055 2994 2111 est,
3032 2044 3244 2099 tametsi
3284 2045 3464 2097 incarc—

1900 2150 2062 2193 natus
2103 2147 2207 2193 est.

1963 2230 2071 2300 67
2094 2246 2113 2279 ι
2136 2228 2385 2282 Charitas
2412 2226 2554 2280 enim
2590 2224 2788 2280 Christi
2815 2234 2969 2293 urget
2995 2236 3113 2286 nos,
3134 2206 3465 2275 aestimantes

1894 2324 2035 2387 hoc,
2070 2321 2324 2391 quoniam
2377 2317 2421 2374 si
2454 2332 2593 2372 unus
2639 2331 2737 2387 pro
2782 2316 3030 2371 omnibus
3075 2324 3318 2368 mortuus
3350 2321 3463 2376 est,

1895 2428 2025 2483 ergo
2049 2425 2237 2466 omnes
2271 2409 2468 2464 mortui
2500 2416 2644 2464 sunt.
2682 2406 2747 2460 Et
2787 2422 2884 2476 pro
2926 2404 3179 2461 omnibus
3223 2412 3465 2456 mortuus

1895 2514 1977 2558 est
2011 2502 2255 2557 Christus
2276 2539 2293 2567 ,
2326 2509 2385 2555 ut
2420 2509 2475 2555 et
2502 2500 2593 2571 qui
2624 2500 2831 2561 vivunt,
2855 2499 2966 2568 jam
2996 2513 3101 2551 non
3131 2496 3232 2550 sibi
3257 2494 3462 2555 vivant,

1902 2594 1997 2657 sed
2031 2594 2080 2647 ei
2113 2595 2202 2663 qui
2238 2607 2336 2661 pro
2372 2593 2503 2663 ipsis
2535 2603 2782 2646 mortuus
2822 2601 2935 2657 est,
2963 2598 3012 2643 et
3044 2587 3339 2642 resurrexit
3362 2585 3459 2639 “.3

1900 2680 1956 2736 Si
2014 2697 2204 2737 omnes
2257 2697 2420 2736 unum
2482 2681 2533 2734 in
2592 2680 2708 2748 ipso
2760 2695 2966 2745 sumus,
3027 2678 3237 2748 ipsique
3287 2677 3466 2729 vivere

1899 2779 2270 2841 peroptatnus,
2306 2769 2472 2838 vitam
2510 2778 2748 2822 nostram
2782 2783 2886 2822 una
2918 2768 3019 2821 hac
3054 2768 3259 2820 ratione
3298 2765 3467 2818 hone-

1897 2874 2035 2918 stam
2066 2863 2374 2924 reddentes,
2410 2861 2456 2917 si
2485 2861 2690 2918 Christi
2724 2859 3155 2914 obsecundemus
3181 2856 3465 2917 voluntati,

220 2967 534 3037 κεχρεωστή
544 2966 701 3037 μεθα,
724 2967 818 3019 καὶ
840 2967 938 3038 ζῇν
959 2966 1352 3039 σπουδάζομεν,
1371 2968 1449 3031 ὡς
1472 2968 1613 3037 ὑπὲρ
1632 2966 1790 3038 ἡμῶν

1898 2954 2079 3024 illique
2115 2954 2358 3008 vivamus
2398 2968 2414 3006 :
2448 2953 2718 3024 quomodo
2767 2953 2812 3006 is
2859 2951 3002 3005 Deus
3042 2948 3318 3003 habendus
3361 2962 3464 2999 non

218 3055 492 3123 τεθνεῶτι,
519 3056 614 3110 καὶ
642 3055 928 3129 πριαμένῳ
957 3057 1165 3121 πάντας
1193 3058 1387 3129 αἵματι
1418 3056 1494 3129 τῷ
1533 3057 1686 3128 ἰδίῳ;

297 3320 508 3391 «Ὑπὲρ
551 3321 789 3393 Χριστοῦ
832 3318 927 3376 οῦν
975 3322 1372 3394 πρεσϐεύομεν,
1401 3322 1478 3388 ὡς
1520 3320 1615 3376 τοῦ
1652 3321 1789 3376 Θεοῦ

217 3412 659 3484 παρακαλοῦντος
707 3412 772 3467 δι’
803 3412 991 3483 ἡμῶν
1034 3413 1268 3483 δεόμεθα
1322 3414 1464 3485 ὑπὲρ
1511 3411 1747 3485 Χριστοῦ
1772 3452 1788 3479 ,

215 3501 594 3572 καταλλάγητε
626 3501 703 3571 τῷ
724 3502 863 3573 Θεῷ.
891 3521 910 3553 3
930 3500 1294 3572 Ἐπιτὴρησον
1323 3505 1405 3556 ὅτι
1433 3504 1792 3574 πρεσϐεύουσι

224 3590 323 3649 μὲν
350 3590 489 3659 ὑπὲρ
518 3588 781 3660 Χριστοῦ,
808 3589 1241 3660 παρακαλεῖσθαι
1278 3590 1337 3642 δὲ
1362 3591 1613 3659 λέγουσιν
1645 3594 1791 3662 ἡμᾶς

222 3678 328 3731 ὐπὸ
352 3677 444 3730 τοῦ
479 3677 633 3732 Θεοῦ.
682 3673 814 3731 Εἶτα
843 3678 1041 3745 πάλιν,
1080 3697 1098 3730 ι
1127 3678 1390 3750 Δεόμεθα,
1424 3680 1609 3752 φησὶν,
1650 3682 1790 3753 ὑπὲρ

220 3766 478 3837 Χριστοῦ,
510 3766 885 3839 καταλλάγητε
930 3767 1006 3839 τῷ
1052 3768 1188 3840 Θεῷ.
1221 3788 1239 3820 3
1271 3770 1402 3834 Θεὸς
1439 3766 1531 3824 οὖν
1564 3771 1670 3843 ἄρα
1698 3774 1793 3827 καὶ¹

218 3858 470 3930 Χριστὸς,
507 3851 550 3927 ᾧ
580 3858 674 3912 καὶ
702 3859 1155 3931 κατηλλαγμένοι,
1187 3859 1307 3932 Θεῷ
1336 3861 1785 3933 κατηλλάγμεθα.

294 4055 313 4088 ι
338 4036 479 4090 Ἀλλ’
512 4041 571 4093 ὲν
619 4036 779 4089 παντὶ
830 4036 1177 4100 συνιστάντες
1225 4038 1471 4103 ἑαυτοὺς,
1526 4038 1601 4104 ὡς
1653 4039 1789 4093 Θεοῦ

216 4124 471 4180 διάκονοι.
505 4143 525 4175 3
562 4126 622 4179 Ol
654 4123 785 4177 Θεοῦ
816 4125 1097 4195 λεγόμενοι
1133 4122 1273 4180 εἶναι
1310 4126 1566 4190 διάκονοι,
1602 4130 1786 4200 εἴρην-

216 4232 305 4269 ται
330 4215 424 4269 καλ⁹
450 4213 709 4286 Χριστοῦ.
734 4215 865 4280 Θεὸς
887 4211 980 4270 οῦν
1006 4217 1112 4289 ἄρα
1134 4218 1387 4289 Χριστός.
1422 4237 1439 4270 ι
1461 4219 1651 4289 Ἡμεῖς
1674 4222 1781 4290 γὰρ

217 4305 335 4357 ναοί
379 4306 542 4373 ἐσμεν
590 4305 722 4358 Θεοῦ
771 4304 990 4369 ζῶντος,
1038 4305 1219 4371 καθὼς
1259 4302 1411 4360 εἶπεν
1443 4309 1471 4361 ὁ
1502 4308 1672 4375 Θεὸς,
1700 4312 1784 4364 ὅτι

1818 3035 1862 3092 C
1894 3054 1994 3106 est.
2032 3045 2120 3099 cui
2153 3054 2208 3098 et
2239 3031 2457 3099 obnoxii
2493 3059 2699 3109 sumus,
2732 3052 2787 3098 et
2823 3042 2907 3097 cui
2948 3042 3128 3095 vivere
3167 3038 3464 3102 studemus,

1898 3146 2152 3205 tanquam
2199 3135 2273 3190 illi
2317 3135 2408 3204 qui
2458 3135 2631 3190 nostri
2679 3149 2840 3189 causa
2881 3142 3108 3188 mortem
3147 3129 3462 3199 oppetierit,

1894 3240 2102 3293 suoque
2132 3225 2394 3289 sanguine
2418 3239 2609 3279 omnes
2638 3223 2938 3279 coemerit?

1972 3332 1991 3365 ι
2033 3313 2139 3368 Pro
2164 3314 2386 3369 Christo
2417 3320 2551 3384 ergo
2577 3313 2845 3383 legatione
2874 3311 3169 3383 fungimur,
3206 3319 3463 3380 tanquam

1893 3404 2003 3457 Deo
2033 3402 2357 3458 exhortante
2396 3418 2492 3472 per
2550 3418 2650 3458 nos
2677 3415 2693 3455 :
2725 3401 3076 3456 obsecramus
3106 3415 3203 3468 pro
3224 3398 3462 3463 Christo,

1898 3490 2325 3545 reconciliamini
2360 3489 2470 3545 Deo
2492 3488 2560 3545 ⁸³.
2596 3509 2615 3542 3
2669 3487 2910 3545 Observa
2949 3488 3066 3553 hic,
3096 3486 3235 3557 quod
3263 3486 3463 3541 Christi

1894 3580 2108 3634 nomine
2140 3581 2407 3649 legatione
2444 3579 2734 3650 fungantur
2769 3578 3031 3649 apostoli,
3079 3578 3328 3646 quodque
3368 3592 3465 3644 per

1891 3688 1950 3727 se
1978 3686 2074 3726 nos
2107 3685 2137 3724 a
2174 3669 2282 3724 Deo
2312 3670 2598 3725 admoneri
2648 3679 2913 3724 asserunt.
2962 3668 3161 3722 Deinde
3201 3683 3413 3722 rursum
3443 3684 3459 3721 :

1905 3785 1923 3818 ι
1962 3765 2357 3825 Obsecremus,
2390 3759 2563 3829 inquit
2586 3798 2603 3823 ,
2652 3775 2750 3828 pro
2785 3759 3021 3819 Christo,
3045 3756 3461 3812 reconciliamini

1891 3858 2022 3912 Deo.
2055 3875 2075 3908 3
2109 3853 2250 3909 Deus
2282 3853 2464 3920 itaque
2495 3859 2579 3904 est
2610 3850 2877 3915 Christus,
2907 3850 3102 3918 quippe
3147 3847 3232 3903 cui
3270 3861 3460 3901 recon-

1891 3948 2083 4012 ciliati,
2119 3946 2227 4001 Deo
2253 3941 2590 3999 reconciliati
2625 3955 2837 3995 sumus.

1971 4057 1989 4090 ι
2030 4039 2134 4093 Sed
2164 4039 2215 4091 in
2246 4036 2498 4091 omnibus
2524 4035 2876 4090 exhibeamus
2909 4031 3289 4094 nosmetipsos,
3318 4031 3459 4083 sicut

1892 4131 1985 4187 Dei
2019 4131 2295 4186 ministros
2322 4128 2393 4183 δ’.
2430 4148 2450 4182 3
2501 4128 2601 4194 Qui
2655 4127 2742 4181 hic
2782 4125 2871 4179 Dei
2919 4123 3148 4176 ministri
3186 4122 3460 4186 dicuntur,

1891 4223 1945 4277 hi
1995 4222 2123 4278 alibi
2170 4220 2371 4277 Christi
2421 4219 2656 4274 ministri
2702 4218 3057 4287 appellantur.
3105 4216 3245 4270 Deus
3281 4214 3462 4281 itaque

1890 4300 2161 4368 Christus:
2225 4329 2243 4362 ι
2300 4311 2408 4365 Vos
2466 4309 2608 4365 enim
2663 4292 2792 4365 estis
2846 4308 3101 4376 templum
3154 4307 3250 4362 Dei
3308 4306 3461 4369 vivi,

232 4398 524 4469 Ἐνοικήσω
542 4401 598 4452 ὲν
629 4399 834 4465 αὐτοῖς,
852 4399 948 4452 καὶ
964 4400 1311 4471 ὲμπεριπατή
1321 4417 1398 4454 σω
1414 4417 1429 4431 υ
1466 4402 1562 4454 καὶ
1581 4401 1776 4473 ἔσομαι

1898 4405 2027 4458 sicut
2081 4403 2211 4458 dicit
2252 4402 2392 4457 Deus
2434 4401 2809 4467 {Inhabitabo
2852 4400 2906 4454 in
2949 4400 3075 4461 illis,
3121 4410 3175 4453 et
3218 4399 3463 4452 inambu-

216 4487 397 4541 αὐτῶν
427 4488 579 4554 Θεὸς,
621 4491 715 4543 καὶ
747 4490 901 4542 αὐτοὶ
929 4488 1139 4543 ἔσονταί
1190 4508 1280 4561 μοι
1326 4490 1474 4555 λαός.
1504 4511 1523 4543 3
1571 4492 1635 4545 Et
1668 4494 1787 4546 ναοὶ

1892 4494 2014 4550 labo
2062 4511 2076 4547 :
2135 4504 2191 4547 et
2232 4508 2326 4548 ero
2379 4492 2587 4547 illorum
2656 4493 2825 4558 Deus,
2875 4499 2928 4544 et
2973 4491 3072 4558 ipsi
3124 4496 3285 4545 erunt
3334 4486 3460 4541 mihi

217 4577 355 4631 Θεοῦ
400 4579 599 4645 ζῶντός
648 4583 849 4650 ἐσμεν,
896 4580 971 4644 ὡς
1023 4581 1356 4644 ἐνοικοῦντος
1412 4584 1470 4636 ὲν
1517 4584 1646 4654 ἡμῖν
1693 4583 1786 4637 τοῦ

1898 4574 2260 4656 papulus".'3
2298 4583 2355 4639 Si
2388 4585 2492 4639 vivi
2538 4583 2630 4639 Dei
2685 4581 2877 4650 templa
2921 4596 3130 4644 sumus,
3179 4577 3343 4632 veluti
3380 4576 3464 4628 iu-

218 4666 551 4739 Ιινεύματος,
578 4668 607 4721 ὃ
654 4669 747 4722 καὶ
790 4665 927 4722 εἶναι
969 4669 1184 4738 λέγεται
1218 4670 1313 4724 τοῦ
1346 4671 1581 4742 Χριστοῦ
1613 4672 1674 4744 (ι
1708 4674 1774 4727 Εἰ

217 4757 325 4829 γάρ
355 4775 461 4821 τις,
492 4759 644 4829 φησὶ,
673 4759 896 4830 Πνεῦμα
933 4758 1168 4830 Χριστοῦ
1196 4761 1298 4814 οὐκ
1338 4760 1473 4831 ἔχει,
1503 4756 1656 4827 οὗτος
1685 4764 1786 4818 οὐκ

216 4849 367 4902 ἔστιν
394 4849 557 4902 αὐτοῦ
582 4869 601 4902 3
624 4850 674 4920 )·
703 4849 819 4915 πῶς
849 4850 909 4904 οὐ
944 4851 1074 4915 Θεὸς
1101 4852 1130 4904 ὁ
1154 4853 1421 4923 Χριστόςς

294 5040 314 5074 ι
344 5024 671 5093 Δογισμούς,
703 5023 857 5094 φησι,
887 5022 1291 5092 καθαιροῦντες,
1319 5023 1412 5076 καὶ
1451 5026 1560 5080 πᾶν
1586 5024 1786 5100 ὕψωμα

217 5115 574 5184 ἐπαιρόμενον
596 5115 736 5168 κατὰ
759 5114 857 5182 τῆς
884 5114 1135 5182 γνώσεως
1161 5113 1256 5168 τοῦ
1278 5114 1435 5180 Θεοῦ,
1465 5117 1559 5169 καὶ
1584 5120 1785 5189 αἰχμα-

216 5204 535 5269 λωτίζοντες
557 5207 664 5261 πᾶν
687 5206 864 5278 νόημα
885 5206 963 5268 εἰς
987 5205 1084 5276 τὴν
1108 5205 1352 5276 ὑπακοὴν
1377 5207 1467 5259 τοῦ
1488 5209 1775 5279 Χριστοῦ.»

1894 4678 2170 4733 habitante
2209 4678 2261 4731 in
2297 4676 2453 4731 nobis
2499 4676 2724 4747 Spiritu,
2757 4672 2850 4744 qui
2897 4682 2950 4728 et
2995 4671 3194 4726 Christi
3247 4681 3463 4740 quoque

1893 4768 2130 4835 Spiritus
2183 4780 2304 4822 esse
2354 4766 2552 4820 dicitur
2599 4765 2705 4835 (ait
2752 4764 2895 4819 enim
2944 4760 3279 4832 Apostolus:
3331 4776 3352 4811 ι
3404 4758 3463 4811 Si

1893 4858 2014 4925 quis
2066 4857 2269 4911 Christi
2328 4855 2589 4924 Spiritum
2648 4869 2752 4909 non
2815 4852 3013 4917 habet,
3067 4852 3158 4906 hic
3211 4865 3313 4904 non
3383 4856 3466 4915 est

1892 4945 2009 5013 ejus
2041 4942 2091 5016 3)
2126 4961 2139 4996 :
2170 4945 2437 5013 quomodo
2465 4942 2717 4998 Christus
2754 4957 2858 4996 non
2897 4950 2979 4997 est
3014 4940 3194 4995 Deus?

1970 5053 1989 5087 ι
2048 5035 2283 5089 Consilia
2331 5035 2704 5099 destruentes,
2752 5043 2807 5088 et
2855 5048 3067 5088 omnem
3121 5028 3461 5084 altitudinem

1892 5128 2236 5182 extollentem
2263 5140 2322 5181 se
2348 5128 2607 5181 adversus
2636 5126 2919 5181 scientiam
2951 5123 3075 5185 Dei,
3108 5130 3162 5177 et
3194 5122 3246 5174 in
3297 5117 3464 5186 capti-

1889 5216 2109 5272 vitatem
2174 5216 2479 5286 redigentes
2536 5231 2750 5273 omnem
2805 5216 3136 5271 intellectum
3189 5211 3240 5265 in
3303 5207 3461 5263 obse-

277 5339 321 5370 ³⁸
350 5339 531 5396 IlCor.
556 5356 605 5409 v,
634 5340 685 5395 9.
765 5341 807 5375 ”
836 5339 950 5396 Jac.
987 5354 1060 5406 tv,
1093 5340 1178 5394 12.
1252 5340 1298 5373 ⁸⁸
1332 5339 1371 5393 ll
1402 5340 1525 5395 Cor.
1557 5357 1608 5407 ν,
1644 5343 1729 5408 14,
1771 5344 1790 5398 1

1931 5345 1974 5379 δι
2006 5345 2047 5401 ll
2067 5346 2188 5403 Cor.
2212 5362 2264 5412 ν,
2287 5349 2381 5404 20.
2457 5348 2499 5381 “
2529 5348 2571 5404 ΙΙ
2600 5348 2723 5405 Cor.
2749 5362 2824 5415 γι,
2847 5347 2899 5402 4.
2975 5345 3019 5377 ⁸³
3051 5342 3208 5410 ibid.,
3240 5339 3327 5397 16.

1301 5496 1472 5554 Varia:
1497 5499 1757 5559 lectiones
1785 5504 1982 5562 codicis
2012 5504 2365 5577 Seguicriani.

294 5622 319 5649 η
352 5609 476 5664 ἴδια.
530 5609 538 5617 ’
