3970 6136
285 241 358 296 ιε
371 239 427 293 i5

1379 237 1466 291 os
1508 236 1733 293 tuseu
1774 236 1931 295 nos
1972 241 2060 294 AD
2100 221 2418 297 RECINAS.

3400 238 3537 294 1256

286 358 553 434 ρούμεθα,
586 357 1000 428 συγκλειόμενοι
1055 359 1134 420 εἰς
1189 357 1290 429 τὴν
1348 360 1647 430 μέλλουσαν
1681 363 1863 418 πίστιν

1969 366 2361 430 stodiebaniur,
2392 359 2633 419 conclusi
2662 358 2716 413 in
2745 370 2866 413 eam
2905 356 3085 418 Iidem,
3109 369 3228 424 qua:
3252 355 3534 410 revelanda

283 448 769 519 ἀποκαλυφθῆναιθ
820 447 960 501 ὥστε
1011 450 1041 502 6
1089 447 1256 519 νόμος
1305 451 1652 521 παιδαγωγὸς
1699 454 1857 526 ήμῶν

283 542 507 617 γέγονεν
553 542 633 602 εἰς
680 539 936 610 Χριστὸν,
970 539 1059 593 ἵνα
1092 542 1156 593 ἐκ
1184 541 1420 606 πίστεως
1456 543 1852 616 δικαιωθῶμεν.

297 629 587 699 Ἐλθούσης
613 629 669 682 δὲ
697 628 797 699 τῆς
824 629 1059 694 πίστεως
1079 671 1092 694 ,
1119 633 1217 686 οὐκ
1245 632 1325 686 ἔτι
1368 634 1471 687 ὑπὸ
1517 635 1860 705 παιδαγωγόν

285 720 473 789 ἐσμεν.
509 720 714 779 Πάντες
760 716 871 788 γὰρ
910 719 1017 770 υἱοὶ
1058 718 1195 771 Θεοῦ
1231 721 1352 774 ἐστε
1383 721 1472 776 διὰ
1502 724 1601 793 τῆς
1626 723 1862 789 πίστεως

285 812 343 862 ὲν
389 808 609 880 Χριστῷ
661 808 1022 879 Ἰησοῦ.⁹⁸οσοι
1060 810 1170 881 γάρ
1221 813 1301 875 εἰς
1352 814 1587 883 Χριστὸν
1634 816 1862 869 ἐϐαπτίο

293 899 478 969 σθητε,
520 898 753 969 Χριστὸν
797 897 1192 970 ὲν[ε]δύσασθε.
1225 918 1245 952 ι
1282 902 1344 954 Ei
1369 902 1716 971 παιδαγωγὸς
1737 900 1806 974 ἦν
1834 905 1862 957 ὁ

287 990 469 1059 νόμος,
499 989 600 1042 οὐκ
630 989 717 1056 ἐφ’
742 989 930 1055 ἕτερον
957 989 1266 1060 ἀναφέρων,
1305 992 1444 1063 πλὴν
1471 993 1553 1045 ὅτι
1582 993 1745 1062 μόνον
1770 994 1863 1045 ἐπὶ

287 1080 542 1151 Χριστὸν,
584 1079 763 1133 καίτοι
789 1081 888 1148 τῆς
911 1079 1147 1148 ἀληθοῦς
1191 1081 1522 1150 Θεογνωσιας
1545 1084 1863 1148 διδάσκαλος

288 1169 381 1236 ὣν,
414 1169 533 1232 πῶς
577 1171 639 1223 οὐ
684 1169 818 1232 Θεὸς
863 1171 894 1222 6
935 1168 1203 1241 Χριστόςς
1256 1174 1365 1226 Καὶ
1408 1176 1456 1226 εἰ
1510 1178 1861 1243 καταργεῖται

289 1260 449 1329 νόμος
491 1260 581 1313 διὰ
628 1260 730 1331 τῆς
771 1261 1009 1325 πίστεως
1053 1263 1149 1334 τῆς
1198 1266 1276 1327 εἰς
1306 1265 1490 1330 αὐτὸν,
1523 1267 1617 1319 καὶ
1658 1265 1718 1319 τὸ
1763 1267 1863 1336 τῆς

248 1352 667 1426 δπαιδαγωγίας
725 1353 876 1424 αὐτῷ
925 1354 1080 1418 τέλος
1130 1357 1518 1426 παραδίδωσιν,
1550 1357 1625 1421 ὡς
1678 1359 1759 1421 εἰς
1802 1358 1863 1410 τὸ

288 1445 456 1515 ἄκρον
480 1444 682 1511 ἀγαθὸν
712 1446 998 1516 ἀναφέρων
1023 1448 1150 1511 τοὺς
1177 1448 1730 1519 παιδαγωγουμένους
1747 1466 1760 1479 °
1801 1450 1863 1502 τὸ

288 1535 346 1590 δὲ
378 1536 457 1599 εἰς
489 1536 644 1605 λῆξιν
667 1534 868 1603 ἀγαθὸν
890 1537 979 1606 ἐῐη
1008 1536 1072 1591 ἂν
1100 1538 1286 1608 ἕτερον
1314 1538 1468 1591 οὐδὲν
1498 1540 1650 1610 παρά
1674 1556 1738 1607 γε
1763 1538 1862 1610 τὴν

289 1627 386 1693 τῆς
411 1624 645 1696 ἀληθοῦς
684 1625 1013 1693 θεογνωσίας
1043 1626 1248 1697 εἴδησιν
1268 1644 1282 1657 ⁸
1321 1628 1439 1691 πῶς
1470 1627 1534 1680 ἂν
1568 1628 1860 1681 ὲνδοιάσειέ

1965 471 2100 515 erat.
2135 460 2319 528 Itaque
2347 458 2432 511 lex
2466 457 2789 524 paedagogus
2818 448 2932 521 69
2960 454 3143 501 noster
3175 445 3357 501 l'nit’in
3390 446 3539 501 Chri-

1965 561 2071 615 sto,
2099 559 2156 605 ut
2187 566 2250 605 ex
2291 548 2393 604 title
2418 547 2798 617 iustiﬁcemur.
2835 545 2904 599 At
2936 544 3025 598 ubi
3066 544 3211 597 venit
3258 541 3389 595 οδες
3427 542 3535 609 jam

1962 655 2067 695 non
2114 657 2301 695 sumus
2348 639 2449 695 sub
2500 637 2828 707 paedagogo:
2878 651 3066 690 omnes
3104 636 3245 688 enim
3297 633 3389 687 (ibi
3443 633 3534 686 Dei

1961 733 2092 786 estis
2120 748 2216 801 per
2263 731 2420 784 [idem
2470 730 2522 784 iu
2561 730 2777 784 Christo
2817 726 2964 780 Jesu.
3029 726 3345 791 Quicunque
3395 724 3535 775 cutim

1963 822 2017 876 in
2058 821 2272 876 Christo
2302 819 2557 888 baptizati
2599 818 2755 884 estis,
2806 815 3080 871 Christum
3133 813 3386 868 induistis
3412 813 3478 865 δ’.
3512 832 3531 861 ι

1964 908 2032 965 Si’
2058 911 2138 965 lex
2169 912 2488 979 paedagogus
2513 919 2650 972 erat,
2680 908 2821 962 haud
2851 909 2916 959 ad
2947 906 3111 960 alium
3152 919 3250 959 nos
3300 904 3538 970 dirigens

1964 1017 2123 1070 quam
2155 1003 2221 1054 ad
2249 1001 2422 1053 solum
2459 1000 2761 1064 Christum,
2790 999 3040 1067 quamvis
3072 997 3166 1051 Dei
3213 996 3536 1064 cognitionis

1963 1100 2109 1146 esset
2153 1090 2428 1156 magistra,
2461 1091 2734 1159 quomodo
2786 1088 3036 1143 Christus
3085 1104 3190 1142 non
3238 1099 3319 1143 est
3358 1087 3537 1141 Deus?

1963 1181 2195 1236 Rursum
2225 1182 2267 1235 si
2298 1183 2380 1234 lex
2412 1194 2505 1250 per
2540 1180 2720 1246 fidem,
2752 1194 2872 1249 quae
2901 1188 2985 1234 est
3023 1181 3076 1233 in
3126 1180 3320 1248 ipsum,
3355 1178 3540 1231 abole—

1965 1282 2075 1336 tur,
2097 1271 2453 1339 eamdemque
2477 1287 2504 1323 a
2529 1270 2852 1340 paedagogia!
2876 1283 3101 1322 munere
3126 1267 3356 1321 absolvit
3380 1265 3537 1326 ﬁdes,

1965 1372 2216 1428 tanquam
2260 1375 2378 1429 quae
2427 1358 2702 1414 institutos
2749 1360 2813 1412 ad
2872 1373 3143 1414 summum
3188 1358 3299 1427 jam
3337 1358 3537 1411 bonum

1962 1452 2242 1516 evexerit;
2309 1467 2580 1504 summum
2627 1460 2804 1504 autem
2859 1449 3059 1504 bonum
3108 1464 3211 1502 non
3263 1455 3344 1502 est
3390 1445 3533 1499 aliud

1964 1557 2124 1611 quam
2178 1541 2413 1610 perfecta
2460 1541 2705 1595 veritatis
2753 1542 3055 1610 divinaeque
3118 1540 3323 1595 uetiti-.0
3362 1539 3535 1593 scien-

1965 1633 2088 1685 tia:
2151 1631 2236 1685 cui
2291 1632 2603 1698 ambiguum
2649 1647 2767 1686 esse
2813 1642 3028 1700 potest,
3095 1632 3222 1700 quin
3277 1629 3417 1683 Deus
3465 1628 3571 1681 sit'

287 1732 395 1780 τις,
425 1717 506 1769 ὅτι
535 1716 665 1779 Θεός
695 1719 848 1781 sm;
878 1717 1269 1786 Βαπτιζόμενοι
1297 1718 1355 1772 δὲ
1389 1719 1468 1781 εἰς
1504 1720 1745 1789 Πατέρα,
1766 1718 1860 1770 καὶ

1968 1720 2256 1776 Christus?
2301 1720 2562 1788 Baptizati
2614 1730 2794 1775 autem
2837 1721 2889 1773 in
2931 1718 3187 1784 Patrem,
3219 1728 3269 1772 et
3314 1717 3536 1778 Filium,

286 1806 436 1872 Υἱὸν,
467 1808 559 1860 καὶ
590 1808 742 1874 ἅγιον
777 1808 1023 1878 Πνεῦμα,
1061 1808 1176 1871 πῶς
1218 1810 1297 1871 εἰς
1332 1809 1566 1878 Χριστὸν
1605 1806 1863 1879 βεϐαπτίο

291 1896 488 1967 σμεθα,
518 1898 673 1966 εἰπερ
693 1898 844 1950 ἐστὶν
871 1898 969 1967 οὐχ
1000 1898 1128 1960 Υἱὸς
1153 1897 1376 1969 ἀληθὴς,
1398 1899 1574 1953 καίτοι
1603 1897 1698 1951 τοῦ
1721 1898 1865 1952 κατὰ

291 1989 451 2060 φύσιν
484 1988 598 2051 ἑνὸς
629 1988 780 2053 ὄντος
816 1988 977 2055 Υὶοῦ;
1031 1989 1188 2043 Ἀλλὰ
1217 1991 1324 2062 μὴν
1371 1992 1451 2054 εις
1500 1989 1661 2042 αὑτὸν
1704 1988 1865 2059 βεϐα-

288 2081 586 2151 πτὶσμεθα·
618 2079 751 2144 Θεὸς
778 2076 870 2134 οὗν
899 2080 1008 2151 ἄρα
1037 2082 1185 2134 ἐστὶν
1219 2082 1295 2146 ὡς
1325 2082 1454 2144 Υἱὸς
1497 2077 1599 2146 εἷς,
1624 2082 1717 2134 καὶ
1749 2080 1864 2135 Κύ-

289 2190 403 2245 ριος
435 2169 536 2239 εἷς,
569 2171 691 2226 καθ’
717 2172 913 2226 ἕνωσιν
946 2173 1297 2245 οἰκονομικὴν
1338 2174 1540 2245 σαρκὸς
1580 2173 1864 2242 γεγονότος

284 2264 381 2321 τοῦ
411 2264 607 2332 Λόγου.

364 2371 387 2407 ε
424 2356 582 2413 Ἀλλά
611 2355 730 2409 τότε
763 2355 862 2425 μὲν
884 2356 982 2409 οὐκ
1003 2354 1201 2418 ειδότες
1217 2354 1368 2419 Θεὸν,
1383 2354 1729 2408 ἐδουλεύσατε
1750 2356 1863 2417 τοῖς
1902 2416 1905 2419 _

286 2447 448 2515 φύσει
481 2447 555 2518 μὴ
585 2443 702 2501 οὖσι
746 2447 889 2511 θεοῖς
909 2448 1070 2501 ’νυνὶ
1116 2447 1176 2500 δὲ
1213 2446 1435 2516 γνόντες
1461 2447 1613 2510 Θεὸν,
1661 2446 1861 2517 μᾶλλον

286 2535 342 2592 δὲ
373 2538 703 2606 γνωσθέντες
725 2538 829 2590 ὑπὸ
859 2536 1014 2599 Θεοῦ,
1040 2537 1157 2601 πῶς
1185 2536 1543 2606 ἐπιστρέφετε
1578 2537 1742 2590 πάλιν
1769 2537 1862 2591 επὶ

285 2627 356 2682 τὰ
386 2628 586 2698 ἀσθενῆ
619 2629 713 2682 καὶ
746 2627 938 2698 πτωχὰ
965 2632 1242 2698 στοιχεῖα;
1275 2648 1294 2680 ι
1344 2629 1408 2681 El
1451 2628 1585 2682 Θεὸν
1629 2630 1863 2699 ἐγνώκα-

290 2737 387 2791 μεν
413 2719 799 2789 ὁμολογοῦντες
829 2721 1085 2791 Χριστὸν,
1114 2722 1208 2773 καὶ
1239 2719 1507 2788 ὲγνῶσθαξ
1549 2737 1729 2792 φαμεν
1755 2716 1861 2775 ὕπὸ

284 2812 378 2866 τοῦ
424 2811 581 2877 Θεοῦ,
607 2811 942 2879 γνωσθέντες
985 2811 1169 2883 αὐτῷ,
1223 2813 1340 2877 πῶς
1383 2813 1443 2865 οὐ
1488 2812 1620 2876 Θεὸς
1663 2814 1691 2866 6
1725 2814 1857 2884 Χρι-

288 2904 442 2968 στός;

363 2994 558 3066 (Ἐμοὶ
603 2995 660 3048 δὲ
717 2995 792 3067 μὴ
837 2995 1046 3064 γένοιτο
1092 2996 1420 3067 καυχᾶσθαι,
1451 2998 1500 3052 εἰ
1552 2999 1627 3070 μὴ
1678 3000 1735 3052 ὲν
1778 2996 1931 3091 τερ-ε

1965 1822 2020 1867 ει
2074 1811 2335 1882 Spiritum
2376 1821 2660 1878 Sanctum,
2707 1813 2974 1879 quomodo
3022 1810 3073 1864 in
3116 1810 3390 1864 Christum
3440 1808 3538 1862 ba-

1964 1903 2157 1973 ptizati
2208 1901 2459 1965 dicimur,
2496 1901 2541 1955 si
2590 1899 2842 1955 Christus
2890 1914 2993 1952 non
3034 1908 3115 1951 est
3151 1913 3310 1951 verus
3343 1895 3537 1958 Filius,

1963 2007 2085 2046 cum
2111 2006 2253 2045 unus
2283 2000 2490 2044 tantum
2523 1991 2597 2045 sit
2625 2002 2817 2046 natura
2850 1987 3059 2043 Filius?
3084 1988 3243 2056 Atqui
3276 1986 3328 2039 in
3360 1986 3534 2055 ipsum

1960 2081 2220 2150 baptizati
2257 2096 2484 2136 sumus:
2522 2080 2663 2135 Deus
2695 2083 2859 2150 igitur
2891 2091 2973 2136 est
3001 2091 3059 2134 ut
3088 2078 3257 2134 Filius
3290 2094 3453 2142 unus,
3482 2086 3539 2131 et

1963 2169 2225 2224 Dominus
2266 2185 2427 2233 unus,
2482 2183 2604 2224 cum
2653 2185 2750 2239 per
2796 2168 3015 2224 unionis
3069 2169 3533 2237 dispensationem

1965 2259 2199 2316 Verbum
2231 2276 2356 2315 caro
2381 2260 2582 2315 factum
2615 2260 2705 2315 sit.

2038 2370 2056 2403 ι
2091 2349 2196 2406 Sed
2235 2361 2364 2406 tunc
2394 2352 2613 2420 quidem
2653 2352 2967 2418 ignorantes
2995 2348 3185 2415 Deum,
3215 2349 3281 2403 iis
3310 2347 3400 2417 qui
3436 2362 3535 2400 na-

1965 2451 2083 2496 tura
2121 2458 2225 2497 non
2267 2452 2393 2496 sunt
2438 2442 2532 2505 dii,
2570 2441 2932 2497 serviebatis:
2987 2455 3130 2494 nunc
3177 2447 3355 2492 autem
3411 2452 3533 2491 cum

1962 2533 2324 2603 cognoveritis
2377 2531 2570 2598 Deum,
2614 2533 2723 2587 imo
2754 2531 2956 2602 cogniti
2996 2531 3116 2585 sitis
3158 2544 3187 2584 a
3228 2529 3357 2591 Deo,
3402 2542 3528 2595 quo-

1962 2624 2121 2678 modo
2147 2624 2524 2678 convertimini
2560 2624 2753 2678 iterum
2786 2622 2852 2677 ad
2898 2621 3109 2675 inllrma
3142 2628 3197 2675 et
3231 2634 3396 2689 egena
3424 2617 3535 2671 ele—

1962 2722 2141 2767 menta
2158 2711 2248 2765 “‘l
2289 2731 2307 2764 ι
2341 2712 2397 2769 Si
2442 2713 2718 2769 Christum
2772 2713 3085 2783 proﬁtentes
3126 2709 3292 2765 Deum
3340 2725 3538 2778 cogno-

1960 2801 2159 2868 vimus,
2190 2814 2244 2858 et
2275 2803 2473 2875 cogniti
2507 2818 2536 2858 a
2566 2802 2805 2870 Christo,
2836 2805 3034 2873 cogniti
3065 2804 3294 2858 dicimur
3327 2815 3356 2855 a
3395 2801 3531 2867 Deo,

1961 2898 2233 2964 quomodo
2264 2895 2513 2951 Christus
2551 2909 2658 2949 non
2684 2903 2766 2949 est
2802 2894 2976 2948 Deus?

2039 3002 2061 3036 ι
2096 2983 2224 3040 Mihi
2254 2995 2433 3041 autem
2464 2984 2604 3040 absit
2634 2984 2886 3054 gloriari,
2920 2984 3020 3038 nisi
3054 2983 3107 3036 in
3136 2997 3296 3037 cruce
3323 2980 3534 3035 Domini

277 3085 508 3156 ’σταυρῷ
531 3084 625 3139 τοῦ
653 3087 858 3157 Κυρίου
889 3087 1047 3158 ἡμῶν
1081 3088 1258 3160 Ἰησοῦ
1285 3088 1549 3160 Χριστοῦ,
1572 3084 1713 3144 διὀὗ
1734 3091 1858 3160 ἐμοὶ

1968 3074 2135 3130 nostri
2173 3074 2299 3130 Jesu
2334 3073 2537 3130 Christi
2561 3113 2577 3140 ,
2607 3088 2705 3143 per
2732 3087 2889 3142 quem
2925 3073 3052 3126 mihi
3097 3072 3329 3125 mundus
3360 3070 3536 3123 cruci-

286 3175 490 3246 κόσμος
514 3175 876 3245 ἐσταύρωται,
910 3176 1067 3247 κάγὼ
1086 3177 1166 3249 τῷ
1198 3180 1409 3252 κόσμῳ.
1443 3198 1464 3233 ›
1502 3180 1560 3236 '0
1590 3181 1859 3253 μακάριος

1968 3165 2104 3221 flxus
2131 3174 2233 3234 est,
2260 3175 2316 3220 et
2360 3180 2463 3235 ego
2501 3164 2702 3219 mundo
2724 3163 2791 3218 ⁵¹.
2835 3183 2855 3216 ι
2904 3163 3099 3216 Beatus
3138 3161 3301 3215 David
3345 3160 3534 3213 cauit:

278 3265 475 3335 ψάλλει
503 3268 664 3322 Δαυῖδ
684 3283 697 3297 ’
733 3287 751 3320 t
781 3270 1142 3342 Καυχήσομαι
1172 3272 1266 3325 ἐπὶ
1290 3272 1369 3344 τῷ
1396 3271 1513 3345 Θεῷ
1543 3273 1624 3346 τῷ
1643 3273 1859 3346 Σωτῆρι

289 3373 414 3427 μου.
446 3360 634 3412 »Ἔστι
663 3360 718 3412 δὲ
745 3360 906 3428 σοφὸς
928 3360 1020 3413 καὶ
1045 3362 1388 3434 ἁγιοπρεπὴς
1413 3367 1441 3417 6
1461 3363 1617 3432 λόγος
1635 3383 1650 3397 ο
1667 3366 1726 3419 οὐ
1747 3367 1858 3435 γὰρ

285 3450 344 3500 ὲν
395 3447 667 3517 ἀνθρώπῳ
729 3449 1233 3518 κατασεμνύνεσθαι
1281 3452 1388 3522 χρὴ
1438 3453 1638 3523 μᾶλλον
1687 3456 1856 3523 ἡμᾶς,

284 3536 400 3589 ἀλλ’
435 3537 528 3590 ἐπὶ
553 3536 689 3606 Θεῷ.
720 3538 846 3600 Πῶς
879 3533 975 3590 οὖν
1003 3540 1030 3591 ό
1067 3540 1279 3602 Παῦλος
1317 3543 1375 3593 ὲν
1403 3542 1482 3610 τῷ
1522 3542 1741 3611 σταυρῷ
1768 3542 1858 3594 τοῦ

284 3622 524 3694 Χριστοῦ
549 3624 856 3693 καυχᾶσθαι
883 3640 1077 3696 φησινς
1107 3626 1258 3678 Ἔδει
1282 3627 1386 3699 γὰρ
1412 3627 1608 3697 μᾶλλον
1633 3629 1725 3681 ἐπὶ
1742 3626 1862 3698 Θεῷ

287 3715 447 3771 τοῦτο
488 3717 620 3787 δρᾷν
645 3732 661 3748 ο
713 3716 914 3780 σκοπὸς
961 3717 1070 3788 γὰρ
1113 3711 1268 3780 οὗτος
1306 3720 1420 3782 τοῖς
1454 3718 1636 3782 ἄλλοις
1661 3718 1856 3785 ἁγίοις.

1967 3279 1986 3312 ι
2028 3257 2315 3315 Gloriabor
2358 3257 2411 3312 in
2452 3254 2563 3312 Deo
2609 3255 2835 3310 salutari
2878 3269 2999 3309 meo
3030 3254 3107 3307 "l
3150 3270 3168 3307 ι
3219 3250 3415 3319 Utique
3449 3264 3536 3304 sa-

1960 3353 2136 3420 piens,
2168 3359 2222 3404 et
2245 3359 2436 3405 sancto
2465 3349 2584 3403 viro
2613 3347 2942 3403 conveniens
2972 3346 3175 3401 dictum
3204 3361 3218 3398 :
3253 3356 3358 3396 non
3390 3341 3535 3395 enim

1964 3443 2016 3494 in
2051 3442 2270 3495 homine
2307 3440 2526 3509 gloriari
2564 3441 2719 3495 nobis
2749 3439 2833 3495 fas
2865 3448 2967 3504 est,
3002 3438 3095 3493 sed
3130 3437 3182 3491 in
3227 3437 3355 3491 Deo.
3394 3437 3538 3501 Quo-

1965 3532 2126 3584 modo
2158 3546 2288 3599 ergo
2319 3531 2519 3584 Paulus
2550 3531 2606 3584 in
2632 3544 2795 3585 cruce
2821 3530 3028 3583 Domini
3061 3528 3278 3599 gloriari
3308 3542 3367 3582 se
3400 3541 3539 3597 pra:—

1964 3622 2134 3683 dicat,
2185 3634 2307 3672 cum
2355 3620 2409 3672 in
2447 3618 2557 3673 Deo
2587 3622 2764 3687 potius
2795 3620 2845 3674 id
2889 3620 3001 3673 ﬁeri
3047 3618 3367 3687 oporteret?
3400 3616 3535 3670 Nam

1966 3709 2056 3765 hic
2082 3707 2310 3760 aliorum
2340 3716 2648 3761 sanctorum
2695 3722 2892 3776 scopus
2938 3722 3153 3775 semper
3185 3708 3415 3761 exstitit.
3446 3708 3538 3761 At-

302 3806 438 3859 ‘AZ‘A’
470 3807 733 3879 ὑπάρχων
762 3806 1236 3880 Πνευματοφόρος,
1271 3810 1331 3860 ὲν
1368 3808 1582 3880 θανάτῳ
1621 3807 1861 3879 Χριστοῦ

1968 3799 2061 3870 qui
2107 3797 2273 3851 etiam
2325 3795 2524 3851 Paulus
2569 3797 2752 3851 divino
2789 3797 2992 3865 Spiritu
3041 3812 3145 3850 non
3189 3798 3446 3863 carebat;
3484 3808 3538 3851 et

289 3898 592 3968 καυχᾶσθαι
623 3912 807 3967 φησιν.
829 3895 983 3953 Οἶδεν
1005 3894 1097 3952 οὖν
1120 3896 1381 3971 ἄραΘεὸν
1399 3900 1531 3956 ὅντα
1548 3901 1642 3955 καὶ⁵
1663 3898 1858 3971 ἀληθῆ,

288 3988 386 4045 καὶ
412 3990 479 4043 δι’
508 3992 658 4061 ἡμᾶς
687 3989 927 4044 παθόντα
955 3991 1139 4062 σαρκί.

666 4206 767 4258 Ἔχ
804 4205 912 4276 τῆς
954 4205 1103 4275 πρὸς
1148 4206 1493 4275 Ἐφεσίους.

1966 3898 2146 3951 tamen
2179 3888 2232 3941 in
2264 3887 2469 3942 Christi
2505 3895 2683 3943 morte
2713 3888 2931 3959 gloriari
2978 3903 3081 3941 non
3113 3889 3340 3941 dubitat.
3372 3878 3538 3943 Norat

1964 3994 2094 4046 ergo
2137 3994 2321 4033 verum
2368 3978 2532 4032 Deum
2580 3991 2737 4042 esse,
2782 3978 2995 4033 etiamsi
3054 3981 3222 4034 nostri
3269 3993 3435 4034 causa
3483 3981 3536 4033 iu

1964 4084 2132 4125 carne
2167 4054 2396 4124 mortem
2427 4082 2716 4138 perpessus
2753 4067 2910 4123 foret.

2284 4204 2393 4276 70
2421 4203 2504 4259 Ea:
2536 4182 2779 4274 Epistula
2810 4203 2880 4257 ad
2918 4202 3191 4272 Ephesios.

365 4340 501 4412 Περὶ
546 4322 641 4393 τοῦ
689 4339 824 4393 Θεοῦ
869 4340 965 4397 καὶ
1016 4341 1228 4412 Πατρός
1278 4357 1413 4410 φησι
1444 4358 1458 4372 ο
1511 4358 1529 4391 ι
1559 4339 1718 4394 Κατὰ
1764 4341 1863 4413 τὴν

2042 4356 2062 4390 ι
2103 4337 2411 4392 Secundum
2453 4337 2821 4407 operationem
2867 4338 3120 4406 potentiae
3157 4338 3372 4393 virtutis
3418 4338 3537 4409 ejus

286 4430 567 4502 ἐνέργειαν
593 4430 686 4483 τοῦ
713 4430 948 4503 κράτους
972 4431 1073 4500 τῆς
1108 4432 1287 4500 ἰσχύος
1318 4431 1503 4496 αὑτοῦ,
1530 4431 1596 4501 ἦν
1623 4431 1861 4502 ἐνήργη-

290 4538 382 4574 σεν
433 4523 491 4575 ὲν
540 4523 619 4592 τῷ
655 4520 902 4592 Χριστῷ,
940 4523 1164 4593 ἐγείρας
1212 4522 1376 4575 αὐτὸν
1408 4523 1472 4575 ὲκ
1497 4522 1727 4592 νεκρῶν,
1766 4522 1862 4576 καὶ

287 4614 519 4676 καθίσας
541 4617 597 4666 ὲν
622 4614 770 4685 δεξιᾷ
799 4613 964 4667 αὑτοῦ
993 4615 1051 4666 ὲν
1077 4617 1189 4677 τοῖς
1220 4614 1588 4684 ἐπουρανίοις,
1606 4613 1862 4685 ὑπεράνω

287 4704 467 4774 πάσης
505 4703 732 4772 Ἀρχῆς,
784 4704 879 4756 καὶ
923 4700 1220 4767 Ἒξουσὶας,
1276 4704 1372 4756 καὶ
1412 4704 1721 4774 Δυνάμεως,
1768 4704 1863 4758 καὶ

289 4792 646 4862 κυριότητος,
678 4791 772 4844 καὶ
815 4791 1017 4855 παντὸς
1048 4791 1313 4860 ὀνόματος
1338 4793 1766 4865 ὀνομαζομένου,
1799 4795 1860 4846 οὐ

293 4882 451 4950 μόνον
480 4884 537 4934 ἐν
569 4880 648 4950 τῷ
674 4882 828 4935 αἰῶνι
854 4881 1050 4951 τούτῳ,
1069 4882 1204 4936 ἀλλὰ
1235 4885 1331 4936 καὶ
1360 4885 1416 4936 ὲν
1443 4883 1524 4954 τῷ
1553 4885 1855 4956 μέλλοντι.»

302 4972 433 5026 Ἰδοὺ
461 4972 551 5024 τὸν
590 4971 962 5042 ἐγηγερμένον
996 4975 1059 5027 ἐκ
1083 4973 1289 5045 νεκρῶν
1303 4974 1600 5028 κεκάθικεν
1619 4977 1649 5028 6
1673 4976 1863 5049 Πατὴρ

290 5064 349 5116 ὲν
365 5063 516 5133 δεξιᾷ
528 5063 987 5134 αὐτοῦηὺπεράνω
1010 5063 1188 5135 πάσης
1216 5066 1434 5137 Ἀρχῆς,
1448 5067 1540 5119 καὶ
1565 5066 1864 5133 Ἐξουσίας,

291 5155 386 5208 καὶ
416 5154 734 5225 Δυνάμεως,
763 5155 857 5209 καὶ
899 5155 1099 5218 παντὸς
1142 5156 1403 5225 ὀνόματος
1437 5158 1862 5229 ὀνομαζομένου.

289 5239 420 5314 Ἆρ’
447 5240 540 5299 οὖν
570 5244 879 5316 συνεδρεύει
904 5247 969 5316 τῇ
999 5245 1139 5315 ὑπὲρ
1170 5246 1349 5300 πάντα
1378 5247 1537 5317 φύσει
1570 5249 1694 5303 καθ’
1715 5253 1864 5321 ἡμᾶς

292 5332 412 5386 νοού
422 5350 579 5402 μενος
605 5332 908 5403 ἄνθρωπος,
940 5334 1034 5388 καὶ
1062 5333 1247 5405 ἕτερον
1272 5335 1446 5402 οὐδὲν,
1465 5336 1522 5407 ἢ,
1540 5340 1678 5409 ὅπερ
1711 5339 1860 5392 ἐστὶν

291 5424 510 5495 ἀληθὲς,
546 5425 623 5488 ὡς
660 5424 792 5487 Θεὸς
835 5425 1277 5498 ὲνανθρωπὴσας,
1310 5427 1405 5482 καὶ
1453 5428 1715 5501 ὑπάρχων
1767 5431 1865 5501 μὲν

372 5603 415 5633 ⁴⁹
447 5602 622 5658 Galat.
660 5620 743 5670 ιιι,
780 5603 969 5659 2537.
1047 5605 1091 5637 ⁸⁸
1136 5604 1311 5661 Galat.
1353 5620 1427 5673 tv,
1455 5605 1509 5671 8,
1538 5606 1589 5661 9.
1667 5605 1709 5638 "
1752 5604 1863 5660 Gala

1968 5621 2034 5671 vr,
2067 5604 2146 5661 Η.
2228 5609 2270 5640 ⁸⁸
2303 5606 2442 5664 Psal.
2479 5624 2589 5675 LXI,
2616 5608 2667 5664 8.

1969 4428 2093 4497 (est.
2147 4428 2237 4481 hic
2300 4440 2480 4481 sermo
2520 4429 2585 4481 de
2630 4427 2741 4480 Deo
2776 4437 2833 4481 et
2886 4427 3082 4498 Patre)
3128 4443 3288 4497 quant
3346 4443 3542 4499 Opera-

1972 4530 2056 4574 tus
2083 4529 2166 4574 est
2210 4521 2260 4573 in
2311 4520 2530 4574 Christo
2558 4560 2574 4584 ,
2608 4521 2878 4574 suscitans
2918 4520 3066 4574 illum
3119 4536 3147 4575 a
3190 4523 3449 4586 mortuis,
3483 4534 3539 4577 et

1969 4614 2300 4668 constituens
2325 4613 2392 4667 ad
2421 4614 2701 4667 dexteram
2731 4626 2885 4665 suam
2930 4612 2984 4665 in
3026 4612 3337 4668 ctelestibus
3377 4627 3538 4683 super

1968 4719 2182 4761 omnem
2205 4703 2597 4773 Principatum,
2629 4712 2683 4757 et
2705 4702 3055 4767 Potestatem,
3087 4713 3143 4759 et
3170 4704 3202 4759 Χ
3220 4705 3462 4770 irtutem,
3484 4716 3539 4761 et

1970 4797 2424 4862 Dominationem,
2474 4806 2528 4851 et
2570 4810 2732 4850 omne
2771 4809 2970 4849 nomen
3023 4797 3165 4865 quod
3206 4799 3537 4861 nominatur,

1971 4899 2078 4938 non
2110 4885 2284 4939 solum
2314 4884 2367 4938 in
2399 4886 2500 4940 hoc
2536 4886 2756 4951 saeculo,
2793 4884 2887 4939 sed
2916 4886 3078 4940 etiam
3114 4887 3165 4941 in
3200 4886 3380 4943 futuro
3404 4889 3474 4943 ⁸³.
3508 4906 3535 4941 ι

1971 4974 2049 5029 Εη
2074 4975 2220 5029 illum
2246 4975 2418 5045 ipsum
2449 4989 2610 5045 quem
2637 4992 2702 5032 ex
2731 4975 2955 5032 mortuis
2983 4980 3364 5045 exsuscitarat,
3405 4997 3536 5034 con-

1971 5064 2148 5119 stituit
2168 5063 2330 5120 Pater
2360 5066 2428 5120 ad
2461 5067 2737 5122 dexteram
2780 5083 2934 5124 suam
2958 5085 3119 5141 supra
3142 5084 3358 5126 omnem
3391 5070 3540 5139 priu-

1972 5159 2231 5227 cipatum,
2258 5167 2314 5213 et
2348 5167 2692 5229 potestatem,
2718 5169 2774 5215 et
2812 5162 3104 5228 virtutem,
3149 5169 3202 5216 et
3240 5176 3402 5216 omne
3436 5178 3536 5215 no-

1974 5262 2093 5302 men
2115 5249 2256 5317 quod
2280 5250 2606 5305 nominatur.
2654 5249 2903 5321 Nunquid
2930 5266 3059 5323 ergo
3092 5262 3150 5307 ut
3170 5242 3332 5308 homo
3366 5254 3537 5309 nostri

1972 5337 2182 5403 similis,
2218 5349 2272 5393 et
2302 5340 2434 5394 nihil
2457 5341 2600 5396 aliud
2621 5383 2637 5408 ,
2672 5340 2726 5396 in
2756 5351 2965 5397 naturae
2994 5343 3235 5399 omnium
3273 5358 3539 5412 supremae

1973 5430 2192 5485 dextera
2221 5431 2438 5499 assidet,
2465 5441 2579 5502 aut,
2599 5434 2738 5504 quod
2761 5450 2942 5490 verum
2975 5443 3077 5500 est,
3110 5445 3170 5490 ut
3201 5434 3343 5493 Deus
3377 5437 3538 5492 homo

2781 5610 2826 5642 ³³
2859 5610 3054 5679 prcs.
3096 5629 3136 5681 l,
3175 5612 3262 5669 l9-
3298 5610 3387 5669 21.
