3970 6136
427 166 493 219 Η.
507 167 561 218 l7

1453 159 1509 213 S.
1554 153 1832 213 CYRILLI
1861 155 2326 210 ALEXANDRINI
2365 157 2680 214 ARCHIEP.

3549 153 3690 207 ἥδ’-48

423 282 601 334 factus
623 278 645 330 ?
669 276 906 331 Verbum
938 289 1169 343 namque
1212 273 1379 336 Patri,
1413 284 1572 341 prout
1606 274 1673 325 ab
1711 287 1776 324 eo
1810 286 2000 341 proce-

2129 270 2387 341 »μοούσιος
2411 272 2489 342 τῷ
2519 271 2715 341 Πατρὶ,
2748 270 2882 322 καθὸ
2930 263 3166 340 πέφηνεν
3197 267 3272 332 ἐξ
3287 266 3479 329 αὐτοῦ,
3517 284 3691 336 προσ-

424 380 526 426 ml.
555 364 1050 427 consubsmntiale,
1101 371 1291 416 natura
1334 363 1565 414 humana
1604 359 2000 426 dispensatorie

425 463 740 524 assumpta,
781 453 978 506 factum
1038 460 1119 504 est
1169 451 1348 503 homo.
1399 449 1575 514 Quare
1618 447 1868 501 etlectum
1915 453 2002 500 est

430 558 488 600 ιιι
520 549 571 600 in
598 561 707 600 uno
737 546 1033 610 eodemque
1063 542 1221 595 simul
1249 541 1387 594 Deus
1410 540 1720 601 exsisteret,
1743 546 1797 590 et
1819 538 2001 600 homo,

429 641 612 693 divina
641 637 810 707 gloria
845 634 1146 688 redimitus.

504 750 522 781 ι
562 729 790 795 Propter
815 727 956 794 quod
991 739 1255 778 memores
1284 732 1484 786 estote,
1517 721 1660 791 quod
1717 721 2004 789 aliquando

431 836 530 874 vos
563 818 731 872 eratis
763 826 950 885 gemes
996 816 1048 868 in
1080 829 1266 876 carne,
1310 812 1634 866 direbamiui
1686 811 2002 880 pra’pttliuttl

431 911 499 962 ab
532 925 591 960 ea
620 922 739 974 quae
772 906 970 959 dicitur
1009 905 1354 958 circumcisio
1382 903 1434 955 in
1464 918 1626 955 carne
1656 900 1956 954 manul’acta
1989 918 2002 953 :

429 1001 570 1069 quod
601 998 765 1052 eratis
797 998 886 1050 illo
920 997 972 1050 in
1013 1006 1256 1065 tempore
1293 995 1410 1048 sine
1445 993 1684 1057 Christo,
1719 992 1933 1046 alienati
1977 1007 2006 1046 a

430 1089 848 1146 conversatione
890 1086 1090 1149 Israel,
1127 1095 1178 1138 el
1224 1086 1463 1153 hospites
1518 1090 2000 1146 testamentorum,

434 1180 806 1252 promissionis
835 1194 983 1248 spem
1011 1192 1114 1230 non
1150 1176 1432 1237 habentes,
1458 1182 1513 1227 et
1541 1173 1659 1226 sine
1687 1169 1801 1223 Deo
1830 1171 1880 1222 in
1910 1170 2010 1223 hoc

433 1273 632 1326 mundo
656 1272 722 1324 “.
762 1289 780 1322 ι
811 1269 867 1324 Si
906 1278 1094 1336 gentes
1134 1265 1407 1320 Chrismm
1444 1278 1546 1316 non
1606 1263 1904 1327 habentes,
1953 1260 2008 1314 in

436 1363 715 1431 impietate
741 1361 1035 1413 secundum
1075 1357 1216 1410 hunc
1251 1355 1506 1408 mundum
1553 1351 2006 1421 perseverabant;

436 1465 718 1521 postquam
757 1460 934 1504 autem
974 1449 1148 1517 ipsmu
1198 1447 1397 1498 habere
1437 1452 1758 1513 coeperunt,
1811 1445 2016 1510 absque

437 1542 550 1596 Deo
583 1559 686 1596 non
723 1541 941 1596 fuerunt
975 1557 986 1592 :
1018 1539 1145 1608 quid
1181 1538 1250 1590 ita
1281 1536 1529 1590 Christus
1567 1552 1672 1588 non
1714 1544 1798 1589 est
1826 1533 2012 1588 Deus?

514 1652 532 1684 ι
570 1632 740 1698 Hujus
788 1632 863 1684 rei
910 1631 1080 1698 gratia
1126 1628 1282 1682 [lecto
1331 1642 1502 1698 genua
1550 1641 1664 1679 mea
1695 1627 1761 1678 ad
1795 1624 2006 1678 Patrent
2041 1617 2083 1670 Β

440 1725 653 1779 Domini
690 1723 858 1776 nostri
895 1719 1020 1774 Jesu
1055 1718 1277 1782 Christi,
1311 1733 1375 1770 ex
1412 1731 1518 1784 quo
1559 1718 1734 1769 omnis
1771 1714 2010 1784 paterni-

445 1816 603 1868 tasin
636 1815 788 1868 cwlis
815 1821 868 1865 et
920 1813 970 1864 iu
1022 1822 1161 1864 terra
1209 1809 1559 1862 nominatur:
1609 1816 1668 1860 ut
1719 1808 1810 1860 det
1861 1805 2015 1860 vobis

441 1905 740 1960 secundum
782 1902 997 1956 divitias
1025 1902 1209 1971 gloria:
1245 1915 1388 1965 suae,
1438 1901 1634 1952 virtute
1672 1897 2014 1952 corroborari

426 2011 541 2066 _per
591 1995 850 2064 Spiritum
904 1993 1019 2063 ejus
1065 1992 1117 2044 itt
1167 1989 1408 2044 interiori
1459 1989 1696 2053 homine,
1738 1987 2014 2043 Christum

443 2089 688 2141 habitare
719 2102 814 2155 per
841 2085 998 2138 [idem
1032 2083 1084 2136 in
1135 2081 1391 2137 cordibus
1434 2081 1629 2134 veSIris
1649 2079 1716 2132 ".
1752 2098 1770 2130 ι
1813 2077 2015 2132 Nomen

447 2169 547 2232 hoc
579 2175 820 2230 Christus
854 2173 1008 2228 Jesus
1042 2176 1122 2243 (ut
1169 2172 1466 2240 smpissime
1502 2171 1612 2239 jam
1658 2180 1782 2223 ante
1809 2169 2018 2222 moaui-

445 2267 586 2336 mus)
620 2267 818 2334 ubique
858 2263 947 2317 Dei
985 2263 1163 2316 Patris
1195 2262 1425 2313 Verbum
1461 2261 1693 2312 bumatta
1727 2259 1897 2312 forma
1930 2260 2016 2314 in-

445 2361 633 2412 dutum
687 2355 979 2426 significat.
1027 2354 1082 2406 Si
1136 2368 1264 2421 ergo
1321 2350 1572 2406 Christus
1626 2349 2016 2420 (posteaquam

446 2448 705 2512 Verbum,
736 2450 879 2517 quod
912 2448 1082 2516 ipsqu
1122 2459 1334 2526 quoque
1374 2457 1470 2510 per
1497 2441 1754 2510 Spiritum
1782 2451 1838 2494 ut
1879 2439 2019 2494 Deus

447 2541 502 2594 in
541 2541 692 2592 nobis
735 2538 1018 2596 inhabitat,
1056 2549 1276 2588 carnem
1328 2531 1495 2586 semel
1527 2528 1876 2601 assumpsit),
1914 2544 2018 2583 non

361 2670 374 2678 .
447 2639 531 2683 est
571 2628 752 2682 Deus:
798 2627 1068 2697 quotnodo
1105 2641 1198 2695 per
1244 2626 1400 2679 ﬁdem
1439 2624 1489 2676 in
1525 2623 1784 2676 cordibus
1819 2621 2024 2676 nostris

449 2721 752 2782 inhabitare
787 2721 984 2773 dicitur
1012 2720 1034 2771 ?
1063 2697 1296 2771 Rursuiu
1331 2717 1374 2769 si
1405 2713 1709 2778 communis
1756 2713 1916 2766 homo
1943 2720 2024 2765 est

450 2812 721 2875 Christus,
764 2809 864 2879 71
897 2819 950 2864 et
994 2810 1134 2863 ltlius
1195 2810 1261 2863 ab
1305 2822 1368 2861 eo
1398 2807 1646 2860 diversus
1669 2843 1682 2867 ,
1716 2804 1804 2872 qui
1834 2813 2022 2856 natura

451 2899 619 2954 Filius
642 2909 744 2963 est,
771 2910 823 2952 et
852 2899 995 2952 solus
1033 2914 1098 2951 ex
1138 2897 1246 2950 Deo
1271 2907 1427 2950 natus
1457 2903 1539 2948 est
1575 2914 1589 2948 :
1629 2895 1771 2962 quis,
1804 2907 1984 2963 quasso
2006 2930 2023 2957 ,

452 3001 538 3045 est
567 2990 657 3044 ille
703 2991 791 3057 qui
821 2991 1024 3042 habitat
1061 2989 1111 3041 iu
1146 2987 1337 3040 nobis?
1390 2996 1488 3038 aut
1532 2985 1802 3054 quomodo
1843 2985 1896 3038 in
1928 2983 2028 3037 ho-

454 3084 694 3137 minibus
725 3083 990 3135 inhabitat
1028 3096 1122 3148 per
1172 3079 1376 3132 ﬁdem?
1416 3093 1537 3131 cum
1581 3076 1818 3131 Joannes
1863 3076 1929 3130 de
1966 3089 2031 3130 eo

456 3173 691 3226 dilucide
722 3173 910 3226 dicat:
954 3189 971 3220 ι
1011 3169 1066 3222 lu
1101 3171 1203 3222 hoc
1247 3167 1641 3237 cognoscimus,
1691 3167 1833 3235 quod
1883 3166 1936 3220 iu
1968 3180 2032 3221 eo

456 3278 758 3327 manemus,
786 3272 840 3316 et
866 3263 979 3327 ipse
1013 3262 1064 3313 in
1102 3261 1253 3315 nobis
1278 3269 1380 3324 est,
1419 3259 1674 3328 quoniam
1712 3261 1778 3315 de
1823 3258 2031 3328 Spiritu

457 3368 555 3408 suo
584 3351 730 3406 dedit
760 3352 915 3403 nobis
944 3351 1010 3401 “.
1058 3368 1076 3398 ι

819 3441 904 3494 Ex
938 3440 1176 3508 Epistula
1207 3445 1275 3492 ad
1300 3439 1686 3509 Philippensem

535 3575 553 3608 ι
585 3555 713 3621 Quae
754 3555 882 3609 mihi
925 3553 1141 3608 luerunt
1180 3554 1323 3609 lucra
1372 3553 1475 3624 (de
1514 3553 1931 3623 gloriatiouibus
1981 3555 2032 3607 in

461 3645 575 3715 lege
606 3644 881 3714 loquitur).
907 3645 1020 3699 [nec
1048 3644 1344 3698 arbitratus
1369 3659 1486 3698 sum
1520 3653 1742 3713 propter
1759 3644 2033 3698 Christum

461 3739 803 3793 detrimenta.
842 3735 1219 3791 Verumtamen
1244 3736 1498 3790 existimo
1522 3737 1700 3788 omnia
1739 3735 2034 3789 detrimen-

463 3821 726 3883 tmn'esse
759 3840 977 3897 propter
1019 3828 1344 3881 eminentem
1383 3827 1664 3881 scientiam
1711 3825 1838 3882 Jesu
1876 3826 2034 3882 Citri-

460 3922 527 3974 sti
567 3919 772 3974 Domini
804 3918 992 3985 nostri,
1032 3928 1248 3987 propter
1264 3934 1418 3986 quem
1447 3901 2033 3972 ornnia'detrimentum

463 4011 589 4074 feci,
616 4020 672 4063 et
718 4011 957 4063 arbitror
988 4020 1039 4062 ιιι
1085 4019 1346 4072 stercora,
1397 4019 1455 4061 ut
1499 4008 1776 4062 Christum
1810 4007 2033 4062 lucrifa-

463 4103 602 4154 ciam
629 4101 697 4156 ⁵⁷.
739 4118 758 4152 ι
803 4100 939 4166 Quid
991 4110 1094 4165 εει,
1144 4100 1357 4162 amabo,
1407 4099 1602 4152 eximia
1656 4099 1852 4152 Christi
1908 4097 2060 4152 Jesu.

465 4191 732 4245 scientia?
786 4192 895 4245 Cur
945 4192 1124 4244 omnia
1188 4206 1305 4259 qua:
1365 4191 1492 4258 legis
1539 4199 1686 4254 sunt,
1741 4192 2036 4244 detrimen-

2101 361 2279 414 λαϐὼν
2307 363 2361 415 δὲ
2387 362 2446 414 τὸ
2476 360 2813 431 ἀνθρώπινον
2839 359 3216 430 οἰκονομικῶς,
3253 361 3340 412 ἵνα
3386 359 3446 409 tv
3489 357 3640 425 αὐτῷ
3664 367 3692 405 Ρ

2102 454 2288 522 νοῆται
2316 453 2444 514 Θεός
2471 470 2531 504 τε
2558 451 2692 521 ὁμοῦ
2727 451 2822 506 καὶ
2854 450 3138 520 ἄνθρωπος
3170 451 3198 502 ό
3229 449 3421 511 αὐτὸς,
3473 447 3568 500 καὶ
3599 446 3692 499 διὰ

2102 543 2260 596 τοῦτο
2285 545 2362 613 τῇ,
2386 541 2510 612 θείᾳ.
2535 542 2661 615 δόξῃ
2694 541 3136 611 κατεστεμμένος
3155 559 3188 604 ',,

2186 743 2204 774 ι
2241 723 2332 776 Διὸ
2388 721 2777 792 μνημονεύετε,
2827 722 2908 773 ὅτι
2961 720 3094 772 ποτέ
3141 719 3299 787 ὑμεῖς
3343 717 3422 768 τὰ,
3467 716 3596 778 ἔθνη
3636 718 3698 766 ἐν

2106 815 2292 885 σαρκὶ,
2321 815 2368 866 οἱ
2399 814 2678 883 λεγόμενοι.
2707 811 3043 881 ἀκροϐυστία
3088 810 3193 862 ὑπὸ
3237 809 3337 877 τῆς
3384 806 3698 874 λεγομένης

2107 901 2408 971 περιτομῆς
2453 903 2511 952 tv
2565 900 2728 970 σαρκὶ
2779 901 3187 969 χειροποιήτου·
3235 892 3468 966 δτι-ἦτε
3512 897 3572 946 ἐν
3617 895 3699 962 τῷ

2108 991 2286 1062 καιρῷ
2311 993 2504 1061 ἐκείνῳ
2530 993 2696 1061 χωρὶς
2719 989 2955 1062 Χριστοῦ
2973 1001 3020 1053 ει,
3054 987 3576 1058 ἀπηλλοτριωμένοι
3600 986 3700 1054 τῆς

2111 1084 2383 1146 πολιτείας
2413 1083 2506 1136 τοῦ
2543 1083 2777 1153 Ἰσραὴλ,
2809 1083 2903 1134 καὶ
2951 1082 3094 1145 ξένοι
3119 1081 3230 1132 τῶν
3256 1079 3571 1148 διαθηκῶν,
3597 1078 3697 1144 τῆς

2111 1175 2442 1244 ἐπαγγελίας
2505 1174 2695 1228 ὲλπίδα
2765 1174 2842 1245 μὴ
2905 1173 3272 1243 ἔχοντεςνκαὶέ
3303 1170 3458 1226 ἄθεοι
3513 1174 3573 1223 ὲν
3618 1169 3700 1240 τῷ

2112 1268 2320 1337 κόσμῳ.
2357 1286 2374 1318 ι
2411 1268 2473 1320 Ei
2503 1266 2751 1336 Χριστὸν
2775 1267 2881 1319 οὐκ·
2919 1265 3109 1336 ἔχοντα
3142 1265 3210 1316 τὰ
3251 1264 3382 1333 ἔθνη
3421 1263 3698 1316 διετέλουν

2113 1361 2172 1412 tv
2200 1359 2453 1429 ἀθεότητι
2478 1358 2618 1410 κατά
2644 1358 2733 1410 τὸν
2756 1358 2962 1426 κόσμον
2983 1396 2996 1420 ,
3035 1356 3221 1426 ἐπειδὴ
3247 1355 3303 1408 δὲ
3333 1355 3502 1409 αὑτὸν
3543 1357 3700 1424 texi-,-

2113 1463 2293 1507 κασιν,
2325 1446 2385 1497 οὺ
2421 1446 2790 1516 μεμενήκασιν
2837 1445 2987 1498 ἄθεοι
3008 1454 3030 1482 ι’
3053 1461 3066 1475 ο
3105 1445 3220 1507 πῶς
3249 1444 3356 1514 ἄρα
3401 1445 3465 1496 οὐ
3511 1442 3642 1505 Θεὸς
3667 1445 3716 1494 ὁ-

2115 1536 2348 1606 Χριστός
2370 1552 2386 1599 ;

2193 1646 2209 1676 ι
2243 1626 2443 1679 Τούτου
2475 1626 2636 1697 χάριν
2668 1625 2907 1696 κάμπτω
2931 1626 2998 1680 τὰ
3027 1627 3236 1692 γόνατά
3275 1641 3386 1695 μου
3436 1626 3576 1692 πρὸς
3603 1627 3692 1678 τὸν

2118 1717 2336 1787 Πατέρα
2391 1716 2504 1788 [τοῦ
2535 1717 2738 1787 Κυρίου
2794 1716 2964 1786 ήμῶν-
3008 1716 3184 1786 Ἰησοῦ
3223 1715 3518 1787 ΧριστοῦῙ,
3550 1716 3611 1781 ἐξ
3633 1712 3694 1769 οὗ

2116 1810 2266 1864 πᾶσα
2304 1807 2505 1877 πατριά
2534 1809 2592 1859 tv
2627 1809 2874 1877 οὐρανοῖς
2913 1808 3011 1861 καὶ
3047 1808 3141 1862 ἐπὶ
3185 1807 3286 1875 γῆς
3328 1806 3689 1876 ὀνομάζεταξι·

2117 1899 2202 1950 ἵνα
2233 1897 2344 1968 δῴη
2373 1899 2501 1968 ὑμῖν
2531 1899 2672 1951 κατά
2720 1898 2814 1950 τὸν
2879 1897 3105 1950 πλοῦτον
3161 1899 3259 1967 τῆς
3316 1898 3476 1968 δόξης
3500 1898 3693 1964 αὑτοῦ,

2115 1990 2341 2060 δυνάμει
2371 1990 2778 2060 κραταιωθῆναι
2816 1989 2905 2042 διὰ
2931 1989 3026 2043 τοῦ
3061 1992 3380 2062 Πνεῦματος
3413 1993 3581 2045 αὑτοῦ
3611 1997 3694 2057 εἰς

2115 2081 2206 2134 τὸν
2227 2081 2333 2134 ἔσω
2360 2081 2667 2152 ἄνθρωπον,
2716 2083 3044 2150 κατοικῆσαι
3081 2083 3173 2135 τὸν
3197 2084 3433 2154 Χριστὸν
3469 2083 3557 2136 διὰ
3589 2088 3694 2153 τῆς

2117 2172 2356 2235 πίστεως
2410 2174 2467 2225 tv
2536 2174 2656 2236 ταῖς
2708 2173 2958 2243 καρδίαις
3022 2173 3196 2244 ὑμῶν.
3257 2194 3274 2226 ι
3321 2174 3396 2226 Τὸ
3443 2175 3694 2242 Χριστὸς

2131 2261 2368 2329 Ἰησοῦς
2397 2262 2587 2332 ὄνομα,
2623 2262 2758 2316 καθὸ
2785 2263 3104 2326 πλειστάκις
3136 2265 3470 2335 εἰρήκαμεν,
3489 2264 3695 2335 ἀνθρω-

2120 2352 2250 2420 πεία
2287 2354 2470 2422 μορφῇ
2501 2352 2591 2404 τὸν
2623 2353 2684 2405 ὲκ
2717 2353 2852 2406 Θεοῦ
2895 2354 3177 2423 πεφηνότα
3219 2355 3393 2421 Λόγον
3439 2356 3692 2424 σημαίνει

2121 2441 2416 2514 πανταχοῦ.
2447 2444 2570 2506 Πῶς
2597 2441 2690 2496 οῦν
2722 2444 2781 2498 tv
2809 2448 2929 2508 ταῖς
2966 2444 3214 2515 καρδίαις
3268 2445 3428 2514 ήμῶν
3459 2448 3698 2500 sca-tome?

2121 2535 2207 2589 διά
2260 2535 2358 2604 τῆς
2413 2535 2670 2599 πίστεως,
2721 2538 2776 2589 εἰ
2827 2537 2904 2606 μὴ
2951 2539 3154 2590 νοεῖται
3195 2536 3351 2600 Θεὸς,
3399 2536 3698 2600 ἐνὼσαντος

2121 2624 2301 2696 ἐαυτῷ
2327 2627 2422 2696 τὴν
2453 2628 2628 2697 σάρκα
2659 2626 2751 2680 τοῦ
2790 2627 2988 2696 Λόγου,
3019 2627 3078 2690 ὃς
3111 2629 3207 2680 καὶ
3240 2627 3443 2691 θεῖκῶς
3483 2630 3542 2682 tv
3573 2630 3697 2698 ἡμῖν

2123 2719 2368 2770 κατοικεῖ
2399 2715 2489 2768 διὰ
2529 2716 2620 2770 τοῦ
2645 2716 2999 2787 Πνεῦματος;
3037 2718 3098 2770 El
3124 2718 3180 2770 δὲ
3212 2719 3392 2781 κοινὸς
3416 2719 3697 2790 ἄνθρωπος

2125 2808 2152 2858 ὁ
2177 2808 2427 2877 Χριστὸς,
2456 2808 2548 2860 καὶ
2576 2807 2762 2878 ἕτερος
2787 2807 2900 2870 υίὸς
2926 2808 3077 2879 παρά
3100 2809 3192 2862 τὸν
3216 2809 3378 2878 φύσει
3405 2811 3501 2862 καὶ
3519 2811 3696 2879 μόνον,

2128 2899 2272 2969 φημὶ
2298 2898 2369 2970 δὴ,
2393 2899 2484 2952 τὸν
2514 2901 2583 2952 ἐκ
2601 2900 2757 2967 Θεοῦ,
2787 2899 2871 2963 τίς
2900 2900 2938 2952 ὁ.
2961 2902 3018 2952 tv
3042 2902 3170 2970 ἡμῖν
3191 2902 3464 2954 κατοικῶν
3487 2919 3500 2963 ;
3526 2901 3560 2971 ἢ
3587 2902 3698 2965 πῶς

2129 2989 2436 3061 ἀνθρώποις
2467 2991 2555 3044 διὰ
2585 2991 2820 3055 πίστεως
2844 2993 3204 3056 ἐνοικίζεται;
3240 2995 3421 3047 καίτοι
3451 2996 3700 3064 λέγοντος

2143 3082 2388 3138 Ἰωάννου
2421 3083 2606 3153 σαφῶς
2634 3085 2763 3156 περὶ
2794 3083 2888 3138 τοῦ
2940 3085 3206 3156 Χριστοῦ’
3244 3105 3264 3138 ι
3288 3087 3378 3140 Ἐν
3409 3088 3583 3157 τούτῳ
3618 3105 3702 3154 γιν-

2131 3174 2432 3246 νώσκομεν,
2469 3176 2550 3230 ὅτι
2588 3177 2645 3228 tv
2677 3178 2808 3246 ἡμῖν
2839 3179 3007 3242 ἐστιν,
3037 3179 3117 3232 ὅτι
3149 3180 3224 3232 ἐκ.
3249 3178 3346 3232 τοῦ
3390 3181 3710 3250 Ilva-Liparo:

2133 3265 2295 3319 αὑτοῦ
2325 3265 2522 3320 ἔδωκεν
2552 3267 2702 3338 ἡμῖν.
2742 3286 2762 3319 ι

2453 3444 2555 3498 Ἐκ
2597 3443 2705 3514 τῆς
2744 3446 2894 3518 πρὸς
2934 3448 3400 3514 Φιλιππησίους.

2207 3559 2341 3628 Περὶ
2367 3558 2476 3613 τῶν
2500 3559 2559 3612 ὲν
2581 3559 2730 3630 νόμῳ
2749 3577 2924 3631 καυχη
2935 3561 3118 3630 μάτων
3149 3561 3311 3632 φησίν
3331 3579 3345 3591 ·
3370 3580 3390 3612 ι
3427 3563 3618 3616 ’Λτινα
3645 3559 3706 3632 ἦν

2138 3656 2228 3718 μοι
2274 3647 2461 3718 κέρδη,
2507 3647 2678 3702 ταῦτα
2729 3650 2947 3720 ἥγημαι
2976 3651 3066 3704 διὰ
3101 3650 3192 3704 τὸν
3218 3653 3455 3722 Χριστὸν
3483 3652 3701 3722 ζημίαν.

2149 3737 2308 3791 Ἀλλά
2337 3739 2597 3808 μενοῦνγε
2627 3740 2870 3810 ἡγοῦμαι
2896 3743 2965 3795 τὰ
2997 3743 3174 3796 πάντα
3203 3742 3408 3813 ζημίαν
3437 3739 3598 3807 εἶναι,
3623 3743 3704 3796 διὰ

2134 3829 2196 3883 τὸ
2226 3830 2492 3900 ὑπερέχον
2515 3831 2617 3900 τῆς
2640 3831 2893 3899 γνώσεως
2917 3833 3153 3904 Χριστοῦ
3185 3833 3358 3903 Ἰησοῦ
3384 3833 3481 3886 τοῦ
3513 3835 3701 3904 Κυρίου

2136 3919 2312 3989 ἡμῶν,
2340 3919 2407 3972 δι’
2444 3919 2502 3973 ὃν
2523 3919 2593 3973 τὰ
2614 3921 2790 3975 πάντα
2810 3920 3124 3993 ἐζημιώθην
3142 3962 3156 3986 ,
3187 3924 3280 3976 xa't
3303 3925 3548 3994 ἡγοῦμαι
3583 3925 3702 3977 σκῦ-

2137 4007 2274 4061 ϐαλα
2293 4006 2450 4072 εἷναι,
2479 4009 2564 4062 ἴνα
2587 4011 2816 4081 Χριστὸν
2840 4011 3138 4082 κερδήσω.»
3170 4014 3236 4066 Τί
3258 4014 3316 4066 δὲ
3343 4015 3439 4068 καὶ
3461 4015 3524 4068 τὸ
3547 4016 3706 4084 ὑπερ-

2135 4098 2256 4170 έχον
2301 4099 2402 4169 τῆς
2428 4100 2681 4168 γνώσεως
2727 4101 2896 4171 Ἰησοῦ
2917 4102 3178 4174 Χριστοῦ;
3211 4103 3308 4157 Διὰ
3339 4105 3393 4156 τί
3427 4105 3601 4175 ζημία
3621 4106 3705 4158 καὶ

2140 4189 2383 4242 σκύϐαλα
2399 4190 2454 4241 tv
2470 4190 2647 4261 νόμῳ;
2671 4192 2860 4245 Καίτοι
2885 4192 3016 4244 Θεὸν
3041 4191 3132 4244 τὸν
3153 4193 3314 4262 φύσει
3339 4194 3438 4246 καὶ
3466 4194 3704 4263 ἀληθινὸν

463 4291 641 4336 torum
670 4289 724 4334 et
776 4279 1182 4350 quisquiliarum
1221 4279 1336 4333 loco
1369 4279 1560 4332 duxit?
1610 4278 1778 4332 Porro
1808 4279 1890 4333 lex
1924 4277 2022 4333 Mo-

2142 4282 2170 4334 ὁ
2199 4281 2286 4333 διὰ
2313 4280 2557 4343 Μωσέως
2589 4280 2750 4349 νόμος
2771 4283 2883 4344 τοῖς
2903 4281 3275 4352 ἀρχαιοτέροις
3301 4282 3602 4352 ἐκήρυττεν
3619 4298 3635 4312 ο
3663 4283 3705 4332 οἱ

465 4373 610 4426 saiea
656 4371 850 4440 priscis
912 4371 1016 4424 illis
1061 4369 1364 4423 hominibus
1416 4385 1604 4423 verum
1635 4370 2038 4440 naturalemque

467 4461 636 4516 Deum
693 4462 1096 4531 pratdicaverit,
1150 4475 1299 4514 novae
1355 4471 1534 4513 autem
1583 4460 1718 4530 legis
1781 4461 2030 4516 doctores

470 4551 654 4608 Jesum
680 4553 952 4608 Christum
995 4567 1138 4606 nunc
1171 4552 1478 4607 hominibus
1520 4553 1862 4607 annuntiaut.
1895 4553 2037 4610 Sane

470 4644 513 4695 si
548 4653 752 4697 tantum
783 4643 1086 4698 communis
1120 4643 1396 4712 nostrique
1435 4643 1630 4697 similis
1681 4643 1841 4697 homo
1869 4655 2032 4711 esset,

471 4748 591 4785 cum
643 4731 820 4785 Verbo
866 4733 1006 4800 quod
1062 4749 1127 4786 ex
1198 4734 1306 4787 Deo
1365 4732 1611 4801 procedit
1700 4733 2032 4801 hypostatica

471 4822 670 4876 unione
703 4838 804 4876 non
835 4823 1173 4890 conjunctus,
1201 4831 1364 4893 atque
1392 4825 1515 4878 ideo
1550 4839 1648 4878 nec
1697 4823 1838 4878 Deus
1866 4825 2040 4880 credi-

2143 4372 2202 4424 δὲ
2222 4372 2320 4441 τῆς
2345 4370 2468 4433 νέας
2502 4371 2777 4441 Διαθήκης
2808 4373 3155 4442 μυσταγωγοὶ
3173 4373 3406 4442 Χριστὸν
3428 4373 3508 4442 τῷ
3531 4375 3706 4442 κόσμῳ

2144 4462 2597 4533 κατηγγέλκασιν.
2635 4463 2775 4515 Ἀλλ’
2815 4463 2971 4534 εἴπερ
3038 4463 3182 4515 ἐστὶν
3240 4462 3528 4534 ἄνθρωπος
3589 4463 3708 4516 καθ’

2142 4552 2309 4620 ἡμᾶς,
2355 4550 2485 4603 αὐτὸ
2531 4550 2596 4621 δή
2641 4550 2800 4604 τοῦτο
2845 4550 3039 4614 κοινὸς,
3080 4551 3179 4620 οὐχ
3231 4550 3424 4603 ὲνώσει
3470 4554 3537 4622 τῇ
3592 4551 3708 4605 καθ’

2141 4643 2456 4709 ὑπόστασιν,
2478 4647 2544 4714 τῇ
2563 4627 2704 4713 πρός.
2716 4661 2800 4712 γε,
2821 4645 2984 4714 φημὶ,
3009 4644 3098 4698 τὸν
3125 4646 3188 4697 ὲκ
3213 4643 3348 4698 Θεοῦ
3371 4645 3567 4714 Λόγον,
3586 4641 3706 4698 εἶναι

2142 4733 2272 4796 Θεὸς
2302 4733 2756 4804 πεπιστευμένος,
2787 4734 2906 4798 πῶς
2940 4735 3189 4806 ὑπερέξει
3229 4736 3331 4807 τῆς
3373 4739 3606 4809 νομικῆς
3635 4737 3708 4789 πί·

2148 4842 2316 4889 στεως
2348 4827 2380 4896 ή
2411 4827 2532 4879 κατ’
2567 4825 2765 4892 αὑτό’ν;

471 4921 558 4969 tus
600 4930 614 4968 τ
666 4930 768 4969 ιιοιι
801 4915 954 4969 video
974 4931 1078 4984 qua
1122 4917 1326 4971 ratione
1356 4916 1488 4971 ﬁdes
1513 4916 1565 4970 in
1599 4918 1792 4984 ipsum,
1820 4917 1978 4972 tidem
2018 4932 2136 4987 quae
2161 4933 2225 4972 ex
2252 4918 2367 4989 lege
2391 4929 2494 4983 est,
2521 4919 2768 4973 excellet.

839 5005 925 5059 Ea:
952 5003 1190 5074 Epistula
1223 5009 1290 5058 ad
1318 5005 1670 5062 Colossenses.

546 5118 566 5150 ι
613 5099 834 5154 Gaudeo
859 5095 1275 5168 uunc(inquit)
1312 5097 1364 5150 iu
1401 5097 1742 5164 passionibus
1771 5100 1905 5155 meis
1940 5114 2037 5169 pro

542 5241 588 5286 ’ἓ
621 5242 816 5312 Ephes.
845 5259 905 5308 tt,
943 5241 1029 5307 il,
1063 5240 1150 5296 12.
1226 5241 1272 5274 ⁵⁸
1305 5240 1503 5310 Epltes.
1534 5257 1613 5307 ιιι,
1654 5241 1838 5295 ιι-ιῚ.
1893 5241 1939 5272 ⁵⁸
1971 5239 1987 5294 Ι
2019 5276 2022 5289 .

2129 5257 2174 5296 ιι.
2209 5256 2284 5305 tv,
2325 5241 2409 5297 l5.

2491 5009 2594 5062 Ἐκ
2633 5009 2743 5078 τῆς
2781 5009 2931 5077 πρὸς
2972 5008 3374 5074 Κολασσαεῖς.

2222 5119 2243 5150 ι
2270 5100 2383 5153 Νῦν
2412 5099 2607 5170 χαίρω,
2636 5101 2819 5170 φησιν,
2850 5103 2908 5154 tv
2958 5101 3070 5162 τοῖς
3117 5099 3408 5172 παθήμασί
3448 5117 3549 5171 μου
3578 5098 3705 5169 ὑπὲρ

2485 5241 2527 5272 ⁵⁷
2561 5239 2784 5310 Philipp.
2818 5257 2902 5307 ιιι,
2931 5239 2986 5305 7,
3009 5242 3061 5296 8.

1549 5395 1719 5452 Variae
1756 5393 2012 5451 lectiones
2039 5395 2238 5451 codicis
2275 5392 2629 5464 Seguicriaui.

552 5541 575 5576 Ρ
603 5533 676 5584 al.
711 5531 909 5604 ταῦτῷ.
987 5546 1012 5585 τι
1037 5532 1188 5587 Θεοῦ.

548 5641 577 5676 ο

1273 5544 1292 5572 τ
1327 5533 1478 5590 ἄθεα.
