3970 6136
284 305 420 362 1249
496 343 502 353 -

1374 296 1466 353 DE
1507 290 1736 350 RECTA
1781 289 1931 346 FIDE
1971 291 2062 346 AD
2101 292 2421 351 REGINAS.

3399 298 3539 356 1250

289 415 462 488 ὑμῶν,
485 415 578 469 καὶ
603 413 999 485 ἀνταναπληρῶ
1026 413 1090 467 τὰ
1111 413 1459 484 ὑστερήματα
1485 412 1593 466 τῶν
1630 409 1861 472 θλίψεων

1980 409 2144 471 vobis.
2174 419 2229 464 et
2256 410 2528 478 adimpleo
2552 423 2614 464 ea
2643 424 2762 479 qua:
2785 410 2979 465 desunt
3025 411 3339 482 passionum
3375 415 3537 470 Chri-

289 510 383 562 τοῦ
419 506 654 578 Χριστοῦ
701 508 758 560 ἐν
801 509 867 575 τῇ
920 503 1083 574 σαρκί
1122 523 1222 575 μου
1275 505 1414 575 ὑπὲρ
1468 504 1559 556 τοῦ
1611 503 1860 574 σώματος

290 599 480 662 αὑτοῦ,
509 600 536 652 ὃ
562 600 708 650 ἐστιν
735 600 766 666 ἡ
809 596 1132 664 Ἐκκλησία⁶
1162 591 1228 667 ἧς
1257 595 1523 665 ἐγενόμην
1555 595 1664 662 ἐγὼ
1683 595 1864 648 διέικο⁸

290 707 377 752 νος
408 689 546 742 κατὰ
575 687 672 757 τὴν
701 687 1012 756 οἰκονομίαν
1049 687 1143 739 τοῦ
1187 686 1322 739 Θεοῦ
1354 687 1452 756 τὴν
1487 687 1736 740 δοθεῖσάν
1774 703 1863 757 μοι

286 783 365 845 είς
391 782 552 850 ὑμᾶς,
584 778 871 850 πληρῶσαι
909 781 1001 832 τὸν
1032 779 1194 848 λόγον
1220 766 1322 832 τοῦ
1356 781 1492 833 Θεοῦ
1516 798 1528 810 ·
1564 780 1621 833 τὸ
1656 781 1864 850 μυστή-

289 893 400 946 ριον
444 873 504 926 τὸ
545 872 1038 944 ἀποκεκρυμμένον
1073 873 1181 925 ἀπὸ
1214 872 1322 926 τῶν
1366 871 1576 926 αἰώνων
1619 873 1712 926 καὶ
1756 874 1864 926 ἀπὸ

286 965 394 1017 τῶν
421 964 644 1032 γενεῶν,
678 966 797 1016 νυνὶ
850 965 907 1016 δὲ
959 963 1277 1034 ἐφανερώθη
1321 967 1432 1027 τοῖς
1467 965 1643 1030 ἁγίοις
1674 965 1861 1029 αὑτοῦ,

286 1050 366 1119 οἷς
391 1055 658 1125 ἠθέλησεν
696 1054 723 1105 6
764 1054 896 1117 Θεὸς
927 1055 1192 1125 γνωρίσαι
1221 1055 1305 1117 τίς
1332 1059 1360 1109 6
1392 1057 1620 1119 πλοῦτος
1649 1057 1750 1127 τῆς
1779 1055 1865 1109 δό-

288 1146 382 1216 ξης
419 1145 512 1198 τοῦ
566 1145 864 1216 μυστηρίου
898 1145 1063 1198 αὐτοῦ
1120 1149 1178 1198 ἐν
1224 1149 1336 1208 τοῖς
1383 1146 1612 1212 ἔθνεσιν,
1642 1148 1701 1211 6;
1747 1149 1864 1200 ἐστι

286 1237 518 1308 Χριστὸς
550 1239 606 1290 ὲν
639 1239 791 1308 ἡμῖν,
833 1238 866 1307 ἡ
901 1238 1056 1300 ἐλπὶς
1096 1237 1196 1307 τῆς
1222 1238 1402 1308 δόξης.
1446 1238 1505 1292 ὃν
1534 1241 1696 1308 ἡμεῖς
1729 1256 1866 1294 κατ-

287 1331 644 1401 αγγέλλομεν.
674 1349 696 1382 ι
741 1329 866 1392 Πῶς
919 1330 1226 1400 κέκρυπται
1258 1330 1318 1382 τὸ
1353 1332 1668 1400 μυστήριον,
1689 1332 1723 1402 ἢ
1750 1332 1866 1396 πῶς

288 1422 434 1474 ἐστιν
459 1420 598 1482 ὅλως
627 1421 797 1488 Λόγος
828 1419 985 1480 Θεοῦ,
1011 1423 1160 1484 ποῖος
1190 1420 1246 1472 δὲ
1272 1422 1300 1474 6
1327 1421 1556 1485 πλοῦτος
1584 1423 1684 1492 τῆς
1707 1423 1866 1494 δόξης

289 1513 496 1566 ἔνεστιν
523 1510 692 1580 αὐτῷ,
718 1511 875 1582 εἴπερ
905 1513 1022 1564 ἐστὶ
1050 1513 1226 1575 κοινὸς
1257 1512 1543 1583 ἄνθρωπος
1575 1515 1696 1568 καθ’
1719 1515 1867 1584 ἡμᾶς

290 1606 318 1656 6
345 1603 579 1674 Χριστός
605 1620 619 1666 ;
675 1601 808 1654 Οὐδὲ
838 1601 946 1670 γὰρ
974 1601 1116 1670 μέγα
1145 1604 1316 1667 ἐστὶν,
1347 1603 1465 1658 ἀλλ’
1495 1605 1615 1658 οὐδὲ
1661 1606 1870 1671 ἀξιόλο-

290 1712 386 1764 γον
418 1695 478 1748 τὸ
515 1695 836 1764 μυστήριον,
868 1696 916 1747 εἰ
961 1694 1034 1764 μὴ
1063 1694 1140 1757 ὼς
1169 1695 1288 1765 Θεῷ
1317 1697 1614 1768 προσίεμεν
1640 1698 1867 1768 τῴΧρι-

293 1787 424 1857 στῶ,
457 1786 550 1839 καὶ
584 1785 865 1854 συνίεμεν,
898 1785 980 1838 ὅτι
1006 1785 1137 1849 Θεὸς
1161 1787 1237 1839 ὢν
1265 1787 1294 1839 6
1322 1787 1512 1856 Λόγος,
1543 1789 1638 1843 καὶ
1675 1791 1732 1843 ἐν
1763 1790 1868 1842 ἰσό-

289 1896 414 1949 τητι
445 1878 539 1931 καὶ
571 1879 752 1952 μοριρῇ
793 1875 888 1949 τοῦ
918 1877 1155 1949 Πατρὸς,
1186 1877 1425 1949 καθῆκεν
1451 1880 1641 1934 ἑαυτὸν
1673 1882 1752 1944 εἰς
1777 1881 1869 1934 κέ-

291 1987 482 2034 νωσιν,
514 1969 804 2038 γενόμενος
850 1967 1156 2040 ἄνθρωπος,
1207 1971 1302 2023 καὶ
1355 1971 1682 2042 μεμενηκὼς
1733 1974 1870 2044 ὅπερ

292 2057 360 2131 ἦν
383 2077 397 2092 ο
449 2061 704 2114 πλούσιον
752 2059 860 2131 γὰρ
892 2059 1034 2114 οὕτω
1076 2061 1174 2115 καὶ
1217 2061 1342 2135 δόξῃ
1380 2061 1548 2134 πολλῇ
1581 2066 1780 2117 νοεῖται
1809 2063 1871 2118 τὸ

297 2153 596 2222 μυστήριον
607 2193 622 2208 .

374 2343 391 2376 ι
416 2326 503 2390 Ὠς
527 2321 620 2380 οῦν
652 2327 988 2398 παρελάϐετε
1019 2329 1110 2382 τὸν
1150 2329 1384 2400 Χριστὸν
1417 2329 1624 2400 Ἰησοῦν
1667 2330 1872 2401 Κύριον

299 2416 473 2486 ἡμῶν,
504 2419 561 2470 ὲν
583 2418 731 2488 αὐτῷ
757 2422 1128 2490 περιπατεῖτε,
1156 2421 1512 2491 ἐρριζωμένοι
1540 2423 1632 2474 καὶ
1658 2423 1873 2476 ἐποικο-

298 2506 620 2578 δομούμενοι
668 2511 726 2561 ὲν
780 2510 949 2581 αὐτῷ,
982 2511 1075 2564 καὶ
1110 2511 1486 2582 βεϐαιούμενοι
1521 2514 1579 2565 ἐν
1610 2512 1810 2567 πίστει.
1847 2532 1867 2566 ι

303 2599 420 2662 Πῶς
453 2596 544 2653 οὖν
575 2601 956 2673 παρελάϐομεν
997 2603 1089 2655 τὸν
1115 2604 1373 2673 Χριστὸν,
1411 2605 1611 2672 διδάξει
1640 2605 1810 2673 λέγων
1846 2610 1874 2661 6

302 2689 461 2756 σοφὸς
500 2690 752 2761 Ἰωάννης
772 2707 785 2721 ’
826 2710 842 2742 ι
872 2693 980 2744 Καὶ
1005 2695 1032 2746 6
1055 2693 1231 2762 Λόγος
1259 2694 1394 2766 σὰρξ
1422 2694 1658 2764 ἐγένετο.
1685 2715 1702 2747 ι
1723 2697 1875 2750 Ἀλλ’

299 2779 357 2828 οὐ
395 2778 668 2832 πέπαυται
711 2780 805 2833 τοῦ
843 2778 980 2834 εἶναι
1009 2783 1203 2852 Λόγος,
1231 2785 1324 2838 καὶ
1371 2786 1420 2838 εί
1465 2785 1654 2854 γέγονε
1699 2788 1870 2856 σάρξ·

303 2871 608 2942 συνεδρεύει
638 2873 746 2945 γὰρ
775 2875 872 2927 καὶ
909 2873 1054 2928 οὕτω
1081 2876 1156 2946 τῷ
1187 2875 1299 2947 ἰδίῳ
1322 2877 1518 2951 Πατρὶ,
1557 2879 1651 2932 καὶ
1672 2878 1877 2950 Κύριος

299 2963 396 3034 τῆς
423 2963 578 3036 δόξης
603 2967 630 3018 6
661 2968 1075 3039 ἐσταυρωμένος
1101 2967 1434 3038 ὠνόμασται.

375 3239 393 3272 ι
432 3225 507 3299 Τῇ
543 3232 816 3301 προσευχῇ
854 3235 1333 3303 προσκαρτερεῖτε,
1378 3233 1782 3306 γρηγοροῦντες
1817 3238 1876 3290 ὲν

302 3321 435 3391 αὐτῇ
477 3322 534 3373 ὲν
583 3321 940 3393 εὐχαριστίᾳο
991 3325 1418 3395 προσευχόμενοι
1453 3325 1570 3394 ἅμα
1605 3328 1700 3382 καὶ
1748 3329 1879 3399 περὶ

303 3412 478 3480 ἡμῶν,
509 3413 594 3464 ἵνα
617 3416 644 3465 6
672 3415 804 3477 Θεὸς
834 3416 1018 3486 ἀνοίξῃ
1059 3419 1188 3486 ἡμῖν
1223 3417 1393 3488 θύραν
1424 3418 1518 3470 τοῦ
1553 3419 1736 3488 λόγου,
1778 3420 1876 3472 λα·-

304 3501 464 3572 λῆσαι
505 3503 564 3554 τὸ
597 3506 894 3573 μυστήριον
925 3505 1018 3558 τοῦ
1053 3506 1212 3570 Θεοῦ,
1239 3508 1306 3558 δι’
1328 3508 1356 3559 ὃ
1385 3508 1480 3560 καὶ
1507 3508 1725 3576 δέδεμαι
1745 3527 1758 3541 ’
1793 3509 1882 3564 ἵνα.

308 3592 607 3661 ῳανερώσω
644 3595 794 3657 αὐτὸ,
839 3595 912 3657 ὡς
945 3595 1024 3646 δεῖ
1067 3612 1136 3664 με
1163 3595 1414 3665 λαλῆσαι.
1440 3613 1458 3646 ι
1494 3599 1556 3650 Εἰ
1589 3599 1664 3668 μὴ
1691 3598 1821 3660 Θεὸς
1853 3601 1882 3652 6

308 3683 559 3752 Χριστὸς,
589 3685 870 3752 ἄνθρωπος
899 3685 956 3738 δὲ
995 3685 1116 3755 θείᾳ
1143 3686 1326 3756 χάριτι
1353 3689 1746 3759 τετιμημένος,
1788 3690 1881 3742 ού-

308 3771 394 3826 δὲν
443 3773 554 3842 ἔχει
609 3774 742 3844 βαθὺ
788 3774 848 3826 τὸ
890 3777 977 3829 ἐπ’
1017 3776 1168 3846 αύτῷ
1225 3777 1521 3848 μυστήριον
1548 3795 1562 3808 ο
1596 3779 1757 3842 ποίας
1790 3776 1884 3835 οὖν

310 3865 474 3918 ἐδεῖτο
511 3864 680 3936 θύρας
719 3869 798 3929 εἰς
827 3866 887 3919 τὸ
918 3867 1167 3937 φανερῶς
1193 3875 1215 3904 ⁸
1246 3867 1378 3920 αὐτὸ
1420 3869 1514 3921 καὶ
1554 3869 1737 3935 καθὼς
1776 3871 1883 3925 ἔδει

311 3957 341 4011 λ
379 3956 574 4026 λῆσαι;
605 3959 763 4024 Μέγα
795 3957 901 4028 γὰρ
929 3958 1084 4011 οὐδὲν
1110 3957 1142 4027 ἢ
1167 3957 1402 4027 χαλεπὸν
1436 3959 1494 4012 τὸ
1525 3961 1653 4032 περὶ
1678 3961 1886 4033 ἀνθρώ.

312 4065 413 4100 που
451 4049 649 4116 λέγειν,
678 4049 752 4112 ὡς
783 4050 866 4119 εἴη
897 4050 1038 4102 κατὰ
1078 4049 1241 4117 φύσιν
1272 4048 1576 4121 ἄνθρωπος.
1606 4053 1668 4106 Εἰ
1701 4053 1755 4106 δὲ
1794 4055 1887 4109 ἄν·

313 4139 527 4209 θρωπος
563 4140 800 4208 γεγονὼς
825 4141 852 4192 6
879 4141 941 4192 ἐκ
979 4140 1113 4193 Θεοῦ
1140 4141 1465 4213 κηρύττεται
1490 4144 1660 4212 Λόγος
1688 4185 1704 4207 ,
1729 4147 1888 4217 χρεία

320 4231 384 4300 δὴ
419 4233 635 4294 πάντως
666 4233 825 4296 Θεοῦ,
855 4232 948 4285 τοῦ
980 4234 1074 4285 καὶ
1103 4231 1273 4301 θύραν
1319 4235 1646 4302 ἀνοίγοντος,
1667 4239 1774 4291 ’καὶ
1806 4239 1885 4292 δι-

310 4320 490 4384 δόντος
532 4323 757 4394 λαλῆσαι
787 4323 848 4376 τὸ
878 4325 1200 4394 μυστήριον,
1233 4324 1354 4377 καθ’
1383 4326 1442 4379 ὃν
1470 4332 1737 4399 προσήκει
1764 4331 1888 4401 τρό-

314 4427 434 4465 πον.

698 4631 802 4684 Ἕκ
841 4631 950 4701 τῆς
993 4634 1142 4701 πρὸς
1183 4634 1504 4704 Ἐϐραίους.

394 4782 412 4814 ι
449 4763 616 4816 Ὅταν
663 4765 719 4818 δὲ
741 4769 1008 4841 εἰσαγάγῃ
1041 4770 1133 4824 τὸν
1183 4771 1527 4840 πρωτότοκον
1561 4775 1640 4839 είς
1678 4777 1774 4847 τὴν
1805 4779 1891 4831 οἰ-

315 4859 603 4928 κουμένην,
631 4859 797 4929 λέγει’
826 4865 936 4916 Καὶ
965 4867 1497 4936 προσκυνησάτωσαν
1519 4871 1666 4942 αὐτῷ
1693 4875 1894 4939 πάντες

317 4950 536 5016 ἄγγελοι
586 4952 742 5008 Θεοῦ.
779 4974 796 5005 ι
852 4957 1162 5028 Μονογενὴς
1211 4959 1352 5012 κατὰ
1384 4960 1544 5028 φύσιν
1591 4967 1619 5016 6
1660 4967 1723 5018 ὲκ
1755 4965 1891 5019 Θεοῦ

320 5045 530 5114 lla-:96;
579 5046 895 5115 ὠνόμασται
930 5049 1137 5116 Λόγος,
1181 5052 1260 5103 ὅτι
1305 5053 1464 5122 μόνος
1497 5055 1560 5106 ὲκ
1603 5056 1764 5124 μόνου
1802 5075 1894 5126 γε-

317 5135 570 5205 γέννηται
614 5138 709 5190 τοῦ
756 5141 999 5211 Πατρός·
1031 5142 1241 5213 εἴρηται
1273 5144 1327 5195 δὲ
1367 5145 1460 5197 καὶ
1512 5148 1888 5217 πρωτότοκοςν

319 5227 404 5278 ὅτε
437 5229 528 5280 καὶ
559 5225 808 5296 εἰσῆλθεν
839 5233 916 5295 είς
952 5232 1046 5304 τὴν
1072 5235 1395 5306 οἰκουμένην
1419 5227 1701 5308 ἄνθρωπος
1731 5255 1890 5309 γεγο-

1965 501 2033 554 sti
2071 502 2121 554 in
2151 515 2314 556 carne
2342 517 2458 555 mea
2490 517 2588 571 pro
2617 515 2844 571 corpore
2878 503 2996 572 ejus
3021 542 3037 568 ,
3070 505 3213 573 quod
3239 514 3320 558 est
3355 505 3542 560 Eccle-

1963 591 2063 656 sia,
2099 592 2255 660 cujus
2300 591 2477 647 factus
2502 608 2616 647 sum
2655 607 2754 662 ego
2800 593 3049 648 minister
3089 591 3385 648 secundu‘m
3430 595 3542 648 dis-

1965 685 2341 753 pensationem
2402 685 2521 751 Dei,
2561 701 2679 754 quae
2717 685 2841 738 data
2878 697 2960 740 est
2986 685 3115 739 mihi
3168 686 3221 738 in
3270 685 3442 752 vobis,
3486 694 3544 739 ut

1965 775 2215 844 impleam
2249 777 2468 830 verbum
2505 777 2635 842 Dei;
2692 778 3007 845 mysterium
3059 776 3201 846 quod
3251 777 3544 831 abscondi-

1967 873 2079 918 tum
2108 866 2207 920 fuit
2242 883 2271 920 a
2309 867 2521 922 saeculis
2552 877 2605 921 et
2647 869 3120 938 generationibus,
3169 883 3311 921 nunc
3362 877 3542 922 autem

1966 957 2373 1011 manifestatum
2407 969 2490 1012 est
2529 960 2732 1013 sanctis
2777 957 2915 1026 ejus,
2947 960 3142 1028 quibus
3191 959 3360 1014 voluit
3402 960 3546 1013 Deus

1966 1057 2122 1102 notas
2147 1048 2326 1103 facere
2353 1049 2574 1103 divitias
2600 1050 2784 1118 gloriae
2833 1051 3161 1104 sacramenti
3213 1051 3374 1120 hujus
3422 1067 3546 1120 gen-

1967 1140 2129 1205 tibus,
2179 1140 2322 1209 quod
2371 1150 2454 1194 est
2503 1139 2754 1194 Christus
2811 1140 2864 1192 in
2909 1143 3060 1195 nobis
3095 1183 3111 1208 ,
3163 1158 3286 1210 spes
3339 1143 3545 1211 gloriae,

1966 1245 2125 1299 quem
2163 1246 2262 1286 nos
2294 1231 2683 1285 annuntiamus
2712 1230 2777 1286 ⁵⁸.
2815 1250 2832 1282 ι
2871 1231 3151 1297 Quomodo
3197 1234 3438 1286 abditum
3468 1243 3550 1287 est

1969 1324 2308 1392 mysterium,
2359 1332 2451 1376 aut
2500 1322 2592 1376 Dei
2639 1338 2864 1392 prorsus
2898 1319 3131 1377 Verbum
3176 1332 3280 1386 est,
3330 1333 3424 1376 aut
3457 1340 3552 1375 cu-

1961 1412 2200 1483 jusmodi
2242 1416 2458 1469 tandem
2488 1415 2676 1486 gloriae
2706 1429 2836 1484 opes
2870 1424 3163 1484 suppetunt
3217 1415 3464 1480 Christo,
3504 1416 3548 1470 si

1969 1505 2184 1572 quidem
2237 1504 2474 1575 vulgaris
2530 1514 2737 1558 tantum
2807 1505 3090 1572 nostrique
3149 1504 3342 1558 similis
3391 1506 3552 1558 homo

1969 1596 2182 1651 exsistit
2204 1596 2227 1648 ?
2247 1594 2434 1665 Neque
2463 1595 2607 1650 enim
2634 1595 2739 1665 72
2766 1593 2969 1665 grande
2999 1604 3094 1648 aut
3126 1596 3301 1665 magni
3321 1595 3552 1664 alicujus

1973 1687 2228 1759 ponderis
2255 1688 2571 1758 mysterium
2604 1688 2695 1742 hic
2728 1690 2882 1753 latet,
2910 1688 2954 1741 si
2980 1686 3196 1742 Christo
3231 1703 3334 1742 non
3366 1689 3548 1741 cohre-

1973 1794 2153 1834 remus
2177 1788 2432 1849 tanquam
2463 1779 2593 1843 Deo,
2629 1789 2885 1848 certoque
2924 1794 3241 1848 persuasum
3289 1779 3550 1834 habemus

1970 1872 2063 1926 Dei
2089 1872 2348 1933 Verbum,
2375 1871 2517 1940 quod
2542 1870 2592 1924 iu
2623 1869 2794 1924 forma
2819 1879 2876 1924 et
2904 1871 3218 1940 aequalitate
3247 1868 3423 1925 Patris
3443 1879 3549 1935 est,

1970 1965 2243 2020 hominem
2290 1964 2489 2018 factum
2538 1964 2603 2017 ad
2653 1963 2952 2018 ultroneam
3003 1961 3430 2016 exinanitiouem
3492 1974 3554 2016 se

1970 2057 2276 2123 demisisse,
2307 2069 2527 2110 manens
2579 2055 2798 2110 interim
2854 2056 2958 2110 hoc
3009 2055 3184 2123 ipsum
3230 2055 3372 2122 quod
3409 2063 3548 2110 erat.

1969 2149 2049 2202 Ad
2084 2149 2226 2202 hunc
2253 2148 2399 2201 enim
2433 2148 2650 2200 modum
2673 2147 2991 2216 mysterium
3023 2147 3128 2200 hoc
3156 2157 3436 2216 acceptum
3466 2147 3552 2201 in-

1971 2251 2158 2311 gentes
2185 2239 2602 2309 magnificentia:
2636 2247 2688 2290 et
2717 2237 2900 2307 gloriae
2931 2237 3150 2291 divitias
3181 2237 3356 2290 olfert.

2049 2351 2067 2383 ι
2107 2331 2262 2386 Sicut
2311 2346 2438 2400 ergo
2479 2331 2771 2397 accepistis
2813 2328 2995 2382 Jesum
3044 2329 3319 2383 Christum
3368 2329 3552 2384 Domi-

1974 2439 2100 2476 num
2135 2433 2402 2489 nostrum,
2433 2421 2484 2474 in
2512 2421 2628 2490 ipso
2658 2419 2931 2473 ambulate
2956 2459 2972 2484 ,
3007 2419 3230 2473 radicati
3272 2428 3328 2474 et
3359 2434 3553 2488 super-

1973 2513 2222 2568 tediﬁcati
2250 2513 2303 2567 in
2333 2513 2468 2582 ipso,
2499 2521 2553 2566 et
2589 2511 2892 2566 confirmati
2923 2510 2974 2564 in
2999 2511 3102 2566 (ide
3126 2512 3193 2566 ".
3230 2529 3249 2564 ι
3277 2511 3556 2578 Quomodo

1975 2623 2075 2662 nos
2134 2606 2410 2661 Christum
2484 2604 2918 2672 susceperimus,
2974 2603 3026 2657 id
3101 2618 3256 2657 sacer
3323 2601 3556 2658 Joannes

1975 2696 2238 2767 ejusmodi
2265 2695 2510 2748 oratione
2535 2693 2772 2748 breviter
2803 2691 3035 2760 explicat
3069 2707 3082 2744 :
3117 2708 3134 2741 ι
3189 2691 3255 2744 Et
3292 2689 3554 2756 Verbum,

1977 2789 2176 2858 inquit,
2205 2801 2334 2842 caro
2364 2785 2564 2840 factum
2597 2785 2765 2840 est“.
2803 2802 2822 2834 ι
2860 2783 3241 2836 Verumtamen
3275 2782 3399 2836 licet
3429 2797 3560 2837 caro

1977 2881 2177 2934 factum
2207 2887 2313 2942 est,
2342 2892 2438 2947 per
2465 2876 2568 2930 hoc
2603 2884 2780 2929 tamen
2826 2874 3055 2929 Verbum
3086 2888 3206 2928 esse
3240 2889 3342 2926 non
3374 2873 3556 2928 desiit.

1976 2969 2113 3025 Nam
2142 2971 2304 3024 etiam
2339 2970 2390 3022 iu
2425 2983 2490 3022 eo
2519 2975 2664 3022 statu
2712 2967 2825 3034 pari
2871 2981 2992 3019 cum
3035 2964 3194 3018 Patre
3241 2965 3561 3018 auctoritate

1903 3095 1946 3151 ο
1979 3064 2175 3133 pollet;
2223 3069 2277 3116 et
2316 3059 2406 3129 qui
2437 3059 2616 3113 crucis
2665 3056 2986 3127 snpplicium
3030 3055 3269 3122 pertulit,
3299 3052 3559 3110 Dominus

1981 3155 2167 3226 gloria:
2191 3151 2516 3222 appellatur.

2058 3263 2076 3295 ι
2115 3242 2356 3298 Orationi
2394 3241 2612 3302 instate,
2641 3236 2930 3304 vigilantes
2975 3237 3026 3290 in
3066 3251 3129 3291 ea
3178 3236 3228 3289 iu
3263 3234 3562 3305 gratiarum
3621 3301 3627 3307 ,

1983 3337 2229 3392 actione:
2261 3343 2483 3389 orantes
2514 3329 2678 3386 simul
2703 3337 2758 3385 et
2791 3344 2887 3399 pro
2918 3329 3071 3383 nobis
3095 3366 3110 3392 ,
3151 3337 3208 3380 ut
3255 3326 3397 3380 Deus
3434 3341 3564 3395 ape-

1984 3428 2090 3481 riat
2135 3427 2289 3480 nobis
2333 3425 2532 3479 ostium
2578 3421 2846 3477 sermonis
2893 3420 2960 3473 ad
2999 3417 3324 3488 loquendum
3362 3425 3564 3486 mystev

1985 3518 2123 3570 rium
2147 3514 2349 3570 Christi
2388 3514 2637 3583 (propter
2667 3512 2809 3580 quod
2837 3513 3000 3565 etiam
3028 3511 3244 3565 vinctus
3274 3508 3458 3578 sum),
3503 3515 3563 3562 ut

1987 3605 2327 3662 manifest’em
2351 3605 2480 3658 illud
2517 3606 2614 3669 ita,
2649 3612 2707 3657 ut
2732 3612 2947 3672 oportet
2975 3618 3060 3656 me
3086 3603 3230 3672 loqui
3257 3603 3326 3656 “.
3368 3619 3388 3652 ι
3422 3600 3566 3654 Sane

1987 3698 2034 3754 si
2063 3697 2313 3752 Christus
2349 3695 2492 3750 Deus
2520 3709 2624 3748 non
2659 3703 2828 3756 esset,
2857 3694 2950 3748 sed
2988 3694 3150 3747 homo
3186 3701 3392 3746 tantum
3427 3690 3566 3746 divi-

1987 3804 2070 3845 na:
2103 3789 2292 3857 gratiae
2323 3799 2555 3841 munere
2583 3785 2842 3848 donatus,
2871 3785 3190 3853 mysterium
3222 3785 3286 3836 de
3314 3784 3428 3850 ipso
3456 3797 3565 3836 non

1988 3881 2272 3936 admodum
2301 3878 2626 3950 profundum
2657 3876 2817 3930 foret.
2847 3879 2966 3941 Quo
3017 3875 3179 3944 igitur
3226 3873 3367 3928 ostio
3393 3883 3565 3942 'pate-

1986 3973 2133 4028 facto
2167 3986 2301 4043 opus
2332 3979 2451 4026 erat
2476 3979 2534 4024 ut
2577 3968 2711 4022 illud
2760 3965 3224 4028 manifestaretur,
3257 3964 3568 4020 commode-

1986 4079 2092 4134 que
2121 4063 2203 4134 (ut
2231 4057 2530 4132 oportebat)
2563 4055 2997 4129 proponeretur?
3026 4053 3305 4123 siquidem
3343 4067 3446 4108 non
3483 4059 3567 4107 est

1988 4170 2076 4210 res
2101 4169 2315 4224 magna,
2347 4161 2441 4206 aut
2467 4151 2633 4204 ardua
2665 4150 2731 4202 de
2773 4147 2992 4202 homine
3032 4147 3212 4200 dicere
3235 4185 3250 4212 ,
3295 4144 3436 4213 quod
3473 4159 3569 4197 na-

1991 4256 2110 4301 tura
2142 4245 2306 4300 homo
2343 4243 2433 4296 sit.
2465 4240 2521 4296 Si
2555 4251 2737 4295 autem
2768 4239 3005 4294 Verbum
3050 4238 3140 4291 Dei
3169 4238 3330 4290 homo
3361 4235 3565 4289 factum

1989 4338 2331 4408 praedicetur,
2353 4333 2465 4402 jam
2498 4332 2720 4387 omnino
2747 4345 2885 4400 Opus
2915 4329 3018 4384 erit
3050 4327 3299 4399 prmsidio
3332 4325 3448 4392 Dei,
3473 4325 3565 4393 qui

1918 4419 1960 4474 Β
1991 4431 2190 4486 ostium
2237 4433 2483 4492 reseret,
2531 4423 3056 4492 convenientemque
3114 4419 3357 4490 mysterii
3409 4418 3567 4487 hujus

1994 4521 2412 4593 explicationem
2443 4518 2730 4588 largiatur.

2393 4652 2479 4707 Ea:
2506 4651 2748 4721 Epistula
2782 4652 2850 4704 ad
2881 4649 3154 4745 Hebrum.

2078 4811 2097 4844 ι
2135 4791 2266 4845 Cum
2300 4790 2597 4845 introducit
2630 4789 3048 4860 primogenitum
3085 4788 3136 4841 in
3171 4785 3354 4842 orbem
3387 4793 3566 4846 terrm.

1996 4879 2127 4933 dicit
2161 4878 2267 4932 :Et
2289 4877 2516 4932 adorent
2552 4892 2675 4933 eum
2701 4893 2890 4933 omnes
2915 4877 3088 4946 angeli
3123 4877 3210 4930 Dei
3241 4877 3307 4928 ".
3351 4894 3368 4927 ι
3405 4875 3572 4928 Natu-

1993 4970 2102 5023 rale
2132 4968 2221 5022 Dei
2249 4968 2426 5022 Patris
2450 4967 2684 5024 Verbum
2716 4969 3022 5038 unigenitus
3051 4966 3370 5037 appellatur,
3395 4980 3569 5034 quan-

1991 5061 2278 5130 doquidem
2312 5061 2484 5115 solum
2529 5075 2595 5114 ex
2631 5061 2746 5115 solo
2789 5059 2951 5114 Patre
2993 5060 3232 5130 genitum
3281 5066 3402 5130 est:
3455 5057 3568 5123 pri-

1994 5152 2245 5222 mogeniti
2273 5161 2452 5206 autem
2474 5166 2666 5205 nomen
2694 5160 2805 5204 ttnn
2831 5151 3044 5204 demum
3070 5147 3328 5210 obtinuit,
3353 5147 3568 5214 quando

1991 5241 2174 5308 homo,
2214 5252 2268 5296 et
2316 5242 2499 5295 mundi
2551 5257 2674 5311 pars
2723 5241 2970 5296 ell'ectum
3017 5239 3070 5290 in
3115 5237 3255 5290 hunc
3302 5243 3568 5289 terrarum

390 5387 435 5418 ⁵⁸³
466 5388 719 5454 Coloss.t,
746 5389 935 5446 26-28.
1015 5393 1060 5424 ⁵9
1089 5392 1292 5449 Coloss.
1328 5411 1385 5458 tt,
1415 5394 1467 5448 (i.
1545 5397 1588 5427 ‘°
1616 5396 1802 5464 Joan.,
1836 5415 1872 5462 ι,

1982 5437 1996 5451 .
2075 5396 2114 5431 ⁸⁸
2140 5398 2346 5453 Coloss.
2375 5415 2449 5464 tv,
2472 5400 2594 5455 2-6.
2673 5401 2716 5432 θ’
2747 5397 2910 5452 llcbr.
2947 5412 2984 5461 ι,
3015 5397 3068 5451 6.

1393 5553 1558 5611 Varize
1594 5558 1849 5616 lectiones
1877 5560 2077 5618 codicis
2113 5559 2468 5630 Seguieriaui.

393 5694 412 5719 ⁸
447 5685 778 5755 φανερῶσαι.
