3970 6136
454 305 579 361 ιεδι

1435 293 1497 352 s.
1540 290 1813 352 evrum
1852 290 2318 351 ALEXANDRINI
2360 289 2688 352 AR'ClllEP.
2756 250 2757 255 Ν

3596 297 3731 357 ΙΞΞΓΞΞ

450 425 636 479 urbem
690 419 992 491 ingressum
1048 431 1152 477 est.
1206 417 1593 480 Verumtamen
1652 426 1754 483 hac
1816 440 2028 497 quoque

2140 424 2259 489 νὼς,
2290 426 2383 478 καὶ
2430 422 2597 496 μέρος
2624 424 2816 493 αὐτῆς.
2844 423 2989 494 Πλὴν
3023 425 3118 477 καὶ
3145 424 3288 477 οὕτω
3324 427 3727 496 προσκυνεῖται

453 514 662 567 ratione
705 525 734 564 a
802 512 1008 567 sanctis
1055 514 1258 584 angelis
1319 519 1591 580 adorator,
1660 532 1781 570 cum
1827 517 2025 570 adora-

454 605 529 657 tio
571 603 667 657 soli
732 602 841 657 Deo
874 604 1156 670 debeatur,
1191 617 1245 661 et
1286 607 1353 661 ad
1411 607 1555 661 illum
1617 607 1786 661 solum
1821 608 2026 661 refera-

454 706 557 750 tur.
585 694 717 761 Quis
745 696 908 765 igitur
956 695 1233 751 Christum
1282 699 1448 753 Deum
1491 713 1611 754 esse
1659 699 1915 769 ambigat,
1971 706 2032 753 ut

452 789 615 840 etiam
644 788 695 839 in
722 785 858 840 cmlo
888 787 1180 840 adoretur?

523 877 627 955 73
663 896 681 928 ι
707 875 771 931 Et
793 877 858 931 ad
882 878 1099 947 angelos
1113 879 1329 948 quidem
1352 879 1519 935 dicit:
1544 880 1642 948 Qui
1664 879 1790 935 l'acit
1810 879 2028 951 angelos

453 982 577 1020 suos
607 969 850 1035 spiritus,
882 977 936 1021 et
968 969 1248 1024 ministros
1274 986 1402 1024 suos
1436 969 1708 1027 ﬂammam
1752 972 1911 1042 ignis.
1946 972 2024 1026 Ad

458 1057 650 1111 Filium
679 1069 890 1112 autem:
924 1057 1173 1115 Thronus
1203 1071 1344 1127 tuus,
1365 1060 1524 1127 Deus,
1555 1064 1606 1116 in
1641 1063 1896 1117 stcculum
1929 1079 2029 1117 sa:-

454 1150 581 1202 cnli.
605 1147 879 1219 Et:Virga
905 1151 1175 1218 aequitatis
1200 1153 1347 1222 virga
1378 1154 1525 1222 regni
1553 1154 1650 1208 tui.
1669 1153 1907 1207 Dilexisti
1937 1152 2027 1224 ju-

453 1242 675 1306 stitiam,
733 1251 788 1295 et
828 1241 987 1295 odisti
1031 1241 1409 1311 iniquitatem:
1443 1257 1724 1313 propterea
1764 1247 1921 1300 unxit
1976 1257 2027 1301 te

460 1335 623 1399 Deus,
657 1333 795 1387 Deus
821 1342 962 1396 tuus,
999 1331 1120 1388 oleo
1141 1334 1515 1391 exsultatio’nis
1546 1352 1654 1406 prae
1674 1338 2026 1406 participibus

457 1426 651 1480 tuis".
693 1446 712 1479 ι
775 1424 830 1479 Si
891 1425 1206 1494 angelorum
1238 1428 1484 1481 conditor
1515 1436 1631 1491 est,
1683 1428 1725 1482 si
1769 1430 2025 1485 thronum

455 1515 660 1569 obtinet
696 1516 1108 1584 sempiternum,
1136 1516 1402 1583 justitiam
1438 1518 1648 1584 dilexit,
1682 1531 1736 1573 et
1768 1520 2028 1588 iniquita-

457 1618 562 1661 tem
599 1608 722 1675 odio
755 1608 962 1669 habuit,
995 1622 1167 1676 eaque
1197 1609 1261 1663 de
1292 1624 1452 1663 causa
1484 1610 1860 1665 exsultationis
1908 1611 2027 1665 oleo

455 1713 484 1751 a
517 1698 622 1752 Deo
656 1698 814 1753 Patre
844 1701 1094 1754 inunctus
1126 1701 1229 1754 fuit
1260 1719 1273 1755 :
1308 1703 1434 1770 quid
1468 1712 1707 1756 statuere
1744 1714 1837 1756 aut
1881 1700 2028 1770 cogi-

2136 518 2285 589 παρὰ
2323 517 2430 569 τῶν
2457 517 2630 584 ἁγίων
2666 515 2933 583 ἀγγέλων,
2959 516 3322 586 ἀνακειμένου
3350 533 3411 568 τε
3457 515 3557 569 καὶ
3595 517 3733 586 πρέ-

2135 628 2327 674 ποντος
2373 602 2533 681 μοναί
2567 608 2687 678 Θεῷ
2716 607 2810 661 τοῦ
2842 608 2937 662 καί⁵
2968 608 3395 680 προσκυνεῖσθαι
3427 607 3566 661 δεῖν.
3604 608 3729 671 Πῶς

2129 697 2224 756 οὖν
2252 701 2312 754 οὐ
2339 700 2470 763 Θεὸς
2500 701 2528 753 6
2561 697 2815 769 Χριστὸς,
2841 701 2871 753 6
2901 699 2997 753 καὶ
3028 700 3086 753 ἐν
3120 699 3339 770 οὐρανῷ
3370 700 3727 771 προσκυνού-

2137 810 2296 864 μενος
2318 809 2333 859 ;

2210 902 2231 935 ‹
2262 882 2374 936 Καὶ
2399 882 2532 954 πρὸς
2557 879 2655 951 μὲν
2694 879 2819 943 τοὺς
2838 879 3103 949 ἀγγέλους
3122 879 3292 948 λέγει·
3326 876 3385 934 Ὃ
3405 879 3587 934 ποιῶν
3610 883 3735 944 τοὺς

2133 971 2397 1038 ἀγγέλους
2421 969 2588 1021 αὖτοῦ
2610 968 2913 1039 πνεύματα,
2942 971 3174 1032 καὶτοὺς
3193 969 3550 1040 λειτουργοὺς
3566 971 3731 1023 αὐτοῦ

2134 1060 2304 1131 πυρὸς
2317 1059 2509 1128 φλόγα.
2528 1058 2671 1130 Πρὸς
2684 1060 2740 1112 δὲ
2763 1059 2851 1112 τὸν
2863 1060 3010 1111 Υίόν·
3027 1060 3084 1112 Ὀ
3097 1059 3284 1130 θρόνος
3303 1063 3459 1127 σου,ό
3477 1062 3641 1126 Θεὸς,
3656 1067 3733 1127 είς

2132 1151 2223 1205 τὸν
2247 1152 2418 1205 αίῶνα
2449 1150 2545 1204 τοῦ
2583 1151 2799 1214 αἰῶνος.
2833 1150 2961 1204 Καί·
2997 1152 3061 1204 Ἦ
3080 1144 3275 1221 ῥάϐδος
3297 1156 3395 1224 τῆς
3424 1154 3730 1224 εὐθύτητὸος

2135 1256 2228 1296 σου
2271 1242 2464 1313 ῥάϐδος
2489 1239 2589 1311 τῆς
2636 1226 2912 1311 βασιλείας
2941 1257 3056 1293 σου.
3093 1242 3411 1315 Ἠγάπησας
3440 1245 3727 1299 δικαιοσύ-

2133 1347 2251 1400 νην,
2280 1330 2374 1382 καὶ
2390 1330 2659 1399 ὲμίσηδας
2672 1329 2885 1382 ἀδικίαν
2902 1330 2945 1365 ιο
2965 1328 3057 1382 διὰ
3070 1329 3231 1382 τοῦτο
3244 1330 3432 1400 ἔχρισέ
3448 1349 3509 1384 σε
3526 1334 3560 1385 6
3572 1333 3721 1396 Θεὸς,

2133 1421 2160 1471 6
2182 1419 2311 1481 Θεός
2345 1436 2461 1483 σου,
2498 1418 2676 1472 ἔλαιον
2708 1418 3080 1486 ἀγαλλιάσεως
3119 1420 3268 1490 παρά
3299 1421 3432 1484 τοὺς
3461 1423 3726 1492 μετόχους

2136 1531 2250 1567 σου.
2278 1533 2297 1565 ι
2332 1514 2397 1567 Ei
2438 1510 2669 1584 ποιητὴς
2700 1513 2948 1582 ἀγγέλων
2981 1515 3130 1568 ἐστὶν
3162 1516 3191 1567 6
3224 1516 3416 1586 θρόνον
3449 1516 3605 1587 ἔχων
3648 1520 3723 1582 είς

2132 1608 2223 1659 τὸν
2247 1605 2421 1659 αἰῶνα
2444 1604 2538 1658 τοῦ
2565 1605 2782 1671 αἰῶνος,
2813 1606 3109 1674 ἀγαπήσας
3135 1623 3196 1658 τε
3220 1607 3607 1678 δικαιοσύνην,
3635 1610 3723 1663 καὶ

2137 1695 2460 1767 μεμισηκὼς
2486 1695 2701 1748 ἀδικίαν
2721 1703 2771 1760 ιι,
2808 1696 2904 1749 καὶ
2933 1694 3022 1749 διὰ
3051 1697 3212 1749 τοῦτο
3237 1698 3529 1768 κεκρίσθαι
3567 1699 3719 1767 λεγόα

456 1800 571 1843 tare
601 1805 696 1843 nos
721 1805 817 1859 par
837 1799 939 1855 est,
965 1793 1089 1845 dum
1116 1792 1167 1845 in
1198 1790 1462 1859 ejusmodi
1492 1793 1557 1846 de
1582 1793 1697 1860 ipso
1727 1794 2026 1848 sententias

2140 1804 2291 1857 μενος
2314 1787 2394 1856 τῷ
2422 1786 2588 1856 ὲλαίῳ
2613 1786 2713 1855 τῆς
2741 1786 3115 1855 ἀγαλλιάσεως
3147 1788 3300 1858 παρὰ
3326 1787 3422 1840 τοῦ
3453 1788 3600 1842 Θεοῦ
3634 1790 3721 1843 καὶ

459 1881 847 1936 luciderimus?
890 1880 1023 1935 Nam
1075 1882 1120 1935 si
1161 1881 1412 1937 ccelestes
1462 1883 1686 1951 spiritus
1732 1898 1859 1937 suos
1901 1883 2031 1937 facit

457 1971 755 2036 ministros,
793 1972 1157 2041 throuumque
1197 1972 1440 2042 possidet
1487 1973 1725 2039 deitatis,
1762 1974 2031 2043 quomodo

459 2063 580 2117 oleo
609 2063 992 2118 exsultationis
1023 2062 1291 2118 delibutus
1333 2064 1642 2120 asseritur?
1680 2064 1822 2120 Sane
1860 2076 2033 2136 ange-

458 2156 539 2210 los
564 2162 715 2208 creat
741 2164 796 2208 ut
822 2155 984 2220 Deus,
1012 2154 1288 2226 inungitur
1310 2166 1486 2211 autem
1519 2166 1577 2211 ut
1617 2158 1778 2213 homo
1798 2199 1813 2226 ,
1870 2158 1942 2212 ita
1973 2169 2032 2213 ut

459 2248 572 2315 ipsa
606 2247 787 2300 unctio
831 2262 933 2299 non
969 2247 1034 2300 ad
1082 2247 1316 2301 divinam
1363 2257 1636 2314 naturam,
1670 2250 1762 2305 sed
1812 2249 1879 2304 ad
1911 2251 2030 2304 dis-

458 2337 787 2407 pensationis
847 2338 1169 2408 sapientiam
1201 2339 1387 2409 procul
1417 2340 1580 2395 duhio
1613 2341 1901 2399 referatur.
1932 2342 2030 2397 Est

458 2430 640 2497 itaque
680 2427 932 2484 Chrisms
968 2428 1130 2493 Deus,
1170 2438 1225 2484 et
1259 2431 1460 2485 homo:
1498 2432 1637 2487 Deus
1679 2434 1895 2503 quidem
1939 2450 2033 2488 na-

456 2530 601 2584 tura,
625 2519 787 2573 homo
812 2533 938 2573 vero
963 2521 1128 2574 nostri
1154 2519 1349 2575 similis
1375 2521 1786 2591 dispensatorie,
1814 2524 2032 2593 quando

459 2609 717 2662 nimirum
767 2608 1062 2664 secundum
1093 2623 1313 2664 carnem
1351 2624 1418 2665 ex
1466 2613 1691 2667 muliere
1734 2621 1894 2669 natus
1927 2622 2032 2669 est.

536 2807 556 2841 ι
596 2788 808 2855 Videte,
840 2788 1061 2853 fratres,
1094 2802 1161 2842 ne
1189 2788 1326 2843 forte
1356 2788 1465 2843 sint
1497 2790 1548 2843 in
1584 2789 1765 2859 aliquo
1793 2799 2030 2845 vestrum

458 2897 552 2937 cor
575 2881 771 2935 malum
806 2881 1194 2935 incredulitatis
1222 2881 1527 2935 discedendi
1566 2897 1595 2935 a
1636 2883 1740 2935 Deo
1762 2884 1884 2936 vivo
1911 2882 1979 2933 ⁸⁸.
2009 2900 2027 2933 ι

462 2973 519 3027 Si
549 2974 818 3027 Chrisunn
848 2971 1197 3042 abnegantes,
1229 2987 1257 3026 a
1302 2973 1409 3027 Deo
1436 2973 1562 3026 vivo
1594 2981 1649 3027 et
1677 2988 1808 3028 vero
1853 2973 2034 3028 desci-

459 3064 697 3129 scimus;
725 3062 779 3116 in
822 3061 927 3116 [ide
955 3078 1082 3116 vero
1115 3077 1232 3130 qure
1261 3063 1311 3115 in
1342 3063 1517 3132 ipsum
1542 3072 1625 3117 est
1646 3065 2025 3133 persistentes,

459 3152 775 3207 defectionis
837 3152 1064 3205 crimine
1123 3152 1429 3207 nullatenus
1474 3152 1775 3222 obligamur
1830 3172 1844 3208 :
1892 3169 2029 3225 quo-

462 3243 620 3295 modo
650 3239 902 3293 Christus
924 3254 1035 3293 non
1062 3248 1144 3293 est
1173 3239 1314 3294 Deus
1339 3240 1363 3292 l

538 3348 556 3380 ι
592 3329 648 3383 Si
671 3330 814 3383 enim
849 3330 1070 3397 sanguis
1103 3329 1374 3382 hircorum
1401 3337 1457 3383 et
1487 3337 1784 3395 taurorum,
1813 3338 1869 3385 et
1888 3330 2028 3389 cinis

458 3422 641 3476 vitulae
675 3434 946 3488 aspersus,
978 3420 1281 3488 inquinatos
1325 3420 1630 3475 sanctiﬁcat
1671 3421 1738 3476 ad
1767 3424 2028 3478 emunda-

450 3517 660 3571 ‘tlonetn
693 3514 914 3568 carnis:
959 3525 1161 3582 quanto
1208 3513 1377 3583 magis
1416 3515 1637 3582 sanguis
1670 3513 1901 3582 Christi,
1937 3516 2027 3581 qui

460 3621 558 3679 per
588 3606 851 3676 Spiritum
876 3613 1120 3659 sanctum
1150 3605 1498 3675 semetipsum
1533 3605 1731 3659 obtulit
1765 3606 2029 3661 immacu-

444 3698 624 3752 latum
675 3697 820 3761 Deo,
870 3695 1183 3749 emundabit
1239 3696 1626 3749 conscientiam
1676 3704 1915 3751 nostram
1960 3695 2029 3751 ab

459 3790 713 3860 operibus
742 3788 993 3855 mortuis,
1032 3787 1099 3842 ad
1145 3790 1485 3843 serviendum
1514 3787 1624 3844 Deo
1655 3787 1853 3842 viventi
1875 3788 1920 3820 “
1946 3788 1970 3841 ἲ
2002 3804 2022 3840 ι

452 3881 517 3937 Si
544 3880 793 3935 Christus
821 3895 977 3933 verus
1004 3878 1147 3933 Deus
1170 3894 1273 3932 non
1305 3888 1409 3944 est,
1442 3893 1627 3948 quam,
1655 3879 1865 3948 quaeso;
1889 3879 2028 3932 utili-

462 3984 623 4030 tatem
666 3973 806 4027 illius
836 3973 1053 4042 sanguis
1085 3972 1236 4026 nobis
1267 3972 1463 4039 poterit
1488 3970 1723 4028 aﬂ‘erre?
1757 3972 1864 4025 Aut
1889 3984 2027 4040 quo-

461 4067 617 4120 modo
645 4064 1005 4120 conscientias
1040 4072 1252 4117 nostras
1297 4063 1363 4118 ab
1391 4064 1642 4132 operibus
1677 4061 1904 4119 mortuis
1930 4076 2027 4131 po-

460 4158 585 4210 tet-it
613 4156 876 4226 expiare?
906 4155 1046 4222 Quid
1082 4156 1225 4210 enim
1268 4153 1506 4224 vulgaris
1539 4153 1773 4207 hominis
1805 4153 2026 4222 sanguis

460 4248 679 4303 virtutis
716 4258 808 4302 aut
836 4246 1172 4301 elﬁcacitatis
1202 4246 1383 4309 habet,
1409 4246 1550 4315 quod
1584 4260 1688 4298 non
1716 4246 1874 4298 etiam
1900 4258 2028 4298 san-

459 4341 578 4408 guis
607 4338 919 4393 hircorum?
948 4337 1083 4391 nihil
1117 4337 1360 4391 omnino.
1406 4335 1521 4390 Hoc
1564 4335 1740 4390 solum
1792 4347 2027 4404 namque

2133 1881 2376 1951 Ιιατρόςο
2410 1878 2464 1932 τί
2491 1879 2555 1950 δὴ
2580 1880 2688 1950 ἄρα
2727 1880 2907 1950 φαμὲν
2948 1882 3028 1943 είς
3061 1880 3271 1942 ἐννοίας
3298 1881 3599 1952 ἐρχόμενοι
3626 1883 3720 1945 τάς

2130 1971 2219 2023 ἐπ’
2245 1969 2427 2040 aere);
2461 1970 2526 2023 Ei
2556 1969 2666 2041 γὰρ
2693 1973 2841 2023 ποιεῖ
2875 1972 3003 2034 τοὺς
3030 1971 3298 2040 ἀγγέλους
3328 1972 3501 2025 αὐτοῦ
3552 1973 3717 2026 πνεύ-

2133 2078 2301 2132 ματα,
2328 2062 2421 2114 καὶ
2451 2060 2640 2130 θρόνον
2666 2061 2779 2131 ἔχει
2805 2061 3080 2133 θεότητος,
3119 2064 3243 2116 τίνα
3267 2064 3474 2133 τρόπον
3497 2065 3717 2136 χρίεται

2129 2149 2209 2219 τῷ
2253 2149 2418 2219 ἐλαίῳ
2461 2151 2559 2219 τῆς
2590 2149 2996 2226 ἀγαλλιάσεως
3027 2152 3239 2206 Οὐκοῦν
3281 2153 3461 2217 κτίζει
3507 2154 3607 2223 μὲν
3638 2153 3717 2215 ὠς

2131 2242 2264 2304 Θεὸς
2312 2241 2609 2309 ἀγγέλους,
2658 2241 2871 2311 χρίεται
2904 2242 2962 2296 δὲ
3001 2243 3077 2306 ὼς
3118 2244 3410 2316 ἄνθρωπος
3433 2262 3448 2275 ’
3493 2246 3598 2299 οὐκ
3635 2247 3712 2309 εἰς

2131 2332 2229 2404 τὴν
2262 2332 2360 2401 τῆς
2394 2331 2648 2402 θεότητος
2679 2332 2861 2400 φύσιν,
2896 2334 3010 2386 ἀλλ’
3038 2337 3118 2398 εἰς
3162 2336 3223 2388 τὸ
3254 2336 3355 2406 τῆς
3393 2336 3704 2405 οἰκονομίας

2132 2422 2380 2492 εὐτεχνὲς
2438 2422 2732 2493 ἐρχομένου
2792 2423 2888 2477 τοῦ
2933 2424 3254 2493 χρίσματος.
3296 2424 3434 2488 Θεὸς
3476 2425 3586 2497 ἄρα
3625 2424 3710 2479 καὶ

2132 2511 2417 2583 ἄνθρωπος
2445 2514 2476 2564 6
2503 2511 2772 2581 Χριστός·
2804 2509 2939 2574 Θεὸς
2974 2512 3073 2580 μὲν
3101 2515 3167 2583 τῇ
3202 2512 3387 2582 φύσει,
3426 2513 3710 2584 ἄνθρωπος

2132 2598 2190 2652 δὲ
2233 2597 2354 2659 καθ’
2384 2599 2532 2669 ἡμᾶς
2571 2602 2601 2653 6
2635 2601 2797 2664 αὐτὸς
2828 2601 3210 2670 οἰκονομικῶς,
3244 2604 3337 2656 ὅτε
3388 2602 3618 2672 γέγονεν
3649 2603 3709 2654 ὲκ

2132 2692 2392 2760 γυναικὸς
2417 2691 2557 2748 κατά
2592 2693 2790 2764 σάρκα.

2210 2799 2229 2834 ι
2258 2780 2518 2845 Βλέπετε,
2561 2781 2801 2850 ἀδελφοὶ,
2843 2782 2915 2853 μή
2949 2782 3081 2834 ποτέ
3113 2784 3262 2835 ἐστιν
3305 2783 3365 2835 έν
3405 2798 3517 2834 τινι
3564 2779 3707 2851 ὑμῶν

2134 2870 2333 2937 καρδία
2359 2871 2573 2943 πονηρὰ
2600 2871 2878 2939 ἀπιστίας,
2904 2874 2964 2925 ὲν
2992 2870 3071 2942 τῷ
3098 2873 3404 2942 ἀποστῆναι
3437 2873 3551 2925 ἀπὸ
3580 2870 3705 2923 Θεοῦ

2135 2963 2397 3027 ζῶντος.»
2437 2965 2501 3017 Εἰ
2549 2963 2874 3035 ἀρνούμενοι
2924 2964 3015 3017 τὸν
3067 2965 3322 3034 Χριστὸν,
3369 2961 3707 3033 ἀφιστάμεθα

2134 3053 2270 3107 Θεοῦ
2301 3053 2501 3131 ζῶντος
2527 3055 2621 3108 καὶ
2649 3054 2904 3124 ἀληθινοῦ
2924 3096 2939 3120 ,
2965 3054 3296 3124 ἐμμένοντες
3322 3054 3383 3106 δὲ
3412 3057 3481 3124 τῇ
3511 3055 3591 3117 εἰς
3616 3052 3705 3105 αύ-

2135 3146 2225 3200 τὸν
2260 3146 2460 3211 πίστει,
2492 3147 2612 3200 κατ’
2638 3147 2830 3201 οὐδένα
2867 3148 3068 3218 τρόπον
3103 3147 3408 3218 ποιούμεθα
3434 3149 3539 3218 τὴν
3579 3149 3703 3199 ἀπσ-

2138 3238 2362 3291 στασίαν
2383 3280 2398 3305 ,
2430 3238 2545 3302 πῶς
2570 3239 2631 3291 ού
2661 3238 2793 3299 Θεὸς
2817 3242 2846 3293 6
2870 3240 3137 3311 Χριστόςς
3282 3308 3302 3322 δ

2213 3349 2232 3381 ι
2261 3331 2324 3382 El
2351 3329 2458 3400 γὰρ
2489 3331 2553 3382 τὸ
2579 3325 2719 3401 αἷμα
2753 3333 2967 3401 ταύρων
2998 3332 3094 3386 καὶ
3121 3332 3362 3403 τράγων,
3396 3335 3491 3387 καὶ
3522 3333 3705 3394 σποδὸς

2133 3420 2414 3491 δαμάλεως
2467 3420 2789 3491 ῥαντίζουσα
2836 3424 2963 3487 τοὺς
3002 3425 3432 3496 κεκοινωμένους
3504 3424 3700 3493 ἁγιάζει

2134 3512 2271 3583 πρὸς
2307 3513 2404 3583 τὴν
2440 3513 2540 3582 τῆς
2569 3514 2768 3584 σαρκὸς
2801 3514 3184 3587 καθαρότητα-
3218 3517 3371 3586 πόσῳ
3407 3517 3607 3587 μᾶλλον
3642 3517 3700 3568 τὸ

2134 3598 2274 3674 αἷμα
2316 3603 2410 3657 τοῦ
2444 3605 2704 3674 Χριστοῦ,
2746 3606 2807 3669 ὃς
2834 3606 2922 3659 διὰ
2960 3608 3291 3678 Πνεύματος-
3320 3609 3481 3677 ἁγίου
3521 3609 3699 3663 ἑαυτὸν

2137 3697 2508 3766 προσήνεγκεν
2548 3697 2786 3768 ἄμωμον
2816 3698 2896 3768 τῷ
2937 3699 3076 3772 Θεῷ,
3112 3700 3369 3771 καθαριεί
3395 3704 3497 3773 τὴν
3530 3702 3699 3755 συνεί-

2132 3787 2290 3857 δησιν
2333 3786 2492 3857 ἡμῶν
2536 3787 2643 3841 ἀπὸ
2684 3788 2895 3860 νεκρῶν
2938 3789 3135 3861 ἔργων,
3183 3793 3265 3854 είς
3310 3791 3372 3845 τὸ
3420 3792 3696 3863 λατρεύειν

2132 3876 2251 3947 Θεῷ
2298 3875 2498 3943 ζῶντις
2541 3895 2559 3929 ι
2588 3878 2649 3930 Ei
2694 3879 2767 3950 μὴ
2796 3879 2928 3941 Θεὸς
2963 3880 3169 3951 ἀληθής
3201 3881 3350 3934 ἐστιν
3388 3884 3419 3935 6
3454 3884 3696 3952 Χριστὸς,

2133 3963 2213 4027 τίς
2241 3965 2478 4035 ήδνησις
2511 3967 2544 4036 ἡ
2573 3965 2659 4019 διά
2682 3966 2777 4019 τοῦ
2807 3968 3039 4038 αἵματος
3063 3969 3262 4036 αὐτούς
3297 3971 3368 4024 Ἦ
3398 3970 3521 4035 πῶς
3550 3972 3697 4042 ἡμῶν

2133 4056 2386 4127 καθαριεῖ
2425 4057 2522 4126 τὴν
2555 4058 2860 4127 συνείδησιν
2907 4061 3015 4113 ἀπὸ
3042 4061 3251 4132 νεκρῶν
3294 4061 3516 4132 ἔργων;
3560 4058 3700 4132 Αἷμα

2131 4148 2239 4220 γὰρ
2274 4147 2561 4220 ἀνθρώπου
2589 4151 2767 4203 κοινοῦ
2800 4151 2854 4204 τί
2883 4152 2944 4204 τὸ
2968 4152 3128 4205 πλέον
3158 4153 3270 4223 ἔχει
3302 4154 3457 4224 παρά
3486 4155 3549 4208 τὸ
3572 4149 3699 4225 αἷμα

2132 4240 2240 4294 τῶν
2272 4244 2515 4313 τράγων;
2548 4242 2686 4295 Ἀλλ’
2709 4242 2861 4296 οὐδὲν
2887 4244 3045 4309 ὅλως,
3073 4246 3212 4316 πλὴν
3234 4248 3314 4300 ὅτι
3342 4247 3407 4300 τὸ
3436 4248 3540 4317 μέν
3562 4250 3699 4300 ἐστιν

2135 4332 2329 4400 ἀλόγου
2362 4333 2524 4399 ζώου,
2555 4334 2615 4386 τὸ
2654 4333 2710 4386 δὲ
2757 4334 2998 4403 λογικοῦ.
3041 4337 3259 4407 Ἐπειδὴ
3301 4337 3359 4391 δὲ
3399 4340 3428 4393 6
3465 4340 3533 4391 ὲκ
3574 4336 3699 4391 Θεοῦ

460 4435 602 4487 inter
636 4433 779 4486 hunc
804 4440 860 4485 et
887 4431 1034 4484 illum
1070 4430 1313 4495 interest,
1345 4430 1484 4497 quod
1520 4429 1606 4483 hic
1637 4428 1707 4482 sit
1735 4429 2027 4482 animantis

2140 4424 2271 4477 κατά
2304 4423 2487 4493 φύσιν,
2520 4424 2699 4494 σάρκα
2737 4425 2938 4490 λαϐὼν,
2989 4426 3185 4499 ἔθηκεν
3227 4429 3369 4499 ὑπὲρ
3403 4426 3621 4483 πάντων
3649 4431 3701 4481 τὸ

461 4522 625 4587 bruti,
660 4522 748 4576 ille
792 4536 919 4576 vero
962 4520 1256 4575 animantis
1298 4520 1511 4575 ratione
1557 4518 1790 4588 praediti.
1827 4518 2027 4573 Verum

459 4612 587 4682 quia
640 4612 903 4667 naturalis
944 4612 1037 4664 Dei
1076 4610 1245 4666 Filius
1279 4624 1496 4665 carnem
1548 4609 1874 4678 assumpsit,
1905 4623 2032 4664 san-

460 4702 787 4769 guinemque
817 4715 974 4755 suum
1015 4715 1113 4769 pro
1141 4700 1394 4755 omnibus
1421 4697 1678 4770 proludit,
1708 4698 1909 4753 factum
1949 4708 2032 4754 est

2141 4515 2271 4569 ἴδιον
2318 4511 2493 4586 αἷμα,
2538 4516 2796 4588 ταύτῃτοι
2829 4520 2923 4572 κα)⁵
2953 4520 3270 4591 καθαρίζειν
3313 4520 3541 4574 δύναται
3584 4523 3703 4581 coit;

2137 4609 2490 4671 πιστεύοντας
2517 4609 2596 4672 είς
2631 4609 2812 4674 αὑτὸν,
2844 4614 2939 4666 καὶ
2966 4613 3176 4683 νεκρῶν
3220 4612 3400 4684 ἔργων
3429 4612 3698 4667 ἀπαλλάτ-

2136 4716 2270 4763 τειν,
2302 4699 2395 4751 καὶ
2429 4699 2727 4770 προσάγειν
2756 4703 2835 4765 εἰς
2863 4700 3119 4773 λατρείαν
3146 4702 3223 4773 τῷ
3249 4703 3389 4774 Θεῷ.

460 4793 570 4867 74
604 4804 661 4847 ιιι
689 4797 970 4850 credentes
1000 4797 1052 4850 in
1086 4796 1264 4866 ipsum
1294 4795 1471 4850 valeat
1502 4795 1818 4861 emundare,
1851 4808 2028 4864 exque
2067 4795 2300 4850 mortuis
2338 4795 2591 4865 operibus
2615 4795 2867 4853 liberatos
2932 4799 3116 4854 divino
3179 4800 3347 4855 cultui
3377 4802 3696 4879 mancipare,

462 4886 678 4954 Deoque
715 4884 930 4971 oll‘erre.

436 4988 447 4992 '
537 4997 556 5030 ι
589 4966 954 5046 ιιτὶιιιηιᾳιιίε
977 4976 1182 5033 iaciens
1208 4978 1381 5048 legem
1414 4978 1605 5051 Moysi,
1635 4977 1752 5033 sine
1784 4977 1893 5033 ulla
1930 4978 2031 5031 mi-
2098 4966 2108 4971 Ἰ

460 5069 732 5124 seratione
753 5067 959 5121 duohns
982 5065 1066 5120 vel
1093 5067 1263 5121 tribus
1286 5068 1513 5122 testibus
1547 5068 1797 5120 moritur.
1820 5067 2033 5131 Quanto

464 5159 633 5228 magis
680 5157 883 5227 putatis
917 5156 1186 5211 deteriora
1225 5157 1417 5211 mereri
1465 5157 1760 5226 supplicia,
1809 5159 1898 5223 qui
1943 5155 2033 5209 Fi-

462 5247 590 5303 lium
634 5248 728 5304 Dei
780 5247 1214 5339 conculcaverit,
1259 5254 1313 5302 et
1355 5250 1675 5319 sanguinem
1721 5248 2028 5303 testamenti

2212 4994 2231 5028 ι
2270 4975 2566 5046 Ἀθετήσας
2593 4995 2676 5042 τις
2699 4981 2865 5050 νόμον
2890 4981 3187 5047 Μωῦσέως,
3216 4983 3389 5054 χωρὶς
3414 4984 3701 5055 οἰκτιρμῶν

2136 5067 2230 5120 ὲπὶ
2263 5068 2413 5121 δυσὶν
2443 5069 2476 5140 ἢ
2511 5072 2657 5141 τρισὶ
2692 5071 2959 5143 μάρτυσιν
3000 5072 3357 5143 ἀποθνήσκει.
3400 5076 3579 5146 Πόσῳ,
3619 5075 3689 5126 δο-

2135 5161 2317 5223 κεῖτε,
2371 5162 2613 5232 χείρονος
2658 5161 3016 5234 ἀξιωθήσεται
3069 5166 3340 5235 τιμωρίας
3374 5164 3410 5219 ’ὁ
3444 5167 3537 5218 τὸν
3584 5166 3705 5218 Υἱὸς

2131 5250 2266 5304 Θεοῦ
2307 5254 2724 5322 καταπατήσας,
2767 5253 2949 5309 καὶτὸ
2982 5249 3123 5327 αἷμα
3168 5255 3271 5326 τῆς
3297 5256 3560 5328 διαθήκης
3591 5271 3701 5307 κει·

534 5403 579 5433 ⁸³
607 5401 767 5460 Hebr.
796 5419 838 5467 ι,
877 5403 931 5469 8,
959 5403 1014 5458 9.
1090 5403 1136 5437 ”
1160 5402 1323 5460 llehr.
1361 5419 1443 5472 nt,
1474 5404 1563 5459 12.
1640 5403 1684 5436 ⁸³
1716 5402 1880 5460 Hebr.
1906 5388 1979 5471 tux,
2023 5404 2109 5470 l5,
2134 5404 2220 5458 Η.

1528 5560 1717 5623 ,νοιῑεε
1745 5564 2003 5619 lectiones
2029 5563 2228 5621 codicis
2265 5562 2616 5634 Seguieriani.

544 5691 561 5724 ι
592 5688 837 5759 ἀνομίαν.
916 5696 941 5725 ι
978 5689 1226 5758 ἀνομίαν.

3892 4460 3903 4547 i
