3970 6136
257 257 400 311 19ῦό

1355 249 1443 305 ne
1480 247 1711 308 usam
1744 243 1906 308 FIDE
1945 242 2037 306 Αἰ)
2070 207 2399 309 amisss.
2447 219 2454 227 ’
2515 287 2518 290 .

3377 249 3473 305 1⁸23
3484 249 3516 304 »ι

250 375 346 428 νὸν
395 372 770 444 ἡγησάμενος,
815 370 907 424 καὶ
951 371 1012 424 τὸ
1054 369 1278 440 Πνεῦμα
1340 371 1438 442 τῆς
1480 373 1700 444 χάριτος
1744 373 1833 426 ὲν-

1945 369 2202 440 pnllutum
2231 369 2466 436 duxerit,
2509 367 2561 422 in
2586 380 2692 438 quo
2721 359 3091 422 sanctiﬁcatus
3131 367 3246 428 est,
3297 371 3354 417 et
3389 363 3514 432 Spi-

255 465 482 534 υςρίσας
509 465 586 525 α’,
612 464 670 516 ὲν
701 455 746 530 ᾧ
780 459 1016 531 ἡγιάσθη
1038 478 1052 526 ;
1077 479 1096 510 ι
1141 460 1200 514 '0
1225 461 1368 515 θεῖον
1401 461 1629 533 ὑϐρίσας
1647 463 1834 532 νόμον,

257 558 423 626 ⁸ἤγουν
469 553 760 623 ἀθετήσας,
804 552 902 604 οὐκ
952 549 1064 616 ἴσον
1110 552 1220 622 ἔχει
1257 552 1318 606 τὸ
1351 551 1604 623 ἔγκλημα
1647 553 1725 624 τῷ
1757 557 1874 636 εἰςΙ

251 645 538 717 ἄνθρωπον
563 642 932 714 ἡμαρτηκότι,
961 642 1098 698 ἀλλὰ
1126 644 1260 698 πολὺ
1283 645 1710 716 φορτικώτερον·
1741 646 1836 698 καὶ

250 737 384 804 γοῦν
415 737 444 789 6
481 735 578 806 μὲν
615 736 778 804 νόμον
813 734 1240 804 παραϐεϐηκὼς,
1275 737 1379 788 ὑπὸ
1409 737 1509 808 τὴν
1547 737 1642 789 τοῦ
1675 725 1838 790 θανά-

251 847 346 882 του
382 828 637 880 πέπτωκε
683 825 869 895 δίκην·
901 827 929 878 6
957 826 1016 879 δὲ
1054 827 1136 890 είς
1178 827 1468 896 ἄνθρωπον
1507 829 1836 898 πεπλημμε-

252 917 435 992 ληκὼς
453 918 548 988 εἴη
579 915 644 970 ἂν
671 917 766 970 καὶ
797 915 1124 988 συγγνώμης
1156 917 1326 983 ἄξιος,
1355 919 1478 982 Πῶς
1510 915 1602 973 οὖν
1633 921 1690 972 ἐν
1721 917 1836 988 χει-

259 1026 371 1082 ρονι
396 1007 518 1079 δίκῃ
556 1005 650 1058 τοῦ
677 1004 1126 1075 πλημμελοῦντος
1152 1008 1230 1069 είς
1261 1007 1352 1058 τὸν
1376 1006 1620 1068 Μωσέως
1647 1005 1834 1074 νόμον,

253 1103 284 1156 ὁ
333 1100 506 1155 κοινὸν
549 1097 904 1167 ἡγησάμενος
940 1097 1000 1150 τὸ
1049 1091 1191 1167 αἷμα
1221 1097 1315 1150 τοῦ
1351 1097 1621 1167 Χριστοῦ;
1673 1097 1837 1152 Ἀλλὰ

258 1193 365 1264 μὴν
388 1194 445 1245 ὲν
470 1189 696 1262 χείρονι,
724 1188 819 1240 καὶ
863 1187 1066 1258 σφόδρα
1092 1189 1337 1251 εἰκότως.
1379 1190 1491 1264 Οῦκ
1523 1187 1629 1257 ἄρα
1654 1187 1835 1241 κοινὸν

255 1260 333 1336 τὸ-
352 1260 503 1352 αἷμα
527 1260 622 1356 τοῦ
657 1276 926 1349 Χριστοῦ·
959 1275 1089 1340 Θεὸς
1121 1276 1229 1347 γὰρ
1257 1271 1324 1348 ἦν
1350 1279 1378 1330 6
1403 1260 1572 1346 Ᾱόγος
1603 1278 1834 1348 γενόμε-

256 1391 346 1438 νος
385 1371 542 1444 σάρξ.

337 1669 355 1702 ε
390 1648 626 1702 Βλέπετε
661 1649 736 1719 μὴ
768 1645 1178 1719 παραιτήσησθε
1206 1645 1296 1700 τὸν
1327 1645 1610 1700 λαλοῦντα.
1635 1648 1700 1700 Εἰ
1727 1639 1847 1718 γὰρ’

1938 465 2061 518 ritui
2089 463 2275 534 gratiae
2303 461 2684 518 contumeliam
2717 457 2905 514 fecerit
2929 455 3008 510 “1
3039 475 3058 510 ι
3095 455 3152 511 Si
3181 453 3378 508 divina:
3405 453 3508 524 legi

1939 555 2323 610 contumeliam
2354 553 2577 622 fuci-ens,
2610 551 2925 606 eamdemve
2950 547 3378 620 transgrediens,
3407 560 3514 599 non

1939 646 2050 717 pari
2077 661 2200 701 cum
2231 661 2297 700 eo
2323 653 2533 700 tenetur
2561 643 2810 706 crimine,
2845 641 2936 710 qui
2984 623 3054 694 in.
3079 639 3354 698 hominem
3387 651 3515 706 pec-

1937 739 2164 802 caverit,
2218 737 2311 790 sed
2359 737 2516 807 longe
2560 734 2797 805 graviori
2849 731 3148 802 (siquidem
3199 729 3292 796 qui
3341 731 3514 798 legem

1939 827 2216 886 violasset.
2253 825 2445 880 mortis
2486 812 3157 894 supplicio'multabatur;
3189 818 3281 889 qui
3333 829 3514 871 autem

1940 920 1991 972 in
2021 917 2296 971 hominem
2341 915 2603 982 deliquit,
2651 913 2864 966 veniam
2910 910 3181 964 interdum
3231 909 3520 978 consequi-

1941 1008 2052 1075 tur)
2081 1026 2094 1062 :
2128 1006 2398 1076 quomodo
2426 1003 2588 1075 igitur
2619 1001 2807 1071 majori
2834 1015 2990 1071 poena
3018 1001 3211 1069 dignus
3241 1008 3514 1061 censetur,

1937 1099 2027 1168 qui
2055 1097 2260 1153 Christi
2301 1087 2620 1166 sanguinem
2673 1094 2932 1163 pullulum
2977 1093 3212 1154 duxerit,
3241 1105 3305 1145 eo
3335 1090 3424 1160 qui
3463 1089 3518 1143 in

1935 1192 2226 1246 Mnsaieam
2271 1188 2442 1257 legem
2489 1196 2768 1258 peccatum
2823 1183 3145 1240 admiserit?
3177 1183 3338 1254 Atqui
3391 1197 3517 1252 gra-

1939 1285 2143 1338 viorem
2178 1281 2314 1336 citra
2352 1279 2514 1334 ullam
2545 1276 2970 1333 controversiam
3009 1286 3373 1344 promeretur.
3409 1273 3518 1328 Cur

1939 1374 2056 1430 ita?
2081 1374 2206 1442 quia
2245 1371 2451 1428 Christi
2482 1370 2704 1438 sanguis
2729 1384 2835 1424 non
2867 1368 3108 1440 vulgaris
3139 1366 3518 1422 communisve

1939 1465 2176 1521 hominis
2205 1465 2428 1535 sanguis
2471 1473 2573 1520 est.
2603 1461 2840 1518 Verbum
2867 1461 3012 1516 enim
3033 1500 3050 1528 ,
3079 1459 3222 1530 quod
3271 1471 3435 1514 carne
3459 1471 3521 1513 se

1939 1558 2132 1623 induit,
2163 1557 2307 1612 Deus
2329 1565 2437 1611 est.

2018 1667 2039 1702 ι
2079 1647 2276 1704 Videte
2329 1663 2401 1703 ne
2460 1645 2724 1702 recusetis
2781 1644 3112 1714 loquentem.
3158 1639 3214 1697 Si
3267 1641 3410 1697 enim
3443 1641 3518 1696 illi

231 1731 459 1795 ’ἐκεῖνοι
487 1740 591 1793 οὐκ
623 1739 903 1808 ἐξέφυγον,
938 1738 1029 1791 τὸν
1065 1738 1158 1790 ἐπὶ
1201 1736 1304 1808 τῆς
1341 1738 1446 1808 γῆς
1489 1738 1834 1816 παραιτησά-

1945 1755 2042 1795 non
2075 1739 2385 1810 effugerunt
2413 1746 2727 1794 recusantes
2772 1731 2920 1800 eum,
2977 1735 3066 1804 qui
3117 1749 3276 1804 super
3319 1742 3517 1788 terram

261 1848 414 1902 μενοι
448 1830 538 1884 τὸν
574 1829 982 1901 χρηματίζοντα
1001 1871 1015 1896 ,
1048 1829 1226 1900 πολλῷ
1257 1829 1457 1900 μᾶλλον
1487 1831 1646 1898 ἡμεῖς
1671 1831 1719 1882 οἱ
1747 1829 1838 1882 τὸν

253 1924 352 1978 ἀπ’
395 1923 638 2008 οὐρανῶν
685 1921 1185 1992 ἀποστρεφόμενοι,
1225 1913 1286 1974 οῦ
1329 1922 1364 1992 ἡ
1407 1919 1558 1990 φωνὴ
1591 1920 1689 1993 τὴν
1734 1921 1838 1992 γῆν

253 2015 517 2070 ’ὲσὰλευσε
553 2014 674 2067 τότε
701 2029 713 2043 ·
761 2013 854 2066 νῦν
907 2015 964 2068 δὲ
1026 2012 1393 2084 ἐπήγγελται,
1445 2012 1654 2082 λέγων,
1701 2015 1837 2067 ὄτιν

259 2103 438 2170 ’Ἀπαξ
473 2104 583 2175 ἐγὼ
629 2105 793 2160 σείσω
819 2106 879 2159 οὐ
913 2105 1072 2176 μόνον
1099 2104 1198 2176 τὴν
1229 2104 1352 2176 γῆν,
1373 2103 1508 2158 ἀλλὰ
1535 2105 1628 2159 καὶ
1639 2103 1729 2156 τὸν
1747 2102 1838 2156 οὐ⁹

248 2199 440 2270 ,ρανὸιη
467 2217 485 2250 ι
521 2197 616 2260 Τίς
653 2198 682 2250 6
719 2197 1063 2270 χρηματίσας
1097 2196 1190 2248 ἐπὶ
1220 2197 1354 2268 γῆς,
1393 2196 1452 2250 ὃν
1491 2195 1836 2269 παραιτησάο

261 2310 411 2362 μενοι
453 2290 927 2347 κεκινδυνεύκασιν
953 2291 1002 2344 οἱ
1031 2289 1138 2344 τῶν
1169 2290 1438 2344 Ἰουδαῖων
1469 2283 1836 2359 πατέρες;*Η

247 2385 435 2456 δῆλον,
479 2384 561 2438 ὅτι
591 2383 828 2454 Μωσῆςς
869 2381 1006 2440 Ἀλλ’
1034 2382 1135 2436 οὐκ
1163 2383 1227 2436 ὲκ
1263 2381 1371 2452 γῆς
1401 2383 1430 2434 6
1474 2381 1731 2453 Χριστὸς,
1776 2379 1837 2446 ἐξ

243 2473 499 2546 ὀὐρανῶν
544 2472 600 2527 δὲ
637 2472 856 2544 μᾶλλον.
894 2472 952 2526 '0
981 2471 1089 2544 γὰρ
1124 2471 1328 2526 ἄνωθεν
1362 2472 1456 2524 καὶ
1489 2472 1552 2525 ὲκ
1581 2471 1673 2525 τοῦ
1721 2473 1834 2524 Πα-

256 2566 384 2638 τρδς
411 2565 542 2631 Θεὸς
566 2567 757 2634 Λόγος,
785 2563 881 2618 ἄνθ
892 2581 1070 2635 ρωπος
1097 2564 1288 2633 γέγονε
1315 2564 1410 2618 καὶ
1437 2563 1588 2627 Θεός.
1620 2564 1835 2636 Χείρων

251 2652 350 2710 οῦν
378 2659 410 2726 ἠ
441 2657 567 2727 δίκη
601 2659 712 2720 τοῖς
762 2655 925 2709 αὐτὸν
969 2655 1500 2726 ἀποστρεφομένοις,
1552 2655 1650 2710 καὶ
1691 2653 1836 2724 μάλα

257 2746 498 2808 εἰκότως.
531 2747 616 2810 Ὠς
644 2745 752 2816 γὰρ
781 2747 810 2798 6
836 2745 999 2814 σοφός
1021 2736 1184 2813 φησιν
1219 2745 1471 2816 Ἰωάννης
1491 2785 1506 2808 ,
1538 2765 1556 2796 ε
1581 2747 1638 2798 'U
1665 2743 1740 2800 ὢν
1769 2746 1834 2798 ἐκ

257 2833 356 2902 τῆς
387 2834 508 2904 γῆς,
539 2837 600 2888 ἐκ
625 2834 722 2898 τῆς
751 2833 856 2904 γῆς
886 2833 1068 2896 λαλεῖ,
1111 2835 1388 2888 τουτέστιν
1427 2834 1744 2906 ἀνθρώπινα
1763 2852 1776 2864 ·
1805 2835 1834 2888 6

258 2921 314 2975 δὲ
347 2923 550 2978 ἄνωθεν
577 2925 888 2997 ἐρχόμενος,
921 2925 1104 2980 ἐπάνω
1125 2927 1342 2980 πάντων
1363 2927 1532 2992 ἐστὶν,
1559 2947 1575 2978 ι
1600 2926 1676 2990 ὡς
1701 2927 1834 2990 Θεὸς

257 3013 514 3082 δηλονότι.
547 3017 716 3070 Τοῦτο
743 3017 800 3070 δὲ
829 3027 853 3052 ι
882 3013 947 3088 ἦν
977 3034 1036 3070 τε
1067 3016 1162 3069 καὶ
1187 3017 1300 3070 ἔστι
1331 3019 1374 3071 Χ
1383 3013 1585 3089 ριστὸς.

1939 1830 2288 1902 loquebatur,
2339 1829 2510 1885 multo
2547 1829 2718 1899 magis
2748 1843 2869 1894 nos,
2897 1826 2987 1896 qui
3019 1825 3086 1881 de
3117 1825 3258 1880 caelo
3287 1825 3519 1893 loquen-

1941 1934 2046 1978 tem
2075 1921 2232 1978 nObis
2254 1923 2572 1989 avertimus,
2603 1919 2764 1992 cujus
2792 1934 2890 1975 vox
2921 1918 3089 1987 movit
3115 1927 3316 1972 terram
3346 1924 3473 1970 tunc
3501 1933 3518 1969 :

1939 2031 2084 2071 nunc
2117 2021 2302 2069 autem
2339 2012 2660 2082 repromittit
2685 2052 2699 2076 ,
2738 2011 2923 2066 dicens
2952 2027 2967 2064 :
3011 2009 3200 2062 Adhuc
3229 2006 3396 2062 semel
3419 2047 3434 2070 ,
3469 2015 3524 2061 et

1937 2121 2036 2178 ego
2069 2104 2298 2160 movebo
2337 2121 2445 2160 non
2471 2105 2648 2160 solum
2685 2112 2917 2164 terram,
2949 2101 3044 2156 sed
3091 2109 3144 2154 et
3169 2100 3362 2156 coelum
3390 2101 3458 2153 ⁸⁷.
3497 2107 3520 2151 ί

1937 2195 2072 2264 Quis
2121 2195 2234 2262 ille,
2287 2210 2504 2266 quaeso,
2541 2209 2702 2265 quem
2754 2209 2875 2247 cum
2918 2191 2972 2245 in
3020 2191 3180 2246 terris
3216 2191 3522 2256 loquentem

1935 2287 2250 2344 Juda‘orum
2283 2287 2515 2354 majores
2544 2292 3004 2355 aspernarentur,
3037 2297 3202 2352 grave
3230 2282 3330 2336 sibi
3376 2284 3522 2352 peri-

1937 2379 2116 2434 culum
2155 2377 2717 2433 acciverunt?anu0n
2775 2376 2984 2430 clarum
3023 2372 3349 2444 est‘Moysen
3383 2374 3526 2427 hunc

1937 2470 2258 2526 exstitisse?
2287 2471 2353 2524 At
2385 2469 2638 2524 Christus
2679 2483 2783 2524 non
2828 2474 2892 2522 de
2938 2475 3117 2532 terra,
3159 2467 3254 2520 sed
3293 2465 3357 2520 de
3387 2463 3524 2518 coelo

1937 2571 2039 2623 est.
2076 2559 2210 2615 Nam
2250 2561 2392 2616 Deus
2421 2560 2687 2623 Verbum,
2735 2557 2877 2628 quod
2922 2555 2988 2610 de
3029 2553 3278 2624 supernis
3314 2561 3428 2617 est,
3472 2560 3527 2606 et

1938 2668 2002 2708 ex
2039 2651 2200 2706 Patre
2223 2663 2402 2706 ortum
2430 2659 2534 2716 est,
2560 2649 2734 2704 factus
2757 2657 2839 2704 est
2865 2647 3048 2712 homo,
3077 2645 3326 2716 idemque
3354 2643 3522 2698 Deus.

1936 2743 2170 2798 Gravius
2195 2740 2427 2813 proinde
2461 2741 2789 2810 supplicium
2817 2739 3042 2794 debetur
3081 2739 3188 2804 bis,
3226 2738 3314 2806 qui
3350 2737 3546 2806 ipsum'

1936 2845 2278 2902 aversantur,
2346 2849 2446 2890 nec
2500 2833 2720 2902 injuria,
2745 2830 3200 2900 quandoquidem,
3232 2828 3526 2897 utsapiens

1935 2926 2171 2982 Joannes
2201 2935 2408 2990 monet,
2474 2942 2494 2976 ι
2525 2923 2629 2991 Qui
2669 2924 2734 2979 de
2763 2933 2901 2977 terra
2937 2930 3040 2988 est,
3079 2921 3146 2975 de
3179 2931 3320 2976 terra
3349 2919 3525 2989 loqui-

1939 3029 2047 3084 tur,
2079 3037 2100 3072 ›
2142 3019 2246 3072 hoc
2289 3025 2374 3072 est
2403 3016 2636 3084 humana
2674 3029 2690 3068 :
2726 3029 2745 3063 ‹
2786 3011 2882 3082 qui
2937 3019 3115 3068 autem
3155 3009 3224 3065 de
3273 3010 3528 3078 supernis

259 3106 425 3170 venit,
468 3122 630 3177 super
659 3123 848 3162 omnes
876 3116 960 3162 est
987 3109 1032 3139 ⁶⁸
1055 3147 1070 3174 ,
1115 3125 1132 3160 ι
1179 3126 1374 3180 nempe
1405 3119 1462 3164 ut
1489 3111 1648 3164 Deus.
1685 3108 1838 3166 ίιυιιο
1877 3115 2060 3168 autem
2117 3109 2396 3165 Christum
2431 3121 2574 3174 esse,
2600 3113 2656 3161 et
2719 3101 2910 3170 fuisse,
2938 3102 3291 3172 quaestionem
3325 3098 3525 3154 nullam

259 3198 440 3253 habet.

333 3310 351 3342 ε
393 3291 596 3359 Ἰησοῦς
629 3289 862 3360 Χριστὸς
891 3289 1037 3359 χθὲς,
1063 3291 1157 3344 καὶ
1190 3293 1431 3364 σήμερον
1460 3293 1488 3345 6
1521 3291 1702 3358 αὐτὸς,
1737 3293 1833 3344 καί⁷
1861 3301 1903 3359 c

259 3383 338 3444 είς
365 3383 491 3442 τοὺς
521 3381 742 3443 αἰῶνας.
771 3399 789 3430 ι
814 3380 916 3432 Τὸν
947 3382 1010 3432 ἐκ
1040 3380 1174 3432 Θεοῦ
1207 3382 1378 3450 φύντα
1401 3382 1574 3450 Λόγον
1598 3383 1718 3435 τότε
1751 3400 1838 3435 κε-

260 3473 526 3542 κλημένον
573 3471 881 3539 εὑρήσομεν
928 3469 1134 3538 Ἰησοῦν
1177 3471 1434 3540 Χριστὸν,
1467 3473 1556 3523 ὅτε
1613 3473 1834 3538 γέγονεν

259 3558 356 3612 ἄνθ
364 3575 542 3628 ρωπος
572 3559 636 3610 ὲκ
667 3556 948 3624 γυναικός.
967 3557 1091 3620 Πῶς
1119 3553 1212 3610 οῦν
1235 3559 1263 3608 6
1296 3557 1442 3628 χθὲς,
1463 3559 1555 3610 καὶ
1573 3560 1833 3628 σήμερον,

260 3649 290 3700 6
327 3647 488 3710 αὐτὸς
526 3647 621 3700 καὶ
664 3647 742 3708 εἰς
773 3648 900 3708 τοὺς
946 3645 1184 3712 αἱῶνας;
1227 3647 1448 3700 Ἐνώσει
1495 3647 1738 3718 δηλονότι
1767 3649 1834 3719 τῇ

263 3726 398 3812 προς
423 3739 513 3792 τὸν
545 3741 608 3792 ὲκ
634 3738 768 3792 Θεοῦ
801 3739 991 3808 Λόγον,
1017 3720 1258 3802 είςδΥίὸν
1283 3738 1381 3792 ἕνα
1411 3739 1707 3810 νοουμένης
1736 3739 1838 3816 τῆς

261 3833 662 3905 ἀναληφθείσης
703 3833 761 3898 ἐξ
785 3833 950 3887 αὐτοῦ
995 3833 1226 3904 σαρκός*
1257 3831 1400 3886 οῦτω
1435 3831 1543 3904 γὰρ
1575 3833 1634 3886 τὸ
1673 3833 1836 3905 ἄτρε-

263 3943 392 3980 πτον
432 3927 525 3981 τοῦ
561 3927 734 3994 Λόγου
767 3925 907 3980 κατὰ
932 3924 1093 3994 φύσιν
1123 3925 1274 3996 μενεῖ
1303 3923 1460 3978 πάλιν
1491 3921 1658 3994 αὐτῷ,
1688 3939 1838 3978 vocu-

265 4015 412 4088 μένῳ
439 4017 534 4071 καὶ
570 4015 709 4088 μετὰ
743 4015 966 4088 σαρκός.

551 4236 649 4290 Ἕκ
677 4235 788 4305 τῆς
821 4235 970 4304 πρὸς
1008 4236 1285 4306 Τιμόθεον
1313 4232 1566 4302 πρώτης.

339 4392 357 4426 ι
387 4372 598 4445 Παῦλος
637 4371 932 4435 ἀπόστολος
965 4369 1140 4441 Ἰησοῦ
1185 4369 1446 4442 Χριστοῦ,
1490 4369 1609 4422 κατ’
1641 4371 1833 4422 ἐπιτα-

261 4463 362 4534 γὴν
391 4463 524 4516 Θεοῦ
559 4463 808 4534 Σωτῆρος
839 4461 1016 4532 ἡμῶν,
1044 4460 1294 4532 Τιμοθέῳ
1323 4459 1532 4530 γνησίῳ
1569 4457 1744 4528 τέκνῳ
1776 4461 1833 4512 ὲν

264 4557 464 4609 πίστει.
496 4573 514 4605 ι
555 4555 628 4607 Τὸ
661 4553 756 4608 τοῦ
801 4553 1053 4622 Σωτῆρος
1091 4551 1261 4622 ὄνομα
1295 4551 1497 4623 πρέποι
1532 4548 1598 4604 ἂν
1631 4548 1832 4620 μᾶλλον

2015 3309 2032 3343 ι
2065 3289 2225 3346 Iesus
2253 3289 2504 3346 Christus
2551 3288 2705 3352 heri,
2735 3293 2790 3341 et
2843 3283 3024 3348 hodie,
3071 3283 3186 3354 ipse
3220 3293 3276 3340 et
3327 3284 3378 3338 in
3423 3295 3526 3340 sze'

1944 3383 2065 3436 eula
2093 3383 2159 3438 θ’.
2199 3401 2220 3434 ι
2259 3383 2496 3437 Verbum
2527 3382 2671 3449 quod
2705 3397 2771 3438 ex
2814 3383 2925 3438 Deo
2968 3379 3228 3449 gignitur,
3259 3385 3386 3430 tunc
3429 3375 3527 3430 de-

1943 3487 2090 3525 mum
2123 3469 2254 3525 Jesu
2285 3471 2491 3526 Christi
2516 3471 2930 3541 appellationem
2974 3469 3222 3524 sortitum
3261 3467 3528 3536 comperi-
3622 3485 3624 3487 '

1943 3577 2088 3625 mus,
2121 3577 2242 3616 cum
2287 3577 2354 3616 ex
2405 3562 2633 3617 muliere
2659 3561 2865 3618 factum
2911 3571 2994 3618 est
3023 3553 3210 3615 homo.
3245 3558 3349 3614 Sed
3393 3575 3531 3629 quo-

1945 3651 2104 3708 modo
2133 3651 2273 3704 idem
2297 3661 2381 3705 est
2411 3651 2621 3715 heri,et
2653 3652 2831 3716 hodie,
2852 3653 2968 3720 ipse
2993 3661 3047 3704 et
3073 3651 3128 3704 in
3157 3649 3348 3704 srecula
3367 3650 3388 3703 ἱ)
3409 3650 3526 3706 Non

1945 3741 2046 3794 alia
2083 3741 2266 3810 utique
2314 3741 2546 3806 ratione,
2579 3757 2740 3810 quam
2787 3742 2990 3807 carnis,
3026 3756 3186 3810 quam
3216 3742 3526 3811 assumpsit,

1946 3847 2068 3888 cum
2089 3832 2179 3888 Dei
2197 3833 2371 3890 Verbo
2389 3833 2606 3899 unione,
2625 3843 2686 3888 ut
2702 3849 2842 3890 unus
2859 3833 3186 3904 intelligatur
3211 3831 3394 3886 Filius.
3413 3833 3529 3906 Hac

1945 3939 2185 3993 namque
2214 3923 2673 3988 consideratione,
2703 3923 2945 3990 etiamsi,
2973 3932 3030 3976 ut
3073 3937 3238 3977 carne
3281 3923 3524 3976 indutum

1941 4026 2046 4080 est,
2078 4015 2262 4070 animo
2306 4004 2666 4084 cdncipiatur,
2695 4015 2804 4088 75
2844 4029 3000 4070 suam
3043 4013 3392 4068 nihilominus
3431 4029 3527 4068 na-

1940 4105 2172 4162 turalem
2203 4107 2560 4164 stabilitatem
2597 4107 2859 4178 integram
2889 4121 3107 4177 semper
3143 4104 3362 4161 retinet.

2357 4238 2442 4294 Ex
2469 4241 2635 4311 priori
2671 4241 2740 4294 ad
2769 4239 3116 4294 Timotheum.

2019 4393 2038 4427 ‹
2077 4374 2271 4438 Paulus
2304 4373 2579 4444 apostolus
2617 4372 2742 4428 Jesu
2781 4372 2984 4428 Christi
3025 4375 3318 4428 secutnlum
3353 4374 3520 4444 impe-

1945 4465 2082 4519 rium
2141 4465 2232 4519 Dei
2291 4464 2588 4520 Salvatoris
2640 4475 2831 4529 nostri,
2876 4473 2931 4519 et
2980 4465 3176 4520 Christi
3234 4466 3358 4522 Jesu
3408 4471 3522 4539 spei

1943 4566 2170 4624 nostrae,
2205 4555 2490 4612 Timotheo
2531 4557 2727 4613 dilecto
2767 4557 2876 4611 ﬁlio
2903 4557 2956 4611 in
2987 4558 3090 4612 lide
3123 4559 3188 4611 7°.
3257 4577 3276 4610 ι
3316 4557 3520 4614 Nomen

261 4647 358 4716 οὐχ
393 4649 563 4717 ἑτέρῳ
593 4645 796 4716 κυρίως
825 4661 884 4698 τε
913 4645 1007 4697 καὶ
1041 4643 1276 4712 ἀληθῶς,
1310 4641 1449 4712 πλὴν
1469 4643 1551 4696 ὅτι
1577 4641 1640 4712 δὴ
1687 4645 1833 4711 μόνῳ

1945 4649 2041 4703 hoc
2073 4647 2320 4704 Salvator
2349 4649 2476 4704 nulli
2505 4649 2658 4705 alteri
2697 4665 2850 4719 atque
2884 4665 3008 4703 vere
3041 4650 3364 4721 proprieque
3400 4667 3526 4707 con-

263 4735 338 4806 τῷ
376 4737 516 4789 κατὰ
547 4735 708 4804 φύσιν
749 4735 861 4788 όντι
897 4734 1044 4806 Θεῷ·
1078 4733 1218 4788 οὕτω
1261 4735 1356 4787 καὶ
1386 4733 1481 4788 νῦν
1511 4733 1672 4786 αὐτὸν
1701 4733 1834 4786 ὠνό-

267 4842 434 4894 μασεν
463 4827 490 4878 6
523 4817 900 4896 μυσταγωγός.
939 4825 1076 4879 Ἀλλ’
1108 4826 1221 4880 ἔστι
1267 4827 1460 4898 Σωτὴρ
1495 4826 1590 4878 καὶ
1631 4825 1836 4896 Κύριος

261 4916 448 4985 ἡμῶν,
489 4916 692 4987 Ἰησοῦς
725 4917 985 4988 Χριστός·
1014 4917 1326 4987 ὠνόμασται
1355 4917 1464 4988 γὰρ
1497 4916 1722 4988 Ἰησοῦς,
1743 4919 1836 4972 καὶ

259 5009 359 5076 τὴν
401 5009 493 5060 τοῦ
537 5009 802 5078 ὀνόματος
845 5009 1096 5080 δύναμιν,
1136 5010 1303 5082 ἤγουν
1337 5009 1652 5082 ἑρμηνείαν,
1690 5011 1836 5082 σαφῆ

263 5095 524 5161 καθιστὰς
545 5101 572 5152 6
597 5100 863 5170 μακάριος
889 5100 1117 5168 ἄγγελος
1148 5099 1351 5169 ἔφασκε
1369 5119 1383 5130 ·
1421 5120 1439 5152 4
1464 5101 1572 5157 Kal.
1587 5100 1836 5165 καλέσεις

262 5187 320 5238 τὸ
349 5187 517 5258 ὄνομα
563 5190 727 5242 αὑτοῦ
767 5191 1005 5260 Ἰησοῦνο
1037 5192 1196 5254 αὐτὸς
1241 5191 1351 5264 γὰρ
1386 5193 1549 5247 σώσει
1586 5193 1676 5246 τὸν
1705 5193 1834 5246 λαὸν

1941 4741 2108 4806 venit,
2141 4755 2204 4794 ac
2231 4741 2326 4794 soli
2365 4756 2492 4796 vero
2543 4742 2888 4810 naturalique
2942 4741 3070 4794 Deo.
3136 4739 3287 4796 Unde
3337 4741 3524 4796 doctor

1943 4841 2130 4886 noster
2159 4832 2208 4884 id
2241 4833 2472 4886 nominis
2512 4847 2656 4886 nunc
2689 4847 2904 4901 quoque
2933 4832 3008 4885 illi
3043 4832 3296 4902 imponit.‘
3359 4833 3520 4901 Atqui

1942 4918 2100 4975 Jesns
2137 4921 2408 4985 Christus,
2441 4933 2494 4976 et
2532 4921 2812 4988 Dominus,
2837 4932 2892 4975 et
2923 4921 3173 4976 Salvator
3204 4932 3388 4976 noster
3415 4931 3518 4974 est.

1945 5011 2182 5066 Vocatus
2207 5023 2290 5068 est
2317 5013 2460 5066 enim
2499 5011 2678 5077 Jesus,
2710 5013 3053 5084 nominisque
3093 5015 3200 5066 vim
3235 5029 3298 5066 ac
3324 5011 3522 5080 signiﬁ-

1943 5104 2210 5159 cationem
2262 5103 2451 5158 beatus
2485 5105 2706 5177 angelus
2745 5121 3054 5177 esponens,
3091 5106 3162 5158 ita
3199 5105 3318 5158 ait:
3353 5121 3374 5155 ι
3415 5101 3520 5158 Vo-

1942 5195 2094 5250 cahis
2123 5209 2315 5249 nomen
2363 5196 2478 5264 ejus
2521 5195 2701 5252 Jesum
2736 5213 2750 5250 :
2783 5197 2896 5268 ipse
2933 5196 3076 5250 enim
3109 5195 3316 5250 salvum
3360 5191 3522 5248 faciet

335 5350 379 5379 ⁸⁸
401 5347 561 5403 Hebr.
595 5366 646 5413 ι,
676 5351 766 5416 ‘28,
802 5349 893 5406 29.
972 5351 1015 5381 ⁸⁷
1047 5350 1206 5406 llehr.
1243 5367 1342 5415 xu,
1363 5351 1453 5418 25,
1481 5351 1572 5406 26.
1649 5354 1696 5384 ⁸⁸
1724 5352 1838 5408 Juat

1945 5369 2000 5421 ιι,
2030 5354 2119 5408 51.
2196 5355 2240 5386 ⁶⁹
2294 5351 2455 5410 ilehr.
2487 5371 2604 5422 xui,
2641 5357 2694 5410 8.
2772 5357 2816 5388 ⁷⁰
2846 5353 2862 5408 1
2899 5353 3134 5410 Timoth.
3167 5369 3207 5423 ι,
3235 5353 3290 5410 1.

1349 5507 1521 5565 Varia:
1541 5509 1800 5566 lectiones
1830 5511 2032 5567 codicis
2067 5510 2422 5582 Seguieriani.

336 5643 387 5682 α’
408 5641 698 5712 ἀτιμάσας.
776 5651 804 5682 ν
837 5643 932 5698 ἔτι.
1015 5653 1035 5679 ι
1067 5643 1232 5708 ἴσως,
1261 5635 1413 5707 οὗτος
1434 5641 1511 5698 δέ.
