3970 6136
454 252 593 310 {255

453 365 704 436 populum
749 375 905 418 suum
937 377 965 416 a
995 361 1232 432 peccatis
1281 340 1468 413 eorum
1507 356 1573 407 ἰ.
1617 374 1634 402 ι

451 465 533 513 est
559 455 827 519 Christus,
859 468 979 507 nam
1004 452 1159 520 juxta
1192 451 1355 505 divini
1388 447 1535 503 Pauli
1563 444 1885 509 doctrinam,
1915 441 2030 509 ipse

451 559 535 602 est
569 545 820 601 Salvator.
836 545 1074 600 omnium
1106 544 1409 597 hominum.

893 649 976 705 Ea:
1003 650 1244 721 Epistola
1272 651 1341 702 ad
1381 646 1579 702 Titum.

531 779 552 813 ι
608 757 874 829 Apparuit
932 758 1076 811 enim
1127 757 1300 826 gratia
1367 758 1458 812 llei
1515 756 1811 813 Salvatoris
1866 757 2036 813 nostri

459 850 714 906 omnibus
786 848 1112 912 hominibus,
1159 848 1412 901 emdiens
1455 862 1552 901 nos
1602 859 1661 900 ut
1709 849 2036 919 almcgantes

461 939 784 1007 impietatem
815 945 869 991 et
897 934 1174 990 saecularia
1235 936 1525 999 desideria,
1574 937 1757 991 sobrie
1801 948 1853 991 et
1893 936 2038 1004 juste

458 1038 513 1082 et
548 1027 632 1096 pie
663 1027 909 1081 vivamus
932 1026 985 1079 in
1009 1026 1110 1080 hoc
1138 1024 1357 1088 saaculo,
1390 1036 1773 1095 exspectantes
1813 1025 2031 1082 beatam

344 1190 355 1201 κ
461 1133 634 1188 spem,
669 1128 724 1172 et
748 1117 1036 1172 adventum
1084 1117 1269 1187 gloriae
1303 1118 1481 1187 magni
1528 1118 1618 1171 Dei
1652 1127 1706 1171 et
1737 1116 2038 1173 Salvatoris

463 1208 630 1264 nostri
655 1207 782 1262 Jesu
805 1206 1031 1272 Christi,
1059 1208 1148 1276 qui
1179 1208 1324 1261 dedit
1355 1208 1703 1278 semetipsum
1735 1223 1834 1276 pro
1861 1207 2037 1269 nobis,

463 1307 522 1350 ut
549 1311 643 1351 nos
667 1296 955 1351 redimeret
978 1296 1044 1350 ab
1065 1296 1209 1349 omni
1257 1296 1538 1365 iniquitate
1557 1298 1912 1351 etmundaret
1938 1296 2040 1351 sibi

466 1387 715 1456 pOpulum
767 1387 1174 1455 acceptaliilem,
1214 1396 1536 1442 sectatorem
1600 1387 1861 1442 bonorum
1915 1402 2043 1456 ope-

465 1494 582 1532 rum
603 1479 670 1532 ".
709 1496 728 1529 ι
770 1477 975 1544 Qualis,
1008 1492 1211 1547 quzcso,
1243 1479 1439 1546 gratia,
1472 1488 1565 1532 aut
1610 1476 1886 1548 cujusnam
1947 1474 2041 1532 Dei

384 1616 388 1621 .
476 1571 649 1639 gratia
698 1569 947 1639 apparuit
1024 1568 1198 1634 nobis,
1244 1583 1363 1637 qua:
1423 1569 1671 1623 omnibus
1738 1560 2044 1622 hominibus

1442 241 1500 295 S.
1544 236 1814 297 CYRILLI
1853 230 2324 290 ALEXANDRINI
2361 227 2681 285 ARClllEP.

1683 353 1828 406 Deus
1869 349 2032 419 igitur

2160 345 2298 399 ιύτοῦ
2340 345 2448 398 ἀπὸ
2495 344 2604 399 τῶν
2651 342 2933 413 ἁμαρτιῶν
2975 341 3175 396 αὑτῶν.
3205 362 3220 393 ι
3253 343 3390 407 Θεὸς
3420 338 3517 398 οῦν
3548 348 3658 415 ἄρα
3688 349 3717 399 ό

3574 215 3719 287 i256

2134 437 2388 507 Χριστὸς,
2415 436 2571 505 εἴπερ
2614 434 2731 486 ἐστὶ
2759 434 2950 504 Σωτὴρ
2979 434 3196 488 πάντων
3241 435 3579 508 ἀνθρώπων,
3616 456 3718 490 κιο

2135 527 2205 582 θά
2236 544 2400 598 φησιν
2426 527 2454 578 ό
2482 526 2769 588 θεσπέσιος
2801 524 3035 588 Παῦλος.

2603 640 2700 693 Ἐκ
2738 639 2850 708 τῆς
2881 638 3030 707 πρὸς
3068 637 3258 693 Τίτον.

2214 774 2232 806 ι
2276 755 2551 826 Ἐπέφανη
2605 754 2715 827 γὰρ
2758 755 2792 824 ἡ
2839 754 3000 823 χάρις
3043 750 3137 806 τοῦ
3184 734 3319 805 Θεοῦ
3446 754 3720 823 σωτήριος

2137 842 2302 894 πᾶσιν
2355 841 2694 913 ἀνθρώποις,
2747 839 3076 895 παιδεύουσα
3118 842 3296 911 ἡμᾶς,
3337 841 3430 894 ἵνα
3472 836 3719 911 άρνησάὲ

2141 945 2292 1000 μενοι
2331 931 2430 1002 τὴν
2477 930 2755 992 ἀσέϐειαν,
2800 930 2896 984 καὶ
2935 929 3034 993 τὰς
3066 930 3338 1000 κοσμικὰς
3377 930 3719 997 ἐπιθυμίας,

2141 1022 2434 1093 σωφρόνως
2465 1021 2724 1085 ἐπιεικῶς
2761 1030 2790 1071 1
2836 1021 3091 1090 ζήσωμεν
3143 1020 3202 1071 ὲν
3244 1017 3322 1089 τῷ
3373 1019 3475 1072 νῦν
3528 1018 3718 1082 αίῶνι,

2140 1109 2558 1182 προσδεχόμενοι
2590 1109 2996 1182 τὴνμακαρίαν
3030 1109 3241 1175 ἐλπίδα,
3271 1111 3364 1163 καὶ
3396 1111 3721 1178 ἐπιφάνειαν

2140 1199 2237 1273 τῆς
2261 1194 2418 1271 δόξης
2443 1201 2537 1255 τοῦ
2569 1199 2805 1273 μεγάλου
2844 1201 2979 1254 Θεοῦ
3005 1202 3101 1267 καὶ
3132 1201 3386 1270 Σωτῆρος
3421 1200 3586 1270 ἡμῶν
3618 1201 3720 1270 ’1η-

2143 1287 2238 1346 σοῦ
2280 1290 2538 1361 Χριστοῦ,
2566 1292 2623 1355 ὃς
2653 1293 2852 1346 ἔδωκεν
2880 1293 3070 1346 ἑαυτὸν
3112 1293 3249 1364 ὑπὲρ
3280 1293 3465 1363 ἡμῶν,
3506 1293 3597 1346 ἵνα
3631 1286 3718 1345 λυα-

2141 1384 2418 1454 τρώσηται
2454 1384 2602 1454 ἡμᾶς
2632 1383 2739 1437 ἀπὸ
2779 1384 2961 1455 πάσης
3002 1384 3258 1454 ἀνομίας,
3303 1383 3403 1437 καὶ
3446 1385 3717 1455 καθαρίσῃ

2145 1473 2322 1546 ἑαυτῷ
2369 1474 2494 1527 λαὸν
2548 1473 2879 1545 περιούσιον,
2934 1474 3183 1545 ζηλωτὴν
3232 1473 3418 1527 καλῶν
3467 1473 3667 1543 ἔργων.
3696 1493 3712 1523 ι

2146 1567 2281 1620 Ποία
2326 1566 2484 1638 χάρις
2533 1566 2803 1635 ἐπέφανεν
2850 1568 3003 1637 ἡμῖν,
3046 1566 3081 1636 ἢ
3130 1565 3284 1619 ποίου
3329 1565 3497 1628 Θεοῦ,
3548 1565 3715 1617 καίτοι

466 1661 722 1716 salutaris
768 1661 869 1715 hoc
919 1660 1038 1714 loco
1086 1660 1451 1727 praedicatur?
1502 1658 1730 1712 Planum
1762 1668 1865 1723 est,
1899 1658 2042 1728 quod

2160 1665 2412 1735 λεγομένη
2463 1665 2726 1735 σωτήριος
2778 1658 2918 1718 εῖναι
2965 1665 3134 1716 πᾶσιν
3184 1661 3541 1732 ἀνθρώποις;
3588 1659 3718 1713 Ἀλλ’

437 1762 443 1769 ·
469 1753 613 1807 illius
645 1751 733 1805 Dei
769 1763 822 1805 et
851 1750 1061 1805 Domini
1093 1751 1204 1819 qui,
1230 1748 1383 1818 juxta
1408 1751 1622 1803 beatum
1648 1747 1839 1813 David,
1871 1748 2048 1803 illuxit

473 1844 647 1907 nobis,
692 1842 952 1911 cujusque
998 1842 1288 1912 gloriosam
1318 1842 1811 1897 mauilestationem
1846 1842 1911 1896 de
1940 1856 2051 1896 cus-

472 1934 537 1989 lis
592 1945 967 2004 exspectamus
994 1933 1062 1987 ".
1097 1932 1322 2004 Magnus
1374 1932 1463 1988 hic
1508 1933 1647 1987 Deus
1702 1931 1819 2001 ipse
1865 1929 2051 1986 Salva-

473 2035 558 2079 tor
592 2033 776 2080 noster
820 2023 977 2097 Jesus
1016 2024 1287 2089 Christus,
1323 2024 1413 2093 qui
1462 2022 1656 2077 obtulit
1699 2022 2048 2091 semetipsum

474 2129 572 2185 pro
602 2115 771 2179 nobis.
805 2129 914 2185 quo
937 2115 1004 2170 ab
1031 2116 1173 2169 omni
1200 2125 1421 2185 peccato
1442 2112 1734 2179 absolutos,
1764 2126 2051 2183 germanos

473 2206 574 2261 sibi
607 2206 962 2260 constitueret
986 2206 1322 2261 adoratores.
1358 2206 1493 2260 Cum
1525 2219 1653 2275 ergo
1686 2205 1875 2259 beatus
1906 2201 2051 2257 Pau-

472 2295 557 2349 lus
592 2294 925 2351 Salvatorem
963 2306 1203 2351 nostrum
1250 2294 1430 2351 Iesum
1465 2292 1738 2349 Christum
1793 2308 2049 2362 magnum

481 2386 645 2441 Deum
702 2388 977 2457 praedicet,
1023 2388 1143 2457 quis
1184 2386 1584 2443 Emmanuelem
1643 2401 1827 2443 verum
1882 2386 2052 2441 Deum

476 2487 596 2530 esse
623 2474 851 2530 iuliciari
892 2476 1126 2531 audeat?

901 2669 1009 2739 76
1037 2666 1141 2722 EX
1175 2666 1639 2725 camenas.

989 2780 1068 2835 Ex
1096 2778 1281 2836 Jacobi
1306 2781 1562 2850 Epistola.

936 2893 1089 2959 Quod
1115 2892 1357 2948 Christus
1382 2895 1449 2948 sit
1474 2894 1635 2948 Deus.

2153 1750 2268 1803 ἔστι
2291 1750 2467 1820 δῆλον,
2492 1752 2573 1804 ὅτι
2597 1769 2615 1801 ι
2635 1749 2766 1813 Θεὸς
2791 1749 2866 1804 ὢν
2880 1751 3103 1822 Κύριος,
3123 1748 3218 1804 καὶ
3241 1749 3516 1819 ὲπέφανεν
3532 1751 3680 1818 ἡμῖν,
3699 1767 3716 1799 ι

2149 1844 2291 1897 κατά
2327 1843 2419 1897 τὸν
2461 1844 2728 1916 μακάριον
2773 1839 2957 1905 Δαυῖδ.
3009 1844 3184 1897 Αὐτοῦ
3245 1843 3341 1914 τὴν
3372 1843 3436 1907 ἐξ
3483 1844 3724 1915 alapam?”

2148 1935 2471 2003 ἐπιφάνειαν
2495 1934 2592 2006 τῆς
2611 1934 2767 2006 δόξης
2791 1936 3221 2008 προσδεχόμεθα.
3250 1936 3363 1989 Καὶ
3390 1936 3557 1999 αὐτός
3582 1939 3726 1989 ἐστιν

2148 2026 2178 2077 ό
2211 2022 2384 2094 μέγας
2412 2024 2542 2089 Θεὸς
2569 2024 2663 2079 καὶ
2694 2027 2884 2098 Σωτὴρ
2910 2024 3064 2098 ἡμῶν
3098 2023 3309 2097 Ἰησοῦς
3338 2029 3367 2080 ὁ
3391 2027 3647 2096 Χριστὸς,
3673 2027 3728 2089 ὃς

2149 2112 2380 2166 δέδωκεν
2424 2114 2616 2168 ἑαυτὸν
2661 2114 2804 2186 ὑπὲρ
2850 2116 3029 2187 ήμῶν,
3077 2114 3166 2170 ἵνα
3211 2113 3402 2186 πάσης
3454 2115 3727 2186 ἁμαρτίας

2150 2204 2498 2275 ἀπαλλάξας,
2541 2205 2719 2278 ἑαυτῷ
2748 2207 3077 2279 παραστήσῃ
3110 2202 3370 2277 γνησίους
3426 2224 3728 2278 προσκυνη-

2150 2297 2268 2361 τάς.
2313 2290 2445 2373 Εἶτα
2486 2298 2570 2361 τίς
2608 2298 2637 2350 ό
2667 2297 2842 2367 λέγων
2872 2298 2970 2352 οὐκ
3012 2290 3154 2352 εἶναι
3183 2298 3318 2352 Θεὸν
3349 2297 3614 2370 ἀληθινὸν
3643 2299 3728 2350 τὸν

2164 2372 2531 2460 Ἐμμανουὴλ,
2557 2388 2651 2443 τοῦ
2691 2372 2961 2461 μαιέαρίου
3010 2389 3224 2444 Παύλου
3253 2390 3387 2461 περὶ
3439 2388 3612 2443 αὐτοῦ
3645 2388 3725 2441 λέ-

2152 2497 2357 2552 γοντος·
2387 2499 2406 2532 ‹
2425 2477 2530 2534 Τοῦ
2561 2478 2797 2552 μεγάλου
2823 2479 2957 2534 Θεοῦ
2984 2477 3077 2535 καὶ
3102 2481 3360 2551 Σωτῆρος
3386 2481 3555 2551 ἡμῶν
3571 2475 3727 2550 ’ῐησηῦ

2153 2568 2390 2644 Χριστοῦ
2412 2590 2426 2640 ;
2467 2592 2486 2627 ι

2561 2689 2656 2740 ΕΚ
2703 2688 2842 2740 ΤΩΝ
2868 2687 3318 2741 ΚΑΘΟΛΙΚΩΝ.

2481 2797 2577 2852 Ἐκ
2605 2799 2708 2869 τῆς
2743 2780 2998 2852 Ἰακιὶῖὸου
3037 2797 3383 2869 Ἐπιστολῆς.

2625 2908 2747 2961 Ὅτι
2781 2907 2926 2974 Θεὸς
2958 2909 2991 2961 ὀ
3024 2909 3297 2976 Χριστός.

557 3026 575 3060 ι
607 3006 782 3062 Nolite
821 3020 1026 3070 errare,
1072 3004 1267 3060 fratres
1313 3006 1417 3060 mei
1477 3006 1807 3061 dilectissimi
1845 3022 1860 3062 :
1900 3022 2055 3062 omne

2235 3038 2253 3072 ι
2282 3019 2375 3091 Μὴ
2407 3018 2702 3088 πλανᾶσθε,
2729 3020 2946 3089 ἀδελφοί
2982 3036 3083 3091 μου
3115 3016 3395 3089 ἀγαπητοί
3418 3035 3434 3049 ’
3478 3018 3629 3071 πᾶσα
3657 3014 3730 3069 δό-

483 3100 665 3153 datum
700 3099 958 3167 Optimum
979 3137 995 3161 ,
1021 3109 1075 3150 et
1108 3111 1266 3149 omne
1294 3095 1492 3150 donum
1518 3095 1809 3164 perfectum
1839 3098 1905 3152 de
1936 3111 2057 3152 sur-

491 3204 611 3245 sum
653 3197 754 3255 est,
794 3188 1178 3241 descendensa
1208 3184 1369 3239 Patre
1412 3186 1674 3240 luminum
1704 3187 1769 3240 ".
1810 3205 1829 3239 ι
1875 3186 2060 3252 Omne,

486 3280 693 3349 inquit,
746 3280 929 3330 datum
987 3277 1237 3345 optimum
1271 3291 1290 3329 :
1328 3291 1461 3332 sane
1508 3272 1705 3330 bonum
1747 3293 1941 3333 munus
1980 3289 2064 3334 est

424 3413 427 3416 .
487 3370 722 3441 Spiritus
747 3378 988 3432 sanctus,
1021 3368 1514 3438 patrandorumque
1562 3369 1943 3426 miraculorum
1983 3370 2065 3426 fa-

486 3461 659 3516 cultas
695 3475 791 3531 per
817 3462 989 3527 ipsum
1019 3460 1310 3528 impertita.
1342 3459 1477 3515 Cmn
1508 3462 1638 3532 ergo
1668 3461 1917 3518 Christus
1944 3463 2061 3534 Spi-

488 3551 650 3604 ritum
700 3559 946 3604 sanctum
989 3549 1193 3604 sanctis
1239 3549 1601 3619 impertiatur,
1640 3562 2066 3624 potestatemque

491 3650 550 3696 ιιι
576 3642 754 3697 divina
806 3641 1064 3697 miracula
1108 3642 1291 3706 edant,
1354 3642 1545 3698 iisdem
1598 3643 1897 3714 largiatur:
1928 3661 2064 3717 quo-

488 3734 647 3789 modo
674 3749 779 3788 non
810 3740 894 3788 est
922 3748 1085 3788 verus
1114 3731 1300 3788 Deus?

508 3860 515 3869 ο
564 3845 584 3880 ι
619 3824 826 3880 Subditi
862 3826 1025 3896 igitur
1066 3833 1238 3880 estote
1281 3824 1411 3890 Deo,
1452 3825 1686 3882 resistite
1730 3836 1908 3883 autem
1949 3829 2068 3884 dia-

487 3918 633 3985 bolo,
663 3926 717 3973 et
744 3917 911 3987 fugiet
935 3932 965 3970 a
989 3916 1141 3972 vobis
1170 3917 1237 3972 ⁷⁸.
1286 3934 1306 3969 ι
1346 3916 1482 3972 Ecce
1509 3918 1560 3971 in
1590 3917 1675 3973 his
1703 3929 1890 3988 aperte
1933 3920 2066 3976 dicit

490 4019 740 4080 oportere
787 4025 885 4065 nos
929 4009 1038 4064 Deo
1079 3993 1293 4079 subjici.
1360 4007 1498 4065 Dicit
1546 4019 1724 4066 autem
1774 4011 2064 4068 Christus:

497 4120 518 4155 ι
559 4102 753 4156 Tollite
799 4101 987 4171 jugum
1027 4113 1201 4153 meum
1238 4114 1402 4169 super
1436 4115 1534 4156 vos
1565 4101 1634 4156 ".
1676 4119 1696 4154 ι
1749 4101 1882 4158 Cum
1910 4103 1946 4157 ii
1974 4103 2066 4173 qui

493 4193 693 4249 Christi
712 4192 898 4262 jugum
930 4191 984 4246 in
1009 4205 1070 4247 se
1094 4190 1304 4257 tollunt,
1338 4206 1442 4246 non
1490 4192 1643 4248 alteri
1679 4193 1910 4264 cuipiam
1938 4195 2067 4250 sub-

488 4284 765 4355 jiciantur,
820 4296 978 4354 quam
1050 4282 1158 4336 Deo
1191 4298 1205 4335 :
1243 4282 1511 4349 quomodo
1553 4283 1803 4340 Christus
1838 4298 1947 4339 non
1986 4292 2071 4340 est

494 4374 675 4431 Deus?
747 4427 752 4431 .

899 4485 984 4540 Ex
1010 4488 1176 4557 priori
1207 4486 1444 4556 Epistula
1482 4485 1645 4541 Petri.

571 4616 590 4650 ι
630 4596 821 4653 Petrus
863 4598 1139 4667 apostolus
1185 4596 1311 4653 Jesu
1351 4597 1577 4662 Christi,
1615 4594 1803 4651 electis
1851 4594 2071 4652 advenis

496 4689 851 4755 dispersionis
879 4688 1057 4753 Ponti,
1084 4689 1328 4753 Galatiae,
1372 4686 1745 4759 Cappadocim,
1781 4687 1943 4752 Asixe,
1978 4686 2072 4740 Bi-

500 4780 728 4850 thyniae,
765 4781 1059 4835 secundum
1092 4782 1489 4849 prmscientiam
1528 4780 1624 4836 Dei
1661 4779 1838 4853 Patris
1863 4778 1916 4832 in
1943 4793 2074 4834 san-

498 4869 886 4926 ctiticationem
930 4868 1188 4940 Spiritus,
1232 4873 1285 4927 in
1321 4872 1681 4928 obedientiam
1713 4880 1767 4926 et
1800 4870 2073 4939 aspersio-

500 4975 622 5016 nem
670 4958 947 5030 sanguinis
1003 4960 1128 5016 Jesu
1191 4962 1391 5018 Christi
1450 4965 1620 5033 gratia
1678 4963 1831 5018 vobis
1874 4970 1928 5017 et
1970 4977 2072 5032 pax

501 5050 887 5121 multiplicetur
915 5050 982 5105 ⁷⁷.
1024 5068 1043 5104 ι
1086 5049 1227 5108 Ecce
1262 5053 1559 5108 secundum
1592 5053 1684 5108 Dei
1730 5052 1908 5108 Patris
1936 5067 2073 5123 prae:

2165 3130 2248 3176 σις
2291 3111 2490 3183 ἀγαθὴ,
2534 3113 2630 3165 καὶ
2662 3113 2770 3165 πᾶν
2804 3111 3037 3183 δώρημα
3081 3110 3286 3164 τέλειον
3325 3109 3541 3165 ἄνωθέν
3574 3110 3730 3170 ἐστιν,

2162 3202 2492 3257 καταϐαῖνον
2522 3203 2586 3255 ἐκ
2608 3201 2702 3255 τοῦ
2736 3202 2949 3274 Πατρὸς
2978 3201 3086 3255 τῶν
3121 3200 3340 3272 φώτων.
3372 3218 3390 3251 ι
3435 3199 3613 3255 Πᾶσα
3641 3197 3729 3251 δό-

2163 3309 2286 3370 σιις,
2321 3292 2484 3364 φησὶν
2506 3332 2520 3355 ,
2546 3292 2738 3361 ἀγαθή
2761 3309 2777 3324 ο
2817 3291 2998 3363 ἀγαθὴ
3026 3292 3084 3345 δὲ
3116 3291 3284 3356 δόσις,
3316 3290 3381 3344 τὸ
3410 3290 3638 3360 Πνεῦμα
3676 3289 3730 3339 τὸ

2164 3384 2337 3451 ἅγιον,
2366 3384 2461 3437 καὶ
2490 3384 2551 3437 τὸ
2575 3382 2835 3438 δύνασθαι
2870 3384 3110 3456 πληροῦν
3138 3383 3195 3437 ὲν
3224 3383 3379 3455 αύτῷ
3409 3384 3514 3447 τὰς
3551 3382 3729 3450 Bson;-

2167 3463 2505 3546 μείας.Ἐῖτα
2528 3475 2577 3527 εί
2606 3477 2717 3539 τοῖς
2748 3475 2925 3543 ἁγίοις
2955 3473 3238 3547 χαρίζεται
3270 3475 3332 3529 τὸ
3361 3473 3592 3544 Πνεῦμα
3617 3473 3729 3539 Χριο

2167 3565 2308 3629 στὸς,
2348 3567 2444 3620 καλ⁵
2484 3566 2590 3638 μὴν
2637 3567 2731 3619 καὶ
2757 3566 2817 3620 τὸ
2865 3565 3125 3620 δύνασθαι
3178 3564 3421 3637 πληροῦν
3456 3564 3529 3617 τά
3560 3560 3729 3635 παρὰ·

2164 3659 2313 3727 δοξα,
2349 3659 2465 3725 πῶς
2488 3661 2591 3714 ούκ
2618 3659 2684 3714 ἂν
2713 3661 2797 3732 εἴη
2831 3661 2964 3724 Θεὸς
2994 3658 3247 3731 ἀληθινὸς
3271 3661 3300 3711 ό
3330 3657 3607 3727 Χριστός;
3676 3696 3681 3697 ν

2243 3850 2263 3885 ι
2302 3831 2644 3903 Ὑποτάγητε
2686 3825 2781 3885 οῦν
2828 3829 2907 3900 τῷ
2944 3829 3062 3900 Θεῷ
3085 3838 3131 3893 ι,
3174 3827 3467 3897 ἀντίστητε
3517 3825 3595 3896 τῷ
3628 3825 3732 3878 δια·

2166 3922 2330 3991 σόλῳ,
2356 3923 2451 3975 καὶ
2482 3920 2734 3991 φεύξεται
2772 3922 2865 3990 ἀφ’
2891 3920 3066 3991 ὑμῶν.
3093 3938 3112 3970 ι
3149 3919 3282 3999 ’ἰδοῦ
3314 3917 3508 3987 σαφῶς
3543 3919 3602 3970 ἐν
3628 3915 3734 3969 τοῦ·

2165 4030 2299 4080 τοις,
2330 4012 2728 4067 ὑποτάττεσθαι
2770 4012 2879 4065 δεῖν
2920 4012 3068 4081 ἡμᾶς
3110 4009 3215 4082 ἔφη
3241 4007 3320 4075 τῷ
3347 4006 3491 4076 Θεῷ.
3522 4008 3661 4075 Φησὶ
3686 4005 3735 4057 ἃ

2166 4105 2437 4175 Χριστόςο
2475 4124 2494 4155 ‹
2527 4105 2729 4175 Ἀρατε
2775 4103 2868 4156 τὸν
2901 4100 3066 4171 ζυγόν
3117 4117 3219 4171 μου
3250 4099 3334 4168 ἐφ’
3360 4099 3534 4169 ὑμᾶς.
3563 4116 3582 4149 ι
3619 4097 3735 4149 Ὀτι

2167 4193 2348 4247 τοίνυν
2385 4195 2435 4246 οἱ
2474 4193 2565 4247 τὸν
2598 4192 2761 4261 ζυγὸν
2801 4192 3047 4265 αἴροντες
3091 4192 3183 4244 τὸν
3228 4190 3395 4244 αὑτοῦ
3428 4190 3532 4259 οὐχ
3574 4187 3735 4256 ἑτέρῳ

2168 4286 2276 4340 τινὶ
2316 4271 2468 4355 παρά
2494 4285 2585 4338 τὸν
2614 4284 2746 4338 Θεὸν
2797 4284 3231 4338 ὑποτάττονται·
3280 4282 3401 4346 πῶς
3428 4281 3536 4335 οὐκ
3566 4279 3632 4333 ἂν
3659 4278 3735 4347 εἰη

2104 4373 2151 4428 1)
2177 4376 2344 4445 Θεός;

2364 4488 2460 4542 Ἐκ
2496 4485 2606 4556 τ-ἦς
2636 4486 2861 4556 Πέτρου
2906 4484 3275 4553 Ἐπιστολῆς
3310 4484 3571 4552 πρώτης.

2254 4618 2273 4651 ι
2303 4600 2507 4670 Πέτρος
2538 4599 2834 4662 ἀπόστολος
2870 4599 3047 4668 Ἰησοῦ
3063 4596 3325 4670 Χριστοῦ,
3354 4595 3583 4667 κλητοῖς
3615 4611 3737 4664 παρ-

2178 4690 2462 4759 επιδήμοις
2502 4688 2802 4760 διασπορᾶς
2837 4688 3066 4755 Πόντου,
3119 4684 3412 4749 Γαλατίας,
3445 4684 3733 4738 Καππαδο-

2177 4779 2320 4842 κίας,
2361 4779 2564 4845 Ἀσίας,
2609 4780 2705 4834 καὶ
2738 4779 3022 4843 Βιθυνίας,
3069 4778 3212 4833 κατὰ
3260 4778 3577 4848 πρόγνωσιν
3614 4773 3731 4827 Θεσ]

2176 4870 2389 4941 Πατρὸς
2430 4872 2487 4924 ὲν
2525 4871 2785 4942 ἁγιασμῷ
2836 4870 3187 4942 Πνεύματος,
3235 4872 3314 4933 εἰς
3366 4868 3619 4939 ὑπακοὴν
3652 4866 3733 4919 καὶ

2177 4962 2473 5033 ῥαντισμὸν
2515 4963 2745 5033 αἵματος
2789 4963 2961 5032 Ἰησοῦ
2991 4960 3230 5033 Χριστοῦ
3252 4978 3266 4991 ·
3298 4960 3462 5032 χάρις
3493 4961 3624 5028 ὑμῖν
3652 4956 3734 5009 καὶ

2175 5052 2366 5123 εἰρήνη
2399 5052 2783 5125 πληθυνθείη.»
2820 5053 2952 5106 Ἰδοὺ
2977 5051 3122 5106 κατά
3150 5051 3460 5123 πρόγνωσιν
3487 5047 3622 5103 Θεοῦ
3652 5047 3735 5100 καὶ

570 5229 615 5296 τι
652 5226 839 5286 Mattb.
881 5243 920 5292 ι,
947 5228 1039 5286 2i.
1112 5230 1158 5261 ⁷⁸
1192 5227 1300 5283 Tit.
1336 5243 1395 5295 ll,
1426 5228 1614 5283 ll-H.
1689 5226 1734 5260 ⁷³
1762 5227 1903 5283 Psal.
1928 5242 2048 5282 cxvt

2160 5228 2218 5283 :7.
2293 5226 2338 5260 ⁷⁸
2367 5225 2481 5282 Jac.
2520 5244 2558 5293 ι,
2592 5226 2850 5293 16,Π.⁷⁵
2878 5227 2992 5284 Jac.
3019 5243 3090 5292 Iv,
3114 5227 3168 5283 7.
3244 5226 3291 5259 ⁷⁸
3330 5225 3528 5283 Matth.
3562 5223 3730 5293 11,29.

502 5296 547 5329 "
577 5295 767 5353 lPetr.
808 5314 849 5367 ι,
875 5299 998 5354 1-5.“

1583 5452 1753 5509 Varia:
1782 5453 2041 5510 lectiones
2083 5452 2289 5509 codicis
2318 5451 2678 5523 Seguieriaui.

582 5589 609 5631 1
652 5582 745 5636 καί
766 5579 1009 5644 δικαίως.
1087 5592 1108 5620 ι
1138 5582 1213 5653 τῷ
1243 5583 1448 5654 Κυρίῳ.

3881 1102 3886 1243 l

3883 1870 3885 1950 ᾧ
