3970 6136
278 258 415 314 1257

1364 261 1458 320 DE
1494 262 1722 321 BECTA
1754 263 1918 324 FIDE
1956 272 2047 329 AD
2082 274 2406 336 RECINAS.

3392 296 3528 350 1258

276 370 490 443 Πατρὸς
515 370 815 428 ἀπόστολον
834 372 1029 428 ἑαυτὸν
1052 373 1302 445 ὠνόμασε
1328 377 1423 430 τοῦ
1450 379 1688 451 Χριστοῦ
1708 397 1722 411 ·
1754 382 1832 435 κα¹

1952 384 2263 455 scientiam,
2294 389 2418 447 Jesu
2440 368 2642 452 Christi
2672 399 2971 466 apostolum
3004 415 3064 457 se
3099 404 3384 475 nominat;
3421 414 3533 464 sui-

274 465 374 535 τῆς
420 466 724 536 ἀποστολῆς
767 466 858 520 τὸν
905 468 1109 538 τρόπον
1169 470 1304 540 ἡμῖν
1352 471 1752 544 ἐξηγούμενος,
1789 475 1848 527 ὲν

273 557 532 627 ἁγιασμῷ
563 559 901 629 Πνεύματος,
929 563 1010 625 είς
1038 563 1286 636 ὑπακοὴν
1315 566 1410 620 καὶ
1437 569 1734 639 ῥαντισμὸν
1765 570 1849 622 αἴ-

276 665 446 715 ματος
481 650 651 720 Ἰησοῦ
683 651 919 722 Χριστοῦ
956 655 1276 726 πεπρᾶχθαί
1305 675 1470 728 φησιν
1499 659 1688 731 αὐτήν.
1717 661 1849 715 Ὅτε

272 738 452 793 τοίνυν
481 742 531 794 οἱ
564 742 910 806 πιστεύοντες
943 747 1023 809 είς
1073 748 1258 811 αὐτὸν,
1307 751 1648 822 ἁγιαζόμεθα
1693 754 1848 824 παρά

270 826 365 880 τοῦ
397 829 732 896 Πνεύματος,
760 834 1002 902 ραντίζει
1027 835 1084 889 δὲ
1113 839 1263 908 ἡμᾶς
1290 840 1387 893 καὶ
1418 839 1497 913 τῷ
1526 843 1720 913 αἵματι
1750 844 1849 897 αύ-

271 916 364 970 τοῦ
403 920 537 989 πρὸς
567 922 946 994 ἀποκάθαρσιν
967 943 981 957 ο
1014 926 1132 991 πῶς
1168 931 1269 982 οὐκ
1300 930 1367 984 ἂν
1403 935 1575 986 νοοῖτο
1614 934 1777 1001 Θεὸς,
1816 937 1845 988 ὁ

274 1010 513 1076 ἁγιάζων
562 1012 663 1082 μὲν
708 1014 821 1085 ἰδίῳ
868 1017 1170 1087 Πνεύματι,
1204 1020 1516 1091 καθαρίζων
1544 1024 1600 1078 δὲ
1635 1027 1731 1080 καὶ
1765 1026 1846 1097 τῷ

273 1099 461 1169 αἵματι
499 1100 626 1164 τοὺς
654 1103 1041 1173 πιστεύονταςς
1075 1108 1209 1173 Θεὸς
1238 1111 1346 1181 γὰρ
1369 1109 1438 1184 ἧν
1463 1114 1521 1168 ὲν
1553 1117 1736 1187 σαρκί.

335 1300 363 1333 ·‹
392 1281 697 1354 Εὐλογητὸς
725 1287 753 1338 ὁ
782 1285 915 1349 Θεὸς
945 1288 1037 1341 καὶ
1074 1289 1264 1361 Πατὴρ
1308 1291 1405 1345 τοῦ
1444 1295 1650 1366 Κυρίου
1685 1298 1716 1367 ἡ
1728 1298 1843 1367 μῶν

284 1375 455 1443 Ἰησοῦ
506 1376 768 1448 Χριστοῦ,
799 1381 827 1432 ὁ
864 1380 1007 1433 κατά
1042 1381 1103 1433 τὸ
1136 1383 1274 1436 πολὺ
1310 1385 1473 1438 αὑτοῦ
1516 1387 1665 1450 ἔλεος
1713 1391 1844 1444 ἀνα-

272 1465 539 1533 γεννήσας
580 1468 732 1535 ήμᾶς
774 1468 854 1530 είς
893 1468 1081 1522 ἐλπίδα
1137 1470 1284 1542 ζωῆς
1310 1485 1338 1514 ει
1382 1474 1451 1527 δι’
1494 1475 1844 1542 ἀναστάσεως

282 1555 458 1622 Ἰησοῦ
486 1557 723 1626 Χριστοῦ
753 1560 817 1611 ὲκ
848 1561 1079 1631 νεκρῶν,
1109 1563 1190 1626 εἰς
1223 1564 1590 1637 κληρονομίαν
1624 1569 1842 1641 ἄφθαρ-

270 1661 382 1707 τον,
416 1646 507 1697 καὶ
536 1646 818 1716 ἀμίαντον,
860 1652 954 1704 καὶ
985 1652 1316 1723 ἀμάραντον,
1369 1659 1747 1731 τετηρημένην
1784 1663 1843 1715 ἐν

1951 489 2060 544 que
2128 483 2459 550 apostolatus
2523 488 2785 546 rationem
2836 493 3170 561 edisserens,
3238 496 3413 568 ipsum
3476 502 3528 556 in

1951 565 2185 635 Spiritus
2230 574 2732 646 sanctiﬁcationem,
2771 582 2824 636 in
2856 565 3271 654 obedientiam,-
3298 588 3354 643 in
3399 604 3527 644 san-

1950 658 2126 723 guinis
2151 659 2276 717 Jesu
2300 663 2500 722 Christi
2533 671 2895 739 aspersionem
2930 685 3212 743 peractum
3238 693 3360 735 esse
3389 696 3531 750 prae-

1948 749 2109 806 dicat.
2132 751 2277 808 ‘Cum
2314 755 2475 827 igitur
2495 763 2584 829 qui
2609 763 2660 817 in
2694 764 2864 831 ipsum
2897 768 3186 838 credimus,
3224 749 3533 828 sanctiﬁca-

1951 840 2108 897 tionis
2155 844 2416 916 Spiritum
2474 867 2870 925 consequamur
2918 860 3191 935 (aspcrgit
3238 865 3381 919 enim
3430 882 3530 921 suo

1948 947 2047 988 nos
2092 940 2353 1006 sanguine
2381 944 2448 998 ad
2474 949 2985 1023 emundationem),
3024 970 3129 1024 qua
3176 958 3389 1012 tandem
3433 975 3522 1014 ra-

1948 1023 2094 1080 tione
2121 1027 2166 1082 is
2193 1028 2336 1085 Deus
2367 1033 2554 1090 haberi
2592 1054 2697 1094 non
2728 1042 2906 1112 debet,
2949 1023 3288 1117 quiiproprio
3321 1048 3525 1118 Spiritu

1945 1117 2268 1186 sanctificat,
2326 1138 2533 1194 suoque
2582 1132 2844 1200 sanguine
2902 1136 3184 1193 credentes
3235 1141 3289 1194 in
3344 1140 3524 1210 ipsum

1944 1208 2244 1263 emundat?
2281 1221 2400 1267 erat
2427 1215 2573 1269 enim
2608 1216 2747 1274 Deus
2776 1220 2827 1273 in
2868 1236 3052 1277 carne.

2024 1315 2043 1348 ι
2094 1296 2413 1359 Benedictus
2460 1305 2602 1363 Deus
2641 1317 2697 1362 et
2717 1309 2877 1366 Pater
2934 1314 3143 1370 Domini
3182 1316 3350 1371 nostri
3398 1314 3523 1374 Iesu

1941 1385 2165 1455 Christi,
2187 1392 2277 1460 qui
2305 1397 2600 1451 secundum
2632 1400 3064 1459 misericordiam
3087 1422 3241 1462 suam
3269 1424 3520 1478 magnam

1944 1483 2282 1549 regeneravit
2311 1500 2409 1541 nos
2439 1488 2493 1542 in
2521 1503 2673 1559 spem
2712 1493 2891 1548 vivam
2927 1510 3024 1565 per
3065 1500 3521 1555 resurrectionem

1940 1568 2066 1627 Jesu
2101 1570 2301 1630 Christi
2329 1592 2395 1632 ex
2424 1581 2673 1647 mortuis,
2709 1585 2815 1655 77
2850 1588 2904 1642 in
2941 1589 3309 1646 haereditatem
3343 1592 3522 1646 incor-
3577 1651 3586 1661 ,

1943 1663 2272 1731 ruptihilem,
2302 1677 2357 1723 et
2380 1669 2883 1744 incontaminatam,
2907 1689 2962 1734 et
2983 1680 3517 1746 immarcescibilcm.

269 1735 536 1806 οὐρανοῖς.
559 1731 585 1788 ’ν
624 1739 687 1792 El
727 1740 858 1805 Θεὸς
884 1743 1031 1813 ἡμᾶς
1062 1746 1350 1817 ἐγέννησεν
1390 1750 1471 1812 εἰς
1508 1750 1698 1805 ἐλπίδα
1730 1750 1832 1815 ζῶ·

1942 1765 2311 1811 conservatam
2344 1759 2397 1813 in
2431 1762 2582 1817 cmlis
2618 1765 2685 1819 ⁷⁸.
2733 1785 2754 1820 ι
2814 1766 2869 1822 Si
2912 1769 3055 1825 Deus
3099 1786 3197 1827 nos
3228 1773 3420 1843 genuit
3464 1775 3518 1827 in

272 1843 371 1879 σαν
404 1828 497 1880 καὶ
537 1828 825 1898 μένουσαν,
866 1833 1115 1906 πέπραχε
1146 1837 1203 1891 δὲ
1238 1838 1397 1891 τοῦτο
1429 1839 1516 1894 διά
1557 1840 1657 1911 τῆς
1701 1841 1838 1907 ίδίας

267 1918 333 1968 ὲκ
360 1918 569 1989 νεκρῶν
600 1922 949 1989 ἀναστάσεως
990 1928 1019 1980 ὁ
1049 1928 1283 1999 Χριστός
1305 1946 1318 1961 ·
1361 1929 1478 1995 πῶς
1509 1931 1609 1985 οὐκ
1646 1933 1712 1987 ἂν
1751 1933 1835 2004 εἴη

264 2005 396 2071 Θεός
415 2025 429 2070 ;

344 2117 364 2150 ι
398 2101 530 2172 Περὶ
564 2096 634 2177 ἧς
686 2106 959 2176 σωτηρίας
1008 2108 1362 2181 ἐξεζήτησαν,
1397 2113 1566 2183 φησὶ,
1615 2113 1711 2167 καὶ
1749 2113 1837 2181 ἐξ·

265 2190 574 2262 ηρεύνησαν
620 2197 917 2265 προφῆται,
951 2200 1001 2252 οἱ
1040 2202 1167 2271 περὶ
1198 2202 1295 2273 τῆς
1328 2204 1407 2266 είς
1435 2205 1581 2274 ἡμᾶς
1613 2205 1838 2276 χάριτος

269 2281 769 2351 προφητεύσαντες
806 2287 1133 2356 ἐρευνῶντες
1167 2291 1248 2354 είς
1280 2291 1429 2357 τίνα,
1479 2293 1512 2362 ἢ
1541 2296 1691 2347 ποῖον
1717 2312 1836 2349 και-

268 2371 360 2439 ρὸν
388 2371 573 2442 ἐδήλου
604 2372 664 2425 τὸ
689 2376 746 2427 ὲν
779 2376 961 2439 αὐτοῖς
994 2378 1219 2449 Πνεῦμα
1245 2381 1504 2451 Χριστοῦ.
1532 2401 1551 2434 ι
1593 2384 1723 2438 Ἰδοὺ
1769 2382 1835 2453 δὴ

265 2460 428 2514 πάλιν
460 2463 519 2515 ὲν
546 2463 759 2527 τούτοις
782 2466 1022 2537 Χριστοῦ
1063 2469 1124 2521 τὸ
1154 2470 1307 2539 ἀγιον
1343 2471 1557 2544 εἴρηται
1584 2474 1832 2547 Πνεῦμα,

263 2552 439 2606 καίτοι
490 2553 624 2607 Θεοῦ
653 2555 711 2607 δν
731 2556 781 2609 ι).
822 2556 954 2621 Θεὸς
1002 2554 1093 2613 οὗν
1138 2562 1248 2633 ἄρα
1294 2564 1551 2636 Χριστὸς,
1579 2565 1655 2631 ὡς
1695 2566 1829 2624 ἴδιον

260 2643 397 2714 ἔχων
424 2644 485 2698 τὸ
513 2645 737 2717 Πνεῦμα
761 2648 821 2701 τὸ
848 2648 1020 2718 ἅγιον.

552 2757 648 2811 Ἐκ
677 2757 787 2827 τῆς
823 2758 1045 2829 Πέτρου
1094 2762 1550 2835 Ἐπιστολῆς.β’.

334 2885 353 2919 ι
390 2868 667 2936 Ἐγένοντο
698 2870 755 2923 δὲ
775 2870 869 2924 καὶ
890 2871 1355 2945 ψευδοπροφῆται,
1386 2877 1462 2941 ὡς
1487 2880 1582 2932 καὶ
1615 2879 1675 2933 ἐν
1699 2880 1829 2952 ὑμῖν

256 2956 473 3014 ἔσονται
500 2960 1006 3029 ψευδοδιδάσκαλοι,
1041 2963 1237 3028 οἵτινες
1273 2969 1695 3038 παρεισάξουσιν
1745 2973 1830 3026 αξ-

261 3050 437 3118 ρὲσεις
465 3051 759 3117 ἀπωλείας,
785 3053 881 3107 καὶ
908 3055 999 3108 τὸν
1031 3057 1377 3128 ἀγοράσαντα
1409 3062 1605 3126 αὐτοὺς
1631 3063 1829 3117 Δεσπό-

1942 3075 2218 3132 troducent
2262 3090 2441 3137 sectas

257 3157 355 3210 την
379 3143 716 3212 ἀρνούμενοι.
747 3145 1128 3217 Ἦγοράσμεθα
1149 3150 1258 3220 γὰρ
1277 3152 1461 3222 τιμῆς,
1481 3153 1542 3206 ού
1563 3153 1825 3225 φθαρτοῖς

255 3232 503 3303 ἀργυρίῳ
541 3234 573 3303 ἢ
607 3230 834 3304 χρυ’σίῳ,
867 3238 1003 3292 ἀλλά
1031 3239 1108 3310 τῷ
1140 3242 1308 3312 τιμίῳ
1336 3243 1526 3314 αἵματι
1557 3244 1651 3298 τοῦ
1692 3247 1829 3317 Χρι-

260 3323 406 3378 στοῦ.
434 3342 452 3375 ι
499 3325 695 3396 Ἐσμὲν
731 3322 823 3380 οὖν
853 3329 961 3398 ἄρα
991 3330 1085 3383 τοῦ
1118 3334 1452 3403 πριαμένου,
1488 3337 1665 3392 καίτοι
1708 3339 1827 3410 Θεῷ

255 3409 595 3475 δουλεύοντες
629 3413 793 3476 ζῶντι
818 3417 912 3469 καὶ
941 3418 1199 3489 ἀληθινῷ.
1234 3418 1369 3476 Εἶτα
1397 3425 1514 3486 πῶς
1550 3426 1609 3478 οὐ
1638 3426 1771 3490 Θεὸς

255 3500 509 3570 Χριστὸς,
539 3501 597 3554 δν
628 3503 724 3554 καὶ
752 3506 1028 3575 Δεσπότην
1059 3509 1516 3580 ὲπεγραψάμεθα,
1547 3512 1728 3586 ζῶντά
1765 3531 1826 3568 τε

256 3588 476 3661 οἴδαμεν
502 3591 598 3644 καὶ
623 3591 878 3662 ἀληθινόν
900 3613 916 3661 ;

421 3815 516 3869 Ἐκ
555 3818 665 3887 τῆς
707 3818 978 3876 Ἰωάννου
1020 3823 1384 3897 Ἐπιστολῆς
1417 3829 1671 3899 πρώτης.

333 3949 351 3982 ι
380 3932 490 3985 Καὶ
533 3932 775 4001 οἴδαμεν,
805 3934 884 3988 ὅτι
910 3935 940 3988 δ
972 3936 1101 4001 Υἱὸς
1136 3939 1228 3993 τοῦ
1259 3940 1393 3995 Θεοῦ
1427 3943 1574 4014 ἥκει,
1609 3944 1702 3999 καὶ
1738 3944 1824 4000 δέ-

252 4018 422 4074 δωκεν
452 4022 583 4092 ἡμῖν
616 4022 871 4089 διάνοιαν,
899 4025 985 4081 ἵνα
1019 4028 1379 4101 γινώσκωμεν
1408 4032 1501 4087 τὸν
1536 4035 1698 4104 μόνον
1727 4035 1822 4090 καὶ

250 4111 502 4183 ἀληθινὸν
533 4112 694 4167 Θεόν·
728 4115 822 4168 καὶ
852 4116 1021 4186 ἐσμὲν
1046 4120 1103 4173 ὲν
1126 4119 1204 4191 τῷ
1232 4122 1492 4194 ἀληθινῷ,
1520 4127 1578 4179 ἐν
1601 4125 1678 4197 τῷ
1703 4125 1821 4199 Υἱῷ

253 4203 416 4256 αὐτοῦ
451 4202 629 4274 Ἰησοῦ
661 4205 902 4277 Χριστῷ.
935 4202 1103 4274 Οὗτός
1134 4214 1281 4266 ἐστιν
1313 4217 1341 4268 ὁ
1373 4216 1625 4287 ἀληθινὸς
1664 4220 1816 4289 Θεὸς,

255 4291 342 4342 καὶ
369 4290 480 4361 ζωὴ
516 4290 754 4355 αἰώνιος.
783 4312 802 4345 ι
847 4294 1054 4365 Ἰησοῦς
1086 4299 1339 4371 Χριστὸς,
1382 4303 1443 4355 οὐ
1477 4307 1681 4377 γυμνὸς
1724 4310 1816 4364 καὶ

254 4377 372 4430 καθ’
402 4380 594 4433 ἑαυτὸν
620 4383 717 4435 καὶ
757 4382 863 4449 ἔξω
897 4388 1116 4455 σαρκὸς,
1147 4388 1175 4441 ὁ
1205 4390 1270 4443 ὲκ
1302 4391 1394 4446 τοῦ
1428 4393 1564 4448 Θεοῦ
1602 4397 1815 4469 Πατρὸς

1942 4423 2065 4471 atur
2119 4415 2277 4474 Jesus

248 4472 448 4524 νοεῖται
476 4471 648 4540 Λόγος
667 4491 681 4504 ·
714 4474 827 4528 ἀλλ’
850 4477 938 4529 ὅτε
975 4478 1198 4547 γέγονεν
1234 4483 1540 4554 ἄνθρωπος,
1571 4489 1690 4542 τότε
1718 4491 1813 4544 κα)⁸

249 4559 558 4632 ὠνόμασται
585 4565 814 4636 Χριστὸς
854 4569 1078 4641 Ἰησοῦς.
1105 4574 1235 4626 Ὅτε
1263 4578 1442 4631 τοίνυν
1472 4579 1634 4643 αὐτός
1664 4581 1811 4637 ἐστιν

247 4651 499 4721 ἀληθινὸς
531 4655 682 4721 Θεὸς,
716 4660 811 4712 κα)⁸
840 4660 952 4732 ζωὴ
978 4662 1219 4732 αἰώνιος,
1252 4666 1335 4731 τίς
1364 4669 1471 4723 τῶν
1497 4671 1660 4744 ἔτερα
1685 4692 1816 4746 φρο-

247 4741 479 4797 νούντων
507 4743 754 4808 ἀνέξεται
774 4765 789 4813 ;

588 4859 688 4923 ῘΕκ
720 4858 831 4927 τῆς
871 4861 1058 4917 Ἰούδα
1109 4865 1491 4940 Ἐπιστολῆς.

326 4985 345 5018 ι
378 4968 566 5021 Πᾶσαν
616 4971 848 5042 σπουδὴν
906 4976 1224 5046 ποιούμενος
1266 4981 1362 5034 τοῦ
1411 4985 1644 5056 γράφειν
1681 4989 1809 5061 ὑμῖν

243 5059 372 5126 περὶ
414 5059 515 5129 τῆς
563 5060 750 5131 κοινῆς
798 5064 949 5134 ὑμῶν
1000 5070 1303 5140 σωτηρίας,
1356 5075 1599 5149 ἀνάγκην
1652 5059 1806 5153 ἔσχον

1938 1854 2087 1911 Spem
2121 1846 2296 1902 vivam
2342 1858 2396 1904 et
2427 1852 2698 1919 stabilem,
2758 1855 3046 1927 ell'ecitque
3085 1860 3188 1914 hoc
3224 1861 3397 1929 ipsum
3430 1860 3521 1916 Je-

1938 1943 2030 1984 sus
2052 1930 2300 1990 Christus
2324 1950 2420 2005 per
2470 1945 2713 1998 suam’ex
2749 1947 2978 2004 mortuis
3015 1949 3466 2006 resurrectionem
3502 1970 3516 2004 :

1939 2021 2028 2090 qui
2055 2022 2168 2077 ﬁeri
2202 2034 2386 2094 queat,
2419 2038 2478 2083 ut
2513 2032 2657 2088 Deus
2685 2051 2789 2091 non
2825 2038 2934 2093 sit?

2006 2129 2031 2162 ‹
2066 2112 2140 2167 De
2167 2128 2275 2183 qua
2303 2115 2538 2191 (inquit)
2562 2123 2738 2179 salute
2763 2128 3171 2197 exquisiverunt
3203 2143 3258 2186 ct
3274 2136 3515 2189 scrutati

1937 2212 2060 2256 sunt
2112 2207 2409 2276 prophetat,
2430 2212 2525 2280 qui
2556 2214 2622 2269 de
2659 2215 2837 2272 futura
2880 2219 2933 2273 in
2969 2222 3124 2277 nobis
3179 2227 3349 2293 gratia
3388 2240 3515 2295 pro-

1937 2296 2326 2388 phetaverunt,
2370 2312 2674 2362 scrutantes
2703 2308 2760 2362 in
2821 2311 2964 2379 quod
2998 2313 3082 2366 vel
3112 2316 3272 2383 quale
3305 2325 3518 2388 tempus

1937 2377 2271 2453 significaret
2300 2392 2353 2446 in
2382 2395 2462 2451 eis
2493 2393 2726 2467 Spiritus
2751 2377 2953 2458 Christi
2983 2404 3051 2457 τ’.
3083 2422 3104 2457 ι
3129 2377 3144 2383 ⁷
3168 2405 3246 2461 Εη
3270 2407 3360 2463 hic
3391 2377 3512 2464 rur—

1938 2492 2056 2535 sum
2106 2479 2338 2554 Spiritus
2383 2495 2601 2545 sanctus
2651 2493 2741 2563 qui
2791 2494 2885 2551 Dei
2920 2503 3024 2563 est,
3081 2499 3275 2558 dicitur
3306 2500 3506 2558 Christi

1935 2589 2078 2634 esse.
2135 2576 2278 2634 Deus
2305 2578 2468 2651 igitur
2488 2591 2591 2651 est,
2616 2593 2674 2641 ut
2701 2588 2791 2657 qui
2842 2595 3117 2664 proprium
3148 2593 3313 2654 habet
3331 2593 3511 2671 Spiri-

1937 2673 2051 2721 tum
2084 2678 2352 2726 sanctum.

2414 2788 2695 2854 posteriori
2718 2789 2961 2863 Epistula
2986 2798 3157 2859 Petri.

2008 2908 2029 2943 ι
2062 2890 2307 2950 Fuerunt
2330 2905 2530 2996 ‘autem
2560 2910 2615 2957 et
2645 2908 3128 2982 pseudoprophetae
3172 2919 3231 2975 in
3279 2928 3500 2996 populo,

1933 2979 2075 3037 sicut
2102 2992 2156 3039 et
2180 2984 2233 3039 in
2260 2985 2413 3044 vobis
2450 3002 2612 3047 erunt
2656 2999 2903 3068 magistri
2950 2979 3256 3082 mendaces,
3279 2979 3501 3085 lqurivin:

2487 3086 2833 3159 perditionis,
2862 3103 2918 3150 et
2941 3111 3065 3154 eum
3101 3106 3201 3172 qui
3224 3110 3359 3165 emit
3387 3128 3503 3181 eos,

1933 3166 2216 3224 Dominum
2269 3181 2468 3242 negant
2499 3175 2565 3232 ⁸⁸.
2637 3177 2793 3238 Haud
2853 3186 2996 3241 enim
3028 3166 3206 3262 aliq-uo
3231 3166 3505 3272 corrupti:

1928 3257 2023 3313 bili
2068 3262 2264 3331 pretio,
2300 3280 2434 3322 auro
2463 3268 2547 3323 vel
2589 3284 2815 3342 argento
2858 3257 3133 3354 redempti
3159 3302 3365 3361 sumus,
3396 3257 3501 3354 “sed

1922 3351 2163 3420 pretioso
2191 3354 2393 3413 Christi
2433 3362 2694 3430 sanguine
2719 3365 2789 3422 ³¹.
2834 3386 2854 3420 ι
2916 3351 3096 3438 Quare
3151 3351 3502 3458 sumus’eius

1926 3441 2017 3508 qui
2057 3444 2284 3498 redemit
2318 3461 2437 3514 nos,
2466 3458 2521 3505 et
2550 3452 2766 3520 quidem
2811 3457 2921 3516 Deo
2962 3464 3085 3522 vivo
3120 3478 3174 3525 et
3204 3487 3336 3531 vero
3360 3441 3499 3534 ,έὲὲ-

1927 3529 2156 3632 vientes.
2187 3533 2321 3588 Cum
2344 3535 2562 3595 Christo
2589 3543 2752 3612 igitur
2780 3550 2990 3608 Domini
3016 3558 3225 3618 titulum
3257 3529 3501 3639 assigne-

1932 3632 2075 3684 mus,
2104 3619 2388 3692 ipsumque
2423 3627 2612 3700 vivum,
2635 3642 2689 3687 et
2720 3652 2906 3694 verum
2940 3643 3222 3706 Dominum
3247 3619 3498 3717 esseonon

1929 3707 2258 3778 ignoremus,
2288 3729 2385 3769 cur
2407 3716 2577 3773 Deum
2610 3735 2731 3779 esse
2770 3727 2979 3787 inﬁcias
3002 3735 3240 3796 ibimus?

2305 3849 2392 3905 Ea:
2418 3851 2658 3922 Epistola
2680 3862 2852 3928 prima
2882 3865 3125 3925 Joannis.

2009 3977 2029 4011 ‹
2068 3958 2137 4015 Et
2161 3963 2386 4031 scimus,
2432 3969 2687 4034 quoniam
2728 3973 2901 4033 Filius
2931 3980 3024 4036 Dei
3064 3986 3230 4053 venit,
3262 4001 3317 4046 et
3348 3995 3497 4053 dedit

1922 4049 2077 4106 nobis
2106 4067 2344 4121 sensum,
2377 4063 2433 4111 ut
2464 4073 2862 4128 cognoscamus
2898 4085 3085 4130 verum
3116 4076 3307 4147 Deum,
3336 4093 3390 4140 et
3419 4088 3495 4143 si-

1920 4144 2118 4200 musin
2151 4161 2280 4203 vero
2301 4148 2441 4206 Filio
2465 4155 2603 4222 ejus.
2655 4157 2754 4215 Hic
2788 4172 2873 4218 est
2898 4180 3058 4223 verus
3095 4172 3253 4243 Deus,
3287 4187 3341 4232 et
3380 4181 3492 4239 vita

1917 4243 2120 4291 aeterna
2149 4235 2217 4293 δ’.
2252 4257 2272 4291 ι
2330 4240 2424 4298 Dei
2477 4244 2653 4304 Patris
2696 4245 2954 4324 Verbum,
2990 4271 3151 4328 prout
3190 4235 3488 4332 secundum

1918 4337 1978 4377 se
2007 4325 2174 4391 nude,
2205 4337 2259 4383 et
2283 4339 2433 4386 extra
2472 4347 2689 4391 carnem
2741 4325 3135 4417 consideratur,
3164 4368 3267 4410 non
3302 4325 3489 4427 appet:

2321 4419 2614 4482 Christus:
2645 4418 2848 4488 Christi
2894 4445 3072 4494 autem
3111 4441 3237 4499 Jesu
3292 4418 3488 4509 nomen

1919 4514 2049 4565 tunc
2087 4510 2301 4567 demum
2346 4517 2594 4573 sortitum
2625 4530 2728 4586 est,
2762 4540 2884 4580 cum
2926 4528 3087 4586 homo
3125 4533 3325 4593 factum
3383 4553 3485 4599 est.

1920 4597 2054 4678 Cum
2085 4602 2201 4671 ipse
2226 4604 2389 4674 igitur
2414 4623 2573 4665 verus
2602 4612 2671 4667 sit
2692 4615 2855 4684 Deus,
2894 4630 2948 4675 et
2973 4624 3083 4680 vita
3122 4636 3342 4698 aeterna,
3365 4636 3487 4704 quis

1913 4704 2071 4748 secus
2095 4695 2334 4753 sentiens
2353 4697 2496 4756 ferre
2525 4706 2726 4771 queat?

2445 4897 2528 4954 Ea:
2546 4899 2785 4966 Epistola
2812 4910 2989 4968 ludar.

1989 5023 2008 5056 ι
2043 5005 2266 5064 Omnem
2302 5013 2719 5077 sollicitudinem
2768 5026 2970 5086 faciens
3019 5037 3290 5095 scribendi
3328 5044 3480 5099 vobis

1915 5093 1980 5146 de
2021 5101 2289 5154 communi
2323 5106 2521 5162 vestra'
2553 5113 2744 5180 salute,
2775 5132 2996 5177 necesse
3033 5125 3193 5181 habui
3241 5133 3479 5189 scribere

316 5323 522 5380 ".ihid.
564 5327 618 5394 5,
643 5327 698 5382 4.
774 5332 820 5364 "°
843 5330 975 5388 ibid.
1003 5335 1091 5405 {0,
1119 5337 1204 5393 ll.
1282 5339 1329 5373 ⁸ο
1353 5340 1396 5397 ll
1428 5343 1571 5401 Petr.
1600 5363 1661 5415 ll,
1693 5352 1742 5405 l.
1817 5355 1832 5387 ε

1942 5355 2084 5414 Petr.
2118 5378 2156 5430 ι,
2195 5364 2282 5421 18.
2358 5369 2447 5426 ⁶²1
2475 5372 2632 5434 Joan.
2662 5395 2715 5449 ν,
2741 5381 2831 5439 20.

1306 5494 1479 5557 Variae
1502 5500 1760 5565 lectiones
1788 5510 1987 5570 codicis
2022 5510 2375 5588 Seguieriani.

318 5649 341 5676 α
371 5637 567 5701 ζῶσαν.
645 5643 673 5680 ι’
705 5643 875 5699 Θεῖον.

518 5736 769 5797 Parnm.
821 5740 940 5803 Gn.
982 5742 1254 5810 LXXVI.

3147 5798 3219 5856 40
