3970 6136
442 204 449 221 “
516 214 682 268 "19.59

1535 212 1593 264 S.
1629 209 1907 265 CYRILLI
1947 206 2415 264 ALEXANDRINI
2453 208 2769 265 ARCHIEP.
3542 268 3549 272 _
3607 215 3714 272 1260

3538 268 3549 299 l

543 327 920 386 sanctissﬁdei.
960 328 1398 385 Subintroierunt
1431 327 1573 383 enim
1617 328 1834 397 quidam
1869 327 2107 383 homines

2217 326 2579 398 παραδοθείσῃ
2613 331 2724 390 τοῖς
2760 326 2936 395 ἁγίοις
2984 327 3183 382 πίστει.
3234 329 3605 400 Παρεισέδυσαν
3631 334 3714 404 γάρ

544 423 665 492 (qui
706 421 834 475 olim
866 420 1163 490 praescripti
1204 428 1333 475 sunt
1369 419 1425 474 in
1462 419 1567 474 hoc
1604 416 1897 489 judicium)
1938 417 2109 487 impii,

546 512 639 567 Dei
676 512 845 566 nostri
871 512 1097 582 gratiam
1125 510 1513 566 transferentes
1537 510 1590 565 in
1618 509 1917 574 luxuriam,
1948 517 2006 563 et
2031 522 2112 562 so-

546 602 653 655 lum
685 601 1104 664 Dominatorem,
1120 610 1173 654 et
1191 602 1472 656 Dominum
1494 608 1734 655 nostrum
1754 598 1938 654 Jesum
1958 598 2114 654 Chri-

544 701 684 746 stum
704 692 1034 761 negantes”.
1067 710 1085 744 ι
1107 691 1240 747 Cum
1264 690 1654 745 incarnationis
1674 691 1974 746 doctrinam
2000 689 2115 744 uni-

544 797 701 836 verse
730 783 1100 849 admittamus,
1136 783 1406 852 quomodo
1435 783 1527 851 qui
1556 782 1721 837 semel
1742 780 2111 843 crediderunt,

543 869 826 924 Dominum
857 881 1098 925 nostrum
1117 869 1300 926 Jesum
1319 871 1592 925 Christum
1615 883 1810 940 negare
1827 868 2114 924 dicuntur?

543 962 688 1017 Sane
719 963 765 1016 si
796 963 958 1016 alium
983 962 1177 1017 Filium
1222 963 1313 1018 Dei
1343 962 1521 1018 Patris
1551 962 1783 1017 Verbum
1816 975 1938 1016 esse
1958 960 2111 1015 dixe-

542 1055 733 1122 rimus,
760 1056 921 1109 alium
945 1069 1134 1108 rursus
1158 1068 1304 1118 eum,
1334 1053 1425 1123 qui
1459 1061 1619 1106 natus
1642 1058 1725 1107 est
1750 1065 1817 1105 ex
1850 1048 2111 1113 muliere;

540 1162 705 1200 unum
762 1146 1044 1199 Dominum
1103 1146 1304 1199 diserte
1356 1143 1680 1199 inﬁciamur.
1755 1140 1907 1196 Unus
1964 1141 2110 1196 enim

540 1238 803 1293 Dominus
830 1235 987 1292 Jesus
1022 1235 1292 1299 Christus,
1325 1249 1488 1290 carne
1520 1234 1639 1304 ejus
1673 1234 1970 1289 secundum
1998 1231 2111 1286 dis-

541 1328 900 1397 pensatoriam
954 1343 1074 1382 cum
1122 1327 1217 1382 Dei
1282 1326 1457 1382 Patris
1496 1325 1673 1380 Verbo
1727 1325 2001 1391 unionem,
2042 1323 2111 1377 ad

542 1419 759 1473 deitatis
801 1419 1024 1488 gloriam
1057 1428 1266 1474 evecta.
1300 1418 1467 1474 ‘Unus
1494 1417 1721 1487 proinde
1755 1424 1836 1471 est
1858 1415 2111 1471 Christus

526 1518 595 1562 .et
638 1507 808 1565 Filius
844 1525 859 1563 :
898 1510 969 1563 ita
1012 1508 1161 1564 enim
1196 1509 1299 1564 erit
1341 1508 1500 1578 hujus
1543 1507 1779 1563 universi
1823 1504 2104 1561 Dominus.

782 1732 872 1787 Ea:
900 1730 1184 1802 Evangelia
1212 1732 1497 1786 secundum
1526 1729 1858 1784 Matthwum.

965 1840 1117 1904 Quod
1145 1837 1387 1894 Christus
1422 1839 1486 1893 sit
1522 1838 1682 1892 Deus.

621 1950 806 2005 (Haec
827 1960 1007 2005 autem
1041 1965 1106 2005 eo
1132 1953 1424 2021 cogitante,
1460 1965 1586 2005 ecce
1635 1949 1856 2018 angelus
1900 1948 2108 2023 Domini

540 2044 789 2114 apparuit
831 2042 885 2096 in
921 2043 1124 2097 somnis
1179 2044 1267 2107 ei,
1297 2042 1527 2097 dicens:
1563 2040 1764 2111 “Ioseph
1813 2040 1887 2095 iiIi
1920 2040 2108 2104 David,

540 2137 652 2192 noli
684 2136 873 2188 timere
902 2134 1152 2202 accipere
1177 2132 1401 2187 Mariam
1428 2131 1709 2201 coniugem
1740 2140 1887 2185 tuam
1921 2145 1935 2182 :
1967 2130 2110 2199 quod

541 2228 685 2282 enim
718 2226 771 2279 in
798 2240 860 2279 ea
891 2233 1069 2279 natum
1101 2233 1205 2287 est,
1235 2224 1300 2278 de
1330 2222 1533 2293 Spiritu
1569 2231 1760 2277 sancto
1798 2230 1899 2276 est.
1932 2219 2109 2275 Pariet

539 2328 719 2371 autem
746 2317 933 2380 lilium,
968 2325 1024 2370 et
1046 2315 1266 2370 vocabis
1315 2329 1509 2369 nomen
1560 2313 1677 2383 ejus
1723 2313 1953 2368 Jesum:
1996 2312 2110 2381 ipse

539 2409 684 2463 enim
719 2407 924 2461 salvum
955 2406 1118 2461 faciet
1162 2406 1415 2475 populum
1461 2420 1616 2459 suum
1656 2419 1686 2458 a
1736 2404 1970 2474 peccatis
2013 2417 2112 2458 eo-

538 2512 658 2551 rum
689 2497 756 2551 “.
793 2516 811 2548 ι
853 2496 967 2551 Duo
1006 2496 1166 2551 simul
1211 2496 1313 2550 hoc
1362 2496 1479 2550 loco
1522 2494 1695 2563 ponit,
1736 2509 1858 2563 quae
1897 2494 1948 2548 in
1977 2494 2111 2548 divi-

539 2603 663 2641 nam
703 2597 906 2640 tantum
942 2597 1192 2640 naturam
1229 2586 1520 2654 quadrant,
1557 2600 1663 2639 non
1706 2585 1867 2638 etiam
1913 2585 1965 2637 in
2008 2583 2110 2638 hu-

539 2693 776 2735 manam.
820 2676 1030 2730 Asserit
1079 2688 1315 2743 namque
1343 2674 1481 2743 ejus,
1515 2674 1606 2742 qui
1651 2686 1718 2726 ex
1757 2672 1929 2726 Maria
1956 2678 2109 2725 ortus

536 2778 641 2835 est,
671 2784 765 2823 eos
788 2782 997 2831 omnes,
1028 2766 1117 2834 qui
1152 2765 1378 2819 salutem
1423 2780 1519 2834 per
1550 2765 1725 2834 ipsum
1771 2776 2111 2831 consequun-

543 2870 651 2926 tur,
710 2859 962 2928 populum
1021 2872 1139 2911 esse
1188 2855 1552 2926 peculiarem;
1605 2862 1715 2906 tum
1758 2858 1813 2906 et
1878 2850 2010 2919 ipsis
2046 2849 2111 2904 il—

543 2953 651 3007 lum
698 2964 915 3021 peccata
951 2949 1318 3004 dimissurum.
1343 2945 1503 3014 Atqui
1546 2942 1639 2996 Dei
1668 2951 1793 2996 sunt
1817 2940 2068 2995 universa
2090 2977 2106 3003 ,

2127 1677 2183 1730 Β

2214 436 2356 482 τινες
2383 418 2679 490 ἄνθρωποι,
2708 421 2757 472 oi
2793 418 2961 472 πάλαι
2993 422 3466 491 προγεγραμμένοι
3496 424 3568 487 εἰς
3588 423 3711 478 τοῦτο

2212 507 2274 561 τὸ
2312 510 2505 578 κρῖμα,
2535 509 2777 575 ἀσεϐεῖς,
2808 507 2908 580 τὴν
2935 509 3031 562 τοῦ
3061 509 3197 563 Θεοῦ
3228 511 3381 581 ἡμῶν
3410 513 3555 583 χάριν
3590 531 3714 583 μετα-

2211 597 2449 662 τιθέντες
2478 600 2556 662 είς
2590 599 2901 667 ἀσέλγειαν,
2934 600 3144 654 καὶτὸν
3172 601 3333 671 μόνον
3366 604 3613 673 Δεσπότην
3646 605 3714 657 καὶ

2213 688 2415 758 Κύριον
2453 688 2610 758 ἡμῶν
2656 689 2860 760 Ἰησοῦν
2906 691 3140 761 Χριστὸν
3188 692 3525 762 ἀρνούμενοι.
3549 711 3565 744 ι
3596 695 3715 747 Κατά

2212 777 2571 847 τίνατρόπον
2626 781 2922 852 ἀρνήσεται
2964 798 3047 845 τις
3090 782 3197 836 τῶν
3231 783 3375 848 ἆπαξ
3420 784 3715 836 πεπιστευκό-

2210 869 2420 923 τωντὸν
2436 869 2813 941 Κύριονήμῶν
2846 871 3051 942 Ἰησοῦν
3091 873 3359 943 Χριστόν;
3415 874 3588 926 Καίτοι
3612 891 3715 945 περ⁴

2210 960 2511 1031 εδεξάμεθι
2552 961 2644 1015 τὸν
2667 963 2687 1032 ξ
2707 963 2806 1032 τῆς
2860 962 3328 1036 ὲνανθρωπήσεως
3368 965 3540 1033 λόγον·
3567 966 3659 1018 ἀλλ’
3681 967 3716 1016 εἰ

2214 1049 2414 1119 φαμὲν,
2446 1052 2528 1104 ὅτι
2566 1050 2754 1122 ἕτερος
2785 1052 2885 1122 μέν
2916 1054 3066 1121 ἐστιν
3097 1056 3226 1121 Υίὸς
3251 1058 3280 1110 6
3305 1058 3368 1110 ὲκ
3397 1057 3520 1111 Θεοῦ
3553 1057 3716 1127 Πατρὸς

2212 1140 2406 1207 Λόγος,
2436 1140 2624 1211 ἕτερος
2665 1141 2722 1195 δὲ
2752 1143 2874 1194 κατ’
2907 1143 3042 1198 ἰδίαν
3070 1147 3099 1198 6
3131 1147 3198 1198 ὲκ
3237 1147 3501 1214 γυναικὸς,
3525 1145 3713 1216 ἠρνησά-

2215 1230 2355 1301 μεθα
2386 1232 2477 1286 τὸν
2524 1233 2686 1304 μόνον
2725 1237 3025 1308 Δεσπότην.
3061 1232 3157 1300 Εἷς
3195 1237 3303 1308 γὰρ
3337 1237 3525 1308 Κύριος
3557 1236 3713 1306 Ἰησοῦς

2211 1323 2466 1393 Χριστὸς,
2494 1324 2616 1378 καθ’
2644 1326 2836 1381 ἕνωσιν
2860 1328 3234 1399 οἰκονομικὴν.
3269 1328 3362 1399 τὴν
3386 1328 3511 1400 πρός
3536 1327 3589 1394 γέ
3610 1343 3711 1395 φημι

2210 1413 2301 1466 τὸν
2340 1417 2406 1468 ὲκ
2434 1413 2568 1469 Θεοῦ
2596 1417 2790 1486 Λόγον,
2817 1420 2897 1484 είς
2924 1420 3022 1490 τὴν
3048 1420 3149 1490 τῆς
3183 1420 3429 1488 θεότητος
3461 1417 3597 1484 δόξαν
3618 1418 3712 1468 ἀνα-

2213 1503 2483 1576 φοιτώσης
2507 1507 2671 1561 αὐτοῦ
2687 1510 2784 1579 τῆς
2813 1510 3031 1581 σαρκός.
3058 1507 3157 1574 Εἷς
3177 1506 3270 1564 οῦν
3300 1510 3402 1581 ἄρα
3428 1508 3627 1579 Χριστὸς
3644 1506 3710 1558 καὶ

2221 1595 2349 1659 Υἱός
2367 1613 2381 1627 ·
2413 1595 2564 1650 ἔσται
2596 1601 2703 1669 γὰρ
2732 1598 2875 1655 οὕτω
2904 1601 3011 1655 τῶν
3039 1600 3181 1656 ὅλων
3212 1600 3492 1671 Δεσπότης.

2400 1727 2499 1781 Ἐκ
2539 1728 2644 1782 τοῦ
2681 1720 2830 1785 κατὰ
2875 1733 3182 1787 Ματθαῒον
3214 1733 3575 1804 Εὐανγελίου.

2648 1835 2779 1890 Ὀτι
2820 1837 2965 1905 Θεὸς
2997 1842 3032 1894 ὁ
3067 1843 3350 1910 Χριστός·

2287 1961 2306 1993 ι
2357 1945 2540 2000 Ταῦτα
2589 1947 2647 2001 δὲ
2695 1950 2860 2004 αὐτοῦ
2913 1953 3345 2026 ἐνθυμηθέντος,
3397 1956 3492 2011 ἰδοὺ
3534 1953 3709 2025 ἄγγελος

2210 2033 2415 2103 Κυρίου
2446 2039 2565 2090 κατ’
2595 2039 2726 2111 ὄναρ
2756 2042 2930 2114 ἐφάνη
2975 2046 3151 2116 αὐτῷ,
3202 2047 3390 2117 λέγων·
3433 2050 3595 2118 Ἰωσὴφ
3622 2048 3708 2108 υίὸς

2208 2122 2389 2189 Δαυῒδ,
2427 2125 2504 2196 μὴ
2531 2128 2774 2200 φοϐηθῇς
2803 2133 3145 2203 παραλαϐεῖν
3171 2139 3400 2209 Μαριὰμ
3425 2138 3506 2208 τὴν
3522 2137 3708 2207 γυναῖκά

2211 2228 2335 2264 σου’
2363 2215 2425 2267 τὸ
2458 2215 2567 2286 γὰρ
2609 2219 2668 2273 ὲν
2701 2222 2839 2291 αὐτῇ
2880 2225 3166 2295 γεννηθὲν,
3197 2229 3261 2282 ἐκ
3299 2229 3575 2299 Πνεύματός
3598 2230 3707 2280 ἐστιν

2209 2301 2387 2369 ἁγίου.
2416 2305 2641 2369 Τέξεται
2669 2309 2726 2363 δὲ
2753 2311 2888 2377 υίὸν,
2917 2314 3010 2367 καὶ
3032 2316 3291 2382 καλέσεις
3318 2320 3374 2371 τὸ
3399 2318 3546 2388 ὄνομα
3563 2313 3702 2377 αὑτοῦ,

2196 2391 2461 2461 κἸησοῦψ
2509 2396 2672 2461 αὐτὸς
2703 2399 2811 2471 γὰρ
2851 2400 3015 2456 σώσει
3042 2404 3140 2459 τὸν
3171 2404 3296 2459 λαὸν
3338 2407 3487 2460 αὐτοῦ
3516 2406 3603 2460 ἀπὸ
3626 2404 3703 2455 τῶν

2206 2484 2490 2555 ἁμαρτιῶν
2518 2489 2718 2546 αὐτῶν.
2767 2511 2784 2541 ι
2821 2492 2925 2546 Δύο
2958 2496 3102 2549 κατὰ
3142 2498 3304 2553 ταυτὸ
3343 2500 3504 2567 τίθησι
3536 2497 3590 2550 τὰ
3625 2495 3704 2547 θεοη

2209 2578 2413 2646 πρεπῆ,
2446 2579 2542 2631 καὶ
2568 2580 2668 2634 οὐκ
2700 2583 3015 2657 ἀνθρωπεία
3044 2589 3329 2658 πρέποντα
3346 2587 3604 2658 φύσει.Τοῦ
3625 2586 3703 2654 γὰρ

2206 2666 2488 2736 τεχθέντος
2533 2671 2598 2723 ἐκ
2645 2671 2748 2742 τῆς
2795 2675 3029 2747 Μαριὰμ
3075 2678 3213 2732 ῐδιον
3261 2679 3361 2749 ἔφη
3387 2680 3499 2733 λαὸν
3526 2679 3626 2739 τοὺς
3656 2674 3701 2727 δι’

2208 2755 2371 2809 αὐτοῦ
2412 2760 2789 2829 σεσωσμένους
2810 2781 2824 2795 '
2859 2766 2953 2819 καὶ
2986 2768 3119 2837 μὴν,
3150 2770 3233 2824 ὅτι
3256 2771 3350 2824 καὶ
3379 2767 3619 2840 ἁμαρτιῶν
3636 2766 3703 2818 αὖε

2206 2847 2334 2911 τοὺς
2361 2848 2524 2913 αὐτὸς
2587 2852 2909 2919 ἀπαλλάξει.
2936 2856 3069 2909 Θεοῦ
3095 2860 3159 2912 δὲ
3198 2860 3268 2914 τὰ
3303 2860 3485 2925 πάντα,
3511 2858 3586 2912 καὶ
3609 2855 3702 2925 πρέ·

2206 2954 2301 2991 ποι
2349 2938 2416 2993 ἂν
2462 2941 2611 3012 αὐτῷ
2640 2943 2738 2997 καὶ
2789 2946 2935 3017 μόνῳ
2972 2948 3035 3002 τὸ
3084 2949 3446 3007 ἀπαλλάττειν
3483 2944 3702 3021 ἁμαρτιῶν

537 3005 813 3107 ipsiusque
855 3037 1022 3091 solius
1065 3043 1150 3089 est
1218 3005 1560 3103 peccatorum
1612 3029 1820 3099 laqueis
1871 3029 2107 3083 irretitos

2207 3026 2464 3082 δύνασθαι
2508 3005 2636 3094 τοῦς
2679 3005 3088 3104 ἡμαρτηίιότας.
3143 3005 3291 3104 Θεὸς
3321 3036 3409 3094 οῦν
3436 3005 3527 3111 ἄρα
3553 3005 3703 3089 ἐστὶνό

537 3130 813 3196 expedire.
841 3125 893 3180 ls
929 3127 1114 3196 igitur,
1148 3125 1239 3193 qui
1275 3138 1341 3177 ex
1372 3137 1530 3177 sacra
1561 3120 1784 3189 Virgine
1817 3130 1970 3174 natus
2002 3127 2105 3186 est,

538 3218 680 3272 Deus
712 3227 816 3280 est,
844 3216 999 3283 cujus
1030 3229 1129 3268 nos
1156 3212 1445 3281 peculiaris
1475 3210 1704 3278 pepulus
1748 3222 1955 3273 sumus,
1987 3208 2109 3277 qui-

538 3321 644 3376 que
682 3322 714 3361 e
742 3315 1088 3374 peccatorum
1135 3300 1365 3356 vinculis
1413 3314 1513 3370 pro
1559 3312 1654 3354 sua
1704 3307 1974 3369 potestate
2006 3313 2109 3355 nos

539 3397 735 3453 exemit
767 3410 828 3449 ac
858 3391 1126 3448 liberavit.

614 3507 633 3539 ι
668 3488 799 3541 Cum
841 3500 969 3555 ergo
1025 3493 1183 3538 natus
1220 3492 1364 3538 esset
1401 3482 1559 3538 Jesus
1604 3481 1659 3536 in
1702 3480 1971 3537 Bethleem
2013 3481 2109 3537 Ju-

539 3582 666 3636 dmae
688 3578 757 3632 ⁸⁵.
786 3596 809 3630 ι
854 3577 910 3631 ln
961 3578 1189 3632 Betleem
1231 3576 1429 3632 ludam
1464 3586 1624 3630 natus
1650 3583 1752 3642 est,
1809 3587 1875 3628 ex
1907 3573 2106 3630 Jessaaa

537 3672 741 3727 radice.
769 3670 924 3727 Unde
950 3671 1089 3724 Deus
1112 3678 1166 3723 et
1192 3668 1351 3723 Pater
1392 3682 1487 3736 per
1537 3667 1820 3736 quemdam
1868 3679 1899 3720 e
1936 3666 2106 3721 sacris

538 3763 751 3816 vatibus
787 3763 860 3816 ita
893 3763 967 3816 ait
994 3779 1009 3816 :
1041 3778 1061 3812 ι
1109 3761 1178 3815 Ει
1208 3770 1261 3815 ιιι
1328 3758 1598 3813 Bethleem
1627 3758 1818 3812 domus
1845 3756 2103 3827 Ephrata,

536 3865 876 3918 nequaquam
907 3850 1129 3904 minima
1160 3864 1241 3913 es,
1270 3848 1378 3918 79
1408 3857 1466 3901 ut
1495 3848 1569 3901 sis
1601 3846 1654 3901 in
1684 3845 1919 3901 millibus
1943 3845 2101 3902 Juda.

534 3940 613 3995 Ex
666 3950 715 3994 te
759 3926 1264 4011 enim'egredietur
1312 3939 1441 3993 mihi
1495 3938 1587 4008 qui
1644 3947 1797 4007 regat
1849 3937 2103 4008 populum

535 4047 712 4084 meum
756 4031 807 4084 in
832 4031 999 4086 Israel
1026 4050 1039 4086 :
1071 4040 1125 4085 et
1151 4044 1402 4101 egressus
1435 4028 1551 4098 ejus
1572 4028 1641 4082 ab
1668 4027 1821 4081 initio
1844 4041 1873 4080 a
1914 4027 2103 4082 diebus

532 4123 849 4177 mter-uitatis
873 4122 938 4176 ⁸⁸.
981 4141 999 4174 ›
1048 4122 1326 4188 Quomodo
1384 4117 1697 4172 Betleemita
1744 4115 1834 4171 ille
1898 4116 1968 4171 ab
2008 4117 2106 4171 ini-

534 4213 608 4266 tio
640 4215 815 4267 saeculi
846 4228 1113 4283 egressus,
1160 4215 1262 4267 hoc
1298 4219 1382 4266 est
1417 4208 1737 4264 substantiae
1777 4208 2101 4277 principium

531 4307 755 4359 sortitus
793 4305 1010 4369 dicitur,
1070 4318 1191 4358 cum
1245 4313 1420 4356 tamen
1471 4300 1526 4352 in
1567 4297 1875 4353 novissimis
1919 4298 2100 4354 saeculi

534 4396 863 4463 temporibus
888 4404 1071 4449 natum
1107 4382 1286 4461 ipsum
1321 4403 1441 4446 esse
1468 4388 1725 4455 fconstet?
1753 4389 1892 4444 Deus
1933 4388 2098 4459 igitur

530 4497 614 4541 est
654 4485 923 4552 Christus,
972 4486 1249 4554 ipsiusque
1289 4482 1455 4537 divini
1501 4479 1665 4537 Verbi
1718 4479 2010 4550 antiquitas
2043 4482 2099 4537 in

531 4578 679 4632 illum
705 4579 972 4634 convenit.
1001 4576 1135 4631 Nam
1166 4576 1310 4631 Deus
1337 4583 1476 4639 erat,
1501 4582 1723 4644 propter
1751 4587 1850 4628 nos
1881 4586 1949 4628 ex
1973 4587 2095 4626 mu-

531 4668 663 4724 liere
691 4672 853 4724 homo
876 4669 1026 4725 nasci
1055 4668 1329 4739 dignatus.

607 4775 627 4808 ι
666 4757 779 4827 Ego
829 4759 1068 4827 quidem,
1116 4759 1324 4827 inquit,
1369 4756 1590 4826 baptizo
1622 4769 1718 4813 vos
1752 4754 1807 4809 in
1857 4767 1999 4822 aqua
2048 4753 2102 4808 in

531 4847 923 4919 paenitentiam.
956 4847 1056 4915 Qui
1088 4856 1267 4903 autem
1295 4858 1419 4913 post
1444 4862 1529 4903 me
1552 4856 1815 4903 venturus
1854 4857 1961 4909 est,
1987 4842 2100 4899 for-

534 4941 638 4996 tior
665 4952 751 4994 me
771 4946 875 5006 est,
896 4939 1051 5008 cujus
1078 4952 1184 4993 non
1210 4953 1328 4993 sum
1351 4940 1544 5009 dignus
1586 4937 1947 4994 calceamenta
1973 4950 2097 5006 por-

2208 3119 2271 3171 ἐκ
2298 3119 2400 3189 τῆς
2435 3122 2596 3190 ἁγίας
2631 3124 2904 3194 Παρθένου
2935 3131 3355 3200 γεγεννημένος,
3401 3124 3456 3184 οῦ
3496 3130 3576 3183 καὶ
3610 3125 3703 3185 ἴδιός

2208 3210 2375 3280 ἐσμεν
2402 3211 2549 3279 λαὸς,
2584 3214 2678 3266 καὶ
2726 3215 3013 3286 ἁμαρτιῶν
3043 3217 3102 3270 δὲ
3157 3222 3305 3291 ἡμᾶς
3331 3219 3615 3292 ἀπήλλαξεν,
3649 3213 3702 3272 ὡς

2208 3299 2346 3371 ἔχων
2375 3303 2469 3357 καὶ
2494 3302 2686 3357 τούτου
2717 3304 2817 3376 τὴν
2849 3305 3125 3373 ἐξουσίαν-

2276 3521 2303 3554 1
2349 3502 2456 3556 Τοῦ
2484 3504 2539 3557 δὲ
2583 3504 2757 3576 Ἰησοῦ
2777 3506 3137 3578 γεννηθέντος
3164 3509 3226 3565 ἒν
3255 3506 3484 3581 Βηθλεὲμ
3504 3504 3586 3575 τῆς
3609 3499 3702 3553 Ἶσιν

2205 3592 2379 3655 δαίας.
2419 3611 2438 3644 ι
2487 3595 2575 3648 Ἐν
2605 3595 2852 3665 Βηθλεὲμ
2879 3597 3210 3668 γεγέννηται
3252 3601 3350 3671 τῆς
3389 3594 3625 3655 Ἰουδαίας»
3655 3590 3702 3641 ἐκ

2207 3682 2363 3754 ῥίζης
2404 3684 2620 3740 Ἰεσσαί.
2650 3686 2786 3755 Φησὶ
2812 3685 2870 3739 δὲ
2908 3687 3037 3758 περὶ
3055 3689 3230 3743 αὐτοῦ
3255 3690 3326 3743 δι’
3352 3688 3461 3751 ἑνὸς
3483 3684 3574 3739 τῶν
3608 3694 3703 3750 προ-

2205 3773 2390 3843 φητῶν
2418 3774 2448 3827 6
2475 3774 2606 3838 Θεὸς
2637 3776 2731 3829 καὶ
2756 3777 2979 3848 Πατήρ·
3026 3797 3044 3831 ι
3080 3781 3201 3834 Καὶ
3249 3781 3313 3835 σὺ
3350 3776 3568 3850 Βηθλεὲμ
3593 3767 3702 3831 οἶκος

2198 3861 2298 3915 τοῦ
2343 3863 2604 3933 Ἐφραθᾶ⁹
2642 3865 2715 3936 μὴ
2748 3865 3021 3935 ὀλιγοστὸς
3052 3861 3108 3920 εἴ
3144 3867 3239 3923 τοῦ
3272 3864 3406 3922 εἶναι
3433 3868 3486 3920 ὲν
3523 3859 3700 3936 χιλιάσιν

2215 3949 2387 4005 Ἰούδα
2407 3968 2422 3982 ·
2449 3953 2513 4006 ἐκ
2541 3952 2633 4006 σοῦ
2662 3955 2768 4026 γάρ
2792 3972 2882 4026 μοι
2911 3955 3255 4023 ἐξελεύσεται
3283 3958 3372 4012 τοῦ
3399 3954 3523 4011 εἷναι
3544 3955 3608 4014 είς
3628 3949 3700 4017 ἆρ-

2202 4057 2363 4110 χοντα
2392 4043 2449 4095 ὲν
2477 4042 2555 4114 τῷ
2599 4044 2819 4118 Ἰσραήλ
2839 4063 2855 4080 ·
2882 4048 2975 4100 καὶ
3003 4048 3059 4101 αί
3091 4047 3261 4113 ἔξοδοι
3289 4046 3444 4103 αὐτοῦ
3470 4043 3551 4098 ἀπ’
3570 4039 3698 4111 ἀρχῆς

2202 4131 2262 4196 ἐξ
2307 4132 2529 4204 ἡμερῶν
2561 4135 2774 4199 αἰῶνος.
2817 4155 2836 4188 ι
2875 4136 3001 4201 Πῶς
3051 4134 3148 4193 οῦν
3196 4141 3224 4192 6
3270 4135 3622 4208 γεγεννημένος
3656 4129 3697 4178 έν

2202 4220 2449 4292 Βηθλεὲμ
2476 4222 2573 4293 τῆς
2603 4224 2885 4293 Ἰουδαίας,
2910 4229 3004 4280 ἀπ’
3024 4231 3201 4302 ἀρχῆς
3226 4230 3412 4293 αίῶνος
3432 4227 3519 4288 τὰς
3538 4221 3698 4287 ἐξόδους

2131 4346 2176 4400 ι)
2203 4308 2345 4381 ἔχειν
2382 4308 2618 4377 λέγεται.
2665 4314 2909 4368 τουτέστι
2954 4318 3055 4386 τῆς
3100 4319 3383 4390 ὑπάρξεως
3422 4316 3509 4386 τὴν
3550 4308 3694 4380 ἀρχὴν.

2202 4404 2376 4459 καίτοι
2424 4406 2703 4477 γεννηθεὶς
2747 4407 2805 4460 ἐν
2846 4408 3094 4479 ἐσχάτοις
3137 4410 3231 4464 τοῦ
3282 4410 3465 4471 αἰῶνος
3508 4401 3693 4472 καιρθῖςς

2201 4496 2333 4560 Θεὸς
2362 4492 2456 4551 οὖν
2488 4496 2597 4569 ἄρα
2626 4499 2881 4568 Χριστὸς,
2905 4501 3000 4554 καὶ
3022 4489 3225 4569 πρέπει
3254 4500 3398 4571 αὐτῷ
3415 4499 3469 4552 τὸ
3494 4495 3574 4549 τοῦ
3599 4484 3694 4544 Θεοὸ

2202 4587 2378 4655 Λόγου
2411 4587 2805 4659 πρεσϐύτατον.
2839 4589 2971 4652 Θεὸς
2988 4590 3097 4662 γὰρ
3112 4586 3201 4662 ἦν,
3232 4591 3299 4644 δι’
3325 4590 3466 4661 ἡμᾶς
3492 4579 3694 4659 σαρνικῆν

2205 4677 2502 4748 ὑπομείνας
2531 4678 2781 4750 γέννησιν
2807 4679 2907 4750 τὴν
2934 4680 2999 4734 ἐκ
3029 4681 3304 4749 γυναικός.
3330 4704 3333 4707 λ

2280 4789 2300 4822 ι
2358 4756 2498 4839 Ἐγὼ
2532 4771 2631 4841 μὲν
2659 4772 2770 4842 γὰρ
2808 4772 2954 4842 ὑμᾶς
2993 4774 3052 4827 ιν
3084 4772 3235 4828 ὕδατι
3268 4770 3515 4842 βαπτίζω,
3558 4760 3693 4834 φησὶν.

2203 4860 2282 4922 είς
2318 4859 2604 4930 μετάνοιαν
2622 4874 2635 4889 ·
2670 4861 2699 4913 6
2728 4859 2786 4914 δὲ
2816 4860 2991 4914 ὀπίσω
3017 4877 3117 4931 μου
3146 4861 3451 4933 ἐρχόμενος,
3481 4848 3714 4926 ἰσχυρότεσί

2204 4948 2299 5020 ρός
2330 4966 2430 5020 μου
2461 4951 2629 5017 ἐστὶν,
2656 4946 2719 5005 οῦ
2749 4952 2850 5004 οὐκ
2873 4952 2990 5023 ειμι
3024 4953 3204 5015 ἱκανὸς
3231 4952 3297 5005 τὰ
3323 4951 3608 5019 ὑποδήματα
3630 4940 3715 5015 βαῆ

532 5041 668 5087 tare.
696 5031 818 5101 Ipse
840 5046 937 5087 vos
970 5028 1266 5100 baptizabit
1292 5031 1346 5085 in
1395 5029 1599 5099 Spiritu
1638 5039 1826 5087 sancto
1850 5040 1907 5087 et
1949 5031 2091 5101 igne.

2205 5039 2415 5093 στᾶσαι.
2444 5039 2615 5104 Αὐτὸς
2641 5041 2785 5111 ὑμᾶς
2814 5041 3063 5112 βαπτίσει
3101 5043 3159 5096 ὲν
3199 5040 3463 5113 ΙΙνεύματι
3489 5037 3608 5106 ἁγίῳ
3629 5026 3698 5084 καὶ

529 5123 696 5197 Cujus
735 5123 1091 5180 ventilabrum
1145 5124 1201 5178 in
1247 5138 1408 5178 manu
1465 5136 1585 5188 sua,
1635 5131 1693 5178 et
1721 5122 2097 5193 permundabit

2205 5129 2349 5200 πυρί.
2382 5123 2457 5185 Οῦ
2497 5131 2559 5184 τὸ
2586 5130 2751 5186 πτύον
2789 5133 2849 5186 ὲν
2875 5138 2942 5206 τῇ
2972 5134 3113 5206 χειρὶ
3161 5132 3346 5199 αὐτοῦ,
3378 5132 3465 5185 καὶ
3490 5120 3697 5181 διακαθασ

530 5230 714 5273 aream
755 5230 905 5273 suam
929 5216 998 5272 ⁸⁷.
1047 5234 1068 5268 ι
1118 5215 1550 5287 Haudquaquam
1602 5217 1852 5271 humana:
1889 5225 2093 5277 natura:

2205 5222 2307 5290 ριεῖ
2331 5220 2429 5292 τὴν
2466 5221 2649 5277 ἅλωνα
2696 5223 2883 5279 αὑτοῦ.
2926 5243 2945 5277 ι
2979 5227 3091 5280 Οὐκ
3140 5223 3536 5295 ἁνθρωπότητος
3575 5213 3700 5285 εργυν

530 5320 663 5377 opus
683 5314 766 5363 est
792 5308 847 5362 in
871 5308 1079 5378 Spiritu
1103 5318 1295 5365 sancto
1324 5309 1636 5379 baptizare:
1669 5308 1764 5364 sed
1790 5322 1964 5379 neque
1988 5309 2093 5379 spi-

2205 5304 2334 5365 εἷναί
2378 5328 2559 5383 φαμεν
2587 5314 2647 5367 τὸ
2681 5311 2963 5384 βαπτίζειν
3007 5318 3065 5371 ὲν
3109 5313 3247 5384 ἁγίῳ
3298 5310 3580 5379 Πνεύματι·
3609 5296 3697 5355 ἀλλ’

532 5397 740 5452 ritalem
772 5411 985 5469 quoque
1013 5414 1217 5468 aream,
1254 5400 1373 5471 hoc,
1396 5410 1482 5456 est
1511 5401 1761 5456 homines
1789 5408 2002 5455 aetatem
2034 5401 2088 5456 in

2205 5402 2315 5457 οὐδὲ
2359 5403 2458 5474 τὴν
2485 5403 2686 5474 ιᾶλωνα
2731 5406 2831 5478 τὴν
2859 5406 3074 5481 νοητὴν,
3103 5404 3343 5461 τουτέστι
3370 5402 3486 5464 τοὺς
3511 5398 3591 5450 ἐπὶ
3620 5389 3699 5457 τῆς

596 5566 790 5628 “tua.
826 5572 964 5642 3.4.
1018 5576 1073 5654 ξι
1101 5574 1290 5656 Matth.
1318 5579 1359 5645 i,
1386 5575 1476 5646 20,
1511 5576 1604 5637 at.
1678 5576 1725 5610 ιι
1760 5574 1949 5668 Matth.
1986 5575 2107 5644 n,1

2219 5577 2265 5611 “
2295 5575 2458 5635 Mich.
2499 5594 2554 5650 ν,
2594 5578 2660 5649 2;
2697 5578 2890 5638 Matth.
2921 5596 2982 5648 ιι,
3014 5581 3066 5638 6.
3116 5579 3183 5655 ,⁸⁷
3211 5575 3395 5644 Matth,
3417 5587 3493 5638 ιιι,
3523 5567 3600 5634 Η,
3626 5559 3697 5615 η-
