3970 6136
326 313 465 371 £261
1148 348 1151 351 -
1425 313 1511 368 DE
1551 311 1780 369 RECTA
1820 312 1977 370 FIDE
2013 317 2104 371 AD
2144 317 2460 375 REGINAS.
3433 317 3572 373 £962

328 429 458 499 γῆς,
483 426 618 483 ἰδίαν
641 423 780 482 εἶναί
810 445 990 499 φαμεν
1019 428 1114 481 ἀνθ
1122 426 1325 499 ρώπου.
1347 428 1481 482 Θεοῦ
1511 429 1619 500 γὰρ
1641 429 1710 483 τὰ
1728 431 1896 486 πάντα

2009 442 2150 489 terra
2200 443 2439 504 agentes,
2478 433 2712 489 hominis
2750 431 3021 502 propriam
3078 441 3197 487 esse
3237 433 3571 487 concesseri~

324 520 464 589 ἐστὶ,
494 520 764 592 καὶαύτῷ
801 522 895 575 καὶ
937 521 1083 592 μόνῳ
1125 521 1325 593 πρέπει
1373 523 1433 575 τὸ
1464 523 1523 577 ἐν
1558 523 1699 595 ἁγίῳ
1730 524 1892 578 Ilvati-

2003 538 2124 579 mus
2150 543 2162 579 :
2192 539 2319 579 nam
2350 524 2536 579 omnia
2573 523 2741 579 solius
2764 521 2856 578 Dei
2881 532 3028 591 sunt,
3079 521 3289 592 ipsique
3318 522 3415 577 soli
3445 536 3570 577 con-

329 631 458 684 ματι
490 613 770 684 βαπτίζειν
813 607 1075 667 δῦνασθαι
1119 616 1244 678 τοὺς
1293 615 1669 680 πιστεύοντας.
1714 618 1897 687 Ἐνήρ-

2003 617 2150 686 gruit
2198 615 2343 681 illos,
2385 614 2477 686 qui
2525 615 2781 681 credunt,
2829 615 2882 669 in
2932 611 3139 684 Spiritu
3177 621 3366 668 sancto
3412 627 3570 683 posse

324 718 464 771 γηκε
496 702 552 756 δὲ
590 703 745 757 τοῦτο
787 704 1023 772 Χριστὸς
1063 704 1093 757 6
1132 705 1271 777 μετὰ
1315 708 1569 779 Ἰωάννην
1608 708 1892 780 ἐρχόμενος

2002 706 2302 776 baptizare.
2339 706 2503 775 Atqui
2549 705 2820 773 Christus,
2867 704 2959 775 qui
3005 705 3299 759 secundum
3349 718 3567 759 carnem

324 793 467 846 κατὰ
498 793 698 864 σάρκα,
729 794 848 864 ἦτοι
879 795 970 848 τὸν
998 795 1100 866 τῆς
1134 798 1334 867 σαρκὸς
1380 799 1591 869 χρόνον.
1621 799 1816 863 οΑὺτὸς
1844 798 1892 852 δὲ

2002 805 2123 864 post
2143 795 2403 853 Joannem
2426 797 2698 863 veniebat,
2723 804 2970 866 potenter
2995 796 3084 850 isti
3118 797 3230 849 haec
3260 793 3566 863 praestabat,

323 884 417 938 ml.
440 883 537 953 τὴν
558 883 747 937 ἑαυτοῦ
778 882 960 939 ἅλωνα
1003 886 1309 958 καθαρίζει.
1342 887 1474 951 Θεὸς
1503 883 1595 942 οῦν
1623 890 1732 959 ἀρα
1754 889 1891 944 ἐστὶν

2003 884 2254 957 idemque
2301 902 2454 943 suam
2505 901 2718 957 quoque
2755 901 2938 943 aream
2995 885 3340 956 permundat.
3394 883 3570 938 Verus

320 970 552 1041 ἀληθής.

2001 975 2183 1045 itaque
2215 977 2356 1033 Deus
2388 987 2471 1033 est
2496 977 2764 1033 Christus.

400 1080 419 1113 ι
465 1061 575 1113 Καὶ
606 1061 717 1115 ἰδοὺ
747 1061 948 1139 λεπρὸς
973 1062 1306 1133 προσελθὼν,
1335 1065 1659 1136 προσεκύνει
1686 1066 1861 1134 λέγων
1881 1082 1894 1096 ·

2078 1082 2099 1117 ι
2135 1065 2200 1120 Ει
2233 1078 2362 1121 ecce
2411 1065 2658 1136 leprosus
2701 1065 2926 1120 veniens
2981 1063 3240 1119 adorabat
3289 1076 3447 1127 eum,
3489 1059 3571 1115 di-

321 1150 520 1222 Κύριε,
572 1151 667 1205 ἐὰν
715 1152 894 1224 θέλῃς,
927 1153 1153 1209 δύνασαί
1186 1173 1254 1226 με
1300 1155 1614 1228 καθαρίσαι.
1653 1158 1765 1211 Καὶ
1811 1158 1889 1211 ἐκ·

2003 1170 2134 1212 cens
2160 1173 2175 1210 :
2199 1156 2448 1226 Domine,
2479 1155 2525 1210 si
2558 1156 2661 1223 vis,
2692 1164 2846 1225 potes
2878 1168 2965 1209 me
2994 1152 3357 1210 mundare.Et
3384 1161 3571 1207 exten-

320 1242 503 1305 τείνας
544 1242 644 1313 τὴν
688 1247 868 1315 χεῖρα,
915 1245 1093 1314 ἥψατο
1129 1245 1318 1313 αὐτοῦ,
1351 1246 1557 1316 λέγων·
1591 1247 1760 1313 Θέλω,
1798 1265 1888 1302 κα-

2002 1247 2135 1302 dens
2180 1246 2340 1302 Jesus
2384 1261 2623 1311 manum,
2672 1247 2844 1317 tetigit
2897 1260 3051 1312 eum,
3107 1243 3337 1299 dicens:
3397 1242 3567 1305 Volo,

320 1330 628 1401 θαρίσθητι.
657 1333 767 1385 Καὶ
796 1332 999 1398 εὐθέως
1027 1334 1361 1406 ἐκαθαρίσθη
1390 1336 1554 1390 αὑτοῦ
1585 1339 1618 1408 ἠ
1648 1337 1846 1408 λέπρα.
1872 1357 1888 1390 ι

2076 1341 2284 1396 mdare.
2324 1340 2393 1395 Et
2422 1338 2705 1395 confestim
2736 1339 2992 1393 mundata
3022 1343 3104 1390 est
3132 1335 3280 1404 lepra
3303 1333 3421 1403 ejus
3438 1333 3503 1386 ⁸⁸.
3546 1353 3565 1385 ι
3638 1354 3644 1359 ·

321 1421 398 1473 Τὸ
422 1423 664 1490 ἐνεργεῖν
702 1422 958 1477 δύνασθαι
976 1424 1426 1497 θεοπρεπῶς,οὐκ
1444 1428 1572 1481 ἴδιον
1588 1427 1889 1499 ἀνθρώπου1

2001 1428 2148 1499 Opus
2178 1429 2416 1485 divinum
2442 1428 2641 1495 moliri,
2675 1441 2781 1482 non
2817 1432 2907 1481 est
2946 1424 3142 1479 virium
3186 1424 3566 1477 humanarum.

323 1512 464 1584 αὐτῇ
484 1512 539 1565 δὲ
561 1513 756 1582 μᾶλλον
779 1514 1014 1568 ἐποιεῖτο
1041 1513 1284 1587 [πρέποι]
1306 1515 1369 1568 ἂν
1393 1516 1485 1570 καὶ
1510 1515 1641 1587 μόνῃ
1666 1518 1731 1586 τῇ
1764 1515 1891 1569 πάν·

2001 1520 2267 1577 Convenit
2305 1521 2358 1576 id
2393 1530 2574 1575 autem
2600 1520 2653 1573 in
2686 1519 2986 1588 principem
3019 1517 3259 1569 omnium
3296 1524 3563 1575 naturam,

321 1621 433 1658 των
464 1605 718 1659 ἐπέκεινα
751 1605 931 1674 φύσει.
972 1608 1214 1678 Ἑνεργεῖ
1243 1607 1300 1661 δέ
1333 1606 1476 1661 οὕτω
1503 1608 1762 1678 Χριστός’
1804 1609 1889 1660 οὐκ

2000 1612 2106 1667 hoc
2137 1619 2220 1665 est
2271 1610 2525 1665 divinam.
2580 1610 2742 1679 Atqui
2801 1608 3047 1662 Christus
3092 1604 3353 1675 ejusmodi
3404 1617 3563 1671 opera

322 1694 435 1765 ἄρα
476 1694 630 1764 ψιλὸς
675 1696 960 1766 ἄνθρωπος
1003 1686 1335 1769 καθ⁷”ὴμᾶς,
1370 1698 1501 1761 Θεὸς
1527 1698 1585 1751 δὲ
1617 1697 1813 1768 μᾶλλον
1842 1699 1890 1751 ἐκ.

2003 1703 2253 1765 molitur;
2287 1717 2391 1756 non
2422 1710 2507 1756 est
2528 1714 2655 1770 ergo
2686 1700 2860 1753 nudus
2903 1699 3085 1763 homo,
3119 1694 3564 1765 quemadmodum

322 1785 640 1856 ἀνθρωπεία
669 1790 875 1858 μορφῇ.
902 1786 1059 1841 Οὕτω
1084 1789 1298 1860 νοήσεις
1326 1789 1421 1843 καὶ
1446 1788 1541 1843 ἐπὶ
1564 1788 1662 1858 τῆς
1692 1788 1890 1858 Πέτρου

2002 1810 2124 1860 nos,
2160 1794 2253 1851 sed
2297 1792 2439 1847 Deus
2479 1793 2771 1847 humanam
2822 1797 3074 1843 naturam
3114 1788 3357 1842 indutus.
3413 1786 3566 1852 Quod

322 1876 612 1947 πενθερᾶς,
661 1877 763 1930 κᾶν
807 1880 922 1941 τοῖς
971 1879 1200 1950 ἀνέμοις
1250 1881 1518 1953 ἐπιτιμῶν
1565 1882 1757 1953 ὁρῷτο,
1808 1882 1890 1935 θα-

2003 1885 2068 1940 de
2094 1884 2308 1953 leproso
2346 1882 2606 1937 mundato
2650 1881 2742 1936 hic
2779 1881 3006 1945 dicitur,
3036 1878 3139 1933 hoc
3172 1878 3238 1932 de
3288 1890 3442 1932 socru
3474 1876 3571 1933 Pe—

320 1966 498 2037 λάσσῃ
527 1984 586 2019 τε
616 1968 708 2021 καὶ
750 1968 958 2024 ὕδασιν.
991 1970 1161 2027 Ὅθεν
1188 1973 1280 2026 καὶ
1305 1974 1354 2025 οἱ
1399 1973 1675 2027 θεσπέσιοι
1724 1974 1888 2046 μαθη-

2005 1976 2095 2043 tri,
2130 1976 2195 2030 de
2230 1975 2406 2029 ventis
2434 1973 2562 2028 item
2608 1981 2662 2026 et
2701 1971 2862 2035 mari,
2898 1970 3078 2039 deque
3108 1968 3268 2022 undis
3314 1981 3449 2035 quas
3488 1967 3571 2018 in-

319 2057 414 2109 ταὶ
447 2056 542 2109 καὶ
584 2056 856 2111 θάλασσαν
886 2061 981 2114 καὶ
1028 2060 1266 2132 ἀνέμους
1308 2062 1702 2133 ὑποκειμένους
1730 2064 1887 2135 ὁρῶν·

2001 2066 2276 2135 crepavit,
2313 2065 2516 2119 dictum
2559 2063 2875 2132 accipiatur.
2922 2062 3104 2127 Quare
3141 2060 3308 2114 divini
3351 2072 3567 2130 quoque

317 2163 435 2211 τες,
459 2146 837 2216 τεθαυμάκασι
854 2149 1104 2218 λέγοντες
1127 2168 1141 2180 °
1173 2144 1468 2215 «Ποταπός
1493 2155 1641 2206 ἐστιν
1660 2148 1846 2219 0510;;
1874 2173 1885 2207 ι

2002 2157 2148 2211 illius
2176 2155 2425 2225 discipuli
2455 2155 2946 2209 animadvertentes
2976 2150 3050 2204 illi
3075 2159 3129 2204 et
3155 2163 3306 2203 mare
3344 2159 3399 2203 et
3436 2162 3567 2202 ven-

244 2248 261 2251 “
317 2236 399 2288 Οὐ
447 2236 557 2307 γὰρ
608 2233 677 2309 ἦν
708 2238 999 2310 ἀνθρώπου
1039 2240 1196 2312 ψιλοῦ
1248 2241 1320 2294 τὰ
1370 2240 1595 2295 τοιαῦτα
1641 2241 1812 2294 δύνασι

2003 2258 2086 2305 tos
2110 2247 2351 2311 obedire,
2390 2242 2762 2301 admirabundi
2811 2240 3068 2296 aiebant:
3109 2258 3128 2291 ι
3192 2238 3568 2308 Ecqualisnam

316 2328 481 2399 δρᾷν.
515 2327 648 2392 Θεὸς
691 2324 786 2384 οὖν
831 2331 940 2402 ἄρα
986 2330 1127 2386 κατὰ
1156 2331 1349 2385 ταυτὸν
1402 2331 1497 2386 καὶ
1542 2331 1825 2404 ἅνθρωπος
1871 2334 1884 2384 ί

2002 2338 2091 2394 hic
2128 2337 2362 2392 est”?t
2398 2333 2768 2404 Intelligebant
2796 2331 2936 2387 enim
2968 2331 3225 2400 ejusmodi
3281 2344 3442 2398 opera
3459 2319 3566 2398 'pa-

316 2418 578 2493 Χριστός.
2004 2436 2150 2481 trare
2178 2438 2357 2494 posse,
2395 2439 2509 2479 rem
2552 2435 2697 2488 esse,
2729 2435 2848 2490 quae
2895 2420 3022 2473 nudi
3063 2418 3296 2473 hominis
3341 2418 3569 2473 faculta-

1980 2525 2111 2571 ‘tem
2151 2520 2450 2584 superaret.
2490 2511 2742 2567 Christus
2780 2510 2965 2579 itaque
3017 2517 3072 2563 et
3128 2506 3269 2563 Deus
3316 2518 3371 2562 et
3408 2508 3567 2562 homo

2001 2606 2160 2662 simul
2188 2613 2328 2659 erat.

401 2713 420 2747 ι
466 2694 530 2747 Ol
558 2695 614 2748 δὲ
640 2693 910 2764 δαίμονες,
941 2692 1094 2764 φησὶ,
1126 2692 1468 2763 παρεκάλουν
1500 2694 1684 2754 αὑτὸν,
1715 2694 1898 2763 λέγον-

2075 2715 2095 2749 (
2136 2699 2417 2753 Daemones
2456 2694 2716 2765 rogabant
2770 2708 2892 2748 eum
2920 2733 2935 2759 ,
2975 2691 3260 2747 dicentes:
3314 2690 3371 2745 Si
3416 2691 3566 2758 ejicis

304 2801 451 2848 περ
478 2785 541 2837 El
585 2784 867 2848 ἐκὸἀλλεις
907 2785 1077 2854 ἡμᾶς,
1108 2783 1426 2837 ἀπόστειλον
1451 2786 1598 2856 ἡμᾶς
1629 2795 1651 2823 ο
1693 2786 1774 2849 είς
1800 2786 1872 2857 τὴε

2001 2802 2122 2853 nos,
2161 2788 2311 2842 mitte
2353 2801 2451 2842 nos
2496 2786 2551 2839 in
2598 2799 2813 2855 gregem
2847 2797 3156 2852 porcorum.
3184 2780 3250 2835 Et
3294 2781 3371 2835 ait
3422 2780 3562 2835 illis.

303 2875 525 2945 όιγέλην
552 2875 662 2928 τῶν
690 2876 909 2945 χοίρων.
957 2875 1067 2928 Καὶ
1098 2871 1249 2928 εἶπεν
1292 2875 1475 2939 αὐτοῖς
1494 2891 1508 2906 ’
1548 2876 1839 2944 Ὑπάγετε.

1999 2878 2111 2948 so
2138 2875 2215 2933 Ite
2237 2876 2305 2930 ’°.
2343 2896 2361 2929 ι
2395 2875 2660 2932 Omnibus
2686 2872 2989 2944 providere,
3019 2880 3321 2939 cunctaque
3347 2883 3567 2925 conser-

305 2966 399 3019 Τὸ
430 2967 675 3036 προνοεῖν
721 2965 829 3017 τῶν
877 2964 1033 3029 ὅλων,
1086 2965 1179 3017 καὶ
1216 2962 1409 3027 σώζειν
1451 2965 1612 3029 αὐτὰ,
1643 2967 1787 3030 τίνος
1832 2965 1873 3021 ἂ·

2001 2985 2152 3034 vare,
2172 2970 2239 3025 ad
2255 2983 2436 3040 quem,
2465 2967 2718 3029 obsecro.
2744 2963 3090 3035 spectat,nisi
3121 2961 3187 3016 ad
3217 2977 3337 3016 eum
3373 2961 3567 3027 solum,

310 3057 625 3127 εἴη,⁷πλὴν
676 3056 758 3109 ὅτι
813 3054 973 3127 μόνου
1021 3054 1112 3108 τοῦ
1157 3055 1297 3109 κατά
1349 3055 1511 3125 φύσιν
1551 3057 1701 3122 ὄντος
1729 3057 1862 3112 Θεοῦ

2003 3063 2092 3132 qui
2121 3062 2414 3116 secundum
2446 3070 2689 3114 naturam
2732 3057 2873 3112 Deus
2904 3053 3030 3110 est?
3063 3053 3201 3108 Hine
3233 3060 3288 3107 et
3321 3051 3571 3106 Salvator

313 3146 484 3202 Οὕτω
520 3148 617 3201 καὶ
660 3149 688 3201 ὁ
732 3147 925 3219 Σωτὴρ
967 3146 1233 3216 ἔφασκεν·
1270 3164 1291 3198 ι
1330 3147 1463 3217 Οὐχὶ
1504 3147 1596 3201 δύο
1645 3148 1881 3220 στρουθία

2003 3146 2256 3225 quoque:
2295 3171 2314 3205 ι
2360 3151 2586 3217 Nonne,
2617 3150 2822 3220 inquit,
2871 3150 2977 3204 duo
3015 3160 3263 3217 passeres
3309 3158 3432 3199 asse
3477 3158 3571 3197 ve-

316 3239 587 3309 ἀσσαρίου
636 3239 961 3305 πωλοῦνται,
1008 3239 1102 3292 καὶ
1148 3238 1207 3291 ἓν
1252 3237 1312 3303 ἐξ
1340 3239 1517 3292 αὐτῶν
1546 3240 1605 3293 οὐ
1651 3243 1884 3295 πεσεῖται

2005 3254 2189 3312 neunt,
2213 3253 2267 3301 et
2290 3260 2431 3300 unus
2455 3258 2521 3299 ex
2547 3243 2654 3297 illis
2678 3258 2785 3299 non
2820 3242 2977 3297 cadet
3015 3252 3178 3308 super
3217 3246 3414 3291 terram
3452 3235 3573 3289 sine

322 3331 420 3382 ἐπὶ
457 3329 555 3400 τὴν
580 3330 682 3398 γῆν
711 3329 839 3382 ἄνευ
869 3329 963 3381 τοῦ
994 3329 1207 3400 Πατρὸς
1251 3328 1404 3398 ὑμῶν
1433 3328 1527 3381 τοῦ
1572 3330 1629 3382 ἐν
1665 3332 1779 3393 τοῖς
1807 3330 1890 3382 οὺ-

2001 3335 2162 3390 Patre
2192 3342 2395 3400 vestro,
2447 3333 2541 3401 qui
2582 3331 2637 3386 in
2684 3331 2835 3387 ctelis
2882 3327 3002 3384 est?
3042 3325 3212 3382 Vestri
3254 3335 3431 3378 autem
3478 3337 3569 3377 ca-

328 3422 545 3491 ρανοῖς;
584 3419 768 3487 ’Υμῶν
797 3419 855 3470 δὲ
896 3419 989 3471 καὶ
1018 3421 1073 3471 al
1102 3418 1285 3487 τρίχες
1315 3420 1412 3487 τῆς
1446 3419 1686 3487 κεφαλῆς
1729 3421 1896 3472 πᾶσαι

2000 3422 2112 3490 pilli
2144 3422 2339 3492 capitis
2366 3435 2555 3477 omnes
2599 3419 2866 3475 numerati
2909 3417 3125 3473 sunt".
3162 3435 3182 3468 ι
3235 3414 3312 3469 Εη
3363 3423 3568 3468 tantam

327 3506 701 3576 ἠριθμημέναι
727 3506 885 3558 εἰσίν.
924 3523 942 3555 ι
991 3506 1126 3557 Ἰδοὺ
1180 3505 1466 3572 τοιγαροῦν
1494 3505 1761 3575 τοσαύτην
1790 3506 1895 3557 τῶν

2000 3526 2183 3564 rerum
2227 3512 2622 3580 providentiam
2669 3510 2906 3566 habebat
2949 3508 3225 3572 Christus,
3271 3514 3328 3559 ut
3360 3505 3568 3573 absque

328 3595 497 3647 ὄντων
553 3594 812 3662 πρόνοιαν
870 3594 1104 3644 ἐποιεῖτο
1152 3591 1407 3661 Χριστὸς,
1448 3593 1524 3654 ὡς
1574 3594 1649 3661 μὴ
1700 3593 1896 3658 ἐξεῖναι

2000 3599 2144 3653 illius
2172 3600 2439 3667 permissu
2470 3616 2538 3655 nc
2573 3602 2626 3654 in
2655 3615 2939 3669 porcorum
2973 3599 3186 3667 quidem
3230 3612 3444 3667 gregem
3472 3609 3568 3665 po-

328 3685 443 3745 τοῖς
485 3681 814 3752 ἀκαθάρτοις
854 3681 1072 3751 δαίμοσι
1110 3680 1244 3750 μηδέ
1284 3680 1481 3750 χοίρων
1517 3682 1720 3752 ἀγέλης
1752 3683 1896 3753 ἔχειν

2004 3697 2252 3743 testatem
2313 3702 2569 3743 exercere
2624 3688 2917 3742 immundis
2971 3687 3249 3755 spiritibus
3301 3686 3568 3752 integrum

328 3773 429 3843 τὴν
452 3773 725 3839 ἐξουσίαν.
763 3770 1145 3843 Παρακληθεὶς
1177 3766 1270 3824 οὖν
1300 3770 1563 3841 ἐπέτρεψε
1598 3772 1771 3841 μόλις,
1799 3772 1896 3825 οὐκ

2000 3788 2164 3834 esset.
2191 3778 2264 3834 At
2303 3787 2523 3850 rogatus
2544 3778 2634 3833 vix
2669 3777 2936 3847 permisit,
2974 3790 3081 3830 non
3119 3785 3179 3829 ut
3209 3773 3419 3828 illorum
3448 3775 3568 3828 libi-

329 3863 561 3927 ἐκείνοις
594 3862 814 3934 πληρῶν
850 3863 949 3934 τὴν
983 3862 1219 3931 αἴτησιν,
1269 3861 1385 3915 ἀλλ’
1435 3861 1520 3913 ἵνα
1569 3862 1716 3932 ἡμᾶς
1767 3864 1897 3916 ἀνα-

2002 3870 2115 3926 dini
2143 3884 2349 3925 morem
2383 3877 2619 3939 gereret,
2654 3870 2747 3923 sed
2771 3877 2829 3923 ut
2859 3868 3034 3933 nobis,
3068 3881 3127 3921 se
3163 3864 3413 3919 omnibus
3445 3874 3564 3918 tan-

326 3955 496 4027 πείσῃ
541 3956 779 4025 φρονεῖν,
815 3954 895 4007 ότι
943 3954 1255 4023 προνοεῖται
1291 3951 1399 4005 τῶν
1443 3952 1579 4007 ὅλων
1624 3953 1698 4016 ὡς
1746 3953 1894 4017 Θεός.

2000 3975 2162 4031 quam
2209 3962 2378 4015 Deum
2412 3958 2697 4030 providere
2735 3958 3106 4029 persuaderet.
3151 3954 3218 4009 Et
3254 3969 3361 4025 quo
3410 3954 3568 4009 modo

327 4046 463 4100 Εἶτα
495 4046 609 4110 πῶς
638 4047 701 4100 οὐ
734 4046 885 4111 Θεὸς,
919 4048 947 4100 ὁ
976 4045 1255 4116 θεοπρεπῆ
1281 4045 1381 4116 τὴν
1411 4043 1677 4111 ἐξουσίαν,
1710 4046 1804 4100 καὶ
1838 4046 1895 4099 τὸ

2001 4051 2218 4107 tandem
2260 4050 2351 4106 ille
2388 4050 2533 4105 Deus
2583 4064 2692 4105 non
2741 4056 2847 4113 est,
2897 4044 2990 4118 qui
3033 4054 3351 4117 potestatem
3385 4045 3564 4110 habet,

327 4138 472 4192 κατά
509 4138 727 4191 πάντων
775 4139 973 4208 κράτος
999 4137 1025 4177 ά
1056 4134 1367 4207 ἀνημμένος
1402 4147 1448 4200 θ,
1478 4135 1572 4189 καὶ
1602 4136 1788 4201 σώζων
1823 4137 1895 4202 ὡς

1999 4157 2159 4213 quam
2187 4144 2240 4197 in
2271 4142 2445 4197 solum
2474 4142 2638 4196 Deum
2671 4140 2867 4195 cadere
2900 4148 3106 4194 certum
3134 4146 3256 4204 est,
3288 4136 3486 4206 quique
3511 4134 3567 4190 in

332 4228 440 4280 ἴδια
466 4227 532 4282 τὰ
554 4228 620 4281 δι’
656 4226 820 4282 αὐτοῦ
850 4229 1143 4298 γεγονότας

2003 4235 2178 4290 omnia
2225 4232 2508 4304 imperium
2553 4240 2792 4294 exercet,
2845 4238 2901 4285 et
2956 4236 3245 4285 conservat
3291 4241 3439 4298 quae
3471 4239 3567 4296 per

1927 4342 1973 4397 ι)
2002 4325 2175 4394 ipsum
2206 4325 2427 4379 condita
2460 4331 2608 4389 sunt,
2643 4333 2896 4392 tanquam
2928 4322 3190 4391 propria?

406 4436 426 4467 ι
472 4417 604 4471 Τότε
651 4418 799 4487 λέγει
836 4421 950 4483 τοῖς
1001 4418 1273 4490 μαθηταῖς
1306 4418 1506 4473 αὐτοῦ’
1558 4420 1617 4473 '0
1670 4421 1770 4491 μὲν
1814 4422 1901 4476 θε-

2074 4433 2093 4467 ι
2117 4414 2269 4470 Tunc
2290 4415 2419 4471 dicit
2438 4415 2715 4484 discipulis
2737 4414 2850 4469 suis
2877 4430 2892 4468 :
2918 4412 3107 4468 Messis
3129 4413 3347 4483 quidem
3373 4417 3563 4486 multa,

335 4507 528 4574 ρισμὸς
561 4508 748 4574 πολὺς,
783 4510 832 4563 οἱ
864 4509 921 4562 δὲ
949 4509 1179 4580 ἐργάται
1206 4509 1394 4578 ὀλίγοι.
1428 4509 1666 4582 Δεήθητε
1685 4506 1778 4566 οὖν
1804 4511 1899 4566 τοῦ

1999 4505 2228 4573 operarii
2262 4512 2441 4560 autem
2472 4505 2651 4574 pauci.
2687 4505 2894 4575 Rogate
2943 4518 3071 4575 ergo
3115 4503 3392 4561 dominum
3423 4523 3567 4564 mes-

334 4598 517 4666 κυρίου
550 4598 642 4651 τοῦ
671 4599 952 4670 θερισμοῦ,
995 4602 1144 4664 ὅπως
1181 4601 1384 4674 ἐκϐάλῃ
1416 4602 1656 4672 ἐργάτας
1686 4604 1767 4666 είς
1803 4604 1896 4657 τὸν

2000 4598 2091 4663 sis,
2127 4605 2188 4652 ut
2233 4597 2447 4652 emittat
2489 4597 2765 4666 operarios
2816 4598 2871 4652 in
2925 4610 3154 4652 messem
3199 4612 3353 4652 suam
3380 4598 3448 4654 ".
3500 4599 3568 4654 Et

334 4685 590 4754 θερισμὸν
625 4689 812 4743 αὑτοῦ.
849 4691 959 4743 Καὶ
990 4691 1503 4762 προσκαλεσάμενος
1525 4692 1653 4756 τοὺς
1695 4692 1902 4749 δώδεκα

1999 4689 2308 4743 convocatis
2340 4688 2622 4743 duodecim
2653 4688 2935 4758 discipulis
2977 4687 3112 4754 suis,
3147 4687 3291 4743 dedit
3320 4688 3423 4744 illis
3466 4704 3565 4759 po-

336 4775 582 4843 μαθητάς
614 4777 798 4843 αὑτοῦ,
834 4778 1031 4832 ἔδωκεν
1060 4780 1243 4844 αὐτοῖς
1285 4781 1534 4847 ἐξουσίαν
1565 4782 1706 4836 κατὰ
1741 4800 1903 4837 πνευ-

2002 4788 2247 4833 testatem
2273 4779 2562 4848 spirituum
2608 4780 3027 4845 immundorum,
3064 4788 3125 4834 ut
3162 4781 3422 4850 ejicereut
3451 4797 3563 4849 eos,

335 4864 519 4933 μάτων
557 4867 902 4937 ἀκαθάρτων,
934 4868 1073 4922 ὥστε
1101 4869 1241 4923 αὐτὰ
1265 4870 1567 4936 ἐκϐάλλειν,
1599 4872 1692 4924 καὶ
1737 4871 1897 4942 θερα-

2002 4878 2055 4924 et
2082 4879 2335 4924 curarent
2364 4882 2576 4926 omnem
2620 4871 2957 4942 languorem,
2994 4881 3049 4926 et
3082 4886 3294 4927 omnem
3332 4872 3567 4926 infirmi-

332 4954 519 5007 πεύειν
566 4958 746 5010 πᾶσαν
781 4959 935 5012 νόσον
965 4961 1061 5014 καὶ
1104 4961 1285 5014 πᾶσαν
1330 4960 1621 5030 μαλακίαν.
1672 4978 1692 5014 ι
1742 4956 1895 5014 Οἶδεν

2005 4969 2166 5016 tatem
2190 4961 2256 5014 ".
2289 4980 2309 5014 ι
2362 4959 2533 5016 Norat
2569 4965 2941 5018 universorum
2978 4962 3164 5026 .Deum
3199 4963 3395 5017 messis
3446 4976 3567 5015 esse

330 5040 458 5095 ὄντα
483 5041 574 5096 τοῦ
607 5044 869 5117 θερισμοῦ
897 5048 1080 5119 κύριον
1104 5049 1192 5103 τὸν
1220 5049 1327 5103 τῶν
1368 5049 1506 5104 ὅλων
1534 5049 1665 5103 Θεόν
1685 5066 1698 5080 ·
1730 5049 1893 5104 αὐτοῦ

2002 5052 2322 5119 dominum;
2356 5051 2473 5120 ejus
2510 5069 2740 5123 namque
2765 5063 3056 5122 utrumque
3082 5061 3183 5119 est,
3211 5061 3266 5106 et
3303 5052 3415 5119 ipsa
3458 5050 3568 5118 spi-~

330 5132 436 5201 γὰρ
463 5135 497 5204 ἡ
545 5135 686 5199 ἄλως
718 5138 750 5208 ή
784 5138 967 5209 νοητὴ,
1004 5141 1277 5196 τουτέστιν
1308 5143 1341 5211 ἡ
1374 5141 1758 5213 ἀνθρωπότης’
1797 5142 1896 5196 αὐ-

2002 5144 2175 5206 ritalis
2201 5158 2352 5210 area,
2382 5145 2485 5200 hoc
2512 5154 2594 5202 est
2621 5146 2914 5201 humanum
2937 5159 3128 5214 genus,
3183 5148 3248 5208 ,ει
3294 5141 3410 5208 ipsa
3449 5154 3569 5193 rur-

328 5224 421 5279 τοῦ
458 5228 550 5282 καὶ
576 5230 605 5281 ὀ
641 5228 919 5300 θερισμός.
963 5231 1100 5285 Ἀλλ’
1141 5233 1272 5299 ἰδοὺ,
1306 5233 1561 5303 δεηθῆναι
1584 5233 1894 5305 προστάξας

2002 5249 2120 5291 sum
2172 5238 2388 5295 messis.
2440 5237 2546 5295 Sed
2600 5239 2818 5295 adverte
2853 5257 2867 5294 :
2905 5253 3026 5294 cum
3060 5235 3249 5291 messis
3291 5232 3567 5288 dominum

399 5382 977 5454 “Matth.vm,2,5.
1051 5387 1377 5443 "ihid.‘28.
1454 5389 1499 5419 ὀ
1543 5378 1795 5443 ihid.51.
1871 5388 1917 5421 νι
1949 5388 2138 5446 Matth.
2176 5408 2229 5458 χ,
2261 5391 2352 5446 29.
2427 5395 2471 5427 ει
2499 5393 2685 5451 Matth.
2730 5409 2803 5462 ix,
2837 5395 2926 5450 ετ.
3003 5388 3423 5458 "Matth.x,l.

1390 5548 1560 5602 Variae
1590 5548 1851 5604 lectiones
1878 5551 2077 5605 codicis
2105 5550 2460 5623 Seguieriani.

405 5685 427 5713 ε
464 5676 750 5746 ἐπίτρεψον
779 5681 908 5749 ἡμῖν
943 5680 1213 5735 ἀπελθεῖν.
1292 5681 1317 5721 ἀ
1358 5684 1595 5753 κρατεῖν.
1681 5695 1701 5722 θ
1740 5683 2102 5755 ἀνῃρημένος.
