3970 6136
360 228 363 231 ’
447 235 578 289 ίίὶϋὸ

1419 231 1476 285 ε.
1516 190 1783 285 cmeu
1822 224 2291 285 ALEXANDRINI
2330 226 2680 296 ARCHIEP.

3550 224 3685 279 126i

444 345 827 403 obsecrandum
872 359 990 399 esse
1041 343 1357 408 monuisset,
1402 356 1527 397 mox
1574 343 1808 411 seipsum
1859 340 2002 409 ejus‘

2110 339 2205 391 τοῦ
2249 339 2440 410 κυρίου
2481 337 2575 391 τοῦ
2621 334 2907 407 θερισμοῦ,
2965 337 3152 390 ἐαυτὸν
3194 335 3354 399 εὐθὺς
3406 333 3685 400 ἀπέδειξεν

446 436 585 491 modi
621 435 894 488 dominum
929 446 1050 487 esse
1080 431 1312 487 evidenti
1355 438 1673 501 argumento
1703 427 2008 493 declarans,

445 527 623 582 emisit
649 523 1080 595 Operarios,hoc
1118 530 1201 578 est
1226 530 1440 577 sanctos
1482 519 1785 590 apoStolos,
1817 519 2011 588 quibus

447 624 502 668 nt
547 616 685 669 Deus
726 600 1040 683 potestatem
1092 619 1280 664 contra
1328 609 1632 663 immundos
1674 608 1896 676 spiritus
1926 615 2012 663 est

446 704 768 772 impertitus.
807 701 988 768 Neque
1030 698 1173 751 enim
1218 698 1464 752 humanae
1500 706 1704 753 natura:
1741 696 2011 753 facultatis

444 800 546 855 est,
574 790 806 858 Spiritus
835 787 1009 842 sancti
1041 787 1148 841 vim
1175 796 1267 839 aut
1309 786 1677 855 operationem
1708 785 1868 840 alicui
1901 785 2008 840 im-

445 882 650 950 pertiri.
700 880 831 949 Cum
881 894 999 934 eam
1034 893 1162 947 ergo
1207 878 1300 932 Dei
1328 876 1585 942 Verbum,
1629 877 1840 933 tametsi
1885 892 2012 931 caro

444 972 679 1035 factum,
728 969 829 1023 hoc
875 977 960 1022 cst
1001 967 1266 1031 Christus,
1318 966 1697 1037 impertiatur,
1741 967 2011 1036 quomodo

436 1062 585 1116 .Deus
617 1076 723 1114 non
753 1068 836 1114 est
864 1068 1054 1112 natura
1089 1065 1142 1111 et
1174 1056 1441 1112 veritate?

506 1172 539 1205 ,ι
572 1152 759 1207 Omnis
790 1165 939 1220 ergo,
963 1149 1052 1219 qui
1082 1163 1166 1203 me
1194 1148 1540 1203 conﬁtebitur
1563 1161 1744 1201 coram
1772 1146 2009 1201 homini-

443 1239 888 1307 hu's,.conﬁtehor
918 1248 969 1290 et
997 1252 1097 1305 ego
1141 1250 1264 1291 eum
1303 1249 1488 1289 coram
1536 1233 1701 1288 Patre
1744 1247 1881 1296 meo,
1919 1234 2009 1300 qui

444 1335 496 1388 in
532 1332 681 1387 ctelis
713 1338 814 1385 est.
847 1328 946 1395 Qui
980 1338 1157 1381 autem
1189 1325 1465 1393 negaverit
1496 1338 1581 1377 me
1620 1337 1804 1378 coram
1839 1322 2012 1376 homi-

410 1428 621 1489 -nihus,
652 1423 857 1492 negabo
885 1430 940 1475 et
978 1419 1124 1473 illum
1177 1432 1361 1472 coram
1394 1416 1560 1471 Patre
1612 1429 1758 1479 meo,
1811 1413 1905 1483 qui
1955 1413 2011 1467 in

442 1516 593 1570 caelis
623 1526 703 1568 est
738 1513 807 1566 “.
851 1530 869 1561 ι
924 1508 1041 1564 Non
1086 1509 1240 1578 pauci
1294 1516 1601 1562 sanctorum
1656 1506 1722 1559 ad
1766 1501 2009 1572 martyrii

443 1606 665 1675 gloriam
711 1601 950 1667 evocati,
986 1600 1376 1667 Christumque
1426 1596 1691 1666 intrepide
1736 1593 2008 1659 confessi,

2109 428 2236 482 ὄντα
2274 429 2482 493 τοῦτον,
2517 425 2764 480 ἐκϐαλὼν
2800 427 2928 489 τοὺς
2972 427 3238 496 ἐργάτας,
3291 425 3540 478 τουτέστι
3566 427 3683 488 τοὺς

2110 519 2296 588 ἁγίους
2336 517 2672 580 ἀποστόλους
2694 533 2708 549 ’
2752 513 2834 580 οἷς
2870 517 2965 570 καὶ
2995 517 3222 570 δέδωκεν
3254 515 3502 581 ἐξουσίαν
3551 515 3685 569 κατά

2111 608 2436 677 πνευμάτων
2487 606 2815 677 ἀκαθάρτων
2857 606 2933 670 ὡς
2978 606 3129 670 Θεός.
3178 606 3254 659 Οὐ
3291 607 3402 677 γάρ
3432 606 3551 658 ἐστι
3583 604 3684 658 τῶν

2109 699 2210 767 τῆς
2240 697 2661 769 ἀνθρωπότητος
2694 698 2911 769 μέτρων
2937 698 2999 751 τὸ
3023 698 3220 752 διδόναι
3251 699 3364 751 τισὶ
3396 697 3491 750 τοῦ
3532 696 3682 764 ἁγίου

2111 789 2429 860 Πνεῦματος
2468 788 2568 860 τὴν
2601 788 2882 860 ἐνέργειαν
2902 806 2915 818 ·
2945 789 3142 843 δέδωκε
3180 789 3235 843 δὲ
3264 790 3519 859 Χριστός.
3559 783 3684 842 Εἶτα

2111 882 2228 945 πῶς
2260 883 2320 934 οὐ
2350 880 2507 950 φύσει
2536 897 2593 934 τε
2620 881 2716 935 καὶ
2744 880 2960 950 ἀληθῶς
2986 881 3101 934 ἐστι
3128 879 3280 945 Θεὸς,
3304 881 3352 933 εί
3382 879 3478 934 καὶ
3497 879 3682 948 γέγονε

2114 970 2251 1043 σὰρξ
2279 974 2308 1025 6
2337 971 2506 1041 Λόγος
2527 988 2541 1037 ;

2187 1169 2205 1201 ι
2252 1149 2367 1212 Πᾶς
2399 1142 2512 1213 οῦν,
2549 1148 2694 1210 ὅστις
2735 1148 3058 1220 ὁμολογήσει
3098 1148 3156 1200 ἐν
3199 1146 3323 1217 ἐμοὶ
3373 1143 3681 1215 ἔμπροσθεν

2111 1239 2219 1293 τῶν
2242 1238 2564 1311 ἀνθρώπων,
2585 1240 2907 1311 ὁμολογήσω
2933 1237 3089 1304 κάγὼ
3116 1238 3175 1291 ἐν
3203 1235 3351 1305 αὖτῷ
3378 1236 3683 1307 ἔμπροσθεν

2110 1329 2203 1382 τοῦ
2237 1330 2449 1401 Πατρός
2496 1347 2594 1401 μου
2628 1329 2721 1383 τοῦ
2760 1330 2818 1383 ἐν
2866 1331 2978 1392 τοῖς
3020 1328 3286 1399 οὐρανοῖς.
3321 1324 3509 1388 Ὅστις
3551 1326 3597 1378 δ’
3620 1326 3680 1379 ἂν

2099 1420 2413 1491 ,ἀρνήσηταί
2441 1438 2508 1491 με
2547 1420 2852 1492 ἔμπροσθεν
2882 1419 2992 1473 τῶν
3025 1418 3347 1490 ἀνθρώπιον,
3379 1419 3678 1488 ἀρνήσομαι

2113 1508 2267 1575 κάγὼ
2295 1508 2456 1562 αὑτὸν
2498 1509 2805 1581 ἔμπροσθεν
2838 1508 2932 1562 τοῦ
2968 1508 3181 1578 Πατρός
3210 1524 3310 1577 μου
3345 1506 3442 1560 τοῦ
3481 1508 3540 1561 ἐν
3576 1509 3681 1570 τοῖς

2112 1601 2380 1670 οὐρανοῖς.
2438 1619 2455 1651 ι
2500 1601 2694 1653 Πολλοὶ
2740 1600 3031 1670 κέκληνται
3062 1598 3173 1652 τῶν
3213 1598 3388 1667 ἁγίων
3425 1598 3566 1668 πρὸς
3592 1597 3682 1667 τήν

445 1693 726 1750 tormentis
763 1703 817 1747 et
859 1699 1031 1746 morte
1081 1688 1439 1747 consummati
1480 1695 1625 1742 sunt.
1676 1686 1868 1752 Quatro
1915 1700 2002 1738 au-

2113 1669 2206 1745 τοῦ
2246 1692 2542 1762 μαρτυρίου
2575 1691 2751 1756 δόξαν,
2786 1669 3279 1744 καὶτετελείωνται
3310 1688 3401 1741 διὰ
3426 1688 3682 1756 mi)qu-

442 1796 573 1848 teru,
605 1799 730 1837 num
756 1783 824 1837 ob
853 1782 905 1836 id
948 1781 1292 1850 martyricam
1337 1792 1592 1833 coronam
1641 1777 1819 1845 adepti
1864 1776 2009 1838 sint,

442 1876 585 1945 quod
622 1872 895 1927 Christum
929 1883 1271 1923 communem
1298 1867 1570 1921 hominem
1603 1879 1724 1920 esse
1757 1873 2009 1920 constan-

445 1976 526 2019 ter
549 1965 655 2033 81
691 1959 1061 2014 afﬁrmarent?
1093 1974 1160 2011 an
1183 1959 1253 2011 oh
1283 1957 1334 2011 id
1360 1956 1555 2019 verius,
1591 1954 1730 2025 quod
1766 1969 1860 2009 sua
1887 1968 2008 2009 eum

441 2053 778 2114 confessione
814 2060 1065 2118 tanquam
1104 2047 1270 2100 Deum
1312 2043 1741 2099 venerarentur?
1779 2043 1886 2097 Res
1927 2052 2010 2098 est

442 2147 626 2209 clara;
674 2149 888 2196 constat
931 2141 1073 2195 enim
1107 2154 1134 2191 a
1184 2138 1432 2208 martyrii
1482 2137 1652 2207 gloria
1703 2137 2004 2202 excidisse,

440 2237 822 2301 Christumque
857 2230 911 2284 in
953 2230 1039 2284 die
1071 2228 1260 2297 judicii
1302 2228 1425 2283 illos
1458 2227 1697 2282 vicissim
1738 2227 2008 2295 abnegare

440 2334 810 2393 comperturos
836 2336 975 2385 esse,
1009 2321 1097 2389 qui
1123 2319 1272 2373 illum
1301 2317 1522 2372 inﬁciati
1545 2327 1691 2372 sunt.
1714 2316 1834 2371 Jam
1866 2331 2004 2384 quo-

441 2415 597 2468 modo
623 2411 762 2465 Deus
791 2409 836 2465 is
867 2408 1169 2464 censendus
1197 2422 1300 2462 non
1334 2414 1440 2469 est,
1472 2406 1571 2478 ’qui
1614 2405 1857 2475 martyrii
1892 2404 2007 2475 glo-

440 2507 519 2559 ria
541 2519 634 2558 eos
659 2500 841 2565 allicit,
858 2501 947 2566 qui
973 2499 1143 2568 ipsum
1165 2513 1287 2553 esse
1307 2510 1433 2551 vere
1450 2496 1625 2549 Deum
1644 2494 2007 2548 confitentur?

524 2613 543 2646 ι
583 2592 772 2647 Venite
816 2591 882 2645 ad
917 2604 1024 2655 me,
1055 2603 1242 2643 omnes
1270 2587 1361 2657 qui
1404 2586 1660 2641 laboratis
1698 2595 1756 2642 et
1796 2584 2004 2640 onerati

439 2687 591 2749 estis,
620 2693 673 2738 et
703 2687 801 2751 ego
825 2680 1063 2735 reﬁciam
1097 2694 1215 2733 vos.
1258 2678 1447 2732 Tollite
1475 2677 1662 2747 jugum
1704 2690 1879 2731 meum
1915 2690 2006 2732 su-

438 2791 534 2846 per
552 2790 652 2829 vos
671 2774 738 2827 π.
774 2791 793 2824 ι
829 2771 886 2826 Si
918 2769 1231 2825 Emmanuel
1254 2784 1412 2824 verus
1434 2769 1574 2823 Deus
1600 2782 1705 2822 non
1729 2775 1813 2822 est
1842 2784 1855 2820 :
1880 2782 2001 2821 cum

439 2868 546 2922 Deo
592 2865 835 2921 serviant
881 2861 1083 2927 omnia,
1133 2875 1231 2914 cur
1279 2874 1437 2915 suum
1488 2858 1578 2913 ille
1610 2856 1799 2927 iugum
1847 2856 2003 2912 nobis

438 2956 703 3026 imponit?
727 2954 918 3020 Jugum
957 2960 1134 3005 autem
1167 2958 1222 3005 et
1274 2949 1391 3018 ipsa
1435 2962 1654 3019 quoque
1701 2948 1786 3003 lex
1824 2946 2004 3016 appel-

2112 1801 2220 1838 των
2250 1785 2343 1836 καὶ
2383 1782 2632 1846 θανάτου,
2665 1781 2900 1852 Χριστὸν
2948 1778 3387 1851 ὡμολογηκότες.
3434 1773 3567 1849 'Ap‘
3595 1774 3683 1832 οὖν

2110 1873 2536 1944 ἐστεφάνωνται,
2570 1871 3036 1942 διαϐεϐαιούμενοι
3067 1870 3166 1924 καί¹
3190 1870 3443 1938 λέγοντες
3475 1869 3681 1939 ἀνθρωι

2111 1984 2211 2020 πον
2240 1966 2379 2019 εῖναι
2404 1965 2582 2019 κοινὸν
2614 1965 2795 2030 αὐτὸν,
2827 1965 2859 2035 ἢ
2899 1964 3098 2033 μᾶλλον
3130 1963 3207 2026 ὡς
3237 1962 3371 2016 Θεὸν
3408 1964 3530 2026 ταῖς
3554 1964 3681 2031 δμο-

2108 2052 2320 2121 λογίαις
2358 2053 2751 2123 τετιμηκότες;
2796 2050 2937 2106 Ἀλλ’
2965 2050 3081 2104 ἐστι
3110 2050 3292 2122 δῆλον.
3335 2052 3399 2105 Oi
3428 2049 3533 2120 γάρ
3559 2049 3681 2102 τοῦ-

2110 2160 2199 2196 τον
2227 2142 2617 2214 ἀρνησάμενοι,
2649 2141 2741 2195 καὶ
2765 2143 2866 2214 τῆς
2909 2141 3003 2195 τοῦ
3048 2140 3352 2213 μαρτυρίου
3393 2136 3543 2206 δόξης
3573 2137 3680 2190 ἀπο

2108 2229 2356 2297 ὤλισθον,
2406 2232 2501 2286 καὶ
2538 2233 2702 2286 αὐτὸν
2752 2234 3074 2304 εὑρήσουσιν
3117 2232 3176 2285 ἐν
3214 2230 3403 2301 ἡμέρᾳ
3448 2228 3681 2298 κρίσεως

2108 2321 2441 2393 ἀρνούμενον
2469 2322 2662 2386 αὐτοὺς
2689 2323 2780 2376 τὸν
2812 2323 3065 2393 Χριστόν.
3099 2318 3231 2374 Εἶτα
3277 2319 3396 2382 πῶς
3433 2320 3497 2371 οὑ
3529 2317 3675 2380 Θεὸς,

2107 2410 2137 2462 6
2165 2412 2231 2480 τῇ
2256 2410 2350 2463 τοῦ
2383 2411 2682 2481 μαρτυρίου
2716 2409 2841 2482 δόξῃ
2892 2410 3167 2480 στεφανῶν
3193 2410 3343 2473 τοὺς,
3395 2408 3479 2462 ὅτι
3521 2402 3682 2459 τοῦτό

2107 2498 2256 2551 ἐστιν
2293 2498 2530 2569 ἀληθῶς,
2568 2498 2962 2569 ὁμολογοῦντας
2989 2498 3187 2564 αὐτόν;

2183 2604 2203 2637 ι
2248 2584 2414 2639 Δεῦτε
2462 2586 2601 2658 πρός
2647 2602 2735 2656 με,
2771 2586 2973 2650 πάντες
3020 2586 3070 2639 οἱ
3113 2583 3415 2648 κοπιῶντες
3465 2582 3559 2636 καὶ
3591 2599 3682 2635 1-:-

2107 2677 2480 2749 φορτισμένοι,
2510 2677 2670 2748 κάγὼ
2703 2680 3003 2733 ἀναπαύσω
3027 2680 3192 2750 ὑμᾶς.
3237 2679 3443 2749 Ἄρατε
3479 2676 3572 2730 τὸν
3594 2677 3680 2741 ζυ-

2106 2768 2201 2837 γόν
2236 2784 2339 2840 μου
2385 2768 2470 2835 ἐφ’
2518 2769 2680 2839 ὑμᾶς.
2723 2788 2741 2821 ι
2787 2769 2851 2822 Ei
2907 2767 2983 2840 μὴ
3024 2767 3158 2829 Θεός
3203 2767 3353 2820 ἐστιν
3396 2764 3614 2835 ἀληθῶς
3650 2765 3678 2817 6

2117 2858 2496 2930 Ἐμμανουὴλ,
2544 2859 2667 2912 τίνα
2714 2858 2915 2929 τρόπον
2962 2856 3054 2910 τὸν
3098 2855 3293 2911 ἐαυτοῦ
3342 2855 3506 2923 ζυγὸν
3551 2856 3676 2924 ήμίν

2101 2949 2420 3022 ἐπιτίθησι;
2470 2950 2605 3004 Θεοῦ
2657 2948 2767 3021 γὰρ
2811 2948 2977 3003 δοῦλα
3003 2948 3073 3002 τά
3109 2948 3306 3003 πάντα.
3351 2947 3581 3017 Εἴρηται
3622 2944 3677 2998 δέ

439 3052 543 3105 lata
586 3057 692 3103 est.
745 3044 946 3098 Verum
996 3042 1246 3097 Christus
1292 3040 1570 3109 proprium
1625 3038 1778 3093 nobis
1814 3037 2001 3107 iugum

2107 3041 2267 3111 ζυγὸς
2295 3042 2390 3095 καὶ
2421 3042 2450 3094 6
2481 3042 2665 3112 νόμος.
2709 3040 2869 3095 Ἀλλά
2897 3038 3204 3110 ἐπιτίθησιν
3233 3038 3366 3109 ήμῖν
3390 3038 3420 3090 ό
3446 3036 3678 3107 Χριστὸς

436 3137 686 3207 imponit,
722 3148 927 3203 nosque
960 3132 1224 3187 obnoxios
1249 3129 1355 3183 sibi
1387 3129 1582 3191 reddit,
1615 3125 2004 3183 tametsi'Patri

436 3227 718 3281 submittat
745 3222 948 3277 omnia.
985 3221 1125 3275 Deus
1176 3219 1343 3288 igitur
1377 3227 1481 3272 est.
1512 3215 1682 3271 'Unde
1723 3224 1782 3272 ut
1819 3216 2002 3271 omnia

435 3318 509 3371 illi
544 3313 786 3379 subjecta
816 3312 944 3376 sint,
979 3325 1078 3379 par
1112 3316 1216 3363 est.

511 3424 529 3457 ι
549 3406 740 3458 Annon
760 3401 964 3471 legistis
995 3401 1046 3453 in
1077 3397 1215 3467 lege,
1234 3396 1357 3467 quia
1385 3398 1439 3450 in
1477 3395 1727 3452 sabbatis
1753 3398 2003 3453 sacerdo-

433 3508 514 3551 tes
554 3497 606 3548 in
656 3492 851 3561 templo
897 3488 1190 3544 Sabhatum
1234 3471 1456 3554 violant,
1501 3496 1556 3542 et
1601 3486 2001 3544 sinc‘crimine

434 3584 600 3640 sunt?
643 3583 771 3637 Dico
816 3591 994 3635 autem
1042 3578 1234 3643 vobis,
1277 3578 1401 3647 quia
1454 3576 1624 3647 major
1667 3577 1868 3649 templo
1914 3579 2003 3635 hic

433 3686 515 3732 est
539 3676 607 3728 ⁸⁸.
648 3694 667 3726 ι
704 3672 760 3729 Si
796 3671 1105 3727 sacerdotes
1135 3671 1226 3738 qui
1250 3670 1553 3724 Sahbatum
1576 3669 1900 3739 profanant,
1931 3670 2002 3726 ob

433 3765 485 3818 id
534 3762 688 3831 culpa
738 3770 955 3824 vacant,
1002 3758 1146 3828 quod
1194 3760 1375 3812 divino
1432 3759 1595 3813 cultui
1651 3760 1995 3825 incumbant;

432 3853 701 3923 quomodo
729 3851 902 3906 cultus
936 3851 1026 3919 qui
1053 3850 1270 3905 Christo
1302 3849 1629 3918 impenditur
1650 3889 1666 3915 ,
1701 3851 2001 3905 ministerio

430 3944 572 4009 quod
629 3941 939 3997 sacerdotes
997 3940 1057 3997 in
1106 3938 1303 4008 templo
1346 3938 1601 4005 obibant,
1653 3939 2000 4008 praestantior

430 4032 718 4089 censetur?
744 4030 894 4099 atqui
916 4038 1157 4099 aperturu
1192 4038 1277 4085 est
1306 4043 1420 4092 eos,
1448 4029 1541 4099 qui
1572 4027 1671 4082 sub
1704 4028 1819 4098 lege
1846 4029 1997 4083 vive-

429 4124 579 4189 bant,
611 4121 663 4175 in
722 4122 910 4174 umbra
958 4129 1013 4173 et
1040 4119 1208 4190 ﬁgura
1255 4119 1713 4189 supercoelestium
1759 4119 1867 4173 Deo
1901 4120 1998 4173 mi-

428 4213 705 4268 nistrasse.
745 4210 849 4266 Sed
875 4210 1041 4266 divini
1076 4210 1151 4264 illi
1180 4208 1654 4278 discipuli'Cbristi
1677 4220 1993 4278 sectatores,

428 4303 640 4374 ipsique
671 4302 1063 4367 ministrantes,
1096 4300 1344 4369 ampliori
1378 4300 1583 4358 honore
1608 4308 1662 4353 et
1692 4300 1860 4368 gloria
1890 4315 1988 4371 pu-
2021 4336 2065 4392 Β

429 4395 511 4448 titi
542 4402 688 4449 sunt.
726 4393 878 4460 Quod
908 4393 954 4447 si
985 4391 1347 4447 ministerium
1390 4393 1532 4459 quod
1578 4391 1794 4447 Christo
1837 4391 1991 4446 exhio

426 4474 605 4551 betur,
634 4484 792 4554 legali
832 4484 998 4538 cultui
1020 4483 1243 4537 multum
1288 4483 1593 4548 antecellit,
1625 4484 1892 4552 quomodo
1936 4484 1991 4539 in

426 4574 592 4627 sobrii
621 4573 936 4643 cujusquam
969 4572 1353 4639 cogitationem
1389 4572 1582 4628 cadere
1611 4579 1806 4642 potest,
1833 4573 1991 4629 Chri-

427 4675 569 4718 stum
596 4678 701 4718 non
732 4678 850 4718 esse
873 4679 1061 4718 verum
1090 4663 1302 4718 Deum?

498 4771 519 4805 ι
578 4750 634 4807 Si
681 4767 780 4822 ego
826 4753 883 4806 in
946 4752 1248 4808 Beelzebub
1319 4754 1475 4822 ejicio
1541 4755 1829 4822 daemones,
1894 4756 1988 4812 ﬁlii

420 4843 587 4900 vestri
650 4842 702 4897 in
763 4857 871 4913 quo
921 4843 1183 4909 ejiciunt?
1242 4844 1361 4899 ideo
1409 4847 1508 4916 ipsi
1559 4847 1768 4916 judices
1822 4850 1987 4904 vestri

422 4950 579 4996 erunt
598 4939 667 4995 ’⁷.
715 4955 735 4989 ι
772 4936 830 4991 Si
858 4936 910 4990 in
937 4932 1141 4990 Christi
1171 4936 1388 4989 nomine
1418 4950 1451 4988 a
1473 4935 1735 4992 damonio
1763 4948 1985 4994 vexatos

423 5030 666 5100 discipuli
714 5027 975 5085 curabant
1016 5025 1388 5097 (invocabant
1428 5026 1572 5080 enim
1619 5041 1815 5083 nomen
1855 5026 1981 5083 Jesu

422 5121 747 5192 Nazareni),
794 5117 1065 5193 quomodo
1108 5118 1176 5173 de
1215 5131 1343 5171 vera
1384 5116 1527 5173 illius
1560 5118 1843 5174 divinitate
1874 5135 1985 5174 am-

421 5212 605 5282 bigere
636 5211 720 5267 fas
747 5224 828 5267 est
853 5213 877 5267 7
903 5212 1087 5282 Neque
1120 5208 1264 5264 enim
1295 5208 1404 5263 ulla
1433 5209 1653 5264 omnino
1679 5210 1852 5281 gloria
1892 5220 1985 5266 aut

421 5305 660 5371 potentia
715 5306 943 5359 humana
996 5312 1084 5359 sat
1132 5300 1298 5357 fuerit
1348 5301 1414 5356 ad
1471 5301 1838 5358 debellandum
1879 5301 1981 5359 Sa-

422 5402 622 5447 lanam.

2103 3131 2194 3185 τὸν
2223 3132 2353 3185 ῖδιον
2374 3130 2557 3199 ζυγὸν,
2579 3129 2757 3201 ἐαυτῷ
2781 3146 2841 3183 τε
2867 3128 3175 3196 ὑποτάττει,
3202 3127 3379 3181 καίτοι
3403 3126 3474 3179 τά
3498 3126 3672 3179 πάντα

2104 3224 2393 3294 ὑποφέρων
2423 3222 2500 3293 τῷ
2526 3222 2720 3292 Πατρί.
2752 3219 2884 3284 Θεὸς
2918 3219 3028 3291 ἄρα
3061 3219 3231 3286 ἐστὶν,
3262 3217 3387 3272 ὅθεν
3416 3215 3567 3284 αὖτῷ
3588 3216 3675 3268 καὶ

2103 3312 2423 3368 ὑποκεῖσθαι
2457 3309 2527 3365 τὰ
2555 3312 2734 3365 πάντα
2762 3309 2986 3381 πρέπει.

2178 3423 2198 3457 ι
2222 3404 2306 3458 Ἦ
2334 3405 2436 3458 οὐκ
2466 3403 2735 3471 ἀνέγνωτε
2776 3404 2835 3457 ἐν
2871 3403 2950 3473 τῷ
2979 3402 3149 3472 νόμῳ,
3184 3402 3266 3455 ὅτι
3299 3402 3358 3453 ἐν
3392 3401 3512 3462 τοῖς
3541 3396 3672 3452 Σάϐ-

2102 3498 2258 3553 ϐασιν
2285 3497 2336 3550 οἱ
2370 3497 2533 3567 ἱερεῖς
2565 3497 2623 3549 ἐν
2658 3493 2736 3564 τῷ
2765 3493 2893 3565 ίερῷ
2936 3494 2998 3547 τὸ
3040 3493 3317 3547 Σάϐϐατον
3368 3489 3667 3561 βεϐηλοῦσι,

2100 3589 2194 3643 καλ⁵
2230 3587 2456 3643 ἀναίτιοί
2493 3589 2633 3652 εῖσι;
2664 3586 2821 3654 Λέγω
2848 3585 2905 3639 δὲ
2935 3585 3086 3656 ὑμῖν,
3133 3585 3215 3638 ὅτι
3243 3582 3336 3637 τοῦ
3369 3582 3515 3655 ἱεροῦ
3558 3582 3671 3653 μείο

2101 3679 2208 3743 ζων
2241 3676 2387 3730 ἐστὶν
2428 3668 2552 3731 ὧδε.
2589 3694 2607 3728 ι
2639 3677 2703 3729 Et
2734 3673 3089 3745 βεϐηλοῦντες
3115 3674 3177 3727 τὸ
3210 3672 3491 3727 Σάϐϐατόν
3514 3675 3564 3726 οἱ
3595 3673 3668 3724 ἱε-

2102 3770 2214 3838 ρεῖς
2256 3766 2488 3820 ἀναίτιοί
2522 3766 2680 3829 εἰσιν,
2714 3765 2790 3829 ὼς
2818 3763 2937 3834 Θεῷ
2977 3764 3343 3836 προσάγοντες
3370 3763 3472 3827 τὰς
3509 3764 3668 3832 θεραο

2100 3859 2258 3922 πείας
2273 3874 2285 3887 ·
2313 3858 2429 3921 πῶς
2453 3857 2562 3911 τῶν
2583 3859 2640 3911 ἐν
2659 3856 2734 3927 τῷ
2764 3856 2894 3928 ἱερῷ
2918 3857 3213 3928 δρωμένων
3236 3858 3439 3910 νοεῖται
3467 3856 3666 3926 μείζων

2071 3952 2132 4021 Δἢ
2162 3947 2397 4020 Χριστοῦ
2428 3946 2728 4018 θεραπείας
2766 3946 2906 3999 Ἀλλ’
2938 3945 3054 4000 ἐστι
3084 3945 3262 4017 δῆλον,
3289 3945 3376 3998 ὅτι
3408 3946 3458 3998 οἱ
3488 3946 3583 4016 μὲν
3610 3945 3665 4000 ἐν

2097 4041 2265 4112 νόμῳ,
2283 4040 2378 4093 καὶ
2399 4041 2548 4110 σκιᾷ,
2572 4039 2665 4092 καὶ
2698 4039 3058 4111 ὑποδείγματι
3082 4038 3191 4092 τῶν
3214 4037 3556 4110 ἐπουρανίων
3584 4038 3669 4090 λε-

2096 4131 2454 4202 λατρεύκασιν
2478 4146 2491 4158 ·
2518 4131 2571 4183 οἱ
2598 4131 2657 4184 δὲ
2689 4130 2966 4184 θεσπέσιοι
3007 4129 3248 4201 μαθηταὶ
3278 4129 3663 4201 προσεδρεύον-

2095 4221 2187 4282 τὲς
2211 4237 2271 4274 τε
2308 4222 2404 4274 καὶ
2435 4220 2874 4292 λειτουργοῦντες
2910 4220 2988 4291 τῷ
3020 4220 3259 4292 Χριστῷ,
3294 4220 3520 4291 μείζονα
3546 4220 3663 4293 [τὴν

2093 4306 2283 4379 τιμὴν]
2362 4308 2451 4362 καὶ
2504 4308 2604 4379 τὴν
2646 4308 2806 4374 δόξαν
2840 4304 3005 4378 εἶχον.
3048 4310 3157 4363 Kal.
3193 4310 3241 4361 εί
3270 4309 3368 4377 τῆς
3415 4309 3475 4362 ἐν
3523 4309 3665 4378 νόμῳ

2092 4398 2350 4469 λατρείας
2414 4399 2471 4451 ἐν
2524 4398 2767 4467 ἀμείνοσι
2816 4399 2874 4452 τὸ
2921 4399 3252 4470 λειτουργεῖν
3301 4398 3384 4470 τῷ
3424 4397 3661 4472 Χριστῷ,

2098 4488 2214 4552 πῶς
2242 4487 2344 4542 οὐκ
2395 4488 2465 4544 ἂν
2501 4492 2671 4543 νοοῖτο
2696 4489 2828 4553 Θεὸς
2862 4490 3105 4562 ἀληθής;
3750 4503 3754 4507 ‘

2175 4777 2194 4811 ι
2237 4760 2301 4812 Εἰ
2326 4756 2436 4827 ἐγὼ
2460 4758 2518 4811 ἐν
2548 4757 2874 4823 Βεελζεϐοὺλ
2900 4757 3145 4813 ἐκϐάλλω
3166 4759 3234 4812 τὰ
3257 4758 3534 4830 δαιμόνια,
3561 4777 3658 4828 φη-

2095 4852 2202 4917 σὶν,
2229 4851 2279 4904 οι
2306 4850 2413 4903 υἱοὶ
2441 4849 2593 4920 ὑμῶν
2613 4851 2670 4905 ἐν
2697 4848 2803 4903 τίνι
2829 4848 3181 4915 ἐκϐάλλουσι;
3205 4849 3304 4904 Διά
3329 4849 3489 4904 τοῦτο
3512 4849 3656 4902 αὐτοὶ

2091 4940 2281 5011 κριταὶ⁵
2312 4938 2526 4993 ἔσονται
2557 4940 2732 5010 ὑμῶν.
2772 4959 2791 4993 ι
2832 4940 2896 4993 El
2930 4942 2989 4993 ἐν
3031 4940 3254 5012 ὀνόματι
3293 4940 3387 4993 τοῦ
3428 4935 3653 5011 Χριστοῦ

2097 5028 2534 5101 τεθεραπεύκασι
2576 5032 2703 5094 τοὺς
2744 5030 3114 5101 δαιμονῶντας
3143 5032 3193 5086 οί
3228 5031 3499 5103 μαθηταὶ,
3541 5032 3654 5099 (ἐπ-

2088 5119 2330 5190 εφώνουν
2374 5120 2514 5191 γάρ·
2565 5120 2652 5173 Ἐν
2680 5120 2906 5191 ὀνόματι
2949 5122 3124 5191 Ἰησοῦ
3156 5121 3394 5193 Χριστοῦ
3427 5119 3521 5175 τοῦ
3541 5120 3652 5172 Να·

2087 5210 2348 5283 ζωραίου)
2367 5251 2383 5277 ,
2419 5211 2536 5275 πῶς
2569 5212 2672 5265 οὐκ
2700 5212 2765 5267 ἂν
2790 5216 2961 5268 νοοῖτο
2992 5213 3129 5278 Θεὸς
3154 5213 3399 5286 ἀληθής;
3444 5213 3518 5268 οὐ
3539 5209 3652 5277 γὰρ

2085 5300 2152 5354 ἂν
2181 5301 2478 5372 ἐξήρκεσεν
2499 5301 2787 5373 ἀνθρώπου
2807 5303 2934 5368 δόξα
2963 5305 3058 5361 καὶ
3073 5304 3303 5376 δύναμις
3331 5306 3412 5369 εἰς
3441 5302 3500 5360 τὸ
3525 5314 3653 5359 κατι

2085 5392 2310 5462 ισχύσαι
2344 5393 2437 5446 τοῦ
2469 5395 2703 5448 Σατανᾶ.

488 5563 534 5594 ’δ
567 5560 754 5617 Matth.
781 5577 835 5628 κ,
875 5563 962 5628 52,
999 5563 1087 5618 55.
1142 5566 1205 5635 β’
1227 5563 1418 5621 Matth.
1450 5578 1523 5630 xl,
1556 5561 1643 5630 28,
1683 5564 1771 5620 29.
1822 5565 1894 5640 r"
1925 5563 2002 5620 Ma

2107 5607 2114 5621 .
2158 5566 2335 5641 “1,5.
2415 5567 2459 5599 ⁸⁷
2486 5567 2615 5624 ibid.
2646 5568 2737 5623 27.
