3970 6136
353 311 487 364 1263

1386 330 1388 332 '
1451 316 1538 372 DE
1580 317 1806 374 RECTA
1850 321 2005 376 FIDE
2042 323 2132 378 AD
2172 321 2487 377 REGINAS.

3456 330 3589 383 Γέιῖϐ

437 440 456 472 ι
502 423 713 494 Ὥσπερ
759 418 852 476 οὗν
899 425 1214 494 συλλέγεται
1263 427 1331 479 τὰ
1364 428 1603 494 ζιζάνια,
1653 431 1747 484 καὶ
1796 433 1914 502 πυρ¹

2106 452 2123 484 ‹
2165 434 2312 488 Sicut
2353 450 2482 503 ergo
2513 433 2841 502 colliguntur
2876 435 3106 500 zizania,
3138 443 3191 490 et
3231 437 3337 505 igni
3366 441 3592 491 combu-

363 514 745 564 κατακαίεται·
767 513 937 577 οὕτως
976 514 1128 568 ἔσται
1169 518 1226 569 ὲν
1253 519 1317 587 τῇ
1363 518 1640 589 συντελείᾳ
1667 520 1760 572 τοῦ
1791 522 1926 574 αἰῶ-

361 618 467 664 νος.
513 602 823 655 Ἀποστελεῖ
855 607 882 656 6
911 604 1040 669 Υἱὸς
1071 605 1166 659 τοῦ
1196 607 1481 678 ἀνθρώπου
1511 609 1636 671 τοὺς
1662 610 1927 677 ἀγγέλους

360 691 548 756 αὑτοῦ,
581 693 672 744 xal
700 694 1044 758 συλλέξουσιν
1065 700 1130 751 ὲκ
1158 701 1254 770 τῆς
1273 698 1547 768 βασιλείας
1566 700 1728 753 αὑτοῦ
1750 702 1924 756 πάντα

359 777 424 830 τὰ
456 781 741 846 σκάνδαλα,
793 784 889 837 καὶ
928 787 1054 850 τοὺς
1099 787 1384 852 ποιοῦντας
1413 788 1510 859 τὴν
1545 790 1799 860 ἀνομίαν,
1832 793 1926 845 καὶ

360 865 608 934 βαλοῦσιν
634 871 831 936 αὐτοὺς
859 875 939 938 είς
969 875 1066 946 τὴν
1096 877 1322 947 κάμινον
1348 877 1443 930 τοῦ
1479 880 1670 950 πυρός.
1727 899 1745 932 ›
1787 882 1924 952 Περὶ

358 958 490 1010 Θεοῦ
543 961 882 1032 γέγραπται·
935 983 954 1017 ι
995 967 1276 1035 Εὑλογεῖτε
1322 969 1414 1022 τὸν
1452 969 1677 1039 Κύριον,
1725 973 1924 1036 πάντες

357 1050 406 1100 οί
434 1049 655 1118 ἄγγελοι
684 1053 866 1106 αὐτοῦ.
905 1073 925 1106 ι
975 1057 1048 1109 Οὐ
1091 1057 1200 1129 γάρ
1229 1057 1456 1125 ἄγγελος
1505 1060 1734 1127 ἀγγέλου
1781 1062 1920 1126 ἐστὶ,

358 1139 492 1192 Θεοῦ
523 1141 581 1194 δὲ
615 1143 814 1212 μᾶλλον
841 1145 910 1199 τὰ
938 1147 1136 1202 πάντα.
1187 1149 1309 1212 Πῶς
1354 1145 1446 1202 οὖν
1480 1168 1610 1222 φησι
1654 1153 1780 1223 περὶ
1827 1153 1920 1206 τοῦ

359 1229 489 1282 Υίοῦ
516 1232 611 1284 τοῦ
643 1234 948 1304 ἀνθρώπου,
974 1238 1054 1290 ὅτι
1080 1239 1369 1292 ἀποστελεῖ
1390 1231 1518 1303 τοὺς
1546 1241 1808 1309 ἀγγέλους
1832 1244 1924 1297 αὐ·

358 1322 489 1391 τοῦ;
541 1325 673 1389 Θεὸς
699 1322 791 1380 οὖν
827 1329 933 1398 ἀρα
969 1330 1137 1395 ἐστὶν,
1169 1331 1244 1396 ὡς
1287 1332 1378 1384 καὶ
1415 1331 1578 1396 ἰδίους
1621 1333 1757 1403 ἔχων
1797 1336 1922 1398 τοὺς

356 1415 642 1482 ἀγγέλους,
675 1420 766 1471 καὶ
811 1420 900 1473 διά
931 1421 1038 1475 τῶν
1086 1422 1197 1476 ἄνω
1247 1423 1572 1494 πνευμάτων
1615 1426 1919 1496 ὑπηρετού-

359 1517 539 1573 μενος.

431 1613 450 1645 ι
507 1597 811 1667 Ἠρώτησεν
837 1602 865 1654 6
895 1601 1144 1672 Χριστός·
1179 1605 1311 1658 Τίνα
1342 1624 1409 1676 με
1454 1608 1700 1676 λέγουσιν
1736 1610 1786 1661 οἱ
1827 1608 1920 1661 ἄν·

357 1683 564 1754 θρωποι
591 1684 732 1741 εἶναι
777 1689 866 1742 τὸν
894 1691 1022 1745 Υἱὸν
1051 1692 1143 1744 τοῦ
1172 1693 1494 1765 ἀνθρώπου;
1532 1699 1592 1751 Ol
1630 1697 1687 1750 δὲ
1729 1697 1880 1751 εἷπον
1901 1712 1916 1727 ⁸

2031 532 2242 589 runtur,
2291 523 2370 579 sic
2414 524 2516 579 erit
2571 527 2622 578 in
2682 525 3148 579 consummatione
3203 526 3405 580 saeculi.
3469 527 3591 580 illit-

2031 621 2108 666 tet
2141 610 2572 667 Filius-hominis
2601 613 2819 682 angelos
2847 628 2996 678 suos,
3029 623 3083 674 et
3119 615 3368 686 colligent
3405 617 3470 671 de
3511 633 3588 670 re-

2027 717 2132 772 gno
2155 703 2271 772 ejus
2302 704 2480 757 omnia
2512 704 2788 769 scandala,
2825 714 2880 759 et
2903 719 2996 760 eos
3035 705 3124 775 qui
3165 705 3372 761 faciunt
3399 707 3595 776 iniqui-

2025 801 2194 847 tatem
2230 789 2244 846 ἑ
2279 802 2332 847 et
2373 796 2589 850 mittent
2631 810 2724 851 eos
2765 796 2818 850 in
2865 797 3138 852 caminum
3178 797 3317 868 ignis
3343 797 3411 852 ”.
3449 816 3469 850 ι
3517 799 3592 852 De

2025 882 2135 938 Deo
2150 885 2259 954 82
2278 883 2502 953 legimus
2533 903 2545 938 :
2588 905 2606 936 ι
2639 886 2950 942 Benedicite
2981 889 3231 954 Domino,
3265 903 3454 944 omnes
3490 905 3586 942 an-

2023 975 2126 1043 geli
2155 976 2271 1044 ejus
2305 976 2371 1028 9’.
2406 994 2424 1027 ι
2461 975 2646 1044 Neque
2688 980 2830 1032 enim
2875 980 3100 1048 angelus
3146 981 3318 1050 angeli
3351 992 3462 1044 est,
3495 979 3588 1033 Sed

2020 1063 2117 1119 Dei
2145 1074 2269 1120 sunt
2296 1065 2500 1121 omnia.
2542 1067 2674 1122 Cum
2722 1083 2849 1138 ergo
2899 1070 2966 1124 de
3013 1071 3149 1125 Filio
3185 1071 3418 1125 hominis
3443 1071 3588 1125 dica-

2023 1163 2132 1221 tur,
2171 1155 2313 1224 quod
2344 1155 2610 1212 missurus
2664 1157 2737 1212 sit
2774 1159 2991 1228 angelos
3035 1175 3162 1215 suos
3195 1177 3208 1213 :
3263 1161 3588 1230 angelosqne

2021 1253 2075 1301 et
2101 1247 2322 1316 Spiritus
2358 1246 2478 1303 illos
2519 1261 2800 1316 supremos
2834 1260 3086 1318 tanquam
3127 1253 3372 1320 proprios
3426 1253 3586 1306 mini-

2021 1344 2162 1391 stros
2185 1335 2477 1405 possideat,
2512 1337 2734 1394 evidens
2767 1338 2824 1392 lit
2855 1337 3002 1392 illum
3035 1353 3155 1394 esse
3185 1341 3370 1395 Deum.

2097 1625 2114 1658 ι
2149 1607 2519 1676 lnterrogabat
2544 1607 2838 1676 discipulos
2871 1621 2996 1662 suos
3025 1624 3037 1660 :
3081 1606 3248 1672 Quem
3287 1621 3372 1660 me
3395 1606 3582 1671 dicunt

2021 1697 2265 1750 homines
2316 1710 2438 1750 esse
2481 1695 2677 1749 Filium
2730 1693 3001 1749 hominis?
3045 1695 3115 1747 At
3160 1693 3237 1746 illi
3287 1691 3578 1746 dixerunt:

354 1778 418 1830 Οί
451 1780 570 1848 μὲν,
623 1783 871 1854 Ἰωάννην
911 1785 999 1838 τὸν
1031 1786 1336 1860 Βαπτιστήν
1356 1805 1369 1819 ·
1400 1790 1546 1844 ἄλλοι
1571 1791 1649 1856 δὲ,
1699 1791 1914 1845 Ἠλίαν·

2017 1786 2145 1852 Alii,
2173 1785 2430 1840 Joannem
2482 1784 2814 1852 Baptistam;
2868 1784 2958 1836 alii
3009 1791 3211 1850 autem,
3249 1783 3451 1848 Eliam;
3490 1782 3580 1834 alii

351 1869 500 1924 ἄλλοι
539 1871 616 1937 δὲ,
656 1873 997 1946 Ἰερεμίαν,ἢ
1026 1877 1122 1931 ἕνα
1145 1880 1252 1932 τῶν
1283 1882 1598 1952 προφητῶν.
1627 1882 1788 1951 Λέγει
1815 1886 1913 1938 αὑ-

349 1960 490 2022 τοῖς·
537 1959 724 2032 Ὑμεῖς
747 1963 824 2028 δὲ,
858 1965 977 2018 τίνα
1013 1983 1080 2036 με
1111 1967 1295 2036 λέγετε
1337 1965 1511 2038 εἴναις
1571 1972 1915 2042 Ἀποκριθεὶς

348 2047 424 2112 δὲ,
456 2050 639 2121 φησὶν,
681 2055 709 2106 6
739 2053 963 2126 Πέτρος,
996 2054 1119 2111 εἷπε
1139 2075 1153 2090 ·
1201 2061 1274 2113 Σὺ
1307 2056 1356 2114 ei
1387 2064 1415 2116 6
1449 2062 1686 2133 Χριστὸς
1728 2065 1757 2116 6
1785 2065 1914 2129 Υἱὸς

344 2139 439 2193 τοῦ
470 2141 604 2195 Θεοῦ
633 2144 726 2197 τοῦ
755 2145 974 2212 ζῶντος.
1018 2150 1360 2223 Ἀποκριθεὶς
1400 2153 1456 2206 δὲ
1482 2156 1510 2207 6
1551 2154 1756 2225 Ἰησοῦς
1775 2195 1792 2222 ,
1834 2152 1913 2209 εἷ-

346 2247 444 2284 πεν
477 2233 654 2303 αὐτῷ·
681 2235 964 2306 Μακάριος
991 2233 1062 2306 εἴ,
1093 2239 1272 2310 Σίμων
1306 2240 1420 2312 Βάρ
1461 2243 1634 2308 Ἰωνᾶ,
1663 2243 1746 2297 ὅτι
1777 2244 1913 2316 σάρξ

346 2324 439 2376 καὶ
484 2322 620 2394 αίμα
661 2326 762 2380 οὐκ
807 2328 1123 2400 ἀπεκάλυψέ
1159 2349 1261 2396 σοι,
1295 2331 1413 2386 ἀλλ’
1439 2335 1468 2387 6
1513 2335 1705 2406 Πατήρ
1749 2353 1850 2406 μου
1882 2337 1911 2388 6

343 2413 402 2464 ὲν
438 2417 548 2477 τοῖς
589 2415 854 2486 οὐρανοῖς.
890 2437 908 2469 ι
956 2420 1022 2472 Εἰ
1051 2420 1205 2490 ψιλὸς
1253 2421 1538 2493 ἄνθρωπος
1585 2427 1614 2478 6
1655 2427 1906 2497 Χριστὸς,

341 2504 481 2557 διατί
507 2504 878 2576 τεθαύμασται
906 2510 1111 2582 Πέτρος
1129 2513 1414 2583 όμολογῶν
1458 2517 1618 2572 αὐτόν
1643 2535 1656 2584 ;
1701 2519 1826 2584 Πῶς
1852 2520 1908 2572 δέ

343 2595 458 2645 ἐστι
500 2595 594 2648 καὶ
625 2597 977 2663 θεοδίδακτος,
1030 2601 1064 2671 ἢ
1114 2603 1272 2668 ποίας
1308 2605 1500 2678 ἐδεήθη
1549 2611 1909 2679 φωταγωγίας

341 2683 564 2749 ἀνωθεν,
594 2687 682 2739 ἵνα
705 2688 849 2759 μάθῃ
875 2691 934 2742 τὸ
960 2691 1047 2744 ἐπ’
1071 2693 1220 2764 αὐτῷ
1245 2699 1568 2768 μυστήριον;
1608 2701 1745 2754 ’Λλλ’
1767 2702 1908 2770 ἔγνω

340 2771 472 2824 Θεὸν
504 2772 654 2839 ὄντα,
695 2777 786 2829 καὶ
826 2777 951 2831 Υίὸν
968 2778 1100 2832 Θεοῦ
1147 2781 1346 2846 ζῶντος
1386 2784 1782 2860 διωμολόγησεν
1817 2792 1909 2844 αὐ-

339 2863 428 2953 τόν
447 2879 461 2893 ·
492 2864 743 2953 ταῦτῃτοι
766 2867 1156 2938 τεθαύμασται.
1180 2873 1325 2945 Πλὴν
1347 2875 1440 2930 ἕνα
1471 2878 1616 2943 Υίὸν,
1653 2881 1745 2933 καὶ
1787 2883 1906 2953 οὐχὶ

339 2949 432 3003 δύο
462 2952 609 3016 υἱούς
643 2972 797 3024 φησι.
838 2957 1105 3022 Δυσσεὸὲς
1147 2955 1239 3014 οὖν
1281 2963 1389 3032 ἀρα
1422 2964 1482 3017 τὸ
1528 2967 1782 3038 διορίζειν
1825 2949 1904 3034 είς

340 3043 450 3098 δύο.
486 3067 505 3099 ι
541 3048 740 3102 Μέλλει
763 3049 872 3121 γάρ
899 3052 926 3104 ὁ
957 3053 1085 3118 Υἱὸς
1109 3055 1202 3108 τοῦ
1248 3058 1538 3130 ἀνθρώπου
1561 3061 1818 3134 ἔρχεσθαι
1846 3070 1903 3122 ὲν

339 3139 403 3206 τῇ
434 3138 558 3209 δόξῃ
591 3140 684 3193 τοῦ
718 3141 928 3211 Πατρὸς
972 3145 1156 3212 αὑτοῦ,
1207 3149 1345 3218 μετά
1373 3151 1482 3205 τῶν
1518 3153 1765 3223 ἀγγέλων
1803 3158 1904 3211 αὑ-

338 3226 453 3282 τοῦ.
508 3247 526 3280 ι
584 3230 713 3283 ’ἰδοὺ
767 3233 926 3288 πάλιν
972 3236 1233 3304 ἀγγέλους
1274 3240 1438 3294 αὑτοῦ
1492 3261 1624 3316 φησι
1670 3247 1738 3301 τά
1792 3247 1914 3303 ἀνω

340 3318 642 3390 πνεύματα,
674 3322 846 3379 καίτοι
876 3324 1167 3397 λεγομένου
1204 3329 1333 3383 Υίοῦ
1365 3331 1670 3402 ἀνθρώπου.

414 3607 434 3639 ο
491 3588 782 3642 Ἐλθόντων
837 3591 900 3662 δὴ
947 3587 1040 3647 οὖν
1074 3595 1093 3633 ῖ
1155 3598 1235 3659 είς
1275 3596 1662 3668 Καπερναοὸμ,
1735 3619 1902 3671 προσ-

347 3676 507 3746 ἦλθον
533 3679 582 3730 οἱ
613 3677 683 3730 τά
701 3678 974 3752 δίδραχμα,
992 3683 1374 3755 λαμϐάνοντες,
1391 3687 1468 3756 τῷ
1496 3687 1815 3759 Πέτρῳ,καὶ
1830 3689 1899 3743 εἶ-

341 3787 439 3821 πον
457 3786 471 3799 ·
517 3770 574 3822 '0
597 3769 912 3835 διδάσκαλος
935 3774 1087 3844 ὑμῶν
1105 3776 1167 3827 οὐ
1198 3776 1341 3829 τελεῖ
1357 3778 1424 3830 τά
1448 3778 1718 3850 δίδραχμα
1738 3797 1754 3844 ;
1791 3782 1902 3834 Καὶ

338 3860 514 3926 λέγει·
569 3861 696 3913 Ναί.
745 3863 855 3915 Καὶ
900 3864 1211 3918 εἰσελθόντα
1265 3867 1341 3929 είς
1384 3868 1482 3938 τὴν
1522 3871 1720 3935 οἰκίαν,
1769 3889 1905 3943 προ-

2017 1891 2168 1942 vero,
2208 1875 2518 1942 Jeremiam,
2546 1883 2639 1928 aut
2672 1889 2833 1927 unum
2865 1888 2931 1927 ex
2961 1874 3256 1942 prephetis.
3292 1872 3438 1925 Dixit
3477 1872 3582 1925 illis

2015 1967 2210 2024 Jesus:
2248 1968 2353 2022 Vos
2385 1975 2562 2020 autem
2601 1979 2758 2032 quem
2792 1979 2877 2018 me
2917 1977 3037 2018 esse
3075 1963 3290 2019 dicitis?
3333 1963 3580 2030 ReSpon-

2014 2059 2147 2113 dens
2176 2058 2361 2112 Simon
2390 2055 2582 2110 Petrus
2612 2056 2783 2111 dixit:
2820 2054 2898 2109 Tu
2930 2070 2988 2111 es
3017 2054 3265 2109 Christus
3291 2052 3456 2106 Filius
3485 2051 3578 2106 Dei

2012 2147 2509 2214 vivi.Respondens
2531 2155 2709 2198 autem
2741 2143 2920 2208 Jesus,
2961 2143 3096 2198 dixit
3129 2143 3177 2198 ei
3209 2161 3222 2196 :
3263 2141 3459 2196 Beatus
3493 2157 3580 2204 es,

2013 2235 2198 2292 Simon
2223 2235 2330 2288 Bar
2357 2233 2514 2299 Jona,
2535 2234 2660 2304 quia
2688 2248 2816 2289 caro
2842 2243 2895 2288 et
2925 2234 3140 2302 sanguis
3175 2246 3280 2286 non
3314 2231 3578 2288 revelavit

2011 2328 2132 2393 tibi,
2179 2327 2272 2382 sed
2317 2324 2481 2380 Pater
2509 2339 2682 2390 meus,
2706 2325 2798 2394 qui
2823 2334 2907 2380 est
2932 2325 2987 2379 in
3016 2324 3168 2379 caelis
3195 2325 3234 2375 ί.
3273 2343 3291 2375 ›
3331 2325 3386 2377 Si
3413 2323 3574 2377 Chrio

2011 2428 2126 2475 stus
2171 2416 2472 2474 communis
2513 2415 2817 2486 vulgarisve
2870 2425 3075 2470 tantum
3119 2416 3281 2471 homo
3327 2424 3430 2479 est,
3478 2430 3575 2468 cur

2008 2510 2200 2566 Petrus
2230 2509 2299 2564 ob
2333 2523 2485 2564 suam
2529 2507 2926 2563 confessionem
2967 2506 3298 2562 admirabilis
3335 2507 3576 2561 declara-

2010 2611 2096 2658 tus
2119 2611 2174 2658 et
2204 2601 2452 2656 laudatus
2478 2600 2603 2655 est?
2645 2597 2924 2665 Quomodo
2972 2599 3226 2652 divinitus
3265 2597 3578 2666 perhibetur

2008 2689 2396 2747 edoctus?Aut
2418 2702 2651 2758 quanam
2693 2701 2926 2757 superna
2954 2702 3087 2756 opus
3121 2696 3238 2743 erat
3270 2687 3343 2740 illi
3377 2687 3576 2740 illumi-

2007 2778 2250 2841 natione,
2291 2776 2519 2832 ut‘illud
2561 2773 2763 2831 Christi
2814 2775 3130 2844 mysterium
3165 2776 3426 2843 caperet?
3474 2774 3575 2830 Ve-

2007 2886 2127 2926 rum
2165 2871 2290 2940 quia
2320 2870 2486 2924 Deum
2515 2882 2637 2923 esse
2666 2867 2901 2937 agnovit,
2947 2867 3284 2936 viventisque
3330 2865 3424 2921 Dei
3478 2867 3568 2920 Fi-

2006 2959 2136 3014 lium
2177 2975 2296 3016 esse
2338 2958 2693 3028 praedicavit,
2745 2957 2869 3012 ideo
2920 2957 3183 3012 mirabilis
3225 2967 3281 3011 et
3321 2957 3572 3026 egregius

2012 3051 2226 3106 habitus
2250 3059 2352 3106 est.
2382 3049 2567 3118 Neque
2602 3058 2782 3104 tamen
2815 3049 2949 3103 duos
2979 3048 3259 3104 confessus
3291 3058 3373 3102 est
3408 3049 3568 3110 ﬁlios,

2007 3143 2102 3199 sed
2142 3156 2306 3196 unum
2352 3140 2636 3194 duntaxat.
2673 3137 2902 3207 lmpium
2947 3138 3131 3206 itaque
3174 3147 3257 3192 est
3297 3136 3569 3193 Christum

2007 3233 2060 3288 in
2096 3235 2230 3288 duos
2256 3232 2496 3286 dividere
2527 3230 2688 3284 illios.
2720 3247 2738 3280 ι
2770 3229 2940 3284 Filius
2971 3228 3115 3282 enim
3154 3229 3388 3284 hominis
3438 3244 3571 3282 ven-

2003 3332 2158 3378 turus
2186 3329 2268 3377 est
2302 3321 2353 3375 in
2383 3319 2550 3391 gloria
2577 3319 2757 3374 Patris
2775 3321 2863 3374 sui
2907 3335 3024 3373 cum
3069 3319 3274 3388 angelis
3321 3319 3432 3374 suis
3459 3322 3502 3372 ’.
3548 3338 3566 3370 ι

2005 3415 2082 3468 En
2136 3415 2329 3468 iterum
2381 3412 2631 3467 ctelestes
2663 3413 2885 3482 Spiritus
2934 3427 3060 3467 suos
3111 3411 3328 3482 angelos
3379 3422 3570 3477 vocat,

2005 3503 2215 3556 etiamsi
2247 3501 2482 3558 hominis
2510 3503 2680 3556 Filius
2707 3505 2937 3557 dicatur.

2081 3607 2100 3639 ι
2152 3589 2218 3642 Ει
2266 3605 2388 3643 cum
2433 3592 2708 3644 venissent
2750 3591 3171 3660 'Capharnaum,
3227 3601 3573 3649 accesserunt

2006 3678 2096 3746 qni
2127 3678 2445 3733 didraehma
2476 3680 2830 3748 accipiebant,
2865 3683 2930 3735 ad
2955 3681 3206 3751 Petrum,
3237 3693 3290 3736 et
3321 3684 3572 3736 dixerunt

2004 3768 2098 3822 ei:
2153 3768 2405 3839 Magister
2451 3777 2630 3823 vester
2682 3785 2787 3824 non
2820 3770 2979 3825 solvit
3041 3773 3389 3825 didraclnna?
3435 3773 3566 3825 Ait:

2005 3856 2202 3912 Etiam.
2228 3859 2439 3912 Etcum
2470 3859 2721 3913 intrasset
2757 3861 2808 3913 in
2861 3859 3102 3925 domum,
3145 3862 3404 3929 praevenit
3449 3877 3569 3914 eum

338 3948 569 4016 έφθασεν
598 3950 759 4004 αὐτὸν
808 3955 836 4004 6
889 3954 1112 4022 Ἰησοῦς,
1141 3955 1344 4023 λέγων·
1400 3957 1464 4008 Τί
1497 3975 1576 4011 σοι
1619 3959 1782 4024 δοκεῖ,
1820 3960 1906 4013 Σί-

2016 3948 2181 4014 Iesus,
2227 3950 2454 4002 dicens:
2513 3949 2649 4014 Quid
2702 3951 2793 4004 tibi
2825 3952 3060 4014 videtur,
3120 3951 3348 4023 Simon?
3400 3952 3570 4022 Reges

341 4045 490 4108 μων;
532 4044 580 4094 οἱ
625 4041 865 4110 βασιλεῖς
918 4043 1019 4111 τῆς
1064 4043 1166 4112 γῆς
1217 4045 1323 4098 ἀπὸ
1369 4046 1528 4099 τίνων
1573 4048 1904 4118 λαμϐάνουσι

2016 4049 2163 4095 terra:
2197 4054 2224 4093 a
2266 4039 2462 4108 quibus
2499 4040 2771 4109 accipiunt
2811 4041 3067 4095 tributum
3109 4041 3193 4094 vel
3227 4057 3446 4095 censum
3475 4082 3489 4106 ,
3539 4059 3567 4096 a

334 4130 483 4200 τέλη,
531 4133 562 4202 ἢ
607 4132 837 4202 κῆνσον;
887 4132 994 4185 ἀπὸ
1034 4133 1143 4185 τῶν
1171 4134 1300 4184 υίῶν
1331 4135 1592 4206 αὑτῶν,ἢ
1646 4137 1752 4190 ἀπὸ
1797 4139 1904 4191 τῶν

2016 4131 2129 4186 [iliis
2157 4131 2288 4195 suis,
2316 4145 2379 4183 an
2412 4131 2479 4185 ab
2515 4129 2751 4184 alienis?
2781 4140 2835 4184 et
2871 4130 2957 4184 ille
2995 4130 3126 4183 dixit
3162 4149 3174 4184 :
3217 4130 3298 4185 Ab
3334 4131 3521 4186 alienis
3555 4154 3566 4186 :

335 4223 627 4293 ἀλλοτρίων
647 4266 661 4290 ,
684 4220 818 4276 Eine
844 4224 900 4277 δὲ
929 4224 1072 4294 αὐτῴ
1091 4242 1105 4255 ·
1141 4225 1270 4277 Ἀπὸ
1297 4225 1404 4279 τῶν
1429 4227 1744 4298 ἀλλοτρίων.
1769 4227 1904 4284 Εἷπε

2016 4221 2139 4275 dixit
2166 4221 2243 4275 illi
2276 4219 2430 4276 Jesus
2458 4236 2472 4273 :
2504 4219 2644 4288 Ergo
2678 4221 2833 4276 liberi
2871 4231 2997 4275 sunt
3027 4222 3122 4276 lilii
3151 4223 3191 4278 ³.
3232 4240 3250 4272 ι
3291 4223 3570 4289 Quomodo

333 4313 386 4364 δὲ
408 4313 556 4383 αὐτῷ
583 4315 610 4365 6
652 4314 856 4384 Ἰησοῦς
875 4331 889 4346 ·
928 4317 1069 4385 ’Ἀρα
1093 4333 1155 4384 γε
1194 4314 1459 4387 ἐλεύθεροί
1482 4319 1618 4370 εἰσιν
1646 4319 1694 4371 οἱ
1724 4320 1848 4373 υἱοί.
1878 4340 1897 4372 ι

2016 4313 2254 4378 λίιιοτιιιη,
2311 4313 2412 4367 hoc
2465 4321 2546 4367 est
2582 4327 2610 4364 a
2664 4313 2798 4380 legis
2837 4311 3050 4366 vinculo
3103 4313 3394 4381 tribulique
3439 4329 3570 4383 pen-

335 4404 455 4466 Πῶς
490 4404 770 4475 ἐλεύθερον
810 4407 999 4460 ἑαυτὸν
1030 4401 1165 4458 εἷναί
1213 4423 1367 4476 φησι,
1417 4407 1510 4460 καὶ
1555 4407 1656 4472 ἔξω
1702 4410 1889 4480 νόμου,

2016 4404 2155 4456 sione
2185 4403 2498 4467 immunem,
2528 4418 2738 4457 necnon
2771 4419 2952 4457 verum
2984 4404 3174 4458 Filium
3209 4419 3268 4458 se
3289 4405 3563 4472 praedicat,

332 4493 426 4544 καὶ
453 4494 738 4564 ἀσυντελῆ,
787 4498 880 4549 καὶ
915 4497 1041 4549 Υἱὸν
1087 4497 1319 4565 ἀληθῶς,
1371 4499 1418 4550 εί
1466 4498 1539 4568 μὴ
1569 4498 1698 4562 Θεὸς
1728 4501 1893 4565 ἐστιν,

2016 4496 2049 4550 si
2084 4496 2265 4549 carnis
2289 4507 2341 4550 et
2364 4497 2644 4565 sanguinis
2684 4498 2979 4550 secundum
3006 4497 3394 4567 hypostaticam
3421 4498 3568 4551 unio-

332 4583 520 4636 ἑνώσει
550 4589 615 4656 τῇ
644 4587 764 4639 καθ’
794 4588 1088 4641 ὑπόστασιν
1110 4589 1306 4658 σαρκὸς
1340 4588 1433 4640 καὶ
1461 4589 1690 4659 αἵματος
1718 4607 1897 4643 κεκοι-

2016 4601 2125 4640 nem
2158 4591 2424 4656 particeps
2451 4587 2698 4654 effectus,
2731 4603 2836 4641 non
2869 4597 2952 4641 est
2999 4590 3177 4642 Deus?
3207 4592 3276 4642 At
3319 4591 3568 4657 dependit

331 4664 619 4746 νωνῆκὼς;
651 4679 1002 4732 Συντετέλεκε
1033 4680 1089 4732 δὲ
1113 4679 1173 4732 τὸ
1204 4680 1514 4752 δίδραχμον,
1559 4681 1634 4745 ὡς
1662 4681 1898 4750 γεγονὼς

2016 4678 2352 4732 nihilominus
2401 4678 2714 4733 didrachma
2784 4688 3039 4748 tanquam
3105 4681 3206 4749 legi
3269 4681 3562 4743 obnoxius,

332 4765 435 4816 ὑπὸ
468 4766 629 4834 νόμον
658 4769 685 4818 6
713 4768 850 4838 ὑπὲρ
879 4768 1040 4837 νόμον
1067 4769 1212 4831 Υἱός.
1245 4767 1560 4838 Ἀνθρωπος
1585 4769 1640 4820 δὲ
1664 4768 1759 4834 ὢν,
1802 4771 1898 4840 οὐχ

2016 4784 2126 4822 :um
2163 4779 2342 4823 tamen
2373 4778 2428 4821 ut
2455 4761 2623 4824 Filius
2647 4769 2760 4840 lege
2789 4769 2957 4837 major
2985 4779 3147 4825 esset.
3191 4769 3384 4824 Verum
3415 4772 3460 4825 si
3496 4773 3567 4825 sit

335 4853 469 4925 ὑπὲρ
496 4855 655 4924 νόμον
677 4859 874 4909 νοεῖται
909 4875 922 4888 ·
952 4857 1069 4921 πῶς
1091 4859 1232 4929 γάρ;
1261 4859 1368 4911 οὐδ’
1395 4858 1460 4912 ἂν
1489 4859 1600 4930 ἔχοι
1627 4861 1767 4912 κατά
1795 4860 1896 4928 φύ-

2016 4865 2186 4924 ‘aomo,
2221 4876 2324 4914 non
2359 4869 2442 4914 est
2472 4876 2636 4930 supra
2669 4861 2858 4931 legem.
2889 4860 3056 4915 Nemo
3089 4862 3229 4916 enim
3263 4863 3560 4915 naturalem

333 4958 415 4994 σιν
460 4943 522 4994 τὸ
550 4944 852 5015 ἐλεύθερον,
895 4948 941 4999 εἰ
980 4947 1053 5017 μὴ
1081 4951 1279 5000 νοεῖται
1310 4948 1441 5012 Θεὸς
1468 4950 1528 5002 ἐν
1569 4948 1888 5019 ἀνθρωπεία

2023 4950 2302 5005 ibertatem
2334 4949 2405 5003 illi
2443 4951 2660 5017 tribuet,
2693 4952 2796 5006 nisi
2829 4961 2887 5004 ut
2930 4951 3094 5006 Deum
3122 4952 3355 5006 humana
3392 4950 3580 5010 forum

334 5035 536 5104 μορφῇ.
2001 5041 2246 5095 indutum
2273 5042 2452 5096 animo
2483 5043 2729 5097 eumdem
2761 5043 3048 5112 concipiat.

413 5125 812 5189 Ἀναϐαίνοντος
838 5128 895 5179 ὲν
934 5127 1322 5198 Ἰεροσολύμοις
1367 5128 1460 5182 τοῦ
1490 5128 1706 5182 πάντων
1734 5129 1765 5199 ἡ
1776 5129 1890 5198 μῶν

2070 5131 2290 5186 Christo
2331 5133 2569 5187 omnium
2633 5143 2872 5189 nostrum
2924 5133 3203 5186 Salvatore
3252 5131 3566 5186 llicrosoiv-

333 5213 579 5285 Σωτῆρος
604 5217 862 5287 Χριστοῦ,
897 5219 1083 5283 παῖδες
1113 5219 1482 5292 προεϐἀδιζον,
1528 5218 1896 5290 εὐφημοῦντές

2016 5235 2144 5274 mam
2177 5223 2519 5287 ascendente,
2545 5222 2695 5290 pueri
2727 5230 3045 5291 praeeuntes,
3067 5219 3388 5288 laudumque
3420 5233 3562 5287 pra:-

408 5371 452 5400 ³⁸
487 5369 680 5423 Matth.
714 5385 832 5432 xm,
876 5370 1068 5424 40-42.
1147 5373 1190 5404 ⁹⁹
1224 5370 1366 5427 Psal.
1399 5387 1486 5436 cn,
1530 5371 1619 5426 ‘20.
1703 5372 2067 5438 ‘Matth.xvr,
2102 5370 2289 5424 15-17.
2368 5373 2386 5401 ²
2423 5372 2549 5426 ibid.
2577 5373 2666 5426 Ἣ.
2746 5375 2764 5403 ³
2791 5372 2979 5436 Matth,
3013 5387 3138 5436 xvn,
3169 5369 3376 5427 @325~

1385 5527 1553 5581 Varire
1582 5527 1838 5581 lectiones
1871 5527 2069 5581 codicis
2107 5526 2461 5595 Seguicriani.

407 5662 424 5700 ί
455 5663 506 5714 δὲ
534 5665 729 5719 αὐτῶν.
