3970 6136
473 295 607 350 1267

1455 292 1513 347 S.
1553 292 1824 349 CYBILLI
1862 287 2323 348 ALEXANDRINI
2369 286 2683 344 ARCHIEP.

3575 292 3706 350 1268

468 413 623 468 conia
673 388 1085 479 depromentes,
1116 408 1227 479 83
1273 425 1293 460 ι
1320 406 1572 463 llosanna
1599 408 1710 462 lilio
1757 408 1951 471 David,
2000 426 2006 457 ι

2126 423 2183 460 τε
2201 406 2294 460 καὶ
2319 404 2567 473 λέγοντες
2580 419 2595 434 ο
2615 419 2633 454 t
2662 399 2889 455 Ὡσαννὰ
2909 398 2987 471 τῷ
3013 401 3115 473 υἱῷ
3133 401 3315 457 Δαυῑδ.
3352 423 3372 456 ι
3386 404 3704 478 Θεοπρεπης

466 500 829 556 clamabant‘.
895 499 966 554 At
1004 500 1120 555 haec
1192 498 1512 554 acclamatio
1558 499 1611 552 in
1651 498 1823 554 solum
1857 499 2023 554 Deum

466 593 717 659 quadrat.
777 589 1094 659 «Indignati
1144 600 1320 644 autem
1375 589 1629 645 Pharisaei
1685 590 1742 644 in
1789 590 2024 646 medium

466 679 1109 748 prorumpunt:Audis,
1158 678 1434 746 inquiunt,
1483 680 1612 748 quid
1659 678 1746 735 isti
1804 680 2026 735 dicunt?

463 766 623 823 Jesus
652 778 827 822 autem
876 769 1014 821 dixit
1061 768 1141 823 eis
1171 787 1183 823 :
1220 767 1435 838 Utique.
1471 767 1757 840 Nunquam
1793 770 2025 840 legistis,

463 859 587 927 quia
616 858 694 911 Ex
720 871 816 912 ore
850 857 1133 912 infantium
1170 867 1226 914 et
1250 858 1565 914 lactentium
1603 859 1878 929 perfecisti
1914 858 2027 913 lau-

462 946 581 999 dem
607 945 667 999 "2
694 965 715 999 ι
741 945 849 1001 Sed
874 948 1089 1001 beatum
1128 947 1294 1003 David
1337 946 1441 1002 hoc
1471 948 1592 1005 lo'co
1623 949 1810 1004 audire
1849 962 2026 1019 operae

462 1035 691 1102 pretium
713 1045 833 1102 est;
871 1036 1141 1090 aitautem
1173 1054 1187 1090 :
1222 1055 1242 1089 ι
1267 1036 1492 1094 Domine
1518 1037 1774 1093 Dominus
1818 1046 2024 1102 noster,

461 1139 620 1195 quam
646 1126 960 1181 admirabile
980 1135 1064 1183 est
1081 1141 1277 1182 nomen
1302 1136 1453 1182 tuum
1484 1127 1537 1182 in
1561 1128 1810 1184 universa
1834 1136 1979 1183 terra
2007 1132 2020 1186 !

468 1216 739 1283 Quoniam
762 1216 975 1273 elevata
1006 1227 1090 1272 est
1113 1217 1511 1287 magniﬁcentia
1545 1227 1633 1273 tua
1657 1232 1818 1287 super
1835 1221 2023 1277 ctelos.

459 1306 541 1360 Ex
563 1321 658 1363 ore
680 1305 966 1363 infantium
989 1315 1045 1363 et
1063 1307 1380 1364 lactentium
1399 1308 1678 1379 perfecisti
1695 1311 1907 1368 laudem
1928 1313 1971 1368 ⁸.
1996 1332 2017 1367 ι

458 1392 620 1451 Pueri
676 1411 909 1467 namque
959 1412 1151 1468 magna
1202 1398 1564 1456 exsultatione
1619 1400 2021 1470 acclamantes,

460 1485 698 1548 aiebant,
762 1505 783 1538 σ
832 1484 1083 1542 Hosanna
1132 1488 1245 1544 lilio
1280 1487 1471 1545 David.
1504 1509 1526 1544 ι
1574 1490 1627 1547 Is
1665 1506 1828 1561 porro
1873 1493 2026 1564 cujus

459 1574 694 1647 elogium
724 1576 1105 1645 decantabant,
1126 1579 1388 1647 ejusmodi
1417 1579 1630 1636 laudem
1665 1588 1720 1636 et
1758 1582 2024 1638 acclama-

463 1670 664 1724 tionem
693 1671 1008 1739 neutiquam
1045 1670 1383 1740 repudiabat.
1435 1671 1598 1741 Atqui
1630 1673 1819 1728 beatus
1859 1672 2022 1727 David

2124 496 2182 550 δὲ
2200 495 2416 558 πάντως
2432 493 2575 547 ἐστὶν
2607 493 2640 562 ή
2658 490 2955 558 δοξολογία.
2989 509 3009 542 ι
3043 491 3462 563 Ἠγανάκτησαν
3476 496 3526 546 οἱ
3543 496 3693 565 Φαρι·

2126 588 2285 651 σαῖσι,
2305 585 2400 639 καὶ
2413 583 2477 655 δὴ
2501 583 2597 638 καὶ
2618 581 2948 654 προσῄεσαν,
2964 581 3233 650 λέγοντεςο
3266 582 3510 647 Ἀκούεις
3547 585 3600 637 τί
3620 580 3694 639 οὗ·

2123 695 2205 731 τοι
2231 677 2513 745 λέγουσιν;
2550 676 2607 730 ’0
2628 674 2682 727 δὲ
2720 673 2926 744 Ἰησοῦς
2948 667 3101 728 εἷπεν
3126 675 3308 739 αὐτοῖς
3331 693 3346 707 ·
3382 676 3512 731 Ναί.
3552 677 3711 730 Οὐδέ-

2126 784 2255 822 ποτε
2278 767 2657 836 ἀνέγνωτε,ὃτι
2697 764 2791 819 Ἐκ
2809 765 3073 835 στόματος
3100 766 3309 837 νηπίων
3324 769 3419 822 καί
3444 768 3674 840 θηλαζόν
3689 801 3706 813 -

2124 875 2230 913 των
2251 858 2565 928 κατηρτίσω
2596 852 2774 924 αἵνονς
2814 874 2834 908 ι
2883 857 3203 926 Ἀναγκαῖον
3243 860 3300 912 ἐν
3330 860 3543 924 τούτοις
3588 861 3697 913 διαο

2128 950 2495 1020 μνημονεῦσαι
2535 948 2629 1002 τοῦ
2656 949 2924 1021 μακαρίου
2939 949 3104 1002 Δαυῒδ
3123 949 3406 1018 λέγοντοςο
3441 971 3460 1002 ι
3499 953 3693 1023 Κύριε,

2125 1042 2154 1093 6
2175 1039 2378 1111 Κύριος
2407 1038 2584 1110 ἡμῶν,
2610 1038 2687 1102 ὡς
2725 1037 3034 1109 θαυμαστὸν
3068 1039 3126 1093 τὸ
3161 1040 3332 1110 ὄνομά
3354 1058 3449 1094 σου
3474 1043 3532 1095 ὲν
3554 1044 3698 1116 πάσῃ
3724 1070 3730 1078 ι

2124 1132 2189 1202 τῇ
2220 1132 2289 1200 γῇ
2318 1130 2331 1183 !
2362 1129 2487 1182 Ὅτι
2527 1127 2738 1200 ἐπήρθη
2763 1131 2796 1198 ἠ
2835 1129 3281 1200 μεγαλοπρέπεια
3317 1149 3411 1184 σου
3444 1133 3702 1204 ὑπεράνω

2122 1219 2231 1273 τῶν
2271 1218 2534 1289 οὐρανῶν.
2579 1219 2673 1272 Ἐκ
2703 1220 2969 1289 στόματος
2997 1220 3206 1290 νηπίων
3238 1223 3331 1275 καὶ
3360 1222 3699 1293 θηλαζόντων

2123 1311 2437 1383 κατηρτίσω
2465 1305 2634 1384 αἶνον.
2675 1328 2694 1362 t
2730 1312 2792 1363 Οί
2843 1310 2942 1380 μὲν
2967 1309 3076 1382 γὰρ
3114 1312 3301 1376 παῖδες
3326 1314 3690 1384 εὐφημοῦντες

2122 1402 2331 1473 ἔλεγον·
2367 1419 2388 1454 ι
2450 1401 2678 1456 Ὠσαννίι
2703 1400 2781 1472 τῷ
2808 1401 2910 1473 υίῷ
2939 1402 3125 1456 Δαυῒδ.
3176 1422 3195 1456 ι
3231 1405 3600 1476 Καταδέχεται
3638 1408 3690 1461 δὲ

2121 1493 2220 1563 τὴν
2262 1491 2570 1561 δοξολογίαν
2616 1492 3047 1563 εὐφημούμενος.
3105 1494 3166 1548 Ὀ
3208 1495 3267 1548 δέ
3315 1512 3379 1563 γε
3427 1498 3691 1568 μακάριος

2122 1583 2283 1638 Δαυῒδ
2310 1583 2411 1637 οὐκ
2431 1580 2701 1653 ἀνθρώπῳ
2720 1582 2926 1653 ταύτην
2948 1584 3264 1639 ἀνατέθεικε
3294 1586 3483 1657 κοινῷ,
3506 1590 3688 1660 Κυρίῳ

2121 1673 2177 1727 δὲ
2210 1671 2434 1744 μᾶλλον,
2470 1666 2532 1725 οὗ
2561 1672 2656 1726 καὶ
2685 1671 2993 1741 θαυμαστὸν
3021 1673 3084 1727 τὸ
3127 1674 3302 1743 ὄνομα
3347 1676 3404 1728 ὲν
3453 1677 3603 1749 πάσῃ
3628 1683 3689 1749 τῇ

456 1772 577 1815 eam
629 1761 1075 1817 acclamationem
1132 1777 1240 1817 non
1287 1763 1557 1817 communi
1597 1763 1760 1819 alicui
1810 1764 2006 1819 homini

2115 1765 2213 1833 γῇ·
2242 1762 2452 1833 ἐπήρθη
2486 1762 2595 1832 γὰρ
2636 1763 2669 1831 ἡ
2714 1762 3156 1834 μεγαλοπρέπεια
3188 1762 3403 1836 [αὑτοῦ]
3435 1767 3689 1838 ὑπεράνω

458 1851 750 1919 tribuebat,
787 1854 881 1908 sed
908 1852 1146 1908 omnium
1186 1853 1452 1910 Domino:
1489 1855 1633 1910 illius
1654 1856 1804 1910 enim
1849 1854 2018 1911 solius

457 1957 651 1997 nomen
686 1944 943 1999 universa
980 1952 1122 1999 terra
1172 1944 1491 2014 demiratur,
1524 1944 1875 2016 ejusdemque
1905 1961 2015 2003 ma-

2120 1854 2227 1909 τῶν
2251 1853 2514 1925 οὐρανῶν.
2538 1849 2689 1919 Εἶτα,
2712 1852 2829 1917 πῶς
2850 1853 2911 1906 οὐ
2930 1852 3061 1918 Θεὸς
3083 1856 3111 1908 6
3138 1854 3268 1919 Υἱὸς
3284 1856 3446 1910 Δαυῖδ
3469 1858 3530 1911 τὸ
3555 1858 3687 1912 κατὰ

2125 1945 2304 2016 σάρκα
2332 1943 2595 2016 Χριστόςς

454 2037 763 2107 gniﬁcentia
811 2053 972 2109 super
1018 2054 1208 2095 omnes
1255 2041 1421 2097 caelos
1466 2040 1690 2097 tollitur.
1719 2042 2015 2110 {Quomodo
2047 2054 2176 2111 ergo
2209 2039 2456 2095 Christus
2526 2037 2746 2093 Davidis
2806 2036 3101 2094 secundum
3139 2037 3543 2098 carnem'ﬁlitts
3578 2057 3682 2097 non

455 2142 538 2188 est
573 2132 754 2190 Deus?

536 2270 555 2304 ι
582 2249 718 2306 Cum
743 2260 923 2307 autem
951 2254 1162 2308 venerit
1192 2252 1360 2309 Filius
1385 2253 1620 2310 hominis
1649 2255 1701 2308 in
1727 2254 2012 2323 maiestate

455 2356 570 2407 sua,
613 2352 667 2397 et
696 2358 884 2399 omnes
928 2344 1100 2414 angeli
1136 2359 1257 2399 cum
1284 2359 1393 2413 eo,
1451 2355 1577 2399 tunc
1608 2344 1817 2401 sedebit
1849 2358 2012 2414 super

451 2432 634 2487 sedem
664 2432 964 2501 maiestatis
986 2434 1150 2488 suae".
1184 2452 1204 2485 ›
1232 2434 1483 2503 Nunquid
1503 2435 1753 2490 Christus
1773 2442 1832 2488 ut
1852 2434 2012 2489 homo

450 2523 716 2592 quispiam
750 2525 922 2579 nostri
953 2525 1146 2580 similis
1171 2541 1266 2594 pro
1288 2525 1543 2581 tribunali
1570 2525 1800 2593 sedebit,
1827 2534 2013 2579 astan-

452 2613 702 2682 tibusque
748 2615 999 2670 omnibus
1029 2618 1385 2686 undequaque
1415 2616 1513 2685 ipsi
1555 2616 1781 2685 angelis,
1824 2616 2011 2671 orbem

440 2702 745 2771 iudicabit?
777 2704 877 2771 Qui
923 2698 1366 2773 istudfobsecro,
1414 2708 1611 2762 rationi
1652 2716 1738 2762 est
1784 2721 2011 2763 consen-

448 2795 708 2848 taneum?
759 2795 953 2850 Annon
986 2796 1244 2866 scriptum
1288 2806 1409 2852 est:
1444 2815 1463 2848 ι
1492 2797 1644 2853 Unus
1676 2806 1760 2853 est
1786 2798 2007 2868 legisla-

447 2890 553 2949 tor,
578 2893 634 2939 et
651 2884 816 2953 iudex
837 2886 898 2939 '?
929 2905 948 2939 ι
990 2886 1130 2941 Deus
1162 2886 1326 2958 igitur
1344 2898 1429 2942 est
1456 2887 1729 2956 Christus,
1766 2889 1858 2959 qui
1887 2888 2002 2958 pari

444 2990 566 3030 cum
617 2976 725 3031 Deo
777 2975 947 3046 gloria
993 2976 1226 3044 pollens,
1273 2979 1636 3047 thronumque
1660 2977 2000 3046 iudiciarium

443 3067 718 3133 obtinens,
777 3080 841 3121 ac
890 3067 1110 3137 angelos
1153 3067 1576 3137 circumquaque
1625 3075 1863 3122 astantes
1908 3068 2007 3122 ha-

442 3159 597 3221 bens,
629 3155 682 3211 in
706 3157 917 3225 iustitia
943 3168 1211 3211 terrarum
1236 3157 1422 3212 orbem
1450 3157 1730 3225 iudicabit.

518 3286 538 3320 ε
571 3268 635 3322 Ει
683 3267 934 3336 princeps
958 3269 1299 3322 sacerdotum
1352 3270 1426 3322 ait
1451 3269 1524 3323 illi
1557 3286 1571 3323 :
1602 3270 1803 3339 Adiuro
1831 3277 1883 3326 te
1910 3284 2009 3336 per

442 3359 614 3414 Deum
643 3358 849 3424 vivum,
880 3367 939 3413 ut
960 3359 1120 3435 ‘dicas
1142 3359 1320 3425 nobis,
1349 3360 1395 3414 si
1447 3369 1504 3413 tu
1544 3374 1606 3414 es
1638 3358 1886 3416 Christus
1914 3359 2006 3413 Fi-

442 3451 548 3505 lius
578 3450 675 3505 Dei
713 3450 841 3503 vivi.
888 3449 1028 3504 Dicit
1079 3449 1153 3504 illi
1195 3449 1351 3505 Jesus
1382 3449 1501 3505 :Tu
1545 3451 1762 3518 dixisti;
1788 3466 2008 3506 verum-

443 3550 625 3596 tamen
651 3540 773 3595 dico
822 3541 993 3603 vobis,
1022 3540 1216 3595 amodo
1243 3540 1495 3596 videbitis
1525 3539 1721 3595 Filium
1771 3541 2005 3597 hominis

440 3632 713 3686 sedentem
750 3647 778 3685 a
813 3631 1017 3686 dextris
1067 3630 1286 3686 virtutis
1327 3631 1444 3696 Dei,
1499 3641 1553 3687 et
1609 3632 1914 3687 venientem
1948 3634 2001 3687 in

440 3721 670 3777 nubibus
702 3720 824 3776 caeli
851 3723 893 3775 ’.
924 3738 945 3773 ι
985 3721 1261 3787 Quomodo
1290 3721 1457 3777 Filius
1496 3721 2005 3779 hominisadextris

438 3812 654 3867 virtutis
706 3811 798 3867 Dei
850 3812 1039 3867 sedet?
1078 3811 1302 3867 Planum
1367 3813 1451 3868 e'st
1494 3811 1590 3868 Dei
1638 3814 1870 3870 Verbum
1928 3816 2003 3871 ita

437 3902 638 3957 factum
669 3918 789 3959 esse
835 3903 1070 3957 hominis
1127 3901 1345 3967 Filium,
1376 3911 1436 3957 ut
1481 3913 1661 3958 tamen
1699 3904 1841 3961 Deus
1883 3920 2003 3962 esse

445 4007 548 4047 non
607 3992 827 4049 desierit
861 4011 875 4047 :
906 3993 1106 4046 mansit
1148 3992 1295 4048 enim
1329 3993 1470 4061 quod
1508 4003 1649 4049 erat.
1675 3992 1788 4049 Hac
1840 3996 2003 4064 igitur

447 4086 649 4139 ratione
670 4085 946 4153 generanti
982 4083 1200 4149 assidet,
1229 4094 1283 4137 et
1316 4084 1368 4137 in
1411 4084 1714 4139 divinitatis
1744 4085 1913 4154 gloria
1948 4095 2002 4142 et

432 4172 722 4240 maiestate
749 4172 1106 4243 conspicuum
1139 4172 1404 4238 cernitur,
1435 4172 1601 4228 etiam
1627 4173 1672 4228 si
1701 4173 1901 4231 factum
1932 4176 2000 4230 sit

431 4274 582 4315 (2³1⁵οο

505 4388 526 4423 ‹
562 4369 721 4427 Jesus
741 4381 918 4427 autem
946 4371 1189 4427 clamans
1221 4387 1353 4428 voce
1405 4388 1619 4444 magna,
1650 4374 1832 4431 emisit
1874 4376 1989 4444 spi-

430 4463 615 4518 ritum.
649 4462 715 4518 Et
740 4477 867 4519 ecce
900 4463 1079 4519 velum
1134 4464 1315 4535 templi
1361 4465 1593 4521 scissum
1639 4477 1718 4522 est
1769 4468 1823 4523 in
1859 4469 1993 4525 duas

429 4561 631 4622 partes,
654 4567 685 4607 a
708 4566 922 4608 summo
948 4568 1119 4623 usque
1147 4554 1431 4623 deorsum;
1452 4565 1507 4611 et
1539 4564 1685 4612 terra
1707 4566 1852 4613 mota
1883 4570 1989 4623 est,

427 4648 484 4695 et
511 4649 679 4709 petrae
707 4642 893 4697 scissae
924 4651 1087 4709 sunt;
1116 4651 1170 4697 et
1197 4653 1542 4699 monumenta
1600 4655 1786 4715 aperta
1839 4657 1989 4713 sunt,

426 4737 484 4785 et
516 4729 681 4783 multa
720 4744 947 4801 corpora
999 4743 1308 4788 sanctorum
1341 4734 1434 4804 qui
1482 4736 1837 4803 dormierant,
1864 4754 1988 4793 sur-

425 4826 684 4874 rexerunt
712 4818 778 4873 ι’.
812 4837 832 4870 ι
862 4818 975 4890 84
994 4820 1049 4875 Si
1072 4821 1321 4881 Christus
1346 4826 1646 4882 communis
1667 4835 1784 4881 erat
1808 4827 1987 4894 homo,

418 4927 520 4969 cur
571 4908 665 4965 illo
722 4910 960 4963 animam
1015 4912 1347 4980 exspiraute,
1399 4915 1455 4971 in
1513 4915 1646 4986 ipsis
1704 4917 1991 4973 elementis

414 5010 571 5058 tanta
602 5000 802 5056 accidit
822 5002 1200 5059 conturbatio?
1224 5002 1314 5059 Sol
1333 5007 1498 5072 enim,
1525 5009 1775 5064 retractis
1799 5010 1987 5076 radiis,

412 5095 519 5149 diei
557 5093 809 5148 tenebras
835 5091 1024 5149 oﬂ‘udit
1060 5110 1074 5147 :
1114 5102 1256 5149 terra
1278 5096 1343 5150 ad
1378 5096 1491 5152 haec
1522 5096 1804 5154 Dominum
1826 5117 1981 5156 suum

408 5184 725 5241 Judzeorum
756 5184 1098 5242 contumeliis
1142 5185 1515 5256 indignissime
1558 5188 1809 5245 allectum
1853 5178 1982 5247 con-

408 5272 647 5341 spicata,
679 5275 923 5346 disrupta
952 5286 1068 5343 est;
1099 5286 1154 5331 et
1185 5277 1303 5346 ipse
1335 5278 1551 5333 tandem
1584 5279 1827 5334 infernus
1849 5296 1981 5335 san-

407 5371 624 5419 ctorum
677 5366 887 5422 animas
939 5368 1162 5423 dimisit.
1194 5365 1260 5422 Et
1292 5369 1577 5440 cuiusnam
1624 5380 1758 5425 nutu
1792 5371 1975 5426 omnia

2190 2271 2208 2303 ι
2235 2250 2406 2306 Ὅταν
2430 2248 2560 2321 ἔλθῃ
2574 2248 2745 2312 όΥίὸς
2766 2247 2858 2303 τοῦ
2885 2246 3173 2319 ἀνθρώπου
3197 2249 3256 2302 ὲν
3270 2250 3335 2320 τῇ
3352 2249 3479 2321 δόξῃ
3500 2251 3681 2320 αὑτοῦ,

2115 2342 2209 2396 καὶ
2248 2342 2449 2406 πάντες
2489 2342 2538 2394 oi
2568 2338 2789 2408 ἄγγελοι
2835 2339 2951 2410 μετ’
2981 2339 3168 2406 αὐτοῦ,
3197 2340 3320 2393 τότε
3354 2343 3570 2396 καθίσει
3595 2346 3680 2397 ἐπὶ

2117 2431 2301 2504 θρόνον
2328 2431 2488 2502 δόξης
2535 2429 2723 2486 αὑτοῦ.
2762 2449 2782 2483 ι
2825 2425 2974 2502 ’Δρα
3013 2430 3086 2494 ὡς
3131 2429 3413 2501 ἄνθρωπος
3460 2426 3541 2496 εἷς
3580 2434 3680 2486 τῶν

2117 2523 2238 2577 καθ’
2265 2526 2413 2594 ἡμᾶς
2458 2522 2765 2577 καθεδεῖται
2794 2521 3045 2592 Χριστὸς,
3083 2523 3510 2592 παρεστηκότων
3540 2523 3682 2593 αὐτῷ

2114 2614 2333 2668 πάντων
2378 2613 2490 2667 τῶν
2519 2612 2786 2683 ἀγγέλων,
2818 2610 2961 2666 οὕτω
3001 2628 3062 2665 τε
3090 2615 3270 2682 κρινεῖ
3313 2615 3406 2667 τὸν
3449 2616 3680 2684 κόσμονς

2111 2703 2266 2770 Εἶτα,
2314 2706 2466 2759 ποῖον
2495 2703 2609 2776 ἔχει
2655 2703 2814 2758 τοῦτο
2858 2702 3048 2772 λόγον;
3096 2703 3407 2776 Γέγραπται
3443 2704 3575 2777 γὰρ,
3603 2706 3681 2758 δτι

2118 2812 2137 2846 ε
2165 2790 2260 2859 Εἷς
2294 2796 2439 2849 ἐστιν
2462 2795 2491 2847 6
2512 2793 2808 2864 νομοθέτης
2834 2793 2929 2846 καὶ
2955 2793 3168 2865 κριτής.
3208 2813 3228 2846 ι
3262 2794 3395 2858 Θεὸς
3422 2791 3518 2848 οὖν
3574 2796 3677 2864 ἄρα

2108 2884 2360 2952 Χριστὸς,
2374 2885 2402 2937 6
2424 2885 2481 2936 ὲν
2496 2882 2621 2954 δόξῃ
2637 2882 2793 2948 Θεοῦ,
2808 2881 2903 2936 καὶ
2918 2882 3104 2953 θρόνον
3127 2882 3285 2953 ἔχων,
3304 2885 3399 2938 καὶ
3410 2885 3679 2956 παρεστῶ-

2106 2991 2205 3038 τας
2236 2974 2522 3043 ἀγγέλους,
2551 2974 2646 3029 καὶ
2686 2974 2888 3046 κρίνων
2910 2974 3009 3047 τὴν
3038 2975 3366 3047 οἰκουμένην
3390 2977 3450 3030 ἐν
3476 2977 3672 3031 δικαιο-

2108 3080 2264 3136 own.

2184 3280 2202 3313 ι
2233 3262 2389 3316 Καὶό
2411 3262 2719 3335 ἀρχιερεὺς,
2744 3263 2931 3335 φησιν,
2957 3257 3111 3318 εἷπεν
3133 3264 3282 3336 αὐτῷ
3300 3282 3319 3298 ο
3350 3264 3589 3338 Ὁρκίζω
3613 3284 3667 3321 σε

2107 3353 2247 3408 κατὰ
2275 3353 2370 3408 τοῦ
2405 3354 2538 3408 Θεοῦ
2563 3354 2658 3409 τοῦ
2699 3353 2919 3419 ζῶντος,
2952 3354 3038 3409 ἵνα
3068 3356 3202 3425 ἡμῖν
3232 3354 3414 3427 εἴπῃς,
3448 3358 3498 3410 εί
3528 3358 3592 3410 σὺ
3618 3352 3665 3408 εἶ

2104 3442 2134 3495 6
2165 3443 2395 3514 Χριστὸς
2414 3446 2442 3497 6
2473 3443 2597 3507 Υίδς
2634 3443 2729 3497 τοῦ
2750 3443 2887 3497 Θεοῦ
2921 3444 3016 3497 τοῦ
3046 3443 3272 3508 ζῶντος.
3294 3445 3462 3518 Δέγει
3490 3440 3633 3516 αὒτῷ
3651 3463 3666 3477 ·

2105 3533 2177 3585 Σὺ
2216 3528 2398 3597 εἴπας·
2430 3533 2579 3605 Πλὴν
2605 3534 2748 3603 λέγω
2786 3537 2936 3606 ὑμῖν,
2965 3535 3171 3606 ἀπάρτι
3206 3536 3404 3606 ὄψεσθε
3433 3537 3526 3592 τὸν
3548 3539 3667 3591 Υίὺν

2103 3621 2198 3676 τοῦ
2232 3622 2520 3692 ἀνθρώπου
2550 3624 2856 3695 καθήμενον
2901 3626 2966 3679 ὲκ
2995 3625 3183 3690 δεξιῶν
3228 3627 3329 3697 τῆς
3370 3627 3663 3698 δυνάμεως,

2105 3712 2198 3766 καὶ
2224 3712 2518 3783 ἐρχόμενον
2561 3715 2654 3767 ἐπὶ
2684 3715 2794 3769 τῶν
2819 3715 3057 3784 νεφελῶν
3084 3716 3178 3769 τοῦ
3207 3716 3463 3787 οὐρανοῦ.
3501 3738 3519 3769 ι
3552 3719 3667 3780 Πῶς

2103 3807 2131 3859 6
2156 3804 2283 3869 Υἱὸς
2306 3805 2402 3858 τοῦ
2433 3805 2720 3878 ἀνθρώπου
2751 3807 2985 3877 κάθηται
3038 3808 3103 3861 ὲκ
3144 3809 3335 3875 δεξιῶν
3378 3810 3483 3880 τῆς
3519 3810 3667 3865 δυνα-

2108 3914 2280 3968 μεως;
2332 3896 2470 3949 Ἀλλ’
2500 3897 2615 3951 ἔστι
2643 3898 2825 3966 δῆλον,
2854 3899 2934 3951 ὅτι
2966 3899 3069 3953 κᾶν
3097 3900 3146 3952 εί
3174 3899 3399 3968 γέγονεν
3427 3900 3558 3964 Υἱὸς
3578 3900 3665 3953 τοῦ

2102 3986 2388 4059 ἀνθρώπου
2441 3989 2469 4040 6
2515 3989 2580 4040 ὲκ
2620 3988 2755 4041 Θεοῦ
2793 3989 2986 4058 Λόγος,
3013 3990 3073 4044 οὺ
3107 3990 3385 4043 πέπαυται
3410 3991 3510 4044 τοῦ
3538 3988 3664 4044 εἶναι

2102 4081 2253 4145 Θεὸς,
2298 4081 2411 4134 ἀλλ’
2445 4079 2592 4133 ἔστιν
2632 4080 2660 4133 ὃ
2705 4077 2804 4152 ἦντ
2833 4081 3088 4154 ταύτῃτοι
3114 4083 3210 4137 καὶ
3254 4082 3567 4154 συνεδρεύει
3594 4082 3667 4151 τῷ

2101 4168 2350 4237 φύσαντι,
2378 4169 2472 4222 καὶ
2495 4168 2553 4222 ἐν
2580 4171 2694 4233 τοῖς
2721 4170 2821 4240 τῆς
2848 4170 3098 4241 θεότητος
3126 4170 3431 4243 ἀξιώμασιν
3464 4173 3661 4244 ἐμπρέ-

2101 4277 2218 4314 πων
2245 4260 2459 4331 δρᾶται,
2486 4258 2591 4313 κᾶν
2614 4260 2664 4312 εί
2687 4259 2877 4330 γέγονε
2911 4261 3066 4333 σάρξ.

2177 4389 2197 4422 ι
2221 4370 2278 4424 '0
2315 4370 2373 4424 δὲ
2407 4370 2615 4442 Ἰησοῦς
2666 4371 2874 4442 κράξας
2920 4374 3071 4444 φωνῇ
3120 4377 3354 4445 μεγάλῃ,
3386 4373 3568 4444 ἀφῆκε
3606 4372 3664 4426 τὸ

2100 4461 2342 4533 πνεῦμα.
2371 4462 2483 4515 Καὶ
2523 4460 2630 4515 ίδοὺ
2680 4462 2742 4516 τὸ
2794 4461 3191 4534 καταπέτασμα
3237 4462 3333 4517 τοῦ
3362 4464 3495 4529 ναοῦ
3521 4464 3659 4534 texi-

2100 4552 2198 4626 σθη
2236 4554 2316 4617 είς
2359 4552 2473 4619 δύο,
2504 4552 2714 4609 ἄνωθεν
2758 4554 2865 4619 ἕως
2910 4554 3088 4608 κάτω·
3116 4554 3209 4608 καὶ
3246 4557 3281 4625 ἡ
3319 4556 3392 4625 γῆ
3418 4556 3659 4625 ἐσείσθη,

2099 4644 2192 4698 καὶ
2220 4645 2275 4699 αί
2304 4645 2500 4718 πέτραι
2534 4643 2881 4715 ἐσχίσθησαν,
2916 4646 3011 4699 καὶ
3034 4644 3103 4699 τὰ
3133 4648 3378 4717 μνημεῖα
3397 4647 3661 4719 ἀνεῴχθη-

2099 4753 2217 4801 σαν,
2266 4737 2360 4790 καὶ
2406 4735 2576 4791 πολλὰ
2618 4735 2847 4808 σώματα
2894 4735 3003 4790 τῶν
3032 4736 3451 4807 κεκοιμημένων
3494 4736 3658 4804 ἁγίων

2090 4827 2412 4898 ἀνέστησαν.
2440 4845 2459 4880 ι
2494 4827 2557 4881 El
2582 4826 2758 4888 κοινὸς
2784 4825 3068 4897 ἄνθρωπος
3093 4822 3162 4897 ἦν
3188 4828 3215 4880 6
3242 4826 3503 4897 Χριστὸς,
3523 4825 3654 4888 πῶς,

2087 4916 2381 4981 τεθνεῶτος
2411 4916 2600 4985 αὐτοῦ,
2626 4914 2880 4979 τοσοῦτος
2926 4911 2993 4986 ἦν
3044 4918 3103 4969 ὲν
3153 4917 3267 4980 τοῖς
3318 4916 3655 4987 στοιχείοιςό

2087 5008 2342 5081 069060;;
2385 5010 2444 5062 '0
2471 5008 2569 5079 μὲν
2600 5008 2711 5079 γὰρ
2753 5007 2904 5076 ἥλιος
2943 5006 3040 5078 τὴν
3081 5009 3277 5063 ἀκτῖνα
3327 5006 3649 5066 συνέστειλε,

2087 5102 2180 5155 καὶ
2208 5102 2265 5154 ὲν
2299 5101 2480 5172 ἡμέρα
2511 5099 2700 5163 σκότος
2731 5099 3060 5169 εἰργάσατοο
3096 5099 3130 5168 ἡ
3158 5097 3214 5150 δὲ
3246 5096 3315 5167 γῆ
3342 5097 3436 5151 τὸν
3459 5096 3649 5163 ἑαυτῆς

2092 5191 2367 5262 Δεσπότην
2392 5190 2575 5262 δρῶσα
2597 5188 2701 5243 ὑπὸ
2720 5189 2825 5243 τῶν
2851 5186 3117 5241 Ἰουδαίων
3133 5187 3651 5258 ὲμπαροινούμενον,

2090 5282 2367 5353 ἐσχίζετο*
2416 5282 2593 5352 ἀφῆκε
2620 5281 2676 5334 δὲ
2714 5283 2743 5335 6
2782 5281 2916 5351 ᾅδης
2960 5280 3057 5342 τὰς
3106 5280 3216 5332 τῶν
3254 5280 3427 5348 ἁγίων
3454 5279 3649 5349 ψυχάς.

2089 5373 2244 5437 Τίνος
2269 5372 2439 5427 ταῦτα
2474 5372 2786 5438 ποιοῦντος;
2813 5367 2921 5442 ἄρα
2946 5371 3068 5441 οὐχ).
3091 5370 3263 5438 Θεοῦ;
3300 5371 3432 5436 Θεὸς
3460 5373 3561 5442 γὰρ

485 5561 970 5656 ζξξιιιιιεξκιιῇξξὶ
1529 5570 1548 5601 ⁸
1583 5569 1720 5626 Psal.
1759 5585 1879 5656 vttt,
1908 5571 1943 5624 2
1976 5572 2031 5626 ιι.
2107 5572 2126 5604 ⁷
2161 5570 2348 5626 Matth.
2388 5584 2509 5634 xxv,
2543 5569 2629 5622 51.
2707 5569 2728 5601 ⁸
2767 5566 2880 5623 Jac.
2917 5582 2988 5633 tv,
3042 5566 3127 5621 14.
3221 5570 3242 5601 ν
3273 5567 3462 5624 Matth.
3506 5584 3635 5625 uti.

441 5632 528 5692 63,
564 5630 652 5684 64.
732 5633 773 5664 ‘°
809 5632 992 5687 Matth.
1030 5650 1201 5693 xxv".
1234 5634 1421 5690 50-52.
