3970 6136
267 315 416 369 1269

1365 315 1456 372 DE
1494 315 1727 372 RECTA
1765 317 1924 375 FIDE
1965 319 2053 374 AD
2093 316 2416 375 REGINAS.

3372 323 3511 379 1270

261 425 326 481 ὲν
362 428 545 497 σαρκὶ,
573 421 618 495 ᾧ
651 429 743 483 καὶ
781 430 816 501 ή
856 428 1033 494 κτίσις
1080 428 1425 503 ὑϐριζομένῳ
1470 434 1669 506 τρόπον
1717 436 1829 491 τινὰ

1942 435 2058 491 haec
2088 435 2324 492 ﬁebant?
2351 448 2530 490 nonne
2560 433 2696 491 Dei?
2733 434 2874 492 Deus
2905 437 3048 491 enim
3079 446 3194 494 erat
3224 438 3278 495 in
3322 454 3508 508 carne,

266 518 659 587 συνωργίζετο.

478 800 575 854 Ἐκ
614 800 721 856 τοῦ
758 802 907 858 κατὰ
945 802 1227 875 Ἰωάννην
1261 809 1651 880 Εὐαγγελίου.

341 926 362 960 ι
394 909 565 974 Αὐτὸς
590 910 647 965 δὲ
678 914 707 967 6
741 913 948 985 Ἰησοῦς
975 916 1076 971 οὑκ
1109 917 1394 974 ἐπίστευεν
1435 921 1597 975 αὑτὸν
1630 924 1835 989 αὐτοῖς,

258 999 352 1054 διὰ
398 1003 461 1054 τὸ
504 1004 666 1057 αὑτὸν
696 1007 988 1074 γινώσκειν
1031 1009 1242 1063 πάνταο
1274 1010 1379 1065 καὶ
1420 1012 1502 1065 ὅτι
1551 1013 1610 1066 οὐ
1649 1013 1838 1085 χρείαν

260 1086 436 1163 εἶχεν,
467 1094 552 1147 ἵνα
577 1112 662 1159 τις
689 1099 1013 1171 μαρτυρήσῃ
1044 1103 1174 1171 περὶ
1201 1101 1296 1155 τοῦ
1328 1101 1620 1175 ἀνθρώπου
1638 1122 1651 1135 ·
1673 1106 1837 1171 αὐτὸς

257 1183 375 1273 γαρ
416 1185 699 1253 ἐγίνωσκε,
726 1187 779 1239 τί
810 1183 878 1259 ἦν
911 1191 969 1242 ἐν
1009 1190 1088 1260 τῷ
1127 1191 1419 1265 ἀνθρώπῳ.
1456 1212 1474 1246 ι
1520 1196 1660 1273 Περὶ
1700 1196 1835 1251 Θεοῦ

256 1272 597 1345 γέγραπται,
624 1279 706 1332 ὅτι
753 1298 772 1331 ι
794 1278 852 1332 'U
879 1279 1088 1345 πλάσας
1117 1283 1428 1354 καταμόνας
1469 1286 1568 1349 τὰς
1613 1272 1836 1359 καρδίας

255 1365 465 1420 αὑτῶν.
494 1386 513 1420 ι
570 1369 678 1422 Καὶ
729 1370 889 1434 αὐτὸς
938 1372 996 1425 δέ
1033 1373 1135 1425 πού
1186 1390 1340 1444 φησι·
1402 1394 1419 1427 ι
1449 1374 1541 1448 Μὴ
1578 1378 1835 1449 ἀπ’ὲμοῦ

255 1455 603 1525 κρυϐήσεταί
650 1474 736 1523 τις
774 1477 794 1512 ι
842 1461 908 1514 Et
955 1461 1013 1515 δὲ
1057 1464 1233 1518 πάντα
1264 1465 1496 1535 Χριστὸς
1525 1468 1833 1536 ἐπίσταται,

255 1546 358 1598 καὶ
388 1543 495 1599 οἶδε
524 1547 594 1602 τὰ
626 1549 722 1602 τοῦ
758 1551 1068 1622 ἀνθρώπου,
1096 1555 1215 1620 πῶς
1241 1557 1341 1610 οὐκ
1370 1557 1437 1611 ἂν
1466 1557 1553 1629 είη
1580 1559 1733 1626 Θεὸς,
1757 1560 1833 1626 ὡς

257 1635 514 1705 καρδίας
541 1637 758 1699 ἐτάζων
789 1641 886 1695 καὶ
915 1646 1172 1713 νεφρούς
1187 1662 1208 1709 ;

332 1825 354 1858 σ
378 1807 567 1878 Ὑμεῖς
608 1815 962 1881 προσκυνεῖτε
1009 1814 1038 1867 6
1086 1815 1186 1870 οὐκ
1229 1787 1428 1883 οἴδατε,
1459 1820 1620 1892 ἡμεῖς
1656 1839 1829 1888 προσ·
1861 1807 1905 1865 Β

170 1896 177 1897 ί
251 1899 531 1969 κυνοῦμεν
559 1900 587 1953 ὃ
616 1902 838 1973 οἴδαμεν
858 1920 871 1934 ·
900 1904 981 1958 ὅτι
1007 1906 1040 1975 ή
1070 1906 1312 1977 σωτηρία
1340 1911 1404 1963 ὲκ
1428 1909 1534 1963 τῶν
1559 1910 1829 1967 Ἰουδαίων

250 1990 426 2043 ἐστίν.
457 2008 476 2043 ι
497 1991 759 2057 Ἀκούεις,
789 1994 872 2047 ὅτι
902 1995 999 2064 τὴν
1031 1997 1298 2068 σωτηρίαν
1329 2000 1392 2052 ὲκ
1422 1999 1531 2055 τῶν
1563 2002 1827 2059 Ἰουδαίων

243 2073 396 2132 εἷναί
439 2098 613 2153 φησις
666 2083 858 2137 Καίτοι
911 2085 1137 2158 Σωτῆρα
1185 2088 1317 2143 Θεὸν
1362 2092 1833 2165 ὲπεγραψάμεθαν

238 2168 463 2222 σέσωκε
505 2172 615 2243 γὰρ
664 2173 812 2242 ἡμᾶς
856 2174 917 2226 οὐ
963 2176 1225 2247 πρέσϐυς,
1266 2178 1658 2249 οὑκ,ἄγγελος,
1699 2183 1828 2237 ἀλλ’

235 2258 415 2322 αὐτὸς
451 2260 479 2312 6
510 2262 730 2332 Κύριος,
766 2266 906 2319 κατὰ
950 2267 1049 2330 τὰς
1096 2267 1675 2342 Γραφάς.Ὠνόμασται
1717 2273 1825 2348 γὰρ

235 2348 489 2420 Χριστὸς
535 2350 775 2425 Ἰησοῦς,
826 2356 1063 2426 γεγονὼς
1109 2359 1167 2425 ἐξ
1219 2360 1484 2416 Ἰουδαίων
1528 2364 1668 2418 κατὰ
1726 2367 1826 2437 τὴν

237 2439 311 2492 cdt
329 2456 451 2508 ρκα.
469 2441 674 2512 Ἰησοῦς
710 2461 773 2513 γε
807 2446 911 2515 μὴν
955 2445 1311 2516 ἑρμηνεύεται
1342 2451 1625 2519 σωτηρία.
1653 2451 1823 2516 Αὐτὸς

236 2527 345 2584 οὖν
370 2532 477 2601 ἄρα
504 2534 653 2595 ἐστὶν
682 2537 714 2606 ἡ
737 2536 801 2590 ὲκ
827 2536 935 2589 τῶν
970 2537 1235 2591 Ἰουδαίων
1267 2539 1699 2611 σωτηρία.”Ωστε
1720 2542 1823 2596 κᾶν

238 2622 290 2674 εἰ
351 2621 541 2690 γέγονε
590 2624 724 2696 σὰρξ
767 2628 796 2679 6
839 2627 1028 2695 Λόγος,
1060 2627 1153 2680 καὶ
1183 2627 1477 2683 ἐπελάϐετο
1509 2631 1823 2703 σπέρματος

252 2712 533 2784 Ἀϐραὰμ,
569 2714 704 2780 Θεός
727 2718 844 2770 ἐστι
875 2717 968 2773 καὶ
1000 2717 1140 2788 μετὰ
1169 2718 1388 2790 σαρκός.

328 2998 347 3032 ι
368 2980 560 3054 Ἀμὴν,
595 2979 742 3053 ἀμὴν
767 2981 909 3052 λέγω
938 2982 1086 3055 ὑμῖν,
1134 2987 1163 3040 6
1196 2985 1466 3043 πιστεύων
1492 2991 1572 3053 εἰς
1601 2991 1719 3061 ἐμὲ,
1751 2989 1820 3044 τὰ

244 3070 387 3142 ἔργα
437 3072 472 3127 ἃ
523 3072 634 3142 ἐγὼ
692 3074 853 3140 ποιῶ,
881 3076 1131 3140 κάκεῖνος
1177 3078 1414 3148 ποιήσει,
1450 3079 1548 3133 καὶ
1595 3081 1819 3150 μείζονα

244 3163 455 3217 τούτων
507 3166 758 3235 ποιήσει·
816 3166 898 3221 ὅτι
947 3166 1058 3237 ἐγὼ
1106 3168 1244 3239 πρὸς
1302 3170 1395 3224 τὸν
1439 3171 1656 3243 Πατέρα
1714 3191 1818 3245 μου
1846 3153 1893 3217 C

246 3256 567 3329 πορεύομαι.
595 3259 705 3311 Καὶ
725 3260 753 3312 ὃ
778 3277 831 3312 τι
867 3259 932 3315 ἂν
965 3262 1225 3332 αἰτήσητε
1259 3262 1316 3316 ὲν
1340 3262 1418 3333 τῷ
1443 3263 1666 3335 ὀνόματί
1690 3283 1813 3336 μου,

244 3348 400 3401 τοῦτο
426 3350 654 3419 ποιήσω.
686 3369 705 3401 ι
734 3351 1053 3422 Πορεύεται,
1077 3354 1229 3422 φησὶ,
1261 3355 1394 3424 πρὸς
1412 3355 1504 3408 τὸν
1531 3357 1748 3428 Πατέρα
1766 3361 1815 3424 ε,

246 3439 422 3491 καίτοι
472 3439 631 3505 φύσει
681 3440 813 3504 Θεὸς
847 3442 1106 3513 ὑπάρχων
1132 3445 1160 3495 6
1194 3445 1340 3509 Υἰὸς,
1366 3446 1458 3497 καὶ
1491 3447 1652 3510 αὐτὸς
1681 3448 1755 3501 ὢν
1786 3452 1815 3502 6

248 3530 424 3579 πάντα
459 3528 698 3598 πληρῶν.
736 3532 1029 3599 Πορεύεται
1063 3534 1169 3602 γὰρ
1203 3534 1591 3603 ἀνθρωπίνως·
1625 3539 1816 3608 ἀνελή-

247 3618 356 3687 φθη
390 3618 499 3688 γὰρ
528 3622 606 3682 εἰς
631 3619 721 3673 τὸν
746 3621 990 3690 οὐρανόν.
1009 3622 1148 3675 Ἀλλ’
1170 3623 1244 3686 ὡς
1269 3623 1401 3686 Θεὸς
1425 3627 1816 3695 ἐπαγγέλλεται

245 3708 487 3779 πληροῦν
519 3709 588 3763 τὰ
616 3711 891 3781 αἰτήματα
932 3712 1046 3765 τῶν
1079 3716 1547 3785 προσευχομένων,
1576 3719 1624 3771 εί
1652 3720 1711 3772 ὲν
1739 3719 1817 3789 τῷ

242 3799 471 3872 ὀνόματι
505 3803 669 3856 αὑτοῦ
699 3808 932 3858 ποιοῖντο
963 3807 1061 3869 τὰς
1088 3805 1256 3869 λιτάς.
1294 3804 1428 3861 Εἶτα
1463 3810 1570 3863 τίνι
1597 3811 1663 3864 ἂν
1682 3810 1818 3883 πρέ-

244 3906 336 3942 ποι
373 3890 570 3961 μᾶλλον
599 3894 659 3946 τὸ
693 3894 933 3965 πληροῦν
970 3897 1134 3966 εὐχὰς
1173 3898 1364 3967 ἁγίων,
1385 3901 1480 3953 καὶ
1499 3900 1815 3973 χαρίζεσθαι

240 3980 311 4033 τὰ
357 3984 654 4056 αἰτήματα,
691 3984 829 4055 πλὴν
878 3987 960 4041 ὄτι
1010 3989 1157 4059 μόνῳ
1203 3989 1281 4060 τῷ
1325 3991 1467 4045 κατὰ
1517 3993 1677 4061 φύσιν
1718 3993 1815 4047 καὶ

241 4072 462 4146 ἀληθῶς
488 4076 601 4129 ὄντι
639 4077 759 4148 Θεῷ
780 4095 795 4145 ;
1232 4084 1239 4089 ’

319 4187 337 4219 ι
371 4169 481 4239 Οὐχ
513 4169 667 4239 ὑμεῖς
705 4187 773 4239 με
814 4170 1146 4238 ἐξελέξασθε,
1186 4173 1300 4227 ἀλλ’
1328 4173 1440 4243 ἐγὼ
1484 4172 1813 4248 ἐξελεξάμην

239 4257 386 4327 ὑμᾶς
414 4260 507 4312 καὶ
539 4260 712 4331 ἔθηκα
743 4261 906 4332 ὑμᾶς,
936 4263 1022 4317 ἵνα
1052 4264 1207 4334 ὑμεῖς
1235 4265 1503 4336 ὑπάγητε,
1534 4266 1630 4319 καὶ
1676 4283 1814 4337 καρ-

246 4349 345 4402 πὸν
378 4351 601 4421 φέρητε,
640 4353 733 4406 καὶ
760 4353 788 4405 6
819 4354 1028 4425 καρπὸς
1063 4355 1217 4424 ὑμῶν
1258 4357 1446 4429 μείνῃ·
1480 4357 1567 4410 ἵνα
1599 4359 1627 4411 ὃ
1663 4374 1715 4410 τι
1745 4357 1812 4413 ἂν

1943 541 2051 596 quo
2083 535 2190 582 tam
2236 527 2626 584 contumeliose
2683 537 2939 596 tractato,
2967 529 3082 600 ipsa
3116 545 3332 602 quoque
3357 546 3506 587 erea-

1943 626 2064 672 tura
2118 618 2513 688 quodammodo
2576 619 2657 674 ira
2713 627 2768 674 et
2822 619 3191 691 indignatione
3242 622 3509 680 eti'ereba-

1943 715 1995 760 ιιι
2004 723 2051 763 Γ.

2208 812 2296 869 Ea:
2326 815 2609 887 Evangelia
2637 818 2921 873 secundum
2942 819 3222 876 Joannem.

2014 942 2034 977 ι
2063 923 2219 982 Iesus
2265 936 2444 984 autem
2471 945 2576 984 non
2615 930 2875 986 credebat
2917 934 3266 1004 semetipsum
3311 936 3413 1002 eis,
3445 952 3511 992 eo

1938 1018 2079 1086 quod
2126 1017 2240 1086 ipse
2275 1030 2461 1074 nosset
2490 1035 2701 1085 omnes,
2738 1030 2793 1075 et
2841 1022 2969 1092 quia
2997 1039 3132 1094 Opus
3176 1026 3226 1081 ei
3257 1044 3362 1082 non
3393 1038 3511 1083 erat

1936 1116 1996 1161 ut
2040 1107 2161 1177 quis
2222 1111 2960 1188 tcstimonium_perhiberet
3009 1115 3075 1170 de
3120 1116 3358 1173 homine.
3389 1120 3509 1188 ipse

1935 1198 2080 1254 enim
2115 1198 2343 1268 sciebat,
2382 1201 2515 1270 quid
2564 1179 2711 1258 esset
2755 1204 2810 1259 in
2865 1205 3081 1261 homine
3114 1209 3181 1263 “.
3222 1227 3241 1261 ι
3282 1211 3355 1265 De
3399 1212 3523 1267 Deo~

1935 1287 2193 1355 scriptum
2252 1298 2485 1345 exstat:
2540 1309 2559 1344 ι
2620 1291 2721 1359 Qui
2790 1293 2947 1348 ﬂuxit
2994 1295 3271 1366 sigillatim
3341 1303 3515 1356 corda-

1934 1390 2121 1431 corum
2156 1379 2219 1433 ι’.
2258 1398 2276 1432 ›
2312 1381 2379 1435 Ει
2411 1381 2525 1451 ipse
2556 1382 2685 1437 alibi
2708 1384 2784 1438 ait
2812 1400 2828 1439 :
2868 1402 2890 1436 ι
2919 1382 3036 1439 Non
3078 1387 3342 1442 celabitur
3367 1405 3397 1443 a
3420 1406 3513 1447 me

1933 1468 2153 1523 omnino
2207 1472 2498 1541 quidquam
2529 1472 2594 1527 ¹³.
2665 1492 2686 1526 ι
2747 1475 2804 1530 Si
2857 1490 2986 1544 ergo
3021 1476 3270 1534 Christus
3324 1483 3506 1537 omnia

1932 1559 2201 1631 intelligit,
2224 1570 2278 1617 et
2298 1564 2474 1617 omnia
2506 1578 2625 1633 qua:
2642 1574 2767 1620 sunt
2790 1565 2843 1621 in
2870 1566 3090 1622 homine
3118 1579 3309 1624 exacte
3334 1572 3503 1637 novit,

1932 1660 2117 1721 utpote
2135 1666 2377 1710 scrutans
2401 1672 2582 1710 eorum
2605 1657 2769 1711 corda
2808 1668 2855 1711 et
2903 1674 3070 1726 renes,
3099 1661 3368 1730 quomodo
3396 1676 3502 1717 non

1931 1753 2015 1798 est
2038 1742 2217 1800 Deus?

2013 1851 2032 1885 ι
2066 1833 2170 1889 Vos
2207 1835 2444 1890 adoratis
2474 1835 2616 1904 quod
2651 1835 2893 1899 nescitis,
2921 1851 3020 1891 nos
3048 1837 3337 1894 adoramus
3361 1840 3503 1909 quod

1932 1924 2138 1980 scimus
2175 1938 2190 1978 :
2228 1926 2485 1994 quoniam
2532 1926 2681 1980 salus
2717 1941 2781 1981 ex
2814 1925 3015 1982 Judaeis
3070 1935 3153 1982 est
3181 1927 3248 1981 ".
3278 1946 3296 1979 ι
3333 1928 3504 1985 Audis

1931 2013 2160 2069 salutem
2215 2030 2278 2069 es
2326 2012 2527 2070 Judzeis
2578 2029 2700 2070 esse
2756 2017 3299 2087 asscreutem.Atqui
3335 2017 3504 2072 Deum

1933 2096 2269 2158 Salvatorem
2305 2105 2462 2159 nobis
2507 2106 2881 2173 ascripsimus,
2906 2108 3067 2175 eique
3096 2108 3311 2162 nomina
3347 2110 3504 2163 dedi-

1931 2209 2073 2249 mus.
2115 2192 2353 2248 Salvavit
2385 2195 2528 2249 enim
2557 2210 2655 2249 nos
2698 2210 2802 2249 non
2836 2196 3067 2265 legatus,
3097 2214 3204 2252 non
3254 2201 3498 2268 angelus,

1930 2283 2025 2339 sed
2089 2282 2350 2338 Dominus
2398 2284 2556 2353 ipse,
2623 2277 2917 2339 secundum
2969 2285 3279 2355 Scripturas
3319 2287 3380 2341 ".
3433 2291 3502 2342 At

1929 2373 2176 2430 Christus
2225 2375 2314 2444 qui
2362 2374 2657 2430 secundum
2708 2389 2925 2429 carnem
2958 2390 3025 2430 ex
3078 2374 3283 2431 Judmis
3337 2386 3511 2433 natus

1929 2477 2032 2536 est,
2066 2468 2191 2524 Jesu
2250 2483 2442 2524 nomen
2478 2468 2704 2524 sortitus
2748 2479 2848 2523 εει.
2883 2467 3013 2524 Jesu
3053 2479 3230 2525 autem
3287 2485 3486 2527 nomen

1929 2552 2341 2625 interpretatum
2382 2553 2607 2608 salutem
2659 2563 2836 2609 sonat.
2862 2555 2979 2627 Ipse
3013 2558 3195 2627 itaque
3248 2559 3499 2615 Christus

1929 2650 2011 2696 est
2039 2641 2187 2695 salus
2221 2642 2333 2708 illa,
2372 2658 2494 2714 quae
2530 2658 2599 2698 ex
2637 2643 2835 2701 Judacis
2898 2647 3140 2716 profecta
3167 2658 3268 2705 est.
3296 2651 3494 2718 Quam-

1924 2732 2117 2788 obrem
2170 2732 2296 2787 licet
2353 2732 2590 2789 Verbum
2642 2751 2772 2791 caro
2835 2736 3033 2792 factum
3091 2740 3253 2805 sit,et
3310 2756 3511 2797 semen~

1926 2822 2158 2878 Abrahae
2225 2825 2678 2894 apprehenderit;
2738 2826 2880 2884 Deus
2953 2829 3301 2887 nihilominus
3370 2848 3501 2889 cum

1927 2923 2203 2984 assumpta
2233 2930 2397 2971 carne
2426 2918 2743 2986 permansit.

2011 3024 2031 3058 ι
2053 3005 2245 3072 Amen,
2270 3022 2424 3061 amen
2448 3006 2570 3062 dico
2598 3008 2768 3073 vobis,
2792 3009 2882 3078 qui
2912 3010 3083 3065 credit
3119 3011 3171 3065 in
3197 3027 3301 3077 me,
3326 3026 3507 3080 operae-

1926 3111 2047 3166 quae
2114 3112 2214 3168 ego
2271 3096 2433 3164 iacio,
2457 3107 2514 3153 et
2555 3099 2671 3168 ipse
2721 3099 2908 3166 faciet,
2941 3110 2995 3155 et
3041 3100 3243 3169 majora
3297 3104 3492 3158 horum

1921 3186 2258 3256 faciet:quia
2284 3202 2383 3257 ego
2423 3188 2562 3242 vado
2607 3188 2674 3242 ad
2726 3187 2937 3243 Patrem
2975 3207 2989 3243 :
3024 3199 3079 3244 et
3134 3190 3494 3260 quodcunque

1920 3279 2185 3348 petieritis
2222 3278 2272 3332 iu
2300 3280 2518 3333 nomine
2564 3295 2706 3347 meo,
2743 3281 2845 3335 hoc
2904 3281 3099 3335 faciant
3133 3281 3199 3334 ¹⁶.
3233 3301 3252 3334 ι
3278 3283 3356 3335 Ad
3382 3280 3489 3337 Pa-

1921 3380 2057 3425 trem
2087 3385 2145 3426 se
2178 3371 2331 3426 abire
2369 3370 2673 3436 denuntiat,
2709 3387 2831 3426 cum
2882 3382 3061 3427 tamen
3114 3373 3254 3427 Deus
3296 3383 3489 3429 natura

1920 3459 2090 3513 Filius
2128 3461 2218 3525 sit,
2247 3461 2468 3529 ipseque
2513 3462 2692 3514 omnia
2738 3461 2980 3531 impleat.
3035 3462 3293 3517 Abscedit
3343 3465 3488 3519 enim

1902 3547 2220 3600 secundum
2285 3550 2576 3602 humanam
2632 3556 2907 3603 naturam.
2953 3550 3025 3604 At
3078 3565 3211 3605 vero
3256 3550 3382 3605 licet
3431 3562 3492 3607 ut

1920 3636 2082 3689 homo
2137 3634 2191 3688 in
2245 3636 2442 3689 cmlum
2487 3648 2795 3706 assumptus
2828 3639 2942 3703 sit,
2983 3647 3040 3692 ut
3099 3639 3241 3696 Deus
3307 3651 3489 3697 tamen

1919 3724 2216 3792 supplicum
2240 3734 2362 3779 vota
2381 3740 2439 3779 se
2459 3726 2767 3780 auditurum
2796 3728 3089 3797 promittit,
3117 3730 3161 3783 si
3188 3730 3238 3783 in
3265 3734 3483 3786 nomine

1919 3813 2064 3869 illius
2092 3815 2533 3884 supplicaverint.
2560 3815 2680 3870 Jam
2708 3817 2815 3878 cui.
2851 3832 3056 3886 quaeso,
3084 3819 3264 3872 verius
3286 3835 3487 3876 conve-

1917 3904 2002 3958 nit
2022 3913 2333 3959 sanctorum
2368 3905 2654 3973 postulatis
2688 3900 3028 3972 Salisfacere,
3048 3907 3158 3977 85
3189 3923 3488 3978 eorumque

1916 3995 2057 4049 votis
2086 4008 2150 4049 ac
2170 3993 2458 4050 desideriis
2489 3996 2839 4065 respondere,
2872 4011 3036 4067 quam
3064 3998 3165 4053 soli
3208 4012 3273 4054 ac
3304 4000 3497 4056 nativo

1916 4084 2062 4140 Deo?

1995 4194 2015 4228 ι
2056 4175 2173 4231 Non
2201 4191 2299 4232 vos
2321 4191 2406 4232 me
2435 4176 2695 4248 elegistis,
2714 4179 2806 4233 sed
2828 4193 2929 4250 ego
2963 4179 3097 4251 elegi
3118 4188 3307 4246 vos,et
3330 4185 3483 4251 posui

1915 4281 2011 4323 vos
2036 4277 2096 4322 ut
2120 4269 2283 4334 eatis,
2328 4277 2383 4323 et
2433 4268 2670 4323 fructum
2696 4269 2955 4337 aﬂeratis,
2981 4281 3036 4326 et
3061 4273 3269 4328 fructus
3301 4287 3483 4329 vester

1919 4366 2253 4425 maneat;ut
2304 4359 2663 4430 quodcunque
2717 4361 2980 4431 petieritis
3027 4360 3241 4417 Patrem
3286 4365 3339 4417 in
3383 4379 3482 4419 no-

238 4438 502 4508 αἰτήσητε
550 4440 641 4494 τὸν
682 4441 901 4511 Πατέρα
941 4444 998 4495 ἐν
1039 4441 1115 4513 τῷ
1156 4443 1379 4515 ὀνόματί
1420 4461 1552 4514 μου,
1587 4444 1799 4519 δῴίσει]

1933 4440 2063 4506 nine
2099 4464 2239 4517 meo,
2277 4451 2369 4505 det
2392 4450 2543 4529 vobis
2574 4451 2639 4507 ".
2675 4470 2696 4503 ι
2729 4452 2807 4507 En
2860 4453 2978 4522 pari
3025 4467 3085 4508 se
3133 4468 3254 4508 cum
3289 4454 3398 4509 Deo
3428 4464 3484 4510 et

238 4527 387 4597 ὑμῖν.
419 4548 438 4581 ›
459 4530 589 4583 Ἰδοὺ
621 4533 895 4603 πανταχοῦ
933 4534 1206 4589 δείκνυσιν
1239 4538 1321 4589 ὅτι
1347 4537 1416 4590 τὰ
1444 4538 1533 4590 ἶσα
1577 4538 1695 4608 μετ’
1720 4538 1808 4605 ἐξ·

1933 4542 2076 4596 ?atre
2124 4551 2390 4612 potestate
2419 4527 2642 4612 pollere,
2684 4543 2944 4612 pariaque
2993 4543 3169 4597 eidem
3220 4553 3483 4612 praestare

237 4623 422 4685 ουσίας
452 4624 665 4694 ἐνεργεῖ
695 4625 770 4695 τῷ
797 4626 970 4697 Πατρί
987 4608 1289 4696 δ.Ἔξρασκε
1318 4628 1445 4701 γὰρ,
1474 4629 1555 4682 ὅτι
1589 4630 1690 4682 «Ὃ
1709 4629 1806 4683 ἐὰν

1933 4648 2069 4689 )osse
2087 4648 2357 4703 nusquam
2390 4649 2495 4688 non
2522 4633 2782 4689 inculcat.
2807 4634 3026 4689 Dixerat
3051 4635 3192 4689 enim
3218 4652 3231 4688 :
3259 4653 3276 4686 ι
3298 4636 3480 4702 Quod-

236 4715 495 4785 αἰτήσητε
520 4718 578 4769 ὲν
614 4717 692 4788 τῷ
716 4718 938 4788 ὀνόματί
969 4736 1094 4788 μου,
1122 4720 1329 4791 ποιήσω
1348 4737 1363 4752 ο
1393 4738 1412 4772 r
1452 4719 1569 4774 νυνὶ
1607 4719 1666 4774 δέ
1699 4738 1805 4792 φη-

1933 4739 2125 4796 :unque
2160 4724 2427 4794 petieritis
2456 4723 2514 4779 in
2563 4725 2784 4779 nomine
2836 4740 2979 4789 meo,
3009 4724 3242 4780 faciam:
3274 4744 3295 4779 ι
3335 4741 3482 4781 nunc

239 4822 322 4859 σιν
341 4822 353 4834 ’
398 4809 496 4861 «Ὅ
519 4825 572 4860 τι
604 4808 700 4862 ἐὰν
726 4812 985 4881 αἰτήσητε
1015 4811 1105 4864 τὸν
1137 4812 1357 4883 Πατέρα
1382 4813 1455 4877 ¹ὲν
1479 4812 1556 4884 τῷ
1582 4812 1805 4883 ὀνόματί

1933 4824 2092 4871 tutem
2128 4816 2242 4871 ait:
2279 4834 2299 4869 ι
2332 4816 2702 4886 Quodcunque
2726 4816 2993 4887 petieritis
3031 4817 3244 4872 Patrem
3287 4818 3341 4873 in
3377 4834 3478 4873 no-

240 4913 341 4965 μου
359 4939 372 4960 ,
397 4897 604 4970 δῷ[σει]
635 4901 781 4969 ὑμῖν.
816 4919 834 4951 ι
853 4896 1000 4972 ’Δρα
1022 4897 1115 4955 οὖν
1149 4903 1255 4975 ἰδίᾳ
1278 4904 1376 4974 μὲν
1403 4903 1616 4957 δίδωσιν
1640 4906 1668 4958 6
1691 4906 1806 4958 Πα-

1933 4907 2057 4962 nine
2084 4922 2224 4972 meo,
2254 4906 2404 4962 dabit
2436 4907 2587 4962 vobis
2613 4907 2678 4961 ⁸⁸.
2713 4924 2735 4959 ›
2772 4905 3023 4976 Nunquid
3069 4922 3199 4978 ergo
3226 4924 3476 4963 seorsum

236 4990 340 5059 τὴρ
363 4990 483 5060 δίχα
508 4991 601 5044 τοῦ
634 4992 785 5057 Υἰοῦ,
811 4994 915 5066 ἰδία
946 4994 1120 5048 δὲκαὶ
1153 4995 1258 5048 ἀνὰ
1281 4982 1446 5066 μέρος
1469 4998 1497 5049 6
1523 4995 1654 5059 Υἰὸς
1682 4995 1805 5067 δίχα

1933 4998 2086 5067 ιιίῳιει
2108 4998 2395 5069 dilargitur
2427 4997 2585 5053 Pater
2626 4998 2832 5068 absque
2863 4997 3022 5064 Filio,
3048 5008 3142 5053 aut
3171 4982 3340 5053 Filqu
3359 5014 3479 5052 rur-

235 5080 329 5132 τοῦ
358 5081 596 5153 Πατρός;
627 5084 834 5139 Οὑκοῦν
860 5086 1012 5157 παρὰ
1038 5084 1131 5139 δύο
1154 5086 1292 5140 θεῶν
1315 5089 1425 5150 τοῖς
1445 5087 1620 5155 ἁγίοις
1646 5086 1713 5141 τὰ
1742 5087 1801 5141 ὲν

1938 5104 2026 5143 um
2094 5104 2337 5144 seorsum
2374 5088 2760 5160 sigillatimque
2820 5090 3134 5159 impertitur
3207 5087 3465 5142 nonnulla

234 5172 419 5243 εὐχαῖς
453 5174 764 5245 αἰτήματα;
805 5177 947 5231 Ἀλλ’
979 5179 1077 5249 οὐχ
1121 5176 1292 5242 οὑτως
1327 5177 1440 5248 ἔχει
1481 5175 1691 5232 ταῦτα’
1728 5175 1803 5247 μὴ

1933 5178 2112 5247 ιῦὃψίθ
2142 5176 2323 5244 Patre,
2356 5177 2427 5232 ita
2461 5186 2574 5234 uta
2598 5177 2805 5234 duobus
2842 5178 2945 5233 diis
2976 5184 3318 5246 praestentur,
3346 5191 3465 5245 quae

311 5332 345 5360 ”
377 5331 531 5386 Joan.
571 5347 632 5401 It,
661 5331 751 5396 24,
783 5332 874 5389 25.
954 5333 995 5363 "
1018 5331 1161 5387 Psal.
1194 5347 1378 5396 xxxiv,
1410 5332 1498 5387 15.
1578 5331 1622 5363 ⁸³
1646 5328 1845 5387 Jerem.
1883 5345 2026 5398 xvn,
2061 5330 2147 5386 10.
2222 5331 2266 5363 ιδ
2290 5330 2446 5400 Joan,
2473 5346 2547 5401 tv,
2582 5331 2672 5388 92.
2714 5331 2757 5364 "
2787 5329 2894 5388 isa.
2923 5344 3080 5396 ut",
3112 5329 3166 5386 9.
3242 5326 3465 5385 “Joan.

237 5399 325 5464 12,
364 5403 448 5456 t3.
530 5403 569 5433 ¹⁷
605 5400 760 5457 Joan.
788 5418 881 5467 xv,
917 5401 1002 5457 16.
1083 5403 1126 5434 ¹⁸
1151 5401 1319 5458 l’Cor.
1360 5416 1466 5467 vm,
1512 5400 1563 5455 6.

1288 5557 1464 5613 Variae
1491 5555 1750 5613 lectiones
1779 5554 1981 5611 codicis
2011 5553 2373 5626 Seguieriani.

311 5706 334 5743 ε
372 5705 457 5760 ἴσ.
487 5702 816 5775 Πορεύεσοαί
850 5718 981 5773 φησι
1008 5718 1066 5755 π.
1094 5717 1143 5757 τ.
1176 5702 1239 5755 [Ι.
1318 5702 1346 5742 h
1379 5701 1452 5773 τῷ
1481 5700 1598 5771 Θεῷ
1631 5700 1721 5755 καὶ
1752 5684 1943 5770 Πατρί.
