3970 6136
502 308 632 363 1271

1500 308 1559 364 S.
1599 307 1872 365 CYRILLI
1909 308 2383 367 ALEXANDRIM
2421 310 2741 367 ARCHIEP.

3639 308 3769 363 {272

508 414 680 469 salicti
711 414 1041 487 cﬂlagitant?
1068 417 1245 486 Absit,
1273 419 1449 476 absit:
1471 436 1612 477 unus
1639 422 1784 477 enim
1820 433 1906 478 est
1937 424 2066 479 Deus

2184 425 2396 494 γένοιτο
2416 443 2431 459 ο
2460 421 2543 492 εἷς
2573 425 2683 498 γὰρ
2714 424 2846 489 Θεὸς
2874 425 2903 478 6
2934 425 3143 496 Πατὴρ,
3175 424 3270 478 καὶ
3302 421 3384 489 εἷς
3417 425 3628 497 Κύριος
3667 425 3738 494 ’1η

510 508 688 573 Pater,
740 517 795 563 et
855 525 993 565 unus
1050 511 1179 566 item
1254 512 1517 569 Dominus
1577 512 1734 569 Jesus
1795 514 2077 570 Christus.

509 598 792 654 Distribuit
816 615 1046 670 namque
1071 601 1234 657 Pater
1259 603 1398 658 dona
1432 619 1529 675 per
1561 603 1759 660 Filium
1784 606 1838 660 in
1870 604 2078 675 Spiritu

505 697 731 755 sancto;
769 699 1139 745 verumtamen
1169 692 1461 761 postulatio
1492 695 1544 749 in
1584 694 1838 765 precibus
1888 698 1950 750 ﬁt
1981 711 2081 765 per

504 779 688 833 Jesum
710 780 1004 835 Christum.
1028 781 1199 837 Porro
1227 782 1440 839 Domini
1468 784 1598 841 Jesu
1632 786 1852 841 neruine
1875 787 2079 857 accipi-

505 885 626 925 mus
658 879 712 924 et
733 870 1078 942 designamus
1107 872 1342 929 Verbum
1380 875 1651 931 hominem
1685 874 1909 932 factum.

580 978 599 1011 ι
639 961 695 1016 1η
725 962 814 1017 ἱὶΙο
852 963 939 1019 die
963 978 1049 1019 me
1094 979 1203 1020 non
1232 966 1491 1035 rogabitis
1535 968 1849 1037 quidquam.
1878 968 2075 1036 Amen,

507 1069 666 1109 amen
679 1053 801 1110 dico
830 1056 1005 1121 vobis,
1031 1056 1079 1111 si
1111 1057 1237 1125 quid
1256 1058 1521 1126 petieritis
1542 1058 1756 1113 Patrem
1780 1060 1833 1114 in
1858 1060 2078 1115 nomine

506 1160 648 1213 meo,
680 1146 829 1202 dabit
878 1147 1054 1202 vobis.
1081 1147 1276 1214 Petite,
1307 1157 1362 1203 et
1396 1149 1697 1219 accipietis,
1724 1160 1782 1205 ut
1822 1152 2076 1222 gaudium

504 1248 746 1294 vestrum
797 1237 870 1293 sit
909 1239 1128 1309 plenum
1149 1239 1214 1293 η.
1243 1257 1263 1291 ι
1300 1239 1428 1295 Hac
1472 1240 1719 1297 eamdem
1748 1241 2074 1298 sententiam

503 1343 627 1385 cum
673 1330 1042 1400 superioribus
1099 1331 1331 1398 habent,
1366 1331 1508 1387 sicut
1551 1331 1640 1387 illa
1695 1347 1930 1404 quoque,
1956 1348 2077 1404 quae

504 1434 630 1474 mox
664 1430 1090 1493 consequuntur.
1115 1420 1207 1478 Ait
1240 1437 1513 1492 namque:
1554 1439 1574 1475 ι
1616 1422 1672 1478 In
1736 1424 1829 1478 illo
1883 1424 1994 1491 die,
2019 1425 2074 1479 in

505 1511 724 1565 nomine
741 1525 861 1566 meo
885 1512 1078 1581 petetis
1103 1528 1118 1567 :
1140 1520 1195 1568 et
1231 1527 1342 1568 non
1370 1512 1491 1567 dico
1512 1514 1666 1569 vobis
1709 1514 1834 1583 quia
1865 1529 1967 1585 ego
1987 1529 2075 1568 ro-

501 1603 875 1674 gaboPatrem
903 1605 969 1661 de
997 1605 1187 1661 vobis:
1229 1605 1344 1676 ipse
1388 1607 1531 1660 enim
1573 1605 1737 1660 Pater
1762 1614 1909 1659 amat
1953 1621 2072 1670 vos,

501 1694 625 1763 quia
663 1710 762 1750 vos
795 1709 883 1751 me
905 1695 1151 1762 amastis,
1178 1704 1235 1750 et
1253 1694 1556 1751 credidistis
1578 1695 1706 1765 quia
1738 1707 1837 1765 ego
1858 1709 1887 1750 a
1911 1693 2073 1751 Patre

502 1785 644 1840 exivi
675 1785 746 1840 ’°.
773 1804 793 1838 ι

580 1894 600 1927 ι
630 1874 754 1931 Haec
796 1884 878 1932 est
909 1878 1019 1932 vita
1058 1886 1285 1946 aeterna,
1331 1889 1393 1933 ut
1428 1889 1765 1950 cognoscant
1805 1888 1856 1935 te
1896 1879 2074 1936 solum

500 1965 668 2022 Deum
696 1982 905 2036 verum,
938 1978 994 2024 et
1036 1985 1197 2041 quem
1228 1969 1428 2027 misisti
1453 1968 1637 2026 Jesum
1656 1970 1935 2026 Christum
1953 1971 2021 2024 ²¹.
2048 1988 2068 2022 ι

501 2058 565 2114 Si
585 2074 705 2115 cum
742 2060 912 2117 solius
952 2063 1177 2131 verique
1215 2062 1315 2119 Dei
1348 2064 1660 2134 cognitione
1697 2063 1824 2120 Jesu
1866 2064 2073 2120 Christi

498 2150 862 2222 cognitionem
888 2152 1197 2209 necessario
1223 2154 1570 2225 conjunctam
1590 2155 1899 2211 consociata
1911 2170 2072 2224 mque

495 2255 620 2298 esse
654 2252 889 2313 oportet,
916 2252 971 2299 et
1023 2243 1128 2301 hoc
1167 2245 1344 2315 ipsum
1399 2254 1655 2302 aeternam
1686 2246 1851 2301 vitam
1888 2247 2071 2301 conci-

495 2332 631 2388 liat:
666 2332 755 2388 cui
786 2334 1104 2390 ‘obseurum
1160 2349 1284 2391 esse
1322 2346 1525 2406 potest,
1556 2334 1833 2391 Christum
1883 2351 2071 2391 verum

494 2437 616 2479 esse
660 2424 871 2479 Deum?
901 2422 1142 2482 Verbum
1195 2440 1332 2483 sane
1381 2440 1511 2483 caro
1571 2425 1775 2482 factum
1822 2434 1934 2492 est,
1974 2426 2069 2481 sed

496 2514 696 2571 mansit
721 2515 937 2571 interim
969 2515 1227 2572 Verbum.

492 2611 495 2614 '
570 2625 590 2658 ι
630 2605 707 2660 Ut.
747 2608 933 2663 credat
972 2608 1206 2664 mundus
1245 2609 1371 2679 quia
1399 2617 1455 2665 tu
1498 2624 1585 2665 me
1621 2610 1847 2668 misisti;
1872 2610 1935 2665 Et
1966 2624 2069 2679 ego

493 2696 798 2753 claritatem
852 2712 1014 2766 quam
1056 2699 1251 2756 dedisti
1305 2701 1462 2767 mihi,
1507 2700 1628 2756 dedi
1682 2703 1803 2769 eis;
1844 2711 1902 2756 ut
1958 2703 2068 2757 sint

493 2803 683 2853 unum,
708 2787 850 2844 sicut
887 2797 943 2844 et
984 2804 1083 2845 nos
1116 2778 1284 2844 unum
1327 2805 1538 2847 sumus.
1563 2790 1676 2860 Ego
1720 2794 1773 2846 in
1800 2792 1901 2855 eis,
1930 2800 1986 2846 et
2010 2801 2067 2846 tu

2190 516 2315 583 σοῦς
2371 519 2627 591 Χριστός.
2656 517 2910 589 Διανέμει
2954 516 3063 587 γὰρ
3106 519 3135 569 6
3180 516 3374 588 Πατὴρ
3420 517 3490 570 δι’
3521 515 3657 570 Υἰοῦ
3707 517 3766 569 τὰ

2186 607 2365 676 ἀγαθὰ
2397 608 2456 663 ὲν
2493 606 2806 678 Πνεύματι·
2843 604 2983 676 πλὴν
3012 607 3046 675 ἡ
3083 604 3301 675 αἴτησις
3344 606 3379 675 ἡ
3431 605 3490 656 ὲν
3540 620 3765 673 προσευ-

2185 701 2307 768 χαῖς
2336 700 2394 751 ὲν
2430 695 2651 769 Χριστῷ
2683 694 2887 767 Ἰησοῦο
2918 695 3014 749 καὶ
3044 694 3253 764 Κύριος
3287 692 3501 764 Ἰησοῦς
3546 693 3576 745 6
3617 694 3763 744 ἐναν-

2186 788 2481 860 θρωπήσας
2512 791 2714 844 νοεῖται
2742 788 2838 841 καὶ
2873 786 3200 856 ὀνομάζεται
3223 784 3417 853 Λόγος,

2262 992 2281 1025 ι
2308 971 2421 1027 Καὶ
2456 971 2515 1025 ὲν
2557 970 2745 1041 ἐκείνῃ
2769 971 2837 1040 τῇ
2865 967 3052 1040 ἡμέρᾳ
3078 965 3178 1037 ἐμὲ
3205 965 3304 1018 οὐκ
3334 964 3647 1035 ἐρωτήσετε
3679 963 3765 1015 ού-

2182 1057 2292 1112 δέν.
2312 1058 2503 1129 Ἀμὴν,
2534 1057 2681 1129 ἀμὴν
2710 1057 2853 1125 λέγω
2893 1056 3042 1126 ὑμῖν,
3075 1054 3139 1107 ἄν
3163 1071 3216 1106 τι
3249 1054 3516 1124 αἰτήσητε
3546 1052 3638 1106 τὸν
3667 1053 3762 1106 lla.

2181 1149 2315 1219 τέρα
2361 1150 2419 1202 ὲν
2458 1147 2537 1218 τῷ
2584 1146 2811 1218 ὀνόματι
2862 1145 3180 1217 μου,,δώσει
3223 1145 3371 1215 ὑμῖν.
3400 1147 3641 1207 Αἰτεῖτε,
3674 1144 3759 1197 καὶ

2181 1237 2435 1310 λήψεσθε,
2465 1239 2553 1293 ἵνα
2582 1238 2616 1308 ἡ
2640 1237 2785 1308 χαρὰ
2806 1236 2960 1308 ὑμῶν
3048 1234 3484 1305 πεπληρωμένη.
3517 1253 3538 1287 ι
3562 1235 3653 1289 Ἐν
3678 1235 3758 1306 {an

2180 1333 2273 1384 καὶ
2307 1330 2465 1384 τοῦτο
2495 1330 2607 1394 τοῖς
2632 1329 2890 1400 ἀνωτέρω
2924 1328 3099 1400 βραχὺ
3125 1326 3337 1396 διανοίᾳ
3372 1326 3647 1391 κείσεται,
3674 1328 3757 1379 καὶ

2180 1421 2242 1476 τὸ
2287 1420 2487 1492 ἑφεξῆς
2533 1419 2921 1490 ὁμοίως.Ἔχει
2968 1418 3025 1471 δὲ
3068 1417 3261 1481 οὕτως’
3298 1417 3431 1470 «Ἐν
3466 1417 3663 1489 ἐκείνῃ
3695 1420 3753 1489 τῇ

2179 1512 2365 1585 ἡμέρᾳ
2397 1515 2454 1567 ἐν
2491 1511 2570 1583 τῷ
2595 1511 2843 1583 ὀνόματι,
2872 1527 2975 1581 μου
3023 1509 3349 1581 αἰτήσεσθε’
3399 1509 3499 1563 καὶ
3530 1510 3596 1562 οὐ
3628 1509 3753 1577 λέγω

2180 1603 2331 1673 ὑμῖν,
2370 1604 2452 1657 ὅτι
2502 1601 2614 1671 ἐγὼ
2664 1601 2929 1673 ἐρωτήσω
2980 1600 3074 1655 τὸν
3103 1600 3356 1673 Πατέρω
3393 1601 3565 1665 αὐτὸς
3600 1600 3702 1671 γὰρ
3727 1605 3752 1654 6

2179 1696 2367 1766 Πατὴρ
2414 1694 2560 1764 φιλεῖ
2604 1695 2771 1764 ὑμᾶς,
2799 1693 2880 1746 ὅτι
2916 1694 3076 1763 ὑμεῖς
3124 1692 3225 1761 ἐμὲ
3272 1692 3640 1762 πεφιλήκατε,
3670 1695 3750 1745 καὶ

2102 1783 2148 1844 Β
2177 1787 2579 1844 πεπιστεύκατε
2619 1786 2701 1840 ὅτι
2736 1785 2848 1854 ἐγὼ
2876 1784 3028 1856 παρὰ
3064 1783 3159 1839 τοῦ
3191 1783 3407 1856 Πατρὸς
3440 1783 3689 1855 ἐξῆλθον.
3722 1804 3739 1834 ι

2253 1901 2274 1934 ι
2304 1879 2451 1953 Αὕτη
2486 1879 2542 1933 δέ
2568 1879 2773 1948 ἐστινὴ
2801 1877 3022 1941 αἰώνιος
3060 1875 3194 1946 ζωὴ,
3233 1875 3320 1929 ῖνα
3352 1875 3669 1943 γινώσκωσέ
3696 1892 3746 1927 σε

2173 1971 2265 2026 τὸν
2297 1971 2458 2042 μόνον
2504 1968 2759 2041 ἀληθινὸν
2791 1967 2947 2032 Θεὸν,
2974 1966 3068 2021 καὶ
3094 1965 3154 2020 ὃν
3184 1964 3518 2029 ἀπέστειλας
3556 1964 3747 2036 Ἰησοῧι

2172 2061 2429 2134 Χριστόν.
2459 2079 2478 2113 ι
2518 2060 2582 2113 Ei
2610 2061 2677 2130 τῇ
2714 2056 3009 2127 ἐπιγνώσει
3041 2055 3136 2110 τοῦ
3185 2056 3350 2127 μόνου
3377 2056 3474 2111 καὶ
3497 2055 3751 2125 ἀληθινοῦ

2172 2153 2308 2208 Θεοῦ
2355 2151 2707 2223 συνεζεῦχθαι
2748 2167 2810 2204 τε
2854 2150 2951 2204 καὶ
2983 2148 3379 2203 συνεισδαίνειν
3414 2149 3630 2216 ἀνάγκη
3657 2149 3747 2219 τὴν

2171 2245 2468 2313 ἐπίγνωσιν
2516 2239 2692 2312 Ἰησοῦ
2720 2236 2983 2309 Χριστοῦ,
3019 2237 3113 2290 καὶ
3142 2235 3288 2306 ζωὴν
3310 2234 3471 2288 τοῦτο
3497 2234 3597 2303 τὴν
3629 2234 3746 2287 aid;-

2170 2350 2282 2389 νιον
2321 2333 2616 2404 προξενεῖ⁹
2650 2330 2771 2394 πῶς
2816 2330 2914 2399 οὐχ
2966 2328 3171 2383 ἅπασιν
3213 2326 3470 2396 ἐναργὲς,
3499 2327 3584 2379 ὅτι
3627 2324 3743 2383 Θεὸς

2170 2427 2319 2480 ἐστιν
2347 2425 2553 2496 ἀληθὴς
2588 2425 2617 2477 6
2648 2421 2917 2494 Χριστός;
2946 2419 3145 2490 Γέγονε
3178 2418 3290 2489 γὰρ
3324 2416 3471 2489 σὰρξ
3501 2419 3532 2471 6
3564 2416 3742 2486 Λόγος,

2170 2519 2266 2573 καὶ
2305 2516 2584 2588 μεμένηκε
2611 2514 2805 2583 Λόγος.

2246 2608 2394 2661 ι”Ινα
2443 2609 2472 2660 6
2516 2605 2718 2676 κόσμος
2761 2603 3029 2675 πιστεύσῃ
3059 2603 3140 2657 ὅτι
3170 2601 3235 2656 σύ
3278 2619 3348 2672 με
3394 2600 3736 2662 ἀάπειὶας.

2169 2699 2344 2766 Κάγὼ
2365 2699 2467 2768 τὴν
2509 2697 2688 2763 δόξαν,
2715 2696 2785 2767 ἢν
2818 2696 3058 2760 δέδωκάς
3111 2712 3224 2766 μοι,
3260 2694 3480 2748 δέδωκα
3522 2694 3704 2756 αὐτοῖς
3726 2710 3739 2720 ·

2169 2793 2255 2846 ἵνα
2286 2786 2421 2846 ῶσιν
2459 2789 2539 2856 ἓν,
2565 2787 2748 2853 καθὼς
2781 2789 2939 2859 ἡμεῖς
2964 2785 3205 2856 ἕν.Ἐγὼ
3235 2787 3292 2841 ὲν
3318 2786 3530 2849 αὐτοῖς,
3567 2786 3661 2838 καὶ
3686 2786 3740 2836 σὺ

489 2880 545 2934 in
575 2894 691 2946 me,
718 2888 779 2934 ut
802 2880 910 2935 sint
931 2881 1292 2937 consummati
1319 2881 1374 2936 in
1400 2897 1568 2938 unum
1596 2883 1677 2938 ”..
1700 2901 1720 2934 ι
1759 2882 2065 2952 Perspicaci

2175 2886 2224 2937 ὲν
2259 2882 2403 2953 ἐμοὶ,
2452 2881 2540 2934 ῖνα
2568 2874 2672 2934 ὦσι
2708 2878 3118 2948 τετελειωμένοι
3141 2878 3222 2940 εἰς
3249 2876 3331 2931 ἓν.
3358 2895 3378 2929 ι
3399 2876 3635 2948 ’Δκρισῆ
3654 2875 3738 2943 τῆς

489 2973 687 3030 mentis
736 2972 893 3029 oculo
934 2974 993 3030 in
1039 2988 1155 3030 rem
1205 2975 1531 3045 propositam
1565 2975 1925 3040 intendentes,
1955 2975 2066 3046 86

2175 2974 2404 3038 διανοίας
2426 2973 2518 3028 τὸν
2543 2971 2820 3043 ὀφθαλμὸν
2855 2972 3254 3042 ἐπιστήσαντες
3387 2968 3488 3022 τοῦ
3526 2984 3738 3038 προκει-

488 3080 738 3135 quaenam
771 3065 826 3121 in
845 3066 961 3137 ipsa
995 3066 1241 3122 abstrusa
1288 3067 1515 3133 lateant,
1543 3067 1830 3137 diligenter
1874 3066 2065 3135 explo-

2175 3065 2334 3136 μένου
2363 3064 2613 3134 δυνάμει,
2638 3062 3007 3133 θεωρήσωμεν
3018 3060 3096 3114 τὰ
3120 3061 3178 3114 ὲν
3207 3059 3382 3129 αὐτῷ.
3401 3058 3573 3112 Ποίαν
3596 3056 3739 3120 δόξαν

488 3169 692 3212 remus.
730 3155 952 3224 Qualem
987 3157 1170 3227 itaque
1194 3156 1418 3227 gloriam
1451 3156 1621 3212 Filius
1649 3172 1680 3212 a
1715 3157 1877 3213 Patre
1906 3172 2064 3213 acce-

2175 3153 2449 3225 εἰληφέναι
2471 3151 2608 3223 φησὶ
2642 3150 2794 3223 παρὰ
2831 3150 2927 3205 τοῦ
2948 3150 3162 3222 Πατρδς
3190 3151 3220 3204 6
3249 3149 3398 3216 Υἱὸς,
3426 3149 3523 3203 καὶ
3544 3147 3737 3215 ταύτην

487 3246 635 3315 pisse
693 3261 761 3303 sc
806 3255 1014 3314 narrat,
1067 3262 1226 3316 quam
1281 3247 1436 3302 nobis
1489 3248 1683 3303 deinde
1724 3263 2062 3305 communem

2175 3247 2301 3317 ἡμῖν
2326 3243 2635 3309 ὲπιδοῦναις
2662 3243 2832 3306 Αὐτὸς
2856 3241 2915 3295 δὲ
2942 3244 3094 3313 ἡμᾶς
3110 3242 3211 3313 τῆς
3238 3241 3331 3295 ἐπὶ
3358 3241 3576 3305 τούτοις
3596 3239 3737 3311 ἐρεύ-

489 3335 715 3392 fecerit?
753 3335 897 3393 Sane
932 3338 1047 3407 ipse
1104 3340 1172 3393 ab
1217 3338 1320 3393 hac
1380 3340 1678 3408 quaestione
1727 3355 1826 3396 nos
1872 3339 2066 3396 liberat

2175 3351 2262 3406 νης
2289 3331 2614 3397 ἀπαλλάξει,
2637 3331 2811 3400 λέγων
2829 3348 2845 3362 ·
2880 3331 3027 3385 (Ἵνα
3050 3325 3173 3396 ὦσι,
3204 3330 3391 3395 καθὼς
3418 3332 3610 3402 ἡμεῖς,
3632 3329 3729 3382 ἐν.»

488 3431 612 3483 ilum
642 3429 764 3484 ait:
809 3447 830 3481 ι
866 3428 941 3485 Ut
972 3444 1135 3483 unum
1188 3430 1314 3496 sint,
1353 3431 1496 3486 sicut
1535 3441 1589 3486 et
1628 3446 1729 3487 nos
1776 3446 1941 3486 unum
1976 3446 2065 3487 su-

486 3534 627 3573 mus.
668 3536 695 3571 ι
731 3513 867 3572 Nam
893 3517 1118 3577 etsi.D.ei
1140 3516 1320 3574 Patris
1348 3518 1584 3574 Verbum
1616 3518 1912 3574 secundum
1936 3533 2063 3589 pro-

485 3607 661 3678 priam
690 3607 1003 3678 Ity-postasin
1050 3607 1188 3662 alius
1232 3623 1262 3662 a
1309 3607 1469 3664 Patre
1512 3622 1632 3664 esse
1686 3609 2064 3679 dignoscatur,

489 3695 722 3749 naturali
754 3704 931 3750 tamen
963 3695 1244 3750 ideutltate
1285 3710 1451 3750 unum
1498 3695 1657 3765 plane
1708 3707 1763 3752 et
1799 3697 1939 3752 idem
1974 3705 2066 3752 est.

493 3801 615 3842 cum
633 3786 743 3843 illo.
762 3787 831 3840 At
857 3801 964 3856 quo
975 3795 1132 3856 pacto
1158 3784 1389 3841 Verbum
1407 3786 1536 3842 illud
1561 3802 1723 3841 unum
1748 3786 1822 3859 (l)
1841 3802 2058 3858 quoque

486 3878 770 3935 nobiscum
803 3877 1001 3933 factum
1031 3878 1148 3934 est?
1172 3878 1254 3933 Ad
1284 3878 1530 3945 cumidem
1558 3879 1781 3934 omnino
1812 3880 2054 3947 modum,

485 3978 615 4040 puta
645 3970 943 4025 secundum
992 3967 1332 4025 essentialem
1376 3978 1434 4023 et
1470 3967 1768 4024 naturalem
1801 3969 2057 4024 identita—

489 4067 617 4113 tem.
641 4059 711 4113 At
742 4072 864 4113 cum
901 4058 1082 4114 divina
1116 4067 1306 4113 natura
1336 4068 1487 4114 tanto
1528 4074 1558 4113 a
1608 4066 1859 4113 creatura
1893 4060 2056 4116 distet

485 4147 795 4213 intervallo,
819 4157 880 4203 ut
924 4148 1218 4205 secundum
1263 4149 1555 4204 essentiam
1607 4163 1732 4202 cum
1786 4164 1848 4203 ea
1905 4149 2054 4205 coire

486 4255 826 4310 nequaquam
861 4240 1075 4308 valeat,
1108 4255 1301 4310 ecquo,
1328 4241 1529 4310 inquis,
1556 4243 1716 4295 modo
1755 4241 2053 4295 secundum

483 4341 733 4388 naturam
775 4349 939 4388 unum
971 4332 1059 4387 ille
1084 4332 1263 4388 factus
1279 4341 1356 4387 est
1388 4333 1693 4399 nobiscum,
1718 4333 2051 4401 quiomnem

2176 3422 2266 3476 'Ev
2298 3422 2398 3492 μὲν
2421 3421 2531 3493 γὰρ
2551 3424 2619 3492 τῇ
2643 3422 2848 3491 φυσικῇ
2880 3420 3170 3492 ταυτότητι
3200 3419 3260 3473 ἓν
3292 3421 3444 3474 ἔστιν
3476 3422 3507 3473 6
3528 3421 3592 3472 ὲκ
3610 3416 3732 3472 Θεοῦ

2164 3512 2336 3580 Λόγος
2367 3512 2502 3583 πρὸς
2545 3512 2634 3566 τὸν
2667 3509 2860 3565 ἑαυτοῦ
2892 3511 3134 3582 Πατέρα,
3171 3511 3221 3564 εἰ
3252 3510 3350 3565 καὶ
3378 3511 3581 3564 νοεῖται
3612 3508 3733 3561 καθ’

2167 3604 2463 3658 ὑπόστασιν
2492 3602 2751 3673 ἑκάτερος
2783 3603 2975 3674 ἱδικήν.
3028 3600 3154 3666 Πῶς
3180 3602 3238 3655 δὲ
3266 3601 3360 3655 καὶ
3390 3603 3451 3655 ὲν
3479 3604 3613 3672 ἡμῖν
3646 3600 3732 3668 γέ-

2166 3712 2326 3764 γονε;
2353 3693 2511 3748 Κατά
2538 3694 2629 3748 τὸν
2656 3694 2769 3748 ῐσον
2797 3693 3017 3766 τρόπον,
3050 3692 3325 3757 οὑσιωδῶς
3353 3692 3419 3764 δὴ
3453 3692 3620 3762 λέγω,
3648 3692 3731 3744 καὶ

2165 3780 2442 3851 φυσικῶς·
2475 3780 2570 3834 καί
2604 3798 2687 3834 τοι
2721 3780 2855 3835 Θεοῦ
2909 3781 3070 3850 φύσις
3114 3781 3430 3850 ἀώμδατος
3466 3780 3729 3841 παντελῶς

2161 3873 2246 3942 εῐη
2294 3872 2361 3926 ἂν
2409 3871 2546 3943 πρὸς
2582 3870 2680 3942 τὴν
2727 3872 2923 3939 κτίσιν,
2956 3874 3033 3936 ὡς
3080 3874 3138 3926 ὲν
3176 3873 3471 3944 ταυτότητι
3502 3873 3643 3940 λέγω
3670 3875 3729 3940 τῇ

2161 3964 2286 4019 κατ’
2317 3963 2523 4018 οὐσίαν.
2549 3962 2675 4027 Πῶς
2710 3959 2804 4018 οῦν
2832 3964 2889 4018 ὲν
2911 3965 3042 4035 ἡμῖν
3066 3964 3255 4032 γέγονε
3289 3964 3539 4033 φυσικῶς
3557 3965 3585 4017 6
3604 3963 3727 4030 ὑπὲρ

2161 4054 2260 4126 τὴν
2291 4055 2507 4121 κτίσιν;
2538 4054 2733 4123 Γέγονε
2766 4055 2875 4126 γὰρ
2905 4053 3212 4126 ἄνθρωπος,
3247 4055 3337 4108 ἵνα
3368 4053 3562 4126 ὥσπερ
3592 4051 3727 4105 ἐστὶν

2159 4149 2256 4204 ἑνί
2297 4151 2364 4220 τῇ
2391 4150 2492 4220 τῆς
2525 4147 2777 4220 θεότητος
2814 4149 2976 4218 φύσει
3006 4148 3144 4219 πρὸς
3186 4148 3278 4203 τὸν
3323 4148 3571 4218 Πατέρα,
3598 4144 3729 4199 οὕτω

2160 4237 2255 4291 καῖ¹
2279 4237 2415 4310 πρὸς
2440 4238 2589 4308 ἡμᾶς
2616 4237 2674 4290 ἒν
2712 4236 2938 4309 γένηται
2969 4237 3154 4308 σχέσει
3187 4239 3252 4309 τῇ
3283 4237 3431 4290 κατὰ
3457 4235 3727 4306 ἀνθρωπό-

2158 4345 2328 4400 τηταο
2364 4326 2762 4398 τετελειώμεθα
2787 4327 2897 4400 γὰρ
2924 4326 3068 4383 οὕτω
3093 4330 3188 4383 καὶ
3223 4332 3388 4400 ἡμεῖς
3416 4332 3501 4396 εἰς
3528 4331 3609 4387 ἓν.

481 4425 704 4481 omnino
766 4436 1072 4481 creaturam
1123 4425 1381 4482 excellit?
1426 4424 1657 4481 Verbum
1714 4427 1916 4482 factum
1971 4433 2055 4481 est
2093 4425 2276 4492 homo,
2308 4432 2368 4478 ut
2428 4422 2909 4492 quemadmodum,
2936 4425 3084 4495 quod
3152 4425 3371 4494 quidem
3405 4428 3476 4481 ad
3523 4426 3727 4482 deitatis

483 4525 732 4571 naturam
762 4527 991 4587 spectat,
1025 4533 1190 4572 unum
1219 4526 1272 4573 et
1322 4518 1464 4573 idem
1492 4527 1576 4573 est
1623 4533 1744 4573 cum
1808 4517 2086 4583 Patre,ita
2125 4516 2425 4574 secundum
2461 4523 2666 4571 natura:
2734 4516 2986 4573 humanae
3035 4517 3411 4575 habitudinem
3444 4520 3521 4576 sit
3569 4534 3723 4575 unum

480 4627 696 4683 quoque
726 4613 1026 4669 nobiscum.
1065 4614 1178 4669 llac
1206 4614 1351 4670 enim
1388 4617 1597 4673 ratione
1632 4632 1728 4672 nos
1749 4631 1968 4686 quoque
1991 4617 2041 4670 in
2081 4616 2342 4670 unitatem
2373 4614 2735 4671 consummati
2779 4630 2990 4671 sumus.

561 4718 581 4751 ι
610 4701 742 4755 Cum
783 4717 912 4773 ergo
948 4718 1072 4760 sero
1104 4713 1246 4760 esset
1281 4705 1367 4761 die
1395 4706 1504 4770 illo,
1531 4723 1635 4760 una
1666 4706 2058 4772 Sabbatorum,

2241 4725 2260 4758 ι
2292 4703 2474 4776 Οὔσης
2521 4700 2615 4760 οὖν
2659 4705 2816 4775 ὀψίας
2846 4710 2913 4779 τῇ
2949 4706 3134 4778 ἡμέρᾳ
3164 4706 3373 4778 ἐκείνῃ,
3400 4710 3469 4779 τῇ
3506 4709 3607 4778 μιᾷ
3628 4707 3721 4760 τῶν

477 4801 530 4847 et
566 4790 709 4847 fores
729 4804 911 4848 essent
949 4796 1165 4862 clauem,
1191 4797 1280 4852 ubi
1320 4807 1475 4852 erant
1525 4798 1773 4867 discipuli
1824 4814 2058 4869 congre-

478 4883 588 4953 gati
620 4891 843 4967 propter
867 4894 1067 4938 metum
1088 4886 1425 4953 Judaeorum,
1458 4890 1605 4942 venit
1631 4888 1809 4952 Jesus,
1843 4898 1899 4943 et
1939 4899 2054 4945 ste-

480 4975 544 5029 tit
575 4974 628 5028 in
663 4972 859 5038 medio,
893 4982 949 5027 et
978 4973 1116 5028 dixit
1160 4975 1275 5030 eis:
1304 4975 1413 5029 Pax
1451 4977 1602 5033 vobis
1651 4977 1718 5032 ’³.
1750 4996 1768 5030 ι
1801 4975 1918 5033 Non
1945 4977 2048 5032 im-

2159 4797 2472 4862 Σαϐϐάτων,
2502 4798 2593 4851 καὶ
2619 4797 2727 4852 τῶν
2756 4796 2936 4868 θυρῶν
2965 4797 3388 4868 κεκλεισμένων,
3426 4800 3564 4852 ὅπου
3598 4794 3721 4868 ἦσαν

2157 4890 2208 4943 οἱ
2248 4888 2486 4960 μαθηταὶ
2522 4889 2847 4959 συνηγμένοι
2880 4888 2970 4942 διὰ
2992 4890 3084 4943 τὸν
3113 4889 3277 4959 φόϐον
3302 4890 3414 4944 τῶν
3447 4890 3719 4950 Ἰουδαίων,

2150 4976 2315 5052 ἦλθεν
2354 4982 2384 5033 6
2424 4977 2653 5051 Ἰησοῦς,
2684 4979 2778 5033 κα)⁸
2819 4979 2951 5050 ἔστη
3003 4983 3083 5044 εἰς
3124 4981 3185 5035 τὸ
3230 4981 3416 5051 μέσον,
3442 4984 3539 5036 καὶ
3580 4982 3722 5048 λέγει

478 5068 679 5122 merito
732 5065 1061 5121 dubitaverit
1109 5066 1201 5121 hic
1250 5067 1545 5137 quispiam,
1576 5084 1640 5124 ac
1687 5069 1886 5123 dixerit
1925 5086 1939 5122 :
1988 5068 2049 5124 Si

2175 5070 2362 5133 ιὺτοῖς⁶
2395 5070 2599 5153 Εἰρήνη
2644 5069 2793 5138 ὑμῖν.
2825 5086 2845 5120 ι
2867 5069 3247 5141 Ἐπαπορὴσαι
3289 5088 3374 5133 τις
3400 5070 3469 5124 ἂν
3504 5071 3642 5124 κατὰ
3667 5069 3720 5120 τὲ

478 5156 715 5215 Verbum
736 5167 857 5229 post
886 5157 1338 5213 resurrectionem
1368 5160 1589 5229 perinde
1626 5176 1691 5216 ac
1719 5170 1845 5215 ante
1886 5174 2051 5216 vene-

2150 5157 2298 5221 εξκὸς
2347 5157 2550 5226 λέγων·
2580 5156 2643 5211 El
2682 5159 2740 5211 ὲν
2771 5156 2983 5228 σώματι
3011 5158 3107 5213 καὶ
3138 5160 3282 5229 μετά
3314 5162 3413 5231 τὴν
3435 5162 3719 5215 ἀνάστασιν

479 5251 699 5306 randam
726 5265 943 5307 crucem
978 5251 1032 5304 in
1066 5264 1294 5321 corpore
1321 5259 1459 5317 erat,
1486 5251 1756 5321 quomodo
1778 5251 2050 5307 conclusis

2175 5247 2215 5322 iv
2240 5254 2269 5304 6
2295 5250 2486 5320 Λόγος,
2511 5248 2656 5304 καθὰ
2698 5248 2792 5304 καὶ
2832 5248 2939 5319 πρὸ
2975 5248 3070 5302 τοῦ
3100 5250 3285 5320 τιμίου
3319 5251 3574 5323 σταυροῦ,
3609 5252 3718 5312 πῶς

548 5407 591 5442 ¹⁹
617 5406 773 5464 Joan.
809 5424 922 5474 xw,
950 5407 1041 5477 25,
1062 5409 1153 5464 24.
1233 5409 1279 5442 ²⁰
1316 5408 1443 5466 ibid.
1472 5408 1562 5474 26,
1592 5409 1682 5463 27.
1764 5410 1806 5441 ²¹
1838 5408 1995 5466 Joan.
2025 5424 2154 5474 xvu,
2181 5410 2234 5466 5.

2308 5410 2352 5441 “
2376 5410 2507 5467 ibid.
2536 5409 2725 5465 21-25.
2802 5409 2855 5442 ’θ’
2879 5407 3035 5466 Joan.
3063 5424 3155 5479 xx,
3193 5410 3281 5469 l9.

1547 5503 1718 5559 Variae
1750 5502 2010 5560 lectiones
2044 5504 2247 5560 codicis
2275 5503 2638 5575 Seguicriani.

557 5615 672 5670 ίτσ.
703 5614 782 5671 ἓν.

546 5706 629 5772 ’(1)
667 5706 765 5769 llic
801 5715 855 5762 ct
875 5704 1014 5761 infra
1046 5708 1313 5776 interpres
1345 5709 1470 5779 legit
1503 5709 1579 5777 ἕν,
1619 5710 1706 5766 ubi
1741 5713 1798 5764 ὲν
1827 5710 2097 5782 vulgatqu
2127 5718 2231 5764 cst.
