3970 6136
323 311 462 366 H75

1415 301 1502 356 DE
1541 300 1764 357 RECTA
1814 301 1970 355 FIDE
2006 302 2094 356 AD
2133 301 2448 359 REGINAS.

3420 304 3556 359 1974

322 427 722 497 κεκλεισμένων
749 423 858 478 τῶν
887 419 1064 493 θυρῶν
1097 419 1372 489 ἀδοκήτως
1418 421 1497 481 εἰς
1544 418 1710 486 μέσον
1737 417 1878 487 ώφθτ

1997 417 2200 473 foribus
2233 420 2285 472 in
2315 419 2494 472 medio
2548 416 2935 488 discipulorum
2973 429 3040 470 ex
3091 416 3362 485 insperato
3397 433 3559 487 appa-

319 519 430 572 -τῶν
485 517 777 588 μαθητῶν;
810 513 952 584 Πρὸς
978 515 1135 566 τοῦτό
1187 527 1388 581 φαμεν,
1417 511 1498 562 ὅτι
1541 509 1768 579 δυνάμει
1820 513 1886 580 τῇ

323 606 498 676 θεῖκῇ.
534 603 857 674 Μεμνῆσθαι
885 602 966 653 δεῖ
1001 598 1216 651 Παύλου
1252 593 1520 664 λέγοντος,
1557 595 1636 647 ὃτι
1671 614 1689 644 σ
1725 595 1885 646 Ὥστε

321 699 485 768 ἡμεῖς
521 695 628 748 άπὸ
655 693 749 746 τοῦ
797 691 892 744 νῦν
931 690 1117 744 οὐδένα
1158 689 1378 758 οἴδαμεν
1412 686 1552 740 κατὰ
1585 684 1794 754 σάρκα’
1839 685 1887 736 εί

320 787 376 840 δέ
419 788 514 839 καὶ
561 782 876 853 ἐγνώκαμεν
920 781 1060 834 κατὰ
1112 781 1289 845 σάρκα
1330 777 1582 849 Χριστὸν,
1613 775 1749 830 ἀλλὰ
1793 775 1888 827 νῦν

321 876 502 930 οὐκέτι
543 869 903 944 γινώσκομεν,
939 890 957 922 ι
1009 871 1163 925 Μετὰ
1201 871 1307 938 γάρ
1337 885 1420 922 τοι
1445 868 1542 940 τὴν
1584 869 1648 920 ἐκ
1679 866 1889 938 νεκρῶν

320 968 633 1029 ἀναϐίωσιν,
666 965 741 1028 ὼς
769 962 1158 1032 τετελεσμένης
1185 961 1283 1030 ήδη
1315 960 1415 1030 τῆς
1448 959 1758 1030 οἰκονομίας
1793 959 1888 1026 ἐφ’

320 1054 356 1131 ᾖ
386 1059 478 1113 καὶ
511 1060 546 1128 ή
590 1058 689 1122 τῆς
725 1055 926 1124 σαρκὸς
972 1053 1235 1124 ἀνάληψις
1271 1051 1557 1122 ἐπράχθηὶ
1593 1051 1886 1121 χρειωδῶς,

322 1149 538 1219 ἐξουσίᾳ
584 1149 678 1201 καὶ
721 1145 946 1215 δυνάμει
987 1144 1254 1215 κέχρηται
1299 1145 1366 1213 τῇ
1421 1143 1746 1213 θεοπρεπεῖ,
1800 1142 1888 1195 διὰ

321 1224 524 1294 τούτων
558 1239 777 1310 μᾶλλον,
824 1237 856 1306 ἢ
896 1237 983 1289 διὰ
1025 1236 1133 1288 τῶν
1175 1236 1272 1306 τῆς
1310 1232 1592 1296 κενώσεως
1624 1233 1833 1302 μέτρων
1859 1234 1888 1272 ll

218 1398 226 1405 ι
323 1328 780 1401 ἐπιγινώσκεσθαι
811 1327 996 1392 θέλων,
1023 1327 1098 1390 ώς
1135 1327 1192 1379 ἐν
1231 1325 1407 1396 καιρῷ
1435 1325 1750 1393 καθήκοντι.

401 1529 420 1562 ι
447 1510 558 1563 Καὶ
593 1507 748 1561 τοῦτο
785 1506 974 1570 εἰπὼν,
1004 1505 1322 1574 ἐνεφύσησε,
1359 1503 1452 1556 καὶ
1483 1503 1632 1570 λέγει
1661 1502 1844 1565 αὐτοῖς
1866 1516 1886 1534 ο

324 1601 530 1656 Λάϐετε
551 1598 773 1668 Πνεῦμα
798 1599 1079 1666 ἆγιον.”Αν
1099 1613 1258 1649 τινων
1280 1595 1454 1664 ἀφῆτε
1477 1594 1574 1656 τὰς
1596 1594 1884 1664 ἁμαρτίας,

323 1687 608 1760 ἀφίενταιι
639 1688 818 1750 αὐτοῖς
843 1700 855 1713 ⁸
885 1687 950 1740 ἄν
980 1701 1141 1738 τινων
1172 1682 1432 1753 κρατῆτε,
1461 1681 1878 1750 κεκράτηνται.»

325 1783 485 1836 Ὅλον
510 1781 626 1834 ἐστὶ
653 1780 948 1850 θεοπρεπὲς
981 1777 1043 1829 τὸ
1069 1773 1450 1845 γεγενημένον,
1497 1773 1590 1825 καὶ
1629 1771 1722 1824 τοῦ
1754 1787 1886 1823 παν·
1919 1763 1960 1822 Β

321 1873 413 1935 τὸς
443 1871 588 1935 ἄξιον
615 1869 793 1938 λόγου.
819 1867 1038 1939 Πρῶτον
1069 1866 1167 1934 μὲν
1197 1865 1305 1935 γάρ
1333 1864 1432 1916 οὐκ
1457 1861 1793 1933 ἀνθρώπινον
1825 1861 1885 1915 τὸ

323 1963 635 2031 ἐμφυσῆσαι
678 1961 788 2022 τοῖς
820 1957 1156 2019 ἀποστόλοις,
1188 1955 1282 2008 καὶ
1321 1953 1502 2006 δοῦναι
1545 1953 1604 2004 τὸ
1638 1951 1879 2021 Πνεῦμα.

321 2047 454 2105 Εἶτα
487 2051 646 2122 μέγα,
681 2052 773 2104 καὶ
809 2049 947 2119 ὑπὲρ
978 2048 1077 2118 τὴν
1111 2047 1308 2108 κτίσιν,
1348 2044 1408 2097 τὸ
1445 2043 1701 2113 τοιαύτην
1731 2043 1881 2106 ἐξου-

322 2140 438 2194 σίαν
493 2141 815 2212 παρασχεῖν,
854 2139 995 2191 ὥστε
1043 2139 1285 2207 κρατεῖν,
1321 2128 1394 2188 ὧν
1437 2133 1502 2187 ἂν
1532 2133 1751 2196 ἕλοιντο,
1785 2130 1884 2192 τὰς

319 2234 596 2306 ἁμαρτίας
618 2251 632 2266 ·
680 2232 898 2302 ἀφιέναι
935 2231 993 2284 δὲ
1034 2232 1130 2284 καὶ
1163 2225 1243 2292 οἷς
1279 2227 1344 2282 ἂν
1381 2226 1649 2297 βούλοιντο
1693 2223 1875 2293 τυχόν.

319 2327 419 2380 Διά
467 2325 520 2378 τί
567 2326 622 2378 δὲ
666 2325 757 2376 καὶ
787 2324 874 2376 διά
907 2321 1168 2393 σαρκικοῦ
1210 2321 1530 2390 φυσήματος
1569 2317 1630 2370 τὸ
1660 2316 1882 2385 Πνεῦμα

318 2417 573 2482 δίδωσιν;
603 2416 725 2469 Ὀτι
761 2419 836 2486 μὴ
867 2414 1120 2484 ἀλλοτρία
1148 2412 1241 2465 τοῦ
1271 2411 1443 2478 Λόγου
1475 2409 1692 2478 γέγονεν
1719 2405 1882 2459 αὑτοῦ

321 2509 354 2576 ή
400 2505 557 2577 σὰρξ,
591 2505 725 2558 ἀλλὰ
755 2504 935 2566 ἰδικώς
964 2502 1152 2556 αὐτοῦ.
1182 2501 1292 2555 Καὶ
1325 2497 1661 2570 ἀνθρώπινον
1699 2496 1796 2566 μὲν
1823 2495 1885 2548 τὸ

317 2597 404 2651 διὰ
452 2598 652 2666 σαρκὸς
693 2595 1027 2665 ἐμφύσημα,
1066 2593 1248 2661 θεῖκῆς
1277 2592 1333 2644 δέ
1389 2589 1669 2657 δυνάμεως
1721 2586 1882 2655 ἔργον

317 2685 378 2738 τὸ
409 2687 667 2757 μετόχους
696 2685 970 2753 ἀποφῆναι
1002 2682 1096 2736 τοῦ
1135 2679 1450 2750 Πνεύματος
1485 2677 1610 2740 τοὺς
1651 2674 1887 2745 ήξιωμέ-

319 2794 462 2841 νους.

320 2870 588 2926 nationem
648 2871 938 2924 humanam
1001 2865 1203 2932 fuisse,

317 2979 449 3033 opus
474 2963 767 3020 exstitisse.

536 3096 634 3148 Ἐκ
670 3093 775 3149 τοῦ
813 3093 962 3149 κατὰ
997 3091 1238 3149 Λουκῶν·
1273 3090 1664 3162 Εὐαγγελίου.

388 3232 651 3302 Ἀγγελος
683 3231 817 3286 Θεοῦ
863 3231 942 3301 τῷ
987 3229 1231 3302 Ζαχαρία
1260 3228 1394 3299 φησὶ
1423 3229 1548 3299 περὶ
1583 3226 1676 3280 τοῦ
1723 3226 1878 3295 ἁγίου

316 3324 620 3379 Βαπτιστοῦ
640 3339 654 3354 ·
693 3343 711 3376 ι
740 3325 851 3376 Καὶ
878 3323 1028 3375 ἔσται
1053 3323 1197 3392 χαρά
1243 3339 1324 3374 σοι
1383 3321 1476 3374 καὶ
1521 3319 1838 3388 ἀγαλλίασις
1860 3336 1875 3351 ⁶

315 3417 408 3470 καὶ
447 3415 628 3467 πολλοὶ
652 3415 744 3466 ἐπί
765 3417 832 3483 τῇ
857 3415 1106 3482 γεννήσει
1133 3411 1297 3465 αὑτοῦ
1327 3412 1878 3482 χαρήσονται.”Εσται

315 3494 424 3575 γὰρ
459 3504 630 3573 μέγας
663 3501 888 3554 ἐνώπιον
916 3501 1146 3569 Κυρίου,
1179 3499 1272 3551 καὶ
1301 3494 1443 3550 οἶνον
1476 3497 1570 3549 καὶ
1603 3499 1797 3566 σίκερα
1817 3497 1877 3548 οὐ

322 3595 395 3663 μὴ
436 3596 554 3663 πίῃ,
587 3591 679 3644 καὶ
727 3591 1041 3660 Πνεύματος
1086 3592 1240 3656 ἁγίου
1288 3588 1652 3658 πλησθήσεται
1693 3587 1770 3638 ἔτι
1815 3588 1880 3638 ἐκ

319 3683 522 3746 κοιλίας
553 3683 755 3753 μητρὸς
785 3680 970 3735 αὑτοῦ.
1001 3681 1111 3734 Καὶ
1134 3679 1358 3742 πολλοὺς
1383 3679 1489 3732 τῶν
1509 3677 1640 3730 υἱῶν
1665 3676 1878 3746 Ἰσραὴλ

319 3773 630 3844 ἐπιστρέψει
661 3773 753 3824 ἐπὶ
783 3771 987 3840 Κύριον
1030 3771 1121 3822 τὸν
1172 3770 1302 3822 Θεὸν
1332 3767 1529 3822 αὐτῶν.
1563 3787 1582 3820 ι
1603 3769 1660 3820 '0
1698 3767 1876 3838 μακά-

321 3883 436 3935 ριος
471 3864 741 3934 Ἰωάννης,
770 3863 1041 3934 ἐρομένων
1071 3862 1235 3915 αὐτὸν
1265 3861 1375 3914 τῶν
1413 3859 1681 3914 Ἰουδαίων
1701 3873 1714 3889 °
1752 3877 1770 3910 ι
1805 3857 1876 3910 Σὺ

316 3957 399 4018 τίς
434 3951 510 4020 si;
542 3974 559 4006 ι
596 3955 791 4024 φησίν·
830 3972 847 4005 ι
871 3951 1010 4020 Ἐγὼ
1041 3952 1189 4022 φωνὴ
1220 3951 1448 4020 βοῶντος
1474 3953 1530 4003 ἐν
1560 3953 1625 4020 τῇ
1651 3950 1874 4020 ἐρήμην

327 4049 683 4118 Ἑτοιμάσατε
717 4047 814 4118 τὴν
847 4046 964 4100 ὁδὸν
1014 4044 1106 4098 τοῦ
1148 4045 1374 4115 Κυρίου,
1426 4043 1638 4107 εὐθείας
1675 4045 1877 4096 ποιεῖτε

316 4139 414 4203 τὰς
446 4140 664 4211 τρίϐους
700 4137 882 4191 αὑτοῦ.
914 4155 932 4187 ι
974 4136 1339 4206 Προφητεύων
1365 4135 1419 4187 δὲ
1449 4133 1611 4198 αὐτὸς
1640 4135 1668 4186 6
1697 4136 1876 4203 Ζαχα-

319 4232 440 4301 ρίας
487 4232 578 4283 ἐπὶ
624 4229 701 4300 τῷ
749 4230 860 4297 ἰδίῳ
909 4229 1080 4291 παιδὶ,
1124 4227 1288 4297 φησί’
1324 4244 1343 4276 ‹
1376 4227 1484 4280 Καὶ
1527 4226 1615 4291 σὺ,
1647 4225 1875 4289 παιδίον,

317 4325 602 4393 προφήτης
637 4321 890 4391 Ὑψίστου
924 4320 1201 4390 κληθήσῃ·
1252 4319 1598 4393 προπορεύσῃ
1634 4317 1743 4386 γὰρ
1773 4315 1878 4387 πρὸ

316 4414 606 4485 προσώπου
636 4413 861 4483 Κυρίου,
888 4411 1174 4481 ἑτοιμάσαι
1203 4410 1353 4472 ὀδοὺς
1377 4407 1564 4474 αὑτοῦ,
1582 4407 1675 4460 τοῦ
1699 4407 1880 4460 δοῦναι

316 4507 518 4573 γνῶσιν
549 4505 820 4574 σωτηρίας
849 4503 926 4573 τῷ
951 4503 1064 4571 λαῷ
1097 4502 1280 4566 αὑτοῦ,
1299 4502 1354 4554 ἐν
1385 4501 1574 4568 ἀφέσει
1599 4497 1880 4569 ἁμαρτιῶν

316 4597 515 4650 αὐτῶν.
546 4615 564 4647 ι
615 4595 943 4666 Προεϐάδιζε
993 4596 1100 4662 γάρ
1149 4593 1242 4647 τοῦ
1280 4589 1539 4663 Χριστοῦ,
1571 4593 1666 4645 καὶ
1716 4592 1878 4645 αὑτοῦ

316 4686 507 4753 γέγονε
557 4687 881 4755 πρόδρομος,
909 4685 1002 4737 καὶ
1031 4682 1178 4752 αὐτῷ
1205 4683 1302 4746 τάς
1350 4683 1502 4745 ὁδοὺς
1552 4681 1878 4752 προετοιμά-

317 4777 505 4840 ζεσθαι
548 4777 888 4846 διεκήρυττε,
934 4775 1028 4827 καὶ
1077 4775 1168 4826 τὸν
1213 4775 1300 4826 ἐπ’
1348 4773 1496 4844 αὐτῷ
1543 4775 1882 4844 προεφήτευε

314 4869 490 4936 λόγον,
520 4868 864 4936 ἐπιστρέφων
894 4866 968 4928 ὼς
1009 4866 1100 4918 ἐπὶ
1141 4864 1259 4934 Θεῷ
1305 4863 1544 4918 δικαιοῦν
1586 4865 1820 4934 ἰσχύοντι
1840 4874 1881 4903 ³η

316 4963 439 5023 τοὺς
463 4964 520 5013 ἐν
556 4959 870 5031 ἁμαρτίαις.
904 4954 1057 5025 Εἶτα,
1094 4958 1210 5020 πῶς
1243 4957 1303 5010 οὐ
1331 4956 1462 5021 Θεὸς
1490 4958 1518 5010 6
1545 4957 1810 5027 Χριστός;

391 5152 408 5185 ι
443 5125 608 5194 Οὗτος
642 5132 792 5184 ἔσται
827 5133 1022 5202 μέγας,
1055 5131 1149 5184 καὶ
1181 5131 1292 5194 υἱὸς
1325 5131 1577 5200 Ὑψίστου
1621 5131 1882 5203 κληθήσε-

316 5240 432 5276 ται·
469 5225 563 5276 καὶ
585 5224 743 5276 δώσει
770 5223 918 5293 αύτῷ
939 5223 1141 5293 Κύριος
1172 5224 1198 5275 6
1222 5223 1353 5285 Θεὸς
1381 5223 1472 5276 τὸν
1510 5223 1696 5293 θρόνον
1721 5224 1882 5277 Δαυῖδ

390 5379 432 5409 ²’⁶
459 5379 498 5434 ll
528 5381 652 5435 Cor.
685 5394 737 5444 γ,
775 5380 860 5434 lli.
937 5382 982 5413 ³⁸
1007 5379 1160 5434 Joan.
1197 5393 1288 5444 xx,
1315 5377 1438 5431 22..
1476 5377 1523 5409 "
1564 5376 1691 5433 Luc.
1733 5395 1785 5446 I,
1827 5380 1878 5433 ll

1988 5382 2014 5433 ἱ.
2091 5381 2132 5412 ’⁷
2170 5381 2325 5437 Joan.
2353 5386 2392 5450 i,
2431 5385 2518 5440 l9.

1905 3087 1953 3151 ο

1992 508 2136 562 ruit?
2177 509 2256 562 Ad
2286 509 2389 563 hoc
2440 510 2824 578 respondemus
2859 508 3039 562 divina
3094 509 3290 560 virtute
3349 510 3558 562 factum

1990 598 2042 652 id
2070 613 2210 653 esse.
2240 597 2344 652 Par
2368 608 2452 654 est
2503 607 2701 662 autem,
2738 606 2794 651 ut
2852 597 3000 650 Pauli
3070 598 3272 651 dictum
3308 597 3412 650 hoc
3439 597 3559 651 loco

1989 686 2042 739 in
2075 695 2309 741 mentem
2363 702 2713 754 rerocemus;
2743 687 2820 741 ait
2863 686 2910 741 is
2953 700 3130 740 vero:
3174 705 3192 737 ‹
3240 685 3425 755 Itaque
3459 702 3561 740 nos

1989 791 2052 830 ex
2083 779 2184 831 hoc
2219 778 2486 832 neminem
2538 778 2787 831 novimus
2837 779 3130 831 secundum
3166 789 3420 830 carnem:
3453 777 3561 832 etsi

1989 866 2335 933 cognovimus
2366 867 2660 921 secundum
2697 881 2914 920 carnem
2947 865 3246 931 Christum,
3290 868 3383 920 sed
3414 883 3560 922 nunc

1989 969 2094 1008 non
2145 955 2397 1008 novimus
2433 955 2497 1008 “.
2548 973 2566 1006 ι
2616 955 2756 1010 Sane
2801 966 2926 1024 post
2979 956 3436 1010 resurrectionem
3491 972 3559 1011 ex

1989 1049 2239 1111 mortuis,
2295 1049 2712 1118 dispensationis
2796 1050 3084 1118 mysterio,
3142 1062 3360 1120 propter
3417 1054 3559 1122 quod

1989 1150 2205 1190 carnem
2232 1137 2519 1191 salubriter
2541 1147 2927 1206 assumpserat,
2947 1139 3054 1208 jatn
3088 1141 3347 1207 perlecto,
3374 1143 3554 1196 divina

1988 1225 2185 1279 virtute
2221 1235 2274 1279 et
2325 1235 2592 1294 potestate
2632 1229 2885 1281 utebatur
2916 1244 2930 1280 :
2961 1236 3020 1280 ut
3045 1229 3137 1295 qui
3170 1229 3330 1282 veluti
3360 1243 3556 1298 oppor-

1990 1329 2120 1370 tuno
2148 1325 2390 1385 tempore
2418 1331 2510 1385 per
2530 1331 2591 1370 ea
2625 1319 2824 1386 potius,
2843 1330 3004 1386 quam
3041 1332 3137 1386 per
3161 1319 3557 1374 exinanitionis

1989 1408 2343 1474 conditiones,
2368 1410 2587 1477 agnosci
2616 1409 2872 1463 voluerit.

2064 1516 2083 1550 ι
2115 1499 2178 1552 Ει
2211 1513 2331 1552 cum
2360 1499 2460 1552 hoc
2487 1498 2735 1564 dixisset,
2764 1500 3078 1564 insumavit,
3109 1509 3163 1553 et
3191 1499 3371 1554 dixit:
3400 1499 3558 1554 Acci-

1988 1590 2094 1657 pile
2123 1590 2381 1658 Spiritum
2413 1599 2658 1644 sanctum
2682 1609 2696 1644 :
2717 1605 2944 1659 quorum
2970 1592 3293 1646 remiseritis
3315 1601 3559 1661 peccata,

1990 1682 2340 1736 remittuntur
2400 1681 2515 1746 eis;
2556 1690 2611 1734 et
2656 1697 2886 1750 quorum
2949 1681 3304 1745 retinueritis,
3347 1691 3554 1735 retenta

1989 1783 2114 1828 sunt
2139 1773 2206 1826 ’³.
2276 1791 2295 1825 ι
2359 1772 2630 1843 Quidquid
2681 1774 2770 1828 hic
2814 1773 3014 1828 factum
3062 1783 3410 1837 memoratur,
3458 1774 3558 1828 hoc

1991 1875 2161 1918 totum
2213 1864 2480 1932 divinum,
2511 1880 2812 1935 magnaque
2864 1865 3302 1920 consideratione
3337 1865 3555 1933 dignum

1988 1965 2086 2010 est.
2120 1955 2300 2009 Primo
2327 1971 2558 2024 namque
2594 1973 2700 2010 non
2740 1963 2858 2011 erat
2885 1957 3131 2010 humana:
3163 1966 3370 2009 natura:
3396 1970 3552 2024 opus,

1989 2059 2084 2110 per
2107 2045 2530 2099 exsulllationem
2565 2045 2822 2113 apostolis
2864 2046 3123 2114 Spiritum
3178 2055 3423 2100 sanctum
3473 2046 3556 2099 in-

1989 2133 2231 2188 fundere.
2269 2134 2473 2189 Deinde
2509 2137 2685 2205 majus
2715 2136 2992 2204 quiddam,
3019 2136 3417 2204 sublimiusque
3442 2147 3549 2202 est,

1989 2240 2148 2294 quam
2171 2227 2313 2293 quod
2346 2227 2398 2278 in
2427 2237 2729 2280 creaturam
2765 2228 2939 2289 cadat,
2970 2235 3170 2278 tantam
3198 2227 3301 2280 illis
3319 2236 3557 2294 potesta-

1991 2325 2096 2370 tem
2162 2316 2451 2384 impertiri,
2509 2317 2618 2386 87
2675 2325 2733 2370 ut
2787 2331 3016 2385 quorum
3071 2317 3274 2371 vellent
3335 2326 3553 2386 peccata

1986 2408 2242 2473 retinere,
2279 2418 2334 2461 et
2365 2422 2593 2478 quorum
2632 2423 2821 2462 rursus
2855 2410 3028 2461 visum
3077 2417 3226 2462 esset
3283 2408 3554 2471 relaxare,

1984 2488 2226 2567 possent.
2279 2498 2350 2552 At
2399 2485 2497 2553 cur
2545 2513 2807 2568 corporeo
2854 2498 2980 2552 ﬂatu
3033 2498 3243 2567 impetit
3295 2496 3554 2566 Spiritum

1983 2589 2269 2643 sanctum?
2302 2589 2424 2644 ideo
2482 2589 2762 2652 nimirum,
2801 2598 2860 2642 ut
2918 2604 3134 2644 carnem
3168 2603 3196 2642 a
3233 2589 3405 2644 Verbo
3448 2605 3554 2644 non

1984 2679 2351 2744 alicnam,sed
2380 2679 2650 2749 propriam
2675 2679 2815 2734 illius
2835 2667 3113 2734 exstitisSe
3163 2680 3553 2750 intelligamus.

1983 2767 2132 2822 Adde
2157 2779 2436 2823 externam
2466 2769 2610 2824 illam
2635 2785 2729 2839 per
2751 2770 2934 2824 carnis
2964 2770 3323 2824 ministerium
3350 2771 3541 2825 exsuf-

1280 2863 1374 2919 sed
1445 2861 1680 2933 Spiritus
1732 2859 1908 2918 sancti
1947 2859 2242 2930 participes
2289 2860 2600 2931 dignatione
2651 2875 2747 2916 sua
2823 2859 3284 2930 etiicerendivinze
3319 2860 3554 2916 ~virtutis

2977 3016 2987 3041 \

2298 3095 2384 3150 Ea:
2402 3077 2994 3165 Evangelio’secundum
3020 3091 3239 3148 Lucam.

2055 3231 2290 3300 Angelus
2321 3231 2415 3286 Dei
2465 3231 2741 3285 Zachariae
2795 3232 2862 3285 de
2913 3237 3103 3286 sancto
3149 3226 3392 3296 Baptista
3441 3227 3555 3280 haec

1982 3325 2237 3392 exponit:
2272 3341 2290 3374 ι
2345 3323 2412 3376 Et
2448 3323 2555 3376 erit
2606 3322 2862 3390 gaudium
2917 3320 3013 3374 tibi
3054 3327 3110 3375 et
3160 3317 3468 3382 exsultatio,
3505 3327 3556 3378 et

1986 3414 2136 3466 multi
2168 3413 2220 3467 in
2272 3413 2552 3466 nativitate
2599 3413 2713 3479 ejus
2751 3412 3080 3481 gaudebunt.
3113 3408 3231 3462 Erit
3261 3409 3404 3461 enim
3439 3423 3555 3460 ma-

1983 3518 2118 3572 guns
2156 3518 2336 3556 coram
2365 3504 2612 3566 Domino,
2647 3505 2899 3559 etvinum
2923 3511 2975 3557 et
2995 3503 3226 3558 siceram
3251 3515 3356 3553 non
3381 3499 3551 3561 bibet,

1983 3605 2037 3649 et
2062 3593 2266 3663 Spiritu
2290 3606 2478 3649 sancto
2527 3595 2822 3662 replebitur
2855 3596 3034 3648 adhuc
3071 3609 3137 3646 ex
3170 3602 3328 3647 utero
3365 3592 3554 3644 matris

1984 3700 2126 3739 suae:
2158 3693 2213 3738 et
2240 3684 2435 3739 multos
2469 3685 2701 3738 ﬁliorum
2730 3683 2896 3738 Israel
2931 3693 3212 3737 convertet
3253 3684 3319 3736 ad
3368 3681 3552 3735 Domi-

1985 3790 2115 3828 num
2153 3772 2319 3828 Deum
2353 3774 2590 3842 ipsorum
2622 3774 2694 3826 ’⁸-
2730 3793 2748 3825 ι
2792 3775 3028 3826 Rursum
3093 3789 3217 3828 cum
3275 3773 3444 3826 Judzei
3487 3789 3550 3827 ex

1983 3865 2100 3932 ipso
2132 3866 2318 3920 eodem
2365 3864 2572 3920 Joanne
2622 3865 3037 3919 sciscitarentur
3075 3884 3090 3920 :
3129 3884 3146 3916 ‹
3186 3865 3264 3917 Tu
3309 3867 3430 3932 quis
3462 3867 3557 3918 es?

1982 3956 2278 4026 Respondit
2309 3955 2396 4010 ille
2425 3972 2439 4009 :
2467 3956 2574 4026 Ego
2609 3971 2709 4009 vox
2751 3956 3036 4010 clamantis
3071 3957 3122 4009 in
3170 3957 3414 4018 deserto,
3458 3953 3556 4006 Pa-

1983 4055 2098 4100 rute
2119 4047 2260 4099 viam
2301 4045 2533 4110 Domini,
2575 4055 2749 4099 rectas
2802 4044 2963 4100 facile
3015 4045 3238 4099 semitas
3281 4043 3482 4112 ejus".
3533 4062 3550 4093 ο

1985 4138 2224 4192 Tandem
2262 4138 2492 4202 ipsemet
2524 4136 2817 4190 Zacharias
2871 4137 2939 4190 de
2981 4135 3199 4206 proprio
3230 4134 3340 4188 ﬁlio
3370 4135 3557 4188 vatici-

1981 4245 2140 4292 nans,
2180 4230 2248 4281 ita
2284 4227 2468 4282 fatur:
2504 4245 2522 4277 ι
2558 4226 2625 4282 Et
2657 4239 2735 4293 tu,
2793 4244 2948 4298 puer,
2991 4228 3252 4296 propheta
3285 4225 3549 4279 Altissimi

1982 4320 2260 4375 vocaberis
2293 4321 2550 4388 :praaibis
2594 4320 2738 4374 enim
2801 4329 2925 4374 ante
2976 4319 3168 4374 faciem
3210 4318 3417 4372 Domini
3457 4333 3552 4387 pa-

1916 4445 1959 4499 D
1989 4426 2110 4464 rare
2130 4412 2242 4465 vias
2269 4410 2387 4478 ejus
2421 4427 2433 4463 :
2466 4413 2532 4465 ad
2584 4412 2814 4466 dandam
2866 4409 3151 4464 scientiam
3187 4408 3378 4464 salutis
3417 4407 3554 4477 plebi

1988 4500 2103 4567 ejus
2156 4499 2210 4552 in
2262 4499 2634 4553 remissionem
2684 4507 3028 4568 peccatorum
3086 4513 3274 4552 eorum
3297 4497 3362 4551 ’⁸.
3400 4517 3416 4548 ι
3465 4497 3554 4551 Ille

1987 4603 2221 4656 namque
2245 4589 2520 4643 Christum
2553 4590 2811 4654 anteibat,
2835 4587 3184 4655 ejusdemque
3219 4587 3394 4640 lactus
3420 4603 3556 4656 pra:-

1988 4696 2197 4746 cursor,
2247 4691 2305 4735 ut
2353 4682 2496 4735 viam
2555 4681 2628 4734 illi
2673 4688 3061 4750 praepararent,
3095 4679 3468 4744 annuntiabat,
3503 4688 3557 4732 et

1987 4772 2364 4842 propheticum
2403 4771 2680 4826 oraculum
2724 4773 2788 4824 de
2835 4771 2926 4824 illo
2985 4772 3176 4832 edens,
3203 4769 3268 4821 ad
3323 4784 3468 4834 eum,
3500 4779 3557 4821 nt

1989 4860 2407 4932 quijustiticare
2456 4869 2634 4930 potest
2673 4861 2908 4930 peccatis
2931 4859 3199 4914 obnoxios
3261 4858 3336 4911 uti
3388 4859 3550 4922 Deus,

1987 4953 2359 5012 convertebat.
2395 4952 2460 5006 Et
2505 4952 2683 5008 adhuc
2736 4951 3064 5016 dubitamus,
3117 4948 3354 5005 fueritne
3413 4946 3556 5001 Deus

1987 5043 2272 5097 Christus?

2067 5152 2084 5185 ‹
2113 5134 2211 5189 Hic
2244 5134 2349 5189 erit
2389 5150 2639 5205 magnus,
2673 5145 2726 5190 et
2749 5135 2916 5191 Filius
2941 5132 3202 5188 Altissitni
3236 5127 3514 5184 vocabitur
3542 5146 3554 5180 :

1988 5234 2042 5280 et
2065 5226 2212 5281 dabit
2246 5227 2296 5281 ei
2330 5226 2585 5284 Dominus
2616 5228 2758 5284 Deus
2817 5226 3000 5282 sedem
3035 5223 3200 5278 David
3231 5219 3400 5291 patris
3421 5218 3556 5292 ejus,

2597 5388 2640 5420 ³⁸
2673 5385 2802 5442 Luc.
2841 5400 2880 5450 ι,
2906 5380 2992 5435 76.

1380 5533 1551 5589 Varia:
1583 5533 1839 5589 lectiones
1869 5537 2070 5592 codicis
2096 5539 2448 5608 Seguicriani.

391 5668 724 5739 ιέτελέσθη.
806 5671 829 5708 ιι
866 5670 1098 5739 τρόπων.
1182 5668 1512 5739 ιάφέωιται.

1595 5683 1632 5708 ιιι
1667 5673 1794 5725 (diu
1826 5673 2063 5728 δικαιοῦν
2093 5674 2339 5745 ἰσχύοντα
