3970 6136
456 281 599 334 1275

1464 272 1522 327 S.
1558 270 1834 327 CYRILLI
1863 269 2339 326 ALEXANDRINI
2381 265 2704 323 ARCHIEP.

3538 260 3715 323 ,Γῖσ

457 408 513 454 et
540 391 789 463 regnabit
813 391 867 444 in
898 390 1056 444 domo
1083 388 1250 445 Jacob
1271 389 1322 443 in
1340 397 1624 452 mternum,
1660 396 1716 441 ct
1738 386 1888 457 regni
1909 387 2026 456 ejus

2153 386 2219 441 ὀὖ
2265 386 2477 456 Πατρδς
2528 382 2693 437 αὐτοῦ
2716 398 2731 413 ο
2777 380 2871 434 καὶ
2921 377 3232 451 βασιλεύσει
3282 375 3379 430 ἐπὶ
3422 374 3519 428 τὸν
3567 370 3719 427 οἷκον

456 501 566 542 non
602 483 706 540 erit
732 480 853 535 ﬁnis
883 481 949 535 ”.
987 499 1006 531 ι
1055 480 1303 548 Nunquid
1338 478 1575 533 hominis
1610 472 1781 531 nostri
1827 476 2023 531 similis

2143 476 2335 531 Ἰακὼὸ
2364 478 2443 539 εἰς
2474 475 2601 538 τοὺς
2629 474 2851 536 αἰῶνας,
2878 471 2974 525 καί¹
2990 471 3091 540 τῆς
3118 466 3401 540 βασιλείας
3420 464 3597 519 αὐτοῦ
3618 467 3717 517 οὐκ

460 573 687 643 imperio
720 581 979 640 perpetuo
1035 570 1170 621 citra
1207 569 1367 622 ullam
1422 566 1872 635 interruptionem
1904 582 2027 634 pre-

2153 572 2281 623 ζσται
2335 568 2506 631 τέλος.
2544 584 2563 617 ι
2610 561 2736 637 ’Ἆρ’
2778 559 2872 618 οὖν
2935 564 3021 631 ἐφ’
3060 563 3187 616 ἐνὶυ
3233 559 3343 614 τῶν
3397 558 3524 612 καθ’
3566 561 3717 628 ἡμᾶς

461 661 800 718 memuriau
855 659 1162 727 imperatori
1222 659 1401 723 potius
1453 656 1564 710 Deo
1624 657 1677 709 in
1721 656 1937 710 Christo
1976 666 2033 710 et

2153 658 2450 728 ιεισόμεθα,
2471 652 2881 727 βασιλευόμενοι
2900 653 3164 723 διηνεκῶς
3179 651 3276 705 καὶ
3290 649 3713 718 ἀκαταλήκτωςς

464 768 559 820 per
611 750 883 804 Christum
945 748 1144 801 subditi
1197 747 1423 810 erimus,
1457 761 1564 799 nun
1601 753 1932 813 assumptum
1965 746 2030 799 ad

466 844 567 895 hoc
620 849 875 907 tanquam
922 848 1244 892 extraneum
1305 836 1614 907 quempiam
1655 836 2031 901 mediatorcm,

464 932 557 985 sed
593 945 778 984 verum
830 928 1047 995 Filium,
1079 943 1176 997 per
1206 922 1366 997 quem
1398 937 1451 981 et
1475 927 1527 980 in
1557 942 1664 995 quo
1694 927 1832 981 Deus
1870 925 2033 979 Pater

465 1024 518 1074 iu
541 1022 723 1075 omnia
754 1035 979 1089 regnum
1030 1018 1457 1084 obtinet?Quod
1496 1018 1542 1073 si
1583 1018 1657 1072 ita
1711 1031 1799 1072 res
1848 1016 2034 1083 habet,

471 1114 615 1165 Deus
644 1125 776 1179 ergo
805 1118 889 1163 est
919 1108 1187 1162 Christus.
1518 1118 1525 1127 °

542 1219 564 1253 ι
601 1200 744 1254 Dixit
789 1210 966 1253 autem
1003 1197 1169 1253 Maria
1199 1199 1265 1252 ad
1304 1197 1587 1266 angelum:
1622 1197 1737 1267 88
1761 1194 2040 1262 Quomodo

469 1291 562 1344 [iet
587 1288 752 1351 istud,
771 1287 1026 1356 quoniam
1059 1287 1237 1341 virum
1264 1302 1367 1340 non
1403 1287 1705 1355 cognosco?
1733 1285 1796 1340 Et
1819 1299 2043 1353 respon-

471 1379 605 1433 dens
639 1377 861 1446 angelus
907 1378 1044 1430 dixit
1076 1376 1155 1431 illi
1189 1395 1203 1432 :
1236 1377 1472 1445 Spiritus
1519 1387 1741 1433 sanctus
1783 1390 2041 1446 superve-

471 1468 585 1521 niet
639 1468 694 1520 in
755 1476 828 1529 te,
853 1475 909 1520 et
963 1468 1137 1523 virtus
1192 1468 1457 1523 Altissimi
1511 1468 1856 1523 obumbrabit
1898 1467 2037 1521 tibi:

476 1558 703 1627 ideoque
727 1570 781 1613 et
806 1560 950 1627 quod
986 1566 1235 1612 nascetur
1286 1573 1349 1611 ex
1383 1568 1436 1613 te
1465 1565 1738 1623 sanctum,
1761 1556 2043 1612 vocabitur

479 1647 647 1702 Filius
673 1647 764 1703 Dei
801 1648 867 1703 '°.
906 1666 925 1699 ι
963 1648 1216 1717 Nunquid
1255 1648 1321 1714 is,
1349 1650 1440 1717 qui
1498 1664 1699 1705 arcana
1747 1648 2042 1717 inexplica-

480 1739 683 1807 bilique
727 1738 963 1808 Spiritus
984 1740 1156 1794 sancti
1190 1740 1505 1809 operatione
1534 1755 1601 1794 ex
1630 1755 1791 1795 sacra
1816 1739 2041 1809 Virgine
2073 1721 2115 1776 Β

483 1830 745 1884 formatus
768 1839 823 1885 et
856 1839 1013 1884 natus
1051 1840 1154 1894 est,
1191 1830 1304 1884 sola
1326 1830 1684 1900 appellatione
1710 1829 1855 1884 illius
1887 1829 2042 1884 erat?

476 1936 546 1975 an
577 1935 740 1974 verus
777 1921 957 1989 potius
1012 1920 1385 1989 naturalisque
1431 1919 1523 1974 Dei
1575 1919 1769 1983 Filius,
1795 1930 1849 1974 et
1896 1920 2038 1975 Deus

478 2011 718 2066 creditus
745 2011 872 2066 est?
894 2012 1000 2066 Sed
1044 2013 1145 2066 hoc
1167 2012 1350 2080 procul
1378 2011 1542 2065 dubio
1568 2026 1751 2066 verum
1773 2021 1875 2066 est.
1912 2013 2042 2067 Ver-

478 2103 604 2155 bum
646 2102 871 2171 proinde
925 2101 1222 2156 secundum
1277 2100 1593 2170 hypostasin
1642 2114 1772 2155 caro
1815 2098 2036 2165 factum,

479 2194 579 2248 hoc
633 2201 738 2260 est,
760 2206 979 2247 carnem
1027 2207 1124 2262 per
1169 2191 1430 2259 Spiritum
1469 2199 1715 2245 sanctum
1769 2205 1836 2245 ex
1882 2206 2039 2245 sacra

478 2282 700 2351 Virgine
724 2283 1046 2351 sumpsisse,
1075 2296 1304 2350 eamque
1338 2282 1611 2350 propriam
1666 2281 1768 2337 sibi
1821 2281 2035 2346 fecisse,

477 2377 824 2447 intelligatur.
860 2374 971 2430 Hac
1005 2389 1238 2444 namque
1266 2373 1478 2429 ratione
1511 2373 1655 2443 quod
1688 2387 1851 2428 verus
1899 2372 2041 2428 Deus

479 2465 570 2529 sit,
606 2463 1060 2533 deprehendetur.

553 2574 572 2606 ι
614 2555 678 2609 Ει
712 2555 906 2608 factum
954 2562 1059 2615 est,
1090 2565 1149 2607 ut
1170 2553 1386 2609 audivit
1437 2552 1818 2609 salutationem
1860 2551 2044 2608 Mariae

481 2644 1278 2708 Elisabeth,exsultavitiul‘ans
1312 2645 1366 2698 iu
1389 2653 1544 2699 utero
1574 2644 1728 2713 ejus;
1758 2653 1813 2698 et
1841 2643 2041 2710 repleta

480 2747 566 2792 est
600 2736 801 2806 Spiritu
852 2745 1038 2792 sancto
1092 2735 1393 2805 Elisabetb,
1427 2740 1488 2791 et
1534 2734 1859 2791 exclamavit
1912 2748 2042 2790 voce

480 2842 692 2897 magna,
728 2837 784 2882 et
837 2826 1328 2882 dixitzBenedicta
1389 2836 1443 2881 tu
1484 2827 1626 2882 inter
1679 2826 1953 2893 mulieres,
1991 2833 2045 2879 et

480 2918 795 2972 benedictus
827 2917 1029 2972 fructus
1081 2919 1285 2971 ventris
1322 2918 1420 2973 tui.
1455 2916 1521 2972 Et
1575 2919 1715 2971 unde
1761 2917 1864 2972 hoc
1889 2916 2040 2979 mihi,

2130 750 2164 819 ἢ
2199 750 2304 803 ὑπὸ
2344 748 2463 818 Θεῷ
2513 747 2711 818 μᾶλλον
2754 744 2992 814 ἐσόμεθα
3017 740 3352 813 βασιλεύοντι
3381 738 3545 810 ἡμῶν
3577 738 3703 808 τὴν·

2132 841 2190 893 ἐν
2238 838 2480 910 Χριστῷ,
2522 838 2614 890 καὶ
2661 837 2761 907 οὐχ
2806 835 2882 898 ὡς
2918 833 3117 899 ἔξωθεν
3163 833 3388 903 μεσίτου
3439 832 3591 895 τινὸς
3642 833 3718 893 εἰς

2132 926 2292 979 τοῦτο
2334 925 2802 997 παραληφθέντος,
2830 924 2943 978 ἀλλ’
2976 924 3052 987 ὡς
3094 923 3161 976 δι’
3191 921 3327 975 Υἱοῦ
3372 922 3471 975 καὶ
3504 923 3563 973 ἐν
3604 920 3718 989 Tit?)

2135 1017 2604 1089 κατακρατοῦντος
2635 1017 2743 1071 τῶν
2770 1017 2907 1071 ὅλων
2948 1014 3043 1069 τοῦ
3086 1014 3222 1068 Θεοῦ
3250 1013 3344 1068 καὶ
3373 1013 3631 1083 Πατρός;
3656 1012 3714 1064 Ei

2134 1110 2190 1165 δὲ
2212 1110 2371 1165 τοῦτο
2397 1108 2614 1179 ἀληθὲς,
2645 1109 2776 1171 Θεὸς
2804 1107 2912 1179 ἄρα
2940 1109 2969 1159 ὁ
2994 1106 3249 1176 Χριστός.

2212 1217 2233 1252 ι
2264 1195 2399 1253 Εἶπε
2439 1199 2498 1252 δὲ
2542 1196 2778 1266 Μαριάμ
2819 1197 2957 1266 πρὸς
2982 1195 3074 1248 τὸν
3103 1194 3331 1263 ἄγγελον
3350 1209 3365 1225 ’
3405 1191 3540 1255 Πῶς
3566 1190 3714 1245 ἔσται

2142 1306 2232 1360 μοι
2256 1287 2433 1353 τοῦτο,
2466 1288 2589 1341 ἐπεὶ
2630 1286 2800 1357 ἄνδρα
2832 1286 2893 1339 οὐ
2926 1283 3211 1353 γινώσκω;
3250 1283 3364 1337 Καὶ
3392 1282 3713 1351 ἀποκριθεὶς

2139 1383 2168 1436 ό
2211 1382 2441 1451 ἄγγελος
2493 1376 2648 1434 εἷπεν
2696 1381 2869 1450 αὐτῇ·
2899 1377 3126 1450 Πνεῦμα
3172 1376 3324 1445 ἆγιον
3358 1374 3713 1427 ἐπελεύσεται

2141 1474 2233 1526 ἐπὶ⁹
2263 1473 2342 1535 σὲ,
2375 1472 2470 1526 καὶ
2491 1471 2721 1541 δύναμις
2750 1469 3007 1538 Ὑψίστου
3032 1467 3344 1521 ἐπισκιάσει
3371 1482 3458 1518 σοι
3480 1479 3495 1493 ⁸
3526 1463 3611 1518 διὸ
3629 1463 3712 1516 καὶ

2141 1562 2202 1616 τὸ
2235 1562 2571 1633 γεννώμενον
2606 1562 2782 1630 ἅγιον,
2811 1559 3147 1631 κληθήσεται
3171 1557 3299 1620 Υίδς
3337 1554 3506 1610 Θεοῦ.
3539 1573 3559 1606 ι
3584 1550 3713 1623 'Ap‘

2142 1648 2236 1705 οὖν
2268 1650 2527 1720 κέκληται
2556 1648 2717 1720 μόνον
2751 1648 2898 1711 Υἱὸς,
2928 1649 2957 1700 6
3008 1648 3074 1701 ἐκ
3115 1646 3215 1715 τῆς
3244 1644 3408 1712 ἀγίας
3437 1643 3713 1713 Παρθένου

2145 1743 2232 1797 διὰ
2262 1742 2357 1795 τοῦ
2382 1741 2698 1811 Πνεύματος
2741 1740 3073 1811 ἀπορῤήτως
3097 1735 3526 1807 γεγεννημένος,
3559 1736 3712 1805 {nam

2149 1833 2498 1904 ἐκτισμένοςς
2535 1831 2568 1902 ἢ
2614 1831 2777 1900 φύσει
2807 1848 2867 1884 τε
2898 1830 2993 1883 καὶ⁵
3026 1828 3243 1900 ἀληθῶς
3270 1827 3399 1888 Υἱὸς
3440 1821 3587 1879 εἶναι
3628 1841 3716 1878 πε-

2146 1927 2434 1979 πίστευται
2465 1962 2481 1987 ,
2533 1923 2629 1976 καὶ
2680 1922 2850 1988 Θεός;
2924 1921 3067 1975 Ἀλλ’
3112 1920 3229 1974 ἔστι
3282 1919 3444 1973 τοῦτο
3496 1919 3718 1989 ἀληθές.

2146 1994 2391 2070 Νοείσθω
2436 2015 2502 2086 δὴ
2552 2009 2645 2067 οὖν
2700 2012 2838 2084 σὰρξ
2881 2012 3023 2069 καθ’.
3052 2011 3350 2066 ὑπόστασιν
3406 2008 3649 2078 γεγονὼς
3690 2013 3717 2063 6

2146 2108 2339 2176 Λόγος,
2376 2106 2654 2160 τουτέστιν
2702 2104 2837 2158 ἰδίαν
2879 2104 3249 2175 ποιησάμενος
3297 2102 3476 2172 σάρκα
3503 2099 3604 2171 τὴν
3630 2098 3718 2152 διά

2147 2199 2467 2268 Πνεύματος
2494 2199 2558 2252 ἐκ
2586 2199 2686 2271 τῆς
2719 2197 2881 2267 ἁγίας
2908 2196 3220 2269 Παρθένου’
3251 2193 3399 2249 οὕτω
3424 2194 3537 2265 γὰρ
3573 2192 3716 2246 ἐσται

2146 2291 2241 2345 καὶ
2269 2290 2402 2354 Θεὸς
2426 2289 2664 2361 ἀληθῶς.

2225 2574 2244 2607 ι
2272 2556 2383 2609 Καὶ
2409 2554 2648 2623 ἐγένετο,
2683 2553 2761 2618 ὡς
2789 2554 2992 2623 ἢκουσε
3020 2551 3109 2607 τὸν
3148 2551 3449 2622 ἀσπασμὸν
3475 2551 3579 2621 τῆς
3604 2551 3715 2605 Μα-

2150 2643 2271 2715 ρίας
2301 2645 2335 2715 ἡ
2372 2643 2673 2707 Ἑλισάϐετ,
2697 2643 2985 2716 ἐσκίρτησε
3015 2643 3076 2696 τὸ
3109 2642 3308 2714 βρέφος
3352 2643 3413 2696 ἐν
3441 2645 3511 2712 τῇ
3548 2641 3715 2711 item;

2149 2736 2342 2808 αύτῆςσ
2382 2737 2476 2790 καὶ
2508 2735 2753 2807 ἐπλήσθη
2792 2736 3108 2807 Πνεύματος
3136 2735 3295 2802 ἁγίου
3342 2736 3375 2805 ἡ
3425 2733 3712 2799 Ἐλισάεετ,

2150 2831 2245 2887 καὶ
2275 2828 2593 2899 ἀνεφώνησε
2650 2831 2801 2900 φωνῇ
2852 2827 3088 2901 μεγάλῃ,
3123 2827 3218 2880 καὶ
3257 2821 3419 2879 εἶπεν
3439 2840 3455 2855 ⁸
3490 2826 3716 2894 Εὐλογη-

2158 2923 2292 2992 μένη
2338 2922 2402 2972 σὺ
2445 2920 2504 2972 ἐν
2534 2919 2772 2987 γυναιξὶ,
2802 2920 2897 2972 καὶ
2923 2918 3287 2988 εὐλογημένος
3323 2918 3353 2969 6
3382 2916 3599 2987 καρπὸς
3629 2914 3717 2982 τῆς

483 3019 541 3063 ιιι
566 3011 749 3065 veniat
803 3021 979 3064 mater
1024 3010 1232 3064 Domini
1270 3011 1372 3064 mei
1406 3012 1472 3063 ad
1529 3027 1613 3065 me
1641 3011 1733 3063 “?
1771 3030 1790 3061 ι
1828 3010 2042 3064 luterna

2153 3012 2360 3074 κοιλίας
2387 3028 2502 3064 σου.
2526 3010 2637 3064 Καὶ
2676 3010 2841 3064 πόθεν
2874 3028 2966 3081 μοι
2999 3009 3172 3073 τοῦτο,
3203 3011 3292 3063 ἵνα
3322 3009 3457 3082 ἔλθῃ
3482 3011 3515 3080 ἡ
3546 3010 3713 3079 μήτηρ

482 3101 577 3155 Dei
603 3102 818 3169 energia
842 3110 897 3154 et
925 3102 1001 3163 vi,
1023 3100 1321 3169 prophetiae
1349 3101 1541 3154 donum
1573 3102 1855 3169 obtingere
1884 3100 2044 3153 alicui

2153 3101 2245 3156 τοῦ
2313 3100 2520 3170 Κυρίου
2585 3117 2687 3169 μου
2736 3100 2872 3171 πρός
2899 3117 3001 3170 με;
3037 3119 3055 3152 ι
3096 3099 3531 3170 Ἐνεργήσαντος
3596 3096 3717 3151 Beati

484 3203 687 3261 potest;
721 3207 899 3257 secus,
953 3206 1313 3260 nequaquam.
1370 3191 1501 3246 Cum
1580 3193 1743 3261 igitur
1794 3192 2050 3245 salutatio

482 3295 652 3359 sacra:
684 3278 920 3359 Virginis
966 3279 1146 3333 Mariae
1199 3278 1381 3332 Jesum
1434 3294 1533 3348 per
1578 3280 1629 3333 id
1687 3283 1943 3348 temporis
1996 3280 2048 3333 iu

486 3348 640 3426 utero
670 3348 847 3425 adhuc
863 3369 1145 3438 gestantis,
1175 3368 1436 3423 Joannem
1459 3371 1719 3426 maternis
1748 3371 2051 3425 visceribus

489 3466 664 3521 adhuc
712 3463 978 3519 inclusum
1032 3464 1098 3519 ad
1153 3465 1492 3534 prOphetiam
1542 3466 1891 3533 promoverit,
1919 3481 2056 3536 quo—

489 3557 647 3611 modo
696 3556 945 3611 Christus
1001 3570 1106 3610 non
1157 3565 1241 3611 est
1280 3554 1444 3619 Deus,
1474 3555 1564 3625 qui
1610 3557 1751 3610 intra
1802 3556 2052 3625 virginea

489 3648 720 3701 claustra
751 3648 1044 3701 etiamnum
1089 3646 1326 3710 latitans,
1350 3647 1527 3701 divina
1578 3647 1627 3701 vi
1655 3649 1721 3701 ad
1757 3649 2054 3718 prophetiae

487 3739 715 3806 gratiam
743 3737 1038 3806 Baptistam
1099 3738 1319 3792 evexit?

563 3849 581 3881 ι
613 3829 764 3884 Nunc
799 3829 1031 3884 dimittis
1078 3844 1296 3883 servum
1344 3837 1515 3891 tuum,
1561 3827 1809 3891 Domine,
1859 3842 2054 3882 secun-

487 3926 613 3976 dum
650 3921 873 3976 verbum
932 3930 1105 3984 tuum,
1143 3920 1194 3974 in
1238 3934 1391 3989 pace.
1445 3919 1581 3988 Quia
1632 3921 1887 3975 viderunt
1917 3919 2057 3974 oculi

447 4013 450 4016 ’
489 4012 591 4066 mei
625 4000 877 4066 Salutare
905 4019 1075 4065 tuum.
1103 4010 1256 4077 Quod
1285 4012 1487 4080 parasti
1536 4018 1662 4065 ante
1699 4009 1893 4065 faciem
1933 4025 2053 4065 om-

489 4105 637 4157 nium
673 4102 1015 4171 p0pulorum.
1049 4100 1253 4156 Lumen
1287 4102 1350 4154 ad
1387 4101 1765 4155 revelationem
1794 4100 2055 4169 gentium,
2094 4150 2097 4153 λ

489 4203 545 4248 et
590 4193 821 4263 gloriam
877 4191 1046 4260 plebis
1103 4200 1205 4244 tua:
1250 4189 1414 4247 Israel
1445 4192 1514 4248 ³¹.
1545 4210 1564 4243 ι
1617 4192 1834 4246 Simeon
1876 4192 2059 4245 Jesum

490 4287 632 4340 inter
656 4284 808 4339 ulnas
836 4282 1171 4350 complexus,
1205 4279 1464 4348 ejusmodi
1511 4282 1578 4336 de
1611 4283 1727 4350 ipso
1759 4281 1932 4349 elogia
1967 4281 2060 4334 de-

2151 3189 2488 3260 προφητείας
2518 3188 2699 3260 χάριν,
2731 3189 2885 3242 ἔσται
2914 3207 2999 3252 τις
3024 3191 3310 3260 προφήτης
3332 3207 3346 3220 ’
3382 3190 3511 3244 καθ’
3543 3189 3716 3259 ἕτερον

2150 3280 2445 3351 δὲτρόπον,
2471 3277 2874 3350 ούδαμῶς.Ὂτε
2884 3280 3062 3335 τοίνυν
3086 3282 3114 3333 ὁ
3130 3282 3427 3352 ἀσπασμὸς
3449 3282 3551 3351 τῆς
3571 3282 3717 3347 ἁγίας

2151 3371 2429 3443 Παρθένου
2484 3370 2705 3442 Μαρίας
2756 3371 3130 3442 κυοφορούσης
3181 3371 3263 3425 ἔτι
3333 3371 3429 3425 τὸν
3485 3369 3715 3441 Ἰησοῦν,

2152 3464 2443 3534 κεκίνηκεν
2493 3463 2552 3516 ἐν
2599 3465 2783 3534 μήτρᾳ
2829 3464 2921 3518 τὸν
2954 3464 3210 3534 Ἰωάννην
3257 3466 3340 3528 εἰς
3367 3463 3715 3535 προφητείαν,

2154 3553 2271 3617 πῶς
2313 3554 2376 3607 οὐ
2418 3553 2550 3617 Θεὸς
2591 3556 2620 3608 6
2665 3555 2920 3625 Χριστὸς,
2951 3554 3047 3609 καὶ
3094 3557 3153 3608 ἐν
3197 3558 3265 3626 τῇ
3318 3556 3420 3625 τῆς
3454 3554 3718 3625 Παρθένου

2154 3644 2307 3714 νηδύϊ
2358 3646 2590 3715 κινήσας
2635 3645 2950 3716 θεοπρεπῶς
2995 3648 3077 3710 είς
3122 3645 3462 3716 προφητείας
3507 3644 3721 3714 δύναμιν

2152 3734 2246 3789 τὸν
2275 3734 2609 3805 Βαπτιστήν;

2233 3846 2251 3880 ι
2282 3826 2395 3881 Νῦν
2429 3828 2691 3891 ἀπολύεις
2719 3828 2809 3883 τὸν
2839 3828 3026 3883 δοῦλόν
3056 3845 3173 3892 σου,
3213 3827 3489 3891 Δέσποτα,
3514 3826 3721 3881 κατὰτὸ

2158 3919 2311 3989 ῥῆμά
2343 3935 2459 3985 σου,
2494 3921 2553 3973 ἐν
2594 3922 2941 3992 είρήνῃ.”οτι
2971 3915 3113 3975 εἶδον
3143 3921 3192 3975 oi
3225 3920 3499 3991 ὀφθαλμοί
3540 3937 3641 3991 μου
3670 3919 3722 3969 τὸ

2158 4010 2437 4081 Σωτήριόν
2472 4027 2589 4064 σου·
2626 4011 2655 4065 ὃ
2683 4011 2987 4082 ἡτοίμασας
3010 4012 3154 4066 κατά
3191 4013 3491 4084 πρόσωπον
3520 4011 3723 4063 πάντων

2157 4104 2267 4157 τῶν
2316 4102 2495 4158 λαῶν·
2549 4104 2664 4173 φῶς
2707 4106 2789 4168 εἰς
2831 4105 3172 4174 ἀποκάλυψιν
3211 4103 3403 4169 ἐθνῶν,
3440 4104 3539 4158 καὶ
3582 4102 3723 4166 δόξαν

2159 4196 2290 4250 λαοῦ
2326 4213 2420 4250 σου
2457 4197 2696 4269 Ἰσραήλ.
2730 4197 2827 4251 »⁸0
2850 4195 3065 4265 Συμεὼι
3085 4196 3182 4249 ’τὸν
3215 4195 3424 4267 Ἰησοῦν
3460 4196 3543 4254 είς
3564 4190 3727 4261 ἀγκά-

2159 4288 2258 4352 λας
2301 4288 2503 4351 λαϐὼν,
2532 4289 2602 4342 τά
2653 4288 2830 4342 τοιάδε
2881 4290 3012 4359 περὶ
3057 4287 3221 4343 αὑτοῦ
3270 4303 3427 4356 φησι.
3456 4284 3588 4347 Πῶς
3641 4279 3726 4336 οὖν

487 4374 789 4446 promebat.
811 4374 881 4427 At
912 4374 1183 4442 quomodo
1213 4371 1452 4426 salutare
1486 4380 1570 4425 est
1599 4411 1614 4435 ,
1648 4380 1743 4426 aut
1791 4373 2049 4440 quomodo

2164 4381 2279 4434 ἐστι
2324 4381 2590 4452 σωτήριον
2611 4419 2627 4445 ,
2660 4381 2779 4445 πῶς
2819 4380 2877 4433 δέ
2921 4378 3036 4449 φῶς
3067 4381 3148 4441 εἰς
3171 4375 3521 4445 ἀποκάλυψιν
3547 4374 3727 4435 ἐθνῶν,

489 4467 669 4522 lumen
703 4467 767 4520 ad
795 4465 1179 4519 revelationem
1202 4463 1439 4534 gentium
1468 4471 1570 4526 est,
1592 4464 1636 4516 si
1664 4479 1801 4517 unus
1821 4472 1877 4517 et
1909 4462 2057 4519 solus

494 4571 654 4612 verus
710 4555 880 4610 Filius
930 4564 985 4611 et
1051 4554 1195 4610 Deus
1250 4568 1356 4608 non
1407 4562 1523 4618 est,
1588 4565 1779 4609 natura
1833 4555 2057 4624 quidem

490 4656 651 4702 natus
678 4660 745 4701 ex
771 4646 929 4702 Patre
972 4655 1031 4700 ut
1067 4630 1322 4709 Verbum,
1357 4644 1652 4699 secumlum
1709 4660 1926 4699 carnem
1964 4660 2059 4698 au-

493 4742 604 4786 tem
647 4743 800 4787 ortus
825 4749 889 4787 ex
927 4731 1184 4803 Virgine?
1211 4730 1342 4797 Quas
1381 4746 1590 4787 rursum
1632 4731 1890 4786 revelatio
1920 4732 2058 4787 facta

495 4831 582 4876 est
621 4820 891 4889 gentibus,
937 4821 1038 4875 nisi
1092 4821 1234 4890 quod
1273 4822 1339 4875 de
1377 4820 1491 4891 ipso
1530 4832 1897 4892 cognoverunt
1935 4823 2059 4892 quia

495 4913 637 4968 Deus
682 4922 765 4968 est
815 4911 1164 4979 divinumque
1204 4911 1403 4965 cultum
1448 4911 1522 4966 illi
1564 4914 1965 4982 impendentes,
2005 4913 2059 4967 in

501 5022 562 5059 ea
614 5005 844 5060 crimina
904 5017 1009 5058 non
1050 5002 1378 5068 incidcrunt,
1431 5004 1482 5056 in
1532 5019 1652 5073 quas
1690 5005 1766 5060 illi
1821 5005 2061 5060 incidere

497 5098 692 5164 solent,
724 5097 813 5168 qui
841 5095 995 5151 alteri
1032 5096 1132 5152 deo
1177 5111 1339 5165 quam
1369 5096 1459 5151 uni
1508 5096 1605 5162 illi,
1637 5098 1726 5166 qui
1775 5105 1966 5151 natura
2004 5105 2059 5152 et

502 5194 725 5247 teritate
762 5189 906 5247 Deus
937 5198 1040 5256 est,
1077 5189 1363 5246 serviunt?

2164 4473 2213 4524 εἰ
2268 4472 2344 4543 μὴ
2389 4473 2521 4536 Θεός
2573 4472 2721 4525 ἐστιν
2768 4470 3003 4542 ἀληθῶς,
3050 4465 3133 4534 εἷς
3166 4469 3275 4523 καὶ
3335 4467 3502 4537 μόνος
3532 4465 3729 4527 Υίδςιδ

2165 4562 2324 4629 φύσει
2377 4561 2477 4633 μὲν
2528 4564 2592 4616 ἐκ
2640 4560 2855 4633 Πατρὸς
2898 4560 2974 4625 ὡς
3000 4560 3194 4628 Λόγος,
3218 4560 3281 4611 ἐκ
3306 4557 3593 4629 Παρθένου
3624 4554 3679 4607 δὲ
3706 4551 3730 4601 ὁ

2165 4652 2326 4716 αὐτὸς
2374 4652 2520 4706 κατὰ
2567 4653 2775 4722 σάρκας
2824 4652 2960 4706 Ποία
2989 4651 3099 4723 γάρ
3130 4651 3355 4719 γέγονεν
3396 4643 3729 4710 ἀποκάλυψις

2163 4747 2285 4807 τοῖς
2306 4744 2536 4810 ἔθνεσιν,
2563 4744 2597 4815 ἢ
2630 4746 2718 4798 ἐπ’
2747 4744 2896 4814 αὐτῷ
2923 4744 3170 4812 ἔγνωσαν
3200 4743 3282 4796 ὅτι
3308 4739 3446 4802 Θεός
3482 4740 3625 4800 ἐστι,
3651 4732 3731 4785 ἀἱ

2169 4833 2318 4905 αύτῷ
2356 4834 2746 4905 λατρεύσαντες
2771 4833 2971 4903 ἔφυγον
3003 4832 3072 4887 τά
3117 4832 3443 4902 ἐγκλήματα
3494 4825 3588 4880 τοῦ
3635 4816 3728 4887 θεῷ

2166 4926 2449 4999 λατρεύειν
2478 4927 2650 4999 ἑτέρῳ
2678 4925 2827 4999 παρὰ
2854 4926 2947 4981 τὸν
2984 4922 3232 5001 ἐνα,καἰ
3259 4922 3445 4993 φύσει,
3478 4920 3577 4975 καὶ
3607 4917 3728 4985 diu]-

2168 5017 2302 5083 06);;

571 5344 614 5374 ”
649 5341 782 5397 Luc.
820 5358 859 5408 I,
892 5341 981 5409 32,
1019 5343 1107 5398 55.
1187 5343 1230 5376 ³⁸
1258 5342 1386 5399 ibid.
1426 5340 1513 5407 54,
1545 5342 1637 5397 55.
1712 5341 1752 5372 ³¹
1790 5340 1921 5395 ibid.
1954 5341 2049 5394 6i-

2219 5298 2263 5371 ³ὲ
2294 5337 2424 5395 Luc.
2447 5355 2485 5394 ιι
2509 5377 2526 5403 ,
2553 5338 2741 5395 29-52.

1552 5496 1720 5551 Variae
1747 5494 2006 5552 lectiones
2033 5495 2232 5552 codicis
2264 5493 2619 5564 chuieriaui.

578 5637 606 5666 ⁸
643 5625 726 5695 ὑφ’
766 5624 867 5679 ἐνί.
