3970 6136
1318 56 1348 93 κ

225 281 361 335 4277

1317 280 1405 334 DE
1446 279 1667 336 RECTA
1708 284 1865 341 FIDE
1901 287 1991 342 AD
2033 285 2347 342 RECINAS.

3315 287 3451 343 19.78

299 410 318 442 ι
341 388 625 459 Ἐπιγνοὺς
651 387 709 443 δὲ
742 391 770 443 6
806 391 1009 460 Ἰησοῦς
1042 390 1166 453 τοὺς
1185 389 1567 461 διαλογισμοὺς
1588 393 1785 460 αὐτῶν,

1963 418 1981 450 ‹
2024 398 2093 454 Ut
2122 396 2374 467 cognovit
2429 401 2605 448 autem
2630 390 2786 446 Iesus
2837 390 3195 460 cogitationes
3243 407 3452 460 eorum,

225 480 545 552 ἀποκριθεὶς
595 476 715 534 εἷπε
765 481 900 551 πρὸς
959 480 1192 544 αὐτούς·
1227 480 1291 533 Τί
1326 481 1696 549 διαλογίζεσθε
1733 487 1791 539 ἐν

223 574 345 634 ταῖς
378 571 627 643 καρδίαις
656 570 845 640 epam;
875 572 942 624 Τί
987 572 1137 625 ἐστιν
1166 570 1542 643 εὐκοπώτερον
1578 573 1752 626 εἰπεῖν
1773 591 1815 616 ’-

238 663 537 733 Ἀφέωνταί
565 681 646 717 σοι
677 664 731 717 αἰ
760 663 1022 733 ἁμαρτίαι
1058 680 1150 716 σου
1171 678 1186 693 ο
1230 663 1263 734 ἢ
1300 664 1472 716 εἰπεῖν
1493 681 1506 696 ·
1539 665 1791 736 Ἔγειραι

106 813 121 827 ι
226 753 320 804 καὶ
354 752 675 820 περιπάτει;
708 752 823 805 Ἵνα
846 752 903 805 δὲ
931 753 1109 820 εἰδῆτε
1138 753 1221 805 ὅτι
1243 753 1271 803 6
1302 752 1428 816 Υἱὸς
1455 752 1550 807 τοῦ
1581 754 1791 825 ἀνθρώ-

224 860 327 896 που
377 842 620 910 ἐξουσίαν
664 843 776 913 ἔχει
817 843 911 896 ἐπὶ
956 843 1056 912 τῆς
1105 843 1211 912 γῆς
1259 844 1475 911 ἀφιέναι
1521 847 1792 917 ἁμαρτίας

226 926 370 1000 (εἷπε
394 931 472 1002 τῷ
502 930 913 1003 παραλυτικῷ)’
942 931 1033 984 Σοὶ
1069 930 1241 1000 λέγω,
1268 932 1498 1002 ἐγειραι,
1530 933 1625 986 καὶ
1653 934 1793 1005 ἄρας

223 1024 285 1076 τὸ
316 1023 587 1093 κλινάριόν
627 1018 744 1088 σου,
781 1023 1012 1096 πορεύου
1058 1025 1138 1090 εἰς
1189 1024 1280 1079 τὸν
1326 1021 1474 1079 οἶκόν
1517 1044 1631 1083 σου.
1668 1045 1687 1079 ι
1728 1028 1793 1081 Εἰ

230 1113 385 1183 μόνος
409 1116 559 1185 ἡμᾶς
585 1115 915 1168 ἀπαλλάττει
946 1116 975 1168 6
1010 1115 1116 1169 τῶν
1154 1115 1290 1170 ὅλων
1314 1116 1446 1181 Θεὸς
1470 1116 1794 1190 πλημμελη-

230 1203 439 1273 μάτων,
473 1203 644 1273 ὲτέρῳ
678 1203 975 1274 πρέποντος
1019 1203 1209 1257 τούτου
1256 1204 1442 1275 μηδενί
1466 1221 1480 1237 ο
1513 1205 1793 1276 χαρίζεται

227 1293 292 1346 δὲ
321 1295 414 1347 καὶ
439 1295 596 1347 τοῦτο
615 1294 848 1366 Χριστὸς
878 1295 993 1363 μετ’
1013 1294 1259 1361 ἐξουσίας
1291 1295 1651 1366 θεοπρεποῦς·
1675 1298 1794 1363 πῶς

226 1384 326 1438 οὐκ
370 1383 436 1438 ἂν
484 1386 570 1455 εῐη
615 1371 778 1452 Θῖός;
827 1385 1103 1456 Κέκληται
1150 1387 1259 1457 γὰρ
1301 1387 1429 1450 Υἰὸς
1481 1387 1793 1459 ἀνθρώπου,

228 1474 506 1545 γεννηθεὶς
543 1476 608 1528 ὲκ
632 1473 888 1543 γυναικὸς
912 1473 1054 1528 κατά
1084 1475 1283 1546 σάρκα,
1305 1475 1480 1529 καίτοι
1510 1475 1640 1539 Θεὸς
1666 1476 1740 1530 ὢν
1766 1478 1796 1529 6

228 1565 419 1633 Λόγος.

306 1671 325 1705 ι
357 1653 447 1707 Ἐν
495 1655 680 1727 ἐκείνῃ
717 1659 782 1726 τῇ
828 1655 949 1727 ὥρᾳ
988 1654 1330 1727 ἐθεράπευσε
1415 1656 1642 1721 πολλοὺς
1685 1657 1794 1711 ἀπὸ

1890 488 2222 557 respondens
2245 481 2380 540 dixit
2411 485 2476 537 ad
2511 484 2661 547 illos:
2686 481 2826 546 Quid
2845 480 3097 548 cogitatis
3123 482 3177 535 in
3203 484 3456 539 cordibus

1888 577 2281 643 vestris?Quid
2316 584 2399 630 est
2427 574 2636 629 facilius
2680 573 2861 628 dicere
2897 590 2909 626 :
2940 571 3054 642 89
3089 571 3444 627 Dimittuntur

1892 669 1984 723 tibi
2025 676 2245 737 peccata
2276 677 2403 731 tua;
2441 680 2509 719 an
2532 666 2753 718 dicere:
2788 650 2973 731 Surge~
3003 673 3059 717 et
3086 661 3299 716 ambula
3324 662 3351 718 τ
3390 662 3461 718 Ut

1888 770 2065 814 autem
2089 757 2295 823 sciatis,
2327 757 2452 826 quia
2481 756 2654 812 Filius
2683 758 2918 813 hominis
2947 764 3268 827 potestatem
3298 756 3460 809 habet

1890 850 1945 905 in
1979 858 2120 902 terra
2159 847 2462 901 dimittendi
2504 858 2743 915 peccata,
2770 847 2883 918 (ait
2930 844 3259 917 paralytico)
3294 858 3309 897 :
3339 843 3459 899 Tibi

1891 940 2032 999 dico.
2063 951 2243 1006 surge,
2267 937 2391 991 tolle
2444 936 2642 991 lectum
2673 946 2842 1003 tuum,
2870 944 2926 991 et
2974 937 3108 989 vade
3136 936 3186 989 in
3241 936 3457 988 domum

1893 1040 2040 1086 tuam
2072 1028 2138 1083 ⁸⁸.
2172 1048 2191 1081 ι
2219 1028 2275 1084 Si
2303 1027 2451 1083 solus
2484 1027 2859 1081 universorum
2899 1025 3161 1080 Dominus
3189 1038 3219 1078 a
3250 1024 3459 1079 delictis
3540 1036 3545 1039 ·

1891 1137 1990 1177 nos
2014 1120 2216 1191 expiat,
2244 1134 2344 1174 nec
2390 1118 2442 1172 in
2487 1116 2652 1171 ullum
2701 1117 2864 1171 alium
2919 1115 3058 1170 istud
3099 1115 3375 1179 convenit,
3404 1123 3461 1168 et

1891 1212 2139 1268 Christus
2192 1225 2313 1264 cum
2371 1207 2554 1262 divina
2605 1206 2932 1262 auctoritate
2978 1207 3080 1261 hoc
3110 1208 3284 1274 ipsum
3318 1219 3456 1273 prae-

1892 1310 1999 1357 stat
2042 1315 2058 1353 :
2094 1300 2185 1370 qui
2210 1299 2324 1354 ﬁeri
2353 1305 2550 1369 potest,
2580 1307 2639 1352 ut
2678 1296 2824 1352 Deus
2865 1310 2972 1351 non
3029 1295 3296 1355 exsistat?
3323 1292 3459 1347 Nam

1893 1390 1996 1446 etsi
2026 1387 2284 1454 Verbum,
2318 1388 2462 1458 quod
2510 1388 2804 1443 secundum
2852 1401 3072 1441 carnem
3117 1399 3185 1440 ex
3236 1384 3461 1439 muliere

1894 1489 2081 1536 natum
2131 1489 2239 1545 est,
2263 1480 2387 1534 Filii
2422 1478 2658 1534 hominis
2701 1478 3068 1551 appellatione
3123 1477 3457 1547 designetur,

1899 1570 2243 1627 nihilominus
2273 1579 2450 1624 tamen
2470 1567 2611 1625 Deus
2631 1579 2736 1624 est.

1971 1682 1990 1716 ι
2018 1664 2074 1718 In
2093 1664 2207 1732 ipsa
2229 1662 2363 1718 hora
2387 1670 2567 1716 autem
2596 1661 2794 1717 multos
2813 1659 3018 1716 curavit
3037 1675 3065 1714 a
3089 1657 3457 1727 languoribus,

231 1745 426 1810 νόσων,
456 1747 550 1798 καὶ
582 1746 886 1816 μαστίγων,
918 1748 1014 1800 καὶ
1044 1748 1373 1817 πνευμάτων
1400 1749 1680 1820 πονηρῶνο
1705 1749 1799 1802 καὶ

1904 1764 1954 1810 et
1975 1754 2169 1825 plagis,
2203 1762 2260 1809 et
2289 1738 2864 1823 spiritibus‘malis,et
2893 1750 3050 1805 caecis
3078 1748 3258 1802 multis
3290 1748 3459 1801 dona-

229 1837 454 1907 τυφλοῖς
496 1838 710 1902 πολλοῖς
754 1841 1047 1925 ἐχαρίσατο
1086 1840 1147 1893 τὸ
1195 1840 1432 1909 βλέπειν.
1494 1843 1604 1895 Καὶ
1655 1844 1795 1895 ἀπο-

1904 1849 1972 1901 vit
2009 1847 2204 1901 visum.
2237 1845 2303 1899 Et
2323 1843 2659 1914 respondens
2686 1841 2822 1895 dixit
2851 1840 2956 1895 illis
2983 1857 2996 1895 :
3035 1839 3237 1893 Euntes
3261 1851 3462 1892 renun-

233 1927 443 1998 κριθεὶς
496 1924 647 1981 εἶπεν
699 1920 880 1993 αὗτοῖς
906 1945 922 1962 ο
996 1928 1360 2000 Πορευθέντες
1426 1931 1796 1999 ἀπαγγείλατε

1904 1937 2030 1991 tiate
2081 1933 2279 1990 Joanni
2330 1948 2453 2003 qua)
2504 1931 2735 1987 audistis
2787 1939 2842 1985 et
2872 1929 3084 1985 vidistis
3118 1942 3134 1981 :
3170 1927 3297 1998 quia
3330 1924 3460 1980 caeci

247 2017 465 2091 Ἰωάννῃ
491 2019 528 2073 ἀ
558 2020 726 2073 εἰδετε
767 2021 862 2073 καὶ
890 2020 1160 2090 ἠκούσατε
1179 2037 1196 2054 ο
1230 2022 1315 2075 ὅτι
1344 2023 1534 2091 τυφλοὶ
1563 2022 1797 2077 ἀναϐλέ-

234 2127 423 2173 πουσι,
453 2110 615 2181 χωλοὶ
641 2111 1021 2183 περιπατοῦσι,
1042 2111 1235 2181 λεπροὶ
1259 2113 1667 2184 καθαρίζονται,
1690 2131 1800 2166 κω-

234 2199 327 2267 φοὶ
371 2201 657 2264 ἀκούουσι,
683 2203 866 2271 νεκροὶ
910 2200 1238 2273 ἐγείρονται,
1275 2203 1482 2273 πτωχοὶ
1508 2202 1797 2271 εὐαγγελί-

236 2290 438 2353 ζονται.
472 2292 579 2343 Καὶ
615 2291 883 2362 μακάριός
911 2293 1078 2353 ἐστιν,
1123 2290 1181 2354 ὃς
1218 2292 1283 2345 ἂν
1320 2293 1393 2362 μὴ
1436 2292 1795 2364 σκανδαλισθῇ

241 2379 299 2432 ὲν
325 2380 469 2450 ἐμοί.
498 2398 517 2431 ι
536 2379 758 2451 Ἔργοις
789 2382 972 2442 αὐτοῖς
1003 2381 1275 2445 ἐπιδείξας
1308 2383 1496 2435 ἑαυτὸν
1518 2385 1546 2436 6
1570 2383 1797 2454 Χριστὸς

235 2469 347 2523 τῶν
375 2470 695 2542 θεοπρεπῶν
725 2470 1267 2542 μεγαλουργημάτων
1304 2472 1687 2544 ἀποτελεστὴν,
1720 2475 1802 2536 εἰς

238 2559 541 2633 ἀνάμνησιν
570 2563 833 2633 ἀναφέρει
858 2563 965 2618 τῶν
1007 2565 1310 2636 εἰρημένων
1339 2565 1424 2618 διὰ
1458 2564 1640 2634 φωνῆς
1670 2580 1803 2633 προ-

241 2651 426 2721 φητῶν
461 2653 587 2723 περὶ
615 2653 956 2725 αὐτοῦ.Ἐφη
983 2655 1164 2707 τοίνυν
1197 2657 1224 2708 6
1260 2655 1528 2725 μακάριος
1552 2654 1798 2717 Ἠσαῖαςο

248 2762 268 2796 ι
289 2745 583 2814 ’ἰσχύσατε,
617 2748 796 2815 χεῖρες
831 2746 1133 2817 ἀνειμέναι,
1152 2748 1245 2800 καὶ
1274 2748 1475 2815 γόνατα
1502 2746 1805 2816 παραλελυ-

246 2834 402 2907 μένα.
434 2854 454 2888 ι
490 2832 624 2889 Εἶτα
657 2838 937 2907 μονονουχὶ
978 2840 1075 2892 καὶ
1121 2841 1278 2910 χεῖρα
1306 2839 1605 2910 προτείνων
1634 2855 1804 2892 κατα-

240 2924 481 2980 δείκνυσι
517 2927 609 2980 τὸν
661 2926 1045 2997 Ἐμμανουὴλ,
1092 2926 1234 2980 οὕτω
1279 2927 1487 2997 λέγων·
1527 2944 1547 2979 ι
1595 2926 1726 2982 Ἰδοὺ
1776 2927 1805 2979 6

243 3015 375 3079 Θεὸς
397 3016 577 3088 ἡμῶν,
612 3016 718 3070 ἰδοὺ
762 3016 966 3089 Κύριος
996 3017 1135 3088 μετὰ
1164 3017 1347 3087 ἰσχύος
1379 3017 1620 3089 ἔρχεται,
1650 3017 1744 3071 καὶ
1776 3019 1805 3071 6

1895 2027 2102 2092 vident,
2127 2024 2303 2081 claudi
2360 2022 2661 2087 ambulant,
2680 2020 2880 2090 leprosi
2934 2019 3283 2082 mundantur,
3310 2016 3460 2070 surdi

1899 2117 2146 2180 audiunt,
2171 2113 2369 2169 mortui
2425 2120 2737 2182 resurgunt,
2770 2123 3035 2181 pauperes
3087 2107 3463 2177 evangelizan-

1896 2217 1987 2263 tur
2017 2225 2031 2261 :
2069 2213 2124 2260 et
2155 2205 2346 2260 beatus
2373 2210 2457 2258 est
2483 2202 2792 2270 quicunque
2826 2215 2933 2254 non
2992 2198 3159 2253 fuerit
3192 2196 3462 2253 scandali-

1900 2306 2052 2351 zatus
2078 2295 2131 2349 in
2157 2308 2243 2349 me
2271 2293 2335 2347 “.
2366 2311 2385 2343 ι
2412 2291 2592 2348 Factis
2628 2289 2935 2345 divinorum
2972 2288 3239 2358 planeque
3286 2287 3460 2342 admi-

1900 2385 2146 2440 rabilium
2215 2397 2437 2453 operum
2499 2388 2834 2449 patratorem
2906 2379 3159 2434 Christus
3218 2391 3279 2433 se
3346 2392 3465 2432 esse

1902 2478 2312 2540 demonstrans,
2351 2488 2471 2543 quae
2510 2487 2606 2543 per
2648 2471 2935 2542 prophetas
2971 2484 3159 2525 vocem
3193 2468 3465 2540 quondam

1901 2567 1967 2622 de
2020 2580 2078 2620 se
2128 2562 2383 2636 praedicta
2436 2562 2674 2628 fuerant,
2728 2560 2781 2614 in
2841 2560 3162 2614 memoriam
3228 2558 3460 2613 reducit.

1902 2658 2119 2713 Dixerat
2137 2655 2281 2712 enim
2305 2652 2473 2710 Isaias
2497 2671 2512 2708 :
2541 2670 2560 2704 ι
2580 2649 2971 2707 Confertamini
2996 2665 3186 2704 manus
3206 2648 3467 2711 remissae,

1901 2758 1955 2804 et
1992 2763 2167 2818 genua
2216 2747 2390 2803 soluta
2422 2747 2514 2803 ³⁵⁵.
2552 2763 2571 2797 ι
2606 2742 2725 2798 Mox
2776 2756 2909 2797 vero
2943 2741 3099 2811 quasi
3140 2740 3306 2812 digito
3345 2754 3469 2810 pro-

1908 2847 2130 2893 tensave
2182 2851 2345 2890 manu
2402 2833 2811 2889 Emmanuelem
2860 2833 3173 2897 ostendens,
3227 2830 3300 2885 ita
3354 2830 3468 2882 ait:

1912 2947 1931 2981 ι
1964 2928 2105 2984 Ecce
2151 2927 2294 2983 Deus
2323 2935 2528 2992 noster,
2551 2940 2680 2980 ecce
2707 2924 2965 2980 Dominus
2993 2937 3114 2978 cum
3159 2920 3479 2989 fortitudine

1905 3019 2075 3085 venit,
2128 3027 2183 3074 et
2246 3017 2529 3073 brachium
2584 3031 2708 3071 eum
2770 3012 3227 3071 dominatione”.
3274 3031 3293 3064 ι
3335 3010 3474 3065 Dicit

246 3108 483 3180 βραχίων
523 3110 662 3181 μετά
707 3110 948 3181 κυρείας.
979 3130 998 3164 ι
1032 3111 1177 3181 Ἔφη
1213 3111 1270 3164 δὲ
1318 3112 1413 3165 καὶ
1450 3113 1508 3164 ἐν
1556 3110 1797 3180 ἑτέροις,

1905 3110 2043 3165 idem
2070 3118 2124 3164 et
2153 3108 2261 3164 alio
2300 3122 2515 3179 quoque
2543 3106 2662 3161 loco
2687 3124 2701 3161 :
2727 3124 2748 3157 ι
2791 3105 2944 3160 Tunc
2978 3104 3295 3175 aperientur
3329 3101 3473 3157 oculi

240 3201 326 3255 ὅτι
357 3220 376 3254 ι
411 3191 979 3276 Τότεάνοιχθήσονται
1003 3201 1273 3273 ὀφθαλμοὶ
1299 3202 1538 3273 τυφλῶν,
1572 3203 1667 3257 καὶ
1692 3195 1806 3255 ὦτα

243 3290 445 3359 κωφῶν
483 3291 838 3346 ἀκούσονται·
873 3294 992 3347 τότε
1041 3292 1248 3346 ἀλεῖται
1275 3292 1447 3362 χωλὸς
1474 3290 1552 3355 ὡς
1585 3290 1803 3360 ἔλαφος,

242 3378 338 3432 καὶ
396 3381 567 3450 τρανὴ
616 3380 770 3434 ἔσται
815 3381 1037 3448 γλῶσσα
1082 3380 1405 3452 μογιλάλων.
1439 3398 1458 3431 ι
1513 3380 1624 3432 Καὶ
1673 3378 1807 3447 πρὸς

242 3468 453 3531 τούτοις
479 3468 558 3521 ἔτι
579 3486 593 3500 ·
630 3487 649 3520 ι
693 3471 1113 3539 Ἀναστήσονται
1140 3474 1188 3524 οἰ
1231 3472 1437 3540 νεκροὶ,
1463 3470 1558 3521 καὶ
1587 3469 1808 3538 ἐγερθή-

247 3544 430 3615 σονται
459 3560 507 3612 οἰ
538 3562 596 3612 ἐν
624 3563 737 3623 τοῖς
772 3560 1092 3630 μνημείοις·
1135 3560 1170 3628 ἡ
1198 3560 1307 3629 γὰρ
1347 3559 1536 3627 δρόσος
1577 3558 1612 3625 ἡ
1658 3556 1809 3625 παρὰ

248 3651 366 3714 σοῦ,
415 3650 552 3721 ἴαμα
597 3651 780 3712 αὐτοῖς
823 3655 992 3703 ἐστιν.
1034 3669 1053 3702 ι
1098 3650 1244 3718 Ἔφη
1295 3648 1353 3700 δὲ
1398 3647 1561 3700 πάλιν
1605 3645 1699 3698 καὶ
1744 3648 1810 3700 ὲκ

249 3741 542 3813 προσώπου
589 3739 826 3812 Χριστοῦ
848 3758 862 3772 ο
897 3760 915 3792 ι
952 3739 1176 3809 Πνεῦμα
1205 3737 1410 3809 Κυρίου
1459 3736 1544 3789 ἐπ’
1577 3737 1678 3806 ἐμὲ
1698 3772 1714 3800 ,
1746 3728 1809 3788 οὗ

246 3834 453 3889 εῐνεκεν
471 3832 653 3903 ἔχρισέ
675 3847 761 3902 με’
778 3829 1232 3899 εὐαγγελίσασθαι
1249 3830 1482 3897 πτωχοῖς
1499 3825 1809 3879 άπέσταλκέ

251 3941 340 3997 με,
374 3924 609 3995 κηρύξαι
639 3920 1002 3993 αἰχμαλώτοις
1044 3920 1257 3989 ἄφεσιν,
1300 3918 1396 3972 καὶ
1434 3917 1652 3987 τυφλοῖς
1685 3916 1812 3971 ἀνά·

249 4014 452 4086 show.
490 4033 509 4068 ι
550 4015 676 4068 ξΟτε
722 4013 899 4067 τοίνυν
940 4015 1039 4083 τῆς
1077 4012 1162 4081 ἐφ’
1207 4008 1383 4080 ἑαυτῷ
1430 4009 1664 4071 πίστεως
1711 4006 1811 4071 τὰς

246 4107 355 4162 τῶν
386 4105 680 4178 προφητῶν
714 4106 894 4175 φωνὰς
923 4106 1153 4157 ποιεῖται
1180 4104 1425 4172 σημεῖον,
1468 4101 1635 4170 ἧγουν
1676 4100 1813 4153 ἀπό-

247 4198 437 4265 δειξιν,
472 4197 603 4250 Θεὸν
626 4196 683 4250 δὲ
715 4196 876 4249 αὐτὸν
905 4195 955 4249 οἰ
979 4194 1254 4266 προφῆται
1281 4192 1608 4265 κηρύττουσι
1627 4206 1639 4221 ³
1672 4190 1754 4254 τίς
1782 4191 1812 4243 6

250 4287 458 4351 τούτοις
485 4287 553 4339 τὰ
581 4285 797 4341 ὲναντία
822 4285 987 4353 φάναι
1013 4283 1258 4354 τολμῶνς

333 4375 733 4449 Ἐχειμάζοντο,
764 4376 916 4447 φησὶ,
944 4375 1087 4429 κατά
1117 4374 1216 4446 τὴν
1247 4372 1439 4444 λίμνην
1468 4373 1516 4426 οἰ
1549 4369 1806 4443 μαθηταί’

250 4464 369 4524 εἶτα
417 4488 436 4520 ι
468 4468 886 4537 προσελθόντες,
947 4466 1228 4537 διήγειραν
1282 4465 1466 4530 αὐτὸν,
1522 4463 1809 4532 λέγοντεςο

263 4558 576 4623 Ἐπιστάτα,
596 4557 964 4628 ἀπολλύμεθα.
981 4556 1038 4610 '0
1060 4556 1119 4610 δὲ
1147 4555 1473 4627 διεγερθεὶς,
1507 4554 1811 4625 ἐπετίμησε

250 4648 329 4720 τῷ
351 4648 556 4719 ἀνέμῳ,
581 4648 675 4702 καὶ
701 4647 779 4718 τῷ
807 4647 1034 4700 κλύδωνι
1060 4646 1154 4700 τοῦ
1183 4645 1374 4709 ὓδατος
1392 4661 1406 4677 ο
1443 4645 1539 4700 καὶ
1574 4645 1815 4699 ἐπαύσα-

249 4758 312 4793 το
330 4781 344 4806 ,
372 4743 466 4793 καὶ
492 4739 706 4809 ἐγένετο
728 4739 958 4811 γαλήνη.
990 4756 1009 4789 ι
1042 4739 1268 4810 Εἴρηται
1296 4737 1424 4809 περὶ
1459 4733 1695 4805 Χριστοῦ
1726 4734 1816 4788 διά

256 4830 438 4899 φωνῆς
480 4828 573 4881 τοῦ
626 4828 893 4899 μακαρίου
946 4828 1147 4881 Δαυϊδ·
1205 4846 1224 4879 ι
1264 4829 1336 4881 Σὺ
1380 4826 1660 4890 δεσπόζεις
1718 4823 1813 4879 τοῦ

258 4919 489 4984 κράτους
514 4918 613 4988 τῆς
638 4916 932 4987 θαλάσσης,
970 4917 1064 4970 καὶ
1094 4913 1184 4969 τὸν
1221 4916 1378 4969 σάλον
1409 4915 1518 4967 τῶν
1553 4913 1813 4985 κυμάτων

256 5009 426 5076 αὐτῆς
461 5007 525 5059 σὺ
556 5005 973 5075 καταπραΰνεις.
1000 5005 1089 5058 Σοί
1116 5007 1252 5058 εἰσιν
1280 5006 1327 5058 οἰ
1352 5003 1591 5075 οὐρανοὶ,
1620 5002 1717 5056 καὶ
1745 5000 1810 5071 σή

254 5105 402 5154 ἐστιν
427 5100 460 5167 ἡ
489 5098 558 5167 γῆ
589 5113 602 5126 ·
634 5096 730 5165 τὴν
762 5097 1106 5167 οἰκουμένην,
1138 5097 1232 5166 καὶ
1258 5096 1318 5149 τὸ
1344 5095 1618 5165 πλήρωμα
1649 5092 1816 5162 αὐτῆς

256 5194 320 5243 σὺ
346 5188 732 5259 ἐθεμελίωσας.
761 5189 919 5241 »Ὅτε
950 5190 1132 5243 τοίνυν
1154 5186 1231 5258 τῷ
1257 5187 1695 5257 καταπραΰνοντι
1720 5184 1815 5256 τὴν

255 5280 531 5333 θάλασσαν
570 5277 774 5346 πρέποι
825 5277 890 5330 ἂν
937 5280 1032 5332 καὶ
1076 5279 1136 5331 τὸ
1175 5275 1455 5340 δεσπόζειν
1501 5274 1612 5329 τῶν
1655 5275 1812 5338 ὅλων,

258 5373 401 5441 ἔχειν
429 5369 484 5422 δὲ
530 5368 692 5431 ἰδίους
721 5370 847 5433 τοὺς
876 5370 1158 5442 οὐρανοὺς,
1205 5370 1297 5423 καὶ
1338 5368 1620 5440 θεμελιοῦν
1661 5366 1818 5422 δύνα-

326 5550 371 5582 ³³
402 5551 528 5607 Luc.
554 5569 608 5620 ν,
637 5552 826 5607 22-24.
906 5551 949 5584 ”
983 5550 1110 5604 Luc.
1151 5564 1244 5615 νη,
1265 5547 1461 5620 21,2ζ>.
1541 5546 1602 5578 ³³·
1631 5546 1732 5620 lsa:
1756 5560 1920 5620 μω,
1952 5547 2009 5620 _5.

264 5620 348 5673 19.
424 5623 468 5653 ⁸⁸
501 5622 603 5677 lsa.
634 5638 743 5689 ut,
784 5624 805 5678 1
838 5640 852 5688 ι
887 5620 1017 5677 Luc.
1049 5636 1121 5689 tv,
1156 5620 1240 5675 18.

1905 3214 2192 3264 caecorum,
2224 3207 2278 3255 et
2333 3212 2496 3253 aures
2524 3197 2811 3252 surdorum
2856 3196 3097 3260 audient,
3134 3204 3262 3248 tunc
3321 3191 3474 3248 saliet

1905 3292 2044 3347 sicut
2075 3306 2267 3347 cervus
2319 3289 2561 3353 claudus,
2596 3298 2653 3345 et
2681 3289 2939 3359 expedita
2967 3288 3073 3344 erit
3120 3286 3306 3356 lingua
3361 3284 3475 3339 bal-
3511 3358 3519 3365 .

1909 3384 2229 3439 butientium
2256 3383 2324 3438 ⁸⁸.
2352 3402 2371 3435 ›
2406 3382 2570 3438 Addit
2600 3391 2863 3452 praeterea
2900 3400 2913 3437 :
2950 3400 2969 3433 ι
2994 3381 3230 3449 Surgent
3253 3379 3474 3440 mortui.

1908 3482 1963 3525 et
2006 3479 2290 3540 resurgent
2327 3472 2417 3540 qui
2480 3471 2533 3525 in
2587 3472 2955 3528 monumentis
3009 3481 3179 3527 sunt:
3217 3484 3341 3523 nam
3387 3484 3475 3524 ros

1909 3559 1999 3627 qui
2058 3570 2187 3625 ate,
2234 3560 2365 3628 ipsis
2399 3561 2607 3615 sanitas
2642 3571 2727 3616 est
2752 3563 2816 3616 ³⁷.
2860 3580 2879 3613 ›
2936 3561 3167 3615 Rursum
3202 3564 3343 3618 idem
3422 3563 3474 3616 in

1910 3662 2137 3718 persona
2171 3649 2370 3703 Christi
2421 3650 2495 3703 ita
2550 3651 2626 3703 ait
2658 3667 2673 3703 :
2707 3668 2725 3701 ι
2758 3648 2990 3719 Spiritus
3036 3651 3251 3706 Domini
3307 3668 3476 3723 super

1912 3757 2018 3809 me,
2052 3742 2207 3825 cujus
2236 3756 2399 3797 causa
2431 3744 2583 3798 unxit
2613 3759 2717 3809 me,
2752 3743 3126 3813 evangelizare
3150 3747 3476 3814 pauperibus

1911 3830 2058 3884 misit
2086 3845 2192 3893 me,
2224 3830 2517 3899 praedicare
2536 3829 2768 3898 captivis
2800 3830 3200 3896 remissionem,
3223 3838 3278 3885 et
3314 3832 3474 3885 caecis

1909 3918 2057 3984 visus
2080 3918 2412 3988 apertiouem
2440 3917 2508 3970 ³⁸.
2540 3936 2558 3969 ›
2585 3917 2721 3972 Cum
2755 3932 2886 3986 ergo
2920 3917 3303 3986 prophetarum
3343 3932 3475 3972 ora-

1911 4011 2032 4065 cula
2070 4011 2190 4066 tidei
2249 4025 2370 4081 quae
2425 4011 2525 4080 ipsi
2558 4010 2806 4075 debetur,
2841 4017 3216 4080 argumentum
3277 4010 3476 4079 proba-

1913 4102 2223 4172 tionemque
2263 4102 2514 4167 adducat,
2546 4102 2756 4171 ipsique
2793 4101 3069 4171 prophetae
3103 4100 3269 4155 Deum
3324 4102 3474 4156 illum

1911 4207 2033 4247 esse
2091 4191 2407 4263 praedicent,
2449 4193 2571 4263 quis
2631 4192 2718 4248 his
2769 4191 3040 4249 contraria
3083 4207 3332 4249 asserere
3378 4209 3476 4248 au-

1912 4283 2071 4340 deat?

1986 4374 2124 4430 Dum
2154 4373 2400 4445 discipuli
2424 4383 2742 4444 tempestate
2784 4379 2838 4432 in
2869 4385 3060 4447 stagno
3107 4374 3471 4446 iactarentur,

1922 4483 1940 4517 ‹
1964 4465 2282 4520 accedentes
2309 4465 2638 4520 suscitarent
2660 4481 2805 4533 eum,
2828 4467 3067 4522 dicentes
3097 4483 3111 4519 :
3144 4465 3473 4535 Praeceptor,

1913 4557 2169 4627 perimus.
2200 4556 2512 4628 Atsoille
2558 4571 2784 4627 surgens
2834 4558 3133 4627 increpavit
3159 4566 3375 4613 ventum
3421 4567 3478 4611 et

1915 4652 2290 4715 tempestatem
2343 4662 2537 4718 aquae:
2570 4657 2624 4703 et
2666 4648 2920 4714 cessavit,
2947 4658 3003 4705 et
3031 4647 3172 4705 facta
3203 4657 3287 4703 est
3332 4656 3485 4702 tran-

1915 4736 2159 4806 quillitas
2198 4737 2267 4790 “.
2306 4756 2325 4789 ι
2353 4737 2608 4793 bavidica
2633 4753 2766 4794 voce
2806 4739 3065 4806 ejusmodi
3107 4739 3386 4795 oraculum
3416 4740 3486 4794 de

1916 4825 2135 4881 Christo
2188 4826 2393 4880 editum
2456 4837 2577 4882 erat
2620 4846 2635 4883 :
2680 4846 2699 4880 ι
2741 4828 2821 4883 Tu
2871 4830 3166 4886 dominaris
3225 4832 3478 4899 potestati

1920 4916 2106 4982 maris,
2145 4925 2200 4971 et
2248 4924 2456 4973 motum
2507 4917 2765 4974 ﬂuctuum
2809 4920 2927 4989 ejus
2985 4930 3040 4975 tu
3097 4921 3336 4991 mitigas.
3382 4921 3481 4976 Tui

1919 5016 2045 5062 sunt
2077 5007 2224 5075 caeli,
2251 5017 2305 5063 et
2325 5016 2414 5063 tua
2436 5018 2522 5064 est
2555 5018 2719 5076 terra,
2749 5012 2933 5067 orbem
2966 5021 3234 5068 terrarum
3266 5020 3321 5066 et
3369 5011 3484 5080 ple-

1917 5097 2213 5152 nitudinem
2250 5098 2364 5168 ejus
2387 5108 2442 5154 tu
2477 5101 2714 5156 fundasti
2736 5101 2803 5158 “.
2826 5121 2844 5155 ι
2883 5103 3014 5158 Cum
3043 5103 3095 5157 in
3126 5103 3274 5156 illum
3298 5102 3482 5169 igitur,

1918 5188 2010 5257 qui
2063 5189 2234 5243 maria
2265 5191 2435 5256 sedat,
2469 5193 2710 5246 omnium
2759 5208 2941 5248 rerum
2991 5192 3280 5247 Dominum
3335 5207 3483 5258 esse,

1917 5278 2165 5348 preprios
2204 5280 2369 5336 caelos
2421 5282 2719 5350 possidere,
2763 5283 2952 5337 orbem
2999 5290 3290 5347 terrarum,
3338 5280 3482 5350 ejus-

1918 5367 2146 5437 demque
2179 5368 2561 5439 plenitudinem
2622 5386 2779 5441 posse
2810 5372 3055 5438 fundare,
3088 5372 3302 5442 proprie
3351 5387 3484 5428 con-

2088 5546 2131 5577 ³³
2166 5545 2268 5601 lsa.
2300 5562 2389 5611 xc,
2420 5548 2505 5602 lO.
2588 5550 2631 5582 ³⁸
2660 5550 2761 5607 Isa.
2800 5562 2966 5615 xxxv,
2992 5548 3045 5603 5.
3124 5545 3166 5579 ³⁷
3194 5544 3299 5602 lsa.
3331 5561 3479 5606 ιινι.

1338 5618 1380 5652 δ’
1409 5616 1538 5673 Luc.
1565 5632 1678 5685 vm,
1705 5615 1794 5674 ‘ll.
1874 5616 1918 5647 ⁸ο
1949 5615 2092 5671 l’sal.
2124 5631 2389 5686 Lxxxvm,
2421 5618 2507 5686 10,
2538 5619 2621 5674 ιι.
