3970 6136
526 300 662 356 1279

1519 307 1574 361 S.
1617 306 1889 362 CYlilLLl
1930 304 2396 359 ALEXANDillNl
2439 305 2758 359 AltClllEi’.

3651 301 3800 355 ιεεσ

524 415 877 484 veniat;qnis
925 417 1225 489 Christum,
1259 424 1349 490 qui
1413 437 1532 478 cum
1587 425 1908 478 auctoritate
1958 423 2094 477 mari

2216 423 2324 476 τθαι
2362 423 2461 495 τὴν
2505 422 2835 492 οἰκουμένην
2863 421 2958 474 καὶ
3002 411 3076 472 τὸ
3102 420 3376 491 πλήρωμα
3424 417 3624 488 αὑτῆς*
3679 419 3798 480 ’ὠς

525 518 580 560 et
633 509 808 564 ventis
869 509 1116 580 imperat,
1171 529 1354 570 verum
1414 515 1579 569 Deum
1654 531 1774 571 esse
1827 517 2100 586 ambigere

527 609 690 667 queat
713 610 728 659 ;

607 789 627 824 ι
660 769 906 841 Rogabat
933 773 1080 828 illum
1115 776 1221 843 vir,
1247 792 1275 831 a
1317 793 1423 846 quo
1447 779 1709 833 daemonia
1744 779 2009 844 exierant,
2046 788 2104 833 ut

528 878 650 916 cum
696 877 760 916 eo
803 875 965 922 esset.
1004 867 1219 922 Dimisit
1265 879 1443 923 autem
1495 885 1616 924 eum
1664 870 1842 934 Jesus,
1870 871 2101 925 dicens:

528 951 660 1006 Redi
707 955 760 1006 in
794 955 1012 1010 domum
1053 968 1222 1023 tuam,
1260 967 1314 1013 et
1355 976 1514 1013 narra
1571 971 1773 1030 quanta
1831 961 1921 1015 tibi
1976 964 2104 1016 fecit

533 1039 688 1094 Deus.
723 1041 790 1095 Et
837 1045 971 1098 abiit
1019 1061 1114 1114 per
1139 1047 1442 1102 universam
1479 1049 1751 1103 civitatem
1803 1051 2104 1116 praedicans

527 1139 725 1199 quanta
757 1133 830 1186 illi
878 1135 1104 1190 fecisset
1155 1136 1309 1192 Jesus
1339 1139 1403 1192 “.
1431 1158 1449 1190 ι
1485 1139 1538 1192 In
1587 1139 1976 1194 Gerasenorum
2019 1156 2106 1196 re-

530 1223 686 1292 gionc
699 1227 902 1279 curavit
918 1227 1072 1282 Jesus
1095 1229 1483 1284 immanissime
1500 1248 1526 1284 a
1545 1232 1808 1286 dminonio
1831 1244 2100 1297 vexatum,

529 1314 621 1381 qui
655 1315 818 1368 etiam
851 1328 908 1370 ttt
930 1319 1092 1372 vitam
1123 1321 1222 1374 sibi
1255 1337 1376 1376 cum
1400 1338 1463 1375 eo
1489 1338 1648 1392 agere
1691 1325 1944 1393 deinceps
1973 1324 2105 1379 lice-

530 1413 634 1470 ret,
663 1407 858 1461 obnixe
890 1408 1236 1478 elliagitabat.
1288 1412 1358 1466 At
1387 1428 1516 1468 vero
1561 1415 1810 1482 quamvis
1853 1429 1974 1469 eum
2019 1431 2105 1469 sa-

533 1508 736 1562 nasset,
767 1501 1093 1570 spiritusque
1118 1503 1390 1571 ejecisset,
1437 1505 1590 1574 jubet
1615 1517 1790 1560 tamen
1820 1507 2104 1560 utdomum

533 1603 686 1642 suam
711 1599 938 1658 repetat,
969 1605 1278 1664 quantaque
1304 1597 1405 1650 sibi
1447 1597 1666 1652 fecisset
1691 1600 1847 1661 Deus,
1868 1606 2102 1652 enarret.

533 1678 870 1748 Operabatur
916 1685 1096 1754 itaque
1132 1686 1382 1741 Christus
1436 1696 1688 1756 tanquam
1743 1702 1899 1741 verus
1941 1686 2101 1742 Deus.

2201 514 2302 567 οὑκ
2345 514 2411 567 ἂν
2445 513 2712 584 ὑπάρχειν
2751 509 2922 564 νοοῖτο
2966 511 3096 573 Θεὸς
3143 509 3364 580 ἀληθῶς
3398 512 3425 563 6
3460 509 3734 579 Χριστὸς,
3767 514 3795 560 6

2203 604 2444 676 θαλάσσῃ
2495 604 2590 657 καὶ
2634 602 2941 667 πνεύμασιν
2983 599 3276 670 ἐπιτιμῶν,
3320 601 3419 653 καὶ
3464 600 3635 652 τοῦτο
3682 601 3790 667 μετ’

2203 695 2471 761 ὲξουσίαςς

2280 805 2298 836 ‹
2343 784 2545 837 Ἐδεῖτο
2570 784 2628 837 δὲ
2653 783 2816 837 αὑτοῦ
2848 785 2876 836 6
2908 784 3069 854 ἀνὴρ,
3119 783 3216 852 ἀφ’
3263 774 3324 836 οὗ
3357 781 3686 850 ἐξεληλύθει
3730 783 3789 833 τὰ

2203 875 2473 946 δαιμόνια,
2507 870 2646 928 εἶναι
2680 877 2775 929 σὺν
2824 874 2990 945 αὐτῷ.
3032 873 3344 926 Ἀπέστειλε
3380 872 3439 924 δὲ
3482 873 3678 928 αὑτὸν.
3710 873 3789 922 λέ-

2205 982 2317 1033 γων
2338 981 2350 993 ο
2393 965 2735 1036 ’Υπόστρεφε
2769 966 2848 1027 είς
2879 965 2968 1018 τὸν
3006 960 3152 1017 οἶκόν
3189 981 3305 1024 σου,
3338 964 3434 1016 καὶ
3469 963 3673 1031 διηγοῦ
3701 965 3788 1014 ὅτι

2207 1071 2290 1106 σοι
2326 1054 2624 1120 πεποίηκεν
2671 1055 2699 1106 6
2738 1053 2889 1115 Θεός.
2938 1052 3049 1105 Καὶ
3092 1051 3302 1120 ἀπῆλθε
3348 1052 3478 1104 καθ’
3523 1051 3662 1119 ὅλην
3702 1052 3786 1118 τὴν

2206 1145 2360 1198 πόλιν
2387 1143 2680 1214 κηρύσσων
2713 1145 2814 1198 ὅσα
2847 1144 3102 1212 ἐποίησεν
3133 1141 3282 1211 αὐτῷ
3310 1143 3339 1194 6
3367 1142 3536 1204 Θεός.
3565 1161 3585 1193 ι
3620 1143 3708 1194 Ἑν
3729 1147 3781 1208 τῇ

2204 1235 2312 1288 τῶν
2345 1234 2696 1307 Γεργεσηνῶν
2727 1234 2880 1306 χώρα
2907 1233 3314 1302 τεθεράπευκεν
3343 1235 3372 1284 6
3418 1233 3672 1302 Χριστὸς
3706 1233 3780 1283 :‘s-o

2206 1327 2412 1396 ἀγρίως
2441 1326 2801 1396 δαιμονῶντα,
2847 1326 2904 1388 ὃς
2935 1326 3026 1378 καὶ
3081 1327 3316 1378 συνεῖναι
3351 1324 3513 1392 αὑτῷ
3547 1326 3778 1391 παρεκά-

2206 1415 2308 1469 λει.
2348 1415 2508 1468 Ἀλλά
2556 1415 2733 1468 καίτοι
2767 1415 3110 1486 θεραπεύσας
3139 1414 3321 1478 αὑτὸν,
3380 1415 3486 1466 καὶ
3537 1414 3779 1480 b55617,-

2207 1505 2318 1570 κῶς
2351 1506 2417 1560 τὰ
2443 1505 2750 1576 πνεύματα,
2794 1505 3045 1558 ἐκέλευεν
3079 1504 3333 1558 ἀπελθεῖν
3374 1505 3461 1566 είς
3516 1504 3626 1556 τὸν.
3653 1498 3777 1554 οἷκον

2207 1595 2406 1661 αὑτοῦ,
2439 1596 2533 1649 καὶ
2577 1595 2868 1667 κηρύττειν
2916 1597 3014 1648 ὅσα
3055 1595 3358 1663 πεποίηκεν
3395 1596 3556 1664 αὐτῷ
3589 1597 3620 1646 6
3644 1594 3776 1656 Θεὸς.

2219 1687 2555 1758 Ἐνήργηκεν
2587 1682 2680 1740 οὖν
2707 1687 2891 1750 αὑτὸς,
2922 1687 2998 1749 ὡς
3027 1685 3158 1748 Θεὸς
3187 1686 3460 1756 ὑπάρχων
3502 1686 3775 1754 ἀληθινός·

532 1769 855 1840 Neutiquam
903 1753 1045 1828 enim
1087 1777 1266 1831 dicere
1322 1776 1404 1830 fas
1448 1753 1561 1838 est,
1581 1779 1964 1847 prophetarum
2013 1788 2106 1833 aut

2216 1779 2268 1831 οὑ
2301 1753 2405 1849 γάρ
2438 1753 2540 1830 πού
2589 1795 2770 1848 φαμεν
2798 1779 2874 1842 ὡς
2907 1779 3177 1848 ὑπουργὸς
3220 1753 3416 1845 γέγονε
3444 1753 3609 1840 θείας
3632 1779 3774 1846 χάριν·

537 1871 842 1916 sanctorum
863 1866 1232 1932 apostolorum
1263 1882 1433 1931 more,
1461 1868 1652 1921 divinzn
1679 1869 1866 1937 gratim
1901 1869 2107 1923 instru-

538 1962 783 2005 mentum
828 1955 1116 2010 exstitisse.
1155 1957 1270 2024 lpse
1316 1972 1546 2024 namque
1601 1961 1839 2027 prOpria,
1869 1961 1969 2014 hoc
2022 1970 2108 2016 est

537 2045 716 2097 divina
749 2045 940 2099 virtute
965 2044 1219 2099 Satanam
1244 2047 1559 2101 conterebat
1585 2066 1598 2102 :
1626 2049 1752 2116 quin
1784 2058 1837 2103 et
1867 2051 1919 2102 in
1957 2049 2102 2106 illius

536 2147 750 2202 quoque
801 2135 1018 2188 nomine
1061 2135 1323 2188 daemonia
1385 2137 1586 2190 sanctis
1643 2137 1897 2205 apostolis
1940 2139 2108 2208 subji-

537 2224 852 2279 ciebanlur:
885 2235 1048 2295 atque
1109 2225 1212 2281 hoc
1260 2227 1436 2295 ipsum
1487 2242 1554 2282 ne
1596 2227 1671 2282 illi
1730 2229 1831 2299 ipsi
1887 2230 2104 2299 quidem

537 2313 921 2371 diﬂitebantur.

606 2409 684 2462 De
737 2410 996 2479 principis
1054 2411 1354 2482 Synagoga‘.
1404 2410 1514 2465 ﬁlia
1571 2411 1750 2466 aiebat
1805 2411 2102 2468 Christus:

545 2516 565 2548 ι
589 2497 766 2553 Nolite
788 2501 936 2554 ﬂere.
956 2500 1068 2555 Non
1093 2511 1175 2558 est
1203 2511 1414 2556 mortua
1440 2501 1640 2571 puella,
1661 2503 1752 2557 sed
1769 2505 1966 2558 dormit
1985 2505 2052 2557 δ’.
2080 2523 2099 2555 ι

539 2587 791 2658 Nunquid
825 2590 988 2660 igitur
1047 2592 1304 2646 mentitus
1359 2592 1475 2648 est?
1512 2592 1684 2647 absit!
1720 2608 1907 2648 verum
1962 2595 2106 2649 enim

540 2676 696 2732 dixit.
733 2677 947 2732 Modum
979 2688 1158 2734 autem
1190 2681 1350 2749 hujus
1385 2683 1606 2750 exponit
1637 2681 1834 2736 Paulus
1873 2684 1956 2738 his
1985 2699 2110 2740 ver-

538 2769 624 2824 bis
656 2788 670 2824 :
705 2789 726 2822 ι
759 2770 876 2825 Non
903 2782 985 2827 est
1013 2773 1156 2828 Deus
1196 2783 1554 2838 mortuorum,
1587 2774 1683 2828 sed
1711 2775 1956 2829 vivorum
1981 2775 2047 2832 ”.
2083 2795 2103 2828 ι

506 2925 512 2932 ,
542 2860 818 2930 Siquidem
847 2865 1154 2933 quicunque
1211 2864 1406 2918 victuri
1465 2873 1611 2929 sunt,
1636 2865 1711 2919 illi
1745 2866 1854 2920 Deo
1887 2867 2110 2935 vivunt;

544 2956 741 3008 mortui
806 2955 1034 3024 proinde
1094 2956 1407 3012 hominibus
1470 2957 1669 3011 mortui
1719 2966 2108 3013 suntzverum

540 3055 747 3099 natura:
771 3045 843 3100 illi
875 3046 1119 3110 vivilicas,
1146 3047 1248 3101 hoc
1280 3055 1381 3109 est,
1417 3047 1630 3110 divinas,
1661 3046 1903 3102 minime.
1932 3046 2108 3102 Verax
2137 3073 2179 3134 ς

541 3135 725 3205 itaque
755 3145 858 3201 est,
893 3137 1018 3190 dum
1047 3145 1105 3191 ut
1144 3137 1282 3190 Dens
1313 3137 1378 3190 de
1407 3137 1604 3205 puella,
1637 3155 1656 3190 ι
1694 3136 1810 3194 Non
1840 3145 1926 3193 est
1953 3153 2107 3194 mor-

543 3233 655 3290 tua,
689 3227 781 3280 sed
813 3225 1032 3294 dormit,
1069 3245 1088 3279 ι
1122 3227 1392 3282 enuntiat.
1449 3291 1454 3296 _

613 3391 757 3446 Idem
815 3407 934 3446 cum
1000 3391 1259 3462 apostolis
1323 3407 1626 3448 sermonem
1671 3395 1978 3461 conferens,
2032 3398 2107 3453 ita

545 3485 726 3538 aiebat
752 3501 767 3539 :
793 3501 811 3535 ι
842 3483 972 3551 Quis
1000 3485 1174 3555 major
1207 3495 1309 3550 est,
1344 3486 1434 3556 qui
1465 3488 1751 3552 recumbit,
1783 3503 1850 3543 an
1887 3490 1976 3558 qui
2005 3490 2107 3544 mi-

546 3573 767 3643 nistratj;
798 3589 976 3630 nonne
1021 3577 1110 3646 qui
1173 3576 1474 3632 recumbit?
1503 3575 1608 3646 91
1663 3578 1772 3648 Ego
1825 3591 2002 3634 autem
2055 3582 2109 3654 in_

546 3666 725 3720 medio
751 3667 916 3721 vestri
970 3682 1089 3722 sum
1135 3679 1389 3738 tanquam
1426 3673 1517 3738 qul
1550 3670 1907 3724 ministrat“.
1944 3690 1962 3721 ι
1999 3670 2108 3726 Ob-

546 3765 802 3821 serva,ut
845 3753 987 3826 quod
1028 3759 1220 3813 attinet
1273 3759 1342 3814 ad
1395 3759 1674 3825 deitatem,
1711 3759 2112 3827 Dominiczeque

546 3848 730 3918 gloria:
761 3851 1119 3919 majestatem,
1155 3851 1206 3904 in
1242 3851 1621 3905 ministrorum
1651 3850 1840 3904 ordine
1873 3850 2108 3912 censeri,

549 3948 758 3994 tantum
821 3956 926 3995 non
981 3949 1280 4007 aversetur,
1335 3951 1672 4010 recusetque.
1724 3940 2110 3995 Verumtamen

548 4026 768 4100 propter
817 4031 1105 4085 humanam
1146 4043 1394 4086 naturam
1447 4033 1807 4087 ministerium
1853 4033 2106 4086 admittit.

544 4122 634 4175 Ait
662 4123 806 4176 enim
835 4139 849 4176 :
885 4140 902 4172 ι
933 4121 1043 4192 Ego
1076 4123 1126 4177 in
1159 4124 1335 4178 medio
1371 4125 1534 4178 vestri
1584 4139 1703 4178 sum
1736 4131 1990 4192 tanquam
2022 4123 2110 4192 qui

547 4211 840 4268 ministrat.
882 4231 902 4264 ›
952 4212 1064 4266 Etsi
1105 4228 1232 4282 ergo
1274 4214 1415 4268 inter
1453 4215 1754 4268 ministeria
1804 4214 1947 4268 ultro
1992 4228 2113 4268 sese

545 4303 833 4369 dimiserit,
853 4310 1089 4358 attamen
1113 4312 1171 4357 ut
1200 4303 1482 4368 Dominus,
1503 4305 1874 4372 universaque
1897 4313 2112 4358 creatu-

549 4409 623 4450 ra:
690 4395 948 4450 fanmlatu
1007 4397 1325 4462 honoratus,
1380 4407 1439 4450 ut
1495 4397 1663 4464 Deus,
1721 4398 1835 4466 ipse
1893 4407 1976 4453 est
2019 4397 2108 4467 qui
2143 4414 2187 4469 υ

549 4486 838 4540 recumbit.

625 4595 644 4626 α
676 4574 834 4631 Jesus
879 4577 1043 4646 igitur
1068 4578 1144 4632 ait
1177 4577 1281 4633 illis
1310 4577 1536 4649 (nempe
1576 4578 1921 4632 sacerdotum
1958 4579 2112 4648 prin-

549 4665 756 4733 cipibus
786 4667 855 4722 ab
885 4667 975 4721 illo
1010 4669 1330 4724 Christusne
1358 4677 1502 4724 esset
1556 4669 2031 4740 sciscitantibus):
2055 4669 2112 4724 Si

549 4756 701 4808 vobis
728 4757 938 4822 dixero,
967 4774 1075 4813 non
1098 4761 1330 4814 credetis
1377 4761 1529 4814 mihi.
1574 4759 1632 4816 Si
1662 4770 1840 4815 autem
1876 4761 2110 4816 interro-

550 4860 769 4915 gavero,
806 4863 909 4900 non
936 4851 1332 4917 respondebitis
1386 4850 1539 4917 mihi,
1569 4865 1743 4920 neque
1806 4852 2111 4906 dimittetis.

550 4938 628 4993 Ex
671 4938 773 4992 hoc
802 4947 977 4992 autem
1011 4942 1115 4994 erit
1139 4940 1308 4996 Filius
1347 4943 1580 4998 hominis
1615 4945 1814 4998 sedens
1845 4957 1874 4997 a
1903 4943 2114 4998 dextris

549 5029 764 5085 virtutis
796 5030 888 5084 Dei
908 5029 974 5084 ".
1018 5049 1036 5082 ι
1071 5029 1127 5084 Si
1177 5031 1345 5086 Filius
1393 5032 1630 5086 hominis
1683 5033 2118 5088 sedetadextris

549 5121 666 5184 Dei,
707 5119 980 5190 quomodo
1036 5118 1288 5175 Christus
1329 5135 1539 5175 summo
1576 5120 1667 5176 illo
1703 5121 1896 5177 throno
1951 5123 2113 5176 deco-

550 5219 722 5280 ratus,
751 5218 1072 5282 eademque
1093 5227 1216 5267 cum
1251 5211 1412 5267 Patre
1442 5211 1587 5268 sedis
1617 5213 1941 5267 auctoritate
1973 5227 2115 5281 prae-

2205 1887 2297 1933 τος
2322 1869 2442 1922 καθ’
2479 1869 2572 1922 ἕνα
2593 1869 2699 1923 τῶν
2725 1870 3037 1941 προφητῶν,
3070 1871 3242 1939 ἡγουν
3289 1869 3403 1922 τῶν
3449 1869 3634 1936 ἁγίων
3666 1871 3782 1922 ἀπο-

2211 1960 2414 2013 στόλων
2435 1975 2446 1988 ’
2478 1959 2592 2012 ἀλλ’
2621 1955 2690 2030 ἦν
2721 1960 2886 2022 αὑτὸς
2917 1959 3146 2028 δυνάμει
3178 1961 3245 2028 τῇ
3286 1958 3399 2028 ἰδία
3433 1959 3535 2010 καί⁵
3567 1958 3783 2025 θεοπρε-

2208 2053 2301 2104 πεϊ
2327 2051 2626 2121 συντρίϐων
2655 2050 2743 2104 τὸν
2776 2051 3040 2104 Σατανᾶν.
3086 2050 3174 2102 Ἐν
3199 2049 3434 2119 ὀνόματι
3467 2044 3566 2101 οὖν
3593 2047 3779 2108 αὑτοί,

2207 2143 2303 2195 καὶ
2336 2144 2446 2205 τοῖς
2474 2143 2648 2210 ἁγίοις
2687 2141 2956 2212 μαθηταῖς
2995 2141 3363 2194 ὑπετάττοντο
3389 2140 3458 2194 τὰ
3496 2139 3780 2210 δαιμόνια·

2208 2233 2302 2286 καὶ
2325 2232 2482 2286 τοῦτο
2506 2232 2916 2304 διωμολόγησαν
2946 2232 3121 2288 αὑτοί.

2290 2409 2413 2461 Ἐπὶ
2466 2411 2531 2480 τῇ
2583 2407 2815 2480 θυγατρὶ
2861 2408 2954 2462 τοῦ
3011 2407 3472 2478 ἀρχισυναγώγου
3545 2407 3702 2477 φησὶν
3754 2406 3780 2458 ό

2207 2500 2475 2570 Χριστόςο
2515 2518 2534 2551 ι
2567 2501 2659 2569 Μὴ
2691 2499 2940 2554 κλαίετε⁶
2981 2501 3041 2552 οὑ
3071 2499 3181 2570 γὰρ
3227 2499 3477 2552 ἀπέθανε
3525 2500 3591 2550 τὸ
3632 2499 3778 2567 299:1-

2211 2605 2346 2652 σιον,
2371 2589 2508 2643 ἀλλά
2535 2589 2808 2643 καθεύδει.
2847 2609 2867 2640 ι
2901 2585 3026 2660 'Ap‘
3051 2585 3143 2642 οὖν
3172 2589 3436 2659 ἐψεύδετο
3456 2597 3483 2624 °
3508 2607 3524 2654 ;
3575 2590 3664 2658 Μὴ
3696 2589 3778 2654 γέ-

2209 2682 2384 2736 νοιτοί
2425 2681 2681 2752 ἀληθεύει
2709 2682 2797 2736 δέ·
2826 2681 2921 2734 καὶ
2946 2681 3084 2734 κατά
3118 2681 3236 2733 τίνα
3263 2680 3500 2750 τρόπον,
3530 2681 3562 2731 6
3592 2678 3776 2736 Ila-33.6;

2208 2772 2552 2845 διερμηνεύει
2592 2772 2799 2842 λέγων·
2842 2791 2861 2824 ι
2891 2772 3004 2825 Οὐκ
3047 2771 3163 2823 ἐστι
3201 2770 3336 2833 Θεὸς
3373 2770 3635 2839 νεκρῶν⁹

2211 2865 2450 2930 ζώντων.
2485 2883 2502 2916 ι
2539 2863 2680 2917 Ζῶσι
2713 2862 2822 2934 γάρ
2855 2861 2934 2932 τῷ
2977 2860 3096 2931 Θεῷ
3134 2862 3182 2913 οἱ
3229 2859 3426 2930 ζήσειν
3483 2859 3773 2929 μέλλοντες.

2211 2954 2421 3010 Οὑκοῦν
2447 2955 2496 3008 oi
2525 2953 2842 3023 τεθνηκότες
2868 2991 2883 3017 ,
2917 2951 3055 3006 κατά
3085 2950 3183 3021 μὲν
3213 2948 3548 3018 ἀνθρώπους
3574 2949 3679 3002 είσ“ι
3705 2962 3775 2997 νε-

2211 3047 2368 3120 κροίο
2417 3045 2559 3100 κατὰ
2607 3044 2663 3097 δὲ
2705 3043 2803 3114 τὴν
2850 3040 3109 3106 ζωοποιὸν
3157 3037 3344 3110 φύσιν,
3393 3038 3651 3092 τουτέστι

2215 3138 2386 3203 θείαν,
2419 3137 2520 3191 οὑκ
2545 3135 2998 3205 ἀποτεθνήκασιν.
3027 3131 3305 3200 Ἀληθεύει
3337 3131 3453 3201 γάρ
3483 3131 3565 3194 ὡς
3595 3131 3717 3192 Θεὸς
3735 3132 3778 3189 ν,

2215 3230 2346 3300 περὶ
2395 3228 2491 3282 τοῦ
2541 3227 2798 3299 κορασίου
2842 3226 3048 3294 λέγων’
3095 3244 3113 3276 ι
3149 3224 3262 3278 Ούκ
3306 3223 3626 3289 ἀπέθανεν,

2217 3321 2485 3375 καθεύδει.
2519 3339 2538 3372 ι

2286 3412 2412 3475 Τοῖς
2435 3410 2626 3465 ἑαυτοῦ
2657 3409 2927 3481 μαθηταῖς
2962 3407 3365 3476 διαλεγόμενος,
3391 3405 3608 3475 ἔφασκε
3633 3421 3646 3433 ·
3671 3403 3774 3459 «Τίς

2220 3503 2421 3576 μείζων
2451 3502 2618 3567 ἐστὶν,
2649 3502 2677 3553 6
2705 3501 3091 3570 ἀνακείμενος,
3127 3497 3162 3567 ἢ
3193 3499 3220 3549 6
3257 3497 3570 3561 διακονῶν;
3607 3495 3730 3562 Οὑχὶ
3755 3496 3778 3544 ὸ

2217 3593 2601 3663 ἀνακείμενος;
2645 3589 2786 3658 Ἐγὼ
2812 3589 2869 3642 δὲ
2895 3591 2952 3641 ὲν
2985 3587 3135 3658 μέσῳ
3166 3585 3320 3655 ὑμῶν
3353 3587 3474 3656 εξμι
3519 3585 3601 3646 ὡς
3636 3586 3663 3635 6
3687 3582 3776 3634 δισ-

2217 3680 2444 3735 κονῶν.»
2464 3681 2646 3750 Ὁρᾷς,
2672 3679 2840 3741 ὅπως,
2869 3676 2991 3729 ὅσον
3017 3675 3114 3746 μὲν
3134 3670 3268 3745 ἧκεν
3293 3675 3375 3736 είς
3405 3691 3472 3741 γε
3502 3673 3572 3726 τὸ
3593 3676 3658 3742 τῇ
3683 3670 3776 3722 θεό-

2218 3789 2343 3842 τητι
2377 3771 2586 3841 πρέπον
2629 3769 2724 3823 καὶ
2766 3772 2833 3840 τῇ
2864 3765 2986 3836 δόξῃ
3021 3769 3087 3836 τῇ
3133 3768 3476 3836 Δεσποτικῇ,
3517 3763 3774 3835 μονοποῄ

2219 3863 2315 3915 καὶ
2342 3861 2654 3914 ἀποσείεται
2679 3859 2740 3911 τὸ
2774 3861 2830 3911 ὲν
2857 3857 3103 3910 διακόνου
3131 3856 3369 3909 νοεῖσθαι
3405 3856 3564 3922 τάξει
3589 3872 3604 3920 ;
3647 3855 3771 3921 Τιμᾷ

2219 3954 2277 4008 δὲ
2305 3952 2462 4007 τοῦτο
2495 3953 2582 4006 διὰ
2612 3951 2673 4004 τὸ
2696 3948 3050 4021 ἀνθρώπινον’
3075 3967 3095 4000 ι
3129 3947 3271 4016 Ἐγὼ
3301 3948 3438 4018 γάρ,
3460 3948 3654 4016 φησὶν,
3683 3945 3777 4012 εἰμὶ

2220 4047 2277 4097 ὲν
2308 4043 2457 4112 μέσῳ
2493 4041 2645 4112 ὑμῶν
2683 4040 2758 4103 ὼς
2781 4039 3063 4092 διακονῶν.
3104 4057 3125 4090 δ
3158 4036 3370 4091 Οὐκοῦν
3406 4039 3512 4090 κᾶν
3547 4042 3601 4090 εἰ
3639 4052 3779 4088 κατει-

2221 4134 2452 4204 69361;er
2479 4134 2535 4186 ὲν
2564 4131 2850 4193 διακόνοις,
2881 4130 2996 4183 ἀλλ’
3017 4123 3110 4182 οὖν
3139 4129 3202 4196 γὲ
3236 4131 3383 4181 ἐστιν
3421 4129 3596 4190 αὐτὸς
3618 4130 3645 4179 6
3667 4129 3778 4179 tiu-

2220 4228 2473 4296 κείμενος
2517 4223 2593 4287 ὡς
2633 4222 2929 4292 Δεσπότης,
2990 4221 3086 4275 καὶ
3132 4219 3284 4292 παρὰ
3332 4219 3523 4290 πάσης
3574 4217 3779 4274 κτίσεις

2221 4315 2634 4386 διακονούμενος
2664 4314 2739 4376 ὼς
2767 4312 2921 4376 Θεός.

2300 4596 2317 4629 ι
2351 4571 2517 4629 Εἶπεν
2541 4570 2634 4629 οὖν
2667 4574 2846 4637 αὑτοῖς
2873 4573 2902 4626 6
2925 4572 3156 4644 Χριστὸς
3180 4590 3200 4623 ι
3237 4569 3507 4643 (δηλονότι
3546 4571 3664 4632 τοῖς
3706 4569 3777 4634 ἁρ-

2220 4667 2460 4738 χιερεῦσι
2488 4665 2596 4718 τῶν
2637 4665 2905 4718 Ἰουδαίων
2935 4663 3240 4735 ἐρωτῶσιν·
3289 4682 3307 4712 ί
3333 4661 3396 4714 Εἰ
3431 4663 3497 4713 σὺ
3525 4657 3582 4713 εἷ
3612 4661 3642 4712 6
3671 4661 3776 4725 Χρι-

2226 4761 2351 4823 στός
2369 4776 2384 4824 ;
2412 4759 2458 4830 ³)
2491 4778 2508 4810 ι
2546 4757 2670 4812 Ἐὰν
2700 4759 2826 4825 ὑμῖν
2853 4755 3016 4823 εἴπω,
3035 4757 3095 4810 οὑ
3120 4755 3194 4826 μὴ
3217 4753 3556 4822 πιστεύσητε
3580 4770 3595 4782 ·
3629 4754 3714 4805 ἐὰν
3736 4749 3776 4799 δὲ

2219 4852 2500 4922 ἐρωτήσω,
2537 4851 2596 4902 οὑ
2629 4849 2704 4920 μὴ
2734 4848 3090 4919 ἀποκριθῆτε.
3135 4846 3270 4898 Ἀπὸ
3308 4844 3404 4898 τοῦ
3444 4844 3544 4896 νῦν
3569 4845 3628 4897 δὲ
3655 4845 3776 4895 ἔσται

2220 4943 2248 4995 6
2279 4943 2406 5004 Υίὸς
2429 4940 2524 4995 τοῦ
2553 4939 2840 5012 ἀνθρώπου
2871 4939 3180 5010 καθήμενος
3204 4940 3268 4991 ἐκ
3295 4937 3491 5000 δεξιῶν
3515 4938 3620 5007 τῆς
3649 4933 3779 4988 δυνά·

2226 5050 2369 5102 μεως
2413 5032 2506 5085 τοῦ
2553 5032 2710 5086 Θεοῦ.
2746 5051 2766 5084 ›
2805 5033 2868 5085 Εί
2907 5032 3141 5101 κάθηται
3188 5032 3252 5082 ὲκ
3283 5028 3474 5094 δεξιῶν
3503 5029 3608 5096 τῆς
3643 5027 3780 5079 δυνὰ-

2225 5141 2369 5194 μεως
2401 5124 2495 5176 τοῦ
2525 5123 2657 5176 Θεοῦ
2688 5125 2716 5176 6
2741 5122 2834 5175 τοῦ
2865 5122 3154 5192 ἀνθρώπου
3179 5121 3330 5182 Υἱὸς,
3365 5119 3484 5182 πῶς
3509 5121 3572 5170 ού
3607 5118 3732 5176 Θεὸς
3763 5114 3782 5160 ὁ

2223 5213 2478 5282 Χριστὸς,
2513 5214 2625 5275 τοῖς
2659 5211 2916 5265 ἀνωτάτω
2951 5210 3145 5272 θώκοις
3171 5208 3501 5280 ἐμπρέπων,
3539 5205 3642 5260 καὶ
3672 5202 3781 5272 ὁμό-

620 5370 661 5401 “
698 5368 830 5425 Luc.
865 5385 979 5435 \‘lll,
1015 5370 1104 5436 58,
1132 5370 1220 5425 59.
1291 5371 1334 5402 ’δ’
1368 5370 1496 5425 ihid.
1534 5370 1620 5424 52.
1699 5371 1743 5402 ⁸³
1770 5368 1923 5424 Rom.
1962 5385 2068 5433 xtv,
2101 5372 2110 5420 1

2233 5369 2277 5400 ⁸⁵⁵
2312 5368 2442 5425 Luc.
2472 5385 2606 5434 χχιι,
2629 5367 2716 5424 27.
2796 5371 2838 5402 ⁵⁵
2873 5368 2999 5424 ibid.
3037 5366 3125 5432 67,
3162 5365 3249 5420 69.

1604 5527 1776 5584 Variae
1808 5527 2063 5584 lectiones
2091 5528 2288 5584 codicis
2321 5525 2672 5596 Segu‘ieriani.

634 5671 658 5696 °
695 5661 975 5730 ἐψεύσατο.
1073 5677 1094 5712 ι’
1127 5664 1408 5731 τοιγαροῦν
1437 5664 1510 5727 ὡς
1539 5666 1668 5734 Θεός
