3970 6136
205 260 332 313 L'Sl

1290 251 1381 305 DE
1422 247 1646 304 RECTA
1691 247 1847 304 FIDE
1888 248 1978 302 AD
2018 247 2338 303 REGINAS.

3304 248 3442 302 1289

203 371 386 440 θρονος
410 366 488 437 τῷ
517 366 691 437 Πατρί
712 384 736 431 ;.
761 366 834 418 06
859 365 967 434 γὰρ
993 362 1299 431 συνεδρεύει
1334 363 1409 432 τῷ
1439 360 1581 416 κατά
1604 360 1766 430 φύσιν

1888 362 2040 427 litus,
2072 377 2174 417 non
2200 371 2284 416 est
2311 361 2491 416 Deus?
2520 359 2702 429 Neque
2729 358 2872 414 enim
2906 373 3027 412 cum
3058 374 3187 414 vero
3219 371 3440 416 natura-

203 439 322 528 Θεῷ
355 457 557 528 γενητὴ
604 455 767 526 φύσις
796 455 949 515 ὅλως.
988 452 1304 522 Συνεδρεύει
1350 453 1406 504 δέ
1439 439 1475 504 6
1517 451 1768 514 1'i6;:roﬁ

204 550 511 619 ἀνθρώπου,
563 549 687 602 καθ’
717 548 907 599 ἕνωσιν
937 544 1288 615 οἰκονομικὴν
1323 543 1525 616 σαρκὸς
1552 544 1770 612 γεγονό-

200 657 292 703 τος
315 640 408 693 τοῦ
443 642 505 692 ἐκ
529 639 664 691 Θεοῦ
699 638 895 707 φύντος
922 635 1117 703 Λόγου.

437 835 558 887 Ὅτι
597 833 706 901 ζωὴ
742 832 840 886 καὶ
874 830 1152 896 ζωοποιὸς
1187 833 1219 884 ὁ
1249 832 1521 916 Χριστός.

427 949 519 1000 Ἐκ
572 945 683 1013 τῆς
721 945 871 1012 πρὸς
908 945 1258 1012 Κορινθίους
1307 943 1560 1012 πρώτης.

282 1073 299 1105 ε
338 1055 426 1117 Ὧς
467 1054 750 1122 φρονίμοις
792 1052 962 1120 λέγω·
996 1053 1223 1119 κρίνατε
1250 1053 1406 1122 ὑμεῖς
1433 1055 1460 1107 ὃ
1488 1072 1663 1124 φημι*
1699 1056 1772 1108 Τὸ

207 1147 463 1215 ποτήριον
495 1145 593 1212 τῆς
621 1141 892 1210 εὐλογίας,
923 1141 950 1193 6
985 1140 1335 1211 εὐλογοῦμεν,
1365 1142 1486 1211 οὐχὶ
1516 1143 1773 1198 κοινωνία

207 1237 321 1287 ἐστὶ
347 1234 440 1286 τοῦ
470 1235 700 1301 αἵματος
725 1231 818 1283 τοῦ
846 1230 1082 1300 Χριστοῦ
1104 1248 1119 1296 ;
1147 1230 1250 1282 Τὸν
1268 1230 1429 1300 ἄρτον
1449 1231 1506 1286 ὃν
1532 1232 1771 1303 κλῶμεν,

206 1327 324 1396 οὺχί
356 1324 609 1378 κοινωνία
657 1323 772 1375 ἐστὶ
801 1321 891 1374 τοῦ
929 1321 1178 1391 σώματος
1214 1322 1306 1374 τοῦ
1340 1322 1609 1392 Χριστοῦ;
1650 1325 1773 1377 Ὀτι

209 1416 286 1484 εἷς
311 1423 494 1491 ἄρτος,
525 1419 580 1471 ἓν
608 1417 769 1487 σῶμά
797 1419 963 1487 ἐσμεν
1007 1418 1056 1469 οἱ
1089 1417 1307 1470 πολλοί·
1338 1419 1386 1470 οἱ
1419 1419 1529 1489 γὰρ
1576 1419 1772 1484 πάντες

209 1515 270 1564 ἐκ
302 1511 394 1565 τοῦ
429 1513 544 1573 ἐνὸς
584 1510 747 1581 ἀρτου
786 1511 1103 1578 μετέχομεν.
1136 1527 1154 1559 ›
1197 1509 1258 1560 Ἦ
1287 1509 1574 1578 ἀνθρώπου
1617 1509 1770 1581 σὰρξ,

211 1604 331 1655 ὅσον
389 1599 523 1672 ἧκεν
562 1604 643 1663 είς
693 1599 828 1652 ἰδίαν
873 1599 1054 1667 φύσιν.
1106 1599 1206 1652 οὐκ
1252 1599 1316 1652 ἂν
1359 1598 1444 1668 εἴη
1484 1596 1771 1664 ζωοποιόςο

1875 452 2020 522 lique
2059 454 2170 508 Deo
2231 453 2553 522 productitia
2594 461 2785 503 natura
2835 449 3115 504 considere
3152 451 3441 520 aliquando

1872 551 2068 612 potest.
2109 541 2368 596 Considet
2393 548 2570 594 autem
2604 555 2725 593 cum
2763 555 2827 594 eo
2852 539 3020 595 Filius
3045 541 3300 605 hominis,
3348 542 3439 596 Dn-i

1874 634 2126 686 nimirum
2164 631 2341 687 Verbo
2383 631 2678 686 secundum
2729 632 2942 687 unionis
2978 633 3441 702 dispensationem

1872 722 2171 778 incantato.

2151 835 2304 901 Quod
2326 833 2569 890 Christus
2603 843 2678 888 est
2700 834 2806 886 vita
2839 842 2886 886 et
2911 833 3164 901 uiuiﬁcus.

2304 947 2388 1001 Ea:
2410 947 2577 1016 priori
2599 946 2668 999 ad
2696 944 3016 999 Corinthios.

1950 1077 1968 1110 ι
2002 1058 2073 1114 Ut
2102 1056 2456 1126 prudentibus
2483 1055 2715 1125 loquor:
2749 1070 2844 1110 vos
2886 1055 2988 1124 ipsi
3017 1055 3255 1122 iudicate
3294 1057 3441 1125 quod

1872 1149 2015 1204 dico.
2044 1148 2197 1202 Calix
2244 1147 2661 1210 benedictionis,
2688 1146 2774 1199 cui
2832 1145 3226 1211 benedicimus,
3264 1163 3444 1203 nonne

1874 1239 2292 1296 communicatio
2316 1237 2593 1307 sanguinis
2625 1235 2825 1291 Christi
2865 1236 2989 1291 est?
3017 1245 3072 1290 et
3106 1238 3259 1305 panis
3282 1254 3444 1307 quem

1876 1328 2197 1400 frangimus,
2227 1342 2405 1382 nonne
2428 1327 2778 1396 participatio
2808 1327 3052 1394 corporis
3086 1327 3294 1380 Domini
3327 1329 3448 1382 est?

1875 1421 2136 1488 Quoniam
2169 1435 2313 1474 unus
2333 1419 2509 1489 panis,
2539 1427 2592 1472 et
2615 1433 2776 1471 unum
2808 1433 3003 1487 corpus
3033 1418 3182 1471 multi
3210 1434 3398 1472 sumus
3428 1436 3442 1472 :

1877 1527 2000 1565 nam
2039 1526 2226 1566 omnes
2257 1511 2322 1564 de
2374 1526 2481 1564 uno
2533 1524 2672 1579 pane
2713 1509 3100 1578 participamus
3128 1510 3196 1566 “.
3227 1530 3244 1562 ι
3302 1511 3446 1568 Caro

1877 1603 2132 1667 hominis,
2166 1603 2306 1671 quod
2344 1603 2560 1670 quidem
2583 1602 2647 1654 ad
2688 1602 2964 1669 propriam
3013 1612 3263 1656 naturam
3301 1602 3446 1658 illius

209 1693 326 1745 ἀλλ’
369 1693 488 1744 ούδέ
516 1691 576 1743 τὸ
606 1687 745 1759 αἷμα
773 1689 833 1741 τὸ
867 1687 1228 1758 ἀνθρώπινον,
1259 1689 1306 1740 εἰ
1334 1688 1512 1742 κοινὸν
1557 1690 1641 1761 εἴη
1679 1691 1775 1743 καὶ

1888 1701 2107 1760 spectat,
2144 1704 2484 1758 nequaquam
2531 1688 2787 1742 vivificat.
2823 1689 2927 1744 Sed
2986 1706 3158 1758 neque
3208 1692 3446 1762 vulgaris

209 1783 330 1835 καθ’
376 1783 564 1834 ἐαυτό’
601 1781 854 1844 ζωοποιεῖ
882 1781 938 1832 δὲ
964 1781 1026 1832 τὸ
1069 1780 1226 1850 σῶμα
1253 1780 1346 1833 τοῦ
1385 1782 1644 1850 Χριστοῦ,
1679 1784 1774 1836 καὶ

1888 1795 2095 1850 quoque
2152 1781 2386 1834 hominis
2434 1781 2652 1847 sanguis
2706 1778 2870 1832 ullam
2921 1782 3142 1835 omnino
3189 1797 3283 1850 per
3307 1797 3364 1836 se
3392 1791 3447 1837 et

210 1874 271 1924 τὸ
305 1873 481 1941 τίμιον
509 1866 646 1939 αἷμα
665 1912 679 1936 ,
705 1870 1008 1942 πρέποντος
1043 1870 1188 1939 μόνῳ
1220 1870 1338 1940 Θεῷ
1370 1872 1461 1924 τοῦ
1489 1870 1773 1934 ζωοποιεῖν

1888 1873 2172 1927 secundum
2215 1885 2274 1926 se
2302 1869 2605 1924 viviﬁcandi
2641 1871 2748 1922 vim
2789 1871 2972 1926 habet.
3001 1871 3164 1940 Atqui
3198 1888 3320 1925 curn
3345 1872 3445 1948 soli

209 1963 464 2015 δύνασθαι
497 1962 556 2013 τὸ
589 1962 732 2029 ζωῆς
761 1960 986 2022 ἐπιδεές.
1036 1959 1167 2023 Θεὸς
1213 1956 1304 2014 οὖν
1354 1961 1461 2030 ἄρα
1503 1963 1772 2033 Χριστόςο

1888 1962 1988 2016 Deo
2021 1961 2307 2016 conveniat
2342 1960 2510 2013 vitam
2553 1960 2626 2013 illi
2663 1960 2952 2028 impertiri,
2998 1962 3139 2029 quod
3177 1964 3301 2014 vitae
3332 1962 3443 2029 spi-

209 2054 351 2107 οὖτω
377 2054 486 2122 γάρ
516 2052 666 2104 ἔσται
695 2051 958 2114 ξωοποιὺν
984 2051 1044 2104 τὸ
1077 2051 1236 2119 σῶμα
1276 2052 1461 2109 αὑτοῦ.
1499 2055 1560 2107 Et
1594 2055 1651 2107 δέ
1683 2054 1776 2109 ἀν-

1888 2050 1983 2104 ritu
2006 2049 2352 2113 destituitur;
2383 2063 2581 2116 corpus
2614 2057 2795 2102 autem
2815 2049 3045 2114 Christi,
3076 2059 3130 2103 et
3174 2052 3446 2118 pretiosus

210 2141 425 2210 θρωπος
474 2140 574 2194 ἀνά
630 2140 795 2210 μέρος
846 2143 1044 2192 νοεῖται
1110 2139 1245 2210 μόνῃ
1289 2144 1354 2211 τῇ
1400 2141 1496 2194 τοῦ
1538 2143 1774 2213 Χριστοῦ

1888 2138 2018 2192 illius
2072 2137 2292 2207 sanguis
2334 2137 2606 2192 viviﬁcent
2645 2155 2657 2189 :
2695 2139 2779 2191 cui
2815 2138 3036 2193 dubium
3070 2152 3189 2194 esse
3245 2149 3444 2207 potest,

209 2231 400 2301 κλήσει
448 2231 847 2301 τετιμημένος,
907 2231 1005 2284 καὶ
1053 2231 1258 2300 γυμνόν
1307 2231 1438 2285 Υἰοῦ
1485 2235 1773 2304 πρόσωπον

1888 2231 2005 2301 quin
2038 2229 2179 2284 Deus
2210 2229 2578 2284 sitChristus?
2606 2228 2742 2282 Hinc
2779 2244 3014 2299 namque
3044 2244 3242 2299 corpus
3285 2232 3448 2286 habet

211 2320 367 2390 ἔχων,
397 2319 511 2382 πῶς
541 2318 606 2372 ἂν
635 2317 720 2388 εἴη
754 2317 1017 2381 ζωοποιὸν
1047 2317 1107 2369 τὸ
1137 2317 1294 2388 σῶμα
1326 2318 1522 2382 αὐτοῦ;

1877 2330 1933 2374 ut
1964 2320 2036 2373 sit
2064 2319 2356 2373 vivificum.
2381 2317 2532 2383 Quod
2568 2320 2613 2372 si
2639 2327 2695 2372 ut
2713 2318 2873 2373 homo
2896 2334 2993 2388 per
3017 2334 3075 2373 se
3109 2335 3171 2374 ac
3198 2334 3444 2375 seorsum

213 2417 389 2462 mente
443 2408 801 2475 concipiatur,
837 2405 929 2475 qui
989 2405 1105 2460 sola
1164 2407 1370 2462 Christi
1416 2407 1773 2477 appellatione
1807 2409 2095 2465 decoratus
2118 2409 2209 2475 sit,
2252 2408 2554 2477 orbamque
2577 2407 2720 2464 Filio
2751 2423 3037 2478 personam
3073 2410 3286 2476 habeat,
3313 2425 3448 2479 quo-

210 2499 369 2551 modo
395 2511 590 2564 corpus
621 2496 764 2550 illius
790 2503 972 2564 posset
997 2511 1118 2551 esse
1150 2497 1463 2551 viviﬁcum?

279 2611 305 2644 .c
347 2592 593 2660 Ἐγένετο
622 2591 650 2642 6
683 2590 899 2662 πρῶτος
935 2590 1217 2660 ἄνθρωπος
1260 2582 1431 2660 Ἀδὰμ
1471 2591 1552 2654 είς
1596 2591 1775 2662 ψυχὴν

212 2683 418 2747 ζῶσαν·
449 2685 476 2736 6
503 2682 728 2751 ἔσχατος
764 2681 937 2751 Ἀδὰμ
960 2690 987 2730 ιι
1029 2681 1110 2743 εἰς
1148 2680 1372 2752 Πνεῦμα
1402 2681 1722 2744 ζωοποιοῦν.
1752 2700 1771 2734 ι

209 2775 320 2829 Kal.
348 2774 509 2828 πάλιν
531 2790 544 2803 ’
595 2792 613 2824 ι
656 2772 712 2826 Ὀ
741 2772 958 2842 πρῶτος
995 2770 1280 2841 ἄνθρωπος
1312 2774 1374 2825 ἐκ
1401 2773 1524 2842 γῆς,
1557 2772 1739 2842 χοϊκός
1760 2790 1773 2803 ’

209 2867 238 2918 6
265 2863 511 2935 δεύτερος
541 2863 826 2933 ἄνθρωπος
850 2901 864 2925 ,
911 2863 939 2913 6
980 2860 1183 2931 Κύριος
1225 2861 1292 2960 ἐς
1311 2863 1561 2933 οὐρανοῦ.
1597 2859 1722 2926 Οἷος
1747 2864 1777 2916 6
1801 2901 1845 2960 ο

209 2954 412 3023 χοϊκὸς,
441 2952 671 3006 τοιοῦτοι
700 2951 794 3005 καὶ
819 2953 866 3003 οἱ
893 2952 1093 3020 χοῖκοίο
1118 2951 1211 3004 κα)⁸
1234 2947 1347 3014 οἶος
1373 2955 1402 3006 6
1429 2953 1774 3024 ἐπουράνιος,

209 3044 440 3097 τοιοῦτοι
476 3044 569 3096 καὶ
611 3043 662 3094 οἱ
689 3041 1022 3109 ἐπουράνιοι.
1058 3042 1170 3096 Καὶ
1211 3042 1395 3105 καθὼς
1441 3043 1776 3114 ἐφορέσαμεν

210 3134 308 3205 τὴν
352 3134 534 3188 εἰκόνα
573 3132 664 3186 τοῦ
705 3131 916 3202 χοϊκοῦ,
965 3131 1286 3203 φορέσωμεν
1328 3133 1422 3186 καὶ
1455 3133 1554 3202 τὴν
1585 3133 1768 3186 εἰκόνα

209 3226 304 3280 τοῦ
350 3227 689 3296 ἐπουρανίου.
726 3224 895 3277 Τοῦτο
926 3224 983 3278 δέ
1016 3242 1193 3295 φημι,
1227 3223 1481 3293 ἀδελφοὶ,
1523 3224 1604 3276 ὅτι
1641 3223 1777 3295 σὰρξ

211 3315 306 3368 καὶ¹
335 3311 473 3385 αἷμα
510 3313 786 3383 βασιλείαν
813 3311 949 3364 Θεοῦ
978 3313 1382 3384 κληρονομῆσαι
1408 3311 1467 3364 ού
1499 3310 1776 3375 δύνανται,

211 3407 332 3459 οὐδὲ
382 3407 415 3476 ἠ
466 3406 642 3474 φθορά
686 3406 784 3474 τὴν
821 3404 1130 3474 ἀφθαρσίαν
1162 3402 1502 3472 κληρονομεῖ.
1539 3421 1557 3453 ι
1603 3404 1779 3473 Προσ-

211 3497 410 3562 επάγει
459 3495 516 3546 δέ
563 3493 806 3556 τούτοις,
836 3495 918 3545 ὅτι
971 3511 990 3543 ι
1022 3491 1312 3561 Σαλπίσει,
1363 3491 1458 3542 καὶ
1505 3493 1554 3541 οἱ
1599 3493 1782 3560 νεκροὶ

215 3585 602 3654 ἐγερθήσονται
649 3580 951 3651 ἄφθαρτοι,
997 3581 1093 3633 καὶ
1130 3582 1293 3648 ἡμεῖς
1341 3578 1778 3647 ἀλλαγησόμεθα.

217 3675 308 3724 Δεῖ
345 3672 454 3742 γὰρ
503 3673 563 3724 τὸ
609 3671 844 3739 φθαρτὸν
877 3669 1035 3723 τοῦτο
1077 3668 1398 3721 ἐνδύσασθαι
1432 3668 1530 3736 τὴν
1573 3668 1786 3739 ἀφθαρ-

221 3763 361 3826 σίαν,
377 3763 470 3816 καὶ
493 3762 553 3815 τὸ
576 3761 764 3830 θνητὸν
781 3760 936 3814 τοῦτο
959 3758 1285 3814 ἐνδύσασθαι
1310 3757 1408 3828 τὴν
1431 3758 1746 3812 ἀθανασίαν.
1761 3777 1779 3810 ι

216 3857 312 3919 Εἰς
358 3855 533 3925 ψυχὴν
583 3854 760 3918 ζῶσαν
819 3855 847 3906 6
902 3853 1116 3922 πρῶτος
1177 3850 1461 3921 ἄνθρωπος
1525 3850 1782 3918 γέγονεν·

223 3950 394 4002 ἐδεῖτο
418 3948 548 4018 γὰρ,
571 3948 646 4010 ὡς
672 3946 902 4017 ποίημα,
933 3944 1026 3997 τοῦ
1057 3942 1444 4009 ζωοποιοῦντος
1467 3941 1623 3996 Θεοῦ.
1648 3943 1706 3995 '0
1730 3941 1787 3996 δέ

218 4058 283 4108 γε
311 4041 537 4109 ἔσχατος
574 4038 767 4107 ’Λδὰμ,
800 4035 1044 4090 τουτέστι
1080 4035 1333 4105 Χριστὸς,
1387 4034 1470 4086 ὅτι
1515 4035 1587 4104 μὴ
1619 4033 1787 4086 ἐδεῖτο

220 4133 366 4202 ζωῆς
393 4132 467 4194 ὡς
496 4131 648 4194 Θεὸς,
681 4128 905 4198 Πνεῦμα
929 4128 1149 4196 γέγονεν
1174 4128 1253 4188 εἰς
1281 4126 1427 4195 ἡμᾶς
1457 4123 1751 4187 ζωοποιοῦν
1769 4139 1783 4154 '

1946 2593 2055 2663 92
2093 2611 2111 2646 ι
2152 2592 2349 2648 Factus
2380 2599 2465 2648 est
2487 2592 2694 2662 primus
2741 2593 2902 2648 homo
2934 2592 3104 2648 Adam
3134 2594 3185 2648 in
3211 2596 3444 2652 animam

1878 2683 2169 2748 viventem,
2199 2682 2529 2737 novissimus
2559 2682 2730 2737 Adam
2765 2684 2817 2737 in
2855 2682 3116 2750 Spiritum
3167 2686 3450 2740 vivifican-

1881 2783 1985 2830 tem
2014 2774 2081 2828 ‘7.
2112 2793 2131 2826 ι
2172 2773 2408 2829 Rursum
2444 2792 2456 2827 :
2491 2793 2510 2826 ι
2544 2773 2758 2829 Primus
2782 2774 2944 2829 homo
2984 2779 3051 2831 de
3091 2787 3235 2832 terra
3281 2787 3449 2831 terre-

1879 2865 2291 2931 nus,secundus
2323 2864 2481 2918 homo
2512 2861 2770 2919 Dominus
2803 2865 2869 2919 de
2892 2866 3052 2920 caelo.
3073 2867 3256 2931 Qualis
3285 2876 3450 2921 terre-

1878 2974 2005 3023 nus,
2043 2959 2175 3012 tales
2221 2965 2276 3012 et
2337 2956 2578 3012 terreni:
2621 2967 2675 3012 et
2702 2958 2874 3025 qualis
2923 2959 3188 3022 ctelestis,
3229 2960 3362 3014 tales
3396 2969 3451 3014 et

1880 3048 2340 3116 coelestengitur
2374 3047 2518 3102 sicut
2551 3048 2882 3116 portavimus
2907 3048 3192 3119 imaginem
3225 3050 3448 3115 terreni,

1879 3146 2157 3208 portemus
2209 3147 2264 3192 et
2318 3138 2607 3207 imaginem
2669 3138 2926 3194 ccelestis.
2960 3138 3072 3193 Hoc
3099 3149 3274 3194 autem
3305 3141 3446 3208 dico,

1881 3230 2100 3293 fratres,
2123 3229 2248 3298 quia
2274 3243 2402 3284 caro
2441 3236 2497 3283 et
2524 3229 2746 3295 sanguis
2773 3244 2998 3298 regnum
3032 3229 3125 3284 Dei
3162 3231 3450 3299 possidere

1881 3335 1987 3374 non
2024 3329 2271 3389 possunt,
2301 3333 2477 3388 neque
2508 3319 2788 3388 corruptio
2818 3319 3240 3389 incorruptelam
3272 3322 3449 3391 possi-

1883 3409 2030 3462 debit
2056 3408 2122 3460 ⁸⁸.
2148 3427 2167 3458 ι
2199 3406 2491 3477 Subjungit
2543 3408 2752 3476 reliqua
2782 3423 2795 3462 :
2827 3425 2845 3458 ι
2887 3406 3056 3462 Canet
3109 3408 3252 3462 enim
3294 3409 3449 3472 tuba,

1884 3506 1940 3550 et
1966 3498 2166 3550 mortui
2203 3506 2488 3565 resurgent
2543 3498 2863 3567 incorrupti,
2900 3507 2956 3553 et
3005 3513 3102 3553 nos
3137 3499 3451 3553 immutabi-

1885 3599 2024 3638 mur.
2046 3583 2269 3652 Oportet
2297 3585 2440 3638 enim
2493 3589 2842 3655 corruptibile
2873 3587 2974 3642 hoc
3019 3589 3241 3643 induere
3270 3590 3451 3644 inroro

1887 3674 2212 3742 ruptionem,
2261 3685 2317 3730 et
2382 3675 2611 3728 mortale
2656 3675 2755 3730 hoc
2790 3676 3016 3730 induere
3075 3677 3454 3732 immortalita-

1889 3763 2086 3817 tem".
2139 3782 2157 3815 ι
2221 3763 2436 3819 Primus
2501 3766 2662 3819 homo
2725 3764 2904 3820 factus
2961 3775 3044 3820 est
3098 3767 3149 3820 in
3217 3769 3453 3826 animam

1886 3855 2157 3910 viventem
2187 3875 2201 3910 ε
2231 3858 2423 3926 egebat
2463 3857 2607 3910 enim
2649 3896 2677 3922 ,.
2706 3866 2960 3925 tanquam
2985 3859 3316 3928 figmentum,
3347 3859 3456 3913 Deo

1888 3947 2217 4004 viviﬁcante.
2270 3947 2338 4001 At
2398 3961 2528 4000 vero
2579 3947 2911 4002 novissimus
2965 3947 3157 4014 Adam,
3220 3947 3320 4001 hoc
3375 3956 3458 4004 est

1890 4039 2156 4104 Christus,
2185 4041 2346 4109 quod,
2379 4050 2439 4095 ut
2463 4042 2623 4105 Deus,
2645 4040 2753 4094 vita
2780 4048 2996 4093 externa
3035 4054 3139 4092 non
3171 4039 3455 4108 indigeret,

1899 4128 2133 4198 Spiritus
2178 4130 2296 4196 fuit,
2323 4131 2413 4200 qui
2467 4131 2631 4183 vitam
2672 4129 2727 4183 in
2768 4144 2866 4184 nos
2919 4129 3261 4183 transfundit.
3293 4131 3457 4200 Atqui

222 4223 358 4293 ὅπερ
408 4223 524 4274 ἐστὶ
556 4221 706 4283 θείας
749 4220 966 4289 φύσεως
1002 4218 1131 4271 ἴδιον
1165 4216 1562 4286 πλεονέκτημα.
1606 4217 1715 4269 Καὶ
1756 4215 1781 4268 6

1892 4220 2195 4276 vivificaudi
2227 4220 2457 4276 facultas
2497 4224 2712 4290 propria
2758 4229 2844 4275 est
2876 4221 3068 4274 divinae
3096 4231 3299 4274 natura:
3331 4235 3459 4288 pos-

221 4315 319 4383 μέν
353 4313 568 4383 πρῶτος
599 4315 662 4365 ἐκ
690 4312 821 4382 γῆς,
865 4309 1074 4380 χοϊκός·
1112 4309 1140 4360 6
1175 4306 1423 4379 δεύτερος
1454 4307 1509 4359 δὲ
1537 4305 1596 4372 ἐξ
1623 4305 1786 4375 ούρα-

222 4404 336 4469 νοῦ,
385 4405 560 4456 καίτοι
595 4403 877 4472 γεννηθεὶς
925 4400 1010 4453 διὰ
1040 4399 1312 4468 γυναικός.
1355 4399 1415 4451 Ὀ
1441 4397 1548 4468 γὰρ
1580 4397 1786 4451 ἄνωθεν

218 4496 315 4548 καὶ
350 4494 407 4558 ἐξ
435 4493 662 4565 ούρανοῦ
690 4535 704 4557 ,
739 4494 833 4546 καὶ
860 4494 924 4545 ἐκ
966 4491 1100 4544 Θεοῦ
1130 4489 1343 4560 Πατρὺς
1373 4489 1564 4556 Λόγος,
1600 4487 1704 4543 κᾶν
1736 4489 1785 4541 εἰ

219 4585 439 4650 γέγονεν
490 4584 772 4652 ἄνθρωπος
797 4623 812 4648 ,
844 4581 957 4634 ἀλλ’
992 4581 1142 4634 οὐδὲν
1168 4575 1328 4650 ἧττόν
1354 4580 1499 4631 ἐστιν
1529 4578 1587 4644 ἐξ
1621 4579 1788 4648 ούρα-

219 4672 334 4726 νοῦ.
379 4674 488 4726 Καὶ
533 4674 580 4724 εί
626 4673 802 4742 φθορᾷ
848 4673 938 4724 καὶ
985 4671 1199 4741 θανάτῳ
1231 4671 1662 4740 κατεσχημένοι,
1692 4670 1789 4740 τὴν

222 4763 406 4816 εἰκόνα
435 4762 528 4815 τοῦ
557 4762 740 4832 χοϊκοῦ
777 4763 864 4814 διὰ
895 4760 1053 4816 τοῦτο
1088 4762 1313 4831 φορέσαι
1357 4761 1627 4830 λεγόμεθα
1649 4773 1662 4788 ’
1692 4761 1790 4831 τὴν

225 4854 532 4924 ἀφθαρσίαν
566 4853 942 4923 ἐνδυσάμενοι,
977 4855 1074 4924 τὴν
1106 4855 1289 4906 εἰκόνα
1337 4851 1428 4905 τοῦ
1463 4851 1788 4923 ἐπουρανίου

229 4948 550 5016 φορέσομεν.
617 4944 922 5015 Ἀφθαρσία
965 4944 1020 4996 δὲ
1066 4944 1225 4997 πάλιν
1274 4943 1402 4996 ἴδιον
1446 4943 1648 5011 ἀγαθὸν
1693 4943 1791 5012 τῆς

226 5040 368 5092 κατά
412 5037 572 5106 φύσιν
624 5036 908 5107 θεότητος’
949 5035 1306 5089 ἀλλάσσονται
1341 5036 1450 5106 γὰρ
1496 5036 1545 5088 οἱ
1581 5036 1787 5106 νεκροὶ,

222 5133 319 5187 xa‘t
347 5132 407 5184 τὸ
432 5131 667 5201 φθαρτὸν
694 5129 1054 5199 ἀμφιέννυται
1086 5131 1184 5199 τὴν
1213 5127 1540 5197 ἀφθαρσίαν,
1575 5128 1792 5196 γεγονόο

1891 4313 2083 4367 sessio.
2118 4313 2186 4366 Et
2213 4314 2420 4383 primus
2445 4313 2658 4381 quidem
2688 4313 2847 4366 homo
2875 4312 2942 4366 de
2975 4321 3116 4366 terra
3148 4322 3267 4366 erat
3288 4322 3460 4367 terre-

1892 4415 1994 4454 nus
2025 4416 2041 4455 :
2069 4401 2336 4455 secundus
2363 4409 2538 4453 autem
2563 4399 2689 4453 licet
2722 4414 2786 4453 ex
2817 4398 3041 4452 muliere
3065 4407 3240 4451 ortum
3279 4399 3460 4452 trahe-

1893 4499 1996 4555 ret,
2021 4491 2086 4545 de
2113 4491 2252 4545 casio
2283 4497 2526 4544 venerat.
2561 4489 2818 4554 Quamvis
2847 4489 2990 4542 enim
3033 4487 3284 4554 Verbum,
3315 4491 3458 4558 quod

1895 4582 1958 4636 de
1987 4580 2259 4650 superuis,
2294 4581 2398 4634 hoc
2428 4580 2604 4634 estde
2641 4580 2779 4635 cmlo
2815 4589 2917 4644 est,
2955 4587 3009 4634 et
3038 4595 3103 4633 ex
3147 4579 3255 4634 Deo
3301 4580 3462 4633 Patre

1895 4682 2080 4726 natum
2117 4680 2222 4735 est,
2255 4671 2419 4726 homo
2467 4669 2643 4725 factus
2693 4671 2800 4736 sit,
2832 4670 3002 4724 nihilo
3050 4678 3228 4725 tamen
3284 4672 3463 4726 secius

1897 4764 1964 4818 de
2007 4762 2145 4818 coelo
2192 4773 2296 4817 est.
2344 4762 2578 4817 Rursum
2615 4763 2714 4828 uti,
2750 4763 3110 4831 corruptionis
3154 4770 3208 4817 et
3272 4762 3465 4818 mortis

1898 4852 2126 4906 vinculis
2150 4851 2450 4916 constricti,
2477 4851 2676 4905 terreni
2723 4851 3015 4921 imaginem
3049 4861 3357 4922 gestamus;
3389 4853 3460 4908 ita

1900 4942 2360 5012 incorruptionem
2387 4941 2497 5011 jam
2529 4943 2722 5010 induti,
2754 4942 2990 4998 caelestis
3025 4943 3309 5013 imaginem
3347 4959 3467 5012 por-

1903 5037 2156 5091 tabimus.
2209 5034 2370 5103 Atqui
2435 5035 2768 5106 incorruptio
2815 5035 3015 5090 bonum
3077 5043 3156 5089 est
3207 5034 3467 5089 naturalis

1902 5127 2200 5183 divinitatis
2225 5127 2521 5196 proprium.
2541 5125 2677 5185 Nam
2703 5128 2901 5186 mortui
2934 5129 3312 5191 immutantur,
3340 5141 3464 5182 cor-

290 5289 886 5358 ‘°lCor.x,15,l7.
962 5289 1206 5346 "lCor.
1243 5305 1333 5354 xv,
1366 5291 1454 5346 45.
1535 5290 1989 5358 “‘ibid.47,50.
2066 5288 2512 5358 "ibid.52,55.

1282 5442 1453 5498 Variae
1484 5443 1741 5501 lectiones
1771 5443 1969 5499 codicis
2006 5441 2361 5513 Seguieriani.

296 5593 322 5631 (ι
352 5584 400 5634 δε
413 5582 600 5649 ύτερος
638 5583 943 5649 ἅνθρωπος.
