3970 6136
523 275 662 330 128³5

1540 267 1598 321 S.
1641 264 1916 321 CYRILLI
1953 263 2415 320 ALEXANDRINI
2456 263 2795 318 ARCHIEP.'

3630 269 3768 322 Ιέδῑ

523 383 877 456 ruptibileque
902 383 1076 436 induit
1101 377 1581 448 incorruptionem,
1603 392 1726 432 cum
1761 378 2083 447 Unigcnitus

2201 397 2276 442 τος
2319 379 2442 432 καθ’
2477 383 2622 451 ἡμᾶς
2647 380 2739 432 τοῦ
2769 379 3141 447 Μονογενοῦς,
3189 380 3282 432 καὶ
3314 380 3682 450 μεθιστάντος
3713 387 3772 436 τὸ

524 479 693 533 nostri
748 475 941 530 similis
991 483 1145 527 natus
1194 470 1575 523 mortalitatem
1639 468 1979 523 transtulerit
2031 469 2083 521 in

524 568 1024 628 immortalitatem,
1090 570 1144 616 et
1201 559 1599 628 corruptionem
1665 557 2087 614 transformave-

523 662 594 715 rit
646 645 699 713 iit
733 655 1180 724 incorruptionem
1214 651 1265 703 in
1317 649 1606 718 semetipso
1641 657 1698 703 et
1739 649 1936 717 primo.
1977 647 2089 703 Hac

519 751 669 806 enim
703 749 912 803 ratione
941 744 1097 799 nobis
1135 740 1265 810 ipsis
1298 755 1512 810 quoque
1535 740 1621 794 via
1649 739 1713 793 ad
1732 740 1892 794 vitam
1915 740 2088 796 factus

523 852 624 896 est.

889 949 974 1004 Ea:
998 947 1283 1018 posteriore
1303 944 1372 998 ad
1391 943 1713 997 Corinthios.

598 1081 618 1114 σ
653 1059 757 1115 Sed
780 1058 894 1128 ipsi
949 1058 1002 1112 in
1033 1057 1188 1111 nobis
1242 1055 1372 1124 ipsis
1402 1068 1724 1122 'reSponsum
1773 1050 1961 1106 mortis
1992 1049 2083 1104 ha-

523 1155 759 1216 buimus,
787 1159 847 1204 ut
877 1165 983 1204 non
1015 1150 1187 1203 simus
1225 1147 1452 1201 ﬁdentes
1489 1147 1540 1199 in
1563 1145 1739 1209 nobis,
1764 1145 1856 1198 sed
1878 1143 1930 1197 in
1957 1141 2086 1205 Deo,

524 1247 614 1314 qui
664 1244 894 1299 suscitat
943 1249 1188 1294 mortuos
1217 1238 1285 1293 ⁸⁸.
1327 1258 1346 1288 ι
1376 1236 1432 1290 Si
1471 1245 1802 1290 mortuorum
1848 1235 2090 1288 exsusci-

522 1337 656 1392 tatio
686 1336 738 1388 in
771 1347 915 1394 eum,
947 1331 1039 1401 qni
1066 1340 1256 1383 natura
1285 1326 1574 1391 Deus-est,
1614 1326 1846 1378 maxime
1893 1335 2091 1377 conve-

525 1427 627 1491 nit,
662 1435 942 1494 propterea
971 1421 1116 1490 quod
1146 1420 1296 1474 solus
1329 1419 1434 1470 vita
1473 1417 1543 1470 sit
1577 1425 1632 1469 et
1669 1414 1776 1484 93
1809 1414 2088 1476 viviﬁcus;

525 1517 774 1572 Christus
826 1522 1008 1566 autem
1062 1508 1520 1565 resurrectionem
1574 1513 1627 1560 et
1670 1507 1835 1557 vitam
1889 1503 2091 1558 diserte

526 1623 648 1663 sese
712 1605 959 1674 appellat,
1012 1603 1372 1670 eumdemque
1435 1607 1682 1653 mortuos
1725 1597 2091 1650 exsuscitasse

526 1708 675 1754 certo
698 1707 911 1752 constat
941 1711 955 1748 :
981 1696 1101 1764 quis
1131 1703 1184 1748 et
1206 1709 1390 1747 verum
1413 1691 1602 1752 Deum,
1629 1698 1686 1743 et
1711 1688 1878 1742 vitam
1897 1701 2086 1741 secun-
2118 1708 2164 1767 Β

526 1794 651 1848 dum
683 1798 932 1844 naturam
960 1802 1083 1841 esse
1122 1782 1390 1851 ambigat?

937 1921 1023 1975 Ex
1042 1918 1284 1990 Epistula
1313 1917 1380 1971 ad
1418 1914 1689 1969 Ilebrwos.

603 2034 789 2100 «Quia
847 2046 980 2100 ergo
1041 2029 1192 2099 pueri
1246 2026 1783 2081 communicaverunt
1836 2023 1985 2077 carni
2037 2030 2094 2077 et

531 2126 799 2197 sanguini,
831 2132 885 2178 et
936 2123 1051 2185 ipse
1105 2119 1356 2174 similiter
1407 2116 1750 2186 participavit
1807 2115 2095 2177 iisdem,ut

531 2233 625 2287 per
671 2224 898 2270 mortem
935 2213 1242 2267 destrueret
1304 2223 1425 2262 cum
1477 2208 1566 2276 qui
1627 2206 1859 2259 habebat.
1905 2205 2095 2259 mortis

530 2306 902 2378 imperium,id
960 2313 1044 2358 est
1098 2300 1368 2356 diabolum
1389 2299 1460 2352 ".
1487 2317 1506 2350 ι
1566 2296 1743 2366 [Eque
1771 2313 1834 2350 ac
1875 2312 1973 2350 nos
2003 2297 2091 2364 qui

530 2401 669 2454 inter
718 2397 858 2453 ﬁlios
897 2395 993 2449 Dei
1033 2406 1341 2456 censemur,
1371 2388 1558 2445 carnis
1598 2396 1654 2443 et
1692 2387 1968 2457 sanguinis
2003 2388 2093 2442 Dei

531 2488 764 2544 Verbum
815 2486 1091 2556 particeps
1125 2481 1330 2535 factum
1365 2486 1482 2544 est;
1516 2491 1623 2544 quo
1667 2477 1918 2529 nimirum
1967 2491 2090 2544 pro-

531 2579 704 2647 prium
739 2589 934 2644 corpus
979 2572 1032 2626 in
1081 2580 1308 2625 mortem
1340 2568 1691 2632 contradens,
1721 2566 1892 2634 ipsum
1919 2565 2096 2618 denuo

533 2678 786 2734 tanquam
821 2662 912 2731 qui
944 2669 1132 2728 suapte
1166 2667 1359 2711 natura
1414 2657 1523 2710 vita
1552 2665 1606 2710 et
1658 2655 1797 2709 Deus
1848 2653 2091 2716 exsistat,

530 2759 656 2811 vitae
703 2754 971 2808 restituat.
1039 2749 1168 2803 Nam
1224 2749 1495 2817 quomodo
1563 2745 1758 2800 mortis
1813 2742 2095 2810 imperium

529 2849 864 2902 destructum
895 2848 999 2902 est,
1029 2841 1072 2894 si
1105 2853 1300 2908 corpus
1329 2836 1471 2906 quod
1505 2835 1803 2890 secundum
1841 2840 2095 2885 naturam

529 2939 680 3000 vitat,
711 2937 813 2988 hoc
841 2945 927 2988 est
951 2930 1108 2986 Verbi
1149 2929 1265 2994 Dei,
1303 2927 1578 2996 proprium
1615 2923 1824 2988 erat,in
1869 2929 2097 2976 mortem

531 3028 863 3099 prolapsum,
890 3024 1083 3077 iterum
1124 3019 1513 3073 exsuscitatutn
1553 3031 1656 3069 non
1691 3014 1817 3068 est?

573 3136 756 3203 ,Quod
779 3150 914 3189 unus
947 3133 1012 3186 sit
1046 3130 1213 3183 Filius
1236 3138 1286 3183 et
1307 3129 1558 3180 Dominus
1590 3125 1744 3179 Jesus
1766 3123 2024 3178 Christus.

903 3241 989 3294 Ea:
1013 3241 1181 3309 prima
1207 3237 1464 3291 catholica
1481 3235 1724 3288 Joannis.

606 3374 627 3410 ‹
649 3356 801 3423 Quod
842 3354 943 3408 fuit
968 3353 1033 3406 ab
1057 3352 1232 3417 initio,
1263 3349 1405 3419 quod
1437 3345 1759 3412 audivimus,
1783 3346 1927 3415 quod
1959 3344 2096 3398 vidi-

530 3462 653 3502 mus
704 3444 878 3500 oculis
938 3441 1160 3505 nostris,
1187 3439 1328 3508 quod
1390 3437 1784 3506 perspeximus,
1818 3445 1874 3491 et
1907 3451 2100 3490 manus

532 3547 733 3592 nostra:
795 3539 1268 3587 contrectaverunt
1323 3529 1389 3583 de
1434 3527 1611 3581 Verbo
1665 3529 1785 3581 vitae
1826 3545 1840 3582 :
1880 3536 1936 3582 et
1988 3529 2096 3581 vita

532 3624 877 3681 manifestata
912 3630 1015 3686 est,
1051 3628 1106 3674 et
1129 3620 1382 3682 vidimus,
1415 3628 1469 3673 et
1487 3627 1767 3682 testamur,
1799 3626 1852 3672 et
1881 3633 2096 3671 annun-

534 3719 730 3773 tiamus
757 3715 907 3769 vobis
925 3715 1086 3766 vitam
1109 3720 1388 3776 aeternam,
1407 3725 1526 3778 quae
1549 3717 1664 3764 erat
1692 3708 1831 3777 apud
1858 3708 2098 3772 Patrem,

531 3823 585 3867 et
626 3808 874 3881 apparuit
900 3806 1140 3861 nobis".
1177 3823 1195 3856 ι
1228 3803 1308 3857 Εη
1368 3804 1518 3857 illum
1545 3805 1634 3871 qui
1672 3803 1772 3856 fuit
1813 3803 1879 3857 ab
1922 3802 2097 3869 initio,

530 3904 747 3969 vitaque
780 3908 1001 3961 aeterna,
1035 3897 1138 3950 hoc
1173 3904 1255 3949 est
1287 3893 1379 3948 Dei
1410 3893 1584 3948 Patris
1619 3893 1889 3957 Verbum,
1929 3893 2134 3956 oculis,

533 4004 593 4046 se
619 3989 843 4048 vidisse,
866 3985 1223 4052 manibusque
1261 3991 1629 4037 contrectasse
1678 3990 1931 4047 testatur,
1977 3997 2099 4036 cum

536 4077 713 4134 tamen
751 4074 978 4130 Verbum
1001 4074 1144 4143 quod
1180 4087 1246 4127 ex
1282 4072 1441 4127 Patre
1467 4072 1731 4140 procedit,
1759 4087 1854 4125 sua
1905 4080 2098 4125 natura

533 4179 816 4240 aspectum
844 4167 1034 4236 fugiat,
1079 4164 1333 4234 tangique
1371 4173 1633 4233 nequeat:
1659 4163 1926 4231 siquidem
1959 4163 2101 4231 quod

536 4274 762 4330 corpore
809 4266 984 4321 vacat,
1020 4257 1073 4312 id
1126 4256 1227 4310 sub
1261 4254 1553 4310 tactionem
1588 4269 1693 4308 non
1737 4253 1901 4308 cadit.
1939 4252 2099 4322 Atqui

536 4349 771 4405 Verbum
811 4348 1151 4402 incarnatum
1221 4345 1395 4399 oculis
1465 4345 1685 4408 vidisse,
1742 4352 1797 4398 et
1855 4344 2102 4397 manibus

2193 467 2383 537 θνητὸν
2410 470 2488 532 εἱς
2513 469 2830 531 ἀθανασίαν,
2859 469 2951 521 καὶ
2983 469 3043 520 τὸ
3081 467 3320 538 φθαρτὸν
3345 472 3429 532 εἰς
3454 470 3771 540 ἀφθαρσίαν

2190 559 2246 611 ἐν
2291 559 2468 630 ἑαυτῷ
2513 561 2608 613 καλ⁵
2653 561 2853 630 πρώτῳ
2894 559 3418 630 μετασκευὰζοντος.
3454 562 3620 615 Οὕτω
3663 566 3766 633 γὰρ

2189 649 2414 719 γέγονεν
2439 652 2556 715 ὁδὸς
2581 654 2661 714 εἰς
2688 651 2833 722 ζωὴν
2864 653 2958 706 καὶ
2989 653 3118 722 ἡμῖν
3149 653 3352 716 αὐτοῖς.

2531 933 2626 986 Ἐκ
2652 932 2763 1000 τῆς
2791 933 2939 1001 πρὸς
2970 935 3316 1002 Κορινθίους
3344 938 3430 1001 β’.

2269 1063 2288 1095 ‹
2312 1041 2475 1096 Ἀλλὰ
2504 1043 2659 1096 αὐτοὶ
2679 1085 2693 1110 ,
2723 1045 2908 1113 φησὶν,
2939 1047 2994 1099 ἐν
3030 1046 3241 1108 ἑαυτοῖς
3267 1047 3327 1099 τὸ
3348 1048 3646 1119 ἀπόκριμα

2191 1133 2422 1187 θανάτου
2476 1135 2828 1204 ἐσχήκαμεν,
2875 1134 2961 1187 ἵνα
3007 1136 3081 1204 μὴ
3125 1137 3448 1201 πεποιθότες
3505 1135 3664 1209 ὦμεν
3714 1146 3763 1194 ἐν

2191 1223 2424 1285 ἑαυτοῖς,
2453 1223 2566 1276 ἀλλ’
2591 1225 2684 1276 ἐπὶ
2707 1224 2783 1294 τῷ
2798 1223 2915 1294 Θεῷ
2933 1223 3008 1293 τῷ
3025 1225 3297 1294 ἐγείραντι
3327 1227 3456 1290 τοὺς
3481 1232 3730 1299 νεκρούς.
3745 1253 3760 1282 ι

2191 1316 2254 1368 Ei
2283 1315 2401 1386 Θεῷ
2431 1316 2490 1368 τὸ
2513 1324 2536 1353 τ
2571 1315 2709 1368 κατὰ
2738 1316 2896 1384 φύσιν
2927 1317 3376 1403 πρεπωδέστατον
3403 1316 3556 1372 εἷναί
3596 1340 3762 1393 φαμεν

2190 1407 2251 1458 τὸ
2295 1405 2527 1475 ἐγείρειν
2570 1409 2695 1469 τοὺς
2758 1408 3016 1476 νεκροὺς,
3059 1408 3140 1459 ὅτι
3182 1407 3295 1477 ζωὴ
3351 1411 3448 1462 καὶ
3509 1412 3762 1475 ζωοπσιᾶς

2191 1499 2336 1551 ἐστιν
2355 1515 2367 1527 ·
2404 1498 2507 1566 ἔφη
2531 1498 2588 1550 δὲ
2615 1497 2848 1568 Χριστός
2871 1512 2884 1524 ⁸
2921 1516 2938 1547 ι
2963 1497 3105 1564 Ἐγώ
3135 1499 3252 1567 εἰμι
3287 1502 3321 1569 ἡ
3349 1501 3660 1564 ἀνάστασις
3681 1510 3759 1554 καὶ

2191 1593 2225 1660 ἡ
2254 1589 2362 1659 ζωή
2392 1606 2406 1619 ι
2441 1607 2460 1639 ι
2493 1589 2737 1656 φαίνεται
2771 1588 2828 1640 δὲ
2865 1588 2957 1641 καὶ
2991 1588 3310 1657 ἐγηγερκὼς
3335 1593 3467 1655 τοὺς
3511 1595 3757 1662 νεκρούς⁸

2191 1681 2324 1744 Θεὸς
2355 1682 2462 1752 ἄρα
2487 1680 2656 1744 ἐστὶν,
2681 1678 2756 1743 ὠς
2789 1677 2900 1749 ζωὴ
2937 1678 3075 1732 κατὰ
3106 1678 3177 1747 φῦ
3191 1695 3292 1734 σιν.

2588 1905 2681 1959 Ἐκ
2717 1906 2827 1973 τῆς
2863 1906 3012 1974 πρὸς
3047 1906 3380 1975 Ἐϐραίους.

2268 2019 2462 2072 «Ἐπεὶ
2503 2015 2596 2071 οὖν
2644 2017 3006 2088 κεκοινώνηκε
3053 2021 3120 2074 τὰ
3165 2023 3356 2075 παιδία
3412 2025 3649 2093 αἳματος
3681 2032 3764 2082 καὶ

2196 2111 2414 2181 σαρκὸς,
2441 2111 2536 2164 καὶ
2561 2111 2725 2174 αὐτὸς
2752 2111 3154 2180 παραπλησίως
3176 2115 3414 2184 μετέσχε
3441 2118 3550 2168 τῶν
3567 2121 3760 2172 αὐτῶν·

2195 2199 2282 2253 ἵνα
2306 2199 2391 2253 διὰ
2412 2199 2506 2253 τοῦ
2535 2201 2766 2255 θανάτου
2799 2203 3123 2272 καταργήσῃ
3151 2203 3243 2255 τὸν
3266 2206 3328 2256 τὸ
3351 2209 3560 2271 κράτος
3586 2210 3761 2279 ἔχοντα

2193 2288 2286 2341 τοῦ
2317 2289 2570 2352 θανάτου,
2598 2290 2845 2343 τουτέστι
2874 2291 2964 2343 τὸν
2987 2291 3256 2347 διάϐολον.
3295 2312 3314 2343 ι
3362 2297 3762 2370 Παραπλησίως

2196 2381 2326 2449 ἡμῖν
2351 2383 2462 2442 τοίς
2487 2381 2544 2433 ἐν
2573 2381 2785 2442 τέκνοις
2810 2379 2944 2432 Θεοῦ
2980 2383 3338 2453 τεταγμένοις
3368 2392 3762 2458 κεκοινώνηκεν

2195 2476 2426 2543 αἵματος
2453 2476 2546 2528 καὶ
2570 2475 2770 2545 σαρκὸς
2797 2477 2825 2528 ὁ
2853 2476 2916 2528 ἐκ
2943 2475 3074 2528 Θεοῦ
3109 2478 3303 2544 Λόγος,
3337 2480 3430 2532 ἵνα
3461 2480 3541 2548 τῷ
3571 2482 3760 2550 θανάτῳ

2196 2565 2254 2616 τὸ
2299 2564 2427 2618 ἴδιον
2471 2565 2631 2634 σῶμα
2681 2565 2826 2629 δοὺς,
2877 2564 3189 2638 ζωοποιήσῃ
3241 2568 3409 2621 πάλιν
3460 2571 3615 2635 αὐτὸ,
3670 2572 3758 2641 ζωὴ

2197 2656 2340 2710 κατὰ
2368 2656 2529 2749 φύσιν
2561 2657 2840 2728 ὑπάρχων,
2867 2659 2942 2722 ώς
2965 2659 3118 2721 Θεός.
3151 2661 3312 2712 Ἐπεὶ
3348 2661 3477 2726 πῶς
3503 2667 3760 2734 κατήρη·

2195 2765 2285 2799 ται
2317 2747 2410 2798 τοῦ
2437 2747 2671 2800 θανάτου
2705 2749 2765 2800 τὸ
2793 2748 3020 2819 κράτος,
3055 2749 3122 2802 ἂν
3155 2749 3229 2820 μὴ
3266 2750 3329 2802 τὸ
3361 2753 3536 2804 πεσὸν
3571 2756 3648 2814 ei;
3683 2753 3756 2805 θά-

2197 2854 2354 2891 νατον
2393 2837 2591 2914 ἀνεὸίω
2618 2838 2796 2908 σῶμα,
2842 2840 2971 2892 ἴδιον
3001 2840 3059 2892 ὃν
3088 2841 3189 2909 τῆς
3219 2841 3368 2894 κατὰ
3412 2843 3586 2910 φύσιν
3614 2843 3757 2911 ζωῆς,

2197 2930 2443 2981 τουτέστι
2471 2928 2563 2981 τοῦ
2587 2931 2650 2981 ἐκ
2678 2928 2811 2983 Θεοῦ
2844 2930 2995 2994 ὄντος
3027 2931 3199 2999 Λόγου
3222 2947 3235 2959 °

2296 3129 2415 3180 Ὅτι
2435 3123 2522 3190 εἷς
2550 3130 2582 3181 ὁ
2619 3127 2751 3194 Υἱὸς
2777 3127 2873 3181 καὶ
2903 3129 3116 3196 Κύριος
3148 3131 3384 3198 Ἰησοῦς
3412 3133 3688 3198 Χριστός.

2193 3237 2295 3292 Ἐκ
2315 3236 2422 3305 τῆς
2451 3237 2729 3292 Ἰωάννου
2764 3239 3127 3308 Ἐπιστολῆς
3159 3240 3399 3308 πρώτης
3430 3243 3757 3311 κΜολικῆς.

2277 3365 2296 3397 ί
2332 3349 2396 3399 Ὃ
2435 3343 2503 3417 ἦν
2544 3347 2636 3399 ἀπ’
2674 3347 2866 3418 ἀρχῆς,
2913 3347 2940 3400 ὂ
2985 3349 3326 3418 ἀκηκόαμεν,
3371 3350 3399 3404 ὅ
3451 3355 3760 3423 ἑωράκαμεν

2199 3438 2312 3499 τοῖς
2357 3436 2655 3506 ὀφθαλμοῖς
2680 3439 2712 3506 ἡ
2724 3437 2840 3505 μῶν
2859 3477 2871 3498 ,
2906 3437 2934 3489 ὃ
2963 3437 3305 3509 ἐθεασάμεθα
3332 3480 3347 3503 ,
3376 3445 3478 3495 καὶ
3515 3446 3571 3496 αἱ
3602 3447 3758 3512 χεῖρες

2201 3527 2357 3596 ἡμῶν
2390 3526 2744 3597 ἐψηλάφησαν
2770 3529 2898 3598 περὶ
2929 3528 3022 3581 τοῦ
3053 3530 3225 3597 Λόγου
3255 3532 3358 3599 τῆς
3391 3532 3544 3603 ζωῆς
3563 3553 3578 3564 ·
3620 3536 3705 3587 καὶ
3730 3536 3756 3600 1‘,

2202 3615 2314 3688 ζωὴ
2354 3617 2692 3694 ἐφανερώθη,
2726 3619 2819 3672 καὶ
2850 3605 3192 3690 ἑωράκαμεν,
3226 3623 3322 3675 καὶ
3364 3627 3758 3696 μαρτυροῦμεν,

2202 3708 2297 3762 καὶ
2343 3710 2757 3780 ἀπαγγέλλομεν
2792 3712 2920 3780 ὑμῖν
2948 3711 3092 3782 ζωὴν
3126 3713 3223 3782 τὴν
3265 3714 3514 3783 αἰώνιον,
3563 3720 3680 3786 ἥτις
3706 3714 3759 3786 ἦν

2201 3800 2336 3870 πρὸς
2358 3800 2448 3854 τὸν
2493 3801 2730 3872 Πατέρα,
2792 3802 2886 3855 καὶ
2917 3802 3232 3874 ἐφανερώθη
3271 3806 3424 3875 ἡμῖν,
3466 3827 3486 3858 ι
3529 3809 3660 3862 Ἰδοὺ
3686 3809 3759 3861 τὸν

2200 3887 2327 3941 ὄντα
2355 3889 2454 3940 ἀπ’
2480 3889 2676 3959 ἀρχῆς,
2707 3891 2952 3943 τουτέστι
2991 3890 3082 3943 τὸν
3114 3894 3178 3944 ἐκ
3206 3892 3298 3945 τοῦ
3328 3895 3550 3964 Πατρὸς
3584 3897 3757 3963 Λόγον.

2200 3979 2298 4048 τὴν
2333 3978 2478 4049 ζωὴν
2507 3981 2604 4050 τὴν
2637 3979 2854 4034 αἰώνιον
2901 3982 3205 4052 ἑωρακέναι
3255 3984 3392 4053 φησὶ
3431 3990 3549 4050 τοῖς
3583 3989 3760 4055 ὀςθαλ-

2204 4071 2343 4139 μοῖς,
2390 4069 2484 4122 καὶ
2529 4070 2635 4140 μὴν
2682 4071 2776 4123 καὶ
2820 4071 2975 4141 χερσὶ
3007 4071 3360 4143 ψηλαφῆσαι·
3417 4077 3606 4129 καίτοι
3644 4078 3761 4131 κατὰ

2203 4158 2362 4228 φύσιν
2395 4160 2532 4213 ἰδίαν
2557 4159 2650 4213 τοῦ
2677 4160 2742 4214 ἐκ
2763 4161 2856 4214 τοῦ
2879 4162 3084 4232 [ἰατρὸς
3101 4162 3249 4227 ὄντος
3265 4165 3470 4232 Λόγου,
3500 4168 3601 4220 καὶ
3633 4170 3764 4231 sm;

2202 4252 2435 4322 ἀοράτου
2486 4253 2578 4307 καὶ
2617 4253 2891 4323 ἀναφοῦς·
2937 4255 3146 4326 ἀναφὲς
3187 4256 3295 4328 γὰρ
3355 4259 3416 4311 τὺ
3461 4261 3758 4331 ἀσώματον.

2215 4343 2353 4396 Ἀλλ’
2382 4346 2439 4398 ἐν
2472 4344 2635 4414 σαρκὶ
2661 4347 2920 4414 γεγονότα
2944 4345 3034 4400 τδν
3064 4346 3235 4414 Λόγον
3257 4349 3568 4418 ἑωρακέναι
3604 4369 3664 4404 τε
3687 4352 3760 4402 καὶ

535 4448 900 4497 contrectasse
929 4453 988 4492 se
1013 4437 1107 4491 ait.
1127 4437 1303 4502 Quare
1335 4436 1459 4489 licet
1486 4435 1716 4490 Verbum
1740 4450 1868 4489 caro
1898 4435 2097 4490 factum

2203 4435 2522 4515 ψηλαφῆσαι
2553 4453 2737 4506 φησιν.
2779 4432 2872 4500 Εἷς
2903 4433 2996 4490 οὖν
3026 4438 3132 4508 ἄρα
3163 4439 3311 4491 ἐστὶν
3347 4440 3480 4505 Υἱὸς
3509 4443 3607 4495 καὶ
3653 4443 3759 4502 Θεὸς

536 4541 640 4596 est,
665 4544 804 4584 unus
853 4536 1031 4581 tamen
1083 4534 1164 4580 est
1203 4524 1396 4591 Filius,
1423 4537 1561 4579 unus
1608 4523 1774 4588 Deus,
1800 4539 1938 4579 unus
1990 4523 2100 4579 Do-

536 4637 734 4676 minus.

534 4733 645 4804 94
687 4733 837 4798 Quod
892 4733 1020 4800 ﬁdes
1075 4731 1270 4854 tendab
1317 4731 1371 4784 in
1415 4729 1704 4794 Christum,
1755 4739 2004 4798 tanquam
2045 4729 2099 4781 in

1273 4817 1409 4854 eum.

1273 4817 1409 4855 ϐιιηι.

955 4912 1041 4966 Ex
1061 4914 1224 4983 priori
1253 4912 1492 4984 Epistola
1514 4915 1680 4970 Petri.

609 5044 632 5080 ‹
668 5025 761 5092 Ut,
785 5025 981 5093 inquit,
1003 5025 1138 5080 ﬁdes
1170 5033 1373 5093 vestra,
1396 5034 1452 5081 et
1473 5041 1597 5095 spes
1625 5035 1769 5081 esset
1786 5026 1837 5079 in
1858 5025 2041 5079 Deo".
2075 5044 2093 5077 ι

535 5117 697 5186 Λιςυί
726 5117 969 5172 Christus
995 5130 1088 5186 per
1129 5125 1347 5172 sanctos
1391 5115 1664 5187 apostolos
1721 5116 2095 5180 annnntiatur,

2205 4529 2298 4580 καὶ
2323 4528 2546 4595 Κύριος,
2581 4527 2685 4581 κᾶν
2712 4527 2761 4580 εἰ
2792 4528 2984 4597 γέγονε
3014 4527 3146 4598 σὰρξ
3167 4530 3195 4581 ό
3225 4528 3419 4596 Λόγος.

2365 4725 2488 4779 Ὅτι
2509 4726 2596 4791 εις
2620 4725 2880 4793 Χριστὸν
2916 4726 2954 4792 ἡ
2981 4725 3204 4790 πίστις,
3236 4725 3320 4791 ὠς
3351 4728 3440 4791 εἰς
3466 4728 3644 4781 Θεόν.

2392 4905 2488 4959 Ἐκ
2515 4902 2626 4972 τῆς
2653 4904 2882 4970 Πέτρου
2928 4899 3298 4968 Ἐπιστολῆς
3329 4899 3594 4967 πρώτης.

2284 5041 2302 5073 ‹
2343 5021 2506 5074 Ὥστε
2525 5061 2539 5084 ,
2575 5019 2738 5089 φησὶ,
2765 5017 2864 5088 τὴν
2894 5016 3074 5069 πίστιν
3108 5013 3262 5084 ὑμῶν
3297 5014 3390 5067 καὶ
3419 5012 3618 5066 ἐλπίδα
3647 5007 3762 5064 εἶναι

2207 5115 2286 5176 εἰς
2306 5112 2457 5166 Θεόν.
2483 5131 2501 5164 ι
2533 5112 2726 5165 Καίτοι
2748 5109 2982 5181 Χριστὸς
3009 5105 3339 5178 κηρύττεται
3367 5105 3454 5158 διὰ
3475 5104 3586 5157 τῶν
3611 5103 3765 5170 ἁγίων

606 5291 652 5323 ⁸ο
676 5290 718 5346 ll
747 5291 870 5348 Cor.
905 5308 946 5361 ι,
976 5291 1028 5346 9.
1105 5293 1150 5328 “
1177 5292 1340 5350 Hebr.
1372 5308 1433 5363 tt,
1470 5293 1556 5349 N.
1629 5294 1674 5324 “
1712 5291 1910 5348 lJoan.
1948 5291 2060 5357 1,1,
2096 5305 2097 5312 ‘

2223 5290 2270 5322 ⁸³
2304 5289 2323 5341 1
2354 5289 2498 5344 Petr.
2535 5303 2570 5352 I,
2606 5286 2697 5342 21.

1583 5447 1756 5504 Varia:
1789 5447 2049 5502 lectiones
2075 5444 2277 5503 codicis
2308 5443 2663 5514 Segnieriani.

614 5605 630 5631 τ
665 5595 749 5648 ῖσ.
775 5595 873 5658 τῷ.
