3970 6136
253 254 389 308 i285

1337 247 1423 302 DE
1459 241 1687 299 RECTA
1726 240 1882 297 FIDE
1920 240 2011 294 AD
2052 238 2368 296 REGINAS.

3348 240 3484 296 {238

250 360 561 416 ἀποστόλων
580 376 594 392 ·
627 359 723 414 καὶ
743 359 902 423 αὐτὸς
926 360 981 414 δέ
1022 357 1124 412 πού
1153 375 1315 428 φησιν
1336 376 1350 391 ·
1386 376 1405 408 ι
1450 352 1643 424 Ἀμὴν,
1668 353 1813 423 ἀμὴν

1949 365 2035 405 mo
2065 350 2291 419 ipsemet
2317 352 2389 405 ita
2420 351 2497 405 ait
2532 369 2545 405 :
2590 370 2608 404 ι
2644 352 2837 418 Amen,
2872 366 3026 407 amen
3057 352 3178 407 dico
3209 352 3364 408 vobis
3394 351 3485 420 qui

251 456 394 521 λέγω
426 453 571 521 ὑμῖν,
605 453 633 504 6
665 450 931 504 πιστεύων
961 451 1041 512 εἰς
1067 449 1191 518 ἐμὲ,
1215 449 1325 517 ἔχει
1351 446 1497 515 ζωὴν
1525 443 1764 498 αἰώνιον.
1789 461 1808 492 ι

254 544 384 594 Ὅτε
436 542 614 595 τοίνυν
659 544 739 603 είς
772 541 904 593 Θεὸν
934 542 968 609 ή
1000 539 1216 603 πίστις,
1260 535 1497 607 Χριστοῦ
1543 536 1815 602 λέγοντος,

257 650 276 682 ι
302 631 390 693 Εἰς
427 630 525 700 ἐμὲ
559 628 873 682 πιστεύετε·
909 645 929 677 ι
964 625 1081 688 πῶς
1110 625 1211 677 οὐκ
1251 624 1317 677 ἂν
1360 622 1445 692 εἴη
1490 621 1622 685 Θεὸς
1656 622 1816 689 ἐναρ-

251 721 389 789 γῶς;

425 830 527 883 Ἐκ
565 827 674 896 τῆς
702 826 939 895 πρώτης
973 824 1253 879 Ἰωάννου
1296 820 1676 889 Ἐπιστολῆς.

327 960 348 993 ι
383 942 493 993 Καὶ
525 938 662 1009 αῦτη
688 924 837 990 ἐστὶν
867 939 902 1007 ἡ
936 935 1123 1007 ἐντολὴ
1148 934 1339 996 αὐτοῦ,
1364 935 1451 988 ἴνα
1470 932 1818 1001 πιστεύωμεν

150 1094 155 1099 ο
251 1031 329 1102 τῷ
348 1030 572 1098 ὀνόματι
599 1028 695 1080 τοῦ
722 1025 853 1078 Υίοῦ
886 1023 1050 1078 αὐτοῦ
1089 1020 1273 1095 Ἰησοῦ
1292 1020 1548 1093 Χριστοῦ.
1587 1038 1607 1070 ι
1640 1020 1703 1072 Ei
1743 1019 1817 1087 μὴ

254 1119 573 1189 ἁνεθέλητόν
617 1119 734 1170 ἐστι
771 1115 849 1187 τῷ
903 1115 1020 1184 Θεῷ
1069 1116 1165 1169 καὶ
1213 1113 1388 1184 Πατρὶ
1434 1112 1495 1164 τὸ
1541 1108 1818 1164 πιστεύειν

253 1213 399 1284 ἡμᾶς
437 1214 515 1274 εἰς
542 1211 604 1263 τὸ
640 1210 809 1285 ὸγομα
838 1207 933 1261 τοῦ
967 1208 1098 1260 Υίοῦ
1130 1206 1294 1260 αὐτοῦ
1336 1203 1511 1276 Ἰησοῦ
1541 1202 1780 1273 Χριστοῦ
1802 1219 1815 1232 ·

255 1306 551 1378 πράττεται
596 1303 652 1355 δὲ
693 1302 789 1355 καὶ⁹
821 1302 950 1372 παρ’
982 1299 1137 1371 ἡμῶν
1167 1300 1202 1368 ἡ
1241 1297 1451 1361 πίστις,
1478 1296 1576 1365 οὐχ
1616 1295 1692 1357 ὡς
1741 1294 1821 1355 εἰς

255 1396 541 1467 ἄνθρωπον
573 1392 758 1453 ἁπλῶς
777 1431 793 1455 ,
824 1391 936 1444 ἀλλ’
970 1390 1045 1454 ὡς
1070 1392 1150 1453 εἰς
1179 1389 1310 1441 Θεὸν
1348 1386 1527 1450 ζῶντα
1558 1385 1652 1439 καὶ
1685 1384 1819 1454 ἀλη-

258 1488 430 1541 θινόν·
466 1485 598 1546 Θεὸς
621 1484 727 1554 ἄρα
762 1482 1015 1552 Χριστός.

335 1597 353 1629 ‹
376 1578 464 1630 Ἐν
492 1577 665 1648 τούτῳ
694 1574 1019 1644 γινώσκεται
1046 1571 1107 1625 τὸ
1139 1572 1363 1641 Πνεῦμα
1390 1570 1483 1624 τοῦ
1514 1567 1648 1622 Θεοῦ
1668 1584 1681 1598 ·
1706 1567 1819 1620 πᾶν

1918 439 2089 497 credit
2117 442 2170 495 in
2204 457 2309 509 me,
2338 442 2499 496 habet
2546 442 2711 496 vitam
2754 453 3013 497 aeternam
3031 441 3100 494 “.
3135 459 3155 492 ι
3186 442 3317 496 Cum
3357 456 3486 509 ergo

1920 534 2051 588 ﬁdes
2089 533 2142 587 in
2190 530 2358 586 Deum
2402 533 2630 599 feratur,
2671 543 2725 588 et
2769 534 3039 597 Christus,
3074 551 3095 585 ‹
3135 533 3192 586 In
3244 547 3328 585 me
3360 547 3488 586 cre-

1918 623 2048 687 dite,
2086 640 2105 674 ι
2129 621 2275 677 dicat
2297 643 2310 678 :
2331 624 2604 693 quomodo
2635 623 2853 693 planum
2886 638 2991 677 non
3021 633 3122 689 est,
3161 624 3334 691 ipsum
3361 637 3484 677 esse

1919 712 2127 767 Deum?
2558 708 2562 711 Α

2282 818 2364 873 Ea:
2399 819 2641 890 Epistula
2685 822 2854 891 prima
2893 819 3138 876 Joannis.

1997 954 2017 987 ι
2060 935 2125 988 Et
2168 934 2272 987 hoc
2323 943 2408 987 est
2448 936 2759 988 mandatum
2800 935 2937 1003 ejus,
2982 944 3040 988 ut
3103 935 3386 989 credamus
3431 933 3486 988 in

1920 1025 2140 1079 nomine
2174 1023 2297 1079 Filii
2351 1022 2467 1092 ejus
2512 1023 2637 1079 Jesu
2670 1024 2871 1080 Christi
2904 1026 2971 1079 ⁸³.
3006 1045 3026 1078 ι
3052 1025 3106 1080 Si
3130 1041 3159 1080 a
3191 1025 3280 1080 Dei
3311 1024 3490 1079 Patris

1919 1117 2199 1171 voluntate
2224 1118 2458 1172 alienum
2492 1131 2598 1169 non
2634 1126 2737 1179 est,
2769 1127 2829 1170 ut
2864 1118 2916 1170 in
2967 1119 3183 1171 nomine
3227 1116 3347 1170 Filii
3375 1114 3490 1183 ejus

1918 1205 2044 1261 Jesu
2077 1206 2280 1262 Christi
2346 1206 2665 1272 credamus;
2696 1206 2739 1261 si
2792 1207 2925 1261 ﬁdes
2973 1216 3157 1261 nostra
3224 1207 3392 1260 tendit
3435 1204 3490 1259 in

1920 1311 2064 1363 eum,
2099 1312 2201 1352 non
2221 1297 2543 1367 tanquamin
2569 1295 2835 1350 hominem
2862 1296 3082 1360 nudum,
3113 1295 3207 1348 sed
3239 1304 3489 1364 tanquam

1920 1388 1978 1441 in
2019 1387 2183 1442 Deum
2223 1391 2402 1444 vivum
2422 1396 2491 1443 ~et
2525 1402 2736 1453 verum,
2762 1386 2984 1442 evidens
3028 1384 3271 1456 profecto
3312 1382 3495 1440 evadit

1922 1480 2194 1535 Christum
2218 1496 2336 1536 esse
2361 1484 2549 1536 Deum.

1996 1590 2015 1623 ι
2048 1570 2104 1625 1η
2138 1573 2237 1626 hoc
2260 1572 2602 1642 cognoscitur
2624 1569 2861 1639 Spiritus
2887 1568 2975 1624 Dei
3000 1586 3013 1622 :
3043 1567 3220 1623 omnis
3252 1567 3492 1637 spiritus,

260 1668 496 1737 πνεῦμα,
517 1666 546 1719 6
566 1666 815 1735 ὁμολογεῖ
841 1660 1317 1741 ἸησοῦνξΧριστὸν
1350 1661 1407 1712 ἐν
1435 1658 1599 1730 σαρκὶ
1627 1655 1819 1725 ἐληλυο

1949 1659 2015 1727 [υἱ
2046 1662 2333 1716 conlitetur
2355 1661 2538 1717 Jesum
2561 1660 2837 1715 Christum
2871 1659 2922 1713 in
2952 1673 3115 1713 carne
3163 1659 3398 1721 venisse,
3423 1671 3493 1710 ex

261 1759 410 1823 θότα,
437 1760 502 1811 ἐκ
528 1756 622 1810 τοῦ
653 1754 785 1809 Θεοῦ
819 1755 967 1807 ἐστι·
999 1753 1093 1806 καὶ
1125 1753 1232 1806 πᾶν
1264 1751 1498 1820 πνεῦμα,
1538 1748 1567 1802 6
1596 1748 1670 1819 μὴ
1700 1750 1823 1815 ὁμο-

254 1850 409 1918 λογεῖ
448 1848 540 1901 τὸν
578 1847 801 1918 Ἰησοῦν,
829 1846 895 1899 ὲκ
924 1844 1018 1898 τοῦ
1052 1843 1188 1897 Θεοῦ
1226 1843 1326 1897 οὐκ
1358 1840 1474 1895 ἔστι
1493 1858 1508 1872 ο
1540 1840 1634 1894 καὶ
1666 1837 1824 1892 τοῦτό

262 1943 378 1995 ἐστι
399 1941 460 1994 τὸ
486 1939 579 1992 τοῦ
609 1938 995 2008 ’Δντιχρίστου,
1011 1934 1039 1988 ὃ
1069 1934 1341 2004 ἀκηκόατε
1363 1935 1443 1987 ὅτι
1469 1931 1706 2003 ἔρχεται,
1731 1928 1826 1982 καὶ

265 2033 358 2087 νῦν
384 2034 444 2085 ἐν
471 2031 552 2101 τῷ
580 2030 771 2100 κόσμῳ
804 2030 951 2081 ἐστὶν
976 2027 1097 2098 ήδη.
1128 2044 1145 2077 ι
1184 2023 1582 2095 Ὀμολογοῦμεν
1606 2022 1695 2075 τὸν
1721 2022 1827 2090 Ἰη-

268 2122 391 2176 σοῦν
416 2121 526 2193 ἄρα
558 2120 638 2184 ὡς
676 2119 981 2191 ἄνθρωπον,
1014 2118 1108 2171 καὶ
1133 2115 1243 2170 τῶν
1284 2115 1409 2170 καθ’
1438 2116 1587 2185 ἡμᾶς
1611 2113 1749 2179 Eva;
1790 2113 1824 2183 ἢ

269 2214 467 2284 μᾶλλον
494 2211 730 2274 ὅτιθεὸς
757 2211 833 2263 ὢν
870 2210 898 2262 6
939 2208 1132 2277 Λόγος,
1172 2207 1363 2276 γέγονε
1392 2204 1561 2276 σὰρξ,
1591 2205 1692 2257 οὐκ
1717 2204 1829 2256 ὀλι-

265 2304 521 2374 γωρήσας
554 2301 645 2355 τοῦ
682 2297 820 2353 εἶναι
841 2300 994 2363 Θεὸς,
1027 2295 1353 2369 μεμενηκὼς
1381 2295 1437 2348 δὲ
1470 2294 1668 2365 μᾶλλον
1693 2293 1829 2364 ὅπερ

267 2390 355 2465 ἦν,
396 2393 489 2445 καί⁵
512 2392 560 2444 εί
591 2390 811 2459 γέγονεν
834 2388 1160 2458 ἄνθρωπος;
1197 2385 1357 2438 Ἀλλὰ
1384 2385 1525 2437 τοῦτ’
1556 2383 1704 2437 ἔστιν
1732 2385 1832 2437 οὐκ

265 2484 581 2557 ἁμφίῦολρν.
622 2482 679 2535 '0
723 2481 903 2534 τοίνυν
952 2479 1013 2532 οὐ
1061 2478 1235 2547 λέγων
1263 2477 1396 2530 Θεὸν
1436 2471 1575 2529 εἶναι
1617 2475 1833 2546 ἀληθῶς

268 2575 357 2627 τὸν
405 2571 658 2643 Χριστὸν,
708 2568 930 2639 διαιρῶν
979 2568 1036 2621 δὲ
1086 2568 1180 2620 καὶ
1225 2565 1684 2637 κατασμικρύνων
1736 2565 1834 2635 τὴν

269 2664 424 2729 δόξαν
485 2663 681 2730 αὐτοῦ,
727 2662 790 2714 τὸ
847 2658 943 2714 τοῦ
1003 2659 1370 2729 Ἀντιχρίστου
1419 2656 1640 2728 πνεῦμα
1696 2656 1835 2727 έχων

278 2755 568 2810 ἁλώσεται.

346 2864 367 2897 ι
398 2848 506 2899 Καὶ
532 2845 692 2914 ἡμεῖς
728 2839 1091 2910 ἐθεασάμεθα,
1144 2837 1241 2892 καὶ¹
1277 2835 1661 2909 μαρτυροῦμεν
1702 2835 1783 2888 ὅτι
1810 2835 1840 2888 6

277 2936 464 3007 Πατὴρ
494 2933 801 2989 ἀπέσταλκε
829 2932 920 2985 τὸν
944 2931 1071 2984 Υἱὸν
1101 2930 1327 3000 Σωτῆρα
1351 2927 1447 2981 τοῦ
1483 2928 1712 2997 κόσμου.
1743 2927 1840 2989 Ὃς

1924 1753 2033 1809 Deo
2048 1763 2130 1809 est
2157 1769 2173 1809 :
2204 1754 2453 1808 etomnis
2496 1752 2721 1822 spiritus
2758 1752 2851 1820 qui
2879 1751 3038 1807 solvit
3063 1750 3266 1815 Jesum,
3293 1766 3357 1804 ex
3385 1752 3494 1804 Deo

1924 1861 2030 1902 non
2059 1853 2171 1911 est;
2213 1852 2269 1900 et
2293 1844 2380 1898 hic
2407 1853 2492 1900 est
2519 1844 2912 1910 Antichristus,
2948 1845 3014 1897 de
3061 1857 3169 1910 quo
3214 1841 3497 1894 audivistis

1925 1937 2177 2005 quoniam
2204 1938 2371 2003 venit,
2396 1947 2449 1991 et
2469 1951 2610 1991 nunc
2646 1936 2756 2006 jam
2779 1938 2832 1989 in
2865 1935 3063 1990 mundo
3083 1944 3167 1988 est
3198 1933 3266 1986 ⁸⁸.
3300 1952 3318 1984 ι
3349 1931 3495 1987 Con~~

1927 2027 2211 2081 ﬁtemurne
2254 2041 2385 2097 ergo
2437 2024 2713 2080 Christum
2762 2025 2948 2082 Jesum
3010 2024 3173 2078 veluti
3228 2023 3498 2077 hominem

1927 2116 2247 2185 quempiam'
2271 2116 2441 2171 nostri
2480 2115 2754 2170 similem?
2787 2131 2854 2170 an
2902 2114 3084 2184 potius
3132 2114 3223 2168 Dei
3259 2112 3499 2168 Verbum

1929 2203 2129 2259 factum
2152 2220 2272 2260 esse
2298 2220 2539 2270 carnem,
2570 2222 2674 2261 non
2714 2207 2856 2275 quod
2895 2205 3229 2259 divinitatem
3260 2203 3498 2269 exuerit,

1932 2303 2022 2349 aut
2051 2294 2345 2362 repudiarit
2371 2294 2722 2364 (constanter
2743 2296 2889 2349 enim
2914 2295 3113 2348 mansit
3141 2294 3295 2363 quod
3312 2293 3460 2364 erat)
3484 2310 3497 2347 :

1932 2385 2025 2442 sed
2047 2384 2188 2455 quod
2228 2385 2519 2438 humanam
2554 2394 2801 2439 naturam
2838 2383 3232 2453 assumpserit?
3256 2384 3324 2437 At
3358 2383 3506 2437 istud

1934 2484 2084 2531 extra
2105 2475 2529 2530 controversiam
2557 2484 2663 2531 est.
2694 2476 2950 2543 Quisquis
2989 2476 3155 2546 igitur
3204 2473 3505 2537 Christum,

1936 2570 2270 2624 divinitatem
2326 2569 2468 2624 illius
2532 2570 2825 2633 inﬁciatus,
2889 2570 3099 2633 dividit,
3153 2569 3505 2639 ejusdemque

1937 2656 2161 2729 gloriam
2186 2670 2239 2715 et
2262 2660 2597 2728 maiestatem
2630 2661 2902 2725 diminuit,
2932 2661 3021 2716 hic
3046 2660 3367 2715 Antichristi
3392 2660 3506 2730 spi-

1939 2750 2101 2805 ritum
2142 2751 2390 2806 hausisse
2413 2762 2599 2820 aperte
2627 2753 2988 2806 convincitur.

2015 2857 2034 2891 ι
2071 2840 2134 2894 Ει
2162 2855 2258 2894 nos
2285 2841 2537 2905 vidimus,
2561 2850 2616 2893 ct
2644 2841 2999 2895 testiﬁcantur
3043 2842 3297 2912 quoniam
3347 2841 3511 2895 Pater

1942 2933 2091 2986 misit
2146 2930 2341 2985 Filium
2393 2947 2549 2987 suum
2606 2931 2938 2987 Salvatorem
2989 2933 3196 2987 mundi.
3255 2932 3512 3002 Quisquis

277 3024 343 3080 ἂν
369 3024 677 3095 ὁμολογήσῃ
718 3023 798 3074 ὅτι
835 3019 1041 3092 Ἰησοῦς
1070 3021 1216 3073 ἐστιν
1257 3021 1285 3072 6
1332 3018 1462 3080 Υἱὸς
1490 3016 1583 3070 τοῦ
1615 3015 1771 3078 Θεοῦ,
1815 3015 1836 3066 6

1949 3022 2226 3077 confessus
2251 3021 2412 3077 fuerit
2442 3024 2696 3091 quoniam
2715 3022 2873 3077 Jesus
2913 3032 2996 3078 est
3018 3024 3189 3078 Filius
3232 3024 3348 3089 Dei,
3374 3025 3513 3077 Deus

280 3117 409 3179 Θεὸς
440 3118 497 3171 ἐν
530 3113 678 3183 αύτῷ
730 3113 917 3183 μένει,
946 3111 1041 3165 καὶ
1074 3110 1235 3173 αὐτὸς
1273 3111 1330 3164 ἐν
1366 3110 1444 3180 τῷ
1474 3108 1613 3178 Θεῷ.
1647 3125 1667 3158 ι
1713 3107 1844 3159 Ἀπ-

282 3208 533 3262 εστάλθαι
561 3205 738 3276 φαμὲν
760 3202 910 3273 παρὰ
937 3203 1030 3256 τοῦ
1057 3201 1192 3255 Θεοῦ
1220 3201 1316 3256 καὶ
1340 3202 1554 3271 Πατρὸς
1573 3200 1665 3253 τὸν
1693 3197 1840 3265 Υἱὸν,

290 3299 536 3353 τουτέστι
567 3297 655 3351 τὸν
698 3295 760 3360 ἐξ
783 3293 946 3348 αὑτοῦ
981 3293 1119 3347 κατὰ
1145 3292 1306 3362 φύσιν
1338 3291 1602 3362 μονογενῆ
1634 3289 1841 3357 Λόγονο

284 3391 600 3462 ὠνομάσθαι
645 3389 703 3442 δὲ
747 3388 908 3441 αὐτὸν
962 3386 1207 3456 Ἰησοῦν,
1264 3387 1353 3438 ὅτε
1406 3389 1502 3439 καὶ
1550 3384 1649 3453 τὴν
1704 3383 1847 3438 κατὰ

289 3480 465 3549 σάρκα
487 3478 739 3546 γέννησιν
769 3478 836 3527 ἐκ
862 3474 1119 3542 γυναικὸς
1143 3471 1436 3539 ὑπέμεινεν
1465 3469 1845 3538 οἰκονομικῶς.

288 3568 494 3623 Οὐκοῦν
535 3570 563 3619 6
599 3568 664 3617 ἐκ
710 3562 847 3616 Θεοῦ
896 3563 1068 3629 Λόγος
1114 3563 1335 3628 γέγονεν
1382 3560 1688 3626 ἄνθρωπος.
1729 3558 1851 3611 Κᾶν

290 3657 423 3717 εἴτις
467 3653 637 3715 οὕτως
685 3651 1069 3721 ὁμολογήσειεν
1115 3649 1298 3712 αὑτὸν,
1344 3646 1455 3714 ἔχει
1511 3645 1741 3717 μένοντα
1794 3647 1852 3698 ὲν

291 3744 467 3812 ἑαυτῷ
515 3744 605 3796 τὸν
649 3743 800 3805 Θεὸν,
854 3741 1006 3793 ἔσται
1039 3738 1095 3791 δὲ
1129 3739 1225 3792 καὶ
1269 3739 1431 3800 αὐτὸς
1474 3738 1533 3790 ἐν
1577 3735 1655 3806 τῷ
1695 3735 1849 3806 Θεῷο

294 3834 659 3907 μνησθήσεται
684 3833 790 3902 γὰρ
816 3831 1002 3896 αὐτοῦ,
1032 3830 1294 3897 λογιεῖται
1349 3827 1407 3880 δὲ
1451 3826 1611 3880 αὐτὸν
1656 3827 1855 3878 οἰκεῖον

289 3927 365 3990 ὡς
391 3927 611 3996 μέτοχον
638 3921 821 3977 αὑτοῦ.
854 3923 912 3975 '0
937 3923 993 3975 δέ
1022 3921 1095 3992 μὴ
1123 3918 1424 3991 ὁμολογῶν,
1449 3920 1530 3973 ὅτι
1553 3918 1713 3981 αὐτὸς
1742 3921 1770 3971 6
1792 3920 1856 3971 ἐκ

289 4018 425 4071 Θεοῦ
450 4016 661 4086 Πατρὸς
692 4015 863 4082 Λόγος
904 4012 1111 4083 Ἰησοῦς
1153 4014 1299 4077 ἐστι,
1332 4010 1521 4074 καθεὶς
1548 4009 1738 4063 ἑαυτὸν
1775 4011 1855 4073 είς

291 4107 703 4178 ἁνθρωπότητα,
732 4104 856 4158 οὔτε
888 4102 1019 4157 Θεὸν
1050 4104 1110 4156 ἐν
1154 4101 1334 4172 ἑαυτῷ
1375 4101 1729 4172 πλουτήσειεν
1764 4099 1851 4165 ἂν,

291 4200 415 4252 οὒτε
468 4199 574 4268 μὴν
629 4195 789 4259 αὐτὸς
834 4198 893 4249 ἐν
955 4194 1075 4264 Θεῷ
1115 4194 1288 4261 ἔσται,
1341 4192 1482 4248 κατὰ
1526 4208 1591 4261 γε
1637 4190 1727 4243 τὸν
1754 4190 1856 4261 τῆς

294 4286 668 4359 πνευματικῆς
695 4284 1022 4356 οἰκειότητος
1049 4284 1270 4356 τρόπον.

373 4487 391 4520 ι
419 4469 534 4529 Πᾶς
559 4468 587 4519 6
607 4464 877 4519 πιστεύων
903 4465 985 4518 ὅτι
1029 4463 1237 4534 Ἰησοῦς
1276 4463 1427 4516 ἐστιν
1460 4462 1489 4515 6
1516 4461 1772 4533 Χριστὸς,
1796 4462 1860 4515 ἐκ

1949 3114 2002 3168 in
2038 3128 2103 3168 eo
2150 3124 2351 3179 manet,
2383 3123 2439 3167 et
2473 3114 2589 3181 ipse
2640 3114 2696 3168 in
2746 3114 2854 3167 Deo
2885 3115 2953 3168 ⁸⁷.
2991 3132 3009 3165 ι
3034 3112 3391 3183 {Iuigenitum
3422 3114 3513 3168 Dei

1949 3200 2165 3265 Filium,
2195 3202 2296 3257 hoc
2311 3212 2393 3256 est
2412 3203 2644 3258 Verbum
2668 3205 2811 3273 quod
2829 3204 3146 3259 naturaliter
3168 3221 3234 3259 ex
3259 3205 3367 3259 Deo
3388 3220 3516 3274 pro-

1957 3294 2121 3358 cedit,
2152 3308 2183 3346 a
2232 3292 2344 3348 Deo
2384 3303 2438 3347 et
2470 3292 2632 3348 Patre
2660 3295 2885 3349 missum
2919 3297 3280 3365 agnoscimus.
3305 3294 3412 3366 95
3438 3295 3519 3349 ld-

1952 3385 2125 3453 ipsum
2150 3394 2327 3439 autem
2363 3394 2476 3439 tum
2517 3387 2733 3441 demum
2765 3385 2947 3441 Jcsum
2996 3387 3321 3458 appellatum
3356 3387 3522 3441 fuisse

1955 3490 2350 3539 asseveramus,
2380 3491 2500 3530 cum
2531 3478 2928 3544 dispensatorie
2957 3480 3253 3534 secundum
3301 3494 3522 3533 carnem

1955 3578 2022 3618 ex
2076 3563 2302 3617 muliere
2350 3566 2499 3618 nasci
2549 3567 2891 3633 dedignatum
2922 3584 3026 3622 non
3076 3578 3177 3623 est.
3209 3568 3302 3623 Dei
3336 3571 3520 3639 itaque

1958 3651 2191 3706 Verbum
2238 3652 2398 3705 homo
2437 3652 2633 3705 factum
2662 3664 2766 3707 est.
2797 3655 2861 3708 Et
2894 3655 2939 3710 si
2963 3657 3083 3724 quis
3105 3657 3176 3709 ita
3218 3659 3522 3725 proﬁtetur,

1960 3743 2005 3799 is
2034 3742 2201 3797 Deum
2236 3741 2290 3795 in
2346 3756 2406 3796 se
2455 3751 2762 3796 manentem
2822 3745 3007 3810 habet,
3043 3755 3099 3799 et
3130 3747 3246 3814 ipse
3283 3748 3522 3802 vicissim

1960 3835 2015 3890 in
2044 3834 2153 3887 Deo
2175 3832 2432 3888 manebit.
2462 3831 2857 3888 Recordabitur
2887 3836 3031 3889 enim
3069 3836 3233 3899 illius,
3269 3852 3333 3892 ac
3362 3838 3525 3892 veluti

1961 3925 2217 3981 societate
2235 3924 2467 3993 quadam
2496 3922 2838 3989 coniunctum
2870 3925 3014 3980 inter
3033 3925 3323 3981 familiares
3342 3942 3529 3981 numeo

1961 4016 2123 4071 rabit.
2158 4016 2227 4068 At
2251 4014 2342 4084 qui
2369 4014 2544 4083 ipsum
2585 4013 2678 4069 Dei
2703 4015 2876 4069 Patris
2907 4013 3141 4071 Verbum
3177 4032 3297 4072 esse
3316 4016 3525 4083 Jesum,

1960 4116 2016 4161 et
2046 4106 2098 4160 in
2138 4107 2426 4160 humanam
2478 4115 2724 4158 naturam
2754 4119 2813 4159 se
2844 4105 3130 4162 demisisse
3168 4124 3272 4161 non
3305 4108 3529 4164 conﬁte-

1962 4207 2072 4261 tur,
2105 4197 2194 4250 ille
2227 4210 2400 4265 neque
2435 4194 2602 4250 Deum
2635 4195 2903 4261 obtinere,
2938 4213 3111 4266 neque
3133 4213 3228 4268 per
3270 4200 3528 4268 spiritalis

1964 4287 2347 4342 familiaritatis
2374 4288 2588 4342 modum
2621 4287 2726 4341 ulla
2772 4289 2983 4343 ratione
3005 4289 3059 4343 in
3084 4291 3199 4360 ipso
3224 4292 3528 4348 consistere

1891 4364 1936 4419 D
1961 4377 2180 4448 poterit.

2035 4488 2056 4522 ε
2095 4467 2286 4525 Omnis
2314 4468 2403 4539 qui
2423 4469 2594 4524 credit
2624 4469 2880 4539 quohiam
2931 4468 3090 4526 Jesus
3135 4480 3218 4526 est
3251 4472 3525 4538 Christus,

293 4558 387 4610 τοῦ
421 4556 556 4610 Θεοῦ
591 4557 932 4626 γεγέννηται.
971 4573 990 4607 ›
1025 4553 1231 4607 Οὐκοῦν
1262 4555 1291 4606 6
1321 4553 1396 4625 μὴ
1430 4552 1718 4620 πιστεύων,
1741 4553 1836 4607 ούδῖ

1961 4574 2027 4615 ex
2055 4559 2166 4615 Deo
2192 4554 2352 4615 natus
2386 4570 2473 4616 est
2500 4560 2608 4631 ".t
2645 4560 2747 4627 Qui
2788 4560 2954 4630 igitur
3009 4561 3062 4615 id
3097 4577 3207 4616 non
3238 4564 3431 4628 credit,
3481 4563 3529 4619 is

298 4651 355 4703 ἐν
394 4651 604 4712 τέκνοις
633 4648 768 4701 Θεοῦ
802 4646 1218 4716 καταλογισθείη
1259 4646 1343 4701 ἄν.
1400 4647 1464 4700 Et
1488 4645 1598 4717 γὰρ
1626 4647 1739 4700 ὅσοι
1770 4646 1836 4700 τὸ

1963 4651 2105 4706 inter
2136 4651 2229 4706 Dei
2255 4651 2392 4708 ﬁlios
2419 4651 2605 4708 haberi
2640 4653 2849 4722 nequit.
2906 4653 3039 4709 Nam
3072 4639 3119 4707 Si
3154 4654 3222 4708 iis
3249 4654 3525 4720 omnibus,

300 4740 426 4794 Υἱὸν
458 4740 668 4804 ἔλαϐον,
705 4740 904 4793 ἔδωκεν
928 4739 1111 4801 αὐτοῖς
1136 4737 1384 4802 ἐξουσίαν
1419 4738 1583 4792 τέκνα
1604 4738 1738 4791 Θεοῦ
1768 4755 1864 4806 γε-

1966 4742 2059 4812 qui
2087 4740 2283 4797 Filium
2332 4752 2674 4812 receperunt,
2717 4752 3039 4813 potestatem
3083 4744 3229 4798 dedit
3260 4745 3398 4799 ﬁlios
3438 4744 3529 4800 Dei

301 4831 507 4894 νέσθαι,
535 4832 678 4885 καθά
706 4832 869 4901 φησιν
900 4832 929 4883 6
972 4829 1360 4900 εὐαγγελιστής
1379 4844 1394 4859 °
1426 4830 1474 4883 οί
1513 4829 1587 4900 μὴ
1612 4828 1833 4883 λαϐόντε

1965 4833 2108 4897 ﬁeri,
2140 4847 2197 4890 ut
2238 4835 2568 4906 evangelista
2617 4843 2847 4889 testatur
2874 4835 2954 4900 ";
2985 4850 3320 4905 consequens
3360 4838 3451 4902 sit,
3484 4841 3530 4893 si

303 4923 484 4985 αὑτὸν,
513 4923 619 4975 οὐδ’
650 4922 716 4976 ἂν
744 4924 801 4975 ἐν
854 4922 1066 4985 τέκνοις
1114 4921 1248 4973 Θεοῦ
1291 4921 1736 4992 καταλογισθεῖεν
1777 4923 1865 4989 ἂν,

302 5010 417 5074 τὸν,
450 5011 514 5063 δι’
540 5003 601 5064 οῦ
630 5010 785 5063 τοῦτο
807 5009 1062 5080 ὑπάρχει,
1090 5008 1164 5080 μὴ
1195 5009 1511 5077 ἐγνωκότες.

381 5204 400 5235 ε
442 5184 536 5247 Τίς
569 5184 624 5237 δέ
652 5185 800 5236 ἐστιν
846 5183 875 5235 6
918 5182 1084 5236 νικῶν
1117 5182 1209 5236 τὸν
1242 5182 1478 5254 κόσμον,
1512 5185 1560 5239 εί
1598 5185 1672 5257 μὴ
1709 5189 1737 5240 6
1779 5205 1869 5240 πι-

1969 4926 2060 4995 qui
2086 4924 2238 4980 illum
2268 4942 2376 4981 non
2395 4927 2685 4996 recipiunt,
2719 4941 2813 4981 eos
2838 4926 2982 4981 inter
3014 4925 3106 4980 Dei
3128 4927 3270 4982 ﬁlios
3324 4930 3533 4983 censeri

1970 5032 2075 5071 non
2114 5032 2303 5087 posse;
2339 5019 2514 5087 utqui
2549 5033 2695 5085 eum,
2726 5033 2824 5089 per
2841 5032 3001 5087 quem
3030 5019 3133 5072 hoc
3175 5018 3354 5087 ipsum
3391 5018 3533 5071 liceo

1972 5107 2086 5169 bat,
2114 5122 2219 5161 non
2245 5107 2584 5178 agnoverint.
3558 5116 3559 5119 “

2061 5213 2079 5246 ι
2118 5195 2247 5263 Quis
2278 5205 2360 5251 est
2397 5197 2489 5263 qui
2536 5196 2706 5251 vincit
2757 5196 3038 5260 mundum,
3084 5193 3186 5247 nisi
3223 5192 3313 5261 qui
3365 5193 3536 5247 credit

310 5275 511 5329 στεύων
552 5275 634 5329 ὅτι
672 5274 876 5345 Ἰησοῦς
918 5275 1064 5327 ἐστιν
1106 5275 1135 5326 6
1177 5273 1305 5338 Υἱὸς
1355 5274 1439 5327 τοῦ
1489 5275 1657 5343 Θεοῦ;
1700 5271 1836 5332 Οῦτό

1973 5288 2227 5355 quoniam
2252 5286 2412 5344 Jesus
2437 5294 2520 5344 est
2543 5288 2714 5344 Filius
2737 5286 2864 5340 Dei?
2897 5284 2995 5338 Hic
3019 5294 3101 5339 est
3124 5283 3215 5352 qui
3250 5284 3395 5338 venit
3440 5300 3536 5353 per

308 5365 453 5418 ἐστιν
501 5366 529 5417 6
577 5363 746 5418 ἐλθὼν
774 5364 841 5417 δι’
872 5363 1063 5426 ὓδατος
1105 5364 1199 5417 καὶ
1225 5363 1454 5434 αἵματος
1489 5365 1693 5436 Ἰησοῦς
1728 5369 1868 5440 Χρι-

312 5631 351 5679 ι,
386 5611 471 5665 ιε.

1978 5392 2174 5447 aquam
2204 5389 2259 5434 et
2304 5381 2619 5451 sanguinem
2650 5378 2806 5434 Jcsus
2831 5376 3078 5431 Christus
3113 5393 3127 5430 :
3161 5389 3266 5430 non
3305 5377 3355 5431 in
3397 5394 3535 5447 aqua

380 5540 617 5617 l’_'*_Joan.
656 5556 728 5609 Vl,
777 5540 865 5595 47.
944 5538 1033 5595 "1
1067 5537 1219 5595 Joan.
1250 5554 1333 5604 tu,
1359 5538 1451 5594 9.3.
1527 5540 1619 5594 “l
1654 5540 1804 5598 Joan.

1949 5546 2003 5613 2,
2033 5546 2084 5601 '5.
2163 5549 2204 5580 ⁵⁷
2240 5516 2397 5605 ioan.
2430 5564 2501 5617 tv,
2538 5548 2720 5604 llo-16.
2769 5550 2815 5582 ⁵³
2860 5548 2877 5603 1
2911 5547 3065 5604 Joan.
3091 5563 3145 5613 v,
3179 5548 3228 5603 1.
3307 5548 3351 5580 ⁵⁸
3383 5544 3536 5600 Joan.
