3970 6136
411 266 577 338 ,ιξετ

1452 261 1510 319 S.
1553 260 1817 315 CYBILLI
1859 257 2326 314 ALEXANDBINI
2365 258 2686 316 ARCIIIEP.

3572 252 3712 307 1288

444 382 651 444 solum,
706 378 799 434 sed
859 381 911 433 in
945 392 1081 446 aqua
1116 387 1172 434 et
1204 376 1484 448 sanguine.
1521 378 1590 432 Et
1639 376 1885 447 Spiritus
1931 383 2011 429 est

2139 371 2239 438 πτός
2260 391 2273 404 ο
2311 373 2411 427 οὐκ
2440 376 2496 426 ἐν
2522 373 2600 443 τῷ
2648 371 2800 424 ῦδατι
2839 370 3020 441 μόνον,
3053 369 3168 423 ἀλλ’
3209 369 3266 422 ὲν
3297 366 3376 438 τῷ
3411 366 3572 420 ῦδατι
3617 368 3712 419 καὶ

445 471 537 539 qui
572 468 895 524 testificatur
927 468 1185 536 quoniam
1220 466 1455 534 Spiritus
1479 473 1562 519 est
1597 464 1822 519 veritas.
1871 461 2014 527 Quo-

446 560 593 614 niam
629 567 742 611 tres
775 565 922 619 sunt,
954 555 1048 622 qui
1084 553 1451 608 testimonium
1507 553 1640 605 dant
1674 568 1687 603 :
1750 548 2014 616 Spiritus,

447 665 609 718 aqua,
640 657 696 703 et
717 647 975 714 sanguis;
1005 654 1060 699 et
1095 644 1148 698 hi
1181 653 1290 698 tres
1318 658 1486 697 unum
1527 651 1655 696 sunt
1681 640 1751 697 “.
1780 658 1798 690 ι
1858 637 2016 692 Mun-

448 745 575 795 dum
605 737 992 808 itaquevincit,
1023 737 1118 805 qui
1179 734 1354 789 credit
1412 733 1595 787 .Iesum
1654 746 1772 786 esse
1822 729 2017 783 Filium

451 832 565 887 Dei.
591 830 758 885 Porro
790 837 969 882 autem
992 827 1238 895 quisnam
1275 821 1436 879 Jesus
1464 823 1553 880 ille
1591 824 1684 884 sit,
1709 821 1762 874 id
1795 821 1911 889 ipse
1939 819 2020 872 di-

450 921 688 991 scipulus
715 918 845 974 Jesu
869 915 1136 987 ejusmodi
1166 915 1348 968 verbis
1380 913 1537 967 nobis
1563 911 1820 979 exponit:
1861 907 2021 978 «ipso

449 1021 554 1078 est,
587 1010 782 1078 inquit,
809 1009 900 1076 qui
929 1007 1073 1059 venit
1093 1019 1190 1073 per
1215 1018 1409 1071 aquam
1429 1015 1482 1055 et
1510 1000 1830 1070 sanguinem
1862 996 2021 1052 Jesus

451 1103 725 1158 Christus.
756 1118 774 1150 ι
814 1098 1122 1164 Utrumque
1148 1094 1344 1147 asserit
1389 1093 1440 1145 in
1466 1092 1730 1159 sanguine
1761 1089 2018 1142 nimirum

449 1195 685 1256 venisse,
708 1199 760 1244 et
784 1188 1032 1256 Spiritu;
1063 1194 1118 1240 et
1145 1193 1254 1238 tres
1282 1198 1496 1236 rursum
1529 1197 1693 1234 unum
1718 1195 1861 1234 esse.
1892 1179 2022 1233 Ver—

450 1285 575 1338 bum
607 1284 790 1350 itaque
814 1279 1014 1332 factum
1052 1285 1137 1331 est
1165 1289 1314 1340 caro,
1357 1273 1499 1342 quod
1530 1271 1735 1340 Spiritu
1773 1285 1870 1324 nos
1899 1284 2024 1323 san-

455 1375 674 1438 ctiﬁcat,
734 1380 787 1425 ct
822 1368 1087 1438 sanguine
1127 1381 1234 1421 nos
1287 1366 1491 1434 expiat,
1553 1372 1606 1416 et
1655 1376 1792 1431 aqua
1825 1360 2023 1414 munda

452 1478 551 1518 nos
576 1461 762 1516 abluit.
811 1459 962 1515 Unus
999 1467 1180 1511 tamen
1205 1456 1430 1510 omnino
1484 1462 1568 1509 est
1619 1453 1807 1514 Filius,
1870 1450 2025 1520 cujus

455 1554 717 1623 Spiritum
750 1561 803 1606 et
830 1565 1051 1618 aquam,
1097 1557 1152 1601 et
1180 1545 1499 1615 sanguinem
1531 1557 1651 1598 esse
1687 1542 1947 1597 dicimus.

529 1663 546 1695 ι
579 1643 634 1699 Si
669 1641 1040 1697 testimonium
1090 1639 1370 1692 hominum
1415 1635 1733 1705 accipimus,
1786 1633 2028 1686 testimo-

2119 467 2331 535 αἵματι.
2373 465 2485 518 Καὶ
2530 464 2591 516 τὸ
2635 461 2863 531 Πνεῦμὰ
2891 463 3008 513 ἐστι
3040 460 3103 513 τὸ
3142 458 3465 530 μαρτυροῦν
3529 458 3618 510 ὅτι
3657 458 3716 509 τὸ

2109 555 2345 623 ’Πνεῦμά
2381 557 2527 607 ἐστιν
2561 552 2824 623 ἀλήθειαο
2875 552 2957 604 ὅτι
3003 553 3156 622 τρεῖς
3207 548 3600 621 μαρτυροῦσιο
3658 550 3716 600 τὸ

2120 645 2363 716 Πνεῦμα,
2405 647 2502 699 καὶ
2527 645 2588 698 τὸ
2614 643 2781 713 ὕδωρ,
2812 643 2908 695 καὶ
2942 641 3004 694 τὸ
3049 636 3218 710 αἷμα·
3258 641 3352 693 καὶ
3378 641 3428 692 οἱ
3460 642 3622 710 τρεῖς
3662 640 3718 693 ’ἐν

2121 737 2249 788 εἰσι.
2292 754 2310 786 ι
2352 737 2499 806 Νικᾷ
2537 736 2634 805 μὲν
2660 735 2753 788 τὸν
2785 733 2990 801 κόσμον
3019 734 3048 784 6
3079 729 3351 784 πιστεύων
3376 732 3462 783 ὅτι
3500 729 3718 799 Ἰησοῦς

2121 825 2268 879 ἐστιν
2313 827 2342 878 6
2397 825 2526 888 Tib;
2567 823 2658 877 τοῦ
2693 823 2849 877 Θεοῦ,
2889 823 2988 884 Τίς
3019 821 3076 873 δέ
3106 822 3251 873 ἐστιν
3288 818 3523 889 Ἰησοῦς,
3555 820 3719 880 αὐτὸς

2122 918 2254 987 ἡμῖν
2290 917 2320 970 6
2359 915 2534 987 Ἰησοῦ
2587 915 2838 988 μαθητὴς
2887 913 3167 982 διατρανοῖ
3212 911 3421 979 λέγων·
3487 930 3506 962 ι
3545 906 3718 971 06:6;

2125 1007 2274 1058 ἐστιν
2304 1007 2331 1058 6
2359 1004 2530 1058 ἐλθὼν
2577 1005 2644 1057 δι’
2692 1003 2885 1066 ὓδατος
2918 1002 3011 1055 καὶ
3057 1002 3287 1071 αἵματος
3330 1000 3542 1068 Ἰησοῦς
3587 1001 3720 1071 Χρι-

2127 1096 2271 1157 στός.
2309 1115 2326 1146 ι
2368 1096 2527 1148 Ἀλλὰ
2554 1095 2647 1149 καὶ
2672 1097 2730 1147 ὲν
2763 1093 2955 1164 αἵματί
2985 1108 3140 1162 φησι,
3188 1091 3280 1142 καὶ
3304 1092 3363 1142 ὲν
3394 1089 3714 1158 Πνεῦματιο

2124 1187 2219 1239 καὶ
2249 1188 2376 1249 τοὺς
2402 1189 2549 1256 τρεῖς
2594 1186 2651 1239 ἓν
2702 1180 2842 1239 εἷναί
2885 1199 3069 1253 φησιν.
3126 1180 3334 1234 Οὐκοῦν
3379 1181 3584 1249 γέγονε
3624 1182 3717 1250 μὲν

2128 1278 2266 1348 σὰρξ
2295 1281 2323 1332 6
2361 1279 2532 1346 Λόγος
2557 1319 2572 1344 ,
2619 1279 2838 1346 ἁγιάζει
2868 1278 2922 1330 δὲ
2957 1277 3104 1347 ἡμᾶς
3148 1275 3228 1344 τῷ
3263 1273 3551 1344 Πνεῦματι
3574 1316 3590 1339 ,
3627 1275 3716 1326 καὶ

2126 1370 2414 1440 καθαρίζει
2459 1370 2537 1440 τῷ
2591 1371 2828 1440 αἵματι,
2900 1369 2996 1420 καὶ
3048 1365 3303 1419 ἀπολούει
3353 1366 3524 1420 πάλιν
3571 1365 3715 1418 nam

2127 1464 2378 1534 καθαρῷ.
2412 1461 2506 1528 Εἷς
2535 1465 2590 1517 δὲ
2619 1465 2683 1535 δὴ
2711 1463 2928 1525 πάντως
2964 1465 2992 1515 6
3020 1462 3147 1523 Υἱὸς
3171 1503 3186 1526 ,
3219 1456 3278 1514 οῦ
3312 1462 3411 1514 καὶ
3439 1456 3587 1514 εἷναί
3624 1479 3716 1528 ςα-

2132 1573 2230 1625 μεν
2262 1556 2320 1608 τὸ
2351 1555 2596 1626 Πνεῦμα,
2631 1557 2726 1608 καὶ⁹
2761 1555 2823 1608 τὸ
2855 1554 3020 1625 ὕδωρ,
3048 1554 3141 1606 καὶ
3169 1554 3228 1605 τὸ
3261 1549 3422 1622 αἷμα.

2205 1665 2224 1696 ί
2263 1647 2326 1699 Et
2351 1649 2448 1718 τὴν
2482 1646 2793 1718 μαρτυρίαν
2833 1646 2944 1698 τῶν
2980 1645 3286 1715 ἀνθρώπων
3329 1645 3714 1715 λαμϐάνομν,

455 1735 600 1787 nium
640 1733 732 1787 Dei
762 1731 936 1800 majus
963 1738 1047 1784 est
1074 1749 1086 1782 :
1119 1727 1372 1797 quoniam
1411 1726 1512 1778 hoc
1543 1733 1626 1777 est
1653 1723 2022 1777 testimonium

2139 1738 2162 1807 ἡ
2193 1738 2468 1809 μαρτυρία
2499 1738 2594 1791 τοῦ
2625 1738 2761 1791 Θεοῦ
2808 1738 3009 1808 μείζων
3042 1738 3191 1789 ἐστίν
3212 1753 3225 1768 ·
3255 1739 3336 1789 ὅτι
3377 1737 3526 1807 αῦτη
3577 1740 3716 1791 ἐστὶν

458 1826 570 1888 Dei,
600 1822 742 1892 quod
773 1820 949 1890 majus
987 1826 1090 1881 est,
1137 1815 1393 1886 quoniam
1460 1813 1778 1866 testificatus
1827 1817 1911 1864 est
1965 1810 2031 1864 de

457 1913 594 1968 Filio
625 1925 742 1967 suo.
777 1909 879 1975 Qui
908 1907 1079 1961 credit
1103 1907 1154 1959 in
1201 1903 1398 1958 Filium
1434 1899 1550 1966 Dei,
1581 1899 1744 1954 habet
1789 1898 2031 1952 testimo-

457 2006 606 2059 nium
635 2005 729 2057 Dei
766 2003 818 2056 in
859 2016 939 2058 se.
982 1999 1082 2065 Qui
1134 2011 1238 2051 non
1275 1994 1448 2051 credit
1499 1991 1656 2058 Filio,
1708 1992 2027 2045 mendacem

465 2095 598 2150 facit
629 2109 773 2160 eum,
803 2092 930 2162 quia
966 2105 1072 2144 non
1121 2087 1295 2143 credit
1347 2087 1399 2140 in
1453 2083 1844 2146 testimonium,
1886 2081 2031 2152 quod

459 2189 598 2241 Deus
632 2187 962 2240 testiﬁcatus
989 2189 1069 2234 est
1091 2179 1155 2232 de
1175 2177 1313 2232 Filio
1336 2191 1434 2230 suo
1451 2176 1518 2229 “.
1546 2193 1564 2226 ι
1611 2173 1675 2228 Ει
1700 2173 1931 2242 Spiritu,
1965 2181 2020 2227 et

461 2293 592 2333 voce
625 2277 784 2331 Pater
816 2273 954 2328 Filio
991 2272 1103 2342 96
1137 2267 1516 2323 testimonium
1563 2265 1856 2334 perhibuit.
1896 2261 2032 2317 Nam

454 2385 644 2426 verum
672 2369 816 2422 illum
845 2367 960 2436 ejus
983 2379 1103 2418 esse
1127 2360 1348 2424 Filium,
1413 2361 1517 2413 hoc
1580 2359 1699 2428 ipso
1763 2364 2026 2411 testatum

457 2464 618 2521 nobis
651 2461 742 2525 sit,
770 2457 916 2526 quod
945 2456 1210 2525 Spiritum
1264 2460 1510 2521 sanctum
1544 2448 2033 2518 perficiendorum-

457 2571 562 2623 que
593 2549 980 2607 miraculorum
1013 2547 1120 2598 vim
1145 2545 1351 2598 sanctis
1391 2543 1505 2610 ipse
1536 2539 1781 2607 dilargiri
1833 2537 2027 2606 potuit.

462 2649 640 2713 Atque
671 2642 776 2694 huc
802 2639 988 2706 utique
1022 2635 1295 2700 tendebat,
1325 2631 1563 2701 quando,
1598 2649 1616 2681 ‹
1651 2628 1743 2683 Ille
1763 2643 1846 2681 me
1875 2627 2034 2681 clari-

461 2733 646 2788 ticabit
674 2731 743 2796 θ’,
783 2747 801 2782 ›
869 2728 1068 2782 aiebat.
1092 2724 1213 2779 Alio
1243 2721 1631 2793 quoquemodo
1665 2718 2031 2774 testimonium

459 2827 636 2882 eidem
675 2821 970 2892 perhibuit.
1007 2818 1064 2872 Si
1095 2817 1311 2886 quidem
1357 2816 1409 2868 in
1460 2813 1696 2869 Jordanc
1764 2810 2033 2879 ejusmodi

458 2917 634 2987 elogio
666 2915 816 2969 illum
850 2909 1201 2968 clariﬁcavit:
1240 2926 1258 2958 ‹
1295 2905 1414 2972 llic,
1450 2906 1547 2970 ait,
1577 2913 1667 2959 est
1687 2903 1853 2957 Filius
1875 2917 2030 2956 meus

463 3008 716 3070 dilectus,
747 3007 800 3058 in
837 3016 944 3072 quo
974 3000 1108 3054 mihi
1139 2999 1277 3053 bene
1300 2996 1600 3065 complacui
1626 2995 1694 3048 ⁸³.
1729 3012 1749 3046 ι
1791 2993 2033 3060 Quicun-

2131 1831 2166 1900 ἡ
2216 1832 2489 1901 μαρτυρία
2529 1831 2624 1884 τοῦ
2659 1829 2819 1894 Θεοῦ,
2872 1830 2954 1883 ὅτι
2999 1828 3400 1899 μεμαρτύρηκε
3444 1832 3583 1898 περὶ
3630 1831 3715 1883 τοῦ

2132 1921 2263 1975 Υίοῦ
2317 1921 2503 1975 αὐτοῦ.
2555 1921 2613 1976 '0
2651 1921 2922 1975 πιστεύων
2965 1922 3047 1984 είς
3091 1920 3184 1973 τὸν
3228 1920 3357 1972 Υἱὸν
3401 1920 3500 1973 τοῦ
3559 1922 3713 1987 Θεοῦ,

2131 2011 2246 2081 ἔχει
2285 2012 2382 2083 τὴν
2434 2012 2739 2083 μαρτυρίαν
2780 2015 2838 2065 ὲν
2869 2013 3067 2084 ἐαυτῷ.
3107 2011 3166 2066 '0
3205 2012 3281 2083 μὴ
3331 2013 3612 2066 πιστεύων
3643 2015 3716 2083 τῷ

2131 2101 2271 2173 Θεῷ,
2301 2102 2544 2173 ψεύστην
2594 2104 2890 2172 πεποίηκεν
2922 2103 3104 2168 αὐτὸν,
3135 2104 3215 2157 ὃτι
3252 2103 3356 2156 οῦκ
3395 2105 3716 2157 ἐπίστευσεν

2131 2193 2211 2255 εἰς
2253 2193 2353 2263 τὴν
2411 2194 2739 2265 μαρτυρίαν,
2774 2194 2841 2264 ἦν
2880 2193 3234 2265 ἐμαρτύρησε
3268 2195 3399 2264 περὶ
3445 2196 3544 2248 τοῦ
3585 2197 3715 2249 Tia?-

2132 2283 2320 2337 αὐτοῦ.
2363 2303 2382 2336 ο
2427 2286 2872 2357 Μεμαρτύρηκεν
2919 2288 2948 2340 6
2982 2286 3172 2358 Πατὴρ
3203 2286 3282 2357 τῷ
3317 2286 3434 2357 Υἱῷ
3484 2289 3578 2340 διὰ
3627 2289 3713 2341 τοῦ

2133 2375 2488 2446 Πνεύματος,
2533 2378 2628 2431 καὶ
2667 2378 2759 2431 διὰ
2808 2379 3022 2448 φωνῆς·
3069 2379 3152 2432 ὅτι
3196 2380 3308 2449 γάρ
3351 2380 3508 2431 ἐστιν
3560 2379 3713 2433 αὐτοῦ

2132 2465 2273 2520 κατὰ
2332 2467 2608 2538 ἀλήθειαν,
2668 2471 3068 2541 μαρτυρήσειεν
3119 2470 3184 2524 ἂν
3230 2471 3294 2522 τὸ
3326 2475 3597 2542 χορηγεῖν
3630 2473 3713 2524 δύ-

2133 2557 2326 2612 νασθαι
2369 2561 2482 2623 τοῖς
2512 2559 2690 2628 ἁγίοις
2722 2560 2782 2613 τὸ
2826 2559 3051 2628 Πνεῦμα
3092 2561 3274 2627 αὑτὸν,
3323 2564 3419 2615 καὶ
3450 2563 3524 2615 δι’
3559 2565 3712 2616 αὑτοῦ

2133 2646 2393 2717 δυνάμεις
2422 2649 2690 2720 ἐνεργεῖν.
2726 2650 2836 2703 Καὶ
2865 2649 2996 2718 γοῦν
3026 2650 3285 2719 ἔφασκεν,
3317 2652 3406 2704 ὅτι
3439 2672 3457 2703 ι
3483 2653 3715 2716 Ἐκεῖνος

2136 2739 2514 2809 ἐμὲοδοξάσει.
2565 2760 2585 2793 ι
2641 2742 3054 2814 Μεμαρτύρηκε
3106 2743 3165 2796 δὲ
3213 2743 3312 2797 καὶ
3365 2745 3494 2797 καθ’
3538 2747 3713 2814 iterm

2133 2829 2336 2900 τρόπον
2359 2846 2372 2859 ·
2404 2831 2623 2897 ὲδόξασε
2643 2839 2667 2867 ³
2705 2832 2814 2902 γὰρ
2842 2833 3008 2886 αὑτὸν
3039 2835 3095 2886 ἐν
3125 2833 3204 2904 τῷ
3233 2833 3487 2905 Ἰορδάνῃ
3528 2835 3712 2903 λέγων·

2143 2939 2162 2972 ι
2197 2916 2364 2984 Οὗτός
2400 2923 2548 2976 ἐστιν
2583 2925 2611 2976 6
2658 2923 2788 2986 Υἱός
2835 2941 2939 2994 μου
2981 2927 3010 2977 ὀ
3045 2925 3358 2996 ἀγαπητὸς,
3403 2928 3461 2979 ὲν
3495 2920 3544 2993 ᾧ
3574 2927 3715 2996 ηὐδό-

2138 3031 2306 3085 κησα.
2334 3034 2351 3066 ι
2376 3017 2530 3068 Ὅσοι
2562 3015 2741 3069 τοίνυν
2782 3015 3229 3087 ἀποδιαιροῦντές
3253 3033 3425 3084 φασιν
3457 3020 3562 3070 οῦκ
3588 3015 3714 3072 εἶναι

460 3113 565 3168 que
595 3098 758 3166 igitur
791 3093 1058 3148 divisione
1085 3089 1308 3144 inducta
1347 3102 1490 3153 eum,
1543 3087 1636 3154 qui
1673 3099 1737 3138 ex
1797 3085 2030 3139 muliere

2144 3065 2267 3159 Υίὸν
2298 3105 2546 3176 ἀληθινὸν
2578 3106 2669 3160 τὸν
2695 3109 2758 3160 ὲκ
2784 3065 3065 3176 γυναικδε,

467 3197 626 3244 natus
661 3196 763 3252 est,
798 3198 986 3237 verum
1021 3181 1112 3235 Dei
1147 3179 1344 3233 Filium
1375 3191 1502 3232 esse
1525 3185 1747 3246 negant,
1780 3175 1902 3228 Filii
1941 3190 2037 3228 au-

467 3291 572 3334 tem
609 3290 801 3332 nomen
833 3273 931 3327 soli
957 3272 1208 3338 nudoque
1259 3269 1354 3322 Dei
1409 3267 1587 3321 Verbo
1643 3267 1964 3336 assignant;
1999 3264 2037 3318 ii

467 3370 679 3423 Patrem
707 3366 1021 3420 mendacem
1053 3363 1277 3425 faciunt,
1331 3369 1393 3413 ut
1447 3358 1536 3426 qui
1568 3356 1807 3412 Verbum
1852 3357 2038 3410 incar—

465 3470 650 3516 natum
683 3459 963 3514 evidenter
990 3454 1292 3510 ostenderit
1317 3451 1370 3505 in
1401 3449 1638 3504 Jordane
1668 3468 1682 3504 :
1713 3451 1842 3517 Equo
1873 3447 2035 3502 etiam

466 3563 707 3620 tempore
735 3548 968 3618 Spiritus
990 3557 1044 3601 et
1068 3546 1209 3614 quod
1243 3544 1383 3598 Deus
1412 3554 1583 3608 esset,
1618 3551 1673 3596 et
1713 3541 1856 3611 quod
1878 3552 2039 3594 verus

463 3645 635 3702 Filius
657 3651 822 3710 esset,
859 3641 1068 3696 diserte
1099 3646 1325 3693 testatus
1347 3621 1450 3692 est:

923 3755 1075 3823 Quod
1099 3753 1337 3808 Christus
1363 3753 1431 3805 sit
1451 3751 1574 3813 vita.

676 3874 761 3929 Ea:
811 3870 1096 3942 Evangelia
1134 3867 1424 3923 secundum
1450 3945 1456 3952 ί
1483 3864 1816 3917 Matt/unum.

534 3990 614 4046 De
655 3982 1071 4056 arcbisynagogi
1136 3981 1244 4035 lilia
1309 3977 1572 4045 scriptum
1638 3983 1832 4038 exsmt,
1893 3978 2036 4044 quod

472 4103 492 4136 ι
529 4097 650 4138 cum
681 4079 850 4146 ejecta
882 4085 1027 4131 esset
1060 4075 1239 4138 turba,
1274 4070 1501 4125 intravit
1524 4067 1703 4131 Jesus,
1741 4077 1797 4122 et
1857 4067 2034 4121 tenuit

467 4186 683 4228 manum
715 4168 854 4236 eius,
887 4175 942 4221 et
978 4163 1216 4220 surrexit
1259 4159 1435 4230 puella
1466 4158 1530 4214 “.
1568 4176 1586 4210 ›
1645 4158 1755 4213 Cur
1780 4200 1794 4224 ,
1828 4173 2034 4226 quaeso,

465 4265 593 4319 dum
635 4260 827 4332 puella:
849 4258 1015 4312 vitam
1049 4253 1308 4319 restituit,
1339 4266 1444 4306 non
1469 4250 1570 4304 fuit
1595 4258 1882 4304 contentus
1913 4263 2038 4303 ver-

2140 3197 2386 3268 υίότητος
2417 3198 2586 3268 ὄνομα
2625 3200 2716 3251 ἐπὶ
2762 3199 2966 3269 γυμνὸν
3015 3200 3109 3253 καὶ
3141 3200 3304 3269 μόνον
3333 3201 3429 3252 τὸν
3477 3205 3546 3255 ἐκ
3593 3203 3715 3256 Θεςῦ

2138 3288 2320 3355 Λόγον
2345 3330 2359 3354 ,
2396 3288 2636 3360 ψεύστην
2683 3291 2896 3344 ποιοῦσι
2929 3291 3022 3345 τὸν
3067 3291 3321 3361 Πατέρα·
3366 3293 3716 3363 σαρκωθέντι

2139 3376 2247 3445 γὰρ
2285 3377 2375 3428 τὸν
2430 3377 2600 3445 Λόγον
2631 3377 2916 3442 ἀπέδειξεν
2945 3379 3004 3430 ὲν
3036 3377 3114 3448 τῷ
3152 3378 3398 3450 Ἰορδάνῃ
3418 3417 3433 3440 ,
3465 3379 3565 3429 καὶ
3609 3379 3716 3429 τότε

2143 3465 2537 3537 μεμαρτύρηκε
2580 3467 2641 3520 τὸ
2687 3467 2914 3538 Πνεῦμα
2946 3467 3114 3539 αὐτῷ,
3176 3469 3257 3522 ὅτι
3289 3468 3386 3521 καὶ
3419 3468 3560 3532 Θεὸς
3590 3469 3713 3532 ἐστι,

2139 3556 2234 3609 καὶ
2265 3557 2393 3620 Υἱὸς
2416 3557 2654 3628 ἀληθῶς.

2601 3764 2721 3815 Ὅτι
2758 3761 2868 3830 ζωὴ
2913 3763 2947 3815 ό
2986 3763 3259 3830 Χριστός.

2350 3873 2445 3928 Ἐκ
2475 3871 2581 3927 τοῦ
2604 3874 2754 3927 κατὰ
2778 3873 3082 3928 Ματθαῖον
3112 3875 3535 3945 Εὐαγγελιόυ.

2224 3983 2346 4037 Ἐπὶ
2374 3988 2438 4056 τῇ
2484 3985 2712 4057 θυγατρὶ
2757 3986 2854 4039 τοῦ
2892 3985 3346 4057 ἀρχισυναγώγου
3377 3987 3714 4058 γέγραπται,

2138 4075 2220 4127 ὅτι
2260 4095 2278 4126 ι
2313 4076 2441 4128 Ὅτε
2495 4076 2758 4148 ἐξεϐλήθη
2807 4079 2836 4131 6
2878 4078 3036 4148 ὄχλος
3066 4117 3080 4141 ,
3119 4077 3378 4131 εἰσελθὼν
3440 4080 3470 4131 6
3526 4079 3720 4149 Ἰησοῦς

2139 4169 2411 4239 ἐκράτησε
2444 4170 2542 4240 τῆς
2571 4170 2754 4241 χειρὸς
2803 4171 2973 4240 αὐτῆς
2995 4210 3011 4234 ,
3050 4169 3145 4222 καὶ
3176 4170 3386 4240 ἠγέρθη
3444 4172 3509 4224 τὸ
3563 4173 3720 4242 κορά·

2141 4276 2274 4312 σιον.
2312 4279 2330 4311 ι
2365 4259 2464 4312 Διὰ
2498 4260 2550 4312 τί
2581 4261 2655 4332 μὴ
2685 4260 2886 4330 μᾶλλον
2913 4261 2990 4324 ὡς
3021 4261 3116 4313 ἐπὶ
3146 4260 3242 4314 τοῦ
3272 4261 3542 4332 Λαζάρου
3575 4265 3724 4334 ἠρκέ-

464 4357 558 4420 bo,
585 4364 644 4408 ut
666 4357 717 4406 in
743 4350 938 4405 Lazari
964 4345 1409 4408 exsuscitatione;
1446 4343 1540 4398 sed
1570 4357 1785 4396 manum
1812 4350 2030 4410 praeter-

2147 4349 2246 4420 σθη
2295 4350 2438 4420 λόγῳ
2486 4351 2622 4422 πρὸς
2651 4353 2750 4421 τὴν
2778 4353 3074 4407 ἀνάστασιν
3103 4352 3196 4406 τοῦ
3236 4355 3530 4424 κορασίου,
3567 4356 3722 4425 ἐκρα-

465 4459 528 4499 ea
589 4444 733 4498 illius
774 4436 1166 4510 apprehendit?
1213 4448 1412 4502 nempe
1455 4442 1514 4487 ut
1557 4435 1870 4487 ostenderet
1915 4447 2040 4486 cor-

464 4550 565 4604 pus
602 4550 760 4591 suum
817 4532 1062 4586 vivilium
1123 4541 1277 4583 esse:
1349 4534 1439 4580 est
1486 4523 1631 4578 enim
1660 4539 1858 4593 corpus
1888 4525 2036 4578 vitae.

465 4627 828 4692 Quamobrem
883 4622 1014 4676 unio
1049 4619 1207 4674 Verbi
1272 4632 1397 4672 cum
1456 4631 1620 4671 carne
1678 4615 1942 4671 naturalis
1987 4624 2042 4672 et

466 4731 594 4771 vera
626 4723 732 4780 est,
768 4730 876 4769 non
903 4711 1204 4768 secundum
1246 4709 1420 4765 solam
1456 4722 1814 4778 personarum
1845 4707 2040 4763 coitio-

467 4820 612 4867 nem,
645 4803 728 4857 νει
763 4802 963 4856 nudam
999 4800 1165 4855 fausti
1199 4797 1438 4853 nominis
1485 4795 1921 4862 attributionem,
1947 4807 2042 4850 aut

467 4895 804 4951 voluntatum
857 4893 1225 4954 concordiam,
1296 4889 1410 4944 sive
1456 4889 1758 4958 simplicem
1813 4889 2044 4958 conjun-

467 4992 726 5051 ctionem,
751 4994 808 5039 ut
828 4983 1043 5054 quidam
1081 4981 1330 5051 imperite
1361 4989 1653 5052 nugantur.

765 5098 850 5154 Ea:
894 5096 1180 5168 Evangelia
1204 5094 1488 5149 secundum
1511 5093 1790 5150 Joannem.

545 5211 564 5245 ‹
598 5190 912 5263 Operamini
941 5205 1051 5244 non
1077 5187 1257 5244 cibum
1295 5186 1384 5256 qui
1419 5187 1580 5257 perit,
1614 5190 1706 5242 sed
1739 5188 1828 5258 qui
1863 5196 2041 5243 manet
2119 5224 2123 5230 -

2146 4458 2277 4510 τησε
2305 4441 2363 4494 δὲ
2396 4442 2487 4494 καὶ
2517 4443 2615 4512 τῆς
2647 4443 2827 4513 χειρὸς
2868 4444 3075 4514 αὐτῆς;
3107 4443 3222 4498 Ἵνα
3265 4443 3417 4514 δείξῃ
3464 4443 3722 4506 ζωοποιὸν

2147 4534 2207 4586 τὸ
2240 4532 2401 4587 αὐτοῦ
2439 4535 2634 4604 σῶμα·
2672 4535 2832 4606 σῶμα
2866 4536 2976 4607 γάρ
3015 4537 3134 4589 ἐστι
3166 4535 3334 4605 ζωῆς.
3379 4534 3601 4588 Οὐκοῦν
3639 4553 3724 4602 φῦ·

2150 4627 2276 4696 σικὴ
2313 4626 2511 4696 μᾶλλον
2536 4627 2630 4680 καὶ
2659 4627 2864 4698 ἀληθὴς
2895 4631 2926 4697 ἡ
2959 4628 3154 4692 ’ἐνωσις
3179 4630 3214 4698 ἡ
3246 4627 3384 4696 πρὸς
3412 4627 3514 4698 τὴν
3554 4629 3722 4697 σάρκα

2149 4715 2240 4770 τοῦ
2271 4717 2470 4787 Λόγου,
2496 4719 2591 4772 καὶ
2621 4719 2706 4784 οὐ,
2741 4719 2883 4773 καθά
2908 4738 3072 4789 φασιν
3104 4720 3164 4784 ἐξ
3192 4719 3436 4790 ἀμαθίας
3462 4719 3635 4782 τινὲς,
3658 4719 3722 4779 ὡς

2150 4807 2207 4860 ἐν
2250 4808 2430 4877 μόνοις
2459 4809 2770 4879 πέπρακται
2806 4809 3144 4878 προσώποις,
3177 4808 3209 4878 ἢ
3252 4807 3410 4860 κατὰ·
3436 4807 3606 4877 ψιλὴν
3638 4806 3718 4857 εὖ-

2151 4901 2360 4970 φημίαν
2395 4902 2489 4954 καὶ
2521 4900 2758 4971 θέλησιν,
2793 4901 2913 4970 ἦτοι
2939 4902 3236 4970 συνάφειαν
3272 4900 3484 4964 ἁπλῶς.

2361 5101 2455 5153 Ἐκ
2487 5100 2594 5154 τοῦ
2624 5101 2772 5156 κατὰ
2815 5101 3102 5170 Ἰωάννην
3128 5101 3525 5170 Εὐαγτελίου.

2230 5207 2248 5239 ‹
2295 5191 2644 5262 Ἐργάζεσθε,
2677 5194 2832 5267 φησὶ,
2874 5194 2948 5265 μὴ
2976 5194 3075 5264 τὴν
3119 5194 3322 5266 βρῶσιν
3353 5193 3452 5265 τὴν
3487 5188 3720 5248 ἀπολλυ-

538 5340 628 5397 ⁹⁹1
655 5343 814 5403 Joan.
839 5359 893 5410 v,
918 5342 1038 5400 5-7.
1113 5343 1153 5377 ⁸⁸
1182 5342 1312 5400 ibid.
1338 5357 1415 5411 lx,
1442 5341 1529 5396 10.
1608 5342 1651 5373 ⁸⁸
1677 5337 1836 5395 Joan.
1869 5356 1975 5408 xvr,
2016 5341 2030 5394 l

2181 5341 2224 5374 ⁸³
2258 5343 2446 5400 Matth.
2478 5362 2558 5413 Ill,
2598 5348 2684 5402 i7.
2761 5348 2806 5382 “
2837 5348 3026 5406 Matth.
3058 5363 3136 5416 rx,
3163 5347 3257 5405 25.

1524 5497 1698 5553 Vatiae
1722 5497 1978 5554 lectiones
2013 5497 2213 5557 codicis
2239 5497 2594 5569 Seguieriani.

547 5646 568 5675 ι
604 5633 821 5699 ἔδειξεν.
