3970 6136
269 273 404 331 Ιξξὸθ

1353 272 1442 328 DE
1481 268 1709 329 RECTA
1750 270 1905 328 FIDE
1943 271 2036 326 AD
2073 268 2389 326 REGlNAS.

3375 265 3513 322 1290

267 385 455 458 μένην,
502 384 637 440 ἀλλὰ
684 385 783 456 τὴν
841 384 1043 456 βρῶσιν
1096 384 1195 456 τὴν
1250 385 1518 455 μένουσαν
1562 385 1642 449 είς
1687 384 1831 456 ζωὴν

1964 401 1998 444 η,
2024 385 2189 440 vitam
2209 392 2489 445 aeternam,
2521 396 2680 451 quem
2723 379 2890 433 Filius
2924 376 3164 433 hominis
3216 377 3383 431 dabit.
3417 393 3512 431 vu-

263 475 499 541 αίώνιον,
529 477 592 546 ἢν
619 477 646 527 6
673 475 794 539 Υἱὸς
825 474 919 527 τοῦ
948 472 1236 545 ἀνθρώπου
1269 474 1399 545 ὑμῖν
1428 474 1624 527 δώσει’
1644 474 1838 528 τοῦτον

227 613 230 616 .
265 565 375 636 γὰρ
402 568 430 619 6
455 566 644 636 Πατὴρ
675 564 1005 634 ἐσφράγισεν
1033 565 1062 615 ὁ
1088 563 1241 626 Θεός.
1275 582 1294 614 ι
1330 562 1543 633 Βρῶσιν
1579 564 1717 632 ἡμῖν
1752 560 1841 614 δέ·

264 654 436 707 δωκεν
475 657 503 709 6
554 655 674 717 Υἱὸς
703 654 796 707 τοῦ
827 653 1116 725 ἀνθρώπου
1142 654 1243 725 τὴν
1276 653 1550 722 μένουσαν
1585 654 1665 718 είς
1696 652 1841 725 ζωὴν

266 744 522 805 αίώνιον.
557 744 797 815 δηλονότι
841 744 940 816 τὴν
980 745 1161 815 σάρκα
1202 743 1391 801 αὐτοῦ.
1436 744 1532 796 καὶ
1571 742 1681 812 γάρ
1726 745 1869 795 ἐστι.

269 832 549 898 ζωοποιός.
582 830 715 888 Εἶτα
746 834 867 898 πῶς
905 834 968 887 οὐ
1014 833 1146 896 Θεὸς
1176 835 1203 886 6
1235 833 1518 897 ζωοποιεῖν
1544 831 1842 903 δυνάμενος

267 926 361 979 καὶ
392 925 478 978 διὰ
511 927 608 994 τῆς
637 925 774 990 ίδίας
801 925 1033 996 σαρκὸς,
1064 924 1257 987 ὲοικώς
1285 943 1344 979 τε
1372 926 1510 977 κατᾶ
1554 925 1735 978 πάντα
1762 923 1842 994 τῷ

266 1014 386 1086 Θεῷ
408 1017 501 1069 καὶ
530 1017 703 1087 Πατρί
726 1034 742 1084 ;
787 1017 959 1070 Τοῦτο
986 1016 1095 1088 γὰρ
1127 1012 1244 1069 οἶδα
1268 1016 1462 1087 δηλοῦν
1491 1017 1552 1069 τὸ
1579 1018 1844 1086 ἐσφραγί-

272 1105 393 1161 σθαι
421 1103 597 1175 λέγειν
638 1108 800 1161 αὑτὸν
829 1107 980 1175 παρὰ
1015 1106 1106 1159 τοῦ
1132 1106 1287 1159 Θεοῦ·
1320 1106 1413 1159 τοῦ
1442 1106 1845 1177 ἐσφραγῒσθαι

270 1194 625 1266 σημαίνοντος
652 1196 713 1248 τὸ
736 1197 981 1268 ἀκριόῶς
1007 1196 1267 1267 ἐμφερές.
1297 1197 1468 1250 ’Ώσπε
1479 1216 1510 1268 ρ
1540 1198 1648 1269 γὰρ
1669 1200 1718 1251 εἰ
1740 1215 1845 1268 κη-

275 1284 352 1356 ρῷ
383 1303 466 1349 τις
497 1286 732 1357 ἐμπήξει
776 1287 1046 1358 σφραγῖδα
1075 1287 1306 1359 χρυσῆν,
1340 1288 1529 1358 ἦγοῦν
1554 1288 1615 1353 ἐξ
1648 1289 1845 1360 ἐτέρας

273 1374 412 1446 ῦλης
449 1379 852 1447 πεποιημένην,
879 1377 1008 1449 ὅλην
1056 1377 1115 1443 ἐξ
1143 1378 1265 1433 ὅλου
1310 1382 1410 1449 τὴν
1447 1379 1646 1448 ἑαυτῆς
1673 1379 1848 1450 ἐμφέ-

158 1513 160 1515 .
266 1482 427 1538 κρειαν
475 1469 893 1538 ἐνσημαίνει-δαν
939 1469 1081 1522 οὕτω
1128 1469 1223 1522 καὶ
1267 1472 1296 1523 6
1343 1469 1477 1535 Θεὸς
1524 1472 1619 1523 καὶ
1657 1470 1847 1543 Πατὴρ

273 1557 400 1619 τοὺς
431 1556 530 1627 τῆς
564 1557 758 1611 ἑαυτοῦ
785 1557 1001 1627 φύσεως
1047 1560 1400 1630 χαρακτῆρας
1430 1560 1707 1625 οὐσιωδῶς
1754 1561 1850 1630 εμ-

276 1646 587 1717 πρέποντας
612 1648 724 1720 ἔχει
748 1649 825 1720 τῷ
856 1649 990 1720 Υίῷ.
1024 1650 1134 1703 Καὶ
1160 1650 1320 1705 τοῦτὸ
1350 1653 1466 1705 ἐστι
1496 1654 1556 1705 τὸ
1581 1654 1845 1723 ἐσφραγί-

279 1736 403 1792 σθαι
433 1739 611 1809 λέγειν
642 1741 804 1794 αὐτὸν
827 1741 978 1812 παρὰ
1005 1742 1100 1794 τοῦ
1130 1742 1364 1812 Πατρός.

500 1855 601 1906 Ἐκ
630 1854 738 1907 τοῦ
769 1853 919 1906 κατὰ
949 1852 1191 1909 Λουκᾶν
1223 1857 1617 1927 Εὑαγγελίου.

354 1965 580 2037 Ἥγειρε
621 1965 713 2019 τὸν
749 1951 998 2038 Λάζαρον
1028 1968 1057 2020 ὁ
1086 1968 1352 2039 Χριστὸς,
1382 1969 1443 2023 τὸ
1470 1970 1565 2023 τοῦ
1597 1972 1853 2041 ἀρχισυν-

279 2058 496 2126 αγώγου
519 2058 832 2131 θυγάτριον,
862 2061 954 2113 τὸν
978 2061 1078 2132 τῆς
1107 2062 1286 2133 χήρας
1310 2062 1446 2114 υἱόν.
1471 2058 1627 2128 Εἶτα,
1653 2063 1771 2126 πῶς
1790 2064 1852 2116 οὐ

279 2150 393 2221 ζωὴ
419 2151 562 2204 κατὰ
588 2150 749 2220 φύσιν
780 2152 928 2205 ἐστὶν
978 2154 1007 2206 6
1046 2151 1122 2223 μὴ
1158 2153 1304 2223 μόνῳ
1341 2152 1484 2223 λόγῳ
1528 2156 1854 2207 καταπτοεῖν

278 2242 370 2296 τὸν
396 2243 626 2297 θάνατον
654 2243 974 2313 δυνάμενος,
1004 2243 1140 2298 ἀλλὰ
1167 2243 1274 2315 γὰρ
1305 2244 1398 2297 καὶ
1426 2246 1490 2314 τῇ
1538 2244 1637 2315 τῆς
1674 2244 1852 2316 χειρὸς

278 2332 426 2404 ἀφῇς
454 2334 563 2388 Καὶ
598 2335 709 2406 γὰρ
751 2331 822 2406 ἦν
848 2334 1142 2389 ἀκόλουθόν
1175 2351 1234 2386 τε
1264 2334 1358 2387 καὶ
1381 2335 1694 2402 ἀναγκαῖον,
1728 2336 1856 2399 ζωο-

278 2424 434 2478 ποιὸν
458 2420 599 2480 εἶναι
623 2425 684 2478 τὸ
715 2425 881 2496 σῶμα
914 2425 1014 2496 τῆς
1041 2425 1183 2478 κατὰ
1213 2423 1376 2494 φύσιν
1404 2423 1570 2496 ζωῆς.

590 2711 710 2763 Ὅτι
745 2676 1102 2778 ἱλαστήριον·
1138 2708 1237 2762 διὰ
1269 2710 1549 2774 πίστεως.

673 2812 773 2869 Ἕκ
802 2815 912 2884 τῆς
936 2816 1087 2884 πρὸς
1124 2816 1463 2885 Ῥωμαίους.

351 2931 485 3003 Περὶ
515 2929 751 3001 Χριστοῦ
781 2946 945 2998 φησιν
964 2945 978 2959 ’
1017 2949 1035 2980 ι
1080 2931 1176 2982 Ὃν
1208 2928 1472 3002 προέθετο
1499 2932 1527 2983 6
1551 2929 1683 2994 Θεὸς
1740 2931 1856 2985 ίλα-

285 3024 504 3093 στήριον
528 3021 619 3073 διὰ
649 3021 884 3083 πίστεως
908 3021 965 3073 ὲν
989 3018 1068 3091 τῷ
1091 3019 1254 3073 αὐτοῦ
1278 3020 1491 3091 αἵματι,
1514 3023 1596 3085 είς
1628 3022 1852 3089 ἔνδειξιν

281 3112 380 3181 τῆς
408 3109 750 3180 δικαιοσύνης
782 3109 969 3176 αὑτοῦ,
1018 3109 1107 3162 διὰ
1135 3108 1234 3178 τὴν
1263 3108 1491 3180 πάρεσιν
1519 3111 1629 3164 τῶν
1653 3128 1855 3181 προγε-

282 3205 517 3273 γονότων
543 3203 976 3274 ἁμαρτημάτων,
1012 3204 1070 3255 ὲν
1095 3203 1160 3273 τῇ
1200 3203 1365 3273 ἀνοχῇ
1396 3200 1489 3255 τοῦ
1528 3202 1686 3269 Θεοῦ,
1717 3203 1855 3275 πρὸς

283 3296 378 3366 τὴν
406 3297 629 3363 ἔνδειξιν
651 3297 748 3367 τῆς
771 3294 1114 3365 δικαιοσύνης
1141 3293 1328 3361 αὐτοῦ,
1351 3297 1407 3347 ὲν
1431 3293 1510 3365 τῷ
1529 3295 1625 3349 νῦν
1656 3294 1853 3367 καιρῷ,

284 3388 363 3450 είς
394 3388 452 3439 τὸ
480 3382 620 3438 εἶναι
654 3384 818 3438 αὐτὸν
863 3384 1070 3437 δίκαιον
1095 3422 1109 3446 ,
1162 3382 1259 3436 καὶ
1288 3381 1603 3435 δικαιοῦντα
1646 3381 1738 3434 τὸν
1791 3384 1856 3435 ἐκ

283 3477 523 3537 πίστεως
555 3475 780 3543 Ἰησοῦν.
819 3492 836 3524 t
872 3475 934 3525 Εί
958 3474 1059 3525 οὑκ
1087 3468 1155 3541 ἦν
1195 3472 1395 3542 ἑτέρως
1422 3471 1734 3539 ἱλαστήριον
1765 3488 1858 3537 γε·

285 3563 471 3616 νέσῦαι
518 3562 749 3631 Χριστὸν
778 3563 890 3624 τοῖς
930 3563 987 3613 ὲν
1020 3559 1265 3630 ἁμαρτίᾳ
1297 3558 1391 3611 καὶ
1424 3558 1534 3628 ἀρᾷ
1568 3559 1664 3610 καὶ
1695 3558 1861 3611 θανά-

285 3670 380 3705 του
415 3653 560 3722 δίκῃ,
597 3651 736 3721 πλὴν
760 3652 841 3704 ὃτι
868 3650 933 3703 δι’
970 3651 1202 3720 αἵματος
1241 3647 1329 3701 διὰ
1355 3646 1452 3718 τὴν
1481 3646 1710 3718 πάρεσιν
1749 3646 1858 3700 τῶν

289 3743 703 3814 προγεγονότων
754 3741 1165 3812 ἁμαρτημάτων
1213 3737 1490 3807 ὲκχεῖσθαι
1542 3736 1857 3806 μέλλοντος’

287 3836 405 3899 πῶς
448 3836 548 3887 οὐκ
594 3834 890 3901 ἀναγκαῖον
921 3832 1100 3903 σάρκα
1133 3828 1386 3905 γενέσθαι
1414 3826 1507 3880 τὸν
1535 3827 1729 3896 Λόγον,
1771 3827 1858 3880 ἵνα

289 3929 383 3979 καὶ
426 3921 619 3994 αἵματί
651 3922 728 3994 τῷ
765 3922 898 3992 ἰδίῳ,
932 3922 1091 3991 δῆλον
1138 3919 1195 3973 δὲ
1249 3920 1353 3984 ὅτι,
1399 3918 1478 3989 τῷ
1522 3918 1622 3987 τῆς
1665 3916 1858 3971 ἑαυτοῦ

293 4017 531 4087 σαρκὸς,
600 4014 869 4086 δικαιώσῃ
933 4014 1140 4075 πάντας
1204 4010 1331 4075 τοὺς
1395 4010 1477 4073 είς
1548 4008 1711 4063 αὑτὸν
1776 4026 1861 4064 πι-

290 4106 605 4175 στεύονταςς

290 4220 417 4273 Ὅτι
467 4215 905 4285 λελυτρώμεθα,
963 4215 1060 4269 καὶ
1108 4214 1223 4281 τὴν
1263 4213 1657 4281 καταλλαγὴν
1675 4212 1856 4285 Απρὸς

415 4289 564 4342 Θεὸν
597 4281 946 4357 ὲό-χῆκαμεν
972 4286 1070 4339 διὰ
1099 4285 1205 4339 τοῦ
1234 4284 1484 4353 αἵματος
1515 4281 1725 4337 αὐτοῦ.

544 4400 646 4453 Ἐκ
673 4399 783 4466 τῆς
816 4398 966 4466 πρὸς
995 4397 1342 4464 Κορινθίους
1374 4395 1630 4463 πρώτης.

365 4531 385 4564 ς
434 4512 523 4577 Ἐξ
557 4511 722 4567 αὑτοῦ
770 4510 827 4564 δὲ
858 4511 1018 4580 ὑμεῖς
1049 4511 1171 4561 ὲστε
1204 4510 1264 4562 ὲν
1303 4507 1524 4580 Χριστῷ
1560 4507 1731 4578 Ἰησοῦ
1752 4547 1767 4571 ,
1799 4507 1858 4569 ὃς

290 4605 553 4674 ἐγεννήθη
572 4604 591 4639 ί
628 4604 790 4670 σοφία
819 4604 950 4672 ἡμῖν
979 4600 1088 4655 ἀπὸ
1112 4599 1270 4667 Θεοῦ,
1304 4599 1615 4668 δικαιοσύνη
1651 4616 1732 4665 τε,
1762 4602 1858 4653 καὶ

291 4695 580 4765 ἁγιασμὸς,
606 4695 699 4747 καὶ
725 4693 1104 4763 ἀπολύτρωσις
1124 4707 1138 4720 ⁸
1174 4693 1281 4757 ἵνα,
1309 4691 1492 4753 καθὼς
1525 4692 1855 4760 γέγραπται,

301 4790 359 4840 Ὀ
387 4785 760 4855 καυχώμενος,
791 4786 848 4836 ὲν
862 4784 1053 4854 Κυρίῳ
1083 4782 1393 4852 καυχάσθω.
1419 4800 1438 4832 ι
1463 4780 1861 4851 Λελυτρώμεθα

288 4880 467 4931 τοίνυν
504 4881 561 4930 ὲν
589 4875 831 4946 Χριστῷ,
863 4875 957 4928 καὶ
1002 4873 1334 4944 ἡγιάσμεθα,
1370 4874 1464 4925 καὶ
1512 4872 1666 4940 σοφοὶ
1698 4873 1859 4939 γεγό-

290 4986 479 5038 ναμεν.
512 4986 531 5018 ι
563 4970 720 5021 Πᾶσα
752 4967 807 5019 δὲ
830 4967 976 5029 δόσις
1002 4964 1210 5035 ἀγαθὴ,
1240 4969 1334 5016 καὶ
1372 4965 1481 5016 πᾶν
1511 4964 1740 5032 δώρημα
1773 4963 1862 5015 τέ-

287 5061 428 5112 ).ειον
460 5060 663 5112 ἄνωθέν
694 5061 832 5121 ἐστι,
857 5057 1182 5111 καταϐαῖνον
1216 5055 1368 5125 παρὰ
1395 5055 1487 5107 τοῦ
1512 5055 1723 5124 [ἰατρὸς
1749 5053 1857 5106 τῶν

291 5151 515 5218 φώτων,
550 5150 795 5204 τουτέστι
821 5148 976 5203 Θεοῦ.
1012 5166 1031 5198 ι
1069 5144 1206 5200 Εἶτα
1256 5147 1372 5209 πῶς
1406 5147 1465 5199 οὐ
1502 5147 1633 5209 Θεὸς
1663 5148 1859 5217 ὁιΧρι-

356 5310 401 5341 ⁸⁵
428 5308 584 5363 Joan.
617 5323 688 5367 νι.
716 5306 805 5360 Ἦ.
886 5303 931 5335 ⁶⁶
964 5303 1118 5357 Joan.
1158 5318 1231 5364 XI,
1257 5302 1347 5354 45.

287 5394 327 5440 t.
368 5379 575 5444 50,5i.
649 5378 693 5406 ⁷⁸
720 5376 835 5434 Jac.
872 5389 910 5439 ι,
955 5374 1039 5427 l7.

1458 5302 1499 5331 "
1536 5300 1663 5353 Luc.
1708 5317 1822 5366 vm,
1859 5301 1947 5355 54.

1942 474 2055 529 bis;
2082 476 2225 528 hunc
2252 474 2397 527 enim
2423 470 2585 525 Pater
2610 469 2842 539 signavit
2868 467 3009 521 Deus
3039 464 3105 519 “.
3132 485 3151 517 ι
3188 466 3380 522 Cibum
3418 483 3514 521 no-

1944 564 2028 619 bis
2056 565 2363 635 impet'titus
2391 572 2479 618 est
2500 562 2667 617 Filius
2682 561 2918 616 hominis
2935 569 3245 615 manentem
3269 559 3322 611 itt
3351 559 3515 611 vitam

1943 667 2226 722 aeternam,
2256 657 2513 710 nimirum
2545 658 2697 711 Suam
2727 668 2984 716 carnem;
3036 660 3121 708 est
3162 652 3306 704 enim
3338 666 3400 704 ea
3431 650 3516 702 vi-

1948 747 2125 803 viﬁca.
2165 746 2285 802 Jam
2315 740 2588 816 quomodo
2617 748 2662 803 is
2690 747 2829 801 Deus
2856 761 2962 800 nun
2992 753 3100 808 est,
3127 744 3217 813 qui
3259 759 3354 814 per
3394 758 3518 813 pro-

1945 837 2117 905 priam
2150 853 2367 908 quoque
2391 853 2613 893 carnem
2639 837 2918 894 viviﬁcare
2953 847 3149 907 potest,
3172 838 3374 906 quique
3407 837 3520 890 Deo

1951 940 2008 981 et
2029 925 2178 982 Patri
2210 943 2309 996 per
2339 931 2521 983 omnia
2551 929 2774 999 aequalis
2803 928 2927 984 est?
2954 925 3065 981 Hoc
3087 926 3230 980 enim
3259 925 3518 988 insinuat,

1947 1017 2073 1073 dum
2113 1034 2142 1073 a
2180 1020 2286 1073 Deo
2313 1022 2656 1091 obsignatum
2685 1020 2795 1091 97
2816 1034 2878 1076 se
2909 1018 3246 1089 pronuntiat.
3299 1015 3520 1072 Etenim

1947 1107 2333 1178 obsignationis
2357 1112 2683 1167 vocabulum
2712 1126 3029 1181 expressam
3098 1107 3518 1165 similitudinem

1948 1200 2172 1255 indicat.
2215 1200 2684 1266 Quemadmodum
2715 1203 2862 1258 enim
2895 1203 2938 1256 si
2973 1202 3097 1272 quis
3125 1215 3377 1265 aureum,
3418 1207 3515 1251 aut

1949 1288 2175 1345 alterius
2204 1292 2449 1361 cujusvis
2499 1294 2744 1347 materlaz
2783 1292 3024 1364 sigillum
3058 1306 3201 1346 cerae
3229 1291 3525 1357 impresse-

1950 1379 2042 1448 rit,
2076 1390 2242 1436 totam
2271 1384 2499 1439 omnino
2523 1383 2688 1455 sigilli
2719 1383 2862 1439 illius
2895 1382 3125 1454 eﬂigiem
3156 1381 3363 1437 inducit
3389 1397 3403 1435 :
3443 1378 3518 1434 ita

1949 1469 2096 1527 Deus
2139 1471 2301 1528 Pater
2319 1487 2539 1544 quoque
2573 1488 2912 1545 expressam,
2947 1473 3293 1541 conspicuam
3320 1472 3527 1526 'esseno

1952 1561 2242 1631 tialemque
2296 1571 2503 1619 naturae
2549 1580 2660 1620 sua:
2692 1567 2919 1636 ﬁguram
2951 1565 3002 1617 in
3037 1562 3172 1616 Filio
3198 1561 3394 1616 habet.
3422 1560 3521 1613 At-
3598 1554 3601 1556 ’

1951 1661 2056 1717 que
2088 1650 2232 1707 istud
2257 1661 2342 1707 est
2368 1654 2509 1722 quod
2534 1668 2594 1708 se
2625 1668 2654 1706 a
2679 1652 2839 1709 Patre
2870 1650 3211 1725 obsignatum
3234 1649 3482 1705 amrtnet.

2235 1844 2325 1901 Ea:
2360 1806 2654 1919 Evaugelio
2707 1847 2994 1902 secundum
3024 1845 3243 1900 Lucam.

2026 1954 2393 2012 Exsuscitavit
2434 1958 2682 2015 Christus
2739 1958 3004 2012 Lazarum
3050 1957 3117 2022 ⁸⁸,
3186 1969 3295 2011 ιιιιιι
3351 1958 3527 2013 arclti-

1959 2050 2221 2121 synagogi
2262 2065 2481 2120 quoque
2514 2052 2680 2106 tiliam
2711 2053 2778 2117 ⁸⁷,
2803 2062 2857 2105 et
2883 2051 3054 2105 vidum
3089 2050 3261 2106 lilium
3290 2049 3358 2106 “.
3397 2050 3529 2118 Quis

1955 2154 2087 2209 ergo
2115 2149 2294 2209 neget,
2322 2140 2417 2210 qui
2444 2141 2552 2195 vita
2581 2141 2882 2197 secundum
2908 2148 3158 2195 naturam
3187 2141 3439 2205 exsistat,
3472 2150 3531 2197 ut

1954 2229 2047 2299 qui
2070 2244 2175 2284 non
2206 2238 2416 2285 tantum
2459 2232 2645 2298 verbo,
2670 2230 2764 2285 sed
2797 2245 2909 2286 suae
2937 2245 3151 2299 quoque
3180 2244 3376 2283 manus
3401 2244 3531 2284 con-

1959 2329 2106 2374 tactu
2131 2328 2365 2376 mortem
2404 2320 2861 2391 perterrefaciat?
2889 2322 3019 2376 Erat
3057 2322 3201 2375 enim
3240 2332 3532 2376 consenta-

1956 2426 2141 2477 neum,
2194 2412 2305 2466 imo
2357 2427 2487 2468 vero
2547 2413 2768 2468 omnino
2829 2413 3221 2477 necessarium,
3257 2423 3312 2466 ut
3336 2427 3533 2481 corpus

1963 2501 2106 2557 illius
2127 2511 2272 2558 esset
2299 2503 2595 2571 viviﬁcum,
2622 2506 2715 2573 qui
2753 2505 2860 2559 vita
2890 2512 3013 2558 erat
3038 2504 3335 2559 secundum
3364 2516 3530 2559 natu-

1958 2606 2097 2648 ram.

2144 2709 2298 2771 Quod
2322 2706 2567 2763 Christus
2600 2722 2693 2775 per
2722 2706 2880 2773 [idem
2914 2706 2980 2759 sit
3020 2708 3348 2775 proniliatio.

2382 2814 2464 2867 Ea:
2488 2813 2726 2884 Epistula
2758 2815 2827 2867 ad
2855 2813 3143 2869 Romanos.

2034 2946 2053 2980 ι
2098 2928 2269 2994 Quem
2302 2927 2392 2999 (de
2428 2927 2649 2982 Christo
2696 2941 2877 2981 sermo
2907 2929 3010 2997 est)
3072 2929 3352 2997 proposuit
3387 2928 3532 2987 Deus

1959 3019 2400 3090 propitiationem
2462 3032 2558 3087 per
2592 3017 2752 3073 ﬁdem
2816 3018 2870 3071 in
2919 3020 3184 3088 sanguine
3229 3021 3418 3090 ipsius,
3470 3026 3537 3078 ad

1963 3112 2327 3168 ostensionem
2353 3111 2581 3181 iustitiae
2599 3126 2730 3175 suae,
2764 3121 2983 3178 propter
3005 3112 3373 3167 remissionem
3403 3130 3539 3183 prte-

1964 3204 2270 3259 cedentium
2325 3202 2671 3279 delictorum,
2735 3199 2788 3253 in
2844 3202 3243 3257 sustentatione
3292 3202 3410 3268 Dei,
3473 3206 3540 3261 ad

1962 3295 2326 3351 ostensionem
2362 3292 2587 3361 iustitiae
2613 3291 2729 3363 ejus
2759 3291 2812 3345 in
2843 3291 2945 3345 hoc
2964 3301 3226 3360 tempore,
3242 3303 3302 3349 ut
3322 3295 3396 3349 sit
3423 3297 3540 3366 ipse

1959 3386 2160 3456 justus,
2191 3386 2574 3456 etjuslifrcans
2598 3397 2724 3439 eum
2753 3382 2845 3452 qui
2886 3391 2970 3436 est
2996 3397 3064 3436 ex
3100 3383 3203 3438 [ide
3228 3383 3355 3440 Jcsu
3380 3387 3540 3443 Citri-

1965 3479 2033 3531 sti
2065 3479 2131 3528 ".
2171 3496 2191 3528 ι
2221 3476 2279 3531 Si
2311 3476 2416 3528 alia
2448 3475 2660 3529 ratione
2716 3473 2840 3527 illos
2887 3475 3109 3540 expiare
3165 3490 3271 3530 non
3327 3487 3541 3545 poterat

1965 3566 2341 3635 Christus,qui
2360 3575 2602 3634 peccato,
2622 3572 2678 3616 et
2696 3563 3086 3628 maledictioni,
3117 3575 3171 3619 et
3191 3568 3382 3623 mortis
3402 3583 3537 3638 sup-

1969 3659 2129 3727 plicio
2156 3655 2377 3709 obnoxii
2404 3656 2758 3716 tenebantur,
2811 3652 2913 3708 nisi
2946 3652 3263 3721 sanguinem
3300 3672 3455 3712 suum
3483 3661 3535 3714 in

1968 3744 2766 3816 praecedentiumpeccatorum
2816 3742 3198 3797 remissionem
3247 3749 3537 3814 profunde-

1970 3846 2086 3904 ret;
2122 3834 2395 3905 quomodo
2427 3841 2484 3886 ιιι
2521 3831 2753 3886 Verbum
2782 3846 2910 3886 caro
2943 3834 3115 3898 iieret,
3160 3841 3532 3897 necessarium

1970 3943 2076 3983 non
2120 3936 2265 3991 erat,
2310 3938 2503 3992 nempe
2531 3935 2639 3991 quo
2669 3922 2911 3990 proprio,
2961 3923 3063 3976 hoc
3092 3934 3176 3977 est
3217 3940 3330 3980 suae
3371 3929 3539 3997 ipsius

1967 4019 2151 4076 carnis
2184 4058 2200 4082 ,
2227 4016 2488 4088 sanguine
2532 4028 2744 4077 omnes,
2804 4015 2896 4083 qui
2950 4015 3001 4068 in
3039 4015 3211 4085 ipsum
3282 4022 3537 4078 credituri

1967 4118 2145 4178 erant,
2173 4108 2407 4178 justilica
2417 4106 2533 4161 ret?

2061 4223 2213 4291 Quod
2235 4237 2327 4291 per
2355 4218 2553 4275 Christi
2585 4220 2891 4295 sauguiuem
2926 4220 3177 4290 redempti
3207 4222 3420 4295 Deoque

2441 4359 2447 4367 ‘
2475 4291 2805 4343 reconciliati
2828 4305 3032 4345 sumus.

2376 4399 2462 4454 Ex
2489 4398 2659 4469 priori
2699 4397 2771 4451 ad
2792 4397 3117 4453 Corinthios.

2043 4528 2061 4560 ι
2103 4509 2180 4564 Ex
2216 4510 2335 4577 ipso
2387 4517 2568 4561 autem
2608 4521 2703 4561 vos
2744 4505 2878 4561 estis
2919 4506 2970 4560 in
3009 4509 3227 4564 Christo
3254 4509 3404 4580 Jesu,
3444 4518 3537 4586 qui

1966 4603 2140 4656 factus
2160 4610 2241 4655 est
2266 4599 2424 4653 nobis
2464 4598 2728 4669 sapientia
2765 4597 2879 4667 98
2912 4613 2939 4649 a
2972 4598 3097 4663 Deo,
3134 4601 3444 4670 etjustitia,
3481 4618 3537 4661 ct

1966 4692 2344 4754 sanctiﬁcatio,
2362 4696 2415 4742 et
2449 4688 2781 4756 redemptio;
2815 4698 2891 4753 ut,
2918 4691 3372 4756 quemadmodum
3406 4697 3536 4752 scri-

1967 4795 2114 4852 ptunt
2162 4791 2265 4846 est,
2318 4781 2408 4849 qui
2447 4780 2728 4850 gloriatur,
2782 4781 2835 4834 in
2868 4780 3093 4835 Domino
3122 4783 3382 4853 glorietur
3405 4787 3474 4841 ⁷⁸³.
3507 4808 3526 4841 t

1970 4874 2022 4927 In
2062 4873 2279 4927 Christo
2314 4872 2495 4939 itaque
2527 4872 2816 4940 redempti,
2845 4880 2898 4925 et
2925 4872 3273 4940 sanctificati,
3335 4885 3388 4930 et
3440 4893 3532 4930 Su-

1970 4969 2177 5035 pientes
2205 4963 2329 5019 l'acti
2368 4979 2578 5017 sumus.
2638 4980 2657 5013 t
2694 4960 2865 5015 Omne
2916 4972 3094 5017 autem
3151 4964 3336 5017 datum
3390 4968 3535 5034 οι)ιί-

1971 5072 2140 5119 mum,
2206 5067 2259 5108 et
2287 5069 2447 5108 omne
2487 5055 2683 5107 donum
2740 5051 3038 5120 perfectum
3105 5054 3388 5108 desursum
3428 5067 3531 5122 est,

1971 5144 2306 5201 descendens
2331 5161 2361 5197 a
2379 5144 2539 5198 Patre
2563 5143 2825 5198 luminum
2847 5144 2916 5207 '“,
2933 5163 2950 5193 ›
2976 5143 3079 5197 hoc
3102 5150 3209 5208 est,
3242 5142 3372 5198 Deo.
3397 5143 3532 5202 Cum

2062 5299 2105 5330 ⁵⁸
2137 5300 2270 5353 Luc.
2299 5315 2393 5366 vn,
2433 5299 2519 5354 Μ.
2613 5299 2655 5332 ⁸⁸
2689 5299 2845 5353 Rom.
2876 5314 2958 5364 ιιι,
2986 5295 3077 5366 ‘25,
3103 5299 3194 5355 26.
3278 5300 3367 5355 ⁷⁰1
3405 5299 3529 5359 Cor.

1346 5509 1516 5564 Varia:
1541 5507 1799 5564 lectiones
1828 5507 2029 5565 codicis
2064 5506 2419 5577 Seguieriani.

374 5656 386 5688 ί
418 5653 668 5722 ἐγενήθη.

488 5746 759 5805 ΡΔτιιοι.
818 5746 935 5807 (in.
979 5741 1238 5803 LXXVI.

3023 5727 3091 5789 41
