3970 6136
477 276 602 329 l“.9|

1513 273 1566 327 S.
1610 270 1880 327 CYRILLI
1921 272 2379 328 ALEXANDRINI
2421 273 2736 331 ARClllLP.

3566 278 3706 335 1299.

471 406 600 459 ergo
653 388 901 444 Christus
951 389 1286 456 sapientiam,
1333 399 1383 442 et
1429 388 1932 450 sanctiﬁcationcm,
1980 397 2031 441 et

2139 392 2278 455 στος,
2319 391 2345 443 ό
2393 392 2583 459 σοφίαν
2630 409 2687 445 τε
2741 392 2831 444 καὶ
2880 392 3151 462 ἁγιασμόν
3186 393 3279 446 καὶ
3323 391 3706 462 ἀπολύτρωσιν

471 480 897 548 redemptionem
950 479 1102 534 nobis
1138 479 1413 549 largiatur,
1476 480 1741 547 quomodo
1795 493 1899 533 non
1949 489 2034 532 est

472 573 613 626 Deus
630 572 655 624 ?
734 608 739 613 -

595 683 750 747 Quod
775 697 866 750 per
890 680 1083 735 Christi
1111 682 1414 750 sanguinem
1444 682 1687 749 redempti
1720 698 1921 734 sumus.

879 788 965 843 Ea:
992 788 1228 856 Epistola
1255 792 1424 861 prima
1450 791 1612 847 l’etrt’.

562 923 580 954 ι
608 903 852 959 Scientes
883 902 1024 971 quod
1062 916 1165 954 non
1189 903 1630 970 curruptihilihus
1659 920 1790 958 auro
1817 903 1898 957 vel
1941 917 2032 955 ar-

470 1004 630 1065 gento
667 991 929 1059 redempti
960 990 1092 1044 estis
1114 990 1181 1044 de
1212 1005 1345 1044 vana
1392 1003 1566 1045 vestra
1619 993 2033 1046 conversatione

470 1095 706 1156 paternae
737 1082 1066 1148 traditionis,
1122 1082 1216 1136 sed
1268 1083 1504 1150 pretioso
1560 1085 1819 1153 sanguine
1875 1083 2032 1151 quasi

469 1176 590 1248 agni
621 1173 947 1229 immaculati
984 1173 1189 1227 Christi
1229 1183 1284 1227 et
1323 1175 1731 1229 incontaminati
1757 1176 1827 1229 ".
1866 1193 1887 1227 ι
1924 1174 2030 1229 Re-

469 1267 665 1336 dempti
697 1265 841 1319 enim
880 1278 1089 1328 sumus,
1125 1260 1344 1317 Christo
1395 1266 1670 1333 proprium
1721 1281 1819 1335 pro
1879 1266 2033 1319 nobis

470 1374 667 1429 corpus
702 1354 1064 1427 impendente.
1103 1356 1173 1409 At
1202 1358 1245 1411 si
1285 1364 1340 1409 ut
1371 1359 1530 1411 homo
1559 1358 1793 1426 vulgaris
1830 1357 2032 1411 habea-

472 1465 582 1513 tur,
626 1450 893 1518 quomodo
917 1448 1059 1501 illius
1092 1447 1317 1513 sanguis
1351 1448 1467 1500 vitae
1517 1447 1756 1500 omnium
1787 1446 2030 1500 mstima-

472 1544 673 1597 tionem
721 1540 788 1594 ad
848 1539 1166 1606 dignitatem
1220 1538 1507 1606 exaequat?
1560 1537 1615 1590 Si
1662 1549 1838 1591 autem
1894 1538 2032 1589 Deus

469 1642 586 1686 erat
615 1632 667 1684 in
692 1643 876 1695 carne,
908 1627 998 1696 qui
1031 1629 1369 1696 undiqnaque
1387 1628 1735 1696 dignissimus
1759 1639 1861 1690 est,
1902 1641 2033 1681 sane

2134 484 2267 552 ἡμῖν
2298 482 2714 551 δωρησάμενος

2138 682 2263 735 Ὀτι
2299 681 2714 751 λελυτρώμεθα
2738 682 2833 735 διὰ
2862 682 2965 736 τοῦ
2995 684 3241 752 αἵματος
3268 677 3375 738 τοῦ
3417 683 3697 751 Χριστοῦ.

2341 795 2441 847 Ἐκ
2467 793 2578 861 τῆς
2599 794 2825 862 Πέτρου
2861 796 3217 863 Ἐπιστολῆς
3242 795 3501 865 πρώτης.

2212 927 2231 957 ι
2257 906 2473 968 Είδότες
2491 907 2572 959 ὅτι
2601 908 2661 959 οὐ
2686 906 2941 977 φθαρτοῖς
2967 907 3309 979 ἀργυρίῳςῆ]
3330 908 3567 978 χρυσίῳ,
3590 908 3701 961 ὲλυ-
3724 894 3727 895 ν

2133 997 2381 1069 τρώθητε
2416 1001 2480 1051 ὲκ
2508 999 2606 1066 τῆς
2644 1000 2875 1068 ματαίας
2922 997 3077 1068 ὑμῶν
3120 999 3469 1069 ἀναστροφῆς
3503 1016 3705 1069 πατρο-

2136 1088 2437 1158 παραδότου
2462 1131 2477 1154 ,
2508 1089 2643 1142 ἀλλά
2682 1088 2849 1158 τιμίῳ
2888 1089 3080 1158 αἵματι
3129 1089 3204 1151 ώς
3245 1089 3420 1159 ἀμνοῦ
3465 1087 3701 1157 ἀμώμου
3733 1096 3740 1107 ’

2133 1183 2227 1235 καὶ
2265 1180 2496 1234 ἀσπίλου
2526 1180 2783 1250 Χριστοῦ.
2823 1200 2841 1231 ι
2876 1179 3274 1249 Λελυτρώμεθα
3301 1179 3433 1249 γὰρ,
3477 1179 3543 1231 τὸ
3576 1179 3703 1232 ἴδιον

2135 1271 2297 1342 σῶμα
2326 1271 2620 1334 δεδωκότος
2644 1271 2783 1340 ὑπὲρ
2814 1270 2973 1341 ἡμῶν
3016 1269 3112 1323 τοῦ
3159 1269 3420 1341 Χριστοῦ.
3472 1269 3615 1322 Ἀλλ’
3655 1271 3701 1322 εί

2136 1365 2237 1433 μὲν
2262 1363 2338 1425 ὡς
2366 1362 2649 1433 ἄνθρωπος
2690 1365 2888 1415 νοεῖται
2917 1362 3095 1425 κοινὸς
3115 1401 3130 1425 ,
3162 1362 3279 1424 πῶς
3316 1360 3575 1427 ἀντάξιον
3610 1360 3701 1429 τῆς

2118 1453 2386 1505 ιάπάντων
2436 1450 2581 1520 ζωῆς
2629 1451 2690 1503 τὸ
2727 1448 2867 1520 αἷμα
2911 1449 3103 1516 αὐτοῦς
3146 1450 3206 1502 Εἰ
3250 1450 3309 1503 δὲ
3351 1450 3485 1514 Θεὸς
3533 1445 3603 1519 ἦν
3647 1451 3699 1501 ὲν

2135 1542 2297 1611 σαρκὶ
2337 1543 2366 1594 ὁ
2408 1541 2626 1594 πάντων
2668 1539 2995 1608 ἀξιώτερος,
3044 1538 3341 1609 ἀξιόχρεως
3374 1539 3407 1607 ἡ
3437 1537 3697 1607 λύτρωσις

2132 1631 2227 1684 τοῦ
2258 1631 2467 1700 κόσμου
2493 1631 2694 1693 παντὸς
2724 1630 2812 1683 διὰ
2837 1629 2933 1681 τοῦ
2966 1629 3097 1682 ἰδίου
3119 1629 3353 1698 αἵματος
3375 1629 3464 1697 εἴη
3495 1626 3585 1694 ἂν,
3613 1629 3699 1680 καὶ

470 1721 963 1776 cumulatissimum
988 1718 1249 1787 perillius
1286 1717 1601 1786 sanguinem
1649 1717 1878 1785 pretium
1933 1730 2030 1785 pro

2139 1723 2277 1792 μάλα
2313 1722 2557 1784 είκότως.

473 1812 638 1866 totius
693 1809 876 1865 mundi
944 1807 1121 1863 salute
1150 1808 1450 1873 impensum
1491 1814 1596 1868 est,
1657 1817 1713 1858 et
1752 1804 1884 1858 satis
1933 1803 2028 1856 de-

470 1915 676 1957 CCIIICI‘.

565 2014 716 2079 Quod
746 2011 941 2067 Christi
972 2027 1110 2065 mors
1140 2011 1333 2064 mundo
1361 2010 1615 2063 salutaris
1652 2008 1930 2062 exstiterit.

860 2122 945 2177 Ea:
988 2122 1224 2192 Epistola
1258 2124 1325 2175 ad
1362 2120 1648 2175 Romanas.

547 2262 565 2295 ι
604 2240 955 2297 Commendat
987 2246 1166 2291 autem
1198 2236 1518 2288 charitatem
1554 2248 1706 2289 suam
1773 2232 1913 2286 Deus
1979 2230 2030 2284 in

473 2334 661 2387 nobis:
692 2330 972 2400 quoniam,
1011 2343 1133 2381 cum
1186 2326 1361 2378 adhuc
1404 2336 1718 2393 peccatores
1764 2336 2031 2385 essemus,

471 2423 722 2477 Christus
740 2434 837 2487 pro
868 2417 1020 2471 nobis
1044 2428 1290 2469 mortuus
1318 2423 1420 2468 est.
1462 2414 1626 2467 Multo
1670 2413 1836 2482 igitur
1865 2412 2033 2481 magis

474 2526 616 2566 nunc
639 2508 919 2578 iustiﬁcati
950 2508 1005 2559 in
1036 2505 1297 2573 sanguine
1326 2506 1518 2571 ipsius,
1540 2504 1674 2557 salvi
1734 2502 1942 2556 erimus
1964 2501 2033 2556 ab

476 2602 554 2654 ira
584 2615 678 2669 per
706 2600 878 2667 ipsum
910 2595 977 2647 τ’.
1014 2611 1032 2645 t
1057 2593 1323 2645 Rursum:
1356 2611 1374 2643 ι
1410 2593 1463 2644 Si
1496 2593 1663 2657 enim,
1693 2607 1816 2645 cum
1854 2589 2035 2644 inimi-

472 2693 520 2745 ci
546 2704 826 2751 essemus,
882 2683 1212 2739 reconciliati
1257 2698 1443 2737 sumus
1495 2681 1602 2736 Deo
1662 2697 1754 2752 per
1807 2690 2032 2749 mortem

477 2781 594 2836 Filii
617 2779 756 2849 ejus,
803 2775 1164 2845 multomagis
1197 2772 1528 2828 reconciliati
1584 2772 1715 2826 salvi
1748 2771 1948 2824 erimus
1977 2769 2031 2822 in

473 2874 584 2925 vita
613 2870 780 2940 ipsius
804 2868 871 2922 ⁷⁸.
911 2886 929 2918 ι
970 2866 1025 2920 Si
1056 2865 1289 2919 mundus
1320 2864 1476 2916 aliter
1502 2877 1662 2931 quam
1712 2874 1805 2927 per
1828 2857 2032 2913 Christi

473 2961 787 3031 sanguinem
820 2969 872 3013 et
897 2967 1126 3010 mortem
1167 2954 1344 3008 divina
1394 2950 1796 3021 dispensatione
1833 2946 2034 3001 saluta-

2200 2012 2324 2063 Ὀτι
2356 2014 2388 2063 ό
2423 2009 2680 2077 Χριστοῦ
2709 2009 2965 2074 θάνατος
2990 2007 3069 2073 τῷ
3096 2009 3305 2077 κόσμῳ
3338 2005 3651 2073 σωτήριος.

2535 2123 2626 2175 Ἐκ
2656 2121 2767 2189 τῆς
2790 2121 2940 2188 πρὸς
2975 2120 3319 2189 Ῥωμαίους.

2208 2253 2226 2285 ι
2259 2233 2548 2303 Συνίστησι
2591 2231 2648 2284 δὲ
2697 2232 2796 2301 τὴν
2844 2230 3036 2285 ἑαυτοῦ
3081 2231 3302 2301 ἀγάπην
3347 2231 3428 2293 είς
3478 2230 3628 2299 ἡμᾶς
3672 2230 3701 2282 ό

2132 2324 2284 2389 Θεὸς,
2314 2325 2398 2377 ὅτι
2431 2323 2510 2375 ἔτι
2538 2322 2880 2392 ἁμαρτωλῶν
2907 2321 3077 2374 ὄντων
3097 2320 3275 2391 ἡμῶν,
3300 2319 3539 2391 Χριστὸς
3564 2318 3699 2389 ὑπὲρ

2132 2417 2165 2486 ἡ
2174 2414 2291 2485 μῶν
2324 2413 2581 2468 ἀπέθανε.
2608 2411 2794 2482 Πολλῷ
2821 2407 2914 2465 οῦν
2956 2410 3155 2482 μᾶλλον
3176 2408 3559 2473 δικαιωθέντες
3607 2407 3697 2460 νῦν

2134 2508 2191 2559 ὲν
2242 2504 2320 2575 τῷ
2372 2504 2565 2574 αἵματι
2594 2501 2781 2565 αὐτοῦ,
2811 2500 3169 2573 σωθησόμεθα
3189 2501 3259 2554 δι’
3281 2500 3449 2554 αὐτοῦ
3481 2500 3591 2553 ἀπὸ
3608 2500 3701 2569 τῆς

2131 2597 2320 2669 ὀργῆς,
2351 2614 2371 2647 ι
2402 2596 2511 2647 Καὶ
2542 2594 2722 2648 πάλιν·
2744 2613 2762 2646 ι
2783 2594 2846 2646 Ei
2879 2593 2987 2664 γὰρ
3015 2592 3199 2663 ἐχθροὶ
3231 2592 3408 2659 ὄντες,
3440 2591 3703 2660 κατηλλά-

2133 2706 2311 2760 γημεν
2352 2686 2430 2758 τῷ
2475 2686 2593 2757 Θεῷ
2633 2685 2721 2740 διὰ
2765 2684 2861 2740 τοῦ
2909 2684 3140 2739 θανάτου
3189 2683 3286 2737 τοῦ
3338 2684 3475 2737 Υῐοῦ
3518 2682 3701 2745 αὐτοῦ,

2135 2778 2313 2848 πολλῷ
2343 2777 2542 2847 μᾶλλον
2573 2775 3006 2844 καταλλαγέντες
3029 2774 3391 2845 σωθησόμεθα
3405 2776 3467 2826 ὲν
3496 2776 3564 2844 τῇ
3593 2773 3699 2842 ζωῇ

2134 2868 2321 2924 αὑτοῦ.
2352 2887 2372 2921 ι
2409 2865 2614 2921 Οὐκοῦν
2641 2867 2691 2918 εί
2724 2864 2799 2936 μὴ
2826 2864 3030 2935 ἑτέρως
3066 2860 3133 2936 ἦν
3181 2863 3456 2929 σώζεσθαι
3487 2865 3582 2917 τὸν
3611 2865 3700 2915 κό-

2138 2976 2292 3031 σμον,
2321 2961 2370 3012 εί
2401 2957 2478 3030 μὴ
2513 2958 2572 3011 ὲν
2616 2958 2808 3026 αἵματι
2841 2956 2937 3009 κα)⁵
2963 2954 3178 3024 θανάτῳ
3208 2955 3498 3025 χρησίμως
3524 2970 3699 3022 παρα-

477 3055 610 3107 ritcr
645 3059 947 3118 susceptam
982 3056 1202 3116 propter
1239 3042 1661 3112 pracedentiutu
1713 3039 2030 3093 delictorum

2139 3050 2428 3120 ληφθέντι,
2474 3049 2570 3101 καὶ
2614 3046 3010 3117 οἰκονομικῶς,
3059 3045 3147 3101 διὰ
3185 3044 3283 3116 τὴν
3317 3045 3555 3115 πάρεσιν
3596 3044 3701 3096 τῶν

476 3142 954 3203 condonationem,
1008 3151 1129 3205 quas
1154 3136 1295 3188 Deus
1328 3132 1670 3193 toleraverat,
1707 3126 1902 3182 salvari
1938 3142 2036 3177 ne~

476 3234 682 3302 quibat,
711 3246 804 3297 per
826 3229 1101 3281 Christum
1148 3233 1327 3276 autem
1363 3220 1591 3274 salutem
1619 3232 1807 3273 sumus
1845 3230 2034 3271 conse-

483 3324 637 3377 cuti:
680 3317 948 3387 qnomodo
1004 3311 1397 3367 incarnationis
1456 3309 1650 3363 modus
1716 3308 1808 3361 Dei
1860 3305 2035 3360 Patris

476 3410 652 3465 Verbo
689 3403 1030 3460 necessarius
1083 3415 1187 3454 non
1242 3407 1379 3464 erat,
1428 3411 1533 3466 quo
1583 3395 1726 3460 illos,
1779 3391 2032 3447 nimirum

474 3500 565 3569 qui
606 3499 658 3552 in
695 3496 867 3564 ipsum
898 3491 1207 3557 crederent,
1243 3504 1341 3559 per
1394 3486 1713 3556 sanguinem
1749 3500 1907 3539 suum
1941 3483 2033 3554 ju-

475 3589 761 3649 stiﬁcaret,
794 3581 905 3654 99
927 3579 1185 3649 Patrique
1197 3593 1291 3648 per
1319 3575 1564 3644 corporis
1585 3576 1667 3633 sui
1695 3583 1920 3627 mortem
1949 3585 2031 3626 re-

473 3677 835 3739 conciliaret,
867 3682 1028 3742 atque
1077 3670 1149 3724 ita
1194 3666 1356 3724 simul
1404 3679 1525 3719 cum
1577 3663 1695 3733 ipso
1717 3664 1882 3718 vitam
1911 3661 2032 3717 adi-

473 3774 803 3841 pisceremur
820 3765 844 3818 ?

548 3879 566 3912 ι
610 3862 691 3913 Αη
727 3855 1007 3925 ignoratis,
1026 3854 1151 3923 quia
1179 3852 1489 3922 quicunque
1544 3849 1800 3919 baptizati
1836 3862 2029 3904 sumus

472 3955 526 4009 in
552 3952 771 4008 Christo
794 3948 940 4011 Jesu,
969 3947 1021 4001 in
1050 3954 1276 4000 mortem
1311 3945 1479 4014 ipsius
1516 3941 1770 4012 baptizati
1796 3954 1981 3996 sumus
2008 3938 2032 3992 ?

2137 3138 2543 3211 προγεγονότων
2566 3136 3003 3207 ἁμαρτημάτων,
3032 3137 3089 3188 ὲν
3120 3138 3187 3206 τῇ
3226 3136 3395 3205 ἀνοχῇ
3419 3134 3517 3187 τοῦ
3543 3134 3696 3186 Θεοῦ·

2137 3228 2457 3300 σεσώσμεθα
2501 3229 2559 3281 δὲ
2585 3227 2674 3281 διὰ
2710 3225 2980 3297 Χριστοῦο
3013 3226 3129 3288 πῶς
3168 3226 3269 3278 οὐκ
3300 3226 3600 3293 ἀναγκαῖος
3626 3223 3700 3293 τῷ

2134 3320 2198 3374 ὲκ
2225 3318 2361 3372 Θεοῦ
2388 3318 2547 3389 φύντι
2591 3318 2750 3388 Λόγῳ
2792 3319 2821 3371 ό
2859 3316 2962 3387 τῆς
2990 3316 3319 3387 σαρκώσεως
3342 3316 3545 3386 τρόπος
3562 3355 3581 3381 ,
3617 3316 3697 3366 ἵνα

2132 3410 2396 3481 δικαιώσῃ
2448 3409 2547 3480 μὲν
2580 3411 2639 3462 ὲν
2680 3407 2759 3479 τῷ
2804 3407 2996 3478 αἵματι
3042 3404 3209 3462 αὐτοῦ
3248 3408 3376 3469 τοὺς
3423 3407 3506 3470 εις
3540 3407 3697 3459 αὐτὸν
3753 3402 3770 3417 ⁸

2134 3502 2508 3566 πιστεύοντας,
2543 3499 2857 3571 καταλλάξῃ
2886 3500 2946 3553 δὲ
2981 3498 3061 3570 τῷ
3089 3498 3265 3569 Πατρὶ
3286 3496 3376 3551 διὰ
3407 3497 3504 3551 τοῦ
3533 3495 3693 3550 θανά-

2136 3610 2225 3648 του
2252 3592 2347 3647 τοῦ
2379 3592 2506 3647 ίδίου
2538 3592 2808 3664 σώματος,
2843 3592 2933 3647 ῖνα
2968 3591 3063 3647 καὶ
3090 3588 3416 3661 συζήσωμεν
3440 3588 3625 3659 cirri);

2209 3871 2227 3905 ι
2267 3818 2337 3906 Ἢ
2363 3853 2630 3923 ἀγνοεῖτε,
2660 3854 2742 3906 ὅτι
2770 3853 2885 3906 ὅσοι
2911 3849 3323 3922 ἐϐαπτίσθημεν
3350 3852 3434 3914 είς
3461 3848 3690 3921 Χριστὸν

2145 3945 2370 4016 Ἰησοῦν,
2398 3945 2477 4010 είς
2505 3944 2597 3997 τὸν
2627 3945 2856 3999 θάνατον
2883 3943 3049 3998 αὐτοῦ
3076 3941 3526 4012 ἑὸαπτίσθημενς
3569 3942 3694 3993 Συν-

472 4042 782 4114 Consepnlti
812 4041 955 4094 enim
981 4053 1165 4093 sumus
1196 4052 1316 4092 cum
1355 4036 1447 4089 illo
1474 4048 1568 4104 per
1596 4033 1926 4102 baptismum
1972 4030 2028 4084 in

2139 4036 2411 4107 ετάφημεν
2463 4033 2557 4090 οὖν
2601 4035 2752 4106 αὐτῷ
2794 4036 2883 4090 διά
2912 4034 3007 4089 τοῦ
3061 4035 3441 4106 βαπτίσματος
3483 4034 3566 4097 εις
3609 4031 3695 4084 τὸν

478 4144 729 4198 mortem,
773 4140 830 4184 ut
861 4130 1130 4200 quomodo
1157 4126 1405 4182 Christus
1435 4121 1676 4178 surrexit
1713 4137 1744 4175 a
1801 4118 2030 4175 mortuis

2139 4128 2359 4183 θάνατον
2379 4145 2392 4158 ·
2419 4127 2527 4192 ῖνα,
2556 4127 2745 4198 ὥσπερ
2768 4126 2977 4198 ἠγέρθη
3019 4125 3255 4196 Χριστὸς
3286 4126 3352 4178 ὲκ
3376 4123 3590 4194 νεκρῶν
3613 4120 3696 4174 διὰ

473 4240 567 4294 per
583 4223 807 4293 gloriam
841 4219 1039 4284 Patris,
1077 4220 1150 4271 ita
1183 4223 1238 4270 et
1290 4230 1387 4270 nos
1425 4216 1476 4269 in
1507 4212 1748 4271 novitate
1770 4211 1893 4264 vita:
1914 4224 2028 4262 am—

2139 4218 2241 4288 τῆς
2271 4217 2430 4289 δόξης
2454 4217 2548 4271 τοῦ
2574 4218 2788 4290 Πατρδς
2805 4256 2823 4283 ,
2852 4216 2994 4271 οὕτω
3024 4216 3118 4269 καὶ
3146 4216 3306 4285 ἡμεῖς
3335 4214 3395 4266 έν
3419 4213 3695 4282 καινότητι

471 4311 715 4365 bulemus
744 4309 847 4361 ⁷⁵.»
887 4307 942 4361 Si
974 4320 1067 4360 eos
1101 4306 1189 4373 qui
1221 4305 1271 4358 in
1317 4303 1476 4358 terris
1525 4302 1746 4370 degunt,
1807 4298 2030 4352 Christo

2139 4308 2278 4380 ζωῆς
2311 4310 2792 4380 περιπατήσωμεν.
2829 4325 2850 4360 ι
2887 4306 2953 4360 El
2990 4304 3142 4361 πᾶσά
3173 4320 3289 4367 πως
3328 4303 3546 4372 ἀνάγκη
3577 4301 3696 4364 τοὺς

472 4414 569 4471 per
596 4398 918 4467 baptismum
948 4395 1001 4448 in
1028 4402 1257 4448 mortem
1288 4392 1457 4460 ipsius
1480 4387 1805 4457 consepeliri
1840 4385 2017 4442 omni-

2139 4362 2351 4469 ;n\.;ﬁ;
2372 4362 2472 4471 γῆς
2498 4362 2896 4453 συνθάπτεσθαι
2920 4394 3141 4467 Χριστῷ
3160 4394 3250 4448 διὰ
3268 4362 3369 4447 τοῦ
3392 4362 3700 4462 βαπτίσμαέ

473 4504 543 4545 uo
576 4501 853 4543 necessum
883 4496 1001 4551 est;
1037 4493 1094 4539 ut
1118 4483 1571 4553 quemadmodum
1632 4481 1720 4535 ille
1769 4496 1836 4536 ex
1879 4496 2025 4535 mor-

2139 4508 2225 4555 τος
2253 4492 2334 4555 εἰς
2360 4491 2452 4544 τὸν
2485 4489 2713 4543 θάνατον
2742 4486 2928 4550 αὑτοῦ,
2961 4485 3049 4539 ἵνα
3088 4484 3278 4554 ὥσπερ
3320 4483 3488 4545 αὐτὸς
3515 4481 3582 4534 ἐκ
3612 4496 3698 4532 νε-

474 4581 578 4635 tuis
598 4578 917 4642 resurrexit,
952 4576 1025 4630 ita
1057 4588 1113 4630 et
1148 4589 1245 4630 nos
1267 4588 1484 4642 quoque
1535 4571 1587 4625 in
1634 4572 1870 4628 novitate
1898 4573 2024 4627 vitae

2139 4580 2284 4653 κρῶν
2311 4582 2629 4651 ἐγήγερται,
2652 4577 2747 4631 καὶ⁵
2781 4579 2945 4647 ἡμεῖς
2969 4577 3028 4628 ιν
3060 4572 3337 4642 καινότητι
3367 4570 3519 4641 ζωῆς
3550 4585 3700 4639 περι-

473 4668 825 4729 ambulemus,
872 4675 1126 4734 tanquam
1175 4661 1337 4717 simul
1393 4675 1514 4716 cum
1564 4674 1650 4726 eo,
1710 4660 1800 4730 qui
1852 4661 2029 4716 nostri

2139 4672 2497 4743 πατήσωμεν,
2530 4669 2606 4732 ὡς
2638 4665 3070 4738 συντεθαμμένοι
3112 4663 3207 4718 καὶ
3237 4661 3698 4733 συνεγηγερμένοι

473 4771 637 4812 causa
666 4764 907 4809 mortuus
947 4762 1030 4808 est
1073 4761 1128 4807 et
1154 4768 1184 4806 a
1216 4752 1448 4806 mortuis
1502 4766 1714 4806 rursum
1759 4752 2031 4809 excitatus

2139 4762 2213 4834 τῷ
2257 4763 2324 4815 δι’
2357 4762 2503 4832 ἡμᾶς
2528 4758 2854 4814 ἀποθανόντι
2895 4755 2993 4810 καὶ
3014 4752 3405 4825 ἐγηγερμένῳ·
3447 4749 3698 4822 19am-

472 4859 575 4910 est,
605 4845 799 4900 mortui
830 4853 884 4898 et
912 4845 1166 4897 excitati:
1202 4841 1446 4911 profecto
1487 4858 1593 4899 non
1637 4844 1844 4913 absque
1873 4859 2025 4898 sum-

2143 4852 2314 4907 στατά
2338 4869 2400 4904 τε
2428 4852 2523 4905 καὶ
2550 4849 2862 4917 ἀναγκαίως
2888 4846 2953 4900 τὸ
2977 4845 3080 4915 τῆς
3105 4842 3573 4913 ὲνανθρωπήσεως
3601 4840 3695 4892 πέ-

473 4953 559 4992 ma
594 4934 823 4989 utilitate
844 4947 907 4987 ac
928 4933 1250 4988 necessitate
1274 4934 1671 4991 incarnationis
1703 4934 2028 5004 mysterium

2142 4961 2380 5017 πρακται
2404 4944 2719 5014 μυστήριον,
2751 4938 2953 5011 σαρκός
2979 4953 3039 4990 τε
3066 4936 3160 4990 καὶ
3185 4935 3417 5005 αἵματος
3442 4932 3695 5017 μετέσχεν

472 5039 737 5099 patratum
768 5032 869 5090 est,
927 5022 1181 5090 carnique
1207 5030 1262 5077 et
1291 5025 1542 5094 sanguini
1604 5024 2031 5080 communicavit

2139 5037 2168 5088 ό
2189 5016 2381 5102 Λόγος⁶
2412 5032 2499 5086 ῖνα
2526 5019 2620 5084 καὶ
2642 5028 2933 5083 ἀποθανεῖν
2970 5024 3250 5094 λεγομένῳ
3276 5021 3578 5093 σαρκικῶε,
3601 5016 3693 5071 καὶ

472 5121 740 5186 Verbum;
772 5132 902 5185 quo,
939 5113 1193 5169 videlicet
1218 5111 1379 5169 simul
1403 5130 1523 5170 cum
1578 5115 1674 5171 illo
1704 5116 1797 5186 qui
1825 5130 2027 5172 secun-

2141 5123 2246 5194 μὴν
2271 5122 2365 5176 καὶ
2396 5119 2774 5192 ὲγηγερμένῳ,
2808 5114 3266 5183 συναποθάνωμεν
3305 5113 3402 5167 καὶ
3441 5124 3690 5179 συνεγερ-

471 5216 592 5266 (lunt
626 5225 844 5265 carnem
889 5216 1132 5262 mortuus
1184 5214 1241 5260 et
1296 5208 1643 5263 resuscitatus
1668 5216 1771 5273 est,
1834 5215 1887 5264 et
1931 5219 2027 5261 nos
2138 5214 2339 5285 θῶμεν,

470 5313 681 5366 quoque
708 5299 1002 5352 moriamur
1027 5307 1082 5351 et
1103 5311 1477 5367 resurgamus.

544 5408 562 5439 ι
603 5389 657 5456 $i
685 5389 828 5440 enim
888 5388 1231 5457 cornplantati
1280 5388 1410 5443 facti
1468 5403 1654 5444 sumus
1685 5386 2027 5443 similitudini

408 5486 411 5491 '
472 5480 659 5531 tnortis
687 5477 823 5544 ejus,
878 5478 1037 5533 simul
1090 5488 1146 5532 et
1196 5479 1608 5535 resurrectionis
1659 5478 1864 5533 erimus
1886 5478 1955 5530 ⁷⁸.
2000 5497 2018 5530 ι

2211 5407 2230 5440 ι
2262 5389 2325 5441 Εἰ
2351 5387 2459 5457 γὰρ
2491 5386 2763 5455 σύμφυτοι
2806 5383 3112 5451 γεγόναμεν
3136 5380 3216 5451 τῷ
3259 5376 3563 5449 ὁμοιώματι
3593 5367 3683 5422 τοῦ

2137 5477 2367 5531 θανάτου
2390 5474 2575 5539 αὑτοῦ,
2601 5472 2736 5527 ἀλλά
2766 5472 2860 5525 καὶ
2885 5471 2984 5541 τῆς
3011 5469 3363 5531 ἀναστάσεως
3383 5461 3631 5535 ἐσόμεθα·
3657 5474 3678 5509 ι

564 5625 651 5678 πει
686 5625 828 5679 Petr.
860 5643 897 5691 ι,
928 5626 1015 5692 ts,
1048 5628 1132 5682 ιο.
1210 5628 1256 5659 τι
1282 5628 1434 5682 nom.
1467 5645 1519 5695 v,
1549 5629 1602 5695 8,
1632 5629 1685 5683 9.
1763 5628 1969 5699 “jam.
2006 5627 2026 5677 t

2171 5623 2212 5691 Ῥ
2240 5624 2395 5681 Rom.
2427 5639 2500 5689 vr,
2533 5624 2586 5688 3,
2615 5624 2667 5676 4.
2745 5623 2791 5653 ⁷⁸
2818 5621 2951 5675 ibid.
2981 5620 3059 5675 5.-
