3970 6136
310 340 450 395 1295

1380 345 1467 399 DE
1506 344 1735 400 RECTA
1777 346 1933 401 FIDE
1967 352 2054 404 AD
2093 351 2410 411 REGINAS.

2378 242 2405 256 υ

3406 375 3536 428 lien

308 452 466 506 Κατὰ
498 452 588 506 τὸν
613 452 724 507 ἴσον
751 454 827 524 τῷ
860 453 1054 526 πρώτῳ
1078 457 1275 528 τρόπον
1306 459 1518 529 νοήσεις
1558 462 1651 513 καὶ
1683 462 1839 516 τοῦτο

1972 466 2027 520 In
2060 469 2304 522 eumdem
2331 486 2546 526 sensum
2578 484 2631 529 et
2660 477 2798 531 istud
2817 493 3029 548 quoque
3050 497 3290 553 exponas
3317 507 3330 544 :
3361 490 3533 555 «Quo-

313 562 331 595 ι
382 544 596 615 Ἐπειδὴ
631 544 737 615 γὰρ
766 546 832 598 δι’
860 546 1148 618 ἀνθρώπου
1176 551 1203 602 ὁ
1234 549 1462 612 θάνατος
1483 591 1497 612 ,
1528 553 1621 603 καὶ
1664 552 1731 605 δι’
1778 555 1870 605 ἀν-

304 633 523 702 θρώπου
549 634 841 698 ἀνάστασις
872 636 1110 708 νεκρῶν
1145 638 1333 711 ὥσπερ
1360 642 1466 712 γὰρ
1498 645 1555 694 ὲν
1584 642 1660 711 τῷ
1699 643 1870 713 Ἀδὰμ

303 724 504 786 πάντες
551 725 1004 797 ἀποθνήσκουσιν,
1071 728 1213 782 οῦτω
1261 732 1356 784 καὶ
1402 732 1460 785 ὲν
1517 732 1594 803 τῷ
1646 735 1869 805 Χριστῷ

303 814 505 877 πάντες
547 814 1067 888 ζωοποιηθήσονται.
1103 840 1121 871 ι
1154 821 1415 891 Δεύτερος
1448 823 1617 893 Ἀδὰμ
1667 842 1867 895 κεχρη-

307 909 534 972 μάτικεν
559 910 586 961 6
613 910 843 979 Χριστός
864 927 875 938 ·
902 912 997 964 καὶ
1025 912 1211 983 ὥσπερ
1238 915 1265 966 ὀ
1293 915 1692 984 πρῶτος-Ἀδὰμ
1720 918 1866 987 ἡμᾶς

301 992 660 1048 κατεϐίϐασεν
688 998 769 1058 εἰς
798 997 1023 1067 φθορὰν,
1071 1000 1242 1065 οὕτως
1273 1003 1301 1054 6
1327 1002 1577 1073 δεύτερος
1612 1006 1866 1075 ἀνεκόμι-

302 1098 395 1133 σεν
444 1084 524 1146 εἰς
570 1083 736 1156 ζωήν.
793 1089 903 1157 Οὐχ
950 1090 1027 1153 ὡς
1072 1091 1353 1162 ἄνθρωπος
1387 1093 1541 1161 ψιλὸς
1577 1096 1864 1150 ἀποθανὼν

302 1173 441 1243 ὑπὲρ
471 1177 651 1245 ἡμῶν,
685 1178 771 1231 ’ίνα
804 1179 876 1250 μὴ
915 1183 1009 1234 καὶ
1053 1184 1109 1235 ἐν
1143 1184 1290 1254 αὐτῷ
1342 1185 1613 1256 μείνωμεν
1642 1189 1858 1258 νεκροί·

301 1261 415 1313 ἀλλ’
446 1264 521 1326 ὡς
553 1265 684 1329 Θεὸς
723 1271 780 1319 ὲν
811 1271 973 1339 σαρκὶ
1014 1274 1106 1324 καὶ
1138 1274 1275 1342 αὐτῇ
1326 1276 1608 1340 πεπονθὼς
1648 1279 1861 1349 ἀνθρω-

302 1353 494 1417 πίνως,
544 1356 630 1409 ἵνα
664 1357 861 1423 θεῖκῶς
900 1362 1261 1431 ἁναστήσαντι
1292 1366 1381 1419 τὸν
1423 1367 1552 1421 ίδιον
1585 1369 1710 1422 ναὸν
1743 1387 1864 1425 συν-

299 1444 614 1514 εγερθῶμεν
644 1450 821 1519 ἡμεῖς.

722 1624 816 1677 Ἐκ
852 1624 958 1693 τῆς
987 1628 1136 1695 πρὸς
1157 1632 1451 1699 Γαλάτας.

376 1723 396 1756 ι
427 1708 659 1777 Χριστὸς
688 1715 835 1782 ἡμᾶς
867 1715 1195 1788 ἐξηγόρασεν
1237 1724 1302 1774 ἐκ
1345 1724 1444 1792 τῆς
1487 1727 1732 1796 κατάρας
1766 1730 1858 1783 τοῦ

1977 558 2118 610 niam
2149 560 2362 626 quidem
2400 577 2492 630 per
2530 566 2801 620 hominem
2835 585 3003 635 mors,
3035 583 3089 625 ct
3120 588 3217 642 per
3261 575 3530 634 hominem

1974 651 2300 704 resurrectio
2329 662 2697 721 mortuorum;
2754 668 2805 710 ct
2861 660 3001 714 sicut
3033 662 3085 716 in
3142 665 3310 719 Adam
3345 684 3535 723 omnes

1975 736 2295 803 moriuntur,
2353 741 2424 793 ita
2479 753 2532 794 et
2576 744 2626 797 in
2696 746 2912 801 Christo
2962 754 3150 806 omnes
3182 756 3526 813 vivificabun-

1975 826 2153 877 tur".
2199 846 2217 878 ι
2245 828 2495 885 Christus
2543 837 2816 911 secundus
2864 839 3035 893 Adam
3077 846 3378 914 appellatus
3429 864 3535 906 est.

1977 909 2043 965 Ut
2066 922 2247 968 autem
2303 918 2513 985 primus
2560 921 2733 976 Adam
2764 909 2859 981 nos
2891 928 3086 996 dejccit
3113 909 3195 987 vin
3232 938 3537 1009 cerrnptio-

1971 1017 2117 1067 nem,
2152 998 2224 1058 ita
2253 1010 2523 1065 secundus
2578 1012 2747 1066 Adam
2777 1032 2876 1071 nos
2934 1025 3184 1089 provexit
3228 1028 3290 1080 ad
3333 1030 3531 1095 vitam;
3619 1035 3627 1041 ’

1970 1109 2075 1147 non
2102 1105 2159 1148 ut
2186 1099 2344 1151 homo
2368 1105 2674 1158 communis
2729 1110 2896 1162 nostri
2955 1126 3113 1167 causa
3154 1129 3381 1175 mortem
3411 1139 3535 1192 per-

1970 1197 2179 1251 pessus,
2205 1202 2271 1240 ne
2307 1188 2358 1241 in
2389 1189 2480 1243 illo
2511 1196 2708 1248 mortui
2748 1213 3081 1268 maneamus,
3146 1208 3236 1260 sed
3290 1220 3350 1263 ut
3395 1213 3535 1268 Deus

1971 1276 2309 1334 incarnatus.
2348 1281 2453 1336 Per
2483 1299 2701 1339 carnem
2747 1304 2982 1358 namque
3016 1306 3207 1361 passus
3230 1310 3312 1351 est
3348 1311 3402 1354 ut
3438 1303 3533 1355 ho-

1969 1382 2089 1434 mo,
2125 1377 2203 1435 ut,
2236 1372 2359 1425 dum
2392 1377 2666 1445 proprimn
2700 1381 2954 1448 templum
2995 1385 3173 1440 divina
3202 1390 3400 1446 virtute
3438 1410 3532 1446 ex-

1968 1460 2217 1527 suscitat,
2257 1472 2313 1517 et
2355 1480 2454 1519 nos
2501 1468 2660 1522 simul
2686 1486 2901 1540 quoque
2946 1490 3065 1529 cum
3097 1478 3188 1533 illo
3229 1485 3531 1541 exsuscite-

1968 1565 2106 1604 mur.

2378 1647 2465 1702 Ea:
2491 1649 2722 1718 Epistula
2761 1657 2830 1708 ad
2883 1657 3121 1715 Galatas.

2041 1753 2060 1786 ι
2090 1735 2341 1794 Christus
2377 1756 2474 1796 nos
2502 1745 2729 1800 redemit
2761 1751 2827 1802 de
2854 1751 3143 1808 maledicto
3173 1755 3326 1824 legis,
3357 1758 3530 1814 factus

301 1795 485 1866 νόμου,
534 1802 822 1869 γενόμενος
869 1805 1008 1889 ὑπὲρ
1049 1809 1203 1878 ἡμῶν
1254 1814 1497 1884 κατάρα·
1548 1795 1854 1888 γέγραπται

2460 1795 2465 1796 ,
2766 1795 2826 1802 η
2854 1795 3141 1808 "mum-
3175 1795 3326 1824 ηηω,
3358 1795 3530 1814 me.“

1964 1840 2062 1894 pro
2122 1828 2278 1883 nobis
2335 1831 2709 1900 maledictum;
2743 1840 2865 1907 quia
2900 1842 3158 1911 scriptum
3204 1856 3286 1900 est
3321 1847 3531 1905 :Male-

298 1889 439 1958 γάρ*
490 1890 923 1965 Ἐπικατάρατος
948 1900 1055 1962 πᾶς
1084 1902 1111 1952 ὀ
1160 1903 1504 1974 κρεμάμενος
1549 1908 1640 1960 ἐπὶ
1673 1908 1858 1973 ξύλουο

301 1977 386 2029 ἵνα
414 1979 495 2040 είς
537 1980 603 2032 τὰ
626 1980 751 2052 ἔθνη
795 1986 827 2051 ἡ
876 1986 1093 2055 εὐλογία
1130 1991 1222 2043 τοῦ
1264 1993 1514 2065 Ἀϐραὰμ
1542 1997 1765 2068 γένηται
1803 2001 1861 2052 ἐν

298 2068 519 2139 Χριστῷ
559 2070 752 2141 Ἰησοῦ,
788 2075 874 2129 ἵνα
901 2078 999 2148 τὴν
1027 2081 1359 2149 ἐπαγγελίαν
1405 2086 1499 2139 τοῦ
1548 2088 1862 2158 Πνεύματος

297 2157 550 2230 λάϐωμεν
580 2162 666 2216 διὰ
696 2165 793 2235 τῆς
840 2167 1093 2232 πίστεως.
1140 2190 1159 2223 ι
1199 2173 1387 2244 Ἀορει
1420 2176 1483 2246 δή
1517 2195 1606 2246 μοι
1634 2157 1862 2233 κὰντεῦ-

299 2247 410 2313 θεν,
441 2250 523 2303 ὅτι
548 2253 739 2320 γέγονε
765 2255 844 2326 τῷ
874 2258 1061 2328 κόσμῳ
1099 2263 1364 2332 σωτήριος
1410 2265 1438 2315 6
1482 2267 1720 2337 Χριστοῦ
1765 2269 1860 2323 θά-

298 2357 458 2404 νατος
480 2358 492 2372 ·
519 2344 708 2412 γέγονε
737 2348 847 2416 γὰρ
877 2350 1016 2418 ὑπὲρ
1043 2351 1198 2420 ήμῶν
1224 2355 1455 2426 κατάρα,
1475 2360 1704 2430 σταυρὸν
1730 2361 1860 2414 61:0-

300 2429 509 2498 μείνας,
552 2432 649 2485 καὶ
688 2436 1018 2503 κρεμασοεὶς
1064 2439 1158 2491 ἐπὶ
1212 2438 1389 2505 ξύλου,
1441 2444 1527 2498 ἵνα
1763 2449 1857 2501 τοῦ

297 2519 500 2588 κόσμου
522 2522 622 2592 τὴν
643 2524 939 2595 ἁμαρτίαν,
977 2527 1063 2581 ἵνα
1094 2532 1175 2593 είς
1204 2531 1271 2584 τὰ
1296 2532 1422 2603 ἔθνη
1458 2536 1490 2603 ή
1514 2536 1731 2604 εὐλογία
1763 2539 1858 2591 τοῦ

309 2607 557 2680 ’Λϐραὰμ
608 2613 831 2683 γένηται
880 2617 937 2669 ὲν
1003 2619 1224 2690 Χριστῷ
1283 2622 1491 2689 Ἰησοῦο
1562 2627 1856 2691 τουτέστιν,

297 2694 382 2747 ἵνα
412 2697 675 2771 δικαιωθῇ
714 2703 782 2755 τὰ
808 2702 932 2775 ἔθνη
980 2706 1067 2759 διὰ
1109 2709 1365 2773 πίστεως,
1396 2712 1538 2765 κατὰ
1565 2715 1663 2783 τὴν
1689 2715 1857 2768 δοθεῖ-
1934 2734 1939 2739 ’

297 2803 394 2840 σαν
442 2789 774 2857 ἐπαγγελίαν
816 2793 893 2864 τῷ
931 2797 1202 2867 Ἀϐραὰμ,
1252 2800 1337 2852 ἵνα
1386 2802 1482 2871 τὴν
1526 2805 1860 2872 ἐπαγγελίαν

293 2877 387 2929 τοῦ
416 2879 733 2950 Πνεύματος
759 2884 1013 2954 λάϐωμεν
1047 2888 1135 2941 διὰ
1167 2890 1265 2957 τῆς
1297 2892 1547 2957 πίστεως.
1585 2896 1713 2948 Ὅτε
1750 2899 1860 2951 τοί-

295 2983 390 3019 νυν
418 2970 516 3020 xui.
544 2970 643 3038 τὴν
673 2973 730 3024 ὲν
760 2972 908 3042 νόμῳ
933 2973 1152 3027 λέλυκεν
1189 2978 1327 3047 ἀράν
1367 2981 1395 3031 6
1428 2980 1664 3050 Χριστοῦ
1696 2983 1858 3038 θάνα-

293 3072 402 3119 τος,
451 3059 545 3111 καὶ
590 3061 924 3132 προύξένησε
959 3068 1070 3128 τοῖς
1119 3067 1294 3121 ἔθνεσι
1328 3070 1425 3140 τὴν
1472 3071 1722 3139 εὐλογίαν
1759 3073 1853 3126 τοῦ

306 3148 574 3220 Ἀϐραάμ,
614 3154 861 3207 τουτέστι
887 3157 985 3226 τὴν
1015 3157 1101 3210 διά
1132 3159 1366 3224 πίστεως
1390 3162 1571 3233 χάριν,
1590 3164 1852 3235 μετόχους

290 3234 346 3288 δὲ
377 3237 519 3305 ἡμᾶς
557 3240 803 3312 ἀπέφηνε
836 3245 929 3296 καὶ
954 3245 1046 3297 τοῦ
1076 3247 1231 3314 ἁγίου
1262 3250 1598 3321 Πνεύματος·
1627 3255 1726 3306 οὐκ
1748 3234 1850 3306 ἁν-

291 3322 508 3393 θρώπου
534 3329 713 3381 κοινοῦ
740 3334 897 3384 νοοῖτ’
931 3332 997 3386 ἂν
1031 3336 1060 3386 6
1084 3335 1312 3400 θάνατος
1351 3339 1546 3392 αὐτοῦ’
1580 3344 1849 3411 περινοεῖν

287 3413 344 3464 δὲ
394 3419 656 3487 προσήκει
705 3421 927 3489 μᾶλλον,
972 3425 1053 3476 ὅτι
1102 3425 1237 3494 σὰρξ
1299 3429 1532 3495 γεγονὼς
1578 3433 1607 3483 6
1654 3432 1847 3499 Λόγος,

291 3508 453 3575 σαρκὶ
484 3508 748 3562 πέπονθεν
792 3513 930 3582 ὑπὲρ
955 3515 1049 3566 τοῦ
1081 3517 1308 3584 κόσμου,
1355 3519 1451 3570 καὶ
1478 3521 1700 3586 γέγονεν
1731 3522 1850 3573 ἱκαι

290 3594 378 3645 νὸν
412 3595 470 3645 τὸ
496 3595 661 3647 αὐτοῦ
693 3598 865 3660 πάθος
892 3602 970 3662 είς
1000 3600 1099 3669 τὴν
1130 3602 1224 3654 τοῦ
1255 3604 1459 3673 κόσμου
1487 3605 1773 3677 λύτρωσιν.

673 3687 774 3739 Ἐκ
810 3687 921 3754 τῆς
948 3690 1098 3756 πρὸς
1135 3690 1471 3760 Ἐφεσίους.

366 3792 385 3824 ι
420 3775 558 3828 Νυνὶ
585 3776 641 3828 δὲ
671 3779 728 3829 ὲν
758 3780 979 3850 Χριστῷ
1018 3781 1217 3852 Ἰησοῦ,
1254 3786 1411 3856 ὑμεῖς
1438 3788 1487 3839 οἰ
1519 3788 1649 3841 ποτὲ
1696 3790 1850 3854 ὖντες

291 3867 530 3935 μακρὰν,
574 3867 870 3939 ἐγενήθητε
919 3872 1084 3939 ἐγγὺς
1138 3875 1195 3926 ὲν
1226 3875 1301 3944 τῷ
1345 3878 1535 3949 αἵματι
1573 3880 1668 3934 τοῦ
1716 3883 1851 3954 Χριο

290 3953 436 4005 στοῦ.
465 3955 634 4019 Αὐτὸς
668 3957 779 4027 γάρ
812 3961 959 4013 ἐστιν
983 3964 1016 4032 ή
1046 3963 1233 4034 είρήνη
1260 3966 1437 4037 ήμῶν,
1466 3971 1495 4022 6
1519 3971 1751 4040 ποιήσας
1772 3953 1847 4025 7τὰ

285 4045 572 4114 ἀμφότερα
606 4046 684 4111 ἒν,
710 4049 827 4115 χκαὶ
858 4052 920 4104 τὸ
955 4055 1269 4125 μεσότοιχον
1314 4059 1408 4111 τοῦ
1466 4063 1719 4133 φραγμοῦ
1750 4064 1846 4117 λύ-

286 4149 404 4195 σας,
434 4134 531 4205 τὴν
560 4136 759 4209 ἔχθραν
787 4142 845 4193 ὲν
869 4145 933 4213 τῇ
964 4148 1126 4215 σαρκὶ
1155 4149 1342 4213 αὐτοῦ,
1362 4151 1470 4204 τῶν
1499 4154 1731 4208 ἐντολῶν
1752 4158 1844 4210 τὸν

283 4226 444 4295 νόμον
479 4228 535 4279 ἐν
565 4229 797 4300 δόγμασι
831 4238 1200 4307 καταργήσας.
1238 4259 1255 4290 ι
1294 4242 1354 4293 Et
1394 4244 1488 4296 καὶ
1529 4246 1658 4308 τοὺς
1684 4246 1844 4312 ὄντας

286 4319 502 4387 μακρὰν
526 4320 614 4373 διὰ
644 4323 705 4374 τὸ
738 4324 1043 4379 πλανᾶσθαι
1084 4332 1227 4383 κατὰ
1269 4333 1360 4387 τὸν
1402 4334 1624 4405 κόσμον,
1663 4339 1754 4391 καὶ
1784 4340 1843 4393 ὲν

282 4408 533 4480 ἀθεότητι
581 4413 865 4480 διατελεῖν,
916 4419 1081 4486 ἐγγὺς
1112 4422 1377 4491 πεποίηκε
1418 4424 1481 4476 τὸ
1522 4419 1662 4496 αἷμα
1711 4430 1844 4497 Χρι-

283 4498 431 4551 στοῦ·
465 4502 582 4564 πῶς
609 4506 709 4557 οὐκ
741 4508 1015 4575 ἀναγκαία
1033 4514 1144 4573 τοῖς
1173 4513 1263 4565 ἐπὶ
1290 4515 1389 4584 τῆς
1416 4518 1518 4585 γῆς
1544 4521 1576 4585 ἡ
1617 4518 1711 4571 τοῦ
1743 4522 1845 4573 Λό-

281 4606 380 4655 γου
412 4593 706 4661 σάρκωσις,
746 4600 1082 4667 συλλέγουσα
1109 4605 1176 4658 τὰ
1200 4606 1526 4678 διῃρημένα,
1553 4613 1648 4663 καὶ
1674 4629 1842 4682 προσ-

281 4682 559 4735 οικειοῦσα
610 4687 709 4754 μὲν
753 4690 830 4760 τῷ
867 4691 985 4761 Θεῷ
1029 4684 1153 4758 τοὺς
1202 4700 1439 4766 μακρὰν,
1491 4701 1746 4764 κτίζουσα
1788 4705 1844 4757 δὲ

278 4770 405 4831 τοὺς
450 4772 541 4825 δύο
580 4774 740 4840 λαοὺς
787 4781 864 4842 εἰς
911 4781 1005 4834 ἓνα
1055 4786 1240 4838 καινὸν
1287 4787 1570 4859 ἄνθρωπον
1615 4792 1702 4845 διὰ
1744 4797 1843 4863 τῆς

276 4859 442 4912 αὐτοῦ
493 4865 723 4933 σαρκόςς
773 4868 991 4923 Δέδοται
1036 4872 1145 4943 γὰρ
1200 4878 1279 4938 εἰς
1322 4876 1588 4948 λύτρωσιν
1633 4882 1742 4934 τῶν
1783 4885 1840 4936 ὲν

274 4949 595 5019 ἁμαρτίαις,
621 4959 714 5010 καὶ
738 4959 803 5010 δι’
835 4962 1002 5032 αὐτῆς
1051 4966 1118 5025 τὰ
1147 4967 1321 5020 πάντα
1362 4974 1737 5042 κατεκτήσατο
1764 4974 1840 5045 τῷ

274 5038 392 5107 Θεῴ
424 5043 516 5094 καὶ
549 5046 743 5115 Πατρί.
791 5050 902 5102 Καὶ
937 5053 1072 5120 πρὸς
1096 5055 1305 5119 τούτοις
1348 5058 1427 5110 ἔτι
1474 5038 1624 5114 καὶτὸ
1671 5038 1837 5117 πάλαι

274 5131 619 5200 κατήργηται
664 5136 824 5206 νόμος
850 5180 864 5203 ,
912 5141 987 5204 ὡς
1030 5144 1169 5215 ὑπὲρ
1201 5148 1361 5200 αὐτὸν
1402 5150 1567 5219 οῦσης
1606 5155 1703 5223 τῆς
1748 5157 1832 5209 πί·-

277 5235 463 5286 στεως,
497 5224 654 5293 δῆλον
679 5229 735 5280 δὲ
775 5231 855 5282 ὅτι
898 5235 995 5302 τῆς
1039 5238 1097 5288 ὲν
1141 5240 1379 5309 Χριστῷ.
1427 5244 1538 5296 Καὶ
1579 5249 1626 5299 εἰ
1676 5249 1835 5301 τοῦτό

272 5310 420 5362 ἐστιν
462 5316 678 5384 ἀληθὲς,
730 5320 848 5383 πῶς
877 5324 1016 5395 ὑπὲρ
1045 5328 1207 5397 νόμον
1253 5333 1286 5401 ή
1315 5332 1515 5402 πίστις,
1560 5338 1608 5389 εί
1649 5338 1722 5408 μὴ
1759 5340 1834 5402 ὡς

273 5398 394 5468 Θεῴ
420 5408 860 5481 πεπιστεύκαμεν
884 5414 961 5484 τῷ
992 5417 1212 5489 Χριστῷ
1234 5436 1249 5485 ;

340 5662 384 5695 ⁷⁷
412 5663 456 5719 ιι
486 5665 612 5726 Cor.
647 5686 737 5741 xv,
766 5673 855 5730 21.
934 5678 981 5711 τ’
1012 5678 1185 5736 Galat.
1226 5697 1311 5749 ιιι,
1343 5684 1427 5749 15,
1464 5685 1550 5741 14.

1964 1918 2138 1972 dictus
2175 1921 2351 1978 omnis
2396 1927 2487 1992 qui
2512 1928 2708 1994 pendet
2736 1928 2982 2001 inligno:
3017 1942 3073 1986 ιιι
3098 1937 3413 2005 ingentibus
3443 1941 3531 1995 be-

1964 2009 2199 2064 nedictio
2231 2010 2381 2067 ﬁeret
2411 2015 2643 2072 Abrahae
2674 2018 2729 2072 in
2763 2019 2982 2077 Cbrism
3011 2022 3160 2086 Jesu,
3221 2037 3278 2080 ut
3308 2027 3523 2098 pollici-

1964 2103 2218 2157 tationem
2271 2102 2508 2173 Spiritus
2534 2109 2873 2191 accipiamus
2897 2129 2996 2183 per
3025 2117 3180 2171 (idem
3208 2119 3276 2171 ⁷⁸.
3321 2139 3339 2172 ι
3394 2121 3531 2179 Hinc

1960 2191 2122 2244 etiam
2159 2195 2452 2263 perspicias
2495 2197 2640 2265 licet,
2683 2201 2884 2271 Christi
2926 2216 3152 2261 mortem
3200 2212 3399 2267 mundo
3438 2228 3531 2270 sar

1962 2281 2192 2336 lutarem
2220 2286 2514 2341 exstitisse.
2568 2287 2700 2343 Nam
2751 2294 3091 2349 maledictum
3143 2301 3313 2354 nostri
3351 2318 3518 2359 causa

1963 2372 2136 2428 factus
2168 2385 2273 2438 est,
2313 2366 2436 2431 dum
2465 2393 2683 2441 crucem
2709 2385 2989 2453 sustinuit,
3032 2389 3190 2459 100
3220 2407 3436 2465 necnon,
3459 2415 3526 2455 ex

1961 2464 2108 2533 ligno
2156 2470 2428 2537 pependit,
2484 2487 2611 2542 quo,
2651 2476 2848 2531 mundo
2898 2495 2925 2532 a
2981 2486 3221 2552 peccatis
3284 2493 3523 2556 expiato,

1960 2556 2196 2612 Abrahae
2224 2559 2532 2617 benedictio
2568 2565 2619 2619 in
2651 2567 2869 2624 Christo
2905 2568 3029 2626 Jesu
3068 2575 3221 2630 ﬁeret
3250 2579 3303 2631 in
3338 2584 3516 2649 genti-

1960 2645 2081 2709 bus,
2114 2647 2213 2702 hoc
2236 2659 2340 2714 est,
2363 2661 2423 2707 ut
2439 2664 2650 2723 gentes,
2678 2657 2831 2726 juxta
2860 2664 3271 2730 promissionem
3288 2645 3519 2727 Abrahae

1962 2734 2181 2800 factam,
2209 2754 2304 2808 per
2330 2741 2485 2796 ﬁdem
2505 2746 2956 2817 justiﬁcarentnr,
2992 2770 3198 2825 nosque
3238 2775 3333 2827 per
3360 2762 3518 2818 iidem

1961 2823 2218 2890 Spiritum
2240 2832 2565 2896 promissum
2595 2838 2985 2897 obtineremus.
3015 2823 3149 2900 Cum
3171 2823 3332 2918 igitur
3356 2851 3516 2909 Chri-

1960 2913 2027 2966 sti
2057 2929 2205 2971 mors
2222 2916 2357 2988 legis
2379 2923 2814 2982 maledictionem
2844 2944 2876 2984 e
2906 2936 3083 2989 medio
3123 2913 3429 3009 sustulerit,
3465 2955 3522 3000 et

1960 3006 2208 3070 gentibus
2235 3024 2452 3064 rursum
2505 3012 2729 3070 Abrahae
2782 3018 3240 3094 benedictionem,
3280 3031 3382 3087 hoc
3416 3006 3521 3089 est

1880 3126 1921 3181 ε
1957 3095 2184 3159 gratiam
2204 3111 2299 3164 per
2323 3097 2479 3153 [idem
2505 3106 2792 3172 pepererit,
2810 3117 2865 3162 et
2893 3113 3105 3167 tandem
3135 3113 3365 3185 Spiritus
3389 3136 3521 3177 san-

1954 3185 2025 3236 cti
2055 3187 2341 3256 participes
2364 3205 2463 3246 nos
2495 3194 2821 3263 reddiderit;
2859 3204 3166 3272 neutiquam
3207 3210 3520 3268 existimare

1953 3273 2209 3333 debemus
2276 3290 2502 3336 mortem
2564 3285 2703 3341 illius
2759 3291 2999 3361 vulgaris
3058 3295 3358 3367 cujuspiam
3415 3304 3515 3358 ho-

1953 3366 2114 3421 minis
2133 3380 2360 3425 mortem
2383 3374 2659 3431 exstitisse
2690 3396 2703 3432 :
2740 3381 2871 3445 quin
2926 3383 2979 3437 id
3042 3366 3229 3455 potius
3274 3401 3517 3452 statuere

1953 3468 2054 3508 nos
2088 3455 2265 3521 decet,
2302 3474 2494 3531 nempe
2520 3462 2755 3522 Verbum
2792 3471 3133 3530 incarnalum
3192 3492 3420 3538 mortem
3458 3485 3512 3541 in

1954 3554 2114 3596 carne
2141 3558 2239 3612 pro
2269 3551 2466 3603 mundo
2492 3556 2797 3621 pertulisse,
2836 3560 3061 3631 ejusque
3110 3570 3418 3635 passionem
3446 3578 3515 3633 ad

1951 3643 2163 3685 omnem
2192 3633 2468 3692 hominum
2507 3645 2925 3713 redemptionem
2955 3633 3169 3713 abunde
3208 3673 3292 3716 sat
3319 3665 3508 3723 fuisse.

2364 3726 2448 3781 Ετ
2468 3731 2705 3801 Ερὶειοια
2736 3739 2804 3791 ad
2833 3740 3102 3808 Ephesios.

2028 3830 2047 3862 ε
2087 3811 2237 3869 Nunc
2270 3827 2449 3872 autem
2483 3821 2533 3874 in
2566 3823 2779 3880 Christo
2803 3828 2954 3896 Jesu,
2989 3850 3084 3890 vos
3108 3842 3197 3907 qui
3221 3844 3512 3914 aliquando

1949 3903 2115 3958 eratis
2150 3904 2329 3975 longe,
2357 3908 2484 3963 facti
2509 3914 2642 3969 estis
2677 3930 2842 3986 prope
2872 3922 2929 3975 in
2991 3903 3249 3994 sanguine
3281 3903 3506 3995 Christi.

1949 3990 2065 4059 Ipse
2087 3995 2233 4048 enim
2258 4008 2341 4053 est
2366 4014 2470 4068 pax
2501 4014 2714 4070 nostra,
2750 4010 2840 4077 qui
2876 4009 3003 4066 fecit
3034 4026 3261 4088 utraque
3312 4041 3503 4094 unum,

1947 4095 2002 4138 et
2035 4087 2267 4142 medium
2304 4092 2564 4158 parietem
2621 4100 2869 4155 maceriae
2912 4105 3146 4175 solvens,
3172 4087 3512 4175 iinimiciiias

1950 4173 2001 4228 in
2031 4191 2193 4231 carne
2228 4195 2347 4243 sua,
2379 4181 2548 4252 legem
2595 4190 2970 4250 mandatorum
3006 4198 3057 4252 in
3104 4202 3338 4261 decretis
3373 4220 3503 4263 eva-

1946 4282 2118 4322 cuans
2148 4269 2217 4323 7°.
2250 4290 2268 4321 ι
2307 4272 2460 4337 Quod
2492 4277 2536 4329 si
2569 4292 2665 4333 eos
2691 4281 2780 4347 qui
2810 4286 2998 4352 procul
3050 4291 3297 4358 aberant,
3348 4298 3420 4352 ob
3451 4302 3503 4353 id

1949 4350 2202 4413 nimirum
2237 4364 2381 4430 quod
2408 4380 2504 4433 per
2562 4371 2819 4425 mundum
2869 4378 3156 4435 errabundi
3190 4383 3510 4457 divagaren—

1881 4449 1921 4503 ο
1955 4456 2044 4501 tur
2065 4460 2396 4521 aetatemque
2450 4457 2502 4509 in
2532 4459 2810 4528 impietate
2832 4480 3074 4536 agerent,
3111 4449 3510 4545 sanguisthri-

1949 4540 2016 4593 Sli
2091 4555 2259 4609 prope
2314 4545 2568 4615 adduxit;
2624 4557 2889 4620 quomodo
2965 4558 3126 4618 Verbi
3185 4540 3507 4640 incarnatio,
3580 4578 3583 4581 ’

1948 4643 2067 4694 quae
2101 4643 2155 4686 et
2178 4634 2420 4702 dispersa
2481 4640 2531 4693 in
2582 4658 2744 4697 unum
2800 4648 3037 4720 collegit,
3071 4664 3124 4709 et
3164 4656 3320 4728 longe
3352 4666 3510 4718 aber-

1936 4729 2135 4774 rantes
2165 4722 2275 4777 Deo
2298 4729 2691 4794 reconciliavit,
2722 4744 2776 4786 et
2807 4737 2939 4792 duos
2982 4746 3207 4811 populos
3253 4722 3305 4804 in
3339 4768 3502 4809 unum

1944 4821 2138 4860 novum
2162 4809 2434 4868 hominem
2487 4831 2582 4884 per
2608 4835 2827 4876 carnem
2864 4809 3003 4882 illius
3049 4809 3273 4905 redegit,
3310 4847 3503 4909 generi

1951 4896 2187 4952 humano
2215 4916 2318 4956 non
2356 4914 2477 4958 erat
2519 4915 2887 4968 necessaria?
2941 4920 3186 4978 Exhibita
3232 4896 3339 4983 est"
3357 4936 3503 4989 enim

1950 4986 2064 5038 haec
2089 5002 2218 5043 caro
2283 4992 2332 5044 in
2359 5008 2544 5049 eorum
2594 5000 2962 5078 liberationem
3018 5012 3108 5077 qui
3137 5020 3372 5081 peccatis
3401 5026 3503 5075 ob-

1945 5076 2119 5128 stricti
2185 5084 2527 5149 tenebantur,
2597 5076 2885 5164 omniaque
2941 5115 3036 5167 per
3077 5102 3243 5169 ipsam
3296 5106 3405 5161 Deo
3446 5122 3504 5168 et

1941 5165 2085 5220 Patri
2141 5169 2417 5228 lncrifacta
2468 5189 2613 5232 sunt.
2643 5181 2749 5237 Lex
2773 5165 3028 5252 praetcrea
3057 5165 3227 5256 vetus,
3252 5200 3392 5262 quod
3432 5203 3499 5252 ii-

1941 5254 2036 5308 des
2077 5257 2129 5309 in
2173 5260 2448 5318 Christum
2505 5272 2669 5324 multo
2727 5275 2812 5327 illa
2860 5279 2930 5341 sit
2977 5283 3345 5353 excellentior,
3402 5305 3497 5357 per

1943 5346 2189 5399 eamdem
2217 5363 2432 5421 quoque
2466 5358 2661 5413 abolita
2688 5373 2788 5416 est.
2848 5366 2918 5419 At
2949 5373 3217 5435 quomodo
3253 5346 3342 5430 lett
3370 5346 3495 5451 fidei

1943 5433 2075 5455 μη.
2210 5438 2221 5455 ς
2293 5441 2347 5455 ι..
2402 5445 2415 5455 .
2882 5454 2887 5455 ,
3421 5450 3425 5455 .

1937 5433 2099 5497 cedit,
2130 5437 2173 5488 si
2208 5438 2261 5493 in
2290 5441 2560 5501 Christum
2592 5458 2844 5518 tanquam
2878 5454 2930 5509 in
2956 5433 3138 5515 rerum
3185 5463 3348 5521 Deum
3386 5433 3494 5527 uo;

1941 5525 2242 5582 credimus?

1659 5690 1705 5723 ⁷⁸
1731 5690 1927 5761 Ephcs.
1960 5710 2018 5762 ιι,
2057 5697 2237 5753 15-15.
