3942 6128
499 194 639 251 1ἷῖ99

1451 198 1513 253 S.
1553 197 1825 253 CYRILLI
1869 200 2337 257 ALEXANDRINI
2374 202 2694 260 ARCHIEP.

3534 208 3641 266 1300

495 326 637 365 nunc
662 311 875 364 demum
894 312 1161 382 dirempta
1179 322 1264 369 est
1293 331 1308 368 :
1341 315 1803 384 quandoquidem,
1846 318 2055 386 peccati

2166 318 2393 372 Λέλυται
2418 320 2476 373 δὲ
2504 320 2598 373 νῦν
2623 320 2682 372 ὲν
2710 317 2929 390 Χριστῷ
2969 319 3030 371 τὸ
3075 317 3421 389 ἀντιστατοῦν,
3448 321 3528 372 καὶ
3555 322 3647 392 ἠτό-

496 404 612 472 Io-ge
635 420 729 470 per
756 403 904 457 illum
934 403 1281 470 labefactata,
1309 406 1393 460 lex
1446 406 1684 475 Spiritus
1714 421 1935 474 regnum
1961 408 2060 460 ob-

500 495 653 550 tinet.
680 494 791 561 Qua
820 495 965 550 istud
987 506 1168 551 autem
1191 497 1258 551 de
1288 498 1495 553 causa?
1524 516 1542 547 ι
1572 496 1715 551 Misit
1743 499 1887 552 enim
1923 497 2063 553 Deus

497 583 691 639 Filium
743 600 900 640 suum
952 587 1005 641 in
1051 586 1463 641 similitudinem
1499 587 1680 640 carnis
1718 588 1956 655 peccati,
2005 598 2066 641 ut

497 685 778 743 peccatum
817 676 1140 731 condemnet
1182 677 1236 729 in
1271 693 1436 730 carne
1464 677 1534 731 ”.
1574 696 1593 728 ι
1628 677 1727 742 Qui
1776 692 1906 747 ergo
1949 676 2062 731 ﬁeri

499 773 682 834 potest
746 775 804 818 ut
836 764 994 819 Verbi
1036 767 1337 821 incarnatio
1385 782 1487 820 non
1530 766 1696 821 fuerit
1731 782 1941 822 summe
1973 785 2067 821 ne-

499 856 784 911 cessaria?
826 858 933 910 Per
983 858 1125 915 hanc
1172 872 1408 926 namque
1460 868 1740 927 peccatum
1792 858 1846 912 in
1900 871 2065 912 carne

498 951 660 1003 etiam
700 958 886 1004 nostra
931 950 1352 1004 condemnatum
1401 959 1505 1003 est.
1538 950 1690 1015 Quod
1731 950 1778 1003 si
1833 949 2062 1003 Verbum

500 1055 629 1095 caro
656 1040 856 1095 factum
890 1055 995 1094 non
1026 1050 1128 1105 est,
1163 1057 1252 1096 res
1279 1051 1477 1095 nostra:
1507 1042 1728 1094 omnino
1780 1048 2067 1110 prostratae

506 1135 971 1202 inemendatscque
1013 1142 1368 1198 manserunt;
1420 1142 1581 1201 atque
1644 1132 1777 1186 adeo
1823 1147 1916 1199 per
1946 1147 2066 1186 car-

502 1239 627 1279 nem
657 1223 758 1295 lcgi
795 1224 1000 1291 peccati
1028 1224 1318 1286 servimus,
1349 1223 1493 1277 nullo
1538 1224 1591 1277 in
1621 1223 1779 1276 nobis
1806 1222 2064 1291 impetum

502 1314 647 1370 illius
738 1316 1061 1369 retundente
1136 1323 1231 1368 aut
1306 1312 1635 1368 refrenante.
1691 1311 2065 1367 Necussariam

502 1407 729 1474 proinde
761 1406 1036 1460 exstitisse
1054 1404 1285 1460 dicimus
1309 1404 1706 1474 bypostaticam
1739 1403 1921 1458 carnis
1944 1418 2069 1458 etim

508 1494 681 1551 Verbo
710 1497 999 1557 unionem;
1042 1511 1144 1551 non
1172 1509 1522 1566 personarum
1549 1496 1691 1549 inter
1710 1508 1769 1548 se
1795 1494 2065 1563 c0pulam,

504 1595 597 1640 aut
641 1586 810 1642 solam
865 1586 1195 1640 voluntatum
1259 1583 1605 1639 concordiam
1659 1592 1714 1638 et
1766 1583 2065 1652 simplicem

503 1668 960 1746 conjnnﬁtionem,
991 1692 1153 1747 quam
1185 1676 1405 1745 quidam
1446 1683 1707 1730 statuunt.

578 1788 598 1819 ι
634 1768 772 1833 Quid
805 1782 933 1835 ergo
965 1769 1204 1821 dicemus
1249 1766 1316 1819 ad
1361 1766 1520 1820 haec?
1556 1763 1613 1818 Si
1654 1764 1797 1817 Deus
1836 1779 1933 1833 pro
1966 1778 2068 1818 no-

501 1857 612 1920 bis,
639 1840 762 1926 quis
789 1866 979 1911 contra
1013 1857 1147 1910 nos?
1175 1854 1278 1930 Qui
1309 1855 1473 1909 etiam
1518 1854 1738 1924 proprio
1772 1852 1909 1907 Filio
1960 1868 2067 1907 non

502 1949 763 2019 pepercit,
810 1948 902 2002 sed
959 1961 1055 2016 pro
1103 1946 1261 2001 nobis
1308 1944 1559 1999 omnibus
1607 1944 1826 1997 tradidit
1876 1943 2067 2009 illum;

503 2037 773 2104 quomodo
807 2050 936 2104 ιιιοη
967 2035 1130 2089 etiam
1172 2048 1295 2089 cum
1349 2033 1439 2087 illo
1475 2032 1653 2086 omnia
1704 2033 1858 2087 nobis
1903 2032 2068 2084 dona-

388 2186 395 2203 |
502 2103 581 2178 vit
615 2124 705 2176 "‘i
756 2103 868 2177 {Si
919 2124 1059 2177 Deus
1114 2121 1277 2177 Pater
1323 2122 1599 2191 proprium
1647 2118 2066 2185 Filium,illum

502 2215 676 2281 ipsum
709 2213 963 2267 nimirum
990 2214 1081 2282 qui
1112 2227 1179 2267 ex
1227 2212 1371 2266 illius
1398 2210 1701 2267 substantia
1750 2221 1903 2264 ortus
1943 2219 2065 2277 est,

506 2304 665 2378 104
706 2320 803 2375 pro
837 2307 990 2359 nobis
1021 2306 1258 2372 donavit,
1327 2319 1455 2375 ergo
1504 2320 1699 2375 corpus
1739 2307 1882 2375 quod
1931 2320 2071 2359 mor-

505 2406 611 2449 tem
651 2395 929 2460 sustinuit,
961 2395 1237 2464 proprium
1292 2394 1433 2448 illius
1466 2407 1604 2459 erat,
1638 2396 1728 2465 qui
1768 2395 2067 2450 secundum

503 2496 719 2537 carnem
780 2499 970 2553 passus
1017 2494 1103 2537 est
1134 2491 1279 2554 (nam
1317 2484 1613 2538 secundum
1660 2485 1956 2539 divinitatis
1980 2499 2070 2537 na-

505 2581 678 2626 turam
709 2574 818 2642 pati
848 2589 952 2627 non
984 2574 1253 2642 poterat);
1283 2574 1355 2627 ita
1386 2574 1530 2627 enim
1554 2576 1642 2642 qui
1677 2575 1970 2628 secundum
2010 2588 2070 2628 se

424 2674 427 2677 ‘
505 2664 618 2731 pati
645 2665 864 2733 nequit,
913 2665 1306 2733 dispensatorie
1365 2674 1591 2719 mortem
1628 2679 1918 2734 perpessus
1961 2673 2065 2718 est.

512 2754 739 2808 Proinde
780 2757 869 2823 qui
913 2771 1075 2809 unum
1110 2755 1162 2809 in
1196 2755 1333 2811 duos
1369 2755 1715 2824 dispertiunt,
1744 2767 1929 2824 aperte
1965 2758 2068 2810 im-

507 2843 720 2917 pietatis
742 2845 975 2898 crimine
1020 2859 1138 2899 sese
1168 2846 1588 2915 constringunt:
1626 2847 2066 2915 quandoquidem

2166 426 2294 478 νησε
2330 412 2429 481 μὲν
2461 411 2562 481 τῆς
2593 410 2866 480 ἁμαρτίας
2895 411 2924 462 6
2945 409 3124 478 νόμος,
3156 410 3443 480 κεκράτηκε
3462 410 3511 464 δὲ
3535 414 3558 465 6
3578 412 3646 466 τοῦ

2165 502 2502 571 Πνεύματος.
2537 503 2638 554 Διὰ
2666 501 2825 554 ποίαν
2855 499 3063 565 αίτίαν;
3087 520 3106 551 t
3134 499 3383 569 Πέπομφε
3405 501 3649 569 γὰρὸΘεὸς

2163 594 2255 649 τὸν
2284 593 2477 646 ἑαυτοῦ
2505 593 2634 647 Υίὸν
2656 596 2714 646 ὲν
2745 593 3051 661 ὁμοιώματι
3086 592 3282 661 σαρκὸς
3314 594 3565 662 ἁμαρτίας.
3589 595 3648 647 iv:

2166 684 2466 756 κατακρίνῃ
2488 684 2587 755 τὴν
2615 683 2886 753 ἁμαρτίαν
2915 684 2970 733 ὲν
2998 684 3063 752 τῇ
3100 682 3275 751 σαρκί.
3299 701 3316 733 ι
3337 677 3469 744 Εἶτα,
3494 684 3585 745 πῶς
3606 681 3672 735 οὗ

2166 774 2564 846 χρειωδεστάτη
2598 773 2718 826 λίαν
2749 775 2781 843 ἡ
2816 772 2908 825 τοῦ
2939 772 3111 839 Λόγου
3139 773 3428 841 σάρκωσιςς
3456 774 3644 825 Κατσκέ-

2166 884 2353 935 κριται
2376 866 2487 937 γὰρ
2515 864 2657 918 οὕτω
2687 866 2779 917 καὶ
2818 867 2876 916 ἐν
2908 866 2973 934 τῇ
3006 864 3168 934 σαρκὶ
3207 864 3353 932 ἡμῶν
3378 866 3408 932 ἠ
3439 865 3644 933 ἁμαρτία.

2168 958 2231 1011 El
2261 958 2316 1010 δὲ
2345 957 2404 1009 οὐ
2443 956 2633 1024 γέγονε
2667 955 2803 1025 σὰρξ
2834 956 2861 1007 6
2888 954 3080 1021 Λόγος,
3111 953 3497 1024 ἀπομεμένηκεν
3521 954 3650 1023 dirip-

2168 1048 2315 1102 θωτα
2340 1046 2413 1100 τὰ
2437 1046 2554 1099 καθ’
2586 1047 2753 1115 ἡμᾶς,
2784 1045 2879 1097 καὶ
2902 1042 3224 1112 δουλεύομεν
3263 1045 3325 1112 τῇ
3371 1042 3512 1112 σαρκὶ
3543 1043 3651 1111 νόμῳ

2168 1137 2479 1208 ἁμαρτίας,
2516 1136 2728 1199 οὐδενὸς
2773 1136 2829 1189 ὲν
2879 1136 3009 1205 ἡμῖν
3057 1133 3224 1202 αὐτὴν
3266 1134 3648 1202 καταργήσαντος.

2168 1226 2378 1284 Οὐκοῦν
2408 1226 2713 1295 ἀναγκαίαν
2763 1220 2903 1277 εἶναι
2950 1241 3132 1293 φαμεν
3164 1223 3261 1293 τὴν
3287 1223 3397 1277 καθ’
3423 1223 3650 1275 ὑπόστασιν

2168 1319 2361 1373 ἕνωσιν
2389 1316 2483 1371 τοῦ
2510 1318 2670 1384 λόγου
2698 1316 2833 1386 πρὸς
2855 1316 2952 1386 τὴν
2983 1315 3183 1384 σάρκα,
3217 1316 3306 1367 καὶ
3334 1314 3443 1384 οὐχὶ
3461 1314 3513 1383 δὴ
3535 1314 3649 1383 μόνην

2168 1405 2266 1475 τὴν
2297 1407 2355 1459 ὲν
2381 1403 2714 1472 προσώποις,
2741 1404 2834 1455 καὶ
2862 1403 3004 1456 κατά
3031 1402 3267 1474 θέλησιν,
3296 1403 3403 1473 ἦτοι
3426 1402 3649 1472 συνάψειεν

2172 1499 2369 1568 ἁπλῆν,
2390 1496 2533 1551 καθά
2565 1497 2695 1569 φασί
2728 1513 2891 1559 τινες.

2252 1776 2270 1807 t
2298 1756 2363 1807 Τί
2411 1752 2505 1809 οῦν
2552 1755 2785 1827 ἐροῦμεν
2834 1756 2967 1827 πρὸς
2997 1755 3208 1824 ταῦτα;
3250 1756 3307 1808 Ei
3348 1755 3374 1807 6
3413 1754 3521 1816 Θεὸς
3554 1750 3649 1820 ὑπὲρ

2174 1847 2354 1916 ἡμῶν,
2389 1847 2470 1909 τίς
2529 1846 2645 1900 καθ’
2680 1847 2870 1916 ἡμῶν;
2905 1848 3000 1910 ’ος
3047 1864 3113 1915 γε
3162 1846 3253 1900 τοῦ
3304 1846 3419 1899 ίδίου
3441 1844 3546 1898 Υίοῦ
3580 1844 3647 1895 οὐκ

2176 1938 2450 2004 ἐφείσατο,
2482 1936 2595 1989 ἀλλ’
2623 1937 2765 2008 ὑπὲρ
2786 1937 2943 2007 ἡμῶν
2973 1938 3194 1991 πάντων
3219 1932 3647 2011 παρέδωκεναύτὺν,

2176 2026 2293 2090 πῶς
2319 2027 2440 2097 οὐχὶ
2469 2027 2564 2080 καὶ
2593 2027 2690 2079 σὺν
2725 2026 2874 2097 αύτῷ
2906 2028 2973 2081 τὰ
3004 2028 3185 2081 πάντα
3214 2030 3337 2098 ἡμῖν
3370 2028 3644 2097 χαρίσετσιςν

2174 2118 2238 2171 Ei
2264 2119 2354 2171 τὸν
2380 2119 2512 2172 ἴδιον
2542 2119 2689 2183 Υίὸν,
2717 2119 2873 2189 δῆλον
2900 2120 2957 2173 δὲ
2988 2120 3071 2171 ὅτι
3098 2119 3190 2171 τὸν
3215 2121 3276 2172 ἐκ
3305 2119 3394 2187 τῆς
3419 2116 3558 2177 οὐσίας
3576 2117 3644 2167 αὖ·

2174 2210 2290 2276 τοῦ,
2323 2210 2555 2264 δέδωκεν
2581 2212 2719 2282 ὑπὲρ
2748 2212 2904 2281 ἡμῶν
2933 2211 2961 2262 6
2985 2211 3119 2268 Θεὸς
3150 2212 3242 2264 καὶ
3265 2211 3459 2279 Πατήρ
3482 2204 3648 2260 πέπονθε

2174 2304 2231 2358 δὲ
2255 2303 2395 2357 κατὰ
2424 2304 2622 2373 σάρκα,
2648 2303 2741 2355 καὶ
2776 2302 2836 2354 ού
2872 2301 3031 2369 φύσει
3053 2300 3328 2371 θεότητος·
3356 2301 3466 2353 ίδιον
3500 2298 3579 2367 ἄρα
3603 2289 3648 2363 ἦν

2176 2393 2339 2449 αὐτοῦ
2360 2395 2421 2447 τὸ
2444 2393 2709 2456 πεπονθὸς
2735 2393 2913 2462 σῶμα,
2939 2393 3025 2446 ἵνα
3045 2395 3144 2446 καὶ
3170 2394 3325 2455 αὐτὸς
3344 2391 3503 2460 νοῆται
3520 2384 3647 2440 παθὼν

2173 2485 2552 2555 οίκονομικῶς,
2579 2485 2608 2536 6
2637 2485 2829 2536 παθεῖν
2872 2485 2972 2537 οὐκ
3004 2483 3182 2548 εἰδὼς.
3219 2486 3290 2537 Τὸ
3324 2483 3476 2536 τοίνυν
3506 2481 3647 2545 ἀπομι-

2179 2575 2347 2645 ρίζειν
2384 2578 2465 2639 είς
2492 2574 2585 2628 δύο
2607 2576 2698 2629 τὸν
2735 2575 2853 2639 ἕνα,
2882 2575 3145 2639 δυσσεϐὲς
3165 2594 3178 2605 ·
3212 2577 3309 2651 οὐκ
3352 2576 3421 2627 ἔτι
3452 2571 3537 2641 γὰρ
3561 2569 3647 2621 ἴδιον

2175 2666 2304 2720 Υίὸν
2355 2668 2665 2738 εὑρίσκεται
2709 2668 2833 2732 δοὺς
2880 2668 3019 2733 ὑπὲρ
3068 2668 3230 2739 ήμῶν
3275 2670 3301 2721 6
3346 2660 3647 2733 Πατὴρνεῧπρ

2177 2758 2321 2811 ἐστὶν
2355 2757 2639 2829 ἄνθρωπος
2665 2758 3028 2830 διηρημένως,
3065 2760 3162 2813 καὶ
3193 2759 3307 2828 οὐχὶ
3335 2757 3393 2829 δὴ
3427 2752 3578 2827 μᾶλλον
3599 2746 3647 2809 ὡς

2176 2850 2234 2904 ἐν
2269 2851 2571 2921 προσλήψει
2604 2851 2803 2921 σαρκὸς
2830 2854 2858 2905 6
2887 2854 2952 2905 ὲκ
2988 2852 3129 2906 Θεοῦ
3168 2854 3352 2921 Λόγος.

505 2934 550 2987 si
584 2944 667 2987 est
701 2934 860 2987 homo
890 2949 985 3003 per
1010 2949 1067 2988 se
1090 2944 1143 2988 et
1178 2937 1475 2989 secundum
1509 2951 1566 2990 se
1602 2936 1838 3000 divisim,
1871 2945 1925 2991 et
1955 2954 2059 2992 non
2128 2941 2416 3009 ipsummet
2474 2941 2567 2996 Dei
2610 2941 2840 2997 Verbum
2909 2959 3076 2998 carne
3117 2944 3374 3009 indutum,
3405 2940 3532 2994 Pater
3561 2947 3643 3001 pro-

502 3025 680 3096 prium
711 3041 809 3095 pro
840 3028 994 3081 nobis
1032 3026 1224 3080 Filium
1253 3028 1466 3082 dedisse
1494 3043 1597 3082 non
1633 3029 1917 3084 invenitur.

583 3137 602 3169 ι
641 3119 774 3184 Quis
802 3120 1078 3174 accusabit
1111 3122 1373 3173 adversus
1397 3120 1600 3174 electos
1633 3121 1765 3174 Dei?
1809 3122 1949 3176 Deus
1980 3125 2069 3193 qui

2254 3144 2272 3177 ι
2304 3127 2401 3189 Τίς
2435 3126 2723 3194 ἐγκαλέσει
2751 3127 2891 3181 κατὰ
2924 3127 3200 3181 ἐκλεκτῶν
3236 3124 3363 3178 Θεοῦ
3385 3140 3399 3187 ;
3424 3120 3526 3182 Θεὸς
3548 3116 3569 3168 ὁ
3593 3112 3645 3167 διο

501 3211 788 3280 justitiaat,
812 3212 936 3280 quis
962 3218 1043 3265 est
1088 3212 1179 3279 qui
1225 3210 1590 3265 condemnet?
1627 3212 1880 3268 Christus
1914 3214 2075 3272 Jcsus

506 3300 601 3370 qui
631 3309 875 3354 mortuus
895 3308 998 3363 est,
1034 3298 1144 3351 imo
1181 3299 1271 3366 qui
1305 3306 1359 3352 et
1396 3301 1718 3366 resurrexit,
1758 3302 1849 3370 qui
1882 3313 1963 3356 est
2005 3305 2073 3359 ad

509 3392 789 3444 dexteram
822 3388 938 3450 Dei,
971 3388 1058 3456 qui
1090 3389 1255 3442 etiam
1295 3388 1604 3458 interpellat
1632 3404 1730 3458 pro
1764 3392 1919 3449 nobis
1940 3396 2007 3448 θ’.
2050 3414 2069 3447 ι

511 3481 569 3534 Si
600 3480 851 3535 Christus
893 3494 990 3547 per
1020 3478 1181 3533 ﬁdem
1207 3480 1494 3549 justilicat,
1537 3480 1685 3535 solus
1728 3493 1904 3537 autem
1932 3485 2076 3539 Deus

507 3582 594 3627 est
631 3573 721 3643 qui
766 3573 993 3641 iustitiae
1038 3572 1240 3626 donum
1284 3582 1507 3641 praSIat
1558 3592 1570 3626 :
1613 3587 1957 3643 consequens
2014 3577 2075 3630 lit

506 3664 782 3719 Christum
824 3679 945 3720 esse
970 3679 1158 3720 verum
1194 3664 1384 3721 Deum.
1432 3664 1665 3720 Rursum
1701 3667 1747 3721 si
1781 3667 1846 3720 ad
1880 3670 2073 3723 dexte-

493 3771 623 3810 ~ram
663 3756 837 3823 Patris
867 3757 1038 3821 sedet,
1071 3757 1369 3833 eademque
1396 3772 1517 3810 cum
1550 3757 1641 3811 illo
1675 3758 1841 3827 gloria
1870 3771 1923 3813 et
1953 3774 2071 3812 ma-

500 3846 699 3916 jestate
725 3850 911 3917 pollet,
939 3859 995 3905 et
1016 3850 1236 3918 quidem
1272 3858 1518 3904 mortuus
1551 3861 1607 3904 et
1677 3852 2069 3916 resuscitatus;

505 3954 699 4009 corpus
731 3942 912 4010 itaque
934 3952 1270 4010 assumptum
1306 3939 1466 3994 Verbi
1497 3944 1770 4010 proprium
1803 3953 1904 3996 est.
1939 3944 2067 3997 Nam

2174 3215 2367 3283 καιῶν,
2391 3217 2474 3279 τίς
2499 3220 2526 3271 6
2558 3218 2932 3288 κατακρίνων;
2966 3218 3205 3289 Χριστὸς
3248 3214 3437 3287 Ἰησοῦς
3463 3205 3645 3264 ὁᾶποθι·

2176 3309 2305 3373 νὼν,
2325 3310 2522 3379 μᾶλλον
2546 3310 2602 3363 δὲ
2630 3310 2896 3379 ἐγερθεὶς,
2926 3311 2985 3374 ὃς
3019 3312 3171 3363 ἔστιν
3200 3312 3256 3363 ὲν
3291 3307 3427 3375 δεξιᾷ
3449 3300 3521 3355 τοῦ
3538 3292 3643 3351 Θεοῦ.

2176 3398 2230 3461 ὃς
2277 3401 2371 3453 καὶ
2394 3401 2709 3470 ἐντυγχάνει
2747 3401 2888 3469 ὑπὲρ
2911 3399 3091 3471 ἡμῶν.
3126 3421 3145 3452 ι
3174 3401 3233 3453 Ei
3255 3400 3434 3452 δικαιοῖ
3453 3397 3506 3462 τῇ
3525 3388 3643 3441 πίστει

2176 3491 2429 3560 Χριστὸς,
2460 3491 2591 3554 Θεὸς
2618 3492 2674 3544 δέ
2705 3494 2850 3546 ἐστιν
2881 3493 2910 3543 6
2942 3492 3169 3545 δικαιῶν
3195 3510 3207 3523 ·
3248 3490 3371 3550 Θεὸς
3396 3476 3643 3556 ἄρίὰληθῆς

2176 3582 2205 3632 6
2236 3582 2490 3651 Χριστός.
2515 3583 2625 3633 Καὶ
2644 3583 2803 3652 εἴπερ
2834 3583 2979 3636 ἐστὶν
3008 3583 3067 3633 ὲν
3095 3580 3245 3653 δεξιᾷ
3270 3579 3356 3633 τοῦ
3378 3574 3509 3633 Θεοῦ,
3527 3568 3645 3622 καίτοι

2176 3670 2407 3734 τεθνεὼς
2430 3673 2524 3728 καὶ
2550 3673 2938 3745 ἐγηγερμένος,
2978 3674 3314 3744 συγκάθηται
3340 3670 3392 3724 δὲ
3415 3665 3479 3735 τῷ
3504 3654 3642 3725 llr-9“

2177 3763 2306 3815 ῐδιον
2332 3763 2439 3833 ἄρα
2469 3763 2563 3817 τοῦ
2591 3763 2767 3832 Λόγου
2804 3764 2866 3817 τὸ
2904 3763 3065 3833 σῶμά
3108 3765 3245 3816 ἑστι.
3289 3746 3644 3833 Συνεδρεύειτᾷρ

2175 3852 2319 3906 οὔτω
2461 3854 2635 3923 Πατρὶ
2671 3853 2811 3923 μετὰ
2842 3853 2941 3923 τῆς
2975 3832 3371 3923 ἀναληφθείσης
3400 3840 3574 3912 σαρκὸς,
3598 3832 3646 3890 ὡς

2177 3945 2303 4007 Υἱὸς
2331 3946 2472 3997 κατὰ
2499 3945 2680 4012 φύσιν,
2704 3945 2798 3998 καὶ
2827 3946 2876 3997 εί
2898 3946 3092 4013 γέγονε
3123 3943 3258 4014 σὰρξ
3285 3943 3311 3994 ὀ
3335 3939 3499 4005 Λόγος-

504 4033 608 4087 etsi
639 4032 842 4087 factum
871 4044 954 4086 est
983 4048 1132 4098 caro,
1166 4034 1306 4088 haud
1337 4049 1491 4088 secus
1516 4045 1694 4088 tamen
1728 4036 1778 4087 in
1815 4047 2058 4103 suscepta
2098 4051 2260 4090 carne
2305 4053 2427 4091 cum
2490 4036 2649 4091 Patre
2676 4038 2822 4103 regni
2889 4039 3079 4093 solium
3102 4037 3324 4099 obtinet,
3356 4038 3408 4084 ut
3435 4036 3559 4079 verus
3579 4030 3642 4069 11³·

506 4125 809 4194 turalisqne
833 4124 1023 4178 Filius.
1428 4178 1431 4181 λ

584 4233 603 4265 ι
629 4212 759 4279 Quae
804 4225 984 4268 autem
1015 4231 1081 4268 ex
1131 4215 1233 4270 ﬁde
1266 4227 1347 4270 est
1386 4216 1618 4282 iustitia,
1654 4217 1732 4270 sic
1776 4216 1943 4270 dicit:
1988 4214 2067 4268 Ne

505 4307 709 4361 dixeris
743 4306 795 4359 in
827 4307 991 4361 corde
1021 4318 1111 4360 tuo
1138 4326 1150 4360 :
1193 4306 1323 4369 Quis
1365 4310 1622 4361 ascendet
1654 4307 1705 4360 in
1749 4307 1986 4360 coelum?
2013 4308 2063 4360 id

2252 4219 2356 4270 «Ἥ
2396 4217 2451 4269 δὲ
2495 4219 2559 4270 ὲκ
2604 4219 2838 4280 πίστεως
2887 4215 3197 4283 δικαιοσύνη
3242 4213 3373 4265 οὔτω
3412 4206 3559 4271 λέγει’
3589 4192 3647 4258 Μὴ

2180 4307 2340 4378 εἴπῃς
2366 4310 2425 4361 ἐν
2457 4310 2524 4378 τῇ
2555 4308 2750 4378 καρδίᾳ
2780 4324 2871 4359 σου
2893 4324 2907 4338 ο
2945 4307 3040 4368 Τίς
3070 4307 3389 4373 ἁνασήσεται
3418 4302 3485 4359 εἰς
3503 4294 3571 4345 τὸν

505 4408 608 4463 est,
634 4399 906 4453 Christum
929 4398 1216 4452 deducere.
1241 4399 1345 4451 Aut
1367 4399 1486 4466 quis
1504 4398 1793 4451 descendet
1815 4398 1866 4449 in
1898 4397 2069 4466 abys-

2179 4376 2369 4467 pav6v;
2396 4376 2640 4449 τουτέστι
2674 4376 2903 4466 Χριστὸν
2922 4398 3272 4462 καταγαγεῖν·
3308 4393 3336 4461 ἢ
3371 4390 3452 4450 Τίς
3475 4376 3644 4467 “mai

505 4489 664 4543 sum?
704 4491 805 4545 hoc
837 4500 941 4551 est,
984 4489 1263 4545 Christum
1307 4503 1333 4540 a
1360 4490 1590 4541 mortuis
1635 4502 1691 4541 re
1709 4502 1923 4541 vocare.
1968 4487 2074 4541 Sed

505 4581 634 4650 quid
657 4580 790 4635 dicit
808 4583 831 4635 ?
849 4581 1024 4651 PrOpe
1050 4591 1134 4635 est
1157 4580 1380 4634 verbum
1407 4580 1457 4632 in
1483 4594 1576 4633 ore
1604 4589 1716 4642 tuo,
1743 4590 1797 4633 et
1829 4581 1879 4631 in
1912 4580 2075 4633 corde

508 4684 601 4724 tuo
632 4687 646 4723 :
679 4671 782 4725 hoc
808 4680 893 4725 est
921 4672 1147 4725 verbum
1184 4670 1327 4725 lidei.
1362 4672 1506 4740 quod
1539 4669 1917 4736 praedicamus.
1938 4669 2073 4734 Quia

507 4758 554 4811 si
589 4757 867 4812 conﬁteris
898 4758 951 4811 in
974 4773 1069 4812 ore
1101 4768 1191 4812 tuo
1212 4758 1497 4813 Dominum
1527 4756 1803 4820 Jesum,et
1837 4758 1887 4811 in
1909 4758 2075 4812 corde

506 4859 601 4902 tuo
635 4847 933 4902 credideris
974 4849 1116 4917 quod
1158 4848 1298 4902 Dens
1348 4849 1630 4902 suscitavit
1676 4848 1824 4901 illum
1870 4867 1897 4900 a
1938 4863 2078 4902 mor-

509 4940 637 5003 tuis,
670 4938 852 4994 salvus
878 4938 1009 4994 eris.
1039 4939 1211 4992 Corde
1233 4938 1375 4991 enim
1407 4941 1647 4993 creditur
1669 4941 1734 4993 ad
1762 4940 2027 5005 justitiam
2057 4956 2071 5003 ;

508 5046 606 5086 ore
641 5039 823 5084 atllem
869 5031 929 5083 lit
960 5029 1228 5083 confessio
1263 5030 1328 5081 ad
1364 5030 1591 5082 saluvlem
1616 5030 1681 5081 ".
1718 5049 1736 5080 ι
1779 5028 1836 5083 Si
1882 5043 2077 5083 secun-

507 5124 636 5174 dum
681 5118 1038 5188 quorumdam
1087 5118 1456 5185 opinationem
1498 5119 1746 5172 Christus
1786 5129 1870 5171 est
1913 5119 2075 5171 homo

505 5210 703 5275 deifer,
736 5211 849 5265 sola
898 5225 1250 5279 personarum
1290 5210 1479 5278 copula
1514 5209 1606 5262 Dei
1646 5209 1822 5262 Verbo
1847 5212 2074 5276 conjun-

507 5312 625 5356 ctus
656 5321 668 5355 :
703 5303 791 5369 qui
823 5303 936 5356 ﬁeri
978 5314 1176 5369 potest,
1204 5314 1257 5354 ut
1294 5304 1345 5354 in
1384 5302 1530 5353 illum
1571 5311 1825 5368 tanquam
1873 5304 1923 5354 in
1975 5304 2073 5354 Du-

508 5394 709 5444 tninum
769 5394 1072 5455 credentes,
1117 5396 1357 5467 ejusdem
1401 5410 1464 5445 e.\
1520 5395 1747 5446 mortuis
1824 5408 2072 5444 l'CSlltl't‘-

579 5549 622 5582 ³⁸
647 5548 914 5604 ΒΟΙΠΛἹΙ.
943 5552 993 5601 5.
1071 5553 1109 5581 9‘
1142 5554 1265 5604 illiti.
1309 5552 1395 5607 iii,
1431 5552 1515 5602 δὲ.

2184 4504 2334 4540 σεται
2369 4489 2449 4551 εἰς
2476 4488 2576 4557 τὴν
2608 4486 2876 4550 ᾰὸυσσον;
2910 4487 3157 4538 τουτέστι
3187 4483 3404 4554 Χριστὸν
3430 4482 3484 4531 ὲκ
3506 4466 3648 4539 νεκρῶν

2181 4581 2497 4647 ἀναγαγεῖν.
2517 4578 2675 4630 Ἀλλὰ
2694 4577 2747 4630 τί
2771 4577 2948 4645 λέγει;
2997 4577 3191 4644 Ἐγγύς
3217 4592 3305 4627 σου
3327 4574 3384 4624 τὸ
3408 4565 3536 4640 ῥῆμά
3552 4564 3649 4613 ἐστιν

2183 4670 2241 4721 ὲν
2273 4670 2350 4737 τῷ
2386 4668 2610 4738 στόματί
2647 4685 2739 4720 σου
2771 4669 2867 4721 καὶ
2901 4668 2959 4720 ὲν
2987 4670 3051 4736 τῇ
3083 4665 3275 4735 καρδίᾳ
3300 4681 3385 4716 σου
3407 4681 3418 4692 -
3456 4654 3647 4710 τουτέστι,

2182 4758 2241 4812 τὸ
2272 4758 2422 4828 ῥῆμα
2454 4760 2552 4828 τῆς
2584 4758 2839 4823 πίστεως,
2864 4757 2891 4809 ὃ
2916 4756 3398 4828 κηρύσσομεν.Ὂτι
3419 4749 3499 4802 ἐὰν
3519 4740 3649 4811 ὁμοῖοι

2183 4850 2356 4918 ’(ήσῃς
2405 4850 2461 4901 ὲν
2506 4847 2585 4916 τῷ
2644 4847 2869 4917 στόματί
2915 4865 3008 4901 σου
3040 4846 3237 4915 Κύριον
3270 4842 3473 4914 Ἰησοῦν,
3499 4835 3570 4888 καὶ
3596 4844 3647 4879 τι·

2184 4938 2413 5009 στεύσῃς
2442 4939 2498 4989 ὲν
2537 4940 2603 5008 τῇ
2635 4939 2829 5009 καρδίᾳ
2857 4956 2950 4992 σου
2989 4939 3068 4991 ὅτι
3098 4941 3126 4991 ὁ
3156 4937 3284 4999 Θεὸς
3318 4933 3462 4987 αὑτὸν
3495 4930 3646 5009 ﬁrst?"

2183 5029 2247 5080 ἐκ
2278 5026 2506 5096 νεκρῶν,
2545 5027 2766 5097 σωθήσῃ
2791 5044 2805 5056 ·
2840 5028 3036 5098 καρδίᾳ
3074 5026 3183 5093 γὰρ
3211 5021 3496 5077 πιστεύεται
3524 5016 3583 5071 εἰς
3598 5008 3648 5059 δι’

2184 5118 2494 5185 καιοσύνην,
2534 5118 2761 5187 στόματι
2808 5118 2862 5170 δὲ
2910 5120 3249 5187 ὁμολογεῖται
3280 5116 3354 5174 εἰς
3384 5103 3646 5187 σιινιετιρὲανχι

2182 5210 2241 5259 Εἰ
2275 5208 2415 5260 κατὰ
2438 5225 2499 5274 γε
2528 5210 2586 5259 τό
2617 5225 2724 5260 τισι
2750 5208 2959 5272 δοκοῦν,
2991 5207 3270 5277 ἄνθρωπος
3315 5197 3534 5267 68035690;
3556 5201 3647 5238 νων

2178 5317 2266 5351 ται
2318 5300 2594 5368 Χριστὸς,
2643 5300 2737 5352 καὶ
2790 5300 2957 5369 μόνην
3006 5300 3141 5367 ἔχων
3184 5295 3279 5367 τὴν
3321 5294 3374 5344 ἐν
3416 5280 3650 5355 προσώποις

2180 5392 2369 5443 ἕνωσιν
2399 5389 2533 5459 πρὸς
2559 5390 2646 5442 τὸν
2669 5389 2802 5442 Θεοῦ
2827 5390 3016 5457 Λόγον
3047 5389 3187 5452 τίνος
3218 5388 3368 5441 ἕνεκα
3389 5372 3651 5434 πιστεύονπῖ

1595 5553 1635 5580 υ
1666 5550 1769 5602 ibid
1823 5549 1909 5611 7:73,
1938 5549 2023 5601 Si.
2103 5550 2143 5579 ν
2168 5548 2320 5600 linit].
2360 5563 2409 5610 κ,
2443 5547 2570 5597 (ἶ-ΙΟ

3770 5520 3775 5693 1
