  <div class='ocr_page' id='page_1' title='image "/cluster/home/n/w/nwhite01/storage/ocr_20150623/76/mdp.39015013094878/676.png"; bbox 0 0 3942 6128; ppageno 0'>
   <div class='ocr_carea' id='block_1_1' title="bbox 282 268 3504 341">
    <p class='ocr_par' dir='ltr' id='par_1_1' title="bbox 282 268 3504 341">
     <span class='ocr_line' id='line_1_1' title="bbox 282 268 3504 341; baseline 0.004 -19"><span class='ocrx_word' id='word_1_1' title='bbox 282 268 409 323; x_wconf 68' lang='grc'><strong>1501</strong></span> <span class='ocrx_word' id='word_1_2' title='bbox 1368 275 1456 333; x_wconf 88' lang='lat' dir='ltr'><strong>DE</strong></span> <span class='ocrx_word' id='word_1_3' title='bbox 1497 277 1722 336; x_wconf 72' lang='lat' dir='ltr'><strong>RECTA</strong></span> <span class='ocrx_word' id='word_1_4' title='bbox 1760 279 1915 336; x_wconf 82' lang='lat' dir='ltr'><strong>FIDE</strong></span> <span class='ocrx_word' id='word_1_5' title='bbox 1954 283 2044 338; x_wconf 77' lang='lat' dir='ltr'><strong>AD</strong></span> <span class='ocrx_word' id='word_1_6' title='bbox 2085 283 2401 341; x_wconf 78' lang='lat' dir='ltr'><strong>REGINAS.</strong></span> <span class='ocrx_word' id='word_1_7' title='bbox 3232 296 3249 317; x_wconf 63' lang='grc' dir='ltr'>ί</span> <span class='ocrx_word' id='word_1_8' title='bbox 3368 281 3504 337; x_wconf 74' lang='lat'><strong>1302</strong></span> 
     </span>
    </p>
   </div>
   <div class='ocr_carea' id='block_1_2' title="bbox 280 382 1858 472">
    <p class='ocr_par' dir='ltr' id='par_1_2' title="bbox 280 385 1852 470">
     <span class='ocr_line' id='line_1_2' title="bbox 280 385 1852 470; baseline 0.01 -33"><span class='ocrx_word' id='word_1_9' title='bbox 280 388 359 449; x_wconf 80' lang='grc' dir='ltr'><strong>είς</strong></span> <span class='ocrx_word' id='word_1_10' title='bbox 395 385 557 439; x_wconf 82' lang='grc' dir='ltr'>αὐτόν</span> <span class='ocrx_word' id='word_1_11' title='bbox 594 387 671 451; x_wconf 87' lang='grc' dir='ltr'>ὡς</span> <span class='ocrx_word' id='word_1_12' title='bbox 716 390 795 452; x_wconf 90' lang='grc' dir='ltr'><strong>είς</strong></span> <span class='ocrx_word' id='word_1_13' title='bbox 843 390 1064 460; x_wconf 82' lang='grc' dir='ltr'><strong>Κύριον,</strong></span> <span class='ocrx_word' id='word_1_14' title='bbox 1098 393 1483 463; x_wconf 79' lang='grc' dir='ltr'>ὁμολογοῦντες</span> <span class='ocrx_word' id='word_1_15' title='bbox 1530 396 1586 450; x_wconf 87' lang='grc' dir='ltr'>δὲ</span> <span class='ocrx_word' id='word_1_16' title='bbox 1632 398 1724 453; x_wconf 78' lang='grc' dir='ltr'>καὶ</span> <span class='ocrx_word' id='word_1_17' title='bbox 1754 397 1852 470; x_wconf 84' lang='grc' dir='ltr'>τὴν</span> 
     </span>
    </p>
   </div>
   <div class='ocr_carea' id='block_1_3' title="bbox 1966 382 3504 472">
    <p class='ocr_par' dir='ltr' id='par_1_3' title="bbox 1966 382 3504 472">
     <span class='ocr_line' id='line_1_3' title="bbox 1966 382 3504 472; baseline -0.005 -15"><span class='ocrx_word' id='word_1_18' title='bbox 1966 402 2188 458; x_wconf 61' lang='lat' dir='ltr'><strong>stionem</strong></span> <span class='ocrx_word' id='word_1_19' title='bbox 2216 404 2530 472; x_wconf 85' lang='lat' dir='ltr'><strong>protltentes</strong></span> <span class='ocrx_word' id='word_1_20' title='bbox 2579 400 2838 468; x_wconf 76' lang='lat' dir='ltr'><strong>ejusmodi</strong></span> <span class='ocrx_word' id='word_1_21' title='bbox 2865 401 2966 455; x_wconf 82' lang='lat' dir='ltr'><strong>ﬁde</strong></span> <span class='ocrx_word' id='word_1_22' title='bbox 2989 382 3504 467; x_wconf 51' lang='lat' dir='ltr'><strong>justiﬁeemurfFi-</strong></span> 
     </span>
    </p>
   </div>
   <div class='ocr_carea' id='block_1_4' title="bbox 281 474 1858 558">
    <p class='ocr_par' dir='ltr' id='par_1_4' title="bbox 281 474 1847 558">
     <span class='ocr_line' id='line_1_4' title="bbox 281 474 1847 558; baseline 0.009 -31"><span class='ocrx_word' id='word_1_23' title='bbox 281 474 344 527; x_wconf 73' lang='grc' dir='ltr'>ὲκ</span> <span class='ocrx_word' id='word_1_24' title='bbox 384 477 592 545; x_wconf 83' lang='grc' dir='ltr'><strong>νεκρῶν</strong></span> <span class='ocrx_word' id='word_1_25' title='bbox 637 479 929 531; x_wconf 84' lang='grc' dir='ltr'><strong>ἀνάστασιν</strong></span> <span class='ocrx_word' id='word_1_26' title='bbox 976 481 1161 544; x_wconf 86' lang='grc' dir='ltr'>αὐτοῦ,</span> <span class='ocrx_word' id='word_1_27' title='bbox 1192 483 1544 555; x_wconf 79' lang='grc' dir='ltr'>δικαιούμεθα</span> <span class='ocrx_word' id='word_1_28' title='bbox 1572 489 1637 558; x_wconf 80' lang='grc' dir='ltr'><strong>τῇ</strong></span> <span class='ocrx_word' id='word_1_29' title='bbox 1669 487 1847 541; x_wconf 81' lang='grc' dir='ltr'>πίστει</span> 
     </span>
    </p>
   </div>
   <div class='ocr_carea' id='block_1_5' title="bbox 1966 474 3502 558">
    <p class='ocr_par' dir='ltr' id='par_1_5' title="bbox 1966 484 3502 557">
     <span class='ocr_line' id='line_1_5' title="bbox 1966 484 3502 557; baseline -0.005 -12"><span class='ocrx_word' id='word_1_30' title='bbox 1966 493 2046 546; x_wconf 89' lang='lat' dir='ltr'><strong>les</strong></span> <span class='ocrx_word' id='word_1_31' title='bbox 2073 492 2213 545; x_wconf 87' lang='lat' dir='ltr'><strong>enim</strong></span> <span class='ocrx_word' id='word_1_32' title='bbox 2244 491 2295 544; x_wconf 92' lang='lat' dir='ltr'><strong>in</strong></span> <span class='ocrx_word' id='word_1_33' title='bbox 2330 505 2452 545; x_wconf 87' lang='lat' dir='ltr'><strong>eum</strong></span> <span class='ocrx_word' id='word_1_34' title='bbox 2483 500 2733 557; x_wconf 89' lang='lat' dir='ltr'><strong>tanquam</strong></span> <span class='ocrx_word' id='word_1_35' title='bbox 2765 488 2818 541; x_wconf 91' lang='lat' dir='ltr'><strong>in</strong></span> <span class='ocrx_word' id='word_1_36' title='bbox 2849 488 3016 541; x_wconf 87' lang='lat' dir='ltr'><strong>Deum</strong></span> <span class='ocrx_word' id='word_1_37' title='bbox 3068 484 3258 541; x_wconf 82' lang='lat' dir='ltr'><strong>fertur.</strong></span> <span class='ocrx_word' id='word_1_38' title='bbox 3304 485 3502 538; x_wconf 44' lang='lat' dir='ltr'><strong>Necesd</strong></span> 
     </span>
    </p>
   </div>
   <div class='ocr_carea' id='block_1_6' title="bbox 281 568 1849 646">
    <p class='ocr_par' dir='ltr' id='par_1_6' title="bbox 281 568 1849 646">
     <span class='ocr_line' id='line_1_6' title="bbox 281 568 1849 646; baseline 0.01 -29"><span class='ocrx_word' id='word_1_39' title='bbox 281 569 347 636; x_wconf 78' lang='grc' dir='ltr'>τῇ</span> <span class='ocrx_word' id='word_1_40' title='bbox 395 570 474 630; x_wconf 85' lang='grc' dir='ltr'><strong>είς</strong></span> <span class='ocrx_word' id='word_1_41' title='bbox 520 568 710 633; x_wconf 84' lang='grc' dir='ltr'>αύτὸν;</span> <span class='ocrx_word' id='word_1_42' title='bbox 748 570 1052 639; x_wconf 85' lang='grc' dir='ltr'>Πράττεται</span> <span class='ocrx_word' id='word_1_43' title='bbox 1099 573 1155 626; x_wconf 88' lang='grc' dir='ltr'>δὲ</span> <span class='ocrx_word' id='word_1_44' title='bbox 1206 576 1237 646; x_wconf 78' lang='grc' dir='ltr'>ἡ</span> <span class='ocrx_word' id='word_1_45' title='bbox 1289 577 1470 640; x_wconf 78' lang='grc' dir='ltr'>πίστις</span> <span class='ocrx_word' id='word_1_46' title='bbox 1498 579 1573 642; x_wconf 88' lang='grc' dir='ltr'>ὼς</span> <span class='ocrx_word' id='word_1_47' title='bbox 1602 580 1680 642; x_wconf 90' lang='grc' dir='ltr'><strong>είς</strong></span> <span class='ocrx_word' id='word_1_48' title='bbox 1718 580 1849 632; x_wconf 78' lang='grc' dir='ltr'>Θεὸν</span> 
     </span>
    </p>
   </div>
   <div class='ocr_carea' id='block_1_7' title="bbox 285 657 1845 738">
    <p class='ocr_par' dir='ltr' id='par_1_7' title="bbox 285 657 1845 738">
     <span class='ocr_line' id='line_1_7' title="bbox 285 657 1845 738; baseline 0.01 -29"><span class='ocrx_word' id='word_1_49' title='bbox 285 657 547 727; x_wconf 82' lang='grc' dir='ltr'>δηλονότι.</span> <span class='ocrx_word' id='word_1_50' title='bbox 583 660 877 727; x_wconf 79' lang='grc' dir='ltr'>Ἀναγκαία</span> <span class='ocrx_word' id='word_1_51' title='bbox 941 666 1231 736; x_wconf 80' lang='grc' dir='ltr'>τοιγαροῦν</span> <span class='ocrx_word' id='word_1_52' title='bbox 1292 670 1325 738; x_wconf 81' lang='grc' dir='ltr'><strong>ή</strong></span> <span class='ocrx_word' id='word_1_53' title='bbox 1389 669 1513 722; x_wconf 81' lang='grc' dir='ltr'>καθ’</span> <span class='ocrx_word' id='word_1_54' title='bbox 1549 671 1845 724; x_wconf 83' lang='grc' dir='ltr'><strong>ὑπόστασιν</strong></span> 
     </span>
    </p>
   </div>
   <div class='ocr_carea' id='block_1_8' title="bbox 282 746 1849 832">
    <p class='ocr_par' dir='ltr' id='par_1_8' title="bbox 282 746 1849 832">
     <span class='ocr_line' id='line_1_8' title="bbox 282 746 1849 832; baseline 0.011 -35"><span class='ocrx_word' id='word_1_55' title='bbox 282 746 472 808; x_wconf 72' lang='grc' dir='ltr'>ἓνωσις</span> <span class='ocrx_word' id='word_1_56' title='bbox 498 748 592 800; x_wconf 79' lang='grc' dir='ltr'><strong>τοῦ</strong></span> <span class='ocrx_word' id='word_1_57' title='bbox 621 749 753 801; x_wconf 86' lang='grc' dir='ltr'>Θεοῦ</span> <span class='ocrx_word' id='word_1_58' title='bbox 781 751 952 819; x_wconf 80' lang='grc' dir='ltr'>Λόγου</span> <span class='ocrx_word' id='word_1_59' title='bbox 974 754 1110 824; x_wconf 78' lang='grc' dir='ltr'>πρὸς</span> <span class='ocrx_word' id='word_1_60' title='bbox 1139 757 1200 809; x_wconf 87' lang='grc' dir='ltr'>τὸ</span> <span class='ocrx_word' id='word_1_61' title='bbox 1220 757 1722 829; x_wconf 86' lang='grc' dir='ltr'>ἀνθρώπινον.Ἕνα</span> <span class='ocrx_word' id='word_1_62' title='bbox 1742 763 1849 832; x_wconf 83' lang='grc' dir='ltr'><strong>γὰρ</strong></span> 
     </span>
    </p>
   </div>
   <div class='ocr_carea' id='block_1_9' title="bbox 280 837 1846 924">
    <p class='ocr_par' dir='ltr' id='par_1_9' title="bbox 280 837 1846 924">
     <span class='ocr_line' id='line_1_9' title="bbox 280 837 1846 924; baseline 0.011 -36"><span class='ocrx_word' id='word_1_63' title='bbox 280 837 424 890; x_wconf 72' lang='grc' dir='ltr'>οὕτω</span> <span class='ocrx_word' id='word_1_64' title='bbox 455 839 687 909; x_wconf 80' lang='grc' dir='ltr'>Χριστὸν</span> <span class='ocrx_word' id='word_1_65' title='bbox 712 840 787 906; x_wconf 86' lang='grc' dir='ltr'>ὡς</span> <span class='ocrx_word' id='word_1_66' title='bbox 822 843 1025 915; x_wconf 82' lang='grc' dir='ltr'>Κύριον</span> <span class='ocrx_word' id='word_1_67' title='bbox 1050 848 1190 901; x_wconf 86' lang='grc' dir='ltr'><strong>κατά</strong></span> <span class='ocrx_word' id='word_1_68' title='bbox 1228 849 1388 917; x_wconf 83' lang='grc' dir='ltr'>φύσιν</span> <span class='ocrx_word' id='word_1_69' title='bbox 1419 851 1846 924; x_wconf 82' lang='grc' dir='ltr'>ὁμολογήσομεν,</span> 
     </span>
    </p>
   </div>
   <div class='ocr_carea' id='block_1_10' title="bbox 282 930 1846 1012">
    <p class='ocr_par' dir='ltr' id='par_1_10' title="bbox 282 930 1846 1012">
     <span class='ocr_line' id='line_1_10' title="bbox 282 930 1846 1012; baseline 0.012 -31"><span class='ocrx_word' id='word_1_70' title='bbox 282 930 379 982; x_wconf 81' lang='grc' dir='ltr'>καὶ</span> <span class='ocrx_word' id='word_1_71' title='bbox 400 932 497 998; x_wconf 85' lang='grc' dir='ltr'>τῆς</span> <span class='ocrx_word' id='word_1_72' title='bbox 516 932 681 985; x_wconf 84' lang='grc' dir='ltr'>αὑτοῦ</span> <span class='ocrx_word' id='word_1_73' title='bbox 710 936 913 1004; x_wconf 80' lang='grc' dir='ltr'>σαρκὸς</span> <span class='ocrx_word' id='word_1_74' title='bbox 932 937 1029 1007; x_wconf 85' lang='grc' dir='ltr'>τὴ·.</span> <span class='ocrx_word' id='word_1_75' title='bbox 1057 939 1350 994; x_wconf 81' lang='grc' dir='ltr'>ἀνάστασιν</span> <span class='ocrx_word' id='word_1_76' title='bbox 1371 944 1846 1012; x_wconf 78' lang='grc' dir='ltr'>ἐπιγινώσκοντες,</span> 
     </span>
    </p>
   </div>
   <div class='ocr_carea' id='block_1_11' title="bbox 280 1019 1429 1101">
    <p class='ocr_par' dir='ltr' id='par_1_11' title="bbox 280 1019 1429 1101">
     <span class='ocr_line' id='line_1_11' title="bbox 280 1019 1429 1101; baseline 0.013 -30"><span class='ocrx_word' id='word_1_77' title='bbox 280 1019 356 1082; x_wconf 84' lang='grc' dir='ltr'>ὼς</span> <span class='ocrx_word' id='word_1_78' title='bbox 379 1022 457 1083; x_wconf 84' lang='grc' dir='ltr'><strong>είς</strong></span> <span class='ocrx_word' id='word_1_79' title='bbox 485 1022 616 1075; x_wconf 78' lang='grc' dir='ltr'>Θεὸν</span> <span class='ocrx_word' id='word_1_80' title='bbox 653 1025 1021 1091; x_wconf 73' lang='grc' dir='ltr'>πιστεύοντες,</span> <span class='ocrx_word' id='word_1_81' title='bbox 1052 1028 1429 1101; x_wconf 84' lang='grc' dir='ltr'>δικαιούμεθα.</span> 
     </span>
    </p>
   </div>
   <div class='ocr_carea' id='block_1_12' title="bbox 361 1114 1850 1198">
    <p class='ocr_par' dir='ltr' id='par_1_12' title="bbox 361 1114 1850 1198">
     <span class='ocr_line' id='line_1_12' title="bbox 361 1114 1850 1198; baseline 0.011 -34"><span class='ocrx_word' id='word_1_82' title='bbox 361 1132 379 1164; x_wconf 79' lang='grc' dir='ltr'><strong>ι</strong></span> <span class='ocrx_word' id='word_1_83' title='bbox 408 1114 597 1178; x_wconf 77' lang='grc' dir='ltr'>Οὐδεὶς</span> <span class='ocrx_word' id='word_1_84' title='bbox 642 1115 752 1187; x_wconf 78' lang='grc' dir='ltr'><strong>γὰρ</strong></span> <span class='ocrx_word' id='word_1_85' title='bbox 795 1118 954 1188; x_wconf 81' lang='grc' dir='ltr'>ήμῶν</span> <span class='ocrx_word' id='word_1_86' title='bbox 1004 1121 1182 1192; x_wconf 81' lang='grc' dir='ltr'>ἐαυτῷ</span> <span class='ocrx_word' id='word_1_87' title='bbox 1227 1122 1317 1194; x_wconf 83' lang='grc' dir='ltr'>ζῇ,</span> <span class='ocrx_word' id='word_1_88' title='bbox 1346 1125 1440 1177; x_wconf 74' lang='grc' dir='ltr'>καὶ</span> <span class='ocrx_word' id='word_1_89' title='bbox 1473 1126 1646 1190; x_wconf 73' lang='grc' dir='ltr'>οὐδεὶς</span> <span class='ocrx_word' id='word_1_90' title='bbox 1674 1128 1850 1198; x_wconf 76' lang='grc' dir='ltr'>ἑαυτῷ</span> 
     </span>
    </p>
   </div>
   <div class='ocr_carea' id='block_1_13' title="bbox 283 1204 1845 1289">
    <p class='ocr_par' dir='ltr' id='par_1_13' title="bbox 283 1204 1845 1289">
     <span class='ocr_line' id='line_1_13' title="bbox 283 1204 1845 1289; baseline 0.011 -34"><span class='ocrx_word' id='word_1_91' title='bbox 283 1204 614 1275; x_wconf 71' lang='grc' dir='ltr'>ἀποθνήσκει</span> <span class='ocrx_word' id='word_1_92' title='bbox 636 1222 649 1236; x_wconf 81' lang='lat'><strong><em>°</em></strong></span> <span class='ocrx_word' id='word_1_93' title='bbox 680 1209 775 1261; x_wconf 84' lang='grc' dir='ltr'><strong>ὲάν</strong></span> <span class='ocrx_word' id='word_1_94' title='bbox 817 1227 877 1262; x_wconf 88' lang='grc' dir='ltr'><strong>τε</strong></span> <span class='ocrx_word' id='word_1_95' title='bbox 918 1207 1010 1265; x_wconf 76' lang='grc' dir='ltr'><strong>οὗν</strong></span> <span class='ocrx_word' id='word_1_96' title='bbox 1056 1210 1261 1283; x_wconf 84' lang='grc' dir='ltr'>ζῶμεν,</span> <span class='ocrx_word' id='word_1_97' title='bbox 1296 1217 1373 1286; x_wconf 84' lang='grc' dir='ltr'>τῷ</span> <span class='ocrx_word' id='word_1_98' title='bbox 1405 1217 1595 1288; x_wconf 85' lang='grc' dir='ltr'>Κυρίῳ</span> <span class='ocrx_word' id='word_1_99' title='bbox 1627 1216 1808 1289; x_wconf 91' lang='grc' dir='ltr'>ζῶμεν</span> <span class='ocrx_word' id='word_1_100' title='bbox 1830 1235 1845 1250; x_wconf 87' lang='grc'><strong>·</strong></span> 
     </span>
    </p>
   </div>
   <div class='ocr_carea' id='block_1_14' title="bbox 284 1295 1846 1378">
    <p class='ocr_par' dir='ltr' id='par_1_14' title="bbox 284 1295 1846 1378">
     <span class='ocr_line' id='line_1_14' title="bbox 284 1295 1846 1378; baseline 0.011 -32"><span class='ocrx_word' id='word_1_101' title='bbox 284 1295 378 1347; x_wconf 73' lang='grc' dir='ltr'>ἐάν</span> <span class='ocrx_word' id='word_1_102' title='bbox 424 1312 484 1348; x_wconf 87' lang='grc' dir='ltr'><strong>τε</strong></span> <span class='ocrx_word' id='word_1_103' title='bbox 539 1297 1000 1370; x_wconf 77' lang='grc' dir='ltr'>ἀποθνήσκωμεν.</span> <span class='ocrx_word' id='word_1_104' title='bbox 1050 1303 1128 1373; x_wconf 86' lang='grc' dir='ltr'>τῷ</span> <span class='ocrx_word' id='word_1_105' title='bbox 1174 1305 1365 1376; x_wconf 81' lang='grc' dir='ltr'>Κυρίῳ</span> <span class='ocrx_word' id='word_1_106' title='bbox 1412 1306 1846 1378; x_wconf 82' lang='grc' dir='ltr'>ἀποθνήσκομεν.</span> 
     </span>
    </p>
   </div>
   <div class='ocr_carea' id='block_1_15' title="bbox 296 1386 1848 1466">
    <p class='ocr_par' dir='ltr' id='par_1_15' title="bbox 296 1386 1848 1466">
     <span class='ocr_line' id='line_1_15' title="bbox 296 1386 1848 1466; baseline 0.009 -28"><span class='ocrx_word' id='word_1_107' title='bbox 296 1386 423 1440; x_wconf 85' lang='grc' dir='ltr'><strong>Ἐάν</strong></span> <span class='ocrx_word' id='word_1_108' title='bbox 463 1406 524 1441; x_wconf 90' lang='grc' dir='ltr'><strong>τε</strong></span> <span class='ocrx_word' id='word_1_109' title='bbox 577 1388 780 1460; x_wconf 82' lang='grc' dir='ltr'>ζῶμεν,</span> <span class='ocrx_word' id='word_1_110' title='bbox 831 1393 925 1445; x_wconf 78' lang='grc' dir='ltr'>ὲάν</span> <span class='ocrx_word' id='word_1_111' title='bbox 972 1410 1032 1446; x_wconf 93' lang='grc' dir='ltr'><strong>τε</strong></span> <span class='ocrx_word' id='word_1_112' title='bbox 1078 1395 1544 1466; x_wconf 85' lang='grc' dir='ltr'>ἀποθνήσκωμεν,</span> <span class='ocrx_word' id='word_1_113' title='bbox 1577 1399 1672 1451; x_wconf 86' lang='grc' dir='ltr'><strong>τοῦ</strong></span> <span class='ocrx_word' id='word_1_114' title='bbox 1714 1398 1848 1452; x_wconf 84' lang='grc' dir='ltr'>Θεοῦ</span> 
     </span>
    </p>
   </div>
   <div class='ocr_carea' id='block_1_16' title="bbox 285 1479 1846 1561">
    <p class='ocr_par' dir='ltr' id='par_1_16' title="bbox 285 1479 1846 1561">
     <span class='ocr_line' id='line_1_16' title="bbox 285 1479 1846 1561; baseline 0.01 -32"><span class='ocrx_word' id='word_1_115' title='bbox 285 1479 487 1546; x_wconf 74' lang='grc' dir='ltr'>ἐσμενο</span> <span class='ocrx_word' id='word_1_116' title='bbox 521 1482 601 1544; x_wconf 79' lang='grc' dir='ltr'><strong>είς</strong></span> <span class='ocrx_word' id='word_1_117' title='bbox 634 1480 790 1535; x_wconf 89' lang='grc' dir='ltr'>τοῦτο</span> <span class='ocrx_word' id='word_1_118' title='bbox 817 1482 926 1555; x_wconf 85' lang='grc' dir='ltr'><strong>γὰρ</strong></span> <span class='ocrx_word' id='word_1_119' title='bbox 956 1485 1189 1556; x_wconf 79' lang='grc' dir='ltr'>Χριστός</span> <span class='ocrx_word' id='word_1_120' title='bbox 1227 1488 1467 1540; x_wconf 84' lang='grc' dir='ltr'>ἀπέθανε</span> <span class='ocrx_word' id='word_1_121' title='bbox 1508 1491 1602 1542; x_wconf 80' lang='grc' dir='ltr'>καὶ</span> <span class='ocrx_word' id='word_1_122' title='bbox 1635 1489 1846 1561; x_wconf 80' lang='grc' dir='ltr'>ἔζησεν,</span> 
     </span>
    </p>
   </div>
   <div class='ocr_carea' id='block_1_17' title="bbox 287 1569 1850 1651">
    <p class='ocr_par' dir='ltr' id='par_1_17' title="bbox 287 1569 1850 1651">
     <span class='ocr_line' id='line_1_17' title="bbox 287 1569 1850 1651; baseline 0.01 -33"><span class='ocrx_word' id='word_1_123' title='bbox 287 1569 373 1620; x_wconf 78' lang='grc' dir='ltr'>ἵνα</span> <span class='ocrx_word' id='word_1_124' title='bbox 419 1569 514 1623; x_wconf 75' lang='grc' dir='ltr'>καὶ</span> <span class='ocrx_word' id='word_1_125' title='bbox 557 1572 765 1640; x_wconf 87' lang='grc' dir='ltr'>νεκρῶν</span> <span class='ocrx_word' id='word_1_126' title='bbox 794 1574 886 1627; x_wconf 82' lang='grc' dir='ltr'>καὶ</span> <span class='ocrx_word' id='word_1_127' title='bbox 915 1576 1136 1639; x_wconf 80' lang='grc' dir='ltr'>ζώντων</span> <span class='ocrx_word' id='word_1_128' title='bbox 1160 1578 1438 1649; x_wconf 79' lang='grc' dir='ltr'>κυριεύσῃ.</span> <span class='ocrx_word' id='word_1_129' title='bbox 1471 1598 1490 1630; x_wconf 75' lang='grc' dir='ltr'><strong>ι</strong></span> <span class='ocrx_word' id='word_1_130' title='bbox 1524 1581 1850 1651; x_wconf 84' lang='grc' dir='ltr'>Προσπεφώ-</span> 
     </span>
    </p>
   </div>
   <div class='ocr_carea' id='block_1_18' title="bbox 288 1659 1849 1740">
    <p class='ocr_par' dir='ltr' id='par_1_18' title="bbox 288 1659 1849 1740">
     <span class='ocr_line' id='line_1_18' title="bbox 288 1659 1849 1740; baseline 0.009 -29"><span class='ocrx_word' id='word_1_131' title='bbox 288 1659 422 1727; x_wconf 84' lang='grc' dir='ltr'>νηκέ</span> <span class='ocrx_word' id='word_1_132' title='bbox 456 1677 557 1713; x_wconf 89' lang='grc' dir='ltr'><strong>που</strong></span> <span class='ocrx_word' id='word_1_133' title='bbox 597 1665 709 1725; x_wconf 80' lang='grc' dir='ltr'>τοῖς</span> <span class='ocrx_word' id='word_1_134' title='bbox 738 1663 796 1730; x_wconf 76' lang='grc' dir='ltr'><strong>ἐξ</strong></span> <span class='ocrx_word' id='word_1_135' title='bbox 828 1663 999 1718; x_wconf 76' lang='grc' dir='ltr'>ἐθνῶν</span> <span class='ocrx_word' id='word_1_136' title='bbox 1022 1669 1053 1718; x_wconf 87' lang='grc' dir='ltr'><strong>ό</strong></span> <span class='ocrx_word' id='word_1_137' title='bbox 1085 1668 1351 1740; x_wconf 68' lang='grc' dir='ltr'>μακάριονς</span> <span class='ocrx_word' id='word_1_138' title='bbox 1383 1670 1593 1733; x_wconf 85' lang='grc' dir='ltr'>Παῦλος</span> <span class='ocrx_word' id='word_1_139' title='bbox 1614 1688 1627 1701; x_wconf 88' lang='grc'><strong>·</strong></span> <span class='ocrx_word' id='word_1_140' title='bbox 1668 1690 1685 1723; x_wconf 78' lang='grc' dir='ltr'><strong>ι</strong></span> <span class='ocrx_word' id='word_1_141' title='bbox 1714 1672 1849 1725; x_wconf 81' lang='grc' dir='ltr'>Νυνὶ</span> 
     </span>
    </p>
   </div>
   <div class='ocr_carea' id='block_1_19' title="bbox 1950 577 3505 653">
    <p class='ocr_par' dir='ltr' id='par_1_19' title="bbox 1950 577 3505 653">
     <span class='ocr_line' id='line_1_19' title="bbox 1950 577 3505 653; baseline -0.008 -14"><span class='ocrx_word' id='word_1_142' title='bbox 1950 585 2153 641; x_wconf 87' lang='lat' dir='ltr'><strong>sarium</strong></span> <span class='ocrx_word' id='word_1_143' title='bbox 2211 593 2294 639; x_wconf 88' lang='lat' dir='ltr'><strong>est</strong></span> <span class='ocrx_word' id='word_1_144' title='bbox 2334 597 2465 653; x_wconf 87' lang='lat' dir='ltr'><strong>ergo</strong></span> <span class='ocrx_word' id='word_1_145' title='bbox 2510 590 2568 636; x_wconf 91' lang='lat' dir='ltr'><strong>ut</strong></span> <span class='ocrx_word' id='word_1_146' title='bbox 2600 580 2693 637; x_wconf 92' lang='lat' dir='ltr'><strong>Dei</strong></span> <span class='ocrx_word' id='word_1_147' title='bbox 2724 580 2957 635; x_wconf 85' lang='lat' dir='ltr'><strong>Verbum</strong></span> <span class='ocrx_word' id='word_1_148' title='bbox 3004 579 3298 633; x_wconf 88' lang='lat' dir='ltr'><strong>secundum</strong></span> <span class='ocrx_word' id='word_1_149' title='bbox 3338 577 3505 646; x_wconf 84' lang='lat' dir='ltr'><strong>hypo-</strong></span> 
     </span>
    </p>
   </div>
   <div class='ocr_carea' id='block_1_20' title="bbox 1948 664 3505 737">
    <p class='ocr_par' dir='ltr' id='par_1_20' title="bbox 1948 664 3505 737">
     <span class='ocr_line' id='line_1_20' title="bbox 1948 664 3505 737; baseline -0.008 -9"><span class='ocrx_word' id='word_1_150' title='bbox 1948 674 2121 728; x_wconf 87' lang='lat' dir='ltr'><strong>stasin</strong></span> <span class='ocrx_word' id='word_1_151' title='bbox 2171 673 2419 728; x_wconf 75' lang='lat' dir='ltr'><strong>humana:</strong></span> <span class='ocrx_word' id='word_1_152' title='bbox 2470 679 2677 726; x_wconf 72' lang='lat' dir='ltr'><strong>natura:</strong></span> <span class='ocrx_word' id='word_1_153' title='bbox 2732 671 2940 724; x_wconf 86' lang='lat' dir='ltr'><strong>unitum</strong></span> <span class='ocrx_word' id='word_1_154' title='bbox 2999 668 3368 737; x_wconf 84' lang='lat' dir='ltr'><strong>proﬁteamur.</strong></span> <span class='ocrx_word' id='word_1_155' title='bbox 3425 664 3505 717; x_wconf 84' lang='lat' dir='ltr'><strong>Ad</strong></span> 
     </span>
    </p>
   </div>
   <div class='ocr_carea' id='block_1_21' title="bbox 1951 761 3506 826">
    <p class='ocr_par' dir='ltr' id='par_1_21' title="bbox 1951 761 3506 826">
     <span class='ocr_line' id='line_1_21' title="bbox 1951 761 3506 826; baseline -0.008 -7"><span class='ocrx_word' id='word_1_156' title='bbox 1951 766 2092 820; x_wconf 87' lang='lat' dir='ltr'><strong>hunc</strong></span> <span class='ocrx_word' id='word_1_157' title='bbox 2115 765 2258 819; x_wconf 91' lang='lat' dir='ltr'><strong>enim</strong></span> <span class='ocrx_word' id='word_1_158' title='bbox 2282 764 2498 818; x_wconf 89' lang='lat' dir='ltr'><strong>modum</strong></span> <span class='ocrx_word' id='word_1_159' title='bbox 2538 776 2700 818; x_wconf 90' lang='lat' dir='ltr'><strong>unum</strong></span> <span class='ocrx_word' id='word_1_160' title='bbox 2736 761 3011 816; x_wconf 74' lang='lat' dir='ltr'><strong>Christum</strong></span> <span class='ocrx_word' id='word_1_161' title='bbox 3045 769 3298 826; x_wconf 86' lang='lat' dir='ltr'><strong>tanquam</strong></span> <span class='ocrx_word' id='word_1_162' title='bbox 3352 764 3506 810; x_wconf 84' lang='lat' dir='ltr'><strong>natu-</strong></span> 
     </span>
    </p>
   </div>
   <div class='ocr_carea' id='block_1_22' title="bbox 1951 850 3508 918">
    <p class='ocr_par' dir='ltr' id='par_1_22' title="bbox 1951 850 3508 918">
     <span class='ocr_line' id='line_1_22' title="bbox 1951 850 3508 918; baseline -0.006 -9"><span class='ocrx_word' id='word_1_163' title='bbox 1951 856 2117 911; x_wconf 83' lang='lat' dir='ltr'><strong>ralem</strong></span> <span class='ocrx_word' id='word_1_164' title='bbox 2147 855 2426 910; x_wconf 90' lang='lat' dir='ltr'><strong>Dominum</strong></span> <span class='ocrx_word' id='word_1_165' title='bbox 2455 854 2792 918; x_wconf 80' lang='lat' dir='ltr'><strong>conﬁtentes,</strong></span> <span class='ocrx_word' id='word_1_166' title='bbox 2837 862 2893 908; x_wconf 91' lang='lat' dir='ltr'><strong>et</strong></span> <span class='ocrx_word' id='word_1_167' title='bbox 2936 852 3119 907; x_wconf 86' lang='lat' dir='ltr'><strong>carnis</strong></span> <span class='ocrx_word' id='word_1_168' title='bbox 3153 850 3271 918; x_wconf 86' lang='lat' dir='ltr'><strong>ejus</strong></span> <span class='ocrx_word' id='word_1_169' title='bbox 3325 862 3508 902; x_wconf 85' lang='lat' dir='ltr'><strong>resur-</strong></span> 
     </span>
    </p>
   </div>
   <div class='ocr_carea' id='block_1_23' title="bbox 1952 941 3507 1015">
    <p class='ocr_par' dir='ltr' id='par_1_23' title="bbox 1952 941 3507 1015">
     <span class='ocr_line' id='line_1_23' title="bbox 1952 941 3507 1015; baseline -0.006 -16"><span class='ocrx_word' id='word_1_170' title='bbox 1952 946 2241 1003; x_wconf 75' lang='lat' dir='ltr'><strong>reCIionem</strong></span> <span class='ocrx_word' id='word_1_171' title='bbox 2273 954 2649 1015; x_wconf 78' lang='lat' dir='ltr'><strong>agnoscentes,</strong></span> <span class='ocrx_word' id='word_1_172' title='bbox 2687 959 2749 997; x_wconf 89' lang='lat' dir='ltr'><strong>ac</strong></span> <span class='ocrx_word' id='word_1_173' title='bbox 2779 942 2941 996; x_wconf 86' lang='lat' dir='ltr'><strong>veluti</strong></span> <span class='ocrx_word' id='word_1_174' title='bbox 2972 942 3026 996; x_wconf 92' lang='lat' dir='ltr'><strong>in</strong></span> <span class='ocrx_word' id='word_1_175' title='bbox 3071 942 3236 996; x_wconf 89' lang='lat' dir='ltr'><strong>Deum</strong></span> <span class='ocrx_word' id='word_1_176' title='bbox 3279 941 3507 993; x_wconf 89' lang='lat' dir='ltr'><strong>creden-</strong></span> 
     </span>
    </p>
   </div>
   <div class='ocr_carea' id='block_1_24' title="bbox 1950 1030 3290 1101">
    <p class='ocr_par' dir='ltr' id='par_1_24' title="bbox 1950 1030 3290 1101">
     <span class='ocr_line' id='line_1_24' title="bbox 1950 1030 3290 1101; baseline -0.005 -13"><span class='ocrx_word' id='word_1_177' title='bbox 1950 1042 2050 1096; x_wconf 86' lang='lat' dir='ltr'><strong>tes,</strong></span> <span class='ocrx_word' id='word_1_178' title='bbox 2081 1033 2482 1101; x_wconf 83' lang='lat' dir='ltr'><strong>justiticationis</strong></span> <span class='ocrx_word' id='word_1_179' title='bbox 2514 1032 2834 1087; x_wconf 78' lang='lat' dir='ltr'><strong>beneﬁcium</strong></span> <span class='ocrx_word' id='word_1_180' title='bbox 2883 1030 3290 1098; x_wconf 85' lang='lat' dir='ltr'><strong>consequimur.</strong></span> 
     </span>
    </p>
   </div>
   <div class='ocr_carea' id='block_1_25' title="bbox 2025 1114 3506 1201">
    <p class='ocr_par' dir='ltr' id='par_1_25' title="bbox 2025 1114 3506 1201">
     <span class='ocr_line' id='line_1_25' title="bbox 2025 1114 3506 1201; baseline -0.006 -25"><span class='ocrx_word' id='word_1_181' title='bbox 2025 1143 2045 1176; x_wconf 77' lang='grc' dir='ltr'><strong>ι</strong></span> <span class='ocrx_word' id='word_1_182' title='bbox 2082 1123 2250 1179; x_wconf 85' lang='lat' dir='ltr'><strong>Nemo</strong></span> <span class='ocrx_word' id='word_1_183' title='bbox 2288 1123 2433 1201; x_wconf 83' lang='lat' dir='ltr'><strong>enim</strong></span> <span class='ocrx_word' id='word_1_184' title='bbox 2481 1132 2722 1177; x_wconf 88' lang='lat' dir='ltr'><strong>nostrum</strong></span> <span class='ocrx_word' id='word_1_185' title='bbox 2768 1121 2870 1176; x_wconf 86' lang='lat' dir='ltr'><strong>sibi</strong></span> <span class='ocrx_word' id='word_1_186' title='bbox 2914 1121 3070 1182; x_wconf 87' lang='lat' dir='ltr'><strong>vivit.</strong></span> <span class='ocrx_word' id='word_1_187' title='bbox 3115 1129 3167 1173; x_wconf 94' lang='lat' dir='ltr'><strong>et</strong></span> <span class='ocrx_word' id='word_1_188' title='bbox 3218 1131 3374 1171; x_wconf 90' lang='lat' dir='ltr'><strong>nemo</strong></span> <span class='ocrx_word' id='word_1_189' title='bbox 3406 1114 3506 1167; x_wconf 78' lang='grc' dir='ltr'><strong>εἰΙιί</strong></span> 
     </span>
    </p>
   </div>
   <div class='ocr_carea' id='block_1_26' title="bbox 1951 1209 3504 1282">
    <p class='ocr_par' dir='ltr' id='par_1_26' title="bbox 1951 1209 3504 1282">
     <span class='ocr_line' id='line_1_26' title="bbox 1951 1209 3504 1282; baseline -0.006 -13"><span class='ocrx_word' id='word_1_190' title='bbox 1951 1217 2226 1270; x_wconf 88' lang='lat' dir='ltr'><strong>moritur:</strong></span> <span class='ocrx_word' id='word_1_191' title='bbox 2268 1215 2385 1270; x_wconf 83' lang='lat' dir='ltr'><strong>sive</strong></span> <span class='ocrx_word' id='word_1_192' title='bbox 2429 1214 2573 1269; x_wconf 89' lang='lat' dir='ltr'><strong>enim</strong></span> <span class='ocrx_word' id='word_1_193' title='bbox 2620 1213 2870 1279; x_wconf 87' lang='lat' dir='ltr'><strong>vivimus,</strong></span> <span class='ocrx_word' id='word_1_194' title='bbox 2903 1211 3061 1282; x_wconf 78' lang='lat'><strong>105</strong></span> <span class='ocrx_word' id='word_1_195' title='bbox 3112 1210 3339 1264; x_wconf 89' lang='lat' dir='ltr'><strong>Domino</strong></span> <span class='ocrx_word' id='word_1_196' title='bbox 3366 1209 3504 1260; x_wconf 85' lang='lat' dir='ltr'><strong>vivi-</strong></span> 
     </span>
    </p>
   </div>
   <div class='ocr_carea' id='block_1_27' title="bbox 1952 1300 3507 1372">
    <p class='ocr_par' dir='ltr' id='par_1_27' title="bbox 1952 1300 3507 1372">
     <span class='ocr_line' id='line_1_27' title="bbox 1952 1300 3507 1372; baseline -0.008 -9"><span class='ocrx_word' id='word_1_197' title='bbox 1952 1323 2108 1372; x_wconf 89' lang='lat' dir='ltr'><strong>mus;</strong></span> <span class='ocrx_word' id='word_1_198' title='bbox 2153 1308 2267 1363; x_wconf 91' lang='lat' dir='ltr'><strong>sive</strong></span> <span class='ocrx_word' id='word_1_199' title='bbox 2297 1306 2576 1368; x_wconf 84' lang='lat' dir='ltr'><strong>morimur,</strong></span> <span class='ocrx_word' id='word_1_200' title='bbox 2630 1305 2858 1359; x_wconf 89' lang='lat' dir='ltr'><strong>Domino</strong></span> <span class='ocrx_word' id='word_1_201' title='bbox 2894 1303 3177 1357; x_wconf 86' lang='lat' dir='ltr'><strong>morimur.</strong></span> <span class='ocrx_word' id='word_1_202' title='bbox 3217 1300 3344 1353; x_wconf 88' lang='lat' dir='ltr'><strong>Sive</strong></span> <span class='ocrx_word' id='word_1_203' title='bbox 3377 1312 3507 1366; x_wconf 86' lang='lat' dir='ltr'><strong>ergo</strong></span> 
     </span>
    </p>
   </div>
   <div class='ocr_carea' id='block_1_28' title="bbox 1950 1388 3506 1461">
    <p class='ocr_par' dir='ltr' id='par_1_28' title="bbox 1950 1388 3506 1461">
     <span class='ocr_line' id='line_1_28' title="bbox 1950 1388 3506 1461; baseline -0.006 -12"><span class='ocrx_word' id='word_1_204' title='bbox 1950 1398 2201 1461; x_wconf 82' lang='lat' dir='ltr'><strong>vivimus,</strong></span> <span class='ocrx_word' id='word_1_205' title='bbox 2226 1398 2338 1451; x_wconf 87' lang='lat' dir='ltr'><strong>sive</strong></span> <span class='ocrx_word' id='word_1_206' title='bbox 2370 1395 2648 1453; x_wconf 76' lang='lat' dir='ltr'><strong>morimur,</strong></span> <span class='ocrx_word' id='word_1_207' title='bbox 2671 1393 2879 1449; x_wconf 89' lang='lat' dir='ltr'><strong>Domini</strong></span> <span class='ocrx_word' id='word_1_208' title='bbox 2911 1407 3116 1448; x_wconf 88' lang='lat' dir='ltr'><strong>sumus.</strong></span> <span class='ocrx_word' id='word_1_209' title='bbox 3148 1389 3206 1443; x_wconf 87' lang='lat' dir='ltr'><strong>In</strong></span> <span class='ocrx_word' id='word_1_210' title='bbox 3240 1391 3343 1444; x_wconf 89' lang='lat' dir='ltr'><strong>hoc</strong></span> <span class='ocrx_word' id='word_1_211' title='bbox 3363 1388 3506 1442; x_wconf 90' lang='lat' dir='ltr'><strong>enim</strong></span> 
     </span>
    </p>
   </div>
   <div class='ocr_carea' id='block_1_29' title="bbox 1949 1478 3513 1547">
    <p class='ocr_par' dir='ltr' id='par_1_29' title="bbox 1949 1478 3513 1547">
     <span class='ocr_line' id='line_1_29' title="bbox 1949 1478 3513 1547; baseline -0.008 -5"><span class='ocrx_word' id='word_1_212' title='bbox 1949 1486 2198 1542; x_wconf 82' lang='lat' dir='ltr'><strong>Christus</strong></span> <span class='ocrx_word' id='word_1_213' title='bbox 2226 1496 2470 1541; x_wconf 88' lang='lat' dir='ltr'><strong>mortuus</strong></span> <span class='ocrx_word' id='word_1_214' title='bbox 2495 1494 2577 1541; x_wconf 89' lang='lat' dir='ltr'><strong>est</strong></span> <span class='ocrx_word' id='word_1_215' title='bbox 2606 1494 2660 1540; x_wconf 89' lang='lat' dir='ltr'><strong>et</strong></span> <span class='ocrx_word' id='word_1_216' title='bbox 2685 1485 3002 1547; x_wconf 76' lang='lat' dir='ltr'><strong>resurrexit,</strong></span> <span class='ocrx_word' id='word_1_217' title='bbox 3050 1492 3109 1535; x_wconf 89' lang='lat' dir='ltr'><strong>ut</strong></span> <span class='ocrx_word' id='word_1_218' title='bbox 3140 1482 3383 1535; x_wconf 87' lang='lat' dir='ltr'><strong>vivorum</strong></span> <span class='ocrx_word' id='word_1_219' title='bbox 3434 1478 3513 1532; x_wconf 59' lang='lat' dir='ltr'><strong>sic</strong></span> 
     </span>
    </p>
   </div>
   <div class='ocr_carea' id='block_1_30' title="bbox 1951 1568 3512 1638">
    <p class='ocr_par' dir='ltr' id='par_1_30' title="bbox 1951 1568 3512 1638">
     <span class='ocr_line' id='line_1_30' title="bbox 1951 1568 3512 1638; baseline -0.006 -7"><span class='ocrx_word' id='word_1_220' title='bbox 1951 1578 2061 1632; x_wconf 90' lang='lat' dir='ltr'><strong>mul</strong></span> <span class='ocrx_word' id='word_1_221' title='bbox 2090 1588 2144 1632; x_wconf 90' lang='lat' dir='ltr'><strong>et</strong></span> <span class='ocrx_word' id='word_1_222' title='bbox 2176 1585 2506 1631; x_wconf 89' lang='lat' dir='ltr'><strong>mortuorum</strong></span> <span class='ocrx_word' id='word_1_223' title='bbox 2545 1574 2938 1631; x_wconf 76' lang='lat' dir='ltr'><strong>dominetur”.</strong></span> <span class='ocrx_word' id='word_1_224' title='bbox 2981 1592 2999 1626; x_wconf 72' lang='grc' dir='ltr'><strong>ι</strong></span> <span class='ocrx_word' id='word_1_225' title='bbox 3038 1573 3181 1626; x_wconf 86' lang='lat' dir='ltr'><strong>Idem</strong></span> <span class='ocrx_word' id='word_1_226' title='bbox 3222 1568 3512 1638; x_wconf 79' lang='lat' dir='ltr'><strong>Apostolus</strong></span> 
     </span>
    </p>
   </div>
   <div class='ocr_carea' id='block_1_31' title="bbox 1951 1660 3506 1736">
    <p class='ocr_par' dir='ltr' id='par_1_31' title="bbox 1951 1660 3506 1736">
     <span class='ocr_line' id='line_1_31' title="bbox 1951 1660 3506 1736; baseline -0.007 -14"><span class='ocrx_word' id='word_1_227' title='bbox 1951 1668 2074 1722; x_wconf 88' lang='lat' dir='ltr'><strong>alibi</strong></span> <span class='ocrx_word' id='word_1_228' title='bbox 2106 1668 2227 1722; x_wconf 89' lang='lat' dir='ltr'><strong>illos</strong></span> <span class='ocrx_word' id='word_1_229' title='bbox 2250 1669 2340 1736; x_wconf 89' lang='lat' dir='ltr'><strong>qui</strong></span> <span class='ocrx_word' id='word_1_230' title='bbox 2375 1682 2438 1721; x_wconf 76' lang='lat' dir='ltr'><strong>ex</strong></span> <span class='ocrx_word' id='word_1_231' title='bbox 2476 1667 2725 1733; x_wconf 80' lang='lat' dir='ltr'><strong>gentibus</strong></span> <span class='ocrx_word' id='word_1_232' title='bbox 2756 1665 3002 1719; x_wconf 88' lang='lat' dir='ltr'><strong>conversi</strong></span> <span class='ocrx_word' id='word_1_233' title='bbox 3039 1663 3274 1727; x_wconf 83' lang='lat' dir='ltr'><strong>fuerant,</strong></span> <span class='ocrx_word' id='word_1_234' title='bbox 3315 1662 3386 1713; x_wconf 89' lang='lat' dir='ltr'><strong>ita</strong></span> <span class='ocrx_word' id='word_1_235' title='bbox 3428 1660 3506 1711; x_wconf 84' lang='lat' dir='ltr'><strong>al-</strong></span> 
     </span>
    </p>
   </div>
   <div class='ocr_carea' id='block_1_32' title="bbox 288 1723 1858 1827">
    <p class='ocr_par' dir='ltr' id='par_1_32' title="bbox 288 1723 1846 1827">
     <span class='ocr_line' id='line_1_32' title="bbox 288 1723 1846 1827; baseline 0.01 -26"><span class='ocrx_word' id='word_1_236' title='bbox 288 1723 351 1801; x_wconf 39' lang='grc' dir='ltr'><strong>δὲ-</strong></span> <span class='ocrx_word' id='word_1_237' title='bbox 396 1751 609 1818; x_wconf 82' lang='grc' dir='ltr'>γνόντες</span> <span class='ocrx_word' id='word_1_238' title='bbox 655 1723 808 1818; x_wconf 54' lang='lat' dir='ltr'><strong>debv,</strong></span> <span class='ocrx_word' id='word_1_239' title='bbox 847 1756 1047 1826; x_wconf 76' lang='grc' dir='ltr'>μᾶλλον</span> <span class='ocrx_word' id='word_1_240' title='bbox 1162 1723 1494 1827; x_wconf 77' lang='grc' dir='ltr'>γνωσθέντες</span> <span class='ocrx_word' id='word_1_241' title='bbox 1541 1723 1646 1815; x_wconf 67' lang='grc' dir='ltr'><strong>ὑπὸ</strong></span> <span class='ocrx_word' id='word_1_242' title='bbox 1687 1723 1846 1827; x_wconf 85' lang='grc' dir='ltr'>Θεοῦ,</span> 
     </span>
    </p>
   </div>
   <div class='ocr_carea' id='block_1_33' title="bbox 1966 1723 3508 1827">
    <p class='ocr_par' dir='ltr' id='par_1_33' title="bbox 1966 1751 3508 1827">
     <span class='ocr_line' id='line_1_33' title="bbox 1966 1751 3508 1827; baseline -0.007 -15"><span class='ocrx_word' id='word_1_243' title='bbox 1966 1758 2227 1827; x_wconf 84' lang='lat' dir='ltr'><strong>loquitur:</strong></span> <span class='ocrx_word' id='word_1_244' title='bbox 2264 1776 2283 1809; x_wconf 74' lang='grc' dir='ltr'><strong>ι</strong></span> <span class='ocrx_word' id='word_1_245' title='bbox 2319 1756 2472 1811; x_wconf 85' lang='lat' dir='ltr'><strong>Nunc</strong></span> <span class='ocrx_word' id='word_1_246' title='bbox 2529 1768 2707 1811; x_wconf 89' lang='lat' dir='ltr'><strong>autem</strong></span> <span class='ocrx_word' id='word_1_247' title='bbox 2760 1772 2881 1811; x_wconf 92' lang='lat' dir='ltr'><strong>cum</strong></span> <span class='ocrx_word' id='word_1_248' title='bbox 2928 1754 3287 1824; x_wconf 86' lang='lat' dir='ltr'><strong>cognoveritis</strong></span> <span class='ocrx_word' id='word_1_249' title='bbox 3321 1751 3508 1812; x_wconf 88' lang='lat' dir='ltr'><strong>Deum,</strong></span> 
     </span>
    </p>
   </div>
   <div class='ocr_carea' id='block_1_34' title="bbox 289 1841 1849 1924">
    <p class='ocr_par' dir='ltr' id='par_1_34' title="bbox 289 1841 1849 1924">
     <span class='ocr_line' id='line_1_34' title="bbox 289 1841 1849 1924; baseline 0.009 -31"><span class='ocrx_word' id='word_1_250' title='bbox 289 1841 406 1903; x_wconf 88' lang='grc' dir='ltr'><strong>πῶς</strong></span> <span class='ocrx_word' id='word_1_251' title='bbox 453 1843 807 1913; x_wconf 77' lang='grc' dir='ltr'>ἐπιστρέφετε</span> <span class='ocrx_word' id='word_1_252' title='bbox 832 1846 926 1899; x_wconf 73' lang='grc' dir='ltr'><strong>ἐπὶ</strong></span> <span class='ocrx_word' id='word_1_253' title='bbox 952 1848 1020 1900; x_wconf 82' lang='grc' dir='ltr'><strong>τὰ</strong></span> <span class='ocrx_word' id='word_1_254' title='bbox 1047 1849 1243 1921; x_wconf 87' lang='grc' dir='ltr'>ἀσθενῆ</span> <span class='ocrx_word' id='word_1_255' title='bbox 1274 1851 1368 1904; x_wconf 78' lang='grc' dir='ltr'>καὶ</span> <span class='ocrx_word' id='word_1_256' title='bbox 1399 1852 1587 1923; x_wconf 82' lang='grc' dir='ltr'>πτωχά</span> <span class='ocrx_word' id='word_1_257' title='bbox 1611 1856 1849 1924; x_wconf 82' lang='grc' dir='ltr'>στοιχεῖα</span> 
     </span>
    </p>
   </div>
   <div class='ocr_carea' id='block_1_35' title="bbox 288 1929 1842 2011">
    <p class='ocr_par' dir='ltr' id='par_1_35' title="bbox 288 1929 1842 2011">
     <span class='ocr_line' id='line_1_35' title="bbox 288 1929 1842 2011; baseline 0.009 -29"><span class='ocrx_word' id='word_1_258' title='bbox 288 1930 382 1983; x_wconf 89' lang='grc' dir='ltr'><strong>τοῦ</strong></span> <span class='ocrx_word' id='word_1_259' title='bbox 429 1933 655 2002; x_wconf 84' lang='grc' dir='ltr'>κόσμου,</span> <span class='ocrx_word' id='word_1_260' title='bbox 686 1929 769 1998; x_wconf 74' lang='grc' dir='ltr'>οἷς</span> <span class='ocrx_word' id='word_1_261' title='bbox 814 1936 975 1991; x_wconf 81' lang='grc' dir='ltr'>πάλιν</span> <span class='ocrx_word' id='word_1_262' title='bbox 1011 1939 1216 1993; x_wconf 79' lang='grc' dir='ltr'>ἀνωθεν</span> <span class='ocrx_word' id='word_1_263' title='bbox 1251 1940 1522 1995; x_wconf 88' lang='grc' dir='ltr'>δουλεύειν</span> <span class='ocrx_word' id='word_1_264' title='bbox 1572 1943 1784 2011; x_wconf 86' lang='grc' dir='ltr'>θέλετε;</span> <span class='ocrx_word' id='word_1_265' title='bbox 1825 1964 1842 1996; x_wconf 72' lang='grc' dir='ltr'><strong>ι</strong></span> 
     </span>
    </p>
   </div>
   <div class='ocr_carea' id='block_1_36' title="bbox 287 2022 1849 2105">
    <p class='ocr_par' dir='ltr' id='par_1_36' title="bbox 287 2022 1849 2105">
     <span class='ocr_line' id='line_1_36' title="bbox 287 2022 1849 2105; baseline 0.01 -31"><span class='ocrx_word' id='word_1_266' title='bbox 287 2022 686 2093; x_wconf 88' lang='grc' dir='ltr'>Λελυτρώμεθα</span> <span class='ocrx_word' id='word_1_267' title='bbox 707 2022 886 2080; x_wconf 77' lang='grc' dir='ltr'>τὸίνυν</span> <span class='ocrx_word' id='word_1_268' title='bbox 906 2027 993 2081; x_wconf 79' lang='grc' dir='ltr'><strong>διὰ</strong></span> <span class='ocrx_word' id='word_1_269' title='bbox 1014 2032 1109 2100; x_wconf 82' lang='grc' dir='ltr'>τῆς</span> <span class='ocrx_word' id='word_1_270' title='bbox 1132 2031 1365 2095; x_wconf 88' lang='grc' dir='ltr'>πίστεως</span> <span class='ocrx_word' id='word_1_271' title='bbox 1390 2033 1492 2103; x_wconf 84' lang='grc' dir='ltr'>τῆς</span> <span class='ocrx_word' id='word_1_272' title='bbox 1519 2036 1598 2096; x_wconf 88' lang='grc' dir='ltr'><strong>είς</strong></span> <span class='ocrx_word' id='word_1_273' title='bbox 1619 2036 1849 2105; x_wconf 73' lang='grc' dir='ltr'>Χριστὸν</span> 
     </span>
    </p>
   </div>
   <div class='ocr_carea' id='block_1_37' title="bbox 287 2114 1851 2194">
    <p class='ocr_par' dir='ltr' id='par_1_37' title="bbox 287 2114 1851 2194">
     <span class='ocr_line' id='line_1_37' title="bbox 287 2114 1851 2194; baseline 0.01 -29"><span class='ocrx_word' id='word_1_274' title='bbox 287 2115 353 2166; x_wconf 81' lang='grc' dir='ltr'>ἐκ</span> <span class='ocrx_word' id='word_1_275' title='bbox 380 2114 479 2183; x_wconf 82' lang='grc' dir='ltr'>τῆς</span> <span class='ocrx_word' id='word_1_276' title='bbox 508 2114 615 2168; x_wconf 86' lang='grc' dir='ltr'><strong>τῶν</strong></span> <span class='ocrx_word' id='word_1_277' title='bbox 638 2116 916 2187; x_wconf 84' lang='grc' dir='ltr'>στοιχείων</span> <span class='ocrx_word' id='word_1_278' title='bbox 947 2119 1208 2186; x_wconf 86' lang='grc' dir='ltr'>δουλείας,</span> <span class='ocrx_word' id='word_1_279' title='bbox 1229 2122 1323 2175; x_wconf 78' lang='grc' dir='ltr'>καὶ</span> <span class='ocrx_word' id='word_1_280' title='bbox 1350 2124 1659 2194; x_wconf 85' lang='grc' dir='ltr'>ήνέχθημεν</span> <span class='ocrx_word' id='word_1_281' title='bbox 1682 2128 1762 2190; x_wconf 86' lang='grc' dir='ltr'><strong>είς</strong></span> <span class='ocrx_word' id='word_1_282' title='bbox 1789 2127 1851 2180; x_wconf 83' lang='grc' dir='ltr'><strong>τὺ</strong></span> 
     </span>
    </p>
   </div>
   <div class='ocr_carea' id='block_1_38' title="bbox 283 2204 1851 2281">
    <p class='ocr_par' dir='ltr' id='par_1_38' title="bbox 283 2204 1851 2281">
     <span class='ocr_line' id='line_1_38' title="bbox 283 2204 1851 2281; baseline 0.009 -25"><span class='ocrx_word' id='word_1_283' title='bbox 283 2204 555 2258; x_wconf 88' lang='grc' dir='ltr'>δουλεύειν</span> <span class='ocrx_word' id='word_1_284' title='bbox 584 2206 703 2276; x_wconf 86' lang='grc' dir='ltr'><strong>Θεῷ</strong></span> <span class='ocrx_word' id='word_1_285' title='bbox 739 2207 902 2272; x_wconf 86' lang='grc' dir='ltr'>ζῶντι</span> <span class='ocrx_word' id='word_1_286' title='bbox 932 2211 1025 2263; x_wconf 76' lang='grc' dir='ltr'>καὶ</span> <span class='ocrx_word' id='word_1_287' title='bbox 1053 2212 1314 2281; x_wconf 86' lang='grc' dir='ltr'>ἀληθινῷ.</span> <span class='ocrx_word' id='word_1_288' title='bbox 1348 2215 1412 2267; x_wconf 77' lang='grc' dir='ltr'><strong>Εἰ</strong></span> <span class='ocrx_word' id='word_1_289' title='bbox 1445 2215 1501 2267; x_wconf 89' lang='grc' dir='ltr'>δὲ</span> <span class='ocrx_word' id='word_1_290' title='bbox 1533 2216 1802 2270; x_wconf 85' lang='grc' dir='ltr'>ἀπέθανεν</span> <span class='ocrx_word' id='word_1_291' title='bbox 1823 2219 1851 2270; x_wconf 81' lang='grc' dir='ltr'>ὁ</span> 
     </span>
    </p>
   </div>
   <div class='ocr_carea' id='block_1_39' title="bbox 287 2296 1851 2381">
    <p class='ocr_par' dir='ltr' id='par_1_39' title="bbox 287 2296 1851 2381">
     <span class='ocr_line' id='line_1_39' title="bbox 287 2296 1851 2381; baseline 0.009 -33"><span class='ocrx_word' id='word_1_292' title='bbox 287 2296 541 2365; x_wconf 82' lang='grc' dir='ltr'>Χριστὸς,</span> <span class='ocrx_word' id='word_1_293' title='bbox 571 2298 659 2352; x_wconf 88' lang='grc' dir='ltr'>ἴνα</span> <span class='ocrx_word' id='word_1_294' title='bbox 688 2298 780 2352; x_wconf 62' lang='grc' dir='ltr'><strong>καί⁵</strong></span> <span class='ocrx_word' id='word_1_295' title='bbox 808 2301 1018 2371; x_wconf 85' lang='grc' dir='ltr'>νεκρῶν</span> <span class='ocrx_word' id='word_1_296' title='bbox 1046 2304 1138 2355; x_wconf 78' lang='grc' dir='ltr'>καὶ</span> <span class='ocrx_word' id='word_1_297' title='bbox 1175 2302 1390 2367; x_wconf 78' lang='grc' dir='ltr'>ζώντων</span> <span class='ocrx_word' id='word_1_298' title='bbox 1440 2306 1721 2381; x_wconf 81' lang='grc' dir='ltr'>κυριεύσῃ,</span> <span class='ocrx_word' id='word_1_299' title='bbox 1759 2310 1851 2363; x_wconf 73' lang='grc' dir='ltr'>καὶ</span> 
     </span>
    </p>
   </div>
   <div class='ocr_carea' id='block_1_40' title="bbox 288 2386 1852 2468">
    <p class='ocr_par' dir='ltr' id='par_1_40' title="bbox 288 2386 1852 2468">
     <span class='ocr_line' id='line_1_40' title="bbox 288 2386 1852 2468; baseline 0.008 -27"><span class='ocrx_word' id='word_1_300' title='bbox 288 2386 436 2457; x_wconf 76' lang='grc' dir='ltr'>αὐτῷ</span> <span class='ocrx_word' id='word_1_301' title='bbox 479 2388 660 2458; x_wconf 81' lang='grc' dir='ltr'>ζῶμεν</span> <span class='ocrx_word' id='word_1_302' title='bbox 704 2390 779 2454; x_wconf 86' lang='grc' dir='ltr'><strong>ὡς</strong></span> <span class='ocrx_word' id='word_1_303' title='bbox 809 2392 928 2463; x_wconf 87' lang='grc' dir='ltr'><strong>Θεῷ</strong></span> <span class='ocrx_word' id='word_1_304' title='bbox 951 2392 1112 2456; x_wconf 88' lang='grc' dir='ltr'>ζῶντι</span> <span class='ocrx_word' id='word_1_305' title='bbox 1153 2397 1244 2448; x_wconf 76' lang='grc' dir='ltr'>καὶ</span> <span class='ocrx_word' id='word_1_306' title='bbox 1272 2396 1546 2468; x_wconf 76' lang='grc' dir='ltr'><strong>ἀληθινῷ⁶</strong></span> <span class='ocrx_word' id='word_1_307' title='bbox 1588 2399 1707 2461; x_wconf 89' lang='grc' dir='ltr'><strong>πῶς</strong></span> <span class='ocrx_word' id='word_1_308' title='bbox 1752 2401 1852 2454; x_wconf 83' lang='grc' dir='ltr'>οὐκ</span> 
     </span>
    </p>
   </div>
   <div class='ocr_carea' id='block_1_41' title="bbox 289 2478 1851 2557">
    <p class='ocr_par' dir='ltr' id='par_1_41' title="bbox 289 2478 1851 2557">
     <span class='ocr_line' id='line_1_41' title="bbox 289 2478 1851 2557; baseline 0.01 -27"><span class='ocrx_word' id='word_1_309' title='bbox 289 2478 560 2546; x_wconf 87' lang='grc' dir='ltr'>ἀναγκαία</span> <span class='ocrx_word' id='word_1_310' title='bbox 610 2480 686 2550; x_wconf 87' lang='grc' dir='ltr'><strong>τῷ</strong></span> <span class='ocrx_word' id='word_1_311' title='bbox 733 2482 891 2554; x_wconf 85' lang='grc' dir='ltr'>Λόγῳ</span> <span class='ocrx_word' id='word_1_312' title='bbox 936 2486 969 2553; x_wconf 87' lang='grc' dir='ltr'><strong>ή</strong></span> <span class='ocrx_word' id='word_1_313' title='bbox 1020 2486 1158 2557; x_wconf 73' lang='grc' dir='ltr'>πρὸς</span> <span class='ocrx_word' id='word_1_314' title='bbox 1191 2486 1372 2556; x_wconf 84' lang='grc' dir='ltr'>σάρκα</span> <span class='ocrx_word' id='word_1_315' title='bbox 1397 2488 1618 2557; x_wconf 89' lang='grc' dir='ltr'>γέγονεν</span> <span class='ocrx_word' id='word_1_316' title='bbox 1659 2490 1851 2557; x_wconf 72' lang='grc' dir='ltr'>ἐνωσις</span> 
     </span>
    </p>
   </div>
   <div class='ocr_carea' id='block_1_42' title="bbox 288 2565 1852 2645">
    <p class='ocr_par' dir='ltr' id='par_1_42' title="bbox 288 2565 1852 2645">
     <span class='ocr_line' id='line_1_42' title="bbox 288 2565 1852 2645; baseline 0.01 -27"><span class='ocrx_word' id='word_1_317' title='bbox 288 2565 526 2637; x_wconf 71' lang='grc' dir='ltr'>ἀληθήςς</span> <span class='ocrx_word' id='word_1_318' title='bbox 570 2568 656 2622; x_wconf 87' lang='grc' dir='ltr'><strong>Ἐν</strong></span> <span class='ocrx_word' id='word_1_319' title='bbox 700 2571 838 2641; x_wconf 75' lang='grc' dir='ltr'>αὐτῇ</span> <span class='ocrx_word' id='word_1_320' title='bbox 893 2572 1002 2643; x_wconf 78' lang='grc' dir='ltr'><strong>γὰρ</strong></span> <span class='ocrx_word' id='word_1_321' title='bbox 1046 2574 1351 2640; x_wconf 89' lang='grc' dir='ltr'>ἀποθανὼν,</span> <span class='ocrx_word' id='word_1_322' title='bbox 1393 2577 1713 2645; x_wconf 84' lang='grc' dir='ltr'>κεκυρίευκε</span> <span class='ocrx_word' id='word_1_323' title='bbox 1760 2581 1852 2633; x_wconf 75' lang='grc' dir='ltr'>καὶ</span> 
     </span>
    </p>
   </div>
   <div class='ocr_carea' id='block_1_43' title="bbox 290 2654 902 2731">
    <p class='ocr_par' dir='ltr' id='par_1_43' title="bbox 290 2654 902 2731">
     <span class='ocr_line' id='line_1_43' title="bbox 290 2654 902 2731; baseline 0.01 -23"><span class='ocrx_word' id='word_1_324' title='bbox 290 2654 504 2718; x_wconf 77' lang='grc' dir='ltr'>ζώντων</span> <span class='ocrx_word' id='word_1_325' title='bbox 542 2658 636 2711; x_wconf 78' lang='grc' dir='ltr'>καὶ</span> <span class='ocrx_word' id='word_1_326' title='bbox 672 2660 902 2731; x_wconf 85' lang='grc' dir='ltr'>νεκρῶν.</span> 
     </span>
    </p>
   </div>
   <div class='ocr_carea' id='block_1_44' title="bbox 511 2860 1618 2942">
    <p class='ocr_par' dir='ltr' id='par_1_44' title="bbox 511 2860 1618 2942">
     <span class='ocr_line' id='line_1_44' title="bbox 511 2860 1618 2942; baseline 0.01 -26"><span class='ocrx_word' id='word_1_327' title='bbox 511 2863 613 2917; x_wconf 84' lang='grc' dir='ltr'>Ἐκ</span> <span class='ocrx_word' id='word_1_328' title='bbox 649 2863 761 2933; x_wconf 82' lang='grc' dir='ltr'>τῆς</span> <span class='ocrx_word' id='word_1_329' title='bbox 797 2864 949 2934; x_wconf 82' lang='grc' dir='ltr'>πρὸς</span> <span class='ocrx_word' id='word_1_330' title='bbox 984 2870 1328 2937; x_wconf 76' lang='grc' dir='ltr'>Κορινθίους</span> <span class='ocrx_word' id='word_1_331' title='bbox 1367 2860 1618 2942; x_wconf 71' lang='grc' dir='ltr'>πρώτης.</span> 
     </span>
    </p>
   </div>
   <div class='ocr_carea' id='block_1_45' title="bbox 367 2978 1854 3055">
    <p class='ocr_par' dir='ltr' id='par_1_45' title="bbox 367 2978 1854 3055">
     <span class='ocr_line' id='line_1_45' title="bbox 367 2978 1854 3055; baseline 0.007 -26"><span class='ocrx_word' id='word_1_332' title='bbox 367 2978 622 3031; x_wconf 78' lang='grc' dir='ltr'>«Ἐπινον</span> <span class='ocrx_word' id='word_1_333' title='bbox 656 2979 784 3050; x_wconf 86' lang='grc' dir='ltr'>γὰρ,</span> <span class='ocrx_word' id='word_1_334' title='bbox 816 2980 997 3048; x_wconf 78' lang='grc' dir='ltr'>φησὶν,</span> <span class='ocrx_word' id='word_1_335' title='bbox 1030 2983 1095 3034; x_wconf 81' lang='grc' dir='ltr'>ὲκ</span> <span class='ocrx_word' id='word_1_336' title='bbox 1126 2985 1505 3055; x_wconf 85' lang='grc' dir='ltr'>πνευματικῆς</span> <span class='ocrx_word' id='word_1_337' title='bbox 1534 2985 1854 3040; x_wconf 87' lang='grc' dir='ltr'>ἀκολουθού-</span> 
     </span>
    </p>
   </div>
   <div class='ocr_carea' id='block_1_46' title="bbox 295 3051 1925 3145">
    <p class='ocr_par' dir='ltr' id='par_1_46' title="bbox 295 3051 1925 3145">
     <span class='ocr_line' id='line_1_46' title="bbox 295 3051 1925 3145; baseline 0.006 -24"><span class='ocrx_word' id='word_1_338' title='bbox 295 3086 390 3139; x_wconf 87' lang='grc' dir='ltr'><strong>σης</strong></span> <span class='ocrx_word' id='word_1_339' title='bbox 432 3071 657 3141; x_wconf 80' lang='grc' dir='ltr'>πέτρας·</span> <span class='ocrx_word' id='word_1_340' title='bbox 686 3071 717 3140; x_wconf 82' lang='grc' dir='ltr'><strong>ή</strong></span> <span class='ocrx_word' id='word_1_341' title='bbox 755 3069 811 3122; x_wconf 86' lang='grc' dir='ltr'>δὲ</span> <span class='ocrx_word' id='word_1_342' title='bbox 844 3071 1019 3142; x_wconf 88' lang='grc' dir='ltr'>πέτρα</span> <span class='ocrx_word' id='word_1_343' title='bbox 1049 3067 1117 3143; x_wconf 77' lang='grc' dir='ltr'>ἦν</span> <span class='ocrx_word' id='word_1_344' title='bbox 1139 3073 1167 3125; x_wconf 84' lang='grc' dir='ltr'>ὁ</span> <span class='ocrx_word' id='word_1_345' title='bbox 1188 3051 1437 3144; x_wconf 76' lang='grc' dir='ltr'>Χριστός.</span> <span class='ocrx_word' id='word_1_346' title='bbox 1507 3077 1580 3129; x_wconf 83' lang='grc' dir='ltr'><strong>Τὸ</strong></span> <span class='ocrx_word' id='word_1_347' title='bbox 1600 3078 1856 3145; x_wconf 82' lang='grc' dir='ltr'>Χριστὸς</span> <span class='ocrx_word' id='word_1_348' title='bbox 1882 3051 1925 3111; x_wconf 75' lang='lat' dir='ltr'><strong>C</strong></span> 
     </span>
    </p>
   </div>
   <div class='ocr_carea' id='block_1_47' title="bbox 292 3160 1857 3238">
    <p class='ocr_par' dir='ltr' id='par_1_47' title="bbox 292 3160 1857 3238">
     <span class='ocr_line' id='line_1_47' title="bbox 292 3160 1857 3238; baseline 0.005 -25"><span class='ocrx_word' id='word_1_349' title='bbox 292 3160 461 3230; x_wconf 79' lang='grc' dir='ltr'>ϐνομα</span> <span class='ocrx_word' id='word_1_350' title='bbox 490 3161 724 3214; x_wconf 79' lang='grc' dir='ltr'>τέθειται</span> <span class='ocrx_word' id='word_1_351' title='bbox 762 3161 840 3231; x_wconf 83' lang='grc' dir='ltr'><strong>τῷ</strong></span> <span class='ocrx_word' id='word_1_352' title='bbox 871 3162 1238 3234; x_wconf 75' lang='grc' dir='ltr'>Ἐμμανουήλ,</span> <span class='ocrx_word' id='word_1_353' title='bbox 1279 3165 1366 3218; x_wconf 86' lang='grc' dir='ltr'>ὅτε</span> <span class='ocrx_word' id='word_1_354' title='bbox 1403 3166 1722 3238; x_wconf 84' lang='grc' dir='ltr'>γεγέννηται</span> <span class='ocrx_word' id='word_1_355' title='bbox 1767 3167 1857 3221; x_wconf 89' lang='grc' dir='ltr'><strong>διά</strong></span> 
     </span>
    </p>
   </div>
   <div class='ocr_carea' id='block_1_48' title="bbox 293 3250 1855 3328">
    <p class='ocr_par' dir='ltr' id='par_1_48' title="bbox 293 3250 1855 3328">
     <span class='ocr_line' id='line_1_48' title="bbox 293 3250 1855 3328; baseline 0.006 -26"><span class='ocrx_word' id='word_1_356' title='bbox 293 3251 389 3316; x_wconf 83' lang='grc' dir='ltr'>τῆς</span> <span class='ocrx_word' id='word_1_357' title='bbox 441 3250 601 3317; x_wconf 86' lang='grc' dir='ltr'>ἀγίας</span> <span class='ocrx_word' id='word_1_358' title='bbox 634 3251 935 3322; x_wconf 85' lang='grc' dir='ltr'>Παρθένου.</span> <span class='ocrx_word' id='word_1_359' title='bbox 966 3252 1089 3317; x_wconf 87' lang='grc' dir='ltr'>Πῶς</span> <span class='ocrx_word' id='word_1_360' title='bbox 1117 3252 1212 3310; x_wconf 84' lang='grc' dir='ltr'>οὖν</span> <span class='ocrx_word' id='word_1_361' title='bbox 1250 3256 1411 3318; x_wconf 82' lang='grc' dir='ltr'>αὐτὸς</span> <span class='ocrx_word' id='word_1_362' title='bbox 1454 3252 1522 3327; x_wconf 79' lang='grc' dir='ltr'>ἦν</span> <span class='ocrx_word' id='word_1_363' title='bbox 1554 3259 1587 3328; x_wconf 81' lang='grc' dir='ltr'><strong>ή</strong></span> <span class='ocrx_word' id='word_1_364' title='bbox 1618 3258 1792 3328; x_wconf 86' lang='grc' dir='ltr'>πέτρα</span> <span class='ocrx_word' id='word_1_365' title='bbox 1821 3258 1855 3327; x_wconf 80' lang='grc' dir='ltr'><strong>ἡ</strong></span> 
     </span>
    </p>
   </div>
   <div class='ocr_carea' id='block_1_49' title="bbox 293 3341 1856 3418">
    <p class='ocr_par' dir='ltr' id='par_1_49' title="bbox 293 3341 1856 3418">
     <span class='ocr_line' id='line_1_49' title="bbox 293 3341 1856 3418; baseline 0.004 -25"><span class='ocrx_word' id='word_1_366' title='bbox 293 3341 586 3405; x_wconf 79' lang='grc' dir='ltr'>ποτίζουσα</span> <span class='ocrx_word' id='word_1_367' title='bbox 616 3342 707 3395; x_wconf 81' lang='grc' dir='ltr'>τὸν</span> <span class='ocrx_word' id='word_1_368' title='bbox 734 3343 980 3414; x_wconf 87' lang='grc' dir='ltr'>Ὶσραήλ;</span> <span class='ocrx_word' id='word_1_369' title='bbox 1016 3345 1154 3398; x_wconf 87' lang='grc' dir='ltr'>Ἀλλ’</span> <span class='ocrx_word' id='word_1_370' title='bbox 1181 3347 1292 3400; x_wconf 66' lang='grc' dir='ltr'>εστὶ</span> <span class='ocrx_word' id='word_1_371' title='bbox 1317 3349 1495 3417; x_wconf 82' lang='grc' dir='ltr'>δῆλον,</span> <span class='ocrx_word' id='word_1_372' title='bbox 1517 3350 1599 3401; x_wconf 84' lang='grc' dir='ltr'>ὅτι</span> <span class='ocrx_word' id='word_1_373' title='bbox 1622 3348 1856 3418; x_wconf 81' lang='grc' dir='ltr'>Χριστὸν</span> 
     </span>
    </p>
   </div>
   <div class='ocr_carea' id='block_1_50' title="bbox 295 3426 1858 3507">
    <p class='ocr_par' dir='ltr' id='par_1_50' title="bbox 295 3426 1858 3507">
     <span class='ocr_line' id='line_1_50' title="bbox 295 3426 1858 3507; baseline 0.005 -25"><span class='ocrx_word' id='word_1_374' title='bbox 295 3433 389 3482; x_wconf 77' lang='grc' dir='ltr'>καὶ</span> <span class='ocrx_word' id='word_1_375' title='bbox 416 3431 540 3484; x_wconf 81' lang='grc' dir='ltr'>Υίὸν</span> <span class='ocrx_word' id='word_1_376' title='bbox 563 3426 704 3485; x_wconf 73' lang='grc' dir='ltr'>οἶδεν</span> <span class='ocrx_word' id='word_1_377' title='bbox 729 3432 821 3484; x_wconf 74' lang='grc' dir='ltr'>ἕνα</span> <span class='ocrx_word' id='word_1_378' title='bbox 857 3436 915 3486; x_wconf 76' lang='grc' dir='ltr'>τὸ</span> <span class='ocrx_word' id='word_1_379' title='bbox 941 3435 1179 3504; x_wconf 87' lang='grc' dir='ltr'>Γράμμα</span> <span class='ocrx_word' id='word_1_380' title='bbox 1201 3437 1261 3488; x_wconf 79' lang='grc' dir='ltr'>τὸ</span> <span class='ocrx_word' id='word_1_381' title='bbox 1291 3439 1450 3506; x_wconf 78' lang='grc' dir='ltr'>ἱερόν.</span> <span class='ocrx_word' id='word_1_382' title='bbox 1483 3438 1722 3506; x_wconf 87' lang='grc' dir='ltr'>Γεγονὼς</span> <span class='ocrx_word' id='word_1_383' title='bbox 1748 3438 1858 3507; x_wconf 83' lang='grc' dir='ltr'><strong>γὰρ</strong></span> 
     </span>
    </p>
   </div>
   <div class='ocr_carea' id='block_1_51' title="bbox 295 3518 1860 3595">
    <p class='ocr_par' dir='ltr' id='par_1_51' title="bbox 295 3518 1860 3595">
     <span class='ocr_line' id='line_1_51' title="bbox 295 3518 1860 3595; baseline 0.006 -25"><span class='ocrx_word' id='word_1_384' title='bbox 295 3520 326 3570; x_wconf 85' lang='grc' dir='ltr'><strong>ὁ</strong></span> <span class='ocrx_word' id='word_1_385' title='bbox 355 3518 524 3585; x_wconf 85' lang='grc' dir='ltr'>Λόγος</span> <span class='ocrx_word' id='word_1_386' title='bbox 550 3520 702 3590; x_wconf 79' lang='grc' dir='ltr'>σάρξ,</span> <span class='ocrx_word' id='word_1_387' title='bbox 733 3521 897 3574; x_wconf 87' lang='grc' dir='ltr'>πάλιν</span> <span class='ocrx_word' id='word_1_388' title='bbox 924 3524 1085 3585; x_wconf 83' lang='grc' dir='ltr'>αὑτός</span> <span class='ocrx_word' id='word_1_389' title='bbox 1127 3526 1275 3577; x_wconf 79' lang='grc' dir='ltr'>ἐστιν</span> <span class='ocrx_word' id='word_1_390' title='bbox 1314 3528 1345 3595; x_wconf 86' lang='grc' dir='ltr'><strong>ή</strong></span> <span class='ocrx_word' id='word_1_391' title='bbox 1398 3528 1738 3595; x_wconf 84' lang='grc' dir='ltr'>πνευματικὴ</span> <span class='ocrx_word' id='word_1_392' title='bbox 1760 3528 1860 3578; x_wconf 84' lang='grc' dir='ltr'>πέ-</span> 
     </span>
    </p>
   </div>
   <div class='ocr_carea' id='block_1_52' title="bbox 297 3610 1861 3685">
    <p class='ocr_par' dir='ltr' id='par_1_52' title="bbox 297 3610 1861 3685">
     <span class='ocr_line' id='line_1_52' title="bbox 297 3610 1861 3685; baseline 0.006 -26"><span class='ocrx_word' id='word_1_393' title='bbox 297 3626 421 3676; x_wconf 85' lang='grc' dir='ltr'>τρα,</span> <span class='ocrx_word' id='word_1_394' title='bbox 455 3610 551 3677; x_wconf 77' lang='grc' dir='ltr'>τῆς</span> <span class='ocrx_word' id='word_1_395' title='bbox 582 3611 787 3674; x_wconf 77' lang='grc' dir='ltr'>οἰκείας</span> <span class='ocrx_word' id='word_1_396' title='bbox 825 3612 1037 3680; x_wconf 83' lang='grc' dir='ltr'>φύσεως</span> <span class='ocrx_word' id='word_1_397' title='bbox 1072 3614 1133 3666; x_wconf 84' lang='grc' dir='ltr'>τὸ</span> <span class='ocrx_word' id='word_1_398' title='bbox 1168 3616 1538 3685; x_wconf 85' lang='grc' dir='ltr'>πρεσϐύτατον</span> <span class='ocrx_word' id='word_1_399' title='bbox 1585 3618 1683 3669; x_wconf 75' lang='grc' dir='ltr'>οὐκ</span> <span class='ocrx_word' id='word_1_400' title='bbox 1729 3619 1861 3669; x_wconf 86' lang='grc' dir='ltr'>ἀπο-</span> 
     </span>
    </p>
   </div>
   <div class='ocr_carea' id='block_1_53' title="bbox 301 3697 1329 3775">
    <p class='ocr_par' dir='ltr' id='par_1_53' title="bbox 301 3697 1329 3775">
     <span class='ocr_line' id='line_1_53' title="bbox 301 3697 1329 3775; baseline 0.01 -27"><span class='ocrx_word' id='word_1_401' title='bbox 301 3697 473 3751; x_wconf 83' lang='grc' dir='ltr'>ϐαλὼν</span> <span class='ocrx_word' id='word_1_402' title='bbox 511 3701 597 3753; x_wconf 81' lang='grc' dir='ltr'><strong>διά</strong></span> <span class='ocrx_word' id='word_1_403' title='bbox 635 3701 697 3753; x_wconf 83' lang='grc' dir='ltr'>τὸ</span> <span class='ocrx_word' id='word_1_404' title='bbox 739 3701 857 3755; x_wconf 87' lang='grc' dir='ltr'>νέον</span> <span class='ocrx_word' id='word_1_405' title='bbox 877 3703 978 3771; x_wconf 82' lang='grc' dir='ltr'>τῆς</span> <span class='ocrx_word' id='word_1_406' title='bbox 1003 3705 1329 3775; x_wconf 76' lang='grc' dir='ltr'>οἰκονομίας.</span> 
     </span>
    </p>
   </div>
   <div class='ocr_carea' id='block_1_54' title="bbox 508 3972 1661 4051">
    <p class='ocr_par' dir='ltr' id='par_1_54' title="bbox 508 3972 1661 4051">
     <span class='ocr_line' id='line_1_54' title="bbox 508 3972 1661 4051; baseline 0.01 -25"><span class='ocrx_word' id='word_1_407' title='bbox 508 3972 611 4027; x_wconf 76' lang='grc' dir='ltr'>Ἐκ</span> <span class='ocrx_word' id='word_1_408' title='bbox 647 3973 754 4042; x_wconf 86' lang='grc' dir='ltr'>τῆς</span> <span class='ocrx_word' id='word_1_409' title='bbox 794 3976 944 4044; x_wconf 76' lang='grc' dir='ltr'>πρὸς</span> <span class='ocrx_word' id='word_1_410' title='bbox 980 3981 1325 4047; x_wconf 77' lang='grc' dir='ltr'>Κορινθίους</span> <span class='ocrx_word' id='word_1_411' title='bbox 1362 3982 1661 4051; x_wconf 83' lang='grc' dir='ltr'>δευτέρας.</span> 
     </span>
    </p>
   </div>
   <div class='ocr_carea' id='block_1_55' title="bbox 381 4082 1862 4165">
    <p class='ocr_par' dir='ltr' id='par_1_55' title="bbox 381 4082 1862 4165">
     <span class='ocr_line' id='line_1_55' title="bbox 381 4082 1862 4165; baseline 0.011 -31"><span class='ocrx_word' id='word_1_412' title='bbox 381 4095 398 4126; x_wconf 72' lang='grc' dir='ltr'><strong>ε</strong></span> <span class='ocrx_word' id='word_1_413' title='bbox 429 4082 590 4137; x_wconf 86' lang='grc' dir='ltr'>Ὥστε</span> <span class='ocrx_word' id='word_1_414' title='bbox 629 4086 789 4154; x_wconf 77' lang='grc' dir='ltr'>ἡμεῖς</span> <span class='ocrx_word' id='word_1_415' title='bbox 828 4087 936 4141; x_wconf 82' lang='grc' dir='ltr'>ἀπὸ</span> <span class='ocrx_word' id='word_1_416' title='bbox 979 4088 1069 4142; x_wconf 81' lang='grc' dir='ltr'><strong>τοῦ</strong></span> <span class='ocrx_word' id='word_1_417' title='bbox 1096 4090 1190 4144; x_wconf 89' lang='grc' dir='ltr'><strong>νῦν</strong></span> <span class='ocrx_word' id='word_1_418' title='bbox 1234 4093 1422 4147; x_wconf 82' lang='grc' dir='ltr'>οὐδένα</span> <span class='ocrx_word' id='word_1_419' title='bbox 1451 4094 1672 4165; x_wconf 73' lang='grc' dir='ltr'>οἴδαμεν</span> <span class='ocrx_word' id='word_1_420' title='bbox 1723 4097 1862 4151; x_wconf 87' lang='grc' dir='ltr'><strong>κατά</strong></span> 
     </span>
    </p>
   </div>
   <div class='ocr_carea' id='block_1_56' title="bbox 301 4170 1860 4256">
    <p class='ocr_par' dir='ltr' id='par_1_56' title="bbox 301 4170 1860 4256">
     <span class='ocr_line' id='line_1_56' title="bbox 301 4170 1860 4256; baseline 0.01 -33"><span class='ocrx_word' id='word_1_421' title='bbox 301 4170 511 4241; x_wconf 83' lang='grc' dir='ltr'>σάρκα·</span> <span class='ocrx_word' id='word_1_422' title='bbox 551 4176 600 4226; x_wconf 91' lang='grc' dir='ltr'><strong>εί</strong></span> <span class='ocrx_word' id='word_1_423' title='bbox 645 4175 702 4228; x_wconf 81' lang='grc' dir='ltr'>δὲ</span> <span class='ocrx_word' id='word_1_424' title='bbox 745 4178 839 4231; x_wconf 75' lang='grc' dir='ltr'>καὶ</span> <span class='ocrx_word' id='word_1_425' title='bbox 867 4177 1186 4249; x_wconf 83' lang='grc' dir='ltr'>ἐγνώκαμεν</span> <span class='ocrx_word' id='word_1_426' title='bbox 1226 4183 1365 4235; x_wconf 86' lang='grc' dir='ltr'>κατὰ</span> <span class='ocrx_word' id='word_1_427' title='bbox 1394 4182 1574 4254; x_wconf 86' lang='grc' dir='ltr'>σάρκα</span> <span class='ocrx_word' id='word_1_428' title='bbox 1610 4186 1860 4256; x_wconf 83' lang='grc' dir='ltr'>Χριστὸν,</span> 
     </span>
    </p>
   </div>
   <div class='ocr_carea' id='block_1_57' title="bbox 298 4261 1863 4346">
    <p class='ocr_par' dir='ltr' id='par_1_57' title="bbox 298 4261 1863 4346">
     <span class='ocr_line' id='line_1_57' title="bbox 298 4261 1863 4346; baseline 0.01 -33"><span class='ocrx_word' id='word_1_429' title='bbox 298 4261 434 4315; x_wconf 84' lang='grc' dir='ltr'><strong>ἀλλά</strong></span> <span class='ocrx_word' id='word_1_430' title='bbox 486 4265 579 4317; x_wconf 93' lang='grc' dir='ltr'><strong>νῦν</strong></span> <span class='ocrx_word' id='word_1_431' title='bbox 620 4266 803 4320; x_wconf 78' lang='grc' dir='ltr'>οὐκέτι</span> <span class='ocrx_word' id='word_1_432' title='bbox 846 4268 1206 4339; x_wconf 79' lang='grc' dir='ltr'>γινώσκομεν.</span> <span class='ocrx_word' id='word_1_433' title='bbox 1240 4289 1259 4321; x_wconf 69' lang='grc' dir='ltr'><strong>ι</strong></span> <span class='ocrx_word' id='word_1_434' title='bbox 1311 4273 1376 4328; x_wconf 84' lang='grc' dir='ltr'>Τί</span> <span class='ocrx_word' id='word_1_435' title='bbox 1408 4273 1470 4343; x_wconf 85' lang='grc' dir='ltr'>δὴ</span> <span class='ocrx_word' id='word_1_436' title='bbox 1505 4274 1612 4345; x_wconf 79' lang='grc' dir='ltr'>ἄρα</span> <span class='ocrx_word' id='word_1_437' title='bbox 1641 4278 1805 4346; x_wconf 69' lang='grc' dir='ltr'>φησιν</span> <span class='ocrx_word' id='word_1_438' title='bbox 1834 4278 1863 4329; x_wconf 88' lang='grc' dir='ltr'><strong>ὁ</strong></span> 
     </span>
    </p>
   </div>
   <div class='ocr_carea' id='block_1_58' title="bbox 1957 1843 3512 1916">
    <p class='ocr_par' dir='ltr' id='par_1_58' title="bbox 1957 1843 3512 1916">
     <span class='ocr_line' id='line_1_58' title="bbox 1957 1843 3512 1916; baseline -0.008 -15"><span class='ocrx_word' id='word_1_439' title='bbox 1957 1849 2066 1901; x_wconf 85' lang='lat' dir='ltr'><strong>imo</strong></span> <span class='ocrx_word' id='word_1_440' title='bbox 2093 1846 2295 1916; x_wconf 80' lang='lat' dir='ltr'><strong>cogniti</strong></span> <span class='ocrx_word' id='word_1_441' title='bbox 2321 1846 2441 1901; x_wconf 88' lang='lat' dir='ltr'><strong>sitis</strong></span> <span class='ocrx_word' id='word_1_442' title='bbox 2478 1861 2505 1897; x_wconf 87' lang='lat' dir='ltr'><strong>a</strong></span> <span class='ocrx_word' id='word_1_443' title='bbox 2539 1845 2691 1913; x_wconf 89' lang='lat' dir='ltr'><strong>Deo;</strong></span> <span class='ocrx_word' id='word_1_444' title='bbox 2722 1847 2987 1914; x_wconf 90' lang='lat' dir='ltr'><strong>quomodo</strong></span> <span class='ocrx_word' id='word_1_445' title='bbox 3037 1843 3230 1896; x_wconf 89' lang='lat' dir='ltr'><strong>iterum</strong></span> <span class='ocrx_word' id='word_1_446' title='bbox 3282 1853 3512 1893; x_wconf 84' lang='lat' dir='ltr'><strong>conver-</strong></span> 
     </span>
    </p>
   </div>
   <div class='ocr_carea' id='block_1_59' title="bbox 1958 1929 3510 2006">
    <p class='ocr_par' dir='ltr' id='par_1_59' title="bbox 1958 1929 3510 2006">
     <span class='ocr_line' id='line_1_59' title="bbox 1958 1929 3510 2006; baseline -0.006 -16"><span class='ocrx_word' id='word_1_447' title='bbox 1958 1938 2131 1992; x_wconf 89' lang='lat' dir='ltr'><strong>timini</strong></span> <span class='ocrx_word' id='word_1_448' title='bbox 2162 1938 2228 1991; x_wconf 86' lang='lat' dir='ltr'><strong>ad</strong></span> <span class='ocrx_word' id='word_1_449' title='bbox 2258 1937 2469 1990; x_wconf 81' lang='lat' dir='ltr'><strong>inﬁrma</strong></span> <span class='ocrx_word' id='word_1_450' title='bbox 2497 1947 2551 1991; x_wconf 91' lang='lat' dir='ltr'><strong>et</strong></span> <span class='ocrx_word' id='word_1_451' title='bbox 2586 1951 2752 2006; x_wconf 81' lang='lat' dir='ltr'><strong>egena</strong></span> <span class='ocrx_word' id='word_1_452' title='bbox 2791 1936 3054 1991; x_wconf 89' lang='lat' dir='ltr'><strong>elementa</strong></span> <span class='ocrx_word' id='word_1_453' title='bbox 3082 1931 3292 1995; x_wconf 83' lang='lat' dir='ltr'><strong>mundi,</strong></span> <span class='ocrx_word' id='word_1_454' title='bbox 3316 1929 3510 1999; x_wconf 84' lang='lat' dir='ltr'><strong>quibus</strong></span> 
     </span>
    </p>
   </div>
   <div class='ocr_carea' id='block_1_60' title="bbox 1955 2017 3515 2091">
    <p class='ocr_par' dir='ltr' id='par_1_60' title="bbox 1955 2017 3515 2091">
     <span class='ocr_line' id='line_1_60' title="bbox 1955 2017 3515 2091; baseline -0.008 -10"><span class='ocrx_word' id='word_1_455' title='bbox 1955 2029 2132 2082; x_wconf 87' lang='lat' dir='ltr'><strong>denuo</strong></span> <span class='ocrx_word' id='word_1_456' title='bbox 2171 2027 2379 2081; x_wconf 87' lang='lat' dir='ltr'><strong>servire</strong></span> <span class='ocrx_word' id='word_1_457' title='bbox 2408 2026 2568 2081; x_wconf 87' lang='lat' dir='ltr'><strong>vultis</strong></span> <span class='ocrx_word' id='word_1_458' title='bbox 2588 2026 2670 2078; x_wconf 68' lang='grc' dir='ltr'><strong>ἐἳ</strong></span> <span class='ocrx_word' id='word_1_459' title='bbox 2710 2043 2728 2076; x_wconf 76' lang='grc' dir='ltr'><strong>ι</strong></span> <span class='ocrx_word' id='word_1_460' title='bbox 2763 2025 2864 2080; x_wconf 87' lang='lat' dir='ltr'><strong>Per</strong></span> <span class='ocrx_word' id='word_1_461' title='bbox 2898 2024 3057 2079; x_wconf 81' lang='lat' dir='ltr'><strong>[idem</strong></span> <span class='ocrx_word' id='word_1_462' title='bbox 3089 2036 3215 2091; x_wconf 85' lang='lat' dir='ltr'><strong>ergo</strong></span> <span class='ocrx_word' id='word_1_463' title='bbox 3266 2021 3320 2073; x_wconf 89' lang='lat' dir='ltr'><strong>in</strong></span> <span class='ocrx_word' id='word_1_464' title='bbox 3365 2017 3515 2072; x_wconf 86' lang='lat' dir='ltr'><strong>Chri-</strong></span> 
     </span>
    </p>
   </div>
   <div class='ocr_carea' id='block_1_61' title="bbox 1957 2108 3511 2177">
    <p class='ocr_par' dir='ltr' id='par_1_61' title="bbox 1957 2108 3511 2177">
     <span class='ocr_line' id='line_1_61' title="bbox 1957 2108 3511 2177; baseline -0.007 -6"><span class='ocrx_word' id='word_1_465' title='bbox 1957 2127 2098 2172; x_wconf 90' lang='lat' dir='ltr'><strong>stum</strong></span> <span class='ocrx_word' id='word_1_466' title='bbox 2129 2118 2195 2171; x_wconf 91' lang='lat' dir='ltr'><strong>ab</strong></span> <span class='ocrx_word' id='word_1_467' title='bbox 2227 2117 2614 2171; x_wconf 87' lang='lat' dir='ltr'><strong>elementorum</strong></span> <span class='ocrx_word' id='word_1_468' title='bbox 2649 2116 2909 2170; x_wconf 86' lang='lat' dir='ltr'><strong>servitute</strong></span> <span class='ocrx_word' id='word_1_469' title='bbox 2943 2115 3174 2177; x_wconf 90' lang='lat' dir='ltr'><strong>liberati,</strong></span> <span class='ocrx_word' id='word_1_470' title='bbox 3205 2113 3257 2165; x_wconf 92' lang='lat' dir='ltr'><strong>in</strong></span> <span class='ocrx_word' id='word_1_471' title='bbox 3288 2110 3380 2163; x_wconf 87' lang='lat' dir='ltr'><strong>Dei</strong></span> <span class='ocrx_word' id='word_1_472' title='bbox 3407 2108 3511 2161; x_wconf 87' lang='lat' dir='ltr'><strong>vivi</strong></span> 
     </span>
    </p>
   </div>
   <div class='ocr_carea' id='block_1_62' title="bbox 1957 2201 3512 2271">
    <p class='ocr_par' dir='ltr' id='par_1_62' title="bbox 1957 2201 3512 2271">
     <span class='ocr_line' id='line_1_62' title="bbox 1957 2201 3512 2271; baseline -0.009 -6"><span class='ocrx_word' id='word_1_473' title='bbox 1957 2218 2012 2265; x_wconf 91' lang='lat' dir='ltr'><strong>et</strong></span> <span class='ocrx_word' id='word_1_474' title='bbox 2033 2209 2148 2264; x_wconf 89' lang='lat' dir='ltr'><strong>veri</strong></span> <span class='ocrx_word' id='word_1_475' title='bbox 2178 2207 2461 2262; x_wconf 88' lang='lat' dir='ltr'><strong>servitium</strong></span> <span class='ocrx_word' id='word_1_476' title='bbox 2496 2206 2741 2261; x_wconf 86' lang='lat' dir='ltr'><strong>translati</strong></span> <span class='ocrx_word' id='word_1_477' title='bbox 2766 2221 2975 2261; x_wconf 90' lang='lat' dir='ltr'><strong>sumus.</strong></span> <span class='ocrx_word' id='word_1_478' title='bbox 3004 2204 3156 2271; x_wconf 86' lang='lat' dir='ltr'><strong>Quod</strong></span> <span class='ocrx_word' id='word_1_479' title='bbox 3189 2204 3232 2257; x_wconf 89' lang='lat' dir='ltr'><strong>si</strong></span> <span class='ocrx_word' id='word_1_480' title='bbox 3262 2201 3512 2256; x_wconf 84' lang='lat' dir='ltr'><strong>Christus</strong></span> 
     </span>
    </p>
   </div>
   <div class='ocr_carea' id='block_1_63' title="bbox 1958 2296 3516 2365">
    <p class='ocr_par' dir='ltr' id='par_1_63' title="bbox 1958 2296 3516 2365">
     <span class='ocr_line' id='line_1_63' title="bbox 1958 2296 3516 2365; baseline -0.008 -9"><span class='ocrx_word' id='word_1_481' title='bbox 1958 2310 2203 2356; x_wconf 89' lang='lat' dir='ltr'><strong>mortuus</strong></span> <span class='ocrx_word' id='word_1_482' title='bbox 2243 2308 2348 2365; x_wconf 90' lang='lat' dir='ltr'><strong>est,</strong></span> <span class='ocrx_word' id='word_1_483' title='bbox 2400 2308 2459 2352; x_wconf 91' lang='lat' dir='ltr'><strong>ut</strong></span> <span class='ocrx_word' id='word_1_484' title='bbox 2500 2296 2744 2352; x_wconf 86' lang='lat' dir='ltr'><strong>vivorum</strong></span> <span class='ocrx_word' id='word_1_485' title='bbox 2787 2306 2841 2350; x_wconf 90' lang='lat' dir='ltr'><strong>et</strong></span> <span class='ocrx_word' id='word_1_486' title='bbox 2888 2307 3219 2350; x_wconf 88' lang='lat' dir='ltr'><strong>mortuorum</strong></span> <span class='ocrx_word' id='word_1_487' title='bbox 3249 2310 3312 2349; x_wconf 75' lang='lat' dir='ltr'><strong>ex</strong></span> <span class='ocrx_word' id='word_1_488' title='bbox 3364 2307 3516 2361; x_wconf 80' lang='lat' dir='ltr'><strong>aequo</strong></span> 
     </span>
    </p>
   </div>
   <div class='ocr_carea' id='block_1_64' title="bbox 1959 2382 3515 2457">
    <p class='ocr_par' dir='ltr' id='par_1_64' title="bbox 1959 2382 3515 2457">
     <span class='ocr_line' id='line_1_64' title="bbox 1959 2382 3515 2457; baseline -0.007 -12"><span class='ocrx_word' id='word_1_489' title='bbox 1959 2391 2287 2455; x_wconf 85' lang='lat' dir='ltr'><strong>dominetur,</strong></span> <span class='ocrx_word' id='word_1_490' title='bbox 2318 2388 2527 2457; x_wconf 88' lang='lat' dir='ltr'><strong>ipsique</strong></span> <span class='ocrx_word' id='word_1_491' title='bbox 2558 2397 2816 2456; x_wconf 87' lang='lat' dir='ltr'><strong>tanquam</strong></span> <span class='ocrx_word' id='word_1_492' title='bbox 2846 2387 2967 2439; x_wconf 90' lang='lat' dir='ltr'><strong>vivo</strong></span> <span class='ocrx_word' id='word_1_493' title='bbox 2993 2394 3046 2440; x_wconf 90' lang='lat' dir='ltr'><strong>et</strong></span> <span class='ocrx_word' id='word_1_494' title='bbox 3068 2399 3196 2439; x_wconf 85' lang='lat' dir='ltr'><strong>vero</strong></span> <span class='ocrx_word' id='word_1_495' title='bbox 3227 2385 3336 2438; x_wconf 91' lang='lat' dir='ltr'><strong>Deo</strong></span> <span class='ocrx_word' id='word_1_496' title='bbox 3376 2382 3515 2435; x_wconf 85' lang='lat' dir='ltr'><strong>vivi-</strong></span> 
     </span>
    </p>
   </div>
   <div class='ocr_carea' id='block_1_65' title="bbox 1958 2473 3511 2549">
    <p class='ocr_par' dir='ltr' id='par_1_65' title="bbox 1958 2473 3511 2549">
     <span class='ocr_line' id='line_1_65' title="bbox 1958 2473 3511 2549; baseline -0.008 -14"><span class='ocrx_word' id='word_1_497' title='bbox 1958 2495 2099 2546; x_wconf 90' lang='lat' dir='ltr'><strong>mus,</strong></span> <span class='ocrx_word' id='word_1_498' title='bbox 2130 2478 2397 2549; x_wconf 90' lang='lat' dir='ltr'><strong>quomodo</strong></span> <span class='ocrx_word' id='word_1_499' title='bbox 2429 2477 2792 2533; x_wconf 82' lang='lat' dir='ltr'><strong>necessarium</strong></span> <span class='ocrx_word' id='word_1_500' title='bbox 2834 2492 2939 2531; x_wconf 95' lang='lat' dir='ltr'><strong>non</strong></span> <span class='ocrx_word' id='word_1_501' title='bbox 2990 2484 3108 2530; x_wconf 86' lang='lat' dir='ltr'><strong>erat</strong></span> <span class='ocrx_word' id='word_1_502' title='bbox 3171 2484 3229 2528; x_wconf 91' lang='lat' dir='ltr'><strong>ut</strong></span> <span class='ocrx_word' id='word_1_503' title='bbox 3279 2473 3511 2527; x_wconf 83' lang='lat' dir='ltr'><strong>Verbum</strong></span> 
     </span>
    </p>
   </div>
   <div class='ocr_carea' id='block_1_66' title="bbox 1957 2558 3515 2638">
    <p class='ocr_par' dir='ltr' id='par_1_66' title="bbox 1957 2558 3515 2638">
     <span class='ocr_line' id='line_1_66' title="bbox 1957 2558 3515 2638; baseline -0.006 -12"><span class='ocrx_word' id='word_1_504' title='bbox 1957 2586 2081 2626; x_wconf 92' lang='lat' dir='ltr'><strong>cum</strong></span> <span class='ocrx_word' id='word_1_505' title='bbox 2104 2558 2268 2624; x_wconf 78' lang='lat' dir='ltr'><strong>carne</strong></span> <span class='ocrx_word' id='word_1_506' title='bbox 2300 2583 2427 2624; x_wconf 89' lang='lat' dir='ltr'><strong>vere</strong></span> <span class='ocrx_word' id='word_1_507' title='bbox 2456 2568 2743 2624; x_wconf 81' lang='lat' dir='ltr'><strong>uniretur?</strong></span> <span class='ocrx_word' id='word_1_508' title='bbox 2774 2566 2832 2622; x_wconf 90' lang='lat' dir='ltr'><strong>In</strong></span> <span class='ocrx_word' id='word_1_509' title='bbox 2870 2569 2984 2638; x_wconf 85' lang='lat' dir='ltr'><strong>ipsa</strong></span> <span class='ocrx_word' id='word_1_510' title='bbox 3022 2581 3254 2635; x_wconf 87' lang='lat' dir='ltr'><strong>namque</strong></span> <span class='ocrx_word' id='word_1_511' title='bbox 3286 2572 3515 2618; x_wconf 85' lang='lat' dir='ltr'><strong>mortem</strong></span> 
     </span>
    </p>
   </div>
   <div class='ocr_carea' id='block_1_67' title="bbox 1958 2659 3516 2730">
    <p class='ocr_par' dir='ltr' id='par_1_67' title="bbox 1958 2659 3516 2730">
     <span class='ocr_line' id='line_1_67' title="bbox 1958 2659 3516 2730; baseline -0.004 -15"><span class='ocrx_word' id='word_1_512' title='bbox 1958 2674 2298 2730; x_wconf 90' lang='lat' dir='ltr'><strong>perpessum,</strong></span> <span class='ocrx_word' id='word_1_513' title='bbox 2334 2673 2456 2714; x_wconf 90' lang='lat' dir='ltr'><strong>cum</strong></span> <span class='ocrx_word' id='word_1_514' title='bbox 2488 2660 2540 2712; x_wconf 93' lang='lat' dir='ltr'><strong>in</strong></span> <span class='ocrx_word' id='word_1_515' title='bbox 2571 2660 2744 2724; x_wconf 89' lang='lat' dir='ltr'><strong>vivos,</strong></span> <span class='ocrx_word' id='word_1_516' title='bbox 2782 2667 2891 2713; x_wconf 91' lang='lat' dir='ltr'><strong>tum</strong></span> <span class='ocrx_word' id='word_1_517' title='bbox 2937 2659 2990 2713; x_wconf 90' lang='lat' dir='ltr'><strong>in</strong></span> <span class='ocrx_word' id='word_1_518' title='bbox 3028 2668 3269 2713; x_wconf 90' lang='lat' dir='ltr'><strong>mortuos</strong></span> <span class='ocrx_word' id='word_1_519' title='bbox 3302 2667 3516 2725; x_wconf 88' lang='lat' dir='ltr'><strong>quoque</strong></span> 
     </span>
    </p>
   </div>
   <div class='ocr_carea' id='block_1_68' title="bbox 1960 2750 2539 2821">
    <p class='ocr_par' dir='ltr' id='par_1_68' title="bbox 1960 2750 2539 2821">
     <span class='ocr_line' id='line_1_68' title="bbox 1960 2750 2539 2821; baseline -0.007 -14"><span class='ocrx_word' id='word_1_520' title='bbox 1960 2752 2249 2821; x_wconf 88' lang='lat' dir='ltr'><strong>imperium</strong></span> <span class='ocrx_word' id='word_1_521' title='bbox 2279 2750 2539 2807; x_wconf 90' lang='lat' dir='ltr'><strong>obtinuit.</strong></span> 
     </span>
    </p>
   </div>
   <div class='ocr_carea' id='block_1_69' title="bbox 2384 2860 3096 2930">
    <p class='ocr_par' dir='ltr' id='par_1_69' title="bbox 2384 2860 3096 2930">
     <span class='ocr_line' id='line_1_69' title="bbox 2384 2860 3096 2930; baseline -0.004 -12"><span class='ocrx_word' id='word_1_522' title='bbox 2384 2862 2465 2918; x_wconf 74' lang='lat' dir='ltr'><strong>Ea:</strong></span> <span class='ocrx_word' id='word_1_523' title='bbox 2486 2863 2650 2930; x_wconf 81' lang='lat' dir='ltr'><strong>priori</strong></span> <span class='ocrx_word' id='word_1_524' title='bbox 2676 2862 2743 2916; x_wconf 86' lang='lat' dir='ltr'><strong>ad</strong></span> <span class='ocrx_word' id='word_1_525' title='bbox 2774 2860 3096 2915; x_wconf 76' lang='lat' dir='ltr'><strong>Corinthios.</strong></span> 
     </span>
    </p>
   </div>
   <div class='ocr_carea' id='block_1_70' title="bbox 2036 2974 3518 3042">
    <p class='ocr_par' dir='ltr' id='par_1_70' title="bbox 2036 2974 3518 3042">
     <span class='ocr_line' id='line_1_70' title="bbox 2036 2974 3518 3042; baseline -0.002 -15"><span class='ocrx_word' id='word_1_526' title='bbox 2036 2994 2055 3027; x_wconf 74' lang='grc' dir='ltr'><strong>ι</strong></span> <span class='ocrx_word' id='word_1_527' title='bbox 2086 2975 2349 3029; x_wconf 84' lang='lat' dir='ltr'><strong>Bibebant</strong></span> <span class='ocrx_word' id='word_1_528' title='bbox 2395 2974 2539 3030; x_wconf 88' lang='lat' dir='ltr'><strong>enim</strong></span> <span class='ocrx_word' id='word_1_529' title='bbox 2590 2978 2655 3028; x_wconf 89' lang='lat' dir='ltr'><strong>de</strong></span> <span class='ocrx_word' id='word_1_530' title='bbox 2697 2974 2950 3042; x_wconf 82' lang='lat' dir='ltr'><strong>spiritali,</strong></span> <span class='ocrx_word' id='word_1_531' title='bbox 3003 2981 3364 3041; x_wconf 88' lang='lat' dir='ltr'><strong>consequente</strong></span> <span class='ocrx_word' id='word_1_532' title='bbox 3423 2983 3518 3025; x_wconf 84' lang='lat' dir='ltr'><strong>eos</strong></span> 
     </span>
    </p>
   </div>
   <div class='ocr_carea' id='block_1_71' title="bbox 1959 3060 3520 3137">
    <p class='ocr_par' dir='ltr' id='par_1_71' title="bbox 1959 3060 3520 3137">
     <span class='ocr_line' id='line_1_71' title="bbox 1959 3060 3520 3137; baseline -0.004 -17"><span class='ocrx_word' id='word_1_533' title='bbox 1959 3074 2110 3137; x_wconf 83' lang='lat' dir='ltr'><strong>petra</strong></span> <span class='ocrx_word' id='word_1_534' title='bbox 2137 3083 2151 3120; x_wconf 91' lang='lat'><strong>:</strong></span> <span class='ocrx_word' id='word_1_535' title='bbox 2189 3074 2340 3136; x_wconf 82' lang='lat' dir='ltr'><strong>petra</strong></span> <span class='ocrx_word' id='word_1_536' title='bbox 2367 3073 2544 3119; x_wconf 88' lang='lat' dir='ltr'><strong>autem</strong></span> <span class='ocrx_word' id='word_1_537' title='bbox 2578 3075 2696 3118; x_wconf 86' lang='lat' dir='ltr'><strong>erat</strong></span> <span class='ocrx_word' id='word_1_538' title='bbox 2722 3064 2973 3119; x_wconf 86' lang='lat' dir='ltr'><strong>Christus</strong></span> <span class='ocrx_word' id='word_1_539' title='bbox 2994 3063 3061 3117; x_wconf 82' lang='lat'><strong>“.</strong></span> <span class='ocrx_word' id='word_1_540' title='bbox 3090 3081 3109 3116; x_wconf 75' lang='grc' dir='ltr'><strong>ι</strong></span> <span class='ocrx_word' id='word_1_541' title='bbox 3132 3060 3335 3117; x_wconf 87' lang='lat' dir='ltr'><strong>Nomen</strong></span> <span class='ocrx_word' id='word_1_542' title='bbox 3360 3061 3520 3116; x_wconf 84' lang='lat' dir='ltr'><strong>Chri-</strong></span> 
     </span>
    </p>
   </div>
   <div class='ocr_carea' id='block_1_72' title="bbox 1960 3153 3523 3221">
    <p class='ocr_par' dir='ltr' id='par_1_72' title="bbox 1960 3153 3523 3221">
     <span class='ocr_line' id='line_1_72' title="bbox 1960 3153 3523 3221; baseline -0.006 -6"><span class='ocrx_word' id='word_1_543' title='bbox 1960 3160 2027 3215; x_wconf 88' lang='lat' dir='ltr'><strong>sti</strong></span> <span class='ocrx_word' id='word_1_544' title='bbox 2059 3168 2188 3214; x_wconf 86' lang='lat' dir='ltr'><strong>tunc</strong></span> <span class='ocrx_word' id='word_1_545' title='bbox 2232 3159 2447 3212; x_wconf 91' lang='lat' dir='ltr'><strong>demum</strong></span> <span class='ocrx_word' id='word_1_546' title='bbox 2496 3156 2723 3210; x_wconf 90' lang='lat' dir='ltr'><strong>inditum</strong></span> <span class='ocrx_word' id='word_1_547' title='bbox 2773 3162 2857 3210; x_wconf 88' lang='lat' dir='ltr'><strong>est</strong></span> <span class='ocrx_word' id='word_1_548' title='bbox 2908 3153 3263 3217; x_wconf 85' lang='lat' dir='ltr'><strong>Emmanueli,</strong></span> <span class='ocrx_word' id='word_1_549' title='bbox 3309 3154 3523 3221; x_wconf 86' lang='lat' dir='ltr'><strong>quando</strong></span> 
     </span>
    </p>
   </div>
   <div class='ocr_carea' id='block_1_73' title="bbox 1961 3245 3523 3320">
    <p class='ocr_par' dir='ltr' id='par_1_73' title="bbox 1961 3245 3523 3320">
     <span class='ocr_line' id='line_1_73' title="bbox 1961 3245 3523 3320; baseline -0.006 -16"><span class='ocrx_word' id='word_1_550' title='bbox 1961 3264 2025 3305; x_wconf 81' lang='lat' dir='ltr'><strong>ex</strong></span> <span class='ocrx_word' id='word_1_551' title='bbox 2065 3263 2219 3304; x_wconf 83' lang='lat' dir='ltr'><strong>sacra</strong></span> <span class='ocrx_word' id='word_1_552' title='bbox 2277 3247 2492 3317; x_wconf 77' lang='lat' dir='ltr'><strong>Virgine</strong></span> <span class='ocrx_word' id='word_1_553' title='bbox 2540 3247 2806 3317; x_wconf 86' lang='lat' dir='ltr'><strong>originem</strong></span> <span class='ocrx_word' id='word_1_554' title='bbox 2851 3247 3024 3299; x_wconf 77' lang='lat' dir='ltr'><strong>duxit.</strong></span> <span class='ocrx_word' id='word_1_555' title='bbox 3072 3245 3350 3320; x_wconf 81' lang='lat' dir='ltr'><strong>Quomodo</strong></span> <span class='ocrx_word' id='word_1_556' title='bbox 3396 3258 3523 3309; x_wconf 83' lang='lat' dir='ltr'><strong>ergo</strong></span> 
     </span>
    </p>
   </div>
   <div class='ocr_carea' id='block_1_74' title="bbox 1962 3335 3524 3410">
    <p class='ocr_par' dir='ltr' id='par_1_74' title="bbox 1962 3335 3524 3410">
     <span class='ocr_line' id='line_1_74' title="bbox 1962 3335 3524 3410; baseline -0.004 -16"><span class='ocrx_word' id='word_1_557' title='bbox 1962 3350 2113 3410; x_wconf 87' lang='lat' dir='ltr'><strong>petra</strong></span> <span class='ocrx_word' id='word_1_558' title='bbox 2147 3352 2268 3394; x_wconf 88' lang='lat' dir='ltr'><strong>esse</strong></span> <span class='ocrx_word' id='word_1_559' title='bbox 2317 3346 2551 3407; x_wconf 86' lang='lat' dir='ltr'><strong>poterat,</strong></span> <span class='ocrx_word' id='word_1_560' title='bbox 2582 3351 2701 3406; x_wconf 69' lang='lat' dir='ltr'><strong>quae</strong></span> <span class='ocrx_word' id='word_1_561' title='bbox 2736 3336 2989 3404; x_wconf 92' lang='lat' dir='ltr'><strong>populum</strong></span> <span class='ocrx_word' id='word_1_562' title='bbox 3035 3335 3387 3389; x_wconf 88' lang='lat' dir='ltr'><strong>Israelitieum</strong></span> <span class='ocrx_word' id='word_1_563' title='bbox 3427 3335 3524 3388; x_wconf 88' lang='lat' dir='ltr'><strong>de-</strong></span> 
     </span>
    </p>
   </div>
   <div class='ocr_carea' id='block_1_75' title="bbox 1963 3422 3527 3502">
    <p class='ocr_par' dir='ltr' id='par_1_75' title="bbox 1963 3422 3527 3502">
     <span class='ocr_line' id='line_1_75' title="bbox 1963 3422 3527 3502; baseline -0.004 -19"><span class='ocrx_word' id='word_1_564' title='bbox 1963 3438 2110 3502; x_wconf 84' lang='lat' dir='ltr'><strong>serto</strong></span> <span class='ocrx_word' id='word_1_565' title='bbox 2143 3427 2397 3497; x_wconf 83' lang='lat' dir='ltr'><strong>potarat?</strong></span> <span class='ocrx_word' id='word_1_566' title='bbox 2431 3426 2771 3493; x_wconf 85' lang='lat' dir='ltr'><strong>Scripturam</strong></span> <span class='ocrx_word' id='word_1_567' title='bbox 2816 3439 3028 3478; x_wconf 89' lang='lat' dir='ltr'><strong>sacram</strong></span> <span class='ocrx_word' id='word_1_568' title='bbox 3062 3438 3225 3477; x_wconf 90' lang='lat' dir='ltr'><strong>unum</strong></span> <span class='ocrx_word' id='word_1_569' title='bbox 3261 3422 3527 3476; x_wconf 78' lang='lat' dir='ltr'><strong>duntaxat</strong></span> 
     </span>
    </p>
   </div>
   <div class='ocr_carea' id='block_1_76' title="bbox 1967 3514 3526 3583">
    <p class='ocr_par' dir='ltr' id='par_1_76' title="bbox 1967 3514 3526 3583">
     <span class='ocr_line' id='line_1_76' title="bbox 1967 3514 3526 3583; baseline -0.004 -13"><span class='ocrx_word' id='word_1_570' title='bbox 1967 3517 2183 3582; x_wconf 84' lang='lat' dir='ltr'><strong>Filium,</strong></span> <span class='ocrx_word' id='word_1_571' title='bbox 2207 3529 2481 3583; x_wconf 88' lang='lat' dir='ltr'><strong>unumque</strong></span> <span class='ocrx_word' id='word_1_572' title='bbox 2530 3514 2805 3568; x_wconf 89' lang='lat' dir='ltr'><strong>Christum</strong></span> <span class='ocrx_word' id='word_1_573' title='bbox 2835 3528 3154 3581; x_wconf 82' lang='lat' dir='ltr'><strong>agnoscere,</strong></span> <span class='ocrx_word' id='word_1_574' title='bbox 3185 3524 3341 3568; x_wconf 74' lang='lat' dir='ltr'><strong>extra</strong></span> <span class='ocrx_word' id='word_1_575' title='bbox 3376 3528 3526 3583; x_wconf 65' lang='lat' dir='ltr'><strong>qure-</strong></span> 
     </span>
    </p>
   </div>
   <div class='ocr_carea' id='block_1_77' title="bbox 1966 3602 3523 3670">
    <p class='ocr_par' dir='ltr' id='par_1_77' title="bbox 1966 3602 3523 3670">
     <span class='ocr_line' id='line_1_77' title="bbox 1966 3602 3523 3670; baseline -0.003 -11"><span class='ocrx_word' id='word_1_576' title='bbox 1966 3606 2193 3660; x_wconf 84' lang='lat' dir='ltr'><strong>stionem</strong></span> <span class='ocrx_word' id='word_1_577' title='bbox 2220 3615 2320 3659; x_wconf 88' lang='lat' dir='ltr'><strong>est.</strong></span> <span class='ocrx_word' id='word_1_578' title='bbox 2365 3604 2602 3658; x_wconf 86' lang='lat' dir='ltr'><strong>Verbum</strong></span> <span class='ocrx_word' id='word_1_579' title='bbox 2658 3602 2858 3668; x_wconf 87' lang='lat' dir='ltr'><strong>itaque,</strong></span> <span class='ocrx_word' id='word_1_580' title='bbox 2916 3611 3271 3670; x_wconf 78' lang='lat' dir='ltr'><strong>posteaquam</strong></span> <span class='ocrx_word' id='word_1_581' title='bbox 3309 3617 3523 3656; x_wconf 86' lang='lat' dir='ltr'><strong>carnem</strong></span> 
     </span>
    </p>
   </div>
   <div class='ocr_carea' id='block_1_78' title="bbox 1969 3692 3526 3762">
    <p class='ocr_par' dir='ltr' id='par_1_78' title="bbox 1969 3692 3526 3762">
     <span class='ocr_line' id='line_1_78' title="bbox 1969 3692 3526 3762; baseline -0.004 -12"><span class='ocrx_word' id='word_1_582' title='bbox 1969 3695 2229 3762; x_wconf 88' lang='lat' dir='ltr'><strong>suscepit,</strong></span> <span class='ocrx_word' id='word_1_583' title='bbox 2259 3693 2522 3762; x_wconf 84' lang='lat' dir='ltr'><strong>spiritalis</strong></span> <span class='ocrx_word' id='word_1_584' title='bbox 2541 3693 2705 3747; x_wconf 90' lang='lat' dir='ltr'><strong>etiam</strong></span> <span class='ocrx_word' id='word_1_585' title='bbox 2743 3700 2893 3760; x_wconf 85' lang='lat' dir='ltr'><strong>petra</strong></span> <span class='ocrx_word' id='word_1_586' title='bbox 2924 3699 3032 3753; x_wconf 85' lang='lat' dir='ltr'><strong>est,</strong></span> <span class='ocrx_word' id='word_1_587' title='bbox 3068 3699 3289 3758; x_wconf 88' lang='lat' dir='ltr'><strong>propter</strong></span> <span class='ocrx_word' id='word_1_588' title='bbox 3309 3692 3526 3758; x_wconf 85' lang='lat' dir='ltr'><strong>dispen-</strong></span> 
     </span>
    </p>
   </div>
   <div class='ocr_carea' id='block_1_79' title="bbox 1967 3781 3525 3853">
    <p class='ocr_par' dir='ltr' id='par_1_79' title="bbox 1967 3781 3525 3853">
     <span class='ocr_line' id='line_1_79' title="bbox 1967 3781 3525 3853; baseline -0.003 -14"><span class='ocrx_word' id='word_1_589' title='bbox 1967 3784 2193 3840; x_wconf 85' lang='lat' dir='ltr'><strong>sationis</strong></span> <span class='ocrx_word' id='word_1_590' title='bbox 2244 3784 2558 3848; x_wconf 87' lang='lat' dir='ltr'><strong>novitatem,</strong></span> <span class='ocrx_word' id='word_1_591' title='bbox 2618 3784 2851 3853; x_wconf 71' lang='lat' dir='ltr'><strong>proprite</strong></span> <span class='ocrx_word' id='word_1_592' title='bbox 2908 3791 3115 3835; x_wconf 54' lang='lat' dir='ltr'><strong>natura}</strong></span> <span class='ocrx_word' id='word_1_593' title='bbox 3150 3781 3525 3847; x_wconf 81' lang='lat' dir='ltr'><strong>antiquitatem</strong></span> 
     </span>
    </p>
   </div>
   <div class='ocr_carea' id='block_1_80' title="bbox 1968 3875 2380 3944">
    <p class='ocr_par' dir='ltr' id='par_1_80' title="bbox 1968 3875 2380 3944">
     <span class='ocr_line' id='line_1_80' title="bbox 1968 3875 2380 3944; baseline -0.002 -16"><span class='ocrx_word' id='word_1_594' title='bbox 1968 3890 2074 3930; x_wconf 90' lang='lat' dir='ltr'><strong>non</strong></span> <span class='ocrx_word' id='word_1_595' title='bbox 2102 3875 2380 3944; x_wconf 88' lang='lat' dir='ltr'><strong>abjiciens.</strong></span> 
     </span>
    </p>
   </div>
   <div class='ocr_carea' id='block_1_81' title="bbox 2329 3985 3183 4054">
    <p class='ocr_par' dir='ltr' id='par_1_81' title="bbox 2329 3985 3183 4054">
     <span class='ocr_line' id='line_1_81' title="bbox 2329 3985 3183 4054; baseline -0.005 -14"><span class='ocrx_word' id='word_1_596' title='bbox 2329 3986 2413 4040; x_wconf 77' lang='lat' dir='ltr'><strong>Ea:</strong></span> <span class='ocrx_word' id='word_1_597' title='bbox 2452 3988 2735 4054; x_wconf 80' lang='lat' dir='ltr'><strong>posteriore</strong></span> <span class='ocrx_word' id='word_1_598' title='bbox 2763 3986 2833 4039; x_wconf 86' lang='lat' dir='ltr'><strong>ad</strong></span> <span class='ocrx_word' id='word_1_599' title='bbox 2862 3985 3183 4041; x_wconf 80' lang='lat' dir='ltr'><strong>Corinthios.</strong></span> 
     </span>
    </p>
   </div>
   <div class='ocr_carea' id='block_1_82' title="bbox 2047 4093 3531 4166">
    <p class='ocr_par' dir='ltr' id='par_1_82' title="bbox 2047 4093 3531 4166">
     <span class='ocr_line' id='line_1_82' title="bbox 2047 4093 3531 4166; baseline -0.006 -16"><span class='ocrx_word' id='word_1_600' title='bbox 2047 4117 2064 4149; x_wconf 79' lang='grc' dir='ltr'><strong>ι</strong></span> <span class='ocrx_word' id='word_1_601' title='bbox 2102 4098 2284 4166; x_wconf 85' lang='lat' dir='ltr'><strong>Itaque</strong></span> <span class='ocrx_word' id='word_1_602' title='bbox 2325 4112 2425 4152; x_wconf 90' lang='lat' dir='ltr'><strong>nos</strong></span> <span class='ocrx_word' id='word_1_603' title='bbox 2474 4112 2537 4150; x_wconf 87' lang='lat' dir='ltr'><strong>ex</strong></span> <span class='ocrx_word' id='word_1_604' title='bbox 2582 4096 2683 4150; x_wconf 94' lang='lat' dir='ltr'><strong>hoc</strong></span> <span class='ocrx_word' id='word_1_605' title='bbox 2730 4097 3000 4151; x_wconf 90' lang='lat' dir='ltr'><strong>neminem</strong></span> <span class='ocrx_word' id='word_1_606' title='bbox 3051 4093 3297 4147; x_wconf 90' lang='lat' dir='ltr'><strong>novimus</strong></span> <span class='ocrx_word' id='word_1_607' title='bbox 3338 4104 3531 4146; x_wconf 83' lang='lat' dir='ltr'><strong>secun-</strong></span> 
     </span>
    </p>
   </div>
   <div class='ocr_carea' id='block_1_83' title="bbox 1971 4181 3529 4252">
    <p class='ocr_par' dir='ltr' id='par_1_83' title="bbox 1971 4181 3529 4252">
     <span class='ocr_line' id='line_1_83' title="bbox 1971 4181 3529 4252; baseline -0.006 -11"><span class='ocrx_word' id='word_1_608' title='bbox 1971 4187 2095 4241; x_wconf 88' lang='lat' dir='ltr'><strong>dutn</strong></span> <span class='ocrx_word' id='word_1_609' title='bbox 2122 4201 2338 4240; x_wconf 87' lang='lat' dir='ltr'><strong>carnem</strong></span> <span class='ocrx_word' id='word_1_610' title='bbox 2370 4206 2382 4241; x_wconf 90' lang='lat'><strong>:</strong></span> <span class='ocrx_word' id='word_1_611' title='bbox 2417 4194 2472 4239; x_wconf 91' lang='lat' dir='ltr'><strong>et</strong></span> <span class='ocrx_word' id='word_1_612' title='bbox 2503 4186 2545 4240; x_wconf 93' lang='lat' dir='ltr'><strong>si</strong></span> <span class='ocrx_word' id='word_1_613' title='bbox 2584 4185 2881 4240; x_wconf 89' lang='lat' dir='ltr'><strong>secundum</strong></span> <span class='ocrx_word' id='word_1_614' title='bbox 2922 4198 3140 4239; x_wconf 89' lang='lat' dir='ltr'><strong>carnem</strong></span> <span class='ocrx_word' id='word_1_615' title='bbox 3183 4181 3529 4252; x_wconf 80' lang='lat' dir='ltr'><strong>cognovimus</strong></span> 
     </span>
    </p>
   </div>
   <div class='ocr_carea' id='block_1_84' title="bbox 1968 4271 3530 4347">
    <p class='ocr_par' dir='ltr' id='par_1_84' title="bbox 1968 4271 3530 4347">
     <span class='ocr_line' id='line_1_84' title="bbox 1968 4271 3530 4347; baseline -0.005 -14"><span class='ocrx_word' id='word_1_616' title='bbox 1968 4278 2271 4341; x_wconf 79' lang='lat' dir='ltr'><strong>Christum,</strong></span> <span class='ocrx_word' id='word_1_617' title='bbox 2325 4277 2418 4332; x_wconf 88' lang='lat' dir='ltr'><strong>sed</strong></span> <span class='ocrx_word' id='word_1_618' title='bbox 2467 4292 2608 4331; x_wconf 87' lang='lat' dir='ltr'><strong>nunc</strong></span> <span class='ocrx_word' id='word_1_619' title='bbox 2641 4275 2755 4347; x_wconf 87' lang='lat' dir='ltr'><strong>jam</strong></span> <span class='ocrx_word' id='word_1_620' title='bbox 2801 4290 2905 4330; x_wconf 91' lang='lat' dir='ltr'><strong>non</strong></span> <span class='ocrx_word' id='word_1_621' title='bbox 2958 4275 3203 4328; x_wconf 88' lang='lat' dir='ltr'><strong>novimus</strong></span> <span class='ocrx_word' id='word_1_622' title='bbox 3228 4275 3294 4327; x_wconf 71' lang='lat'><strong>9&#39;.</strong></span> <span class='ocrx_word' id='word_1_623' title='bbox 3336 4293 3353 4324; x_wconf 81' lang='grc' dir='ltr'><strong>ι</strong></span> <span class='ocrx_word' id='word_1_624' title='bbox 3395 4271 3530 4338; x_wconf 86' lang='lat' dir='ltr'><strong>Quid</strong></span> 
     </span>
    </p>
   </div>
   <div class='ocr_carea' id='block_1_85' title="bbox 300 4350 1858 4440">
    <p class='ocr_par' dir='ltr' id='par_1_85' title="bbox 300 4350 1858 4435">
     <span class='ocr_line' id='line_1_85' title="bbox 300 4350 1858 4435; baseline 0.01 -30"><span class='ocrx_word' id='word_1_625' title='bbox 300 4353 541 4419; x_wconf 89' lang='grc' dir='ltr'>Παῦλος;</span> <span class='ocrx_word' id='word_1_626' title='bbox 572 4350 718 4426; x_wconf 62' lang='grc' dir='ltr'>*Αρα</span> <span class='ocrx_word' id='word_1_627' title='bbox 750 4358 982 4425; x_wconf 82' lang='grc' dir='ltr'>Χριστὸν</span> <span class='ocrx_word' id='word_1_628' title='bbox 1014 4361 1253 4433; x_wconf 85' lang='grc' dir='ltr'>ἀρνεῖται</span> <span class='ocrx_word' id='word_1_629' title='bbox 1299 4363 1439 4433; x_wconf 86' lang='grc' dir='ltr'><strong>μετά</strong></span> <span class='ocrx_word' id='word_1_630' title='bbox 1482 4366 1580 4435; x_wconf 79' lang='grc' dir='ltr'>τὴν</span> <span class='ocrx_word' id='word_1_631' title='bbox 1627 4366 1858 4419; x_wconf 84' lang='grc' dir='ltr'>ἀνάστα-</span> 
     </span>
    </p>
   </div>
   <div class='ocr_carea' id='block_1_86' title="bbox 1966 4350 3530 4440">
    <p class='ocr_par' dir='ltr' id='par_1_86' title="bbox 1969 4362 3530 4435">
     <span class='ocr_line' id='line_1_86' title="bbox 1969 4362 3530 4435; baseline -0.004 -15"><span class='ocrx_word' id='word_1_632' title='bbox 1969 4376 2072 4435; x_wconf 88' lang='lat' dir='ltr'><strong>est,</strong></span> <span class='ocrx_word' id='word_1_633' title='bbox 2110 4367 2357 4430; x_wconf 86' lang='lat' dir='ltr'><strong>obsecro,</strong></span> <span class='ocrx_word' id='word_1_634' title='bbox 2386 4366 2526 4435; x_wconf 87' lang='lat' dir='ltr'><strong>quod</strong></span> <span class='ocrx_word' id='word_1_635' title='bbox 2560 4365 2757 4419; x_wconf 85' lang='lat' dir='ltr'><strong>Paulus</strong></span> <span class='ocrx_word' id='word_1_636' title='bbox 2794 4365 2881 4419; x_wconf 84' lang='lat' dir='ltr'><strong>hic</strong></span> <span class='ocrx_word' id='word_1_637' title='bbox 2929 4364 3048 4417; x_wconf 84' lang='lat' dir='ltr'><strong>ait?</strong></span> <span class='ocrx_word' id='word_1_638' title='bbox 3086 4363 3329 4430; x_wconf 83' lang='lat' dir='ltr'><strong>Nunquid</strong></span> <span class='ocrx_word' id='word_1_639' title='bbox 3374 4362 3530 4414; x_wconf 71' lang='lat' dir='ltr'><strong>Clari-</strong></span> 
     </span>
    </p>
   </div>
   <div class='ocr_carea' id='block_1_87' title="bbox 303 4441 1864 4527">
    <p class='ocr_par' dir='ltr' id='par_1_87' title="bbox 303 4441 1864 4527">
     <span class='ocr_line' id='line_1_87' title="bbox 303 4441 1864 4527; baseline 0.012 -35"><span class='ocrx_word' id='word_1_640' title='bbox 303 4457 417 4505; x_wconf 82' lang='lat' dir='ltr'><strong>ow;</strong></span> <span class='ocrx_word' id='word_1_641' title='bbox 450 4444 563 4496; x_wconf 85' lang='grc' dir='ltr'>Οὐκ</span> <span class='ocrx_word' id='word_1_642' title='bbox 612 4441 753 4499; x_wconf 84' lang='grc' dir='ltr'>οἶδεν</span> <span class='ocrx_word' id='word_1_643' title='bbox 798 4447 959 4501; x_wconf 82' lang='grc' dir='ltr'>αὑτὸν</span> <span class='ocrx_word' id='word_1_644' title='bbox 1005 4452 1370 4521; x_wconf 81' lang='grc' dir='ltr'>ἐγηγερμένον</span> <span class='ocrx_word' id='word_1_645' title='bbox 1433 4454 1491 4505; x_wconf 81' lang='grc' dir='ltr'>ἐν</span> <span class='ocrx_word' id='word_1_646' title='bbox 1550 4457 1733 4527; x_wconf 77' lang='grc' dir='ltr'>σαρκὶ,</span> <span class='ocrx_word' id='word_1_647' title='bbox 1771 4458 1864 4511; x_wconf 77' lang='grc' dir='ltr'><strong>καὶ</strong></span> 
     </span>
    </p>
   </div>
   <div class='ocr_carea' id='block_1_88' title="bbox 299 4533 1865 4615">
    <p class='ocr_par' dir='ltr' id='par_1_88' title="bbox 299 4533 1865 4615">
     <span class='ocr_line' id='line_1_88' title="bbox 299 4533 1865 4615; baseline 0.011 -31"><span class='ocrx_word' id='word_1_648' title='bbox 299 4533 675 4604; x_wconf 81' lang='grc' dir='ltr'>ἀναληφθέντα</span> <span class='ocrx_word' id='word_1_649' title='bbox 711 4539 828 4606; x_wconf 86' lang='grc' dir='ltr'>μετ’</span> <span class='ocrx_word' id='word_1_650' title='bbox 851 4540 1021 4610; x_wconf 82' lang='grc' dir='ltr'>αὐτῆς</span> <span class='ocrx_word' id='word_1_651' title='bbox 1062 4543 1141 4604; x_wconf 85' lang='grc' dir='ltr'><strong>είς</strong></span> <span class='ocrx_word' id='word_1_652' title='bbox 1181 4543 1270 4595; x_wconf 87' lang='grc' dir='ltr'>τὸν</span> <span class='ocrx_word' id='word_1_653' title='bbox 1312 4544 1566 4615; x_wconf 86' lang='grc' dir='ltr'>ούρανόν;</span> <span class='ocrx_word' id='word_1_654' title='bbox 1599 4549 1706 4600; x_wconf 74' lang='grc' dir='ltr'><strong>Καὶ</strong></span> <span class='ocrx_word' id='word_1_655' title='bbox 1732 4548 1814 4612; x_wconf 88' lang='grc' dir='ltr'><strong>τίς</strong></span> <span class='ocrx_word' id='word_1_656' title='bbox 1837 4551 1865 4602; x_wconf 89' lang='grc' dir='ltr'><strong>ό</strong></span> 
     </span>
    </p>
   </div>
   <div class='ocr_carea' id='block_1_89' title="bbox 301 4624 1864 4709">
    <p class='ocr_par' dir='ltr' id='par_1_89' title="bbox 301 4624 1864 4709">
     <span class='ocr_line' id='line_1_89' title="bbox 301 4624 1864 4709; baseline 0.012 -34"><span class='ocrx_word' id='word_1_657' title='bbox 301 4624 466 4689; x_wconf 82' lang='grc' dir='ltr'>φάναι</span> <span class='ocrx_word' id='word_1_658' title='bbox 493 4626 647 4680; x_wconf 87' lang='grc' dir='ltr'>τοῦτο</span> <span class='ocrx_word' id='word_1_659' title='bbox 667 4629 910 4698; x_wconf 87' lang='grc' dir='ltr'>τολμῶν;</span> <span class='ocrx_word' id='word_1_660' title='bbox 937 4633 1092 4685; x_wconf 83' lang='grc' dir='ltr'>Οῦτω</span> <span class='ocrx_word' id='word_1_661' title='bbox 1118 4634 1223 4705; x_wconf 84' lang='grc' dir='ltr'>γὰρ</span> <span class='ocrx_word' id='word_1_662' title='bbox 1245 4632 1351 4688; x_wconf 73' lang='grc' dir='ltr'>οἶδε</span> <span class='ocrx_word' id='word_1_663' title='bbox 1373 4638 1465 4690; x_wconf 74' lang='grc' dir='ltr'><strong>καὶ</strong></span> <span class='ocrx_word' id='word_1_664' title='bbox 1487 4639 1864 4709; x_wconf 77' lang='grc' dir='ltr'>ἀναληφθέντα</span> 
     </span>
    </p>
   </div>
   <div class='ocr_carea' id='block_1_90' title="bbox 303 4714 1866 4799">
    <p class='ocr_par' dir='ltr' id='par_1_90' title="bbox 303 4714 1866 4799">
     <span class='ocr_line' id='line_1_90' title="bbox 303 4714 1866 4799; baseline 0.012 -33"><span class='ocrx_word' id='word_1_665' title='bbox 303 4714 397 4766; x_wconf 74' lang='grc' dir='ltr'>καὶ</span> <span class='ocrx_word' id='word_1_666' title='bbox 437 4714 634 4785; x_wconf 76' lang='grc' dir='ltr'>ἥξοντα</span> <span class='ocrx_word' id='word_1_667' title='bbox 675 4721 815 4774; x_wconf 83' lang='grc' dir='ltr'><strong>κατά</strong></span> <span class='ocrx_word' id='word_1_668' title='bbox 849 4723 1092 4792; x_wconf 80' lang='grc' dir='ltr'>καιροὺς,</span> <span class='ocrx_word' id='word_1_669' title='bbox 1119 4724 1176 4778; x_wconf 86' lang='grc' dir='ltr'><strong>δν</strong></span> <span class='ocrx_word' id='word_1_670' title='bbox 1205 4727 1403 4795; x_wconf 88' lang='grc' dir='ltr'>τρόπον</span> <span class='ocrx_word' id='word_1_671' title='bbox 1425 4728 1761 4799; x_wconf 82' lang='grc' dir='ltr'>ἀναϐέϐηκεν</span> <span class='ocrx_word' id='word_1_672' title='bbox 1788 4732 1866 4794; x_wconf 73' lang='grc' dir='ltr'>εἰς</span> 
     </span>
    </p>
   </div>
   <div class='ocr_carea' id='block_1_91' title="bbox 304 4803 1865 4891">
    <p class='ocr_par' dir='ltr' id='par_1_91' title="bbox 304 4803 1865 4891">
     <span class='ocr_line' id='line_1_91' title="bbox 304 4803 1865 4891; baseline 0.013 -35"><span class='ocrx_word' id='word_1_673' title='bbox 304 4803 393 4857; x_wconf 81' lang='grc' dir='ltr'>τὸν</span> <span class='ocrx_word' id='word_1_674' title='bbox 418 4808 663 4877; x_wconf 78' lang='grc' dir='ltr'>οὐρανόν.</span> <span class='ocrx_word' id='word_1_675' title='bbox 702 4811 826 4874; x_wconf 89' lang='grc' dir='ltr'><strong>Πῶς</strong></span> <span class='ocrx_word' id='word_1_676' title='bbox 869 4810 964 4866; x_wconf 81' lang='grc' dir='ltr'>οὖν</span> <span class='ocrx_word' id='word_1_677' title='bbox 999 4815 1098 4868; x_wconf 81' lang='grc' dir='ltr'>οὐκ</span> <span class='ocrx_word' id='word_1_678' title='bbox 1125 4816 1323 4870; x_wconf 82' lang='grc' dir='ltr'>εἰδέναι</span> <span class='ocrx_word' id='word_1_679' title='bbox 1356 4818 1488 4888; x_wconf 77' lang='grc' dir='ltr'>φησὶ</span> <span class='ocrx_word' id='word_1_680' title='bbox 1520 4820 1660 4874; x_wconf 82' lang='grc' dir='ltr'>κατὰ</span> <span class='ocrx_word' id='word_1_681' title='bbox 1690 4821 1865 4891; x_wconf 83' lang='grc' dir='ltr'>σάρκα</span> 
     </span>
    </p>
   </div>
   <div class='ocr_carea' id='block_1_92' title="bbox 304 4894 1868 4979">
    <p class='ocr_par' dir='ltr' id='par_1_92' title="bbox 304 4894 1868 4979">
     <span class='ocr_line' id='line_1_92' title="bbox 304 4894 1868 4979; baseline 0.012 -32"><span class='ocrx_word' id='word_1_682' title='bbox 304 4894 463 4959; x_wconf 73' lang='grc' dir='ltr'>Υίόνς</span> <span class='ocrx_word' id='word_1_683' title='bbox 494 4899 615 4952; x_wconf 84' lang='grc' dir='ltr'>Ὅτι</span> <span class='ocrx_word' id='word_1_684' title='bbox 647 4901 784 4969; x_wconf 87' lang='grc' dir='ltr'><strong>μετά</strong></span> <span class='ocrx_word' id='word_1_685' title='bbox 811 4902 908 4973; x_wconf 77' lang='grc' dir='ltr'>τὴν</span> <span class='ocrx_word' id='word_1_686' title='bbox 947 4906 1011 4957; x_wconf 80' lang='grc' dir='ltr'>ἐκ</span> <span class='ocrx_word' id='word_1_687' title='bbox 1049 4907 1255 4977; x_wconf 86' lang='grc' dir='ltr'>νεκρῶν</span> <span class='ocrx_word' id='word_1_688' title='bbox 1300 4909 1616 4979; x_wconf 78' lang='grc' dir='ltr'>ἀναϐίωσιν,</span> <span class='ocrx_word' id='word_1_689' title='bbox 1663 4913 1762 4965; x_wconf 74' lang='grc' dir='ltr'>οὐκ</span> <span class='ocrx_word' id='word_1_690' title='bbox 1805 4915 1868 4966; x_wconf 74' lang='grc' dir='ltr'>ἐκ</span> 
     </span>
    </p>
   </div>
   <div class='ocr_carea' id='block_1_93' title="bbox 304 4985 1866 5070">
    <p class='ocr_par' dir='ltr' id='par_1_93' title="bbox 304 4985 1866 5070">
     <span class='ocr_line' id='line_1_93' title="bbox 304 4985 1866 5070; baseline 0.011 -34"><span class='ocrx_word' id='word_1_691' title='bbox 304 4985 409 5038; x_wconf 79' lang='grc' dir='ltr'><strong>τῶν</strong></span> <span class='ocrx_word' id='word_1_692' title='bbox 442 4989 541 5058; x_wconf 80' lang='grc' dir='ltr'>τῆς</span> <span class='ocrx_word' id='word_1_693' title='bbox 570 4992 769 5059; x_wconf 80' lang='grc' dir='ltr'>σαρκὸς</span> <span class='ocrx_word' id='word_1_694' title='bbox 794 4992 874 5046; x_wconf 82' lang='grc' dir='ltr'>ἔτι</span> <span class='ocrx_word' id='word_1_695' title='bbox 900 4995 1134 5066; x_wconf 85' lang='grc' dir='ltr'>μέτρων,</span> <span class='ocrx_word' id='word_1_696' title='bbox 1167 4997 1281 5050; x_wconf 82' lang='grc' dir='ltr'>ἀλλ’</span> <span class='ocrx_word' id='word_1_697' title='bbox 1311 4997 1385 5061; x_wconf 85' lang='grc' dir='ltr'>ὡς</span> <span class='ocrx_word' id='word_1_698' title='bbox 1414 5001 1479 5052; x_wconf 76' lang='grc' dir='ltr'>ἐκ</span> <span class='ocrx_word' id='word_1_699' title='bbox 1510 4999 1657 5063; x_wconf 77' lang='grc' dir='ltr'>θείας</span> <span class='ocrx_word' id='word_1_700' title='bbox 1696 5001 1866 5070; x_wconf 87' lang='grc' dir='ltr'>ὑπερ-</span> 
     </span>
    </p>
   </div>
   <div class='ocr_carea' id='block_1_94' title="bbox 304 5078 1868 5160">
    <p class='ocr_par' dir='ltr' id='par_1_94' title="bbox 304 5078 1868 5160">
     <span class='ocr_line' id='line_1_94' title="bbox 304 5078 1868 5160; baseline 0.009 -30"><span class='ocrx_word' id='word_1_701' title='bbox 304 5078 434 5146; x_wconf 82' lang='grc' dir='ltr'>οχῆς</span> <span class='ocrx_word' id='word_1_702' title='bbox 460 5080 679 5148; x_wconf 82' lang='grc' dir='ltr'>ἄμεινον</span> <span class='ocrx_word' id='word_1_703' title='bbox 704 5083 863 5136; x_wconf 76' lang='grc' dir='ltr'>αὐτὸν</span> <span class='ocrx_word' id='word_1_704' title='bbox 892 5086 1088 5140; x_wconf 82' lang='grc' dir='ltr'>εἰδέναι</span> <span class='ocrx_word' id='word_1_705' title='bbox 1112 5087 1204 5140; x_wconf 60' lang='grc' dir='ltr'><strong>καὶ⁴</strong></span> <span class='ocrx_word' id='word_1_706' title='bbox 1238 5087 1515 5157; x_wconf 77' lang='grc' dir='ltr'>ὁμολογεῖν</span> <span class='ocrx_word' id='word_1_707' title='bbox 1537 5105 1550 5118; x_wconf 77' lang='grc'><strong><em>⁸</em></strong></span> <span class='ocrx_word' id='word_1_708' title='bbox 1591 5088 1742 5142; x_wconf 82' lang='grc' dir='ltr'>οῦπω</span> <span class='ocrx_word' id='word_1_709' title='bbox 1762 5091 1868 5160; x_wconf 78' lang='grc' dir='ltr'><strong>γὰρ</strong></span> 
     </span>
    </p>
   </div>
   <div class='ocr_carea' id='block_1_95' title="bbox 308 5169 1870 5251">
    <p class='ocr_par' dir='ltr' id='par_1_95' title="bbox 308 5169 1870 5251">
     <span class='ocr_line' id='line_1_95' title="bbox 308 5169 1870 5251; baseline 0.01 -32"><span class='ocrx_word' id='word_1_710' title='bbox 308 5169 686 5243; x_wconf 78' lang='grc' dir='ltr'>πληρωθείσης</span> <span class='ocrx_word' id='word_1_711' title='bbox 715 5174 813 5243; x_wconf 84' lang='grc' dir='ltr'>τῆς</span> <span class='ocrx_word' id='word_1_712' title='bbox 840 5177 1172 5246; x_wconf 78' lang='grc' dir='ltr'>οἰκονομίας,</span> <span class='ocrx_word' id='word_1_713' title='bbox 1202 5179 1530 5249; x_wconf 80' lang='grc' dir='ltr'>ὲκηρύττετο</span> <span class='ocrx_word' id='word_1_714' title='bbox 1559 5181 1698 5233; x_wconf 86' lang='grc' dir='ltr'>κατὰ</span> <span class='ocrx_word' id='word_1_715' title='bbox 1740 5180 1870 5251; x_wconf 86' lang='grc' dir='ltr'>σάρ-</span> 
     </span>
    </p>
   </div>
   <div class='ocr_carea' id='block_1_96' title="bbox 306 5261 1865 5338">
    <p class='ocr_par' dir='ltr' id='par_1_96' title="bbox 306 5261 1865 5338">
     <span class='ocr_line' id='line_1_96' title="bbox 306 5261 1865 5338; baseline 0.008 -28"><span class='ocrx_word' id='word_1_716' title='bbox 306 5276 399 5318; x_wconf 78' lang='grc' dir='ltr'><strong>κα,</strong></span> <span class='ocrx_word' id='word_1_717' title='bbox 423 5261 510 5313; x_wconf 78' lang='grc' dir='ltr'>ἵνα</span> <span class='ocrx_word' id='word_1_718' title='bbox 543 5263 864 5334; x_wconf 85' lang='grc' dir='ltr'>πιστεύηται</span> <span class='ocrx_word' id='word_1_719' title='bbox 895 5267 1135 5334; x_wconf 85' lang='grc' dir='ltr'>γεγονὼς</span> <span class='ocrx_word' id='word_1_720' title='bbox 1160 5268 1442 5338; x_wconf 80' lang='grc' dir='ltr'>ἄνθρωπος</span> <span class='ocrx_word' id='word_1_721' title='bbox 1468 5271 1495 5322; x_wconf 87' lang='grc' dir='ltr'><strong>ό</strong></span> <span class='ocrx_word' id='word_1_722' title='bbox 1523 5271 1833 5338; x_wconf 75' lang='grc' dir='ltr'>Μονογενής</span> <span class='ocrx_word' id='word_1_723' title='bbox 1852 5288 1865 5300; x_wconf 92' lang='grc'><strong>·</strong></span> 
     </span>
    </p>
   </div>
   <div class='ocr_carea' id='block_1_97' title="bbox 307 5351 1869 5429">
    <p class='ocr_par' dir='ltr' id='par_1_97' title="bbox 307 5351 1869 5429">
     <span class='ocr_line' id='line_1_97' title="bbox 307 5351 1869 5429; baseline 0.008 -28"><span class='ocrx_word' id='word_1_724' title='bbox 307 5352 428 5403; x_wconf 80' lang='grc' dir='ltr'>ἐπεὶ</span> <span class='ocrx_word' id='word_1_725' title='bbox 458 5351 513 5404; x_wconf 88' lang='grc' dir='ltr'>δὲ</span> <span class='ocrx_word' id='word_1_726' title='bbox 545 5354 855 5408; x_wconf 80' lang='grc' dir='ltr'>τετέλεσται</span> <span class='ocrx_word' id='word_1_727' title='bbox 898 5358 958 5410; x_wconf 82' lang='grc' dir='ltr'>τὸ</span> <span class='ocrx_word' id='word_1_728' title='bbox 994 5361 1310 5429; x_wconf 86' lang='grc' dir='ltr'>μυστήριον,</span> <span class='ocrx_word' id='word_1_729' title='bbox 1347 5361 1438 5427; x_wconf 80' lang='grc' dir='ltr'><strong>ἀφ’</strong></span> <span class='ocrx_word' id='word_1_730' title='bbox 1470 5354 1546 5413; x_wconf 87' lang='grc' dir='ltr'>ὦν</span> <span class='ocrx_word' id='word_1_731' title='bbox 1587 5362 1703 5414; x_wconf 75' lang='grc' dir='ltr'>ἐστι</span> <span class='ocrx_word' id='word_1_732' title='bbox 1737 5360 1869 5424; x_wconf 79' lang='grc' dir='ltr'>Θεὸς</span> 
     </span>
    </p>
   </div>
   <div class='ocr_carea' id='block_1_98' title="bbox 307 5442 1865 5516">
    <p class='ocr_par' dir='ltr' id='par_1_98' title="bbox 307 5442 1865 5516">
     <span class='ocr_line' id='line_1_98' title="bbox 307 5442 1865 5516; baseline 0.004 -20"><span class='ocrx_word' id='word_1_733' title='bbox 307 5442 526 5513; x_wconf 82' lang='grc' dir='ltr'>ἄμεινον</span> <span class='ocrx_word' id='word_1_734' title='bbox 578 5446 736 5498; x_wconf 73' lang='grc' dir='ltr'>αὑτὸν</span> <span class='ocrx_word' id='word_1_735' title='bbox 774 5447 1073 5516; x_wconf 60' lang='grc' dir='ltr'>ὁμολογεῖν,</span> <span class='ocrx_word' id='word_1_736' title='bbox 1115 5449 1147 5516; x_wconf 73' lang='grc' dir='ltr'><strong>ἢ</strong></span> <span class='ocrx_word' id='word_1_737' title='bbox 1180 5449 1285 5501; x_wconf 78' lang='grc' dir='ltr'><strong>ἀπό</strong></span> <span class='ocrx_word' id='word_1_738' title='bbox 1315 5467 1372 5515; x_wconf 78' lang='grc' dir='ltr'><strong>γε</strong></span> <span class='ocrx_word' id='word_1_739' title='bbox 1408 5450 1499 5502; x_wconf 82' lang='grc' dir='ltr'><strong>τοῦ</strong></span> <span class='ocrx_word' id='word_1_740' title='bbox 1536 5451 1865 5504; x_wconf 86' lang='grc' dir='ltr'>κεκενῶσθαι</span> 
     </span>
    </p>
   </div>
   <div class='ocr_carea' id='block_1_99' title="bbox 382 5620 1889 5694">
    <p class='ocr_par' dir='ltr' id='par_1_99' title="bbox 382 5620 1889 5694">
     <span class='ocr_line' id='line_1_99' title="bbox 382 5620 1889 5694; baseline 0.007 -23"><span class='ocrx_word' id='word_1_741' title='bbox 382 5620 420 5650; x_wconf 73' lang='grc'><strong>⁸⁸</strong></span> <span class='ocrx_word' id='word_1_742' title='bbox 452 5621 599 5674; x_wconf 75' lang='lat' dir='ltr'><strong>ltum.</strong></span> <span class='ocrx_word' id='word_1_743' title='bbox 633 5639 739 5687; x_wconf 66' lang='lat' dir='ltr'><strong>xw,</strong></span> <span class='ocrx_word' id='word_1_744' title='bbox 782 5625 893 5680; x_wconf 78' lang='lat'><strong>7-9.</strong></span> <span class='ocrx_word' id='word_1_745' title='bbox 973 5626 1016 5657; x_wconf 64' lang='grc'><strong>9³⁵</strong></span> <span class='ocrx_word' id='word_1_746' title='bbox 1043 5625 1211 5680; x_wconf 70' lang='lat' dir='ltr'><strong>Galat.</strong></span> <span class='ocrx_word' id='word_1_747' title='bbox 1246 5644 1315 5693; x_wconf 84' lang='lat' dir='ltr'><strong>tv,</strong></span> <span class='ocrx_word' id='word_1_748' title='bbox 1355 5630 1405 5683; x_wconf 80' lang='lat'><strong>9.</strong></span> <span class='ocrx_word' id='word_1_749' title='bbox 1484 5627 1564 5680; x_wconf 74' lang='lat' dir='ltr'><strong>“l</strong></span> <span class='ocrx_word' id='word_1_750' title='bbox 1595 5627 1718 5683; x_wconf 79' lang='lat' dir='ltr'><strong>Cor.</strong></span> <span class='ocrx_word' id='word_1_751' title='bbox 1749 5644 1799 5694; x_wconf 73' lang='grc' dir='ltr'>Χ,</span> <span class='ocrx_word' id='word_1_752' title='bbox 1836 5628 1889 5681; x_wconf 76' lang='grc'>4.</span> 
     </span>
    </p>
   </div>
   <div class='ocr_carea' id='block_1_100' title="bbox 1967 4454 3530 4527">
    <p class='ocr_par' dir='ltr' id='par_1_100' title="bbox 1967 4454 3530 4527">
     <span class='ocr_line' id='line_1_100' title="bbox 1967 4454 3530 4527; baseline -0.003 -14"><span class='ocrx_word' id='word_1_753' title='bbox 1967 4468 2109 4513; x_wconf 83' lang='lat' dir='ltr'><strong>stum</strong></span> <span class='ocrx_word' id='word_1_754' title='bbox 2154 4467 2274 4527; x_wconf 87' lang='lat' dir='ltr'><strong>post</strong></span> <span class='ocrx_word' id='word_1_755' title='bbox 2318 4457 2767 4512; x_wconf 77' lang='lat' dir='ltr'><strong>resurrectioaem</strong></span> <span class='ocrx_word' id='word_1_756' title='bbox 2822 4457 3127 4511; x_wconf 81' lang='lat' dir='ltr'><strong>inlicialur?</strong></span> <span class='ocrx_word' id='word_1_757' title='bbox 3170 4454 3355 4507; x_wconf 84' lang='lat' dir='ltr'><strong>Nonne</strong></span> <span class='ocrx_word' id='word_1_758' title='bbox 3386 4455 3530 4508; x_wconf 86' lang='lat' dir='ltr'><strong>illum</strong></span> 
     </span>
    </p>
   </div>
   <div class='ocr_carea' id='block_1_101' title="bbox 1967 4548 3531 4616">
    <p class='ocr_par' dir='ltr' id='par_1_101' title="bbox 1967 4548 3531 4616">
     <span class='ocr_line' id='line_1_101' title="bbox 1967 4548 3531 4616; baseline -0.005 -12"><span class='ocrx_word' id='word_1_759' title='bbox 1967 4553 2261 4604; x_wconf 90' lang='lat' dir='ltr'><strong>secundum</strong></span> <span class='ocrx_word' id='word_1_760' title='bbox 2312 4564 2528 4604; x_wconf 87' lang='lat' dir='ltr'><strong>carnem</strong></span> <span class='ocrx_word' id='word_1_761' title='bbox 2578 4548 2998 4613; x_wconf 86' lang='lat' dir='ltr'><strong>resuscitatum,</strong></span> <span class='ocrx_word' id='word_1_762' title='bbox 3045 4563 3277 4616; x_wconf 87' lang='lat' dir='ltr'><strong>cumque</strong></span> <span class='ocrx_word' id='word_1_763' title='bbox 3347 4549 3531 4600; x_wconf 72' lang='lat' dir='ltr'><strong>eadem</strong></span> 
     </span>
    </p>
   </div>
   <div class='ocr_carea' id='block_1_102' title="bbox 1966 4640 3523 4708">
    <p class='ocr_par' dir='ltr' id='par_1_102' title="bbox 1966 4640 3523 4708">
     <span class='ocr_line' id='line_1_102' title="bbox 1966 4640 3523 4708; baseline -0.003 -14"><span class='ocrx_word' id='word_1_764' title='bbox 1966 4640 2054 4694; x_wconf 87' lang='lat' dir='ltr'><strong>illa</strong></span> <span class='ocrx_word' id='word_1_765' title='bbox 2082 4656 2246 4695; x_wconf 89' lang='lat' dir='ltr'><strong>carne</strong></span> <span class='ocrx_word' id='word_1_766' title='bbox 2273 4640 2323 4693; x_wconf 92' lang='lat' dir='ltr'><strong>in</strong></span> <span class='ocrx_word' id='word_1_767' title='bbox 2354 4640 2546 4694; x_wconf 87' lang='lat' dir='ltr'><strong>coelum</strong></span> <span class='ocrx_word' id='word_1_768' title='bbox 2579 4640 2876 4708; x_wconf 80' lang='lat' dir='ltr'><strong>profectum</strong></span> <span class='ocrx_word' id='word_1_769' title='bbox 2928 4640 3129 4693; x_wconf 87' lang='lat' dir='ltr'><strong>norat?</strong></span> <span class='ocrx_word' id='word_1_770' title='bbox 3158 4640 3354 4707; x_wconf 77' lang='lat' dir='ltr'><strong>Ecquis</strong></span> <span class='ocrx_word' id='word_1_771' title='bbox 3387 4641 3523 4693; x_wconf 85' lang='lat' dir='ltr'><strong>istud</strong></span> 
     </span>
    </p>
   </div>
   <div class='ocr_carea' id='block_1_103' title="bbox 1969 4728 3532 4798">
    <p class='ocr_par' dir='ltr' id='par_1_103' title="bbox 1969 4728 3532 4798">
     <span class='ocr_line' id='line_1_103' title="bbox 1969 4728 3532 4798; baseline -0.003 -15"><span class='ocrx_word' id='word_1_772' title='bbox 1969 4730 2152 4785; x_wconf 87' lang='lat' dir='ltr'><strong>dicere</strong></span> <span class='ocrx_word' id='word_1_773' title='bbox 2206 4730 2431 4783; x_wconf 86' lang='lat' dir='ltr'><strong>audeat?</strong></span> <span class='ocrx_word' id='word_1_774' title='bbox 2486 4728 2667 4784; x_wconf 83' lang='lat' dir='ltr'><strong>Talem</strong></span> <span class='ocrx_word' id='word_1_775' title='bbox 2716 4745 2948 4798; x_wconf 85' lang='lat' dir='ltr'><strong>namque</strong></span> <span class='ocrx_word' id='word_1_776' title='bbox 3017 4732 3067 4783; x_wconf 93' lang='lat' dir='ltr'><strong>in</strong></span> <span class='ocrx_word' id='word_1_777' title='bbox 3115 4731 3309 4785; x_wconf 82' lang='lat' dir='ltr'><strong>cmlnnt</strong></span> <span class='ocrx_word' id='word_1_778' title='bbox 3350 4747 3532 4783; x_wconf 76' lang='lat' dir='ltr'><strong>ascen-</strong></span> 
     </span>
    </p>
   </div>
   <div class='ocr_carea' id='block_1_104' title="bbox 1974 4818 3530 4886">
    <p class='ocr_par' dir='ltr' id='par_1_104' title="bbox 1974 4818 3530 4886">
     <span class='ocr_line' id='line_1_104' title="bbox 1974 4818 3530 4886; baseline -0.002 -14"><span class='ocrx_word' id='word_1_779' title='bbox 1974 4819 2137 4882; x_wconf 89' lang='lat' dir='ltr'><strong>disse,</strong></span> <span class='ocrx_word' id='word_1_780' title='bbox 2173 4833 2236 4872; x_wconf 87' lang='lat' dir='ltr'><strong>ac</strong></span> <span class='ocrx_word' id='word_1_781' title='bbox 2271 4818 2398 4870; x_wconf 90' lang='lat' dir='ltr'><strong>olim</strong></span> <span class='ocrx_word' id='word_1_782' title='bbox 2438 4818 2560 4871; x_wconf 90' lang='lat' dir='ltr'><strong>inde</strong></span> <span class='ocrx_word' id='word_1_783' title='bbox 2588 4834 2797 4871; x_wconf 81' lang='lat' dir='ltr'><strong>rursum</strong></span> <span class='ocrx_word' id='word_1_784' title='bbox 2824 4828 3108 4872; x_wconf 89' lang='lat' dir='ltr'><strong>venturmn</strong></span> <span class='ocrx_word' id='word_1_785' title='bbox 3140 4818 3362 4878; x_wconf 85' lang='lat' dir='ltr'><strong>sciebat,</strong></span> <span class='ocrx_word' id='word_1_786' title='bbox 3396 4835 3530 4886; x_wconf 83' lang='lat' dir='ltr'><strong>qua-</strong></span> 
     </span>
    </p>
   </div>
   <div class='ocr_carea' id='block_1_105' title="bbox 1976 4908 3533 4980">
    <p class='ocr_par' dir='ltr' id='par_1_105' title="bbox 1976 4908 3533 4980">
     <span class='ocr_line' id='line_1_105' title="bbox 1976 4908 3533 4980; baseline 0.001 -20"><span class='ocrx_word' id='word_1_787' title='bbox 1976 4909 2076 4961; x_wconf 84' lang='lat' dir='ltr'><strong>lem</strong></span> <span class='ocrx_word' id='word_1_788' title='bbox 2137 4908 2381 4962; x_wconf 70' lang='lat' dir='ltr'><strong>coelestia</strong></span> <span class='ocrx_word' id='word_1_789' title='bbox 2418 4909 2637 4977; x_wconf 86' lang='lat' dir='ltr'><strong>petiisse</strong></span> <span class='ocrx_word' id='word_1_790' title='bbox 2687 4911 2997 4978; x_wconf 89' lang='lat' dir='ltr'><strong>neutiquam</strong></span> <span class='ocrx_word' id='word_1_791' title='bbox 3051 4911 3352 4980; x_wconf 84' lang='lat' dir='ltr'><strong>ignorabat.</strong></span> <span class='ocrx_word' id='word_1_792' title='bbox 3390 4910 3533 4975; x_wconf 78' lang='lat' dir='ltr'><strong>Quo-</strong></span> 
     </span>
    </p>
   </div>
   <div class='ocr_carea' id='block_1_106' title="bbox 1975 4998 3534 5068">
    <p class='ocr_par' dir='ltr' id='par_1_106' title="bbox 1975 4998 3534 5068">
     <span class='ocr_line' id='line_1_106' title="bbox 1975 4998 3534 5068; baseline -0.003 -15"><span class='ocrx_word' id='word_1_793' title='bbox 1975 5004 2134 5054; x_wconf 86' lang='lat' dir='ltr'><strong>modo</strong></span> <span class='ocrx_word' id='word_1_794' title='bbox 2166 5000 2328 5068; x_wconf 83' lang='lat' dir='ltr'><strong>igitur</strong></span> <span class='ocrx_word' id='word_1_795' title='bbox 2361 4998 2551 5053; x_wconf 85' lang='lat' dir='ltr'><strong>Filium</strong></span> <span class='ocrx_word' id='word_1_796' title='bbox 2589 5002 2881 5054; x_wconf 89' lang='lat' dir='ltr'><strong>secundum</strong></span> <span class='ocrx_word' id='word_1_797' title='bbox 2916 5016 3133 5054; x_wconf 88' lang='lat' dir='ltr'><strong>carnem</strong></span> <span class='ocrx_word' id='word_1_798' title='bbox 3166 5016 3223 5053; x_wconf 87' lang='lat' dir='ltr'><strong>se</strong></span> <span class='ocrx_word' id='word_1_799' title='bbox 3253 5014 3410 5052; x_wconf 90' lang='lat' dir='ltr'><strong>nosse</strong></span> <span class='ocrx_word' id='word_1_800' title='bbox 3441 5015 3534 5050; x_wconf 88' lang='lat' dir='ltr'><strong>ne-</strong></span> 
     </span>
    </p>
   </div>
   <div class='ocr_carea' id='block_1_107' title="bbox 1975 5089 3533 5161">
    <p class='ocr_par' dir='ltr' id='par_1_107' title="bbox 1975 5089 3533 5161">
     <span class='ocr_line' id='line_1_107' title="bbox 1975 5089 3533 5161; baseline -0.001 -19"><span class='ocrx_word' id='word_1_801' title='bbox 1975 5090 2392 5161; x_wconf 77' lang='lat' dir='ltr'><strong>gat?Quoniam</strong></span> <span class='ocrx_word' id='word_1_802' title='bbox 2433 5089 2591 5143; x_wconf 88' lang='lat' dir='ltr'><strong>simul</strong></span> <span class='ocrx_word' id='word_1_803' title='bbox 2623 5100 2782 5157; x_wconf 89' lang='lat' dir='ltr'><strong>atque</strong></span> <span class='ocrx_word' id='word_1_804' title='bbox 2827 5107 2889 5145; x_wconf 84' lang='lat' dir='ltr'><strong>ex</strong></span> <span class='ocrx_word' id='word_1_805' title='bbox 2927 5089 3153 5144; x_wconf 83' lang='lat' dir='ltr'><strong>mortuis</strong></span> <span class='ocrx_word' id='word_1_806' title='bbox 3195 5090 3410 5152; x_wconf 73' lang='lat' dir='ltr'><strong>TCVlel,</strong></span> <span class='ocrx_word' id='word_1_807' title='bbox 3445 5105 3533 5141; x_wconf 81' lang='lat' dir='ltr'><strong>sa-</strong></span> 
     </span>
    </p>
   </div>
   <div class='ocr_carea' id='block_1_108' title="bbox 1979 5180 3535 5250">
    <p class='ocr_par' dir='ltr' id='par_1_108' title="bbox 1979 5180 3535 5250">
     <span class='ocr_line' id='line_1_108' title="bbox 1979 5180 3535 5250; baseline -0.003 -15"><span class='ocrx_word' id='word_1_808' title='bbox 1979 5183 2081 5235; x_wconf 86' lang='lat' dir='ltr'><strong>tius</strong></span> <span class='ocrx_word' id='word_1_809' title='bbox 2117 5196 2179 5233; x_wconf 80' lang='lat' dir='ltr'><strong>ex</strong></span> <span class='ocrx_word' id='word_1_810' title='bbox 2232 5180 2408 5233; x_wconf 80' lang='lat' dir='ltr'><strong>divina</strong></span> <span class='ocrx_word' id='word_1_811' title='bbox 2458 5181 2615 5250; x_wconf 78' lang='lat'><strong>106</strong></span> <span class='ocrx_word' id='word_1_812' title='bbox 2659 5181 2951 5235; x_wconf 75' lang='lat' dir='ltr'><strong>eminentia</strong></span> <span class='ocrx_word' id='word_1_813' title='bbox 2988 5180 3137 5233; x_wconf 90' lang='lat' dir='ltr'><strong>illum</strong></span> <span class='ocrx_word' id='word_1_814' title='bbox 3178 5189 3230 5232; x_wconf 89' lang='lat' dir='ltr'><strong>et</strong></span> <span class='ocrx_word' id='word_1_815' title='bbox 3278 5193 3435 5232; x_wconf 85' lang='lat' dir='ltr'><strong>nosse</strong></span> <span class='ocrx_word' id='word_1_816' title='bbox 3483 5188 3535 5231; x_wconf 82' lang='lat' dir='ltr'><strong>et</strong></span> 
     </span>
    </p>
   </div>
   <div class='ocr_carea' id='block_1_109' title="bbox 1974 5269 3504 5340">
    <p class='ocr_par' dir='ltr' id='par_1_109' title="bbox 1974 5269 3504 5340">
     <span class='ocr_line' id='line_1_109' title="bbox 1974 5269 3504 5340; baseline -0.003 -17"><span class='ocrx_word' id='word_1_817' title='bbox 1974 5270 2406 5340; x_wconf 83' lang='lat' dir='ltr'><strong>proﬁteri,qnam</strong></span> <span class='ocrx_word' id='word_1_818' title='bbox 2430 5285 2491 5322; x_wconf 76' lang='lat' dir='ltr'><strong>ex</strong></span> <span class='ocrx_word' id='word_1_819' title='bbox 2522 5273 2702 5324; x_wconf 82' lang='lat' dir='ltr'><strong>carnis</strong></span> <span class='ocrx_word' id='word_1_820' title='bbox 2733 5285 3006 5324; x_wconf 89' lang='lat' dir='ltr'><strong>mensura.</strong></span> <span class='ocrx_word' id='word_1_821' title='bbox 3047 5269 3291 5332; x_wconf 83' lang='lat' dir='ltr'><strong>Etenim,</strong></span> <span class='ocrx_word' id='word_1_822' title='bbox 3322 5269 3504 5335; x_wconf 84' lang='lat' dir='ltr'><strong>dispcn</strong></span> 
     </span>
    </p>
   </div>
   <div class='ocr_carea' id='block_1_110' title="bbox 1976 5359 3536 5429">
    <p class='ocr_par' dir='ltr' id='par_1_110' title="bbox 1976 5359 3536 5429">
     <span class='ocr_line' id='line_1_110' title="bbox 1976 5359 3536 5429; baseline -0.003 -14"><span class='ocrx_word' id='word_1_823' title='bbox 1976 5361 2197 5415; x_wconf 79' lang='lat' dir='ltr'><strong>sationis</strong></span> <span class='ocrx_word' id='word_1_824' title='bbox 2250 5361 2505 5429; x_wconf 51' lang='lat' dir='ltr'><strong>mysterio</strong></span> <span class='ocrx_word' id='word_1_825' title='bbox 2536 5362 2763 5414; x_wconf 86' lang='lat' dir='ltr'><strong>necdum</strong></span> <span class='ocrx_word' id='word_1_826' title='bbox 2799 5361 3033 5428; x_wconf 83' lang='lat' dir='ltr'><strong>expleto,</strong></span> <span class='ocrx_word' id='word_1_827' title='bbox 3068 5359 3364 5412; x_wconf 85' lang='lat' dir='ltr'><strong>secundum</strong></span> <span class='ocrx_word' id='word_1_828' title='bbox 3410 5373 3536 5412; x_wconf 89' lang='lat' dir='ltr'><strong>car-</strong></span> 
     </span>
    </p>
   </div>
   <div class='ocr_carea' id='block_1_111' title="bbox 1976 5449 3534 5520">
    <p class='ocr_par' dir='ltr' id='par_1_111' title="bbox 1976 5449 3534 5520">
     <span class='ocr_line' id='line_1_111' title="bbox 1976 5449 3534 5520; baseline -0.002 -17"><span class='ocrx_word' id='word_1_829' title='bbox 1976 5468 2093 5503; x_wconf 86' lang='lat' dir='ltr'><strong>nem</strong></span> <span class='ocrx_word' id='word_1_830' title='bbox 2141 5451 2544 5519; x_wconf 70' lang='lat' dir='ltr'><strong>prmdicabatur,</strong></span> <span class='ocrx_word' id='word_1_831' title='bbox 2591 5468 2695 5520; x_wconf 84' lang='lat' dir='ltr'><strong>quo</strong></span> <span class='ocrx_word' id='word_1_832' title='bbox 2737 5451 2986 5504; x_wconf 85' lang='lat' dir='ltr'><strong>nimirum</strong></span> <span class='ocrx_word' id='word_1_833' title='bbox 3036 5449 3356 5518; x_wconf 65' lang='lat' dir='ltr'><strong>Unigvnitus</strong></span> <span class='ocrx_word' id='word_1_834' title='bbox 3409 5466 3534 5503; x_wconf 76' lang='lat' dir='ltr'><strong>eam</strong></span> 
     </span>
    </p>
   </div>
   <div class='ocr_carea' id='block_1_112' title="bbox 1971 5625 2426 5692">
    <p class='ocr_par' dir='ltr' id='par_1_112' title="bbox 1971 5625 2426 5692">
     <span class='ocr_line' id='line_1_112' title="bbox 1971 5625 2426 5692; baseline -0.002 -13"><span class='ocrx_word' id='word_1_835' title='bbox 1971 5626 2057 5679; x_wconf 69' lang='grc' dir='ltr'><strong>ε’τι</strong></span> <span class='ocrx_word' id='word_1_836' title='bbox 2093 5626 2214 5680; x_wconf 83' lang='lat' dir='ltr'><strong>Cor.</strong></span> <span class='ocrx_word' id='word_1_837' title='bbox 2250 5640 2299 5692; x_wconf 83' lang='lat' dir='ltr'><strong>v,</strong></span> <span class='ocrx_word' id='word_1_838' title='bbox 2335 5625 2426 5678; x_wconf 75' lang='lat' dir='ltr'><strong>to.</strong></span> 
     </span>
    </p>
   </div>
  </div>
