3942 6128
457 219 589 275 Γῑοδ
1434 222 1490 277 S.
1533 220 1803 279 CYRILLI
1845 223 2311 280 ALEXANDBINI
2353 227 2669 282 ARCHIEP.
3560 226 3697 282 1304

451 336 1012 394 ίοοῑιιε·οιόἀει·θῑιιτ.
1063 339 1133 394 At
1160 355 1307 406 vero,
1356 352 1696 396 sacramento
1748 344 1852 396 hoe
1894 343 2006 412 jam

2121 344 2200 399 διὰ
2237 346 2334 417 τὴν
2375 349 2589 420 σάρκα.’
2616 341 2712 412 Εἷς
2747 341 2842 401 οὖν
2882 349 3115 418 Χριστὸς
3152 348 3249 402 καὶ
3276 348 3405 411 Υἱὸς
3442 347 3540 400 καὶ
3578 345 3698 398 Κῦ-

449 438 847 493 consummato,
881 438 1098 499 praestat
1126 448 1192 485 ex
1219 432 1499 486 divinitate
1530 431 1677 486 illum
1713 447 2023 502 agnosceret
2117 454 2250 505 ριος.

449 525 503 571 et
528 518 792 586 proﬁteri,
819 534 981 588 quam
1038 535 1101 574 ex
1166 523 1349 577 carnis
1388 523 1694 577 humilitate
1760 535 1817 577 et
1859 525 2243 583 exinanitione.
2299 530 2454 587 Unus
2495 532 2679 602 itaque
2717 542 2802 587 est
2844 530 3096 586 Christus
3164 539 3221 585 et
3278 530 3447 583 Filius
3498 539 3556 582 et
3603 529 3698 582 Do-

450 621 649 663 minus.

514 719 545 765 _¢
582 700 749 756 Scitis
779 702 923 756 enim
952 703 1182 772 gratiam
1209 702 1417 759 Domini
1446 706 1616 761 nostri
1639 705 1767 762 Jesu
1792 707 2015 773 Christi,

2201 735 2219 765 ι
2252 714 2554 769 Γινώσκετε
2578 717 2686 787 γὰρ
2711 715 2809 786 τὴν
2833 715 2991 786 χάριν
3016 711 3112 765 τοῦ
3146 710 3352 780 Κυρίου
3394 710 3556 778 ἡμῶν
3589 711 3697 779 Ἰη-

447 790 703 859 quoniam
747 802 967 861 propter
990 809 1088 848 vos
1122 809 1323 863 egenus
1353 794 1533 851 factus
1573 806 1688 863 est,
1724 812 1844 852 cum
1872 808 2015 854 esset

2126 806 2221 860 σοῦ
2252 808 2514 878 Χριστοῦ,
2547 809 2628 861 ὅτι
2670 808 2738 861 δι’
2768 807 2911 877 ὑμᾶς
2954 803 3263 873 ὲπτώχευσε
3295 801 3553 863 πλούσιος
3595 798 3694 863 ὣν,

448 882 617 948 dives,
649 891 707 936 ut
754 882 897 939 illius
943 885 1121 952 inopia
1166 901 1261 940 vos
1303 886 1499 942 divites
1538 890 1737 945 essetis
1779 882 1859 945 ⁸⁸(
1894 909 1914 942 ι
1957 890 2015 946 Si

2123 896 2210 949 ἵνα
2236 897 2395 966 ὑμεῖς
2416 899 2482 968 τῇ
2511 896 2720 950 ἐκείνου
2744 895 2987 965 πτωχεία
3012 893 3370 962 πλουτήσητε.
3394 908 3413 941 ι
3442 889 3505 941 El
3535 889 3700 957 μόνον

1434 222 1490 277 S.
1533 220 1803 279 CYRILLI
1845 223 2311 280 ALEXANDBINI
2353 227 2669 284 ARCHIEP.

449 971 700 1030 Christus
734 986 817 1032 est
867 985 1073 1030 tantum
1119 978 1301 1042 homo,
1335 994 1440 1031 non
1487 983 1783 1035 secundum
1829 997 2011 1035 veram

450 1050 632 1118 autem
657 1079 777 1119 cum
808 1065 904 1121 Dei
930 1065 1105 1122 Verbo
1132 1068 1386 1122 unionem
1413 1070 1723 1137 opulentus,
1748 1081 1808 1126 ut
1835 1074 2011 1140 Deus;

450 1152 721 1220 quomodo
764 1153 939 1208 factus
988 1163 1072 1210 est
1117 1158 1366 1226 egenus?
1399 1156 1605 1225 Quales
1641 1161 1854 1214 tandem
1890 1172 2041 1218 sunt

448 1256 579 1312 opes
614 1228 823 1299 naturte
858 1245 1142 1299 humanae?
1183 1248 1375 1303 Annon
1436 1251 1580 1302 omni
1648 1251 1851 1306 homini
1884 1253 2019 1308 dici-

451 1340 540 1385 tur
572 1349 585 1387 :
626 1351 646 1384 ι
678 1333 814 1400 Quid
849 1335 1014 1390 habes
1047 1338 1187 1404 quod
1225 1352 1334 1391 non
1369 1339 1624 1405 accepisti
1648 1338 1740 1392 9’?
1777 1359 1794 1392 ι
1820 1338 2016 1396 Verum

450 1420 542 1474 hic
571 1437 691 1477 eum
723 1425 870 1478 dives
890 1437 1052 1491 esset,
1074 1436 1256 1497 utpote
1283 1428 1439 1491 Deus,
1471 1427 1645 1484 factus
1679 1440 1757 1485 est
1778 1445 2014 1501 egenus;

456 1514 725 1585 siquidem
760 1517 991 1574 Verbum
1024 1534 1333 1590 paternum,
1358 1525 1497 1589 quod
1538 1536 1664 1577 vere
1694 1523 1843 1578 dives
1874 1533 2016 1586 erat,

2121 986 2407 1057 ἄνθρωπος
2433 988 2461 1039 6
2490 987 2744 1057 Χριστὸς,
2780 988 2874 1040 καὶ
2905 987 2966 1039 οὐ
2995 984 3118 1039 καθ’
3151 984 3346 1036 ἕνωσιν
3390 979 3570 1052 ἀληθῆ
3596 981 3701 1051 τὴν

2120 1077 2257 1147 πρὸς
2282 1077 2375 1130 τὸν
2400 1077 2534 1130 Θεὸν
2559 1077 2732 1145 Λόγον
2760 1076 3032 1137 πλούσιος,
3068 1074 3145 1137 ὡς
3183 1073 3333 1135 Θεὸς,
3361 1071 3482 1132 πῶς
3518 1069 3698 1122 ἐπτώ-

2120 1186 2319 1241 χευσε;
2353 1170 2450 1234 Τίς
2480 1169 2588 1240 γὰρ
2620 1170 2757 1233 ὅλως
2790 1170 2819 1222 6
2846 1168 2945 1238 τῆς
2972 1164 3392 1236 ἁνθρωπὸτητος
3426 1159 3695 1223 πλοῦτοςς

2123 1264 2353 1334 Εἴρηται
2389 1263 2497 1333 γὰρ
2524 1260 2797 1333 ἀνθρώπῳ
2829 1259 2990 1313 παντί
3011 1276 3025 1290 ο
3076 1277 3094 1309 ι
3129 1257 3193 1310 Τί
3220 1255 3330 1325 γὰρ
3359 1254 3506 1324 ἔχεις
3537 1253 3568 1306 6
3597 1254 3692 1305 οῦδ

2122 1352 2343 1419 ἔλαϐες
2390 1372 2408 1405 ι
2448 1352 2586 1406 Ἀλλ’
2618 1352 2951 1422 ὲπτώχευσε,
3000 1349 3256 1411 πλούσιος
3299 1345 3376 1400 ὣν
3418 1346 3495 1409 ὡς
3528 1344 3693 1407 8:6;-

2123 1443 2437 1514 ἐπτώχευσε
2467 1443 2595 1513 γὰρ,
2627 1441 2689 1495 τὸ
2719 1442 2820 1512 τῆς
2856 1438 3269 1509 ἁνθρωπότητος
3317 1433 3698 1505 μικροπρεπὲς

2122 1534 2543 1603 οἰκειωσάμενος
2591 1530 3030 1602 οἱκονομικῶς,ὁ
3078 1525 3336 1587 πλούσιος
3382 1524 3605 1594 άληθῶς
3630 1524 3697 1575 ὲκ

452 1607 703 1664 humana:
748 1620 955 1665 naturae
997 1614 1355 1668 humilitatem
1409 1613 1805 1683 dispensatorie
1855 1628 2013 1667 suam

2121 1625 2256 1679 Θεοῦ
2287 1626 2499 1697 Πατρὸς
2525 1624 2716 1692 Λόγος.
2749 1619 2861 1686 Εἷς.
2879 1622 2988 1693 ἄρα
3020 1619 3256 1691 Χριστὸς
3290 1617 3386 1670 καὶ
3412 1616 3545 1677 Υἱός
3565 1632 3580 1646 ·
3604 1615 3697 1667 καὶ

450 1694 677 1764 faciens,
704 1697 902 1753 factum
949 1711 1033 1754 est
1079 1702 1256 1769 inops.
1294 1700 1446 1756 Unus
1478 1717 1608 1771 ergo
1637 1710 1722 1756 est
1767 1702 2015 1771 Christus

2121 1711 2373 1775 πλούσιος
2406 1694 2527 1781 μὲν,
2558 1711 2633 1775 ὡς
2661 1711 2792 1774 Θεός
2813 1727 2827 1740 ·
2863 1708 3077 1778 πτωχὸς
3121 1706 3200 1769 δὲν
3228 1707 3313 1759 ὅτι
3343 1704 3570 1771 γέγονεν
3601 1702 3694 1756 ἆν-

453 1795 508 1839 et
532 1784 720 1851 Filius,
754 1790 845 1857 qui
887 1792 1102 1857 quidem
1149 1792 1298 1847 dives
1349 1803 1431 1846 est
1480 1803 1537 1846 ut
1589 1791 1766 1858 Deus;
1819 1808 2019 1862 pauper

455 1891 585 1931 vero
611 1887 714 1942 est,
751 1880 876 1948 quia
908 1891 964 1933 ut
999 1895 1099 1935 nos
1132 1897 1227 1951 per
1253 1896 1313 1937 se
1351 1884 1728 1952 Iocupletaret,
1756 1885 1920 1939 homo
1945 1885 2017 1939 fa—

453 1978 575 2021 οιιιε
601 1978 705 2023 est.

884 2081 968 2137 Ea:
993 2084 1227 2154 Epistula
1254 2089 1322 2140 ad
1350 2084 1587 2143 Galatas.

527 2209 544 2241 ι
582 2191 779 2250 Paulus
820 2198 1117 2266 apostolus,
1148 2215 1253 2254 non
1289 2201 1355 2253 ab
1379 2200 1705 2263 hominibus,
1727 2216 1897 2270 neque
1922 2216 2019 2270 per

452 2281 859 2352 hominem,'sed
882 2303 977 2357 per
992 2286 1172 2343 Iesum
1191 2289 1555 2356 Christum,et
1584 2292 1752 2345 Deum
1801 2288 2014 2344 Patrem

453 2375 545 2442 qui
599 2378 882 2432 suscitavit
930 2394 1110 2434 euma
1165 2383 1460 2437 mortuis'.
1515 2400 1535 2434 ι
1592 2382 1783 2438 Annon
1848 2382 2015 2437 Deum

448 2461 814 2533 iucarnatum,
871 2483 1143 2539 unumque
1186 2484 1251 2525 ex
1308 2471 1554 2540 utrisque
1584 2470 1781 2526 Filium
1837 2484 1891 2526 et
1920 2473 2017 2526 Do-

451 2554 680 2619 minum,
701 2557 1002 2613 divinorum
1044 2560 1428 2630 mysteriorum
1472 2561 1739 2630 interpres
1773 2577 1870 2630 per
1902 2562 2016 2619 haec

449 2643 605 2699 nobis
629 2644 905 2701 insinuat?
927 2648 1063 2702 Dicit
1094 2649 1237 2703 enim
1259 2664 1316 2704 se
1340 2664 1443 2703 non
1479 2648 1548 2703 ab
1580 2649 1815 2717 homine,
1844 2665 2016 2720 neque

448 2744 547 2798 per
569 2733 861 2801 hominem,
879 2739 972 2792 sed
997 2754 1090 2807 per
1114 2737 1295 2793 Jesum
1323 2739 1596 2794 Christum
1629 2742 1850 2795 missum
1872 2756 2012 2797 esse.

449 2823 589 2893 Quid
616 2826 783 2893 ergo?
815 2825 1067 2896 Nunquid
1127 2827 1298 2891 illum,
1331 2843 1489 2897 quem
1515 2830 1767 2885 universo
1792 2831 1909 2885 orbi
1935 2840 2014 2885 ta-
2038 2884 2059 2903 ,

446 2917 553 2971 lem
602 2919 953 2972 annuntiarat
980 2919 1256 2973 hominem
1289 2933 1411 2975 esse
1444 2920 1759 2990 ignorabat?
1793 2922 2009 2991 Nequa-

444 3023 603 3077 quam
625 3026 640 3062 :
660 3017 815 3064 norat
840 3010 1024 3078 utique
1053 3010 1321 3065 hominem
1347 3024 1470 3066 esse
1490 3035 1503 3065 -.
1524 3020 1579 3064 at
1605 3026 1709 3065 non
1733 3012 2006 3067 hominem

444 3099 647 3164 solum,
676 3101 771 3155 sed
814 3100 909 3155 Dei
971 3101 1204 3154 Verbum
1264 3100 1538 3154 hominem
1575 3101 1799 3155 factum.
1826 3101 2012 3171 Nequ

446 3186 623 3243 Deum
656 3204 868 3244 rursum
906 3190 957 3243 in
997 3190 1214 3243 homine
1279 3184 1704 3259 intellikendum,
1733 3191 1828 3245 sed
1863 3192 2011 3247 salva

447 3292 544 3346 per
565 3279 747 3332 omnia
777 3278 979 3333 deitate
1026 3279 1299 3333 hominem
1347 3280 1527 3348 reipsa
1578 3277 1847 3333 ell'ectum.
1877 3278 2011 3335 Cum

444 3383 576 3439 ergo
601 3383 662 3425 se
707 3383 811 3423 non
846 3367 913 3424 ab
962 3369 1201 3433 homine,
1233 3368 1327 3424 sed
1367 3383 1463 3438 per
1512 3367 1693 3424 Jesum
1738 3370 2011 3426 Christum

447 3461 671 3516 missum
701 3460 847 3517 dicat
880 3476 898 3516 :
930 3461 1053 3530 quis
1103 3461 1304 3516 dubitet
1347 3461 1477 3529 quin
1512 3462 1786 3517 Christum
1828 3461 2010 3518 Jesum

446 3566 630 3606 verum
654 3552 820 3608 Deum
855 3561 1138 3622 agnoscat,
1167 3550 1327 3605 etiam
1347 3552 1435 3606 ubi
1471 3551 1558 3605 ille
1581 3550 1805 3619 perinde
1826 3567 1889 3607 ac
1917 3567 2012 3607 nos

443 3643 593 3698 carni
640 3643 1194 3699 communicavit2At
1237 3642 1425 3697 maluit
1453 3644 1671 3697 interim
1726 3643 1877 3697 illum
1919 3659 2014 3713 per

445 3732 680 3789 divinam
709 3733 854 3788 illius
887 3747 1049 3802 super
1076 3747 1267 3787 omnes
1296 3732 1693 3796 excellentiam,
1715 3747 1873 3800 quam
1916 3748 2013 3802 per

440 3823 827 3879 exinanitionis
859 3839 1165 3879 mensuram
1191 3825 1513 3892 exprimere.

520 4030 541 4063 ι
575 4012 707 4067 Cum
763 4026 1007 4068 essemus
1063 4014 1292 4082 parvuli,
1323 4014 1423 4067 sub
1480 4014 1763 4069 elementis
1826 4016 2008 4069 mundi

439 4116 662 4157 eramus
718 4104 1035 4157 servientes.
1087 4104 1243 4173 107
1306 4104 1377 4158 At
1424 4106 1510 4175 ubi
1556 4105 1699 4157 venit
1737 4105 2011 4173 plenitudo

441 4192 724 4262 temporis,
756 4192 906 4246 misit
961 4191 1101 4246 Deus
1141 4192 1333 4246 Filium
1371 4207 1527 4247 suum
1558 4191 1758 4248 factum
1792 4209 1858 4249 ex
1891 4211 2011 4248 mu-

2118 1801 2357 1872 θρωπος,
2394 1802 2480 1854 ἵνα
2511 1803 2671 1871 ἡμεῖς
2703 1799 2989 1869 γενώμεθα
3022 1797 3269 1850 πλούσιοι
3296 1794 3365 1847 δι’
3392 1792 3583 1847 αὐτόν.

2521 2086 2616 2139 Ἐκ
2651 2082 2762 2152 τῆς
2794 2082 2945 2151 πρὸς
2977 2080 3279 2147 Γαλάτας.

2195 2222 2212 2254 t
2241 2200 2456 2265 Παῦλος
2490 2198 2785 2261 ἀπόστολος
2812 2237 2829 2263 ,
2863 2196 2963 2250 οὐκ
2983 2197 3077 2250 ἀπ’
3104 2193 3429 2267 ἀνθρώπων,
3453 2191 3577 2245 οῦδὲ
3620 2191 3691 2246 δι’

2116 2291 2431 2362 ἀνθρώπου,
2474 2290 2609 2344 ἀλλά
2640 2289 2728 2342 διὰ
2759 2286 2933 2357 Ἰησοῦ
2979 2284 3239 2357 Χριστοῦ,
3269 2286 3365 2338 καὶ
3394 2283 3532 2336 Θεοῦ
3579 2283 3694 2336 Πα-

2116 2380 2243 2452 τρὸς
2286 2379 2378 2433 τοῦ
2425 2378 2735 2449 ἐγείραντος
2778 2376 2941 2431 αὐτὸν
2996 2377 3062 2428 ὲκ
3105 2374 3338 2445 νεκρῶν.
3375 2391 3397 2424 ι
3420 2369 3555 2443 'Ap‘
3597 2367 3688 2425 οὖν

2115 2471 2235 2540 οὐχὶ
2275 2469 2409 2523 Θεὸν
2439 2466 2926 2538 ένηνθρωπηκότα,
2967 2465 3063 2517 καὶ
3107 2464 3206 2516 ἕνα
3251 2463 3344 2516 τὸν
3387 2460 3448 2527 ἐξ
3488 2462 3691 2531 ἀμφοῖν

2116 2560 2405 2629 ἀποφαίνει
2442 2559 2530 2611 διὰ
2553 2556 2900 2627 τούτωνὴμῖν
2939 2556 3062 2608 Υίὸν
3087 2556 3181 2608 καὶ
3211 2554 3416 2624 Κύριον
3449 2556 3480 2607 6
3520 2542 3690 2623 μυστ-

2119 2653 2369 2724 αγωγός;
2411 2654 2554 2721 Ἔφη
2597 2652 2693 2722 μὲν
2738 2650 2848 2721 γὰρ
2911 2648 3270 2713 ἀπεστάλθαι,
3309 2646 3437 2700 οὔτε
3470 2647 3563 2699 ἀπ’
3597 2646 3691 2698 civ.

2117 2743 2370 2815 θρώπων,
2421 2742 2545 2796 οὔτε
2597 2742 2662 2794 δι’
2703 2739 3028 2808 ἀνθρώπου⁸
3079 2736 3438 2807 προστέθεικε
3479 2735 3567 2797 δὲ,
3613 2736 3693 2787 ὅτι

2124 2854 2141 2885 ι
2183 2834 2347 2887 Ἀλλὰ
2371 2834 2462 2887 διὰ
2498 2831 2673 2901 Ἰησοῦ
2703 2828 2962 2901 Χριστοῦ.
2990 2847 3009 2880 ι
3038 2828 3231 2882 Καίτοι
3253 2824 3374 2889 πῶς
3411 2826 3517 2877 οὐκ
3551 2819 3693 2877 οἶδεν

2119 2924 2402 2996 ἄνθρωπον
2447 2925 2576 2977 ὄντα
2620 2919 2823 2991 Ἰησοῦν
2873 2919 3131 2989 Χριστὸν,
3161 2918 3188 2969 6
3234 2915 3382 2968 οὕτω
3418 2916 3535 2975 τοῖς
3586 2913 3691 2966 ἀνά

2117 3018 2295 3070 πᾶσαν
2321 3019 2419 3086 τὴν
2446 3014 2769 3084 οἰκουμένην
2788 3020 2819 3061 1
2854 3010 3094 3079 κηρύξας
3132 3008 3297 3062 αὐτόν
3321 3023 3338 3071 ;
3380 3005 3523 3058 Ἀλλ’
3545 3000 3691 3056 οἶδεν

2113 3104 2241 3158 ὄντα
2261 3105 2359 3158 οὐκ
2380 3103 2662 3174 ἄνθρωπον
2686 3101 2890 3164 ἁπλῶς,
2913 3095 3375 3169 ἐνηνθρωπηκότα
3399 3094 3457 3146 δὲ
3488 3093 3691 3163 μᾶλλον

2113 3193 2205 3246 τὸν
2229 3195 2294 3247 ὲκ
2335 3191 2471 3245 Θεοῦ
2515 3191 2713 3258 Λόγον’
2749 3189 2843 3241 καὶ
2868 3189 2928 3242 οὐ
2966 3187 3100 3241 Θεὸν
3133 3188 3191 3238 ὲν
3218 3182 3498 3253 ἀνθρώπῳ
3543 3181 3691 3236 vom}-

2119 3300 2296 3354 μενον,
2324 3283 2436 3336 ἀλλ’
2461 3282 2538 3345 ὡς
2565 3281 2885 3352 αὐτόχρημα
2914 3278 3203 3347 γενόμενον
3229 3274 3521 3344 ἄνθρωπον
3554 3272 3691 3344 μετὰ

2112 3372 2207 3427 τοῦ
2237 3369 2542 3426 εἷναιΘεόν.
2569 3371 2741 3425 Ὅταν
2777 3366 2870 3423 οῦν
2897 3367 3055 3438 λέγῃ,
3095 3365 3247 3437 παρὰ
3279 3363 3574 3433 ἀνθρώπου
3614 3360 3687 3433 μὴ

2114 3461 2472 3527 ἀπεστάλθαι,
2499 3461 2636 3515 ἀλλὰ
2663 3460 2751 3513 διὰ
2786 3457 2960 3527 Ἰησοῦ
2992 3453 3248 3526 Χριηστοῦο
3280 3454 3400 3516 πῶς
3420 3454 3523 3523 οὐχ
3553 3453 3691 3505 am-

2116 3571 2198 3608 σιν
2235 3553 2484 3626 ἐναργὲς,
2512 3553 2593 3607 ὅτι
2618 3551 2714 3605 καὶ
2743 3550 2874 3603 Θεὸν
2909 3548 3071 3603 αὐτὸν
3100 3543 3239 3600 οἶδεν
3266 3544 3523 3613 ἀληθινὸν
3553 3540 3689 3612 μετὰ

2113 3646 2173 3699 τὸ
2205 3645 2388 3697 mihi
2424 3643 2589 3714 σαρκὶ
2625 3640 2881 3709 γενέσθαι
2923 3637 3044 3692 καθ’
3071 3637 3252 3707 ἡμᾶςς
3287 3633 3556 3703 Σημαίνει
3583 3630 3689 3683 τοί·

2112 3753 2207 3788 νυν
2247 3735 2409 3788 αὐτὸν
2436 3733 2538 3786 οὐκ
2582 3732 2690 3785 ἀπό
2728 3748 2792 3799 γε
2832 3731 2941 3783 τῶν
2984 3729 3080 3799 τῆς
3121 3725 3405 3786 κενώσεως
3455 3723 3685 3793 μέτρων,

2112 3823 2249 3879 ἀλλὰ
2280 3826 2344 3877 ὲκ
2377 3822 2476 3893 τῆς
2509 3823 2659 3885 θείας
2691 3819 2855 3874 αὑτοῦ
2907 3819 3002 3873 καὶ
3045 3815 3191 3871 κατὰ
3237 3815 3457 3869 πάντων
3508 3814 3685 3883 ὕπερ-

2110 3933 2270 3986 οχης.

2187 4023 2206 4057 ι
2236 4006 2364 4058 Ὄτε
2405 3999 2547 4074 ἦμεν
2577 4004 2792 4073 νήπιοι,
2821 4001 2926 4055 ὑπὸ
2954 3999 3023 4053 τὰ
3070 3998 3309 4067 στοιχεῖα
3350 3993 3446 4047 τοῦ
3483 3993 3684 4061 κόσμον

2110 4094 2495 4165 δεδουλωμένοι
2534 4089 2695 4164 ἦμεν.
2724 4092 2855 4145 Ὅτε
2894 4090 2951 4144 δὲ
2986 4086 3117 4162 ἦλθε
3164 4087 3224 4140 τὸ
3270 4086 3549 4155 πλήρωμα
3594 4080 3683 4135 τοῦ

2111 4184 2324 4256 χρόνου,
2368 4183 2746 4250 ἐξαπέστειλεν
2792 4183 2820 4234 6
2858 4181 2991 4245 Θεὸς
3019 4180 3110 4233 τὸν
3154 4178 3282 4232 Υἱδν
3316 4176 3486 4232 αὑτοῦ
3536 4174 3688 4243 γενό-

439 4283 594 4348 liere,
625 4282 823 4336 factum
855 4282 954 4335 sub
989 4282 1125 4348 lege,
1156 4292 1213 4335 ut
1255 4296 1351 4337 eos
1394 4282 1486 4350 qui
1530 4284 1627 4337 sub
1655 4283 1770 4355 lege
1828 4294 2003 4351 erant,

2121 4292 2276 4345 μενον
2315 4277 2380 4330 ὲκ
2412 4274 2698 4343 γυναικὸς,
2733 4273 3023 4343 γενόμενον
3044 4271 3175 4325 ’ὑπὸ
3211 4269 3397 4339 νόμον,
3443 4268 3535 4321 ἵνα
3564 4266 3687 4327 τοῦς

442 4373 749 4433 redimeret,
778 4378 838 4424 ut
875 4370 1214 4439 adoptionem
1246 4370 1475 4423 tiliorum
1508 4371 1872 4439 reciperemus
1894 4373 1936 4425 ⁸.
1977 4390 1995 4423 ι

2121 4367 2206 4420 ιπὸ
2245 4365 2408 4437 νόμον
2445 4364 2772 4437 ἐξαγοράσῃ,
2807 4366 2895 4418 ἵνα
2926 4363 3025 4435 τὴν
3074 4361 3347 4415 υἱοθεσίαν
3399 4357 3687 4412 ἀπολάεωο

439 4462 635 4529 Quem,
655 4475 856 4531 quaeso,
885 4461 1027 4516 Dens
1058 4458 1222 4515 Pater
1243 4476 1307 4515 ex
1340 4460 1562 4515 muliere
1603 4470 1783 4517 ortum
1814 4474 1868 4517 et
1902 4463 2004 4521 sub

2121 4474 2224 4511 ιεν.
2251 4475 2269 4508 ι
2315 4457 2452 4511 Τίνα
2484 4456 2775 4533 πέπομφεν
2804 4457 2831 4509 6
2865 4453 3000 4517 Θεὸς
3026 4453 3121 4505 καὶ
3152 4451 3364 4521 Πατὴρ,
3387 4448 3447 4511 6;
3468 4448 3687 4517 γέγονεν

442 4554 557 4622 lege
613 4553 812 4607 factum
857 4550 1035 4606 misit?
1073 4550 1264 4607 Annon
1321 4564 1558 4621 congrue
1624 4552 2003 4621 respondetur,

2121 4566 2167 4603 ικ
2211 4548 2501 4618 γυναικὸς,
2546 4546 2740 4617 γέγονε
2779 4546 2836 4599 δὲ
2876 4546 2970 4599 καὶ
3015 4544 3120 4596 ὑπὸ
3161 4542 3358 4610 νόμον;
3387 4535 3539 4610 Ἀρα
3572 4538 3687 4607 οὐχὶ

441 4639 709 4709 digneque
736 4640 1024 4707 cogitatur,
1053 4653 1173 4691 eum
1202 4636 1436 4701 misisse,
1462 4638 1549 4707 qui
1583 4651 1757 4706 neque
1778 4652 1841 4692 ex
1885 4655 2004 4692 mu-

2121 4639 2273 4709 ράναι
2296 4637 2528 4708 πρέπει,
2576 4637 2672 4689 καὶ
2725 4636 2995 4707 περινοεῖν
3042 4632 3230 4697 ἄξιον,
3274 4631 3361 4682 ὅτι
3402 4628 3687 4697 πέπομφεν

439 4728 572 4781 liere
609 4736 782 4787 ortus,
812 4743 910 4783 nec
956 4725 1057 4797 legi
1089 4728 1263 4781 factus
1315 4734 1459 4780 esset
1497 4726 1785 4791 obnoxius,
1807 4728 1909 4781 nisi
1952 4726 2003 4782 id

2121 4730 2333 4791 ἐκεῖνον,
2358 4728 2415 4791 ὃς
2440 4728 2541 4780 οὐκ
2563 4726 2628 4780 ἂν
2655 4724 2880 4794 γέγονεν
2903 4726 2965 4776 ὲκ
2992 4720 3269 4789 γυναικὸς,
3296 4718 3406 4772 οὐδ’
3428 4716 3499 4771 ἂν
3524 4717 3687 4787 ἔπραο

440 4832 563 4874 esse
586 4832 690 4872 neu
712 4817 1004 4880 desineret,
1031 4820 1172 4888 quod
1204 4828 1330 4873 ante
1360 4832 1575 4872 carnem
1608 4827 1662 4872 et
1681 4819 2001 4889 sanguinem

2121 4819 2196 4884 ξεν
2226 4819 2330 4873 ὑπὸ
2360 4819 2544 4889 νόμον,
2571 4819 2621 4870 εἰ
2661 4815 2736 4886 μὴ
2772 4814 3081 4885 μεμένηκεν
3110 4813 3245 4880 ὅπερ
3278 4806 3367 4880 ἦν,
3401 4808 3509 4872 ἔξω
3535 4807 3682 4875 δηλο-

443 4917 751 4977 susceptum
778 4909 932 4963 erat?
967 4907 1071 4963 Res
1101 4909 1257 4976 plana
1286 4918 1408 4964 est:
1444 4909 1641 4965 etenim
1688 4908 1782 4962 Dei
1830 4907 2008 4963 Patris

2121 4910 2221 4963 νόει
2260 4909 2461 4981 σαρκὸς
2488 4908 2583 4962 καὶ
2612 4907 2873 4977 αῖματος;
2916 4903 3056 4956 Ἀλλ’
3077 4901 3193 4955 ἔστι
3225 4901 3403 4970 σαφὴς
3433 4900 3463 4951 6
3491 4899 3677 4965 λόγος·

441 4998 677 5055 Verbum
709 4998 1001 5054 secundum
1031 5014 1246 5053 carnem
1277 5010 1458 5052 natum
1510 5007 1594 5053 est
1635 5013 1700 5053 ex
1745 5000 2003 5064 muliere;

2121 5002 2270 5071 iyip
2306 5003 2370 5053 ἐκ
2415 4998 2549 5053 Θεοῦ
2600 4995 2810 5068 Πατρὸς
2843 4994 3016 5062 Λόγος
3046 4993 3271 5061 γέγονεν
3314 4993 3380 5043 ἐκ
3426 4988 3681 5058 γυναικὸς

438 5093 531 5148 ille
551 5108 761 5148 rursum
798 5091 888 5163 qui
917 5100 975 5145 ut
996 5092 1154 5157 Deus,
1178 5091 1311 5160 legis
1362 5100 1477 5144 erat
1516 5084 1800 5157 Dominus,
1831 5090 2006 5146 factus

2121 5091 2248 5144 κατὰ
2281 5092 2459 5160 σάρκα
2480 5105 2492 5118 ³
2529 5091 2559 5143 6
2585 5086 2678 5141 τοῦ
2709 5086 2872 5157 νόμου
2910 5083 3114 5155 Κύριος
3157 5083 3233 5146 ὡς
3278 5081 3435 5144 Θεὸς,
3462 5082 3681 5150 γέγονεν

506 5250 592 5304 ’⁸1
621 5250 746 5307 Cor.
779 5267 893 5317 vm,
927 5250 980 5305 9.
1057 5250 1101 5283 "
1133 5249 1297 5306 lCor.
1336 5265 1406 5315 Iv,
1436 5249 1489 5303 7.
1569 5250 1583 5279 ¹
1613 5248 1790 5303 Galat.
1818 5264 1856 5311 ι,
1889 5250 1939 5301 1.

2121 5248 2235 5301 tlat.
2269 5262 2340 5312 tv,
2368 5247 2421 5300 5.

1491 5411 1663 5464 Variae
1693 5409 1954 5465 lectiones
1982 5408 2183 5464 codicis
2214 5407 2571 5478 Seguieriani.

507 5555 536 5595 ν
562 5550 588 5601 ὑ
600 5549 650 5601 π’
679 5548 737 5601 Οὐ
746 5550 897 5619 ρανόν
