3942 6128
296 232 434 287 nos
1086 300 1102 308 Χ
1300 265 1311 273 .
1384 229 1474 284 ηε
1513 227 1737 285 macra
1780 229 1939 308 nep
1977 232 2068 287 AD
2108 232 2427 289 naeuus.
3397 233 3536 289 nos

285 346 396 401 ὑπὸ
422 345 605 415 νόμον,
628 344 716 396 ἵνα
742 342 966 413 γένηται
999 343 1094 396 καὶ
1121 341 1346 411 ἀδελφὸς
1372 346 1484 407 τοῖς
1522 343 1628 398 ὕπὸ
1658 344 1842 413 νόμονι

1977 357 2045 400 est
2067 345 2167 410 legi
2195 346 2609 415 subjectus,qno
2628 344 2840 399 illorum
2869 344 3089 399 fratrem
3124 358 3185 399 se
3237 343 3534 401 declararet

287 439 432 493 οὕτω
462 439 570 509 γὰρ
597 434 937 505 ἀπελάϐομεν
965 437 1129 504 ἡμεῖς
1158 435 1256 505 τὴν
1293 436 1586 490 υἱοθεσίαν.
1616 436 1779 489 Ὥστε
1807 439 1844 489 ei

1972 435 2052 503 qui
2104 435 2239 504 legis
2303 434 2520 487 vinculo
2579 435 2897 487 tenebantur
2947 434 3198 487 astricti:
3241 433 3342 487 hac
3425 449 3529 488 una

289 529 368 599 μὴ
397 529 616 597 γέγονεν
641 530 749 582 ὑπὸ
786 528 945 595 νόμον
971 526 1063 578 καὶ
1093 527 1158 579 ἐκ
1183 526 1457 589 γυναικὸς,
1489 527 1597 579 οὐδ’
1621 525 1685 579 ἂν
1714 522 1846 596 ἦμεν

1971 542 2203 595 namque
2236 526 2444 579 ratione
2491 525 2545 579 in
2605 525 2742 579 lllios
2797 525 3033 592 eooplati
3082 537 3288 579 sumus.
3311 523 3528 579 Certum

282 620 504 688 ἀδελφοὶ
542 620 617 689 τῷ
646 620 784 673 κατά
810 617 972 687 φύσιν
1002 616 1194 687 Κυρίῳ
1225 616 1301 685 τῷ
1330 615 1447 686 Θεῷ
1470 625 1516 671 ³.
1554 616 1773 684 Ἐπειδὴ
1799 616 1839 668 δε

1975 623 2041 669 εει
2071 617 2235 675 enim,
2256 616 2300 669 si
2341 614 2389 668 is
2431 613 2530 683 legi
2573 613 2837 667 obnoxius
2871 613 3050 668 factus
3102 628 3205 667 non
3237 622 3405 676 esset,
3437 621 3532 666 aut

283 711 474 780 γέγονε
508 711 573 764 δι’
610 708 773 764 αὐτοῦ
802 709 862 760 τὸ
905 707 1129 778 χρῆμα,
1180 707 1656 776 πεπλουτήκαμεν.
1694 706 1840 760 Ἀπόι

1970 717 2138 761 ortum
2170 721 2234 759 ex
2263 705 2487 765 muliere
2535 720 2644 759 non
2699 705 2975 767 traxisset,
3003 720 3101 760 nos
3128 705 3274 758 illius
3330 702 3527 757 fratres

280 798 446 863 δειξιν
478 800 536 853 δὲ
572 802 804 851 ποιεῖται
841 797 986 866 σαφῆ
1020 796 1115 848 τοῦ
1151 796 1474 867 πράγματος
1502 800 1531 849 6
1574 796 1837 850 θεσπέσιος

1972 802 2186 856 evadere
2210 816 2311 855 non
2343 801 2599 868 potuisse,
2635 800 2724 869 qui
2770 800 3073 854 secundum
3106 807 3353 852 naturam
3388 797 3529 851 Deus

281 887 512 951 Παῦλος,
535 882 1041 958 προσ[επ]ενεγκὼν
1065 884 1245 947 εὐθύς-⁸
1283 903 1300 935 t
1332 884 1457 937 Ὀτι
1491 884 1546 936 δέ
1574 885 1694 936 ἐστε
1719 885 1838 949 υἱοὶ,

1967 891 2291 946 ειυοιῐιὶιιιιε
2332 900 2451 945 est:
2483 891 2606 957 quia
2662 905 2792 944 vero
2839 900 3130 957 utrumque
3176 887 3397 942 ell‘ectus
3421 896 3524 951 est,

279 975 658 1040 ἐξαπέστειλεν
685 976 713 1028 6
741 973 872 1036 Θεὸς
908 972 969 1025 τὸ
1000 970 1225 1042 Πνεῦμα
1265 970 1358 1025 τοῦ
1392 970 1521 1025 Υἰοῦ
1561 971 1727 1025 αὐτοῦ
1772 975 1836 1036 είς

1966 997 2052 1035 nos
2077 996 2289 1051 quoque
2320 995 2414 1049 per
2464 981 2637 1049 ipsum
2683 980 2782 1034 hac
2816 989 2961 1034 tanta
3019 996 3077 1034 re
3110 979 3263 1048 potiti
3314 994 3523 1033 sumus.

276 1067 374 1130 τὰς
406 1066 635 1135 καρδίας
669 1065 841 1135 ὑμῶν,
889 1064 1113 1132 κράζον·
1160 1063 1345 1126 ’Λ66ᾶ,
1376 1065 1404 1116 6
1432 1064 1642 1132 Πατήρ.
1671 1082 1689 1114 ι
1730 1062 1833 1125 Πῶς

1970 1073 2132 1139 \tque
2182 1071 2339 1138 hujus
2377 1070 2679 1125 evidentem
2735 1070 3253 1124 demonstrationem
3300 1069 3527 1130 habent.

278 1152 373 1210 οὖν
399 1155 618 1225 πνεῦμα
646 1155 739 1207 τοῦ
774 1157 839 1206 ἐκ
867 1153 1120 1220 γυναικὸς
1146 1152 1240 1205 καὶ
1289 1152 1392 1204 ὑπὸ
1421 1152 1601 1222 νόμον,
1620 1152 1677 1204 τὸ
1696 1151 1835 1220 ἆγιόπ

1966 1177 2075 1232 quae
2111 1162 2300 1216 beatus
2328 1162 2620 1229 Apostolus
2642 1162 2822 1214 statim
2846 1160 2917 1213 ibi
2936 1159 3211 1227 adiungit;
3245 1159 3322 1211 ait
3345 1158 3486 1210 enim
3510 1174 3523 1210 :

276 1250 395 1303 ἐστι
434 1249 677 1319 Πνεῦμα,
711 1248 777 1300 δι’
803 1240 865 1300 οῦ
894 1247 987 1299 καὶ
1015 1244 1318 1314 κράζομεν,
1364 1244 1553 1309 Ἀ66ἄ,
1580 1245 1609 1296 6
1640 1245 1833 1315 Πατὴρ

1967 1270 1983 1303 ι
2019 1250 2283 1317 Qucuiam
2338 1259 2518 1304 autem
2563 1252 2696 1303 estis
2726 1250 2839 1315 lilii,
2881 1251 3028 1305 misit
3084 1251 3221 1305 Deus
3266 1248 3524 1316 Spiritum

276 1339 327 1392 εί
356 1339 431 1409 μὴ
459 1338 588 1399 Θεὸς
615 1338 643 1389 6
677 1339 927 1407 Χριστὸς,
961 1330 1041 1397 εἷς
1072 1333 1167 1396 ὢν,
1198 1335 1290 1386 καὶ
1323 1333 1483 1397 Υἱόςζ

1968 1337 2078 1391 Filii
2128 1339 2210 1392 sui
2258 1339 2310 1391 itt
2358 1339 2522 1391 corda
2558 1348 2764 1403 vestra,
2798 1339 3145 1403 clamantem,
3194 1338 3366 1398 Abba,
3421 1336 3525 1388 Pa-

280 1436 360 1479 ter
380 1426 422 1479 ³.
469 1444 487 1476 ι
522 1424 638 1479 Jam
664 1426 935 1501 quomiqu
959 1424 1103 1476 illius
1138 1423 1382 1491 spiritus,
1416 1422 1507 1491 qui
1533 1438 1596 1476 ex
1623 1422 1849 1478 muliere
1889 1434 2047 1482 natus
2071 1438 2174 1492 est,
2209 1440 2266 1482 et
2294 1426 2396 1481 sub
2447 1427 2564 1497 lege
2620 1428 2795 1481 factus
2841 1438 2946 1493 est,
3011 1440 3226 1483 sanctus
3292 1424 3525 1495 Spiritus

273 1524 382 1582 est,
427 1533 523 1586 per
570 1531 729 1586 quem
774 1515 938 1570 etiam
984 1513 1306 1576 clamamus,
1350 1515 1523 1577 Abba,
1570 1515 1764 1568 Pater:
1799 1516 1843 1570 si
1883 1517 2130 1573 Christus
2157 1518 2317 1583 Deus,
2342 1528 2396 1574 et
2448 1535 2610 1583 unus,
2671 1529 2723 1574 et
2762 1518 2934 1574 Filius
2968 1533 3073 1572 non
3105 1518 3231 1572 est?

677 1633 772 1685 Ἐκ
807 1628 915 1698 τῆς
942 1630 1091 1699 πρὸς
1134 1630 1462 1700 Ἐφεσίους.
1885 1621 1925 1674 Β

1885 1621 1925 1674 Β
2364 1634 2446 1689 Ex
2485 1635 2722 1705 Epistola
2748 1637 2816 1689 ad
2851 1634 3122 1702 Ephesios.

356 1763 377 1795 ο
409 1738 504 1808 Εἷς
537 1744 757 1815 Κύριος,
800 1743 898 1814 μία
934 1743 1135 1808 πίστις,
1166 1743 1222 1795 ἓν
1257 1743 1570 1813 βάπτισμα·
1604 1738 1684 1807 εἷς
1716 1742 1849 1807 Θεὸς

2020 1764 2051 1805 ,ι
2086 1745 2236 1800 Unus
2277 1746 2557 1812 Dominus,
2614 1761 2719 1799 una
2783 1746 2937 1809 fides,
2990 1759 3154 1798 unum
3209 1742 3519 1812 baptisma:

276 1820 376 1891 atati
402 1836 593 1905 Πατὴρ
632 1836 866 1896 πάντων,
914 1835 1008 1888 καὶ
1049 1835 1138 1887 διὰ
1176 1836 1392 1889 πάντων
1433 1835 1526 1889 καὶ
1568 1838 1626 1889 ὲν
1656 1837 1833 1890 πᾶσιν.

1966 1852 2090 1890 unus
2122 1838 2261 1892 Deus
2289 1846 2345 1892 et
2370 1837 2528 1891 l’ater
2551 1836 2814 1899 omnium,
2848 1837 2939 1903 qui
2975 1845 3057 1889 est
3106 1848 3271 1900 super
3308 1846 3523 1899 omnes,

288 1926 401 1981 Ἑνὶ
432 1927 487 1980 δὲ
522 1926 734 1995 ἑκάστῳ
779 1925 935 1994 ήμῶν
969 1926 1123 1996 ἐδόθη
1162 1927 1195 1997 ἡ
1238 1926 1397 1997 χάρις
1442 1925 1582 1996 αὕτη
1615 1925 1754 1979 κατὰ
1787 1926 1845 1979 τὸ

1965 1939 2007 1982 et
2031 1943 2125 1995 per
2149 1929 2423 1988 omnia,et
2455 1929 2507 1981 in
2546 1928 2813 1981 omnibus.
2855 1926 3159 1994 Unicuique
3201 1935 3380 1979 autem
3425 1937 3522 1976 no-

278 2018 475 2091 μέτρον
500 2017 598 2086 τῆς
621 2016 828 2087 δωρεᾶς
857 2016 950 2070 τοῦ
980 2018 1236 2089 Χριστοῦ.
1265 2020 1354 2071 Διὸ
1391 2018 1537 2086 λέγει
1557 2035 1572 2050 ·
1617 2019 1835 2081 Ἀναϐὰς

1962 2025 2124 2071 strum
2157 2017 2280 2072 data
2313 2027 2397 2071 est
2430 2020 2602 2085 gratia
2642 2018 2936 2071 secundum
2987 2030 3297 2071 mensuram
3350 2013 3519 2068 dona-

275 2110 357 2173 είς
400 2107 567 2177 ὕψος,
613 2107 1038 2177 ᾐχμαλώτευσεν
1088 2108 1484 2177 αἰχμαλωσίαν,
1532 2108 1627 2161 καὶ
1680 2107 1832 2160 ἔδωκε

1964 2107 2117 2161 tionis
2161 2106 2387 2162 Christi.
2430 2107 2659 2176 Propter
2703 2108 2845 2177 quod
2891 2107 3021 2163 dicit
3057 2125 3072 2161 :
3103 2106 3416 2160 Aseendens
3468 2103 3521 2157 in

274 2200 487 2269 δόματα
511 2202 622 2262 τοῖς
647 2198 972 2269 ἀνθρώποις.
999 2198 1072 2250 Τὸ
1098 2199 1176 2262 δὲ,
1194 2198 1399 2264 ἀνέϐη,
1428 2196 1481 2252 τί
1506 2198 1673 2261 ἐστιν,
1691 2199 1740 2250 εί
1773 2196 1831 2267 μ’]

1968 2199 2116 2251 dtum
2147 2198 2410 2266 captivam
2458 2199 2609 2253 duxit
2655 2199 3049 2266 captivitatem,
3071 2198 3221 2252 dedit
3262 2198 3400 2251 dona
3428 2194 3525 2249 ho-

271 2289 358 2341 ὂτι
393 2288 488 2341 καὶ
516 2287 719 2356 κατέόη
749 2289 827 2350 είς
860 2287 930 2340 τὰ
973 2288 1263 2341 κατώτατα
1312 2288 1452 2357 μέρη
1482 2288 1583 2356 τῆς
1614 2287 1748 2355 γῆς;
1789 2288 1828 2339 '(

1962 2291 2208 2344 minibus.
2239 2279 2426 2355 Quod'
2448 2298 2627 2343 autem
2660 2290 2925 2356 ascendit,
2960 2290 3090 2358 quid
3122 2299 3231 2351 est,
3262 2287 3364 2342 nisi
3396 2284 3519 2355 quia

276 2377 534 2441 καταϐὰς,
561 2378 719 2438 αὐτός
749 2378 864 2429 ἐστι
905 2379 997 2429 καὶ
1022 2379 1049 2429 6
1093 2376 1300 2436 ἀναϐάς
1343 2378 1600 2443 ὑπεράνω
1632 2376 1833 2430 πάντωι

1969 2392 2007 2435 2t
2037 2380 2313 2435 descendit
2369 2381 2599 2447 primum
2642 2381 2708 2432 ad
2755 2380 3041 2435 inferiores
3092 2387 3274 2447 partes
3328 2375 3526 2429 teri-te?

272 2467 379 2518 τῶν
401 2464 662 2535 οὐρανῶν,
691 2465 778 2517 ἵνα
801 2465 906 2535 πλη
915 2464 1065 2535 ρὼσῃ
1091 2465 1159 2517 τὰ
1187 2463 1383 2516 πάντα.
1408 2483 1427 2515 ι
1451 2465 1640 2536 Ἀθρει
1660 2466 1722 2535 δή
1757 2482 1825 2535 μο

1966 2472 2052 2538 Qui
2071 2472 2365 2537 descendit,
2403 2472 2518 2539 ipse
2547 2480 2630 2526 est
2656 2483 2709 2525 et
2738 2471 2827 2539 qui
2862 2470 3107 2525 ascendit
3140 2483 3305 2538 super
3333 2481 3523 2522 omnes

274 2558 456 2615 πάλιν,
482 2558 605 2620 ὅσος
640 2558 697 2610 ἐν
739 2556 905 2626 τούτῳ
939 2556 1093 2622 λόγος
1137 2555 1449 2624 σαφέστατά
1475 2572 1535 2607 τε
1569 2557 1661 2607 καὶ
1690 2557 1831 2625 ὲναρ-

1967 2559 2137 2624 τωιοε,
2185 2568 2241 2611 ιιι
2294 2559 2541 2625 impleret
2580 2560 2760 2613 omnia
2785 2561 2826 2613 ⁵.
2859 2578 2876 2610 ι
2930 2558 3006 2631 En
3048 2570 3249 2628 quanta
3302 2570 3524 2612 rursum

273 2649 385 2717 γῶς
428 2649 746 2716 ἀποφαίνει,
795 2647 949 2709 είδὼς
992 2648 1086 2701 καὶ
1135 2647 1461 2716 δυνάμενος,
1496 2647 1578 2700 ὅτι
1614 2646 1830 2715 Χριστὸς

1964 2646 2197 2700 :laritate
2219 2656 2271 2701 et
2326 2649 2595 2703 evidentia
2659 2649 2987 2718 apostolicus
3038 2665 3219 2704 sermo
3260 2651 3364 2704 hoc
3402 2647 3521 2702 loco

274 2740 475 2810 Κύριος
511 2734 621 2804 εἷς,
651 2739 773 2792 καθ’
800 2739 994 2792 ἕνωσιν
1033 2738 1382 2809 οἰκονομικὴν
1432 2738 1831 2809 συνενεχθέντος

1963 2736 2217 2797 ostendat,
2261 2734 2434 2790 Verbo
2475 2751 2571 2810 per
2604 2739 3053 2805 dispensatoriam
3105 2739 3356 2790 unionem
3399 2753 3520 2790 cum

273 2808 374 2882 τοῦ
406 2829 582 2895 Λόγου
623 2828 760 2895 πρὸς
790 2827 851 2879 τὸ
885 2826 1221 2896 ἀνθρώπινον
1240 2841 1254 2855 ο
1285 2821 1365 2888 εἷς
1398 2826 1507 2897 γὰρ
1551 2808 1830 2895 ὲξνὰμφοϊη

1967 2839 2183 2877 ttttnana
2234 2836 2422 2878 natura
2469 2808 2717 2890 coeunte,
2753 2841 2915 2879 unum
2970 2835 3175 2880 tantum
3208 2842 3329 2881 esse
3362 2824 3524 2880 Chri-

273 2920 398 2982 Υίὸς
445 2919 669 2988 ἀληθής.
712 2917 864 2969 Ἐπεὶ
903 2917 1020 2979 πῶς
1067 2910 1148 2979 εἷς
1190 2915 1432 2987 Κύριος;
1486 2916 1604 2979 πῶς
1651 2918 1708 2970 δὲ
1747 2918 1830 2987 μία

1961 2920 2112 2976 stum,
2139 2928 2301 2965 unum
2357 2928 2478 2967 esse
2536 2914 2816 2967 Dominum
2842 2931 2856 2973 :
2882 2926 3044 2982 atque
3080 2917 3216 2968 adeo
3257 2931 3422 2968 unum
3454 2930 3518 2968 ex

272 3009 486 3073 πίστις;
527 3009 559 3079 ἢ
597 3007 715 3070 πῶς
760 3007 818 3060 ἓν
862 3010 977 3059 ἐστι
1020 3007 1080 3059 τὸ
1124 3006 1443 3077 βάπτισμα;
1494 3009 1556 3061 Ei
1595 3009 1701 3079 γὰρ
1737 3010 1829 3062 uloi

1961 3015 2177 3073 Jtroque
2204 3015 2324 3058 esse
2385 3003 2582 3067 solum,
2616 3018 2800 3057 verum
2852 3005 3263 3073 naturalemque
3299 3003 3518 3057 Filium.

271 3100 382 3165 δύο,
409 3101 500 3153 δύο
530 3100 747 3162 πάντως
773 3100 867 3152 καὶ
898 3099 1075 3170 κύριοι
1093 3117 1106 3129 ·
1154 3098 1305 3169 διττὴ
1332 3101 1426 3152 καὶ
1452 3102 1483 3170 ἡ
1514 3100 1717 3164 πίστις,
1749 3102 1828 3154 καῚ

1966 3092 2082 3146 »ἰείη
2118 3094 2383 3159 quomodo
2409 3108 2547 3149 unus
2603 3093 2879 3160 Dominus,
2919 3103 3011 3147 aut
3036 3108 3140 3147 una
3175 3094 3328 3156 lldes,
3361 3094 3523 3163 108

270 3192 367 3261 οὐχ
399 3192 456 3244 ἒν
485 3192 601 3244 ἔστι
629 3191 689 3243 τὸ
722 3191 1020 3261 βάπτισμα.
1050 3191 1142 3252 Ei;
1172 3190 1294 3243 τίνα
1326 3191 1437 3262 γὰρ
1466 3192 1827 3247 πεπιστεύκα-

1967 3196 2037 3241 mt
2059 3201 2222 3239 unum
2255 3186 2559 3253 baptisma?
2589 3184 2646 3239 Si
2677 3187 2821 3238 enim
2867 3187 2973 3239 duo
3002 3197 3127 3241 sunt
3151 3185 3267 3249 lilii,
3298 3185 3524 3241 duone'

274 3299 406 3354 μενς
446 3282 479 3353 ἢ
523 3284 604 3345 είς
646 3282 792 3346 τίνος
837 3282 1009 3353 ὄνομα
1059 3281 1503 3352 βεδαπτίσμεθα;
1542 3284 1701 3338 Ἀλλά
1738 3284 1831 3353 μὴν

1965 3274 2193 3330 :essario
2217 3282 2378 3327 erunt
2420 3274 2653 3340 Domini,
2680 3281 2736 3328 et
2782 3274 2977 3341 duplex
3032 3290 3246 3329 rursum
3283 3275 3437 3339 lides,
3466 3280 3522 3329 et

271 3369 352 3437 εἷς
397 3373 620 3442 Κύριος,
659 3372 757 3440 μία
786 3372 990 3436 πίστις,
1020 3372 1079 3424 ἓν
1110 3373 1389 3444 βάπτισμα
1408 3390 1422 3402 ·
1455 3375 1719 3444 πρόδηλον
1748 3371 1828 3428 οῦκ

1961 3368 2143 3435 duplex
2180 3365 2394 3419 tandem
2423 3366 2711 3435 baptisma.
2737 3365 2793 3419 In
2815 3380 2972 3435 quem
2992 3363 3136 3418 enim
3168 3364 3518 3427 credidimus,

271 3464 380 3533 ἀρα
405 3463 487 3514 ὅτι
524 3460 619 3512 καὶ
645 3455 725 3522 εἷς
762 3462 908 3525 Υἱὸς,
937 3462 1038 3512 κᾶν
1067 3463 1117 3512 εἰ
1150 3465 1322 3513 νοοῖτο
1353 3462 1475 3514 καθ’
1504 3463 1652 3531 ἡμᾶς
1681 3478 1828 3528 γεγοε

1964 3467 2040 3508 ιιιι
2070 3456 2121 3508 in
2161 3456 2317 3528 cujus
2342 3458 2564 3509 nomine
2617 3456 2879 3526 baptizati
2932 3455 3349 3523 stimusY’Atqui
3383 3468 3521 3507 mms

273 3552 377 3614 νὼς
400 3554 428 3603 6
460 3549 788 3617 Μονογενής.
820 3550 915 3612 Τίς
942 3550 999 3602 δὲ
1035 3548 1172 3611 ὅλως
1196 3552 1224 3603 6
1261 3550 1466 3611 ἀναϐὰς
1494 3551 1575 3611 είς
1612 3548 1777 3618 ὖψοςς
1808 3548 1830 3616 ἦ

1959 3552 2160 3617 tantum
2206 3554 2290 3598 est
2345 3545 2628 3610 Dominus,
2678 3562 2783 3600 una
2836 3547 2990 3611 lldes,
3018 3564 3182 3601 unum
3231 3548 3516 3615 baptisma.

273 3642 356 3702 τίς
379 3643 407 3693 ὁ
433 3637 708 3693 κατελθὼν
733 3640 811 3696 είς
835 3639 901 3691 τὰ
928 3638 1212 3708 κατώτερα
1242 3640 1382 3709 μέρη
1411 3638 1509 3706 τῆς
1536 3638 1674 3707 γῆς;
1704 3637 1830 3689 Οὐκ·

1961 3634 2305 3702 l’erspicuum'
2325 3634 2383 3687 lit
2410 3651 2539 3703 ergo
2569 3652 2733 3689 unum
2750 3636 2921 3690 solum
2940 3652 3057 3691 esse
3077 3636 3292 3700 Filium,
3313 3638 3518 3694 etiam.-

273 3732 368 3784 οῦν
394 3731 552 3792 αὐτὸς
578 3729 780 3800 κατέϐη
817 3730 911 3799 μὲν
938 3728 1295 3798 ἀνθρωπίνως
1312 3745 1326 3759 ·
1354 3728 1562 3798 καθῆκε
1589 3728 1698 3798 γὰρ
1724 3728 1830 3781 ἐαυ⁴

1964 3726 1995 3780 ti
2036 3722 2353 3792 Uuigeuitus
2387 3724 2673 3779 humanam
2733 3720 3000 3795 originem
3048 3728 3273 3796 perinde
3312 3743 3375 3781 ac
3424 3742 3521 3781 nos

273 3823 364 3875 τὸν
385 3824 464 3884 είς
487 3821 734 3883 κένωσιν,
768 3820 861 3872 καὶ
888 3817 1273 3880 τεταπείνωκε,
1301 3819 1588 3887 γενόμενος
1609 3820 1830 3889 ὑπήκοος

1961 3823 2208 3882 expertus
2234 3813 2326 3867 sit.
2358 3812 2590 3868 Rursum
2636 3815 2952 3883 ecquisnam
2981 3815 3069 3869 ille
3090 3825 3196 3879 est,
3224 3818 3314 3885 qtti
3348 3816 3429 3869 vel
3466 3817 3518 3868 in

278 3911 438 3981 μέχρι
465 3909 720 3961 θανάτου·
751 3906 915 3976 ἀνέϐη
944 3906 1000 3958 δὲ
1034 3905 1169 3974 μετὰ
1195 3906 1398 3974 σαρκὸς
1424 3904 1677 3976 ὑπεράνω
1708 3904 1835 3958 πάν-

1959 3907 2119 3959 altum
2154 3906 2422 3972 ascendit,
2458 3905 2543 3960 vel
2572 3906 2639 3959 ad
2674 3907 2960 3961 inferiores
2988 3916 3147 3962 terra:
3189 3918 3372 3976 partes
3420 3909 3516 3961 de-

273 4020 379 4055 των
408 4001 513 4054 τῶν
542 3999 802 4069 οὐρανῶν,
836 3998 921 4050 ἵνα
952 3996 1216 4067 πληρώσῃ
1246 3996 1314 4049 τὰ
1348 3997 1545 4050 πάντα.
1656 4052 1659 4057 ,

1963 3995 2197 4051 scendit?
2234 3995 2330 4050 llic
2354 3996 2468 4065 ipse
2516 3998 2679 4067 igitur
2705 3999 3000 4053 secundum
3035 3999 3323 4053 humanam
3358 4007 3520 4052 natu-

277 4086 404 4147 ratu
439 4090 736 4153 descendit,
772 4104 1000 4157 seseque
1036 4088 1099 4138 ad
1134 4087 1558 4139 exiunnilionem
1603 4087 1828 4150 dimisit,
1869 4100 1933 4140 ac
1965 4084 2289 4148 lttttnilinvit,
2363 4086 2536 4141 factus
2593 4088 2855 4143 obediens
2927 4102 3096 4158 usque
3146 4088 3212 4143 ad
3266 4098 3516 4143 mortem.

273 4185 530 4240 Ascendit
557 4192 734 4236 autem
764 4196 929 4233 carne
986 4179 1204 4231 indutus
1234 4191 1394 4244 super
1424 4192 1612 4230 omnes
1647 4177 1838 4241 cmlos,
1883 4186 1941 4227 ut
1986 4175 2205 4242 implent
2235 4178 2436 4230 omnia.

597 4296 691 4347 Ἑιι
731 4294 841 4361 τῆς
879 4292 1028 4360 πρὸς
1061 4291 1529 4359 Φιλιππησίους.
1874 4272 1917 4326 D

1874 4272 1917 4326 Ι)
2319 4287 2404 4341 Ex
2426 4286 2663 4358 Epistula
2686 4292 2753 4343 ad
2785 4289 3163 4359 Pltilippenses.

343 4413 637 4471 Ἕκαστος(
652 4409 806 4463 τοῦτο
827 4404 1127 4479 φρονείσθω
1148 4406 1203 4458 ὲν
1223 4405 1369 4474 ὑμῖν,
1391 4404 1417 4456 ὃ
1436 4404 1528 4456 καὶ
1550 4404 1605 4455 ὲν
1625 4400 1843 4472 Χριστῷ

2030 4420 2045 4447 ι
2087 4401 2195 4453 lloc
2245 4403 2386 4454 enim
2428 4401 2625 4456 sentite
2658 4404 2708 4457 in
2764 4404 2934 4468 vobis,
2960 4404 3101 4472 quod
3131 4413 3185 4458 et
3222 4404 3273 4457 in
3304 4402 3519 4459 Christo

286 4498 486 4569 Ἰησοῦ·
518 4500 574 4561 ὃς
610 4501 668 4551 ἐν
709 4499 889 4567 μορφῇ
938 4493 1072 4548 Θεοῦ
1108 4495 1386 4562 ὑπάρχων,
1417 4492 1515 4560 οὐχ
1551 4491 1841 4561 ἁρπαγμὸν

1958 4492 1969 4529 ῖ
2016 4524 2031 4541 .-
2063 4510 2070 4541 λ
2105 4494 2227 4561 :qui
2276 4509 2396 4546 cum
2454 4495 2507 4547 in
2566 4496 2736 4549 forma
2792 4495 2884 4549 Dei
2940 4507 3102 4562 esset,
3128 4511 3233 4549 non
3275 4495 3515 4563 rapinam

274 4591 518 4660 ἡγήσατο
556 4589 618 4641 τὸ
664 4585 802 4641 εἶναι
850 4588 939 4639 ἴσα
986 4584 1140 4654 Θεῷ’
1187 4585 1302 4637 ἀλλ’
1344 4584 1531 4636 ἑαυτὸν
1582 4584 1831 4647 ὲκένωσε,

1962 4584 2241 4638 hbiti-alus
2282 4597 2366 4639 est
2412 4600 2532 4639 esse
2572 4602 2631 4640 se
2683 4588 2944 4655 :equalem
3003 4588 3135 4653 Deo;
3185 4588 3277 4642 sed
3322 4595 3519 4640 semet-

278 4680 488 4750 μορφὴν
516 4679 700 4732 δούλου
731 4677 932 4738 λαϐὼν,
975 4678 1032 4727 ἐν
1077 4677 1382 4745 ὁμοιώματι
1413 4671 1712 4744 ἀνθρώπων
1748 4689 1835 4739 γε-

1957 4676 2118 4740 ipsum
2154 4675 2472 4739 exinanivit,
2499 4675 2726 4728 formam
2774 4678 2915 4731 servi
2942 4678 3251 4747 accipiens,
3282 4678 3333 4730 in
3366 4677 3514 4732 simi-

274 4770 514 4838 νόμενος,
542 4767 640 4820 καὶ
684 4768 921 4835 σχήματι
967 4763 1208 4834 εὑρεθεὶς
1249 4763 1324 4825 ὡς
1366 4763 1683 4833 ἄνθρωπος’
1719 4764 1831 4814 ἐτα-

1965 4765 2224 4819 itudinem
2282 4766 2558 4820 hominum
2596 4767 2792 4831 ructus,
2824 4777 2880 4819 et
2939 4768 3120 4820 habitu
3176 4768 3424 4822 iuventus
3458 4777 3515 4821 ut

275 4858 535 4911 πεένωσεν
562 4859 773 4920 ἑαυτὸν,
806 4856 1093 4925 γενόμενος
1123 4854 1361 4925 ὑπήκοος
1394 4852 1555 4923 μέχρι
1586 4853 1832 4919 θανάτου1

1963 4873 2125 4911 mmo.
2151 4856 2850 4927 llumiliavitsemetipsum,
2872 4859 3047 4913 factus
3076 4860 3331 4915 obediens
3351 4876 3517 4929 usque

276 4949 505 5002 Θανάτου
546 4948 600 5000 δὲ
646 4946 900 5017 σταυροῦ.
936 4945 1025 4997 Διὸ
1070 4945 1164 4998 καὶ
1200 4946 1227 4995 6
1260 4943 1390 5006 Θεὸς
1446 4943 1607 4996 αὑτὸν
1669 4945 1833 5013 ὑπερ.

1954 4948 2011 4998 ml
2075 4957 2327 5012 mortem,
2361 4957 2587 5003 mortem
2649 4959 2827 5003 autem
2883 4951 3084 5005 crucis.
3117 4949 3343 5021 Propter
3373 4953 3511 5018 quod

276 5035 480 5105 ὑψωσε,
506 5037 600 5088 καὶ
618 5036 908 5106 ἐχαρίσατο
932 5033 1077 5103 αὐτῷ
1097 5034 1265 5103 ὄνομα
1279 5032 1338 5084 τὸ
1363 5034 1498 5102 ὑπὲρ
1523 5034 1627 5085 πᾶν
1639 5033 1833 5103 ὄνομα·

1954 5046 1998 5089 [ιι
2031 5037 2168 5091 Deus
2193 5040 2649 5105 exaltavitillutn,
2686 5053 2739 5094 et
2771 5042 2991 5097 donavit
3030 5044 3100 5096 illi
3148 5059 3340 5098 nomen
3372 5045 3511 5113 quod

275 5127 361 5178 ἵνα
392 5128 448 5178 ἐν
491 5127 562 5196 τῷ
594 5127 816 5195 ὀνόματι
856 5123 1028 5194 Ἰησοῦ
1063 5126 1167 5175 πᾶν
1203 5124 1328 5192 γόνυ
1373 5123 1565 5195 κάμιζῃ
1608 5126 1832 5192 ἐπουρα-

1956 5137 2024 5180 est
2049 5144 2212 5197 super
2243 5144 2402 5185 omne
2459 5146 2652 5187 nomen
2692 5152 2704 5186 :
2737 5143 2791 5187 ut
2824 5136 2877 5189 iu
2935 5134 3150 5186 nomine
3178 5133 3310 5187 Jesu
3353 5147 3513 5188 omne

347 5284 367 5316 ³
390 5283 504 5337 Gal.
541 5298 612 5348 tv,
644 5282 701 5336 6.
780 5285 800 5313 ⁵
824 5282 1021 5351 Ephes.
1050 5297 1123 5347 Iv,
1153 5282 1297 5337 3-10.

1338 5440 1512 5499 Vario:
1553 5445 1808 5502 lectiones
1845 5449 2045 5505 codicis
2074 5448 2428 5519 Seguieriani.

352 5578 374 5607 ³
404 5574 492 5626 καὶ
524 5571 659 5641 Θεῷ.
690 5598 695 5603 ~
