3942 6128
442 226 578 281 1507

1414 229 1472 283 S.
1514 229 1791 286 CYlllLLl
1831 231 2303 287 ALEXANDRINI
2340 235 2661 291 ARCHIEP.

3550 240 3692 294 1308

441 358 577 414 genu
608 341 854 397 ﬂectatur
877 342 1197 410 cmlestium,
1227 355 1281 400 et
1319 351 1682 409 terrestrium.
1711 362 1765 404 et
1819 352 1993 405 infer-

2123 351 2255 417 νεων,
2309 356 2405 407 καὶ
2451 355 2729 422 ἐπιγείων,
2784 355 2877 408 καὶ
2923 354 3293 424 καταχθονίων
3318 373 3334 386 ·
3386 358 3483 410 καὶ
3526 360 3693 411 πᾶσι

445 446 669 495 norum;
703 441 759 484 et
787 431 964 485 omnis
1019 431 1195 500 lingua
1227 435 1554 488 conﬁteatur
1584 438 1708 504 quia
1750 438 2007 493 Dominus

444 520 600 575 Jesus
651 521 899 576 Christus
944 522 999 575 in
1047 524 1215 593 gloria
1246 533 1329 579 est
1362 526 1454 579 Dei
1489 526 1666 582 Patris
1702 529 1746 583 '.
1780 549 1798 581 ι
1839 531 2005 587 Audis

449 615 548 665 hoc
580 614 847 681 quomodo
898 612 1152 678 Verbum,
1184 615 1324 682 quod
1357 617 1409 670 in
1440 616 1528 670 Dei
1575 618 1743 673 forma
1778 623 2010 676 exsiste-

334 709 343 719 '
448 704 555 769 bat,
583 713 637 757 et
688 702 828 757 Deus
862 713 1001 767 erat,
1055 706 1362 773 neutiquam
1410 708 1649 777 rapinam
1684 713 2004 766 arbitratum

446 792 589 846 dicat
620 807 739 846 esse
778 807 838 846 se
880 794 1139 862 aequalem
1202 796 1348 850 Deo?
1374 797 1652 866 Siquidem
1702 802 2005 855 naturalem

446 905 565 944 cum
591 890 699 945 Deo
746 891 900 945 Patre
929 893 1291 959 aequalitatem
1327 896 1598 960 obtinens,
1626 898 1769 950 servi
1803 897 2002 962 forma,

447 982 546 1035 hac
573 993 675 1045 est,
697 981 929 1036 hominis
953 994 1142 1036 natura
1167 994 1434 1053 suscepta,
1454 989 1800 1055 semetipsum
1821 991 2008 1044 exina-

447 1069 599 1135 nivit,
652 1072 941 1140 specieque
994 1084 1179 1125 nostra
1225 1086 1291 1126 ac
1345 1072 1700 1128 similitudine
1760 1088 2004 1144 accepta.

445 1158 678 1225 seipsum
702 1161 1024 1215 humiliavit.
1056 1160 1411 1231 Posteaquam
1461 1177 1590 1218 vero
1615 1178 1830 1219 crucem
1848 1177 2013 1221 ευςιι-

449 1250 583 1313 nuit,
615 1250 909 1304 exaltatum
945 1251 1094 1316 dicit,
1132 1252 1426 1321 datumque
1480 1254 1556 1307 illi
1614 1270 1807 1309 nomen
1865 1258 2008 1326 quod

446 1349 531 1394 est
562 1355 724 1408 super
751 1355 910 1395 omne
938 1357 1133 1397 nomen
1159 1361 1174 1409 ;
1218 1344 1291 1399 ita
1332 1356 1390 1398 ut
1417 1360 1578 1400 omne
1608 1361 1743 1416 genu
1769 1348 1867 1415 ipsi
1895 1349 2007 1416 jam

451 1431 782 1498 iucurvetur,
818 1434 1100 1502 omnisque
1144 1434 1325 1503 lingua
1372 1438 1621 1491 eumdem
1668 1439 2005 1496 conﬁteatur.

450 1518 556 1574 Sed
589 1537 714 1590 qua,
747 1537 951 1591 quaeso,
977 1526 1206 1590 ratione,
1234 1528 1324 1596 qui
1351 1527 1402 1581 in
1422 1525 1593 1583 forma
1623 1539 1680 1584 et
1705 1532 2011 1600 aequalitate

2106 442 2325 510 γλῶσσα
2343 445 2825 516 ἐξομολογήσηται,
2851 447 2933 499 ὅτι
2968 446 3170 515 Κύριος
3201 445 3411 515 Ἰησοῦς
3448 447 3691 516 Χριστος

2107 536 2186 597 εἰς
2212 534 2368 599 δόξαν
2411 537 2546 591 Θεοῦ
2593 539 2824 609 Πατρός.
2850 559 2869 590 ι
2906 538 3073 617 Σύνες
3102 540 3249 601 ὅπως
3278 538 3372 592 τδν
3406 541 3469 590 ἐν
3501 543 3690 610 μορφῇ

2106 625 2200 678 τοῦ
2243 626 2380 680 Θεοῦ
2430 629 2527 682 καὶ
2558 631 2770 701 Πατρὸς
2818 631 3130 702 ὑπάρχοντα
3177 632 3309 683 Θεὸν
3356 632 3561 699 Λόγον,
3592 634 3691 701 οὐχ

2106 717 2399 786 ἁρπαγμὸν
2425 720 2732 790 ἡγήσασθαί
2760 738 2891 789 φησι
2923 721 2984 774 τὸ
3012 717 3152 774 εἶναι
3180 724 3272 774 [σα
3309 721 3454 790 Θεῷ.
3505 721 3693 791 Ἐχων

2106 806 2215 875 γὰρ
2242 807 2303 860 τὸ
2331 804 2471 861 εἶναι
2498 809 2640 863 κατὰ
2671 810 2833 879 φύσιν
2866 811 2925 862 ὲν
2956 810 3161 879 ἰσότητι
3187 810 3280 863 τοῦ
3329 811 3572 881 Πατρδς,
3601 829 3693 864 κε-

2108 894 2343 949 κένωκεν
2368 897 2578 963 ἑαυτὸν,
2602 900 2697 952 καὶ
2728 899 2941 968 μορφὴν
2961 898 3148 952 δούλου
3177 900 3378 963 λαϐὼν,
3402 902 3696 953 τουτέστιν

2108 985 2393 1055 ἄνθρωπος
2437 987 2697 1055 γεγονὼς,
2745 988 2840 1041 καὶ
2869 985 2981 1042 οἷον
3010 990 3067 1041 ἐν
3094 988 3223 1041 εῖδει
3267 990 3347 1059 τῷ
3378 990 3507 1043 καθ’
3544 993 3696 1059 ἡμᾶς

2108 1075 2373 1146 εὑρεθεὶς,
2399 1078 2795 1133 τεταπείνωκεν
2834 1079 3026 1132 ἑαυτὸν
3056 1079 3137 1142 εἰς
3166 1080 3421 1132 κένωσιν.
3467 1079 3693 1151 Ἐπειδὴ

2111 1168 2170 1221 δὲ
2214 1168 2308 1222 καὶ
2356 1169 2516 1225 αὑτὸν
2562 1171 2951 1242 ὑπομεμένηκε
2988 1172 3079 1226 τδν
3128 1173 3382 1237 σταυρὸν,
3438 1174 3694 1241 ὐψῶσθαί

2111 1274 2274 1325 φησιν
2301 1259 2483 1326 αὐτὸν,
2508 1259 2750 1314 δεδόσθαι
2780 1262 2836 1315 δὲ
2867 1263 3016 1335 αὐτῷ
3042 1265 3139 1317 καὶ
3162 1265 3222 1316 τὸ
3249 1264 3426 1333 ὄνομα
3457 1264 3522 1316 τὸ
3554 1266 3693 1333 ὑπὲρ

2112 1349 2220 1401 πᾶν
2246 1348 2443 1419 ὄνομα·
2480 1351 2621 1406 ὥστε
2660 1353 2754 1408 καὶ
2783 1354 2891 1407 πᾶν
2919 1354 3048 1422 γόνυ
3083 1354 3328 1423 κάμψαι,
3369 1356 3470 1408 καὶ
3508 1358 3694 1409 πᾶσαν

2111 1437 2259 1507 αὑτῷ
2283 1438 2528 1507 γλῶτταν
2557 1441 3078 1513 ἐξομολογήσασθαι.
3104 1443 3227 1506 Πῶς
3248 1440 3343 1496 οῦν
3363 1445 3394 1496 ὁ
3422 1446 3483 1496 ἐν
3513 1448 3691 1515 μορφῇ

2113 1530 2205 1582 καὶ
2240 1531 2441 1602 ἰσότητι
2463 1531 2556 1585 τοῦ
2582 1532 2717 1587 Θεοῦ
2745 1534 2954 1603 καθῆκε
2986 1534 3084 1604 μὲν
3105 1535 3297 1587 ἑαυτὸν
3320 1536 3405 1597 εἰς
3434 1534 3691 1596 κένωσιν.

451 1612 544 1668 Dei
573 1615 891 1682 exsistebat,
919 1617 987 1672 ad
1040 1619 1460 1674 exinanitionem
1509 1636 1569 1677 se
1622 1624 1925 1690 demisisse,
1958 1636 2013 1679 et

2123 1621 2363 1689 ὑψῶσθαι
2394 1622 2450 1674 δὲ
2489 1623 2629 1693 μετά
2674 1622 2832 1677 τοῦτο
2877 1625 3131 1692 λέγεται;
3160 1620 3287 1695 Ἆρ’
3314 1626 3445 1694 οὐχὶ
3489 1626 3692 1696 προδη-

453 1713 635 1772 postea
655 1705 921 1761 exaltatus
945 1709 1289 1776 perhibetur?
1334 1712 1526 1766 Annon
1552 1713 2010 1768 evidentissimum

2123 1715 2334 1770 λότατον
2371 1716 2434 1769 τὸ
2481 1716 2575 1769 τοῦ
2622 1719 2858 1788 Χριστοῦ
2900 1719 3237 1789 μυστήριονς
3284 1718 3419 1780 Θεὸς
3455 1719 3573 1788 γάρ
3623 1719 3693 1771 ὢν

453 1794 556 1848 hoc
599 1794 800 1849 Christi
846 1807 1242 1851 sacramentum
1267 1799 1386 1853 est?
1416 1798 1702 1856 Enimvero
1754 1817 1872 1858 cum
1928 1819 2015 1859 se-

452 1884 687 1939 cundum
737 1894 987 1940 naturam
1022 1887 1163 1943 Deus
1212 1901 1382 1956 esset,
1416 1891 1590 1947 factus
1613 1894 1793 1959 homo,
1831 1896 1882 1950 in
1912 1898 2013 1952 hu-

451 1974 731 2029 militatem
768 1976 1235 2049 ahjectiouemque
1269 1983 1571 2038 descendit.
1600 1985 1800 2042 Factus
1832 1999 2012 2044 autem

452 2067 621 2121 nostri
646 2069 864 2134 similis,
893 2071 1052 2142 109
1071 2074 1233 2127 etiam
1267 2090 1390 2129 cum
1423 2068 1585 2133 carne
1626 2095 1777 2134 suam
1807 2084 2016 2138 obtinet

452 2153 701 2225 gloriam.
740 2157 803 2212 Et
849 2159 961 2229 ipsa
1017 2162 1275 2218 exaltatio
1326 2180 1430 2219 non
1481 2172 1737 2224 convenit
1769 2171 1821 2225 in
1854 2171 2014 2228 Verbi

456 2254 722 2315 naturam,
755 2250 849 2303 sed
879 2251 930 2304 in
954 2252 1123 2319 ipsam
1147 2256 1327 2312 carnis
1351 2256 1835 2326 dispensationem.
1871 2263 2017 2321 Unus

450 2344 534 2390 est
567 2336 747 2406 itaque
777 2338 1022 2396 Christus
1043 2340 1184 2398 Deus
1214 2344 1266 2398 in
1299 2357 1490 2402 natura
1520 2349 1773 2418 humana,
1802 2364 1856 2407 et
1889 2370 2010 2409 cum

452 2436 642 2480 natura
702 2429 955 2498 humana,
1000 2433 1230 2503 idipsum
1290 2438 1433 2505 quod
1478 2449 1603 2495 ante
1651 2452 1789 2509 erat,
1849 2459 2019 2513 usque

452 2530 795 2585 permanens.

824 2610 909 2665 Ea:
935 2612 1169 2682 Epistula
1198 2619 1266 2669 ad
1293 2617 1641 2676 Colosrenses.

527 2697 782 2756 «Gratias
837 2715 1078 2772 agentes,
1116 2705 1310 2775 inquit,
1343 2709 1450 2764 Deo
1506 2709 1677 2777 Patri,
1704 2714 1794 2783 qui
1831 2714 2019 2785 dignos

456 2804 553 2844 nos
598 2790 723 2845 fecit
775 2791 829 2847 in
884 2804 1089 2864 partem
1144 2799 1309 2853 sortis
1352 2811 1663 2858 sanctorum
1699 2806 1748 2858 in
1778 2806 2016 2862 lumine:

454 2881 543 2948 qui
565 2882 763 2951 eripuit
796 2899 894 2941 nos
921 2887 986 2940 de
1020 2898 1282 2957 potestate
1304 2893 1746 2956 tenebrarum,et
1780 2907 2011 2953 transtu-
2045 2913 2055 2924 '

456 2970 600 3076 lit-in
629 2989 854 3076 regnum
889 2977 1007 3032 Filii
1041 2980 1349 3076 dilectionis
1380 2998 1512 3048 sum,
1541 2985 1594 3039 in
1627 3001 1733 3054 quo
1759 2988 2017 3042 habemus
2045 3021 2088 3076 ο

458 3063 902 3135 redemptionem,
964 3069 1337 3125 remissionem
1391 3084 1734 3138 peccatorum
1771 3095 1784 3129 :
1820 3079 2021 3146 quiest

458 3153 636 3223 imago
665 3156 755 3210 Dei
781 3158 1085 3221 invisibilis,
1108 3162 1494 3229 primugenitus
1514 3166 1692 3220 onmis
1733 3178 2015 3224 creaturae.

454 3243 720 3310 Quoniam
772 3246 824 3300 in
860 3247 976 3314 ipso
1032 3250 1245 3304 condita
1281 3260 1403 3305 sunt
1458 3253 1806 3321 universa,in
1868 3259 2023 3315 caelis

457 3333 587 3388 etin
613 3341 774 3400 terra,
798 3335 1028 3390 visibilis
1066 3347 1120 3391 et
1147 3337 1459 3405 invisibilia,
1484 3342 1600 3398 sive
1650 3344 1872 3411 Throni,
1910 3348 2021 3404 sive

459 3424 885 3488 Dominationes,
935 3427 1050 3481 sive
1103 3426 1464 3499 Principatus,
1519 3434 1635 3488 sive
1696 3435 2019 3507 Potestates,

458 3517 637 3570 omnia
665 3533 762 3587 per
791 3520 962 3588 ipsum
986 3531 1039 3577 et
1069 3523 1123 3577 in
1156 3524 1274 3592 ipso
1298 3536 1480 3581 creata
1506 3538 1634 3584 sunt
1662 3548 1675 3584 :
1708 3541 1760 3585 et
1799 3533 1912 3601 ipse
1939 3547 2023 3590 est

460 3615 584 3677 ante
603 3622 817 3672 omnes,
845 3619 899 3665 et
942 3614 1120 3666 omnia
1165 3614 1218 3668 in
1254 3616 1371 3685 ipso
1410 3628 1676 3675 constant.
1699 3622 1760 3676 Et
1791 3602 1902 3691 ipse
1940 3634 2025 3681 est

459 3706 620 3763 caput
647 3700 885 3770 corporis
908 3701 1181 3769 Ecclesiae,
1215 3708 1304 3775 qui
1329 3717 1412 3763 est
1450 3712 1794 3782 principium,
1824 3719 2023 3785 primo-

458 3789 673 3857 genitus
697 3806 762 3844 ex
799 3793 1061 3862 mortuis;
1090 3804 1147 3849 ut
1174 3799 1245 3851 sit
1278 3799 1330 3852 in
1359 3802 1609 3857 omnibus
1672 3804 1786 3873 ipse
1813 3808 2019 3874 prima-

461 3887 571 3932 tum
608 3889 833 3949 tencns;
865 3883 991 3951 quia
1033 3884 1087 3937 in
1131 3885 1247 3954 ipso
1280 3889 1610 3955 complacuit
1658 3908 1872 3950 onmem
1912 3899 2021 3965 ple-

460 3969 756 4027 nitudinem
775 3971 1100 4042 inhabitare,
1115 3988 1170 4029 et
1191 3991 1288 4047 per
1316 3992 1440 4033 eum
1469 3984 1822 4039 reconciliare
1841 3989 2022 4042 (ltllllla

462 4061 515 4113 in
544 4061 745 4130 ipsum:
768 4064 1060 4132 paciﬁcans
1084 4081 1179 4135 per
1208 4072 1523 4134 sanguinem
1547 4075 1725 4131 crucis
1749 4074 1887 4144 ejus,
1910 4080 2024 4133 sive

459 4161 580 4216 quae
628 4151 681 4204 in
737 4152 916 4218 terris,
968 4154 1083 4209 sive
1130 4171 1252 4225 quae
1305 4157 1359 4210 in
1421 4161 1575 4216 caelis
1602 4172 1729 4217 sunt
1755 4165 1797 4219 ⁸.
1828 4184 1847 4216 ι
1885 4166 2023 4221 Ecce

461 4241 553 4295 hic
579 4241 726 4295 illum
766 4258 954 4299 rursus
989 4248 1389 4314 inaspectahilis
1417 4250 1506 4305 Dei
1533 4252 1818 4323 imaginem
1841 4259 2023 4326 appel-

2114 1805 2298 1874 φύσει,
2331 1807 2553 1874 γέγονεν
2582 1808 2865 1880 ἄνθρωπος
2891 1811 2950 1861 ἐν
2987 1809 3316 1862 ταπεινώσει
3333 1809 3429 1862 καὶ
3462 1826 3694 1878 σμικρο-

2116 1899 2376 1969 πρεπείᾳ.
2410 1899 2653 1966 Γεγονὼς
2687 1900 2745 1954 δὲ
2774 1900 2896 1954 καθ’
2924 1901 3098 1970 ἡμᾶς,
3130 1902 3211 1963 εἰς
3240 1900 3341 1970 τὴν
3380 1900 3581 1954 ἑαυτοῦ
3615 1901 3696 1954 δό-

2117 1986 2213 2051 ξαν
2254 1990 2520 2060 άναφοιτᾷ
2563 1991 2658 2043 καὶ
2692 1990 2830 2058 μετὰ
2864 1991 3086 2060 σαρκός.
3133 1991 3245 2043 Καὶ
3284 1990 3489 2062 πρέποι
3520 1990 3589 2042 ἂν
3636 1992 3696 2043 τὺ

2117 2078 2382 2146 ὑψοῦσθαι
2413 2083 2478 2150 τῇ
2511 2080 2814 2151 οἰκονομίᾳ,
2859 2080 2956 2133 καὶ
3000 2081 3061 2133 οὐ
3091 2080 3155 2151 δὴ
3198 2080 3405 2150 μᾶλλον
3447 2082 3587 2150 αὐτῇ
3624 2085 3691 2151 τῇ

2116 2169 2276 2239 φύσει
2305 2169 2399 2223 τοῦ
2432 2170 2614 2238 λόγου.
2647 2165 2740 2234 Εἷς
2776 2166 2868 2224 οῦν
2906 2170 3017 2241 ἄρα
3048 2172 3286 2241 Χριστὸς
3332 2171 3467 2234 Θεὸς
3508 2173 3564 2223 ὲν
3598 2173 3693 2223 ἁν-

2117 2260 2458 2333 θρωπότητι,
2503 2263 2600 2315 και⁵
2648 2261 2786 2332 μετὰ
2826 2263 2925 2333 τῆς
2965 2262 3390 2334 ἀνθρωπότητος
3431 2264 3694 2335 ὑπάρχων

2115 2347 2264 2421 δῆν.
2364 2394 2377 2401 -

2479 2632 2575 2684 Ἐκ
2606 2630 2717 2699 τῆς
2750 2631 2902 2700 πρὸς
2936 2629 3335 2695 Κολασσαεῖς.

2193 2741 2212 2774 ι
2244 2723 2730 2793 Εὐχαριστοῦντες,
2758 2724 2911 2792 φησὶ,
2944 2722 3031 2793 τῷ,
3053 2722 3229 2794 Πατρὶ
3258 2721 3337 2792 τῷ
3369 2724 3695 2777 ἱκανώσαντι

2118 2817 2265 2885 ἡμᾶς
2310 2818 2401 2883 εἰς.
2432 2816 2532 2884 τὴν
2568 2815 2760 2885 μερίδα
2790 2813 2887 2868 τοῦ
2920 2814 3122 2885 κλήρου
3165 2814 3277 2866 τῶν
3307 2815 3490 2883 ἁγίων
3534 2817 3593 2867 ὲν
3621 2817 3695 2885 τῷ

2120 2903 2293 2970 φωτί·
2330 2903 2390 2966 ὃς
2421 2903 2689 2975 ἐρρύσατο
2716 2905 2860 2973 ἡμᾶς
2890 2905 2954 2956 ὲκ
2994 2902 3093 2972 τῆς
3148 2903 3403 2967 ἐξουσίας
3438 2904 3539 2958 τοῦ
3573 2905 3691 2958 σκό-

2120 2994 2372 3059 τους,καὶ
2408 2993 2736 3065 μετέστησεν
2764 2996 2844 3057 εἰς
2869 2993 2969 3064 τὴν
3005 2993 3283 3063 βασιλείαν
3310 2994 3408 3046 τοῦ
3436 2993 3571 3047 Υἱοῦ
3603 2995 3694 3063 τῆς

2120 3085 2343 3154 ἀγάπης
2386 3083 2579 3149 αὑτοῦ,
2628 3085 2686 3136 ὲν
2715 3076 2760 3151 ᾧ
2801 3083 2997 3153 ἔχομεν
3037 3084 3134 3154 τὴν
3165 3082 3577 3153 ἀπολύτρωσιν,
3604 3085 3695 3153 τὴν

2121 3176 2314 3244 ἄφεσιν
2352 3174 2459 3229 τῶν
2496 3175 2778 3246 ἁμαρτιῶν
2797 3192 2811 3205 ·
2842 3176 2901 3239 ὃς
2931 3177 3080 3229 ἐστιν
3113 3174 3280 3228 εἰκὼν
3307 3175 3407 3227 τοῦ
3436 3175 3579 3229 Θεοῦ
3606 3174 3693 3228 τοῦ

2121 3267 2377 3337 ἀοράτου,
2418 3267 2763 3349 πρωτότοκος
2799 3267 2979 3336 πάσης
3012 3266 3260 3328 κτίσεως.
3290 3266 3418 3318 Ὀτι
3447 3268 3508 3318 ὲν
3556 3267 3695 3335 αὐτῷ

2122 3357 2344 3427 ἐκτίσθη
2374 3357 2443 3410 τὰ
2471 3356 2649 3412 πάντα
2677 3359 2737 3411 ὲν
2765 3357 2841 3428 τῷ
2873 3357 3086 3428 οὐρανῷ
3114 3357 3210 3410 καὶ
3235 3357 3332 3409 ἐπὶ
3354 3358 3457 3426 τῆς
3483 3358 3611 3427 γῆς,
3633 3358 3695 3410 τι

2121 3449 2293 3518 ὁρατά
2322 3449 2417 3501 καὶ
2445 3448 2516 3501 τά
2541 3449 2769 3519 ἀόρατα,
2797 3449 2908 3501 εἴτε
2940 3448 3152 3519 Θρόνοι,
3195 3449 3306 3501 εῐτε
3332 3449 3692 3521 κυριότητες,

2122 3539 2232 3592 εἴτε
2268 3539 2477 3609 Ἀρχαὶ,
2504 3538 2615 3592 εἴτε
2658 3537 2929 3605 Ἐξουσίαι
2949 3580 2964 3603 ,
2993 3536 3061 3593 τὰ
3094 3536 3273 3591 πάντα
3302 3538 3373 3590 δι’
3405 3540 3579 3592 αὖτοῦ
3608 3540 3697 3591 καὶ

2122 3633 2202 3692 εἰς
2227 3629 2388 3683 αὐτὸν
2417 3629 2689 3683 ἔκτισται·
2721 3629 2817 3683 καὶ
2845 3630 3006 3694 αὐτός
3036 3631 3153 3683 ἔστι
3186 3631 3294 3698 πρὸ
3333 3630 3587 3690 πάντων,
3612 3630 3698 3680 καὶ

2123 3720 2188 3773 τὰ
2217 3720 2393 3773 πάντα
2418 3721 2476 3773 ὲν
2505 3719 2656 3789 αὐτῷ
2685 3719 2979 3788 συνέστηκε
3003 3737 3017 3751 ·
3045 3721 3139 3772 καὶ
3169 3720 3331 3781 αὑτός
3365 3722 3523 3773 ἐστιν
3555 3722 3589 3789 ή
3620 3735 3698 3772 κε-

2123 3810 2264 3880 φαλὴ
2301 3810 2393 3863 τοῦ
2435 3808 2687 3879 σώματος
2725 3810 2822 3879 τῆς
2855 3808 3207 3880 Ἐκκλησίας,
3242 3811 3302 3873 ὃς
3336 3812 3493 3865 ἐστιν
3530 3810 3694 3880 ἁρχὴ,

2124 3901 2460 3968 πρωτότοκος
2496 3902 2559 3952 ὲκ
2604 3899 2711 3952 τῶν
2742 3899 2987 3967 νεκρῶν·
3027 3900 3115 3953 ἵνα
3156 3901 3389 3969 γένηται
3433 3902 3494 3952 ἐν
3540 3904 3698 3953 πᾶσιν

2122 3988 2279 4050 αὐτὸς
2308 3987 2628 4056 πρωτεύων·
2661 3989 2741 4042 ὃτι
2770 3987 2829 4040 ὲν
2860 3986 3007 4056 αὐτῷ
3036 3987 3299 4057 ηὐδόκησε
3334 3990 3448 4040 πᾶν
3479 3990 3545 4041 τὸ
3574 3990 3699 4056 πλή-

2128 4094 2284 4147 ρωμα
2323 4078 2678 4145 κατοικῆσαι,
2717 4077 2811 4130 καὶ
2841 4078 2906 4130 δι’
2943 4076 3105 4131 αὐτοῦ
3139 4080 3597 4144 ἀποκαταλλάξαι
3639 4082 3701 4133 τὰ

2126 4170 2303 4222 πάντα
2330 4168 2409 4230 εἰς
2437 4168 2601 4220 αὐτόν
2620 4184 2634 4197 ·
2661 4169 3079 4239 εἰρηνοποιήσας
3107 4168 3195 4221 διὰ
3221 4168 3315 4222 τοῦ
3342 4171 3586 4239 αἵματος
3611 4172 3700 4224 τοῦ

2128 4259 2363 4329 σταυροῦ
2393 4259 2561 4311 αὐτοῦ
2601 4258 2709 4311 εἴτε
2739 4258 2809 4312 τὰ
2847 4260 2941 4312 ἐπὶ
2965 4259 3063 4328 τῆς
3095 4260 3217 4329 γῆς,
3249 4260 3360 4312 εἴτε
3391 4262 3462 4313 τά
3494 4263 3556 4313 ὲν
3596 4264 3699 4323 τοῖς

462 4331 572 4399 lat;
604 4331 977 4411 Throuosque,
1006 4336 1347 4405 Principatus
1374 4351 1429 4394 et
1461 4342 1861 4400 Domiuationes
1891 4363 2019 4402 con-

2130 4353 2393 4421 οὺρανοίς.
2422 4368 2440 4401 ›
2480 4351 2611 4404 Ἰδοὺ
2642 4350 2708 4421 δὴ
2737 4350 2899 4404 πάλιν
2929 4352 3112 4405 εἰκόνα
3157 4352 3255 4421 μὲν
3299 4351 3397 4404 τοῦ
3431 4351 3577 4406 Θεοῦ
3614 4352 3700 4405 τοῦ

463 4423 684 4488 didisse,
713 4428 1002 4496 omniaque
1038 4429 1087 4480 in
1126 4428 1246 4498 ipso
1300 4439 1347 4484 et
1406 4446 1499 4501 per
1550 4433 1727 4501 ipsum
1773 4448 2024 4494 constare

463 4523 649 4582 aperte
703 4515 981 4572 aliirmat:
1031 4528 1140 4572 tum
1213 4523 1455 4589 corporis
1497 4538 1711 4592 quoque
1769 4527 2025 4584 Ecclesiae

463 4613 648 4673 caput,
676 4608 1196 4678 primogenitumque
1224 4625 1289 4665 ex
1338 4614 1562 4668 mortuis
1612 4620 1857 4671 eumdem
1891 4635 2026 4689 pra:-

463 4696 627 4749 dicat.
659 4696 876 4767 Ecquis,
904 4700 1118 4767 amabo,
1161 4700 1338 4771 imago
1391 4701 1507 4769 Dei,
1538 4706 2024 4778 universorumque

466 4786 716 4840 conditor
765 4798 870 4853 est,
906 4792 1005 4843 nisi
1044 4793 1273 4860 ipsemet
1320 4796 1627 4863 unigenitus
1676 4797 1767 4853 Dei
1819 4799 2026 4857 Filius?

465 4878 556 4946 qui
611 4878 773 4932 etiam
841 4880 1014 4935 factus
1061 4894 1143 4938 est
1200 4895 1535 4941 mortuorum
1600 4890 2022 4960 primogenitns;

467 4968 661 5039 quippe
694 4969 783 5038 qui
821 4970 871 5023 in
905 4973 1209 5039 suaipsius,
1236 4984 1290 5029 et
1325 4993 1430 5031 non
1485 4980 1542 5033 in
1589 4982 1815 5036 alterius
1846 4983 2027 5053 cujus-

467 5060 606 5128 piam
668 5075 833 5116 carne
888 5074 1112 5116 mortem
1169 5068 1409 5133 oppetiit.
1485 5068 1666 5135 Quare
1732 5089 1869 5129 unus
1935 5085 2020 5130 est

465 5151 712 5210 Christus
735 5163 785 5209 et
813 5153 1003 5221 Filius,
1026 5155 1165 5213 Deus
1187 5160 1342 5212 simul
1374 5171 1430 5215 et
1461 5162 1639 5218 homo.

753 5340 910 5409 llo
929 5338 1012 5394 Ea:
1039 5341 1277 5411 Epistula
1308 5348 1376 5399 ad
1411 5345 1680 5403 llebrmos.

545 5443 565 5476 ι
623 5426 964 5484 Mullifariam
1031 5434 1317 5503 multisque
1353 5440 1523 5493 modis
1585 5440 1710 5493 ulint
1762 5440 1899 5497 Deus
1946 5442 2021 5495 lo-

483 5609 489 5615 ’
545 5584 786 5655 'Philpp.
825 5603 881 5652 tt,
906 5590 1055 5645 5-H.
1136 5592 1380 5647 eColuss.
1420 5609 1514 5657 χιι,
1546 5595 1631 5647 ΞΟ.

2131 4443 2358 4510 ἀοράτου
2398 4442 2560 4510 φησὶν
2601 4441 2790 4495 αὐτόν·
2838 4440 3086 4494 ἐκτίσθαι
3112 4440 3180 4493 δι’
3223 4441 3392 4495 αὐτοῦ
3428 4442 3700 4512 Θρόνους,

2130 4534 2219 4585 καὶ
2256 4532 2454 4604 Ἀρχὰς
2473 4572 2488 4596 ,
2518 4533 2611 4585 καὶ
2641 4532 2981 4602 Κυριότητας
3026 4530 3435 4585 διαϐεϐαιοῦται
3471 4533 3663 4601 σαφῶς
3686 4548 3701 4563 ·

2136 4625 2228 4677 καὶ
2254 4626 2331 4688 εἰς
2359 4625 2517 4677 αὑτὸν
2555 4624 2625 4677 τὰ
2672 4623 2848 4676 πάντα
2873 4624 2968 4675 καὶ
2997 4626 3055 4676 ὲν
3083 4623 3235 4693 αὺτῷ
3264 4625 3599 4678 συνεστάναι
3626 4624 3701 4676 λέ·

2131 4736 2247 4787 γει·
2281 4718 2375 4771 καὶ
2414 4718 2575 4770 αὑτὸν
2616 4712 2756 4769 εἶναι
2793 4716 2903 4787 τῆν’
2921 4716 3164 4788 κεφαλὴν
3190 4716 3285 4769 τοῦ
3319 4717 3579 4787 σώματος
3612 4719 3701 4786 τῆς

2144 4809 2489 4880 Ἐκκλησίας,
2518 4809 2613 4862 καὶ
2638 4808 2981 4876 πρωτότοκον
3007 4809 3071 4860 ὲκ
3093 4806 3202 4860 τῶν
3226 4805 3458 4876 νεκρῶν.
3489 4807 3592 4868 Τίς
3614 4804 3700 4858 οὖν

2131 4903 2240 4970 ἄρα
2267 4903 2413 4955 ἐστὶν
2438 4904 2471 4972 ὴ
2504 4900 2664 4954 εἰκὼν
2700 4901 2794 4953 τοῦ
2825 4897 2981 4966 Θεοῦ,
3011 4899 3039 4951 ὁ
3068 4897 3295 4967 κτίστης
3325 4896 3435 4949 τῶν
3464 4897 3628 4956 ὅλων,
3656 4897 3699 4947 εἰ

2136 4992 2209 5062 μὴ
2243 4992 2402 5054 αὐτὸς
2426 4993 2454 5044 ὁ
2489 4992 2781 5062 μονογενὴς
2805 4988 2901 5043 τοῦ
2928 4988 3063 5042 Θεοῦ
3096 4986 3253 5053 Hoc;
3287 4987 3347 5049 ὃς
3373 4988 3472 5039 xui.
3509 4988 3698 5055 γέγονε

2134 5081 2472 5150 πρωτότοκος
2518 5082 2583 5133 ἐκ
2613 5081 2842 5151 νεκρῶν,
2879 5079 2955 5143 ὡς
2995 5076 3280 5132 ἀποθανὼν
3317 5080 3385 5148 τῇ
3428 5079 3597 5146 σαρκὶ
3636 5078 3699 5143 τῇ

2138 5171 2261 5240 ἰδίᾳ,
2295 5172 2389 5224 καὶ⁸
2432 5171 2552 5241 οὐχὶ
2600 5172 2664 5241 δὴ
2699 5172 2899 5241 μᾶλλον
2936 5171 3001 5241 τῇ
3045 5186 3188 5232 τινος
3228 5168 3437 5240 ἐτέρου.
3479 5163 3575 5231 Εἷς
3611 5162 3699 5220 οὖν

2134 5262 2365 5333 Χριστὸς
2393 5263 2487 5315 καὶ
2513 5263 2661 5328 Υἱὸς,
2686 5262 2818 5325 Θεός
2843 5278 2903 5313 τε
2930 5248 3067 5330 ὁμοῦ
3094 5260 3188 5313 καὶ
3215 5259 3522 5329 ἄνθρωπος.

2523 5352 2619 5403 Ἐκ
2650 5349 2761 5417 τῆς
2795 5350 2944 5415 πρὸς
2990 5348 3311 5416 Ἐϐραίους.

2215 5462 2231 5492 ι
2262 5441 2587 5512 Πολυμερῶς
2628 5441 2717 5494 καὶ
2770 5439 3124 5511 πολυτρόπως
3173 5439 3336 5492 πάλαι
3367 5438 3394 5489 ὁ
3426 5434 3557 5500 Θεὸς
3598 5434 3695 5488 λα-
