3942 6128
237 228 376 285 1509

1338 224 1427 278 DE
1456 219 1683 278 RECTA
1721 221 1881 278 FIDE
1916 225 2007 280 AD
2039 226 2358 283 REGINAS.

3337 234 3475 289 1510

235 334 406 404 λήσας
432 337 546 394 τοῖς
579 334 847 404 πατράσιν
877 335 934 387 ὲν
964 336 1074 398 τοῖς
1107 336 1434 406 προφήταις,
1463 335 1551 387 ἐπ’
1577 333 1810 403 ἐσχάτου

1923 351 2085 406 quens
2117 340 2366 407 patribus
2406 339 2456 392 in
2483 337 2781 407 prnpbetis,
2815 340 3110 394 novissime
3140 341 3328 397 diebus
3357 343 3475 398 istis

238 423 345 477 τῶν
372 425 592 494 ἡμερῶν
631 424 834 481 τούτων
864 424 1123 493 ἐλάλησεν
1151 428 1283 495 ἡμῖν
1305 427 1362 477 ὲν
1387 425 1522 495 Υἰῷ,
1551 425 1610 478 ὃν
1641 425 1804 495 ἔθηκε

240 515 571 586 κληρονόμον
609 515 847 576 πάντων,
888 515 955 567 δι’
995 507 1057 567 οὗ
1092 516 1186 568 καί⁸
1219 517 1345 579 τοὺς
1381 515 1579 579 αἰῶνας
1617 516 1805 585 ἐποίη-

242 620 352 656 σεν.
379 622 398 654 ι
445 603 607 656 Φύσει
648 603 757 656 τῶν
800 605 937 656 ὅλων
972 603 1176 674 Κύριος
1225 604 1362 674 μετὰ
1403 602 1498 656 τοῦ
1545 602 1680 657 Θεοῦ
1714 604 1808 656 καὶ

241 694 452 763 Πατρὸς
477 686 840 763 ὁΜονογενὴς
866 694 1031 747 αὑτοῦ
1060 693 1231 761 Λόγος
1248 690 1388 747 εἶναι
1414 693 1802 747 πεπίστευται·

237 781 445 834 τίθεται
481 781 538 833 δὲ
581 780 946 850 κληρονόμος,
1003 784 1083 835 ὅτι
1136 783 1327 849 γέγονε
1376 782 1544 852 σάρξ·
1589 783 1804 853 εἴρηται

238 873 347 942 γὰρ
380 873 516 943 πρὸς
544 872 727 936 αὑτὸν,
755 872 831 934 ὡς
858 872 978 926 καθ’
1003 874 1149 943 ἡμᾶς
1179 872 1464 942 ἄνθρωπον
1491 872 1752 940 γεγονότα
1776 883 1804 912 ι

238 964 304 1016 δι’
333 964 508 1033 ἡμᾶς’
547 981 566 1013 ι
595 963 825 1033 Αἴτησαι
860 964 986 1031 παρ’
1033 964 1189 1033 ἐμοῦ,
1220 966 1316 1018 καὶ
1359 964 1515 1016 δώσω
1548 980 1629 1015 σοι
1675 962 1804 1031 ἔθνη

240 1050 338 1122 τὴν
372 1052 733 1122 κληρονομίαν
769 1069 862 1105 σου
888 1091 901 1110 .
946 1055 1040 1105 καὶ
1076 1053 1174 1122 τὴν
1223 1052 1549 1122 κατάσχεσίν
1601 1068 1695 1103 σου
1740 1053 1806 1104 τὰ

242 1142 454 1211 πέρατα
495 1144 594 1211 τῆς
640 1145 762 1212 γῆς.
790 1163 809 1193 ι
866 1142 1028 1196 Ἀλλὰ
1070 1144 1137 1196 δι’
1180 1142 1344 1197 αὐτοῦ
1375 1142 1468 1196 τοῦ
1517 1142 1674 1207 Θεοῦ,
1711 1141 1804 1193 τοῦ

242 1232 577 1302 κληρονόμου
601 1232 690 1285 διὰ
717 1232 777 1285 τὸ
813 1232 1148 1304 ἀνθρώπινον
1169 1275 1184 1299 ,
1217 1234 1311 1286 καὶ
1339 1233 1534 1295 αὐτοὺς
1578 1231 1806 1300 πεποιῆ-

243 1322 368 1376 σθαι
401 1325 525 1384 τοὺς
564 1324 777 1386 αἱῶνάς
802 1341 985 1393 φησιν,
1030 1327 1108 1388 εἰς
1145 1325 1204 1378 τὸ
1229 1324 1322 1377 τοῦ
1371 1325 1542 1391 Λόγου
1570 1324 1806 1393 πρεσϐύ-

241 1431 403 1467 τατον
428 1413 522 1466 τοῦ
556 1414 877 1482 πράγματος
899 1414 1113 1485 ἔχοντος
1137 1416 1236 1486 τὴν
1265 1416 1561 1486 ἀναφοράν.
1596 1409 1689 1477 Εἷς
1717 1410 1809 1467 οὖν

244 1503 349 1572 ἄρα
394 1503 632 1572 Χριστὸς
679 1505 772 1556 καὶ
804 1504 967 1567 Υἱὸς,
1011 1507 1039 1557 6
1076 1505 1239 1569 αὑτός
1275 1522 1334 1558 τε
1373 1503 1510 1575 ὁμοῦ
1547 1504 1678 1567 Θεὸς
1718 1505 1811 1557 καὶ

254 1592 352 1647 ἄνθ
362 1607 565 1662 ρωπος.
604 1584 629 1605 ’

319 1699 339 1732 ι
376 1682 471 1744 Ὃς
502 1679 578 1733 ὢν
624 1681 963 1751 ἀπαύγασμα
1013 1681 1110 1751 τῆς
1156 1682 1343 1752 δόξης,
1389 1683 1485 1737 καὶ
1528 1681 1807 1754 χαρακτὴρ
1841 1673 1886 1733 Β

250 1768 351 1839 τῆς
391 1770 742 1833 ὑποστάσεως
777 1769 964 1835 αὐτοῦ,
995 1771 1175 1842 φέρων
1203 1789 1262 1824 τε
1296 1771 1364 1824 τὰ
1400 1773 1574 1825 πάντα
1608 1770 1684 1839 τῷ
1719 1773 1812 1841 ρή-

247 1875 379 1927 ματι
418 1859 517 1926 τῆς
552 1856 835 1927 δυνάμεως
879 1858 1067 1920 αὐτοῦ,
1121 1856 1459 1927 καθαρισμὸν
1489 1856 1597 1909 τῶν
1629 1857 1813 1925 ἁμαρ-

242 1948 370 2002 τιῶν
403 1948 794 2018 ποιησάμενος,
826 1948 1079 2001 ἐκάθισεν
1127 1950 1185 2001 ὲν
1223 1948 1372 2018 δεξιᾷ
1416 1947 1518 2016 τῆς
1562 1946 1814 2017 μεγαλω-

252 2040 422 2109 σύνης
453 2041 511 2092 ἐν
540 2039 763 2107 ὑψηλοῖς
781 2054 796 2069 ο
829 2039 1070 2108 τοσούτῳ
1104 2038 1368 2108 κρείττων
1394 2037 1680 2105 γενόμενος
1707 2035 1813 2088 τῶν

244 2129 506 2197 ἀγγέλων,
548 2130 657 2200 ὅσῳ
724 2128 1104 2200 διαφορότερον
1141 2127 1311 2198 ὄνομα
1342 2127 1473 2197 παρ’
1497 2127 1693 2188 αὐτοὺς
1724 2143 1812 2178 xa-

244 2219 636 2289 κληρονόμηκε.
669 2238 686 2270 ι
731 2219 803 2272 Τὸ
839 2218 1325 2288 ἀπαύγασμα.τῆς
1356 2216 1533 2286 δόξης,
1564 2219 1593 2269 6
1638 2232 1811 2286 χαρα-

245 2308 383 2379 κτὴρ
413 2309 512 2378 τῆς
550 2309 898 2372 ὑποστάσεως
929 2308 1025 2361 τοῦ
1059 2307 1194 2360 Θεοῦ
1242 2308 1338 2360 καὶ
1369 2306 1602 2375 Πατρὸς,
1652 2322 1813 2359 τουτ-

242 2400 389 2451 έστιν
420 2400 448 2451 6
478 2396 539 2462 ἐξ
580 2397 742 2451 αὐτοῦ
792 2399 932 2451 κατὰ
963 2396 1124 2466 φύσιν
1158 2397 1287 2460 Υἱὸς
1334 2395 1646 2466 μονογενὴς,
1692 2394 1816 2447 τίνα

244 2490 444 2561 τρόπον
474 2489 818 2558 καθαρισμὸν
852 2489 960 2541 τῶν
987 2488 1273 2560 ἁμαρτιῶν
1320 2488 1474 2558 ὴμῶν
1510 2486 1813 2556 ποιησάμε-

248 2597 352 2642 νος,
384 2579 541 2649 δῆλον
570 2578 625 2630 δὲ
657 2581 741 2633 ὅτι
773 2579 860 2632 διὰ
891 2579 985 2631 τοῦ
1018 2579 1248 2649 αἵματος
1286 2578 1475 2642 αὑτοῦ,
1520 2576 1815 2630 κεκάθικεν

246 2674 303 2724 ὲν
342 2672 488 2741 δεξιᾷ
517 2670 610 2723 τοῦ
647 2670 882 2741 Πατρὸς,
911 2671 1005 2723 καὶ
1041 2670 1302 2741 κρείττων
1328 2668 1577 2738 γενέσθαι
1601 2668 1815 2736 λέγεται

244 2762 352 2816 τῶν
393 2761 672 2830 ἀγγέλων,
729 2760 906 2814 καίτοι
951 2761 1090 2815 κατὰ
1131 2760 1292 2825 φύσιν
1324 2761 1416 2813 καὶ
1452 2762 1518 2830 τῇ
1565 2758 1664 2828 τῆς
1700 2757 1816 2810 θεό⁴

244 2871 404 2925 τητος
441 2856 681 2924 ὑπεροχῇ
710 2853 779 2906 τὰ
809 2853 987 2905 πάντα
1015 2851 1211 2917 νικῶν;
1241 2850 1447 2904 Οὐκοῦν
1478 2851 1571 2903 καὶ
1604 2848 1815 2918 ἄνθρω-

249 2963 346 3009 πος
371 2945 631 3014 γεγονὼς,
659 2943 1147 3012 πεπλεονέκτηκεν,
1170 2942 1246 3005 ὡς
1274 2942 1425 3005 Θεὸς,
1457 2941 1557 3009 τὴν
1587 2941 1814 3009 ἀόρατον

248 2995 460 3098 ite-iob...
543 2995 809 3094 αὸτὸςῶν
843 2995 1183 3099 ἀπαύγασμα
1227 2995 1321 3082 καὶ
1370 2995 1672 3100 γάρακτὴρ,
1722 3027 1817 3079 καὶ
1841 2995 1886 3054 c

248 3125 621 3194 ἐργασάμενος
667 3120 777 3175 τῶν
827 3121 1109 3192 ἁμαρτιῶν
1155 3121 1311 3191 ἡμῶν
1355 3122 1447 3173 τὸν
1481 3119 1821 3190 καθαρισμὸν

248 3214 438 3284 αἵματι
472 3214 548 3284 τῷ
589 3213 722 3284 ἰδίῳ.
753 3207 847 3277 Εἷς
893 3208 986 3266 οὖν
1039 3213 1148 3284 ἄρα
1181 3211 1414 3282 Χριστὸς
1438 3251 1452 3276 ,
1498 3211 1593 3263 καὶ
1660 3210 1817 3276 Υἱὸς,

248 3305 344 3357 καὶ
384 3303 608 3376 Κύριος.

326 3416 344 3447 ι
376 3396 444 3447 Ὅ
472 3413 532 3448 τε
569 3396 678 3467 γὰρ
718 3394 960 3463 ἁγιάζων
988 3396 1084 3448 καὶ
1113 3396 1161 3447 οἱ
1201 3395 1574 3464 ἁγιαζόμενοι,
1603 3394 1663 3457 ἐξ
1702 3392 1820 3454 ἑνὸς

249 3486 472 3546 πάντες.
502 3486 579 3535 Δι’
604 3487 671 3552 ἢν
697 3484 873 3535 αἰτίαν
900 3484 998 3535 οὐκ
1030 3482 1415 3551 ἐπαισχύνεται
1440 3482 1700 3547 ἀδελφοὺς
1730 3479 1821 3531 αὺ-

248 3577 376 3635 τοὺς
401 3573 602 3634 καλεῖν,
636 3572 841 3639 λέγων’
885 3570 1203 3637 Ἀπαγγελῶ
1245 3570 1305 3621 τὸ
1354 3570 1522 3635 ὄνομά
1571 3585 1664 3619 σου
1711 3570 1822 3629 τοῖς

253 3663 502 3730 ἀδελφοῖς
542 3679 664 3731 μου.
691 3681 709 3711 ›
746 3662 818 3712 Τὸ
848 3663 989 3713 κατὰ
1018 3660 1179 3728 φύσιν
1206 3661 1357 3727 ἆγιον
1385 3660 1483 3728 οὺχ
1514 3658 1819 3726 ἁγιάζεται,

252 3755 334 3805 ὅτι
363 3755 434 3823 μή
465 3755 578 3805 ἐστι
606 3752 860 3823 προσδεὲς
877 3751 1178 3821 ἁγιασμοῦο
1209 3752 1267 3803 τό
1295 3767 1360 3819 γε
1404 3751 1510 3819 μὴν
1564 3750 1639 3811 ὡς
1686 3748 1819 3818 μεθ-

252 3844 360 3908 έξει
406 3846 469 3914 τῇ
522 3844 648 3913 παρ’
693 3843 876 3912 ἑτέρου
906 3843 1126 3910 γεγονὸς
1173 3842 1365 3909 ἅγιον,
1411 3839 1658 3908 ἁγιάζειν
1703 3837 1821 3890 ἐτέ-

256 3953 380 4004 ρους
406 3937 467 3987 οὐ
500 3933 744 3987 δύναται.
774 3932 895 3995 Πῶς
928 3931 1022 3986 οὖν
1048 3935 1075 3986 6
1103 3932 1261 3995 αὐτὸς
1293 3930 1509 4000 ἁγιάζει
1542 3928 1635 3982 καὶ
1663 3929 1822 3996 ἁγιά-

252 4025 438 4088 ζεται,
478 4024 758 4096 ζητητέον.
797 4023 1036 4090 ’Λγιάζει
1074 4023 1271 4087 τοίνυν,
1316 4023 1389 4085 ὡς
1433 4020 1592 4085 Θεὸς,
1629 4020 1821 4089 ἰδίωμα

253 4116 466 4184 φύσεως
513 4116 612 4183 τῆς
665 4114 857 4168 ἑαυτοῦ
893 4114 953 4167 τὸ
1003 4114 1246 4182 ἁγιάζειν
1295 4112 1559 4166 δύνασθαι
1601 4110 1815 4181 λαχών·

254 4208 533 4275 ἁγιάζεται
553 4207 609 4259 δὲ
637 4205 753 4276 μεθ’
776 4205 951 4274 ἡμῶν,
975 4205 1117 4257 κατὰ
1143 4205 1203 4257 τὸ
1229 4202 1585 4274 ἀνθρώπινον.
1612 4198 1705 4265 Εἷς
1728 4197 1820 4254 οὖν

1912 427 2119 482 locutus
2147 436 2231 482 est
2268 429 2424 483 nobis
2457 430 2510 482 in
2541 428 2697 497 Filio,
2723 444 2880 497 quem
2898 431 3179 485 constituit
3209 432 3473 487 luet-edem

1913 519 2314 581 universorum,
2340 534 2434 588 per
2455 534 2613 588 quem
2659 519 2788 575 fecit
2830 532 2881 589 et
2914 520 3108 575 saecula
3133 523 3178 574 ⁷.
3219 540 3238 573 ι
3268 520 3473 590 Uuige-

1913 609 2087 663 nitum
2126 608 2223 663 Dei
2263 603 2495 664 Verbum
2544 626 2646 663 una
2684 626 2809 665 cum
2840 611 2951 666 Deo
3004 612 3163 667 Patre
3214 612 3477 666 naturalis

1916 713 2093 753 rerum
2177 701 2418 754 omnium
2472 702 2727 756 Dominus
2756 717 2875 757 esse
2903 702 3187 757 creditur:
3223 713 3278 755 at
3344 702 3473 770 quia

1910 808 2038 847 caro
2106 792 2303 847 factum
2357 804 2459 854 est.
2496 796 2724 852 lueredis
2781 813 2993 867 qunque
3066 798 3477 866 appellationem

1916 884 2161 937 sortitum
2196 892 2300 938 est.
2325 884 2531 938 Dictum
2563 895 2644 940 est
2677 901 2906 955 namque
2939 890 3009 943 ad
3043 888 3197 953 illud,
3225 897 3478 956 tanquam

1915 973 1979 1025 ad
2005 973 2271 1026 hominem
2305 976 2473 1028 nostri
2518 989 2679 1029 causa
2730 977 2900 1031 nostri
2929 978 3158 1032 similem
3194 977 3477 1034 cﬂ'ectum:

1920 1082 1939 1114 r
1979 1063 2194 1117 Postula
2236 1079 2265 1116 a
2295 1079 2397 1125 me,
2434 1073 2491 1118 et
2518 1066 2657 1119 dabo
2710 1065 2808 1118 tibi
2870 1076 3058 1135 gentes
3105 1068 3479 1121 haereditatem

1917 1150 2085 1219 tinam,
2131 1162 2187 1206 et
2241 1154 2639 1222 possessionem
2691 1165 2838 1207 tuam
2885 1158 3151 1210 terminos
3208 1166 3362 1228 teryzc
3383 1156 3424 1209 ⁸.
3456 1174 3476 1208 ι

1914 1243 2295 1297 Verumtamen
2325 1258 2419 1312 per
2441 1245 2616 1313 ipsum
2642 1252 2895 1315 tanquam
2929 1261 3022 1314 per
3049 1246 3235 1310 Deum,
3265 1255 3483 1314 propter

1918 1335 2207 1389 humanam
2258 1344 2507 1389 naturam
2557 1336 2790 1391 haaredis
2843 1336 3104 1391 vocabulo
3134 1336 3481 1405 appellatum,

1918 1426 2028 1493 ipsa
2058 1440 2274 1495 quoque
2306 1426 2501 1481 saecula
2547 1427 2761 1482 condita
2802 1428 2998 1481 asserit
3038 1443 3054 1481 :
3092 1426 3279 1480 tribuit
3338 1426 3480 1479 enim

1918 1515 1969 1566 id
2037 1528 2262 1567 summa:
2322 1515 2484 1569 Verbi
2549 1517 2878 1585 antiquitati.
2951 1516 3102 1572 Untts
3164 1516 3346 1584 itaque
3401 1526 3485 1570 est

1919 1603 2171 1658 Christus
2226 1612 2274 1658 et
2309 1604 2497 1669 Filius,
2522 1607 2661 1660 idem
2696 1607 2835 1663 Deus
2868 1608 3027 1661 simul
3076 1615 3130 1661 et
3161 1609 3341 1661 homo.

1989 1711 2009 1746 ι
2033 1696 2131 1760 Qui
2166 1710 2287 1748 cum
2326 1695 2399 1748 sit
2427 1696 2683 1765 splendor
2709 1698 2914 1765 gloriae,
2938 1708 2992 1751 et
3033 1700 3200 1766 ﬁgura
3235 1699 3484 1753 substan-

1917 1784 2002 1838 tia:
2032 1786 2167 1853 ejus,
2198 1796 2529 1852 portansque
2579 1788 2761 1840 omnia
2822 1788 2985 1841 verbo
3024 1789 3236 1841 virtutis
3271 1803 3398 1849 sme,
3432 1797 3487 1841 et

1915 1874 2286 1943 purgationem
2336 1885 2680 1951 peccatorum
2737 1874 2962 1942 faciens,
3008 1877 3156 1929 sedet
3197 1877 3261 1929 ad
3304 1877 3484 1929 dexte—

1917 1981 2030 2019 ram
2087 1964 2387 2031 majestatis
2432 1966 2484 2018 in
2534 1965 2983 2021 excelsis:tanto
3034 1965 3229 2019 melior
3282 1964 3483 2033 angelis

1914 2057 2159 2120 eii'ectus,
2199 2063 2400 2122 quanto
2424 2054 2760 2111 dilferentius
2801 2070 2997 2110 nomen
3031 2070 3139 2123 prae
3172 2054 3276 2108 illis
3311 2055 3484 2108 luere-

1914 2145 2173 2199 ditavit’.
2214 2165 2234 2197 ι
2270 2144 2406 2211 Qua,
2439 2160 2642 2213 quaeso,
2683 2147 2897 2201 ratione
2934 2146 3195 2214 splendor
3224 2145 3316 2198 ille
3367 2143 3484 2212 glo-

1919 2236 2011 2288 ria:
2063 2245 2406 2302 pateramque
2438 2235 2755 2289 substantia:
2776 2237 3082 2299 character,
3109 2236 3211 2288 hoc
3241 2244 3324 2287 est
3360 2235 3482 2285 uni-

1915 2324 2125 2392 genitus
2152 2323 2239 2377 Dei
2270 2323 2460 2387 Filius,
2495 2323 2585 2392 qui
2638 2324 2955 2378 naturaliter
2983 2339 3045 2379 ex
3095 2323 3186 2377 illo
3219 2322 3483 2391 procedit,

1917 2424 2256 2483 peccatorum
2302 2413 2677 2483 purgationem
2733 2411 2940 2468 faciens
2985 2411 3244 2484 (dubium
3301 2422 3483 2467 autem

1917 2502 2118 2557 nullum
2144 2511 2249 2566 est,
2269 2502 2396 2569 quin
2420 2516 2515 2570 per
2535 2502 2807 2570 proprium
2832 2501 3169 2571 sanguinem)
3204 2501 3269 2554 ad
3311 2499 3487 2553 Patris

1916 2593 2193 2644 dexteram
2247 2591 2550 2655 considere,
2592 2591 2828 2658 ipsisque
2871 2587 3075 2658 angelis
3128 2587 3484 2642 excellentior

1919 2681 2090 2735 iactus
2113 2681 2467 2748 prmdicatur?
2528 2681 2722 2733 Annon
2774 2678 3067 2732 secundum
3103 2673 3486 2734 naturam.di-

1917 2770 2263 2839 vinitatisque
2285 2770 2656 2834 eminentiam,
2681 2769 2837 2837 longe
2853 2766 3069 2820 excellit
3094 2765 3272 2819 omnia
3291 2763 3317 2816 Ἰ
3343 2763 3486 2816 Sane

1917 2859 2057 2913 idem
2087 2858 2309 2912 omnino
2341 2865 2397 2909 ut
2427 2856 2585 2916 Deus,
2604 2864 2950 2923 paternasque
2973 2849 3287 2904 substantia:
3313 2850 3481 2915 ﬁgura

1917 2958 1972 3003 et
2009 2947 2285 3017 splendor,
2322 2945 2730 3015 inspectabilem
2775 2943 2919 2995 illam
2969 2948 3271 2993 creaturam
3326 2937 3484 3005 longe

1920 3038 2140 3095 excellit
2169 3039 2328 3091 etiam
2360 3038 2518 3090 homo
2554 3034 2753 3097 factus,
2781 3044 2836 3086 et
2855 3031 3117 3098 sanguine
3147 3044 3245 3082 suo
3266 3036 3486 3098 peccata

1920 3138 2101 3185 nostra
2125 3127 2441 3182 emundans.
2468 3125 2618 3181 Unus
2650 3125 2836 3193 itaque
2857 3131 2940 3177 est
2960 3120 3214 3176 Christus
3234 3131 3286 3174 et
3318 3116 3488 3174 Filius

1918 3232 1972 3278 et
2003 3221 2283 3277 Dominus.

1994 3419 2013 3452 ι
2054 3399 2154 3465 Qui
2210 3397 2535 3463 sanctiﬁcat,
2566 3407 2619 3452 et
2656 3397 2747 3466 qui
2803 3395 3233 3453 sanctiﬁcantur.
3262 3406 3326 3445 ex
3377 3405 3486 3442 uno

1919 3486 2376 3553 omnes.Propter
2406 3502 2565 3555 quam
2591 3501 2809 3539 causam
2840 3501 2945 3539 non
2973 3482 3324 3537 confunditur
3372 3479 3484 3531 fra-

1923 3588 2031 3631 tres
2056 3591 2151 3629 eos
2209 3591 2421 3637 vocare,
2453 3576 2672 3628 dicens:
2710 3574 3055 3627 Aununtiabo
3101 3588 3293 3625 nomen
3331 3579 3481 3623 tuum

1923 3663 2183 3717 fratribus
2246 3663 2380 3715 meis
2414 3661 2479 3713 ¹⁰.
2512 3680 2529 3711 ι
2567 3661 2717 3726 Quod
2766 3670 2954 3727 suapte
3008 3669 3199 3711 natura
3244 3665 3486 3709 sanctum

1921 3761 2025 3816 est,
2056 3751 2107 3803 id
2140 3764 2245 3802 non
2286 3750 2689 3807 sanctilicatur;
2722 3746 3155 3814 quandoquidem
3182 3744 3334 3811 111
3360 3758 3488 3795 san-

1921 3841 2253 3897 etillcatinne
2309 3837 2447 3891 nulla
2500 3838 2729 3903 indiget.
2760 3835 2914 3901 Quod
2956 3845 3132 3887 autem
3191 3833 3487 3902 participa-

1925 3934 2065 3988 tione
2096 3930 2327 4000 quadam
2365 3928 2433 3982 ab
2487 3928 2594 3980 alio
2623 3925 3107 3981 sanctiﬁcationem
3138 3931 3488 3977 consecutum

1921 4034 2022 4087 est,
2062 4024 2114 4076 id
2144 4021 2280 4076 alios
2306 4020 2649 4087 sanctiﬁcare
2689 4032 2794 4070 non
2828 4025 3020 4084 potest.
3051 4013 3322 4091 Quaeritur
3362 4026 3490 4080 ergo

1921 4113 2190 4182 quomodo
2210 4113 2348 4165 idem
2382 4110 2702 4171 sanctilicct,
2722 4107 3063 4173 vicissimque
3092 4103 3485 4158 sanctiﬁcetnr.

1922 4205 2070 4260 Haud
2099 4203 2258 4255 dubie
2282 4201 2511 4254 Verbum
2567 4199 2928 4261 incarnatum,
2959 4207 3016 4249 ut
3049 4195 3209 4259 Deus,
3239 4191 3485 4247 sanctiﬁ—

251 4299 357 4368 ἄρα
381 4297 613 4369 Χριστὸς
639 4298 731 4349 καί⁸
763 4296 886 4358 re;
920 4297 1009 4348 καὶ
1040 4294 1242 4365 Κύριος
1264 4333 1280 4358 ,
1313 4293 1553 4361 ἁγιάζων
1583 4294 1681 4362 μὲν
1711 4292 1815 4345 θεῖ-

1923 4303 2115 4357 cat,ut
2156 4293 2297 4359 quod
2348 4288 2720 4343 sanctiﬁcandi
2780 4286 2885 4339 vim
2941 4300 3050 4338 sua:
3104 4292 3309 4336 natura:
3363 4294 3489 4348 pro-

252 4390 381 4454 κῶς,
412 4388 768 4458 ἁγιαζόμενος
809 4387 864 4440 δὲ
895 4387 1011 4456 μεθ’
1039 4390 1069 4457 ἡ
1081 4387 1194 4456 μῶν
1224 4387 1595 4456 ἀνθρωπίνως.

1917 4387 2198 4455 prietatem
2261 4381 2619 4435 obtineatzat
2680 4393 2805 4431 vero
2853 4378 3145 4430 secundum
3197 4374 3487 4426 humanam

255 4491 521 4542 naturam,
564 4479 840 4533 uobiscum
894 4480 1277 4533 Sattctiiicalur.
1310 4478 1463 4532 Unus
1522 4477 1685 4546 igitur
1729 4490 1812 4531 est
1852 4479 2097 4533 Christus
2137 4482 2191 4526 et
2257 4473 2514 4526 Dominus
2581 4481 2635 4523 et
2675 4470 2860 4534 Filius,
2893 4468 3241 4521 sanctiﬁcans
3274 4464 3486 4532 quidem

256 4581 306 4621 ut
334 4568 497 4631 Deus,
524 4569 1004 4623 sanctiﬁcationetn
1037 4577 1212 4620 autem
1262 4568 1533 4635 accipiens
1583 4570 1818 4622 humano
1858 4583 2004 4623 more
2042 4564 2341 4618 nobiscum.

330 4679 348 4710 ι
379 4661 684 4729 Κεφάλαιον
710 4662 767 4714 δὲ
791 4662 815 4700 b
847 4664 958 4723 τοῖς
990 4660 1299 4730 λεγομένοις
1326 4671 1371 4698 α’
1409 4659 1661 4713 Τοιοῦτον
1704 4660 1819 4731 ἔχο-

258 4766 356 4817 μεν
385 4750 664 4821 ἀρχιερέα,
705 4749 763 4812 ὃς
803 4750 1057 4802 ἐκάθισεν
1089 4752 1147 4802 ὲν
1181 4750 1330 4819 δεξιᾷ
1361 4748 1453 4801 τοῦ
1499 4748 1684 4818 θρόνου
1719 4750 1819 4816 τῆς

260 4840 641 4909 μεγαλωσύνης
680 4843 736 4892 ἐν
765 4844 874 4903 τοῖς
913 4842 1177 4911 οὐρανοῖς,
1221 4840 1329 4892 τῶν
1362 4839 1530 4907 ἁγίων
1573 4839 1818 4908 λειτουρ-

255 4930 368 4993 γδς,
408 4932 502 4981 καὶ
533 4930 628 4998 τῆς
658 4931 857 4998 σκηνῆς
889 4931 988 4999 τῆς
1014 4930 1292 5000 ἀληθινῆς,
1323 4932 1390 5001 ἣν
1421 4928 1618 4998 ἔπηξεν
1647 4929 1674 4980 6
1706 4928 1819 4980 Κύ-

259 5036 392 5087 ρος,
433 5021 524 5071 καὶ
551 5020 649 5071 οὐκ
692 5020 993 5090 ἄνθρωπος.
1019 5040 1036 5071 ι
1075 5021 1135 5073 Εἰ
1166 5023 1271 5083 πᾶς
1305 5022 1501 5088 ἱερεὺς,
1536 5019 1680 5072 καθά
1714 5036 1820 5087 φη-

256 5123 343 5159 σιν
373 5110 400 5161 6
448 5109 713 5181 μακάριος
743 5110 971 5176 Παῦλος,
1000 5114 1077 5174 εἰς
1107 5112 1167 5164 τὸ
1212 5112 1540 5183 προσφέρειν
1569 5111 1718 5181 δῶρά
1761 5127 1819 5161 τε

328 5263 350 5293 ⁷
376 5262 535 5317 llebr.
564 5281 602 5329 ι,
631 5267 681 5329 1,
713 5265 767 5318 2.
845 5265 867 5296 ⁸
890 5266 1030 5320 Psal.
1062 5282 1115 5329 ιι,
1149 5266 1202 5321 8.
1278 5268 1297 5299 '
1322 5265 1484 5319 llebr.
1513 5282 1552 5332 ι,
1587 5264 1639 5332 5,
1672 5265 1722 5318 4.

1803 5264 1845 5295 ¹⁰
1871 5263 2031 5317 Hebr.
2060 5276 2119 5327 It,
2152 5262 2237 5324 11,
2276 5261 2357 5314 12.

2001 4677 2020 4710 ι
2056 4655 2357 4725 Capitulum
2394 4661 2571 4708 autem
2607 4668 2768 4722 super
2796 4667 2860 4706 ea
2896 4665 3016 4720 quae
3048 4651 3298 4704 dicuntur
3332 4667 3345 4703 :
3381 4647 3483 4701 Ta-

1922 4750 2025 4804 lem
2069 4749 2332 4801 habemus
2381 4744 2712 4813 pontiﬁcem,
2757 4744 2846 4811 qui
2891 4742 3133 4796 consedit
3172 4742 3226 4795 in
3265 4740 3483 4795 dexter:-

1922 4842 2067 4896 sedis
2094 4838 2484 4908 magnitudinis
2511 4836 2565 4888 in
2596 4835 2771 4899 cmlis,
2798 4842 3108 4886 sanctorum
3142 4832 3404 4891 minister,
3434 4840 3486 4883 et

1923 4927 2251 4982 tabernaculi
2273 4925 2403 4989 veri,
2425 4927 2566 4993 quod
2586 4924 2699 4976 ﬁxit
2717 4924 2990 4988 Dominus,
3010 4932 3063 4977 et
3082 4937 3182 4974 non
3196 4920 3358 4974 homo
3373 4919 3435 4972 “.
3464 4938 3480 4967 ο

1925 5017 1979 5071 Si
2011 5017 2157 5083 juxta
2188 5015 2325 5068 beati
2384 5012 2533 5066 Pauli
2583 5013 2880 5065 doctrinam
2927 5011 3103 5063 omnis
3132 5008 3384 5062 sacerdos
3420 5006 3485 5056 ad

1922 5109 2249 5163 oilerendum
2279 5108 2416 5160 doaa
2465 5115 2518 5160 et
2572 5104 2837 5160 sacriﬁcia
2879 5103 3208 5167 assumitur,
3239 5115 3344 5154 non
3383 5095 3483 5152 sibi

2441 5262 2478 5293 ¹¹
2512 5260 2673 5317 Hebr.
2708 5276 2824 5324 rm,
2864 5258 2917 5324 1,
2946 5256 3005 5314 2.

1312 5420 1481 5474 Variae
1508 5418 1761 5474 lcetiones
1790 5416 1993 5473 codicis
2029 5413 2392 5483 Seguicriaui.

329 5569 347 5588 τ·
380 5555 670 5619 πεφηνότα.
748 5554 773 5594 1‘
811 5555 918 5608 ἐπί.
967 5568 983 5592 τ
1026 5556 1348 5624 εἰρημένοις.
