3942 6128
506 183 641 241 13H

1525 190 1582 244 S.
1622 188 1899 245 CYRILLI
1939 176 2402 243 ALEXANDRINI
2442 183 2760 241 ARCHIEP.

3624 171 3753 230 1512

504 293 663 350 litant
689 296 781 368 qui
812 296 879 352 ad
921 298 1212 353 sacerdmii
1257 297 1587 355 iunctionem
1638 300 2075 370 seliguntur,sed

2182 298 2271 351 καὶ
2316 297 2506 361 Θυσίας
2557 292 3079 367 παραλαμϐάνεται,
3130 291 3230 361 οὐχ
3280 289 3499 351 ἑαυτοῖς
3550 287 3751 343 τελοῦσι

506 386 639 450 Deo,
662 388 747 441 cui
788 389 857 443 ab
906 389 1155 443 universa
1199 404 1447 445 creatura
1490 392 1667 447 cultus
1696 393 2079 460 veneratioque

505 476 838 530 debetur:at
865 478 957 546 qui
1012 480 1132 534 Deo-
1158 480 1485 545 ministranl,
1515 498 1619 537 non
1669 483 1910 552 ejusdem
1955 497 2075 536 cum

506 567 617 622 Deo
644 571 852 624 ordinis
892 578 1072 634 erunt,
1106 588 1280 641 neque
1325 574 1551 642 gloriam
1582 576 1986 643 eamdem,quaa
2025 574 2077 627 iu

506 659 678 726 ipsum
709 660 877 714 solum
894 663 1166 727 convenit,
1199 664 1531 730 sortientur;
1562 680 1732 734 ecquo
1759 680 1890 731 ergo
1921 665 2079 719 modo

504 749 770 816 Christus,
793 761 975 805 noster
990 754 1224 820 pontifex
1250 755 1495 820 eﬂ‘cctus,
1517 758 1570 810 in
1592 758 1813 812 dextera
1832 757 1922 812 Dei
1945 758 2081 812 assi-

506 837 615 901 άθι,
642 837 999 910 thronumque
1018 845 1317 911 tnajestatis
1345 847 1395 899 in
1414 846 1569 900 ctnlis
1598 847 1827 913 obtinet,
1860 856 2079 903 saneto-

507 941 733 998 rmnque
759 948 822 985 ac
849 936 1066 999 superni
1086 945 1139 988 et
1171 937 1282 989 veri
1304 936 1446 989 illius
1465 938 2078 993 tahernaculisacerdos

504 1022 831 1098 constitutus
862 1036 944 1078 est
970 1040 985 1089 ;
1015 1036 1068 1078 et
1102 1025 1245 1079 Patri
1274 1036 1328 1080 et
1367 1028 1557 1097 sihipsi
1588 1043 1807 1098 quoque
1837 1031 2078 1082 onmium

502 1096 696 1181 preces
725 1114 993 1171 oﬂerens?
1037 1117 1188 1172 Unus
1217 1119 1382 1187 igitur
1410 1096 1491 1173 est
1526 1096 1780 1174 Christus
1808 1130 1861 1173 et
1883 1119 2077 1184 Filius,

508 1205 598 1272 qui
624 1205 837 1272 quidem
878 1217 933 1261 ut
969 1209 1200 1269 Dens.in
1227 1210 1531 1265 divinitatis
1568 1225 1678 1264 suae
1711 1212 1905 1265 throno
1952 1226 2084 1265 con-

507 1293 686 1359 sidet;
717 1289 927 1349 nt'vero
956 1299 1133 1351 divina
1170 1299 1570 1366 dispensatione
1599 1299 1847 1354 humanae
1874 1310 2083 1353 natura:

506 1385 780 1452 particeps
810 1387 1051 1452 eﬂ‘ectus,
1079 1389 1309 1444 ministri
1348 1377 1726 1460 pontiﬁcisque
1770 1390 1946 1446 locum
1986 1406 2084 1445 no-

507 1489 742 1544 menque
767 1480 989 1533 sortitus
1028 1489 1131 1534 est.

583 1584 605 1620 ‹
632 1566 865 1639 Ideoque
886 1581 940 1625 et
970 1588 1069 1627 nos
1102 1581 1305 1627 tantam
1339 1573 1600 1630 habentes
1654 1573 1963 1642 impositam
1987 1589 2086 1628 nu-

2176 389 2278 453 τὰς
2316 389 2573 460 λατρείας
2601 390 2649 440 οί
2680 385 3002 455 καλούμενοι
3032 383 3168 454 πρὸς
3200 379 3530 452 ἱερωσύνην,
3558 378 3676 448 ιι)εῷ
3698 380 3751 434 δὲ

2181 482 2399 552 μᾶλλον,
2423 474 2468 549 ᾧ
2499 480 2558 533 τὸ
2591 476 2743 547 παρὰ
2772 477 2952 544 πάσης
2988 473 3218 537 κτίσεως
3255 470 3538 540 ὀφείλεται
3566 470 3751 533 σέϐαςο

2177 577 2207 627 6
2233 573 2289 625 δὲ
2332 572 2451 640 Θεῷ
2486 568 2838 641 λειτουργῶν,
2885 569 2986 621 οὐκ
3029 569 3087 619 ὲν
3133 566 3237 634 ἴσῳ
3283 562 3474 632 μέτρῳ
3521 564 3754 615 κείσεται

2178 663 2335 728 Θεοῦ,
2378 662 2501 716 οὕτε
2545 662 2649 733 μὴν
2679 660 2778 727 τὴν
2807 658 2955 729 αὐτῷ
2995 657 3088 710 καὶ
3120 656 3267 726 μόνῳ
3307 653 3637 721 πρέπουσαν
3664 668 3751 719 φο-

2183 752 2329 823 ρὲσει
2374 751 2552 816 δόξαν.
2599 744 2732 802 Εἶτα
2760 748 2877 810 πῶς
2922 745 3212 817 ἀρχιερεὺς
3259 741 3422 811 ήμῶν
3465 739 3704 807 γεγονὼς
3730 740 3755 789 ὀ

2180 842 2434 915 Χριστὸς,
2466 843 2523 893 ἐν
2555 839 2706 910 δεξιᾷ
2736 839 2976 908 κάθηται
3003 835 3098 888 τοῦ
3132 832 3288 896 Θεοῦ,
3317 834 3419 885 καὶ
3453 832 3549 882 τὴν
3583 830 3758 899 θρόνον

2182 933 2296 1003 ἔχει
2338 940 2438 1003 τῆς
2488 930 2879 1003 μεγαλωσύνης
2928 930 2985 981 ἐν
3026 929 3137 989 τοῖς
3177 926 3470 996 οὐρανοῖς.
3520 923 3621 974 καὶ
3661 921 3756 973 τῶν

2184 1025 2352 1092 ἁγίων
2392 1024 2507 1076 ἐστὶ
2541 1021 2875 1092 λειτουργὸς,
2909 1020 3002 1073 καὶ
3034 1020 3131 1088 τῆς
3168 1017 3375 1087 σκηνῆς
3398 1016 3508 1085 τῆς
3538 1016 3652 1068 ἄνω
3675 1017 3757 1066 καὶ

2184 1115 2462 1186 ἀληθινῆς,
2491 1113 2668 1183 ἐαυτῷ
2702 1131 2760 1165 τε
2792 1114 2885 1166 καὶ
2914 1111 2989 1182 τῷ
3027 1111 3205 1180 [lupi
3236 1109 3637 1177 προσκομὶζων
3675 1108 3756 1167 τὰς

2184 1208 2335 1278 παρὰ
2378 1207 2596 1260 ’πάντων
2627 1204 2917 1274 λατρείαςς
2960 1198 3053 1265 Εἷς
3094 1202 3201 1272 ἄρα
3230 1201 3350 1252 ἐστὶ
3400 1199 3649 1269 Χριστὸς
3682 1199 3758 1251 καὶ

2189 1300 2332 1363 Υἱὸς,
2370 1297 2680 1368 καθήμενος
2707 1295 2804 1364 μὲν
2833 1293 3031 1356 θεῖκῶς
3061 1295 3119 1345 ὲν
3153 1292 3232 1360 τῷ
3268 1291 3370 1359 τῆς
3401 1290 3551 1344 ιδίας
3592 1289 3758 1356 θεότη-

2185 1409 2277 1454 τος
2323 1390 2516 1459 θρόνῳ,
2566 1384 2988 1457 κεχρηματικὼς
3016 1385 3074 1438 δὲ
3110 1383 3287 1454 ἱερεὺς
3324 1382 3423 1434 καὶ
3462 1381 3758 1451 λειτουργὸς

2160 1479 2544 1550 ιοίκονομικῶς
2567 1478 2654 1531 διὰ
2681 1480 2743 1532 τὸ
2770 1476 3130 1548 ἀνθρώπινον.

2265 1594 2284 1625 ι
2315 1571 2616 1641 Τοιγαροῦν
2652 1572 2744 1625 καὶ
2778 1572 2941 1641 ἡμεῖς
2984 1567 3239 1621 τοσοῦτον
3272 1564 3497 1635 ἔχοντες
3534 1562 3759 1632 περικεξο

506 1658 628 1712 hem
656 1663 896 1724 testium,
928 1665 1255 1733 deponentcs
1298 1680 1460 1720 omne
1506 1667 1714 1734 pondus
1744 1675 1797 1720 et
1847 1666 2081 1721 circum-

2190 1681 2350 1735 μενον
2410 1665 2543 1733 ἡμῖν
2606 1662 2771 1730 νέφος
2840 1659 3164 1731 μαρτύρων,
3214 1657 3380 1723 δγκον
3444 1654 3758 1722 ἀποθέμενιι

507 1759 658 1804 stans
708 1768 805 1807 nos
844 1765 1148 1822 peccatum,
1188 1770 1283 1823 per
1329 1756 1646 1825 patientiam
1700 1772 1984 1811 curramus
2015 1757 2084 1811 ad

505 1841 842 1906 propositum
866 1843 1022 1897 nobis
1051 1855 1347 1908 certamen,
1371 1847 1706 1914 aspicientes
1734 1847 1785 1899 in
1806 1856 2082 1901 auctorem

506 1922 630 1979 ﬁdei
692 1937 747 1983 et
809 1941 1300 1987 consummatorem
1375 1932 1558 1988 .Iesum
1613 1934 1939 2000 Christum,
1991 1938 2080 2003 qui

502 2016 783 2084 proposito
814 2019 916 2072 sibi
958 2021 1154 2090 gaudio
1188 2014 1448 2076 sustinuit
1492 2037 1730 2087 crucem,
1764 2022 2084 2079 confusione

504 2117 837 2177 contempta,
865 2121 1028 2180 atque
1071 2113 1123 2167 in
1163 2116 1386 2169 dextera
1445 2115 1590 2169 sedis
1639 2114 1733 2169 Dei
1778 2117 1930 2169 scde‘t
1964 2116 2024 2168 “.
2060 2134 2078 2167 ι

505 2196 561 2250 Si
594 2197 846 2255 Christus
877 2212 957 2256 est
991 2213 1194 2259 tantum
1239 2207 1421 2271 homo,
1451 2214 1506 2261 et
1553 2220 1656 2259 non
1711 2205 1850 2260 Deus
1899 2214 2083 2260 nostra

503 2303 669 2345 carne
697 2305 824 2346 vere
855 2293 1096 2358 indutus,
1122 2298 1392 2364 quodnam
1454 2297 1707 2365 gaudium
1749 2297 1848 2365 ipsi
1886 2312 2084 2367 propo-

500 2380 665 2435 situm
696 2382 829 2437 dicit
853 2400 868 2448 ;
893 2397 982 2440 aut
998 2389 1264 2456 quomodo
1288 2388 1354 2441 ad
1384 2388 1579 2441 divina:
1595 2388 1888 2457 majestatis
1904 2389 2086 2443 dexte-

504 2486 617 2525 ram
652 2475 932 2529 consedit?
955 2477 1116 2545 Atqui
1150 2480 1399 2547 gaudium
1424 2485 1540 2532 erat
1571 2479 1645 2532 illi
1685 2481 2019 2549 prepositum
2051 2497 2067 2534 :
2110 2482 2115 2491 ί

503 2565 767 2633 siquidem
793 2582 1048 2636 suprema
1085 2569 1157 2622 illi
1193 2580 1382 2622 natura
1446 2571 1498 2623 in
1562 2572 1839 2638 perpetuis
1875 2572 2084 2626 deliciis

507 2668 678 2725 usque
694 2665 972 2712 versatur:
998 2667 1049 2712 et
1081 2674 1329 2726 corpore,
1350 2662 1490 2726 quod
1522 2659 1766 2728 cruciﬁgi
1796 2660 1955 2729 112
1981 2675 2079 2729 po-

507 2755 665 2814 terat,
692 2761 989 2819 assuntpto,
1021 2766 1239 2806 crucem
1266 2752 1542 2817 sustinuit,
1565 2753 1851 2821 crucisque
1874 2751 2079 2820 suppli-

503 2840 646 2895 cium
682 2858 991 2912 perpessus,
1019 2845 1125 2898 Deo
1143 2857 1193 2897 et
1225 2844 1373 2899 Patri
1422 2846 1641 2900 dextera
1678 2845 1897 2898 assedit.
1934 2844 2081 2900 Unus

502 2933 730 3001 proinde
781 2936 1043 2990 Dominus
1085 2935 1246 2992 Jesus
1293 2936 1564 3000 Christus,
1604 2936 1899 2991 cruciﬁxus
1956 2937 2076 3004 qui-

2186 1759 2361 1811 πάντα
2413 1757 2509 1811 καὶ
2551 1757 2648 1827 τὴν
2680 1754 3070 1823 εὐπερίστατον
3115 1747 3420 1819 ἁμαρτίαν,
3469 1748 3541 1799 δι’
3574 1748 3760 1815 ὑπομο-

2185 1848 2281 1916 νῆς
2325 1846 2609 1917 τρέχωμεν
2642 1845 2733 1897 τὸν
2767 1840 3126 1912 προκείμενον
3176 1839 3310 1916 ἡμῖν
3375 1836 3616 1904 ἀγῶνα,
3674 1839 3763 1904 ἀφ-

2184 1936 2416 2004 ορῶντες
2447 1937 2526 1999 εἰς
2560 1936 2649 1988 τὸν
2666 1934 2767 2004 τῆς
2792 1935 3029 1993 πίστεως
3064 1928 3310 1999 ἀρχηγὸν
3343 1929 3442 1979 καὶ
3484 1928 3765 1998 τελειωτὴν

2197 2026 2405 2097 Ἰησοῦν
2455 2025 2721 2097 Χριστόν·
2762 2024 2821 2086 ὃς
2873 2023 2995 2076 ἀντὶ
3042 2020 3144 2090 τῆς
3193 2018 3577 2089 προκειμένης
3630 2020 3769 2088 αὐτῷ

2184 2123 2360 2192 χαρᾶς
2410 2118 2673 2189 ὑπέμεινε
2715 2117 2965 2187 σταυρὸν,
3003 2112 3269 2183 αἰσχύνης
3315 2115 3765 2181 καταφρονήσας,

2186 2214 2280 2267 καὶ
2318 2216 2377 2266 ὲν
2409 2211 2559 2283 δεξιᾷ
2611 2210 2704 2265 τοῦ
2742 2209 2930 2281 θρόνου
2969 2206 3062 2260 τοῦ
3112 2205 3252 2259 Θεοῦ
3298 2204 3630 2258 κεκάθικεν.
3656 2223 3676 2255 ι
3718 2206 3766 2257 Ei

2139 2365 2143 2369 ν
2185 2305 2363 2367 κοινὸς
2394 2303 2679 2375 ἄνθρωπος
2704 2304 2732 2354 6
2765 2299 3018 2371 Χριστὸς,
3057 2298 3150 2351 καὶ
3180 2298 3243 2350 οὐ
3273 2296 3412 2359 Θεὸς
3444 2296 3691 2364 ἀληθῶς,
3722 2297 3767 2347 ἓν

2187 2395 2351 2466 σαρκί
2393 2411 2453 2447 τε
2505 2392 2626 2447 καθ’
2651 2394 2833 2462 ἡμᾶς,
2871 2391 3028 2443 ποίαν
3068 2389 3218 2459 αὐτῷ
3269 2386 3609 2458 προκεῖσθαξ
3653 2402 3769 2454 φηςι

2184 2485 2284 2555 τὴν
2326 2485 2535 2555 χαράν;
2574 2483 2605 2552 ἦ
2651 2482 2768 2545 πῶς
2811 2480 3105 2535 κεκάθικεν
3146 2480 3204 2532 ἐν
3245 2478 3398 2548 δεξιᾷ
3443 2476 3545 2529 τοῦ
3589 2476 3767 2545 Spissi:

2182 2576 2276 2630 τοῦ
2310 2576 2479 2643 Θεοῦ;
2516 2573 2680 2627 Ἀλλὰ
2715 2574 2819 2645 μὴν
2861 2571 3152 2642 προῦκειτό
3184 2588 3245 2623 τε
3277 2569 3431 2638 αὐτῷ
3462 2569 3610 2639 χιρὶ
3668 2567 3767 2635 (καὶ

2183 2670 2291 2739 γάρ
2336 2670 2483 2721 ἐστιν
2545 2667 2604 2720 ὲν
2653 2665 3052 2733 ἀκαταλήκτοις
3095 2659 3392 2731 θυμηδίαις
3430 2662 3467 2729 η
3520 2660 3767 2710 ἀνωτάτω

2183 2757 2389 2830 φύσις),
2418 2759 2677 2829 ὑπέμεινε
2704 2756 2760 2809 δὲ
2797 2753 3050 2826 σταυρὸν,
3080 2752 3142 2805 τὸ
3185 2750 3579 2820 σταυρωθῆναι
3621 2749 3763 2800 δονά-

2185 2864 2343 2918 μενον
2381 2847 2508 2899 ἷδιον
2546 2844 2912 2915 ποιησάμενος
2958 2840 3145 2910 σῶμα·
3178 2840 3271 2892 καὶ
3300 2837 3473 2899 αὐτὸς
3509 2838 3540 2888 6
3582 2839 3762 2889 ἔστα-,ιο

2187 2939 2429 3008 ρωμένος
2471 2937 2761 2991 κεκάθικεν
2791 2938 2849 2986 ὲν
2888 2932 3038 3002 δεξιᾷ
3063 2930 3155 2984 τοῦ
3186 2928 3334 2997 ,Θεοῦ
3367 2929 3468 2982 καὶ
3515 2928 3724 2999 Πατρός
3743 2968 3758 2983 .

504 3022 626 3078 dem
694 3034 755 3079 ut
828 3027 1013 3091 homo,
1081 3042 1201 3082 cum
1279 3025 1442 3080 Patre
1518 3042 1647 3080 vero
1717 3041 1946 3096 regnans
2024 3036 2081 3081 ut

2190 3025 2281 3091 Εἷς
2328 3029 2435 3096 ἄρα
2484 3028 2688 3098 Κύριος
2726 3025 2935 3095 Ἰησοῦς
2975 3022 3242 3093 Χριστὸς,
3294 3019 3642 3089 σταυρωθεὶς
3680 3020 3766 3087 μὲν

505 3111 671 3169 Deus.

825 3224 978 3290 Quod
1018 3243 1152 3279 unus
1195 3225 1372 3280 Filius
1409 3238 1456 3280 et
1499 3226 1775 3285 Dominus.

739 3330 828 3390 ΕΞ
864 3334 1149 3405 Evangelia
1188 3339 1474 3392 secundum
1517 3336 1853 3392 Matt/tarum.

578 3462 603 3499 α
636 3443 828 3525 Omnia
861 3449 991 3502 mihi
1022 3448 1214 3504 tradita
1248 3460 1372 3504 sunt
1398 3465 1427 3504 a
1455 3448 1618 3503 Patre
1648 3464 1808 3505 meo:
1840 3459 1894 3505 et
1923 3464 2082 3506 nemo

506 3540 655 3593 nevit
684 3537 905 3615 Filium,
933 3540 1031 3593 nisi
1062 3539 1222 3594 Pater
1250 3558 1263 3593 :
1296 3554 1469 3605 neque
1498 3540 1714 3595 Patrem
1745 3543 1868 3611 quis
1898 3543 2078 3615 novit,

503 3625 606 3678 nisi
632 3623 819 3691 Filius,
846 3634 899 3679 et
927 3627 1009 3680 cui
1033 3628 1264 3681 voluerit
1292 3627 1459 3682 Filius
1492 3629 1751 3684 revelare.
1783 3629 1891 3685 v.Si
1922 3646 2079 3687 nemo

501 3712 697 3770 Filium
735 3716 915 3784 novit,
954 3718 1056 3773 nisi
1094 3719 1240 3773 solus
1276 3719 1474 3785 Pater;
1514 3723 1784 3790 quomodo
1821 3733 1947 3776 sunt
1986 3726 2076 3792 qui

502 3804 681 3861 Patris
713 3809 1079 3863 testimonium
1111 3809 1271 3864 veluti
1306 3810 1578 3864 inﬁrmum
1612 3812 1939 3880 repudium?
1969 3815 2075 3868 Os-

503 3899 672 3951 tendit
715 3901 760 3953 is
797 3911 974 3954 autem
1016 3899 1211 3955 Filium
1253 3918 1409 3956 suum
1454 3904 1504 3957 in
1543 3901 1779 3957 Iordane
1816 3906 1917 3958 hac
1950 3921 2076 3960 ura-

501 3989 648 4042 tione
687 4005 702 4043 :
747 4007 766 4040 ι
810 3990 936 4055 llic,
974 3993 1178 4061 inquit,
1216 3994 1298 4048 est
1335 3992 1503 4048 Filius
1539 4010 1690 4049 meus
1728 3996 1986 4060 dilectus,
2022 3999 2074 4050 in

500 4095 606 4147 quo
649 4082 778 4135 mihi
824 4083 961 4137 bene
1005 4085 1396 4154 complacui“.
1444 4102 1465 4138 ι
1512 4086 1674 4156 Atqui
1718 4103 1824 4140 non
1870 4089 2072 4143 nudum

503 4170 738 4226 Verbum
780 4176 849 4228 ob
892 4177 1079 4231 oculos
1125 4176 1278 4230 nobis
1323 4179 1532 4246 posuit,
1577 4178 1669 4231 sed
1713 4177 2072 4233 incarnatum.

497 4260 683 4333 Neque
709 4263 844 4318 dixit
876 4284 889 4320 :
920 4265 974 4318 lu
1010 4267 1110 4321 hoc
1141 4277 1221 4321 est
1257 4266 1425 4322 Filius
1456 4283 1607 4322 meus
1639 4268 1896 4333 dilectus;
1928 4272 2021 4322 sed
2056 4290 2068 4324 :

2088 3150 2097 3157 -
2186 3123 2564 3194 ἀνθρωπίνως,
2592 3119 2926 3189 συνεδρεύων
2952 3116 3008 3169 δὲ
3040 3112 3235 3176 θεῖκῶς
3262 3111 3346 3182 τῷ
3375 3112 3582 3180 Πατρί.

2562 3233 2685 3285 Ὅτι
2711 3225 2799 3295 εἷς
2835 3228 2968 3292 Υἱὸς
3001 3226 3100 3281 καὶ
3142 3227 3386 3294 Κύριος.

2573 3344 2678 3397 Ἐκ
2716 3341 2825 3396 τοῦ
2862 3338 3016 3395 κατὰ
3047 3336 3378 3393 Ματθαῖον.

2258 3473 2280 3508 ι
2323 3455 2506 3509 Πάντα
2541 3470 2630 3524 μοι
2659 3451 2933 3524 παρεδόθη
2976 3448 3083 3502 ὑπὸ
3106 3447 3203 3500 τοῦ
3237 3446 3461 3517 Πατρός
3502 3463 3606 3516 μου
3629 3460 3648 3478 ο
3680 3445 3767 3497 καὶ

2180 3548 2356 3610 οὐδεὶς
2386 3544 2643 3615 γινώσκει
2681 3543 2774 3597 τὸν
2809 3543 2957 3605 Υίδν,
2991 3542 3039 3593 εἰ
3071 3540 3145 3611 μὴ
3176 3541 3205 3592 6
3232 3539 3435 3607 Πατήρ
3455 3554 3472 3569 ·
3508 3539 3633 3592 οὐδὲ
3674 3537 3755 3589 τὸν

2181 3636 2401 3705 Πατέρα
2431 3651 2516 3698 τις
2537 3632 2822 3702 γινώσκει,
2851 3633 2901 3683 εἰ
2934 3630 3007 3701 μὴ
3038 3630 3067 3680 ό
3093 3626 3242 3690 Υἱὸς,
3275 3629 3377 3681 καὶ
3398 3620 3447 3693 ᾧ
3490 3629 3562 3681 ἂν
3589 3626 3767 3696 βούλη-

2179 3745 2268 3782 ται
2300 3729 2330 3782 6
2368 3727 2498 3789 Υἱὸς
2538 3723 2909 3793 ἀποκαλύψαι.
2952 3741 2972 3775 ι
3007 3721 3232 3783 Οὐδενὸς
3281 3719 3661 3787 γινώσκοντος
3688 3718 3767 3770 τὸν

2178 3818 2329 3884 Υίὸν,
2360 3818 2407 3869 εί
2442 3815 2515 3886 μὴ
2558 3815 2724 3886 μόνου
2754 3811 2852 3867 τοῦ
2891 3812 3125 3881 Πατρὺς,
3172 3809 3291 3873 πῶς
3320 3810 3592 3864 άθετοῦσξ
3635 3826 3765 3871 τινες

2179 3910 2278 3980 τὴν
2312 3908 2406 3961 τοῦ
2434 3906 2650 3977 Πατρδς
2678 3904 3014 3976 μαρτυρίαν;
3061 3901 3342 3966 ’Υπὲδειξε
3371 3901 3491 3971 γὰρ
3524 3903 3620 3955 τὸν
3649 3902 3767 3953 tam

2179 3998 2309 4051 Υἰὸν
2361 3998 2419 4050 ὲν
2449 3995 2527 4066 τῷ
2572 3995 2839 4065 Ἰορδάνῃ“,
2868 3993 3045 4059 λέγων
3067 4008 3080 4023 ’
3113 4009 3133 4042 ι
3169 3986 3342 4053 Οὗτός
3377 3992 3537 4044 ἐστιν
3582 3994 3616 4046 ὁ
3652 3992 3767 4053 Υξὴ

2180 4107 2279 4158 μου
2313 4090 2341 4142 6
2370 4087 2674 4157 ἀγαπητὸς,
2715 4086 2774 4137 ὲν
2802 4078 2848 4152 ᾧ
2893 4083 3193 4154 ηὐδόκησα.
3226 4101 3246 4132 ι
3300 4082 3450 4134 Ἀλλ’
3474 4085 3541 4135 οὐ
3570 4085 3768 4153 γυμνὸν

2177 4180 2312 4247 ἡμῖν
2342 4173 2632 4247 παρέδειξε
2656 4175 2748 4228 τὸν
2771 4174 2904 4227 ίδιον
2926 4173 3118 4241 Λόγον,
3146 4172 3259 4225 ἀλλ’
3282 4173 3567 4227 ἐνωθέντα

2176 4268 2286 4321 Καὶ
2336 4268 2438 4319 οὐκ
2483 4265 2729 4336 εἴρηκεν,
2758 4264 2840 4317 ὅτι
2873 4264 2963 4323 Ἑν
2998 4262 3175 4332 τούτῳ
3205 4263 3357 4315 ἐστὶν
3402 4266 3433 4316 ὁ
3473 4265 3609 4325 Υἱός
3637 4283 3764 4333 μου.

430 4360 431 4365 ‘
496 4350 620 4419 Hic,
646 4371 803 4422 quem
834 4370 1015 4408 coram
1045 4357 1267 4410 cernitis
1296 4358 1345 4409 in
1374 4372 1559 4425 carne,
1588 4369 1671 4413 est
1704 4359 1869 4414 Filius
1901 4376 2071 4416 meus.

2182 4358 2316 4421 ἀλλ’,
2358 4376 2377 4408 ι
2414 4333 2789 4419 Οὗτόςνὲστιν,
2826 4372 2845 4405 ι
2875 4355 2903 4407 ό
2934 4353 3073 4423 μετὰ
3119 4353 3351 4423 σαρκός.
3382 4349 3490 4418 Εἷς
3522 4358 3638 4425 ἄρα
3680 4356 3762 4407 ιιι

499 4439 649 4511 Unus
681 4445 859 4515 itaque
891 4458 972 4500 est
1005 4445 1264 4499 Dominus
1294 4457 1348 4499 et
1378 4445 1567 4502 Filius.

754 4558 841 4612 Ea:
877 4558 1160 4630 Evangelia
1196 4563 1480 4615 secundum
1508 4561 1790 4617 Joannem.

570 4684 590 4719 ι
626 4666 756 4723 Erat
790 4669 880 4723 lux
908 4685 1056 4735 vera,
1089 4687 1207 4741 qua:
1242 4671 1510 4725 illuminat
1542 4687 1756 4727 omnem
1794 4673 2065 4728 hominem

489 4758 800 4815 venientem
849 4761 903 4815 in
956 4763 1099 4818 hunc
1148 4765 1428 4818 mundum.
1473 4762 1531 4816 In
1585 4763 1785 4818 mundo
1830 4773 1968 4831 erat,
2013 4773 2069 4817 et

493 4853 725 4906 mundus
759 4868 855 4921 per
890 4853 1062 4922 ipsum
1101 4854 1271 4909 factus
1301 4864 1406 4919 est,
1442 4865 1499 4909 et
1534 4857 1763 4910 mundus
1798 4869 1922 4910 eum
1960 4872 2066 4909 non

486 4944 760 5010 cognovit.
800 4945 856 4997 lu
893 4946 1105 5014 propria
1141 4949 1306 5011 venit,
1338 4959 1391 5001 et
1427 4948 1510 5001 sui
1545 4962 1667 5001 eum
1700 4963 1806 5001 non
1846 4963 2066 5017 recepe-

488 5048 618 5090 runt
648 5037 664 5068 ¹
697 5055 755 5089 .›
786 5035 924 5092 Ecce
959 5050 1214 5093 accurate
1235 5041 1302 5093 de
1325 5040 1519 5094 divinis
1553 5040 1845 5103 disserens,
1881 5049 1937 5096 et
1971 5056 2066 5108 per

2178 4448 2383 4520 Κύριος
2410 4448 2504 4501 καῖ⁹
2533 4446 2683 4510 Υἱός.

2204 4552 2221 4563 ’“
2381 4560 2483 4623 ,Ἐκ
2520 4558 2623 4612 τοῦ
2651 4555 2803 4612 κατὰ
2845 4556 3122 4623 Ἰωάννην
3155 4557 3566 4625 Εὐαγγελίου.

2249 4691 2268 4723 ι
2302 4666 2410 4724 Ἦν
2453 4670 2514 4723 τὸ
2543 4669 2658 4739 φῶς
2690 4668 2752 4723 τὸ
2796 4667 3070 4739 ἀληθινὸν,
3115 4667 3143 4719 ὃ
3173 4667 3405 4736 φωτίζει
3452 4671 3640 4723 πάντα
3677 4671 3755 4723 άν-

2172 4764 2388 4836 θρωπον
2426 4763 2719 4835 ἐρχόμενον
2747 4763 2827 4825 εἰς
2848 4761 2940 4814 τὸν
2965 4761 3189 4832 κόσμον.
3233 4761 3324 4813 Ἐν
3350 4760 3430 4833 τῷ
3464 4765 3662 4832 κόσμῳ
3681 4758 3754 4829 ἦν,

2172 4857 2266 4910 καὶ
2294 4857 2321 4909 ὁ
2346 4854 2546 4926 κόσμος
2569 4855 2634 4908 δι’
2664 4852 2829 4909 αὐτοῦ
2875 4852 3110 4920 ἐγένετο.
3136 4852 3230 4905 καὶ
3274 4854 3302 4905 6
3349 4853 3563 4922 κόσμος
3604 4854 3758 4905 esse.

2171 4948 2270 5001 οὐκ
2298 4945 2458 5014 ἔγνω.
2486 4947 2578 5008 Εἰς
2598 4944 2665 4998 τὰ
2690 4945 2795 4998 ἴδια
2817 4940 2969 5015 ἦλθε,
2992 4944 3087 4997 καὶ
3101 4945 3150 4996 οἱ
3175 4943 3297 4996 ἴδιοι
3324 4943 3497 4996 αὐτὸν
3526 4945 3587 4997 ού
3622 4962 3761 5013 παρα

2173 5039 2381 5093 έλαὸον.
2419 5057 2438 5090 ι
2499 5038 2840 5106 Θεολογήσας
2864 5037 3201 5108 ἀρκούντως,
3227 5036 3319 5089 καὶ
3342 5034 3433 5089 διὰ
3464 5036 3562 5089 τοῦ
3587 5036 3768 5106 aptant:

489 5126 659 5178 lucem
687 5141 869 5181 veram
897 5127 1186 5181 illuminari
1213 5143 1425 5182 omnem
1455 5129 1728 5187 hominem
1756 5130 2060 5184 venientem

2182 5128 2263 5182 τοῦ
2294 5126 2546 5198 ἀληθινοῦ
2572 5126 2909 5196 πεφωτίσθαι
2940 5126 3120 5179 πάντα
3152 5125 3441 5195 ἄνθρωπον
3465 5127 3767 5198 ἐρχόμενον

487 5216 539 5269 in
567 5217 707 5271 [tunc
731 5220 983 5273 niundum
1007 5217 1300 5286 aﬂirmans,
1326 5220 1605 5289 ipsumque
1625 5235 1762 5285 esse,
1790 5235 1883 5290 per
1901 5235 2059 5289 quem

492 5310 723 5364 mundus
750 5320 834 5362 est
862 5311 1130 5375 conditus,
1180 5312 1321 5366 hunc
1349 5313 1596 5366 eumdem
1628 5314 1680 5366 in
1715 5311 1930 5382 propria
1963 5327 2055 5365 ve-

488 5399 634 5453 nisse
663 5402 935 5468 praedicat.
961 5401 1114 5458 Venit
1146 5414 1323 5456 autem
1357 5385 1875 5474 Unigenittts'factus
1903 5402 2061 5456 homo

559 5555 604 5585 ¹²
630 5555 791 5607 Hebr.
825 5571 921 5619 xtl,
958 5559 1005 5620 l,
1037 5559 1088 5611 2.

2170 5223 2250 5283 εἰς
2278 5219 2368 5273 τὸν
2415 5219 2619 5289 κόσμον
2643 5217 2832 5279 εἰπὼν,
2868 5217 2964 5269 καὶ
2992 5216 3059 5269 δι’
3103 5215 3271 5269 αὐτοῦ
3311 5216 3479 5270 αὑτὸν
3529 5216 3768 5285 uescar..-

2172 5308 2295 5361 σθαι
2349 5306 2439 5359 τὸν
2467 5308 2691 5377 κόσμον,
2728 5308 2806 5369 εἰς
2856 5307 2923 5359 τὰ
2972 5305 3082 5359 ἵδιὰ
3120 5322 3287 5375 φησιν
3333 5305 3503 5357 αὐτὸν
3559 5304 3763 5356 ἐλθεῖν.

2167 5394 2339 5452 ’Ἦλθε
2377 5398 2434 5452 δὲ
2473 5397 2710 5467 γεγονὼς
2752 5398 3035 5468 ἄνθρωπος
3080 5399 3108 5450 6
3154 5395 3468 5467 Μονογενηξ
3507 5395 3581 5459 ὡς
3626 5396 3769 5466 πρὶς

1168 5560 1209 5589 ¹³
1235 5560 1427 5613 Matth.
1465 5574 1543 5623 xl,
1570 5558 1660 5612 ‘27.
1743 5560 1783 5589 “
1813 5557 2001 5613 Matth.
2028 5558 2079 5622 5,
2112 5557 2194 5611 l7.
2278 5557 2317 5589 ¹⁸
2339 5556 2491 5612 Joan.
2534 5572 2569 5622 ι,
2595 5557 2646 5622 9,
2688 5554 2769 5610 l0.
