3942 6128
260 290 396 342 1715

1347 291 1432 345 DE
1470 287 1695 344 RECTA
1740 290 1895 345 FIDE
1933 292 2021 346 AD
2062 293 2379 350 REGlNAS.

3383 302 3519 356 l5“

261 410 444 467 ίόίους,
499 409 590 459 καὶ
650 410 755 480 πρό
817 427 874 478 γε
936 410 1042 462 τῶν
1099 405 1271 461 ἄλλων
1311 407 1433 469 τοὺς
1489 406 1546 472 ἐξ
1602 407 1833 474 αἵματος

1944 416 2196 478 tanquam
2231 410 2296 464 ad
2327 424 2478 476 suos,
2506 420 2560 466 et
2591 411 2860 480 praecipue
2891 413 2969 466 ad
2991 413 3269 468 Israelitici
3301 419 3516 486 sangui~

270 497 505 568 Ἰσραήλ.
544 500 670 551 ¹Ὀτε
705 500 884 553 τοίνυν
908 500 1067 562 αύτός
1094 500 1210 551 ἐστι
1242 498 1303 550 τὸ
1327 499 1440 564 φῶς
1471 499 1532 550 τὸ
1555 498 1832 568 ἀληθινὸν,

259 587 287 636 6
323 585 390 637 δι’
418 583 478 640 οῦ
511 587 576 640 τὰ
625 589 800 641 πάντα
841 589 958 660 (καὶ
991 588 1152 649 αὑτός
1195 589 1342 640 ἐστιν
1389 588 1417 638 ὀ
1453 587 1594 656 μετὰ
1634 587 1836 657 σαρκὸς

255 675 425 728 ἐλθὼν
463 679 541 740 είς
579 679 648 731 τὰ
679 678 814 731 ἴδια·
844 679 960 743 πῶς
1003 679 1103 732 οὑκ
1135 679 1430 745 ἀναγκαῖον
1474 677 1568 730 ἕνα
1599 676 1835 746 Χριστὸν

258 769 348 820 καὶ
382 769 506 822 my
536 769 819 838 ὁμολογεῖν
842 785 857 832 ;

332 879 349 909 ι
401 862 511 913 Καὶ
553 864 579 913 6
606 862 774 929 Λόγος
823 858 960 928 σάρξ
1011 860 1249 928 ἐγένετο,
1292 859 1388 911 καὶ
1433 859 1742 928 ἐσκήνωσεν
1778 860 1834 912 ὲν

260 955 412 1023 ἡμῖν,
459 954 552 1007 καὶ
585 953 930 1023 ἐθεασάμεθα
967 953 1065 1023 τὴν
1119 951 1275 1015 δόξαν
1328 949 1514 1013 αὐτοῦ,
1557 950 1714 1014 δόξαν
1760 951 1834 1014 ὡς

261 1043 596 1111 Μονογενοῦς
626 1043 776 1114 παρὰ
813 1042 1051 1114 Πατρός)
1087 1043 1300 1113 πλήρης
1325 1043 1549 1113 χάριτος
1575 1043 1669 1094 καὶ
1702 1042 1834 1112 άλη-

255 1134 421 1196 θείας.
464 1153 481 1185 ι
522 1135 583 1186 Ei
615 1134 809 1202 γέγονε
839 1133 1025 1204 σὰρξό
1056 1135 1247 1203 Λόγος,
1270 1133 1517 1186 τουτέστι
1540 1132 1832 1201 παραπλη-

257 1225 384 1288 σίως
414 1226 546 1294 ἡμῖν
589 1224 852 1294 μετέσχεν
890 1225 1122 1295 αἵματος
1151 1226 1244 1278 καὶ
1293 1225 1515 1295 σαρκὸς,
1544 1225 1636 1277 καὶ
1671 1226 1836 1295 σπέρ-

259 1333 426 1384 ματος
459 1316 706 1387 Ἀϐραὰμ
732 1315 1055 1377 ἐπελάϐετο,
1080 1316 1166 1368 ἵνα
1188 1315 1329 1368 κατὰ
1356 1315 1535 1368 πάντα
1556 1318 1668 1379 τοῖς
1690 1316 1836 1368 ἁδελ-

257 1412 374 1475 φοῖς
420 1407 657 1478 ὀμοιωθῇ
679 1423 692 1436 ·
728 1407 846 1470 πῶς
879 1405 944 1459 ἂν
991 1407 1282 1460 ἐνδοιάσειέ
1313 1424 1397 1469 τις
1444 1407 1526 1457 ὅτι
1557 1407 1834 1476 μεμένηκε

255 1500 448 1566 Λόγος,
477 1498 571 1550 καὶ
607 1497 743 1568 σὰρξ
775 1496 1046 1566 γεγονὼς;
1083 1499 1384 1567 ’Λτρεπτος
1406 1496 1516 1568 γὰρ
1540 1500 1573 1566 ή
1603 1498 1695 1550 τοῦ
1730 1499 1833 1550 Λό-

256 1606 354 1656 γου
382 1589 565 1656 φύσις.
596 1590 706 1642 Καὶ
741 1589 788 1640 εί
821 1589 1230 1659 κεχρημάτικεν
1262 1588 1416 1658 ἡμῶν
1446 1589 1693 1656 ἀδελφὸς,
1720 1588 1836 1652 πῶς

255 1680 595 1747 Μονογενοῦς
624 1679 737 1750 ἔχει
774 1679 966 1745 δόξανς
1004 1680 1211 1736 Οὐκοῦν
1234 1679 1334 1732 κᾶν
1370 1681 1419 1731 εί
1451 1679 1641 1747 γέγονε
1677 1679 1833 1749 σὰρξ,

1938 501 2024 555 nis
2063 500 2328 556 homines.
2366 500 2502 558 Cum
2548 518 2675 572 ergo
2717 505 2830 572 ipse
2870 509 2940 558 sit
2984 505 3072 559 lux
3116 506 3202 560 illa
3240 523 3387 574 vera,
3423 525 3519 576 per

1937 606 2094 658 quem
2119 593 2296 644 omnia
2325 603 2448 645 sunt
2473 594 2724 660 condita;
2748 612 2980 664 cumque
3006 597 3095 650 ille
3120 599 3210 660 sit,
3235 600 3324 666 qui
3357 616 3522 652 carne

1938 679 2156 734 indutus
2182 683 2331 736 venit
2363 683 2412 735 in
2447 685 2662 752 propria
2696 702 2710 738 :
2741 687 3009 753 quomodo
3037 702 3376 756 consequens
3410 705 3517 744 non

1936 780 2050 834 εει,
2079 779 2136 823 ιιι
2165 787 2327 825 ιιηιιιιι
2358 773 2633 828 Christum
2667 786 2717 830 et
2756 774 2952 828 Filium
2984 778 3379 831 conﬁteantur?

2013 879 2031 910 ι
2071 861 2134 918 Et
2153 859 2388 916 Verbum
2417 879 2544 919 caro
2577 865 2777 918 factum
2809 875 2921 931 est,
2953 877 3005 921 et
3034 867 3303 921 ltabitavit
3336 869 3386 922 in
3420 886 3520 924 no-

1937 951 2047 1018 bis,
2074 963 2127 1006 et
2151 954 2384 1009 vidimus
2402 956 2627 1025 gloriam
2647 955 2786 1024 ejus,
2813 958 3036 1024 gloriam
3065 960 3218 1026 quasi
3253 958 3518 1029 Unigeniti

1937 1059 1967 1098 a
2003 1043 2188 1109 Patre,
2234 1045 2448 1113 plenum
2483 1047 2669 1114 gratiae
2703 1057 2758 1100 et
2787 1049 3028 1101 veritatis
3055 1049 3117 1099 ¹⁶.
3143 1066 3162 1098 ι
3201 1049 3256 1101 Si
3285 1048 3519 1102 Verbum

1939 1138 2136 1189 factum
2172 1146 2256 1192 est
2292 1152 2440 1202 caro,
2473 1139 2740 1206 caruique
2771 1151 2826 1191 et
2859 1141 3106 1208 sanguini
3139 1156 3290 1205 aeque
3325 1155 3388 1194 ac
3421 1155 3522 1193 nos

1936 1228 2378 1291 communicavit,
2422 1229 2578 1298 113
2621 1244 2684 1282 ac
2726 1244 2908 1284 semen
2946 1231 3178 1285 Abrahae
3218 1231 3520 1300 apprehen-

1937 1317 2036 1381 dit,
2069 1333 2176 1386 quo
2213 1320 2470 1372 nimirum
2509 1337 2603 1387 per
2635 1323 2820 1375 omnia
2859 1323 3119 1377 fratribus
3155 1323 3268 1376 suis
3304 1323 3522 1376 assimi-

1938 1405 2144 1461 laretur
2167 1407 2210 1437 ¹⁷
2233 1447 2246 1471 ,
2281 1409 2403 1477 quis
2435 1409 2646 1463 dubitet
2689 1411 2818 1478 quin
2887 1410 2937 1464 id
2978 1411 3137 1478 plane
3169 1412 3526 1478 permanserit

1937 1499 2078 1566 quod
2108 1509 2252 1561 erat,
2287 1501 2500 1553 etiamsi
2535 1516 2661 1555 caro
2693 1501 2891 1555 factum
2925 1502 3030 1556 sit?
3061 1502 3337 1571 Siquidem
3373 1503 3514 1556 nulla

1940 1590 1991 1644 in
2013 1590 2172 1645 Verbi
2201 1590 2679 1671 naturatn‘cadere
2703 1602 2882 1660 potest
2909 1594 3163 1646 n‘mtatio.
3187 1593 3270 1656 Et,
3295 1595 3337 1645 si
3359 1593 3524 1647 frater

1940 1689 2124 1735 noster
2147 1691 2252 1745 est,
2281 1684 2556 1750 quomodo
2583 1680 2856 1752 Unigeniti
2888 1684 3117 1753 gloriam
3149 1683 3349 1738 habet?
3380 1682 3525 1738 Sane

253 1770 406 1823 οὐδὲν
436 1766 599 1841 ἧττόν
632 1773 747 1825 ἐστι
781 1769 914 1833 Θεός
934 1789 948 1802 ο
978 1770 1073 1823 καὶ
1096 1769 1407 1840 Μονογενὴς
1440 1770 1538 1840 μὲν
1580 1770 1654 1833 ὼς
1683 1770 1836 1835 Θεὸς,

1944 1770 2068 1824 licet
2104 1769 2303 1824 factum
2345 1773 2416 1826 sit
2457 1785 2608 1836 caro,
2645 1771 2787 1827 Dens
2821 1783 2998 1828 tamen
3035 1789 3154 1828 esse
3195 1789 3300 1827 non
3342 1774 3520 1828 desiit.

257 1862 598 1933 πρωτότοκος
626 1862 680 1914 δὲ
711 1861 798 1915 διὰ
825 1862 914 1914 τὸν
944 1859 1286 1933 ἀνθρώπινον
1313 1861 1567 1931 σταυρόν.

335 2035 589 2106 Ἰωάννης
618 2040 888 2108 μαρτυρεί
934 2038 1062 2108 περὶ
1106 2039 1297 2101 αὑτοῦ,
1339 2039 1435 2090 καὶ
1480 2038 1720 2113 κέκραγε
1749 2038 1836 2090 λέ-

257 2142 400 2193 γων·
443 2146 462 2178 ι
499 2121 668 2191 Οὗτος
704 2123 794 2197 ἦν,
825 2129 884 2180 ὃν
930 2124 1086 2182 εἷπον
1110 2145 1123 2160 ο
1169 2128 1227 2181 '0
1248 2129 1424 2180 ὀπίσω
1470 2145 1572 2197 μου
1611 2127 1840 2198 ἐρχόμε-

261 2233 371 2282 νος,
406 2217 712 2291 ἔμπροσθέν
746 2237 847 2290 μου
876 2221 1118 2288 γέγονεν,
1142 2221 1223 2272 ὅτι
1253 2219 1468 2288 πρῶτός
1496 2235 1596 2288 μου
1628 2214 1696 2287 ἦν
1717 2234 1729 2246 ·
1758 2219 1840 2272 ὅτι

252 2313 318 2362 ἐκ
348 2309 440 2364 τοῦ
475 2310 847 2382 πληρώματος
876 2295 1042 2363 αὑτοῦ
1067 2313 1228 2380 ἡμεῖς
1261 2311 1465 2372 πάντες
1494 2308 1784 2378 ἐλάϐομεν.
1814 2329 1833 2360 ι

263 2403 514 2471 Ἰωάννης
548 2403 682 2471 φησὶ
716 2403 843 2472 περὶ
895 2401 989 2454 τοῦ
1032 2399 1299 2470 Χριστοῦ·
1339 2419 1356 2450 ο
1409 2400 1465 2451 Ὀ
1516 2399 1696 2452 ὀπίσω
1735 2418 1838 2470 μου

256 2489 550 2559 ἐρχόμενος
600 2508 618 2541 ι
660 2489 981 2558 (τουτέστιν,
1022 2489 1078 2540 '0
1111 2488 1229 2556 μετ’
1259 2485 1358 2554 ἐμὲ
1397 2486 1801 2556 φανερούμενος
1829 2504 1841 2517 ·

253 2579 312 2630 ὃν
328 2578 485 2640 αὐτὸς
510 2578 742 2648 ἐκήρυξε
770 2577 1032 2642 δηλονότι,
1053 2594 1069 2625 ι
1098 2573 1406 2644 ἔμπροσθέν
1427 2591 1530 2642 μου
1549 2574 1788 2644 γέγονε),
1815 2595 1833 2626 ι

250 2669 496 2722 τουτέστι
529 2668 826 2740 πρωτεύων
863 2668 1002 2719 κατὰ
1024 2665 1123 2736 τὴν
1156 2664 1344 2730 δόξαν·
1381 2665 1474 2718 καὶ
1503 2665 1612 2735 γὰρ
1635 2662 1702 2736 ἦν
1747 2668 1840 2720 καὶ

250 2762 307 2811 ἐν
329 2759 558 2829 ὑπάρξει
589 2758 826 2829 πρῶτος,
855 2757 931 2820 ὡς
957 2757 1108 2819 Θεός.
1142 2757 1266 2819 Πῶς
1292 2752 1385 2808 οὖν
1411 2757 1528 2825 μετ’
1575 2758 1736 2810 αὑτὸν
1766 2758 1840 2830 [ὁ]

253 2852 357 2920 πρὸ
385 2849 550 2902 αὑτοῦ
610 2851 753 2901 κατὰ
787 2849 1010 2918 χρόνον;
1051 2847 1173 2899 Ὀτι
1201 2846 1332 2909 Θεὸς
1363 2841 1429 2916 ἦν
1454 2849 1484 2900 6
1520 2848 1715 2915 Λόγος,
1747 2851 1840 2903 καὶ

251 2940 441 3005 γέγονε
496 2936 666 3007 σάρξ·
716 2929 855 3006 ἐίων
887 2936 987 3006 μὲν
1017 2936 1078 2988 τὸ
1109 2936 1431 3005 πρωτεύειν,
1485 2938 1622 2990 καθὸ
1669 2940 1841 3008 Λόγος

252 3029 402 3080 ἐστί·
453 3027 789 3099 δευτερεύων
827 3027 882 3080 δὲ
911 3027 1052 3080 κατὰ
1099 3027 1200 3097 τὴν
1229 3027 1428 3098 σάρκα.
1463 3030 1526 3081 Ei
1562 3030 1618 3081 δὲ
1649 3031 1744 3084 καὶ
1774 3033 1838 3084 ἐκ

1944 1859 2264 1929 Unigenitus
2294 1863 2520 1930 proinde
2552 1871 2636 1916 est
2665 1872 2725 1917 ut
2754 1862 2936 1929 Deus;
2970 1865 3360 1934 primogenitus
3390 1878 3522 1918 vero

1940 1959 2160 2020 propter
2187 1967 2406 2006 crucem
2439 1951 2758 2007 humanitus
2788 1963 3122 2021 susceptam.

2011 2041 2249 2097 Joannes
2285 2041 2655 2098 testimonium
2689 2044 2939 2113 perhibet
2970 2046 3035 2097 de
3069 2045 3206 2114 ipso,
3238 2058 3292 2102 et
3325 2050 3526 2106 clamat

1940 2131 2126 2187 dicens
2159 2149 2172 2186 :
2212 2149 2230 2183 ι
2269 2130 2369 2187 Hic
2401 2143 2522 2187 erat
2551 2147 2711 2200 quem
2743 2134 2854 2187 dixi
2886 2153 2901 2188 :
2933 2134 3037 2200 Qui
3069 2147 3190 2204 post
3222 2145 3306 2193 me
3331 2149 3526 2195 ventu-

1941 2237 2036 2276 rus
2065 2230 2186 2285 est,
2217 2229 2343 2276 ante
2375 2238 2460 2276 me
2489 2221 2665 2276 factus
2696 2231 2812 2285 est,
2841 2225 2965 2292 quia
2996 2224 3145 2292 prior
3173 2242 3258 2282 me
3287 2241 3426 2284 erat.
3455 2230 3522 2284 Et

1939 2311 2006 2365 de
2025 2311 2354 2378 plenitudine
2373 2311 2488 2380 ejus
2509 2327 2605 2364 nos
2623 2327 2812 2366 omnes
2828 2314 3138 2382 accepimus
3155 2314 3222 2370 η.
3249 2335 3266 2368 ι
3290 2317 3524 2373 Joannes

1939 2399 2006 2452 de
2031 2398 2246 2452 Christo
2273 2397 2346 2450 ait
2371 2412 2386 2451 :
2419 2417 2437 2449 ι
2472 2399 2574 2464 Qui
2604 2407 2723 2466 post
2749 2414 2833 2452 me
2857 2400 3038 2461 venit,
3073 2419 3092 2451 ›
3127 2402 3230 2456 hoc
3259 2414 3370 2470 est,
3399 2413 3522 2474 post

1939 2499 2027 2539 me
2057 2484 2450 2549 manifestatus,
2479 2501 2637 2554 quem
2667 2486 2876 2539 scilicet
2906 2486 3019 2553 ipse
3049 2490 3383 2557 prurdieavit,
3419 2512 3438 2545 ι
3476 2495 3522 2547 is

1941 2574 2089 2642 prior
2119 2590 2203 2628 me
2233 2583 2332 2640 est,
2377 2594 2395 2627 ›
2433 2575 2533 2629 hoc
2563 2585 2668 2637 est.
2700 2575 2963 2644 dignitate
2990 2588 3040 2630 et
3073 2578 3241 2649 gloria
3275 2596 3358 2634 me
3387 2599 3527 2650 prae-

1939 2674 2048 2718 stat
2089 2683 2101 2717 :
2146 2679 2271 2720 nam
2317 2675 2373 2718 et
2420 2666 2534 2733 ipsa
2581 2681 2795 2734 quoque
2843 2668 3139 2721 exsistendi
3191 2672 3420 2733 ratione,
3465 2683 3523 2726 ut

1940 2753 2102 2821 Deus,
2133 2759 2280 2824 prior
2305 2764 2442 2808 erat.
2472 2755 2754 2821 Quomodo
2781 2771 2908 2824 ergo
2941 2758 3080 2810 idem
3107 2757 3316 2814 Joanne
3372 2763 3522 2828 prior

1939 2855 1992 2900 et
2029 2845 2300 2913 posterior
2335 2846 2631 2900 secundum
2675 2855 2886 2913 tempus
2925 2847 3169 2900 exstitit?
3203 2848 3338 2915 Quia
3373 2850 3513 2904 Ver-

1940 2937 2064 2991 bum
2105 2935 2244 2990 Deus
2280 2946 2418 3000 erat,
2456 2945 2511 2990 et
2555 2935 2750 2989 factum
2791 2945 2876 2990 est
2917 2953 3064 2991 caro.
3106 2939 3261 2993 Prius
3298 2942 3521 3009 proinde

1939 3038 2056 3082 erat
2088 3037 2145 3079 ut
2166 3027 2423 3089 Verbum,
2455 3026 2724 3094 posterius
2753 3041 2881 3079 vero
2911 3038 2966 3080 ut
2999 3029 3178 3081 homo.
3203 3029 3288 3094 Et,
3324 3031 3366 3084 si
3397 3047 3518 3085 om-

250 3118 343 3171 τοῦ
365 3119 729 3190 πληρώματος
753 3117 918 3171 αὐτοῦ
941 3117 1142 3180 πάντες
1167 3120 1568 3188 μετεσχήκασιν
1617 3122 1665 3172 οἱ
1695 3121 1835 3187 ἅγιοι

1944 3133 2037 3172 nes
2060 3117 2232 3170 sancti
2254 3117 2322 3171 de
2344 3118 2487 3170 illius
2511 3117 2844 3183 plenitudine
2868 3118 3196 3185 hauserunt;
3221 3119 3333 3173 sola
3358 3135 3518 3188 porro

262 3209 490 3280 (πλῆρες
513 3211 568 3263 δὲ
606 3211 766 3281 μόνον
797 3210 916 3262 aut
957 3209 1018 3261 τὸ
1044 3207 1220 3273 Θεῖον,
1255 3209 1398 3262 καθά
1426 3228 1590 3280 φησιν
1617 3211 1703 3264 διὰ
1740 3211 1838 3281 τῆς

266 3301 486 3355 Ἡσαΐου
516 3303 742 3372 φωνῆς),
779 3301 982 3375 πρέποι
1013 3301 1080 3354 ἂν
1106 3301 1254 3371 αὐτῷ
1274 3318 1333 3353 τε
1365 3304 1455 3355 καὶ
1486 3303 1630 3372 μόνῳ
1653 3303 1734 3365 τὸ,
1764 3303 1839 3365 ὡς

253 3393 310 3457 ἐξ
338 3393 470 3444 ἰδίου
496 3393 882 3462 πληρώματος,
908 3391 1101 3444 ἐαυτοῦ
1139 3393 1401 3462 μετόχους
1427 3395 1780 3464 ἀποπληροῦν
1806 3394 1834 3434 ἀ

256 3483 493 3552 ἐτέρους.
527 3483 786 3550 Πέπραχε
815 3483 871 3532 δέ
896 3480 1055 3533 τοῦτο
1082 3482 1342 3549 Χριστός.
1398 3479 1491 3543 Εἷς
1539 3483 1647 3551 ἄρα
1691 3483 1838 3535 ἐστὶν

257 3573 382 3634 Υἱὸς
421 3572 516 3623 καὶ
546 3571 747 3642 Κύριος
776 3572 803 3622 6
847 3574 911 3624 ἐκ
953 3569 1090 3622 θεοῦ
1127 3571 1302 3638 Λόγος
1346 3572 1638 3641 γενόμενος
1676 3571 1835 3643 σὰρξ,

259 3662 416 3724 αὐτὸς
444 3662 576 3725 Θεὸς
605 3679 663 3713 τε
693 3661 827 3731 ὁμοῦ
870 3661 964 3714 καὶ
1009 3661 1316 3732 ἄνθρωπος.
1360 3663 1512 3729 Ἔχοι
1551 3662 1596 3714 δ’
1628 3663 1695 3714 ἂν
1743 3661 1839 3730 τὴν

257 3753 495 3805 διάνοιαν
526 3754 587 3805 τὸ
631 3753 831 3823 ἐφεξῆς
880 3752 1081 3824 ῥητόν
1141 3772 1159 3803 ι
1203 3745 1374 3814 Οὗτός
1425 3754 1558 3815 ἐστι,
1596 3751 1726 3821 περὶ
1775 3744 1837 3802 οῦ

261 3843 370 3911 ἐγὼ
406 3840 579 3895 εἷπον·
621 3844 830 3896 Ὀπίσω
863 3861 964 3914 μου
997 3843 1214 3915 ἔρχεται
1258 3843 1416 3913 ἀνὴρ,
1449 3842 1505 3906 ὃς
1533 3841 1840 3912 ἔμπροσθέν

264 3953 363 4004 μου
393 3935 636 4003 γέγονεν,
665 3935 746 3987 ὄτι
786 3934 1002 4005 πρῶτός
1043 3950 1144 4005 μου
1169 3929 1258 4004 ἦν.
1294 3951 1311 3984 ι
1361 3932 1495 3985 Ἰδοὺ
1524 3933 1631 4003 γὰρ
1671 3932 1838 3999 ἄνδρα

259 4022 431 4090 λέγων
460 4024 641 4089 αὐτὸν,
671 4024 763 4076 καὶ
785 4023 1079 4094 ἐρχόμενον
1103 4023 1302 4088 ὀπίσω,
1328 4022 1540 4092 πρῶτον
1569 4017 1707 4074 εἷναί
1737 4039 1837 4090 φης

263 4131 344 4167 σιν
369 4113 442 4176 ὡς
477 4113 643 4167 Θεόνο
683 4132 702 4165 ι
751 4115 840 4167 Ἐν
871 4115 1012 4186 ἀρχῇ
1043 4113 1151 4185 γὰρ
1179 4109 1248 4183 ἦν
1290 4115 1318 4165 6
1357 4113 1546 4179 Λόγος,
1579 4113 1672 4165 καὶ
1707 4113 1837 4174 Θεὸς

259 4201 325 4276 ἦν
355 4207 383 4257 6
409 4205 598 4274 Λόγος.
626 4228 643 4260 ι
1590 4213 1596 4220 “

337 4316 353 4345 ι
390 4297 499 4347 Καὶ
544 4295 924 4367 ἐμαρτύρησεν
965 4294 1220 4364 Ἰωάννης
1268 4294 1464 4362 λέγων,
1515 4293 1595 4345 ὅτι
1635 4291 1833 4344 ΤεΟέας

267 4405 360 4454 μαι
388 4387 446 4438 τὸ
475 4387 700 4455 Πνεῦμα
753 4386 1086 4438 καταϐαῖνον
1120 4385 1253 4436 ὡσεὶ
1298 4383 1626 4454 περιστερὰν
1660 4383 1719 4446 ἐξ
1746 4384 1835 4435 ού-

265 4476 448 4545 ρανοῦ,
481 4479 570 4529 καὶ
612 4477 770 4546 μένον
805 4477 891 4529 ἐπ’
919 4476 1080 4529 αὐτόν
1101 4491 1115 4507 ο
1148 4475 1302 4543 κάγὼ
1333 4474 1387 4526 δὲ
1429 4475 1528 4527 ούκ
1559 4474 1702 4544 ᾔδειν
1737 4475 1832 4526 αύ-

262 4568 384 4618 τόν·
439 4567 550 4618 ἀλλ’
583 4569 609 4619 6
639 4567 863 4636 πέμψας
922 4583 987 4634 με
1029 4565 1308 4635 βαπτίζειν
1339 4567 1394 4618 ἐν
1431 4564 1605 4625 ὕδατι,
1633 4567 1837 4629 ἐκεῖνός

267 4677 354 4727 μοι
405 4653 585 4710 εἶπεν·
624 4657 737 4726 Ἐφ’
765 4659 822 4710 ὃν
865 4658 930 4711 ἂν
957 4657 1070 4727 ἴδῃς
1115 4656 1174 4708 τὸ
1215 4656 1440 4724 Πνεῦμα
1487 4655 1833 4716 καταϐαῖνον.

265 4751 358 4800 καὶ
392 4751 548 4817 μένον
579 4749 664 4801 ἐπ’
695 4749 876 4812 αὐτὸν,
917 4742 1072 4807 οὗτός
1117 4748 1262 4800 ἐστιν
1289 4749 1316 4799 ὀ
1351 4746 1627 4817 βαπτίζων
1674 4747 1732 4797 ὲν
1759 4745 1834 4816 τῷ

265 4839 540 4907 Πνεύματι
587 4838 666 4908 τῷ
714 4840 874 4908 ἁγίῳ.
909 4837 1078 4906 Κάγὼ
1128 4838 1367 4907 ἑώρακα,
1413 4837 1508 4889 καὶ
1559 4837 1837 4906 μεμαρτύ-

268 4945 408 4999 ρηκα
441 4930 522 4981 ὅτι
550 4924 701 4989 οὗτός
723 4931 869 4980 ἐστιν
901 4931 924 4981 6
955 4928 1083 4990 Υἱὸς
1110 4928 1203 4979 τοῦ
1231 4926 1383 4979 Θεοῦ.
1426 4945 1443 4976 ι
1483 4928 1622 4997 Ὅρα
1652 4926 1838 4995 σαφῶς

263 5036 321 5070 τε
353 5020 446 5071 καὶ
477 5021 721 5090 ἐναργῶς
750 5022 806 5072 ἐν
837 5021 1046 5081 τούτοις
1075 5019 1168 5072 τὸν
1199 5019 1399 5089 Κύριον
1431 5018 1586 5087 ήμῶν
1631 5019 1836 5089 Ἰησοῦν

264 5108 353 5160 τὸν
386 5109 637 5178 Χριστὸν,
663 5110 950 5179 δεχόμενον
983 5109 1079 5178 μέν
1123 5108 1482 5178 ἀνθρωπίνως
1521 5109 1584 5160 τὸ
1615 5108 1838 5178 Πνεῦμα

262 5200 351 5254 διὰ
378 5203 475 5270 τὴν
509 5203 644 5271 μετὰ
675 5202 874 5272 σαρκὸς
917 5201 1226 5270 οἰκονομίαν
1269 5199 1549 5270 (πλούσιος
1596 5200 1704 5271 γὰρ
1733 5199 1830 5263 ὢν,

1938 3209 2225 3271 divinitas,
2253 3207 2406 3276 juxta
2439 3207 2590 3260 Isaiae
2625 3222 2810 3260 vocem
2840 3208 2908 3272 ιθ,
2941 3209 3186 3262 absolute
3215 3209 3367 3277 plena
3397 3219 3515 3274 est;

1940 3299 2038 3368 ipsi
2069 3298 2166 3353 soli
2197 3299 2471 3362 convenit,
2500 3308 2558 3350 ut
2590 3313 2684 3350 sua
2717 3299 2886 3366 ipsius
2919 3298 3256 3366 plenitudine
3285 3301 3515 3354 aliorum

1941 3391 2134 3458 inopia:
2165 3391 2468 3445 subveniat.
2505 3390 2758 3445 Praestitit
2792 3399 2971 3443 autem
3009 3394 3109 3444 hoc
3142 3392 3314 3460 ipsum
3351 3392 3513 3446 Chri-

1939 3489 2084 3544 stus;
2123 3481 2462 3534 iucaroatum
2504 3481 2681 3547 itaque
2721 3479 2811 3533 Dei
2846 3480 3082 3535 Verbum
3123 3497 3260 3534 mins
3293 3490 3375 3535 est
3414 3481 3520 3535 Do-

1940 3571 2118 3621 minus
2163 3578 2213 3622 et
2267 3569 2473 3633 Filius,
2521 3569 2771 3637 idemque
2823 3568 2962 3623 Deus
3010 3571 3168 3623 simul
3223 3583 3279 3625 et
3331 3573 3514 3625 homo.

1940 3657 2194 3725 Ejusdem
2243 3659 2526 3710 sententia:
2573 3667 2689 3718 est,
2739 3660 2882 3724 quod
2931 3673 3055 3711 mox
3105 3661 3454 3730 subjungitnr
3501 3681 3514 3716 :

1946 3765 1966 3798 ι
2005 3745 2101 3800 Hic
2129 3755 2247 3808 est,
2281 3747 2490 3813 inquit,
2523 3747 2589 3799 de
2622 3760 2729 3813 quo
2761 3747 2867 3799 dixi
2904 3765 2916 3800 :
2954 3746 3080 3801 Post
3114 3764 3198 3802 me
3231 3752 3374 3804 venit
3410 3753 3512 3815 vir,

1937 3838 2029 3907 qui
2061 3847 2187 3891 ante
2220 3851 2303 3891 me
2334 3836 2510 3889 factus
2537 3846 2648 3901 est,
2685 3836 2809 3904 quia
2843 3837 2991 3904 prior
3019 3852 3101 3891 me
3131 3848 3247 3892 erat
3272 3841 3338 3892 ³ο.
3369 3859 3386 3891 ι
3416 3843 3516 3909 En,

1941 3927 2062 3981 licet
2102 3927 2272 3978 virmn
2315 3935 2503 3988 vocet,
2541 3933 2593 3977 et
2632 3933 2750 3992 post
2788 3939 2845 3978 se
2879 3925 3179 3981 venientem
3221 3929 3514 3995 praedicet,

1937 4020 2234 4071 secundum
2272 4017 2610 4071 divinitatem
2649 4027 2824 4070 tamen
2862 4031 2920 4070 se
2955 4017 3188 4085 priorem
3226 4016 3457 4072 aliirmat
3495 4039 3509 4074 :

1941 4127 1961 4159 ι
2001 4107 2054 4161 in
2087 4109 2356 4177 principio
2382 4107 2527 4160 enim
2561 4116 2680 4160 erat
2701 4105 2968 4170 Verbum,
2995 4117 3050 4160 et
3079 4105 3219 4162 Deus
3247 4115 3367 4162 erat
3389 4109 3518 4164 Ver-

1939 4204 2061 4252 bum
2089 4201 2156 4252 “.
2194 4219 2210 4251 ι

2015 4309 2031 4340 ι
2072 4291 2134 4342 Ει
2168 4289 2534 4344 testimonium
2563 4289 2838 4356 perhibuit
2860 4288 3101 4345 Joannes
3127 4292 3312 4346 dicens
3339 4311 3350 4345 :
3379 4292 3516 4359 Quia

1938 4381 2044 4434 vidi
2102 4381 2362 4450 Spiritum
2410 4379 2830 4435 descendentem
2883 4381 3039 4450 quasi
3091 4382 3396 4437 columbam
3448 4386 3514 4437 de

1943 4471 2107 4534 cwlo,
2151 4481 2204 4524 et
2268 4471 2468 4524 mansit
2527 4485 2691 4541 super
2753 4486 2898 4525 eum.
2959 4472 3025 4525 Et
3070 4487 3168 4540 ego
3212 4473 3515 4526 nesciebam

1942 4580 2063 4617 eum
2095 4583 2108 4617 :
2137 4567 2230 4618 sed
2261 4563 2354 4632 qui
2388 4563 2540 4617 misit
2571 4578 2656 4617 me
2685 4564 2961 4632 baptizare
2995 4565 3045 4618 in
3075 4579 3238 4632 aqua,
3267 4565 3355 4618 ille
3385 4567 3514 4620 mihi

1944 4655 2079 4708 dixit
2104 4674 2115 4708 :
2145 4656 2320 4723 Super
2345 4669 2505 4720 quem
2534 4655 2733 4708 videris
2767 4655 3030 4723 Spiritum
3063 4656 3512 4723 descendentem,

1945 4757 1998 4800 et
2025 4755 2326 4800 manentem
2355 4761 2520 4814 super
2541 4761 2685 4809 eum,
2713 4745 2800 4800 hic
2824 4757 2906 4799 est
2933 4747 3021 4814 qui
3053 4748 3290 4816 baptizat
3316 4747 3366 4800 in
3396 4747 3518 4816 Spi-

1946 4839 2052 4892 ritu
2091 4848 2298 4891 sancto.
2340 4838 2403 4890 Et
2440 4851 2539 4904 ego
2576 4838 2718 4898 vidi,
2757 4846 2811 4890 et
2857 4836 3226 4891 testimonium
3267 4839 3514 4905 perbibui

1943 4927 2072 4997 quia
2104 4937 2184 4981 est
2215 4925 2383 4980 Filius
2417 4926 2507 4979 Dei
2530 4928 2597 4978 “.
2637 4944 2655 4976 ι
2688 4924 2764 4978 Ειι
2799 4934 3086 4992 utrumque
3117 4926 3262 4979 clare
3291 4928 3511 4979 eviden-

1943 5028 2130 5086 terque
2159 5027 2423 5071 assertum
2454 5016 2540 5070 hic
2571 5016 2770 5082 habes;
2799 5031 2990 5085 nempe
3023 5017 3303 5069 Dominum
3327 5016 3510 5069 Jesum

1941 5109 2212 5163 Christum
2263 5115 2479 5176 propter
2523 5107 2704 5160 carnis
2749 5108 2964 5174 quidem
3014 5105 3401 5169 oeconomiam,
3455 5117 3512 5159 ut

1947 5197 2104 5270 114
2135 5199 2409 5252 hominem
2445 5197 2704 5265 Spiritum
2743 5207 2987 5250 sanctum
3026 5196 3301 5264 accipere,
3339 5197 3513 5263 siqui-

343 5357 559 5410 H‘Joan.
584 5375 620 5419 ι.
653 5362 734 5414 Η.
770 5358 809 5388 ¹⁷
837 5355 998 5414 Hebr.
1024 5374 1082 5423 ιι,
1106 5357 1188 5410 14.
1243 5356 1284 5387 ⁸⁸
1310 5355 1464 5410 Joan.
1489 5373 1526 5420 ι,
1563 5357 1646 5419 l5,
1685 5355 1768 5409 16.
1812 5357 1836 5386 ¹¹

1944 5371 1981 5408 ι.
2014 5370 2084 5418 γι,
2115 5356 2168 5408 ’5.
2222 5355 2267 5385 ¹⁰
2287 5352 2440 5409 Joan.
2475 5369 2514 5419 ι,
2545 5351 2632 5408 50.
2671 5351 2886 5406 “Joan.
2919 5367 2958 5416 ι,
2990 5351 3040 5406 1.
3101 5353 3144 5382 ²¹
3171 5350 3298 5404 ibid.
3328 5351 3513 5408 εει-δι.

1332 5511 1502 5566 Varia:
1536 5511 1793 5565 lectiones
1824 5511 2025 5564 codicis
2061 5509 2422 5580 Segnieriaui.

353 5641 380 5682 ἀ
412 5645 712 5698 ἀποτελεῖν.
