3942 6128
454 246 586 302 1315

1473 259 1530 309 S.
1574 254 1841 309 CYRILIJ
1886 251 2353 307 ALEXANDRINI
2397 249 2716 304 ARCIIIEP.

3565 252 3700 304 1516

451 364 566 415 dem
606 380 624 412 ι
661 378 778 414 cum
811 363 959 426 dives
987 374 1147 427 esset,
1181 368 1347 421 nostri
1379 382 1538 422 causa
1573 369 1748 422 factus
1776 378 1857 422 est
1883 383 2008 438 ege-

2124 365 2421 434 ἐπτώχευσε
2458 365 2522 416 δι’
2568 365 2770 434 ἡμᾶς),
2807 363 3134 432 βαπτίζοντα
3172 364 3225 416 δέ
3275 362 3477 425 θεῖκῶς
3519 365 3580 414 ἐν
3625 365 3701 431 τῷ

452 470 551 505 nus
573 453 618 484 "
662 471 707 518 ι,
749 464 861 507 tum
905 457 1150 508 euuulem
1197 473 1407 511 rursum
1455 469 1704 529 tauquam
1749 461 1912 514 Deum
1957 463 2010 514 in

451 542 656 612 Spiritu
687 557 874 598 sancto
907 547 1168 612 baptisma
1203 550 1470 602 conferre.
1505 551 1570 602 At
1603 551 1652 602 in
1685 567 1843 619 quem
1868 592 1883 616 ,
1913 553 2010 604 ob-

449 639 624 699 secro,
653 635 938 688 convenire
966 647 1146 701 queat,
1179 640 1412 705 Spiritus
1444 642 1615 694 sancti
1648 634 1876 709 gratiam
1910 643 2011 695 im-

451 727 668 795 pertiri,
713 725 813 778 nisi
859 725 909 777 in
949 741 1133 777 verum
1177 738 1229 778 et
1276 730 1571 782 naturalem
1618 731 1823 784 Deum?
1863 731 2013 787 Unus

450 834 576 884 ergo
605 817 981 880 est'Christus,
1017 834 1151 870 unus
1186 818 1373 882 Filius,
1407 830 1463 873 ut
1493 823 1826 890 evangelista
1859 824 2008 877 testi-

451 909 661 960 ﬁcalur.

526 1017 542 1047 ι
587 997 648 1049 Ει
683 1013 813 1065 ego,
853 997 1051 1062 inquii.
1086 999 1224 1060 vidi,
1262 1010 1313 1051 et
1355 1001 1721 1054 testimonium
1764 1002 2009 1069 perhihui

449 1088 570 1156 quia
611 1088 693 1139 hic
714 1097 788 1138 est
830 1086 994 1139 Filius
1039 1087 1126 1139 Dei
1152 1089 1216 1140 “.
1250 1109 1266 1139 ›
1309 1090 1890 1156 Erquisuamhicerat?
1926 1091 2014 1145 Ille

450 1179 561 1245 ipse
603 1178 807 1244 utique,
847 1193 1002 1243 quem
1049 1180 1260 1242 quidem
1311 1191 1367 1231 ιιι
1414 1181 1706 1246 hominem,
1753 1181 2010 1250 Spiritum

451 1275 692 1316 sanctum
725 1265 933 1317 viderat
962 1271 1297 1332 sust-episse;
1333 1278 1387 1318 ut
1423 1269 1584 1321 Deum
1615 1285 1775 1333 vero,
1808 1272 1858 1324 in
1891 1273 2015 1340 Spi-

452 1353 557 1404 ritu
617 1363 803 1404 sancto
841 1354 1114 1419 baptizare
1150 1356 1425 1407 didicerat.

530 1459 548 1491 ι
585 1440 639 1494 Si
675 1452 884 1496 terrena
915 1445 1020 1494 dixi
1051 1446 1222 1504 vobis,
1255 1457 1304 1496 et
1335 1462 1438 1497 non
1472 1448 1714 1513 creditis,
1743 1451 2013 1516 quomodo

449 1531 493 1586 si
523 1532 712 1586 dixero
737 1536 889 1586 vobis
914 1535 1177 1596 caelestia,
1206 1537 1468 1589 credetis?
1495 1539 1559 1589 Et
1589 1553 1745 1590 nemo
1773 1540 2012 1591 ascendit

452 1621 504 1674 in
531 1623 749 1684 coelum,
777 1624 875 1674 nisi
907 1625 995 1691 qui
1030 1626 1304 1677 descendit
1328 1626 1394 1678 de
1421 1627 1558 1679 cmlo
1587 1627 1752 1681 Filius
1780 1629 2013 1682 hominis

2117 456 2255 524 ἁγίῳ
2305 455 2602 522 Πνεῦματι.
2654 455 2772 504 Τίνι
2821 453 2928 522 γὰρ
2977 454 3040 505 ἂν
3090 453 3287 521 πρέποι
3325 452 3388 502 τὸ
3439 455 3699 520 χορηγεῖν

2113 546 2373 599 δύνασθαι
2420 545 2518 614 τὴν
2567 544 2660 596 τοῦ
2707 544 3018 612 Πνεῦματος
3070 544 3248 612 χάριν,
3290 543 3430 610 πλὴν
3488 544 3576 594 ὅτι
3625 543 3700 610 τῷ

2115 636 2272 704 φύσει
2320 653 2379 687 τε
2430 636 2523 686 καὶ
2553 635 2766 703 ἀληθῶς
2815 634 2929 686 ὄντι
2957 633 3108 702 Θεῷς
3153 629 3249 696 Εἷς
3276 629 3372 686 οῦν
3421 634 3533 704 ἄρα
3572 635 3700 703 Χρι-

2115 728 2236 789 στὸς
2266 728 2360 779 καὶ
2393 727 2549 788 Υἱόςο
2600 725 2694 777 καὶ
2745 727 3079 795 μαρτυρήσει
3125 725 3296 792 λέγων
3344 726 3373 776 6
3403 724 3697 792 εὐαγγελι-

2115 820 2266 887 στής.

2189 1013 2208 1045 ι
2247 993 2414 1059 Κάγὼ
2481 994 2727 1064 ἑώρακα,
2776 993 2870 1045 καὶ
2931 994 3356 1064 μεμαρτύρηκα,
3396 996 3480 1047 ὅτι
3542 989 3702 1056 οὗτός

2115 1086 2447 1148 ἐστινὸΥἰὸς
2477 1085 2568 1137 τοῦ
2600 1086 2754 1140 Θεοῦ.
2794 1104 2812 1136 ι
2849 1078 3014 1147 Οῦτος
3043 1085 3124 1147 δὲ,
3159 1090 3340 1148 ποῖοςς
3379 1087 3477 1138 Ὃν
3507 1085 3702 1137 τεθέα-

2114 1195 2203 1230 ται
2237 1179 2334 1244 μὲν
2383 1177 2735 1247 ἀνθρωπίνως
2784 1177 2844 1229 τὸ
2890 1176 3114 1244 Πνεῦμα
3152 1177 3464 1247 δεχόμενον,
3507 1173 3620 1227 οἶδε
3647 1175 3701 1226 δὲ

2117 1266 2445 1335 βαπτίζοντα
2477 1267 2676 1328 θεῖκῶς
2706 1270 2762 1319 ἐν
2792 1267 2870 1334 τῷ
2900 1269 3038 1337 ἁγίῳ
3071 1269 3366 1336 Πνεῦματι.

2191 1475 2208 1506 ι
2249 1455 2308 1506 Ei
2339 1453 2408 1505 τὰ
2436 1453 2652 1518 ἐπίγεια
2669 1447 2820 1503 εἶπον
2840 1453 2987 1520 ὑμῖν,
3022 1451 3116 1502 καὶ
3149 1451 3209 1502 οῦ
3240 1451 3549 1513 πιστεύετε,
3581 1454 3699 1514 πῶς

2115 1545 2209 1596 ἐὰν
2239 1545 2374 1595 εἴπω
2405 1544 2530 1610 ὑμῖν
2559 1541 2628 1593 τά
2657 1541 2973 1610 ἐπουράνια,
2998 1540 3350 1601 πιστεῦσετε;
3383 1541 3495 1593 Καὶ
3525 1542 3698 1604 οὐδεὶς

2118 1635 2458 1702 ἀναϐέϐηκεν
2488 1635 2567 1695 εἰς
2596 1633 2684 1684 τὸν
2713 1633 2961 1702 οὐρανὸν,
2995 1633 3041 1683 εί
3075 1632 3148 1700 μὴ
3178 1633 3206 1684 6
3236 1632 3299 1683 ἐκ
3328 1631 3425 1684 τοῦ
3461 1633 3696 1702 οὐρανοῦ

451 1712 540 1778 qui
583 1720 666 1764 est
713 1714 763 1764 in
805 1715 1026 1766 uelo".
1074 1733 1092 1764 ι
1140 1714 1418 1779 Quomodo
1459 1718 1737 1771 descendit
1777 1721 1840 1771 de
1878 1720 2016 1773 cmlo

2124 1724 2390 1786 καταΰὰς,
2425 1727 2451 1775 6
2485 1723 2612 1785 Υἱὸς
2641 1722 2733 1774 τοῦ
2763 1721 3068 1793 ἀνθρώπου.
3110 1741 3128 1771 ι
3163 1722 3288 1784 Πῶς
3320 1723 3699 1790 καταϐέϐηκεν

452 1801 618 1855 Filius
651 1803 904 1866 hominis,
935 1804 1200 1872 siquidem
1233 1821 1384 1858 sacra
1423 1806 1509 1859 illa
1541 1823 1668 1861 caro
1695 1824 1759 1862 ex
1793 1810 2016 1864 muliere

455 1903 576 1944 nata
617 1894 728 1946 est?
764 1892 892 1946 Erat
932 1910 1060 1947 sane
1099 1911 1226 1948 caro
1257 1897 1416 1950 Verbi
1458 1901 1600 1965 quod
1645 1900 1709 1953 de
1751 1901 1886 1954 caelo
1923 1901 2016 1955 de-

453 1983 756 2046 scenderat,
789 1984 1001 2049 propria
1038 2001 1052 2037 :
1087 2000 1222 2038 unus
1255 1997 1340 2038 est
1373 1987 1539 2054 igitur
1567 1989 1813 2042 Christus
1843 2001 1896 2041 et
1927 1989 2016 2043 Fi-

454 2070 572 2123 lius.
598 2075 700 2135 ita,
727 2088 844 2141 quae
868 2073 1026 2126 Verbi
1058 2085 1204 2136 sunt,
1236 2079 1446 2145 propria
1476 2080 1656 2133 carnis
1685 2079 1821 2134 facta
1849 2089 2014 2133 sunt:

452 2175 572 2226 qua:
593 2177 719 2214 vero
744 2164 924 2216 carnis
950 2172 1094 2229 sunt,
1130 2165 1342 2232 propria
1371 2167 1528 2221 Verbi
1559 2178 1872 2232 evaserunt,
1902 2169 2015 2223 sola

453 2253 652 2318 peccati
685 2253 803 2305 labe
832 2263 1076 2321 excepta.

526 2448 542 2479 ι
580 2429 641 2482 Et
669 2435 806 2481 sicut
834 2429 1042 2500 Moyses
1070 2430 1329 2483 exaltavit
1357 2440 1662 2498 serpentem
1694 2431 1745 2483 in
1777 2431 2015 2495 deserto,

455 2522 524 2571 ita
567 2519 790 2570 exaltari
829 2529 1040 2586 oportet
1082 2519 1277 2572 Filium
1318 2521 1583 2586 hominis;
1622 2531 1680 2574 ut
1714 2521 1889 2574 omnis
1927 2520 2018 2590 qui

451 2612 625 2663 credit
656 2610 706 2660 in
739 2611 933 2675 ipsum,
963 2625 1066 2661 non
1099 2619 1307 2676 pereat,
1335 2611 1427 2662 sed
1458 2611 1652 2664 habeat
1677 2612 1838 2664 vitam
1863 2620 2019 2664 aster-

453 2719 575 2754 uam
595 2703 661 2753 ¹⁶.
698 2719 716 2751 ι
747 2701 1037 2768 Serpentes
1065 2702 1116 2752 in
1146 2702 1360 2755 deserto
1388 2702 1657 2756 morsibus
1684 2703 1821 2756 lilios
1848 2701 2020 2755 Israel

455 2792 778 2845 infestabant
806 2809 818 2842 :
847 2806 966 2844 mox
993 2791 1368 2844 universorum
1398 2791 1657 2847 Dominus
1688 2793 1854 2860 Moysi
1886 2809 2013 2860 prte-

450 2883 580 2948 cipit
614 2892 672 2933 ut
703 2896 907 2935 aeneum
945 2892 1246 2950 serpentem
1283 2883 1511 2938 sublime
1545 2889 1858 2954 suspendat.
1894 2904 1913 2935 ι
1955 2885 2021 2937 Ει

451 2974 576 3038 erit,
609 2973 801 3041 inquit,
834 2973 879 3026 si
917 2974 1188 3026 hominem
1218 2988 1441 3042 serpens
1472 2977 1847 3041 momorderit,
1880 2985 1934 3030 et
1966 2976 2016 3028 in

452 3040 752 3133 serpentem
786 3067 1056 3132 respiciet,
1089 3075 1140 3118 et
1167 3040 1398 3121 vivet".
1431 3086 1451 3120 ι
1485 3068 1686 3137 Ecquid
1716 3040 1856 3122 istud
1886 3069 2016 3122 aani-
2043 3040 2086 3098 θ

452 3171 573 3224 gina
601 3157 703 3210 sibi
731 3157 872 3209 vult?
901 3156 1006 3209 Cur
1034 3158 1306 3210 sublatum
1339 3169 1642 3227 serpentem
1675 3159 2016 3226 conspicatus

455 3246 561 3298 vita
591 3247 855 3299 donatur?
882 3245 1224 3312 Unigeuitum
1257 3249 1350 3302 Dei
1374 3247 1623 3311 Verbum,
1654 3249 1795 3316 quod
1826 3257 2015 3315 suapte

455 3348 644 3388 natura
676 3337 779 3388 vita
814 3345 928 3398 est,
964 3336 1123 3390 homo
1158 3337 1360 3392 factum
1391 3347 1475 3392 est
1503 3337 1607 3406 (est
1639 3347 1818 3392 autem
1855 3337 2013 3390 homo

454 3442 540 3480 res
564 3427 805 3494 quantam
835 3431 991 3482 noxia
1011 3469 1026 3492 ,
1053 3431 1290 3498 serpenti
1320 3443 1422 3480 nou
1454 3427 1740 3498 absimilis)
1768 3445 1782 3481 :
1808 3436 1866 3481 at
1887 3442 2013 3482 vero

457 3519 580 3572 licet
620 3528 676 3571 ut
713 3520 872 3571 homo
909 3520 1062 3574 nobis
1099 3519 1427 3573 assimilatus
1461 3520 1558 3582 sit,
1596 3521 1640 3574 si
1676 3519 1800 3587 quis
1836 3529 2013 3572 tamen

455 3609 508 3664 in
541 3609 688 3662 illum
719 3613 1009 3678 aspexerit,
1048 3625 1218 3666 morte
1248 3610 1492 3678 superior
1518 3610 1718 3664 evadit.
1751 3609 1856 3664 Sed
1887 3611 2014 3679 quid

453 3699 597 3754 aliud
628 3708 730 3764 est,
761 3700 1010 3766 obsecro,
1043 3702 1094 3754 in
1133 3701 1276 3752 illum
1315 3700 1538 3765 intueri,
1567 3715 1728 3768 quam
1766 3701 2015 3755 incarna-

455 3789 614 3842 tionis
657 3791 801 3844 illius
847 3791 1159 3860 mysterium
1204 3798 1396 3844 exacto
1439 3799 1800 3860 accuratoque
1847 3790 2012 3844 animi

448 3879 650 3945 judicio
683 3881 1015 3948 expendere?
1051 3879 1160 3932 Hac
1197 3895 1430 3948 namque
1463 3880 1926 3944 consideratione,
1960 3888 2015 3933 et

453 3971 744 4034 malorum,
791 3972 891 4023 hoc
938 3980 1054 4033 est,
1102 3971 1375 4024 hominum
1425 3971 1828 4026 similitudinem
1875 3971 2015 4025 obti-

454 4075 612 4122 nere,
647 4071 701 4113 et
734 4061 974 4114 vivilicus
1012 4075 1256 4124 rursum,
1293 4062 1832 4131 serpentinorumque
1866 4076 2012 4116 mor-

457 4165 606 4202 suum
644 4159 861 4203 curator
890 4160 942 4202 et
981 4149 1296 4218 proﬂigator
1327 4166 1446 4204 esse
1481 4151 1920 4218 deprehenditur,
1955 4159 2016 4204 ut

2119 1817 2182 1868 ἐκ
2211 1815 2302 1866 τοῦ
2334 1814 2563 1884 οὐρανοῦ
2593 1815 2621 1865 6
2665 1814 2790 1876 Υἱὸς
2822 1813 2915 1866 τοῦ
2966 1811 3284 1882 ἀνθρώπου,
3349 1813 3531 1865 καίτοι
3595 1813 3699 1881 τῆς

2118 1907 2277 1974 ἀγίας
2309 1906 2512 1975 σαρκὸς
2560 1904 2915 1974 γεννηθείσης
2946 1905 3010 1955 ἐκ
3055 1903 3332 1970 γυναικός.
3366 1904 3508 1954 Ἀλλ’
3563 1905 3698 1957 ἴδιον

2115 1992 2184 2067 ἦν
2213 1997 2274 2048 τὸ
2311 1995 2468 2065 σῶμα
2498 1995 2590 2047 τοῦ
2621 1995 2680 2060 ἐξ
2710 1995 2938 2064 οὐρανοῦ
2969 1995 3462 2064 καταφοιτήσαντος
3484 1995 3697 2060 Λόγου.

2117 2087 2175 2150 ὃς
2205 2087 2299 2140 καὶ
2327 2086 2550 2154 γέγονεν
2581 2087 2706 2148 Υἱὸς
2733 2085 3042 2155 ἀνθρώπου.
3077 2081 3172 2147 Εἷς
3200 2081 3294 2138 οῦν
3323 2085 3423 2154 ἄρα
3450 2085 3699 2154 Χριστὸς

2118 2178 2212 2231 καὶ
2243 2178 2388 2239 Υἱός.
2423 2175 2608 2238 Οὕτως
2637 2176 2742 2228 ἴδια
2776 2177 2872 2246 μὲν
2913 2177 3013 2246 τῆς
3056 2175 3256 2244 σαρκὸς
3283 2177 3352 2228 τά
3391 2173 3484 2228 τοῦ
3517 2175 3697 2242 Λόγου

2116 2267 2358 2333 γέγονεν,
2387 2265 2496 2342 ι’δια
2524 2265 2582 2318 δέ
2611 2265 2705 2318 τοῦ
2749 2266 2920 2333 Λόγου
2950 2266 3020 2318 τὰ
3048 2266 3146 2335 τῆς
3176 2266 3402 2336 σαρκὸς,
3431 2265 3557 2334 δίχα
3601 2267 3696 2334 μό-

2119 2373 2217 2425 νης
2249 2355 2539 2424 ἁμαρτίας.

2194 2465 2213 2498 ι
2252 2446 2359 2498 Καὶ
2385 2444 2562 2506 καθὼς
2593 2445 2795 2510 Μωσῆς
2826 2445 3006 2514 ὖψωσε
3026 2446 3118 2498 τὸν
3147 2446 3270 2514 ὅφιν
3299 2449 3357 2500 ἐν
3381 2449 3448 2516 τῇ
3479 2448 3692 2517 ἐρήμῳ,

2118 2538 2288 2601 οὕτως
2313 2536 2593 2605 ὑψωθῆναι
2623 2536 2702 2588 δεῖ
2729 2537 2820 2588 τὸν
2841 2534 2969 2588 Υίὸν
2997 2540 3090 2589 τοῦ
3119 2535 3408 2606 ἀνθρώπου
3435 2551 3450 2574 '-
3472 2537 3559 2588 ἵνα
3589 2538 3694 2599 πᾶς

2118 2629 2146 2680 6
2167 2627 2434 2679 πιστεύων
2465 2627 2550 2678 ἐπ’
2589 2625 2750 2678 αὐτὸν
2785 2625 2865 2665 e-l
2899 2625 2996 2695 ἔχη
3031 2625 3174 2696 ζωὴν
3198 2625 3440 2678 αἰώνιον.
3481 2643 3500 2676 ι
3536 2625 3696 2678 Ἔδει-

2119 2733 2244 2768 κνον
2283 2717 2408 2777 τοὺς
2457 2714 2517 2780 ἐξ
2557 2715 2774 2784 Ἰσραὴλ
2813 2714 2953 2767 κατὰ
3001 2715 3098 2784 τὴν
3149 2715 3357 2784 ἔρημον
3406 2715 3457 2766 οἱ
3504 2715 3690 2782 ὄφεις·

2119 2803 2236 2860 εἶτα
2279 2807 2646 2876 προστέταχεν
2674 2809 2702 2858 6
2743 2806 2852 2858 τῶν
2881 2806 3015 2858 ὅλων
3057 2806 3188 2868 Θεὸς
3232 2805 3310 2873 τῷ
3353 2806 3523 2874 Μωσῇ
3571 2805 3694 2873 ὅιριν

2119 2897 2395 2951 ἀναθεῖναι
2425 2898 2677 2967 χαλκοῦν.
2719 2917 2737 2949 ι
2778 2899 2888 2950 Καὶ
2925 2899 3098 2958 ἔσται,
3147 2900 3332 2965 φησιν,
3365 2899 3462 2949 ἐὰν
3497 2898 3635 2966 δάκῃ
3663 2899 3696 2949 6

2120 2989 2246 3056 ὄφις
2275 2988 2578 3059 ἄνθρωπον,
2611 2990 2704 3041 καὶ
2740 2989 2985 3059 ἐμϐλέψῃ
3015 2990 3093 3051 είς
3121 2988 3212 3040 τὸν
3241 2988 3386 3056 ὅφιν,
3419 2989 3513 3040 καὶ
3542 2988 3697 3057 ζήσε-

2119 3093 2228 3128 ται.
2271 3095 2289 3127 ι
2328 3077 2392 3127 Τί
2420 3077 2596 3130 τοίνυν
2627 3079 2741 3130 ἐστὶ
2768 3079 2829 3130 τὸ
2855 3079 3112 3146 αἰνιγμας
3148 3078 3244 3129 Διά
3264 3078 3316 3130 τί
3347 3078 3403 3129 δὲ
3433 3079 3462 3129 6
3492 3077 3694 3147 ἐνορῶν

2118 3167 2208 3218 τὸν
2228 3166 2350 3234 ὄφιν
2381 3169 2406 3206 3
2426 3166 2684 3233 σώζεταις
2712 3168 2831 3237 Ζωὴ
2858 3169 3144 3238 τοιγαροῦν
3160 3169 3302 3221 κατά
3323 3167 3485 3235 φύσιν
3516 3168 3692 3236 ὑπάρ-

2120 3276 2230 3328 χων
2258 3260 2286 3310 6
2313 3259 2622 3328 Μονογενὴς
2652 3259 2744 3311 τοῦ
2775 3259 2909 3311 Θεοῦ
2940 3261 3131 3326 Λόγος,
3163 3261 3389 3327 γέγονεν
3410 3263 3467 3313 ἐν
3493 3258 3692 3329 ὁμοιοῖ»-

2121 3348 2358 3418 ματιτῷ
2387 3349 2510 3400 καθ’
2553 3351 2720 3418 ἡμᾶς,
2764 3349 3039 3401 τουτέστιν
3087 3349 3373 3419 ἄνθρωπος
3436 3349 3689 3419 (πονηρὸν

2118 3438 2175 3490 δέ
2203 3440 2232 3490 6
2260 3438 2563 3508 ἄνθρωπος,
2596 3438 2691 3491 καὶ
2737 3435 2848 3490 οἷον
2887 3441 2914 3490 6
2942 3438 3108 3508 ὅφις)·
3136 3438 3250 3490 ἀλλ’
3290 3439 3339 3490 εί
3383 3441 3476 3491 καὶ
3505 3441 3685 3506 γέγονε

2119 3527 2242 3581 καθ’
2269 3529 2438 3597 ἡμᾶς,
2476 3529 2634 3590 εἴτις
2662 3529 2742 3589 εἰς
2788 3527 2950 3579 αὑτὸν
2994 3528 3113 3591 ἴδοι,
3145 3529 3272 3597 νικᾷ
3317 3530 3410 3579 τὸν
3441 3528 3685 3580 θάνατον.

2119 3616 2184 3667 Τί
2215 3615 2271 3668 δέ
2301 3619 2415 3667 ἐστι
2444 3617 2505 3667 τὸ
2535 3617 2613 3678 είς
2642 3615 2807 3668 αὑτὸν
2839 3615 2990 3677 ἰδεῖν,
3021 3615 3053 3685 ἦ
3083 3616 3166 3668 ὅτι
3197 3617 3413 3678 πάντως
3455 3616 3517 3668 τὸ
3545 3617 3689 3684 ἀκριο

2118 3705 2229 3768 ὄῶς
2273 3707 2607 3775 κατανοῆσαι
2649 3706 2709 3758 τὸ
2751 3707 2836 3758 ἐπ’
2865 3705 3013 3776 αὐτῷ
3058 3708 3392 3776 μυστήριον;
3422 3707 3558 3759 Τότε
3588 3707 3688 3775 γὰρ

2117 3793 2278 3846 αὑτὸν
2300 3793 2489 3861 ὄψεται
2515 3795 2573 3845 ἐν
2608 3791 2910 3862 ὁμοιώματι
2943 3793 3040 3861 μὲν
3061 3793 3169 3845 τῶν
3221 3793 3498 3863 πονηρῶν,
3542 3811 3690 3847 τουτ-

2113 3885 2262 3936 έστιν
2300 3883 2623 3952 ἀνθρώπων,
2670 3884 2931 3946 ζωοποιὸν
2958 3883 3015 3936 δὲ
3060 3883 3133 3946 ὡς
3167 3884 3318 3948 Θεὸν,
3355 3886 3446 3937 καὶ
3501 3887 3685 3952 ἀφανί-

2115 3975 2274 4039 ζοντα
2308 3975 2378 4029 τὰ
2397 3975 2503 4027 τῶν
2532 3973 2736 4042 νοητῶν
2764 3974 2792 4012 h
2819 3975 2994 4041 ὄφεων
3027 3975 3300 4044 δήγματα.
3337 3971 3429 4038 Εἷς
3467 3972 3561 4028 οὖν
3585 3978 3688 4044 ἄρα

2118 4063 2342 4134 Κύριος,
2371 4064 2465 4114 καὶ
2491 4061 2619 4122 Υἱὸς
2648 4063 2676 4113 6
2696 4060 2879 4123 αὐτὸς,
2907 4061 3000 4114 καὶ
3027 4061 3288 4126 ζωοποιὺς
3311 4064 3386 4127 ὡς
3408 4064 3564 4127 Θεὸς,
3599 4064 3689 4115 καὶ

2114 4155 2173 4206 ἐν
2205 4154 2333 4205 εἴδει
2361 4152 2438 4221 τῷ
2469 4151 2575 4204 τῶν
2600 4151 2850 4221 πονηρῶν
2882 4151 2947 4204 δι’
2971 4153 3302 4222 οἰκονομίαν.

452 4237 610 4291 Deus.
639 4238 787 4293 Unus
817 4239 995 4306 itaque
1022 4249 1104 4292 est
1132 4239 1412 4303 Dominus,
1441 4248 1495 4292 et
1527 4253 1669 4292 unus
1702 4239 1889 4302 Filius,
1917 4239 2008 4307 qui
2047 4243 2288 4312 quidem,
2332 4251 2390 4295 ut
2420 4239 2560 4295 Deus
2621 4250 2743 4304 est,
2773 4241 3019 4296 viviﬁcus
3045 4253 3154 4308 est;
3188 4245 3484 4298 secundum
3517 4244 3689 4298 carnis

448 4343 578 4382 vero
599 4329 983 4390 oeconomiam,
1012 4327 1062 4380 in
1090 4328 1352 4408 malorum
1379 4328 1561 4396 specie
1587 4327 1894 4397 spectabilis
1918 4338 2021 4383 est.

527 4441 545 4473 ι
586 4422 780 4486 Pueri,
823 4421 1033 4488 inquit,
1081 4421 1426 4475 llebrzrorum
1471 4423 1800 4491 accipientes
1841 4438 2020 4477 ramos
2051 4440 2097 4496 υ

451 4515 767 4583 palmarum,
804 4523 1180 4580 processerunt
1215 4514 1428 4567 obviam
1465 4516 1535 4578 ei,
1569 4524 1624 4567 et
1656 4515 1962 4569 clamabant
1995 4533 2014 4571 :

449 4607 732 4669 llosanna,
769 4606 1083 4660 benedictus
1117 4606 1207 4674 qui
1244 4607 1392 4661 venit
1426 4606 1479 4659 in
1514 4607 1730 4661 nomine
1767 4607 2011 4670 Domini,

451 4715 540 4752 rex
569 4697 728 4751 Israel
747 4697 811 4749 ³⁸.
842 4714 860 4746 ›
897 4694 1325 4764 115'Qualem,
1349 4709 1552 4766 quaso,
1579 4697 1770 4749 divinae
1798 4695 2013 4750 Littera:

450 4791 502 4844 in
555 4788 768 4839 nomine
815 4787 1026 4839 Domini
1075 4797 1356 4840 venturum
1403 4787 1737 4856 prtedixere?
1783 4786 1915 4840 Nam
1967 4787 2014 4841 si

447 4892 568 4930 eum
599 4873 687 4942 qui
715 4889 779 4926 ex
814 4888 966 4927 sacra
988 4873 1210 4942 Virgine
1238 4885 1395 4931 ortus
1423 4885 1526 4941 est,
1556 4877 1826 4930 hominem
1857 4875 2015 4928 abso-

451 4968 579 5030 lute,
621 4967 710 5021 Dei
740 4965 913 5021 Verbo
953 4967 1245 5040 secundum
1290 4967 1607 5036 hypostasin
1651 4982 1755 5020 non
1801 4967 2010 5020 unitum

448 5059 681 5112 dixerint
723 5074 737 5110 :
777 5053 1018 5126 profecto
1059 5055 1448 5111 dominationis
1490 5070 1682 5110 nomen
1727 5069 2012 5109 commune

449 5149 546 5216 ipsi
587 5148 866 5202 nobiscum
901 5147 1036 5212 erit;
1081 5159 1254 5214 neque
1290 5145 1580 5214 quidquam
1626 5143 1727 5199 liac
1767 5147 2008 5210 ratione,

515 5303 624 5358 "ll
652 5305 778 5360 Cor.
814 5319 931 5372 vui,
955 5305 1010 5360 9.
1080 5301 1127 5335 ’⁸
1145 5300 1301 5356 Joan.
1332 5318 1370 5369 ι,
1401 5301 1487 5355 54.
1565 5302 1614 5333 ’⁸
1629 5299 1782 5355 Joan.
1812 5316 1902 5363 III,
1937 5299 2022 5363 12,
2055 5300 2140 5352 l3.

2196 4441 2215 4473 ι
2248 4424 2310 4475 Οἱ
2348 4423 2534 4485 παῖδες
2567 4421 2780 4492 ἔχοντες
2806 4421 2875 4474 τά
2905 4421 3032 4490 βαΐα
3059 4421 3167 4477 τῶν
3197 4425 3456 4491 φοινίκων
3475 4465 3491 4488 ,
3530 4424 3686 4492 ἐξῆλ-

2122 4514 2214 4565 Θον
2240 4514 2318 4574 είς
2337 4513 2640 4581 ἀπάντησιν
2666 4511 3024 4582 αὐτοῦ,φησ“ι,
3050 4513 3143 4566 καὶ
3167 4513 3400 4582 ἔκραζον
3425 4516 3466 4554 ί·
3505 4515 3689 4566 Ὡσαν-

2123 4603 2209 4665 νὰ,
2271 4603 2634 4672 εὐλογημένος
2683 4605 2711 4656 6
2757 4603 3050 4673 ἐρχόμενος
3095 4606 3154 4655 ἐν
3203 4606 3426 4674 ὀνόματι
3460 4605 3687 4676 Κυρίου,

2115 4696 2146 4746 6
2178 4693 2427 4762 βασιλεὺς
2447 4694 2540 4746 τοῦ
2574 4694 2811 4762 Ἰσραήλ.
2843 4713 2860 4744 ι
2899 4694 3022 4757 Πῶς
3055 4691 3146 4748 οῦν
3181 4713 3347 4766 φησιν
3382 4700 3441 4750 ἐν
3468 4697 3689 4766 ὀνόματι

2115 4784 2318 4854 Κυρίου
2355 4783 2798 4853 παραγενέσθαιὶ
2838 4784 2900 4836 τὸ
2926 4786 3164 4856 Γράμμα
3192 4788 3253 4839 τὸ
3283 4787 3459 4856 ἱερόν;
3497 4789 3560 4840 Ei
3592 4789 3688 4857 μὲν

2117 4870 2210 4927 οῦν
2233 4873 2308 4935 ὡς
2335 4874 2618 4943 ἄνθρωπον
2653 4873 2832 4935 ίδικῶς
2858 4874 2946 4926 τὸν
2973 4877 3035 4926 ἐκ
3068 4877 3165 4944 τῆς
3194 4877 3354 4943 ἀγίας
3389 4877 3688 4947 Παρθένου,

2119 4965 2192 5034 μὴ
2217 4963 2503 5026 ἐνωθέντος
2532 4964 2680 5032 αὑτῷ
2714 4964 2834 5017 καθ’
2861 4964 3154 5017 ὑπόστασιν
3182 4965 3274 5017 τοῦ
3320 4965 3456 5017 Θεοῦ
3487 4967 3685 5032 Λόγου,

2117 5054 2294 5108 κοινὸν
2325 5053 2476 5106 ἔσται
2502 5054 2562 5106 τὸ
2588 5054 2688 5122 τῆς
2710 5054 3027 5123 κυριότητος
3056 5055 3223 5124 ὄνομα
3247 5057 3396 5125 αὐτῷ
3425 5057 3566 5110 καθὰ
3596 5057 3689 5108 καὶ

2115 5147 2264 5214 ἡμῖν,
2297 5145 2390 5197 καὶ
2421 5144 2571 5196 οὐδὲν
2604 5145 2696 5197 ἐπὶ
2733 5145 2970 5212 Χριστοῦ
3000 5145 3060 5196 τὸ
3095 5145 3267 5214 μέγα’
3298 5147 3347 5196 εί
3379 5146 3435 5198 δὲ
3469 5146 3544 5208 ὡς
3576 5146 3688 5199 Κῦ-

2245 5299 2436 5355 "ibid.
2464 5298 2550 5352 14.
2642 5299 2684 5329 ⁸⁷
2709 5297 2866 5351 Num.
2901 5312 3013 5362 ut,
3045 5300 3097 5353 8.
3216 5300 3262 5331 ³⁸
3283 5298 3441 5358 Joan.
3468 5316 3566 5365 xu,
3596 5299 3680 5354 l3.

1500 5450 1678 5506 Variae
1709 5451 1964 5507 lectiones
1995 5451 2200 5504 codicis
2241 5448 2602 5519 Seguieriani.

519 5589 604 5628 μί
637 5591 714 5644 είς
737 5589 918 5650 αὐτόν..
953 5591 1082 5648 [veil
1106 5592 1163 5647 ἐν
1192 5591 1360 5646 αὐτῶ.
1438 5593 1462 5631 ⁸
1489 5589 1564 5660 τῷ
1593 5589 1735 5658 ὄφει.

1811 5591 1836 5628 ιι
1870 5590 2138 5662 πονηρῶν.

2220 5589 2235 5628 i
2277 5585 2630 5656 ἐκραύγαζον.
2710 5585 2724 5633 i
2763 5587 3254 5657 παραγενήσεσθαι.
