3942 6128
263 280 396 333 15Ιῖ

1347 271 1435 326 ne
1473 265 1697 326 nec“
1741 262 1898 338 ripe
1938 264 2028 317 AD
2068 262 2385 319 REGINAS.

3358 263 3493 320 1518

265 407 377 460 ως
404 389 620 461 ἀληθῶς
671 387 819 460 ἥξειν
862 385 1358 460 προαπηγγέλλετο,
1387 385 1522 454 ὅπερ
1568 380 1687 434 ἐστὶ
1740 380 1832 432 καὶ

1951 378 2080 445 ιιιοὰ
2109 378 2177 431 sit
2207 379 2485 439 eximium,
2515 377 2732 431 Christo
2761 376 3105 430 attribui-tur.
3138 375 3193 428 Si
3224 392 3349 429 vero
3379 388 3495 428 ιλιι.-
3592 388 3601 395 θ

266 477 461 546 ἀληθὲς
510 480 529 539 (
554 478 774 548 ἐλήλυθε
805 478 912 548 γὰρ
944 478 1005 530 ού
1031 477 1154 545 δίχα
1185 473 1384 544 σαρκὸς
1434 473 1513 534 είς
1544 469 1691 522 τόνδε
1737 468 1829 521 τὸν

1951 469 2090 536 [nam
2119 481 2279 521 verus
2312 467 2567 521 Dominus
2592 476 2851 521 venturus
2878 466 3272 536 praenuntiatus
3302 477 3407 530 est,
3438 479 3498 519 ut

269 569 469 636 κόσμον
495 571 524 620 6
549 568 879 636 Μονογενής)
905 586 915 596 ·
937 563 1019 629 εἷς
1046 567 1154 636 ἄρα
1180 565 1294 617 ἐστὶ
1322 562 1481 631 φύσει
1502 561 1596 615 καὶ
1615 557 1830 630 ἀληθῶς

270 658 488 727 Κύριος,
531 660 623 710 καὶ
657 657 909 728 Χριστὸς,
941 657 1035 717 καὶ
1064 655 1211 718 Υἱός.

344 939 362 970 ι
392 921 500 973 Καὶ
541 919 682 987 ὑπὲρ
714 915 892 972 αὐτῶν
924 916 1036 985 ἐγὼ
1081 914 1294 985 ἁγιάζω
1324 916 1579 985 ἐμαυτὸν,
1612 914 1698 967 ῖνα
1731 907 1835 967 ὦσι

269 1012 362 1062 καὶ
388 1009 542 1062 αὐτοὶ
572 1007 894 1079 ἡγιασμένοι
937 1008 996 1059 ἐν
1035 1006 1283 1078 ἀληθείᾳ.
1317 1025 1335 1057 ι
1369 1005 1592 1058 Ἑαυτὸν
1620 1004 1835 1072 ἁγιάζει

270 1092 651 1169 Χριστός.’Δρ’
678 1099 750 1160 ὡς
779 1096 1061 1167 ἄνθρωπος
1081 1135 1098 1161 ,
1135 1097 1168 1168 ἢ
1200 1097 1282 1150 ὅτι
1323 1095 1523 1165 μᾶλλον
1551 1095 1684 1158 Θεός
1721 1095 1837 1146 ἐστι

274 1188 411 1240 κατὰ
442 1185 625 1255 φύσιν,
662 1185 790 1238 ἴδιον
815 1184 954 1254 ἔχων
987 1184 1049 1237 τὸ
1098 1184 1320 1254 Πνεῦμα
1356 1184 1419 1236 τὸ
1444 1184 1625 1251 ἆγιον;
1660 1182 1838 1252 Ὅπερ

271 1279 387 1330 ἐστὶ
418 1278 514 1330 καὶ
538 1274 754 1345 ἀληθές.
803 1275 1029 1337 Οὐδενὸς
1061 1274 1349 1346 τοιγαροῦν
1377 1271 1677 1343 ἀνθρώπων
1709 1272 1837 1323 ἐαυ-

271 1370 360 1423 τὸν
410 1369 746 1436 ἁγιάζοντος.
785 1367 975 1420 ἑαυτὸν
1022 1367 1238 1435 ἁγιάζει
1282 1365 1537 1439 Χριστός.
1585 1357 1680 1428 Εἷς
1731 1363 1838 1433 ἄρα

274 1460 419 1510 ἐστὶν
442 1458 566 1519 Υἱὸς
588 1458 681 1510 καὶ
704 1456 925 1527 Κύριος,
955 1457 1309 1526 ἀγιαζόμενος
1334 1455 1431 1525 μὲν
1463 1454 1838 1524 ἀνθρωπίνως,

274 1547 512 1615 ἁγιάζων
568 1547 625 1600 δὲ
676 1546 871 1611 θεῖκῶς
922 1546 1001 1615 τῷ
1048 1547 1161 1616 ἰδίῳ
1208 1545 1484 1615 Πνεύματι
1524 1545 1616 1597 τὸν
1647 1542 1840 1597 ἑαυτοῦ

276 1636 419 1687 ναόν.
1160 1636 1163 1639 ’

298 1694 307 1719 ί

1935 570 2118 610 revera
2155 557 2544 625 praenuntiatus
2576 565 2660 610 est
2691 557 2873 626 (venit
2905 556 3047 610 enim
3086 554 3409 625 Uuigeuitus
3437 556 3497 608 in

1935 645 2075 701 hunc
2116 650 2371 700 mundum
2412 662 2516 700 non
2555 646 2756 716 absque
2793 645 3015 715 carne);
3044 662 3180 699 unus
3216 660 3341 712 ergo
3382 660 3500 699 om-

1936 732 2062 785 nino
2096 745 2285 787 natura
2320 744 2374 788 et
2406 735 2632 789 veritate
2669 734 2944 799 Dominus,
2969 744 3020 789 et
3041 733 3382 798 Christuget
3415 731 3502 786 Fi—

1935 822 2038 877 lius
2067 823 2189 877 erit.

2012 933 2030 964 (
2074 913 2139 968 Ει
2179 929 2276 983 pro
2310 914 2388 969 eis
2423 932 2520 985 ego
2556 916 2837 970 sanetilico
2875 916 3134 985 meipsmn
3159 956 3173 981 ,
3210 926 3267 970 ut
3302 917 3410 970 sint
3447 924 3503 968 et

1938 1005 2036 1074 ipsi
2069 1004 2391 1059 sanctiﬁcati
2424 1008 2475 1059 in
2508 1009 2733 1061 veritate
2755 1008 2821 1060 ⁸⁸.
2856 1026 2876 1059 ι
2914 1007 3163 1075 Seipsum
3194 1007 3505 1061 sanctiﬁcat

1936 1092 2187 1147 Christus
2215 1111 2228 1146 :
2258 1095 2352 1148 sed
2384 1097 2622 1165 nunquid
2654 1106 2712 1149 ut
2742 1098 2935 1151 homo?
2962 1113 3028 1150 an
3061 1112 3189 1151 vero
3218 1106 3275 1150 ut
3303 1107 3496 1150 natura

1937 1182 2080 1237 Deus
2099 1183 2360 1253 Spiritum
2382 1196 2629 1239 sanctum
2654 1195 2905 1255 tanquam
2925 1187 3199 1255 proprium
3219 1187 3505 1241 obtinens?

1939 1272 2100 1328 Certe
2123 1286 2180 1328 ut
2207 1275 2364 1329 Deus.
2391 1273 2547 1328 Nullo
2576 1278 2755 1345 itaque
2782 1276 3089 1330 mortalium
3114 1276 3350 1345 seipsum
3379 1292 3507 1331 san-

1940 1366 2231 1429 ctificante,
2281 1367 2428 1420 solus
2474 1365 2721 1420 Christus
2771 1367 3122 1434 semetipsum
3182 1366 3504 1421 sanctificat.

1942 1453 2092 1509 Unus
2118 1467 2198 1509 est
2230 1471 2358 1526 ergo
2389 1457 2645 1510 Dominus
2677 1465 2730 1510 et
2756 1455 2956 1524 Filius;
2983 1455 3355 1510 sanetilicatus
3384 1456 3505 1526 qui-

1941 1546 2061 1599 dem
2103 1557 2160 1599 ut
2203 1547 2382 1610 homo,
2420 1562 2574 1601 suum
2609 1562 2737 1601 vero
2779 1546 2946 1616 ipsius
2990 1549 3242 1615 templum
3287 1547 3506 1617 proprio

1943 1648 2040 1689 suo
2067 1634 2270 1701 Spiritu
2303 1636 2649 1689 sanetilicans
2679 1646 2737 1690 ut
2766 1635 2927 1690 Deus.

350 1746 367 1774 ι
402 1725 575 1777 Πολλὰ
606 1726 702 1795 μὲν
733 1720 825 1777 οὖν
860 1726 951 1777 καὶ
984 1724 1118 1778 ἄλλα
1147 1725 1347 1794 σημεῖα
1380 1721 1633 1791 ἐποίησεν
1672 1721 1699 1772 ό
1736 1721 1840 1790 ’1η-

2018 1742 2036 1774 ι
2076 1724 2243 1779 Multa
2278 1724 2492 1792 quidem
2528 1734 2582 1777 et
2616 1725 2722 1778 alia
2757 1725 2907 1794 signa
2947 1723 3072 1778 fecit
3103 1723 3257 1779 Jesus
3292 1725 3343 1778 in
3377 1739 3508 1779 con-

276 1815 401 1879 σοῦς
446 1816 673 1868 ἐνώπιον
718 1815 825 1870 τῶν
870 1813 1128 1886 μαθητῶν
1159 1813 1342 1876 αὑτοῦ,
1371 1811 1407 1866 ἃ
1444 1813 1542 1865 οὐκ
1584 1810 1698 1864 ἐστι
1745 1828 1837 1880 γε-

273 1906 569 1976 γραμμένα
595 1906 653 1957 ὲν
684 1903 763 1973 τῷ
793 1904 979 1975 βιϐλίῳ
1004 1902 1197 1974 τού-τῳ.
1221 1902 1405 1955 Ταῦτα
1432 1902 1487 1955 δὲ
1516 1902 1839 1971 γέγραπται,

275 1994 361 2045 ῖνα
409 1992 734 2062 πιστεύσητε
782 1993 864 2045 ὅτι
896 1988 1104 2059 Ἰησοῦς
1134 1991 1282 2042 ἐστιν
1329 1989 1357 2040 ὁ
1392 1986 1625 2059 Χριστὸς
1657 1987 1686 2038 6
1714 1984 1838 2048 Υἱὸς

274 2084 366 2137 τοῦ
411 2083 545 2136 Θεοῦ
568 2099 583 2114 ·
631 2083 725 2136 καὶ
779 2082 864 2135 ἵνα
911 2081 1277 2143 πιστεύοντες,
1302 2079 1447 2149 ζωὴν
1493 2077 1650 2147 ἔχητε
1681 2078 1738 2130 ἐν
1767 2076 1843 2146 τῷ

275 2175 494 2242 ὀνόματι
519 2175 700 2228 αὐτοῦ.
733 2194 750 2226 ι
770 2175 829 2229 ’0
854 2175 917 2226 ὲκ
945 2174 1043 2242 τῆς
1069 2172 1230 2240 ἁγίας
1259 2168 1537 2241 Παρθένου
1583 2183 1841 2238 γεγεννη-

279 2267 437 2335 μένος
478 2265 842 2336 Ἐμμανουὴλ,
878 2264 965 2317 διὰ
993 2265 1092 2334 τῆς
1117 2262 1211 2315 τοῦ
1240 2258 1566 2329 Εὑαγγελίου
1588 2259 1615 2297 ι
1663 2259 1844 2328 φωνῆς

289 2352 490 2421 Ἰησοῦς
522 2353 991 2423 ὡνόμασται.”οτε
1025 2351 1204 2404 τοίνυν
1235 2348 1396 2412 αὑτός
1426 2348 1563 2412 ἐστι,
1613 2346 1706 2399 καὶ
1747 2347 1844 2417 οὐχ

277 2443 481 2512 ἔτερος,
518 2443 641 2505 Υἱὸς
686 2441 780 2494 τοῦ
826 2441 981 2506 Θεοῦ,
1012 2440 1106 2493 καὶ
1150 2441 1178 2492 ό
1224 2436 1495 2491 πιστεύων
1536 2435 1650 2506 ἔχει
1701 2434 1844 2506 ζωὴν

279 2529 494 2583 αἰώνιον
534 2531 590 2582 ὲν
621 2529 698 2599 τῷ
743 2530 966 2599 ὀνόματι
1001 2526 1186 2580 αὑτοῦ·
1224 2527 1339 2589 πῶς
1367 2525 1427 2577 οὐ
1461 2527 1765 2596 μεμήνασιν
1795 2525 1845 2577 oi

277 2620 620 2690 διορίζοντες,
646 2620 740 2672 καὶ
774 2621 1094 2688 φάσκοντες,
1126 2619 1311 2689 ἕτερον
1333 2615 1461 2669 Υίδν
1482 2610 1623 2669 εἶναι
1650 2614 1740 2669 τὸν
1781 2616 1845 2668 ὲκ

281 2709 415 2762 Θεοῦ
469 2710 660 2778 Λόγον,
689 2709 783 2763 καὶ
824 2710 1011 2778 ἕτερον
1051 2708 1143 2761 τὸν
1186 2709 1251 2760 ὲκ
1303 2706 1401 2776 τῆς
1441 2707 1598 2774 ἁγίας
1637 2705 1848 2777 Παρθέ-

280 2815 402 2865 νου;
433 2800 680 2853 Φαίνεται
714 2800 821 2869 γὰρ
867 2799 925 2851 ὲν
968 2798 1177 2860 τούτοις
1230 2797 1259 2848 ό
1311 2793 1699 2865 εὐαγγελιστὴς
1753 2794 1848 2847 καὶ

285 2894 426 2963 μάλα
455 2893 642 2963 σαφῶς
666 2893 762 2946 ἕνα
789 2892 885 2946 καὶ
918 2891 1076 2961 μόνον
1101 2890 1192 2944 τὸν
1223 2889 1282 2956 ἐξ
1328 2889 1530 2958 ἀμφοῖν
1561 2885 1717 2948 εἰδὼς
1755 2885 1848 2937 καὶ

283 2983 564 3054 κηρύττων
602 2982 808 3053 Ἰησοῦν
837 2982 1093 3053 Χριστὸν,
1116 2981 1363 3034 τουτέστι
1385 2979 1477 3033 τὸν
1503 2980 1569 3032 ὲκ
1590 2977 1723 3031 Θεοῦ
1744 2977 1849 3029 Πα-

1943 1824 2122 1882 spectu
2159 1815 2538 1884 discipulorum
2574 1830 2824 1879 suorum,
2864 1830 2981 1883 qua:
3017 1830 3118 1868 non
3154 1825 3278 1869 sunt
3309 1817 3507 1882 seripta

1945 1906 1995 1958 in
2036 1905 2172 1959 libro
2212 1907 2331 1959 hoc.
2371 1905 2494 1959 Ilaec
2532 1915 2712 1960 autem
2753 1892 2954 1973 scripta
2994 1916 3147 1971 sunt,
3186 1906 3510 1975 nteredatis

1943 1996 2066 2063 quia
2100 1993 2255 2049 Jesns
2286 2005 2366 2049 est
2397 1995 2644 2050 Christus
2681 1994 2850 2050 Filius
2889 1996 3013 2061 Dei;
3049 2008 3101 2050 et
3136 2006 3191 2049 ut
3225 1998 3512 2050 credentes

1945 2085 2105 2137 vitam
2148 2084 2389 2139 habeatis
2432 2085 2485 2137 in
2530 2085 2744 2138 nomine
2783 2083 2899 2151 ejus
2921 2084 2987 2137 ³ο.
3038 2104 3055 2136 ι
3102 2085 3200 2151 Qui
3246 2101 3311 2139 ex
3354 2100 3507 2141 sacra

1947 2169 2164 2239 Virgine
2211 2183 2368 2225 natus
2411 2180 2493 2226 est
2542 2171 2891 2232 Emtnanuel.
2941 2174 2984 2226 is
3027 2188 3155 2226 voce
3204 2173 3510 2242 evangelica

1946 2259 2245 2328 appellatus
2271 2268 2354 2313 est
2382 2258 2537 2313 .Iesus
2561 2260 2625 2311 ³¹.
2659 2258 2791 2312 Cum
2826 2258 2940 2327 ipse
2969 2274 3118 2327 ergo,
3152 2266 3206 2312 ιιι
3236 2275 3340 2313 non
3374 2261 3513 2315 alius

1945 2350 2209 2420 quiSpiam
2242 2351 2312 2404 sit
2345 2349 2436 2404 Dei
2467 2349 2672 2414 Filius;
2702 2361 2756 2403 et
2784 2350 2874 2418 qui
2908 2349 2959 2402 in
2994 2348 3143 2401 illum
3178 2349 3384 2414 credit,
3418 2365 3512 2403 no-

1947 2442 2090 2495 mine
2132 2438 2370 2508 ejusdem
2419 2440 2582 2492 vitam
2630 2445 2888 2492 aeternam
2936 2446 3338 2506 consequatur;
3382 2454 3513 2506 quo-

1945 2531 2104 2586 modo
2146 2546 2249 2584 non
2296 2530 2569 2583 insaniunt
2608 2531 2722 2599 qui,
2753 2529 3015 2583 divisione
3057 2528 3304 2592 inducta,
3350 2529 3511 2582 alium

1949 2623 2038 2677 Dei
2065 2622 2236 2676 Patris
2258 2620 2512 2687 Verbum,
2537 2621 2700 2674 alium
2731 2636 2943 2675 rursum
2972 2621 3117 2674 ilium
3145 2622 3234 2690 qui
3266 2636 3331 2676 ex
3359 2636 3511 2675 sacra

1949 2713 2167 2784 Virgine
2200 2720 2376 2766 ortum
2414 2712 2592 2776 ducit,
2630 2711 2823 2765 Filium
2857 2727 2979 2766 esse
3015 2711 3303 2766 asserunt?
3338 2712 3393 2766 in
3430 2712 3515 2767 his

1947 2806 2090 2859 enim
2121 2801 2447 2873 evangelista
2479 2817 2642 2854 unum
2675 2802 2846 2855 solum
2875 2798 3057 2855 Jesum
3090 2800 3386 2866 Christum,
3416 2801 3517 2854 hoc

1947 2902 2051 2955 est,
2075 2893 2166 2946 Dei
2198 2891 2375 2946 Patris
2391 2890 2651 2953 Verbum,
2675 2892 2856 2946 carnis
2884 2899 2935 2945 et
2965 2890 3246 2961 sanguinis
3273 2906 3424 2959 :rque
3450 2906 3515 2945 ac

1952 2995 2048 3035 nos
2095 2982 2386 3035 secundum
2435 2977 2746 3048 Scripturas
2800 2979 3070 3047 particeps
3115 2978 3401 3042 el'l'ectum,
3448 2993 3517 3032 ex

433 3075 622 3143 Λόγον,
655 3042 1010 3145 αἵματος-καὶ
1044 3042 1243 3145 σαρκὸς
1281 3072 1716 3144 κεκοινωνηκότα
1746 3088 1846 3124 πα-

1951 3081 2179 3140 utroque
2214 3070 2570 3126 constitutum
2614 3060 2954 3140 apertissime
2993 3069 3236 3140 agnoscit
3279 3078 3333 3124 et
3371 3083 3514 3141 pra»-

285 3166 596 3237 ραπλησίως
623 3167 776 3237 ἡμῖν,
809 3166 950 3219 καθά
978 3166 1307 3238 γέγραπται.
1368 3202 1379 3207 -

507 3277 609 3331 Ἐκ
645 3276 752 3331 τοῦ
788 3278 939 3332 κατὰ
973 3276 1217 3332 Λουκᾶν
1246 3276 1636 3346 Etiam-8.1101),

360 3407 380 3441 ι
401 3389 649 3457 Ἐγένετο
676 3390 734 3443 δὲ
761 3393 820 3443 ἐν
851 3389 929 3459 τῷ
952 3387 1093 3443 εἶναι
1117 3390 1313 3451 αὐτοὺς
1338 3391 1473 3451 ἐκεῖ,
1497 3387 1849 3458 ἐπλήσθησαν

285 3477 342 3529 ai
369 3476 570 3546 ἡμέραι
597 3477 691 3528 τοῦ
728 3478 908 3528 τεκεῖν
936 3477 1106 3546 αὐτήν
1123 3492 1137 3505 ·
1179 3477 1273 3528 καὶ
1298 3475 1450 3528 ἔτεκε
1478 3476 1568 3527 τὸν
1602 3475 1729 3528 Υίὺν
1755 3474 1853 3525 αὑ-

286 3563 383 3632 τῆς
430 3563 520 3613 τὸν
554 3561 911 3631 πρωτότοκον,
944 3563 1038 3614 καὶ
1091 3561 1513 3631 ἐσπαργάνωσεν
1543 3561 1725 3624 αὑτὸν,
1757 3560 1853 3612 καὶ

288 3651 564 3703 ἀνέκλινεν
609 3651 770 3702 αὐτὸν
815 3651 874 3702 ὲν
917 3652 983 3721 τῇ
1035 3651 1231 3720 φάτνῃ,
1260 3651 1392 3702 διότι
1421 3650 1520 3703 οὐκ
1560 3646 1629 3720 ἦν
1672 3650 1853 3711 αὐτοῖς

1948 3163 2116 3217 dicat.

2235 3273 2318 3326 Ea:
2356 3272 2639 3343 Evangelia
2677 3271 2963 3326 secundum
3003 3268 3222 3324 Lucam.

2028 3403 2047 3434 ι
2085 3383 2150 3437 Ει
2177 3383 2375 3438 factum
2402 3393 2506 3448 est,
2532 3398 2654 3438 cum
2684 3390 2867 3437 essent
2892 3380 2990 3444 ibi,
3018 3381 3220 3449 impleti
3250 3388 3376 3434 sunt
3403 3380 3517 3436 dies

1953 3481 2010 3525 ut
2042 3481 2282 3540 pareret,
2316 3481 2370 3525 et
2403 3476 2610 3541 peperit
2643 3473 2837 3526 Filium
2876 3486 3032 3525 suum
3069 3470 3517 3539 primogenitum,

1952 3570 2005 3613 et
2038 3561 2228 3628 pannis
2262 3576 2384 3613 eum
2424 3562 2677 3624 involvit,
2713 3573 2771 3615 et
2808 3563 3092 3615 reclinavit
3130 3562 3182 3614 in
3221 3563 3517 3631 praesepio,

1953 3648 2076 3717 quia
2112 3664 2214 3701 nun
2248 3661 2366 3703 erat
2395 3652 2481 3704 eis
2513 3651 2662 3704 locus
2694 3651 2747 3705 in
2781 3651 3078 3705 diversorio
3099 3651 3164 3704 ³¹.
3204 3671 3223 3703 ι
3259 3650 3436 3708 Unum
3465 3662 3520 3707 et

259 3738 451 3800 ιτόπος
496 3740 553 3790 ὲν
601 3738 678 3808 τῷ
723 3736 1088 3809 καταλύματι.
1122 3740 1289 3793 »Ἕνα
1335 3739 1430 3792 καὶ
1465 3740 1624 3809 μόνον
1667 3738 1846 3791 ἔτεκεν

1953 3737 2127 3791 solum
2167 3737 2363 3791 Filium
2413 3741 2621 3808 peperit
2664 3740 2823 3809 116
2862 3750 3048 3794 saneta
3083 3740 3279 3810 Virgo,
3325 3756 3518 3809 nempe

294 3826 418 3880 Υίὸν
463 3828 554 3879 τὸν
592 3826 936 3898 Ἐμμανουήλ
986 3830 1019 3899 ή
1070 3828 1201 3896 ἁγία
1218 3827 1558 3898 ,Παρθένοςο
1605 3827 1722 3890 πῶς
1761 3822 1846 3880 οὖν

1951 3826 2358 3881 -Ειιιιιιιιιιιιειειιι
2397 3846 2409 3881 :
2447 3844 2544 3881 cur
2577 3829 2741 3896 igitur
2770 3829 2964 3883 Filium
3003 3829 3144 3884 illius
3177 3831 3517 3900 primogeni-

291 3934 478 3987 φησι,‹
505 3917 608 3970 Τὸν
631 3918 757 3970 Υἰὸν
775 3917 943 3987 αὐτῆς
972 3917 1062 3970 τὸν
1090 3916 1433 3987 πρωτότοκον
1455 3933 1470 3978 ;
1494 3934 1513 3967 ι
1547 3915 1607 3968 οὑ
1629 3916 1737 3986 γάρ
1762 3931 1855 3983 γεο

291 4007 512 4075 γόνασιν
549 4008 725 4079 ἕτεροι
779 4008 895 4078 μετ’
924 4009 1119 4072 αὑτὸν,
1142 4008 1419 4078 μεμένηκε
1446 4007 1505 4060 δὲ
1568 4007 1853 4077 παρθένος.

304 4099 752 4168 Ἐπισημαίνεται
783 4098 961 4152 τοίνυν
990 4100 1066 4162 ὡς
1102 4101 1166 4152 ὲκ
1189 4100 1288 4169 τῆς
1331 4096 1686 4151 θεοπνεύστου
1716 4099 1855 4167 Γρα-

292 4189 428 4258 φῆς⁶
460 4189 774 4260 ὠνόμασται
825 4189 934 4259 γὰρ
982 4187 1323 4260 πρωτότοκος
1359 4187 1388 4238 6
1421 4186 1713 4256 μονογενὴς
1760 4186 1854 4239 τοῦ

290 4280 423 4335 Θεοῦ
453 4282 624 4350 Λόγος
644 4297 658 4310 ·
707 4280 1067 4352 κεκοινώνηκε
1099 4279 1204 4349 γὰρ
1254 4278 1482 4346 αἵματος
1511 4276 1604 4329 καὶ
1632 4276 1852 4347 σαρκὸς,

1957 3926 2067 3970 tuin
2111 3916 2376 3984 appellat?
2420 3917 2601 3986 Neque
2643 3919 2786 3971 enim
2831 3918 2922 3972 ulli
2964 3917 3052 3971 alii
3097 3925 3220 3985 post
3264 3919 3412 3972 illum
3453 3935 3517 3977 ex

1956 4008 2068 4077 ipsa
2106 4009 2213 4062 nati
2250 4018 2378 4063 sunt
2413 4026 2428 4062 :
2465 4020 2726 4078 perpetuo
2762 4023 2992 4077 namque
3032 4008 3121 4063 illa
3154 4008 3518 4079 virginitatem

1954 4101 2315 4153 conservavit.
2362 4099 2711 4168 Signiﬁcatur
2751 4112 2911 4169 ergo,
2954 4113 2983 4151 a
3032 4112 3187 4153 sacra
3236 4100 3518 4170 Scriptura

1956 4189 2283 4257 unigenitum
2315 4190 2405 4244 Dei
2430 4188 2668 4245 Verbum
2700 4189 2770 4245 ob
2801 4190 2853 4243 id
2887 4189 3307 4260 primogenitum
3338 4193 3522 4262 appel-

1958 4278 2122 4332 latum
2154 4294 2297 4344 esse,
2331 4283 2456 4349 quia
2490 4281 2638 4334 carni
2674 4288 2735 4335 et
2763 4279 3030 4348 sanguini,
3066 4281 3384 4350 caelerisque
3420 4283 3519 4336 hu-

293 4371 388 4423 καὶ
439 4370 835 4441 παραπλησίως
884 4372 1014 4439 ἡμῖν
1061 4368 1284 4439 μετέσχε
1317 4369 1424 4419 τῶν
1452 4366 1648 4419 αὐτῶν.
1702 4367 1846 4420 Οὕτω

1959 4371 2134 4424 manis
2161 4384 2313 4439 asque
2338 4385 2401 4425 ac
2429 4386 2527 4426 nos
2556 4372 2993 4438 communicaris,
3024 4373 3166 4426 inter
3193 4374 3385 4428 multos
3413 4374 3522 4431 fra-

290 4462 511 4530 γέγονεν
556 4464 614 4515 ἐν
666 4461 880 4523 πολλοῖς
925 4459 1174 4527 ἀδελφοῖς
1218 4457 1573 4529 πρωτότοκος.
1608 4455 1755 4526 Πλὴν
1780 4456 1856 4519 ὡς

292 4551 421 4613 Θεὸς
444 4553 826 4623 προσκυνεῖται
855 4550 1007 4620 παρά
1034 4566 1092 4602 τε
1115 4549 1271 4621 ἡμῶν
1298 4548 1477 4604 αὐτῶν
1499 4547 1594 4601 καὶ
1613 4547 1720 4601 τῶν
1744 4547 1856 4602 ἄνω

293 4658 425 4693 πνευ
434 4641 618 4710 μάτων
625 4680 640 4696 .

370 4731 525 4783 «Kal.
572 4727 714 4796 εἷπε,
766 4731 920 4801 φησι,
964 4730 1100 4802 πρὸς
1140 4728 1305 4783 αὐτὸν
1356 4732 1389 4799 ἡ
1444 4732 1624 4801 μήτηρ
1669 4730 1855 4784 αὐτοῦ’

295 4819 515 4885 Τέκνον,
542 4820 594 4873 τί
619 4822 880 4890 ἐποίησας
906 4823 1041 4892 ἡμῖν
1077 4819 1282 4885 οὕτως;
1325 4819 1457 4873 Ἰδοὺ
1490 4823 1519 4874 6
1551 4822 1731 4889 πατὴρ
1762 4837 1855 4873 σου

295 4910 390 4962 καὶ⁵
435 4909 546 4976 ἐγὼ
595 4908 918 4978 ὀδυνώμενοι
966 4908 1265 4980 ἐζητοῦμεν
1304 4923 1384 4961 σε.
1415 4908 1523 4962 Καὶ
1568 4904 1689 4961 εἷπε
1718 4909 1856 4979 πρὸς

293 4999 488 5062 αὐτούς
508 5016 520 5028 ·
549 4999 613 5051 Τί
650 4999 732 5052 ὃτι
760 5000 999 5069 ἐζητεῖτέ
1030 5017 1098 5070 με
1118 5016 1133 5066 ;
1157 4999 1255 5051 οὐκ
1286 5000 1460 5052 οῐδατε
1480 4997 1521 5061 ι,
1549 4999 1630 5051 ὅτι
1662 5000 1719 5051 ὲν
1742 5001 1854 5063 τοῖς

291 5087 385 5145 τοῦ
415 5088 629 5159 Πατρός
659 5106 759 5158 μου
791 5089 871 5142 δεῖ
911 5087 1052 5144 εἷναί
1087 5105 1188 5158 με;
1230 5107 1249 5141 ι
1272 5087 1459 5160 Ἀθρει
1489 5088 1553 5160 δὴ
1587 5084 1678 5141 οὖν
1707 5089 1855 5152 ὅπως

368 5243 412 5274 ²⁹
435 5241 587 5296 Joan.
619 5241 846 5303 xvn,l9.
958 5242 1003 5274 ³⁰
1027 5241 1178 5299 Joan.
1205 5256 1299 5306 xx,
1322 5240 1413 5306 30,
1442 5239 1533 5294 5i.

291 5326 416 5377 νιιι,
449 5315 532 5366 t9.
612 5313 656 5344 ³⁸
683 5313 816 5367 Luc.
846 5327 907 5375 ιι,
934 5311 1025 5379 49,
1059 5311 1148 5365 50.

1642 5240 1683 5272 ³¹
1707 5240 1840 5296 Luc.
1875 5257 1933 5306 ιι,
1960 5240 2054 5296 21.

1961 4469 2070 4514 tres
2086 4460 2131 4491 ³³
2152 4461 2436 4528 primatum
2460 4461 2706 4515 sortitum
2729 4471 2811 4516 est
2829 4460 2895 4516 ³⁸.
2919 4461 3050 4517 Cum
3077 4464 3175 4516 hoc
3199 4465 3319 4530 ipso
3341 4473 3518 4519 tamen

1959 4561 2014 4603 et
2050 4565 2079 4604 ι
2118 4552 2364 4621 supernis
2405 4552 2509 4607 illis
2548 4554 2849 4620 spiritibus,
2885 4563 2942 4609 et
2982 4554 3272 4622 nobisipsis
3306 4571 3521 4626 quoque

1964 4639 2239 4706 adoratur,
2271 4651 2326 4695 et
2357 4652 2415 4695 ut
2445 4641 2588 4697 Deus
2617 4642 2832 4697 colitur.

2042 4748 2059 4780 ι
2099 4729 2166 4784 Ει
2194 4731 2329 4784 dixit
2359 4741 2528 4786 mater
2552 4733 2669 4801 ejus
2698 4734 2764 4786 ad
2797 4733 2947 4786 illum
2979 4752 2994 4788 :
3026 4734 3160 4802 Fili,
3190 4734 3315 4803 quid
3346 4734 3520 4790 fecisti

1963 4820 2116 4875 nobis
2142 4820 2253 4875 sic?
2280 4821 2416 4875 Ecce
2446 4830 2597 4889 pater
2623 4829 2744 4877 tuus
2767 4834 2823 4877 et
2845 4838 2943 4894 ego
2968 4824 3213 4879 dolentes
3238 4826 3520 4894 quaereba-

1961 4924 2082 4963 mus
2118 4919 2189 4964 le.
2223 4909 2295 4962 Et
2325 4911 2401 4964 ait
2433 4911 2498 4964 ad
2533 4912 2654 4966 illos
2686 4930 2702 4968 :
2735 4912 2872 4979 Quid
2906 4924 2986 4970 est
3021 4915 3161 4983 quod
3197 4928 3281 4969 me
3314 4930 3522 4983 quaere.

1959 5000 2136 5054 batis?
2161 4999 2517 5065 Nesciebatis,
2543 5004 2667 5071 quia
2698 5003 2750 5056 in
2781 5004 2864 5058 his
2889 5020 3009 5074 qua:
3037 5003 3213 5058 Patris
3244 5006 3346 5057 mei
3374 5012 3519 5069 sunt,

1961 5098 2172 5159 Oportet
2196 5104 2281 5144 me
2315 5106 2432 5146 esse
2451 5092 2533 5145 ³⁸2
2559 5111 2577 5145 ι
2602 5093 2678 5147 En
2702 5095 2970 5163 quomodo
2992 5095 3261 5148 cmlcstem
3287 5093 3522 5162 Patrem,

2166 5222 2211 5273 ³ί
2248 5240 2379 5297 Luc.
2413 5257 2474 5308 ιι,
2501 5242 2554 5309 6,
2590 5244 2645 5300 7.
2752 5243 2797 5276 ⁸³
2822 5244 2983 5298 Hebr.
3012 5259 3070 5308 ιι,
3108 5243 3190 5296 14.
3294 5244 3339 5276 ”
3360 5243 3520 5300 Rom.

1360 5467 1531 5522 Variae
1570 5465 1824 5520 lectiones
1853 5464 2055 5520 codicis
2075 5465 2425 5535 Seguieriani.

371 5602 396 5644 Ιι
429 5605 591 5670 ἴσως,
624 5562 874 5671 ἀγγέλου.
958 5600 973 5638 ¹
1008 5600 1203 5672 ᾔδειτε.
