  <div class='ocr_page' id='page_1' title='image "/cluster/home/n/w/nwhite01/storage/ocr_20150623/76/mdp.39015013094878/685.png"; bbox 0 0 3942 6128; ppageno 0'>
   <div class='ocr_carea' id='block_1_1' title="bbox 516 274 3789 345">
    <p class='ocr_par' dir='ltr' id='par_1_1' title="bbox 516 274 3789 345">
     <span class='ocr_line' id='line_1_1' title="bbox 516 274 3789 345; baseline -0.004 -3"><span class='ocrx_word' id='word_1_1' title='bbox 516 288 654 345; x_wconf 71' lang='grc'><strong>1⁸519</strong></span> <span class='ocrx_word' id='word_1_2' title='bbox 1499 282 1558 339; x_wconf 88' lang='lat' dir='ltr'><strong>S.</strong></span> <span class='ocrx_word' id='word_1_3' title='bbox 1599 280 1872 339; x_wconf 74' lang='lat' dir='ltr'><strong>CYRILLI</strong></span> <span class='ocrx_word' id='word_1_4' title='bbox 1911 277 2375 334; x_wconf 77' lang='lat' dir='ltr'><strong>ALEXANDRINI</strong></span> <span class='ocrx_word' id='word_1_5' title='bbox 2420 274 2739 333; x_wconf 77' lang='lat' dir='ltr'><strong>ARCBIEP.</strong></span> <span class='ocrx_word' id='word_1_6' title='bbox 3638 274 3789 329; x_wconf 68' lang='lat'><strong>1320</strong></span> 
     </span>
    </p>
   </div>
   <div class='ocr_carea' id='block_1_2' title="bbox 513 378 2070 477">
    <p class='ocr_par' dir='ltr' id='par_1_2' title="bbox 513 378 2069 477">
     <span class='ocr_line' id='line_1_2' title="bbox 513 378 2069 477; baseline -0.005 -24"><span class='ocrx_word' id='word_1_7' title='bbox 513 412 670 453; x_wconf 86' lang='lat' dir='ltr'><strong>suum</strong></span> <span class='ocrx_word' id='word_1_8' title='bbox 701 396 869 466; x_wconf 85' lang='lat' dir='ltr'><strong>ipsius</strong></span> <span class='ocrx_word' id='word_1_9' title='bbox 898 378 1176 477; x_wconf 60' lang='lat' dir='ltr'><strong>proprium</strong></span> <span class='ocrx_word' id='word_1_10' title='bbox 1205 380 1416 452; x_wconf 80' lang='lat' dir='ltr'><strong>Patrem</strong></span> <span class='ocrx_word' id='word_1_11' title='bbox 1446 397 1706 453; x_wconf 84' lang='lat' dir='ltr'><strong>nominat.</strong></span> <span class='ocrx_word' id='word_1_12' title='bbox 1732 394 1801 448; x_wconf 81' lang='lat' dir='ltr'><strong>At</strong></span> <span class='ocrx_word' id='word_1_13' title='bbox 1824 393 2069 462; x_wconf 88' lang='lat' dir='ltr'><strong>siquiden</strong></span> 
     </span>
    </p>
   </div>
   <div class='ocr_carea' id='block_1_3' title="bbox 2227 378 3784 477">
    <p class='ocr_par' dir='ltr' id='par_1_3' title="bbox 2227 390 3784 463">
     <span class='ocr_line' id='line_1_3' title="bbox 2227 390 3784 463; baseline -0.001 -18"><span class='ocrx_word' id='word_1_14' title='bbox 2227 392 2340 446; x_wconf 77' lang='lat' dir='ltr'><strong>itov-</strong></span> <span class='ocrx_word' id='word_1_15' title='bbox 2366 393 2561 447; x_wconf 77' lang='grc' dir='ltr'><strong>ἑαυτοῦ</strong></span> <span class='ocrx_word' id='word_1_16' title='bbox 2593 392 2811 463; x_wconf 79' lang='grc' dir='ltr'><strong>Πατέρα</strong></span> <span class='ocrx_word' id='word_1_17' title='bbox 2839 391 2931 445; x_wconf 80' lang='grc' dir='ltr'><strong>τὸν</strong></span> <span class='ocrx_word' id='word_1_18' title='bbox 2974 393 3034 445; x_wconf 84' lang='grc' dir='ltr'><strong>ἐν</strong></span> <span class='ocrx_word' id='word_1_19' title='bbox 3060 393 3172 456; x_wconf 80' lang='grc' dir='ltr'><strong>τοῖς</strong></span> <span class='ocrx_word' id='word_1_20' title='bbox 3209 392 3459 463; x_wconf 77' lang='grc' dir='ltr'><strong>οὐρανοῖς</strong></span> <span class='ocrx_word' id='word_1_21' title='bbox 3489 390 3784 460; x_wconf 75' lang='grc' dir='ltr'><strong>ὀνομάζει.</strong></span> 
     </span>
    </p>
   </div>
   <div class='ocr_carea' id='block_1_4' title="bbox 513 479 2070 555">
    <p class='ocr_par' dir='ltr' id='par_1_4' title="bbox 513 482 2070 555">
     <span class='ocr_line' id='line_1_4' title="bbox 513 482 2070 555; baseline -0.003 -15"><span class='ocrx_word' id='word_1_22' title='bbox 513 487 689 540; x_wconf 89' lang='lat' dir='ltr'><strong>nudus</strong></span> <span class='ocrx_word' id='word_1_23' title='bbox 717 489 876 541; x_wconf 91' lang='lat' dir='ltr'><strong>homo</strong></span> <span class='ocrx_word' id='word_1_24' title='bbox 900 498 1039 551; x_wconf 84' lang='lat' dir='ltr'><strong>erat,</strong></span> <span class='ocrx_word' id='word_1_25' title='bbox 1069 489 1365 555; x_wconf 89' lang='lat' dir='ltr'><strong>cujusmodi</strong></span> <span class='ocrx_word' id='word_1_26' title='bbox 1393 502 1491 543; x_wconf 81' lang='lat' dir='ltr'><strong>nos</strong></span> <span class='ocrx_word' id='word_1_27' title='bbox 1514 501 1721 551; x_wconf 88' lang='lat' dir='ltr'><strong>sumus,</strong></span> <span class='ocrx_word' id='word_1_28' title='bbox 1747 493 1803 541; x_wconf 89' lang='lat' dir='ltr'><strong>ct</strong></span> <span class='ocrx_word' id='word_1_29' title='bbox 1827 483 1970 536; x_wconf 82' lang='lat' dir='ltr'><strong>aliud</strong></span> <span class='ocrx_word' id='word_1_30' title='bbox 2001 482 2070 536; x_wconf 89' lang='lat' dir='ltr'><strong>ni-</strong></span> 
     </span>
    </p>
   </div>
   <div class='ocr_carea' id='block_1_5' title="bbox 2226 479 3783 555">
    <p class='ocr_par' dir='ltr' id='par_1_5' title="bbox 2226 479 3783 555">
     <span class='ocr_line' id='line_1_5' title="bbox 2226 479 3783 555; baseline 0.001 -23"><span class='ocrx_word' id='word_1_31' title='bbox 2226 480 2337 534; x_wconf 57' lang='grc' dir='ltr'><strong>ΑλΥ</strong></span> <span class='ocrx_word' id='word_1_32' title='bbox 2366 484 2523 554; x_wconf 73' lang='grc' dir='ltr'><strong>εἴπερ</strong></span> <span class='ocrx_word' id='word_1_33' title='bbox 2568 479 2636 554; x_wconf 78' lang='grc' dir='ltr'><strong>ἧν</strong></span> <span class='ocrx_word' id='word_1_34' title='bbox 2688 483 2969 555; x_wconf 79' lang='grc' dir='ltr'><strong>ἄνθρωπος</strong></span> <span class='ocrx_word' id='word_1_35' title='bbox 3019 484 3358 553; x_wconf 78' lang='grc' dir='ltr'><strong>καταμόνας,</strong></span> <span class='ocrx_word' id='word_1_36' title='bbox 3389 484 3488 536; x_wconf 74' lang='grc' dir='ltr'><strong>καὶ</strong></span> <span class='ocrx_word' id='word_1_37' title='bbox 3527 482 3668 536; x_wconf 79' lang='grc' dir='ltr'><strong>αὐτὸ</strong></span> <span class='ocrx_word' id='word_1_38' title='bbox 3713 482 3783 551; x_wconf 79' lang='grc' dir='ltr'><strong>δὴ</strong></span> 
     </span>
    </p>
   </div>
   <div class='ocr_carea' id='block_1_6' title="bbox 512 571 2069 645">
    <p class='ocr_par' dir='ltr' id='par_1_6' title="bbox 512 571 2069 644">
     <span class='ocr_line' id='line_1_6' title="bbox 512 571 2069 644; baseline -0.003 -13"><span class='ocrx_word' id='word_1_39' title='bbox 512 575 618 644; x_wconf 86' lang='lat' dir='ltr'><strong>hil;</strong></span> <span class='ocrx_word' id='word_1_40' title='bbox 650 591 747 629; x_wconf 91' lang='lat' dir='ltr'><strong>cur</strong></span> <span class='ocrx_word' id='word_1_41' title='bbox 771 590 875 630; x_wconf 91' lang='lat' dir='ltr'><strong>non</strong></span> <span class='ocrx_word' id='word_1_42' title='bbox 907 576 1010 629; x_wconf 86' lang='lat' dir='ltr'><strong>hac</strong></span> <span class='ocrx_word' id='word_1_43' title='bbox 1042 578 1217 644; x_wconf 85' lang='lat' dir='ltr'><strong>potius</strong></span> <span class='ocrx_word' id='word_1_44' title='bbox 1245 577 1495 631; x_wconf 87' lang='lat' dir='ltr'><strong>oratione</strong></span> <span class='ocrx_word' id='word_1_45' title='bbox 1525 590 1655 630; x_wconf 86' lang='lat' dir='ltr'><strong>usus</strong></span> <span class='ocrx_word' id='word_1_46' title='bbox 1681 583 1767 629; x_wconf 89' lang='lat' dir='ltr'><strong>est</strong></span> <span class='ocrx_word' id='word_1_47' title='bbox 1794 590 1809 626; x_wconf 93' lang='lat'><strong>:</strong></span> <span class='ocrx_word' id='word_1_48' title='bbox 1845 591 1864 624; x_wconf 79' lang='grc' dir='ltr'><strong>ι</strong></span> <span class='ocrx_word' id='word_1_49' title='bbox 1897 571 2069 626; x_wconf 75' lang='grc' dir='ltr'><strong>Νθεείι</strong></span> 
     </span>
    </p>
   </div>
   <div class='ocr_carea' id='block_1_7' title="bbox 2229 571 3786 645">
    <p class='ocr_par' dir='ltr' id='par_1_7' title="bbox 2229 572 3786 645">
     <span class='ocr_line' id='line_1_7' title="bbox 2229 572 3786 645; baseline -0.002 -18"><span class='ocrx_word' id='word_1_50' title='bbox 2229 573 2339 627; x_wconf 66' lang='grc' dir='ltr'><strong>ιῦτο</strong></span> <span class='ocrx_word' id='word_1_51' title='bbox 2386 574 2674 645; x_wconf 82' lang='grc' dir='ltr'><strong>νοούμενος</strong></span> <span class='ocrx_word' id='word_1_52' title='bbox 2725 574 2844 628; x_wconf 81' lang='grc' dir='ltr'><strong>καθ’</strong></span> <span class='ocrx_word' id='word_1_53' title='bbox 2875 575 3042 644; x_wconf 78' lang='grc' dir='ltr'><strong>ἡμᾶς,</strong></span> <span class='ocrx_word' id='word_1_54' title='bbox 3080 575 3197 637; x_wconf 84' lang='grc' dir='ltr'><strong>πῶς</strong></span> <span class='ocrx_word' id='word_1_55' title='bbox 3254 575 3355 627; x_wconf 84' lang='grc' dir='ltr'><strong>οὐκ</strong></span> <span class='ocrx_word' id='word_1_56' title='bbox 3405 573 3519 626; x_wconf 70' lang='grc' dir='ltr'><strong>ἔδει</strong></span> <span class='ocrx_word' id='word_1_57' title='bbox 3570 572 3786 642; x_wconf 74' lang='grc' dir='ltr'><strong>μᾶλλον</strong></span> 
     </span>
    </p>
   </div>
   <div class='ocr_carea' id='block_1_8' title="bbox 514 660 2071 743">
    <p class='ocr_par' dir='ltr' id='par_1_8' title="bbox 514 664 2071 735">
     <span class='ocr_line' id='line_1_8' title="bbox 514 664 2071 735; baseline -0.003 -16"><span class='ocrx_word' id='word_1_58' title='bbox 514 666 587 721; x_wconf 89' lang='lat' dir='ltr'><strong>tis</strong></span> <span class='ocrx_word' id='word_1_59' title='bbox 616 666 757 735; x_wconf 90' lang='lat' dir='ltr'><strong>quod</strong></span> <span class='ocrx_word' id='word_1_60' title='bbox 789 667 840 719; x_wconf 89' lang='lat' dir='ltr'><strong>itt</strong></span> <span class='ocrx_word' id='word_1_61' title='bbox 872 667 956 720; x_wconf 89' lang='lat' dir='ltr'><strong>his</strong></span> <span class='ocrx_word' id='word_1_62' title='bbox 982 681 1100 735; x_wconf 67' lang='lat' dir='ltr'><strong>quae</strong></span> <span class='ocrx_word' id='word_1_63' title='bbox 1126 668 1427 721; x_wconf 82' lang='lat' dir='ltr'><strong>communis</strong></span> <span class='ocrx_word' id='word_1_64' title='bbox 1454 666 1695 719; x_wconf 91' lang='lat' dir='ltr'><strong>omnium</strong></span> <span class='ocrx_word' id='word_1_65' title='bbox 1726 664 1903 718; x_wconf 84' lang='lat' dir='ltr'><strong>Patris</strong></span> <span class='ocrx_word' id='word_1_66' title='bbox 1933 675 2071 725; x_wconf 77' lang='lat' dir='ltr'><strong>sunt,</strong></span> 
     </span>
    </p>
   </div>
   <div class='ocr_carea' id='block_1_9' title="bbox 2225 660 3782 743">
    <p class='ocr_par' dir='ltr' id='par_1_9' title="bbox 2225 660 3782 743">
     <span class='ocr_line' id='line_1_9' title="bbox 2225 660 3782 743; baseline -0.001 -27"><span class='ocrx_word' id='word_1_67' title='bbox 2225 665 2361 716; x_wconf 84' lang='grc' dir='ltr'><strong>ίπεϊν</strong></span> <span class='ocrx_word' id='word_1_68' title='bbox 2387 681 2400 694; x_wconf 76' lang='grc' dir='ltr'><strong>ο</strong></span> <span class='ocrx_word' id='word_1_69' title='bbox 2430 665 2545 717; x_wconf 82' lang='grc' dir='ltr'><strong>Οὐκ</strong></span> <span class='ocrx_word' id='word_1_70' title='bbox 2579 665 2779 743; x_wconf 69' lang='grc' dir='ltr'><strong>ῇᾷειτε,</strong></span> <span class='ocrx_word' id='word_1_71' title='bbox 2812 665 2894 719; x_wconf 82' lang='grc' dir='ltr'><strong>ὅτι</strong></span> <span class='ocrx_word' id='word_1_72' title='bbox 2942 666 3002 717; x_wconf 83' lang='grc' dir='ltr'><strong>ἐν</strong></span> <span class='ocrx_word' id='word_1_73' title='bbox 3026 667 3136 728; x_wconf 84' lang='grc' dir='ltr'><strong>τοῖς</strong></span> <span class='ocrx_word' id='word_1_74' title='bbox 3167 663 3261 717; x_wconf 79' lang='grc' dir='ltr'><strong>τοῦ</strong></span> <span class='ocrx_word' id='word_1_75' title='bbox 3300 664 3525 716; x_wconf 86' lang='grc' dir='ltr'><strong>πάντων</strong></span> <span class='ocrx_word' id='word_1_76' title='bbox 3554 660 3782 735; x_wconf 79' lang='grc' dir='ltr'><strong>Πατρδς</strong></span> 
     </span>
    </p>
   </div>
   <div class='ocr_carea' id='block_1_10' title="bbox 512 752 2069 826">
    <p class='ocr_par' dir='ltr' id='par_1_10' title="bbox 512 753 2069 826">
     <span class='ocr_line' id='line_1_10' title="bbox 512 753 2069 826; baseline -0.003 -15"><span class='ocrx_word' id='word_1_77' title='bbox 512 764 728 826; x_wconf 91' lang='lat' dir='ltr'><strong>oportet</strong></span> <span class='ocrx_word' id='word_1_78' title='bbox 765 770 850 810; x_wconf 90' lang='lat' dir='ltr'><strong>me</strong></span> <span class='ocrx_word' id='word_1_79' title='bbox 890 755 1046 810; x_wconf 83' lang='lat' dir='ltr'><strong>esse?</strong></span> <span class='ocrx_word' id='word_1_80' title='bbox 1088 775 1107 808; x_wconf 74' lang='grc' dir='ltr'><strong>ι</strong></span> <span class='ocrx_word' id='word_1_81' title='bbox 1145 753 1343 810; x_wconf 82' lang='lat' dir='ltr'><strong>Verum</strong></span> <span class='ocrx_word' id='word_1_82' title='bbox 1381 757 1528 810; x_wconf 88' lang='lat' dir='ltr'><strong>illum</strong></span> <span class='ocrx_word' id='word_1_83' title='bbox 1569 766 1627 809; x_wconf 90' lang='lat' dir='ltr'><strong>ut</strong></span> <span class='ocrx_word' id='word_1_84' title='bbox 1663 756 1940 823; x_wconf 80' lang='lat' dir='ltr'><strong>praprium</strong></span> <span class='ocrx_word' id='word_1_85' title='bbox 1980 754 2069 807; x_wconf 69' lang='lat' dir='ltr'><strong>sibi</strong></span> 
     </span>
    </p>
   </div>
   <div class='ocr_carea' id='block_1_11' title="bbox 2223 752 3780 826">
    <p class='ocr_par' dir='ltr' id='par_1_11' title="bbox 2223 752 3780 825">
     <span class='ocr_line' id='line_1_11' title="bbox 2223 752 3780 825; baseline -0.003 -16"><span class='ocrx_word' id='word_1_86' title='bbox 2223 754 2323 810; x_wconf 74' lang='grc' dir='ltr'><strong>[ναί</strong></span> <span class='ocrx_word' id='word_1_87' title='bbox 2367 774 2433 825; x_wconf 88' lang='grc' dir='ltr'><strong>με</strong></span> <span class='ocrx_word' id='word_1_88' title='bbox 2458 757 2573 821; x_wconf 83' lang='grc' dir='ltr'><strong>δεί;</strong></span> <span class='ocrx_word' id='word_1_89' title='bbox 2618 757 2757 809; x_wconf 71' lang='grc' dir='ltr'><strong>Ἀλλ’</strong></span> <span class='ocrx_word' id='word_1_90' title='bbox 2788 758 2918 809; x_wconf 82' lang='grc' dir='ltr'><strong>ῐδιον</strong></span> <span class='ocrx_word' id='word_1_91' title='bbox 2959 755 3128 809; x_wconf 80' lang='grc' dir='ltr'><strong>αὐτοῦ</strong></span> <span class='ocrx_word' id='word_1_92' title='bbox 3158 757 3396 808; x_wconf 85' lang='grc' dir='ltr'><strong>ποιεῖται</strong></span> <span class='ocrx_word' id='word_1_93' title='bbox 3417 770 3430 782; x_wconf 93' lang='grc'><strong>·</strong></span> <span class='ocrx_word' id='word_1_94' title='bbox 3474 754 3642 824; x_wconf 91' lang='grc' dir='ltr'><strong>μόνος</strong></span> <span class='ocrx_word' id='word_1_95' title='bbox 3668 752 3780 823; x_wconf 71' lang='grc' dir='ltr'><strong>γάρ</strong></span> 
     </span>
    </p>
   </div>
   <div class='ocr_carea' id='block_1_12' title="bbox 513 846 2070 919">
    <p class='ocr_par' dir='ltr' id='par_1_12' title="bbox 513 847 2070 914">
     <span class='ocr_line' id='line_1_12' title="bbox 513 847 2070 914; baseline -0.002 -14"><span class='ocrx_word' id='word_1_96' title='bbox 513 847 776 912; x_wconf 83' lang='lat' dir='ltr'><strong>vindicat;</strong></span> <span class='ocrx_word' id='word_1_97' title='bbox 807 847 931 914; x_wconf 84' lang='lat' dir='ltr'><strong>quia</strong></span> <span class='ocrx_word' id='word_1_98' title='bbox 964 847 1111 901; x_wconf 85' lang='lat' dir='ltr'><strong>solus</strong></span> <span class='ocrx_word' id='word_1_99' title='bbox 1139 849 1441 901; x_wconf 85' lang='lat' dir='ltr'><strong>secundum</strong></span> <span class='ocrx_word' id='word_1_100' title='bbox 1474 848 1708 900; x_wconf 81' lang='lat' dir='ltr'><strong>divinam</strong></span> <span class='ocrx_word' id='word_1_101' title='bbox 1744 854 1989 899; x_wconf 88' lang='lat' dir='ltr'><strong>naturam</strong></span> <span class='ocrx_word' id='word_1_102' title='bbox 2018 862 2070 899; x_wconf 77' lang='lat' dir='ltr'><strong>et</strong></span> 
     </span>
    </p>
   </div>
   <div class='ocr_carea' id='block_1_13' title="bbox 2219 846 3776 919">
    <p class='ocr_par' dir='ltr' id='par_1_13' title="bbox 2219 846 3776 919">
     <span class='ocr_line' id='line_1_13' title="bbox 2219 846 3776 919; baseline -0.001 -19"><span class='ocrx_word' id='word_1_103' title='bbox 2219 847 2243 911; x_wconf 80' lang='grc' dir='ltr'>Ξ</span> <span class='ocrx_word' id='word_1_104' title='bbox 2273 849 2437 901; x_wconf 78' lang='grc' dir='ltr'><strong>αὑτοῦ</strong></span> <span class='ocrx_word' id='word_1_105' title='bbox 2463 848 2783 919; x_wconf 75' lang='grc' dir='ltr'><strong>γεγέννηται</strong></span> <span class='ocrx_word' id='word_1_106' title='bbox 2806 848 2947 902; x_wconf 83' lang='grc' dir='ltr'><strong>κατὰ</strong></span> <span class='ocrx_word' id='word_1_107' title='bbox 2980 847 3141 916; x_wconf 88' lang='grc' dir='ltr'><strong>φύσιν</strong></span> <span class='ocrx_word' id='word_1_108' title='bbox 3172 846 3390 908; x_wconf 86' lang='grc' dir='ltr'><strong>θεῖκῶς.</strong></span> <span class='ocrx_word' id='word_1_109' title='bbox 3409 847 3469 900; x_wconf 89' lang='grc'><strong>’0</strong></span> <span class='ocrx_word' id='word_1_110' title='bbox 3500 846 3560 899; x_wconf 82' lang='grc' dir='ltr'><strong>δὲ</strong></span> <span class='ocrx_word' id='word_1_111' title='bbox 3588 846 3776 907; x_wconf 70' lang='grc' dir='ltr'><strong>αὐτὸς,</strong></span> 
     </span>
    </p>
   </div>
   <div class='ocr_carea' id='block_1_14' title="bbox 414 936 1971 1010">
    <p class='ocr_par' dir='ltr' id='par_1_14' title="bbox 414 937 1971 1003">
     <span class='ocr_line' id='line_1_14' title="bbox 414 937 1971 1003; baseline 0 -12"><span class='ocrx_word' id='word_1_112' title='bbox 414 992 423 1003; x_wconf 66' lang='grc'><strong>,</strong></span> <span class='ocrx_word' id='word_1_113' title='bbox 515 937 632 1003; x_wconf 88' lang='lat' dir='ltr'><strong>ipso</strong></span> <span class='ocrx_word' id='word_1_114' title='bbox 669 946 828 990; x_wconf 87' lang='lat' dir='ltr'><strong>natus</strong></span> <span class='ocrx_word' id='word_1_115' title='bbox 861 946 961 990; x_wconf 91' lang='lat' dir='ltr'><strong>est.</strong></span> <span class='ocrx_word' id='word_1_116' title='bbox 999 938 1256 991; x_wconf 84' lang='lat' dir='ltr'><strong>Eumdem</strong></span> <span class='ocrx_word' id='word_1_117' title='bbox 1295 939 1650 993; x_wconf 89' lang='lat' dir='ltr'><strong>nihilominus</strong></span> <span class='ocrx_word' id='word_1_118' title='bbox 1685 946 1739 991; x_wconf 90' lang='lat' dir='ltr'><strong>et</strong></span> <span class='ocrx_word' id='word_1_119' title='bbox 1779 938 1939 991; x_wconf 90' lang='lat' dir='ltr'><strong>homo</strong></span> <span class='ocrx_word' id='word_1_120' title='bbox 1970 996 1971 999; x_wconf 30' lang='grc' dir='ltr'><strong>η</strong></span> 
     </span>
    </p>
   </div>
   <div class='ocr_carea' id='block_1_15' title="bbox 2223 936 3780 1010">
    <p class='ocr_par' dir='ltr' id='par_1_15' title="bbox 2224 936 3780 1010">
     <span class='ocr_line' id='line_1_15' title="bbox 2224 936 3780 1010; baseline -0.001 -20"><span class='ocrx_word' id='word_1_121' title='bbox 2224 940 2278 990; x_wconf 68' lang='grc' dir='ltr'><strong>αἱ</strong></span> <span class='ocrx_word' id='word_1_122' title='bbox 2313 939 2593 1010; x_wconf 78' lang='grc' dir='ltr'><strong>ἄνθρωπος</strong></span> <span class='ocrx_word' id='word_1_123' title='bbox 2622 937 2881 1009; x_wconf 83' lang='grc' dir='ltr'><strong>γεγονὼς,</strong></span> <span class='ocrx_word' id='word_1_124' title='bbox 2911 939 3044 993; x_wconf 86' lang='grc' dir='ltr'><strong>ῐδιον</strong></span> <span class='ocrx_word' id='word_1_125' title='bbox 3085 938 3195 1009; x_wconf 84' lang='grc' dir='ltr'><strong>ἔχει</strong></span> <span class='ocrx_word' id='word_1_126' title='bbox 3227 939 3321 991; x_wconf 71' lang='grc' dir='ltr'><strong>καὶ</strong></span> <span class='ocrx_word' id='word_1_127' title='bbox 3356 936 3522 1006; x_wconf 71' lang='grc' dir='ltr'><strong>φύσει</strong></span> <span class='ocrx_word' id='word_1_128' title='bbox 3550 936 3780 1007; x_wconf 76' lang='grc' dir='ltr'><strong>Πατέρα</strong></span> 
     </span>
    </p>
   </div>
   <div class='ocr_carea' id='block_1_16' title="bbox 513 1023 2462 1095">
    <p class='ocr_par' dir='ltr' id='par_1_16' title="bbox 513 1023 2462 1095">
     <span class='ocr_line' id='line_1_16' title="bbox 513 1023 2462 1095; baseline 0.002 -16"><span class='ocrx_word' id='word_1_129' title='bbox 513 1023 687 1079; x_wconf 88' lang='lat' dir='ltr'><strong>factus</strong></span> <span class='ocrx_word' id='word_1_130' title='bbox 717 1026 989 1093; x_wconf 85' lang='lat' dir='ltr'><strong>proprium</strong></span> <span class='ocrx_word' id='word_1_131' title='bbox 1023 1026 1196 1080; x_wconf 87' lang='lat' dir='ltr'><strong>adhuc</strong></span> <span class='ocrx_word' id='word_1_132' title='bbox 1228 1026 1638 1095; x_wconf 87' lang='lat' dir='ltr'><strong>naturalemque</strong></span> <span class='ocrx_word' id='word_1_133' title='bbox 1671 1027 1888 1080; x_wconf 85' lang='lat' dir='ltr'><strong>retinet.</strong></span> <span class='ocrx_word' id='word_1_134' title='bbox 2182 1031 2273 1082; x_wconf 81' lang='grc' dir='ltr'><strong>τὸν</strong></span> <span class='ocrx_word' id='word_1_135' title='bbox 2301 1030 2462 1084; x_wconf 81' lang='grc' dir='ltr'><strong>Θεόν.</strong></span> 
     </span>
    </p>
   </div>
   <div class='ocr_carea' id='block_1_17' title="bbox 589 1110 2146 1193">
    <p class='ocr_par' dir='ltr' id='par_1_17' title="bbox 589 1113 2085 1179">
     <span class='ocr_line' id='line_1_17' title="bbox 589 1113 2085 1179; baseline 0.002 -13"><span class='ocrx_word' id='word_1_136' title='bbox 589 1132 609 1165; x_wconf 74' lang='grc' dir='ltr'><strong>ι</strong></span> <span class='ocrx_word' id='word_1_137' title='bbox 649 1116 710 1167; x_wconf 78' lang='lat' dir='ltr'><strong>Et</strong></span> <span class='ocrx_word' id='word_1_138' title='bbox 742 1113 940 1169; x_wconf 85' lang='lat' dir='ltr'><strong>factum</strong></span> <span class='ocrx_word' id='word_1_139' title='bbox 972 1126 1089 1179; x_wconf 91' lang='lat' dir='ltr'><strong>est,</strong></span> <span class='ocrx_word' id='word_1_140' title='bbox 1122 1116 1250 1169; x_wconf 89' lang='lat' dir='ltr'><strong>dum</strong></span> <span class='ocrx_word' id='word_1_141' title='bbox 1285 1125 1429 1171; x_wconf 89' lang='lat' dir='ltr'><strong>esset</strong></span> <span class='ocrx_word' id='word_1_142' title='bbox 1450 1116 1512 1169; x_wconf 89' lang='lat' dir='ltr'><strong>in</strong></span> <span class='ocrx_word' id='word_1_143' title='bbox 1546 1131 1647 1170; x_wconf 89' lang='lat' dir='ltr'><strong>una</strong></span> <span class='ocrx_word' id='word_1_144' title='bbox 1681 1117 1961 1170; x_wconf 77' lang='lat' dir='ltr'><strong>civitatum</strong></span> <span class='ocrx_word' id='word_1_145' title='bbox 1983 1155 1997 1178; x_wconf 92' lang='lat'><strong>,</strong></span> <span class='ocrx_word' id='word_1_146' title='bbox 2028 1124 2085 1170; x_wconf 90' lang='lat' dir='ltr'><strong>et</strong></span> 
     </span>
    </p>
   </div>
   <div class='ocr_carea' id='block_1_18' title="bbox 2217 1110 3774 1193">
    <p class='ocr_par' dir='ltr' id='par_1_18' title="bbox 2263 1110 3774 1193">
     <span class='ocr_line' id='line_1_18' title="bbox 2263 1110 3774 1193; baseline -0.004 -16"><span class='ocrx_word' id='word_1_147' title='bbox 2263 1144 2281 1176; x_wconf 78' lang='grc' dir='ltr'><strong>ι</strong></span> <span class='ocrx_word' id='word_1_148' title='bbox 2312 1126 2413 1178; x_wconf 80' lang='lat' dir='ltr'><strong>Kal</strong></span> <span class='ocrx_word' id='word_1_149' title='bbox 2467 1124 2683 1193; x_wconf 74' lang='grc' dir='ltr'><strong>ἐγένετο</strong></span> <span class='ocrx_word' id='word_1_150' title='bbox 2719 1127 2777 1179; x_wconf 83' lang='grc' dir='ltr'><strong>ὲν</strong></span> <span class='ocrx_word' id='word_1_151' title='bbox 2828 1123 2905 1193; x_wconf 85' lang='grc' dir='ltr'><strong>τῷ</strong></span> <span class='ocrx_word' id='word_1_152' title='bbox 2943 1110 3274 1176; x_wconf 76' lang='grc' dir='ltr'><strong>εἷναιάὒτὸν</strong></span> <span class='ocrx_word' id='word_1_153' title='bbox 3303 1121 3361 1173; x_wconf 80' lang='grc' dir='ltr'><strong>ὲν</strong></span> <span class='ocrx_word' id='word_1_154' title='bbox 3394 1121 3501 1191; x_wconf 75' lang='grc' dir='ltr'><strong>μιᾷ</strong></span> <span class='ocrx_word' id='word_1_155' title='bbox 3535 1117 3653 1172; x_wconf 82' lang='grc' dir='ltr'><strong>τῶν</strong></span> <span class='ocrx_word' id='word_1_156' title='bbox 3682 1114 3774 1171; x_wconf 68' lang='grc' dir='ltr'><strong>πός</strong></span> 
     </span>
    </p>
   </div>
   <div class='ocr_carea' id='block_1_19' title="bbox 514 1201 2071 1283">
    <p class='ocr_par' dir='ltr' id='par_1_19' title="bbox 514 1201 2071 1273">
     <span class='ocr_line' id='line_1_19' title="bbox 514 1201 2071 1273; baseline 0.003 -20"><span class='ocrx_word' id='word_1_157' title='bbox 514 1214 639 1253; x_wconf 73' lang='lat' dir='ltr'><strong>ect-e</strong></span> <span class='ocrx_word' id='word_1_158' title='bbox 664 1201 744 1253; x_wconf 81' lang='lat' dir='ltr'><strong>vir</strong></span> <span class='ocrx_word' id='word_1_159' title='bbox 765 1201 954 1269; x_wconf 84' lang='lat' dir='ltr'><strong>plenus</strong></span> <span class='ocrx_word' id='word_1_160' title='bbox 981 1202 1126 1268; x_wconf 88' lang='lat' dir='ltr'><strong>lepra</strong></span> <span class='ocrx_word' id='word_1_161' title='bbox 1160 1220 1173 1256; x_wconf 91' lang='lat'><strong>:</strong></span> <span class='ocrx_word' id='word_1_162' title='bbox 1200 1212 1254 1257; x_wconf 91' lang='lat' dir='ltr'><strong>et</strong></span> <span class='ocrx_word' id='word_1_163' title='bbox 1275 1204 1463 1258; x_wconf 89' lang='lat' dir='ltr'><strong>videns</strong></span> <span class='ocrx_word' id='word_1_164' title='bbox 1488 1203 1694 1267; x_wconf 86' lang='lat' dir='ltr'><strong>.lesum,</strong></span> <span class='ocrx_word' id='word_1_165' title='bbox 1721 1213 1774 1257; x_wconf 86' lang='lat' dir='ltr'><strong>et</strong></span> <span class='ocrx_word' id='word_1_166' title='bbox 1797 1204 2071 1273; x_wconf 75' lang='lat' dir='ltr'><strong>procidcnt</strong></span> 
     </span>
    </p>
   </div>
   <div class='ocr_carea' id='block_1_20' title="bbox 2214 1201 3771 1283">
    <p class='ocr_par' dir='ltr' id='par_1_20' title="bbox 2216 1208 3771 1283">
     <span class='ocr_line' id='line_1_20' title="bbox 2216 1208 3771 1283; baseline -0.003 -18"><span class='ocrx_word' id='word_1_167' title='bbox 2216 1229 2339 1277; x_wconf 90' lang='grc' dir='ltr'><strong>εων,</strong></span> <span class='ocrx_word' id='word_1_168' title='bbox 2372 1212 2468 1265; x_wconf 78' lang='grc' dir='ltr'><strong>καὶ</strong></span> <span class='ocrx_word' id='word_1_169' title='bbox 2526 1211 2634 1265; x_wconf 80' lang='grc' dir='ltr'><strong>ίδοὺ</strong></span> <span class='ocrx_word' id='word_1_170' title='bbox 2680 1212 2819 1283; x_wconf 77' lang='grc' dir='ltr'><strong>ἀνὴρ</strong></span> <span class='ocrx_word' id='word_1_171' title='bbox 2871 1213 3084 1282; x_wconf 82' lang='grc' dir='ltr'><strong>πλήρης</strong></span> <span class='ocrx_word' id='word_1_172' title='bbox 3109 1211 3316 1281; x_wconf 80' lang='grc' dir='ltr'><strong>λέπρας</strong></span> <span class='ocrx_word' id='word_1_173' title='bbox 3336 1224 3353 1238; x_wconf 79' lang='grc'><strong><em>⁸</em></strong></span> <span class='ocrx_word' id='word_1_174' title='bbox 3400 1211 3501 1262; x_wconf 72' lang='grc' dir='ltr'><strong>καὶ</strong></span> <span class='ocrx_word' id='word_1_175' title='bbox 3530 1208 3660 1262; x_wconf 82' lang='grc' dir='ltr'><strong>ἰδὼν</strong></span> <span class='ocrx_word' id='word_1_176' title='bbox 3687 1208 3771 1261; x_wconf 73' lang='grc' dir='ltr'><strong>τὸν</strong></span> 
     </span>
    </p>
   </div>
   <div class='ocr_carea' id='block_1_21' title="bbox 513 1288 2070 1374">
    <p class='ocr_par' dir='ltr' id='par_1_21' title="bbox 513 1288 2070 1365">
     <span class='ocr_line' id='line_1_21' title="bbox 513 1288 2070 1365; baseline 0.005 -22"><span class='ocrx_word' id='word_1_177' title='bbox 513 1292 565 1343; x_wconf 87' lang='lat' dir='ltr'><strong>in</strong></span> <span class='ocrx_word' id='word_1_178' title='bbox 594 1288 807 1353; x_wconf 77' lang='lat' dir='ltr'><strong>faelem,</strong></span> <span class='ocrx_word' id='word_1_179' title='bbox 837 1290 1044 1359; x_wconf 78' lang='lat' dir='ltr'><strong>rogavit</strong></span> <span class='ocrx_word' id='word_1_180' title='bbox 1062 1306 1206 1358; x_wconf 90' lang='lat' dir='ltr'><strong>eum,</strong></span> <span class='ocrx_word' id='word_1_181' title='bbox 1231 1293 1415 1348; x_wconf 80' lang='lat' dir='ltr'><strong>dicens</strong></span> <span class='ocrx_word' id='word_1_182' title='bbox 1437 1313 1450 1349; x_wconf 93' lang='lat'><strong>:</strong></span> <span class='ocrx_word' id='word_1_183' title='bbox 1472 1295 1715 1359; x_wconf 87' lang='lat' dir='ltr'><strong>Domine,</strong></span> <span class='ocrx_word' id='word_1_184' title='bbox 1743 1297 1788 1350; x_wconf 88' lang='lat' dir='ltr'><strong>si</strong></span> <span class='ocrx_word' id='word_1_185' title='bbox 1810 1298 1907 1363; x_wconf 87' lang='lat' dir='ltr'><strong>vis,</strong></span> <span class='ocrx_word' id='word_1_186' title='bbox 1935 1307 2070 1365; x_wconf 74' lang='lat' dir='ltr'><strong>potet</strong></span> 
     </span>
    </p>
   </div>
   <div class='ocr_carea' id='block_1_22' title="bbox 2209 1288 3766 1374">
    <p class='ocr_par' dir='ltr' id='par_1_22' title="bbox 2209 1299 3766 1374">
     <span class='ocr_line' id='line_1_22' title="bbox 2209 1299 3766 1374; baseline -0.002 -20"><span class='ocrx_word' id='word_1_187' title='bbox 2209 1303 2422 1371; x_wconf 74' lang='grc' dir='ltr'><strong>Ἰησοῦν,</strong></span> <span class='ocrx_word' id='word_1_188' title='bbox 2455 1302 2635 1355; x_wconf 76' lang='grc' dir='ltr'><strong>πεσὼν</strong></span> <span class='ocrx_word' id='word_1_189' title='bbox 2670 1303 2761 1355; x_wconf 71' lang='grc' dir='ltr'><strong>ἐπὶ</strong></span> <span class='ocrx_word' id='word_1_190' title='bbox 2792 1303 3101 1374; x_wconf 82' lang='grc' dir='ltr'><strong>πρόσωπον,</strong></span> <span class='ocrx_word' id='word_1_191' title='bbox 3127 1301 3319 1372; x_wconf 74' lang='grc' dir='ltr'><strong>ἐδεήθη</strong></span> <span class='ocrx_word' id='word_1_192' title='bbox 3346 1299 3545 1362; x_wconf 75' lang='grc' dir='ltr'><strong>αὐτοῦ,</strong></span> <span class='ocrx_word' id='word_1_193' title='bbox 3564 1300 3766 1368; x_wconf 80' lang='grc' dir='ltr'><strong>λέγων·</strong></span> 
     </span>
    </p>
   </div>
   <div class='ocr_carea' id='block_1_23' title="bbox 512 1381 2069 1462">
    <p class='ocr_par' dir='ltr' id='par_1_23' title="bbox 512 1381 2069 1457">
     <span class='ocr_line' id='line_1_23' title="bbox 512 1381 2069 1457; baseline 0.006 -25"><span class='ocrx_word' id='word_1_194' title='bbox 512 1394 600 1435; x_wconf 75' lang='lat' dir='ltr'><strong>tne</strong></span> <span class='ocrx_word' id='word_1_195' title='bbox 629 1382 908 1435; x_wconf 84' lang='lat' dir='ltr'><strong>tumulare.</strong></span> <span class='ocrx_word' id='word_1_196' title='bbox 939 1381 1003 1433; x_wconf 84' lang='lat' dir='ltr'><strong>Et</strong></span> <span class='ocrx_word' id='word_1_197' title='bbox 1032 1385 1327 1439; x_wconf 78' lang='lat' dir='ltr'><strong>extendens</strong></span> <span class='ocrx_word' id='word_1_198' title='bbox 1356 1402 1596 1453; x_wconf 87' lang='lat' dir='ltr'><strong>manum,</strong></span> <span class='ocrx_word' id='word_1_199' title='bbox 1628 1387 1801 1457; x_wconf 88' lang='lat' dir='ltr'><strong>tetigit</strong></span> <span class='ocrx_word' id='word_1_200' title='bbox 1827 1401 1973 1452; x_wconf 86' lang='lat' dir='ltr'><strong>eum,</strong></span> <span class='ocrx_word' id='word_1_201' title='bbox 2002 1388 2069 1441; x_wconf 88' lang='lat' dir='ltr'><strong>di-</strong></span> 
     </span>
    </p>
   </div>
   <div class='ocr_carea' id='block_1_24' title="bbox 2211 1381 3768 1462">
    <p class='ocr_par' dir='ltr' id='par_1_24' title="bbox 2211 1387 3768 1462">
     <span class='ocr_line' id='line_1_24' title="bbox 2211 1387 3768 1462; baseline -0.003 -20"><span class='ocrx_word' id='word_1_202' title='bbox 2211 1391 2375 1462; x_wconf 75' lang='grc' dir='ltr'><strong>ἱύριε,</strong></span> <span class='ocrx_word' id='word_1_203' title='bbox 2416 1390 2508 1442; x_wconf 76' lang='grc' dir='ltr'><strong>ἐὰν</strong></span> <span class='ocrx_word' id='word_1_204' title='bbox 2542 1389 2721 1461; x_wconf 79' lang='grc' dir='ltr'><strong>Θέλῃς,</strong></span> <span class='ocrx_word' id='word_1_205' title='bbox 2749 1390 2972 1445; x_wconf 83' lang='grc' dir='ltr'><strong>δύνασαί</strong></span> <span class='ocrx_word' id='word_1_206' title='bbox 3017 1407 3083 1460; x_wconf 89' lang='grc' dir='ltr'><strong>με</strong></span> <span class='ocrx_word' id='word_1_207' title='bbox 3109 1390 3425 1460; x_wconf 75' lang='grc' dir='ltr'><strong>καθαρίσαι.</strong></span> <span class='ocrx_word' id='word_1_208' title='bbox 3462 1389 3578 1442; x_wconf 74' lang='grc' dir='ltr'><strong>Καὶ</strong></span> <span class='ocrx_word' id='word_1_209' title='bbox 3605 1387 3768 1439; x_wconf 75' lang='grc' dir='ltr'><strong>ὲκ·τεὶ-</strong></span> 
     </span>
    </p>
   </div>
   <div class='ocr_carea' id='block_1_25' title="bbox 512 1468 2069 1551">
    <p class='ocr_par' dir='ltr' id='par_1_25' title="bbox 512 1468 2069 1535">
     <span class='ocr_line' id='line_1_25' title="bbox 512 1468 2069 1535; baseline 0.005 -13"><span class='ocrx_word' id='word_1_210' title='bbox 512 1486 641 1523; x_wconf 87' lang='lat' dir='ltr'><strong>cens</strong></span> <span class='ocrx_word' id='word_1_211' title='bbox 676 1487 690 1523; x_wconf 90' lang='lat'>:</span> <span class='ocrx_word' id='word_1_212' title='bbox 724 1468 877 1535; x_wconf 79' lang='lat' dir='ltr'><strong>Volo,</strong></span> <span class='ocrx_word' id='word_1_213' title='bbox 919 1474 1181 1527; x_wconf 84' lang='lat' dir='ltr'><strong>mundare</strong></span> <span class='ocrx_word' id='word_1_214' title='bbox 1218 1472 1284 1525; x_wconf 81' lang='grc'><strong>³⁸.</strong></span> <span class='ocrx_word' id='word_1_215' title='bbox 1318 1492 1339 1527; x_wconf 70' lang='grc' dir='ltr'><strong>ι</strong></span> <span class='ocrx_word' id='word_1_216' title='bbox 1361 1472 1644 1531; x_wconf 77' lang='lat' dir='ltr'><strong>Miraberis</strong></span> <span class='ocrx_word' id='word_1_217' title='bbox 1681 1475 1769 1532; x_wconf 89' lang='lat' dir='ltr'><strong>hic</strong></span> <span class='ocrx_word' id='word_1_218' title='bbox 1804 1475 2069 1532; x_wconf 82' lang='lat' dir='ltr'><strong>Christum</strong></span> 
     </span>
    </p>
   </div>
   <div class='ocr_carea' id='block_1_26' title="bbox 2208 1468 3765 1551">
    <p class='ocr_par' dir='ltr' id='par_1_26' title="bbox 2208 1478 3765 1551">
     <span class='ocr_line' id='line_1_26' title="bbox 2208 1478 3765 1551; baseline -0.001 -20"><span class='ocrx_word' id='word_1_219' title='bbox 2208 1497 2277 1543; x_wconf 73' lang='grc' dir='ltr'><strong>ἀς</strong></span> <span class='ocrx_word' id='word_1_220' title='bbox 2309 1481 2405 1546; x_wconf 77' lang='grc' dir='ltr'><strong>τὴν</strong></span> <span class='ocrx_word' id='word_1_221' title='bbox 2434 1482 2589 1551; x_wconf 81' lang='grc' dir='ltr'><strong>χεῖρα</strong></span> <span class='ocrx_word' id='word_1_222' title='bbox 2611 1518 2627 1542; x_wconf 91' lang='grc'><strong>,</strong></span> <span class='ocrx_word' id='word_1_223' title='bbox 2655 1480 2833 1549; x_wconf 71' lang='grc' dir='ltr'><strong>ἥψατο</strong></span> <span class='ocrx_word' id='word_1_224' title='bbox 2864 1481 3051 1543; x_wconf 75' lang='grc' dir='ltr'><strong>αὑτοῦ,</strong></span> <span class='ocrx_word' id='word_1_225' title='bbox 3081 1480 3278 1546; x_wconf 83' lang='grc' dir='ltr'><strong>λέγων’</strong></span> <span class='ocrx_word' id='word_1_226' title='bbox 3321 1479 3502 1544; x_wconf 85' lang='grc' dir='ltr'><strong>Θέλω,</strong></span> <span class='ocrx_word' id='word_1_227' title='bbox 3538 1478 3765 1547; x_wconf 76' lang='grc' dir='ltr'><strong>καθαρί-</strong></span> 
     </span>
    </p>
   </div>
   <div class='ocr_carea' id='block_1_27' title="bbox 511 1561 2068 1640">
    <p class='ocr_par' dir='ltr' id='par_1_27' title="bbox 511 1561 2068 1637">
     <span class='ocr_line' id='line_1_27' title="bbox 511 1561 2068 1637; baseline 0.005 -23"><span class='ocrx_word' id='word_1_228' title='bbox 511 1561 690 1614; x_wconf 82' lang='lat' dir='ltr'><strong>divina</strong></span> <span class='ocrx_word' id='word_1_229' title='bbox 724 1561 882 1615; x_wconf 87' lang='lat' dir='ltr'><strong>simul</strong></span> <span class='ocrx_word' id='word_1_230' title='bbox 915 1578 980 1616; x_wconf 86' lang='lat' dir='ltr'><strong>ac</strong></span> <span class='ocrx_word' id='word_1_231' title='bbox 1011 1577 1268 1633; x_wconf 88' lang='lat' dir='ltr'><strong>corporea</strong></span> <span class='ocrx_word' id='word_1_232' title='bbox 1301 1563 1500 1619; x_wconf 89' lang='lat' dir='ltr'><strong>virtute</strong></span> <span class='ocrx_word' id='word_1_233' title='bbox 1525 1579 1839 1635; x_wconf 80' lang='lat' dir='ltr'><strong>operantem</strong></span> <span class='ocrx_word' id='word_1_234' title='bbox 1872 1585 1887 1622; x_wconf 89' lang='lat'><strong>:</strong></span> <span class='ocrx_word' id='word_1_235' title='bbox 1918 1568 2068 1637; x_wconf 87' lang='lat' dir='ltr'><strong>siqui-</strong></span> 
     </span>
    </p>
   </div>
   <div class='ocr_carea' id='block_1_28' title="bbox 2207 1561 3764 1640">
    <p class='ocr_par' dir='ltr' id='par_1_28' title="bbox 2207 1568 3764 1640">
     <span class='ocr_line' id='line_1_28' title="bbox 2207 1568 3764 1640; baseline -0.001 -19"><span class='ocrx_word' id='word_1_236' title='bbox 2207 1571 2361 1640; x_wconf 68' lang='lat' dir='ltr'><strong>rO&#39;q-ct.</strong></span> <span class='ocrx_word' id='word_1_237' title='bbox 2394 1589 2412 1622; x_wconf 75' lang='lat' dir='ltr'><strong>t</strong></span> <span class='ocrx_word' id='word_1_238' title='bbox 2451 1570 2769 1640; x_wconf 87' lang='grc' dir='ltr'><strong>Θαυμάσεις</strong></span> <span class='ocrx_word' id='word_1_239' title='bbox 2818 1573 2875 1625; x_wconf 82' lang='grc' dir='ltr'><strong>έν</strong></span> <span class='ocrx_word' id='word_1_240' title='bbox 2921 1570 3129 1633; x_wconf 82' lang='grc' dir='ltr'><strong>τούτοις</strong></span> <span class='ocrx_word' id='word_1_241' title='bbox 3177 1569 3381 1633; x_wconf 84' lang='grc' dir='ltr'><strong>θεῖκῶς</strong></span> <span class='ocrx_word' id='word_1_242' title='bbox 3412 1586 3479 1622; x_wconf 86' lang='grc' dir='ltr'><strong>τε</strong></span> <span class='ocrx_word' id='word_1_243' title='bbox 3532 1568 3654 1638; x_wconf 71' lang='grc' dir='ltr'><strong>ἃμα</strong></span> <span class='ocrx_word' id='word_1_244' title='bbox 3684 1569 3764 1620; x_wconf 72' lang='grc' dir='ltr'><strong>καὶ</strong></span> 
     </span>
    </p>
   </div>
   <div class='ocr_carea' id='block_1_29' title="bbox 510 1652 2067 1731">
    <p class='ocr_par' dir='ltr' id='par_1_29' title="bbox 510 1652 2067 1729">
     <span class='ocr_line' id='line_1_29' title="bbox 510 1652 2067 1729; baseline 0.006 -24"><span class='ocrx_word' id='word_1_245' title='bbox 510 1652 631 1707; x_wconf 91' lang='lat' dir='ltr'><strong>dem</strong></span> <span class='ocrx_word' id='word_1_246' title='bbox 659 1652 794 1706; x_wconf 89' lang='lat' dir='ltr'><strong>velle</strong></span> <span class='ocrx_word' id='word_1_247' title='bbox 823 1663 941 1707; x_wconf 86' lang='lat' dir='ltr'><strong>erat</strong></span> <span class='ocrx_word' id='word_1_248' title='bbox 968 1654 1229 1719; x_wconf 88' lang='lat' dir='ltr'><strong>divinum,</strong></span> <span class='ocrx_word' id='word_1_249' title='bbox 1259 1656 1372 1725; x_wconf 85' lang='lat' dir='ltr'><strong>ipsa</strong></span> <span class='ocrx_word' id='word_1_250' title='bbox 1401 1670 1528 1711; x_wconf 87' lang='lat' dir='ltr'><strong>vero</strong></span> <span class='ocrx_word' id='word_1_251' title='bbox 1558 1673 1749 1713; x_wconf 88' lang='lat' dir='ltr'><strong>manus</strong></span> <span class='ocrx_word' id='word_1_252' title='bbox 1779 1661 2067 1729; x_wconf 67' lang='lat' dir='ltr'><strong>protensio1</strong></span> 
     </span>
    </p>
   </div>
   <div class='ocr_carea' id='block_1_30' title="bbox 2208 1652 3765 1731">
    <p class='ocr_par' dir='ltr' id='par_1_30' title="bbox 2208 1655 3765 1731">
     <span class='ocr_line' id='line_1_30' title="bbox 2208 1655 3765 1731; baseline -0.001 -21"><span class='ocrx_word' id='word_1_253' title='bbox 2208 1660 2511 1731; x_wconf 65' lang='grc' dir='ltr'><strong>ςωματικῶς</strong></span> <span class='ocrx_word' id='word_1_254' title='bbox 2561 1661 2888 1731; x_wconf 74' lang='grc' dir='ltr'><strong>ἐνεργοῦντα</strong></span> <span class='ocrx_word' id='word_1_255' title='bbox 2921 1660 3186 1731; x_wconf 84' lang='grc' dir='ltr'><strong>Χριστόν·</strong></span> <span class='ocrx_word' id='word_1_256' title='bbox 3231 1660 3414 1713; x_wconf 79' lang='grc' dir='ltr'><strong>θεῖκὺν</strong></span> <span class='ocrx_word' id='word_1_257' title='bbox 3452 1660 3560 1729; x_wconf 85' lang='grc' dir='ltr'><strong>μὲν</strong></span> <span class='ocrx_word' id='word_1_258' title='bbox 3593 1655 3689 1712; x_wconf 64' lang='grc' dir='ltr'><strong>οἷν</strong></span> <span class='ocrx_word' id='word_1_259' title='bbox 3716 1658 3765 1709; x_wconf 71' lang='grc' dir='ltr'><strong>τὲ</strong></span> 
     </span>
    </p>
   </div>
   <div class='ocr_carea' id='block_1_31' title="bbox 513 1732 2070 1825">
    <p class='ocr_par' dir='ltr' id='par_1_31' title="bbox 513 1744 2070 1819">
     <span class='ocr_line' id='line_1_31' title="bbox 513 1744 2070 1819; baseline 0.006 -22"><span class='ocrx_word' id='word_1_260' title='bbox 513 1745 830 1800; x_wconf 81' lang='lat' dir='ltr'><strong>humanum.</strong></span> <span class='ocrx_word' id='word_1_261' title='bbox 862 1744 1011 1801; x_wconf 86' lang='lat' dir='ltr'><strong>Unus</strong></span> <span class='ocrx_word' id='word_1_262' title='bbox 1041 1747 1224 1817; x_wconf 83' lang='lat' dir='ltr'><strong>itaque</strong></span> <span class='ocrx_word' id='word_1_263' title='bbox 1248 1762 1317 1802; x_wconf 84' lang='lat' dir='ltr'><strong>ex</strong></span> <span class='ocrx_word' id='word_1_264' title='bbox 1346 1759 1573 1819; x_wconf 91' lang='lat' dir='ltr'><strong>utroque</strong></span> <span class='ocrx_word' id='word_1_265' title='bbox 1600 1749 1790 1813; x_wconf 85' lang='lat' dir='ltr'><strong>Filius,</strong></span> <span class='ocrx_word' id='word_1_266' title='bbox 1817 1749 1947 1805; x_wconf 86' lang='lat' dir='ltr'><strong>Nam</strong></span> <span class='ocrx_word' id='word_1_267' title='bbox 1976 1754 2070 1807; x_wconf 87' lang='lat' dir='ltr'><strong>etsi</strong></span> 
     </span>
    </p>
   </div>
   <div class='ocr_carea' id='block_1_32' title="bbox 2207 1732 3764 1825">
    <p class='ocr_par' dir='ltr' id='par_1_32' title="bbox 2207 1744 3764 1825">
     <span class='ocr_line' id='line_1_32' title="bbox 2207 1744 3764 1825; baseline -0.001 -20"><span class='ocrx_word' id='word_1_268' title='bbox 2207 1753 2379 1818; x_wconf 63' lang='grc' dir='ltr'><strong>δέλειν,</strong></span> <span class='ocrx_word' id='word_1_269' title='bbox 2407 1752 2746 1825; x_wconf 78' lang='grc' dir='ltr'><strong>ἀνθρώπινον</strong></span> <span class='ocrx_word' id='word_1_270' title='bbox 2770 1753 2825 1805; x_wconf 76' lang='grc' dir='ltr'><strong>δὲ</strong></span> <span class='ocrx_word' id='word_1_271' title='bbox 2854 1752 2914 1806; x_wconf 81' lang='grc' dir='ltr'><strong>τὸ</strong></span> <span class='ocrx_word' id='word_1_272' title='bbox 2944 1754 3176 1806; x_wconf 78' lang='grc' dir='ltr'><strong>ἐκτεῖναι</strong></span> <span class='ocrx_word' id='word_1_273' title='bbox 3206 1751 3304 1821; x_wconf 81' lang='grc' dir='ltr'><strong>τὴν</strong></span> <span class='ocrx_word' id='word_1_274' title='bbox 3336 1754 3525 1821; x_wconf 85' lang='grc' dir='ltr'><strong>χεῖρα.</strong></span> <span class='ocrx_word' id='word_1_275' title='bbox 3555 1746 3657 1813; x_wconf 75' lang='grc' dir='ltr'><strong>Εἷς</strong></span> <span class='ocrx_word' id='word_1_276' title='bbox 3685 1744 3764 1804; x_wconf 71' lang='grc' dir='ltr'><strong>ὤν</strong></span> 
     </span>
    </p>
   </div>
   <div class='ocr_carea' id='block_1_33' title="bbox 516 1834 2073 1916">
    <p class='ocr_par' dir='ltr' id='par_1_33' title="bbox 516 1834 2073 1905">
     <span class='ocr_line' id='line_1_33' title="bbox 516 1834 2073 1905; baseline 0.005 -16"><span class='ocrx_word' id='word_1_277' title='bbox 516 1834 745 1889; x_wconf 82' lang='lat' dir='ltr'><strong>Verbum</strong></span> <span class='ocrx_word' id='word_1_278' title='bbox 775 1834 938 1891; x_wconf 88' lang='lat' dir='ltr'><strong>fuerit</strong></span> <span class='ocrx_word' id='word_1_279' title='bbox 969 1838 1326 1905; x_wconf 87' lang='lat' dir='ltr'><strong>incarnatum,</strong></span> <span class='ocrx_word' id='word_1_280' title='bbox 1352 1839 1520 1894; x_wconf 80' lang='lat' dir='ltr'><strong>nihilo</strong></span> <span class='ocrx_word' id='word_1_281' title='bbox 1548 1849 1725 1896; x_wconf 88' lang='lat' dir='ltr'><strong>tamen</strong></span> <span class='ocrx_word' id='word_1_282' title='bbox 1753 1843 1925 1899; x_wconf 84' lang='lat' dir='ltr'><strong>secius</strong></span> <span class='ocrx_word' id='word_1_283' title='bbox 1954 1857 2073 1897; x_wconf 89' lang='lat' dir='ltr'><strong>cum</strong></span> 
     </span>
    </p>
   </div>
   <div class='ocr_carea' id='block_1_34' title="bbox 2206 1834 3763 1916">
    <p class='ocr_par' dir='ltr' id='par_1_34' title="bbox 2206 1842 3763 1916">
     <span class='ocr_line' id='line_1_34' title="bbox 2206 1842 3763 1916; baseline -0.001 -20"><span class='ocrx_word' id='word_1_284' title='bbox 2206 1845 2246 1909; x_wconf 71' lang='grc' dir='ltr'><strong>ιξ</strong></span> <span class='ocrx_word' id='word_1_285' title='bbox 2279 1846 2478 1916; x_wconf 81' lang='grc' dir='ltr'><strong>ἀμφοῖν</strong></span> <span class='ocrx_word' id='word_1_286' title='bbox 2522 1845 2668 1909; x_wconf 84' lang='grc' dir='ltr'><strong>Υἱός.</strong></span> <span class='ocrx_word' id='word_1_287' title='bbox 2697 1845 2759 1898; x_wconf 77' lang='lat' dir='ltr'><strong>Ei</strong></span> <span class='ocrx_word' id='word_1_288' title='bbox 2798 1844 2907 1916; x_wconf 81' lang='grc' dir='ltr'><strong>γάρ</strong></span> <span class='ocrx_word' id='word_1_289' title='bbox 2954 1844 3051 1897; x_wconf 76' lang='grc' dir='ltr'><strong>καὶ</strong></span> <span class='ocrx_word' id='word_1_290' title='bbox 3097 1844 3286 1911; x_wconf 82' lang='grc' dir='ltr'><strong>γέγονε</strong></span> <span class='ocrx_word' id='word_1_291' title='bbox 3319 1842 3462 1914; x_wconf 78' lang='grc' dir='ltr'><strong>σὰρξ</strong></span> <span class='ocrx_word' id='word_1_292' title='bbox 3508 1845 3541 1895; x_wconf 91' lang='lat'><em>6</em></span> <span class='ocrx_word' id='word_1_293' title='bbox 3575 1842 3763 1909; x_wconf 81' lang='grc' dir='ltr'><strong>Λόγος.</strong></span> 
     </span>
    </p>
   </div>
   <div class='ocr_carea' id='block_1_35' title="bbox 514 1926 2071 2005">
    <p class='ocr_par' dir='ltr' id='par_1_35' title="bbox 514 1926 2071 2002">
     <span class='ocr_line' id='line_1_35' title="bbox 514 1926 2071 2002; baseline 0.008 -26"><span class='ocrx_word' id='word_1_294' title='bbox 514 1926 727 1994; x_wconf 82' lang='lat' dir='ltr'><strong>propria</strong></span> <span class='ocrx_word' id='word_1_295' title='bbox 757 1942 938 1992; x_wconf 87' lang='lat' dir='ltr'><strong>carne,</strong></span> <span class='ocrx_word' id='word_1_296' title='bbox 969 1929 1216 1982; x_wconf 85' lang='lat' dir='ltr'><strong>virtutem</strong></span> <span class='ocrx_word' id='word_1_297' title='bbox 1245 1940 1300 1985; x_wconf 90' lang='lat' dir='ltr'><strong>et</strong></span> <span class='ocrx_word' id='word_1_298' title='bbox 1332 1931 1443 2000; x_wconf 88' lang='lat' dir='ltr'><strong>ipsa</strong></span> <span class='ocrx_word' id='word_1_299' title='bbox 1474 1940 1692 2002; x_wconf 87' lang='lat' dir='ltr'><strong>propter</strong></span> <span class='ocrx_word' id='word_1_300' title='bbox 1716 1932 1846 1989; x_wconf 91' lang='lat' dir='ltr'><strong>illud</strong></span> <span class='ocrx_word' id='word_1_301' title='bbox 1876 1934 2071 1991; x_wconf 88' lang='lat' dir='ltr'><strong>haben-</strong></span> 
     </span>
    </p>
   </div>
   <div class='ocr_carea' id='block_1_36' title="bbox 2208 1926 3765 2005">
    <p class='ocr_par' dir='ltr' id='par_1_36' title="bbox 2208 1931 3765 2005">
     <span class='ocr_line' id='line_1_36' title="bbox 2208 1931 3765 2005; baseline -0.001 -19"><span class='ocrx_word' id='word_1_302' title='bbox 2208 1935 2298 1988; x_wconf 83' lang='grc' dir='ltr'><strong>ιλλ⁹</strong></span> <span class='ocrx_word' id='word_1_303' title='bbox 2326 1934 2400 1998; x_wconf 80' lang='grc' dir='ltr'><strong>ὡς</strong></span> <span class='ocrx_word' id='word_1_304' title='bbox 2421 1936 2553 1999; x_wconf 84' lang='grc' dir='ltr'><strong>Θεὸς</strong></span> <span class='ocrx_word' id='word_1_305' title='bbox 2578 1937 2790 2003; x_wconf 77' lang='grc' dir='ltr'><strong>ἐνεργεῖ</strong></span> <span class='ocrx_word' id='word_1_306' title='bbox 2815 1933 2953 2004; x_wconf 76' lang='grc' dir='ltr'><strong>μετὰ</strong></span> <span class='ocrx_word' id='word_1_307' title='bbox 2978 1936 3079 2005; x_wconf 82' lang='grc' dir='ltr'><strong>τῆς</strong></span> <span class='ocrx_word' id='word_1_308' title='bbox 3102 1933 3240 1998; x_wconf 79' lang='grc' dir='ltr'><strong>ἰδίας</strong></span> <span class='ocrx_word' id='word_1_309' title='bbox 3269 1932 3501 2004; x_wconf 81' lang='grc' dir='ltr'><strong>σαρκὸς,</strong></span> <span class='ocrx_word' id='word_1_310' title='bbox 3538 1931 3765 2003; x_wconf 76' lang='grc' dir='ltr'><strong>ἐχούσης</strong></span> 
     </span>
    </p>
   </div>
   <div class='ocr_carea' id='block_1_37' title="bbox 515 2015 2072 2094">
    <p class='ocr_par' dir='ltr' id='par_1_37' title="bbox 515 2015 1430 2086">
     <span class='ocr_line' id='line_1_37' title="bbox 515 2015 1430 2086; baseline 0.011 -20"><span class='ocrx_word' id='word_1_311' title='bbox 515 2022 587 2077; x_wconf 91' lang='lat' dir='ltr'><strong>te,</strong></span> <span class='ocrx_word' id='word_1_312' title='bbox 619 2024 869 2083; x_wconf 77' lang='lat' dir='ltr'><strong>tanquam</strong></span> <span class='ocrx_word' id='word_1_313' title='bbox 902 2015 1041 2071; x_wconf 88' lang='lat' dir='ltr'><strong>Deus</strong></span> <span class='ocrx_word' id='word_1_314' title='bbox 1082 2020 1430 2086; x_wconf 81' lang='lat' dir='ltr'><strong>operabatur.</strong></span> 
     </span>
    </p>
   </div>
   <div class='ocr_carea' id='block_1_38' title="bbox 1355 2015 2912 2094">
    <p class='ocr_par' dir='ltr' id='par_1_38' title="bbox 1355 2021 2912 2094">
     <span class='ocr_line' id='line_1_38' title="bbox 1355 2021 2912 2094; baseline 0.001 -20"><span class='ocrx_word' id='word_1_315' title='bbox 1355 2035 1430 2076; x_wconf 79' lang='lat' dir='ltr'><strong>tr.</strong></span> <span class='ocrx_word' id='word_1_316' title='bbox 2185 2024 2352 2094; x_wconf 77' lang='grc' dir='ltr'><strong>αὐτῆς</strong></span> <span class='ocrx_word' id='word_1_317' title='bbox 2378 2022 2444 2075; x_wconf 80' lang='grc' dir='ltr'><strong>δι’</strong></span> <span class='ocrx_word' id='word_1_318' title='bbox 2472 2023 2632 2077; x_wconf 76' lang='grc' dir='ltr'><strong>αὑτὸν</strong></span> <span class='ocrx_word' id='word_1_319' title='bbox 2662 2021 2912 2091; x_wconf 86' lang='grc' dir='ltr'><strong>δύναμιν.</strong></span> 
     </span>
    </p>
   </div>
   <div class='ocr_carea' id='block_1_39' title="bbox 590 2102 2147 2183">
    <p class='ocr_par' dir='ltr' id='par_1_39' title="bbox 590 2102 2079 2174">
     <span class='ocr_line' id='line_1_39' title="bbox 590 2102 2079 2174; baseline 0.007 -19"><span class='ocrx_word' id='word_1_320' title='bbox 590 2121 610 2156; x_wconf 81' lang='grc' dir='ltr'><strong>ι</strong></span> <span class='ocrx_word' id='word_1_321' title='bbox 641 2102 785 2157; x_wconf 81' lang='lat' dir='ltr'><strong>Dixit</strong></span> <span class='ocrx_word' id='word_1_322' title='bbox 814 2115 989 2159; x_wconf 86' lang='lat' dir='ltr'><strong>autem</strong></span> <span class='ocrx_word' id='word_1_323' title='bbox 1013 2107 1077 2159; x_wconf 90' lang='lat' dir='ltr'><strong>ad</strong></span> <span class='ocrx_word' id='word_1_324' title='bbox 1105 2107 1224 2162; x_wconf 91' lang='lat' dir='ltr'><strong>illos</strong></span> <span class='ocrx_word' id='word_1_325' title='bbox 1251 2122 1266 2162; x_wconf 91' lang='lat'><strong>:</strong></span> <span class='ocrx_word' id='word_1_326' title='bbox 1291 2108 1571 2174; x_wconf 86' lang='lat' dir='ltr'><strong>Quomodo</strong></span> <span class='ocrx_word' id='word_1_327' title='bbox 1597 2110 1783 2167; x_wconf 89' lang='lat' dir='ltr'><strong>dicunt</strong></span> <span class='ocrx_word' id='word_1_328' title='bbox 1808 2111 2079 2167; x_wconf 80' lang='lat' dir='ltr'><strong>Christum</strong></span> 
     </span>
    </p>
   </div>
   <div class='ocr_carea' id='block_1_40' title="bbox 2210 2102 3767 2183">
    <p class='ocr_par' dir='ltr' id='par_1_40' title="bbox 2263 2105 3767 2183">
     <span class='ocr_line' id='line_1_40' title="bbox 2263 2105 3767 2183; baseline -0.005 -18"><span class='ocrx_word' id='word_1_329' title='bbox 2263 2131 2282 2165; x_wconf 75' lang='grc' dir='ltr'><strong><em>ο</em></strong></span> <span class='ocrx_word' id='word_1_330' title='bbox 2308 2108 2443 2167; x_wconf 83' lang='grc' dir='ltr'><strong>Εἴπε</strong></span> <span class='ocrx_word' id='word_1_331' title='bbox 2474 2113 2531 2167; x_wconf 76' lang='grc' dir='ltr'><strong>δὲ</strong></span> <span class='ocrx_word' id='word_1_332' title='bbox 2564 2113 2697 2183; x_wconf 81' lang='grc' dir='ltr'><strong>πρὸς</strong></span> <span class='ocrx_word' id='word_1_333' title='bbox 2735 2111 2930 2175; x_wconf 73' lang='grc' dir='ltr'><strong>αὐτούς</strong></span> <span class='ocrx_word' id='word_1_334' title='bbox 2952 2127 2965 2141; x_wconf 77' lang='grc'><strong><em>⁸</em></strong></span> <span class='ocrx_word' id='word_1_335' title='bbox 2997 2111 3121 2174; x_wconf 81' lang='grc' dir='ltr'><strong>Πῶς</strong></span> <span class='ocrx_word' id='word_1_336' title='bbox 3150 2111 3374 2177; x_wconf 86' lang='grc' dir='ltr'><strong>λέγουσι</strong></span> <span class='ocrx_word' id='word_1_337' title='bbox 3412 2107 3505 2160; x_wconf 76' lang='grc' dir='ltr'><strong>τὸν</strong></span> <span class='ocrx_word' id='word_1_338' title='bbox 3530 2105 3767 2178; x_wconf 69' lang='grc' dir='ltr'><strong>Χριστὸν</strong></span> 
     </span>
    </p>
   </div>
   <div class='ocr_carea' id='block_1_41' title="bbox 513 2194 2070 2270">
    <p class='ocr_par' dir='ltr' id='par_1_41' title="bbox 513 2194 2070 2265">
     <span class='ocr_line' id='line_1_41' title="bbox 513 2194 2070 2265; baseline 0.005 -18"><span class='ocrx_word' id='word_1_339' title='bbox 513 2207 633 2247; x_wconf 86' lang='lat' dir='ltr'><strong>esse</strong></span> <span class='ocrx_word' id='word_1_340' title='bbox 663 2194 826 2247; x_wconf 85' lang='lat' dir='ltr'><strong>filium</strong></span> <span class='ocrx_word' id='word_1_341' title='bbox 862 2195 1063 2249; x_wconf 74' lang='lat' dir='ltr'><strong>David?</strong></span> <span class='ocrx_word' id='word_1_342' title='bbox 1090 2205 1145 2250; x_wconf 91' lang='lat' dir='ltr'><strong>et</strong></span> <span class='ocrx_word' id='word_1_343' title='bbox 1174 2197 1288 2265; x_wconf 87' lang='lat' dir='ltr'><strong>ipse</strong></span> <span class='ocrx_word' id='word_1_344' title='bbox 1318 2197 1484 2252; x_wconf 83' lang='lat' dir='ltr'><strong>David</strong></span> <span class='ocrx_word' id='word_1_345' title='bbox 1515 2200 1647 2256; x_wconf 85' lang='lat' dir='ltr'><strong>dicit</strong></span> <span class='ocrx_word' id='word_1_346' title='bbox 1678 2201 1729 2257; x_wconf 91' lang='lat' dir='ltr'><strong>in</strong></span> <span class='ocrx_word' id='word_1_347' title='bbox 1762 2202 1901 2257; x_wconf 91' lang='lat' dir='ltr'><strong>libro</strong></span> <span class='ocrx_word' id='word_1_348' title='bbox 1926 2201 2070 2256; x_wconf 85' lang='lat' dir='ltr'><strong>Psal-</strong></span> 
     </span>
    </p>
   </div>
   <div class='ocr_carea' id='block_1_42' title="bbox 2210 2194 3767 2270">
    <p class='ocr_par' dir='ltr' id='par_1_42' title="bbox 2210 2194 3767 2270">
     <span class='ocr_line' id='line_1_42' title="bbox 2210 2194 3767 2270; baseline -0.004 -17"><span class='ocrx_word' id='word_1_349' title='bbox 2210 2200 2325 2257; x_wconf 75' lang='grc' dir='ltr'><strong>ιϊναι</strong></span> <span class='ocrx_word' id='word_1_350' title='bbox 2368 2203 2483 2256; x_wconf 79' lang='grc' dir='ltr'><strong>υἱὸν</strong></span> <span class='ocrx_word' id='word_1_351' title='bbox 2510 2201 2703 2267; x_wconf 82' lang='grc' dir='ltr'><strong>Δαυῖδ;</strong></span> <span class='ocrx_word' id='word_1_352' title='bbox 2736 2200 2895 2265; x_wconf 75' lang='grc' dir='ltr'><strong>αὐτὸς</strong></span> <span class='ocrx_word' id='word_1_353' title='bbox 2926 2199 3033 2270; x_wconf 83' lang='grc' dir='ltr'><strong>γὰρ</strong></span> <span class='ocrx_word' id='word_1_354' title='bbox 3060 2202 3087 2253; x_wconf 92' lang='lat'><em>6</em></span> <span class='ocrx_word' id='word_1_355' title='bbox 3119 2198 3284 2253; x_wconf 81' lang='grc' dir='ltr'><strong>Δαυῒδ</strong></span> <span class='ocrx_word' id='word_1_356' title='bbox 3312 2198 3464 2266; x_wconf 84' lang='grc' dir='ltr'><strong>λέγει</strong></span> <span class='ocrx_word' id='word_1_357' title='bbox 3496 2197 3554 2248; x_wconf 79' lang='grc' dir='ltr'><strong>ὲν</strong></span> <span class='ocrx_word' id='word_1_358' title='bbox 3580 2194 3767 2265; x_wconf 70' lang='grc' dir='ltr'><strong>βιϐλίῳ</strong></span> 
     </span>
    </p>
   </div>
   <div class='ocr_carea' id='block_1_43' title="bbox 514 2285 2071 2363">
    <p class='ocr_par' dir='ltr' id='par_1_43' title="bbox 514 2289 2071 2349">
     <span class='ocr_line' id='line_1_43' title="bbox 514 2289 2071 2349; baseline 0.006 -9"><span class='ocrx_word' id='word_1_359' title='bbox 514 2301 720 2342; x_wconf 88' lang='lat' dir='ltr'><strong>tuorum</strong></span> <span class='ocrx_word' id='word_1_360' title='bbox 756 2311 768 2343; x_wconf 88' lang='lat'><strong>:</strong></span> <span class='ocrx_word' id='word_1_361' title='bbox 803 2289 943 2344; x_wconf 80' lang='lat' dir='ltr'><strong>Dixit</strong></span> <span class='ocrx_word' id='word_1_362' title='bbox 976 2290 1234 2347; x_wconf 88' lang='lat' dir='ltr'><strong>Dominus</strong></span> <span class='ocrx_word' id='word_1_363' title='bbox 1269 2290 1498 2348; x_wconf 89' lang='lat' dir='ltr'><strong>Domino</strong></span> <span class='ocrx_word' id='word_1_364' title='bbox 1532 2309 1650 2349; x_wconf 91' lang='lat' dir='ltr'><strong>meo</strong></span> <span class='ocrx_word' id='word_1_365' title='bbox 1679 2313 1691 2349; x_wconf 90' lang='lat'><strong>:</strong></span> <span class='ocrx_word' id='word_1_366' title='bbox 1727 2294 1864 2349; x_wconf 86' lang='lat' dir='ltr'><strong>Sede</strong></span> <span class='ocrx_word' id='word_1_367' title='bbox 1893 2311 1921 2349; x_wconf 86' lang='lat' dir='ltr'><strong>a</strong></span> <span class='ocrx_word' id='word_1_368' title='bbox 1945 2296 2071 2349; x_wconf 84' lang='lat' dir='ltr'><strong>dex-</strong></span> 
     </span>
    </p>
   </div>
   <div class='ocr_carea' id='block_1_44' title="bbox 2209 2285 3766 2363">
    <p class='ocr_par' dir='ltr' id='par_1_44' title="bbox 2209 2285 3766 2363">
     <span class='ocr_line' id='line_1_44' title="bbox 2209 2285 3766 2363; baseline -0.006 -17"><span class='ocrx_word' id='word_1_369' title='bbox 2209 2293 2427 2363; x_wconf 60' lang='lat' dir='ltr'><strong>I’aiqtt&#39;bv</strong></span> <span class='ocrx_word' id='word_1_370' title='bbox 2448 2311 2460 2324; x_wconf 90' lang='grc'><strong>·</strong></span> <span class='ocrx_word' id='word_1_371' title='bbox 2494 2290 2660 2345; x_wconf 79' lang='grc' dir='ltr'><strong>Εἶπεν</strong></span> <span class='ocrx_word' id='word_1_372' title='bbox 2687 2294 2714 2345; x_wconf 97' lang='lat'><strong>6</strong></span> <span class='ocrx_word' id='word_1_373' title='bbox 2742 2290 2945 2362; x_wconf 84' lang='grc' dir='ltr'><strong>Κύριος</strong></span> <span class='ocrx_word' id='word_1_374' title='bbox 2975 2290 3053 2360; x_wconf 83' lang='grc' dir='ltr'><strong>τῷ</strong></span> <span class='ocrx_word' id='word_1_375' title='bbox 3085 2289 3276 2360; x_wconf 80' lang='grc' dir='ltr'><strong>Κυρίῳ</strong></span> <span class='ocrx_word' id='word_1_376' title='bbox 3312 2302 3447 2358; x_wconf 83' lang='grc' dir='ltr'><strong>μου·</strong></span> <span class='ocrx_word' id='word_1_377' title='bbox 3482 2285 3676 2340; x_wconf 74' lang='grc' dir='ltr'><strong>Κάθου</strong></span> <span class='ocrx_word' id='word_1_378' title='bbox 3710 2288 3766 2337; x_wconf 76' lang='grc' dir='ltr'><strong>ὲκ</strong></span> 
     </span>
    </p>
   </div>
   <div class='ocr_carea' id='block_1_45' title="bbox 512 2377 2069 2454">
    <p class='ocr_par' dir='ltr' id='par_1_45' title="bbox 512 2377 2069 2454">
     <span class='ocr_line' id='line_1_45' title="bbox 512 2377 2069 2454; baseline 0.005 -23"><span class='ocrx_word' id='word_1_379' title='bbox 512 2377 615 2433; x_wconf 88' lang='lat' dir='ltr'><strong>tris</strong></span> <span class='ocrx_word' id='word_1_380' title='bbox 643 2379 796 2441; x_wconf 88' lang='lat' dir='ltr'><strong>meis,</strong></span> <span class='ocrx_word' id='word_1_381' title='bbox 825 2380 996 2432; x_wconf 91' lang='lat' dir='ltr'><strong>donec</strong></span> <span class='ocrx_word' id='word_1_382' title='bbox 1022 2396 1214 2449; x_wconf 88' lang='lat' dir='ltr'><strong>ponam</strong></span> <span class='ocrx_word' id='word_1_383' title='bbox 1244 2381 1493 2437; x_wconf 91' lang='lat' dir='ltr'><strong>inimicos</strong></span> <span class='ocrx_word' id='word_1_384' title='bbox 1520 2391 1641 2438; x_wconf 91' lang='lat' dir='ltr'><strong>tuos</strong></span> <span class='ocrx_word' id='word_1_385' title='bbox 1666 2384 1957 2438; x_wconf 87' lang='lat' dir='ltr'><strong>scaheilum</strong></span> <span class='ocrx_word' id='word_1_386' title='bbox 1986 2399 2069 2454; x_wconf 46' lang='lat' dir='ltr'><strong>pe.</strong></span> 
     </span>
    </p>
   </div>
   <div class='ocr_carea' id='block_1_46' title="bbox 2206 2377 3763 2454">
    <p class='ocr_par' dir='ltr' id='par_1_46' title="bbox 2206 2378 3763 2452">
     <span class='ocr_line' id='line_1_46' title="bbox 2206 2378 3763 2452; baseline -0.005 -16"><span class='ocrx_word' id='word_1_387' title='bbox 2206 2384 2373 2449; x_wconf 75' lang='grc' dir='ltr'><strong>ἰεξιῶν</strong></span> <span class='ocrx_word' id='word_1_388' title='bbox 2411 2400 2533 2452; x_wconf 88' lang='grc' dir='ltr'><strong>μου,</strong></span> <span class='ocrx_word' id='word_1_389' title='bbox 2573 2383 2676 2447; x_wconf 74' lang='grc' dir='ltr'><strong>ἕως</strong></span> <span class='ocrx_word' id='word_1_390' title='bbox 2711 2381 2776 2436; x_wconf 84' lang='grc' dir='ltr'><strong>ἆν</strong></span> <span class='ocrx_word' id='word_1_391' title='bbox 2812 2381 2888 2435; x_wconf 84' lang='grc' dir='ltr'>Θῶ</span> <span class='ocrx_word' id='word_1_392' title='bbox 2923 2384 3047 2444; x_wconf 77' lang='grc' dir='ltr'><strong>τοὺς</strong></span> <span class='ocrx_word' id='word_1_393' title='bbox 3077 2379 3304 2451; x_wconf 79' lang='grc' dir='ltr'><strong>ἐχθρούς</strong></span> <span class='ocrx_word' id='word_1_394' title='bbox 3347 2395 3445 2431; x_wconf 84' lang='grc' dir='ltr'><strong>σου</strong></span> <span class='ocrx_word' id='word_1_395' title='bbox 3480 2378 3763 2431; x_wconf 71' lang='grc' dir='ltr'><strong>ὑποπόδιον</strong></span> 
     </span>
    </p>
   </div>
   <div class='ocr_carea' id='block_1_47' title="bbox 511 2466 2068 2541">
    <p class='ocr_par' dir='ltr' id='par_1_47' title="bbox 511 2468 2068 2541">
     <span class='ocr_line' id='line_1_47' title="bbox 511 2468 2068 2541; baseline 0.004 -21"><span class='ocrx_word' id='word_1_396' title='bbox 511 2468 639 2521; x_wconf 85' lang='lat' dir='ltr'><strong>dum</strong></span> <span class='ocrx_word' id='word_1_397' title='bbox 671 2478 906 2522; x_wconf 90' lang='lat' dir='ltr'><strong>tuorum.</strong></span> <span class='ocrx_word' id='word_1_398' title='bbox 938 2469 1101 2524; x_wconf 82' lang='lat' dir='ltr'><strong>David</strong></span> <span class='ocrx_word' id='word_1_399' title='bbox 1132 2486 1261 2541; x_wconf 81' lang='lat' dir='ltr'><strong>ergo</strong></span> <span class='ocrx_word' id='word_1_400' title='bbox 1293 2473 1575 2528; x_wconf 89' lang='lat' dir='ltr'><strong>Dominum</strong></span> <span class='ocrx_word' id='word_1_401' title='bbox 1609 2473 1754 2527; x_wconf 89' lang='lat' dir='ltr'><strong>illum</strong></span> <span class='ocrx_word' id='word_1_402' title='bbox 1787 2482 1944 2528; x_wconf 87' lang='lat' dir='ltr'><strong>vocat</strong></span> <span class='ocrx_word' id='word_1_403' title='bbox 1976 2491 1990 2528; x_wconf 92' lang='lat'><strong>:</strong></span> <span class='ocrx_word' id='word_1_404' title='bbox 2024 2482 2068 2527; x_wconf 90' lang='lat' dir='ltr'><strong>el</strong></span> 
     </span>
    </p>
   </div>
   <div class='ocr_carea' id='block_1_48' title="bbox 2205 2466 3762 2541">
    <p class='ocr_par' dir='ltr' id='par_1_48' title="bbox 2205 2466 3762 2540">
     <span class='ocr_line' id='line_1_48' title="bbox 2205 2466 3762 2540; baseline -0.006 -13"><span class='ocrx_word' id='word_1_405' title='bbox 2205 2474 2293 2528; x_wconf 77' lang='grc' dir='ltr'><strong>τῶν</strong></span> <span class='ocrx_word' id='word_1_406' title='bbox 2323 2472 2497 2527; x_wconf 82' lang='grc' dir='ltr'><strong>ποδῶν</strong></span> <span class='ocrx_word' id='word_1_407' title='bbox 2537 2489 2652 2525; x_wconf 90' lang='grc' dir='ltr'><strong>σου.</strong></span> <span class='ocrx_word' id='word_1_408' title='bbox 2691 2470 2854 2524; x_wconf 82' lang='grc' dir='ltr'><strong>Δαυῒδ</strong></span> <span class='ocrx_word' id='word_1_409' title='bbox 2886 2470 3048 2524; x_wconf 68' lang='grc' dir='ltr'><strong>αὐτὸν</strong></span> <span class='ocrx_word' id='word_1_410' title='bbox 3076 2468 3281 2540; x_wconf 78' lang='grc' dir='ltr'><strong>Κύριον</strong></span> <span class='ocrx_word' id='word_1_411' title='bbox 3307 2467 3488 2533; x_wconf 79' lang='grc' dir='ltr'><strong>καλεῖ,</strong></span> <span class='ocrx_word' id='word_1_412' title='bbox 3522 2467 3620 2520; x_wconf 80' lang='grc' dir='ltr'><strong>καὶ</strong></span> <span class='ocrx_word' id='word_1_413' title='bbox 3660 2466 3762 2527; x_wconf 75' lang='grc' dir='ltr'><strong>πῶς</strong></span> 
     </span>
    </p>
   </div>
   <div class='ocr_carea' id='block_1_49' title="bbox 510 2555 2067 2634">
    <p class='ocr_par' dir='ltr' id='par_1_49' title="bbox 510 2559 2067 2634">
     <span class='ocr_line' id='line_1_49' title="bbox 510 2559 2067 2634; baseline 0.006 -26"><span class='ocrx_word' id='word_1_414' title='bbox 510 2559 778 2624; x_wconf 89' lang='lat' dir='ltr'><strong>quomodo</strong></span> <span class='ocrx_word' id='word_1_415' title='bbox 814 2559 954 2611; x_wconf 88' lang='lat' dir='ltr'><strong>tilius</strong></span> <span class='ocrx_word' id='word_1_416' title='bbox 985 2560 1104 2628; x_wconf 87' lang='lat' dir='ltr'><strong>ejus</strong></span> <span class='ocrx_word' id='word_1_417' title='bbox 1134 2561 1315 2616; x_wconf 79' lang='lat' dir='ltr'><strong>est&quot;?</strong></span> <span class='ocrx_word' id='word_1_418' title='bbox 1352 2580 1371 2613; x_wconf 73' lang='grc' dir='ltr'><strong>ι</strong></span> <span class='ocrx_word' id='word_1_419' title='bbox 1403 2563 1574 2618; x_wconf 86' lang='lat' dir='ltr'><strong>Audis</strong></span> <span class='ocrx_word' id='word_1_420' title='bbox 1605 2578 1713 2633; x_wconf 85' lang='lat' dir='ltr'><strong>quo</strong></span> <span class='ocrx_word' id='word_1_421' title='bbox 1747 2573 1903 2633; x_wconf 89' lang='lat' dir='ltr'><strong>pacto</strong></span> <span class='ocrx_word' id='word_1_422' title='bbox 1938 2565 2067 2634; x_wconf 83' lang='lat' dir='ltr'><strong>ipse-</strong></span> 
     </span>
    </p>
   </div>
   <div class='ocr_carea' id='block_1_50' title="bbox 2199 2555 3756 2634">
    <p class='ocr_par' dir='ltr' id='par_1_50' title="bbox 2199 2555 3756 2628">
     <span class='ocr_line' id='line_1_50' title="bbox 2199 2555 3756 2628; baseline -0.008 -10"><span class='ocrx_word' id='word_1_423' title='bbox 2199 2564 2311 2628; x_wconf 63' lang='lat' dir='ltr'><strong>l‘i6;</strong></span> <span class='ocrx_word' id='word_1_424' title='bbox 2340 2561 2503 2617; x_wconf 76' lang='grc' dir='ltr'><strong>αὑτοῦ</strong></span> <span class='ocrx_word' id='word_1_425' title='bbox 2533 2562 2712 2628; x_wconf 56' lang='lat' dir='ltr'><strong>tactv;</strong></span> <span class='ocrx_word' id='word_1_426' title='bbox 2747 2579 2765 2612; x_wconf 72' lang='grc' dir='ltr'><strong>ι</strong></span> <span class='ocrx_word' id='word_1_427' title='bbox 2805 2559 3049 2622; x_wconf 77' lang='grc' dir='ltr'><strong>Ἀκούεις</strong></span> <span class='ocrx_word' id='word_1_428' title='bbox 3073 2560 3220 2620; x_wconf 83' lang='grc' dir='ltr'><strong>ὅπως</strong></span> <span class='ocrx_word' id='word_1_429' title='bbox 3249 2560 3308 2609; x_wconf 84' lang='grc' dir='ltr'><strong>ὲν</strong></span> <span class='ocrx_word' id='word_1_430' title='bbox 3334 2556 3552 2617; x_wconf 72' lang='grc' dir='ltr'><strong>τούτοις</strong></span> <span class='ocrx_word' id='word_1_431' title='bbox 3583 2555 3756 2624; x_wconf 71' lang='grc' dir='ltr'><strong>πειρᾶ-</strong></span> 
     </span>
    </p>
   </div>
   <div class='ocr_carea' id='block_1_51' title="bbox 511 2640 2068 2722">
    <p class='ocr_par' dir='ltr' id='par_1_51' title="bbox 511 2640 2068 2716">
     <span class='ocr_line' id='line_1_51' title="bbox 511 2640 2068 2716; baseline 0.004 -16"><span class='ocrx_word' id='word_1_432' title='bbox 511 2656 625 2700; x_wconf 76' lang='grc' dir='ltr'><strong>ηιει</strong></span> <span class='ocrx_word' id='word_1_433' title='bbox 660 2646 909 2703; x_wconf 86' lang='lat' dir='ltr'><strong>Christus</strong></span> <span class='ocrx_word' id='word_1_434' title='bbox 948 2647 1185 2716; x_wconf 84' lang='lat' dir='ltr'><strong>(tametsi</strong></span> <span class='ocrx_word' id='word_1_435' title='bbox 1223 2665 1285 2704; x_wconf 77' lang='lat' dir='ltr'><strong>ex</strong></span> <span class='ocrx_word' id='word_1_436' title='bbox 1332 2652 1538 2705; x_wconf 87' lang='lat' dir='ltr'><strong>semine</strong></span> <span class='ocrx_word' id='word_1_437' title='bbox 1577 2640 1746 2706; x_wconf 78' lang='lat' dir='ltr'><strong>David</strong></span> <span class='ocrx_word' id='word_1_438' title='bbox 1785 2654 2068 2707; x_wconf 81' lang='lat' dir='ltr'><strong>secundum</strong></span> 
     </span>
    </p>
   </div>
   <div class='ocr_carea' id='block_1_52' title="bbox 2202 2640 3759 2722">
    <p class='ocr_par' dir='ltr' id='par_1_52' title="bbox 2202 2647 3759 2722">
     <span class='ocr_line' id='line_1_52' title="bbox 2202 2647 3759 2722; baseline -0.007 -13"><span class='ocrx_word' id='word_1_439' title='bbox 2202 2674 2271 2709; x_wconf 76' lang='grc' dir='ltr'><strong>ται</strong></span> <span class='ocrx_word' id='word_1_440' title='bbox 2303 2652 2566 2707; x_wconf 78' lang='grc' dir='ltr'><strong>δεικνύειν</strong></span> <span class='ocrx_word' id='word_1_441' title='bbox 2600 2652 2762 2716; x_wconf 78' lang='grc' dir='ltr'><strong>αὐτὸς</strong></span> <span class='ocrx_word' id='word_1_442' title='bbox 2787 2653 2815 2706; x_wconf 92' lang='lat'><em>6</em></span> <span class='ocrx_word' id='word_1_443' title='bbox 2844 2649 3096 2722; x_wconf 82' lang='grc' dir='ltr'><strong>Χριστὸς,</strong></span> <span class='ocrx_word' id='word_1_444' title='bbox 3120 2650 3202 2702; x_wconf 83' lang='grc' dir='ltr'><strong>ὅτι</strong></span> <span class='ocrx_word' id='word_1_445' title='bbox 3231 2648 3336 2701; x_wconf 73' lang='grc' dir='ltr'><strong>κᾶν</strong></span> <span class='ocrx_word' id='word_1_446' title='bbox 3363 2650 3414 2701; x_wconf 82' lang='grc' dir='ltr'><strong>εί</strong></span> <span class='ocrx_word' id='word_1_447' title='bbox 3438 2647 3669 2715; x_wconf 67' lang='grc' dir='ltr'><strong>γέγονεν</strong></span> <span class='ocrx_word' id='word_1_448' title='bbox 3706 2647 3759 2697; x_wconf 77' lang='grc' dir='ltr'><strong>ἐι</strong></span> 
     </span>
    </p>
   </div>
   <div class='ocr_carea' id='block_1_53' title="bbox 511 2730 2068 2816">
    <p class='ocr_par' dir='ltr' id='par_1_53' title="bbox 511 2739 2068 2811">
     <span class='ocr_line' id='line_1_53' title="bbox 511 2739 2068 2811; baseline 0.004 -22"><span class='ocrx_word' id='word_1_449' title='bbox 511 2750 729 2792; x_wconf 83' lang='lat' dir='ltr'><strong>carnem</strong></span> <span class='ocrx_word' id='word_1_450' title='bbox 757 2739 1018 2809; x_wconf 78' lang='lat' dir='ltr'><strong>originem</strong></span> <span class='ocrx_word' id='word_1_451' title='bbox 1051 2740 1249 2811; x_wconf 85' lang='lat' dir='ltr'><strong>trahat)</strong></span> <span class='ocrx_word' id='word_1_452' title='bbox 1280 2742 1383 2797; x_wconf 90' lang='lat' dir='ltr'><strong>hoc</strong></span> <span class='ocrx_word' id='word_1_453' title='bbox 1413 2742 1532 2797; x_wconf 90' lang='lat' dir='ltr'><strong>loco</strong></span> <span class='ocrx_word' id='word_1_454' title='bbox 1563 2742 1751 2808; x_wconf 89' lang='lat' dir='ltr'><strong>Deum,</strong></span> <span class='ocrx_word' id='word_1_455' title='bbox 1775 2753 1830 2798; x_wconf 92' lang='lat' dir='ltr'><strong>et</strong></span> <span class='ocrx_word' id='word_1_456' title='bbox 1859 2743 2068 2810; x_wconf 68' lang='lat' dir='ltr'><strong>Filium,</strong></span> 
     </span>
    </p>
   </div>
   <div class='ocr_carea' id='block_1_54' title="bbox 2199 2730 3756 2816">
    <p class='ocr_par' dir='ltr' id='par_1_54' title="bbox 2199 2730 3756 2816">
     <span class='ocr_line' id='line_1_54' title="bbox 2199 2730 3756 2816; baseline -0.008 -17"><span class='ocrx_word' id='word_1_457' title='bbox 2199 2747 2500 2816; x_wconf 75' lang='grc' dir='ltr'><strong>ςπέρματος</strong></span> <span class='ocrx_word' id='word_1_458' title='bbox 2530 2741 2692 2796; x_wconf 79' lang='grc' dir='ltr'><strong>Δαυῒδ</strong></span> <span class='ocrx_word' id='word_1_459' title='bbox 2729 2744 2757 2795; x_wconf 88' lang='lat'><em>6</em></span> <span class='ocrx_word' id='word_1_460' title='bbox 2787 2741 2954 2809; x_wconf 83' lang='grc' dir='ltr'><strong>Λόγος</strong></span> <span class='ocrx_word' id='word_1_461' title='bbox 2990 2739 3129 2793; x_wconf 81' lang='grc' dir='ltr'><strong>κατὰ</strong></span> <span class='ocrx_word' id='word_1_462' title='bbox 3158 2738 3255 2809; x_wconf 70' lang='grc' dir='ltr'><strong>τὴν</strong></span> <span class='ocrx_word' id='word_1_463' title='bbox 3290 2738 3500 2807; x_wconf 86' lang='grc' dir='ltr'><strong>σάρκα,</strong></span> <span class='ocrx_word' id='word_1_464' title='bbox 3528 2736 3650 2790; x_wconf 79' lang='grc' dir='ltr'><strong>ἀλλ’</strong></span> <span class='ocrx_word' id='word_1_465' title='bbox 3677 2730 3756 2787; x_wconf 73' lang='grc' dir='ltr'><strong>οὖν</strong></span> 
     </span>
    </p>
   </div>
   <div class='ocr_carea' id='block_1_55' title="bbox 514 2826 2071 2900">
    <p class='ocr_par' dir='ltr' id='par_1_55' title="bbox 514 2826 2071 2897">
     <span class='ocr_line' id='line_1_55' title="bbox 514 2826 2071 2897; baseline 0.004 -17"><span class='ocrx_word' id='word_1_466' title='bbox 514 2826 673 2897; x_wconf 74' lang='lat'><strong>117</strong></span> <span class='ocrx_word' id='word_1_467' title='bbox 698 2835 751 2881; x_wconf 92' lang='lat' dir='ltr'><strong>et</strong></span> <span class='ocrx_word' id='word_1_468' title='bbox 776 2828 1058 2883; x_wconf 90' lang='lat' dir='ltr'><strong>Dominum</strong></span> <span class='ocrx_word' id='word_1_469' title='bbox 1082 2830 1378 2884; x_wconf 84' lang='lat' dir='ltr'><strong>secundum</strong></span> <span class='ocrx_word' id='word_1_470' title='bbox 1405 2841 1651 2886; x_wconf 85' lang='lat' dir='ltr'><strong>naturam</strong></span> <span class='ocrx_word' id='word_1_471' title='bbox 1677 2847 1737 2888; x_wconf 92' lang='lat' dir='ltr'><strong>se</strong></span> <span class='ocrx_word' id='word_1_472' title='bbox 1759 2848 1879 2887; x_wconf 90' lang='lat' dir='ltr'><strong>esse</strong></span> <span class='ocrx_word' id='word_1_473' title='bbox 1901 2843 2071 2888; x_wconf 87' lang='lat' dir='ltr'><strong>osten-</strong></span> 
     </span>
    </p>
   </div>
   <div class='ocr_carea' id='block_1_56' title="bbox 2196 2826 3753 2900">
    <p class='ocr_par' dir='ltr' id='par_1_56' title="bbox 2196 2827 3753 2900">
     <span class='ocr_line' id='line_1_56' title="bbox 2196 2827 3753 2900; baseline -0.006 -10"><span class='ocrx_word' id='word_1_474' title='bbox 2196 2839 2300 2890; x_wconf 65' lang='grc' dir='ltr'><strong>ἐστι</strong></span> <span class='ocrx_word' id='word_1_475' title='bbox 2333 2837 2425 2888; x_wconf 74' lang='grc' dir='ltr'><strong>καὶ</strong></span> <span class='ocrx_word' id='word_1_476' title='bbox 2451 2832 2592 2887; x_wconf 79' lang='grc' dir='ltr'><strong>οὕτω</strong></span> <span class='ocrx_word' id='word_1_477' title='bbox 2625 2831 2766 2887; x_wconf 67' lang='grc' dir='ltr'><strong>κατὰ</strong></span> <span class='ocrx_word' id='word_1_478' title='bbox 2797 2831 2957 2900; x_wconf 82' lang='grc' dir='ltr'><strong>φύσιν</strong></span> <span class='ocrx_word' id='word_1_479' title='bbox 2980 2830 3204 2900; x_wconf 79' lang='grc' dir='ltr'><strong>Κύριος,</strong></span> <span class='ocrx_word' id='word_1_480' title='bbox 3228 2830 3303 2892; x_wconf 82' lang='grc' dir='ltr'><strong>ὡς</strong></span> <span class='ocrx_word' id='word_1_481' title='bbox 3328 2828 3463 2891; x_wconf 78' lang='grc' dir='ltr'><strong>Υἱὸς</strong></span> <span class='ocrx_word' id='word_1_482' title='bbox 3484 2828 3581 2881; x_wconf 72' lang='grc' dir='ltr'><strong>καὶ</strong></span> <span class='ocrx_word' id='word_1_483' title='bbox 3602 2827 3753 2890; x_wconf 74' lang='grc' dir='ltr'><strong>Θιόςς</strong></span> 
     </span>
    </p>
   </div>
   <div class='ocr_carea' id='block_1_57' title="bbox 511 2916 2068 2997">
    <p class='ocr_par' dir='ltr' id='par_1_57' title="bbox 511 2916 2068 2986">
     <span class='ocr_line' id='line_1_57' title="bbox 511 2916 2068 2986; baseline 0.004 -16"><span class='ocrx_word' id='word_1_484' title='bbox 511 2919 639 2971; x_wconf 84' lang='lat' dir='ltr'><strong>dat?</strong></span> <span class='ocrx_word' id='word_1_485' title='bbox 673 2916 985 2979; x_wconf 77' lang='lat' dir='ltr'><strong>Dicitenim</strong></span> <span class='ocrx_word' id='word_1_486' title='bbox 1020 2937 1034 2973; x_wconf 89' lang='lat'><strong>:</strong></span> <span class='ocrx_word' id='word_1_487' title='bbox 1075 2939 1094 2972; x_wconf 78' lang='grc' dir='ltr'><strong>ι</strong></span> <span class='ocrx_word' id='word_1_488' title='bbox 1134 2920 1187 2975; x_wconf 92' lang='lat' dir='ltr'><strong>Si</strong></span> <span class='ocrx_word' id='word_1_489' title='bbox 1224 2919 1443 2977; x_wconf 90' lang='lat' dir='ltr'><strong>Davidis</strong></span> <span class='ocrx_word' id='word_1_490' title='bbox 1477 2922 1621 2977; x_wconf 85' lang='lat' dir='ltr'><strong>filius</strong></span> <span class='ocrx_word' id='word_1_491' title='bbox 1651 2932 1756 2986; x_wconf 87' lang='lat' dir='ltr'><strong>est,</strong></span> <span class='ocrx_word' id='word_1_492' title='bbox 1787 2938 1884 2977; x_wconf 88' lang='lat' dir='ltr'><strong>cur</strong></span> <span class='ocrx_word' id='word_1_493' title='bbox 1914 2923 2068 2977; x_wconf 87' lang='lat' dir='ltr'><strong>David</strong></span> 
     </span>
    </p>
   </div>
   <div class='ocr_carea' id='block_1_58' title="bbox 2198 2916 3755 2997">
    <p class='ocr_par' dir='ltr' id='par_1_58' title="bbox 2198 2919 3755 2997">
     <span class='ocr_line' id='line_1_58' title="bbox 2198 2919 3755 2997; baseline -0.006 -16"><span class='ocrx_word' id='word_1_494' title='bbox 2198 2927 2303 2981; x_wconf 86' lang='grc' dir='ltr'><strong>ιΕί</strong></span> <span class='ocrx_word' id='word_1_495' title='bbox 2341 2927 2449 2995; x_wconf 75' lang='grc' dir='ltr'><strong>γὰρ</strong></span> <span class='ocrx_word' id='word_1_496' title='bbox 2478 2926 2563 2997; x_wconf 83' lang='grc' dir='ltr'><strong>δὴ,</strong></span> <span class='ocrx_word' id='word_1_497' title='bbox 2598 2926 2782 2994; x_wconf 81' lang='grc' dir='ltr'><strong>φησὶν,</strong></span> <span class='ocrx_word' id='word_1_498' title='bbox 2819 2923 2931 2985; x_wconf 80' lang='grc' dir='ltr'><strong>υἱὸς</strong></span> <span class='ocrx_word' id='word_1_499' title='bbox 2973 2920 3067 2974; x_wconf 81' lang='grc' dir='ltr'><strong>τοῦ</strong></span> <span class='ocrx_word' id='word_1_500' title='bbox 3113 2919 3297 2986; x_wconf 80' lang='grc' dir='ltr'><strong>Δαυῒδ,</strong></span> <span class='ocrx_word' id='word_1_501' title='bbox 3353 2919 3476 2983; x_wconf 82' lang='grc' dir='ltr'><strong>πῶς</strong></span> <span class='ocrx_word' id='word_1_502' title='bbox 3528 2919 3687 2972; x_wconf 71' lang='grc' dir='ltr'><strong>αὐτὸν</strong></span> <span class='ocrx_word' id='word_1_503' title='bbox 3730 2920 3755 2970; x_wconf 88' lang='lat'><strong>6</strong></span> 
     </span>
    </p>
   </div>
   <div class='ocr_carea' id='block_1_59' title="bbox 515 3006 2072 3088">
    <p class='ocr_par' dir='ltr' id='par_1_59' title="bbox 515 3006 2072 3083">
     <span class='ocr_line' id='line_1_59' title="bbox 515 3006 2072 3083; baseline 0.002 -21"><span class='ocrx_word' id='word_1_504' title='bbox 515 3006 794 3062; x_wconf 86' lang='lat' dir='ltr'><strong>Dominum</strong></span> <span class='ocrx_word' id='word_1_505' title='bbox 825 3009 973 3063; x_wconf 88' lang='lat' dir='ltr'><strong>illutn</strong></span> <span class='ocrx_word' id='word_1_506' title='bbox 997 3010 1263 3079; x_wconf 81' lang='lat' dir='ltr'><strong>appellat?</strong></span> <span class='ocrx_word' id='word_1_507' title='bbox 1292 3029 1312 3063; x_wconf 74' lang='grc' dir='ltr'><strong>ι</strong></span> <span class='ocrx_word' id='word_1_508' title='bbox 1344 3011 1448 3066; x_wconf 85' lang='lat' dir='ltr'><strong>Sed</strong></span> <span class='ocrx_word' id='word_1_509' title='bbox 1482 3027 1655 3083; x_wconf 87' lang='lat' dir='ltr'><strong>neque</strong></span> <span class='ocrx_word' id='word_1_510' title='bbox 1680 3026 1857 3068; x_wconf 92' lang='lat' dir='ltr'><strong>ortum</strong></span> <span class='ocrx_word' id='word_1_511' title='bbox 1885 3028 2072 3068; x_wconf 84' lang='lat' dir='ltr'><strong>secun-</strong></span> 
     </span>
    </p>
   </div>
   <div class='ocr_carea' id='block_1_60' title="bbox 2197 3006 3754 3088">
    <p class='ocr_par' dir='ltr' id='par_1_60' title="bbox 2197 3010 3754 3088">
     <span class='ocr_line' id='line_1_60' title="bbox 2197 3010 3754 3088; baseline -0.008 -16"><span class='ocrx_word' id='word_1_512' title='bbox 2197 3018 2349 3072; x_wconf 73' lang='grc' dir='ltr'><strong>Δαυτδ</strong></span> <span class='ocrx_word' id='word_1_513' title='bbox 2380 3017 2580 3088; x_wconf 74' lang='grc' dir='ltr'><strong>Κύριον</strong></span> <span class='ocrx_word' id='word_1_514' title='bbox 2609 3011 2897 3085; x_wconf 78' lang='grc' dir='ltr'><strong>ὀνομάζει;</strong></span> <span class='ocrx_word' id='word_1_515' title='bbox 2930 3032 2948 3065; x_wconf 77' lang='grc' dir='ltr'><strong>ι</strong></span> <span class='ocrx_word' id='word_1_516' title='bbox 2971 3012 3108 3065; x_wconf 85' lang='grc' dir='ltr'><strong>Ἀλλ’</strong></span> <span class='ocrx_word' id='word_1_517' title='bbox 3134 3010 3259 3064; x_wconf 73' lang='grc' dir='ltr'><strong>οὔτε</strong></span> <span class='ocrx_word' id='word_1_518' title='bbox 3285 3010 3386 3080; x_wconf 82' lang='grc' dir='ltr'><strong>τὴν</strong></span> <span class='ocrx_word' id='word_1_519' title='bbox 3414 3013 3483 3063; x_wconf 79' lang='grc' dir='ltr'><strong>ὲκ</strong></span> <span class='ocrx_word' id='word_1_520' title='bbox 3516 3010 3754 3079; x_wconf 82' lang='grc' dir='ltr'><strong>σπέρμα-</strong></span> 
     </span>
    </p>
   </div>
   <div class='ocr_carea' id='block_1_61' title="bbox 512 3076 2069 3176">
    <p class='ocr_par' dir='ltr' id='par_1_61' title="bbox 512 3099 2069 3172">
     <span class='ocr_line' id='line_1_61' title="bbox 512 3099 2069 3172; baseline 0.003 -20"><span class='ocrx_word' id='word_1_521' title='bbox 512 3099 637 3152; x_wconf 86' lang='lat' dir='ltr'><strong>dutn</strong></span> <span class='ocrx_word' id='word_1_522' title='bbox 672 3113 889 3154; x_wconf 89' lang='lat' dir='ltr'><strong>carnem</strong></span> <span class='ocrx_word' id='word_1_523' title='bbox 926 3101 1012 3155; x_wconf 90' lang='lat' dir='ltr'><strong>hic</strong></span> <span class='ocrx_word' id='word_1_524' title='bbox 1044 3115 1111 3155; x_wconf 78' lang='lat' dir='ltr'><strong>ex</strong></span> <span class='ocrx_word' id='word_1_525' title='bbox 1149 3099 1367 3157; x_wconf 78' lang='lat' dir='ltr'><strong>Davidis</strong></span> <span class='ocrx_word' id='word_1_526' title='bbox 1400 3103 1607 3157; x_wconf 86' lang='lat' dir='ltr'><strong>semine</strong></span> <span class='ocrx_word' id='word_1_527' title='bbox 1643 3103 1872 3169; x_wconf 80' lang='lat' dir='ltr'><strong>refutat;</strong></span> <span class='ocrx_word' id='word_1_528' title='bbox 1908 3119 2069 3172; x_wconf 72' lang='lat' dir='ltr'><strong>neque</strong></span> 
     </span>
    </p>
   </div>
   <div class='ocr_carea' id='block_1_62' title="bbox 2194 3076 3751 3176">
    <p class='ocr_par' dir='ltr' id='par_1_62' title="bbox 2194 3076 3751 3176">
     <span class='ocr_line' id='line_1_62' title="bbox 2194 3076 3751 3176; baseline -0.009 -14"><span class='ocrx_word' id='word_1_529' title='bbox 2194 3127 2273 3172; x_wconf 71' lang='lat' dir='ltr'><strong>to;</strong></span> <span class='ocrx_word' id='word_1_530' title='bbox 2301 3076 2739 3176; x_wconf 50' lang='lat' dir='ltr'><strong>Aau‘t6&#39;yéwqctv</strong></span> <span class='ocrx_word' id='word_1_531' title='bbox 2775 3076 2915 3158; x_wconf 69' lang='grc' dir='ltr'><strong>κατά</strong></span> <span class='ocrx_word' id='word_1_532' title='bbox 2950 3105 3129 3173; x_wconf 83' lang='grc' dir='ltr'><strong>σάρκα</strong></span> <span class='ocrx_word' id='word_1_533' title='bbox 3153 3104 3210 3155; x_wconf 79' lang='grc' dir='ltr'><strong>ἐν</strong></span> <span class='ocrx_word' id='word_1_534' title='bbox 3239 3076 3456 3163; x_wconf 75' lang='grc' dir='ltr'><strong>τούτοις</strong></span> <span class='ocrx_word' id='word_1_535' title='bbox 3496 3076 3751 3170; x_wconf 58' lang='grc' dir='ltr'><strong>ἀρνείταε,</strong></span> 
     </span>
    </p>
   </div>
   <div class='ocr_carea' id='block_1_63' title="bbox 513 3186 2070 3269">
    <p class='ocr_par' dir='ltr' id='par_1_63' title="bbox 513 3186 2070 3255">
     <span class='ocr_line' id='line_1_63' title="bbox 513 3186 2070 3255; baseline 0.004 -15"><span class='ocrx_word' id='word_1_536' title='bbox 513 3186 748 3255; x_wconf 88' lang='lat' dir='ltr'><strong>seipsum</strong></span> <span class='ocrx_word' id='word_1_537' title='bbox 785 3203 998 3243; x_wconf 89' lang='lat' dir='ltr'><strong>rursum</strong></span> <span class='ocrx_word' id='word_1_538' title='bbox 1033 3188 1326 3242; x_wconf 88' lang='lat' dir='ltr'><strong>secundum</strong></span> <span class='ocrx_word' id='word_1_539' title='bbox 1362 3198 1610 3244; x_wconf 89' lang='lat' dir='ltr'><strong>naturam</strong></span> <span class='ocrx_word' id='word_1_540' title='bbox 1644 3192 1927 3245; x_wconf 89' lang='lat' dir='ltr'><strong>Dominum</strong></span> <span class='ocrx_word' id='word_1_541' title='bbox 1963 3208 2070 3254; x_wconf 72' lang='lat' dir='ltr'><strong>esse</strong></span> 
     </span>
    </p>
   </div>
   <div class='ocr_carea' id='block_1_64' title="bbox 2193 3186 3750 3269">
    <p class='ocr_par' dir='ltr' id='par_1_64' title="bbox 2193 3189 3750 3269">
     <span class='ocr_line' id='line_1_64' title="bbox 2193 3189 3750 3269; baseline -0.008 -16"><span class='ocrx_word' id='word_1_542' title='bbox 2193 3200 2304 3254; x_wconf 66' lang='lat' dir='ltr'><strong>abte</strong></span> <span class='ocrx_word' id='word_1_543' title='bbox 2354 3199 2459 3269; x_wconf 84' lang='grc' dir='ltr'><strong>μὴν</strong></span> <span class='ocrx_word' id='word_1_544' title='bbox 2514 3198 2832 3266; x_wconf 80' lang='grc' dir='ltr'><strong>ἀποπέμπει</strong></span> <span class='ocrx_word' id='word_1_545' title='bbox 2879 3195 2971 3249; x_wconf 80' lang='grc' dir='ltr'><strong>τοῦ</strong></span> <span class='ocrx_word' id='word_1_546' title='bbox 3021 3189 3328 3247; x_wconf 75' lang='grc' dir='ltr'><strong>εῖναικατά</strong></span> <span class='ocrx_word' id='word_1_547' title='bbox 3364 3191 3534 3259; x_wconf 68' lang='grc' dir='ltr'><strong>φύσιν</strong></span> <span class='ocrx_word' id='word_1_548' title='bbox 3564 3189 3750 3260; x_wconf 77' lang='grc' dir='ltr'><strong>Κύριον</strong></span> 
     </span>
    </p>
   </div>
   <div class='ocr_carea' id='block_1_65' title="bbox 512 3277 2069 3359">
    <p class='ocr_par' dir='ltr' id='par_1_65' title="bbox 512 3277 2069 3350">
     <span class='ocr_line' id='line_1_65' title="bbox 512 3277 2069 3350; baseline 0.003 -20"><span class='ocrx_word' id='word_1_549' title='bbox 512 3286 691 3346; x_wconf 88' lang='lat' dir='ltr'><strong>negat.</strong></span> <span class='ocrx_word' id='word_1_550' title='bbox 713 3277 905 3331; x_wconf 83' lang='lat' dir='ltr'><strong>Verum</strong></span> <span class='ocrx_word' id='word_1_551' title='bbox 934 3278 1060 3331; x_wconf 88' lang='lat' dir='ltr'><strong>licet</strong></span> <span class='ocrx_word' id='word_1_552' title='bbox 1088 3293 1251 3330; x_wconf 89' lang='lat' dir='ltr'><strong>unum</strong></span> <span class='ocrx_word' id='word_1_553' title='bbox 1279 3293 1346 3331; x_wconf 85' lang='lat' dir='ltr'><strong>ex</strong></span> <span class='ocrx_word' id='word_1_554' title='bbox 1378 3287 1609 3348; x_wconf 88' lang='lat' dir='ltr'><strong>utroque</strong></span> <span class='ocrx_word' id='word_1_555' title='bbox 1632 3291 1885 3336; x_wconf 87' lang='lat' dir='ltr'><strong>constare</strong></span> <span class='ocrx_word' id='word_1_556' title='bbox 1914 3281 2069 3350; x_wconf 87' lang='lat' dir='ltr'><strong>signi-</strong></span> 
     </span>
    </p>
   </div>
   <div class='ocr_carea' id='block_1_66' title="bbox 2193 3277 3750 3359">
    <p class='ocr_par' dir='ltr' id='par_1_66' title="bbox 2193 3282 3750 3359">
     <span class='ocr_line' id='line_1_66' title="bbox 2193 3282 3750 3359; baseline -0.007 -15"><span class='ocrx_word' id='word_1_557' title='bbox 2193 3290 2401 3344; x_wconf 68' lang='grc' dir='ltr'><strong>ἑαυτόν·</strong></span> <span class='ocrx_word' id='word_1_558' title='bbox 2439 3291 2721 3359; x_wconf 83' lang='grc' dir='ltr'><strong>προσεῖναι</strong></span> <span class='ocrx_word' id='word_1_559' title='bbox 2749 3287 2806 3339; x_wconf 81' lang='grc' dir='ltr'><strong>δέ</strong></span> <span class='ocrx_word' id='word_1_560' title='bbox 2837 3302 3001 3356; x_wconf 78' lang='grc' dir='ltr'><strong>φησιν</strong></span> <span class='ocrx_word' id='word_1_561' title='bbox 3030 3284 3358 3353; x_wconf 64' lang='grc' dir='ltr'><strong>ἀμφότερον,</strong></span> <span class='ocrx_word' id='word_1_562' title='bbox 3388 3285 3436 3334; x_wconf 88' lang='grc' dir='ltr'><strong>εἰ</strong></span> <span class='ocrx_word' id='word_1_563' title='bbox 3462 3284 3564 3336; x_wconf 68' lang='grc' dir='ltr'><strong>καὶ</strong></span> <span class='ocrx_word' id='word_1_564' title='bbox 3584 3282 3642 3346; x_wconf 71' lang='grc' dir='ltr'>ἐξ</span> <span class='ocrx_word' id='word_1_565' title='bbox 3660 3283 3750 3347; x_wconf 74' lang='grc' dir='ltr'><strong>ἀμ·</strong></span> 
     </span>
    </p>
   </div>
   <div class='ocr_carea' id='block_1_67' title="bbox 513 3364 2070 3448">
    <p class='ocr_par' dir='ltr' id='par_1_67' title="bbox 513 3367 2070 3435">
     <span class='ocr_line' id='line_1_67' title="bbox 513 3367 2070 3435; baseline 0.004 -16"><span class='ocrx_word' id='word_1_566' title='bbox 513 3367 729 3420; x_wconf 85' lang='lat' dir='ltr'><strong>ficatum</strong></span> <span class='ocrx_word' id='word_1_567' title='bbox 763 3367 921 3431; x_wconf 84' lang='lat' dir='ltr'><strong>velit,</strong></span> <span class='ocrx_word' id='word_1_568' title='bbox 956 3377 1248 3435; x_wconf 83' lang='lat' dir='ltr'><strong>utrumque</strong></span> <span class='ocrx_word' id='word_1_569' title='bbox 1282 3377 1461 3422; x_wconf 82' lang='lat' dir='ltr'><strong>tamen</strong></span> <span class='ocrx_word' id='word_1_570' title='bbox 1497 3371 1685 3424; x_wconf 86' lang='lat' dir='ltr'><strong>adesse</strong></span> <span class='ocrx_word' id='word_1_571' title='bbox 1717 3371 2070 3426; x_wconf 79' lang='lat' dir='ltr'><strong>demonstrat.</strong></span> 
     </span>
    </p>
   </div>
   <div class='ocr_carea' id='block_1_68' title="bbox 2192 3364 3749 3448">
    <p class='ocr_par' dir='ltr' id='par_1_68' title="bbox 2192 3364 3749 3448">
     <span class='ocr_line' id='line_1_68' title="bbox 2192 3364 3749 3448; baseline -0.008 -16"><span class='ocrx_word' id='word_1_572' title='bbox 2192 3382 2298 3448; x_wconf 76' lang='lat' dir='ltr'><strong>poiv</strong></span> <span class='ocrx_word' id='word_1_573' title='bbox 2329 3378 2578 3448; x_wconf 85' lang='grc' dir='ltr'><strong>βούλεται</strong></span> <span class='ocrx_word' id='word_1_574' title='bbox 2624 3376 2715 3429; x_wconf 81' lang='grc' dir='ltr'><strong>τὸν</strong></span> <span class='ocrx_word' id='word_1_575' title='bbox 2747 3375 2843 3429; x_wconf 68' lang='grc' dir='ltr'><strong>ἕνα</strong></span> <span class='ocrx_word' id='word_1_576' title='bbox 2871 3371 3182 3445; x_wconf 78' lang='grc' dir='ltr'><strong>δηλοῦσθαι.</strong></span> <span class='ocrx_word' id='word_1_577' title='bbox 3212 3364 3309 3433; x_wconf 78' lang='grc' dir='ltr'><strong>Εἷς</strong></span> <span class='ocrx_word' id='word_1_578' title='bbox 3338 3365 3437 3424; x_wconf 79' lang='grc' dir='ltr'><strong>οὖν</strong></span> <span class='ocrx_word' id='word_1_579' title='bbox 3473 3371 3591 3440; x_wconf 75' lang='grc' dir='ltr'><strong>ἄρα</strong></span> <span class='ocrx_word' id='word_1_580' title='bbox 3632 3369 3749 3437; x_wconf 64' lang='lat' dir='ltr'><strong>X9:-</strong></span> 
     </span>
    </p>
   </div>
   <div class='ocr_carea' id='block_1_69' title="bbox 514 3458 2071 3536">
    <p class='ocr_par' dir='ltr' id='par_1_69' title="bbox 514 3458 1768 3526">
     <span class='ocr_line' id='line_1_69' title="bbox 514 3458 1768 3526; baseline 0 -12"><span class='ocrx_word' id='word_1_581' title='bbox 514 3458 660 3514; x_wconf 80' lang='lat' dir='ltr'><strong>Uuus</strong></span> <span class='ocrx_word' id='word_1_582' title='bbox 691 3459 869 3526; x_wconf 84' lang='lat' dir='ltr'><strong>itaque</strong></span> <span class='ocrx_word' id='word_1_583' title='bbox 897 3467 982 3513; x_wconf 90' lang='lat' dir='ltr'><strong>est</strong></span> <span class='ocrx_word' id='word_1_584' title='bbox 1010 3458 1281 3523; x_wconf 85' lang='lat' dir='ltr'><strong>Christus,</strong></span> <span class='ocrx_word' id='word_1_585' title='bbox 1313 3467 1368 3514; x_wconf 90' lang='lat' dir='ltr'><strong>et</strong></span> <span class='ocrx_word' id='word_1_586' title='bbox 1393 3473 1552 3514; x_wconf 82' lang='lat' dir='ltr'><strong>verus</strong></span> <span class='ocrx_word' id='word_1_587' title='bbox 1580 3458 1768 3514; x_wconf 88' lang='lat' dir='ltr'><strong>Filius.</strong></span> 
     </span>
    </p>
   </div>
   <div class='ocr_carea' id='block_1_70' title="bbox 1329 3458 2886 3536">
    <p class='ocr_par' dir='ltr' id='par_1_70' title="bbox 1329 3458 2886 3536">
     <span class='ocr_line' id='line_1_70' title="bbox 1329 3458 2886 3536; baseline 0.002 -22"><span class='ocrx_word' id='word_1_588' title='bbox 1329 3467 1368 3514; x_wconf 70' lang='lat' dir='ltr'><strong>et</strong></span> <span class='ocrx_word' id='word_1_589' title='bbox 1393 3473 1552 3514; x_wconf 84' lang='lat' dir='ltr'><strong>verus</strong></span> <span class='ocrx_word' id='word_1_590' title='bbox 1580 3458 1768 3514; x_wconf 88' lang='lat' dir='ltr'><strong>Filius.</strong></span> <span class='ocrx_word' id='word_1_591' title='bbox 2182 3469 2324 3533; x_wconf 84' lang='grc' dir='ltr'><strong>στὸς,</strong></span> <span class='ocrx_word' id='word_1_592' title='bbox 2357 3470 2451 3522; x_wconf 75' lang='grc' dir='ltr'><strong>καὶ</strong></span> <span class='ocrx_word' id='word_1_593' title='bbox 2489 3467 2618 3530; x_wconf 84' lang='grc' dir='ltr'><strong>Υἱὸς</strong></span> <span class='ocrx_word' id='word_1_594' title='bbox 2648 3465 2886 3536; x_wconf 81' lang='grc' dir='ltr'><strong>άληθῶς.</strong></span> 
     </span>
    </p>
   </div>
   <div class='ocr_carea' id='block_1_71' title="bbox 594 3592 2151 3667">
    <p class='ocr_par' dir='ltr' id='par_1_71' title="bbox 594 3592 1997 3667">
     <span class='ocr_line' id='line_1_71' title="bbox 594 3592 1997 3667; baseline 0.005 -22"><span class='ocrx_word' id='word_1_595' title='bbox 594 3593 745 3659; x_wconf 85' lang='lat' dir='ltr'><strong>Quod</strong></span> <span class='ocrx_word' id='word_1_596' title='bbox 776 3594 907 3663; x_wconf 78' lang='lat' dir='ltr'><strong>ﬁdes</strong></span> <span class='ocrx_word' id='word_1_597' title='bbox 942 3595 997 3649; x_wconf 80' lang='lat' dir='ltr'><strong>in</strong></span> <span class='ocrx_word' id='word_1_598' title='bbox 1030 3592 1296 3648; x_wconf 83' lang='lat' dir='ltr'><strong>Christum</strong></span> <span class='ocrx_word' id='word_1_599' title='bbox 1332 3595 1400 3649; x_wconf 82' lang='lat' dir='ltr'><strong>sit</strong></span> <span class='ocrx_word' id='word_1_600' title='bbox 1438 3605 1691 3667; x_wconf 84' lang='lat' dir='ltr'><strong>tanquam</strong></span> <span class='ocrx_word' id='word_1_601' title='bbox 1722 3598 1775 3650; x_wconf 84' lang='lat' dir='ltr'><strong>in</strong></span> <span class='ocrx_word' id='word_1_602' title='bbox 1809 3596 1997 3652; x_wconf 78' lang='lat' dir='ltr'><strong>Deum.</strong></span> 
     </span>
    </p>
   </div>
   <div class='ocr_carea' id='block_1_72' title="bbox 2075 3592 3632 3667">
    <p class='ocr_par' dir='ltr' id='par_1_72' title="bbox 2305 3594 3632 3667">
     <span class='ocr_line' id='line_1_72' title="bbox 2305 3594 3632 3667; baseline -0.008 -12"><span class='ocrx_word' id='word_1_603' title='bbox 2305 3599 2433 3654; x_wconf 83' lang='grc' dir='ltr'><strong>Ὀτι</strong></span> <span class='ocrx_word' id='word_1_604' title='bbox 2468 3601 2558 3666; x_wconf 79' lang='grc' dir='ltr'><strong>εις</strong></span> <span class='ocrx_word' id='word_1_605' title='bbox 2591 3596 2851 3667; x_wconf 73' lang='grc' dir='ltr'><strong>Χριστὸν</strong></span> <span class='ocrx_word' id='word_1_606' title='bbox 2888 3598 2927 3665; x_wconf 78' lang='grc' dir='ltr'><strong><em>ἠ</em></strong></span> <span class='ocrx_word' id='word_1_607' title='bbox 2965 3596 3171 3661; x_wconf 74' lang='grc' dir='ltr'><strong>πίστις</strong></span> <span class='ocrx_word' id='word_1_608' title='bbox 3206 3594 3288 3658; x_wconf 81' lang='grc' dir='ltr'><strong>ὡς</strong></span> <span class='ocrx_word' id='word_1_609' title='bbox 3324 3595 3419 3658; x_wconf 78' lang='grc' dir='ltr'><strong>εις</strong></span> <span class='ocrx_word' id='word_1_610' title='bbox 3458 3594 3632 3646; x_wconf 76' lang='grc' dir='ltr'><strong>θεόν.</strong></span> 
     </span>
    </p>
   </div>
   <div class='ocr_carea' id='block_1_73' title="bbox 905 3705 2462 3780">
    <p class='ocr_par' dir='ltr' id='par_1_73' title="bbox 905 3705 1681 3776">
     <span class='ocr_line' id='line_1_73' title="bbox 905 3705 1681 3776; baseline 0.003 -12"><span class='ocrx_word' id='word_1_611' title='bbox 905 3706 992 3764; x_wconf 74' lang='lat' dir='ltr'><strong>Ex</strong></span> <span class='ocrx_word' id='word_1_612' title='bbox 1020 3705 1263 3776; x_wconf 84' lang='lat' dir='ltr'><strong>Epistola</strong></span> <span class='ocrx_word' id='word_1_613' title='bbox 1292 3712 1361 3761; x_wconf 87' lang='lat' dir='ltr'><strong>ad</strong></span> <span class='ocrx_word' id='word_1_614' title='bbox 1392 3706 1681 3766; x_wconf 82' lang='lat' dir='ltr'><strong>Romanos.</strong></span> 
     </span>
    </p>
   </div>
   <div class='ocr_carea' id='block_1_74' title="bbox 1824 3705 3381 3780">
    <p class='ocr_par' dir='ltr' id='par_1_74' title="bbox 2564 3709 3381 3780">
     <span class='ocr_line' id='line_1_74' title="bbox 2564 3709 3381 3780; baseline -0.006 -14"><span class='ocrx_word' id='word_1_615' title='bbox 2564 3714 2664 3766; x_wconf 82' lang='grc' dir='ltr'><strong>Ἐκ</strong></span> <span class='ocrx_word' id='word_1_616' title='bbox 2702 3709 2813 3780; x_wconf 77' lang='grc' dir='ltr'><strong>τῆς</strong></span> <span class='ocrx_word' id='word_1_617' title='bbox 2849 3709 2997 3778; x_wconf 80' lang='grc' dir='ltr'><strong>πρὸς</strong></span> <span class='ocrx_word' id='word_1_618' title='bbox 3038 3709 3381 3777; x_wconf 76' lang='grc' dir='ltr'><strong>Ῥωμαίους.</strong></span> 
     </span>
    </p>
   </div>
   <div class='ocr_carea' id='block_1_75' title="bbox 584 3786 2141 3893">
    <p class='ocr_par' dir='ltr' id='par_1_75' title="bbox 584 3814 2077 3889">
     <span class='ocr_line' id='line_1_75' title="bbox 584 3814 2077 3889; baseline 0.007 -21"><span class='ocrx_word' id='word_1_619' title='bbox 584 3835 603 3868; x_wconf 74' lang='grc' dir='ltr'><strong>ι</strong></span> <span class='ocrx_word' id='word_1_620' title='bbox 635 3814 737 3872; x_wconf 86' lang='lat' dir='ltr'><strong>Per</strong></span> <span class='ocrx_word' id='word_1_621' title='bbox 759 3831 917 3886; x_wconf 87' lang='lat' dir='ltr'><strong>quem</strong></span> <span class='ocrx_word' id='word_1_622' title='bbox 945 3819 1255 3887; x_wconf 87' lang='lat' dir='ltr'><strong>accepimus</strong></span> <span class='ocrx_word' id='word_1_623' title='bbox 1283 3819 1514 3888; x_wconf 76' lang='lat' dir='ltr'><strong>gratiam</strong></span> <span class='ocrx_word' id='word_1_624' title='bbox 1541 3831 1598 3874; x_wconf 91' lang='lat' dir='ltr'><strong>et</strong></span> <span class='ocrx_word' id='word_1_625' title='bbox 1622 3822 1982 3889; x_wconf 84' lang='lat' dir='ltr'><strong>apostolatum</strong></span> <span class='ocrx_word' id='word_1_626' title='bbox 2008 3822 2077 3877; x_wconf 85' lang='lat' dir='ltr'><strong>ad</strong></span> 
     </span>
    </p>
   </div>
   <div class='ocr_carea' id='block_1_76' title="bbox 2187 3786 3744 3893">
    <p class='ocr_par' dir='ltr' id='par_1_76' title="bbox 2253 3816 3744 3893">
     <span class='ocr_line' id='line_1_76' title="bbox 2253 3816 3744 3893; baseline -0.005 -15"><span class='ocrx_word' id='word_1_627' title='bbox 2253 3845 2272 3878; x_wconf 78' lang='grc' dir='ltr'><strong>ι</strong></span> <span class='ocrx_word' id='word_1_628' title='bbox 2300 3825 2375 3878; x_wconf 82' lang='grc' dir='ltr'><strong>Δι’</strong></span> <span class='ocrx_word' id='word_1_629' title='bbox 2396 3816 2458 3878; x_wconf 70' lang='grc' dir='ltr'><strong>οὗ</strong></span> <span class='ocrx_word' id='word_1_630' title='bbox 2485 3822 2748 3893; x_wconf 78' lang='grc' dir='ltr'><strong>ἐλάϐομεν</strong></span> <span class='ocrx_word' id='word_1_631' title='bbox 2770 3822 2929 3892; x_wconf 81' lang='grc' dir='ltr'><strong>χάριν</strong></span> <span class='ocrx_word' id='word_1_632' title='bbox 2954 3823 3045 3874; x_wconf 78' lang='grc' dir='ltr'><strong>καὶ</strong></span> <span class='ocrx_word' id='word_1_633' title='bbox 3074 3818 3385 3890; x_wconf 77' lang='grc' dir='ltr'><strong>ἀποστολὴν</strong></span> <span class='ocrx_word' id='word_1_634' title='bbox 3414 3820 3501 3881; x_wconf 84' lang='grc' dir='ltr'><strong>είς</strong></span> <span class='ocrx_word' id='word_1_635' title='bbox 3520 3817 3744 3887; x_wconf 67' lang='grc' dir='ltr'><strong>ὑπακοὴν</strong></span> 
     </span>
    </p>
   </div>
   <div class='ocr_carea' id='block_1_77' title="bbox 505 3907 2062 3981">
    <p class='ocr_par' dir='ltr' id='par_1_77' title="bbox 505 3907 2062 3980">
     <span class='ocr_line' id='line_1_77' title="bbox 505 3907 2062 3980; baseline 0.003 -18"><span class='ocrx_word' id='word_1_636' title='bbox 505 3907 864 3963; x_wconf 78' lang='lat' dir='ltr'><strong>obedientium</strong></span> <span class='ocrx_word' id='word_1_637' title='bbox 899 3909 1020 3964; x_wconf 85' lang='lat' dir='ltr'><strong>ﬁdei</strong></span> <span class='ocrx_word' id='word_1_638' title='bbox 1065 3910 1116 3964; x_wconf 92' lang='lat' dir='ltr'><strong>in</strong></span> <span class='ocrx_word' id='word_1_639' title='bbox 1161 3911 1414 3965; x_wconf 88' lang='lat' dir='ltr'><strong>omnibus</strong></span> <span class='ocrx_word' id='word_1_640' title='bbox 1450 3911 1698 3980; x_wconf 88' lang='lat' dir='ltr'><strong>gentibus</strong></span> <span class='ocrx_word' id='word_1_641' title='bbox 1731 3926 1830 3979; x_wconf 89' lang='lat' dir='ltr'><strong>pro</strong></span> <span class='ocrx_word' id='word_1_642' title='bbox 1862 3914 2062 3967; x_wconf 76' lang='lat' dir='ltr'><strong>nomint</strong></span> 
     </span>
    </p>
   </div>
   <div class='ocr_carea' id='block_1_78' title="bbox 2185 3907 3742 3981">
    <p class='ocr_par' dir='ltr' id='par_1_78' title="bbox 2185 3910 3742 3981">
     <span class='ocr_line' id='line_1_78' title="bbox 2185 3910 3742 3981; baseline -0.008 -11"><span class='ocrx_word' id='word_1_643' title='bbox 2185 3918 2411 3979; x_wconf 85' lang='grc' dir='ltr'><strong>πίστεως</strong></span> <span class='ocrx_word' id='word_1_644' title='bbox 2440 3916 2499 3967; x_wconf 79' lang='grc' dir='ltr'><strong>ὲν</strong></span> <span class='ocrx_word' id='word_1_645' title='bbox 2532 3916 2666 3968; x_wconf 82' lang='grc' dir='ltr'><strong>πᾶσι</strong></span> <span class='ocrx_word' id='word_1_646' title='bbox 2696 3916 2809 3976; x_wconf 82' lang='grc' dir='ltr'><strong>τοῖς</strong></span> <span class='ocrx_word' id='word_1_647' title='bbox 2841 3912 3048 3966; x_wconf 75' lang='grc' dir='ltr'><strong>ἔθνεσιν</strong></span> <span class='ocrx_word' id='word_1_648' title='bbox 3076 3911 3216 3981; x_wconf 56' lang='grc' dir='ltr'><strong>ὑπὲρ</strong></span> <span class='ocrx_word' id='word_1_649' title='bbox 3242 3910 3337 3963; x_wconf 81' lang='grc' dir='ltr'><strong>τοῦ</strong></span> <span class='ocrx_word' id='word_1_650' title='bbox 3364 3911 3637 3979; x_wconf 79' lang='grc' dir='ltr'><strong>ὀνόματος</strong></span> <span class='ocrx_word' id='word_1_651' title='bbox 3659 3911 3742 3963; x_wconf 72' lang='grc' dir='ltr'><strong>αξ.-</strong></span> 
     </span>
    </p>
   </div>
   <div class='ocr_carea' id='block_1_79' title="bbox 509 3999 2066 4072">
    <p class='ocr_par' dir='ltr' id='par_1_79' title="bbox 509 4001 2066 4069">
     <span class='ocr_line' id='line_1_79' title="bbox 509 4001 2066 4069; baseline 0.001 -16"><span class='ocrx_word' id='word_1_652' title='bbox 509 4001 707 4067; x_wconf 81' lang='lat' dir='ltr'><strong>ipsius;</strong></span> <span class='ocrx_word' id='word_1_653' title='bbox 738 4002 788 4053; x_wconf 91' lang='lat' dir='ltr'><strong>in</strong></span> <span class='ocrx_word' id='word_1_654' title='bbox 816 4001 1011 4069; x_wconf 87' lang='lat' dir='ltr'><strong>quibus</strong></span> <span class='ocrx_word' id='word_1_655' title='bbox 1032 4001 1166 4056; x_wconf 88' lang='lat' dir='ltr'><strong>estis</strong></span> <span class='ocrx_word' id='word_1_656' title='bbox 1189 4012 1245 4055; x_wconf 89' lang='lat' dir='ltr'><strong>et</strong></span> <span class='ocrx_word' id='word_1_657' title='bbox 1266 4016 1360 4055; x_wconf 85' lang='lat' dir='ltr'><strong>vos</strong></span> <span class='ocrx_word' id='word_1_658' title='bbox 1384 4003 1560 4058; x_wconf 89' lang='lat' dir='ltr'><strong>vocati</strong></span> <span class='ocrx_word' id='word_1_659' title='bbox 1582 4001 1710 4057; x_wconf 82' lang='lat' dir='ltr'><strong>Jesu</strong></span> <span class='ocrx_word' id='word_1_660' title='bbox 1732 4003 1933 4059; x_wconf 84' lang='lat' dir='ltr'><strong>Christi</strong></span> <span class='ocrx_word' id='word_1_661' title='bbox 1953 4004 2017 4059; x_wconf 80' lang='grc'><strong>³⁸.</strong></span> <span class='ocrx_word' id='word_1_662' title='bbox 2051 4022 2066 4055; x_wconf 86' lang='grc' dir='ltr'><strong>ι</strong></span> 
     </span>
    </p>
   </div>
   <div class='ocr_carea' id='block_1_80' title="bbox 2183 3999 3740 4072">
    <p class='ocr_par' dir='ltr' id='par_1_80' title="bbox 2183 3999 3740 4072">
     <span class='ocr_line' id='line_1_80' title="bbox 2183 3999 3740 4072; baseline -0.006 -11"><span class='ocrx_word' id='word_1_663' title='bbox 2183 4007 2268 4061; x_wconf 83' lang='grc' dir='ltr'><strong>τοῦ</strong></span> <span class='ocrx_word' id='word_1_664' title='bbox 2289 4023 2303 4038; x_wconf 75' lang='grc' dir='ltr'><strong>ο</strong></span> <span class='ocrx_word' id='word_1_665' title='bbox 2336 4008 2394 4061; x_wconf 86' lang='grc' dir='ltr'><strong>ὲν</strong></span> <span class='ocrx_word' id='word_1_666' title='bbox 2423 3999 2505 4068; x_wconf 74' lang='grc' dir='ltr'><strong>οἷς</strong></span> <span class='ocrx_word' id='word_1_667' title='bbox 2528 4005 2650 4058; x_wconf 81' lang='grc' dir='ltr'><strong>ὲστε</strong></span> <span class='ocrx_word' id='word_1_668' title='bbox 2694 4004 2789 4056; x_wconf 81' lang='grc' dir='ltr'><strong>καὶ</strong></span> <span class='ocrx_word' id='word_1_669' title='bbox 2818 4003 2974 4072; x_wconf 79' lang='grc' dir='ltr'><strong>ὑμεῖς</strong></span> <span class='ocrx_word' id='word_1_670' title='bbox 3011 4002 3199 4072; x_wconf 69' lang='grc' dir='ltr'><strong>κλητοὶ¹</strong></span> <span class='ocrx_word' id='word_1_671' title='bbox 3234 4001 3413 4071; x_wconf 84' lang='grc' dir='ltr'><strong>Ἰησοῦ</strong></span> <span class='ocrx_word' id='word_1_672' title='bbox 3443 4000 3700 4071; x_wconf 73' lang='grc' dir='ltr'><strong>Χριστοῦ.</strong></span> <span class='ocrx_word' id='word_1_673' title='bbox 3724 4018 3740 4050; x_wconf 82' lang='lat' dir='ltr'><strong>t</strong></span> 
     </span>
    </p>
   </div>
   <div class='ocr_carea' id='block_1_81' title="bbox 507 4088 2064 4172">
    <p class='ocr_par' dir='ltr' id='par_1_81' title="bbox 507 4088 2064 4172">
     <span class='ocr_line' id='line_1_81' title="bbox 507 4088 2064 4172; baseline 0.003 -28"><span class='ocrx_word' id='word_1_674' title='bbox 507 4088 725 4146; x_wconf 73' lang='lat' dir='ltr'><strong>Vocatte</strong></span> <span class='ocrx_word' id='word_1_675' title='bbox 754 4101 882 4172; x_wconf 80' lang='lat' dir='ltr'><strong>sunt</strong></span> <span class='ocrx_word' id='word_1_676' title='bbox 912 4102 1097 4160; x_wconf 85' lang='lat' dir='ltr'><strong>gentes</strong></span> <span class='ocrx_word' id='word_1_677' title='bbox 1128 4107 1225 4160; x_wconf 87' lang='lat' dir='ltr'><strong>per</strong></span> <span class='ocrx_word' id='word_1_678' title='bbox 1258 4093 1438 4147; x_wconf 84' lang='lat' dir='ltr'><strong>fidem.</strong></span> <span class='ocrx_word' id='word_1_679' title='bbox 1471 4093 1573 4158; x_wconf 87' lang='lat' dir='ltr'><strong>Qui</strong></span> <span class='ocrx_word' id='word_1_680' title='bbox 1610 4102 1791 4149; x_wconf 85' lang='lat' dir='ltr'><strong>autem</strong></span> <span class='ocrx_word' id='word_1_681' title='bbox 1825 4109 1922 4163; x_wconf 86' lang='lat' dir='ltr'><strong>per</strong></span> <span class='ocrx_word' id='word_1_682' title='bbox 1948 4109 2064 4149; x_wconf 73' lang='lat' dir='ltr'><strong>san«</strong></span> 
     </span>
    </p>
   </div>
   <div class='ocr_carea' id='block_1_82' title="bbox 2189 4088 3746 4172">
    <p class='ocr_par' dir='ltr' id='par_1_82' title="bbox 2189 4088 3746 4167">
     <span class='ocr_line' id='line_1_82' title="bbox 2189 4088 3746 4167; baseline -0.008 -14"><span class='ocrx_word' id='word_1_683' title='bbox 2189 4098 2485 4167; x_wconf 71' lang='grc' dir='ltr'><strong>Κέκληνται</strong></span> <span class='ocrx_word' id='word_1_684' title='bbox 2518 4095 2588 4148; x_wconf 83' lang='grc' dir='ltr'><strong>τὰ</strong></span> <span class='ocrx_word' id='word_1_685' title='bbox 2611 4094 2737 4165; x_wconf 72' lang='grc' dir='ltr'>ἔθνη</span> <span class='ocrx_word' id='word_1_686' title='bbox 2772 4093 2989 4162; x_wconf 68' lang='grc' dir='ltr'><strong>διὰτῆς</strong></span> <span class='ocrx_word' id='word_1_687' title='bbox 3018 4092 3271 4155; x_wconf 86' lang='grc' dir='ltr'><strong>πίστεως.</strong></span> <span class='ocrx_word' id='word_1_688' title='bbox 3303 4091 3418 4144; x_wconf 72' lang='grc' dir='ltr'><strong>Καὶ</strong></span> <span class='ocrx_word' id='word_1_689' title='bbox 3454 4088 3529 4162; x_wconf 75' lang='grc' dir='ltr'><strong>ἦν</strong></span> <span class='ocrx_word' id='word_1_690' title='bbox 3561 4095 3592 4146; x_wconf 89' lang='lat'><strong>6</strong></span> <span class='ocrx_word' id='word_1_691' title='bbox 3627 4092 3746 4161; x_wconf 74' lang='grc' dir='ltr'><strong>Χρι-</strong></span> 
     </span>
    </p>
   </div>
   <div class='ocr_carea' id='block_1_83' title="bbox 506 4181 2063 4254">
    <p class='ocr_par' dir='ltr' id='par_1_83' title="bbox 506 4181 2063 4251">
     <span class='ocr_line' id='line_1_83' title="bbox 506 4181 2063 4251; baseline 0.001 -15"><span class='ocrx_word' id='word_1_692' title='bbox 506 4193 625 4237; x_wconf 91' lang='lat' dir='ltr'><strong>ctos</strong></span> <span class='ocrx_word' id='word_1_693' title='bbox 651 4181 922 4251; x_wconf 87' lang='lat' dir='ltr'><strong>apostolos</strong></span> <span class='ocrx_word' id='word_1_694' title='bbox 952 4182 1056 4236; x_wconf 88' lang='lat' dir='ltr'><strong>illis</strong></span> <span class='ocrx_word' id='word_1_695' title='bbox 1085 4184 1527 4248; x_wconf 86' lang='lat' dir='ltr'><strong>annuntiabatur,</strong></span> <span class='ocrx_word' id='word_1_696' title='bbox 1557 4182 1807 4238; x_wconf 82' lang='lat' dir='ltr'><strong>Chrisms</strong></span> <span class='ocrx_word' id='word_1_697' title='bbox 1831 4194 1965 4237; x_wconf 88' lang='lat' dir='ltr'><strong>erat.</strong></span> <span class='ocrx_word' id='word_1_698' title='bbox 1993 4183 2063 4237; x_wconf 79' lang='lat' dir='ltr'><strong>At</strong></span> 
     </span>
    </p>
   </div>
   <div class='ocr_carea' id='block_1_84' title="bbox 2187 4181 3744 4254">
    <p class='ocr_par' dir='ltr' id='par_1_84' title="bbox 2187 4183 3744 4254">
     <span class='ocr_line' id='line_1_84' title="bbox 2187 4183 3744 4254; baseline -0.005 -12"><span class='ocrx_word' id='word_1_699' title='bbox 2187 4189 2297 4252; x_wconf 75' lang='lat' dir='ltr'><strong>n6;</strong></span> <span class='ocrx_word' id='word_1_700' title='bbox 2321 4189 2407 4242; x_wconf 80' lang='grc' dir='ltr'><strong>διὰ</strong></span> <span class='ocrx_word' id='word_1_701' title='bbox 2438 4187 2545 4241; x_wconf 85' lang='grc' dir='ltr'><strong>τῶν</strong></span> <span class='ocrx_word' id='word_1_702' title='bbox 2578 4186 2749 4254; x_wconf 84' lang='grc' dir='ltr'><strong>ἁγίων</strong></span> <span class='ocrx_word' id='word_1_703' title='bbox 2772 4184 3086 4238; x_wconf 80' lang='grc' dir='ltr'><strong>ἀποστόλων</strong></span> <span class='ocrx_word' id='word_1_704' title='bbox 3117 4186 3146 4237; x_wconf 90' lang='lat'><strong>6</strong></span> <span class='ocrx_word' id='word_1_705' title='bbox 3180 4184 3307 4253; x_wconf 78' lang='grc' dir='ltr'><strong>παρ’</strong></span> <span class='ocrx_word' id='word_1_706' title='bbox 3326 4183 3522 4246; x_wconf 77' lang='grc' dir='ltr'><strong>αὐτοῖς</strong></span> <span class='ocrx_word' id='word_1_707' title='bbox 3553 4199 3744 4253; x_wconf 73' lang='grc' dir='ltr'><strong>κηρυτ-</strong></span> 
     </span>
    </p>
   </div>
   <div class='ocr_carea' id='block_1_85' title="bbox 506 4270 2063 4349">
    <p class='ocr_par' dir='ltr' id='par_1_85' title="bbox 506 4270 2063 4342">
     <span class='ocr_line' id='line_1_85' title="bbox 506 4270 2063 4342; baseline 0 -17"><span class='ocrx_word' id='word_1_708' title='bbox 506 4271 574 4326; x_wconf 89' lang='lat' dir='ltr'><strong>iis</strong></span> <span class='ocrx_word' id='word_1_709' title='bbox 601 4285 727 4325; x_wconf 91' lang='lat' dir='ltr'><strong>vero</strong></span> <span class='ocrx_word' id='word_1_710' title='bbox 751 4272 840 4339; x_wconf 89' lang='lat' dir='ltr'><strong>qui</strong></span> <span class='ocrx_word' id='word_1_711' title='bbox 872 4270 996 4325; x_wconf 90' lang='lat' dir='ltr'><strong>ﬁdei</strong></span> <span class='ocrx_word' id='word_1_712' title='bbox 1030 4272 1304 4342; x_wconf 83' lang='lat' dir='ltr'><strong>mysteriis</strong></span> <span class='ocrx_word' id='word_1_713' title='bbox 1330 4272 1707 4338; x_wconf 85' lang='lat' dir='ltr'><strong>initiabantur,</strong></span> <span class='ocrx_word' id='word_1_714' title='bbox 1737 4272 1867 4328; x_wconf 85' lang='lat' dir='ltr'><strong>ﬁdes</strong></span> <span class='ocrx_word' id='word_1_715' title='bbox 1894 4273 2063 4342; x_wconf 80' lang='lat' dir='ltr'><strong>exige-</strong></span> 
     </span>
    </p>
   </div>
   <div class='ocr_carea' id='block_1_86' title="bbox 2188 4270 3745 4349">
    <p class='ocr_par' dir='ltr' id='par_1_86' title="bbox 2188 4272 3745 4349">
     <span class='ocr_line' id='line_1_86' title="bbox 2188 4272 3745 4349; baseline -0.005 -17"><span class='ocrx_word' id='word_1_716' title='bbox 2188 4279 2426 4349; x_wconf 77' lang='grc' dir='ltr'><strong>ιόμενος·</strong></span> <span class='ocrx_word' id='word_1_717' title='bbox 2462 4278 2761 4347; x_wconf 67' lang='grc' dir='ltr'><strong>ἐπράττετο</strong></span> <span class='ocrx_word' id='word_1_718' title='bbox 2785 4274 2842 4327; x_wconf 77' lang='grc' dir='ltr'><strong>δὲ</strong></span> <span class='ocrx_word' id='word_1_719' title='bbox 2882 4274 3035 4345; x_wconf 77' lang='grc' dir='ltr'><strong>παρὰ</strong></span> <span class='ocrx_word' id='word_1_720' title='bbox 3058 4272 3169 4325; x_wconf 83' lang='grc' dir='ltr'><strong>τῶν</strong></span> <span class='ocrx_word' id='word_1_721' title='bbox 3201 4273 3745 4342; x_wconf 71' lang='grc' dir='ltr'><strong>μυσταγωγουμένων</strong></span> 
     </span>
    </p>
   </div>
   <div class='ocr_carea' id='block_1_87' title="bbox 507 4360 2064 4461">
    <p class='ocr_par' dir='ltr' id='par_1_87' title="bbox 507 4361 2064 4431">
     <span class='ocr_line' id='line_1_87' title="bbox 507 4361 2064 4431; baseline 0 -16"><span class='ocrx_word' id='word_1_722' title='bbox 507 4362 666 4415; x_wconf 88' lang='lat' dir='ltr'><strong>hatur</strong></span> <span class='ocrx_word' id='word_1_723' title='bbox 698 4362 750 4416; x_wconf 93' lang='lat' dir='ltr'><strong>in</strong></span> <span class='ocrx_word' id='word_1_724' title='bbox 786 4361 1091 4426; x_wconf 88' lang='lat' dir='ltr'><strong>Christnnt,</strong></span> <span class='ocrx_word' id='word_1_725' title='bbox 1128 4377 1231 4416; x_wconf 92' lang='lat' dir='ltr'><strong>non</strong></span> <span class='ocrx_word' id='word_1_726' title='bbox 1270 4372 1519 4431; x_wconf 88' lang='lat' dir='ltr'><strong>tanquam</strong></span> <span class='ocrx_word' id='word_1_727' title='bbox 1559 4363 1610 4416; x_wconf 92' lang='lat' dir='ltr'><strong>in</strong></span> <span class='ocrx_word' id='word_1_728' title='bbox 1647 4364 1947 4429; x_wconf 86' lang='lat' dir='ltr'><strong>hominem,</strong></span> <span class='ocrx_word' id='word_1_729' title='bbox 1978 4364 2064 4418; x_wconf 80' lang='lat' dir='ltr'><strong>sed</strong></span> 
     </span>
    </p>
   </div>
   <div class='ocr_carea' id='block_1_88' title="bbox 2182 4360 3739 4461">
    <p class='ocr_par' dir='ltr' id='par_1_88' title="bbox 2182 4360 3739 4439">
     <span class='ocr_line' id='line_1_88' title="bbox 2182 4360 3739 4439; baseline -0.008 -17"><span class='ocrx_word' id='word_1_730' title='bbox 2182 4372 2207 4439; x_wconf 62' lang='lat' dir='ltr'><strong>it</strong></span> <span class='ocrx_word' id='word_1_731' title='bbox 2239 4369 2419 4433; x_wconf 84' lang='grc' dir='ltr'><strong>πίστις</strong></span> <span class='ocrx_word' id='word_1_732' title='bbox 2442 4368 2540 4437; x_wconf 82' lang='grc' dir='ltr'><strong>οὐχ</strong></span> <span class='ocrx_word' id='word_1_733' title='bbox 2567 4366 2641 4429; x_wconf 86' lang='grc' dir='ltr'><strong>ὡς</strong></span> <span class='ocrx_word' id='word_1_734' title='bbox 2679 4368 2757 4428; x_wconf 83' lang='grc' dir='ltr'><strong>εἰς</strong></span> <span class='ocrx_word' id='word_1_735' title='bbox 2784 4364 3089 4436; x_wconf 78' lang='grc' dir='ltr'><strong>ἄνθρωπον,</strong></span> <span class='ocrx_word' id='word_1_736' title='bbox 3128 4360 3243 4416; x_wconf 82' lang='grc' dir='ltr'><strong>ἀλλ’</strong></span> <span class='ocrx_word' id='word_1_737' title='bbox 3277 4362 3354 4424; x_wconf 85' lang='grc' dir='ltr'><strong>ὡς</strong></span> <span class='ocrx_word' id='word_1_738' title='bbox 3382 4365 3461 4425; x_wconf 82' lang='grc' dir='ltr'><strong>είς</strong></span> <span class='ocrx_word' id='word_1_739' title='bbox 3493 4363 3654 4416; x_wconf 75' lang='grc' dir='ltr'><strong>θεὸν.</strong></span> <span class='ocrx_word' id='word_1_740' title='bbox 3679 4361 3739 4413; x_wconf 68' lang='lat'><strong>01</strong></span> 
     </span>
    </p>
   </div>
   <div class='ocr_carea' id='block_1_89' title="bbox 506 4450 2063 4531">
    <p class='ocr_par' dir='ltr' id='par_1_89' title="bbox 506 4451 2063 4522">
     <span class='ocr_line' id='line_1_89' title="bbox 506 4451 2063 4522; baseline 0.001 -17"><span class='ocrx_word' id='word_1_741' title='bbox 506 4460 757 4520; x_wconf 79' lang='lat' dir='ltr'><strong>tanquam</strong></span> <span class='ocrx_word' id='word_1_742' title='bbox 791 4454 843 4509; x_wconf 90' lang='lat' dir='ltr'><strong>in</strong></span> <span class='ocrx_word' id='word_1_743' title='bbox 875 4452 1059 4507; x_wconf 90' lang='lat' dir='ltr'><strong>Deum.</strong></span> <span class='ocrx_word' id='word_1_744' title='bbox 1094 4451 1276 4521; x_wconf 83' lang='lat' dir='ltr'><strong>Neque</strong></span> <span class='ocrx_word' id='word_1_745' title='bbox 1304 4453 1448 4507; x_wconf 91' lang='lat' dir='ltr'><strong>enim</strong></span> <span class='ocrx_word' id='word_1_746' title='bbox 1480 4453 1664 4507; x_wconf 89' lang='lat' dir='ltr'><strong>dicere</strong></span> <span class='ocrx_word' id='word_1_747' title='bbox 1691 4455 1772 4507; x_wconf 85' lang='lat' dir='ltr'><strong>fas</strong></span> <span class='ocrx_word' id='word_1_748' title='bbox 1800 4462 1904 4517; x_wconf 86' lang='lat' dir='ltr'><strong>est,</strong></span> <span class='ocrx_word' id='word_1_749' title='bbox 1936 4470 2063 4522; x_wconf 84' lang='lat' dir='ltr'><strong>gen-</strong></span> 
     </span>
    </p>
   </div>
   <div class='ocr_carea' id='block_1_90' title="bbox 2185 4450 3742 4531">
    <p class='ocr_par' dir='ltr' id='par_1_90' title="bbox 2185 4450 3742 4531">
     <span class='ocr_line' id='line_1_90' title="bbox 2185 4450 3742 4531; baseline -0.009 -17"><span class='ocrx_word' id='word_1_750' title='bbox 2185 4461 2280 4531; x_wconf 72' lang='grc' dir='ltr'><strong>γάρ</strong></span> <span class='ocrx_word' id='word_1_751' title='bbox 2314 4458 2415 4511; x_wconf 85' lang='grc' dir='ltr'><strong>πού</strong></span> <span class='ocrx_word' id='word_1_752' title='bbox 2454 4473 2634 4527; x_wconf 83' lang='grc' dir='ltr'><strong>φαμεν</strong></span> <span class='ocrx_word' id='word_1_753' title='bbox 2661 4457 2727 4509; x_wconf 77' lang='grc' dir='ltr'><strong>ὲκ</strong></span> <span class='ocrx_word' id='word_1_754' title='bbox 2756 4454 2964 4524; x_wconf 84' lang='grc' dir='ltr'><strong>πλάνης</strong></span> <span class='ocrx_word' id='word_1_755' title='bbox 3000 4455 3080 4517; x_wconf 78' lang='grc' dir='ltr'><strong>είς</strong></span> <span class='ocrx_word' id='word_1_756' title='bbox 3109 4452 3317 4523; x_wconf 82' lang='grc' dir='ltr'><strong>πλάνην</strong></span> <span class='ocrx_word' id='word_1_757' title='bbox 3350 4452 3657 4523; x_wconf 72' lang='grc' dir='ltr'><strong>κεκλῆσθαι</strong></span> <span class='ocrx_word' id='word_1_758' title='bbox 3684 4450 3742 4501; x_wconf 66' lang='grc' dir='ltr'><strong>τὶ</strong></span> 
     </span>
    </p>
   </div>
   <div class='ocr_carea' id='block_1_91' title="bbox 507 4540 2064 4619">
    <p class='ocr_par' dir='ltr' id='par_1_91' title="bbox 507 4540 2064 4610">
     <span class='ocr_line' id='line_1_91' title="bbox 507 4540 2064 4610; baseline 0.003 -15"><span class='ocrx_word' id='word_1_759' title='bbox 507 4552 586 4596; x_wconf 85' lang='lat' dir='ltr'><strong>tes</strong></span> <span class='ocrx_word' id='word_1_760' title='bbox 615 4557 735 4610; x_wconf 74' lang='lat' dir='ltr'><strong>qua:</strong></span> <span class='ocrx_word' id='word_1_761' title='bbox 762 4541 920 4596; x_wconf 83' lang='lat' dir='ltr'><strong>fidem</strong></span> <span class='ocrx_word' id='word_1_762' title='bbox 951 4543 1003 4595; x_wconf 95' lang='lat' dir='ltr'><strong>in</strong></span> <span class='ocrx_word' id='word_1_763' title='bbox 1031 4540 1303 4596; x_wconf 86' lang='lat' dir='ltr'><strong>Christum</strong></span> <span class='ocrx_word' id='word_1_764' title='bbox 1332 4541 1848 4608; x_wconf 75' lang='lat' dir='ltr'><strong>complectehantur,</strong></span> <span class='ocrx_word' id='word_1_765' title='bbox 1872 4558 1938 4597; x_wconf 83' lang='lat' dir='ltr'><strong>ex</strong></span> <span class='ocrx_word' id='word_1_766' title='bbox 1967 4558 2064 4599; x_wconf 85' lang='lat' dir='ltr'><strong>uno</strong></span> 
     </span>
    </p>
   </div>
   <div class='ocr_carea' id='block_1_92' title="bbox 2182 4540 3739 4619">
    <p class='ocr_par' dir='ltr' id='par_1_92' title="bbox 2182 4542 3739 4619">
     <span class='ocr_line' id='line_1_92' title="bbox 2182 4542 3739 4619; baseline -0.006 -16"><span class='ocrx_word' id='word_1_767' title='bbox 2182 4551 2321 4619; x_wconf 80' lang='grc' dir='ltr'><strong>ίθνη,</strong></span> <span class='ocrx_word' id='word_1_768' title='bbox 2346 4551 2445 4619; x_wconf 81' lang='grc' dir='ltr'><strong>τὴν</strong></span> <span class='ocrx_word' id='word_1_769' title='bbox 2481 4549 2561 4611; x_wconf 84' lang='grc' dir='ltr'><strong>είς</strong></span> <span class='ocrx_word' id='word_1_770' title='bbox 2598 4546 2831 4617; x_wconf 79' lang='grc' dir='ltr'><strong>Χριστὸν</strong></span> <span class='ocrx_word' id='word_1_771' title='bbox 2872 4545 3050 4597; x_wconf 79' lang='grc' dir='ltr'><strong>πίστιν</strong></span> <span class='ocrx_word' id='word_1_772' title='bbox 3092 4542 3558 4613; x_wconf 75' lang='grc' dir='ltr'><strong>παραδεξάμενα·</strong></span> <span class='ocrx_word' id='word_1_773' title='bbox 3590 4557 3739 4595; x_wconf 73' lang='grc' dir='ltr'><strong>κατα-</strong></span> 
     </span>
    </p>
   </div>
   <div class='ocr_carea' id='block_1_93' title="bbox 504 4631 2061 4708">
    <p class='ocr_par' dir='ltr' id='par_1_93' title="bbox 504 4631 2061 4687">
     <span class='ocr_line' id='line_1_93' title="bbox 504 4631 2061 4687; baseline 0.001 -3"><span class='ocrx_word' id='word_1_774' title='bbox 504 4646 688 4685; x_wconf 89' lang='lat' dir='ltr'><strong>errore</strong></span> <span class='ocrx_word' id='word_1_775' title='bbox 718 4632 772 4686; x_wconf 90' lang='lat' dir='ltr'><strong>in</strong></span> <span class='ocrx_word' id='word_1_776' title='bbox 803 4632 1028 4687; x_wconf 88' lang='lat' dir='ltr'><strong>alterum</strong></span> <span class='ocrx_word' id='word_1_777' title='bbox 1061 4632 1339 4687; x_wconf 88' lang='lat' dir='ltr'><strong>transiisse</strong></span> <span class='ocrx_word' id='word_1_778' title='bbox 1368 4648 1381 4685; x_wconf 88' lang='lat'><strong>:</strong></span> <span class='ocrx_word' id='word_1_779' title='bbox 1411 4647 1599 4686; x_wconf 83' lang='lat' dir='ltr'><strong>verum</strong></span> <span class='ocrx_word' id='word_1_780' title='bbox 1631 4648 1658 4683; x_wconf 88' lang='lat' dir='ltr'><strong>a</strong></span> <span class='ocrx_word' id='word_1_781' title='bbox 1691 4631 1810 4686; x_wconf 83' lang='lat' dir='ltr'><strong>falsi</strong></span> <span class='ocrx_word' id='word_1_782' title='bbox 1842 4633 2061 4686; x_wconf 73' lang='lat' dir='ltr'><strong>nominis</strong></span> 
     </span>
    </p>
   </div>
   <div class='ocr_carea' id='block_1_94' title="bbox 2182 4631 3739 4708">
    <p class='ocr_par' dir='ltr' id='par_1_94' title="bbox 2182 4633 3739 4708">
     <span class='ocr_line' id='line_1_94' title="bbox 2182 4633 3739 4708; baseline -0.008 -12"><span class='ocrx_word' id='word_1_783' title='bbox 2182 4641 2455 4698; x_wconf 73' lang='grc' dir='ltr'><strong>λελοιπότα</strong></span> <span class='ocrx_word' id='word_1_784' title='bbox 2495 4639 2552 4691; x_wconf 85' lang='grc' dir='ltr'>δὲ</span> <span class='ocrx_word' id='word_1_785' title='bbox 2590 4637 2787 4708; x_wconf 82' lang='grc' dir='ltr'><strong>μᾶλλον</strong></span> <span class='ocrx_word' id='word_1_786' title='bbox 2832 4637 2958 4698; x_wconf 81' lang='grc' dir='ltr'><strong>τοὺς</strong></span> <span class='ocrx_word' id='word_1_787' title='bbox 3001 4634 3389 4704; x_wconf 70' lang='grc' dir='ltr'><strong>ψευδωνύμως</strong></span> <span class='ocrx_word' id='word_1_788' title='bbox 3423 4633 3606 4697; x_wconf 74' lang='grc' dir='ltr'><strong>θεοὺς,</strong></span> <span class='ocrx_word' id='word_1_789' title='bbox 3636 4634 3739 4684; x_wconf 41' lang='lat' dir='ltr'><strong>ita</strong></span> 
     </span>
    </p>
   </div>
   <div class='ocr_carea' id='block_1_95' title="bbox 507 4721 2064 4802">
    <p class='ocr_par' dir='ltr' id='par_1_95' title="bbox 507 4721 2064 4787">
     <span class='ocr_line' id='line_1_95' title="bbox 507 4721 2064 4787; baseline -0.001 -10"><span class='ocrx_word' id='word_1_790' title='bbox 507 4723 609 4777; x_wconf 90' lang='lat' dir='ltr'><strong>diis</strong></span> <span class='ocrx_word' id='word_1_791' title='bbox 638 4723 919 4787; x_wconf 85' lang='lat' dir='ltr'><strong>abductas,</strong></span> <span class='ocrx_word' id='word_1_792' title='bbox 950 4725 1017 4776; x_wconf 79' lang='lat' dir='ltr'><strong>ad</strong></span> <span class='ocrx_word' id='word_1_793' title='bbox 1046 4722 1213 4777; x_wconf 91' lang='lat' dir='ltr'><strong>Deum</strong></span> <span class='ocrx_word' id='word_1_794' title='bbox 1241 4722 1419 4777; x_wconf 88' lang='lat' dir='ltr'><strong>vivum</strong></span> <span class='ocrx_word' id='word_1_795' title='bbox 1447 4737 1739 4777; x_wconf 89' lang='lat' dir='ltr'><strong>conversas</strong></span> <span class='ocrx_word' id='word_1_796' title='bbox 1763 4738 1905 4777; x_wconf 86' lang='lat' dir='ltr'><strong>esse.</strong></span> <span class='ocrx_word' id='word_1_797' title='bbox 1934 4721 2064 4778; x_wconf 90' lang='lat' dir='ltr'><strong>Cum</strong></span> 
     </span>
    </p>
   </div>
   <div class='ocr_carea' id='block_1_96' title="bbox 2181 4721 3738 4802">
    <p class='ocr_par' dir='ltr' id='par_1_96' title="bbox 2181 4723 3738 4802">
     <span class='ocr_line' id='line_1_96' title="bbox 2181 4723 3738 4802; baseline -0.006 -17"><span class='ocrx_word' id='word_1_798' title='bbox 2181 4731 2403 4802; x_wconf 76' lang='grc' dir='ltr'><strong>στρέψαι</strong></span> <span class='ocrx_word' id='word_1_799' title='bbox 2428 4728 2615 4785; x_wconf 78' lang='grc' dir='ltr'><strong>λοιπὸν</strong></span> <span class='ocrx_word' id='word_1_800' title='bbox 2650 4727 2743 4780; x_wconf 73' lang='grc' dir='ltr'><strong>ἐπὶ</strong></span> <span class='ocrx_word' id='word_1_801' title='bbox 2769 4726 2900 4779; x_wconf 82' lang='grc' dir='ltr'><strong>Θεὸν</strong></span> <span class='ocrx_word' id='word_1_802' title='bbox 2931 4725 3264 4789; x_wconf 80' lang='grc' dir='ltr'><strong>ζὼντα.”οτε</strong></span> <span class='ocrx_word' id='word_1_803' title='bbox 3306 4723 3492 4776; x_wconf 78' lang='grc' dir='ltr'><strong>τοίνυν</strong></span> <span class='ocrx_word' id='word_1_804' title='bbox 3523 4725 3738 4776; x_wconf 71' lang='grc' dir='ltr'><strong>ἀποστο-</strong></span> 
     </span>
    </p>
   </div>
   <div class='ocr_carea' id='block_1_97' title="bbox 506 4811 2063 4894">
    <p class='ocr_par' dir='ltr' id='par_1_97' title="bbox 506 4811 2063 4881">
     <span class='ocr_line' id='line_1_97' title="bbox 506 4811 2063 4881; baseline 0.001 -15"><span class='ocrx_word' id='word_1_805' title='bbox 506 4812 581 4866; x_wconf 92' lang='lat' dir='ltr'><strong>illi</strong></span> <span class='ocrx_word' id='word_1_806' title='bbox 622 4825 752 4881; x_wconf 81' lang='lat' dir='ltr'><strong>ergo</strong></span> <span class='ocrx_word' id='word_1_807' title='bbox 789 4814 855 4866; x_wconf 86' lang='lat' dir='ltr'><strong>ad</strong></span> <span class='ocrx_word' id='word_1_808' title='bbox 896 4813 1253 4868; x_wconf 87' lang='lat' dir='ltr'><strong>ohediendum</strong></span> <span class='ocrx_word' id='word_1_809' title='bbox 1297 4811 1420 4867; x_wconf 86' lang='lat' dir='ltr'><strong>ﬁdei</strong></span> <span class='ocrx_word' id='word_1_810' title='bbox 1468 4827 1564 4880; x_wconf 90' lang='lat' dir='ltr'><strong>pro</strong></span> <span class='ocrx_word' id='word_1_811' title='bbox 1604 4812 1806 4868; x_wconf 82' lang='lat' dir='ltr'><strong>Christi</strong></span> <span class='ocrx_word' id='word_1_812' title='bbox 1851 4814 2063 4868; x_wconf 89' lang='lat' dir='ltr'><strong>nomine</strong></span> 
     </span>
    </p>
   </div>
   <div class='ocr_carea' id='block_1_98' title="bbox 2179 4811 3736 4894">
    <p class='ocr_par' dir='ltr' id='par_1_98' title="bbox 2179 4811 3736 4894">
     <span class='ocr_line' id='line_1_98' title="bbox 2179 4811 3736 4894; baseline -0.008 -20"><span class='ocrx_word' id='word_1_813' title='bbox 2179 4822 2269 4894; x_wconf 77' lang='grc' dir='ltr'><strong>λὴν</strong></span> <span class='ocrx_word' id='word_1_814' title='bbox 2301 4819 2576 4889; x_wconf 86' lang='grc' dir='ltr'><strong>εἰληφέναι</strong></span> <span class='ocrx_word' id='word_1_815' title='bbox 2614 4817 2778 4887; x_wconf 76' lang='grc' dir='ltr'><strong>φασὶν</strong></span> <span class='ocrx_word' id='word_1_816' title='bbox 2806 4816 2859 4868; x_wconf 87' lang='grc' dir='ltr'><strong>οἱ</strong></span> <span class='ocrx_word' id='word_1_817' title='bbox 2888 4814 3236 4885; x_wconf 78' lang='grc' dir='ltr'><strong>μυσταγωγοὶ</strong></span> <span class='ocrx_word' id='word_1_818' title='bbox 3262 4815 3343 4876; x_wconf 79' lang='grc' dir='ltr'><strong>εἰς</strong></span> <span class='ocrx_word' id='word_1_819' title='bbox 3379 4813 3635 4883; x_wconf 78' lang='grc' dir='ltr'><strong>ὑπακοὴν</strong></span> <span class='ocrx_word' id='word_1_820' title='bbox 3662 4811 3736 4863; x_wconf 61' lang='lat'><strong>:3-</strong></span> 
     </span>
    </p>
   </div>
   <div class='ocr_carea' id='block_1_99' title="bbox 504 4903 2061 4979">
    <p class='ocr_par' dir='ltr' id='par_1_99' title="bbox 504 4903 2061 4974">
     <span class='ocr_line' id='line_1_99' title="bbox 504 4903 2061 4974; baseline 0.001 -17"><span class='ocrx_word' id='word_1_821' title='bbox 504 4903 863 4971; x_wconf 83' lang='lat' dir='ltr'><strong>apostolatum</strong></span> <span class='ocrx_word' id='word_1_822' title='bbox 919 4918 980 4957; x_wconf 88' lang='lat' dir='ltr'><strong>se</strong></span> <span class='ocrx_word' id='word_1_823' title='bbox 1034 4905 1309 4972; x_wconf 85' lang='lat' dir='ltr'><strong>accepisse</strong></span> <span class='ocrx_word' id='word_1_824' title='bbox 1368 4905 1740 4974; x_wconf 84' lang='lat' dir='ltr'><strong>profiteantur,</strong></span> <span class='ocrx_word' id='word_1_825' title='bbox 1800 4905 2061 4972; x_wconf 88' lang='lat' dir='ltr'><strong>quomodo</strong></span> 
     </span>
    </p>
   </div>
   <div class='ocr_carea' id='block_1_100' title="bbox 2181 4903 3738 4979">
    <p class='ocr_par' dir='ltr' id='par_1_100' title="bbox 2181 4903 3738 4979">
     <span class='ocr_line' id='line_1_100' title="bbox 2181 4903 3738 4979; baseline -0.006 -14"><span class='ocrx_word' id='word_1_826' title='bbox 2181 4928 2346 4973; x_wconf 89' lang='grc' dir='ltr'><strong>στεως</strong></span> <span class='ocrx_word' id='word_1_827' title='bbox 2378 4911 2518 4979; x_wconf 80' lang='grc' dir='ltr'><strong>ὑπὲρ</strong></span> <span class='ocrx_word' id='word_1_828' title='bbox 2544 4909 2635 4961; x_wconf 80' lang='grc' dir='ltr'><strong>τοῦ</strong></span> <span class='ocrx_word' id='word_1_829' title='bbox 2665 4908 2923 4977; x_wconf 84' lang='grc' dir='ltr'><strong>ὀνόματος</strong></span> <span class='ocrx_word' id='word_1_830' title='bbox 2963 4904 3056 4957; x_wconf 81' lang='grc' dir='ltr'><strong>τοῦ</strong></span> <span class='ocrx_word' id='word_1_831' title='bbox 3104 4905 3363 4972; x_wconf 76' lang='grc' dir='ltr'><strong>Χριστοῦ,</strong></span> <span class='ocrx_word' id='word_1_832' title='bbox 3399 4905 3520 4969; x_wconf 82' lang='grc' dir='ltr'><strong>πῶς</strong></span> <span class='ocrx_word' id='word_1_833' title='bbox 3550 4907 3652 4958; x_wconf 75' lang='grc' dir='ltr'><strong>οὐκ</strong></span> <span class='ocrx_word' id='word_1_834' title='bbox 3682 4903 3738 4956; x_wconf 75' lang='grc' dir='ltr'><strong>ἂν</strong></span> 
     </span>
    </p>
   </div>
   <div class='ocr_carea' id='block_1_101' title="bbox 503 4993 2060 5072">
    <p class='ocr_par' dir='ltr' id='par_1_101' title="bbox 503 4993 2060 5059">
     <span class='ocr_line' id='line_1_101' title="bbox 503 4993 2060 5059; baseline 0.001 -13"><span class='ocrx_word' id='word_1_835' title='bbox 503 4993 753 5047; x_wconf 87' lang='lat' dir='ltr'><strong>Christus</strong></span> <span class='ocrx_word' id='word_1_836' title='bbox 782 5006 888 5046; x_wconf 89' lang='lat' dir='ltr'><strong>non</strong></span> <span class='ocrx_word' id='word_1_837' title='bbox 915 5001 999 5047; x_wconf 86' lang='lat' dir='ltr'><strong>est</strong></span> <span class='ocrx_word' id='word_1_838' title='bbox 1030 4993 1200 5059; x_wconf 88' lang='lat' dir='ltr'><strong>Deus,</strong></span> <span class='ocrx_word' id='word_1_839' title='bbox 1232 5009 1353 5049; x_wconf 89' lang='lat' dir='ltr'><strong>cum</strong></span> <span class='ocrx_word' id='word_1_840' title='bbox 1385 4993 1516 5049; x_wconf 90' lang='lat' dir='ltr'><strong>ﬁdes</strong></span> <span class='ocrx_word' id='word_1_841' title='bbox 1546 4995 1805 5049; x_wconf 83' lang='lat' dir='ltr'><strong>habeatur</strong></span> <span class='ocrx_word' id='word_1_842' title='bbox 1834 4997 1886 5048; x_wconf 89' lang='lat' dir='ltr'><strong>in</strong></span> <span class='ocrx_word' id='word_1_843' title='bbox 1918 4995 2060 5048; x_wconf 88' lang='lat' dir='ltr'><strong>illum</strong></span> 
     </span>
    </p>
   </div>
   <div class='ocr_carea' id='block_1_102' title="bbox 2085 4993 3642 5072">
    <p class='ocr_par' dir='ltr' id='par_1_102' title="bbox 2172 4996 3642 5072">
     <span class='ocr_line' id='line_1_102' title="bbox 2172 4996 3642 5072; baseline -0.004 -18"><span class='ocrx_word' id='word_1_844' title='bbox 2172 5004 2257 5072; x_wconf 74' lang='grc' dir='ltr'><strong>εἴη</strong></span> <span class='ocrx_word' id='word_1_845' title='bbox 2287 5001 2436 5063; x_wconf 82' lang='grc' dir='ltr'><strong>Θεὸς,</strong></span> <span class='ocrx_word' id='word_1_846' title='bbox 2461 5000 2618 5069; x_wconf 80' lang='grc' dir='ltr'><strong>εἴπερ</strong></span> <span class='ocrx_word' id='word_1_847' title='bbox 2643 5001 2724 5061; x_wconf 85' lang='grc' dir='ltr'><strong>είς</strong></span> <span class='ocrx_word' id='word_1_848' title='bbox 2758 4998 2919 5051; x_wconf 81' lang='grc' dir='ltr'><strong>αὐτὸν</strong></span> <span class='ocrx_word' id='word_1_849' title='bbox 2946 5000 2979 5067; x_wconf 84' lang='grc' dir='ltr'>ἡ</span> <span class='ocrx_word' id='word_1_850' title='bbox 3016 4996 3220 5061; x_wconf 83' lang='grc' dir='ltr'><strong>πίστις,</strong></span> <span class='ocrx_word' id='word_1_851' title='bbox 3247 4996 3324 5060; x_wconf 81' lang='grc' dir='ltr'><strong>ὡς</strong></span> <span class='ocrx_word' id='word_1_852' title='bbox 3355 5000 3439 5059; x_wconf 83' lang='grc' dir='ltr'><strong>εις</strong></span> <span class='ocrx_word' id='word_1_853' title='bbox 3470 4996 3642 5060; x_wconf 76' lang='grc' dir='ltr'><strong>Θεόνς</strong></span> 
     </span>
    </p>
   </div>
   <div class='ocr_carea' id='block_1_103' title="bbox 505 5083 2141 5153">
    <p class='ocr_par' dir='ltr' id='par_1_103' title="bbox 505 5083 2141 5153">
     <span class='ocr_line' id='line_1_103' title="bbox 505 5083 2141 5153; baseline -0.006 -14"><span class='ocrx_word' id='word_1_854' title='bbox 505 5088 756 5153; x_wconf 81' lang='lat' dir='ltr'><strong>tauquam</strong></span> <span class='ocrx_word' id='word_1_855' title='bbox 790 5084 843 5138; x_wconf 89' lang='lat' dir='ltr'><strong>in</strong></span> <span class='ocrx_word' id='word_1_856' title='bbox 873 5083 1074 5138; x_wconf 87' lang='lat' dir='ltr'><strong>Deum?</strong></span> <span class='ocrx_word' id='word_1_857' title='bbox 1335 5122 1347 5133; x_wconf 92' lang='lat'><strong>.</strong></span> <span class='ocrx_word' id='word_1_858' title='bbox 2130 5096 2141 5106; x_wconf 93' lang='grc'><strong>·</strong></span> 
     </span>
    </p>
   </div>
   <div class='ocr_carea' id='block_1_104' title="bbox 579 5170 2136 5248">
    <p class='ocr_par' dir='ltr' id='par_1_104' title="bbox 579 5175 2066 5244">
     <span class='ocr_line' id='line_1_104' title="bbox 579 5175 2066 5244; baseline -0.001 -15"><span class='ocrx_word' id='word_1_859' title='bbox 579 5196 599 5229; x_wconf 72' lang='grc' dir='ltr'><strong>ι</strong></span> <span class='ocrx_word' id='word_1_860' title='bbox 636 5176 814 5231; x_wconf 88' lang='lat' dir='ltr'><strong>Testis</strong></span> <span class='ocrx_word' id='word_1_861' title='bbox 837 5185 923 5231; x_wconf 91' lang='lat' dir='ltr'><strong>est</strong></span> <span class='ocrx_word' id='word_1_862' title='bbox 945 5175 1074 5232; x_wconf 91' lang='lat' dir='ltr'><strong>mihi</strong></span> <span class='ocrx_word' id='word_1_863' title='bbox 1103 5175 1259 5240; x_wconf 86' lang='lat' dir='ltr'><strong>Deus,</strong></span> <span class='ocrx_word' id='word_1_864' title='bbox 1292 5176 1376 5230; x_wconf 90' lang='lat' dir='ltr'><strong>cui</strong></span> <span class='ocrx_word' id='word_1_865' title='bbox 1406 5176 1583 5231; x_wconf 89' lang='lat' dir='ltr'><strong>servio</strong></span> <span class='ocrx_word' id='word_1_866' title='bbox 1614 5176 1667 5230; x_wconf 89' lang='lat' dir='ltr'><strong>in</strong></span> <span class='ocrx_word' id='word_1_867' title='bbox 1706 5176 1897 5244; x_wconf 88' lang='lat' dir='ltr'><strong>spiritu</strong></span> <span class='ocrx_word' id='word_1_868' title='bbox 1926 5190 2066 5241; x_wconf 87' lang='lat' dir='ltr'><strong>meo,</strong></span> 
     </span>
    </p>
   </div>
   <div class='ocr_carea' id='block_1_105' title="bbox 2181 5170 3738 5248">
    <p class='ocr_par' dir='ltr' id='par_1_105' title="bbox 2252 5170 3738 5248">
     <span class='ocr_line' id='line_1_105' title="bbox 2252 5170 3738 5248; baseline 0.001 -20"><span class='ocrx_word' id='word_1_869' title='bbox 2252 5197 2269 5228; x_wconf 82' lang='lat'><strong>(</strong></span> <span class='ocrx_word' id='word_1_870' title='bbox 2296 5177 2524 5248; x_wconf 84' lang='grc' dir='ltr'><strong>Μάρτυς</strong></span> <span class='ocrx_word' id='word_1_871' title='bbox 2551 5176 2660 5247; x_wconf 89' lang='grc' dir='ltr'><strong>γάρ</strong></span> <span class='ocrx_word' id='word_1_872' title='bbox 2696 5195 2795 5247; x_wconf 90' lang='grc' dir='ltr'><strong>μου</strong></span> <span class='ocrx_word' id='word_1_873' title='bbox 2821 5178 2967 5230; x_wconf 69' lang='grc' dir='ltr'><strong>ἐστὶν</strong></span> <span class='ocrx_word' id='word_1_874' title='bbox 2991 5178 3019 5230; x_wconf 91' lang='lat'><strong>6</strong></span> <span class='ocrx_word' id='word_1_875' title='bbox 3048 5176 3202 5240; x_wconf 76' lang='grc' dir='ltr'><strong>Θεὸς,</strong></span> <span class='ocrx_word' id='word_1_876' title='bbox 3225 5170 3271 5244; x_wconf 81' lang='grc' dir='ltr'>ᾧ</span> <span class='ocrx_word' id='word_1_877' title='bbox 3302 5176 3552 5248; x_wconf 81' lang='grc' dir='ltr'><strong>λατρεύω</strong></span> <span class='ocrx_word' id='word_1_878' title='bbox 3580 5179 3636 5230; x_wconf 82' lang='grc' dir='ltr'><strong>ὲν</strong></span> <span class='ocrx_word' id='word_1_879' title='bbox 3665 5176 3738 5245; x_wconf 67' lang='grc' dir='ltr'><strong>τῷ</strong></span> 
     </span>
    </p>
   </div>
   <div class='ocr_carea' id='block_1_106' title="bbox 505 5263 2062 5337">
    <p class='ocr_par' dir='ltr' id='par_1_106' title="bbox 505 5263 2062 5336">
     <span class='ocr_line' id='line_1_106' title="bbox 505 5263 2062 5336; baseline -0.003 -16"><span class='ocrx_word' id='word_1_880' title='bbox 505 5265 562 5320; x_wconf 89' lang='lat' dir='ltr'><strong>in</strong></span> <span class='ocrx_word' id='word_1_881' title='bbox 606 5264 897 5336; x_wconf 85' lang='lat' dir='ltr'><strong>Evangelio</strong></span> <span class='ocrx_word' id='word_1_882' title='bbox 942 5263 1062 5320; x_wconf 83' lang='lat' dir='ltr'><strong>Filii</strong></span> <span class='ocrx_word' id='word_1_883' title='bbox 1112 5264 1251 5336; x_wconf 81' lang='lat' dir='ltr'><strong>ejus,</strong></span> <span class='ocrx_word' id='word_1_884' title='bbox 1304 5266 1445 5333; x_wconf 91' lang='lat' dir='ltr'><strong>quod</strong></span> <span class='ocrx_word' id='word_1_885' title='bbox 1498 5266 1616 5319; x_wconf 89' lang='lat' dir='ltr'><strong>sine</strong></span> <span class='ocrx_word' id='word_1_886' title='bbox 1669 5263 2062 5317; x_wconf 79' lang='lat' dir='ltr'><strong>intermissione</strong></span> 
     </span>
    </p>
   </div>
   <div class='ocr_carea' id='block_1_107' title="bbox 2181 5263 3738 5337">
    <p class='ocr_par' dir='ltr' id='par_1_107' title="bbox 2182 5267 3738 5337">
     <span class='ocr_line' id='line_1_107' title="bbox 2182 5267 3738 5337; baseline 0.002 -18"><span class='ocrx_word' id='word_1_887' title='bbox 2182 5268 2449 5337; x_wconf 86' lang='grc' dir='ltr'><strong>πνεύματί</strong></span> <span class='ocrx_word' id='word_1_888' title='bbox 2478 5285 2599 5336; x_wconf 86' lang='grc' dir='ltr'><strong>μου,</strong></span> <span class='ocrx_word' id='word_1_889' title='bbox 2628 5269 2686 5321; x_wconf 84' lang='grc' dir='ltr'><strong>έν</strong></span> <span class='ocrx_word' id='word_1_890' title='bbox 2720 5267 2798 5337; x_wconf 83' lang='grc' dir='ltr'><strong>τῷ</strong></span> <span class='ocrx_word' id='word_1_891' title='bbox 2825 5268 3141 5337; x_wconf 82' lang='grc' dir='ltr'><strong>Εὐαγγελίῳ</strong></span> <span class='ocrx_word' id='word_1_892' title='bbox 3171 5267 3265 5321; x_wconf 80' lang='grc' dir='ltr'><strong>τοῦ</strong></span> <span class='ocrx_word' id='word_1_893' title='bbox 3298 5268 3426 5322; x_wconf 77' lang='grc' dir='ltr'><strong>Υίοῦ</strong></span> <span class='ocrx_word' id='word_1_894' title='bbox 3455 5270 3642 5329; x_wconf 75' lang='grc' dir='ltr'><strong>αὐτοῦ.</strong></span> <span class='ocrx_word' id='word_1_895' title='bbox 3667 5269 3738 5332; x_wconf 78' lang='grc' dir='ltr'><strong>ὡς</strong></span> 
     </span>
    </p>
   </div>
   <div class='ocr_carea' id='block_1_108' title="bbox 506 5353 2063 5427">
    <p class='ocr_par' dir='ltr' id='par_1_108' title="bbox 506 5353 2063 5425">
     <span class='ocr_line' id='line_1_108' title="bbox 506 5353 2063 5425; baseline 0.001 -18"><span class='ocrx_word' id='word_1_896' title='bbox 506 5357 820 5409; x_wconf 88' lang='lat' dir='ltr'><strong>memoriant</strong></span> <span class='ocrx_word' id='word_1_897' title='bbox 881 5357 1051 5411; x_wconf 85' lang='lat' dir='ltr'><strong>vestri</strong></span> <span class='ocrx_word' id='word_1_898' title='bbox 1112 5356 1252 5411; x_wconf 81' lang='lat' dir='ltr'><strong>facio</strong></span> <span class='ocrx_word' id='word_1_899' title='bbox 1319 5371 1532 5425; x_wconf 85' lang='lat' dir='ltr'><strong>semper</strong></span> <span class='ocrx_word' id='word_1_900' title='bbox 1599 5356 1651 5408; x_wconf 90' lang='lat' dir='ltr'><strong>in</strong></span> <span class='ocrx_word' id='word_1_901' title='bbox 1730 5353 2063 5408; x_wconf 81' lang='lat' dir='ltr'><strong>orationibus</strong></span> 
     </span>
    </p>
   </div>
   <div class='ocr_carea' id='block_1_109' title="bbox 2181 5353 3738 5427">
    <p class='ocr_par' dir='ltr' id='par_1_109' title="bbox 2181 5354 3738 5427">
     <span class='ocr_line' id='line_1_109' title="bbox 2181 5354 3738 5427; baseline -0.001 -18"><span class='ocrx_word' id='word_1_902' title='bbox 2181 5356 2524 5419; x_wconf 62' lang='grc' dir='ltr'><strong>ἀδιαλείπτως</strong></span> <span class='ocrx_word' id='word_1_903' title='bbox 2564 5356 2751 5426; x_wconf 85' lang='grc' dir='ltr'><strong>μνείαν</strong></span> <span class='ocrx_word' id='word_1_904' title='bbox 2783 5356 2935 5427; x_wconf 81' lang='grc' dir='ltr'><strong>ὑμῶν</strong></span> <span class='ocrx_word' id='word_1_905' title='bbox 2961 5354 3221 5425; x_wconf 78' lang='grc' dir='ltr'><strong>ποιοῦμαι</strong></span> <span class='ocrx_word' id='word_1_906' title='bbox 3254 5358 3484 5410; x_wconf 79' lang='grc' dir='ltr'><strong>πάντοτε</strong></span> <span class='ocrx_word' id='word_1_907' title='bbox 3517 5358 3605 5410; x_wconf 73' lang='grc' dir='ltr'><strong>ἐπὶ</strong></span> <span class='ocrx_word' id='word_1_908' title='bbox 3633 5356 3738 5408; x_wconf 70' lang='grc' dir='ltr'><strong>τῶν</strong></span> 
     </span>
    </p>
   </div>
   <div class='ocr_carea' id='block_1_110' title="bbox 509 5444 2066 5518">
    <p class='ocr_par' dir='ltr' id='par_1_110' title="bbox 509 5444 2066 5511">
     <span class='ocr_line' id='line_1_110' title="bbox 509 5444 2066 5511; baseline 0.004 -17"><span class='ocrx_word' id='word_1_909' title='bbox 509 5444 643 5499; x_wconf 87' lang='lat' dir='ltr'><strong>meis</strong></span> <span class='ocrx_word' id='word_1_910' title='bbox 671 5444 715 5476; x_wconf 82' lang='lat'>”</span> <span class='ocrx_word' id='word_1_911' title='bbox 778 5462 797 5495; x_wconf 73' lang='grc' dir='ltr'><strong>ι</strong></span> <span class='ocrx_word' id='word_1_912' title='bbox 832 5445 933 5511; x_wconf 88' lang='lat' dir='ltr'><strong>Qui</strong></span> <span class='ocrx_word' id='word_1_913' title='bbox 968 5446 1075 5501; x_wconf 91' lang='lat' dir='ltr'><strong>Deo</strong></span> <span class='ocrx_word' id='word_1_914' title='bbox 1114 5446 1377 5510; x_wconf 79' lang='lat' dir='ltr'><strong>serviunt,</strong></span> <span class='ocrx_word' id='word_1_915' title='bbox 1421 5460 1526 5500; x_wconf 93' lang='lat' dir='ltr'><strong>non</strong></span> <span class='ocrx_word' id='word_1_916' title='bbox 1566 5447 1815 5500; x_wconf 82' lang='lat' dir='ltr'><strong>serviunt</strong></span> <span class='ocrx_word' id='word_1_917' title='bbox 1849 5445 2066 5501; x_wconf 88' lang='lat' dir='ltr'><strong>Christo</strong></span> 
     </span>
    </p>
   </div>
   <div class='ocr_carea' id='block_1_111' title="bbox 2179 5444 3736 5518">
    <p class='ocr_par' dir='ltr' id='par_1_111' title="bbox 2179 5445 3736 5518">
     <span class='ocr_line' id='line_1_111' title="bbox 2179 5445 3736 5518; baseline 0 -19"><span class='ocrx_word' id='word_1_918' title='bbox 2179 5445 2489 5517; x_wconf 84' lang='grc' dir='ltr'><strong>προσευχῶν</strong></span> <span class='ocrx_word' id='word_1_919' title='bbox 2530 5462 2652 5515; x_wconf 85' lang='grc' dir='ltr'><strong>μου.</strong></span> <span class='ocrx_word' id='word_1_920' title='bbox 2687 5466 2705 5499; x_wconf 78' lang='lat' dir='ltr'><strong>t</strong></span> <span class='ocrx_word' id='word_1_921' title='bbox 2750 5448 2812 5500; x_wconf 86' lang='lat' dir='ltr'><strong>Ol</strong></span> <span class='ocrx_word' id='word_1_922' title='bbox 2838 5446 2957 5517; x_wconf 88' lang='grc' dir='ltr'><strong>Θεῷ</strong></span> <span class='ocrx_word' id='word_1_923' title='bbox 2984 5446 3360 5517; x_wconf 76' lang='grc' dir='ltr'><strong>λατρεύοντες,</strong></span> <span class='ocrx_word' id='word_1_924' title='bbox 3389 5448 3488 5518; x_wconf 71' lang='grc' dir='ltr'><strong>οὐχ</strong></span> <span class='ocrx_word' id='word_1_925' title='bbox 3515 5448 3590 5509; x_wconf 81' lang='grc' dir='ltr'><strong>ὡς</strong></span> <span class='ocrx_word' id='word_1_926' title='bbox 3621 5445 3736 5516; x_wconf 70' lang='grc' dir='ltr'><strong>Θιεῷ</strong></span> 
     </span>
    </p>
   </div>
   <div class='ocr_carea' id='block_1_112' title="bbox 575 5614 2132 5689">
    <p class='ocr_par' dir='ltr' id='par_1_112' title="bbox 575 5614 2109 5683">
     <span class='ocr_line' id='line_1_112' title="bbox 575 5614 2109 5683; baseline 0.001 -13"><span class='ocrx_word' id='word_1_927' title='bbox 575 5614 624 5645; x_wconf 79' lang='grc'><strong>⁸⁸</strong></span> <span class='ocrx_word' id='word_1_928' title='bbox 652 5614 764 5670; x_wconf 85' lang='lat' dir='ltr'><strong>Luc</strong></span> <span class='ocrx_word' id='word_1_929' title='bbox 822 5630 872 5677; x_wconf 79' lang='grc' dir='ltr'><strong>ν,</strong></span> <span class='ocrx_word' id='word_1_930' title='bbox 905 5617 989 5680; x_wconf 69' lang='lat'><strong>12,</strong></span> <span class='ocrx_word' id='word_1_931' title='bbox 1024 5617 1109 5670; x_wconf 78' lang='lat' dir='ltr'><strong>l5.</strong></span> <span class='ocrx_word' id='word_1_932' title='bbox 1201 5619 1241 5647; x_wconf 84' lang='grc'><strong>³⁷</strong></span> <span class='ocrx_word' id='word_1_933' title='bbox 1261 5617 1389 5670; x_wconf 81' lang='lat' dir='ltr'><strong>Luc.</strong></span> <span class='ocrx_word' id='word_1_934' title='bbox 1423 5632 1511 5678; x_wconf 74' lang='lat' dir='ltr'><strong>xx,</strong></span> <span class='ocrx_word' id='word_1_935' title='bbox 1553 5616 1737 5670; x_wconf 67' lang='lat' dir='ltr'><strong>il-M.</strong></span> <span class='ocrx_word' id='word_1_936' title='bbox 1815 5617 1858 5648; x_wconf 81' lang='grc'><strong>³⁸</strong></span> <span class='ocrx_word' id='word_1_937' title='bbox 1883 5616 2037 5672; x_wconf 82' lang='lat' dir='ltr'><strong>Rom.</strong></span> <span class='ocrx_word' id='word_1_938' title='bbox 2072 5635 2109 5683; x_wconf 86' lang='lat' dir='ltr'><strong>t,</strong></span> 
     </span>
    </p>
   </div>
   <div class='ocr_carea' id='block_1_113' title="bbox 1179 5614 2736 5689">
    <p class='ocr_par' dir='ltr' id='par_1_113' title="bbox 1201 5616 2736 5689">
     <span class='ocr_line' id='line_1_113' title="bbox 1201 5616 2736 5689; baseline 0.006 -20"><span class='ocrx_word' id='word_1_939' title='bbox 1201 5619 1241 5647; x_wconf 83' lang='grc'><strong>³⁷</strong></span> <span class='ocrx_word' id='word_1_940' title='bbox 1261 5617 1389 5670; x_wconf 82' lang='lat' dir='ltr'><strong>Luc.</strong></span> <span class='ocrx_word' id='word_1_941' title='bbox 1423 5632 1511 5678; x_wconf 74' lang='lat' dir='ltr'><strong>xx,</strong></span> <span class='ocrx_word' id='word_1_942' title='bbox 1553 5616 1737 5670; x_wconf 64' lang='grc'><strong>6144.</strong></span> <span class='ocrx_word' id='word_1_943' title='bbox 1815 5617 1858 5648; x_wconf 80' lang='grc'><strong>³⁸</strong></span> <span class='ocrx_word' id='word_1_944' title='bbox 1883 5616 2037 5672; x_wconf 82' lang='lat' dir='ltr'><strong>Rom.</strong></span> <span class='ocrx_word' id='word_1_945' title='bbox 2072 5635 2109 5683; x_wconf 86' lang='lat' dir='ltr'><strong>t,</strong></span> <span class='ocrx_word' id='word_1_946' title='bbox 2140 5621 2191 5684; x_wconf 82' lang='lat'><strong>5,</strong></span> <span class='ocrx_word' id='word_1_947' title='bbox 2229 5620 2281 5677; x_wconf 85' lang='lat'><strong>6.</strong></span> <span class='ocrx_word' id='word_1_948' title='bbox 2361 5620 2404 5652; x_wconf 80' lang='lat'><strong>”</strong></span> <span class='ocrx_word' id='word_1_949' title='bbox 2430 5620 2578 5675; x_wconf 78' lang='lat' dir='ltr'><strong>Rom.</strong></span> <span class='ocrx_word' id='word_1_950' title='bbox 2612 5639 2647 5689; x_wconf 90' lang='lat' dir='ltr'><strong>t,</strong></span> <span class='ocrx_word' id='word_1_951' title='bbox 2684 5623 2736 5678; x_wconf 86' lang='lat'><strong>9.</strong></span> 
     </span>
    </p>
   </div>
  </div>
