3942 6128
218 271 350 327 1521

1310 277 1404 332 DE
1447 272 1674 331 RECTA
1717 269 1871 326 FIDE
1911 269 2002 324 AD
2037 267 2355 324 REGINAS.

3329 277 3351 328 I
3364 277 3467 331 323

216 383 347 454 παρ’
384 380 547 436 αὐτὸν
573 383 746 456 ἑτέρῳ
779 385 1098 457 λατρεύουσι
1135 388 1213 458 τῷ
1246 390 1488 461 Χριστῷ.
1519 390 1691 444 Αὑτοῦ
1733 387 1789 440 δέ

1911 398 2146 452 anquam
2181 382 2336 436 alteri
2372 380 2501 436 Deo.
2532 381 2688 438 Unde
2714 388 2768 436 et
2797 379 2940 436 illius
2970 395 3182 453 quoque
3216 385 3465 456 Evange-

218 492 351 544 φησι
395 475 489 528 καὶ
530 475 590 528 τὸ
621 476 972 546 Εὑαγγέλιον.
1009 479 1354 550 Κηρύττεται
1383 483 1492 552 γὰρ
1523 481 1682 544 αὐτὸς
1716 481 1792 543 ὡς

215 566 346 629 Θεὸς
374 565 448 636 τῷ
480 567 688 637 κόσμῳ,
714 568 887 621 καίτοι
931 569 1067 624 Θεοῦ
1117 573 1260 626 κατά
1301 573 1462 642 φύσιν
1507 573 1658 635 ὄντος
1695 571 1789 624 τοῦ

216 658 452 727 Πατρὸς,
485 658 577 710 καὶ
626 659 989 729 κατάρχοντος
1031 663 1138 715 τῶν
1184 665 1339 716 ὅλων.
1374 664 1506 727 Θεὸς
1550 660 1642 717 οὖν
1683 664 1790 734 ἄρα

215 747 469 817 Χριστὸς,
505 748 534 799 6
578 747 646 800 δι’
671 743 731 802 οὗ
765 749 858 801 καὶ
904 751 967 801 ἐν
1005 745 1048 817 ᾧ
1081 752 1174 803 καὶ
1219 753 1383 814 αὐτὸς
1426 756 1453 805 ὁ
1487 753 1676 823 Πατὴρ
1713 754 1791 815 ὡς

217 837 348 901 Θεὸς
382 837 828 905 καταγγέλλεται,
865 839 963 892 καὶ
997 842 1064 911 τῇ
1106 841 1256 911 παρὰ
1303 843 1520 896 πάντων
1562 844 1789 913 τιμᾶται

215 929 458 1000 λατρεία.

295 1039 314 1070 ι
345 1020 735 1083 Δικαιωθέντες
777 1017 870 1076 οὗν
906 1024 970 1076 ὲκ
1019 1023 1276 1088 πίστεως,
1321 1026 1545 1096 εἰρήνην
1595 1025 1792 1095 ἔχομεν

219 1110 354 1181 πρὸς
381 1111 512 1164 Θεὸν
542 1111 630 1166 διὰ
657 1112 752 1166 τοῦ
781 1113 987 1184 Κυρίου
1020 1115 1174 1185 ἡμῶν
1212 1115 1386 1186 Ἰησοῦ
1418 1116 1675 1186 Χριστοῦ,
1715 1116 1794 1169 δι’

218 1194 280 1253 οῦ
319 1200 412 1252 νῦν
437 1201 532 1253 καὶ
558 1201 655 1270 τὴν
681 1204 1045 1273 προσαγωγὴν
1068 1205 1380 1275 ἐσχήκαμεν
1408 1209 1474 1276 τῇ
1505 1207 1686 1258 πίστει
1713 1207 1793 1268 εἰς

218 1291 316 1360 τὴν
354 1290 515 1361 χάριν
545 1290 772 1361 ταύτην,
808 1292 866 1345 ἐν
963 1295 1294 1365 ἑστήκαμεν,
1325 1297 1418 1348 καὶ
1463 1297 1794 1366 καυχώμεθα

219 1383 306 1434 ἐπ’
332 1382 506 1435 ἐλπίδι
547 1385 646 1453 τῆς
682 1382 839 1453 δόξης
887 1385 979 1436 τοῦ
1031 1381 1191 1439 Θεοῦῖ
1219 1405 1238 1437 ι
1280 1387 1365 1448 Ὠς
1401 1388 1479 1450 εἰς
1523 1387 1654 1439 Θεὸν
1701 1405 1793 1440 πι-

220 1473 501 1536 στεύοντες
531 1473 905 1544 δικαιούμεθα.
935 1475 996 1528 Εἰ
1027 1476 1085 1528 δὲ
1125 1479 1204 1540 εἰς
1248 1478 1482 1548 Χριστὸν
1525 1479 1730 1550 Ἰησοῦν
1757 1481 1791 1550 ἡ

220 1565 426 1630 πίστις,
460 1565 554 1619 καλ.
593 1566 661 1618 δι’
718 1566 882 1618 αὐτοῦ
932 1567 1031 1638 τὴν
1075 1570 1443 1640 προσαγωγὴν
1478 1572 1795 1642 ἐσχήκαμεν

226 1657 604 1728 (συνήφθημεν
647 1658 756 1729 γὰρ
787 1657 866 1728 τῷ
892 1658 1010 1728 Θεῷ
1035 1661 1129 1713 καὶ
1155 1662 1348 1731 Πατρί,
1382 1663 1794 1735 συνεγείραντος

1894 475 2023 529 lium
2056 488 2178 530 esse
2210 473 2544 542 perhibetur.
2583 474 2951 528 Annuntiatur
2990 476 3131 528 enim
3171 478 3371 532 mundo
3408 486 3470 531 ut

1893 565 2055 630 Deus,
2096 581 2214 618 cum
2242 564 2405 618 Pater
2445 565 2516 617 sit
2555 565 2696 619 Deus
2727 575 2916 619 natura
2941 607 2956 631 ,
2991 568 3470 638 principatumque

1893 657 1944 709 in
1986 670 2174 709 oumes
2213 655 2471 709 obtineat.
2518 655 2661 709 Deus
2702 657 2866 724 igitur
2906 667 2990 710 est
3027 657 3312 721 Christus,
3371 675 3472 728 per

1893 761 2053 814 quem
2087 756 2140 800 ct
2175 747 2223 798 in
2259 761 2367 816 quo
2400 748 2514 816 ipse
2551 762 2767 815 quoque
2800 748 2962 804 Pater
2988 760 3046 805 ut
3077 751 3221 806 Deus
3253 769 3470 807 annun-

1895 840 2080 903 tiatur,
2143 840 2402 908 cultuque
2451 847 2507 894 et
2556 841 2903 896 veneratione
2948 843 3015 897 ab
3059 845 3313 900 omnibus
3352 847 3467 900 afﬁ-

1925 931 1957 942 ον
3401 919 3416 942 ι

1892 931 2054 984 citur.

1972 1039 1992 1071 ι
2025 1019 2314 1075 Justiﬁcati
2371 1035 2501 1090 ergo
2551 1035 2618 1075 ex
2669 1022 2792 1086 ﬁde,
2843 1039 3030 1092 pacem
3091 1027 3350 1083 habemus
3403 1033 3471 1083 ad

1897 1109 2062 1165 Deum
2098 1126 2193 1180 per
2230 1109 2516 1164 Dominum
2558 1121 2800 1165 nostrum
2832 1113 3012 1167 Iesum
3045 1115 3343 1180 Christum,
3379 1133 3474 1186 per

1895 1217 2053 1270 quem
2094 1209 2142 1256 et
2193 1200 2456 1255 habemus
2485 1217 2761 1256 accessum
2802 1218 2900 1273 per
2935 1204 3093 1259 ﬁdem
3135 1207 3188 1260 in
3239 1210 3474 1275 gratiam

1899 1294 2084 1359 istam,
2128 1295 2179 1347 in
2216 1309 2322 1363 qua
2365 1303 2610 1360 stan‘ius,
2643 1305 2698 1350 et
2736 1294 3038 1365 gloriamur
3082 1298 3134 1352 in
3175 1300 3337 1369 118
3379 1315 3479 1369 spe

1897 1387 2078 1454 gloria:
2109 1385 2341 1439 ﬁliorum
2380 1386 2468 1440 Dei
2493 1387 2562 1441 ⁸ο.
2596 1405 2614 1438 ›
2648 1387 2703 1442 Si
2735 1389 2784 1441 in
2817 1385 2983 1444 Deum
3013 1393 3318 1454 credentes,
3347 1406 3476 1446 vere

1892 1476 2279 1545 justificamur,
2317 1477 2527 1546 ﬁdeque
2560 1479 2611 1532 in
2643 1480 2920 1534 Christum
2951 1481 3134 1536 Iesum
3176 1483 3472 1546 tendimus,

1898 1586 1962 1626 ac
1998 1586 2092 1642 per
2125 1573 2270 1626 illum
2305 1576 2370 1627 ad
2405 1573 2620 1627 Patrem
2661 1577 2880 1628 tandem
2909 1576 3260 1644 pervenimus
3290 1577 3474 1646 (Chri-

1901 1673 1986 1718 sto
2023 1678 2256 1732 namque
2288 1679 2385 1718 nos
2409 1665 2568 1718 simul
2594 1667 2882 1732 excitante,
2923 1665 3033 1721 Deo
3077 1676 3132 1721 et
3166 1667 3309 1721 Patri
3342 1683 3474 1722 cou-

221 1749 410 1818 ῶσπερ
441 1750 588 1819 ἡμᾶς
626 1750 720 1801 τοῦ
751 1749 1035 1820 Χριστοῦ)·
1071 1751 1188 1815 πῶς
1212 1753 1273 1804 οὐ
1291 1753 1422 1817 Θεὸς
1451 1755 1590 1820 ἐστι,
1619 1755 1713 1808 καὶ
1747 1757 1795 1808 εί

1917 1753 2212 1822 ungimur),
2243 1755 2514 1821 quomodo
2556 1755 2697 1808 Deus
2737 1767 2844 1808 nou
2889 1764 2992 1820 est,
3033 1756 3194 1810 etiam
3231 1756 3277 1810 si
3317 1755 3474 1825 juxta

221 1841 447 1908 γέγονεν
494 1841 558 1892 ἐκ
606 1841 919 1913 σπέρματος
949 1843 1112 1896 Δαυῖδ
1155 1846 1214 1897 τὸ
1250 1845 1390 1898 κατὰ
1419 1847 1618 1916 σάρκα,
1654 1848 1797 1901 κατὰ

221 1933 321 1994 τὰς
357 1933 614 2002 Γραφάς;

300 2042 318 2073 σ
347 2023 544 2087 Καθὼς
571 2023 900 2096 γέγραπται,
937 2028 1136 2097 φησῖνο
1185 2029 1314 2084 Ἰδοὺ
1352 2032 1544 2102 τίθημι
1571 2035 1628 2086 ὲν
1658 2033 1800 2087 Σιὼν

221 2115 368 2168 λίθον
421 2115 869 2186 προσκόμματος,
920 2119 1014 2170 καὶ
1063 2118 1266 2191 πέτραν
1325 2122 1657 2176 σκανδάλου·
1706 2125 1801 2176 καὶ

224 2207 331 2270 πᾶς
384 2208 410 2260 6
446 2207 717 2260 πιστεύων
761 2210 847 2260 ἐπ’
883 2209 1055 2279 αύτῷ,
1089 2211 1150 2262 οὐ
1182 2213 1730 2284 καταισχυνθήσεται.
1773 2233 1790 2266 ι

224 2298 448 2367 Συμεὼν
493 2299 521 2350 6
541 2297 770 2364 δίκαιος,
801 2300 892 2353 ὅτε
926 2300 986 2352 τὸ
1017 2300 1160 2354 θεῖον
1187 2303 1266 2366 εἰς
1291 2302 1539 2371 ἀγκάλας
1583 2303 1801 2368 ἐδέξατο

227 2388 444 2461 βρέφος,
476 2388 578 2459 ἔφη
633 2391 772 2460 πρὸς
824 2389 916 2443 τὸν
967 2391 1138 2444 Θεόνο
1194 2412 1211 2443 ι
1240 2393 1356 2445 Νῦν
1403 2393 1660 2457 ἀπολύεις
1709 2394 1800 2448 τὸν

224 2481 408 2534 δοῦλόν
446 2498 561 2544 σου,
592 2483 860 2545 Δέσποτα,
893 2484 1034 2536 κατά
1063 2483 1124 2536 τὸ
1146 2485 1302 2554 ῥῆμά
1331 2503 1448 2551 σου,
1483 2488 1540 2538 ὲν
1585 2487 1797 2560 εἰρήνῃ.

227 2571 349 2624 Ὅτι
379 2567 516 2624 εἶδον
543 2573 592 2624 οἱ
617 2571 885 2642 ὀφθαλμοί
902 2589 1005 2642 μου
1027 2575 1087 2626 τὸ
1110 2577 1376 2646 σωτήριόν
1403 2594 1516 2642 σου,
1538 2578 1803 2649 ὃήτοίμα-

229 2678 326 2724 σας
375 2662 517 2715 κατά
571 2662 858 2734 πρόσωπον
907 2666 1125 2718 πάντων
1172 2664 1279 2716 τῶν
1326 2665 1491 2729 λαῶν,
1525 2687 1544 2719 ›
1601 2667 1694 2722 καὶ
1734 2669 1802 2722 τὰ

224 2753 372 2822 ἑξῆς.
401 2753 704 2824 Προσετίθη
735 2753 792 2806 δὲ
820 2753 1031 2818 τούτοις
1053 2771 1068 2787 ο
1119 2774 1138 2806 ‹
1161 2755 1292 2808 Ἰδοὺ
1323 2749 1478 2819 οὗτος
1504 2761 1680 2811 κεῖται
1723 2760 1804 2820 εἰς

227 2852 434 2903 πτῶσιν
478 2851 572 2903 καὶ
623 2851 921 2904 ἀνάστασιν
954 2849 1166 2904 πολλῶν
1204 2854 1263 2905 ὲν
1307 2851 1386 2923 τῷ
1428 2853 1662 2925 Ἰσραὴλ,
1708 2852 1802 2905 καὶ

227 2940 308 3002 εἰς
337 2942 560 3010 σημεῖον
586 2939 1019 3010 ἀντιλεγόμενον.
1045 2959 1065 2992 ι
1085 2941 1144 2993 '0
1177 2939 1338 3004 αὐτὸς
1363 2941 1450 3011 ἄρ’
1473 2943 1622 2994 ἐστὶν
1651 2945 1679 2996 6
1707 2943 1802 2996 τοῦ

227 3032 656 3102 προσκόμματος
702 3031 869 3099 λίθος,
925 3033 1020 3085 καὶ
1050 3034 1082 3102 ὴ
1117 3032 1295 3103 πέτρα
1341 3033 1436 3086 τοῦ
1473 3034 1795 3088 σκανδάλου.

227 3123 337 3174 Καὶ
386 3121 804 3192 περιπταίοντες
862 3121 960 3192 μὲν
1011 3121 1160 3191 αύτῷ
1211 3121 1298 3174 διὰ
1348 3126 1449 3193 τῆς
1492 3123 1794 3189 ἀπειθείας,

229 3213 621 3282 συνετρίϐησάν
662 3230 808 3276 τινες
831 3229 845 3244 ο
877 3214 1135 3282 διέφυγον
1161 3214 1220 3267 δὲ
1247 3214 1308 3267 τὸ
1336 3216 1801 3286 καταισχυνθῆναι

226 3304 275 3355 οἰ
305 3303 403 3371 τὴν
432 3303 566 3373 πρὸς
595 3304 756 3356 αὑτὸν
792 3303 973 3357 πίστιν
1001 3302 1568 3377 προσηκάμενοιῘΑρ*
1599 3303 1694 3360 οῦν
1726 3308 1802 3369 ὼς

227 3394 308 3454 εἰς
338 3391 622 3460 ἄνθρωπον
663 3394 1106 3463 πεπιστεύκαμεν
1136 3395 1169 3462 ἢ
1206 3394 1281 3455 ὡς
1307 3395 1386 3456 είς
1411 3394 1577 3456 Θεόν;
1607 3395 1698 3456 Ὠς
1723 3397 1802 3457 εἰς

226 3480 361 3532 Θεὸν
390 3481 654 3548 δηλονότι.
699 3480 830 3541 Θεὸς
857 3477 950 3532 οὖν
978 3481 1086 3549 ἄρα
1110 3481 1344 3552 Χριστός
1366 3497 1380 3510 ’
1409 3481 1496 3532 ἐπ’
1517 3481 1668 3550 αὐτῷ
1695 3481 1802 3551 γὰρ

230 3568 261 3620 6
296 3567 501 3628 δίκαιος
540 3566 764 3634 Συμεὼν
801 3566 900 3629 τὰς
937 3567 1140 3636 ἀρτίως
1196 3569 1327 3637 ἡμῖν
1368 3569 1662 3639 εἰρημένας
1700 3568 1803 3640 ἔφη

234 3673 436 3724 φωνάς.

309 3833 444 3902 Περὶ
473 3831 581 3883 τῶν
616 3830 883 3884 Ἰουδαίων
918 3831 1082 3903 φησίν
1100 3848 1113 3862 ·
1162 3850 1180 3884 t
1204 3835 1550 3903 Ἀγνοοῦντες
1572 3835 1681 3908 γὰρ
1708 3837 1807 3906 τὴν

234 3921 330 3976 τοῦ
382 3922 515 3974 Θεοῦ
566 3922 795 3992 δύναμιν
839 3924 931 3977 καὶ
977 3924 1344 3998 δικαιοσύνην,
1382 3927 1475 3979 καὶ
1523 3927 1621 3998 τὴν
1671 3928 1808 3981 ἰδίαν

234 4014 525 4086 ζητοῦντες
556 4015 772 4083 στῆσαι,
804 4018 869 4087 τῇ
906 4016 1224 4090 δικαιοσύνῃ
1265 4017 1361 4070 τοῦ
1396 4017 1531 4070 Θεοῦ
1563 4018 1662 4088 οὐχ
1701 4018 1808 4070 ὐπ-

233 4109 526 4178 ετάγησαν.
558 4107 722 4170 Τέλος
749 4107 858 4178 γάρ
887 4109 1052 4178 νόμου
1077 4109 1330 4179 Χριστὸς,
1355 4110 1433 4172 εἰς
1462 4109 1809 4181 δικαιοσύνην

234 4202 396 4253 παντὶ
430 4199 506 4270 τῷ
537 4200 866 4254 πιστεύοντι.
897 4220 915 4252 ι
951 4201 1014 4253 Εἰ
1049 4200 1201 4264 τέλος
1231 4201 1398 4270 νόμου
1434 4202 1688 4272 Χριστὸς,
1715 4201 1809 4255 καὶ

235 4299 394 4362 αὑτός
418 4300 564 4350 ἐστιν
597 4299 629 4368 ἡ
658 4296 994 4366 δικαιοσύνη,
1020 4296 1246 4349 δικαιῶν
1287 4295 1378 4350 διὰ
1427 4297 1662 4359 πίστεως
1709 4295 1808 4365 τῆς

1900 1843 2208 1910 Scripturas
2238 1842 2281 1873 “
2325 1856 2391 1898 ex
2437 1843 2642 1896 semine
2683 1842 2852 1899 David
2914 1845 3207 1898 secundum
3254 1859 3473 1899 carnem

1899 1933 2074 1988 factus
2101 1934 2224 1988 est?

1976 2041 1996 2075 ι
2032 2024 2182 2078 Sicut
2208 2025 2470 2093 scriptum
2498 2031 2583 2079 est
2611 2039 2625 2078 :
2655 2024 2828 2088 Ecce,
2860 2026 3055 2096 inquit,
3090 2043 3230 2095 pono
3259 2027 3311 2082 in
3343 2027 3477 2083 Sion

1901 2116 2130 2185 lapidem
2159 2115 2498 2180 offensionis,
2525 2126 2579 2170 et
2612 2126 2824 2185 petram
2876 2118 3113 2171 scaudali
3143 2135 3156 2170 :
3203 2128 3258 2173 et
3295 2121 3475 2174 omnis

1900 2205 1990 2274 qui
2021 2205 2191 2259 credit
2223 2206 2276 2258 in
2307 2219 2453 2268 eum,
2493 2221 2598 2260 nou
2630 2205 2990 2261 confundetur
3012 2207 3078 2260 ".
3117 2226 3136 2258 ι
3170 2205 3357 2262 Justus
3387 2209 3477 2264 Si-

1899 2310 2058 2350 meou
2083 2310 2204 2350 cum
2238 2295 2476 2348 divinum
2511 2295 2659 2348 illum
2691 2310 2915 2364 puerum
2944 2299 3085 2352 inter
3111 2298 3267 2352 ulnas
3295 2312 3476 2353 susce-

1900 2387 2088 2456 pisset,
2112 2385 2185 2439 ita
2213 2385 2380 2440 Deum
2428 2385 2621 2441 affatus
2662 2396 2784 2442 est:
2827 2403 2849 2439 ι
2895 2385 3049 2442 Nunc
3093 2389 3321 2444 dimittis
3355 2406 3478 2446 ser-

1903 2491 2025 2530 vum
2064 2483 2235 2540 tuum,
2290 2475 2536 2540 Domine,
2581 2478 2875 2532 secundum
2925 2477 3150 2532 verbum
3208 2487 3359 2534 tuum
3419 2481 3476 2535 in

1901 2583 2056 2638 pace,
2126 2569 2252 2638 quia
2303 2569 2556 2623 viderunt
2607 2569 2749 2624 oculi
2810 2569 2917 2623 mei
2981 2570 3221 2627 salutare
3277 2582 3474 2629 tuum:

1902 2661 2046 2728 quod
2075 2659 2279 2728 parasti
2316 2668 2442 2712 ante
2492 2658 2684 2715 faciem
2720 2661 2962 2718 omnium
2995 2663 3311 2732 populorum
3339 2665 3409 2728 ⁵³,
3451 2683 3474 2719 ι

1903 2759 1958 2803 et
2005 2764 2124 2818 qua:
2174 2759 2494 2819 sequuntur.
2545 2750 2831 2820 Subjungit
2875 2753 3111 2808 deinde:
3159 2771 3178 2804 ι
3212 2756 3354 2810 Ecce
3389 2756 3481 2812 hic

1901 2840 2113 2910 positus
2139 2849 2224 2896 est
2256 2841 2308 2894 in
2342 2842 2554 2895 ruinam
2588 2850 2644 2896 et
2691 2843 3142 2897 resurrectionem
3189 2845 3481 2898 multorum

1905 2931 1958 2985 in
1993 2931 2182 2996 Israel,
2207 2941 2262 2986 et
2289 2934 2340 2986 in
2373 2934 2586 3004 signum
2623 2935 2708 2988 cui
2743 2935 3147 2990 contradicetur
3167 2937 3233 2989 “.
3276 2956 3294 2989 ι
3333 2937 3480 2992 Idem

1906 3036 2036 3092 ergo
2061 3033 2145 3078 est
2171 3023 2308 3093 lapis
2345 3023 2682 3090 offensionis,
2716 3033 2770 3079 et
2798 3035 2948 3095 petra
2979 3027 3242 3084 scandali.
3272 3029 3336 3082 Et
3361 3030 3484 3098 qui-

1907 3117 2028 3170 dem
2060 3117 2302 3170 nonnulli
2331 3126 2553 3186 propter
2585 3118 2954 3174 inﬁdelitatem
2992 3120 3046 3173 in
3095 3120 3269 3188 ipsum
3309 3123 3482 3190 impe-

1905 3216 2120 3278 gerunt,
2144 3217 2197 3262 et
2225 3208 2443 3262 contriti
2479 3217 2640 3272 sunt;
2681 3209 2874 3277 reliqui
2915 3223 3065 3275 vero,
3097 3211 3186 3278 qui
3222 3211 3480 3266 nimirum

1906 3299 2063 3353 ﬁdem
2101 3299 2154 3352 in
2187 3299 2337 3354 illum
2372 3299 2638 3367 complexi
2686 3309 2831 3364 sunt,
2877 3289 3252 3356 confusionem
3289 3318 3480 3358 evase-

1904 3403 2053 3446 runt.
2080 3392 2332 3460 Nunquid
2360 3405 2492 3460 ergo
2526 3391 2577 3444 in
2625 3390 2774 3444 illum
2813 3400 3069 3461 tanquam
3111 3393 3163 3448 in
3210 3376 3481 3450 hominem

1907 3483 2199 3544 credimus,
2231 3497 2297 3535 an
2331 3498 2460 3536 vero
2487 3490 2739 3550 tanquam
2768 3482 2820 3536 in
2867 3483 3076 3537 Deum?
3125 3484 3321 3555 Utique
3363 3495 3485 3541 tau-

1907 3587 2069 3642 quam
2099 3573 2152 3626 in
2192 3573 2382 3625 Deum.
2414 3572 2558 3628 Deus
2597 3575 2778 3642 itaque
2820 3585 2903 3628 est
2943 3577 3227 3632 Christus:
3265 3585 3330 3634 de
3366 3581 3482 3650 ipso

1909 3666 2052 3719 enim
2079 3665 2257 3734 justus
2283 3664 2504 3718 Simeon
2539 3665 2801 3721 adductas
2830 3666 2990 3735 paulo
3033 3677 3160 3722 ante
3197 3685 3357 3725 voces
3386 3672 3480 3728 de-

1913 3756 2212 3826 promebat.

1983 3846 2060 3900 De
2118 3844 2315 3900 Iudaeis
2361 3845 2532 3901 dicit:
2589 3865 2606 3896 ‹
2668 3847 2985 3914 ignorantes
3028 3846 3172 3900 enim
3218 3850 3480 3919 justitiam

1911 3934 2030 3999 Dei,
2063 3945 2115 3990 et
2147 3950 2296 3990 suam
2329 3945 2568 3989 statuere
2619 3945 2946 4004 qua-rentes,
2986 3936 3211 4004 iustitia:
3241 3937 3334 3992 Dei
3377 3954 3483 3992 non

1910 4026 2310 4096 suntsubjecti.
2343 4023 2495 4079 Finis
2525 4026 2668 4080 enim
2709 4026 2841 4094 legis
2885 4025 3167 4091 Christus,
3209 4028 3274 4080 ad
3322 4027 3486 4095 justi-

1913 4120 2040 4172 tiam
2073 4118 2219 4173 omni
2247 4116 2493 4171 credenti
2518 4115 2584 4168 ".
2625 4135 2644 4168 ι
2677 4115 2733 4169 Si
2760 4114 3010 4170 Christus
3048 4115 3170 4170 ﬁnis
3211 4117 3345 4188 legis
3377 4128 3483 4180 est,

1912 4213 2161 4280 idemque
2216 4220 2300 4265 est
2341 4209 2570 4280 iustitia,
2615 4209 2706 4277 qui
2754 4205 3021 4275 justiﬁcat
3071 4223 3166 4278 per
3222 4209 3378 4264 ﬁdem
3433 4212 3484 4264 iu

1913 4304 2109 4374 ipsum,
2135 4301 2580 4372 justiﬁcandique
2603 4298 2833 4354 facultas
2859 4301 2909 4354 in
2950 4299 3124 4355 solum
3162 4300 3326 4355 Deum
3353 4316 3487 4357 con-

235 4394 312 4452 εἰς
343 4391 503 4443 αὐτόν
524 4406 537 4419 ⁸
579 4389 724 4460 μόνῳ
749 4391 805 4442 δὲ
839 4391 912 4452 ὡς
947 4391 1076 4444 ἴδιον
1098 4390 1443 4442 ἀνακείσεται
1478 4389 1538 4442 τὸ
1562 4387 1800 4442 δικαιοῦν

1914 4393 2095 4448 veniat
2153 4401 2404 4460 tauquam
2459 4389 2716 4458 quiddam
2761 4388 2862 4457 ipsi
2908 4389 3199 4459 peculiare,
3249 4403 3483 4460 quonam

233 4481 488 4534 δύνασθαι
526 4482 601 4552 τῷ
639 4481 791 4550 Θεῷ·
835 4481 951 4544 πῶς
987 4481 1048 4533 οὐ
1087 4482 1219 4543 Θεὸς
1259 4483 1286 4534 ὁ
1323 4482 1592 4552 Χριστός;

314 4576 416 4626 «Ἡ
467 4575 524 4626 δὲ
570 4575 633 4626 ὲκ
682 4574 919 4636 πίστεως
964 4573 1275 4643 δικαιοσύνη
1321 4573 1462 4627 οὕτω
1504 4573 1681 4640 λέγει·
1718 4569 1808 4640 Μὴ

233 4667 394 4735 εἴπῃς
427 4667 482 4718 ὲν
510 4668 575 4734 τῇ
608 4666 803 4736 καρδίᾳ
832 4683 925 4719 σου
947 4684 958 4696 ·
997 4665 1092 4726 Τίς
1122 4666 1454 4735 ἀναϐήσεται
1495 4668 1574 4728 εἰς
1603 4665 1690 4717 τὸν
1722 4665 1811 4716 ού-

239 4759 434 4827 ρανόν;
463 4758 708 4809 τουτέστι
756 4757 992 4825 Χριστὸν
1025 4759 1356 4826 καταγαγεῖν
1384 4774 1397 4788 °
1429 4757 1484 4828 ἢ,
1519 4757 1614 4820 Τίς
1641 4773 1808 4809 κατα-

235 4849 462 4918 ϐήσεται
515 4849 593 4910 εἰς
643 4849 738 4918 τὴν
785 4849 1058 4909 ἄϐυσσονς
1097 4850 1340 4901 τουτέστι
1370 4847 1604 4918 Χριστὸν
1631 4849 1695 4900 ἐκ
1723 4863 1806 4899 νε-

234 4942 384 5012 κρῶν
440 4943 756 5008 ἀναγαγεῖν.
791 4941 952 4994 Ἀλλά
1010 4943 1062 4994 τί
1118 4942 1298 5010 λέγει;
1357 4941 1554 5010 Ἐγγύς
1605 4960 1696 4994 σου
1748 4941 1808 4994 τὸ

237 5033 387 5102 ῥῆμά
415 5034 560 5085 ἐστιν
587 5033 645 5083 ἐν
671 5033 747 5101 τῷ
780 5033 1006 5103 στόματί
1039 5052 1129 5086 σου
1159 5036 1254 5087 καὶ
1277 5036 1334 5086 ἐν
1365 5037 1430 5103 τῇ
1459 5034 1655 5104 καρδίᾳ
1688 5051 1803 5086 σου.

235 5123 494 5175 Τουτέστι
523 5122 582 5174 τὸ
616 5123 766 5192 ῥῆμα
801 5123 899 5192 τῆς
935 5125 1191 5188 πίστεως,
1227 5124 1254 5176 ὃ
1295 5123 1662 5194 κηρύσσομεν.
1689 5125 1808 5178 Ὅτι

231 5214 329 5266 ἐὰν
358 5214 698 5285 ὁμολογήσῃς
730 5217 785 5266 ἐν
827 5215 905 5284 τῷ
945 5215 1177 5282 στόματί
1210 5233 1301 5268 σου
1336 5216 1541 5284 Κύριον
1579 5215 1805 5284 Ἰησοῦν,

232 5305 328 5356 καὶ
376 5303 672 5374 πιστεύσῃς
720 5307 776 5355 ἐν
803 5308 866 5374 τῇ
903 5306 1098 5377 καρδίᾳ
1144 5323 1236 5358 σου
1271 5306 1352 5358 ὅτι
1405 5308 1433 5357 ὀ
1475 5305 1608 5369 Θεὸς
1649 5305 1811 5358 αὑτὸν

233 5394 456 5464 ἤγειρεν
503 5395 565 5445 ὲκ
612 5395 718 5446 τῶν
755 5397 981 5463 νεκρῶν,
1019 5396 1257 5469 σωθήσῃ.
1294 5396 1505 5468 Καρδίᾳ
1555 5397 1652 5467 μὲν
1701 5395 1810 5463 γὰρ

235 5485 548 5537 πιστεύεται
587 5487 664 5548 εἰς
704 5486 1067 5556 δικαιοσύνην,
1107 5489 1334 5558 στόματι
1377 5488 1434 5541 δὲ
1468 5489 1810 5558 ὁμολογεῖται

308 5659 350 5688 ⁸ο
379 5661 533 5714 l'iom.
562 5676 611 5724 γ,
649 5662 697 5725 1,
729 5663 779 5713 2.
862 5661 899 5691 "
931 5661 1081 5714 Rom.
1114 5678 1152 5725 ι,
1189 5663 1242 5716 3.

517 5753 789 5812 Panum.
835 5755 948 5812 GR.
995 5755 1244 5815 LXXVI.

1917 4485 2079 4540 modo
2115 4483 2364 4537 Christus
2389 4497 2495 4536 non
2528 4491 2613 4536 est
2643 4480 2822 4535 Deus?

1993 4595 2011 4628 ι
2047 4576 2175 4642 Quae
2221 4582 2398 4627 autem
2449 4586 2514 4628 ex
2557 4573 2661 4626 ﬁde
2705 4579 2788 4626 est
2824 4571 3058 4641 iustitia,
3088 4571 3168 4627 sic
3198 4572 3370 4627 dicit:
3410 4573 3489 4629 Ne

1919 4670 2122 4726 dixeris
2148 4669 2198 4720 in
2228 4667 2392 4722 corde
2422 4674 2514 4720 tuo
2544 4683 2556 4719 :
2594 4664 2726 4732 Quis
2757 4665 3017 4717 ascendet
3067 4665 3116 4718 in
3159 4666 3402 4720 coelum?
3437 4669 3489 4722 id

1916 4769 1999 4817 est
2023 4759 2293 4814 Christum
2323 4758 2588 4812 deducere
2614 4775 2628 4812 :
2656 4765 2771 4819 aut,
2790 4755 2922 4822 Quis
2941 4756 3299 4812 descendetin
3329 4760 3491 4830 abys-

1916 4849 2076 4906 sum?
2122 4849 2224 4902 hoc
2266 4858 2350 4902 est
2388 4847 2664 4901 Christum
2702 4861 2730 4898 a
2780 4846 3008 4899 mortuis
3057 4861 3334 4903 revocare.
3382 4846 3488 4903 Sed

1916 4944 2042 5013 quid
2073 4942 2204 4996 dicit
2233 4938 2553 5009 Scriptura?
2584 4938 2755 5006 Prope
2787 4946 2870 4993 est.
2904 4938 3127 4993 verbum
3157 4941 3210 4992 in
3244 4954 3338 4994 ore
3373 4951 3486 5000 tuo.

1918 5045 1974 5088 et
2008 5034 2061 5087 in
2093 5034 2256 5088 corde
2289 5041 2398 5086 tuo.
2438 5029 2550 5084 Hoc
2574 5040 2660 5084 est
2689 5029 2910 5084 verbum
2949 5030 3071 5086 ﬁdei
3108 5031 3252 5097 quod
3295 5032 3490 5099 praedi-

1918 5141 2103 5179 camus
2130 5141 2144 5178 :
2179 5121 2312 5188 Quia
2343 5123 2384 5176 si
2418 5121 2730 5174 conﬁtearis
2755 5122 2806 5174 in
2843 5136 2938 5174 ore
2970 5130 3060 5174 tuo
3083 5119 3367 5174 Dominum
3394 5119 3488 5174 Je-

1919 5230 2060 5274 sum,
2090 5223 2144 5268 et
2175 5214 2228 5266 in
2260 5213 2421 5267 corde
2454 5222 2542 5266 tuo
2574 5211 2876 5265 credideris
2909 5213 3048 5278 quod
3079 5209 3221 5263 Deus
3255 5211 3488 5264 suscita-

1918 5305 1994 5358 vit
2033 5304 2182 5357 illum
2217 5303 2376 5372 119
2408 5318 2434 5355 a
2469 5304 2716 5365 mortuis,
2751 5301 2934 5355 salvus
2979 5301 3108 5355 eris.
3137 5299 3315 5356 Corde
3341 5303 3486 5357 enim

1917 5397 2156 5451 creditur
2193 5397 2260 5448 ad
2303 5395 2592 5463 justitiam,
2640 5409 2735 5448 ore
2769 5404 2947 5447 autem
3001 5391 3059 5444 ﬁt
3106 5390 3373 5448 confessio
3417 5395 3483 5446 ad

1919 5488 2168 5542 salutem.
2213 5486 2354 5541 Dicit
2390 5487 2532 5541 enim
2574 5485 2856 5553 Scriptura
2894 5503 2906 5537 :
2957 5481 3144 5537 Omnis
3183 5483 3274 5551 qui
3317 5483 3490 5536 credit

1321 5663 1360 5695 θ’
1389 5664 1540 5718 Rom.
1577 5679 1649 5717 ιλ.
1681 5663 1767 5717 53.

1917 5664 2044 5716 Luc.
2083 5680 2138 5726 tt,
2169 5663 2360 5717 ‘29-3'2.
2441 5663 2482 5694 ""
2511 5662 2638 5717 ibid.
2673 5661 2760 5713 54.
2838 5660 2883 5692 ⁸⁵
2910 5660 3069 5715 Rom.
3099 5676 3154 5725 κ,
3181 5659 3215 5714 5
3249 5694 3257 5704 -

3054 5747 3128 5807 42
