3942 6128
479 286 500 339 l
513 283 616 340 525

1467 277 1528 332 s.
1562 276 1839 334 CYRILLI
1880 241 2350 331 ALEXANDRINI
2390 271 2710 327 ARCHIEP.

3597 272 3736 327 ιδει

479 402 530 455 in
566 399 738 460 illum,
771 409 876 450 non
915 391 1276 448 confundetur
1296 392 1364 450 ".
1408 411 1424 444 ι
1472 393 1529 448 Si
1569 394 1771 449 Christi
1818 409 2045 464 persona

2169 397 2229 457 ;ἰς
2266 394 2557 463 σωτηρίαν.
2581 392 2739 461 Λέγει
2773 391 2880 464 γὰρ
2905 395 2936 463 ἡ
2967 393 3157 462 Γραφή
3180 411 3191 423 ·
3229 412 3247 444 ι
3271 395 3434 457 Πᾶςό
3463 396 3739 448 πιστεύων

477 487 745 543 universa:
769 483 892 538 ﬁdei
927 493 1122 538 nostrae
1153 483 1435 548 terminus,
1465 494 1516 538 et
1549 484 1911 540 confessionis
1939 485 2052 538 vir-

478 590 565 635 tus
594 578 907 648 praaﬁgitur,
960 585 1299 644 mortemque
1335 575 1476 628 illius
1509 585 1563 630 et
1597 579 2050 632 resurrectionem

479 668 820 729 conﬁtentes,
854 665 1020 719 veluti
1052 664 1114 718 in'
1136 664 1304 719 Deum
1329 665 1635 730 credentes,
1657 666 2049 735 justiﬁcamur:

479 763 602 830 quis
629 761 810 814 dicere
845 758 1066 820 audeat,
1093 755 1265 824 ipsum
1322 755 1541 810 deitatis
1581 767 1856 812 exsortem
1893 758 2054 812 esse?

479 853 747 921 siquidem
798 857 884 903 est
935 862 1144 902 summa
1199 859 1253 902 et
1301 860 1462 916 caput
1515 849 1710 904 salutis
1769 850 2051 914 omnium,

477 943 783 1011 ostiumque
814 949 869 994 et
912 940 1021 1003 via,
1072 940 1194 993 ﬁdei
1250 940 1304 993 in
1357 941 1528 1008 ipsum
1597 941 1891 996 confessio.
1951 939 2054 997 Per

480 1036 652 1103 ipsum
681 1048 911 1102 namque
937 1040 989 1086 et
1023 1031 1074 1085 in
1111 1031 1222 1100 ipso
1249 1031 1360 1100 ipse
1387 1045 1600 1100 quoque
1628 1030 1792 1086 Pater
1832 1046 1864 1086 a
1901 1032 2055 1086 nobis

477 1125 844 1195 cognoscitur.

552 1340 573 1375 ι
611 1321 671 1376 Εἰ
704 1329 883 1374 autem
921 1317 1012 1387 qui
1043 1324 1234 1385 potens
1266 1323 1349 1368 est
1392 1313 1723 1370 conﬁrmare
1763 1328 1863 1368 vos
1901 1312 2055 1383 juxta

482 1412 831 1481 Evangelium
861 1424 1060 1471 meum,
1083 1415 1139 1461 et
1176 1406 1614 1472 praedicationem
1660 1404 1784 1474 Jesu
1828 1404 2055 1469 Christi,

483 1503 775 1560 secundum
814 1498 1201 1554 revelationem
1245 1496 1487 1567 mysterii
1527 1496 1860 1565 temporibus
1896 1505 2057 1550 aeter-

481 1597 566 1650 nis
594 1595 740 1648 taciti
777 1592 940 1663 (quod
975 1603 1117 1652 mtnc
1153 1586 1480 1657 patefactum
1510 1596 1592 1641 est
1621 1602 1717 1655 per
1757 1587 2058 1654 scripturas

481 1687 890 1756 prophetarum,
925 1679 1221 1736 secundum
1256 1688 1583 1748 praeceptum
1623 1677 1812 1730 aeterni
1836 1677 1951 1740 Dei,
1988 1676 2052 1728 ad

483 1776 846 1832 obeditionem
879 1771 1046 1842 ﬁdei),
1082 1773 1132 1825 in
1165 1771 1374 1824 cunctis
1413 1769 1666 1837 gentibus
1697 1767 1926 1837 cogniti,
1955 1766 2054 1820 soli

482 1866 709 1935 sapienti
748 1866 888 1930 Deo,
934 1878 1030 1932 per
1070 1850 1258 1916 Jestnn
1295 1861 1614 1924 Christum;
1664 1859 1749 1912 cui
1794 1860 1966 1913 honor
2005 1866 2060 1912 et

484 1959 654 2029 gloria
693 1959 746 2010 in
777 1954 971 2010 saecula
1005 1953 1344 2008 saaculorum.
1382 1953 1555 2006 Amen
1583 1951 1670 2008 “'.
1703 1969 1720 2002 ι
1755 1950 1832 2004 En
1861 1949 1951 2004 hic
1979 1949 2059 2003 di-

483 2059 627 2104 serte
659 2046 892 2102 aﬁirmat
914 2043 1289 2113 Evangelium,
1335 2041 1684 2112 ejusdemque
1717 2042 2060 2110 praedicatio-

483 2157 606 2197 nem
634 2143 701 2195 ad
741 2141 915 2210 ipsum
955 2137 1231 2192 Christum
1284 2135 1649 2206 pertinuisse:
1713 2146 1824 2189 tum
1877 2135 2062 2190 occul-

485 2241 596 2284 tum
635 2228 762 2284 illud
793 2232 858 2283 de
902 2228 1019 2298 ipso
1068 2228 1257 2280 eodem
1294 2225 1611 2295 mysterium
1655 2224 1872 2279 mtcrnis
1926 2233 2062 2278 tem-

483 2319 704 2389 poribus
743 2317 989 2380 tacitum,
1023 2331 1166 2370 nunc
1199 2314 1412 2368 demum
1444 2314 1509 2367 ad
1533 2313 1656 2367 ﬁdei
1691 2314 2058 2368 obeditionem

485 2411 538 2465 in
589 2410 842 2466 omnibus
883 2409 1136 2478 gentibus
1209 2406 1535 2474 patefactum
1597 2406 1875 2474 praedicat.
1926 2405 2061 2459 Nam

484 2514 669 2572 gentes
700 2501 954 2555 falsorum
1006 2499 1228 2552 deorum
1263 2497 1412 2552 cultu
1465 2497 1724 2564 liberatur,
1768 2512 2062 2566 veramque

486 2592 598 2646 reri
650 2590 1024 2658 naturalisque
1072 2588 1164 2643 Dei
1215 2587 1462 2641 notitiam
1494 2587 1736 2655 adeptae,
1789 2588 1854 2640 ad
1903 2585 2064 2640 Chri-

485 2695 627 2736 stum
654 2689 778 2737 sunt
803 2693 1102 2736 conversae.
1132 2677 1285 2746 Quod
1321 2679 1364 2734 si
1415 2692 1510 2746 per
1557 2675 1740 2731 Jesum
1785 2677 2061 2733 Christum

489 2776 627 2830 Deus
667 2772 840 2844 palam
887 2780 970 2826 est
1021 2771 1258 2840 agnitus,
1293 2769 1566 2839 quomodo
1612 2768 1814 2822 Christi
1865 2777 2063 2839 myste-

489 2865 626 2918 rium
665 2880 768 2917 non
798 2873 881 2919 est
913 2877 1162 2933 magnum
1187 2861 1210 2914 ?
1237 2859 1392 2926 Quod
1426 2861 1470 2914 si
1502 2860 1547 2914 is
1579 2860 1758 2915 animo
1788 2860 2062 2928 concipia-

488 2965 575 3009 tur
619 2967 673 3008 ιιι
711 2956 876 3008 homo
921 2954 1188 3023 quispiam
1225 2951 1367 3005 nulla
1399 2965 1464 3005 ex
1502 2961 1653 3020 parte
1697 2951 1865 3005 nostri
1902 2950 2062 3004 dissi-

487 3046 649 3110 milis,
689 3054 742 3098 et
776 3059 879 3097 non
915 3053 976 3098 ut
1015 3042 1159 3096 Deus
1203 3042 1366 3095 homo
1412 3039 1630 3106 factus;
1670 3040 1815 3094 haud
1856 3054 2063 3109 magnae
2089 3065 2134 3125 ο

489 3150 618 3190 eane
652 3134 934 3203 sapientia:
967 3138 1374 3186 sacramentum
1407 3128 1536 3183 illud
1566 3127 1748 3182 fuerit.

561 3263 582 3296 ‹
614 3245 744 3298 Dico
794 3243 938 3298 enim
989 3241 1266 3296 Christum
1312 3237 1494 3293 Jesum
1542 3238 1847 3295 ministrum
1895 3241 2066 3299 fuisse
2099 3289 2116 3305 κ

489 3331 920 3391 circumcisionis
969 3338 1189 3398 propter
1230 3328 1514 3382 veritatem
1572 3328 1690 3392 Dei,
1749 3330 1816 3384 ad
1864 3331 2066 3385 conﬁr-

492 3425 717 3480 mandas
743 3423 1130 3493 promissiones
1163 3431 1378 3490 patrum
1409 3437 1420 3473 :
1459 3428 1649 3490 gentes
1693 3429 1870 3476 autem
1903 3437 2068 3491 super

495 3515 866 3571 misericordia
907 3515 1175 3567 honorare
1201 3511 1390 3565 Deum.
1433 3511 1702 3579 Scriptum
1749 3521 1832 3566 est
1876 3511 2065 3568 cnim.‘

491 3608 733 3663 Credidit
757 3607 1028 3660 Abraham
1063 3603 1281 3677 Deo,.et
1316 3607 1622 3672 reputatu‘m
1648 3610 1730 3656 est
1756 3601 1830 3656 illi
1877 3603 1944 3656 ad
1982 3600 2068 3670 ju—

495 3696 696 3758 Stitiam
725 3702 792 3756 ⁸⁷.
825 3719 844 3753 ι
873 3700 1084 3753 Dictum
1113 3707 1196 3752 est
1230 3713 1444 3750 rursum
1491 3697 1558 3750 ad
1594 3696 1782 3749 illum:
1834 3715 1852 3748 ι
1909 3695 1968 3748 In
2019 3705 2070 3750 te

497 3792 887 3846 benedicentur
913 3802 1100 3842 omnes
1131 3786 1301 3840 tribus
1335 3795 1491 3844 terra:
1511 3784 1556 3815 ⁸³
1583 3801 1597 3849 ;
1629 3802 1646 3834 ι
1683 3784 1733 3837 id
1758 3784 1897 3852 quod
1929 3783 2070 3837 Pau-

495 3886 577 3939 lus
622 3883 724 3937 bac
755 3881 911 3936 nobis
956 3878 1222 3935 sententia
1274 3877 1538 3944 exponit:
1581 3895 1600 3926 ι
1637 3874 1753 3930 Non
1798 3875 1940 3928 enim
1974 3890 2072 3943 per

495 3975 688 4043 legem,
722 3972 817 4035 ait,
852 3969 1147 4040 promissio.
1173 3965 1427 4029 Abrahae,
1468 3973 1527 4018 ut
1565 3963 1679 4034 ipse
1725 3963 1900 4019 haeres
1926 3972 2072 4019 esset

495 4062 702 4128 mundi,
747 4062 838 4115 sed
895 4074 989 4130 per
1035 4057 1296 4126 justitiam
1353 4055 1477 4109 ﬁdei
1498 4055 1585 4121 ";
1631 4075 1650 4108 ι
1706 4063 1760 4109 et
1810 4071 2070 4110 rursum:

501 4171 520 4204 ι
555 4151 721 4223 Igitur
750 4150 841 4219 qui
882 4165 946 4203 ex
991 4148 1094 4202 ﬁde
1125 4154 1271 4212 sunt,
1316 4145 1478 4214 120
1521 4145 1910 4198 benedicentur
1950 4159 2072 4199 cum

499 4245 643 4300 lideli
669 4243 943 4298 Abraham
970 4241 1037 4294 ⁸ο.
1070 4258 1089 4291 ι
1135 4239 1193 4293 Si
1235 4237 1328 4292 Dei
1365 4252 1495 4306 ergo
1542 4237 1929 4305 promissiones
1978 4250 2074 4306 per

497 4336 656 4391 ﬁdem
701 4334 948 4405 patribus
983 4334 1339 4394 obvenerunt,
1365 4328 1616 4384 Christus
1654 4342 1785 4382 vero
1831 4328 2075 4382 minister

2157 488 2237 548 είς
2275 485 2455 550 αὑτὸν,
2485 487 2546 538 οὐ
2575 484 3118 556 καταισχυνϐήσεται.
3152 504 3170 535 ι
3217 486 3282 537 Εἰ
3335 484 3564 554 σύμπας
3609 487 3742 554 ἡμῖν

2155 575 2298 646 ὁτῆς
2328 575 2562 638 πίστεως
2584 577 2728 644 ὅρος,
2755 574 2848 627 καὶ
2877 574 2975 643 τῆς
2995 573 3286 644 ὁμολογίας
3310 575 3346 643 ἡ
3373 575 3634 643 δύναμις,
3663 577 3739 637 εἰς

2159 667 2219 719 τὸ
2259 667 2351 720 τοῦ
2402 667 2640 736 Χριστοῦ
2686 665 3032 736 περιίσταται
3062 665 3374 736 πρόσωπον,
3405 664 3505 716 καὶ
3545 663 3736 734 ὁμολο⁹

2155 755 2378 824 γοῦντες
2402 757 2566 810 αὑτοῦ
2595 757 2686 809 τὸν
2713 756 2939 810 θάνατον
2969 756 3065 809 καὶ
3085 755 3182 827 τὴν
3211 756 3540 817 ἀνάστασιν,
3565 755 3644 816 ὠς
3666 757 3738 814 είς

2156 849 2289 902 Θεὸν
2334 849 2759 913 πεπιστευκότες
2805 848 3181 918 δικαιούμεθαο
3207 846 3291 910 τίς
3332 849 3361 899 6
3397 847 3572 915 φάναι
3615 845 3740 896 Θεὸν

2155 939 2255 991 οὐκ
2305 933 2444 993 εἰναι
2485 939 2699 1008 τολμῶν
2737 939 2919 1004 αὐτὸν,
2963 939 3119 1008 είπερ
3150 939 3265 989 ἐστί
3299 936 3610 1004 κεφάλαιον
3648 935 3738 1002 τῆς

2159 1032 2413 1085 ἁπάντων
2440 1031 2732 1102 σωτηρίας,
2759 1029 2896 1100 Θύρα
2937 1047 2996 1081 τε
3035 1029 3129 1082 καὶ
3159 1028 3297 1092 ὁδὸς,
3326 1028 3426 1096 τῆς
3465 1028 3551 1089 εἰς
3585 1025 3741 1078 αὐτὸν

2158 1123 2394 1185 πίστεως
2421 1125 2452 1194 ὴ
2489 1121 2780 1192 ὁμολογίας
2808 1122 2884 1174 Δι’
2914 1120 3078 1174 αὑτοῦ
3108 1119 3215 1190 γὰρ
3249 1119 3344 1172 καὶ
3376 1121 3438 1170 ὲν
3471 1118 3630 1188 αὐτῷ
3656 1118 3740 1170 καὶ

2157 1214 2321 1276 αὐτὸς
2349 1215 2378 1266 6
2411 1212 2600 1283 Πατὴρ
2630 1212 3048 1282 ἐπιγινώσκεται
3084 1211 3219 1282 πρὸς
3248 1211 3434 1281 ἡμῶν.

2203 1344 2250 1410 χ(
2283 1325 2372 1395 Τῷ
2413 1325 2468 1378 δὲ
2500 1324 2786 1394 δυναμένῳ
2817 1325 2961 1393 ὑμᾶς
3003 1323 3252 1394 στηρίξαι
3280 1321 3427 1376 κατὰ
3481 1322 3546 1373 τὸ
3572 1322 3740 1386 Εὐαγ-

2159 1416 2337 1484 γέλιόν
2383 1433 2482 1486 μου
2519 1417 2614 1470 καὶ
2663 1417 2718 1468 τὸ
2760 1417 3022 1486 κήρυγμα
3060 1415 3234 1485 Ἰησοῦ
3281 1412 3557 1485 Χριστοῦ,

2157 1507 2499 1577 ἀποκάλυψιν
2531 1507 2826 1578 μυστηρίου
2855 1507 3061 1576 χρόνοις
3090 1507 3328 1568 αἰωνίοις
3353 1503 3736 1572 σεσιγημένου.

2159 1601 2295 1651 Φανε
2307 1598 2568 1669 ρωθέντος
2589 1597 2646 1649 δὲ
2666 1597 2758 1650 νῦν
2783 1599 2868 1650 διά
2898 1614 2955 1649 τε
2979 1596 3202 1667 γραφῶν
3224 1595 3598 1665 προφητικῶν
3621 1592 3740 1645 κατ’

3611 1413 3740 1464 κατὰ

2160 1690 2426 1760 ἐπιταγὴν
2455 1688 2546 1742 τοῦ
2582 1688 2804 1740 αἰωνίου
2841 1687 2996 1751 Θεοῦ,
3029 1690 3108 1750 εἰς
3139 1687 3446 1755 ὑπακοὴν11³
3486 1686 3738 1746 πίστεως,
3831 1736 3835 1738 .

2159 1787 2238 1847 εἰς
2271 1785 2450 1837 πάντα
2493 1783 2562 1836 τὰ
2605 1783 2731 1853 ἔθνη
2775 1781 3190 1853 γνωρισθέντος.
3216 1781 3382 1848 Μόνῳ
3417 1779 3576 1848 σοφῷ
3609 1778 3739 1847 Θεῷ.

2159 1871 2246 1925 διὰ
2280 1871 2452 1943 Ἰησοῦ
2482 1870 2741 1942 Χριστοῦ,
2841 1873 2874 1940 ή
2904 1869 3028 1933 δόξα
3055 1870 3149 1922 καὶ
3174 1869 3235 1921 τὸ
3265 1869 3476 1939 κράτος
3505 1871 3589 1930 εἰς
3627 1869 3742 1930 τοὺς

2159 1964 2361 2026 αἰῶνας
2386 1963 2496 2017 τῶν
2517 1962 2748 2016 αἰώνων.
2766 1962 2957 2032 ’Δμήν.
2989 1979 3007 2011 ι
3029 1961 3159 2013 Ἰδοὺ
3183 1959 3247 2028 δὴ
3272 1959 3464 2027 σαφῶς
3491 1959 3554 2012 τὸ
3575 1960 3748 2027 Εὐαγ-

2159 2054 2339 2124 γέλιον
2376 2055 2470 2108 καὶ
2501 2054 2562 2106 τὸ
2589 2055 2853 2124 κήρυγμα
2893 2050 3068 2122 Ἰησοῦ
3097 2049 3336 2120 Χριστοῦ
3371 2068 3537 2120 φησιν
3568 2047 3711 2104 εἶναι
3730 2066 3743 2079 ·

2161 2147 2256 2200 καὶ
2281 2145 2587 2216 κεκρύφθαι
2620 2145 2718 2215 μὲν
2746 2144 2806 2197 τὸ
2833 2144 2920 2196 ἐπ’
2947 2141 3097 2212 αὐτῷ
3127 2143 3456 2211 μυστήριον,
3483 2142 3580 2193 καὶ
3607 2158 3747 2194 σεσι-

2161 2238 2360 2309 γῆσθαι
2394 2238 2605 2308 χρόνοις
2644 2237 2903 2299 αἰωνίοις,
2943 2232 3404 2302 ἀποκαλυφθῆναι
3442 2232 3502 2284 δὲ
3532 2232 3632 2284 νῦν
3676 2234 3745 2295 εἰς

2163 2329 2408 2398 ὑπακοὴν
2440 2329 2675 2390 πίστεως
2702 2329 2780 2390 εἰς
2820 2326 2996 2379 πάντα
3039 2325 3107 2377 τὰ
3134 2323 3287 2394 ἔθνη.
3326 2322 3618 2393 Ἐστράφη
3648 2322 3747 2391 γὰρ

2163 2420 2241 2481 είς
2265 2417 2502 2489 Χριστὸν
2525 2416 2595 2469 τὰ
2618 2416 2743 2486 ἔθνη
2773 2415 2874 2485 τῆς
2897 2412 3247 2484 ψευδωνύμου
3277 2412 3546 2481 λατρείας
3563 2413 3746 2484 ἐξῃρη-

2166 2509 2325 2579 μένα,
2358 2508 2452 2560 καὶ
2485 2507 2562 2569 ὡς
2591 2506 2725 2558 Θεὸν
2752 2505 2914 2559 αὐτὸν
2944 2503 3300 2570 ἐπεγνωκότα
3329 2502 3427 2554 τὸν
3460 2503 3626 2571 φύσει
3664 2502 3747 2555 καὶ

2163 2597 2400 2668 ἀληθῶς.
2425 2597 2535 2651 Καὶ
2579 2598 2628 2649 εἰ
2669 2595 2857 2664 σαφῶς
2885 2595 2971 2647 διὰ
3009 2591 3183 2664 Ἰησοῦ
3214 2593 3463 2664 Χριστοῦ
3513 2591 3747 2662 meson

2164 2689 2318 2753 Θεὸς,
2365 2688 2482 2752 πῶς
2527 2689 2587 2741 οὐ
2627 2687 2772 2757 μέγα
2805 2686 2866 2738 τὸ
2902 2682 3137 2754 Χριστοῦ
3193 2685 3551 2754 μυστήριονς
3601 2685 3662 2736 Εἰ
3700 2683 3748 2737 δὲ

2164 2781 2366 2833 νοεῖται
2423 2778 2546 2832 καθ’
2586 2779 2732 2848 ἡμᾶς
2785 2775 3076 2846 ἄνθρωπος
3132 2773 3348 2838 ἁπλῶς,
3402 2774 3504 2827 καὶ
3539 2773 3660 2844 οῦχί
3699 2773 3749 2825 δὲ

2168 2865 2368 2936 μᾶλλον
2400 2865 2532 2929 Θεὸς
2557 2862 3017 2935 ὲνηνθρωπηκὼς,
3048 2862 3233 2915 οὐκέτι
3265 2863 3442 2933 σοφὸν
3467 2863 3531 2916 τὸ
3555 2864 3750 2933 μυστή-

2171 2973 2304 3026 ριον.

2244 3268 2262 3300 ι
2293 3250 2452 3316 Λέγω
2484 3247 2592 3319 γὰρ
2620 3248 2857 3319 Χριστὸν
2881 3246 3127 3300 διάκονον
3172 3245 3516 3317 γεγενῆσθαι
3547 3264 3750 3318 mpm-

2169 3340 2277 3411 μῆς
2309 3341 2449 3410 ὑπὲρ
2484 3340 2739 3410 ἀληθείας
2773 3339 2929 3402 Θεοῦ,
2963 3341 3042 3401 εἰς
3091 3339 3152 3390 τὸ
3203 3337 3512 3407 βεϐαιῶσαι
3543 3341 3644 3403 τὰς
3670 3342 3752 3391 ἑπ-

2167 3432 2428 3500 αγγελίας
2481 3431 2590 3485 τῶν
2641 3431 2922 3502 πατέρων·
2977 3430 3045 3482 τὰ
3094 3429 3150 3482 δὲ
3196 3429 3327 3500 ἔθνη
3381 3432 3530 3502 ὑπὲρ
3582 3433 3749 3493 ἐλέους

2167 3523 2388 3586 δοξάσαι
2415 3522 2506 3575 τὸν
2533 3523 2688 3576 Θεόν.
2725 3521 3039 3591 Γέγραπται
3074 3521 3206 3590 γάρ,
3235 3522 3323 3574 ὅτι
3369 3540 3390 3572 ¢
3442 3523 3749 3575 'Ezistsacs

2168 3613 2222 3665 δὲ
2259 3613 2510 3683 Ἀϐραὰμ
2540 3612 2617 3683 τῷ
2647 3611 2788 3681 Θεῷ,
2815 3612 2910 3665 καὶ
2947 3611 3202 3682 ἐλογίσθη
3243 3612 3398 3682 αὐτῷ
3443 3616 3529 3676 εἰς
3556 3614 3749 3666 δικαιο-

2171 3703 2352 3774 σύνην.
2392 3723 2410 3755 ι
2447 3705 2675 3774 Εἴρηται
2720 3704 2777 3757 δὲ
2826 3703 2964 3774 πρὸς
2994 3703 3175 3769 αὐτὸν,
3205 3705 3289 3757 ὅτι
3324 3725 3343 3756 ι
3367 3707 3751 3778 Ἐνευλογηθή-

2172 3813 2350 3849 σονται
2383 3798 2440 3849 ὲν
2473 3797 2555 3850 σοὶ
2591 3799 2762 3850 πᾶσαι
2797 3799 2852 3850 αἰ
2901 3796 3064 3866 φυλαὶ
3110 3797 3209 3865 τῆς
3256 3797 3382 3867 γῆς.
3421 3817 3441 3850 ι
3471 3801 3541 3852 Ὃ
3570 3800 3632 3871 δὴ
3668 3801 3747 3852 καί

2173 3887 2340 3953 σαφὲς
2382 3890 2512 3959 ἡμῖν
2561 3888 2735 3940 ὲποίει
2784 3887 2958 3956 λέγων
3003 3891 3031 3941 6
3083 3887 3329 3951 Παῦλοςο
3365 3906 3386 3939 ι
3423 3891 3500 3943 Οὐ
3539 3892 3647 3960 γὰρ
3675 3891 3749 3943 διὲ

2171 3979 2335 4047 νόμου
2363 3981 2396 4044 ὴ
2433 3977 2736 4046 ἐπαγγελία
2777 3977 2853 4048 τῷ
2887 3978 3157 4048 Ἀϐραὰμ,
3188 3981 3267 4042 εἰς
3314 3979 3377 4032 τὸ
3421 3980 3753 4051 κληρονόμον

2171 4070 2333 4124 αὐτὸν
2366 4065 2503 4123 εἶναι
2541 4071 2771 4142 κόσμου,
2801 4071 2937 4125 ἀλλὰ
2981 4071 3070 4124 διὰ
3118 4071 3474 4141 δικαιοσύνης
3535 4076 3631 4126 καὶ
3673 4075 3751 4122 τιξ-

2175 4172 2363 4219 στεως.
2395 4174 2413 4207 ι
2456 4157 2563 4209 Καὶ
2619 4157 2817 4211 πάλιν·
2871 4159 3064 4210 ι”Ωστε
3110 4161 3158 4210 οἰ
3200 4160 3264 4211 ἐκ
3313 4160 3564 4223 πίστεως
3615 4162 3753 4213 εὐλο-

2173 4244 2394 4313 γοῦνται
2431 4247 2528 4299 σὺν
2556 4247 2635 4317 τῷ
2672 4247 2849 4318 πιστῷ
2883 4248 3154 4320 Ἀϐραάμ.
3186 4269 3205 4301 ι
3242 4249 3457 4303 Οὐκοῦν
3483 4253 3538 4304 εἰ
3582 4256 3644 4305 ὲκ
3673 4253 3753 4303 πί-

2178 4353 2346 4400 στεως
2392 4339 2447 4390 αἰ
2494 4338 2821 4406 ἐπαγγελίαι
2870 4338 3102 4393 δίδονται
3141 4342 3251 4402 τοῖς
3301 4343 3556 4411 πατράσι
3619 4344 3752 4414 παρᾶ

497 4429 674 4482 factus
713 4435 816 4491 est,
851 4426 954 4478 hoc
979 4432 1062 4478 est
1086 4421 1374 4484 mediator,
1414 4419 1480 4473 ad
1513 4419 1812 4474 ﬁrmandas
1838 4418 2064 4488 promis-

2175 4425 2335 4491 Θεοῦ,
2373 4428 2560 4496 γέγονε
2615 4429 2794 4483 τοίνυν
2836 4430 3080 4494 διάκονος
3123 4432 3152 4484 6
3202 4432 3465 4500 Χριστὸς,
3514 4435 3752 4488 τουτέστι

499 4521 678 4574 siones
703 4517 1005 4589 patribusa
1033 4515 1142 4570 Deo
1169 4514 1361 4579 factas,
1384 4527 1576 4582 nempe
1599 4512 2069 4582 justiﬁeationem,

498 4626 618 4680 qua:
642 4626 736 4679 per
769 4610 926 4664 iidem
960 4608 1234 4663 obtinetur
1267 4605 1467 4676 (factus
1503 4613 1588 4660 est
1621 4613 1798 4658 autem
1823 4603 2072 4659 Christus

499 4701 766 4766 minister,
797 4701 899 4755 hoc
931 4709 1014 4755 est
1037 4700 1326 4766 mediator,
1351 4713 1458 4752 non
1490 4705 1547 4752 ut
1573 4680 1730 4751 alteri
1761 4696 1919 4751 ﬁdem
1945 4712 2073 4751 con-

502 4791 734 4856 ciliaret,
771 4792 863 4844 sed
887 4801 946 4845 ut
975 4791 1079 4845 sibi
1114 4789 1216 4860 ipsi
1243 4799 1300 4845 et
1338 4789 1485 4844 Patri
1524 4803 1621 4858 per
1647 4787 1951 4860 seipsum):
1986 4787 2072 4842 cui

501 4882 721 4936 dubium
753 4892 1093 4952 essepotest,
1121 4882 1252 4952 quin
1293 4897 1453 4936 verus
1497 4881 1793 4935 secundum
1823 4891 2072 4933 naturam

502 4973 646 5030 Deus
678 4973 940 5029 exsistat?
969 4972 1103 5027 Nam
1138 4982 1194 5028 ut
1220 4974 1409 5029 beatus
1431 4971 1702 5027 Abraham
1742 4959 2091 5041 justiﬁeatus‘

492 5059 588 5123 est
616 5067 669 5122 in
706 5067 872 5122 Deum
905 5068 1153 5132 credens,
1210 5065 1284 5120 ita
1329 5073 1516 5135 gentes
1560 5077 1776 5134 quoque
1808 5061 2074 5134 justiﬁca-

572 5270 620 5302 “
644 5269 800 5324 Rom.
831 5285 885 5336 χ,
914 5267 1067 5323 6-H.

508 5338 552 5370 "
576 5339 747 5393 Galat.
781 5355 861 5404 ιιι,
897 5339 951 5392 9.

1157 5266 1222 5298 ⁸⁵·
1251 5264 1408 5330 Rom,
1460 5279 1570 5330 xw,
1605 5261 1796 5316 ἢεί-27.

1909 5262 1950 5292 ⁸⁷
1979 5263 2137 5318 Rom.
2167 5277 2256 5328 xv,
2287 5261 2342 5327 8,
2385 5264 2453 5329 9;
2498 5279 2569 5330 IV,
2601 5264 2655 5319 5.
2735 5265 2777 5297 ⁸⁸
2802 5265 2937 5322 Gen.
2985 5283 3082 5333 xu,
3127 5267 3182 5324 '5.

2180 4517 2426 4587 μεσίτης,
2461 4521 2538 4582 είς
2584 4517 2644 4571 τὸ
2687 4519 2981 4588 βεὸαιῶσαι
3023 4521 3121 4583 τὰς
3147 4522 3484 4590 ἐπαγγελίας
3524 4525 3627 4590 τὰς
3658 4528 3751 4584 τοῖς

2181 4609 2421 4678 πατράσι
2446 4609 2692 4674 δοθείσας
2724 4612 2873 4680 παρὰ
2901 4611 3060 4677 Θεοῦ,
3091 4614 3338 4666 τουτέστι
3390 4615 3493 4686 τὴν
3540 4617 3632 4670 διὰ
3677 4616 3750 4666 πί-

2183 4718 2354 4764 στεως
2391 4702 2690 4757 δικαίωσιν.
2730 4703 2924 4770 Γέγονε
2965 4704 3142 4758 τοίνυν
3171 4704 3422 4767 διάκονος
3451 4708 3478 4756 6
3505 4707 3748 4775 X91376;

2181 4791 2429 4844 τουτέστι
2459 4793 2708 4862 μεσίτης,
2745 4793 2844 4864 οὐχ
2867 4794 2941 4857 ὡς
2969 4795 3140 4864 ἑτέρῳ
3162 4795 3261 4864 τὴν
3292 4795 3481 4847 πίστιν
3511 4813 3751 4866 πραγμ.

2181 4883 2491 4949 τευόμενος,
2520 4882 2636 4936 ἀλλ’
2662 4883 2737 4946 ὡς
2771 4883 2949 4953 ἐαυτῷ
2979 4884 3179 4954 μᾶλλον
3215 4885 3310 4937 καὶ
3356 4884 3426 4938 δι’
3458 4887 3660 4940 ἑαυτοῦ
3687 4884 3753 4954 τῷ

2181 4972 2377 5042 Πατρί.
2423 4973 2554 5036 Θεὸς
2585 4974 2692 5044 ἄρα
2723 4974 2866 5027 κατὰ
2905 4975 3066 5044 φύσιν
3087 4975 3226 5031 ἐστί.
3265 4975 3630 5030 Δεδικαίωται
3659 4977 3762 5045 γὰρ

2180 5063 2208 5114 ὁ
2247 5065 2514 5136 μακάριος
2552 5065 2804 5136 Ἀϐραὰμ
2853 5065 3235 5132 πεπιστευκὼς
3273 5069 3353 5131 εἰς
3402 5069 3578 5122 Θεόνο
3629 5068 3765 5122 οὕτω

3277 5269 3324 5301 δ’
3347 5267 3510 5324 Rom.
3568 5284 3646 5335 nr,
3680 5267 3759 5323 ιε.

1608 5490 1778 5546 Varia:
1807 5488 2068 5544 lectiones
2091 5489 2295 5545 codicis
2327 5487 2684 5558 Seguieriani.

663 5671 829 5723 ὗποτσ
843 5671 960 5738 γῆν.
