3942 6128
260 263 400 320 139.5

1344 258 1433 314 DE
1470 260 1696 316 RECTA
1737 258 1893 315 FIDE
1929 262 2021 316 AD
2059 260 2375 318 RECINAS.

3366 269 3388 322 1
3400 269 3504 323 526

252 374 313 429 δὲ
339 374 439 429 καὶ
479 373 548 428 τά
573 372 701 445 ἔθνη
737 371 1072 428 δικαιωθεῖεν
1102 371 1169 427 ἀν
1200 374 1258 427 ὲν
1288 375 1456 447 αὐτῷ,
1482 357 1607 441 τοῖς
1630 377 1831 451 ἴχνεσιν

1946 381 2136 432 buntur
2166 379 2221 434 in
2251 380 2390 448 ipso,
2420 380 2463 435 si
2495 381 2738 451 vestigiis
2771 382 2913 436 illius
2949 382 3169 447 innixae,
3203 383 3256 436 in
3297 383 3464 440 Deum
3490 425 3507 450 ,

254 465 424 521 αὐτοῦ
471 464 1037 536 κατακολουθήσαντα,
1072 467 1167 519 καὶ
1222 467 1280 519 ὲν
1322 466 1441 538 Θεῷ
1486 467 1830 534 πιστεύοντα,

253 558 506 614 τουτέστι
538 555 780 628 Χριστῷ.

492 667 588 720 Ἐκ
625 666 735 736 τῆς
772 668 923 736 πρὸς
959 668 1312 747 Κορινθίους
1349 669 1612 740 πρώτης.

329 798 350 830 ι
377 779 490 832 Καὶ
540 777 712 833 ταῦτά
765 797 910 844 τινες
955 776 1056 851 ἦτε
1080 798 1094 812 ’
1149 780 1266 835 ἀλλ’
1295 781 1686 849 ἀπελούσασθε,
1719 781 1833 836 ἀλλ’

248 870 577 941 ἡγιάσθητε,
607 871 723 924 ἀλλ’
755 872 1112 946 ἐδικαιώθητε
1156 875 1212 927 ἐν
1241 873 1318 946 τῷ
1345 875 1568 946 ὀνόματι
1600 875 1693 929 τοῦ
1727 877 1836 930 Κυ-

250 959 370 1029 ρίου
407 960 582 1031 Ἰησοῦ
613 962 873 1033 Χριστοῦ,
907 964 1001 1017 καὶ
1046 964 1104 1016 ὲν
1132 962 1518 1035 τῷΑΠνεύματι
1562 964 1656 1018 τοῦ
1699 963 1832 1017 Θεοῦ

249 1050 430 1121 ἡμῶν.
465 1070 483 1103 ι
527 1052 591 1105 El
618 1053 676 1105 ὲν
704 1053 781 1123 τῷ
809 1052 1035 1125 ὀνόματι
1064 1054 1159 1107 τοῦ
1186 1054 1424 1125 Χριστοῦ
1453 1054 1833 1126 δικαιούμεθα,

246 1141 324 1205 ὡς
350 1142 484 1197 Θεὸν
514 1147 581 1216 τῇ
613 1145 791 1199 πίστει
823 1148 1177 1217 τιμήσαντες,
1205 1147 1299 1200 καὶ
1324 1146 1386 1200 τὸ
1417 1146 1581 1201 αὐτοῦ
1607 1146 1834 1218 Πνεῦμα

246 1232 554 1305 δεχόμενοι,
590 1237 708 1301 πῶς
738 1237 797 1290 οὐ
827 1238 961 1302 Θεὸς
987 1239 1016 1291 6
1042 1239 1310 1310 Χριστός;

584 1369 682 1423 Ἐκ
718 1369 831 1438 τῆς
866 1373 1014 1441 πρὸς
1050 1372 1397 1440 Κορινθίους
1429 1372 1513 1436 β’.

329 1519 349 1551 ι
378 1500 444 1552 Εἰ
472 1502 575 1569 μὲν
597 1501 707 1571 γάρ
724 1504 753 1556 6
780 1503 1074 1574 ἐρχόμενος
1091 1502 1277 1574 ἕτερον
1307 1502 1514 1575 Ἰησοῦν
1543 1503 1832 1575 κηρύσσει,

250 1588 316 1641 6v
358 1591 459 1644 οὐκ
509 1591 973 1665 ἐκηρύξαμενηῆ
1027 1595 1243 1665 πνεῦμα
1286 1595 1473 1665 ἕτερον
1506 1595 1831 1667 λαμϐάνετε,

255 1678 391 1748 παρ’
419 1677 447 1730 6
481 1678 699 1733 ἐλάϐετε
725 1696 739 1710 ·
775 1682 807 1753 ἢ
836 1683 1175 1755 Εὑαγγέλιον
1203 1685 1410 1756 ἕτερον,
1441 1689 1569 1757 παρ’
1596 1686 1625 1740 ὃ
1649 1685 1831 1753 ἐδέξαο

256 1769 373 1822 σθε·
403 1770 584 1835 καλῶς
632 1773 932 1851 ἀνείχεσθε.
970 1793 988 1827 ι
1040 1776 1153 1846 Πρὸ
1190 1776 1300 1829 τῶν
1338 1777 1441 1847 τῆς
1484 1777 1832 1851 ὲνανθρωπή-

256 1876 400 1924 σεως
423 1861 632 1932 καιρῶν
660 1844 834 1927 οὐδεὶς
861 1844 1135 1933 ὀνομάσας
1162 1844 1476 1939 εὑρίσκεται
1495 1869 1586 1923 τὸν
1608 1844 1671 1923 ἐκ
1694 1844 1828 1924 Θεοῦ

254 1948 452 2017 Λόγον,
471 1949 728 2024 Ἰησοῦνῆ
750 1954 984 2024 Χριστόν
1006 1972 1021 1986 ο
1045 1958 1094 2009 εί
1113 1957 1187 2029 μὴ
1216 1956 1324 2028 ἄρα
1354 1959 1494 2014 κατά
1523 1961 1831 2032 πρόγνωσιν

250 2038 761 2114 ὀνομασθησόμενον
788 2044 947 2099 τοῦτο
976 2047 1119 2102 κατά
1144 2053 1388 2121 καιροὺς,
1414 2053 1502 2105 ὅτε
1524 2054 1620 2107 καὶ
1638 2054 1831 2121 γέγονε

258 2126 636 2199 σάρξ.”ονομα
668 2133 848 2188 τοίνυν
884 2135 1068 2189 καινὸν
1086 2136 1250 2208 παύτῷ
1278 2139 1357 2203 τὸ,
1376 2140 1603 2211 Ἰησοῦς,
1624 2142 1713 2195 ὅτε
1742 2142 1835 2211 γέ-

250 2232 419 2283 γονεν
467 2221 771 2292 ἄνθρωπος.
791 2225 931 2279 Ἀλλ’
962 2229 1011 2281 εί
1061 2226 1162 2298 μὲν
1192 2229 1268 2293 ὡς
1305 2230 1438 2295 Θεὸς
1475 2232 1830 2304 κηρύσσεται,

246 2309 342 2361 καὶ
385 2306 465 2374 εἷς
492 2310 566 2364 ὢν
597 2312 679 2385 (ού
714 2314 821 2386 γὰρ
851 2315 1037 2388 ἕτερός
1065 2336 1149 2383 τις
1176 2323 1306 2392 παρ’
1336 2323 1518 2386 αὐτὸν,
1549 2324 1609 2378 ὃν
1639 2324 1833 2380 δύναν-

245 2417 335 2455 ται
383 2404 617 2474 κηρύξαι
654 2408 842 2478 τινὲς).
865 2404 925 2462 εὖ
951 2410 1017 2464 ἂν
1049 2409 1183 2481 ἔχοι,
1210 2414 1305 2467 καὶ
1333 2413 1454 2486 Θεῷ
1478 2415 1829 2488 λατρεύομεν.

249 2492 313 2545 Εἰ
357 2493 421 2546 δὲ
451 2494 653 2564 μέτρον
679 2497 825 2567 αύτῷ
850 2499 910 2552 τὸ
932 2501 1030 2570 τῆς
1058 2501 1478 2575 ἀνθρωπότητός
1501 2506 1616 2559 ἐστι
1651 2506 1830 2576 μόνον.

250 2583 350 2636 καὶ
403 2583 533 2654 ψιλῇ
580 2587 886 2655 προσώπων
931 2591 1124 2646 ὲνὼσει
1175 2595 1495 2665 τετίμηται·
1539 2598 1837 2652 κεκένωται

251 2672 358 2742 τῆς
390 2672 623 2738 πίστεως
642 2679 674 2746 ἡ
684 2677 800 2747 μῶν
822 2681 850 2733 6
875 2680 1329 2754 λόγος,ἀνθρώπῳ
1352 2686 1642 2755 προσάγων
1663 2688 1834 2756 ἡμᾶς,

254 2761 354 2814 καὶ
383 2761 443 2814 ού
473 2762 611 2834 Θεῷ.
631 2766 789 2821 Ἀλλά
809 2768 966 2823 τοῦτο
996 2772 1273 2836 δυσσεϐἐς.
1301 2774 1431 2838 Θεὸς
1453 2776 1561 2846 ἄρα
1581 2775 1837 2846 Χριστὸς,

259 2852 361 2905 xot‘t
392 2852 540 2917 Υἱὸς,
573 2858 651 2921 ὡς
677 2860 771 2913 τοῦ
797 2861 933 2915 Θεοῦ
969 2864 1145 2933 Λόγου
1180 2867 1382 2937 σαρκὸς
1411 2869 1718 2937 γεγονότος.

1937 468 2040 525 hoc
2070 477 2155 525 est
2185 469 2237 524 in
2266 470 2545 525 Christum
2568 472 2920 528 crediderint.

2344 666 2431 722 Ea:
2460 671 2627 738 priori
2666 671 2735 724 ad
2771 670 3093 725 Corinthios.

2009 790 2030 824 ι
2057 770 2125 826 Ει
2174 771 2291 827 haec
2334 775 2552 843 quidam
2608 775 2833 832 fuistis:
2867 778 2960 831 sed
3007 778 3173 831 abluti
3221 780 3377 846 estis,
3411 783 3503 837 sed

1935 864 2257 918 sanctiﬁcati
2279 866 2526 929 estis,scd
2536 865 2818 933 iustificati
2834 871 2967 924 estis
2984 870 3036 923 in
3060 871 3277 926 nomine
3296 873 3506 928 Domini

1936 955 2104 1010 nostri
2132 952 2257 1010 Jesu
2287 954 2511 1023 Christi,
2546 968 2601 1012 et
2626 959 2676 1012 in
2695 958 2897 1030 Spiritu
2923 961 3015 1015 Dei
3044 967 3208 1025 nostri
3239 962 3341 1017 δι.»
3370 964 3503 1018 Cum

1936 1045 1989 1099 in
2014 1047 2231 1099 nomine
2251 1044 2455 1102 Christi
2477 1049 2850 1117 jttstiﬁcemur,
2876 1065 3105 1119 eumque
3132 1051 3234 1106 ﬁde
3258 1066 3314 1106 ιιι
3339 1053 3503 1107 Deum

1934 1150 2276 1204 veneremur,
2307 1139 2659 1207 ejusdemque
2694 1140 2897 1208 Spiritu
2934 1143 3346 1213 locupletemur,
3378 1160 3508 1213 quo-

1936 1227 2094 1285 modo
2129 1244 2232 1284 non
2264 1230 2369 1284 erit
2407 1228 2549 1284 Deus
2573 1230 2867 1286 Christus?
2978 1226 2985 1231 ’

2294 1363 2378 1416 Εσε
2404 1366 2685 1433 posteriori
2713 1367 2780 1418 ad
2822 1365 3145 1424 Corinthios.

2011 1509 2030 1544 ι
2069 1491 2203 1546 Nam
2233 1493 2276 1547 si
2309 1482 2499 1563 isiqui
2548 1496 2712 1561 venit,
2763 1497 2928 1552 alium
2984 1498 3170 1555 Iesum
3224 1504 3503 1577 praedicat,
3609 1506 3618 1516 ’

1933 1597 2092 1653 quem
2118 1599 2223 1638 non
2254 1585 2701 1655 praedicavimus,
2736 1599 2826 1643 aut
2870 1590 3036 1672 alium
3070 1594 3316 1661 spiritum
3356 1598 3504 1652 acci—

1934 1673 2082 1743 pitis,
2116 1689 2275 1745 quem
2309 1692 2413 1730 non
2445 1678 2771 1746 accepistis:
2807 1690 2901 1733 aut
2942 1681 3084 1737 aliud
3130 1684 3501 1756 Evangelium,

1935 1767 2076 1835 quod
2128 1782 2233 1821 non
2285 1767 2566 1836 recepistis
2599 1785 2615 1822 :
2645 1782 2788 1824 recte
2841 1777 3248 1841 pateremini".
3296 1799 3316 1830 ι
3364 1782 3507 1836 Ante

1935 1857 2029 1913 Dei
2061 1854 2296 1912 Verbum
2330 1858 2667 1915 incarnatum
2700 1862 2876 1916 nullus
2919 1877 3227 1933 compertus
3257 1881 3373 1933 est,
3413 1873 3507 1940 qui

1936 1958 2031 2002 aut
2084 1947 2288 2012 Jesum,
2339 1958 2433 2005 aut
2487 1950 2767 2009 Christum
2820 1952 2947 2007 illud
3006 1958 3349 2029 nominaret;
3402 1963 3507 2018 nisi

1937 2038 2205 2109 quispiam
2246 2038 2425 2095 forsan
2458 2041 2760 2097 futurorum
2785 2047 3039 2111 praescius
3081 2048 3229 2114 olim,
3259 2065 3383 2106 cum
3423 2053 3508 2109 ni-

1942 2131 2136 2184 mirum
2165 2146 2293 2185 caro
2323 2131 2524 2186 factum
2561 2143 2725 2198 esset,
2768 2134 2870 2190 hoc
2916 2138 3133 2194 nomine
3180 2143 3505 2211 appellatum

1941 2222 2006 2276 iri
2041 2224 2367 2290 praedixerit.
2399 2222 2607 2279 Nomen
2651 2226 2753 2279 hoc
2792 2225 2977 2295 itaque
3005 2226 3198 2293 Jesus,
3230 2232 3390 2286 simul
3419 2244 3506 2288 at—

1941 2328 2045 2380 que
2071 2314 2266 2369 factum
2296 2322 2379 2369 est
2404 2315 2589 2381 homo,
2613 2331 2808 2370 novum
2841 2320 3151 2387 impositum
3181 2332 3264 2376 est
3297 2322 3392 2377 illi.
3439 2325 3512 2379 At

1942 2420 2070 2460 vero
2107 2406 2151 2459 si
2182 2414 2240 2460 ut
2269 2404 2410 2461 Deus
2441 2407 2555 2460 orbi
2581 2409 2948 2474 annuntiatur,
2980 2420 3034 2466 et
3064 2427 3202 2467 unus
3233 2414 3505 2470 nihilomi-
3578 2470 3581 2471 ν

1943 2511 2044 2551 nus
2066 2505 2154 2550 est
2184 2495 2382 2566 (neque
2410 2498 2553 2551 enim
2589 2508 2673 2552 est
2695 2498 2830 2553 alius
2861 2509 3053 2569 praeter
3077 2502 3246 2570 illum,
3288 2508 3377 2576 qui
3413 2524 3503 2561 an-

1940 2587 2175 2641 nuntiari
2213 2587 2426 2658 possit),
2461 2588 2598 2643 bene
2623 2604 2710 2644 res
2746 2590 2927 2646 habet.
2979 2592 3089 2648 Deo
3114 2598 3256 2650 enim
3302 2601 3508 2657 servire

1940 2679 2263 2733 invenimur.
2290 2679 2444 2745 Quod
2480 2680 2524 2734 si
2553 2694 2682 2735 vero
2709 2681 2835 2736 solae
2863 2684 3113 2741 humanae
3144 2698 3351 2744 naturae
3381 2678 3512 2746 con-

1942 2771 2173 2826 ditioncs
2211 2771 2264 2825 in
2293 2772 2442 2827 illum
2465 2772 2815 2840 conveniunt,
2849 2790 2947 2830 nec
2974 2776 3132 2830 aliam
3163 2779 3232 2832 oh
3262 2795 3507 2848 causam,

1942 2878 2103 2933 quam
2139 2872 2360 2933 propter
2396 2864 2593 2919 nudam
2620 2864 2766 2919 illam
2812 2867 3218 2939 simplicemque
3254 2885 3511 2940 persona-

262 2957 387 2998 rum
429 2949 741 3008 societatem
786 2955 982 3012 colitur
1018 2972 1033 3009 :
1083 2959 1257 3016 inanis
1300 2962 1540 3031 proiecto
1577 2972 1662 3019 est
1716 2962 1836 3017 ﬁdei
1877 2971 2079 3017 nostras
2121 2959 2284 3026 ratio,
2348 2968 2404 3014 ut
2450 2973 2570 3029 quae
2606 2974 2710 3014 non
2743 2960 2853 3017 Deo
2887 2976 2984 3017 nos
3057 2964 3379 3034 coniungat,
3417 2969 3511 3022 sed

268 3043 497 3100 homini.
533 3046 695 3117 Atqui
734 3047 848 3106 haec
871 3052 1111 3108 doctrina
1151 3068 1235 3110 εει
1299 3056 1458 3126 plane
1504 3058 1687 3128 impia.
1730 3056 1873 3113 Deus
1943 3054 2129 3127 itaque
2167 3052 2439 3111 Christus.
2479 3062 2534 3110 et
2577 3053 2777 3120 Filius;
2824 3071 2944 3112 cum
2987 3056 3224 3115 Verbum
3268 3062 3339 3115 sit
3386 3078 3512 3117 caro

269 3135 494 3192 factum.

672 3250 775 3307 Ἐκ
812 3253 920 3324 τῆς
956 3257 1105 3326 πρὸς
1140 3261 1438 3328 Γαλάτας.

351 3381 370 3414 ι
399 3363 695 3432 Θαυμάζω,
743 3367 824 3420 ὅτι
872 3368 1013 3422 οῦτω
1060 3372 1270 3440 ταχέως
1330 3375 1685 3443 μετατίθεσθε
1733 3376 1844 3429 ἀπὸ

271 3453 366 3506 τοῦ
408 3453 735 3518 καλέσαντος
763 3458 906 3528 ὑμᾶς
945 3463 1003 3513 ὲν
1045 3463 1225 3530 χάριτι
1259 3465 1515 3533 Χριστοῦ,
1547 3468 1628 3528 είς
1656 3466 1842 3536 ἕτερον

277 3543 638 3611 Εὐαγγέλιον·
682 3547 711 3598 6
739 3548 838 3599 οὐκ
871 3548 1015 3603 ἐστιν
1056 3552 1183 3604 ἄλλο
1207 3571 1219 3585 ·
1252 3555 1301 3605 εἰ
1348 3556 1421 3624 μή
1452 3556 1597 3618 τινές
1625 3557 1762 3609 εἰσιν
1793 3558 1843 3609 οἱ

275 3632 639 3701 ταράσσοντες
689 3636 871 3704 ὑμᾶς,
918 3641 1010 3691 καὶ
1061 3640 1304 3705 θέλοντες
1361 3644 1730 3714 μεταστρέψαι
1781 3645 1844 3697 τὸ

279 3720 610 3791 Εύαγγέλιον
639 3725 732 3777 τοῦ
759 3727 1016 3798 Χριστοῦ.
1044 3730 1204 3784 Ἀλλά
1229 3732 1323 3785 κα)⁸
1351 3733 1447 3786 ἐὰν
1474 3734 1654 3803 ἡμεῖς,
1680 3735 1713 3804 ἢ
1740 3734 1842 3802 ἀγι-

271 3811 433 3878 γελος
460 3811 519 3876 ἐξ
549 3813 777 3881 ούρανοῦ
805 3817 1226 3890 εὐαγγελίσηται
1255 3822 1384 3892 ὑμῖν
1411 3825 1537 3893 παρ’
1559 3823 1587 3876 ὃ
1614 3825 1845 3894 εὐηγγε-

266 3901 546 3974 λισάμεθα
587 3907 734 3976 ὑμῖν,
767 3909 1013 3979 ἀνάθεμα
1044 3911 1202 3967 ἔστω.
1234 3932 1252 3966 ι
1294 3915 1357 3968 Et
1386 3915 1443 3968 ἒν
1469 3917 1616 3970 ἐστιν
1662 3918 1843 3985 Εὐαγ-

268 3995 453 4063 γέλιον
496 3998 557 4050 τὸ
597 3996 822 4068 λαληθὲν
867 4001 1052 4073 ἁπάσῃ
1094 4006 1159 4075 τῇ
1203 4006 1294 4058 ὑπ’
1331 4006 1561 4077 οὐρανὸν
1601 4008 1687 4062 διὰ
1733 4008 1843 4064 τῶν

273 4085 446 4153 ἁγίων
494 4091 890 4158 μυσταγωγῶν,
923 4092 1082 4147 τοῦτο
1131 4095 1189 4148 δέ
1233 4097 1381 4150 ἐστιν
1409 4099 1442 4168 ἡ
1477 4099 1661 4162 πίστις
1694 4101 1726 4170 ἡ
1763 4102 1843 4163 είς

271 4175 528 4246 Χριστόν·
562 4178 677 4244 πῶς
719 4182 780 4234 ού
827 4183 959 4247 Θεὸς
1000 4186 1083 4256 εἴη
1134 4186 1200 4239 ἂν
1232 4187 1456 4260 ἀληθὴς,
1487 4190 1646 4262 εἴπερ
1693 4192 1842 4245 ἐστὶν

273 4265 566 4333 ἀναγκαῖον
593 4269 892 4338 ὁμολογεῖν,
922 4273 998 4336 ὡς
1019 4276 1081 4328 ἐκ
1111 4274 1214 4344 τῆς
1243 4278 1475 4348 ἀρχαίας
1507 4280 1716 4352 πλάνης
1752 4299 1843 4335 κε·-

274 4354 374 4425 κλή
385 4357 523 4426 μεθα
554 4360 688 4430 πρὸς
718 4362 1010 4431 ἐπίγνωσιν
1036 4365 1129 4418 τοῦ
1158 4369 1298 4421 κατά
1321 4369 1482 4439 φύσιν
1503 4371 1654 4437 ὄντος
1674 4374 1838 4441 Θεοῦ;

272 4445 476 4516 Θαρσεῖ
503 4449 559 4501 δὲ
587 4451 838 4506 τοσοῦτον
870 4456 899 4506 6
933 4456 1201 4528 μακάριος
1235 4460 1466 4527 Παῦλος,
1501 4463 1576 4528 ὡς
1603 4467 1696 4518 καὶ
1742 4467 1842 4535 ἀγ-

273 4536 463 4603 γέλους
493 4539 928 4611 ἀναθεματίζειν,
954 4549 1003 4599 εί
1032 4547 1096 4616 δὴ
1128 4552 1558 4623 μεταστρέψειαν
1583 4557 1643 4610 τὸ
1661 4558 1840 4627 Εὐαγ-

274 4628 451 4695 γέλιον
488 4630 580 4682 τοῦ
615 4632 872 4702 Χριστοῦ.

351 4716 509 4768 «Ὅτε
545 4717 601 4769 δὲ
637 4720 933 4793 ηὐδόκησεν
961 4726 990 4777 6
1021 4726 1152 4791 Θεὸς
1185 4731 1213 4783 6
1247 4732 1514 4802 ἀφορίσας
1544 4752 1611 4805 με
1638 4737 1701 4790 ἐκ
1731 4753 1839 4792 κοι-

274 4805 394 4901 λίας
426 4809 629 4901 μητρός
648 4828 775 4901 μου,
798 4815 1147 4887 ἀποκαλύψαι
1166 4823 1256 4874 τὸν
1279 4824 1405 4878 Υίὸν
1429 4814 1593 4881 αὑτοῦ
1618 4832 1675 4882 ὲν
1696 4830 1839 4901 ἐμοὶ,

274 4894 362 4948 ἵνα
402 4900 837 4972 εὐαγγελίζωμαι
867 4907 1028 4961 αὑτὸν
1058 4911 1114 4963 ὲν
1144 4915 1257 4977 τοῖς
1293 4914 1520 4982 ἔθνεσιν,
1548 4919 1749 4985 εὐθέως
1781 4922 1841 4974 ού

277 4988 695 5079 προσανεθέμην
730 4996 892 5065 σαρκὶ
939 4999 1033 5051 καὶ
1067 5001 1278 5071 αἵματι,
1311 5007 1432 5059 οὐδὲ
1484 5009 1714 5079 ἀνῆλθον
1762 5013 1842 5077 είς

290 5076 633 5175 Ἰεροσόλυμα
661 5085 795 5154 πρὸς
825 5087 949 5150 τοὺς
999 5091 1105 5161 πρὸ
1150 5094 1284 5163 ἐμοῦ
1316 5076 1664 5165 ἀποστόλους.
1702 5122 1720 5154 ι
1754 5103 1843 5175 Τῷ

282 5171 389 5261 γὰρ
437 5169 586 5261 ἀπαξ
632 5173 729 5243 τὴν
779 5179 843 5228 ἐκ
895 5179 1029 5233 Θεοῦ
1079 5184 1291 5255 λαχόντι
1325 5192 1714 5261 μυσταγωγίαν
1748 5169 1842 5249 καὶ

272 5258 635 5328 ἀποκάλυψιν,
658 5263 755 5315 οὐκ
779 5265 887 5318 ἔδει
911 5269 1010 5339 τῆς
1028 5270 1086 5335 ἐξ
1110 5274 1412 5345 ἀνθρώπων
1442 5281 1836 5352 παιδαγωγίας.

274 5348 419 5418 Πλὴν
465 5350 640 5404 ἐκεῖνό
683 5371 881 5423 φαμεν·
912 5359 1047 5414 Τίνα
1076 5363 1424 5435 ἀπεκάλυψεν
1471 5371 1499 5421 6
1530 5348 1719 5443 Πατὴρ
1762 5373 1839 5444 τῷ

274 5439 529 5510 μακαρίῳ
562 5442 834 5518 Παύλῳ,ἢ
866 5448 989 5503 τίνα
1011 5455 1378 5526 προστέταχεν
1411 5460 1469 5513 ὲν
1489 5464 1600 5525 τοῖς
1629 5462 1838 5518 ἔθνεσιν

2172 3336 2213 3345 _
2274 3256 2427 3326 12],
2464 3255 2550 3310 Ea:
2584 3256 2823 3328 Epistola
2855 3262 2925 3315 ad
2957 3260 3194 3318 Galatas.

2019 3389 2038 3422 ε
2069 3369 2254 3438 Miror,
2295 3370 2436 3439 quod
2466 3371 2545 3426 sic
2581 3383 2690 3427 tam
2740 3374 2848 3428 cito
2902 3376 3288 3433 transierimini
3344 3381 3413 3435 ab
3447 3397 3516 3438 eo

1943 3461 2033 3530 qui
2059 3476 2155 3516 vos
2181 3463 2392 3516 vocavit
2439 3462 2493 3517 in
2530 3466 2758 3532 gratiam
2795 3465 3019 3533 Christi,
3058 3468 3112 3524 iit
3155 3469 3299 3525 aliud
3336 3470 3515 3527 Evan-

1944 3547 2181 3617 gelium:
2224 3551 2363 3617 quod
2410 3565 2517 3605 non
2562 3564 2645 3606 est
2693 3555 2859 3622 aliud,
2889 3557 2990 3615 nisi
3041 3569 3170 3614 sunt
3199 3560 3391 3632 aliqui,
3418 3565 3512 3633 qui
3612 3557 3615 3560 ’

1944 3651 2040 3692 vos
2083 3639 2434 3706 perturbant,
2483 3649 2538 3695 et
2574 3655 2895 3699 convertere
2939 3647 3125 3702 volunt
3162 3649 3511 3721 Evangelium

1945 3724 2167 3781 Christi.
2196 3727 2301 3784 Sed
2331 3728 2459 3783 licet
2493 3744 2613 3795 nos,
2651 3741 2744 3787 aut
2777 3736 3003 3804 angelus
3027 3736 3095 3791 de
3117 3739 3256 3795 coelo
3282 3755 3515 3812 evange-

1944 3815 2071 3872 lizet
2092 3819 2244 3873 vobis
2273 3828 2628 3889 praeterquam
2656 3827 2798 3891 quod
2826 3828 3313 3895 evangelizavimus
3336 3836 3510 3899 vobis,

1944 3909 2230 3963 anathema
2260 3910 2331 3965 sit
2349 3910 2417 3965 ⁸³.
2456 3929 2476 3962 ι
2519 3910 2577 3967 Si
2604 3929 2767 3969 unum
2792 3924 2997 3971 tantum
3029 3929 3113 3973 est
3143 3918 3511 3991 Evangeliutn,

1944 3999 1997 4054 in
2031 3992 2286 4056 universo
2318 4011 2583 4059 terrarum
2618 4005 2748 4062 orbe
2774 4021 2871 4077 per
2912 4022 3099 4064 sacros
3133 4014 3512 4082 mysteriorum

1945 4092 2192 4150 doctores
2239 4096 2698 4166 depraedicatum,
2749 4101 2852 4155 hoc
2896 4111 3075 4157 autem
3129 4116 3211 4159 est
3272 4106 3402 4162 tldes
3462 4109 3515 4163 in

1943 4180 2241 4253 Christum,
2287 4191 2557 4256 quomodo
2597 4189 2699 4246 hoc
2730 4206 2835 4246 non
2870 4202 2953 4247 est
2986 4207 3146 4248 verus
3194 4193 3380 4252 Deus?
3406 4198 3516 4253 Ne-

1942 4276 2057 4345 gari
2088 4277 2231 4332 enim
2260 4278 2410 4334 nullo
2441 4281 2599 4337 modo
2638 4292 2833 4352 potest,
2870 4284 2939 4338 ab
2976 4286 3197 4354 antiquo
3235 4304 3419 4345 errore
3448 4294 3515 4344 ad

1944 4368 2058 4421 veri
2108 4370 2480 4448 natural‘isque
2534 4374 2627 4430 Dei
2679 4377 3008 4444 agnitionem
3063 4379 3355 4435 translatos
3418 4396 3516 4435 nos

1942 4472 2083 4514 esse.
2131 4458 2303 4515 Tanta
2337 4474 2518 4518 autem
2550 4474 2634 4521 est
2669 4465 2810 4521 beati
2839 4466 2987 4521 Pauli
3019 4467 3209 4524 fiducia
3230 4510 3246 4535 ,
3284 4482 3341 4524 ut
3369 4471 3516 4540 ipsos

1942 4551 2106 4605 etiam
2135 4555 2353 4624 angelos
2384 4557 2715 4611 anathemati
2743 4559 3012 4629 subjicere
3058 4577 3161 4616 non
3203 4563 3430 4630 dubitet,
3468 4566 3515 4624 si

1870 4623 1914 4677 Ῑ)
1942 4638 2082 4695 forte
2110 4623 2311 4703 Christi
2345 4645 2690 4715 Evangelium
2717 4623 3025 4716 pervertere
3061 4655 3406 4708 tentaverint.

2024 4751 2043 4784 ι
2081 4733 2216 4802 cum
2251 4745 2431 4794 autem
2464 4739 2665 4808 placuit
2695 4741 2793 4805 illi,
2837 4742 2928 4812 qui
2973 4758 3060 4799 me
3100 4748 3399 4815 segregavit
3444 4764 3513 4804 ex

1947 4832 2100 4880 utero
2128 4829 2320 4902 matris
2342 4845 2496 4898 meae,
2530 4841 2582 4886 ut
2623 4832 2888 4889 revelaret
2909 4833 3105 4890 Filium
3128 4853 3281 4891 suum
3316 4839 3370 4892 in
3404 4856 3511 4905 me,

1946 4923 2006 4969 ut
2035 4918 2461 4987 evangelizarem
2510 4922 2659 4976 illum
2704 4925 2755 4977 in
2797 4927 3065 4993 gentibus,
3098 4930 3354 4983 continuo
3406 4946 3511 4983 non

1945 5009 2189 5078 acquievi
2225 5013 2373 5067 carni
2404 5023 2459 5067 et
2499 5015 2745 5085 sanguini
2774 5035 2788 5069 :
2838 5033 3010 5088 neque
3049 5021 3167 5073 veni
3201 5018 3511 5089 Hierosoly-

1946 5116 2089 5155 mam
2139 5102 2205 5154 ad
2255 5113 2627 5162 antecessores
2666 5123 2814 5164 meos
2855 5111 3131 5177 apostolos
3165 5110 3231 5164 “.
3290 5129 3308 5161 ι
3368 5110 3511 5167 Sane

1944 5191 2035 5259 qui
2075 5206 2105 5244 a
2160 5192 2269 5247 Deo
2320 5195 2619 5251 divinorum
2683 5200 3060 5270 mysteriorum
3110 5202 3409 5255 doctrinam
3457 5215 3513 5258 et

1950 5282 2327 5338 revelationem
2356 5287 2628 5351 hauserat,
2663 5288 2708 5344 is
2744 5290 2978 5344 humana
3019 5292 3357 5348 institutione
3383 5309 3513 5347 neu-

1948 5380 2148 5448 tiquam
2187 5382 2478 5453 indigebat.
2518 5384 2714 5441 Verum
2748 5390 2888 5441 istud
2921 5387 3131 5442 interim
3168 5391 3511 5445 adversarios

1946 5472 2426 5543 interrogaverim,
2475 5477 2814 5546 qualemnam
2854 5477 3089 5535 caelestis
3138 5478 3298 5535 Pater
3355 5480 3514 5535 beato

345 5617 386 5644 5‘
414 5615 428 5665 Ι
461 5615 586 5673 Cor.
623 5635 694 5687 vn,
733 5623 829 5691 tl.
891 5628 936 5658 ”
963 5627 1000 5680 Il
1025 5627 1151 5684 Cor.
1183 5648 1258 5697 XI,
1302 5639 1342 5688 λ.
1421 5637 1660 5694 l"Galnt.
1700 5657 1736 5703 t,
1775 5640 1890 5696 6-8.
1968 5647 2008 5677 ⁵⁸
2038 5646 2166 5701 ibid.
2204 5649 2390 5704 l5-l7.
