3942 6128
451 235 585 292 i527

1411 234 1483 294 VS.
1521 237 1790 294 CYRILLI
1833 237 2292 296 ALEXANDRINI
2331 243 2647 301 ARClllEP.

3501 239 3698 296 ’1321

446 353 612 408 Paulo
627 352 962 422 patefecerit,
977 351 1316 421 quamiemve
1332 353 1576 419 gentibus
1591 356 2008 410 annuntiandum

2120 361 2608 430 εὐαγγελίσασθαι;
2631 355 2742 429 ἆρα
2765 357 2897 410 Θεὸν
2917 355 3112 424 Λόγον,
3155 355 3249 408 καὶ
3268 354 3399 408 Υἱὸν
3426 358 3692 426 μονογενῆ

445 443 827 498 mandaverit?
856 442 1104 512 Nunquid
1141 441 1234 498 Dei
1275 441 1508 497 Verbum
1559 445 1708 498 carni
1756 460 1860 498 nou
1897 445 2015 497 uni-

447 544 558 588 tum
586 577 600 600 ,
629 543 722 588 aut
752 534 1106 603 unigenitum,
1140 533 1410 588 hominem
1443 535 1740 587 secundum
1775 535 2013 586 divinam

445 625 900 693 dispensationem
947 637 1051 675 non
1101 621 1345 676 factum?
1380 622 1535 675 Absit
1568 631 1623 675 ut
1670 623 1782 676 hazc
1838 624 1908 675 ita
1957 636 2016 675 se

446 716 698 770 habeant.
746 713 1101 766 Annuntiavit
1154 714 1295 764 enim
1347 713 1592 764 eumdem
1645 711 1810 764 Deum
1857 711 2014 766 simul

444 815 499 861 et
540 807 844 870 hominem,
895 818 1096 858 vocans
1143 802 1334 857 Filium
1385 812 1438 857 et
1487 803 1768 856 Dominum
1829 801 2012 858 Jesum

443 896 743 952 Christum.

520 1002 538 1037 ι
580 983 829 1039 Scientes
860 991 1040 1038 autem
1079 983 1219 1051 quod
1255 997 1361 1035 non
1397 981 1727 1050 justiiicatur
1755 982 1914 1036 homo
1945 996 2010 1034 ex

441 1075 693 1147 operibus
723 1075 877 1145 legis,
912 1074 1014 1128 nisi
1047 1088 1142 1143 per
1191 1073 1344 1126 iidem
1383 1071 1510 1126 Jesu
1544 1073 1740 1126 Christi
1775 1091 1787 1125 :
1830 1080 1883 1126 et
1915 1087 2014 1126 nos

443 1169 495 1222 iu
527 1167 744 1223 Christo
792 1166 918 1221 Jesu
964 1165 1258 1229 credimus,
1312 1174 1369 1217 ut
1417 1163 1775 1231 justilicemur
1807 1177 1871 1217 ex
1908 1163 2013 1217 iide

439 1257 670 1322 Christi,
701 1265 889 1311 etnon
931 1269 994 1309 ex
1039 1255 1294 1323 Operibus
1335 1251 1468 1321 legis
1495 1253 1561 1307 ⁸⁸.
1599 1271 1617 1303 ι
1651 1252 1706 1306 Si
1747 1253 1800 1305 in
1845 1251 2011 1306 Deum

442 1346 1110 1415 credere,justiiicationis
1144 1344 1390 1398 mercede
1423 1354 1678 1412 pensatur
1708 1345 1835 1412 (hac
1865 1343 2011 1397 enim

443 1437 529 1492 via
581 1438 816 1507 majores
859 1436 1028 1489 nostri
1069 1434 1354 1503 justiiicati
1403 1444 1572 1487 sunt:
1615 1435 1875 1500 scriptum
1929 1442 2011 1488 est

445 1543 677 1597 namque
704 1545 718 1582 :
755 1526 1024 1582 «Credidit
1051 1524 1321 1577 Abraham
1350 1522 1478 1588 Deo,
1498 1533 1551 1577 et
1577 1533 1822 1591 reputata
1854 1534 1935 1576 est
1961 1524 2010 1576 ei

446 1621 575 1673 tides
597 1617 940 1687 adjustitiani
959 1617 1082 1686 ³⁵),ι
1110 1617 1266 1705 ³22
1284 1617 1552 1686 quomodo
1575 1612 1889 1670 Emmanuel
1904 1631 2008 1670 non

2117 451 2215 520 οὐχ
2249 451 2516 504 ἐνωθέντα
2549 449 2734 520 σαρκὶ,
2767 447 2861 500 καὶ
2897 445 3186 515 γενόμενον
3229 445 3520 514 ἄνθρωπον
3556 446 3698 497 οἰκο-

2117 538 2390 608 νομικῶς;
2421 536 2552 591 Εἶτα
2580 539 2695 602 πῶς
2735 537 2893 590 τοῦτό
2922 538 3069 588 ἐστιν
3107 535 3342 605 ἀληθές;
3393 536 3696 604 Διεκήρυξε

2116 630 2224 700 γὰρ
2259 630 2544 702 ἄνθρωπόν
2577 647 2634 682 τε
2665 629 2797 700 ὁμοῦ
2831 629 2926 682 καὶ
2953 628 3085 680 Θεὸν
3119 626 3212 678 τὸν
3253 626 3418 678 αὐτὸν
3449 625 3544 678 καὶ
3574 625 3694 689 ἕνα,

2116 719 2288 788 λέγων
2324 720 2448 773 Υἰὸν
2480 722 2573 774 καὶ
2603 719 2808 791 Κύριον
2844 717 3050 789 Ἰησοῦν
3079 717 3333 788 Χριστόν.

2192 1004 2210 1036 ι
2249 984 2465 1048 Είδότες
2491 983 2546 1037 δέ
2572 985 2652 1037 ὅτι
2677 984 2737 1036 οὐ
2769 981 3070 1037 δικαιοῦται
3110 979 3397 1050 ἄνθρωπος
3423 979 3484 1044 ἐξ
3520 979 3702 1048 ἔργων

2119 1077 2306 1146 νόμου,
2328 1077 2422 1128 ἐὰν
2449 1076 2523 1146 μὴ
2549 1075 2636 1128 διὰ
2661 1075 2894 1137 πίστεως
2922 1071 3097 1145 Ἰησοῦ
3120 1069 3358 1141 Χριστοῦ
3377 1086 3390 1098 ·
3411 1071 3512 1122 καὶ
3537 1072 3700 1140 ἡμεῖς

2115 1168 2195 1230 είς
2224 1167 2457 1238 Χριστὸν
2493 1165 2695 1236 Ἰησοῦν
2727 1163 3150 1232 ἐπιστεύσαμεν,
3183 1162 3271 1214 ῖνα
3308 1159 3701 1229 δικαιωθῶμεν

2114 1260 2179 1311 ἐκ
2207 1257 2441 1320 πίστεως
2467 1257 2725 1329 Χριστοῦ,
2762 1257 2855 1309 καὶ
2883 1257 2982 1309 οὐκ
3026 1254 3086 1318 ἐξ
3129 1253 3306 1324 ἐργων
3349 1253 3544 1320 νόμου.
3582 1270 3602 1302 ι
3638 1252 3698 1302 Εἰ

2111 1349 2173 1400 τὸ
2204 1349 2492 1402 πιστεῦσαι
2537 1349 2656 1419 Θεῷ
2709 1348 2898 1417 μισθὸν
2925 1347 3039 1416 ἔχει
3072 1345 3170 1415 τὴν
3205 1345 3497 1398 δικαίωσιν
3538 1343 3699 1411 (δεδι-

2113 1441 2372 1494 καίωνται
2396 1442 2503 1512 γὰρ
2530 1441 2672 1494 οὕτω
2691 1441 2782 1494 καὶ
2804 1442 2852 1493 οἱ
2883 1439 2988 1509 πρὸ
3011 1439 3166 1508 ἡμῶν
3186 1455 3198 1467 ·
3225 1438 3544 1506 γέγραπται
3566 1436 3696 1505 γὰρ,

2112 1532 2194 1584 ὅτι
2238 1551 2255 1582 ι
2308 1533 2654 1586 Ἐπίστευσεν
2695 1532 2946 1602 Ἀϐραὰμ
2995 1529 3071 1599 τῷ
3105 1529 3243 1598 Θεῷ,
3286 1529 3381 1580 καὶ
3442 1527 3701 1596 ἐλογίσθη

2113 1621 2261 1690 αὐτῷ
2295 1623 2372 1684 εἰς
2396 1621 2738 1692 δικαιοσύνην
2765 1623 2797 1692 ἡ
2829 1621 3010 1684 πίστις
3039 1623 3106 1689 ›)·
3141 1621 3257 1682 πῶς
3283 1621 3344 1671 οὐ
3373 1619 3510 1680 Θεὸς
3530 1620 3699 1685 ὀἘμ-

441 1722 522 1766 est
549 1710 710 1774 Deus,
743 1711 786 1764 si
811 1709 1026 1778 quidem
1068 1687 1251 1762 ve'rum
1281 1717 1385 1773 est,
1419 1707 1563 1778 quod
1603 1707 1655 1761 in
1690 1708 1861 1776 ipsum
1895 1722 2008 1760 cre-

2119 1687 2380 1783 μανουὴλ,
2415 1713 2572 1784 εἴπερ
2605 1687 2751 1766 ἐστὶν
2781 1687 2998 1783 ἀληθὲς,
3029 1687 3104 1775 ὥς
3129 1713 3210 1773 εἰς
3229 1710 3394 1764 αὑτὸν
3413 1709 3699 1762 πιστεύονο

443 1804 629 1858 dentes
655 1801 1062 1871 iustiﬁcamur?

829 1891 912 1943 Ea:
947 1888 1186 1958 Epistola
1223 1891 1290 1942 ad
1328 1887 1606 1956 Ephesios.

519 2025 538 2059 ι
571 2007 628 2061 in
659 2019 764 2075 quo
789 2013 840 2059 et
869 2019 986 2067 vos,
1025 2017 1145 2057 cum
1179 2002 1465 2056 audissetis
1505 2003 1726 2057 verbum
1772 2003 2014 2060 veritatis

443 2097 800 2172 (evangelium
831 2095 1020 2150 salutis
1053 2093 1281 2163 vestrae)
1310 2094 1360 2146 iu
1399 2108 1506 2161 quo
1534 2102 1590 2147 et
1619 2095 1906 2150 credentes
1939 2096 2013 2152 si-

443 2191 588 2260 gnati
641 2190 770 2242 estis
804 2186 1006 2256 Spiritu
1068 2185 1446 2254 promissionis
1509 2195 1731 2249 sancto,
1783 2188 1872 2255 qui
1933 2196 2016 2242 est

445 2287 638 2352 pignus
668 2279 995 2334 hzereditatis
1038 2286 1256 2342 nostrai,
1293 2277 1345 2331 in
1379 2277 1798 2348 redemptionem
1830 2282 2015 2348 acqui-

444 2374 676 2438 sitiouis,
706 2372 757 2425 iu
789 2370 1002 2424 laudem
1050 2370 1235 2438 gl0ria:
1276 2369 1446 2437 ipsius
1471 2371 1540 2422 ⁵⁷.
1580 2387 1599 2422 ι
1649 2369 1807 2424 Plura
1853 2372 2012 2426 simul

441 2463 519 2520 sic
547 2470 931 2532 proponuntur,
964 2475 1029 2514 ex
1058 2459 1254 2529 quibus
1294 2459 1544 2529 colligere
1585 2460 1707 2514 licet
1738 2459 2010 2516 Christum

444 2573 628 2611 verum
678 2569 798 2610 esse
842 2556 1010 2608 Deum
1036 2555 1064 2620 ;'
1105 2563 1265 2623 atque
1303 2557 1437 2608 adeo
1479 2559 1720 2608 oumium
1769 2557 1923 2612 iidem
1957 2558 2010 2611 in

441 2651 615 2716 ipsum
649 2661 754 2700 nou
788 2645 916 2698 ferri
953 2653 1208 2714 tanquam
1244 2646 1296 2699 iu
1325 2646 1599 2700 hominem
1651 2648 1817 2702 nostri
1860 2647 2012 2701 simi-

441 2739 570 2801 lem,
602 2735 696 2790 scd
738 2743 989 2811 tanquam
1023 2733 1076 2786 in
1124 2749 1292 2787 unum
1331 2734 1658 2799 Dominum,
1695 2743 1749 2790 et
1792 2737 2009 2803 Filium,

439 2837 492 2881 et
523 2825 711 2880 Deum.
746 2823 925 2878 Primo
955 2838 1188 2892 namque
1223 2824 1336 2892 ipse
1367 2825 1557 2879 salutis
1600 2835 1800 2880 nostra:
1848 2840 2010 2880 evan-

439 2917 634 2987 gelium
659 2917 894 2980 exsistit,
927 2917 980 2969 in
1025 2931 1184 2984 quem
1220 2917 1446 2984 proinde
1489 2916 1619 2970 iides
1667 2925 1847 2971 nostra
1898 2927 2012 2972 ten-

438 3011 529 3064 dat
563 3019 814 3077 tanquam
843 3008 897 3060 in
934 3008 1099 3060 Deum
1135 3024 1148 3060 :
1189 3006 1530 3075 subjuugitur
1564 3023 1686 3061 mox
1723 3007 1844 3060 iidei
1878 3024 2009 3078 quo-
2038 3045 2079 3101 ο

438 3115 542 3168 que
568 3101 872 3170 praemium,
905 3109 1033 3167 puta
1062 3099 1452 3166 promissionis
1490 3098 1744 3164 Spiritus,
1784 3101 1873 3166 qui
1915 3116 2010 3154 uo—

438 3204 565 3244 strze
601 3190 930 3244 haereditatis
977 3189 1211 3242 arrhabo
1259 3197 1371 3246 est;
1421 3189 1650 3256 denique
1692 3190 1756 3242 ad
1796 3191 2008 3246 laudem

439 3279 622 3349 gloriae
655 3279 852 3333 Christi
901 3278 1160 3346 redempti
1213 3277 1577 3346 perhibemur.
1622 3279 1869 3334 Redemit
1914 3296 2011 3334 au-

442 3382 547 3424 tem
585 3385 682 3424 nos
711 3383 817 3422 non
847 3377 904 3421 ut.
938 3369 1172 3438 vulgaris
1195 3369 1377 3431 homo,
1408 3368 1499 3422 sed
1548 3381 1606 3422 ut
1657 3370 1794 3424 Deus
1838 3373 2008 3426 nostri

437 3476 600 3516 causa
635 3464 970 3514 incarnatus.
1008 3460 1086 3512 Ad
1125 3460 1266 3513 hunc
1293 3460 1435 3513 enim
1465 3459 1682 3512 modum
1715 3461 1768 3514 in
1797 3461 2008 3517 laudem

439 3555 620 3622 gloriae
655 3552 798 3606 illius
827 3553 1087 3606 cedimus.

515 3663 534 3696 ι
573 3642 741 3710 Hujus
790 3642 868 3696 rei
921 3643 1098 3713 gratia
1150 3655 1248 3710 ego
1295 3641 1491 3696 Paulus
1541 3643 1756 3698 vinctus
1807 3644 2008 3700 Christi

436 3733 562 3789 Jesu
595 3748 692 3803 pro
718 3733 871 3789 vobis
898 3732 1169 3802 gentibus,
1207 3732 1249 3785 si
1303 3743 1477 3786 tamen
1523 3733 1750 3786 audistis
1789 3734 2009 3803 dispen-

437 3828 703 3879 sationem
735 3822 918 3892 gratiae
963 3821 1078 3886 Dei,
1109 3837 1228 3892 qua)
1273 3823 1396 3876 data
1431 3831 1514 3876 est
1549 3823 1677 3876 mihi
1727 3823 1780 3876 in
1815 3824 2007 3878 vobis:

435 3916 690 3986 quoniam
733 3913 1028 3968 secundum
1071 3913 1451 3968 revelationem
1508 3923 1692 3967 notum
1749 3915 1877 3968 mihi
1924 3915 2006 3968 fa-

437 4019 583 4060 ctum
605 4015 687 4060 est
709 4015 1136 4068 sacramentum,
1159 4005 1302 4058 sicut
1329 4019 1491 4072 supra
1513 4003 1704 4072 scripsi
1738 4005 1790 4057 in
1819 4006 1965 4060 brevi
1988 4047 2002 4071 ,

438 4107 596 4165 prout
620 4098 846 4166 p0testis
873 4095 1112 4164 legentes
1134 4095 1432 4164 intelligere
1459 4095 1798 4164 prudentiam
1829 4112 2004 4151 meam

435 4189 486 4238 in
523 4187 780 4256 mysterio
819 4185 1018 4240 Christi
1039 4184 1104 4237 ⁸⁸.
1135 4203 1153 4236 ι
1191 4185 1303 4251 Qua
1347 4186 1629 4254 prudentia
1653 4227 1668 4251 ,
1704 4202 1877 4255 quave
1927 4188 2008 4241 di-

436 4279 558 4331 vina
591 4293 724 4346 opus
754 4288 870 4332 erat
891 4277 1253 4346 patefactione
1279 4277 1343 4330 ad
1369 4279 1681 4347 mysterium
1715 4279 1816 4333 hoc
1844 4279 2006 4335 Chri-

2115 1821 2204 1867 τες
2241 1803 2622 1874 δικαιούμεθα;

2503 1895 2596 1948 Ἐκ
2636 1893 2744 1962 τῆς
2783 1895 2932 1961 πρὸς
2971 1892 3302 1962 Ἐφεσίους.

2191 2031 2208 2063 ι
2232 2013 2320 2067 Ἑν
2345 2005 2388 2080 ᾧ
2414 2011 2744 2075 ἀκούσαντες
2787 2010 2884 2064 καὶ
2929 2011 3087 2080 ὑμεῖς
3111 2010 3202 2062 τὸν
3227 2009 3386 2077 λόγον
3416 2011 3516 2080 τῆς
3559 2010 3696 2080 ἁλη-

2116 2101 2284 2165 θείας,
2316 2101 2376 2155 τὸ
2409 2101 2723 2169 εὐαγγέλιον
2755 2103 2854 2171 τῆς
2885 2099 3156 2170 σωτηρίας
3189 2099 3368 2169 ὑμῶν,
3415 2101 3471 2153 ἐν
3511 2095 3553 2167 ᾧ
3596 2101 3698 2154 καὶ

2115 2191 2501 2256 πιστεύσαντες
2532 2191 2936 2262 ἐσφραγίσθητε
2966 2190 3044 2259 τῷ
3075 2190 3356 2260 Πνεύματι
3389 2191 3487 2259 τῆς
3527 2193 3699 2256 ἐπιγ-

2113 2283 2316 2350 γελίας,
2350 2283 2379 2334 ὃ
2407 2283 2514 2335 τῶν
2537 2281 2709 2349 ἁγίων
2734 2281 2880 2333 ἐστὶν
2907 2277 3164 2350 ἀρραϐὼν
3196 2282 3296 2349 τῆς
3323 2279 3693 2349 κληρονομίας

2114 2373 2382 2443 ἡμῶν,είς
2406 2371 2781 2439 ἀπολύτρωσιν
2804 2371 2902 2440 τῆς
2926 2371 3352 2440 περιποιήσεως,
3369 2371 3449 2431 εἰς
3475 2369 3692 2422 ἔπαινον

2113 2464 2272 2533 δόξης
2305 2462 2492 2516 αὐτοῦ.
2527 2482 2545 2513 ι
2585 2461 2763 2515 Πολλὰ
2809 2461 2948 2514 κατὰ
2992 2461 3155 2514 ταυτὸ
3188 2463 3246 2512 ἐν
3275 2463 3396 2521 ταῖς
3421 2459 3530 2512 τῶν
3559 2476 3691 2529 προ-

2113 2555 2383 2623 κειμένων
2409 2554 2640 2615 ἐννοίαις
2662 2553 2868 2605 κατίδοι
2890 2569 2973 2614 τις
2999 2551 3084 2615 ἂν,
3113 2551 3178 2604 δι’
3199 2545 3271 2604 ὧν
3298 2550 3478 2602 ἐνεστι
3507 2550 3692 2620 μαθεῖν

2113 2644 2193 2697 δτι
2214 2644 2346 2707 Θεὸς
2377 2643 2581 2714 ἀληθὴς
2604 2645 2632 2695 ὁ
2649 2642 2900 2712 Χριστὸς,
2926 2642 3019 2694 καὶ
3041 2640 3238 2711 ἡπαρὰ
3269 2641 3490 2694 πάντων
3515 2640 3693 2702 πίστις

2113 2736 2192 2798 εἰς
2221 2735 2381 2788 αὐτὸν
2414 2736 2512 2804 οὐχ
2533 2734 2608 2798 ὡς
2633 2734 2712 2796 είς
2740 2733 2836 2785 Eva
2870 2733 2978 2785 τῶν
3006 2732 3129 2785 καθ’
3155 2733 3304 2802 ἡμᾶς
3329 2731 3544 2795 ἁπλῶς,
3571 2731 3693 2783 ἀλλ’

2091 2828 2189 2889 νὼς
2223 2829 2302 2889 είς
2334 2826 2430 2878 ἕνα
2461 2825 2686 2897 Κύριον,
2718 2825 2812 2878 καὶ
2847 2824 2994 2886 Υἱὸν,
3025 2825 3119 2878 καὶ
3151 2824 3301 2876 Θεόν.
3333 2825 3563 2893 Πρῶτον
3600 2823 3692 2892 μὲν

2116 2918 2222 2988 γὰρ
2239 2917 2400 2980 αὐτός
2417 2919 2528 2970 ἐστι
2557 2916 2618 2968 τὸ
2649 2915 2971 2984 εὐαγγέλιον
2994 2917 3091 2982 τῆς
3119 2913 3423 2984 σωτηρίας,
3444 2915 3505 2964 ἐν
3602 2915 3690 2966 καὶ

2115 3010 2148 3078 ἡ
2178 3009 2381 3071 πίστις,
2414 3008 2488 3071 ὼς
2521 3009 2600 3071 είς
2633 3007 2762 3060 Θεὸν
2790 3005 3052 3076 δηλονότι.
3072 3004 3384 3057 ’Λκολουθεῖ
3422 3004 3478 3056 δὲ
3509 3004 3570 3056 τὸ
3599 3005 3692 3074 τῆς

2113 3100 2349 3162 πίστεως
2378 3099 2566 3171 γέρας,
2599 3099 2845 3152 τουτέστι
2873 3098 2933 3150 τὸ
2959 3096 3180 3165 Πνεῦμα
3206 3095 3306 3164 τῆς
3335 3095 3687 3163 ἐπαγγελίας,

2111 3190 2139 3240 ὁ
2167 3192 2265 3282 τῆς
2305 3191 2670 3260 κληρονομίας
2703 3190 2858 3260 ἡμῶν
2901 3187 3189 3270 ἀρραϐᾠν·
3236 3186 3692 3267 ἐκλελυτρὼμεθα

2111 3278 2329 3351 γὰρέίς
2360 3283 2579 3336 ἔπαινον
2625 3282 2784 3352 δόξης
2826 3279 3081 3352 Χριστοῦ.
3119 3279 3334 3331 Σέσωκε
3385 3278 3494 3347 γὰρ
3550 3279 3691 3347 ἡμᾶς

2111 3375 2208 3443 οὐχ
2237 3374 2313 3436 ὡς
2351 3374 2632 3444 ἄνθρωπος
2679 3373 2876 3437 κοινὸς,
2904 3373 3018 3427 ἀλλ’
3047 3372 3122 3435 ὡς
3154 3371 3287 3433 Θεὸς
3318 3373 3378 3422 ἐν
3411 3371 3580 3441 σαρκὶ
3613 3386 3689 3437 γε·

2110 3464 2284 3533 γονὼς
2314 3465 2380 3517 δι’
2407 3467 2570 3536 ἡμᾶς.
2597 3464 2754 3519 Οὕτω
2785 3464 2895 3536 γὰρ
2939 3466 3020 3528 είς
3055 3463 3277 3516 ἔπαινον
3311 3460 3556 3530 ἐσόμεθα
3595 3461 3688 3528 τῆς

2112 3557 2270 3626 δόξης
2296 3557 2485 3612 αὐτοῦ.

2189 3667 2206 3698 ι
2237 3647 2441 3700 Τούτου
2476 3647 2636 3718 χάριν
2667 3646 2778 3716 ἐγὼ
2802 3645 3013 3708 Παῦλος
3033 3647 3061 3698 ὁ
3087 3645 3306 3715 δέσμιος
3333 3643 3426 3696 τοῦ
3454 3641 3688 3712 Χρισπῦ

2121 3736 2296 3809 Ἰησοῦ
2331 3739 2469 3804 ὑπὲρ
2503 3737 2656 3808 ὑμῶν
2689 3739 2798 3791 τῶν
2836 3736 3028 3800 ἐθνῶν,
3075 3735 3129 3788 εἴ
3175 3751 3238 3802 γε
3277 3733 3559 3803 ἠκούσατε
3597 3734 3690 3802 τὴν

2109 3831 2422 3899 οἰκονομίαν
2455 3830 2555 3899 τῆς
2589 3829 2807 3901 χάριτος
2837 3829 2934 3882 τοῦ
2975 3826 3110 3882 Θεοῦ
3153 3827 3254 3896 τῆς
3298 3826 3557 3895 δοθείσης
3605 3844 3688 3894 μοι

2109 3921 2190 3982 είς
2238 3921 2402 3990 ὑμᾶς,
2438 3921 2517 3972 ὅτι
2567 3921 2708 3974 κατὰ
2751 3917 3092 3986 ἀποκάλυψιν
3139 3916 3447 3987 ἐγνωρίσθη
3507 3935 3598 3987 μοι
3635 3917 3692 3968 τὸ

2114 4011 2432 4082 μυστήριον,
2463 4010 2644 4075 καθὼς
2676 4010 2999 4082 προέγραψα
3027 4011 3082 4062 ἐν
3109 4008 3274 4077 ὀλίγῳ
3293 4022 3308 4036 ⁸
3338 4007 3480 4077 πρὸς
3531 4008 3560 4060 δ
3606 4008 3691 4059 δύ-

2110 4102 2273 4155 νασθε
2298 4101 2764 4171 ἀναγινώσκοντες
2793 4101 2985 4171 νοῆσαι
3009 4099 3113 4170 τὴν
3147 4099 3361 4152 σύνεσίν
3394 4115 3499 4168 μου
3533 4100 3593 4150 ἐν
3619 4098 3693 4166 τῷ

2113 4195 2393 4266 μυστηρίῳ
2435 4194 2528 4247 τοῦ
2567 4191 2829 4262 Χριστοῦ.
2861 4211 2879 4244 ι
2917 4192 3052 4245 Ποία
3084 4190 3350 4253 συνέσεως
3386 4189 3574 4260 χρεία,
3603 4190 3693 4241 καὶ

2110 4286 2502 4355 ἀποκαλύψεως
2523 4287 2621 4355 τῆς
2645 4285 2794 4356 παρὰ
2821 4283 2955 4338 Θεοῦ
2988 4282 3126 4353 πρὸς
3148 4283 3209 4335 τὸ
3237 4281 3616 4352 γνωρισθῆναι
3638 4280 3694 4332 τὸ

434 4372 501 4424 sti
535 4371 994 4439 perspiciendum,
1027 4371 1070 4423 si
1104 4369 1320 4437 quidem
1363 4384 1458 4437 per
1500 4385 1561 4424 se
1587 4370 1760 4424 homo
1799 4379 2002 4424 tantum

2119 4379 2408 4447 μυστήριον
2442 4375 2536 4429 τοῦ
2575 4374 2835 4446 Χριστοῦ,
2877 4375 3035 4446 εῖπερ
3077 4373 3225 4427 ἐστὶν
3272 4371 3570 4442 ἄνθρωπος
3601 4372 3692 4427 i5:-

434 4472 535 4526 est,
567 4477 595 4514 a
627 4461 722 4515 Dei
759 4461 934 4516 Verbo
962 4461 1180 4514 omnino
1221 4457 1497 4525 seiunctus
1519 4499 1534 4522 ,
1568 4459 1709 4514 nuda
1751 4474 2007 4528 persona-

2119 4467 2239 4531 κῶς,
2280 4467 2374 4520 καὶ⁵
2403 4466 2713 4536 ὀλοτρὸπως
2743 4465 3148 4536 κεχωρισμένος
3185 4461 3279 4516 τοῦ
3311 4462 3451 4515 Θεοῦ
3490 4465 3691 4531 Λόγου,

437 4569 555 4607 rum
608 4554 807 4608 unione
851 4553 1278 4607 cohonestatus?
1323 4550 1462 4617 Quid
1514 4552 1657 4605 enim
1699 4551 2002 4606 abstrusum

2119 4557 2231 4628 ιιιλῇ
2264 4557 2570 4629 προσώπων
2599 4557 2788 4610 ἐνὼσει
2819 4555 3182 4626 τετιμημένος
3205 4570 3219 4615 ς
3245 4553 3312 4606 Τί
3341 4554 3456 4624 γὰρ
3489 4554 3607 4623 ἔχει
3636 4555 3691 4607 τὸ

439 4644 620 4707 habet,
655 4651 746 4698 aut
779 4658 896 4712 quae
925 4641 1206 4696 diilicultas
1243 4651 1324 4696 est
1363 4642 1429 4697 de
1468 4642 1675 4711 vulgari
1716 4643 2004 4711 quapiam,

438 4736 716 4802 nostrique
747 4734 908 4789 simili
941 4735 1159 4789 homine
1190 4733 1489 4804 intelligere
1520 4735 1660 4802 quod
1697 4734 1767 4788 sit
1804 4735 2002 4788 homo?

434 4829 504 4880 At
529 4841 654 4879 vere
688 4825 1030 4894 profundum,
1061 4827 1327 4895 planeque
1375 4840 1624 4895 magnum
1673 4835 1754 4880 est
1789 4826 1892 4880 hoc
1918 4842 2005 4880 sa-

435 4925 796 4980 cramentum,
835 4917 878 4970 si
918 4915 1055 4970 Deus
1095 4917 1326 4971 Verbum
1375 4917 1531 4970 nobis
1579 4917 1755 4970 simile
1803 4915 2000 4969 factum

435 5017 682 5077 ponatur.
738 5005 874 5061 Cum
927 5007 1089 5075 igitur
1143 5007 1341 5059 eximia
1401 5007 1598 5060 mentis
1651 5005 2003 5074 intelligentia

433 5101 631 5166 ornati,
664 5098 954 5166 divinaque
1002 5095 1330 5150 revelatioue
1367 5094 1616 5148 illustrati
1642 5135 1657 5159 ,
1691 5097 2002 5165 mysteriqu

432 5190 630 5244 Christi
699 5189 859 5244 veluti
910 5187 1152 5241 divinum
1205 5187 1472 5255 quoddam
1540 5197 1802 5239 secretum
1853 5188 2006 5239 uobis

435 5283 779 5342 tradiderint,
838 5280 1076 5347 ﬁdesque
1136 5279 1186 5330 in
1238 5276 1384 5329 illum
1426 5285 1678 5342 tanquam
1730 5276 1781 5328 in
1835 5276 2000 5330 Deum

433 5375 635 5435 tendat,
671 5374 939 5442 quomodo
964 5372 1207 5425 Christus
1237 5384 1339 5423 non
1367 5381 1448 5422 est
1474 5368 1645 5423 Deus?

507 5463 662 5532 123
679 5465 830 5516 Aliud
863 5464 985 5515 huic
1003 5463 1196 5523 simile,
1218 5462 1527 5515 etcauidem
1553 5462 1757 5515 habens
1785 5471 2001 5515 senten-

503 5612 547 5642 "
574 5613 744 5668 Gaint.
778 5631 834 5675 ιι,
868 5614 925 5667 lt}

2112 4647 2516 4718 κεκρυμμένον,
2548 4647 2582 4716 ἢ
2617 4651 2768 4700 ποῖον
2794 4646 2930 4709 ὅλως
2955 4647 3016 4698 τὸ
3063 4644 3346 4714 δυσχερὲς,
3382 4644 3448 4696 τὸ
3499 4649 3689 4714 νοῆσαι

2110 4739 2272 4806 τυχὸν
2303 4738 2432 4808 περὶ
2463 4737 2582 4800 ἐνὸς
2626 4738 2721 4790 τοῦ
2770 4737 2894 4790 καθ’
2927 4738 3075 4806 ἡμᾶς
3121 4733 3435 4806 ἀνθρώπου,
3469 4737 3556 4788 ὅτι
3609 4737 3690 4789 ἆν-

2111 4828 2325 4900 θρωπός
2349 4829 2498 4895 ἐστι;
2524 4826 2669 4881 Βαθὺ
2695 4828 2752 4880 δὲ
2773 4828 2868 4881 καὶ
2895 4828 3038 4897 μέγα
3056 4827 3116 4878 τὸ
3145 4827 3470 4896 μυστήριον,
3495 4828 3548 4879 εἰ
3572 4826 3688 4878 καθ’

2109 4921 2253 4989 ἡμᾶς
2284 4919 2533 4987 γενέσθαι
2577 4919 2789 4986 λέγοιτο
2831 4918 2963 4981 Θεὸς
3006 4918 3267 4988 ὑπάρχων
3296 4918 3326 4969 ὁ
3353 4917 3684 4984 Λόγος.”οτε

2109 5013 2289 5065 τοίνυν
2322 5014 2371 5064 oi
2403 5012 2585 5081 βαθεῖς
2611 5014 2690 5074 εἰς
2719 5012 2955 5074 σύνεσιν,
2986 5010 3077 5062 καὶ
3111 5010 3209 5078 τὴν
3231 5007 3380 5061 θείαν
3407 5008 3683 5061 ἀποκαλυ-

2107 5103 2198 5172 ψιν
2235 5105 2548 5174 ἐσχηκότες,
2582 5104 2656 5166 ὡς
2690 5102 2831 5155 θεῖον
2859 5104 2991 5172 ἡμῖν
3025 5102 3324 5170 μυστήριον
3369 5097 3686 5169 παραδεδὼο

2109 5211 2237 5248 κασι
2271 5195 2330 5247 τὸ
2362 5194 2598 5265 Χριστοῦ
2628 5196 2948 5264 μυστήριον,
2989 5193 3083 5245 καὶ
3116 5193 3195 5253 είς
3229 5190 3390 5245 αὑτὸν
3419 5193 3452 5260 η
3481 5191 3678 5250 πίστις,

2108 5288 2182 5350 ὡς
2211 5289 2290 5349 εἰς
2319 5287 2448 5341 Θεὸν
2468 5287 2729 5356 δηλονότιο
2762 5287 2876 5347 πῶς
2906 5287 3003 5338 οὐκ
3038 5286 3103 5338 ἂν
3127 5287 3213 5354 εῖη
3236 5284 3403 5348 Θεός;

2183 5463 2342 5514 ’Ἄλλο
2372 5463 2543 5532 τούτῳ
2575 5464 2906 5533 προσεοικὸς,
2945 5463 3036 5515 καὶ
3075 5462 3174 5534 τὴν
3220 5463 3390 5532 αὐτὴν
3416 5461 3533 5530 ἔχον
3560 5459 3670 5512 διὰο

1026 5616 1069 5642 ’τί
1097 5615 1251 5666 Rom.
1289 5629 1357 5669 tv.
1386 5615 1434 5666 ὖ.
1512 5613 1552 5643 ⁸⁷
1581 5614 1775 5681 Ephes.
1803 5597 1850 5677 ἰ,
1888 5615 1972 5681 i3,
2015 5616 2094 5668 14.
2178 5618 2219 5646 ⁵⁸³
2243 5617 2439 5685 lii-lies.
2478 5632 2558 5681 ill,
2593 5618 2701 5671 1-4.
