  <div class='ocr_page' id='page_1' title='image "/cluster/home/n/w/nwhite01/storage/ocr_20150623/76/mdp.39015013094878/690.png"; bbox 0 0 3942 6128; ppageno 0'>
   <div class='ocr_carea' id='block_1_1' title="bbox 256 234 391 292">
    <p class='ocr_par' dir='ltr' id='par_1_1' title="bbox 256 234 391 292">
     <span class='ocr_line' id='line_1_1' title="bbox 256 234 391 292; baseline 0 0"><span class='ocrx_word' id='word_1_1' title='bbox 256 236 283 292; x_wconf 75' lang='grc' dir='ltr'><strong>Ι</strong></span> <span class='ocrx_word' id='word_1_2' title='bbox 289 234 391 292; x_wconf 68' lang='lat'><strong>529</strong></span> 
     </span>
    </p>
   </div>
   <div class='ocr_carea' id='block_1_2' title="bbox 1341 192 2376 289">
    <p class='ocr_par' dir='ltr' id='par_1_2' title="bbox 1341 192 2376 289">
     <span class='ocr_line' id='line_1_2' title="bbox 1341 192 2376 289; baseline -0.002 -1"><span class='ocrx_word' id='word_1_3' title='bbox 1341 228 1430 289; x_wconf 72' lang='lat' dir='ltr'><strong>ne</strong></span> <span class='ocrx_word' id='word_1_4' title='bbox 1469 224 1693 289; x_wconf 69' lang='lat' dir='ltr'><strong>nsum</strong></span> <span class='ocrx_word' id='word_1_5' title='bbox 1734 192 1889 284; x_wconf 67' lang='lat' dir='ltr'><strong>sum</strong></span> <span class='ocrx_word' id='word_1_6' title='bbox 1927 227 2018 286; x_wconf 73' lang='lat' dir='ltr'><strong>an</strong></span> <span class='ocrx_word' id='word_1_7' title='bbox 2057 209 2376 289; x_wconf 62' lang='lat' dir='ltr'><strong>aestuas.</strong></span> 
     </span>
    </p>
   </div>
   <div class='ocr_carea' id='block_1_3' title="bbox 3362 228 3503 286">
    <p class='ocr_par' dir='ltr' id='par_1_3' title="bbox 3362 228 3503 286">
     <span class='ocr_line' id='line_1_3' title="bbox 3362 228 3503 286; baseline -0.021 0"><span class='ocrx_word' id='word_1_8' title='bbox 3362 228 3503 286; x_wconf 68' lang='lat'><strong>{330</strong></span> 
     </span>
    </p>
   </div>
   <div class='ocr_carea' id='block_1_4' title="bbox 256 346 1836 428">
    <p class='ocr_par' dir='ltr' id='par_1_4' title="bbox 256 349 1826 428">
     <span class='ocr_line' id='line_1_4' title="bbox 256 349 1826 428; baseline -0.003 -20"><span class='ocrx_word' id='word_1_9' title='bbox 256 372 422 409; x_wconf 75' lang='lat' dir='ltr'><strong>votaV&#39;</strong></span> <span class='ocrx_word' id='word_1_10' title='bbox 466 374 485 407; x_wconf 76' lang='grc' dir='ltr'><strong>ι</strong></span> <span class='ocrx_word' id='word_1_11' title='bbox 510 355 663 428; x_wconf 72' lang='grc' dir='ltr'>Ἐμοὶ</span> <span class='ocrx_word' id='word_1_12' title='bbox 694 353 773 426; x_wconf 83' lang='grc' dir='ltr'><strong>τῷ</strong></span> <span class='ocrx_word' id='word_1_13' title='bbox 814 352 1214 425; x_wconf 77' lang='grc' dir='ltr'><strong>ἐλαχιστοτέρῳ</strong></span> <span class='ocrx_word' id='word_1_14' title='bbox 1262 352 1479 407; x_wconf 88' lang='grc' dir='ltr'>πάντων</span> <span class='ocrx_word' id='word_1_15' title='bbox 1517 353 1627 406; x_wconf 80' lang='grc' dir='ltr'><strong>τῶν</strong></span> <span class='ocrx_word' id='word_1_16' title='bbox 1656 349 1826 420; x_wconf 81' lang='grc' dir='ltr'>ἁγίων</span> 
     </span>
    </p>
   </div>
   <div class='ocr_carea' id='block_1_5' title="bbox 1941 346 3498 428">
    <p class='ocr_par' dir='ltr' id='par_1_5' title="bbox 1941 346 3498 417">
     <span class='ocr_line' id='line_1_5' title="bbox 1941 346 3498 417; baseline -0.001 -11"><span class='ocrx_word' id='word_1_17' title='bbox 1941 351 2079 407; x_wconf 77' lang='lat' dir='ltr'><strong>tiam:</strong></span> <span class='ocrx_word' id='word_1_18' title='bbox 2092 372 2109 406; x_wconf 78' lang='grc' dir='ltr'><strong>ι</strong></span> <span class='ocrx_word' id='word_1_19' title='bbox 2122 352 2245 406; x_wconf 77' lang='grc' dir='ltr'><strong>ΜΗιί</strong></span> <span class='ocrx_word' id='word_1_20' title='bbox 2264 350 2505 406; x_wconf 90' lang='lat' dir='ltr'><strong>omnium</strong></span> <span class='ocrx_word' id='word_1_21' title='bbox 2521 356 2831 404; x_wconf 88' lang='lat' dir='ltr'><strong>sanctorum</strong></span> <span class='ocrx_word' id='word_1_22' title='bbox 2851 346 3075 407; x_wconf 84' lang='lat' dir='ltr'><strong>minimo</strong></span> <span class='ocrx_word' id='word_1_23' title='bbox 3091 347 3214 402; x_wconf 89' lang='lat' dir='ltr'><strong>data</strong></span> <span class='ocrx_word' id='word_1_24' title='bbox 3230 356 3312 403; x_wconf 85' lang='lat' dir='ltr'><strong>est</strong></span> <span class='ocrx_word' id='word_1_25' title='bbox 3326 350 3498 417; x_wconf 72' lang='lat' dir='ltr'><strong>gratia</strong></span> 
     </span>
    </p>
   </div>
   <div class='ocr_carea' id='block_1_6' title="bbox 255 440 1827 520">
    <p class='ocr_par' dir='ltr' id='par_1_6' title="bbox 255 440 1827 520">
     <span class='ocr_line' id='line_1_6' title="bbox 255 440 1827 520; baseline -0.006 -18"><span class='ocrx_word' id='word_1_26' title='bbox 255 448 409 520; x_wconf 70' lang='grc' dir='ltr'>ἐδόθη</span> <span class='ocrx_word' id='word_1_27' title='bbox 442 450 473 517; x_wconf 83' lang='grc' dir='ltr'>ἡ</span> <span class='ocrx_word' id='word_1_28' title='bbox 500 449 660 519; x_wconf 89' lang='grc' dir='ltr'>χάρις</span> <span class='ocrx_word' id='word_1_29' title='bbox 688 446 847 516; x_wconf 76' lang='grc' dir='ltr'>αὕτη,</span> <span class='ocrx_word' id='word_1_30' title='bbox 884 446 942 497; x_wconf 82' lang='grc' dir='ltr'>ὲν</span> <span class='ocrx_word' id='word_1_31' title='bbox 979 445 1093 507; x_wconf 90' lang='grc' dir='ltr'>τοῖς</span> <span class='ocrx_word' id='word_1_32' title='bbox 1134 442 1344 497; x_wconf 76' lang='grc' dir='ltr'><strong>ἔθνεσιν</strong></span> <span class='ocrx_word' id='word_1_33' title='bbox 1371 440 1827 512; x_wconf 78' lang='grc' dir='ltr'>εὐαγγελίσασθαι</span> 
     </span>
    </p>
   </div>
   <div class='ocr_carea' id='block_1_7' title="bbox 253 531 1873 610">
    <p class='ocr_par' dir='ltr' id='par_1_7' title="bbox 253 531 1873 610">
     <span class='ocr_line' id='line_1_7' title="bbox 253 531 1873 610; baseline -0.004 -19"><span class='ocrx_word' id='word_1_34' title='bbox 253 540 345 592; x_wconf 81' lang='grc' dir='ltr'><strong>τὸν</strong></span> <span class='ocrx_word' id='word_1_35' title='bbox 372 538 774 610; x_wconf 76' lang='grc' dir='ltr'><strong>ἀνεξιχνίαστον</strong></span> <span class='ocrx_word' id='word_1_36' title='bbox 805 536 1035 590; x_wconf 85' lang='grc' dir='ltr'>πλοῦτον</span> <span class='ocrx_word' id='word_1_37' title='bbox 1058 532 1153 588; x_wconf 84' lang='grc' dir='ltr'><strong>τοῦ</strong></span> <span class='ocrx_word' id='word_1_38' title='bbox 1176 533 1435 604; x_wconf 77' lang='grc' dir='ltr'><strong>Χριστοῦ,</strong></span> <span class='ocrx_word' id='word_1_39' title='bbox 1462 533 1557 587; x_wconf 72' lang='grc' dir='ltr'><strong>καὶ</strong></span> <span class='ocrx_word' id='word_1_40' title='bbox 1592 531 1825 601; x_wconf 79' lang='grc' dir='ltr'><strong>φωτίσαι</strong></span> <span class='ocrx_word' id='word_1_41' title='bbox 1867 542 1873 547; x_wconf 85' lang='grc'><strong>·</strong></span> 
     </span>
    </p>
   </div>
   <div class='ocr_carea' id='block_1_8' title="bbox 257 624 1830 700">
    <p class='ocr_par' dir='ltr' id='par_1_8' title="bbox 257 624 1830 700">
     <span class='ocr_line' id='line_1_8' title="bbox 257 624 1830 700; baseline -0.006 -17"><span class='ocrx_word' id='word_1_42' title='bbox 257 631 489 693; x_wconf 79' lang='grc' dir='ltr'><strong>πάντας,</strong></span> <span class='ocrx_word' id='word_1_43' title='bbox 514 629 598 693; x_wconf 90' lang='grc' dir='ltr'><strong>τίς</strong></span> <span class='ocrx_word' id='word_1_44' title='bbox 628 631 660 700; x_wconf 82' lang='grc' dir='ltr'><strong>ὴ</strong></span> <span class='ocrx_word' id='word_1_45' title='bbox 693 628 974 697; x_wconf 74' lang='grc' dir='ltr'><strong>οἰκονομία</strong></span> <span class='ocrx_word' id='word_1_46' title='bbox 1019 625 1318 696; x_wconf 82' lang='grc' dir='ltr'><strong>μυστηρίου</strong></span> <span class='ocrx_word' id='word_1_47' title='bbox 1349 624 1444 677; x_wconf 88' lang='grc' dir='ltr'><strong>τοῦ</strong></span> <span class='ocrx_word' id='word_1_48' title='bbox 1475 625 1830 694; x_wconf 80' lang='grc' dir='ltr'>ἀποκεκρυμ-</span> 
     </span>
    </p>
   </div>
   <div class='ocr_carea' id='block_1_9' title="bbox 261 712 1831 787">
    <p class='ocr_par' dir='ltr' id='par_1_9' title="bbox 261 712 1831 787">
     <span class='ocr_line' id='line_1_9' title="bbox 261 712 1831 787; baseline -0.003 -19"><span class='ocrx_word' id='word_1_49' title='bbox 261 718 420 787; x_wconf 82' lang='grc' dir='ltr'>μένου</span> <span class='ocrx_word' id='word_1_50' title='bbox 447 717 553 771; x_wconf 85' lang='grc' dir='ltr'><strong>άπὸ</strong></span> <span class='ocrx_word' id='word_1_51' title='bbox 580 716 688 771; x_wconf 87' lang='grc' dir='ltr'><strong>τῶν</strong></span> <span class='ocrx_word' id='word_1_52' title='bbox 708 715 921 769; x_wconf 73' lang='grc' dir='ltr'>αἰώνων</span> <span class='ocrx_word' id='word_1_53' title='bbox 949 717 1010 768; x_wconf 78' lang='grc' dir='ltr'>ὲν</span> <span class='ocrx_word' id='word_1_54' title='bbox 1032 712 1111 785; x_wconf 83' lang='grc' dir='ltr'><strong>τῷ</strong></span> <span class='ocrx_word' id='word_1_55' title='bbox 1143 712 1281 784; x_wconf 83' lang='grc' dir='ltr'>Θεῷ,</span> <span class='ocrx_word' id='word_1_56' title='bbox 1311 712 1390 785; x_wconf 80' lang='grc' dir='ltr'><strong>τῷ</strong></span> <span class='ocrx_word' id='word_1_57' title='bbox 1415 712 1483 767; x_wconf 82' lang='grc' dir='ltr'><strong>τά</strong></span> <span class='ocrx_word' id='word_1_58' title='bbox 1510 713 1688 766; x_wconf 87' lang='grc' dir='ltr'>πάντα</span> <span class='ocrx_word' id='word_1_59' title='bbox 1713 712 1831 766; x_wconf 86' lang='grc' dir='ltr'>κτί-</span> 
     </span>
    </p>
   </div>
   <div class='ocr_carea' id='block_1_10' title="bbox 260 823 479 859">
    <p class='ocr_par' dir='ltr' id='par_1_10' title="bbox 260 823 479 859">
     <span class='ocr_line' id='line_1_10' title="bbox 260 823 479 859; baseline -0.009 -1"><span class='ocrx_word' id='word_1_60' title='bbox 260 823 431 859; x_wconf 85' lang='grc' dir='ltr'>σαντι.</span> <span class='ocrx_word' id='word_1_61' title='bbox 461 824 479 856; x_wconf 70' lang='grc'><strong>1</strong></span> 
     </span>
    </p>
   </div>
   <div class='ocr_carea' id='block_1_11' title="bbox 336 891 1831 966">
    <p class='ocr_par' dir='ltr' id='par_1_11' title="bbox 336 891 1831 966">
     <span class='ocr_line' id='line_1_11' title="bbox 336 891 1831 966; baseline -0.001 -19"><span class='ocrx_word' id='word_1_62' title='bbox 336 917 354 947; x_wconf 83' lang='grc'><strong><em>‹</em></strong></span> <span class='ocrx_word' id='word_1_63' title='bbox 386 898 447 949; x_wconf 77' lang='lat' dir='ltr'><strong>Ui</strong></span> <span class='ocrx_word' id='word_1_64' title='bbox 472 895 684 965; x_wconf 82' lang='grc' dir='ltr'>ἄνδρες,</span> <span class='ocrx_word' id='word_1_65' title='bbox 715 895 901 966; x_wconf 72' lang='grc' dir='ltr'>φησὶν,</span> <span class='ocrx_word' id='word_1_66' title='bbox 925 895 1178 964; x_wconf 74' lang='grc' dir='ltr'>ἀγαπᾶτε</span> <span class='ocrx_word' id='word_1_67' title='bbox 1207 893 1307 956; x_wconf 79' lang='grc' dir='ltr'>τὰς</span> <span class='ocrx_word' id='word_1_68' title='bbox 1342 896 1624 963; x_wconf 85' lang='grc' dir='ltr'>γυναῖκας,</span> <span class='ocrx_word' id='word_1_69' title='bbox 1649 891 1831 956; x_wconf 84' lang='grc' dir='ltr'>καθὼς</span> 
     </span>
    </p>
   </div>
   <div class='ocr_carea' id='block_1_12' title="bbox 261 983 1832 1056">
    <p class='ocr_par' dir='ltr' id='par_1_12' title="bbox 261 983 1832 1056">
     <span class='ocr_line' id='line_1_12' title="bbox 261 983 1832 1056; baseline -0.001 -17"><span class='ocrx_word' id='word_1_70' title='bbox 261 987 354 1039; x_wconf 72' lang='grc' dir='ltr'>καὶ</span> <span class='ocrx_word' id='word_1_71' title='bbox 376 988 405 1039; x_wconf 87' lang='grc' dir='ltr'><strong>ό</strong></span> <span class='ocrx_word' id='word_1_72' title='bbox 436 984 669 1055; x_wconf 85' lang='grc' dir='ltr'>Χριστὸς</span> <span class='ocrx_word' id='word_1_73' title='bbox 698 985 954 1055; x_wconf 79' lang='grc' dir='ltr'><strong>ἠγάπησε</strong></span> <span class='ocrx_word' id='word_1_74' title='bbox 986 983 1085 1056; x_wconf 80' lang='grc' dir='ltr'>τὴν</span> <span class='ocrx_word' id='word_1_75' title='bbox 1124 983 1473 1054; x_wconf 80' lang='grc' dir='ltr'>Ἐκκλησίαν,</span> <span class='ocrx_word' id='word_1_76' title='bbox 1507 983 1600 1036; x_wconf 76' lang='grc' dir='ltr'>καὶ</span> <span class='ocrx_word' id='word_1_77' title='bbox 1640 983 1832 1037; x_wconf 74' lang='grc' dir='ltr'>ἑαυτὸν</span> 
     </span>
    </p>
   </div>
   <div class='ocr_carea' id='block_1_13' title="bbox 261 1072 1834 1146">
    <p class='ocr_par' dir='ltr' id='par_1_13' title="bbox 261 1072 1834 1146">
     <span class='ocr_line' id='line_1_13' title="bbox 261 1072 1834 1146; baseline -0.002 -19"><span class='ocrx_word' id='word_1_78' title='bbox 261 1075 574 1146; x_wconf 86' lang='grc' dir='ltr'>παρέδωκεν</span> <span class='ocrx_word' id='word_1_79' title='bbox 622 1074 763 1146; x_wconf 77' lang='grc' dir='ltr'>ὑπὲρ</span> <span class='ocrx_word' id='word_1_80' title='bbox 796 1074 992 1144; x_wconf 80' lang='grc' dir='ltr'>αὐτῆς,</span> <span class='ocrx_word' id='word_1_81' title='bbox 1026 1074 1115 1129; x_wconf 73' lang='grc' dir='ltr'>ἵνα</span> <span class='ocrx_word' id='word_1_82' title='bbox 1150 1073 1320 1144; x_wconf 83' lang='grc' dir='ltr'>αὐτὴν</span> <span class='ocrx_word' id='word_1_83' title='bbox 1350 1072 1577 1144; x_wconf 76' lang='grc' dir='ltr'>ἁγιάσῃ,</span> <span class='ocrx_word' id='word_1_84' title='bbox 1606 1072 1834 1143; x_wconf 85' lang='grc' dir='ltr'>καθαρί-</span> 
     </span>
    </p>
   </div>
   <div class='ocr_carea' id='block_1_14' title="bbox 263 1162 1834 1234">
    <p class='ocr_par' dir='ltr' id='par_1_14' title="bbox 263 1162 1834 1234">
     <span class='ocr_line' id='line_1_14' title="bbox 263 1162 1834 1234; baseline 0.001 -19"><span class='ocrx_word' id='word_1_85' title='bbox 263 1178 361 1226; x_wconf 88' lang='grc' dir='ltr'><strong>σας</strong></span> <span class='ocrx_word' id='word_1_86' title='bbox 404 1163 482 1233; x_wconf 87' lang='grc' dir='ltr'>τῷ</span> <span class='ocrx_word' id='word_1_87' title='bbox 526 1162 740 1234; x_wconf 85' lang='grc' dir='ltr'>λουτρῷ</span> <span class='ocrx_word' id='word_1_88' title='bbox 777 1163 873 1216; x_wconf 90' lang='grc' dir='ltr'><strong>τοῦ</strong></span> <span class='ocrx_word' id='word_1_89' title='bbox 910 1163 1103 1226; x_wconf 83' lang='grc' dir='ltr'>ὓδατος</span> <span class='ocrx_word' id='word_1_90' title='bbox 1127 1165 1185 1217; x_wconf 73' lang='grc' dir='ltr'>ἑν</span> <span class='ocrx_word' id='word_1_91' title='bbox 1216 1164 1442 1234; x_wconf 77' lang='grc' dir='ltr'>ῥήματι.</span> <span class='ocrx_word' id='word_1_92' title='bbox 1474 1181 1493 1213; x_wconf 79' lang='grc' dir='ltr'><strong>ι</strong></span> <span class='ocrx_word' id='word_1_93' title='bbox 1529 1163 1690 1216; x_wconf 88' lang='grc' dir='ltr'>Ποῖον</span> <span class='ocrx_word' id='word_1_94' title='bbox 1725 1164 1834 1234; x_wconf 77' lang='grc' dir='ltr'>ἄρα</span> 
     </span>
    </p>
   </div>
   <div class='ocr_carea' id='block_1_15' title="bbox 262 1247 1834 1326">
    <p class='ocr_par' dir='ltr' id='par_1_15' title="bbox 262 1247 1834 1326">
     <span class='ocr_line' id='line_1_15' title="bbox 262 1247 1834 1326; baseline 0 -20"><span class='ocrx_word' id='word_1_95' title='bbox 262 1255 379 1307; x_wconf 70' lang='grc' dir='ltr'>ἐστὶ</span> <span class='ocrx_word' id='word_1_96' title='bbox 419 1254 481 1307; x_wconf 89' lang='grc' dir='ltr'><strong>τὸ</strong></span> <span class='ocrx_word' id='word_1_97' title='bbox 519 1255 671 1325; x_wconf 77' lang='grc' dir='ltr'>ῥῆμα</span> <span class='ocrx_word' id='word_1_98' title='bbox 700 1256 759 1307; x_wconf 83' lang='grc' dir='ltr'>ὲν</span> <span class='ocrx_word' id='word_1_99' title='bbox 787 1247 834 1322; x_wconf 77' lang='grc' dir='ltr'><strong>ᾧ</strong></span> <span class='ocrx_word' id='word_1_100' title='bbox 863 1253 1273 1326; x_wconf 85' lang='grc' dir='ltr'>κεκαθάρμεθα,</span> <span class='ocrx_word' id='word_1_101' title='bbox 1309 1252 1739 1321; x_wconf 66' lang='grc' dir='ltr'>ἀπολουσάμενος.</span> <span class='ocrx_word' id='word_1_102' title='bbox 1773 1253 1834 1307; x_wconf 89' lang='grc' dir='ltr'><strong>τὸ</strong></span> 
     </span>
    </p>
   </div>
   <div class='ocr_carea' id='block_1_16' title="bbox 168 1338 1834 1415">
    <p class='ocr_par' dir='ltr' id='par_1_16' title="bbox 168 1338 1834 1415">
     <span class='ocr_line' id='line_1_16' title="bbox 168 1338 1834 1415; baseline 0.002 -20"><span class='ocrx_word' id='word_1_103' title='bbox 168 1394 171 1395; x_wconf 65' lang='lat'><strong>,</strong></span> <span class='ocrx_word' id='word_1_104' title='bbox 267 1343 427 1414; x_wconf 82' lang='grc' dir='ltr'>σῶμα</span> <span class='ocrx_word' id='word_1_105' title='bbox 449 1342 601 1397; x_wconf 84' lang='grc' dir='ltr'>ῦδατι</span> <span class='ocrx_word' id='word_1_106' title='bbox 630 1343 879 1414; x_wconf 81' lang='grc' dir='ltr'>καθαρῷ,</span> <span class='ocrx_word' id='word_1_107' title='bbox 912 1343 945 1414; x_wconf 82' lang='grc' dir='ltr'>ἢ</span> <span class='ocrx_word' id='word_1_108' title='bbox 968 1345 1186 1407; x_wconf 87' lang='grc' dir='ltr'>πάντως</span> <span class='ocrx_word' id='word_1_109' title='bbox 1214 1342 1408 1408; x_wconf 71' lang='grc' dir='ltr'>ἐκεῖνο,</span> <span class='ocrx_word' id='word_1_110' title='bbox 1430 1344 1558 1413; x_wconf 79' lang='grc' dir='ltr'>περὶ</span> <span class='ocrx_word' id='word_1_111' title='bbox 1583 1338 1644 1398; x_wconf 74' lang='grc' dir='ltr'>οὗ</span> <span class='ocrx_word' id='word_1_112' title='bbox 1671 1360 1834 1415; x_wconf 83' lang='grc' dir='ltr'>φησιν</span> 
     </span>
    </p>
   </div>
   <div class='ocr_carea' id='block_1_17' title="bbox 263 1434 1837 1506">
    <p class='ocr_par' dir='ltr' id='par_1_17' title="bbox 263 1434 1837 1506">
     <span class='ocr_line' id='line_1_17' title="bbox 263 1434 1837 1506; baseline 0.002 -19"><span class='ocrx_word' id='word_1_113' title='bbox 263 1435 294 1487; x_wconf 87' lang='lat'><strong>6</strong></span> <span class='ocrx_word' id='word_1_114' title='bbox 322 1435 608 1498; x_wconf 81' lang='grc' dir='ltr'>θεσπέσιος</span> <span class='ocrx_word' id='word_1_115' title='bbox 641 1434 876 1500; x_wconf 81' lang='grc' dir='ltr'>Παῦλος,</span> <span class='ocrx_word' id='word_1_116' title='bbox 908 1435 993 1488; x_wconf 86' lang='grc' dir='ltr'>ὃτι</span> <span class='ocrx_word' id='word_1_117' title='bbox 1024 1452 1044 1486; x_wconf 75' lang='grc' dir='ltr'><strong>ι</strong></span> <span class='ocrx_word' id='word_1_118' title='bbox 1073 1434 1244 1488; x_wconf 88' lang='grc' dir='ltr'>Τοῦτό</span> <span class='ocrx_word' id='word_1_119' title='bbox 1285 1436 1405 1488; x_wconf 81' lang='grc' dir='ltr'>ὲστι</span> <span class='ocrx_word' id='word_1_120' title='bbox 1446 1435 1509 1488; x_wconf 91' lang='grc' dir='ltr'><strong>τὸ</strong></span> <span class='ocrx_word' id='word_1_121' title='bbox 1554 1435 1705 1506; x_wconf 79' lang='grc' dir='ltr'>ῥῆμα</span> <span class='ocrx_word' id='word_1_122' title='bbox 1735 1437 1837 1506; x_wconf 84' lang='grc' dir='ltr'>τῆς</span> 
     </span>
    </p>
   </div>
   <div class='ocr_carea' id='block_1_18' title="bbox 267 1522 1837 1597">
    <p class='ocr_par' dir='ltr' id='par_1_18' title="bbox 267 1522 1837 1597">
     <span class='ocr_line' id='line_1_18' title="bbox 267 1522 1837 1597; baseline 0.003 -23"><span class='ocrx_word' id='word_1_123' title='bbox 267 1522 504 1588; x_wconf 85' lang='grc' dir='ltr'>πίστεως</span> <span class='ocrx_word' id='word_1_124' title='bbox 542 1523 573 1576; x_wconf 86' lang='grc' dir='ltr'><strong>δ</strong></span> <span class='ocrx_word' id='word_1_125' title='bbox 615 1524 991 1594; x_wconf 85' lang='grc' dir='ltr'>κηρύσσομεν,</span> <span class='ocrx_word' id='word_1_126' title='bbox 1027 1525 1111 1578; x_wconf 81' lang='grc' dir='ltr'>ὅτι</span> <span class='ocrx_word' id='word_1_127' title='bbox 1157 1525 1253 1578; x_wconf 78' lang='grc' dir='ltr'><strong>ὲάν</strong></span> <span class='ocrx_word' id='word_1_128' title='bbox 1297 1524 1639 1597; x_wconf 78' lang='grc' dir='ltr'>ὁμολογήσῃς</span> <span class='ocrx_word' id='word_1_129' title='bbox 1673 1528 1730 1579; x_wconf 84' lang='grc' dir='ltr'>ὲν</span> <span class='ocrx_word' id='word_1_130' title='bbox 1757 1524 1837 1596; x_wconf 85' lang='grc' dir='ltr'>τῷ</span> 
     </span>
    </p>
   </div>
   <div class='ocr_carea' id='block_1_19' title="bbox 1930 439 3502 513">
    <p class='ocr_par' dir='ltr' id='par_1_19' title="bbox 1930 439 3502 513">
     <span class='ocr_line' id='line_1_19' title="bbox 1930 439 3502 513; baseline 0.001 -17"><span class='ocrx_word' id='word_1_131' title='bbox 1930 443 2061 505; x_wconf 63' lang='lat' dir='ltr'><strong>haec,</strong></span> <span class='ocrx_word' id='word_1_132' title='bbox 2094 442 2146 497; x_wconf 89' lang='lat' dir='ltr'><strong>in</strong></span> <span class='ocrx_word' id='word_1_133' title='bbox 2170 442 2420 513; x_wconf 76' lang='lat' dir='ltr'><strong>gentibus</strong></span> <span class='ocrx_word' id='word_1_134' title='bbox 2446 440 2820 511; x_wconf 85' lang='lat' dir='ltr'><strong>evangelizare</strong></span> <span class='ocrx_word' id='word_1_135' title='bbox 2851 439 3253 511; x_wconf 86' lang='lat' dir='ltr'><strong>investigabiles</strong></span> <span class='ocrx_word' id='word_1_136' title='bbox 3286 441 3502 498; x_wconf 83' lang='lat' dir='ltr'><strong>divitias</strong></span> 
     </span>
    </p>
   </div>
   <div class='ocr_carea' id='block_1_20' title="bbox 1928 531 3505 602">
    <p class='ocr_par' dir='ltr' id='par_1_20' title="bbox 1928 531 3505 602">
     <span class='ocr_line' id='line_1_20' title="bbox 1928 531 3505 602; baseline -0.002 -13"><span class='ocrx_word' id='word_1_137' title='bbox 1928 534 2151 598; x_wconf 86' lang='lat' dir='ltr'><strong>Christi,</strong></span> <span class='ocrx_word' id='word_1_138' title='bbox 2197 543 2251 589; x_wconf 91' lang='lat' dir='ltr'><strong>et</strong></span> <span class='ocrx_word' id='word_1_139' title='bbox 2294 533 2602 589; x_wconf 86' lang='lat' dir='ltr'><strong>illuminare</strong></span> <span class='ocrx_word' id='word_1_140' title='bbox 2648 547 2837 588; x_wconf 92' lang='lat' dir='ltr'><strong>omnes</strong></span> <span class='ocrx_word' id='word_1_141' title='bbox 2878 546 3001 602; x_wconf 64' lang='lat' dir='ltr'><strong>qua</strong></span> <span class='ocrx_word' id='word_1_142' title='bbox 3051 532 3123 586; x_wconf 90' lang='lat' dir='ltr'><strong>sit</strong></span> <span class='ocrx_word' id='word_1_143' title='bbox 3172 531 3505 601; x_wconf 78' lang='lat' dir='ltr'><strong>dispensatio</strong></span> 
     </span>
    </p>
   </div>
   <div class='ocr_carea' id='block_1_21' title="bbox 1929 621 3502 693">
    <p class='ocr_par' dir='ltr' id='par_1_21' title="bbox 1929 621 3502 693">
     <span class='ocr_line' id='line_1_21' title="bbox 1929 621 3502 693; baseline -0.001 -15"><span class='ocrx_word' id='word_1_144' title='bbox 1929 624 2258 678; x_wconf 89' lang='lat' dir='ltr'><strong>sacramenti</strong></span> <span class='ocrx_word' id='word_1_145' title='bbox 2290 623 2593 679; x_wconf 87' lang='lat' dir='ltr'><strong>absconditi</strong></span> <span class='ocrx_word' id='word_1_146' title='bbox 2620 637 2650 677; x_wconf 89' lang='lat' dir='ltr'><strong>a</strong></span> <span class='ocrx_word' id='word_1_147' title='bbox 2686 621 2898 678; x_wconf 67' lang='lat' dir='ltr'><strong>saeculis</strong></span> <span class='ocrx_word' id='word_1_148' title='bbox 2928 622 2980 677; x_wconf 92' lang='lat' dir='ltr'><strong>in</strong></span> <span class='ocrx_word' id='word_1_149' title='bbox 3016 621 3157 691; x_wconf 84' lang='lat' dir='ltr'><strong>Deo,</strong></span> <span class='ocrx_word' id='word_1_150' title='bbox 3189 621 3287 693; x_wconf 85' lang='lat' dir='ltr'><strong>qui</strong></span> <span class='ocrx_word' id='word_1_151' title='bbox 3321 623 3502 677; x_wconf 80' lang='lat' dir='ltr'><strong>omnia</strong></span> 
     </span>
    </p>
   </div>
   <div class='ocr_carea' id='block_1_22' title="bbox 1930 715 2285 770">
    <p class='ocr_par' dir='ltr' id='par_1_22' title="bbox 1930 715 2285 770">
     <span class='ocr_line' id='line_1_22' title="bbox 1930 715 2285 770; baseline -0.008 -1"><span class='ocrx_word' id='word_1_152' title='bbox 1930 716 2134 770; x_wconf 86' lang='lat' dir='ltr'><strong>creavit</strong></span> <span class='ocrx_word' id='word_1_153' title='bbox 2155 715 2223 768; x_wconf 62' lang='grc' dir='ltr'><strong>θ’.</strong></span> <span class='ocrx_word' id='word_1_154' title='bbox 2264 732 2285 766; x_wconf 82' lang='grc'><strong>›</strong></span> 
     </span>
    </p>
   </div>
   <div class='ocr_carea' id='block_1_23' title="bbox 2006 863 3506 959">
    <p class='ocr_par' dir='ltr' id='par_1_23' title="bbox 2006 863 3506 959">
     <span class='ocr_line' id='line_1_23' title="bbox 2006 863 3506 959; baseline -0.001 -15"><span class='ocrx_word' id='word_1_155' title='bbox 2006 910 2027 944; x_wconf 74' lang='grc' dir='ltr'><strong>ι</strong></span> <span class='ocrx_word' id='word_1_156' title='bbox 2066 863 2203 958; x_wconf 79' lang='lat' dir='ltr'><strong>Viri,</strong></span> <span class='ocrx_word' id='word_1_157' title='bbox 2247 889 2456 959; x_wconf 89' lang='lat' dir='ltr'><strong>inquit,</strong></span> <span class='ocrx_word' id='word_1_158' title='bbox 2497 888 2700 959; x_wconf 75' lang='lat' dir='ltr'><strong>diligite</strong></span> <span class='ocrx_word' id='word_1_159' title='bbox 2750 902 2946 945; x_wconf 80' lang='lat' dir='ltr'><strong>uxores</strong></span> <span class='ocrx_word' id='word_1_160' title='bbox 2994 897 3222 955; x_wconf 86' lang='lat' dir='ltr'><strong>vestras,</strong></span> <span class='ocrx_word' id='word_1_161' title='bbox 3269 889 3410 944; x_wconf 84' lang='lat' dir='ltr'><strong>sicut</strong></span> <span class='ocrx_word' id='word_1_162' title='bbox 3450 898 3506 943; x_wconf 81' lang='lat' dir='ltr'><strong>et</strong></span> 
     </span>
    </p>
   </div>
   <div class='ocr_carea' id='block_1_24' title="bbox 1931 978 3507 1048">
    <p class='ocr_par' dir='ltr' id='par_1_24' title="bbox 1931 978 3507 1048">
     <span class='ocr_line' id='line_1_24' title="bbox 1931 978 3507 1048; baseline -0.004 -10"><span class='ocrx_word' id='word_1_163' title='bbox 1931 982 2184 1038; x_wconf 84' lang='lat' dir='ltr'><strong>Christus</strong></span> <span class='ocrx_word' id='word_1_164' title='bbox 2210 981 2399 1036; x_wconf 81' lang='lat' dir='ltr'><strong>dilexit</strong></span> <span class='ocrx_word' id='word_1_165' title='bbox 2431 979 2753 1043; x_wconf 86' lang='lat' dir='ltr'><strong>Ecclesiam,</strong></span> <span class='ocrx_word' id='word_1_166' title='bbox 2789 988 2844 1034; x_wconf 92' lang='lat' dir='ltr'><strong>et</strong></span> <span class='ocrx_word' id='word_1_167' title='bbox 2896 979 3246 1048; x_wconf 86' lang='lat' dir='ltr'><strong>semetipsum</strong></span> <span class='ocrx_word' id='word_1_168' title='bbox 3286 978 3507 1033; x_wconf 86' lang='lat' dir='ltr'><strong>tradidit</strong></span> 
     </span>
    </p>
   </div>
   <div class='ocr_carea' id='block_1_25' title="bbox 1933 1069 3508 1147">
    <p class='ocr_par' dir='ltr' id='par_1_25' title="bbox 1933 1069 3508 1147">
     <span class='ocr_line' id='line_1_25' title="bbox 1933 1069 3508 1147; baseline -0.005 -17"><span class='ocrx_word' id='word_1_169' title='bbox 1933 1090 2032 1147; x_wconf 79' lang='lat' dir='ltr'><strong>pro</strong></span> <span class='ocrx_word' id='word_1_170' title='bbox 2057 1090 2146 1140; x_wconf 89' lang='lat' dir='ltr'><strong>ea,</strong></span> <span class='ocrx_word' id='word_1_171' title='bbox 2178 1084 2239 1130; x_wconf 90' lang='lat' dir='ltr'><strong>ut</strong></span> <span class='ocrx_word' id='word_1_172' title='bbox 2268 1073 2413 1129; x_wconf 87' lang='lat' dir='ltr'><strong>illam</strong></span> <span class='ocrx_word' id='word_1_173' title='bbox 2457 1071 2827 1127; x_wconf 81' lang='lat' dir='ltr'><strong>sanctiﬁcaret</strong></span> <span class='ocrx_word' id='word_1_174' title='bbox 2850 1111 2865 1137; x_wconf 93' lang='lat'><strong>,</strong></span> <span class='ocrx_word' id='word_1_175' title='bbox 2902 1071 3167 1124; x_wconf 90' lang='lat' dir='ltr'><strong>mundans</strong></span> <span class='ocrx_word' id='word_1_176' title='bbox 3197 1084 3316 1125; x_wconf 82' lang='lat' dir='ltr'><strong>eam</strong></span> <span class='ocrx_word' id='word_1_177' title='bbox 3358 1069 3508 1123; x_wconf 79' lang='lat' dir='ltr'><strong>lava-</strong></span> 
     </span>
    </p>
   </div>
   <div class='ocr_carea' id='block_1_26' title="bbox 1932 1160 3508 1236">
    <p class='ocr_par' dir='ltr' id='par_1_26' title="bbox 1932 1160 3508 1236">
     <span class='ocr_line' id='line_1_26' title="bbox 1932 1160 3508 1236; baseline -0.004 -14"><span class='ocrx_word' id='word_1_178' title='bbox 1932 1182 2029 1222; x_wconf 91' lang='lat' dir='ltr'><strong>cro</strong></span> <span class='ocrx_word' id='word_1_179' title='bbox 2068 1180 2223 1236; x_wconf 70' lang='lat' dir='ltr'><strong>aquae</strong></span> <span class='ocrx_word' id='word_1_180' title='bbox 2259 1164 2312 1218; x_wconf 91' lang='lat' dir='ltr'><strong>in</strong></span> <span class='ocrx_word' id='word_1_181' title='bbox 2356 1162 2521 1218; x_wconf 87' lang='lat' dir='ltr'><strong>verbo</strong></span> <span class='ocrx_word' id='word_1_182' title='bbox 2565 1163 2686 1216; x_wconf 68' lang='lat' dir='ltr'><strong>vitae</strong></span> <span class='ocrx_word' id='word_1_183' title='bbox 2715 1161 2783 1214; x_wconf 83' lang='lat'><strong>“.</strong></span> <span class='ocrx_word' id='word_1_184' title='bbox 2829 1180 2849 1213; x_wconf 75' lang='grc' dir='ltr'><strong>ι</strong></span> <span class='ocrx_word' id='word_1_185' title='bbox 2891 1160 3094 1231; x_wconf 86' lang='lat' dir='ltr'><strong>Ecquid</strong></span> <span class='ocrx_word' id='word_1_186' title='bbox 3134 1160 3316 1226; x_wconf 87' lang='lat' dir='ltr'><strong>aliud,</strong></span> <span class='ocrx_word' id='word_1_187' title='bbox 3349 1161 3508 1216; x_wconf 68' lang='lat' dir='ltr'><strong>obseo</strong></span> 
     </span>
    </p>
   </div>
   <div class='ocr_carea' id='block_1_27' title="bbox 1934 1253 3508 1323">
    <p class='ocr_par' dir='ltr' id='par_1_27' title="bbox 1934 1253 3508 1323">
     <span class='ocr_line' id='line_1_27' title="bbox 1934 1253 3508 1323; baseline -0.005 -10"><span class='ocrx_word' id='word_1_188' title='bbox 1934 1271 2052 1323; x_wconf 90' lang='lat' dir='ltr'><strong>cro,</strong></span> <span class='ocrx_word' id='word_1_189' title='bbox 2098 1254 2324 1310; x_wconf 90' lang='lat' dir='ltr'><strong>verbum</strong></span> <span class='ocrx_word' id='word_1_190' title='bbox 2369 1263 2491 1319; x_wconf 87' lang='lat' dir='ltr'><strong>est,</strong></span> <span class='ocrx_word' id='word_1_191' title='bbox 2529 1267 2627 1323; x_wconf 91' lang='lat' dir='ltr'><strong>per</strong></span> <span class='ocrx_word' id='word_1_192' title='bbox 2669 1254 2813 1322; x_wconf 89' lang='lat' dir='ltr'><strong>quod</strong></span> <span class='ocrx_word' id='word_1_193' title='bbox 2859 1266 3086 1321; x_wconf 89' lang='lat' dir='ltr'><strong>corpore</strong></span> <span class='ocrx_word' id='word_1_194' title='bbox 3136 1267 3275 1321; x_wconf 89' lang='lat' dir='ltr'><strong>aqua</strong></span> <span class='ocrx_word' id='word_1_195' title='bbox 3309 1253 3508 1306; x_wconf 84' lang='lat' dir='ltr'><strong>munda</strong></span> 
     </span>
    </p>
   </div>
   <div class='ocr_carea' id='block_1_28' title="bbox 1934 1342 3509 1416">
    <p class='ocr_par' dir='ltr' id='par_1_28' title="bbox 1934 1342 3509 1416">
     <span class='ocr_line' id='line_1_28' title="bbox 1934 1342 3509 1416; baseline -0.001 -15"><span class='ocrx_word' id='word_1_196' title='bbox 1934 1348 2116 1402; x_wconf 84' lang='lat' dir='ltr'><strong>abluta</strong></span> <span class='ocrx_word' id='word_1_197' title='bbox 2149 1360 2467 1416; x_wconf 83' lang='lat' dir='ltr'><strong>purgamur,</strong></span> <span class='ocrx_word' id='word_1_198' title='bbox 2501 1358 2661 1413; x_wconf 88' lang='lat' dir='ltr'><strong>quam</strong></span> <span class='ocrx_word' id='word_1_199' title='bbox 2694 1343 2823 1398; x_wconf 89' lang='lat' dir='ltr'><strong>illud</strong></span> <span class='ocrx_word' id='word_1_200' title='bbox 2858 1343 3054 1412; x_wconf 86' lang='lat' dir='ltr'><strong>ipsum,</strong></span> <span class='ocrx_word' id='word_1_201' title='bbox 3086 1342 3154 1398; x_wconf 91' lang='lat' dir='ltr'><strong>de</strong></span> <span class='ocrx_word' id='word_1_202' title='bbox 3186 1357 3294 1413; x_wconf 91' lang='lat' dir='ltr'><strong>quo</strong></span> <span class='ocrx_word' id='word_1_203' title='bbox 3319 1343 3509 1399; x_wconf 82' lang='lat' dir='ltr'><strong>beatus</strong></span> 
     </span>
    </p>
   </div>
   <div class='ocr_carea' id='block_1_29' title="bbox 1934 1433 3505 1490">
    <p class='ocr_par' dir='ltr' id='par_1_29' title="bbox 1934 1433 3505 1490">
     <span class='ocr_line' id='line_1_29' title="bbox 1934 1433 3505 1490; baseline -0.003 -1"><span class='ocrx_word' id='word_1_204' title='bbox 1934 1436 2132 1490; x_wconf 83' lang='lat' dir='ltr'><strong>Paulus</strong></span> <span class='ocrx_word' id='word_1_205' title='bbox 2154 1434 2260 1490; x_wconf 90' lang='lat' dir='ltr'><strong>alio</strong></span> <span class='ocrx_word' id='word_1_206' title='bbox 2294 1435 2412 1489; x_wconf 92' lang='lat' dir='ltr'><strong>loco</strong></span> <span class='ocrx_word' id='word_1_207' title='bbox 2440 1434 2516 1489; x_wconf 84' lang='lat' dir='ltr'><strong>ita</strong></span> <span class='ocrx_word' id='word_1_208' title='bbox 2545 1433 2730 1489; x_wconf 84' lang='lat' dir='ltr'><strong>scribit</strong></span> <span class='ocrx_word' id='word_1_209' title='bbox 2756 1450 2772 1489; x_wconf 91' lang='lat'><strong>:</strong></span> <span class='ocrx_word' id='word_1_210' title='bbox 2803 1452 2823 1486; x_wconf 78' lang='grc' dir='ltr'><strong>ι</strong></span> <span class='ocrx_word' id='word_1_211' title='bbox 2858 1433 2970 1488; x_wconf 89' lang='lat' dir='ltr'><strong>Hoc</strong></span> <span class='ocrx_word' id='word_1_212' title='bbox 3001 1442 3083 1489; x_wconf 89' lang='lat' dir='ltr'><strong>est</strong></span> <span class='ocrx_word' id='word_1_213' title='bbox 3116 1435 3338 1490; x_wconf 84' lang='lat' dir='ltr'><strong>verbum</strong></span> <span class='ocrx_word' id='word_1_214' title='bbox 3384 1435 3505 1488; x_wconf 58' lang='lat' dir='ltr'><strong>litlni</strong></span> 
     </span>
    </p>
   </div>
   <div class='ocr_carea' id='block_1_30' title="bbox 1936 1523 3508 1596">
    <p class='ocr_par' dir='ltr' id='par_1_30' title="bbox 1936 1523 3508 1596">
     <span class='ocr_line' id='line_1_30' title="bbox 1936 1523 3508 1596; baseline -0.003 -15"><span class='ocrx_word' id='word_1_215' title='bbox 1936 1526 2075 1596; x_wconf 91' lang='lat' dir='ltr'><strong>quod</strong></span> <span class='ocrx_word' id='word_1_216' title='bbox 2116 1526 2516 1596; x_wconf 66' lang='lat' dir='ltr'><strong>praedicamus:</strong></span> <span class='ocrx_word' id='word_1_217' title='bbox 2567 1525 2690 1594; x_wconf 87' lang='lat' dir='ltr'><strong>quia</strong></span> <span class='ocrx_word' id='word_1_218' title='bbox 2732 1526 2777 1579; x_wconf 87' lang='lat' dir='ltr'><strong>si</strong></span> <span class='ocrx_word' id='word_1_219' title='bbox 2827 1524 3135 1581; x_wconf 76' lang='lat' dir='ltr'><strong>conﬁtearis</strong></span> <span class='ocrx_word' id='word_1_220' title='bbox 3177 1523 3230 1579; x_wconf 93' lang='lat' dir='ltr'><strong>in</strong></span> <span class='ocrx_word' id='word_1_221' title='bbox 3273 1538 3370 1579; x_wconf 90' lang='lat' dir='ltr'><strong>ore</strong></span> <span class='ocrx_word' id='word_1_222' title='bbox 3417 1532 3508 1578; x_wconf 88' lang='lat' dir='ltr'><strong>tuo</strong></span> 
     </span>
    </p>
   </div>
   <div class='ocr_carea' id='block_1_31' title="bbox 269 1612 1836 1689">
    <p class='ocr_par' dir='ltr' id='par_1_31' title="bbox 269 1612 1836 1689">
     <span class='ocr_line' id='line_1_31' title="bbox 269 1612 1836 1689; baseline 0.003 -25"><span class='ocrx_word' id='word_1_223' title='bbox 269 1612 497 1682; x_wconf 89' lang='grc' dir='ltr'>στόματί</span> <span class='ocrx_word' id='word_1_224' title='bbox 530 1630 623 1666; x_wconf 91' lang='grc' dir='ltr'><strong>σου</strong></span> <span class='ocrx_word' id='word_1_225' title='bbox 647 1614 852 1685; x_wconf 84' lang='grc' dir='ltr'>Κύριον</span> <span class='ocrx_word' id='word_1_226' title='bbox 884 1615 1091 1685; x_wconf 83' lang='grc' dir='ltr'>Ἰησοῦν</span> <span class='ocrx_word' id='word_1_227' title='bbox 1123 1616 1380 1686; x_wconf 86' lang='grc' dir='ltr'>Χριστὸν,</span> <span class='ocrx_word' id='word_1_228' title='bbox 1406 1616 1501 1668; x_wconf 81' lang='grc' dir='ltr'>καὶ</span> <span class='ocrx_word' id='word_1_229' title='bbox 1539 1615 1836 1689; x_wconf 81' lang='grc' dir='ltr'>πιστεύσῃς</span> 
     </span>
    </p>
   </div>
   <div class='ocr_carea' id='block_1_32' title="bbox 1941 1612 3507 1689">
    <p class='ocr_par' dir='ltr' id='par_1_32' title="bbox 1942 1613 3507 1682">
     <span class='ocr_line' id='line_1_32' title="bbox 1942 1613 3507 1682; baseline -0.003 -11"><span class='ocrx_word' id='word_1_230' title='bbox 1942 1617 2225 1671; x_wconf 88' lang='lat' dir='ltr'><strong>Dominum</strong></span> <span class='ocrx_word' id='word_1_231' title='bbox 2247 1614 2454 1680; x_wconf 67' lang='lat' dir='ltr'><strong>Iesum,</strong></span> <span class='ocrx_word' id='word_1_232' title='bbox 2486 1623 2541 1669; x_wconf 89' lang='lat' dir='ltr'><strong>et</strong></span> <span class='ocrx_word' id='word_1_233' title='bbox 2575 1614 2627 1668; x_wconf 91' lang='lat' dir='ltr'><strong>in</strong></span> <span class='ocrx_word' id='word_1_234' title='bbox 2680 1617 2844 1670; x_wconf 91' lang='lat' dir='ltr'><strong>corde</strong></span> <span class='ocrx_word' id='word_1_235' title='bbox 2889 1625 2981 1669; x_wconf 92' lang='lat' dir='ltr'><strong>tuo</strong></span> <span class='ocrx_word' id='word_1_236' title='bbox 3021 1613 3318 1670; x_wconf 86' lang='lat' dir='ltr'><strong>credideris</strong></span> <span class='ocrx_word' id='word_1_237' title='bbox 3364 1614 3507 1682; x_wconf 89' lang='lat' dir='ltr'><strong>quod</strong></span> 
     </span>
    </p>
   </div>
   <div class='ocr_carea' id='block_1_33' title="bbox 265 1682 1836 1778">
    <p class='ocr_par' dir='ltr' id='par_1_33' title="bbox 265 1682 1836 1778">
     <span class='ocr_line' id='line_1_33' title="bbox 265 1682 1836 1778; baseline 0.003 -21"><span class='ocrx_word' id='word_1_238' title='bbox 265 1704 326 1757; x_wconf 74' lang='grc' dir='ltr'>ἐν</span> <span class='ocrx_word' id='word_1_239' title='bbox 346 1705 411 1775; x_wconf 77' lang='grc' dir='ltr'>τῇ</span> <span class='ocrx_word' id='word_1_240' title='bbox 433 1704 629 1777; x_wconf 78' lang='grc' dir='ltr'>καρδίᾳ</span> <span class='ocrx_word' id='word_1_241' title='bbox 651 1682 767 1771; x_wconf 80' lang='grc' dir='ltr'>σου,</span> <span class='ocrx_word' id='word_1_242' title='bbox 795 1707 875 1759; x_wconf 84' lang='grc' dir='ltr'>ὅτι</span> <span class='ocrx_word' id='word_1_243' title='bbox 896 1707 926 1759; x_wconf 97' lang='lat'><strong>6</strong></span> <span class='ocrx_word' id='word_1_244' title='bbox 941 1682 1073 1769; x_wconf 84' lang='grc' dir='ltr'>Θεὸς</span> <span class='ocrx_word' id='word_1_245' title='bbox 1096 1682 1257 1760; x_wconf 76' lang='grc' dir='ltr'>αὐτὸν</span> <span class='ocrx_word' id='word_1_246' title='bbox 1281 1706 1502 1778; x_wconf 70' lang='grc' dir='ltr'>ἤγειρεν</span> <span class='ocrx_word' id='word_1_247' title='bbox 1518 1709 1581 1760; x_wconf 86' lang='grc' dir='ltr'>ὲκ</span> <span class='ocrx_word' id='word_1_248' title='bbox 1604 1682 1836 1777; x_wconf 54' lang='grc' dir='ltr'>νεκριῖίν,</span> 
     </span>
    </p>
   </div>
   <div class='ocr_carea' id='block_1_34' title="bbox 1941 1682 3510 1778">
    <p class='ocr_par' dir='ltr' id='par_1_34' title="bbox 1942 1704 3510 1771">
     <span class='ocr_line' id='line_1_34' title="bbox 1942 1704 3510 1771; baseline -0.004 -8"><span class='ocrx_word' id='word_1_249' title='bbox 1942 1710 2082 1764; x_wconf 88' lang='lat' dir='ltr'><strong>Deus</strong></span> <span class='ocrx_word' id='word_1_250' title='bbox 2113 1708 2261 1764; x_wconf 90' lang='lat' dir='ltr'><strong>illum</strong></span> <span class='ocrx_word' id='word_1_251' title='bbox 2288 1707 2570 1763; x_wconf 82' lang='lat' dir='ltr'><strong>suscitavit</strong></span> <span class='ocrx_word' id='word_1_252' title='bbox 2602 1722 2631 1760; x_wconf 90' lang='lat' dir='ltr'><strong>a</strong></span> <span class='ocrx_word' id='word_1_253' title='bbox 2660 1707 2921 1771; x_wconf 83' lang='lat' dir='ltr'><strong>mortuis,</strong></span> <span class='ocrx_word' id='word_1_254' title='bbox 2960 1706 3141 1761; x_wconf 83' lang='lat' dir='ltr'><strong>salvus</strong></span> <span class='ocrx_word' id='word_1_255' title='bbox 3169 1706 3297 1761; x_wconf 90' lang='lat' dir='ltr'><strong>eris.</strong></span> <span class='ocrx_word' id='word_1_256' title='bbox 3334 1704 3510 1761; x_wconf 88' lang='lat' dir='ltr'><strong>Corde</strong></span> 
     </span>
    </p>
   </div>
   <div class='ocr_carea' id='block_1_35' title="bbox 266 1793 1835 1869">
    <p class='ocr_par' dir='ltr' id='par_1_35' title="bbox 266 1793 1835 1869">
     <span class='ocr_line' id='line_1_35' title="bbox 266 1793 1835 1869; baseline 0.004 -24"><span class='ocrx_word' id='word_1_257' title='bbox 266 1793 510 1867; x_wconf 82' lang='grc' dir='ltr'>σωθήσῃ.</span> <span class='ocrx_word' id='word_1_258' title='bbox 558 1796 774 1867; x_wconf 78' lang='grc' dir='ltr'>Καρδίᾳ</span> <span class='ocrx_word' id='word_1_259' title='bbox 823 1797 932 1866; x_wconf 84' lang='grc' dir='ltr'>γὰρ</span> <span class='ocrx_word' id='word_1_260' title='bbox 982 1797 1296 1850; x_wconf 73' lang='grc' dir='ltr'>πιστεύεται</span> <span class='ocrx_word' id='word_1_261' title='bbox 1345 1800 1423 1862; x_wconf 89' lang='grc' dir='ltr'><strong>είς</strong></span> <span class='ocrx_word' id='word_1_262' title='bbox 1465 1799 1835 1869; x_wconf 86' lang='grc' dir='ltr'>δικαιοσύνην,</span> 
     </span>
    </p>
   </div>
   <div class='ocr_carea' id='block_1_36' title="bbox 269 1886 1837 1960">
    <p class='ocr_par' dir='ltr' id='par_1_36' title="bbox 269 1886 1837 1960">
     <span class='ocr_line' id='line_1_36' title="bbox 269 1886 1837 1960; baseline 0.004 -23"><span class='ocrx_word' id='word_1_263' title='bbox 269 1886 497 1956; x_wconf 90' lang='grc' dir='ltr'>στόματι</span> <span class='ocrx_word' id='word_1_264' title='bbox 527 1886 586 1940; x_wconf 87' lang='grc' dir='ltr'>δὲ</span> <span class='ocrx_word' id='word_1_265' title='bbox 628 1887 965 1957; x_wconf 81' lang='grc' dir='ltr'>ὁμολογεῖται</span> <span class='ocrx_word' id='word_1_266' title='bbox 1013 1890 1094 1953; x_wconf 84' lang='grc' dir='ltr'><strong>εἰς</strong></span> <span class='ocrx_word' id='word_1_267' title='bbox 1141 1888 1455 1960; x_wconf 81' lang='grc' dir='ltr'>σωτηρίαν;</span> <span class='ocrx_word' id='word_1_268' title='bbox 1488 1908 1507 1942; x_wconf 75' lang='grc' dir='ltr'><strong>ι</strong></span> <span class='ocrx_word' id='word_1_269' title='bbox 1543 1890 1751 1945; x_wconf 83' lang='grc' dir='ltr'>Οὐκοῦν</span> <span class='ocrx_word' id='word_1_270' title='bbox 1788 1892 1837 1943; x_wconf 85' lang='grc' dir='ltr'><strong>εί</strong></span> 
     </span>
    </p>
   </div>
   <div class='ocr_carea' id='block_1_37' title="bbox 265 1976 1835 2052">
    <p class='ocr_par' dir='ltr' id='par_1_37' title="bbox 265 1976 1835 2052">
     <span class='ocr_line' id='line_1_37' title="bbox 265 1976 1835 2052; baseline 0.004 -23"><span class='ocrx_word' id='word_1_271' title='bbox 265 1976 500 2047; x_wconf 83' lang='grc' dir='ltr'>Χριστὸν</span> <span class='ocrx_word' id='word_1_272' title='bbox 542 1977 927 2048; x_wconf 81' lang='grc' dir='ltr'>ὁμολογοῦντες</span> <span class='ocrx_word' id='word_1_273' title='bbox 974 1982 1032 2033; x_wconf 84' lang='grc' dir='ltr'>ὲν</span> <span class='ocrx_word' id='word_1_274' title='bbox 1080 1982 1260 2034; x_wconf 85' lang='grc' dir='ltr'>πίστει</span> <span class='ocrx_word' id='word_1_275' title='bbox 1291 1980 1597 2052; x_wconf 79' lang='grc' dir='ltr'>σωζόμεθα,</span> <span class='ocrx_word' id='word_1_276' title='bbox 1628 1982 1748 2046; x_wconf 85' lang='grc' dir='ltr'><strong>πῶς</strong></span> <span class='ocrx_word' id='word_1_277' title='bbox 1774 1982 1835 2035; x_wconf 85' lang='grc' dir='ltr'><strong>ού</strong></span> 
     </span>
    </p>
   </div>
   <div class='ocr_carea' id='block_1_38' title="bbox 265 2064 1839 2141">
    <p class='ocr_par' dir='ltr' id='par_1_38' title="bbox 265 2064 1839 2141">
     <span class='ocr_line' id='line_1_38' title="bbox 265 2064 1839 2141; baseline 0.007 -26"><span class='ocrx_word' id='word_1_278' title='bbox 265 2064 398 2128; x_wconf 83' lang='grc' dir='ltr'>Θεὸς</span> <span class='ocrx_word' id='word_1_279' title='bbox 428 2065 633 2135; x_wconf 84' lang='grc' dir='ltr'>ἀληθής</span> <span class='ocrx_word' id='word_1_280' title='bbox 662 2068 829 2133; x_wconf 81' lang='grc' dir='ltr'>ἐστιν,</span> <span class='ocrx_word' id='word_1_281' title='bbox 864 2069 943 2132; x_wconf 84' lang='grc' dir='ltr'><strong>είς</strong></span> <span class='ocrx_word' id='word_1_282' title='bbox 974 2069 1033 2122; x_wconf 83' lang='grc' dir='ltr'>ὂν</span> <span class='ocrx_word' id='word_1_283' title='bbox 1067 2069 1128 2122; x_wconf 92' lang='grc' dir='ltr'><strong>τὸ</strong></span> <span class='ocrx_word' id='word_1_284' title='bbox 1156 2070 1255 2140; x_wconf 80' lang='grc' dir='ltr'>τῆς</span> <span class='ocrx_word' id='word_1_285' title='bbox 1287 2069 1520 2135; x_wconf 89' lang='grc' dir='ltr'>πίστεως</span> <span class='ocrx_word' id='word_1_286' title='bbox 1554 2074 1603 2125; x_wconf 87' lang='grc' dir='ltr'><strong>εί</strong></span> <span class='ocrx_word' id='word_1_287' title='bbox 1629 2072 1839 2141; x_wconf 83' lang='grc' dir='ltr'>γένοιτο</span> 
     </span>
    </p>
   </div>
   <div class='ocr_carea' id='block_1_39' title="bbox 269 2155 1464 2231">
    <p class='ocr_par' dir='ltr' id='par_1_39' title="bbox 269 2155 1464 2231">
     <span class='ocr_line' id='line_1_39' title="bbox 269 2155 1464 2231; baseline -0.013 -5"><span class='ocrx_word' id='word_1_288' title='bbox 269 2155 441 2225; x_wconf 66' lang='grc' dir='ltr'><strong>ῥῆμα»</strong></span> <span class='ocrx_word' id='word_1_289' title='bbox 474 2156 865 2229; x_wconf 74' lang='grc' dir='ltr'>κεκαθάρμεθά</span> <span class='ocrx_word' id='word_1_290' title='bbox 895 2176 957 2212; x_wconf 89' lang='grc' dir='ltr'><strong>τε</strong></span> <span class='ocrx_word' id='word_1_291' title='bbox 991 2161 1087 2213; x_wconf 75' lang='grc' dir='ltr'>καὶ</span> <span class='ocrx_word' id='word_1_292' title='bbox 1118 2160 1464 2231; x_wconf 72' lang='grc' dir='ltr'>ἡγιάσμεθας</span> 
     </span>
    </p>
   </div>
   <div class='ocr_carea' id='block_1_40' title="bbox 595 2268 1519 2339">
    <p class='ocr_par' dir='ltr' id='par_1_40' title="bbox 595 2268 1519 2339">
     <span class='ocr_line' id='line_1_40' title="bbox 595 2268 1519 2339; baseline 0.002 -16"><span class='ocrx_word' id='word_1_293' title='bbox 595 2269 696 2323; x_wconf 85' lang='grc' dir='ltr'>Ἐκ</span> <span class='ocrx_word' id='word_1_294' title='bbox 730 2268 838 2337; x_wconf 83' lang='grc' dir='ltr'>τῆς</span> <span class='ocrx_word' id='word_1_295' title='bbox 869 2270 1021 2338; x_wconf 81' lang='grc' dir='ltr'>πρὸς</span> <span class='ocrx_word' id='word_1_296' title='bbox 1051 2271 1519 2339; x_wconf 77' lang='grc' dir='ltr'>Φιλιππησίους.</span> 
     </span>
    </p>
   </div>
   <div class='ocr_carea' id='block_1_41' title="bbox 344 2380 1840 2458">
    <p class='ocr_par' dir='ltr' id='par_1_41' title="bbox 344 2380 1840 2458">
     <span class='ocr_line' id='line_1_41' title="bbox 344 2380 1840 2458; baseline 0.005 -26"><span class='ocrx_word' id='word_1_297' title='bbox 344 2398 363 2431; x_wconf 76' lang='grc' dir='ltr'><strong>ι</strong></span> <span class='ocrx_word' id='word_1_298' title='bbox 409 2380 473 2433; x_wconf 88' lang='grc' dir='ltr'><strong>Τί</strong></span> <span class='ocrx_word' id='word_1_299' title='bbox 520 2382 664 2453; x_wconf 80' lang='grc' dir='ltr'>γάρ;</span> <span class='ocrx_word' id='word_1_300' title='bbox 727 2383 880 2454; x_wconf 82' lang='grc' dir='ltr'>φησί.</span> <span class='ocrx_word' id='word_1_301' title='bbox 934 2384 1081 2452; x_wconf 78' lang='grc' dir='ltr'>Πλὴν</span> <span class='ocrx_word' id='word_1_302' title='bbox 1120 2387 1203 2439; x_wconf 83' lang='grc' dir='ltr'>ὅτι</span> <span class='ocrx_word' id='word_1_303' title='bbox 1265 2386 1430 2439; x_wconf 72' lang='grc' dir='ltr'>παντὶ</span> <span class='ocrx_word' id='word_1_304' title='bbox 1481 2386 1685 2458; x_wconf 83' lang='grc' dir='ltr'>τρόπῳ,</span> <span class='ocrx_word' id='word_1_305' title='bbox 1730 2388 1840 2440; x_wconf 74' lang='grc' dir='ltr'>εἴτε</span> 
     </span>
    </p>
   </div>
   <div class='ocr_carea' id='block_1_42' title="bbox 267 2471 1839 2549">
    <p class='ocr_par' dir='ltr' id='par_1_42' title="bbox 267 2471 1839 2549">
     <span class='ocr_line' id='line_1_42' title="bbox 267 2471 1839 2549; baseline 0.005 -26"><span class='ocrx_word' id='word_1_306' title='bbox 267 2471 557 2540; x_wconf 62' lang='grc' dir='ltr'>προφάσει,</span> <span class='ocrx_word' id='word_1_307' title='bbox 578 2474 688 2527; x_wconf 71' lang='grc' dir='ltr'>εἴτε</span> <span class='ocrx_word' id='word_1_308' title='bbox 705 2475 929 2546; x_wconf 83' lang='grc' dir='ltr'>ἀληθείᾳ</span> <span class='ocrx_word' id='word_1_309' title='bbox 937 2515 953 2541; x_wconf 91' lang='grc'><strong>,</strong></span> <span class='ocrx_word' id='word_1_310' title='bbox 968 2476 1202 2548; x_wconf 84' lang='grc' dir='ltr'>Χριστὸς</span> <span class='ocrx_word' id='word_1_311' title='bbox 1220 2477 1667 2546; x_wconf 81' lang='grc' dir='ltr'>καταγγέλλεται.</span> <span class='ocrx_word' id='word_1_312' title='bbox 1682 2497 1700 2530; x_wconf 73' lang='grc' dir='ltr'><strong>ι</strong></span> <span class='ocrx_word' id='word_1_313' title='bbox 1713 2473 1839 2549; x_wconf 65' lang='grc' dir='ltr'><strong>Ἆρ’</strong></span> 
     </span>
    </p>
   </div>
   <div class='ocr_carea' id='block_1_43' title="bbox 266 2558 1843 2642">
    <p class='ocr_par' dir='ltr' id='par_1_43' title="bbox 266 2558 1843 2642">
     <span class='ocr_line' id='line_1_43' title="bbox 266 2558 1843 2642; baseline 0.007 -28"><span class='ocrx_word' id='word_1_314' title='bbox 266 2558 360 2615; x_wconf 82' lang='grc' dir='ltr'>οὖν</span> <span class='ocrx_word' id='word_1_315' title='bbox 377 2561 451 2626; x_wconf 88' lang='grc' dir='ltr'>ὡς</span> <span class='ocrx_word' id='word_1_316' title='bbox 471 2563 759 2634; x_wconf 82' lang='grc' dir='ltr'>ἄνθρωπος</span> <span class='ocrx_word' id='word_1_317' title='bbox 789 2567 1154 2636; x_wconf 81' lang='grc' dir='ltr'>τετιμημένος</span> <span class='ocrx_word' id='word_1_318' title='bbox 1185 2567 1392 2639; x_wconf 82' lang='grc' dir='ltr'>χάριτι,</span> <span class='ocrx_word' id='word_1_319' title='bbox 1420 2567 1500 2639; x_wconf 85' lang='grc' dir='ltr'>τῷ</span> <span class='ocrx_word' id='word_1_320' title='bbox 1524 2571 1715 2640; x_wconf 85' lang='grc' dir='ltr'>κόσμῳ</span> <span class='ocrx_word' id='word_1_321' title='bbox 1744 2588 1843 2642; x_wconf 85' lang='grc' dir='ltr'>κη-</span> 
     </span>
    </p>
   </div>
   <div class='ocr_carea' id='block_1_44' title="bbox 272 2652 1838 2731">
    <p class='ocr_par' dir='ltr' id='par_1_44' title="bbox 272 2652 1838 2731">
     <span class='ocr_line' id='line_1_44' title="bbox 272 2652 1838 2731; baseline 0.006 -27"><span class='ocrx_word' id='word_1_322' title='bbox 272 2652 561 2722; x_wconf 85' lang='grc' dir='ltr'>ρύσσεται;</span> <span class='ocrx_word' id='word_1_323' title='bbox 597 2655 791 2708; x_wconf 84' lang='grc' dir='ltr'>Καίτοι</span> <span class='ocrx_word' id='word_1_324' title='bbox 842 2656 973 2710; x_wconf 87' lang='grc' dir='ltr'>Θεὸν</span> <span class='ocrx_word' id='word_1_325' title='bbox 1018 2656 1046 2708; x_wconf 91' lang='lat'><strong>6</strong></span> <span class='ocrx_word' id='word_1_326' title='bbox 1080 2656 1283 2726; x_wconf 87' lang='grc' dir='ltr'>κόσμος</span> <span class='ocrx_word' id='word_1_327' title='bbox 1316 2658 1532 2727; x_wconf 76' lang='grc' dir='ltr'>ἐπέγνω</span> <span class='ocrx_word' id='word_1_328' title='bbox 1578 2660 1838 2731; x_wconf 84' lang='grc' dir='ltr'>Χριστὸν,</span> 
     </span>
    </p>
   </div>
   <div class='ocr_carea' id='block_1_45' title="bbox 264 2742 1841 2824">
    <p class='ocr_par' dir='ltr' id='par_1_45' title="bbox 264 2742 1841 2824">
     <span class='ocr_line' id='line_1_45' title="bbox 264 2742 1841 2824; baseline 0.007 -30"><span class='ocrx_word' id='word_1_329' title='bbox 264 2744 332 2812; x_wconf 83' lang='grc' dir='ltr'>τῇ</span> <span class='ocrx_word' id='word_1_330' title='bbox 378 2743 559 2797; x_wconf 83' lang='grc' dir='ltr'>πίστει</span> <span class='ocrx_word' id='word_1_331' title='bbox 591 2744 922 2816; x_wconf 85' lang='grc' dir='ltr'>τετιμηκὼς.</span> <span class='ocrx_word' id='word_1_332' title='bbox 980 2745 1106 2811; x_wconf 83' lang='grc' dir='ltr'><strong>Πῶς</strong></span> <span class='ocrx_word' id='word_1_333' title='bbox 1160 2742 1253 2801; x_wconf 83' lang='grc' dir='ltr'><strong>οὗν</strong></span> <span class='ocrx_word' id='word_1_334' title='bbox 1291 2749 1353 2801; x_wconf 83' lang='grc' dir='ltr'>οὐ</span> <span class='ocrx_word' id='word_1_335' title='bbox 1382 2749 1535 2815; x_wconf 87' lang='grc' dir='ltr'>Θεὸς,</span> <span class='ocrx_word' id='word_1_336' title='bbox 1580 2751 1609 2803; x_wconf 87' lang='lat'><strong>6</strong></span> <span class='ocrx_word' id='word_1_337' title='bbox 1633 2751 1690 2804; x_wconf 79' lang='grc' dir='ltr'>ὲν</span> <span class='ocrx_word' id='word_1_338' title='bbox 1715 2750 1841 2824; x_wconf 82' lang='grc' dir='ltr'><strong>δόξῃ</strong></span> 
     </span>
    </p>
   </div>
   <div class='ocr_carea' id='block_1_46' title="bbox 180 2833 1376 2911">
    <p class='ocr_par' dir='ltr' id='par_1_46' title="bbox 180 2833 1376 2911">
     <span class='ocr_line' id='line_1_46' title="bbox 180 2833 1376 2911; baseline 0.008 -27"><span class='ocrx_word' id='word_1_339' title='bbox 180 2862 185 2867; x_wconf 79' lang='lat'><strong><em>~</em></strong></span> <span class='ocrx_word' id='word_1_340' title='bbox 267 2833 517 2907; x_wconf 85' lang='grc' dir='ltr'>θεότητος</span> <span class='ocrx_word' id='word_1_341' title='bbox 533 2835 607 2907; x_wconf 82' lang='grc' dir='ltr'>τῷ</span> <span class='ocrx_word' id='word_1_342' title='bbox 636 2838 825 2908; x_wconf 81' lang='grc' dir='ltr'>κόσμῳ</span> <span class='ocrx_word' id='word_1_343' title='bbox 846 2838 1376 2911; x_wconf 58' lang='grc' dir='ltr'>καταπελλὸμενοςς</span> 
     </span>
    </p>
   </div>
   <div class='ocr_carea' id='block_1_47' title="bbox 1938 1794 3508 1868">
    <p class='ocr_par' dir='ltr' id='par_1_47' title="bbox 1938 1794 3508 1868">
     <span class='ocr_line' id='line_1_47' title="bbox 1938 1794 3508 1868; baseline -0.004 -12"><span class='ocrx_word' id='word_1_344' title='bbox 1938 1803 2081 1857; x_wconf 80' lang='lat' dir='ltr'><strong>enim</strong></span> <span class='ocrx_word' id='word_1_345' title='bbox 2120 1800 2363 1855; x_wconf 87' lang='lat' dir='ltr'><strong>creditur</strong></span> <span class='ocrx_word' id='word_1_346' title='bbox 2387 1798 2456 1853; x_wconf 91' lang='lat' dir='ltr'><strong>ad</strong></span> <span class='ocrx_word' id='word_1_347' title='bbox 2477 1798 2766 1868; x_wconf 86' lang='lat' dir='ltr'><strong>justitiam,</strong></span> <span class='ocrx_word' id='word_1_348' title='bbox 2795 1812 2889 1852; x_wconf 85' lang='lat' dir='ltr'><strong>ore</strong></span> <span class='ocrx_word' id='word_1_349' title='bbox 2914 1807 3094 1850; x_wconf 90' lang='lat' dir='ltr'><strong>autem</strong></span> <span class='ocrx_word' id='word_1_350' title='bbox 3144 1795 3201 1849; x_wconf 86' lang='lat' dir='ltr'><strong>lit</strong></span> <span class='ocrx_word' id='word_1_351' title='bbox 3243 1794 3508 1850; x_wconf 77' lang='lat' dir='ltr'><strong>confessio</strong></span> 
     </span>
    </p>
   </div>
   <div class='ocr_carea' id='block_1_48' title="bbox 1937 1886 3511 1958">
    <p class='ocr_par' dir='ltr' id='par_1_48' title="bbox 1937 1886 3511 1958">
     <span class='ocr_line' id='line_1_48' title="bbox 1937 1886 3511 1958; baseline -0.004 -11"><span class='ocrx_word' id='word_1_352' title='bbox 1937 1893 2004 1947; x_wconf 90' lang='lat' dir='ltr'><strong>ad</strong></span> <span class='ocrx_word' id='word_1_353' title='bbox 2038 1886 2268 1946; x_wconf 84' lang='lat' dir='ltr'><strong>salutem</strong></span> <span class='ocrx_word' id='word_1_354' title='bbox 2304 1890 2371 1945; x_wconf 71' lang='grc' dir='ltr'>σί.</span> <span class='ocrx_word' id='word_1_355' title='bbox 2408 1909 2427 1942; x_wconf 73' lang='grc' dir='ltr'><strong>ι</strong></span> <span class='ocrx_word' id='word_1_356' title='bbox 2461 1889 2516 1944; x_wconf 90' lang='lat' dir='ltr'><strong>Si</strong></span> <span class='ocrx_word' id='word_1_357' title='bbox 2549 1890 2731 1958; x_wconf 87' lang='lat' dir='ltr'><strong>itaque</strong></span> <span class='ocrx_word' id='word_1_358' title='bbox 2754 1888 3030 1944; x_wconf 83' lang='lat' dir='ltr'><strong>Christum</strong></span> <span class='ocrx_word' id='word_1_359' title='bbox 3065 1886 3382 1958; x_wconf 79' lang='lat' dir='ltr'><strong>proﬁtentes</strong></span> <span class='ocrx_word' id='word_1_360' title='bbox 3413 1901 3511 1957; x_wconf 89' lang='lat' dir='ltr'><strong>per</strong></span> 
     </span>
    </p>
   </div>
   <div class='ocr_carea' id='block_1_49' title="bbox 1939 1978 3507 2051">
    <p class='ocr_par' dir='ltr' id='par_1_49' title="bbox 1939 1978 3507 2051">
     <span class='ocr_line' id='line_1_49' title="bbox 1939 1978 3507 2051; baseline -0.003 -15"><span class='ocrx_word' id='word_1_361' title='bbox 1939 1982 2096 2037; x_wconf 75' lang='lat' dir='ltr'><strong>[idem</strong></span> <span class='ocrx_word' id='word_1_362' title='bbox 2116 1981 2419 2047; x_wconf 76' lang='lat' dir='ltr'><strong>salvamur,</strong></span> <span class='ocrx_word' id='word_1_363' title='bbox 2441 1982 2777 2051; x_wconf 86' lang='lat' dir='ltr'><strong>verbumque</strong></span> <span class='ocrx_word' id='word_1_364' title='bbox 2805 1979 2925 2033; x_wconf 85' lang='lat' dir='ltr'><strong>lidei</strong></span> <span class='ocrx_word' id='word_1_365' title='bbox 2952 1981 3015 2034; x_wconf 88' lang='lat' dir='ltr'><strong>de</strong></span> <span class='ocrx_word' id='word_1_366' title='bbox 3041 1978 3131 2034; x_wconf 92' lang='lat' dir='ltr'><strong>illo</strong></span> <span class='ocrx_word' id='word_1_367' title='bbox 3160 1978 3507 2048; x_wconf 73' lang='lat' dir='ltr'><strong>praedicatum</strong></span> 
     </span>
    </p>
   </div>
   <div class='ocr_carea' id='block_1_50' title="bbox 1937 2066 3511 2142">
    <p class='ocr_par' dir='ltr' id='par_1_50' title="bbox 1937 2066 3511 2142">
     <span class='ocr_line' id='line_1_50' title="bbox 1937 2066 3511 2142; baseline -0.002 -15"><span class='ocrx_word' id='word_1_368' title='bbox 1937 2071 2203 2141; x_wconf 81' lang='lat' dir='ltr'><strong>complexi</strong></span> <span class='ocrx_word' id='word_1_369' title='bbox 2238 2085 2531 2142; x_wconf 79' lang='lat' dir='ltr'><strong>purgamur</strong></span> <span class='ocrx_word' id='word_1_370' title='bbox 2570 2079 2624 2124; x_wconf 88' lang='lat' dir='ltr'><strong>et</strong></span> <span class='ocrx_word' id='word_1_371' title='bbox 2664 2068 3101 2134; x_wconf 74' lang='lat' dir='ltr'><strong>sanctificamur,</strong></span> <span class='ocrx_word' id='word_1_372' title='bbox 3157 2066 3427 2137; x_wconf 89' lang='lat' dir='ltr'><strong>quomodo</strong></span> <span class='ocrx_word' id='word_1_373' title='bbox 3464 2069 3511 2124; x_wconf 82' lang='lat' dir='ltr'><strong>is</strong></span> 
     </span>
    </p>
   </div>
   <div class='ocr_carea' id='block_1_51' title="bbox 1939 2154 2571 2219">
    <p class='ocr_par' dir='ltr' id='par_1_51' title="bbox 1939 2154 2571 2219">
     <span class='ocr_line' id='line_1_51' title="bbox 1939 2154 2571 2219; baseline -0.009 0"><span class='ocrx_word' id='word_1_374' title='bbox 1939 2178 2097 2219; x_wconf 81' lang='lat' dir='ltr'><strong>verus</strong></span> <span class='ocrx_word' id='word_1_375' title='bbox 2125 2162 2263 2217; x_wconf 90' lang='lat' dir='ltr'><strong>Deus</strong></span> <span class='ocrx_word' id='word_1_376' title='bbox 2290 2176 2394 2216; x_wconf 91' lang='lat' dir='ltr'><strong>non</strong></span> <span class='ocrx_word' id='word_1_377' title='bbox 2429 2154 2571 2215; x_wconf 55' lang='lat' dir='ltr'><strong>est?’</strong></span> 
     </span>
    </p>
   </div>
   <div class='ocr_carea' id='block_1_52' title="bbox 2292 2273 3158 2345">
    <p class='ocr_par' dir='ltr' id='par_1_52' title="bbox 2292 2273 3158 2345">
     <span class='ocr_line' id='line_1_52' title="bbox 2292 2273 3158 2345; baseline 0.003 -16"><span class='ocrx_word' id='word_1_378' title='bbox 2292 2273 2379 2330; x_wconf 69' lang='lat' dir='ltr'><strong>Ea.</strong></span> <span class='ocrx_word' id='word_1_379' title='bbox 2406 2274 2643 2345; x_wconf 78' lang='lat' dir='ltr'><strong>Epistola</strong></span> <span class='ocrx_word' id='word_1_380' title='bbox 2671 2275 2740 2328; x_wconf 86' lang='lat' dir='ltr'><strong>ad</strong></span> <span class='ocrx_word' id='word_1_381' title='bbox 2772 2274 3158 2345; x_wconf 79' lang='lat' dir='ltr'><strong>Philippenses.</strong></span> 
     </span>
    </p>
   </div>
   <div class='ocr_carea' id='block_1_53' title="bbox 2016 2382 3511 2457">
    <p class='ocr_par' dir='ltr' id='par_1_53' title="bbox 2016 2382 3511 2457">
     <span class='ocr_line' id='line_1_53' title="bbox 2016 2382 3511 2457; baseline -0.002 -18"><span class='ocrx_word' id='word_1_382' title='bbox 2016 2406 2034 2439; x_wconf 78' lang='grc' dir='ltr'><strong>ι</strong></span> <span class='ocrx_word' id='word_1_383' title='bbox 2071 2385 2210 2453; x_wconf 87' lang='lat' dir='ltr'><strong>Quid</strong></span> <span class='ocrx_word' id='word_1_384' title='bbox 2242 2386 2425 2441; x_wconf 83' lang='lat' dir='ltr'><strong>enim?</strong></span> <span class='ocrx_word' id='word_1_385' title='bbox 2456 2384 2673 2457; x_wconf 88' lang='lat' dir='ltr'><strong>(inquit)</strong></span> <span class='ocrx_word' id='word_1_386' title='bbox 2705 2383 2841 2438; x_wconf 88' lang='lat' dir='ltr'><strong>Dum</strong></span> <span class='ocrx_word' id='word_1_387' title='bbox 2873 2385 3020 2437; x_wconf 89' lang='lat' dir='ltr'><strong>omni</strong></span> <span class='ocrx_word' id='word_1_388' title='bbox 3061 2383 3240 2448; x_wconf 90' lang='lat' dir='ltr'><strong>modo,</strong></span> <span class='ocrx_word' id='word_1_389' title='bbox 3273 2382 3388 2438; x_wconf 89' lang='lat' dir='ltr'><strong>sive</strong></span> <span class='ocrx_word' id='word_1_390' title='bbox 3416 2396 3511 2449; x_wconf 85' lang='lat' dir='ltr'><strong>per</strong></span> 
     </span>
    </p>
   </div>
   <div class='ocr_carea' id='block_1_54' title="bbox 1939 2471 3512 2545">
    <p class='ocr_par' dir='ltr' id='par_1_54' title="bbox 1939 2471 3512 2545">
     <span class='ocr_line' id='line_1_54' title="bbox 1939 2471 3512 2545; baseline -0.004 -12"><span class='ocrx_word' id='word_1_391' title='bbox 1939 2478 2302 2543; x_wconf 81' lang='lat' dir='ltr'><strong>occasionem,</strong></span> <span class='ocrx_word' id='word_1_392' title='bbox 2329 2478 2443 2532; x_wconf 84' lang='lat' dir='ltr'><strong>sive</strong></span> <span class='ocrx_word' id='word_1_393' title='bbox 2477 2491 2570 2545; x_wconf 90' lang='lat' dir='ltr'><strong>per</strong></span> <span class='ocrx_word' id='word_1_394' title='bbox 2606 2475 2886 2530; x_wconf 80' lang='lat' dir='ltr'><strong>veritatem</strong></span> <span class='ocrx_word' id='word_1_395' title='bbox 2933 2474 3183 2530; x_wconf 84' lang='lat' dir='ltr'><strong>Christus</strong></span> <span class='ocrx_word' id='word_1_396' title='bbox 3227 2471 3512 2526; x_wconf 86' lang='lat' dir='ltr'><strong>annuntie-</strong></span> 
     </span>
    </p>
   </div>
   <div class='ocr_carea' id='block_1_55' title="bbox 1943 2565 3513 2636">
    <p class='ocr_par' dir='ltr' id='par_1_55' title="bbox 1943 2565 3513 2636">
     <span class='ocr_line' id='line_1_55' title="bbox 1943 2565 3513 2636; baseline -0.003 -15"><span class='ocrx_word' id='word_1_397' title='bbox 1943 2578 2033 2623; x_wconf 89' lang='lat' dir='ltr'><strong>tur</strong></span> <span class='ocrx_word' id='word_1_398' title='bbox 2059 2567 2123 2621; x_wconf 72' lang='grc' dir='ltr'><strong>θ’.</strong></span> <span class='ocrx_word' id='word_1_399' title='bbox 2165 2584 2185 2618; x_wconf 73' lang='grc' dir='ltr'><strong>ι</strong></span> <span class='ocrx_word' id='word_1_400' title='bbox 2244 2565 2493 2636; x_wconf 81' lang='lat' dir='ltr'><strong>Nunquid</strong></span> <span class='ocrx_word' id='word_1_401' title='bbox 2538 2576 2595 2620; x_wconf 93' lang='lat' dir='ltr'><strong>ut</strong></span> <span class='ocrx_word' id='word_1_402' title='bbox 2630 2565 2790 2620; x_wconf 85' lang='lat' dir='ltr'><strong>homo</strong></span> <span class='ocrx_word' id='word_1_403' title='bbox 2838 2566 3017 2620; x_wconf 89' lang='lat' dir='ltr'><strong>divina</strong></span> <span class='ocrx_word' id='word_1_404' title='bbox 3067 2565 3241 2633; x_wconf 86' lang='lat' dir='ltr'><strong>gratia</strong></span> <span class='ocrx_word' id='word_1_405' title='bbox 3289 2571 3513 2618; x_wconf 82' lang='lat' dir='ltr'><strong>ornatus</strong></span> 
     </span>
    </p>
   </div>
   <div class='ocr_carea' id='block_1_56' title="bbox 1942 2648 3514 2724">
    <p class='ocr_par' dir='ltr' id='par_1_56' title="bbox 1942 2648 3514 2724">
     <span class='ocr_line' id='line_1_56' title="bbox 1942 2648 3514 2724; baseline -0.004 -13"><span class='ocrx_word' id='word_1_406' title='bbox 1942 2648 2144 2712; x_wconf 86' lang='lat' dir='ltr'><strong>mundo</strong></span> <span class='ocrx_word' id='word_1_407' title='bbox 2173 2656 2566 2711; x_wconf 88' lang='lat' dir='ltr'><strong>annuntietur?</strong></span> <span class='ocrx_word' id='word_1_408' title='bbox 2612 2657 2773 2724; x_wconf 86' lang='lat' dir='ltr'><strong>Atqui</strong></span> <span class='ocrx_word' id='word_1_409' title='bbox 2823 2657 3054 2711; x_wconf 89' lang='lat' dir='ltr'><strong>mundus</strong></span> <span class='ocrx_word' id='word_1_410' title='bbox 3099 2654 3374 2710; x_wconf 85' lang='lat' dir='ltr'><strong>Christum</strong></span> <span class='ocrx_word' id='word_1_411' title='bbox 3415 2666 3514 2723; x_wconf 86' lang='lat' dir='ltr'><strong>per</strong></span> 
     </span>
    </p>
   </div>
   <div class='ocr_carea' id='block_1_57' title="bbox 1909 2744 3512 2816">
    <p class='ocr_par' dir='ltr' id='par_1_57' title="bbox 1909 2744 3512 2816">
     <span class='ocr_line' id='line_1_57' title="bbox 1909 2744 3512 2816; baseline -0.001 -13"><span class='ocrx_word' id='word_1_412' title='bbox 1909 2780 1917 2787; x_wconf 92' lang='lat'><strong><em>-</em></strong></span> <span class='ocrx_word' id='word_1_413' title='bbox 1943 2749 2102 2803; x_wconf 82' lang='lat' dir='ltr'><strong>iidem</strong></span> <span class='ocrx_word' id='word_1_414' title='bbox 2133 2746 2336 2814; x_wconf 87' lang='lat' dir='ltr'><strong>colens,</strong></span> <span class='ocrx_word' id='word_1_415' title='bbox 2361 2747 2426 2800; x_wconf 86' lang='lat' dir='ltr'><strong>ad</strong></span> <span class='ocrx_word' id='word_1_416' title='bbox 2459 2747 2550 2801; x_wconf 89' lang='lat' dir='ltr'><strong>Dei</strong></span> <span class='ocrx_word' id='word_1_417' title='bbox 2583 2746 2910 2816; x_wconf 78' lang='lat' dir='ltr'><strong>agnitionem</strong></span> <span class='ocrx_word' id='word_1_418' title='bbox 2938 2747 3201 2801; x_wconf 88' lang='lat' dir='ltr'><strong>adductus</strong></span> <span class='ocrx_word' id='word_1_419' title='bbox 3222 2754 3325 2801; x_wconf 88' lang='lat' dir='ltr'><strong>est.</strong></span> <span class='ocrx_word' id='word_1_420' title='bbox 3363 2744 3512 2811; x_wconf 84' lang='lat' dir='ltr'><strong>Quo-</strong></span> 
     </span>
    </p>
   </div>
   <div class='ocr_carea' id='block_1_58' title="bbox 1944 2836 3512 2907">
    <p class='ocr_par' dir='ltr' id='par_1_58' title="bbox 1944 2836 3512 2907">
     <span class='ocr_line' id='line_1_58' title="bbox 1944 2836 3512 2907; baseline 0.001 -15"><span class='ocrx_word' id='word_1_421' title='bbox 1944 2839 2101 2892; x_wconf 84' lang='lat' dir='ltr'><strong>modo</strong></span> <span class='ocrx_word' id='word_1_422' title='bbox 2130 2838 2176 2892; x_wconf 89' lang='lat' dir='ltr'><strong>is</strong></span> <span class='ocrx_word' id='word_1_423' title='bbox 2205 2852 2336 2906; x_wconf 88' lang='lat' dir='ltr'><strong>ergo</strong></span> <span class='ocrx_word' id='word_1_424' title='bbox 2371 2836 2514 2893; x_wconf 88' lang='lat' dir='ltr'><strong>Deus</strong></span> <span class='ocrx_word' id='word_1_425' title='bbox 2546 2854 2649 2893; x_wconf 91' lang='lat' dir='ltr'><strong>non</strong></span> <span class='ocrx_word' id='word_1_426' title='bbox 2676 2847 2780 2906; x_wconf 86' lang='lat' dir='ltr'><strong>est,</strong></span> <span class='ocrx_word' id='word_1_427' title='bbox 2802 2840 2890 2907; x_wconf 90' lang='lat' dir='ltr'><strong>qui</strong></span> <span class='ocrx_word' id='word_1_428' title='bbox 2941 2840 2993 2893; x_wconf 91' lang='lat' dir='ltr'><strong>in</strong></span> <span class='ocrx_word' id='word_1_429' title='bbox 3036 2838 3232 2894; x_wconf 63' lang='lat' dir='ltr'><strong>divinae</strong></span> <span class='ocrx_word' id='word_1_430' title='bbox 3261 2836 3512 2907; x_wconf 78' lang='lat' dir='ltr'><strong>majesta-</strong></span> 
     </span>
    </p>
   </div>
   <div class='ocr_carea' id='block_1_59' title="bbox 1945 2926 3461 2998">
    <p class='ocr_par' dir='ltr' id='par_1_59' title="bbox 1945 2926 3461 2998">
     <span class='ocr_line' id='line_1_59' title="bbox 1945 2926 3461 2998; baseline 0 -15"><span class='ocrx_word' id='word_1_431' title='bbox 1945 2929 2015 2983; x_wconf 89' lang='lat' dir='ltr'><strong>tis</strong></span> <span class='ocrx_word' id='word_1_432' title='bbox 2046 2927 2220 2996; x_wconf 82' lang='lat' dir='ltr'><strong>gloria</strong></span> <span class='ocrx_word' id='word_1_433' title='bbox 2248 2926 2446 2983; x_wconf 79' lang='lat' dir='ltr'><strong>mundo</strong></span> <span class='ocrx_word' id='word_1_434' title='bbox 2471 2929 2792 2998; x_wconf 72' lang='lat' dir='ltr'><strong>praedicatus</strong></span> <span class='ocrx_word' id='word_1_435' title='bbox 2820 2930 2945 2986; x_wconf 81' lang='lat' dir='ltr'><strong>est?</strong></span> <span class='ocrx_word' id='word_1_436' title='bbox 3458 2936 3461 2937; x_wconf 68' lang='lat'><strong><em>&#39;</em></strong></span> 
     </span>
    </p>
   </div>
   <div class='ocr_carea' id='block_1_60' title="bbox 342 3008 1836 3092">
    <p class='ocr_par' dir='ltr' id='par_1_60' title="bbox 342 3016 1835 3092">
     <span class='ocr_line' id='line_1_60' title="bbox 342 3016 1835 3092; baseline 0.007 -26"><span class='ocrx_word' id='word_1_437' title='bbox 342 3034 363 3066; x_wconf 71' lang='grc' dir='ltr'><strong>ι</strong></span> <span class='ocrx_word' id='word_1_438' title='bbox 406 3016 822 3082; x_wconf 86' lang='grc' dir='ltr'>Συναθλοῦντες,</span> <span class='ocrx_word' id='word_1_439' title='bbox 859 3017 1014 3089; x_wconf 81' lang='grc' dir='ltr'>φησὶ,</span> <span class='ocrx_word' id='word_1_440' title='bbox 1050 3021 1114 3091; x_wconf 80' lang='grc' dir='ltr'><strong>τῇ</strong></span> <span class='ocrx_word' id='word_1_441' title='bbox 1146 3019 1324 3074; x_wconf 88' lang='grc' dir='ltr'>πίστει</span> <span class='ocrx_word' id='word_1_442' title='bbox 1377 3021 1470 3075; x_wconf 91' lang='grc' dir='ltr'><strong>τοῦ</strong></span> <span class='ocrx_word' id='word_1_443' title='bbox 1499 3021 1835 3092; x_wconf 83' lang='grc' dir='ltr'>Εὑαγγελίου</span> 
     </span>
    </p>
   </div>
   <div class='ocr_carea' id='block_1_61' title="bbox 1941 3008 3515 3092">
    <p class='ocr_par' dir='ltr' id='par_1_61' title="bbox 2015 3019 3515 3091">
     <span class='ocr_line' id='line_1_61' title="bbox 2015 3019 3515 3091; baseline 0.004 -19"><span class='ocrx_word' id='word_1_444' title='bbox 2015 3037 2035 3072; x_wconf 77' lang='grc' dir='ltr'><strong>ι</strong></span> <span class='ocrx_word' id='word_1_445' title='bbox 2067 3019 2472 3075; x_wconf 87' lang='lat' dir='ltr'><strong>Collaborantes</strong></span> <span class='ocrx_word' id='word_1_446' title='bbox 2518 3020 2638 3074; x_wconf 82' lang='lat' dir='ltr'><strong>ﬁdei</strong></span> <span class='ocrx_word' id='word_1_447' title='bbox 2674 3020 2946 3090; x_wconf 76' lang='lat' dir='ltr'><strong>Evangelii</strong></span> <span class='ocrx_word' id='word_1_448' title='bbox 2996 3020 3094 3091; x_wconf 91' lang='lat' dir='ltr'><strong>(et</strong></span> <span class='ocrx_word' id='word_1_449' title='bbox 3140 3021 3194 3077; x_wconf 89' lang='lat' dir='ltr'><strong>in</strong></span> <span class='ocrx_word' id='word_1_450' title='bbox 3226 3022 3373 3078; x_wconf 86' lang='lat' dir='ltr'><strong>nullo</strong></span> <span class='ocrx_word' id='word_1_451' title='bbox 3405 3030 3515 3078; x_wconf 91' lang='lat' dir='ltr'><strong>ter-</strong></span> 
     </span>
    </p>
   </div>
   <div class='ocr_carea' id='block_1_62' title="bbox 271 3104 1830 3185">
    <p class='ocr_par' dir='ltr' id='par_1_62' title="bbox 271 3104 1830 3185">
     <span class='ocr_line' id='line_1_62' title="bbox 271 3104 1830 3185; baseline 0.006 -27"><span class='ocrx_word' id='word_1_452' title='bbox 271 3104 386 3176; x_wconf 73' lang='grc' dir='ltr'>(καὶ</span> <span class='ocrx_word' id='word_1_453' title='bbox 409 3107 482 3178; x_wconf 83' lang='grc' dir='ltr'>μὴ</span> <span class='ocrx_word' id='word_1_454' title='bbox 507 3108 833 3179; x_wconf 84' lang='grc' dir='ltr'>πτυρόμενοι</span> <span class='ocrx_word' id='word_1_455' title='bbox 850 3111 906 3162; x_wconf 80' lang='grc' dir='ltr'>ὲν</span> <span class='ocrx_word' id='word_1_456' title='bbox 930 3110 1118 3181; x_wconf 74' lang='grc' dir='ltr'>μηδενὶ</span> <span class='ocrx_word' id='word_1_457' title='bbox 1135 3111 1238 3163; x_wconf 86' lang='grc' dir='ltr'>ὑπὸ</span> <span class='ocrx_word' id='word_1_458' title='bbox 1262 3112 1369 3164; x_wconf 84' lang='grc' dir='ltr'><strong>τῶν</strong></span> <span class='ocrx_word' id='word_1_459' title='bbox 1391 3113 1830 3185; x_wconf 83' lang='grc' dir='ltr'>ἀντικειμένων),</span> 
     </span>
    </p>
   </div>
   <div class='ocr_carea' id='block_1_63' title="bbox 265 3196 1839 3275">
    <p class='ocr_par' dir='ltr' id='par_1_63' title="bbox 265 3196 1839 3275">
     <span class='ocr_line' id='line_1_63' title="bbox 265 3196 1839 3275; baseline 0.006 -26"><span class='ocrx_word' id='word_1_460' title='bbox 265 3196 388 3266; x_wconf 79' lang='grc' dir='ltr'>ἦτις</span> <span class='ocrx_word' id='word_1_461' title='bbox 435 3199 618 3263; x_wconf 82' lang='grc' dir='ltr'>αὐτοῖς</span> <span class='ocrx_word' id='word_1_462' title='bbox 675 3199 773 3270; x_wconf 82' lang='grc' dir='ltr'>μέν</span> <span class='ocrx_word' id='word_1_463' title='bbox 823 3202 970 3254; x_wconf 78' lang='grc' dir='ltr'>ἐστιν</span> <span class='ocrx_word' id='word_1_464' title='bbox 1025 3200 1244 3266; x_wconf 76' lang='grc' dir='ltr'>ἔνδειξις</span> <span class='ocrx_word' id='word_1_465' title='bbox 1274 3202 1573 3269; x_wconf 87' lang='grc' dir='ltr'>ἀπωλείας,</span> <span class='ocrx_word' id='word_1_466' title='bbox 1606 3196 1750 3275; x_wconf 60' lang='grc' dir='ltr'>ύμῖν</span> <span class='ocrx_word' id='word_1_467' title='bbox 1781 3205 1839 3260; x_wconf 78' lang='grc' dir='ltr'>δὲ</span> 
     </span>
    </p>
   </div>
   <div class='ocr_carea' id='block_1_64' title="bbox 266 3289 1838 3365">
    <p class='ocr_par' dir='ltr' id='par_1_64' title="bbox 266 3289 1838 3365">
     <span class='ocr_line' id='line_1_64' title="bbox 266 3289 1838 3365; baseline 0.004 -25"><span class='ocrx_word' id='word_1_468' title='bbox 266 3290 563 3359; x_wconf 79' lang='grc' dir='ltr'>σωτηρίας,</span> <span class='ocrx_word' id='word_1_469' title='bbox 604 3289 699 3342; x_wconf 70' lang='grc' dir='ltr'>καὶ</span> <span class='ocrx_word' id='word_1_470' title='bbox 729 3290 887 3343; x_wconf 90' lang='grc' dir='ltr'>τοῦτο</span> <span class='ocrx_word' id='word_1_471' title='bbox 933 3290 1041 3345; x_wconf 86' lang='grc' dir='ltr'><strong>ἀπὸ</strong></span> <span class='ocrx_word' id='word_1_472' title='bbox 1070 3290 1204 3345; x_wconf 82' lang='grc' dir='ltr'>Θεοῦ</span> <span class='ocrx_word' id='word_1_473' title='bbox 1230 3310 1244 3324; x_wconf 76' lang='grc' dir='ltr'><strong><em>ο</em></strong></span> <span class='ocrx_word' id='word_1_474' title='bbox 1279 3294 1358 3346; x_wconf 82' lang='grc' dir='ltr'>ὅτι</span> <span class='ocrx_word' id='word_1_475' title='bbox 1397 3295 1524 3364; x_wconf 82' lang='grc' dir='ltr'>ὑμῖν</span> <span class='ocrx_word' id='word_1_476' title='bbox 1574 3295 1838 3365; x_wconf 79' lang='grc' dir='ltr'>ἐχαρίσθη</span> 
     </span>
    </p>
   </div>
   <div class='ocr_carea' id='block_1_65' title="bbox 265 3370 1836 3448">
    <p class='ocr_par' dir='ltr' id='par_1_65' title="bbox 265 3370 1836 3448">
     <span class='ocr_line' id='line_1_65' title="bbox 265 3370 1836 3448; baseline 0.004 -20"><span class='ocrx_word' id='word_1_477' title='bbox 265 3378 328 3429; x_wconf 89' lang='grc' dir='ltr'><strong>τὸ</strong></span> <span class='ocrx_word' id='word_1_478' title='bbox 359 3378 500 3446; x_wconf 80' lang='grc' dir='ltr'>ὑπὲρ</span> <span class='ocrx_word' id='word_1_479' title='bbox 532 3370 792 3446; x_wconf 73' lang='grc' dir='ltr'>Χριστοῦ,</span> <span class='ocrx_word' id='word_1_480' title='bbox 828 3380 888 3431; x_wconf 83' lang='grc' dir='ltr'>οὐ</span> <span class='ocrx_word' id='word_1_481' title='bbox 928 3381 1083 3448; x_wconf 87' lang='grc' dir='ltr'>μόνον</span> <span class='ocrx_word' id='word_1_482' title='bbox 1116 3381 1176 3433; x_wconf 91' lang='grc' dir='ltr'><strong>τὸ</strong></span> <span class='ocrx_word' id='word_1_483' title='bbox 1220 3384 1301 3444; x_wconf 89' lang='grc' dir='ltr'><strong>είς</strong></span> <span class='ocrx_word' id='word_1_484' title='bbox 1350 3383 1512 3436; x_wconf 86' lang='grc' dir='ltr'>αὑτὸν</span> <span class='ocrx_word' id='word_1_485' title='bbox 1541 3384 1836 3448; x_wconf 79' lang='grc' dir='ltr'>πιστεύειν,</span> 
     </span>
    </p>
   </div>
   <div class='ocr_carea' id='block_1_66' title="bbox 267 3467 1841 3544">
    <p class='ocr_par' dir='ltr' id='par_1_66' title="bbox 267 3467 1841 3544">
     <span class='ocr_line' id='line_1_66' title="bbox 267 3467 1841 3544; baseline 0.005 -26"><span class='ocrx_word' id='word_1_486' title='bbox 267 3467 402 3518; x_wconf 86' lang='grc' dir='ltr'><strong>ἀλλά</strong></span> <span class='ocrx_word' id='word_1_487' title='bbox 431 3468 527 3519; x_wconf 76' lang='grc' dir='ltr'>καὶ</span> <span class='ocrx_word' id='word_1_488' title='bbox 558 3467 619 3518; x_wconf 91' lang='grc' dir='ltr'><strong>τὸ</strong></span> <span class='ocrx_word' id='word_1_489' title='bbox 653 3467 793 3538; x_wconf 82' lang='grc' dir='ltr'>ὑπὲρ</span> <span class='ocrx_word' id='word_1_490' title='bbox 838 3468 1001 3520; x_wconf 81' lang='grc' dir='ltr'>αὐτοῦ</span> <span class='ocrx_word' id='word_1_491' title='bbox 1048 3469 1298 3539; x_wconf 84' lang='grc' dir='ltr'>πάσχειν.</span> <span class='ocrx_word' id='word_1_492' title='bbox 1336 3489 1355 3522; x_wconf 72' lang='grc' dir='ltr'><strong>ι</strong></span> <span class='ocrx_word' id='word_1_493' title='bbox 1410 3473 1472 3524; x_wconf 81' lang='lat' dir='ltr'><strong>Ei</strong></span> <span class='ocrx_word' id='word_1_494' title='bbox 1514 3474 1572 3526; x_wconf 85' lang='grc' dir='ltr'>ὲν</span> <span class='ocrx_word' id='word_1_495' title='bbox 1619 3474 1841 3544; x_wconf 85' lang='grc' dir='ltr'>χάριτος</span> 
     </span>
    </p>
   </div>
   <div class='ocr_carea' id='block_1_67' title="bbox 274 3554 1838 3633">
    <p class='ocr_par' dir='ltr' id='par_1_67' title="bbox 274 3554 1838 3633">
     <span class='ocr_line' id='line_1_67' title="bbox 274 3554 1838 3633; baseline 0.013 -31"><span class='ocrx_word' id='word_1_496' title='bbox 274 3556 429 3627; x_wconf 78' lang='grc' dir='ltr'>μέρει</span> <span class='ocrx_word' id='word_1_497' title='bbox 454 3554 721 3625; x_wconf 82' lang='grc' dir='ltr'>δεχόμεθα</span> <span class='ocrx_word' id='word_1_498' title='bbox 762 3558 914 3627; x_wconf 87' lang='grc' dir='ltr'><strong>παρά</strong></span> <span class='ocrx_word' id='word_1_499' title='bbox 945 3556 1080 3610; x_wconf 82' lang='grc' dir='ltr'>Θεοῦ</span> <span class='ocrx_word' id='word_1_500' title='bbox 1115 3559 1176 3611; x_wconf 92' lang='grc' dir='ltr'><strong>τὸ</strong></span> <span class='ocrx_word' id='word_1_501' title='bbox 1207 3559 1483 3612; x_wconf 88' lang='grc' dir='ltr'>πιστεύειν</span> <span class='ocrx_word' id='word_1_502' title='bbox 1509 3563 1567 3615; x_wconf 87' lang='grc' dir='ltr'>ὲν</span> <span class='ocrx_word' id='word_1_503' title='bbox 1594 3561 1838 3633; x_wconf 70' lang='grc' dir='ltr'>Χριστῷ.</span> 
     </span>
    </p>
   </div>
   <div class='ocr_carea' id='block_1_68' title="bbox 269 3645 1840 3719">
    <p class='ocr_par' dir='ltr' id='par_1_68' title="bbox 269 3645 1840 3719">
     <span class='ocr_line' id='line_1_68' title="bbox 269 3645 1840 3719; baseline 0.006 -23"><span class='ocrx_word' id='word_1_504' title='bbox 269 3647 333 3697; x_wconf 82' lang='grc' dir='ltr'>οὐ</span> <span class='ocrx_word' id='word_1_505' title='bbox 362 3645 754 3716; x_wconf 83' lang='grc' dir='ltr'>πεπλανήμεθα</span> <span class='ocrx_word' id='word_1_506' title='bbox 785 3646 842 3699; x_wconf 83' lang='grc' dir='ltr'>δὲ</span> <span class='ocrx_word' id='word_1_507' title='bbox 873 3647 960 3700; x_wconf 85' lang='grc' dir='ltr'><strong>διὰ</strong></span> <span class='ocrx_word' id='word_1_508' title='bbox 993 3647 1152 3701; x_wconf 86' lang='grc' dir='ltr'>τοῦτο</span> <span class='ocrx_word' id='word_1_509' title='bbox 1197 3648 1417 3718; x_wconf 83' lang='grc' dir='ltr'>μᾶλλον,</span> <span class='ocrx_word' id='word_1_510' title='bbox 1448 3650 1564 3703; x_wconf 86' lang='grc' dir='ltr'>ἀλλ’</span> <span class='ocrx_word' id='word_1_511' title='bbox 1593 3651 1840 3719; x_wconf 75' lang='grc' dir='ltr'>ἐγνώκα-</span> 
     </span>
    </p>
   </div>
   <div class='ocr_carea' id='block_1_69' title="bbox 274 3734 1843 3807">
    <p class='ocr_par' dir='ltr' id='par_1_69' title="bbox 274 3734 1843 3807">
     <span class='ocr_line' id='line_1_69' title="bbox 274 3734 1843 3807; baseline 0.008 -22"><span class='ocrx_word' id='word_1_512' title='bbox 274 3751 373 3803; x_wconf 90' lang='grc' dir='ltr'><strong>μεν</strong></span> <span class='ocrx_word' id='word_1_513' title='bbox 401 3735 491 3789; x_wconf 89' lang='grc' dir='ltr'><strong>τὸν</strong></span> <span class='ocrx_word' id='word_1_514' title='bbox 520 3734 677 3803; x_wconf 82' lang='grc' dir='ltr'>φύσει</span> <span class='ocrx_word' id='word_1_515' title='bbox 704 3754 763 3788; x_wconf 90' lang='grc' dir='ltr'><strong>τε</strong></span> <span class='ocrx_word' id='word_1_516' title='bbox 793 3737 886 3790; x_wconf 70' lang='grc' dir='ltr'><strong>καὶ</strong></span> <span class='ocrx_word' id='word_1_517' title='bbox 919 3737 1133 3807; x_wconf 85' lang='grc' dir='ltr'>άληθῶς</span> <span class='ocrx_word' id='word_1_518' title='bbox 1163 3738 1297 3793; x_wconf 74' lang='grc' dir='ltr'>ὄντα</span> <span class='ocrx_word' id='word_1_519' title='bbox 1327 3740 1483 3795; x_wconf 79' lang='grc' dir='ltr'>Θεόνο</span> <span class='ocrx_word' id='word_1_520' title='bbox 1516 3742 1634 3807; x_wconf 84' lang='grc' dir='ltr'><strong>πῶς</strong></span> <span class='ocrx_word' id='word_1_521' title='bbox 1660 3742 1726 3797; x_wconf 83' lang='grc' dir='ltr'>ἂν</span> <span class='ocrx_word' id='word_1_522' title='bbox 1757 3745 1843 3797; x_wconf 83' lang='grc' dir='ltr'><strong>ὲν-</strong></span> 
     </span>
    </p>
   </div>
   <div class='ocr_carea' id='block_1_70' title="bbox 268 3823 1259 3899">
    <p class='ocr_par' dir='ltr' id='par_1_70' title="bbox 268 3823 1259 3899">
     <span class='ocr_line' id='line_1_70' title="bbox 268 3823 1259 3899; baseline 0.005 -22"><span class='ocrx_word' id='word_1_523' title='bbox 268 3823 498 3878; x_wconf 84' lang='grc' dir='ltr'>δοιάσειέ</span> <span class='ocrx_word' id='word_1_524' title='bbox 525 3842 629 3891; x_wconf 89' lang='grc' dir='ltr'>τις,</span> <span class='ocrx_word' id='word_1_525' title='bbox 664 3828 746 3879; x_wconf 80' lang='grc' dir='ltr'>ὅτι</span> <span class='ocrx_word' id='word_1_526' title='bbox 776 3826 906 3890; x_wconf 84' lang='grc' dir='ltr'>Θεὸς</span> <span class='ocrx_word' id='word_1_527' title='bbox 937 3829 965 3880; x_wconf 90' lang='lat'><strong>6</strong></span> <span class='ocrx_word' id='word_1_528' title='bbox 992 3828 1259 3899; x_wconf 80' lang='grc' dir='ltr'>Χριστός;</span> 
     </span>
    </p>
   </div>
   <div class='ocr_carea' id='block_1_71' title="bbox 631 3956 1483 4028">
    <p class='ocr_par' dir='ltr' id='par_1_71' title="bbox 631 3956 1483 4028">
     <span class='ocr_line' id='line_1_71' title="bbox 631 3956 1483 4028; baseline 0.005 -17"><span class='ocrx_word' id='word_1_529' title='bbox 631 3959 732 4012; x_wconf 80' lang='grc' dir='ltr'>Ἐκ</span> <span class='ocrx_word' id='word_1_530' title='bbox 760 3956 869 4026; x_wconf 82' lang='grc' dir='ltr'>τῆς</span> <span class='ocrx_word' id='word_1_531' title='bbox 903 3958 1053 4026; x_wconf 75' lang='grc' dir='ltr'>πρὸς</span> <span class='ocrx_word' id='word_1_532' title='bbox 1091 3959 1367 4028; x_wconf 74' lang='grc' dir='ltr'>Τιμόθεον</span> <span class='ocrx_word' id='word_1_533' title='bbox 1411 3966 1483 4015; x_wconf 81' lang='grc' dir='ltr'><strong>α’.</strong></span> 
     </span>
    </p>
   </div>
   <div class='ocr_carea' id='block_1_72' title="bbox 342 4070 1837 4143">
    <p class='ocr_par' dir='ltr' id='par_1_72' title="bbox 342 4070 1837 4143">
     <span class='ocr_line' id='line_1_72' title="bbox 342 4070 1837 4143; baseline 0.005 -22"><span class='ocrx_word' id='word_1_534' title='bbox 342 4088 362 4121; x_wconf 78' lang='grc' dir='ltr'><strong>ι</strong></span> <span class='ocrx_word' id='word_1_535' title='bbox 408 4070 605 4133; x_wconf 87' lang='grc' dir='ltr'>Πιστὸς</span> <span class='ocrx_word' id='word_1_536' title='bbox 632 4073 661 4124; x_wconf 91' lang='lat'><strong>6</strong></span> <span class='ocrx_word' id='word_1_537' title='bbox 704 4070 880 4140; x_wconf 80' lang='grc' dir='ltr'>λόγος,</span> <span class='ocrx_word' id='word_1_538' title='bbox 913 4071 1005 4124; x_wconf 75' lang='grc' dir='ltr'>καὶ</span> <span class='ocrx_word' id='word_1_539' title='bbox 1034 4070 1213 4140; x_wconf 85' lang='grc' dir='ltr'>πάσης</span> <span class='ocrx_word' id='word_1_540' title='bbox 1246 4072 1514 4143; x_wconf 85' lang='grc' dir='ltr'>ἀποδοχῆς</span> <span class='ocrx_word' id='word_1_541' title='bbox 1549 4071 1720 4139; x_wconf 80' lang='grc' dir='ltr'>ἄξιος,</span> <span class='ocrx_word' id='word_1_542' title='bbox 1755 4074 1837 4129; x_wconf 80' lang='grc' dir='ltr'>ὅτι</span> 
     </span>
    </p>
   </div>
   <div class='ocr_carea' id='block_1_73' title="bbox 265 4158 1838 4236">
    <p class='ocr_par' dir='ltr' id='par_1_73' title="bbox 265 4158 1838 4236">
     <span class='ocr_line' id='line_1_73' title="bbox 265 4158 1838 4236; baseline 0.003 -23"><span class='ocrx_word' id='word_1_543' title='bbox 265 4161 499 4231; x_wconf 83' lang='grc' dir='ltr'>Χριστὸς</span> <span class='ocrx_word' id='word_1_544' title='bbox 539 4162 747 4233; x_wconf 87' lang='grc' dir='ltr'>Ἰησοῦς</span> <span class='ocrx_word' id='word_1_545' title='bbox 785 4158 948 4233; x_wconf 83' lang='grc' dir='ltr'>ἦλθεν</span> <span class='ocrx_word' id='word_1_546' title='bbox 992 4164 1070 4226; x_wconf 85' lang='grc' dir='ltr'><strong>είς</strong></span> <span class='ocrx_word' id='word_1_547' title='bbox 1116 4162 1208 4217; x_wconf 90' lang='grc' dir='ltr'><strong>τὸν</strong></span> <span class='ocrx_word' id='word_1_548' title='bbox 1238 4162 1439 4233; x_wconf 84' lang='grc' dir='ltr'>κόσμον</span> <span class='ocrx_word' id='word_1_549' title='bbox 1483 4164 1838 4236; x_wconf 79' lang='grc' dir='ltr'>ἁμαρτωλοὺς</span> 
     </span>
    </p>
   </div>
   <div class='ocr_carea' id='block_1_74' title="bbox 267 4243 1837 4323">
    <p class='ocr_par' dir='ltr' id='par_1_74' title="bbox 267 4243 1837 4323">
     <span class='ocr_line' id='line_1_74' title="bbox 267 4243 1837 4323; baseline 0.003 -21"><span class='ocrx_word' id='word_1_550' title='bbox 267 4249 459 4315; x_wconf 82' lang='grc' dir='ltr'>σῶσαι,</span> <span class='ocrx_word' id='word_1_551' title='bbox 497 4243 570 4304; x_wconf 81' lang='grc' dir='ltr'><strong>ὧν</strong></span> <span class='ocrx_word' id='word_1_552' title='bbox 617 4251 835 4321; x_wconf 85' lang='grc' dir='ltr'>πρῶτός</span> <span class='ocrx_word' id='word_1_553' title='bbox 875 4253 990 4321; x_wconf 78' lang='grc' dir='ltr'>εἰμι</span> <span class='ocrx_word' id='word_1_554' title='bbox 1021 4251 1131 4320; x_wconf 78' lang='grc' dir='ltr'><strong>ἐγώ</strong></span> <span class='ocrx_word' id='word_1_555' title='bbox 1150 4267 1163 4280; x_wconf 70' lang='grc'>⁸</span> <span class='ocrx_word' id='word_1_556' title='bbox 1207 4250 1343 4306; x_wconf 81' lang='grc' dir='ltr'>ἀλλὰ</span> <span class='ocrx_word' id='word_1_557' title='bbox 1373 4252 1463 4306; x_wconf 77' lang='grc' dir='ltr'><strong>διὰ</strong></span> <span class='ocrx_word' id='word_1_558' title='bbox 1493 4252 1651 4306; x_wconf 87' lang='grc' dir='ltr'>τοῦτο</span> <span class='ocrx_word' id='word_1_559' title='bbox 1677 4254 1837 4323; x_wconf 79' lang='grc' dir='ltr'>ὴλεή-</span> 
     </span>
    </p>
   </div>
   <div class='ocr_carea' id='block_1_75' title="bbox 1940 3110 3514 3181">
    <p class='ocr_par' dir='ltr' id='par_1_75' title="bbox 1940 3110 3514 3181">
     <span class='ocr_line' id='line_1_75' title="bbox 1940 3110 3514 3181; baseline 0.003 -16"><span class='ocrx_word' id='word_1_560' title='bbox 1940 3110 2165 3165; x_wconf 89' lang='lat' dir='ltr'><strong>reamini</strong></span> <span class='ocrx_word' id='word_1_561' title='bbox 2192 3110 2261 3164; x_wconf 92' lang='lat' dir='ltr'><strong>ab</strong></span> <span class='ocrx_word' id='word_1_562' title='bbox 2286 3110 2658 3181; x_wconf 84' lang='lat' dir='ltr'><strong>adversariis),</strong></span> <span class='ocrx_word' id='word_1_563' title='bbox 2693 3112 2814 3180; x_wconf 79' lang='lat' dir='ltr'><strong>quae</strong></span> <span class='ocrx_word' id='word_1_564' title='bbox 2845 3110 2949 3166; x_wconf 86' lang='lat' dir='ltr'><strong>illis</strong></span> <span class='ocrx_word' id='word_1_565' title='bbox 2984 3126 3144 3166; x_wconf 87' lang='lat' dir='ltr'><strong>causa</strong></span> <span class='ocrx_word' id='word_1_566' title='bbox 3194 3113 3514 3181; x_wconf 80' lang='lat' dir='ltr'><strong>perditionis</strong></span> 
     </span>
    </p>
   </div>
   <div class='ocr_carea' id='block_1_76' title="bbox 1938 3199 3513 3272">
    <p class='ocr_par' dir='ltr' id='par_1_76' title="bbox 1938 3199 3513 3272">
     <span class='ocr_line' id='line_1_76' title="bbox 1938 3199 3513 3272; baseline 0.004 -19"><span class='ocrx_word' id='word_1_567' title='bbox 1938 3207 2045 3264; x_wconf 90' lang='lat' dir='ltr'><strong>est,</strong></span> <span class='ocrx_word' id='word_1_568' title='bbox 2075 3199 2231 3255; x_wconf 91' lang='lat' dir='ltr'><strong>vobis</strong></span> <span class='ocrx_word' id='word_1_569' title='bbox 2264 3209 2441 3255; x_wconf 88' lang='lat' dir='ltr'><strong>autem</strong></span> <span class='ocrx_word' id='word_1_570' title='bbox 2473 3200 2662 3255; x_wconf 89' lang='lat' dir='ltr'><strong>salutis</strong></span> <span class='ocrx_word' id='word_1_571' title='bbox 2687 3242 2703 3267; x_wconf 96' lang='lat'><strong>,</strong></span> <span class='ocrx_word' id='word_1_572' title='bbox 2744 3210 2794 3254; x_wconf 89' lang='lat' dir='ltr'><strong>et</strong></span> <span class='ocrx_word' id='word_1_573' title='bbox 2830 3202 2930 3256; x_wconf 91' lang='lat' dir='ltr'><strong>hoc</strong></span> <span class='ocrx_word' id='word_1_574' title='bbox 2957 3216 2984 3254; x_wconf 87' lang='lat' dir='ltr'><strong>a</strong></span> <span class='ocrx_word' id='word_1_575' title='bbox 3021 3201 3131 3256; x_wconf 91' lang='lat' dir='ltr'><strong>Deo</strong></span> <span class='ocrx_word' id='word_1_576' title='bbox 3158 3218 3174 3258; x_wconf 90' lang='lat'><strong>:</strong></span> <span class='ocrx_word' id='word_1_577' title='bbox 3204 3205 3326 3272; x_wconf 91' lang='lat' dir='ltr'><strong>quia</strong></span> <span class='ocrx_word' id='word_1_578' title='bbox 3361 3202 3513 3259; x_wconf 88' lang='lat' dir='ltr'><strong>vobis</strong></span> 
     </span>
    </p>
   </div>
   <div class='ocr_carea' id='block_1_77' title="bbox 1939 3289 3514 3373">
    <p class='ocr_par' dir='ltr' id='par_1_77' title="bbox 1939 3289 3514 3373">
     <span class='ocr_line' id='line_1_77' title="bbox 1939 3289 3514 3373; baseline 0.003 -29"><span class='ocrx_word' id='word_1_579' title='bbox 1939 3289 2197 3344; x_wconf 88' lang='lat' dir='ltr'><strong>donatum</strong></span> <span class='ocrx_word' id='word_1_580' title='bbox 2225 3298 2308 3344; x_wconf 91' lang='lat' dir='ltr'><strong>est</strong></span> <span class='ocrx_word' id='word_1_581' title='bbox 2338 3305 2437 3360; x_wconf 89' lang='lat' dir='ltr'><strong>pro</strong></span> <span class='ocrx_word' id='word_1_582' title='bbox 2460 3291 2704 3357; x_wconf 82' lang='lat' dir='ltr'><strong>Christo,</strong></span> <span class='ocrx_word' id='word_1_583' title='bbox 2738 3306 2842 3373; x_wconf 33' lang='grc' dir='ltr'>ιι,οη</span> <span class='ocrx_word' id='word_1_584' title='bbox 2867 3292 3040 3347; x_wconf 88' lang='lat' dir='ltr'><strong>solum</strong></span> <span class='ocrx_word' id='word_1_585' title='bbox 3073 3292 3207 3346; x_wconf 91' lang='lat' dir='ltr'><strong>utin</strong></span> <span class='ocrx_word' id='word_1_586' title='bbox 3236 3306 3359 3347; x_wconf 87' lang='lat' dir='ltr'><strong>cum</strong></span> <span class='ocrx_word' id='word_1_587' title='bbox 3392 3308 3514 3349; x_wconf 87' lang='lat' dir='ltr'><strong>cre-</strong></span> 
     </span>
    </p>
   </div>
   <div class='ocr_carea' id='block_1_78' title="bbox 1940 3379 3515 3452">
    <p class='ocr_par' dir='ltr' id='par_1_78' title="bbox 1940 3379 3515 3452">
     <span class='ocr_line' id='line_1_78' title="bbox 1940 3379 3515 3452; baseline 0.006 -21"><span class='ocrx_word' id='word_1_588' title='bbox 1940 3379 2100 3441; x_wconf 88' lang='lat' dir='ltr'><strong>datis,</strong></span> <span class='ocrx_word' id='word_1_589' title='bbox 2133 3380 2227 3433; x_wconf 89' lang='lat' dir='ltr'><strong>sed</strong></span> <span class='ocrx_word' id='word_1_590' title='bbox 2261 3388 2317 3431; x_wconf 93' lang='lat' dir='ltr'><strong>ut</strong></span> <span class='ocrx_word' id='word_1_591' title='bbox 2350 3379 2513 3433; x_wconf 89' lang='lat' dir='ltr'><strong>etiam</strong></span> <span class='ocrx_word' id='word_1_592' title='bbox 2552 3397 2651 3450; x_wconf 93' lang='lat' dir='ltr'><strong>pro</strong></span> <span class='ocrx_word' id='word_1_593' title='bbox 2696 3382 2784 3437; x_wconf 93' lang='lat' dir='ltr'><strong>illo</strong></span> <span class='ocrx_word' id='word_1_594' title='bbox 2836 3383 3113 3452; x_wconf 79' lang='lat' dir='ltr'><strong>patiamini</strong></span> <span class='ocrx_word' id='word_1_595' title='bbox 3148 3384 3212 3439; x_wconf 82' lang='lat'><strong>&quot;.</strong></span> <span class='ocrx_word' id='word_1_596' title='bbox 3252 3403 3273 3439; x_wconf 76' lang='grc' dir='ltr'><strong>ι</strong></span> <span class='ocrx_word' id='word_1_597' title='bbox 3320 3384 3378 3439; x_wconf 87' lang='lat' dir='ltr'><strong>Si</strong></span> <span class='ocrx_word' id='word_1_598' title='bbox 3413 3386 3515 3442; x_wconf 87' lang='lat' dir='ltr'><strong>hoc</strong></span> 
     </span>
    </p>
   </div>
   <div class='ocr_carea' id='block_1_79' title="bbox 1941 3465 3510 3540">
    <p class='ocr_par' dir='ltr' id='par_1_79' title="bbox 1941 3465 3510 3540">
     <span class='ocr_line' id='line_1_79' title="bbox 1941 3465 3510 3540; baseline 0.008 -23"><span class='ocrx_word' id='word_1_599' title='bbox 1941 3479 1972 3517; x_wconf 91' lang='lat' dir='ltr'><strong>a</strong></span> <span class='ocrx_word' id='word_1_600' title='bbox 2010 3465 2119 3519; x_wconf 90' lang='lat' dir='ltr'><strong>Deo</strong></span> <span class='ocrx_word' id='word_1_601' title='bbox 2150 3466 2204 3518; x_wconf 90' lang='lat' dir='ltr'><strong>in</strong></span> <span class='ocrx_word' id='word_1_602' title='bbox 2230 3467 2418 3534; x_wconf 71' lang='lat' dir='ltr'><strong>gratia:</strong></span> <span class='ocrx_word' id='word_1_603' title='bbox 2468 3467 2587 3522; x_wconf 85' lang='lat' dir='ltr'><strong>loco</strong></span> <span class='ocrx_word' id='word_1_604' title='bbox 2620 3469 2952 3537; x_wconf 87' lang='lat' dir='ltr'><strong>accipimus,</strong></span> <span class='ocrx_word' id='word_1_605' title='bbox 2987 3472 3130 3540; x_wconf 86' lang='lat' dir='ltr'><strong>quod</strong></span> <span class='ocrx_word' id='word_1_606' title='bbox 3159 3474 3209 3528; x_wconf 94' lang='lat' dir='ltr'><strong>in</strong></span> <span class='ocrx_word' id='word_1_607' title='bbox 3239 3474 3510 3530; x_wconf 89' lang='lat' dir='ltr'><strong>Christum</strong></span> 
     </span>
    </p>
   </div>
   <div class='ocr_carea' id='block_1_80' title="bbox 1941 3552 3510 3629">
    <p class='ocr_par' dir='ltr' id='par_1_80' title="bbox 1941 3552 3510 3629">
     <span class='ocr_line' id='line_1_80' title="bbox 1941 3552 3510 3629; baseline 0.009 -26"><span class='ocrx_word' id='word_1_608' title='bbox 1941 3552 2236 3614; x_wconf 89' lang='lat' dir='ltr'><strong>credimus,</strong></span> <span class='ocrx_word' id='word_1_609' title='bbox 2288 3567 2463 3620; x_wconf 83' lang='lat' dir='ltr'><strong>neque</strong></span> <span class='ocrx_word' id='word_1_610' title='bbox 2504 3568 2602 3622; x_wconf 91' lang='lat' dir='ltr'><strong>per</strong></span> <span class='ocrx_word' id='word_1_611' title='bbox 2653 3554 2754 3609; x_wconf 91' lang='lat' dir='ltr'><strong>hoc</strong></span> <span class='ocrx_word' id='word_1_612' title='bbox 2796 3557 2848 3610; x_wconf 92' lang='lat' dir='ltr'><strong>in</strong></span> <span class='ocrx_word' id='word_1_613' title='bbox 2885 3573 3129 3613; x_wconf 90' lang='lat' dir='ltr'><strong>errorem</strong></span> <span class='ocrx_word' id='word_1_614' title='bbox 3174 3562 3510 3629; x_wconf 79' lang='lat' dir='ltr'><strong>abducimur,</strong></span> 
     </span>
    </p>
   </div>
   <div class='ocr_carea' id='block_1_81' title="bbox 1941 3640 3513 3719">
    <p class='ocr_par' dir='ltr' id='par_1_81' title="bbox 1941 3640 3513 3719">
     <span class='ocr_line' id='line_1_81' title="bbox 1941 3640 3513 3719; baseline 0.006 -23"><span class='ocrx_word' id='word_1_615' title='bbox 1941 3641 2033 3696; x_wconf 85' lang='lat' dir='ltr'><strong>sed</strong></span> <span class='ocrx_word' id='word_1_616' title='bbox 2059 3640 2115 3695; x_wconf 91' lang='lat' dir='ltr'><strong>in</strong></span> <span class='ocrx_word' id='word_1_617' title='bbox 2138 3642 2255 3711; x_wconf 86' lang='lat' dir='ltr'><strong>ejus</strong></span> <span class='ocrx_word' id='word_1_618' title='bbox 2273 3642 2449 3711; x_wconf 89' lang='lat' dir='ltr'><strong>potius</strong></span> <span class='ocrx_word' id='word_1_619' title='bbox 2473 3643 2833 3713; x_wconf 76' lang='lat' dir='ltr'><strong>cognitionem</strong></span> <span class='ocrx_word' id='word_1_620' title='bbox 2872 3648 3209 3717; x_wconf 87' lang='lat' dir='ltr'><strong>adducimur,</strong></span> <span class='ocrx_word' id='word_1_621' title='bbox 3234 3651 3323 3719; x_wconf 88' lang='lat' dir='ltr'><strong>qui</strong></span> <span class='ocrx_word' id='word_1_622' title='bbox 3351 3666 3513 3706; x_wconf 87' lang='lat' dir='ltr'><strong>verus</strong></span> 
     </span>
    </p>
   </div>
   <div class='ocr_carea' id='block_1_82' title="bbox 1938 3733 3510 3807">
    <p class='ocr_par' dir='ltr' id='par_1_82' title="bbox 1938 3733 3510 3807">
     <span class='ocr_line' id='line_1_82' title="bbox 1938 3733 3510 3807; baseline 0.007 -21"><span class='ocrx_word' id='word_1_623' title='bbox 1938 3733 2233 3786; x_wconf 88' lang='lat' dir='ltr'><strong>secundum</strong></span> <span class='ocrx_word' id='word_1_624' title='bbox 2266 3743 2516 3788; x_wconf 88' lang='lat' dir='ltr'><strong>naturam</strong></span> <span class='ocrx_word' id='word_1_625' title='bbox 2560 3733 2703 3790; x_wconf 89' lang='lat' dir='ltr'><strong>Deus</strong></span> <span class='ocrx_word' id='word_1_626' title='bbox 2746 3745 2869 3791; x_wconf 88' lang='lat' dir='ltr'><strong>est:</strong></span> <span class='ocrx_word' id='word_1_627' title='bbox 2919 3742 3187 3807; x_wconf 88' lang='lat' dir='ltr'><strong>quomodo</strong></span> <span class='ocrx_word' id='word_1_628' title='bbox 3235 3741 3510 3797; x_wconf 83' lang='lat' dir='ltr'><strong>Christum</strong></span> 
     </span>
    </p>
   </div>
   <div class='ocr_carea' id='block_1_83' title="bbox 1940 3823 2967 3899">
    <p class='ocr_par' dir='ltr' id='par_1_83' title="bbox 1940 3823 2967 3899">
     <span class='ocr_line' id='line_1_83' title="bbox 1940 3823 2967 3899; baseline 0.005 -20"><span class='ocrx_word' id='word_1_629' title='bbox 1940 3823 2107 3879; x_wconf 89' lang='lat' dir='ltr'><strong>Deum</strong></span> <span class='ocrx_word' id='word_1_630' title='bbox 2140 3836 2279 3893; x_wconf 88' lang='lat' dir='ltr'><strong>esse,</strong></span> <span class='ocrx_word' id='word_1_631' title='bbox 2318 3826 2591 3897; x_wconf 81' lang='lat' dir='ltr'><strong>ambigere</strong></span> <span class='ocrx_word' id='word_1_632' title='bbox 2613 3826 2740 3897; x_wconf 88' lang='lat' dir='ltr'><strong>quis</strong></span> <span class='ocrx_word' id='word_1_633' title='bbox 2767 3830 2967 3899; x_wconf 82' lang='lat' dir='ltr'><strong>queat?</strong></span> 
     </span>
    </p>
   </div>
   <div class='ocr_carea' id='block_1_84' title="bbox 2256 3959 3196 4031">
    <p class='ocr_par' dir='ltr' id='par_1_84' title="bbox 2256 3959 3196 4031">
     <span class='ocr_line' id='line_1_84' title="bbox 2256 3959 3196 4031; baseline 0.006 -15"><span class='ocrx_word' id='word_1_634' title='bbox 2256 3959 2416 4031; x_wconf 67' lang='grc'><strong>124</strong></span> <span class='ocrx_word' id='word_1_635' title='bbox 2444 3959 2528 4015; x_wconf 82' lang='lat' dir='ltr'><strong>Ea:</strong></span> <span class='ocrx_word' id='word_1_636' title='bbox 2555 3962 2721 4031; x_wconf 84' lang='lat' dir='ltr'><strong>priori</strong></span> <span class='ocrx_word' id='word_1_637' title='bbox 2750 3964 2821 4017; x_wconf 85' lang='lat' dir='ltr'><strong>ad</strong></span> <span class='ocrx_word' id='word_1_638' title='bbox 2853 3966 3196 4022; x_wconf 77' lang='lat' dir='ltr'><strong>Timotheum.</strong></span> 
     </span>
    </p>
   </div>
   <div class='ocr_carea' id='block_1_85' title="bbox 2016 4071 3510 4151">
    <p class='ocr_par' dir='ltr' id='par_1_85' title="bbox 2016 4071 3510 4151">
     <span class='ocr_line' id='line_1_85' title="bbox 2016 4071 3510 4151; baseline 0.009 -27"><span class='ocrx_word' id='word_1_639' title='bbox 2016 4090 2036 4124; x_wconf 74' lang='grc' dir='ltr'><strong>ι</strong></span> <span class='ocrx_word' id='word_1_640' title='bbox 2071 4071 2271 4128; x_wconf 86' lang='lat' dir='ltr'><strong>Fidelis</strong></span> <span class='ocrx_word' id='word_1_641' title='bbox 2294 4088 2495 4142; x_wconf 89' lang='lat' dir='ltr'><strong>sermo,</strong></span> <span class='ocrx_word' id='word_1_642' title='bbox 2517 4084 2572 4129; x_wconf 91' lang='lat' dir='ltr'><strong>et</strong></span> <span class='ocrx_word' id='word_1_643' title='bbox 2595 4076 2742 4130; x_wconf 89' lang='lat' dir='ltr'><strong>omni</strong></span> <span class='ocrx_word' id='word_1_644' title='bbox 2777 4078 3092 4148; x_wconf 86' lang='lat' dir='ltr'><strong>acceptione</strong></span> <span class='ocrx_word' id='word_1_645' title='bbox 3120 4080 3335 4149; x_wconf 90' lang='lat' dir='ltr'><strong>dignus,</strong></span> <span class='ocrx_word' id='word_1_646' title='bbox 3365 4085 3510 4151; x_wconf 90' lang='lat' dir='ltr'><strong>quod</strong></span> 
     </span>
    </p>
   </div>
   <div class='ocr_carea' id='block_1_86' title="bbox 1938 4162 3510 4242">
    <p class='ocr_par' dir='ltr' id='par_1_86' title="bbox 1938 4162 3510 4242">
     <span class='ocr_line' id='line_1_86' title="bbox 1938 4162 3510 4242; baseline 0.008 -25"><span class='ocrx_word' id='word_1_647' title='bbox 1938 4162 2189 4218; x_wconf 85' lang='lat' dir='ltr'><strong>Christus</strong></span> <span class='ocrx_word' id='word_1_648' title='bbox 2220 4163 2382 4221; x_wconf 82' lang='lat' dir='ltr'><strong>Jesus</strong></span> <span class='ocrx_word' id='word_1_649' title='bbox 2424 4167 2572 4220; x_wconf 84' lang='lat' dir='ltr'><strong>venit</strong></span> <span class='ocrx_word' id='word_1_650' title='bbox 2605 4166 2658 4220; x_wconf 93' lang='lat' dir='ltr'><strong>in</strong></span> <span class='ocrx_word' id='word_1_651' title='bbox 2713 4167 2858 4223; x_wconf 89' lang='lat' dir='ltr'><strong>hunc</strong></span> <span class='ocrx_word' id='word_1_652' title='bbox 2898 4170 3153 4224; x_wconf 88' lang='lat' dir='ltr'><strong>mundum</strong></span> <span class='ocrx_word' id='word_1_653' title='bbox 3197 4182 3510 4242; x_wconf 88' lang='lat' dir='ltr'><strong>peccatores</strong></span> 
     </span>
    </p>
   </div>
   <div class='ocr_carea' id='block_1_87' title="bbox 1940 4252 3509 4330">
    <p class='ocr_par' dir='ltr' id='par_1_87' title="bbox 1940 4252 3509 4330">
     <span class='ocr_line' id='line_1_87' title="bbox 1940 4252 3509 4330; baseline 0.007 -24"><span class='ocrx_word' id='word_1_654' title='bbox 1940 4252 2122 4308; x_wconf 81' lang='lat' dir='ltr'><strong>salvos</strong></span> <span class='ocrx_word' id='word_1_655' title='bbox 2147 4253 2366 4322; x_wconf 83' lang='lat' dir='ltr'><strong>facere;</strong></span> <span class='ocrx_word' id='word_1_656' title='bbox 2396 4270 2623 4325; x_wconf 89' lang='lat' dir='ltr'><strong>quorum</strong></span> <span class='ocrx_word' id='word_1_657' title='bbox 2652 4260 2859 4327; x_wconf 90' lang='lat' dir='ltr'><strong>primus</strong></span> <span class='ocrx_word' id='word_1_658' title='bbox 2898 4274 2997 4330; x_wconf 89' lang='lat' dir='ltr'><strong>ego</strong></span> <span class='ocrx_word' id='word_1_659' title='bbox 3031 4276 3149 4314; x_wconf 90' lang='lat' dir='ltr'><strong>sum</strong></span> <span class='ocrx_word' id='word_1_660' title='bbox 3181 4279 3195 4316; x_wconf 87' lang='lat'><strong>:</strong></span> <span class='ocrx_word' id='word_1_661' title='bbox 3251 4262 3345 4316; x_wconf 86' lang='lat' dir='ltr'><strong>sed</strong></span> <span class='ocrx_word' id='word_1_662' title='bbox 3390 4262 3509 4318; x_wconf 90' lang='lat' dir='ltr'><strong>ideo</strong></span> 
     </span>
    </p>
   </div>
   <div class='ocr_carea' id='block_1_88' title="bbox 265 4338 1836 4423">
    <p class='ocr_par' dir='ltr' id='par_1_88' title="bbox 265 4338 1836 4412">
     <span class='ocr_line' id='line_1_88' title="bbox 265 4338 1836 4412; baseline 0.004 -23"><span class='ocrx_word' id='word_1_663' title='bbox 265 4338 388 4409; x_wconf 87' lang='grc' dir='ltr'>θην,</span> <span class='ocrx_word' id='word_1_664' title='bbox 423 4341 510 4394; x_wconf 80' lang='grc' dir='ltr'>ἵνα</span> <span class='ocrx_word' id='word_1_665' title='bbox 535 4343 592 4393; x_wconf 83' lang='grc' dir='ltr'>ἐν</span> <span class='ocrx_word' id='word_1_666' title='bbox 623 4342 746 4410; x_wconf 73' lang='grc' dir='ltr'>ἐμοὶ</span> <span class='ocrx_word' id='word_1_667' title='bbox 777 4340 977 4411; x_wconf 83' lang='grc' dir='ltr'>πρώτῳ</span> <span class='ocrx_word' id='word_1_668' title='bbox 1000 4339 1208 4412; x_wconf 75' lang='grc' dir='ltr'>ἐνδείξῃ</span> <span class='ocrx_word' id='word_1_669' title='bbox 1233 4341 1463 4410; x_wconf 85' lang='grc' dir='ltr'>Χριστὸς</span> <span class='ocrx_word' id='word_1_670' title='bbox 1505 4340 1711 4412; x_wconf 80' lang='grc' dir='ltr'>Ἰησοῦς</span> <span class='ocrx_word' id='word_1_671' title='bbox 1739 4340 1836 4412; x_wconf 78' lang='grc' dir='ltr'><strong>τὴν</strong></span> 
     </span>
    </p>
   </div>
   <div class='ocr_carea' id='block_1_89' title="bbox 1941 4338 3510 4423">
    <p class='ocr_par' dir='ltr' id='par_1_89' title="bbox 1941 4346 3510 4423">
     <span class='ocr_line' id='line_1_89' title="bbox 1941 4346 3510 4423; baseline 0.008 -25"><span class='ocrx_word' id='word_1_672' title='bbox 1941 4346 2367 4401; x_wconf 86' lang='lat' dir='ltr'><strong>misericordiam</strong></span> <span class='ocrx_word' id='word_1_673' title='bbox 2409 4358 2733 4405; x_wconf 72' lang='lat' dir='ltr'><strong>consecutus</strong></span> <span class='ocrx_word' id='word_1_674' title='bbox 2794 4366 2936 4417; x_wconf 89' lang='lat' dir='ltr'><strong>sum,</strong></span> <span class='ocrx_word' id='word_1_675' title='bbox 2997 4361 3057 4405; x_wconf 89' lang='lat' dir='ltr'><strong>ut</strong></span> <span class='ocrx_word' id='word_1_676' title='bbox 3108 4352 3162 4407; x_wconf 91' lang='lat' dir='ltr'><strong>in</strong></span> <span class='ocrx_word' id='word_1_677' title='bbox 3211 4368 3298 4408; x_wconf 90' lang='lat' dir='ltr'><strong>me</strong></span> <span class='ocrx_word' id='word_1_678' title='bbox 3334 4355 3510 4423; x_wconf 90' lang='lat' dir='ltr'><strong>primo</strong></span> 
     </span>
    </p>
   </div>
   <div class='ocr_carea' id='block_1_90' title="bbox 266 4428 1836 4500">
    <p class='ocr_par' dir='ltr' id='par_1_90' title="bbox 266 4428 1836 4500">
     <span class='ocr_line' id='line_1_90' title="bbox 266 4428 1836 4500; baseline 0.003 -21"><span class='ocrx_word' id='word_1_679' title='bbox 266 4428 484 4480; x_wconf 68' lang='grc' dir='ltr'>ἃπασαν</span> <span class='ocrx_word' id='word_1_680' title='bbox 532 4429 933 4500; x_wconf 84' lang='grc' dir='ltr'>μακροθυμίαν,</span> <span class='ocrx_word' id='word_1_681' title='bbox 983 4429 1120 4500; x_wconf 88' lang='grc' dir='ltr'>πρὸς</span> <span class='ocrx_word' id='word_1_682' title='bbox 1173 4428 1519 4483; x_wconf 84' lang='grc' dir='ltr'>ὑποτύπωσιν</span> <span class='ocrx_word' id='word_1_683' title='bbox 1552 4429 1659 4483; x_wconf 85' lang='grc' dir='ltr'>τῶν</span> <span class='ocrx_word' id='word_1_684' title='bbox 1706 4431 1836 4500; x_wconf 87' lang='grc' dir='ltr'>μελ-</span> 
     </span>
    </p>
   </div>
   <div class='ocr_carea' id='block_1_91' title="bbox 262 4518 1834 4591">
    <p class='ocr_par' dir='ltr' id='par_1_91' title="bbox 262 4518 1834 4591">
     <span class='ocr_line' id='line_1_91' title="bbox 262 4518 1834 4591; baseline 0.004 -23"><span class='ocrx_word' id='word_1_685' title='bbox 262 4518 465 4569; x_wconf 77' lang='grc' dir='ltr'>λόντων</span> <span class='ocrx_word' id='word_1_686' title='bbox 498 4519 768 4573; x_wconf 80' lang='grc' dir='ltr'>πιστεύειν</span> <span class='ocrx_word' id='word_1_687' title='bbox 810 4519 895 4572; x_wconf 78' lang='grc' dir='ltr'><strong>ἐπ’</strong></span> <span class='ocrx_word' id='word_1_688' title='bbox 924 4520 1074 4591; x_wconf 80' lang='grc' dir='ltr'>αὐτῷ</span> <span class='ocrx_word' id='word_1_689' title='bbox 1121 4522 1202 4582; x_wconf 88' lang='grc' dir='ltr'><strong>είς</strong></span> <span class='ocrx_word' id='word_1_690' title='bbox 1249 4519 1392 4591; x_wconf 78' lang='grc' dir='ltr'>ζωὴν</span> <span class='ocrx_word' id='word_1_691' title='bbox 1432 4521 1669 4576; x_wconf 84' lang='grc' dir='ltr'>αίώνιον.</span> <span class='ocrx_word' id='word_1_692' title='bbox 1715 4539 1735 4574; x_wconf 74' lang='grc' dir='ltr'><strong>ι</strong></span> <span class='ocrx_word' id='word_1_693' title='bbox 1770 4522 1834 4575; x_wconf 78' lang='lat' dir='ltr'><strong>Ei</strong></span> 
     </span>
    </p>
   </div>
   <div class='ocr_carea' id='block_1_92' title="bbox 265 4606 1835 4680">
    <p class='ocr_par' dir='ltr' id='par_1_92' title="bbox 265 4606 1835 4680">
     <span class='ocr_line' id='line_1_92' title="bbox 265 4606 1835 4680; baseline 0.003 -22"><span class='ocrx_word' id='word_1_694' title='bbox 265 4606 624 4676; x_wconf 73' lang='grc' dir='ltr'>ἁμαρτωλοὺς</span> <span class='ocrx_word' id='word_1_695' title='bbox 670 4608 828 4672; x_wconf 79' lang='grc' dir='ltr'>σώζει</span> <span class='ocrx_word' id='word_1_696' title='bbox 874 4608 1127 4680; x_wconf 86' lang='grc' dir='ltr'>Χριστὸς,</span> <span class='ocrx_word' id='word_1_697' title='bbox 1179 4611 1274 4662; x_wconf 73' lang='grc' dir='ltr'>καὶ</span> <span class='ocrx_word' id='word_1_698' title='bbox 1330 4609 1674 4680; x_wconf 87' lang='grc' dir='ltr'>μακροθυμεῖ</span> <span class='ocrx_word' id='word_1_699' title='bbox 1722 4613 1835 4675; x_wconf 87' lang='grc' dir='ltr'>τοῖς</span> 
     </span>
    </p>
   </div>
   <div class='ocr_carea' id='block_1_93' title="bbox 265 4695 1835 4770">
    <p class='ocr_par' dir='ltr' id='par_1_93' title="bbox 265 4695 1835 4770">
     <span class='ocr_line' id='line_1_93' title="bbox 265 4695 1835 4770; baseline 0.004 -22"><span class='ocrx_word' id='word_1_700' title='bbox 265 4695 721 4767; x_wconf 79' lang='grc' dir='ltr'>πλημμελήμασι,</span> <span class='ocrx_word' id='word_1_701' title='bbox 768 4697 1054 4768; x_wconf 83' lang='grc' dir='ltr'>δεχόμενος</span> <span class='ocrx_word' id='word_1_702' title='bbox 1098 4697 1277 4751; x_wconf 75' lang='grc' dir='ltr'>αὐτῶν</span> <span class='ocrx_word' id='word_1_703' title='bbox 1312 4698 1409 4767; x_wconf 76' lang='grc' dir='ltr'>τὴν</span> <span class='ocrx_word' id='word_1_704' title='bbox 1458 4701 1835 4770; x_wconf 65' lang='grc' dir='ltr'>μετάγνωσιν*</span> 
     </span>
    </p>
   </div>
   <div class='ocr_carea' id='block_1_94' title="bbox 261 4786 1834 4860">
    <p class='ocr_par' dir='ltr' id='par_1_94' title="bbox 261 4786 1834 4860">
     <span class='ocr_line' id='line_1_94' title="bbox 261 4786 1834 4860; baseline 0.004 -22"><span class='ocrx_word' id='word_1_705' title='bbox 261 4786 362 4838; x_wconf 70' lang='grc' dir='ltr'>καὶ</span> <span class='ocrx_word' id='word_1_706' title='bbox 392 4788 539 4839; x_wconf 73' lang='grc' dir='ltr'>πᾶσα</span> <span class='ocrx_word' id='word_1_707' title='bbox 569 4788 722 4857; x_wconf 85' lang='grc' dir='ltr'>ἡμῶν</span> <span class='ocrx_word' id='word_1_708' title='bbox 751 4790 783 4857; x_wconf 80' lang='grc' dir='ltr'>ἡ</span> <span class='ocrx_word' id='word_1_709' title='bbox 814 4789 994 4851; x_wconf 85' lang='grc' dir='ltr'>πίστις</span> <span class='ocrx_word' id='word_1_710' title='bbox 1036 4790 1121 4842; x_wconf 77' lang='grc' dir='ltr'><strong>ἐπ’</strong></span> <span class='ocrx_word' id='word_1_711' title='bbox 1161 4790 1331 4859; x_wconf 73' lang='grc' dir='ltr'>αὐτῷ,</span> <span class='ocrx_word' id='word_1_712' title='bbox 1375 4791 1468 4843; x_wconf 74' lang='grc' dir='ltr'>καὶ</span> <span class='ocrx_word' id='word_1_713' title='bbox 1511 4790 1599 4844; x_wconf 85' lang='grc' dir='ltr'><strong>διὰ</strong></span> <span class='ocrx_word' id='word_1_714' title='bbox 1625 4792 1726 4860; x_wconf 83' lang='grc' dir='ltr'>τῆς</span> <span class='ocrx_word' id='word_1_715' title='bbox 1756 4793 1834 4856; x_wconf 88' lang='grc' dir='ltr'><strong>είς</strong></span> 
     </span>
    </p>
   </div>
   <div class='ocr_carea' id='block_1_95' title="bbox 262 4880 1830 4955">
    <p class='ocr_par' dir='ltr' id='par_1_95' title="bbox 262 4880 1830 4955">
     <span class='ocr_line' id='line_1_95' title="bbox 262 4880 1830 4955; baseline 0.004 -22"><span class='ocrx_word' id='word_1_716' title='bbox 262 4880 428 4933; x_wconf 78' lang='grc' dir='ltr'>αὐτὸν</span> <span class='ocrx_word' id='word_1_717' title='bbox 459 4881 691 4943; x_wconf 85' lang='grc' dir='ltr'>πίστεως</span> <span class='ocrx_word' id='word_1_718' title='bbox 718 4882 815 4951; x_wconf 76' lang='grc' dir='ltr'>τὴν</span> <span class='ocrx_word' id='word_1_719' title='bbox 845 4881 989 4949; x_wconf 80' lang='grc' dir='ltr'>ζωὴν</span> <span class='ocrx_word' id='word_1_720' title='bbox 1018 4883 1115 4953; x_wconf 81' lang='grc' dir='ltr'>τὴν</span> <span class='ocrx_word' id='word_1_721' title='bbox 1144 4883 1357 4936; x_wconf 83' lang='grc' dir='ltr'>αἰώνιον</span> <span class='ocrx_word' id='word_1_722' title='bbox 1388 4885 1830 4955; x_wconf 73' lang='grc' dir='ltr'>κεκερδήκαμενο</span> 
     </span>
    </p>
   </div>
   <div class='ocr_carea' id='block_1_96' title="bbox 262 4969 1834 5045">
    <p class='ocr_par' dir='ltr' id='par_1_96' title="bbox 262 4969 1834 5045">
     <span class='ocr_line' id='line_1_96' title="bbox 262 4969 1834 5045; baseline 0.003 -22"><span class='ocrx_word' id='word_1_723' title='bbox 262 4969 381 5032; x_wconf 76' lang='grc' dir='ltr'><strong>πῶς</strong></span> <span class='ocrx_word' id='word_1_724' title='bbox 415 4970 474 5022; x_wconf 88' lang='grc' dir='ltr'><strong>ού</strong></span> <span class='ocrx_word' id='word_1_725' title='bbox 506 4970 636 5033; x_wconf 86' lang='grc' dir='ltr'>Θεὸς</span> <span class='ocrx_word' id='word_1_726' title='bbox 684 4973 767 5040; x_wconf 75' lang='grc' dir='ltr'>εἴη</span> <span class='ocrx_word' id='word_1_727' title='bbox 816 4972 918 5036; x_wconf 84' lang='grc' dir='ltr'>άν;</span> <span class='ocrx_word' id='word_1_728' title='bbox 952 4973 1030 5025; x_wconf 80' lang='grc' dir='ltr'>ὅτι</span> <span class='ocrx_word' id='word_1_729' title='bbox 1082 4974 1176 5026; x_wconf 72' lang='grc' dir='ltr'>καὶ</span> <span class='ocrx_word' id='word_1_730' title='bbox 1223 4974 1368 5043; x_wconf 84' lang='grc' dir='ltr'>μόνῳ</span> <span class='ocrx_word' id='word_1_731' title='bbox 1399 4973 1516 5044; x_wconf 83' lang='grc' dir='ltr'>Θεῷ</span> <span class='ocrx_word' id='word_1_732' title='bbox 1548 4974 1745 5045; x_wconf 79' lang='grc' dir='ltr'>πρέποι</span> <span class='ocrx_word' id='word_1_733' title='bbox 1768 4975 1834 5028; x_wconf 85' lang='grc' dir='ltr'>ἂν</span> 
     </span>
    </p>
   </div>
   <div class='ocr_carea' id='block_1_97' title="bbox 259 5059 1833 5136">
    <p class='ocr_par' dir='ltr' id='par_1_97' title="bbox 259 5059 1833 5136">
     <span class='ocr_line' id='line_1_97' title="bbox 259 5059 1833 5136; baseline 0.005 -24"><span class='ocrx_word' id='word_1_734' title='bbox 259 5059 488 5122; x_wconf 76' lang='grc' dir='ltr'>εἰκότως</span> <span class='ocrx_word' id='word_1_735' title='bbox 535 5059 595 5112; x_wconf 91' lang='grc' dir='ltr'><strong>τὸ</strong></span> <span class='ocrx_word' id='word_1_736' title='bbox 645 5062 736 5112; x_wconf 74' lang='grc' dir='ltr'>καὶ</span> <span class='ocrx_word' id='word_1_737' title='bbox 786 5059 979 5125; x_wconf 78' lang='grc' dir='ltr'>σώζειν</span> <span class='ocrx_word' id='word_1_738' title='bbox 1030 5061 1287 5117; x_wconf 84' lang='grc' dir='ltr'>δύνασθαι</span> <span class='ocrx_word' id='word_1_739' title='bbox 1326 5063 1417 5116; x_wconf 90' lang='grc' dir='ltr'><strong>τὸν</strong></span> <span class='ocrx_word' id='word_1_740' title='bbox 1451 5064 1676 5134; x_wconf 90' lang='grc' dir='ltr'>κόσμον,</span> <span class='ocrx_word' id='word_1_741' title='bbox 1713 5066 1833 5136; x_wconf 77' lang='grc' dir='ltr'>ἤτοι</span> 
     </span>
    </p>
   </div>
   <div class='ocr_carea' id='block_1_98' title="bbox 255 5150 1833 5227">
    <p class='ocr_par' dir='ltr' id='par_1_98' title="bbox 255 5150 1833 5227">
     <span class='ocr_line' id='line_1_98' title="bbox 255 5150 1833 5227; baseline 0.005 -24"><span class='ocrx_word' id='word_1_742' title='bbox 255 5150 388 5212; x_wconf 72' lang='grc' dir='ltr'>τοὺς</span> <span class='ocrx_word' id='word_1_743' title='bbox 429 5152 486 5201; x_wconf 81' lang='grc' dir='ltr'>ἐν</span> <span class='ocrx_word' id='word_1_744' title='bbox 528 5150 605 5221; x_wconf 87' lang='grc' dir='ltr'>τῷ</span> <span class='ocrx_word' id='word_1_745' title='bbox 639 5152 850 5222; x_wconf 84' lang='grc' dir='ltr'>κόσμῳ,</span> <span class='ocrx_word' id='word_1_746' title='bbox 884 5154 977 5206; x_wconf 79' lang='grc' dir='ltr'>καὶ</span> <span class='ocrx_word' id='word_1_747' title='bbox 1028 5153 1396 5224; x_wconf 81' lang='grc' dir='ltr'>μακροθυμεῖν</span> <span class='ocrx_word' id='word_1_748' title='bbox 1431 5157 1544 5218; x_wconf 88' lang='grc' dir='ltr'>τοῖς</span> <span class='ocrx_word' id='word_1_749' title='bbox 1584 5157 1833 5227; x_wconf 86' lang='grc' dir='ltr'>ἁμαρτά-</span> 
     </span>
    </p>
   </div>
   <div class='ocr_carea' id='block_1_99' title="bbox 257 5241 1833 5315">
    <p class='ocr_par' dir='ltr' id='par_1_99' title="bbox 257 5241 1833 5315">
     <span class='ocr_line' id='line_1_99' title="bbox 257 5241 1833 5315; baseline 0.003 -22"><span class='ocrx_word' id='word_1_750' title='bbox 257 5256 447 5307; x_wconf 79' lang='grc' dir='ltr'>νουσι,</span> <span class='ocrx_word' id='word_1_751' title='bbox 516 5241 610 5294; x_wconf 71' lang='grc' dir='ltr'>καὶ</span> <span class='ocrx_word' id='word_1_752' title='bbox 674 5241 954 5304; x_wconf 77' lang='grc' dir='ltr'>ζωοποιεῖν</span> <span class='ocrx_word' id='word_1_753' title='bbox 1018 5242 1104 5295; x_wconf 82' lang='grc' dir='ltr'><strong>διὰ</strong></span> <span class='ocrx_word' id='word_1_754' title='bbox 1166 5245 1264 5313; x_wconf 85' lang='grc' dir='ltr'>τῆς</span> <span class='ocrx_word' id='word_1_755' title='bbox 1314 5243 1548 5307; x_wconf 79' lang='grc' dir='ltr'>πίστεως</span> <span class='ocrx_word' id='word_1_756' title='bbox 1600 5244 1700 5315; x_wconf 78' lang='grc' dir='ltr'>τῆς</span> <span class='ocrx_word' id='word_1_757' title='bbox 1753 5247 1833 5310; x_wconf 86' lang='grc' dir='ltr'><strong>είς</strong></span> 
     </span>
    </p>
   </div>
   <div class='ocr_carea' id='block_1_100' title="bbox 256 5332 470 5384">
    <p class='ocr_par' dir='ltr' id='par_1_100' title="bbox 256 5332 470 5384">
     <span class='ocr_line' id='line_1_100' title="bbox 256 5332 470 5384; baseline 0.005 -1"><span class='ocrx_word' id='word_1_758' title='bbox 256 5333 282 5383; x_wconf 80' lang='grc' dir='ltr'>ἑ</span> <span class='ocrx_word' id='word_1_759' title='bbox 292 5332 470 5384; x_wconf 82' lang='grc' dir='ltr'>αυτόν.</span> 
     </span>
    </p>
   </div>
   <div class='ocr_carea' id='block_1_101' title="bbox 1937 4437 3509 4512">
    <p class='ocr_par' dir='ltr' id='par_1_101' title="bbox 1937 4437 3509 4512">
     <span class='ocr_line' id='line_1_101' title="bbox 1937 4437 3509 4512; baseline 0.006 -22"><span class='ocrx_word' id='word_1_760' title='bbox 1937 4438 2249 4491; x_wconf 86' lang='lat' dir='ltr'><strong>ostenderet</strong></span> <span class='ocrx_word' id='word_1_761' title='bbox 2298 4437 2545 4495; x_wconf 87' lang='lat' dir='ltr'><strong>Christus</strong></span> <span class='ocrx_word' id='word_1_762' title='bbox 2585 4439 2740 4496; x_wconf 84' lang='lat' dir='ltr'><strong>Jesus</strong></span> <span class='ocrx_word' id='word_1_763' title='bbox 2787 4458 3003 4497; x_wconf 89' lang='lat' dir='ltr'><strong>omnem</strong></span> <span class='ocrx_word' id='word_1_764' title='bbox 3047 4444 3393 4512; x_wconf 74' lang='lat' dir='ltr'><strong>patientiam,</strong></span> <span class='ocrx_word' id='word_1_765' title='bbox 3441 4447 3509 4500; x_wconf 91' lang='lat' dir='ltr'><strong>ad</strong></span> 
     </span>
    </p>
   </div>
   <div class='ocr_carea' id='block_1_102' title="bbox 1937 4525 3512 4598">
    <p class='ocr_par' dir='ltr' id='par_1_102' title="bbox 1937 4525 3512 4598">
     <span class='ocr_line' id='line_1_102' title="bbox 1937 4525 3512 4598; baseline 0.006 -19"><span class='ocrx_word' id='word_1_766' title='bbox 1937 4525 2373 4580; x_wconf 80' lang='lat' dir='ltr'><strong>informationem</strong></span> <span class='ocrx_word' id='word_1_767' title='bbox 2405 4541 2592 4583; x_wconf 89' lang='lat' dir='ltr'><strong>eorum</strong></span> <span class='ocrx_word' id='word_1_768' title='bbox 2636 4533 2724 4598; x_wconf 87' lang='lat' dir='ltr'><strong>qui</strong></span> <span class='ocrx_word' id='word_1_769' title='bbox 2769 4534 3023 4586; x_wconf 80' lang='lat' dir='ltr'><strong>credituri</strong></span> <span class='ocrx_word' id='word_1_770' title='bbox 3075 4543 3203 4587; x_wconf 89' lang='lat' dir='ltr'><strong>sunt</strong></span> <span class='ocrx_word' id='word_1_771' title='bbox 3235 4534 3310 4587; x_wconf 92' lang='lat' dir='ltr'><strong>illi</strong></span> <span class='ocrx_word' id='word_1_772' title='bbox 3352 4535 3402 4589; x_wconf 92' lang='lat' dir='ltr'><strong>in</strong></span> <span class='ocrx_word' id='word_1_773' title='bbox 3435 4535 3512 4589; x_wconf 87' lang='lat' dir='ltr'><strong>vi-</strong></span> 
     </span>
    </p>
   </div>
   <div class='ocr_carea' id='block_1_103' title="bbox 1939 4616 3509 4689">
    <p class='ocr_par' dir='ltr' id='par_1_103' title="bbox 1939 4616 3509 4689">
     <span class='ocr_line' id='line_1_103' title="bbox 1939 4616 3509 4689; baseline 0.006 -22"><span class='ocrx_word' id='word_1_774' title='bbox 1939 4623 2046 4668; x_wconf 91' lang='lat' dir='ltr'><strong>tam</strong></span> <span class='ocrx_word' id='word_1_775' title='bbox 2075 4625 2333 4670; x_wconf 71' lang='lat' dir='ltr'><strong>aeternam</strong></span> <span class='ocrx_word' id='word_1_776' title='bbox 2365 4616 2432 4671; x_wconf 72' lang='lat'><strong>“.</strong></span> <span class='ocrx_word' id='word_1_777' title='bbox 2466 4637 2484 4669; x_wconf 75' lang='grc' dir='ltr'><strong>ι</strong></span> <span class='ocrx_word' id='word_1_778' title='bbox 2518 4618 2574 4672; x_wconf 90' lang='lat' dir='ltr'><strong>Si</strong></span> <span class='ocrx_word' id='word_1_779' title='bbox 2606 4620 2854 4675; x_wconf 84' lang='lat' dir='ltr'><strong>Christus</strong></span> <span class='ocrx_word' id='word_1_780' title='bbox 2877 4618 3032 4676; x_wconf 80' lang='lat' dir='ltr'><strong>Jesus</strong></span> <span class='ocrx_word' id='word_1_781' title='bbox 3061 4631 3373 4689; x_wconf 87' lang='lat' dir='ltr'><strong>peccatores</strong></span> <span class='ocrx_word' id='word_1_782' title='bbox 3399 4622 3509 4677; x_wconf 86' lang='lat' dir='ltr'><strong>sal-</strong></span> 
     </span>
    </p>
   </div>
   <div class='ocr_carea' id='block_1_104' title="bbox 1936 4708 3510 4781">
    <p class='ocr_par' dir='ltr' id='par_1_104' title="bbox 1936 4708 3510 4781">
     <span class='ocr_line' id='line_1_104' title="bbox 1936 4708 3510 4781; baseline 0.004 -21"><span class='ocrx_word' id='word_1_783' title='bbox 1936 4718 2044 4774; x_wconf 89' lang='lat' dir='ltr'><strong>vat,</strong></span> <span class='ocrx_word' id='word_1_784' title='bbox 2081 4708 2453 4778; x_wconf 79' lang='lat' dir='ltr'><strong>patienterqne</strong></span> <span class='ocrx_word' id='word_1_785' title='bbox 2483 4712 2673 4765; x_wconf 88' lang='lat' dir='ltr'><strong>delicta</strong></span> <span class='ocrx_word' id='word_1_786' title='bbox 2722 4712 2936 4777; x_wconf 89' lang='lat' dir='ltr'><strong>tolerat,</strong></span> <span class='ocrx_word' id='word_1_787' title='bbox 2986 4711 3197 4766; x_wconf 89' lang='lat' dir='ltr'><strong>illorum</strong></span> <span class='ocrx_word' id='word_1_788' title='bbox 3239 4712 3510 4781; x_wconf 55' lang='lat' dir='ltr'><strong>pmnitenn</strong></span> 
     </span>
    </p>
   </div>
   <div class='ocr_carea' id='block_1_105' title="bbox 1939 4800 3506 4872">
    <p class='ocr_par' dir='ltr' id='par_1_105' title="bbox 1939 4800 3506 4872">
     <span class='ocr_line' id='line_1_105' title="bbox 1939 4800 3506 4872; baseline 0.004 -20"><span class='ocrx_word' id='word_1_789' title='bbox 1939 4800 2064 4852; x_wconf 90' lang='lat' dir='ltr'><strong>tiam</strong></span> <span class='ocrx_word' id='word_1_790' title='bbox 2097 4812 2456 4868; x_wconf 82' lang='lat' dir='ltr'><strong>exspectans;</strong></span> <span class='ocrx_word' id='word_1_791' title='bbox 2497 4802 2541 4856; x_wconf 85' lang='lat' dir='ltr'><strong>si</strong></span> <span class='ocrx_word' id='word_1_792' title='bbox 2577 4813 2685 4857; x_wconf 89' lang='lat' dir='ltr'><strong>tota</strong></span> <span class='ocrx_word' id='word_1_793' title='bbox 2722 4802 2852 4858; x_wconf 85' lang='lat' dir='ltr'><strong>ﬁdes</strong></span> <span class='ocrx_word' id='word_1_794' title='bbox 2889 4811 3074 4858; x_wconf 88' lang='lat' dir='ltr'><strong>nostra</strong></span> <span class='ocrx_word' id='word_1_795' title='bbox 3116 4804 3168 4857; x_wconf 90' lang='lat' dir='ltr'><strong>in</strong></span> <span class='ocrx_word' id='word_1_796' title='bbox 3198 4805 3372 4872; x_wconf 90' lang='lat' dir='ltr'><strong>ipsum</strong></span> <span class='ocrx_word' id='word_1_797' title='bbox 3399 4805 3506 4859; x_wconf 83' lang='lat' dir='ltr'><strong>fer-</strong></span> 
     </span>
    </p>
   </div>
   <div class='ocr_carea' id='block_1_106' title="bbox 1938 4891 3503 4963">
    <p class='ocr_par' dir='ltr' id='par_1_106' title="bbox 1938 4891 3503 4963">
     <span class='ocr_line' id='line_1_106' title="bbox 1938 4891 3503 4963; baseline 0.003 -20"><span class='ocrx_word' id='word_1_798' title='bbox 1938 4900 2044 4955; x_wconf 90' lang='lat' dir='ltr'><strong>tur,</strong></span> <span class='ocrx_word' id='word_1_799' title='bbox 2076 4900 2128 4944; x_wconf 91' lang='lat' dir='ltr'><strong>et</strong></span> <span class='ocrx_word' id='word_1_800' title='bbox 2156 4907 2249 4959; x_wconf 89' lang='lat' dir='ltr'><strong>per</strong></span> <span class='ocrx_word' id='word_1_801' title='bbox 2276 4891 2434 4945; x_wconf 83' lang='lat' dir='ltr'><strong>ﬁdem</strong></span> <span class='ocrx_word' id='word_1_802' title='bbox 2462 4892 2726 4963; x_wconf 67' lang='lat' dir='ltr'><strong>denique,</strong></span> <span class='ocrx_word' id='word_1_803' title='bbox 2746 4910 2864 4962; x_wconf 73' lang='lat' dir='ltr'><strong>quae</strong></span> <span class='ocrx_word' id='word_1_804' title='bbox 2894 4904 2976 4948; x_wconf 87' lang='lat' dir='ltr'><strong>est</strong></span> <span class='ocrx_word' id='word_1_805' title='bbox 3007 4896 3059 4948; x_wconf 88' lang='lat' dir='ltr'><strong>in</strong></span> <span class='ocrx_word' id='word_1_806' title='bbox 3104 4894 3276 4962; x_wconf 90' lang='lat' dir='ltr'><strong>ipsum</strong></span> <span class='ocrx_word' id='word_1_807' title='bbox 3297 4935 3311 4957; x_wconf 94' lang='lat'><strong>,</strong></span> <span class='ocrx_word' id='word_1_808' title='bbox 3339 4896 3503 4948; x_wconf 84' lang='lat' dir='ltr'><strong>vitam</strong></span> 
     </span>
    </p>
   </div>
   <div class='ocr_carea' id='block_1_107' title="bbox 1935 4979 3506 5051">
    <p class='ocr_par' dir='ltr' id='par_1_107' title="bbox 1935 4979 3506 5051">
     <span class='ocr_line' id='line_1_107' title="bbox 1935 4979 3506 5051; baseline 0.003 -19"><span class='ocrx_word' id='word_1_809' title='bbox 1935 4986 2189 5032; x_wconf 70' lang='lat' dir='ltr'><strong>aeternam</strong></span> <span class='ocrx_word' id='word_1_810' title='bbox 2251 4979 2647 5048; x_wconf 85' lang='lat' dir='ltr'><strong>adipiscimur:</strong></span> <span class='ocrx_word' id='word_1_811' title='bbox 2698 4984 2968 5051; x_wconf 88' lang='lat' dir='ltr'><strong>quomodo</strong></span> <span class='ocrx_word' id='word_1_812' title='bbox 3030 4998 3134 5037; x_wconf 81' lang='lat' dir='ltr'><strong>non</strong></span> <span class='ocrx_word' id='word_1_813' title='bbox 3194 4993 3277 5037; x_wconf 88' lang='lat' dir='ltr'><strong>est</strong></span> <span class='ocrx_word' id='word_1_814' title='bbox 3323 4980 3506 5036; x_wconf 69' lang='lat' dir='ltr'><strong>Deus?</strong></span> 
     </span>
    </p>
   </div>
   <div class='ocr_carea' id='block_1_108' title="bbox 1935 5067 3503 5142">
    <p class='ocr_par' dir='ltr' id='par_1_108' title="bbox 1935 5067 3503 5142">
     <span class='ocr_line' id='line_1_108' title="bbox 1935 5067 3503 5142; baseline 0.006 -22"><span class='ocrx_word' id='word_1_815' title='bbox 1935 5067 2369 5137; x_wconf 82' lang='lat' dir='ltr'><strong>quandoquidem</strong></span> <span class='ocrx_word' id='word_1_816' title='bbox 2396 5071 2675 5136; x_wconf 89' lang='lat' dir='ltr'><strong>mundum,</strong></span> <span class='ocrx_word' id='word_1_817' title='bbox 2706 5074 2805 5126; x_wconf 89' lang='lat' dir='ltr'><strong>hoc</strong></span> <span class='ocrx_word' id='word_1_818' title='bbox 2833 5084 2934 5137; x_wconf 82' lang='lat' dir='ltr'><strong>est,</strong></span> <span class='ocrx_word' id='word_1_819' title='bbox 2965 5089 3060 5128; x_wconf 88' lang='lat' dir='ltr'><strong>eos</strong></span> <span class='ocrx_word' id='word_1_820' title='bbox 3091 5074 3182 5142; x_wconf 89' lang='lat' dir='ltr'><strong>qui</strong></span> <span class='ocrx_word' id='word_1_821' title='bbox 3220 5074 3274 5127; x_wconf 88' lang='lat' dir='ltr'><strong>in</strong></span> <span class='ocrx_word' id='word_1_822' title='bbox 3305 5074 3503 5130; x_wconf 91' lang='lat' dir='ltr'><strong>mundo</strong></span> 
     </span>
    </p>
   </div>
   <div class='ocr_carea' id='block_1_109' title="bbox 1936 5157 3504 5231">
    <p class='ocr_par' dir='ltr' id='par_1_109' title="bbox 1936 5157 3504 5231">
     <span class='ocr_line' id='line_1_109' title="bbox 1936 5157 3504 5231; baseline 0.004 -20"><span class='ocrx_word' id='word_1_823' title='bbox 1936 5157 2038 5211; x_wconf 92' lang='lat' dir='ltr'><strong>hoc</strong></span> <span class='ocrx_word' id='word_1_824' title='bbox 2088 5158 2329 5225; x_wconf 85' lang='lat' dir='ltr'><strong>degunt,</strong></span> <span class='ocrx_word' id='word_1_825' title='bbox 2383 5173 2541 5225; x_wconf 89' lang='lat' dir='ltr'><strong>posse</strong></span> <span class='ocrx_word' id='word_1_826' title='bbox 2588 5162 2837 5229; x_wconf 84' lang='lat' dir='ltr'><strong>salvare,</strong></span> <span class='ocrx_word' id='word_1_827' title='bbox 2881 5162 3260 5231; x_wconf 86' lang='lat' dir='ltr'><strong>longanimiter</strong></span> <span class='ocrx_word' id='word_1_828' title='bbox 3318 5163 3504 5218; x_wconf 73' lang='lat' dir='ltr'><strong>adhaec</strong></span> 
     </span>
    </p>
   </div>
   <div class='ocr_carea' id='block_1_110' title="bbox 1936 5250 3505 5322">
    <p class='ocr_par' dir='ltr' id='par_1_110' title="bbox 1936 5250 3505 5322">
     <span class='ocr_line' id='line_1_110' title="bbox 1936 5250 3505 5322; baseline 0.004 -22"><span class='ocrx_word' id='word_1_829' title='bbox 1936 5256 2247 5317; x_wconf 86' lang='lat' dir='ltr'><strong>peccatores</strong></span> <span class='ocrx_word' id='word_1_830' title='bbox 2284 5250 2443 5315; x_wconf 82' lang='lat' dir='ltr'><strong>ferre,</strong></span> <span class='ocrx_word' id='word_1_831' title='bbox 2494 5251 2659 5306; x_wconf 85' lang='lat' dir='ltr'><strong>vitam</strong></span> <span class='ocrx_word' id='word_1_832' title='bbox 2693 5263 2965 5322; x_wconf 86' lang='lat' dir='ltr'><strong>postremo</strong></span> <span class='ocrx_word' id='word_1_833' title='bbox 3009 5266 3105 5320; x_wconf 91' lang='lat' dir='ltr'><strong>per</strong></span> <span class='ocrx_word' id='word_1_834' title='bbox 3142 5252 3300 5307; x_wconf 83' lang='lat' dir='ltr'><strong>ﬁdem</strong></span> <span class='ocrx_word' id='word_1_835' title='bbox 3345 5253 3398 5308; x_wconf 89' lang='lat' dir='ltr'><strong>in</strong></span> <span class='ocrx_word' id='word_1_836' title='bbox 3441 5253 3505 5308; x_wconf 89' lang='lat' dir='ltr'><strong>il-</strong></span> 
     </span>
    </p>
   </div>
   <div class='ocr_carea' id='block_1_111' title="bbox 1937 5338 3505 5408">
    <p class='ocr_par' dir='ltr' id='par_1_111' title="bbox 1937 5338 3505 5408">
     <span class='ocr_line' id='line_1_111' title="bbox 1937 5338 3505 5408; baseline 0.006 -18"><span class='ocrx_word' id='word_1_837' title='bbox 1937 5338 2046 5391; x_wconf 91' lang='lat' dir='ltr'><strong>lum</strong></span> <span class='ocrx_word' id='word_1_838' title='bbox 2087 5339 2386 5408; x_wconf 83' lang='lat' dir='ltr'><strong>impertiri;</strong></span> <span class='ocrx_word' id='word_1_839' title='bbox 2416 5341 2465 5395; x_wconf 92' lang='lat' dir='ltr'><strong>id</strong></span> <span class='ocrx_word' id='word_1_840' title='bbox 2500 5343 2692 5398; x_wconf 90' lang='lat' dir='ltr'><strong>merito</strong></span> <span class='ocrx_word' id='word_1_841' title='bbox 2723 5343 2776 5396; x_wconf 91' lang='lat' dir='ltr'><strong>in</strong></span> <span class='ocrx_word' id='word_1_842' title='bbox 2810 5344 2980 5397; x_wconf 85' lang='lat' dir='ltr'><strong>solum</strong></span> <span class='ocrx_word' id='word_1_843' title='bbox 3017 5341 3180 5397; x_wconf 88' lang='lat' dir='ltr'><strong>Deum</strong></span> <span class='ocrx_word' id='word_1_844' title='bbox 3213 5345 3505 5400; x_wconf 85' lang='lat' dir='ltr'><strong>convenire</strong></span> 
     </span>
    </p>
   </div>
   <div class='ocr_carea' id='block_1_112' title="bbox 1934 5438 2164 5497">
    <p class='ocr_par' dir='ltr' id='par_1_112' title="bbox 1934 5438 2164 5497">
     <span class='ocr_line' id='line_1_112' title="bbox 1934 5438 2164 5497; baseline 0.009 -15"><span class='ocrx_word' id='word_1_845' title='bbox 1934 5438 2164 5497; x_wconf 86' lang='lat' dir='ltr'><strong>oportet.</strong></span> 
     </span>
    </p>
   </div>
   <div class='ocr_carea' id='block_1_113' title="bbox 258 5597 1836 5674">
    <p class='ocr_par' dir='ltr' id='par_1_113' title="bbox 258 5597 1807 5671">
     <span class='ocr_line' id='line_1_113' title="bbox 258 5597 1807 5671; baseline 0.001 -19"><span class='ocrx_word' id='word_1_846' title='bbox 258 5600 307 5631; x_wconf 74' lang='lat'>“</span> <span class='ocrx_word' id='word_1_847' title='bbox 333 5597 529 5667; x_wconf 73' lang='lat' dir='ltr'><strong>Ephes.</strong></span> <span class='ocrx_word' id='word_1_848' title='bbox 559 5614 638 5664; x_wconf 88' lang='lat' dir='ltr'><strong>Ill,</strong></span> <span class='ocrx_word' id='word_1_849' title='bbox 674 5599 728 5663; x_wconf 83' lang='lat'><strong>8,</strong></span> <span class='ocrx_word' id='word_1_850' title='bbox 757 5598 810 5653; x_wconf 90' lang='lat'><strong>9.</strong></span> <span class='ocrx_word' id='word_1_851' title='bbox 861 5601 904 5632; x_wconf 78' lang='lat'><strong>‘°</strong></span> <span class='ocrx_word' id='word_1_852' title='bbox 930 5600 1122 5671; x_wconf 88' lang='lat' dir='ltr'><strong>Ephes.</strong></span> <span class='ocrx_word' id='word_1_853' title='bbox 1160 5614 1209 5667; x_wconf 90' lang='lat' dir='ltr'><strong>v,</strong></span> <span class='ocrx_word' id='word_1_854' title='bbox 1238 5600 1326 5665; x_wconf 74' lang='lat'><strong>9.5,</strong></span> <span class='ocrx_word' id='word_1_855' title='bbox 1359 5599 1448 5655; x_wconf 71' lang='lat'><strong>26.</strong></span> <span class='ocrx_word' id='word_1_856' title='bbox 1486 5600 1530 5632; x_wconf 82' lang='grc'><strong>⁶¹</strong></span> <span class='ocrx_word' id='word_1_857' title='bbox 1559 5600 1716 5656; x_wconf 81' lang='lat' dir='ltr'><strong>Rom.</strong></span> <span class='ocrx_word' id='word_1_858' title='bbox 1754 5615 1807 5668; x_wconf 69' lang='grc' dir='ltr'><strong>ιι,</strong></span> 
     </span>
    </p>
   </div>
   <div class='ocr_carea' id='block_1_114' title="bbox 1941 5597 3494 5674">
    <p class='ocr_par' dir='ltr' id='par_1_114' title="bbox 1941 5601 3494 5674">
     <span class='ocr_line' id='line_1_114' title="bbox 1941 5601 3494 5674; baseline 0.001 -19"><span class='ocrx_word' id='word_1_859' title='bbox 1941 5601 1992 5655; x_wconf 88' lang='lat' dir='ltr'><strong>o.</strong></span> <span class='ocrx_word' id='word_1_860' title='bbox 2038 5602 2081 5635; x_wconf 73' lang='grc' dir='ltr'>οι</span> <span class='ocrx_word' id='word_1_861' title='bbox 2113 5601 2410 5674; x_wconf 81' lang='lat' dir='ltr'><strong>Philipp.t,</strong></span> <span class='ocrx_word' id='word_1_862' title='bbox 2455 5605 2539 5661; x_wconf 80' lang='grc' dir='ltr'>ιε.</span> <span class='ocrx_word' id='word_1_863' title='bbox 2620 5607 2665 5639; x_wconf 74' lang='grc' dir='ltr'><strong>σι</strong></span> <span class='ocrx_word' id='word_1_864' title='bbox 2694 5607 2823 5663; x_wconf 88' lang='lat' dir='ltr'><strong>ibid.</strong></span> <span class='ocrx_word' id='word_1_865' title='bbox 2860 5607 2951 5663; x_wconf 70' lang='lat' dir='ltr'><strong>es.</strong></span> <span class='ocrx_word' id='word_1_866' title='bbox 3032 5608 3077 5640; x_wconf 66' lang='grc' dir='ltr'><strong>σι</strong></span> <span class='ocrx_word' id='word_1_867' title='bbox 3107 5607 3128 5662; x_wconf 93' lang='lat' dir='ltr'><strong>l</strong></span> <span class='ocrx_word' id='word_1_868' title='bbox 3160 5606 3301 5661; x_wconf 84' lang='lat' dir='ltr'><strong>Tim.</strong></span> <span class='ocrx_word' id='word_1_869' title='bbox 3338 5605 3494 5670; x_wconf 55' lang='lat'><strong>1,15.</strong></span> 
     </span>
    </p>
   </div>
  </div>
