3942 6128
476 241 606 297 1355i
1471 241 1529 296 S.
1571 241 1849 297 CYRILLI
1887 239 2356 296 ALEXANDRINI
2395 242 2713 298 ARCHIEP.
3596 241 3738 295 1332

549 373 568 406 ι
611 355 677 410 Ει
721 358 1004 413 manifeste
1048 373 1300 429 magnum
1338 368 1419 414 est
1465 361 1681 429 pietatis
1740 373 2036 415 sacramen-

2233 380 2250 411 ι
2298 362 2407 415 Καὶ
2439 361 2882 431 ὁμολογουμένως
2925 363 3064 432 μέγα
3090 361 3206 412 ἐστὶ
3232 359 3293 411 τὸ
3318 358 3416 427 τῆς
3448 357 3737 420 εὐσεϐείας

476 463 612 512 ιιιιιι,
647 448 788 516 quod
825 447 1225 502 manifestatum
1254 458 1338 504 est
1370 450 1421 502 in
1462 464 1660 514 carne,
1688 449 2036 517 justiﬁcatum

2152 453 2445 522 μυστήριον
2467 471 2480 482 ·
2526 451 2657 513 Θεὸς
2687 450 3000 521 ἐφανερώθη
3037 450 3095 501 ἐν
3126 449 3310 518 σαρκὶ,
3340 445 3640 516 ἐδικαιώθη
3675 447 3737 498 ἐν

472 545 557 589 est
597 537 648 589 in
696 536 922 606 Spiritu,
972 540 1223 606 apparuit
1269 539 1504 608 angelis,
1557 540 1903 608 prtedicatum
1963 547 2036 594 est

2149 542 2444 611 Ηνεύματι,
2463 540 2620 612 ὤφθη
2651 541 2922 609 ἀγγέλοις,
2951 539 3229 611 ἐκηρύχθη
3256 541 3313 592 ἐν
3345 538 3580 604 ἔθνεσιν,
3615 540 3736 590 ἐπες

473 628 744 696 gcntibus,
793 629 1053 682 creditum
1089 639 1173 684 est
1220 630 1270 683 in
1325 632 1556 696 mundo,
1593 643 1924 700 assumptum
1965 639 2049 686 est

478 718 529 769 in
571 718 739 787 gloria
775 718 840 771 ”.
878 737 898 768 ι
930 719 1060 784 Quis
1093 720 1158 785 is,
1187 735 1393 788 quaso,
1417 729 1520 784 est,
1552 723 1641 791 qui
1669 724 1720 776 in
1751 737 1912 777 carne
1939 737 2047 776 ma-

479 807 760 862 nifestatns
790 809 910 862 est?
949 811 1135 863 Annon
1187 813 1359 867 modis
1402 813 1654 866 omnibus
1704 812 2042 880 Perspicuum

475 908 577 959 est,
616 914 720 951 non
773 899 934 952 alium
973 917 1128 966 esse,
1178 918 1338 971 quam
1396 905 1682 973 ipsummet
1729 905 1821 959 Dei
1872 904 2046 960 Patris

477 981 747 1039 Verbum?
779 984 914 1042 llinc
945 1004 1176 1058 namque
1215 1007 1464 1060 magnum
1510 992 1634 1046 illud
1681 993 1898 1062 pietatis
1929 1008 2047 1062 my-

475 1077 699 1129 sterium
761 1080 1106 1146 perspicitur.
1157 1079 1252 1135 Hic
1297 1092 1474 1136 autem
1530 1082 1597 1136 ab
1647 1083 1852 1152 angelis
1898 1083 2045 1156 visus

471 1177 576 1231 est,
613 1183 730 1220 cum
765 1169 816 1222 in
853 1170 1048 1222 cmlum
1080 1181 1364 1238 susceptus
1391 1181 1505 1238 est;
1536 1173 1854 1240 praedicatus
1884 1186 2044 1241 porro

471 1260 722 1325 gentibus
756 1271 836 1314 est
862 1275 956 1329 per
988 1272 1206 1316 sanctos
1241 1263 1509 1330 apostolos
1539 1251 1556 1319 ἐ
1598 1266 1835 1319 creditus
1863 1273 2043 1319 autem

470 1357 554 1401 cst
583 1349 632 1402 in
664 1352 883 1404 mundo.
923 1351 1028 1406 Sed
1070 1354 1308 1421 nunquid
1347 1354 1487 1408 istud
1519 1354 1665 1408 velut
1692 1355 1852 1411 homo
1883 1355 2042 1410 abso-

473 1440 578 1493 lute
615 1449 672 1493 ιιι
701 1442 836 1494 nos?
859 1440 1228 1512 Nequaquam,
1261 1459 1446 1498 verum
1479 1456 1535 1500 ut
1577 1445 1721 1500 Deus
1766 1446 1818 1500 in
1857 1461 2040 1511 carne,

473 1529 734 1597 nobisque
763 1531 954 1586 similis
981 1531 1229 1586 effectus.
1261 1535 1585 1602 Assumptus
1618 1535 1832 1590 tandem
1873 1545 1956 1590 est
1987 1536 2042 1590 in

471 1620 679 1690 gloria,
730 1639 836 1692 quo
887 1624 1052 1680 Deum
1099 1635 1154 1680 et
1212 1626 1425 1682 Patrem
1481 1629 1747 1684 dicentem
1807 1631 2038 1686 audiat:

470 1803 762 1858 scabellum
790 1807 985 1875 pedum
1022 1817 1235 1864 tuorum
1260 1812 1326 1864 “.
1364 1829 1383 1862 ›

917 1942 1002 1996 Ea:
1041 1944 1280 2012 Epistola
1310 1947 1379 2000 ad
1410 1946 1606 2001 Titum:

545 2069 563 2101 ι
602 2049 801 2106 Fidelis
823 2066 1000 2125 sermo
1024 2063 1106 2106 est
1131 2068 1145 2106 :
1173 2061 1225 2107 et
1253 2053 1319 2108 de
1347 2055 1430 2107 his
1451 2055 1573 2108 volo
1600 2065 1650 2109 te
1671 2055 2032 2122 conﬁrmare;

468 2151 526 2195 ut
585 2151 775 2197 curent
829 2143 983 2196 bonis
1050 2145 1304 2212 operibus
1369 2160 1603 2214 prmesse
1666 2149 1757 2215 qui
1813 2147 2042 2202 credunt

469 2231 577 2286 Deo
604 2233 668 2286 ⁸⁷.
705 2252 722 2284 ι
757 2230 1005 2302 Nunquid
1049 2237 1136 2302 qui
1188 2235 1239 2288 in
1288 2234 1454 2290 Deum
1488 2237 1739 2302 credunt,
1775 2238 1828 2292 in
1881 2238 2038 2292 Chri-

466 2333 606 2376 stum
653 2340 756 2402 non
808 2327 1074 2380 credunt?
1113 2327 1272 2394 Atqui
1304 2327 1494 2383 beatus
1537 2327 1770 2384 Joannes
1814 2332 1927 2384 haec
1973 2329 2039 2384 de

466 2414 557 2469 illo
609 2417 808 2470 diserte
851 2419 1110 2485 exponit:
1144 2437 1164 2469 ι
1223 2417 1528 2488 Quotquot,
1573 2421 1776 2488 inquit,
1817 2435 2040 2491 recepe-

467 2515 586 2559 runt
619 2523 763 2574 eum,
796 2508 944 2562 dedit
973 2509 1052 2563 eis
1096 2519 1418 2579 potestatem
1474 2511 1616 2566 ﬁlios
1645 2513 1740 2566 Dei
1780 2513 1917 2575 ﬁeri,
1953 2514 2037 2568 his

464 2598 554 2666 qui
593 2599 748 2668 125
795 2601 1020 2654 credunt
1069 2601 1120 2654 in
1160 2602 1377 2656 nomine
1418 2602 1535 2670 ejus
1561 2602 1626 2659 ⁸⁸.
1667 2623 1686 2657 ι
1735 2604 2038 2671 Subscribit

465 2688 551 2742 his
579 2705 626 2742 et
657 2691 769 2759 ipse
792 2693 980 2745 beatus
999 2691 1198 2746 Paulus
1217 2709 1432 2762 quoque
1455 2711 1468 2748 :
1493 2695 1571 2748 ait
1595 2695 1736 2748 enim
1765 2711 1779 2747 :
1809 2714 1827 2746 ι
1849 2694 2038 2749 Scien-

467 2788 548 2834 tes
582 2780 723 2848 quod
755 2795 861 2832 non
889 2779 1223 2848 justiﬁcatnr
1258 2782 1417 2835 homo
1467 2797 1532 2836 ex
1573 2783 1826 2848 oneribus
1863 2782 1994 2849 legis
2017 2822 2034 2847 ,

464 2868 568 2921 nisi
595 2883 692 2936 per
718 2869 874 2922 ﬁdem
906 2867 1032 2923 Jesu
1060 2869 1300 2935 Christi;
1337 2880 1389 2924 et
1429 2885 1525 2924 nos
1569 2871 1622 2923 in
1658 2869 1872 2923 Christo
1909 2866 2035 2923 Jesu

463 2959 817 3025 credidimus,
847 2969 905 3014 ut
926 2961 1287 3030 justiﬁcemur
1319 2963 1370 3014 in
1403 2963 1518 3029 ipso
1548 2962 1611 3012 ⁸⁸.
1665 2980 1683 3011 ι
1714 2961 1846 3014 Cum
1876 2961 2037 3030 igitur

2148 631 2344 700 στεύθη
2370 632 2428 683 ἐν
2455 631 2664 700 κόσμῳ,
2693 630 2968 700 ἀνελήφθη
2996 632 3053 682 ἐν
3075 628 3221 699 δόξῃ.
3258 646 3276 679 ι
3303 627 3400 689 Τίς
3425 628 3455 679 ό
3483 627 3542 679 ἐν
3565 629 3733 694 σαρκὶ

2148 720 2518 792 φανερωθείς;
2549 721 2580 792 ἢ
2613 720 2769 791 δῆλον
2800 721 2880 773 ὅτι
2919 719 3094 786 πάντη
3127 735 3184 770 τε
3218 717 3312 768 καὶ
3347 717 3569 777 πάντως
3599 715 3628 766 ό
3665 718 3730 767 ἐκ

2146 811 2281 864 Θεοῦ
2317 811 2528 881 Πατρὸς
2559 811 2762 878 Λόγος;
2795 809 2950 863 Οῦτω
2997 808 3104 878 γὰρ
3147 807 3296 860 ἔσται
3347 806 3494 876 μέγα
3524 804 3588 856 τὸ
3631 805 3730 874 τῆς

2146 903 2427 966 εὐσεϐείας
2478 903 2794 972 μυστήριον.
2846 899 2979 963 Θεὸς
3039 896 3359 968 ἐφανερώθη
3416 898 3477 948 ἐν
3537 897 3726 972 σαρκὶ,

2145 993 2302 1062 ὤφθη
2332 994 2390 1046 δέ
2423 993 2676 1060 ἀγγέλοις
2708 991 3015 1045 ἀναϐαίνων
3043 991 3123 1053 εἰς
3166 987 3425 1059 οὐρανούς
3446 1003 3460 1015 °
3523 984 3727 1055 ἐκηρύ-

2145 1083 2251 1153 χθη
2297 1085 2353 1136 ἐν
2381 1083 2557 1135 ἔθνεσι
2587 1083 2678 1135 διὰ
2711 1081 2818 1134 τῶν
2851 1081 3020 1149 ἁγίων
3049 1079 3383 1140 ἀποστόλων,
3424 1075 3725 1143 ἐπιστεύθη

2143 1177 2200 1230 δὲ
2244 1177 2302 1229 ἐν
2339 1176 2559 1244 κόσμῳ·
2612 1175 2708 1227 καὶ
2741 1172 2856 1227 οῦτι
2907 1171 3008 1225 πού
3055 1188 3257 1242 φαμεν,
3307 1171 3390 1222 ὅτι
3420 1169 3549 1222 καθ’
3583 1169 3725 1236 ἡμᾶς

2144 1266 2427 1337 ἄνθρωπος
2475 1265 2684 1329 ἁπλῶς,
2718 1265 2831 1318 ἀλλ’
2861 1263 2936 1326 ὡς
2978 1263 3113 1326 Θεὸς
3151 1263 3209 1314 ἐν
3253 1259 3422 1332 σαρκὶ
3469 1259 3570 1311 καὶ
3603 1258 3721 1312 καθ’

2142 1358 2291 1426 ἡμᾶς
2321 1355 2580 1424 γεγονώς.
2622 1354 2922 1424 Ἀνελὴφθη
2971 1353 3030 1407 δέ
3075 1353 3170 1405 καὶ
3219 1353 3277 1405 ἐν
3307 1351 3460 1424 δόξῃ,
3513 1350 3604 1402 ἴνα
3634 1349 3719 1399 λέο

2142 1463 2330 1514 γοντος
2374 1444 2580 1516 ἀκούσῃ
2611 1443 2704 1498 τοῦ
2749 1443 2885 1497 Θεοῦ
2931 1443 3028 1497 καὶ
3064 1440 3305 1512 Πατρός·
3351 1460 3371 1492 ε
3423 1439 3616 1494 Κάθου
3661 1440 3722 1490 ἐκ

2141 1536 2330 1602 δεξιῶν
2377 1553 2502 1606 μου,
2531 1535 2639 1598 ἓως
2665 1535 2732 1587 ἃν
2770 1534 2848 1586 θῶ
2877 1535 3002 1596 τοὺς
3044 1531 3269 1603 ἐχθρούς
3305 1547 3398 1584 σου
3431 1529 3721 1583 ὑποπόδιον

2090 1666 2095 1671 ι
2141 1627 2250 1681 τῶν
2279 1626 2454 1681 ποδῶν
2485 1643 2599 1679 σου.
2650 1645 2668 1676 ι

476 1731 497 1763 ι
529 1711 668 1768 Sede
697 1730 728 1768 a
757 1716 963 1771 dextris
1004 1718 1158 1782 meis,
1189 1719 1359 1773 donec
1399 1735 1594 1788 ponam
1645 1720 1891 1776 inimicos
1923 1731 2040 1778 tuos
2071 1695 2114 1750 Β

2596 1927 2700 1979 Ἐκ
2745 1923 2857 1992 τῆς
2889 1923 3040 1993 πρὸς
3079 1924 3264 1978 Τίτον.

2219 2061 2236 2094 ι
2283 2040 2480 2102 Πιστὸς
2522 2040 2550 2092 ό
2595 2036 2785 2106 λόγος’
2816 2035 2913 2088 καὶ
2941 2033 3068 2102 περὶ
3113 2033 3316 2086 τούτων
3347 2031 3618 2103 βούλομαί
3666 2049 3724 2085 σε

2138 2129 2602 2192 διαϐεϐαιοῦσθαι,
2650 2128 2738 2181 ἵνα
2768 2125 3096 2197 φροντίζωσι
3142 2123 3324 2177 καλῶν
3361 2124 3540 2194 ἔργων
3580 2141 3723 2192 προ-

2143 2222 2389 2277 ίστασθαι
2419 2221 2467 2274 οἱ
2489 2218 2913 2280 πεπιστευκότες
2935 2215 3012 2286 τῷ
3041 2214 3186 2285 Θεῷε
3212 2233 3229 2265 ι
3256 2210 3380 2283 'Ap‘
3403 2209 3496 2267 οῦν
3522 2215 3572 2266 οἱ
3604 2214 3724 2285 Θεῷ

2139 2313 2508 2375 πιστεύοντες,
2531 2310 2632 2362 οὐκ
2657 2311 2738 2372 είς
2770 2307 3004 2378 Χριστὸν
3037 2305 3470 2369 πεπιστεύκασι;
3525 2305 3722 2358 Καίτοι

2138 2409 2312 2477 λέγων
2337 2407 2530 2477 ὁρᾶται
2567 2405 2801 2474 σαφῶςό
2837 2403 3105 2472 μακάριος
3147 2401 3408 2469 Ἰωάννης
3449 2399 3580 2469 περὶ
3627 2399 3723 2450 αὑ-

2137 2501 2266 2554 τοῦ·
2303 2519 2322 2551 ι
2359 2500 2513 2554 Ὅσοι
2550 2499 2608 2552 δὲ
2653 2495 2845 2550 ἔλαϐον
2883 2493 3068 2555 αὐτὸν,
3115 2493 3316 2546 ἔδωκεν
3343 2492 3531 2552 αὐτοῖς
3573 2488 3725 2555 agon.

2139 2590 2261 2644 σίαν
2305 2589 2470 2643 τέκνα
2513 2587 2649 2641 Θεοῦ
2700 2585 2975 2654 γενέσθαι,
3010 2585 3123 2646 τοῖς
3163 2582 3518 2636 πιστεύουσιν
3556 2581 3638 2641 εἰς
3663 2579 3724 2630 τὸ

2137 2684 2308 2753 ὄνομα
2337 2680 2525 2735 αὑτοῦ.
2564 2698 2583 2731 ι
2622 2678 2734 2733 Καὶ
2759 2679 2865 2748 μὴν
2890 2676 2985 2729 καὶ
3019 2674 3180 2737 αὐτὸς
3209 2674 3238 2725 ὁ
3271 2673 3548 2743 μακάριος
3575 2670 3721 2724 Παῦο

2137 2775 2260 2836 λος·
2310 2791 2329 2825 ι
2366 2772 2582 2834 Είδότες
2625 2770 2682 2822 δὲ
2731 2770 2812 2822 ὅτι
2862 2768 2921 2822 οὐ
2972 2763 3279 2820 δικαιοῦται
3327 2761 3615 2831 ἄνθρωπος
3663 2759 3721 2824 ἐξ

2137 2865 2314 2937 ἔργων
2344 2865 2535 2933 νόμου,
2573 2862 2668 2914 ἐὰν
2710 2859 2786 2930 μὴ
2828 2859 2916 2912 διὰ
2953 2857 3187 2920 πίστεως
3230 2853 3406 2924 Ἰησοῦ
3441 2852 3717 2924 Χριστοῦ·

2139 2960 2232 3011 καὶ
2281 2958 2442 3026 ἡμεῖς
2492 2956 2572 3018 εἰς
2627 2952 2864 3024 Χριστὸν
2907 2949 3112 3022 Ἰησοῦν
3159 2947 3586 3016 ἐπιστεύσαμεν,
3631 2945 3717 2998 ἴνα

463 3052 555 3118 qui
594 3051 809 3106 Christo
836 3052 992 3106 ﬁdem
1027 3052 1280 3115 oﬂ'erunt,
1322 3054 1373 3106 in
1410 3055 1574 3106 Deum
1603 3052 1845 3116 credant,
1892 3067 2030 3121 quo-

2143 3045 2519 3117 δικαιωθῶμεν
2545 3047 2603 3099 ἐν
2625 3043 2791 3114 αὐτῷ.
2818 3063 2835 3093 ι
2864 3045 2992 3096 Ὀτε
3020 3041 3198 3095 τοίνυν
3221 3037 3338 3107 Θεῷ
3367 3036 3716 3090 πιστεύουσιν

464 3145 624 3196 modo
643 3144 898 3199 Christus
924 3159 1028 3199 non
1064 3154 1144 3199 est
1175 3159 1336 3198 verus
1369 3143 1550 3197 Deus?

839 3340 991 3405 Quod
1027 3341 1156 3406 ﬁdes
1182 3343 1249 3394 sit
1283 3341 1336 3394 in
1367 3340 1658 3395 Christum.

731 3451 816 3504 E1:
850 3450 1134 3520 Evangelia
1166 3454 1448 3506 secundum
1480 3452 1762 3506 Joannem.

542 3581 562 3614 ι
599 3562 872 3633 Quotquot
899 3573 1078 3617 autem
1109 3571 1430 3633 receperunt
1459 3578 1604 3627 eum,
1640 3563 1786 3618 dedit
1829 3564 1908 3619 eis
1936 3578 2036 3632 po-

464 3663 716 3709 testatem
750 3653 890 3708 ﬁlios
921 3652 1016 3708 Dei
1055 3654 1196 3718 ﬁeri,
1233 3654 1317 3708 bis
1353 3654 1444 3723 qui
1474 3652 1707 3707 credunt
1737 3653 1788 3706 in
1823 3654 2038 3710 nomine

463 3746 601 3815 ejus.
641 3763 660 3796 ι
698 3743 814 3799 Duo
837 3761 956 3815 quae
987 3745 1040 3798 in
1076 3744 1244 3798 Deum
1277 3746 1566 3814 quadrant,
1594 3743 1923 3812 conjunctim
1951 3746 2039 3800 hic

463 3835 614 3903 ponit
644 3853 658 3888 :
694 3851 798 3890 non
831 3838 973 3891 enim
1012 3836 1113 3890 alia
1157 3836 1370 3890 ratione
1417 3835 1692 3892 Christum
1725 3836 2038 3906 complecti-

465 3943 606 3992 mur,
633 3944 796 3992 quam
825 3929 964 3998 quod
995 3929 1096 3982 ﬁde
1143 3929 1196 3982 in
1233 3928 1384 3981 illum
1418 3931 1710 3993 tendimus,
1762 3930 1864 3983 hoc
1910 3943 2038 3984 vero

464 4020 734 4086 declarat,
771 4022 895 4074 dum
934 4020 1055 4074 ait:
1115 4037 1133 4071 ι
1173 4018 1270 4075 His
1316 4021 1406 4090 qui
1453 4022 1679 4075 credunt
1725 4021 1776 4074 in
1821 4020 2038 4074 nomine

463 4112 579 4179 ejus
609 4127 621 4162 :
656 4131 675 4163 ι
719 4113 988 4166 credimus
1013 4121 1192 4163 autem
1223 4111 1274 4163 in
1304 4111 1522 4165 nomine
1545 4112 1682 4180 ejus,
1717 4126 1821 4164 non
1849 4110 2036 4179 vulga-

461 4217 598 4266 rem,
648 4203 924 4267 nostrique
966 4202 1197 4256 similem
1249 4202 1520 4256 hominem
1567 4203 1693 4266 rati,
1737 4202 1828 4258 sed
1867 4201 2034 4256 Deum

460 4293 825 4347 incarnatum.
855 4292 1089 4346 Rursum
1122 4293 1264 4361 quod
1288 4301 1610 4362 potestatem
1646 4295 1740 4348 dat
1773 4293 1911 4348 ﬁlios
1937 4292 2031 4348 Dei

2136 3140 2186 3193 οί
2215 3137 2435 3211 Χριστῷ
2463 3137 2562 3208 τὴν
2591 3137 2772 3189 πίστιν
2817 3134 3206 3204 προσάγοντες,
3243 3128 3361 3191 πῶς
3388 3130 3489 3182 οὑκ
3537 3128 3604 3182 ἂν
3633 3129 3716 3195 εἴη

2135 3228 2269 3290 Θεὸς
2296 3225 2534 3297 ἁληθής;

2490 3340 2617 3393 Ὅτι
2648 3343 2734 3406 εὶς
2761 3339 3020 3408 Χριστὸν
3059 3339 3097 3406 ἠ
3133 3339 3357 3403 πίστις.

2343 3452 2438 3504 Ἐκ
2477 3451 2582 3504 τοῦ
2618 3449 2768 3503 κατὰ
2817 3449 3095 3517 Ἰωάννην
3124 3447 3519 3518 Εὐαγγελίου.

2216 3583 2234 3614 ι
2267 3563 2422 3616 ’Ὀσοι
2473 3563 2530 3616 δέ
2557 3561 2747 3616 ἔλαϐον
2777 3562 2960 3627 αὐτὸν,
2994 3561 3196 3615 ἔδωκεν
3241 3563 3428 3624 αὐτοῖς
3468 3558 3715 3626 ἐξουσίαν

2136 3655 2305 3708 τέκνα
2329 3653 2463 3707 Θεοῦ
2494 3653 2768 3721 γενέσθαι,
2799 3655 2913 3716 τοῖς
2957 3653 3303 3706 πιστεύουσιν
3345 3653 3426 3716 εἰς
3458 3652 3520 3704 τὸ
3548 3653 3717 3721 ὄνομα

2138 3745 2322 3800 αὐτοῦ.
2366 3764 2384 3797 ›
2415 3745 2520 3798 Δύο
2551 3744 2693 3798 κατὰ
2739 3744 2934 3797 ταυτὸν
2963 3743 3145 3812 τίθησι
3189 3743 3505 3812 θεοπρεπῆ·
3548 3758 3715 3809 παρα-

2137 3835 2471 3904 λαμϐάνεται
2520 3836 2628 3905 γὰρ
2659 3836 2756 3904 οὐχ
2799 3833 3004 3904 ἑτέρως
3047 3835 3177 3903 παρ’
3214 3832 3371 3903 ἡμῶν
3401 3835 3430 3885 ὁ
3459 3830 3711 3901 Χριστός·

2138 3927 2278 3998 πλὴν
2303 3928 2385 3980 ὅτι
2411 3927 2467 3980 δὲ
2496 3929 2576 3989 εἰς
2605 3926 2765 3978 αὑτὸν
2795 3924 2994 3988 πίστις,
3045 3925 3297 3994 σαφηνιεί
3325 3922 3385 3974 τὸ
3416 3921 3717 3992 προκείμε-

2135 4035 2258 4073 νον·
2307 4038 2326 4070 ι
2379 4019 2504 4081 Τοῖς
2540 4018 2648 4087 γὰρ
2694 4017 3026 4077 πιστεύουσι,
3077 4016 3260 4085 φησὶν,
3311 4017 3391 4076 εἰς
3444 4015 3506 4066 τὸ
3548 4015 3714 4082 ὄνομα

2137 4111 2325 4165 αὐτοῦ.
2364 4130 2382 4161 ι
2421 4109 2760 4179 Πιστεύομεν
2789 4110 2844 4162 δὲ
2876 4110 2955 4171 εἰς
2980 4108 3041 4160 τὸ
3084 4107 3254 4174 ὄνομα
3285 4104 3474 4167 αὐτοῦ,
3503 4107 3605 4158 οὐκ
3628 4106 3717 4159 ἂν·

2139 4202 2356 4271 θρωπον
2384 4195 2523 4253 εἶναι
2545 4200 2722 4254 κοινὸν
2746 4199 2842 4253 καὶ
2863 4199 2958 4252 ἕνα
2981 4197 3088 4250 τῶν
3113 4195 3234 4250 καθ’
3260 4197 3410 4265 ἡμᾶς
3437 4195 3717 4249 πιστεύον-

2137 4308 2246 4354 τες,
2273 4289 2409 4343 ἀλλά
2450 4290 2582 4344 Θεὸν
2608 4289 3088 4362 ἐνηνθρωπηκότα.
3122 4288 3237 4340 Ούκ
3269 4285 3615 4356 ἀνθρώπινον
3661 4284 3717 4337 δὲ

461 4382 603 4446 ﬁeri,
637 4397 742 4435 non
778 4383 1140 4435 humanarum
1174 4382 1368 4436 virium
1397 4392 1499 4447 est,
1530 4385 1623 4439 sed
1654 4384 1846 4438 divinae
1877 4393 2034 4437 natu-

2143 4383 2198 4436 τὸ
2227 4383 2475 4448 ἐξουσίαν
2517 4382 2715 4435 διδόναι
2749 4382 2913 4436 τέκνα
2943 4380 3077 4434 Θεοῦ
3107 4378 3381 4448 γενέσθαι,
3416 4376 3717 4447 θεοπρεπὲς

459 4485 536 4524 ra:
566 4485 725 4537 opus,
761 4469 1126 4538 quiddamque
1149 4470 1402 4524 universa
1433 4481 1683 4525 creatura
1719 4471 2026 4526 sublimius.

459 4555 593 4609 Cum
629 4554 760 4608 ﬁdes
782 4570 910 4623 ergo
947 4556 999 4609 in
1027 4557 1202 4626 ipsum
1237 4557 1513 4613 Christum
1551 4561 1754 4626 tendat,
1785 4561 2032 4630 idemque

459 4647 551 4700 det
580 4646 812 4714 gratiam
845 4655 904 4700 ut
935 4647 1026 4700 lilii
1056 4648 1148 4702 Dei
1181 4647 1498 4716 elﬁciamur,
1532 4651 1800 4719 quomodo
1821 4667 1927 4707 non
1950 4663 2034 4708 est

382 4812 383 4815 η
458 4737 638 4790 Deus?

536 4845 555 4877 ι
588 4825 699 4880 Hoc
730 4826 855 4881 fecit
882 4829 1088 4883 initium
1115 4830 1388 4901 signorum
1416 4832 1574 4888 Jesus
1613 4834 1667 4888 in
1703 4814 1848 4890 Cana
1883 4834 2028 4891 Gali-

458 4917 590 4981 laem,
622 4925 674 4972 et
706 4916 1068 4973 manifestavit
1103 4921 1329 4989 gloriam
1367 4937 1518 4977 suam
1546 4939 1560 4976 :
1597 4933 1649 4977 et
1681 4925 2028 4979 crediderunt

457 5009 508 5063 in
533 5023 656 5063 eum
684 5009 930 5079 discipuli
960 5012 1076 5081 ejus
1103 5013 1170 5065 ⁷ο.
1205 5032 1223 5065 ι
1257 5013 1424 5083 Signo
1450 5026 1689 5084 peracto,
1718 5017 2028 5087 Christique

455 5099 622 5168 gloria
666 5099 1034 5167 manifestata,
1070 5100 1122 5154 in
1155 5116 1336 5169 quem,
1367 5104 1740 5171 quzeso,-beati
1771 5103 1845 5158 illi
1875 5104 2028 5158 disci-

457 5175 566 5255 puli
594 5192 986 5247 crediderunt?
1016 5193 1258 5262 nunquid
1290 5193 1344 5247 in
1391 5195 1665 5249 hominem
1710 5194 2026 5265 simpliciter

455 5284 748 5338 sanctum?
786 5285 944 5354 Atqui
973 5294 1098 5340 ante
1135 5285 1344 5354 signum
1387 5287 1589 5340 editum
1645 5285 1793 5339 illum
1831 5301 2024 5354 seque-

426 5372 652 5428 .bantur
683 5383 939 5444 tanquam
973 5378 1148 5431 virum
1178 5386 1424 5433 sanctum
1461 5378 1731 5432 admirati.
1764 5378 1842 5433 Ex
1875 5378 2026 5447 signo

457 5461 636 5531 itaque
695 5475 1011 5533 potestatem
1072 5469 1307 5523 humana
1367 5469 1626 5538 majorem
1692 5470 1767 5524 illi
1838 5471 2026 5524 adesse

488 5618 535 5649 ⁸⁵
569 5617 585 5669 Ι
627 5617 767 5672 Tim.
812 5635 891 5684 Ill,
931 5620 1014 5674 lC.

1107 5624 1150 5653 “
1182 5624 1320 5679 Psal.
1359 5639 1472 5689 cux,
1513 5627 1558 5676 ι.
1639 5626 1680 5656 ⁸⁷
1711 5625 1817 5680 Tit.
1853 5639 1932 5692 ιιι,
1965 5625 2016 5679 8.
2097 5624 2316 5680 "Joan.
2353 5639 2392 5691 ι,
2435 5623 2520 5678 l2.

2129 4473 2185 4526 δὲ
2223 4473 2421 4544 μᾶλλον
2451 4473 2546 4526 καὶ
2574 4472 2714 4543 ὑπὲρ
2742 4473 2839 4543 τὴν
2867 4472 3066 4525 κτίσιν.
3093 4471 3221 4524 Ὅτε
3249 4470 3432 4522 τοίνυν
3453 4471 3532 4531 είς
3556 4466 3712 4521 αὑτὸν

2133 4567 2166 4634 ἡ
2197 4565 2397 4628 πίστις,
2435 4565 2527 4618 καὶ
2560 4562 2722 4628 αὐτὸς
2751 4564 2935 4617 δίδωσι
2961 4564 3060 4633 τῆς
3095 4561 3369 4624 υἱοθεσίας
3396 4562 3500 4630 τὴν
3531 4561 3704 4630 χάριν·

2132 4657 2249 4720 πῶς
2277 4657 2337 4710 ού
2367 4657 2498 4719 Θεὸς
2529 4659 2557 4710 ό
2582 4655 2850 4728 Χριστός;

2213 4855 2230 4887 ι
2277 4833 2493 4905 Ταύτην
2530 4834 2784 4903 ἐποίησεν
2813 4833 2988 4905 ἀρχὴν
3013 4832 3120 4885 τῶν
3147 4830 3391 4902 σημείων
3435 4830 3466 4882 ό
3508 4826 3705 4898 Ἰησοῦς

2136 4929 2193 4980 ἐν
2224 4928 2379 4998 Κανᾷ
2415 4927 2513 4995 τῆς
2558 4924 2869 4988 Γαλιλαίας,
2920 4925 3015 4978 καὶ
3057 4921 3370 4992 ἐφανέρωσε
3407 4921 3510 4990 τὴν
3557 4919 3708 4981 δόξαν

2135 5017 2299 5070 αὑτοῦ
2319 5035 2332 5048 ·
2364 5019 2455 5070 καὶ
2478 5017 2802 5070 ἐπίστευσαν
2823 5017 2903 5078 είς
2934 5015 3095 5068 αὐτὸν
3115 5015 3164 5066 οἱ
3197 5012 3440 5084 μαθηταὶ
3466 5011 3648 5064 αὑτοῦ.
3687 5029 3704 5060 ι

2134 5109 2425 5177 Γεγονότος
2472 5107 2580 5178 ἄρα
2609 5107 2702 5160 τοῦ
2734 5107 2984 5178 σημείου,
3032 5105 3128 5158 καὶ
3169 5103 3588 5173 φανερώσαντος
3619 5100 3710 5153 τοῦ

2131 5198 2368 5268 Χριστοῦ
2391 5198 2490 5269 τὴν
2515 5197 2672 5261 δόξαν
2705 5197 2892 5260 αὑτοῦ,
2917 5196 2992 5258 ὡς
3026 5197 3106 5258 εἰς
3132 5195 3252 5246 τίνα
3281 5193 3708 5246 πεπιστεύκασιν

2130 5292 2179 5344 οἱ
2235 5290 2494 5360 μακάριοι
2553 5289 2825 5360 μαθηταί;
2887 5284 2997 5358 ἆρα
3053 5288 3135 5350 είς
3199 5285 3485 5352 ἄνθρωπον
3554 5283 3710 5350 ἅγιον

2131 5379 2349 5445 ἁπλῶς;
2375 5381 2562 5433 Καίτοι
2597 5379 2702 5451 πρὸ
2725 5377 2816 5431 τοῦ
2850 5377 3079 5447 σημείου
3125 5373 3503 5444 ἠκολούθησαν
3531 5371 3703 5438 αὐτῷ,

2128 5471 2531 5540 τεθαυμακότες
2555 5470 2630 5534 ὡς
2682 5472 2857 5537 ἂγιονσ
2885 5467 3020 5520 ἀλλὰ
3053 5467 3339 5520 τεθέανται
3368 5464 3455 5518 διὰ
3479 5463 3570 5517 τοῦ
3607 5479 3705 5530 ση-

2623 5625 2665 5655 ”
2697 5622 2870 5677 Galat.
2907 5640 2960 5689 ιι,
3008 5622 3092 5677 16.
3175 5623 3221 5653 ⁷⁸
3251 5619 3406 5676 Joan.
3444 5635 3504 5686 ιι,
3543 5618 3623 5671 Η.
