3942 6128
245 263 384 318 1333

1333 264 1422 320 DE
1459 263 1686 320 RECTA
1729 254 1886 315 FIDE
1923 264 2017 320 AD
2055 259 2371 323 REGINAS.

3361 260 3498 313 ιδῦι

246 381 400 450 μείου
432 383 531 451 τὴν
560 383 700 452 ὑπὲρ
731 383 1015 454 ἄνθρωπον
1061 384 1289 455 δύναμιν
1325 403 1383 438 τε
1433 386 1528 438 καὶ
1569 383 1818 452 ἐξουσίαν

1934 387 2421 440 animadverterunt
2449 399 2463 436 :
2492 395 2658 453 quare
2680 379 2736 434 in
2769 377 2916 433 illum
2953 386 3206 444 tanquam
3246 374 3296 427 in
3326 372 3494 428 Deum

245 473 456 542 ἔχοντα.
494 473 700 526 Οὐκοῦν
728 475 1154 528 πεπιστεύκασιν
1195 476 1271 539 ὠς
1311 479 1392 539 είς
1431 477 1584 531 Θεόν.
1622 468 1818 529 Ίστὲον

241 562 322 624 δὲ,
350 563 432 615 ὅτι
465 564 648 616 πολλοὶ
669 564 778 616 τῶν
805 565 978 632 ἁγίων
1021 566 1192 619 πολλὰ
1229 568 1562 636 πεποιήκασι
1594 566 1686 619 καὶ
1715 583 1819 619 πα·-

249 652 476 718 ράδοξα·
527 655 618 706 καὶ
665 654 1086 724 ἐθαυμάσθησαν
1138 657 1256 726 μὲν,
1303 659 1593 710 ἐπίστευσε
1637 657 1693 710 δὲ
1738 658 1816 721 είς

246 746 446 808 αὐτοὺς
473 747 666 809 οὐδείς.
704 748 856 816 Ἔχοι
881 749 928 802 δ’
971 749 1036 802 ἂν
1063 749 1160 818 τὴν
1201 751 1322 817 ίσην
1358 749 1628 802 διάνοιανο
1663 766 1682 799 ι
1732 748 1819 810 Ὠς

244 836 300 888 δὲ
329 832 395 906 ἦν
421 839 478 890 ἐν
497 841 608 901 τοῖς
641 840 1032 910 Ἰεροσολύμοις
1063 843 1121 893 ἐν
1147 840 1223 911 τῷ
1254 841 1443 910 Πάσχα
1463 842 1522 893 ἐν
1547 843 1611 910 τῇ
1633 841 1816 910 ἑορτῇ,

247 924 430 977 πολλοὶ
476 927 800 980 ἐπίστευσαν
831 932 910 992 είς
954 929 1016 982 τὸ
1052 931 1222 1000 ὄνομα
1273 930 1457 992 αὑτοῦ,
1491 928 1820 1000 Θεωροῦντες

247 1014 408 1067 αὑτοῦ
441 1015 506 1069 τὰ
538 1020 760 1088 σημεῖα,
789 1017 825 1071 ἃ.
865 1018 1058 1073 ἐποίει.
1108 1038 1126 1070 ι

325 1145 341 1176 ι
372 1127 445 1180 Οὐ
476 1129 583 1198 γὰρ
609 1129 925 1183 ἀπέστειλεν
950 1132 978 1183 6
1001 1130 1131 1194 Θεὸς
1156 1133 1246 1184 τὸν
1273 1132 1402 1185 Υἱὸν
1431 1132 1595 1186 αὐτοῦ
1625 1135 1705 1196 είς
1728 1131 1820 1186 τὸν

250 1216 472 1286 κόσμον,
525 1220 610 1270 ἵνα
664 1219 824 1290 κρίνῃ
879 1221 969 1274 τὸν
1016 1221 1254 1291 κόσμον,
1304 1222 1420 1276 ἀλλ’
1456 1224 1543 1275 ἵνα
1597 1223 1741 1293 σωθῇ
1792 1223 1820 1275 6

250 1307 450 1376 κόσμος
480 1308 545 1360 δι’
564 1310 751 1366 αὐτοῦ.
770 1311 827 1363 '0
856 1311 1127 1365 πιστεύων
1150 1315 1230 1376 είς
1255 1313 1436 1377 αὐτὸν,
1464 1313 1524 1365 οὐ
1552 1313 1816 1383 κρίνεται·

248 1397 278 1447 6
303 1397 357 1448 δὲ
394 1400 468 1466 μὴ
499 1399 791 1466 πιστεύων,
825 1401 921 1471 ἤδη
955 1402 1224 1471 κέκριται·
1256 1403 1336 1454 ὅτι
1358 1404 1433 1473 μὴ
1461 1402 1822 1456 πεπίστευκεν

251 1489 330 1549 είς
374 1487 435 1538 τὸ
486 1488 658 1557 ὄνομα
696 1489 790 1542 τοῦ
844 1493 1159 1560 μονογενοῦς
1206 1493 1336 1546 Υίοῦ
1367 1492 1462 1545 τοῦ
1511 1493 1668 1548 Θεοῦ.
1707 1513 1724 1545 ι
1759 1494 1822 1546 Et

253 1575 527 1644 σωτηρίας
556 1576 673 1641 ὁδός
696 1580 891 1650 ἐστινὴ
920 1581 1101 1643 πίστις
1125 1583 1158 1652 ἡ
1183 1583 1262 1644 είς
1289 1582 1380 1635 τὸν
1404 1582 1551 1648 Υἱὸν,
1581 1583 1697 1648 πῶς
1715 1585 1822 1656 ἄρα

254 1669 578 1740 πιστεύομεν
612 1673 690 1734 εἰς
733 1672 920 1736 αὐτόν;
964 1673 997 1743 ἢ
1042 1673 1156 1737 πῶς
1196 1675 1294 1745 τὴν
1325 1676 1389 1728 ἐκ
1423 1675 1513 1728 τοῦ
1542 1677 1820 1748 κρίνεσθαι

250 1761 649 1833 διαφευξόμεθα
679 1764 864 1834 δίκην;
902 1761 1011 1838 ἆρα
1037 1766 1143 1837 γὰρ
1169 1767 1243 1831 ὡς
1283 1767 1565 1838 ἄνθρωπον
1592 1769 1822 1824 καταδε-

251 1850 494 1921 ξάμενοι.
519 1853 612 1906 καὶ
641 1854 824 1925 ἕτερον
857 1857 1005 1927 παρὰ
1033 1855 1188 1909 τοῦτο
1204 1857 1389 1923 ούδέν;
1419 1855 1550 1911 Εἶτα
1574 1858 1691 1922 πῶς
1719 1861 1820 1914 οὑκ

250 1942 522 2015 ἀνθρώπῳ
547 1945 929 2017 λατρεύσομεν.
969 1948 1106 2001 Ἀλλ’
1125 1949 1201 2012 ὡς
1225 1951 1304 2013 είς
1329 1949 1480 2003 Θεόνο
1515 1951 1673 2004 τοῦτο
1712 1951 1821 2022 γὰρ

251 2037 465 2106 ἀληθές.
495 2039 590 2102 Τίς
622 2037 714 2093 οὗν
747 2043 774 2094 6
799 2042 962 2108 φάναι
986 2043 1197 2111 τολμῶν
1223 2044 1324 2096 οὐκ
1349 2039 1486 2097 εἶναι
1517 2044 1658 2097 κατὰ
1691 2045 1823 2116 ἀλή-

247 2126 396 2180 θειαν
423 2127 574 2193 Θεὸν,
601 2123 660 2182 οὗ
689 2129 1034 2183 δεδικαίωκεν
1061 2131 1094 2202 ἡ
1121 2130 1301 2194 πίστις
1325 2131 1424 2200 τὴν
1440 2130 1532 2183 ὑπ’
1553 2132 1782 2202 οὐρανόν
1804 2150 1819 2196 ;

1923 477 2288 531 crediderunt.
2327 473 2551 529 Constat
2584 488 2677 543 per
2710 468 2906 525 multos
2942 475 3160 522 sanctos
3190 466 3354 518 multa
3385 475 3496 520 stu-

1921 568 2092 635 penda
2121 566 2378 630 edidisse,
2407 575 2626 634 propter
2654 577 2774 633 qua:
2803 560 2966 616 etiam
3000 559 3052 612 in
3084 572 3290 627 magna
3317 557 3492 610 admi-

1920 659 2130 712 ratione
2158 666 2316 712 erant
2344 675 2358 710 :
2388 665 2444 711 at
2493 655 2669 710 nullus
2717 653 2931 707 interim
2983 659 3231 720 repertus
3263 658 3349 703 est
3401 648 3495 718 qui

1921 749 1977 803 in
2013 749 2132 802 illos
2159 748 2424 804 crederet.
2453 747 2704 817 Ejusdem
2747 758 2884 815 pene
2922 744 3202 797 sententiae
3233 749 3398 794 estet
3429 739 3496 792 il~

1920 840 2012 894 lud
2040 855 2297 908 quoque:
2335 857 2353 890 ι
2394 838 2529 893 Cum
2580 847 2760 892 autem
2809 845 2955 890 esset
3000 830 3390 901 Hierosolymis
3441 830 3492 885 in

1921 929 2129 984 Pascha
2163 931 2214 984 in
2256 931 2341 985 die
2385 929 2547 996 festo,
2581 928 2732 983 multi
2777 926 3125 982 crediderunt
3175 925 3227 977 in
3281 922 3498 976 nomine

1921 1021 2063 1092 ejus,
2101 1021 2346 1077 videntes
2375 1023 2527 1091 signa
2555 1021 2672 1090 ejus
2696 1037 2816 1091 qua:
2838 1021 3070 1076 faciebat
3098 1018 3168 1075 “.
3210 1037 3230 1070 ι

1998 1153 2019 1187 ι
2050 1133 2170 1189 Νοιι
2220 1133 2365 1189 enim
2413 1134 2562 1188 misit
2601 1133 2743 1189 Deus
2789 1133 2986 1188 Filium
3026 1147 3181 1187 suum
3234 1128 3395 1199 126
3447 1128 3498 1182 iu

1923 1227 2183 1283 mundum
2214 1235 2274 1281 ut
2297 1225 2502 1296 judicet
2535 1227 2830 1291 mundum,
2860 1227 2954 1280 sed
2984 1233 3043 1278 ut
3070 1222 3310 1280 salvetur
3336 1235 3500 1273 mun-

1922 1322 2023 1375 dus
2050 1335 2145 1388 per
2167 1319 2360 1388 ipsum.
2389 1316 2492 1384 Qui
2532 1319 2706 1373 credit
2750 1318 2806 1372 in
2845 1329 2991 1381 eum,
3036 1329 3143 1367 non
3181 1311 3499 1381 iudicatur:

1923 1411 2012 1480 qui
2047 1420 2226 1465 autem
2258 1425 2364 1464 non
2393 1410 2586 1473 credit,
2613 1409 2723 1480 jam
2757 1408 3030 1478 judicatus
3076 1414 3190 1468 est;
3225 1402 3352 1472 quia
3394 1416 3498 1454 ιιοιι

1925 1491 2156 1554 credidit
2204 1498 2256 1552 in
2291 1497 2510 1552 nomine
2544 1496 2809 1566 unigeniti
2855 1493 2978 1549 Filii
3019 1491 3113 1548 Dei
3146 1493 3214 1547 τ’.
3259 1510 3278 1543 ι
3319 1488 3374 1545 Si
3413 1489 3499 1542 via

1925 1588 1993 1642 a-d
2025 1587 2255 1642 salutem
2283 1595 2367 1642 est
2398 1587 2533 1641 ﬁdes
2569 1587 2622 1641 in
2668 1585 2889 1650 Filium,
2933 1584 3204 1656 quomodo
3235 1582 3289 1636 in
3317 1581 3499 1648 ipsum

1858 1679 2232 1775 Bcredimus?
2273 1689 2368 1734 aut
2409 1681 2680 1750 quomodo
2728 1681 2780 1734 In
2823 1679 2996 1748 ipsum
3046 1677 3329 1732 credentes
3366 1687 3502 1726 con-

1928 1769 2291 1824 demnationis
2313 1768 2638 1825 sententiam
2688 1766 3017 1824 evademus?
3061 1764 3313 1834 Nunquid
3351 1763 3500 1816 illum

1929 1859 2033 1914 fide
2067 1867 2126 1914 ut
2163 1858 2435 1914 hominem
2465 1858 2876 1929 complectimur
2896 1901 2912 1924 ,
2943 1871 3043 1911 nec
3073 1855 3366 1926 quidquam
3387 1867 3505 1905 om-

1928 1951 2055 2006 nino
2087 1950 2190 2006 nisi
2243 1953 2535 2006 humanum
2585 1952 2651 2007 de
2699 1950 2790 2004 illo
2846 1949 3222 2018 concipimus?
3277 1947 3350 2001 At
3396 1961 3503 2015 quo

1929 2051 2085 2110 pacto
2109 2041 2153 2096 si
2189 2042 2290 2097 hoc
2325 2042 2634 2104 fecerimus,
2661 2042 2900 2096 divinum
2933 2041 3136 2095 cultum
3170 2037 3374 2093 homini
3402 2036 3504 2090 im-

1930 2133 2184 2202 pendisse
2214 2148 2318 2187 non
2353 2133 2680 2202 arguemur?
2711 2132 2916 2187 Fidene
2945 2146 3075 2198 ergo
3105 2131 3159 2184 in
3189 2129 3338 2183 illum
3367 2126 3502 2182 feni-

250 2236 369 2274 mur
403 2230 654 2290 tanquam
692 2225 742 2278 in
773 2224 1158 2280 Deum?Sane.
1200 2225 1331 2291 Quis
1403 2225 1553 2280 illum
1613 2241 1762 2294 ergo,
1791 2225 1944 2294 cujus
1981 2227 2116 2282 fides
2166 2237 2435 2282 terrarum
2485 2221 2675 2283 orbem
2751 2225 3044 2295 justiﬁeat,
3098 2237 3285 2277 verum
3333 2220 3502 2275 Deum

247 2328 368 2369 esse
397 2315 624 2370 inficiari
651 2318 884 2374 audeat?

322 2427 341 2459 ι
390 2405 572 2474 Ἔγνω
604 2404 696 2461 οὖν
739 2412 767 2464 6
798 2409 978 2480 πατὴρ
1006 2409 1085 2462 ὅτι
1115 2411 1172 2461 ἐν
1214 2408 1397 2480 ἐκείνῃ
1427 2409 1493 2478 τῇ
1525 2407 1665 2479 ὥρᾳ,
1698 2409 1756 2460 ὲν

245 2493 396 2551 εἶπεν
440 2497 625 2567 αὐτῷ’
672 2497 730 2551 '0
775 2499 890 2562 υίός
943 2516 1035 2552 σου
1085 2499 1188 2569 ζῇ·
1234 2498 1332 2552 καὶ
1373 2498 1695 2552 ἐπίστευσεν
1743 2499 1823 2561 εἰς

249 2588 408 2641 αὑτὸν
439 2587 619 2652 αὐτὸς,
665 2588 759 2643 καὶ
802 2590 834 2660 ἡ
884 2589 1028 2642 οἰκία
1063 2588 1228 2643 αὑτοῦ
1262 2587 1379 2659 ὅλη.
1423 2607 1443 2641 ι
1491 2587 1818 2657 Ἀνέστησεν

247 2681 310 2731 ἐκ
337 2678 545 2749 νεκρῶν
578 2679 672 2731 τοῦ
689 2680 974 2750 βασιλικοῦ
1003 2680 1092 2732 τὸν
1112 2681 1224 2732 υἱὸν
1249 2683 1275 2732 6
1303 2681 1556 2750 Χριστὸς,
1584 2678 1823 2750 εἰρηκὼς

248 2766 392 2837 αὐτῷ
413 2784 425 2796 ·
465 2786 482 2818 ι
518 2767 778 2838 Πορεύου,
810 2770 838 2820 ὁ
866 2769 979 2832 υἱός
1007 2785 1098 2821 σου
1139 2768 1228 2838 ζῇ.
1269 2787 1286 2819 ι
1325 2765 1460 2821 Εἶτα
1490 2769 1822 2821 πεπίστευκε

248 2856 483 2911 πανοικί.
519 2853 646 2926 Ἆρ’
679 2853 772 2910 οὗν
819 2858 907 2911 διὰ
952 2858 1052 2927 τῆς
1094 2858 1235 2909 οὕτω
1280 2857 1520 2928 μεγάλης
1556 2857 1649 2910 καὶ
1702 2858 1820 2910 Θεο-

1999 2429 2019 2462 ‹
2055 2409 2322 2479 Cognovit
2349 2425 2479 2480 ergo
2509 2420 2663 2482 pater
2684 2409 2808 2478 quia
2841 2407 2929 2462 illa
2961 2407 3095 2461 hora
3129 2414 3286 2468 erat,
3319 2404 3372 2458 in
3397 2419 3501 2473 qua

1924 2503 2060 2560 dixit
2092 2504 2166 2560 illi
2196 2503 2392 2562 Jesus:
2425 2505 2595 2560 Filius
2633 2513 2757 2560 tuus
2788 2503 2960 2558 vivit:
2995 2510 3048 2557 et
3090 2502 3318 2558 credidit
3366 2501 3501 2570 ipse,

1924 2605 1981 2651 et
2021 2597 2212 2651 domus
2255 2595 2373 2664 ejus
2422 2605 2534 2652 tota
2563 2597 2630 2649 ⁷³.
2664 2615 2684 2648 ι
2743 2596 2986 2650 Revoeat
3033 2593 3204 2664 reguli
3253 2592 3419 2646 tilium
3473 2607 3502 2644 a

1925 2688 2116 2742 mortis
2140 2688 2406 2744 vestibulo
2421 2689 2690 2754 Christus,
2708 2684 3010 2754 aﬂatusque
3038 2694 3246 2755 patrem
3267 2703 3280 2738 :
3298 2681 3501 2746 «Vade,

1930 2781 2129 2850 inquit,
2166 2781 2307 2837 filius
2336 2791 2458 2835 tuus
2491 2782 2642 2835 vivit.
2675 2799 2695 2832 ι
2729 2779 2971 2834 Credidit
3011 2792 3136 2832 mox
3168 2777 3278 2840 ille,
3309 2785 3363 2829 et
3392 2785 3502 2830 tota

1930 2873 2134 2927 familia
2166 2888 2290 2927 cum
2337 2873 2449 2928 illo.
2491 2872 2597 2927 Sed
2636 2871 2874 2940 nunquid
2914 2871 2984 2926 ob
3029 2870 3292 2940 insignem
3339 2869 3502 2932 hanc,

250 2951 491 3022 πρεποῦς
542 2951 785 3014 ἐξουσίας
816 2950 892 3012 ὡς
924 2952 1002 3012 εἰς
1049 2948 1334 3019 ἄνθρωπον
1383 2949 1750 3002 πεπίστευκεν
1794 2951 1821 3002 6

1934 2965 2170 3034 adeoque
2202 2964 2438 3018 divinam
2468 2965 2765 3032 potentiam
2800 2961 3016 3031 regulus
3047 2962 3099 3016 in
3135 2961 3284 3015 illum
3321 2958 3502 3015 credi-

249 3040 556 3110 βασιλικός;
592 3041 624 3110 ἢ
658 3040 790 3094 Θεὸν
820 3040 959 3108 ἔγνω
995 3038 1135 3094 κατὰ
1165 3039 1326 3108 φύσιν
1359 3038 1484 3093 ὄντα
1520 3039 1701 3104 αὐτὸν,
1730 3041 1823 3094 καὶ

247 3131 615 3196 ζωοποιοῦντα
652 3131 770 3204 μετ’
803 3131 1047 3197 ἐξουσίας
1084 3129 1178 3194 οὓς
1213 3131 1279 3185 ἂν
1313 3131 1485 3184 ἕλοιτο
1533 3130 1626 3184 καὶ
1679 3132 1825 3201 μόνῳ

252 3225 492 3294 diutam;
541 3224 678 3277 Ἀλλ’
713 3223 828 3277 ἐστι
864 3224 1022 3296 δῆλον
1049 3224 1132 3278 ὅτι
1177 3222 1540 3277 πεπίστευκεν
1575 3221 1650 3286 ὡς
1680 3222 1821 3293 Θεῷ.

331 3542 351 3575 t
407 3522 600 3592 Ἀμὴν,
653 3523 800 3592 ἀμὴν
834 3523 978 3590 λέγω
1030 3525 1178 3592 ὑμῖν,
1212 3524 1294 3594 ὅτι
1340 3525 1368 3575 6
1405 3525 1496 3576 τὸν
1536 3525 1694 3592 λόγον
1725 3543 1826 3595 μου

252 3613 484 3675 ἁκούων,
527 3613 617 3664 καὶ
650 3612 920 3664 πιστεύων
967 3613 1045 3682 τῷ
1077 3613 1356 3682 πέμψαντί
1391 3632 1478 3684 με,
1525 3615 1639 3684 ἔχει
1681 3615 1828 3685 ζωὴν

254 3703 488 3755 αἰώνιον.
528 3723 544 3751 ι
596 3705 888 3774 Πέπομιρεν
939 3707 1070 3775 ἡμῖν
1103 3705 1162 3768 ἐξ
1200 3706 1445 3774 οὐρανῶν
1492 3706 1520 3758 6
1571 3706 1704 3770 Θεὸς
1734 3708 1830 3760 καὶ

256 3796 445 3869 Πατὴρ
472 3795 560 3848 τὸν
593 3796 722 3848 ἴδιον
757 3796 934 3860 Υἱὸν,‹
965 3798 1049 3850 ἵνα
1081 3799 1189 3859 πᾶς
1217 3799 1246 3849 ὁ
1275 3797 1544 3850 πιστεύων
1562 3799 1641 3861 είς
1666 3798 1830 3852 αὐτὸν

258 3887 330 3957 μὴ
363 3886 648 3956 ἀπόληται,
695 3886 810 3938 ἀλλ’
837 3885 932 3956 ἔχῃ
959 3885 1103 3957 ζωὴν
1133 3883 1372 3938 αίώνιον.
1428 3904 1446 3936 ι
1481 3885 1605 3948 Πῶς
1637 3881 1731 3939 οὖν
1771 3885 1831 3939 ἐν

251 3978 459 4040 τούτοις
493 3981 643 4048 φησὶ,
677 3977 818 4046 ζωὴν
850 3977 1065 4031 αἰώνιον
1099 3977 1244 4047 ἔχειν
1273 3976 1364 4030 τὸν
1397 3977 1718 4030 πιστεύοντα
1750 3976 1829 4049 τῷ

253 4068 528 4137 πέμψαντι
560 4067 753 4132 αὖτόνς
790 4068 882 4127 EE;
913 4067 1032 4121 τίνα
1066 4067 1249 4120 λοιπὸν
1277 4069 1308 4137 ἡ
1341 4067 1556 4134 πίστις;
1585 4063 1696 4140 ἆρα
1752 4067 1829 4131 ὡς

253 4158 331 4220 εἰς
360 4157 451 4209 δύο
476 4158 652 4222 Θεοὺς,
683 4157 774 4209 τὸν
805 4158 1022 4227 Πατέρα
1064 4157 1270 4211 καὶτὸν
1295 4156 1452 4224 Υίόν;
1476 4158 1569 4228 Μὴ
1595 4157 1824 4226 γένοιτο⁶

258 4248 371 4302 ἀλλ’
401 4249 474 4311 ὡς
524 4251 602 4311 εἰς
656 4248 752 4300 ἕνα
778 4248 911 4300 Θεὸν
961 4250 1052 4301 καὶ
1087 4248 1358 4318 ἀληθινόν.
1408 4248 1617 4302 Οὐκοῦν
1651 4251 1703 4302 εί
1743 4267 1827 4314 τις

1929 3057 2008 3111 dit
2030 3065 2286 3126 tanquam
2334 3056 2386 3109 in
2436 3053 2744 3110 hominem?
2777 3069 2844 3108 an
2886 3069 3016 3109 vero
3058 3067 3244 3108 verum
3281 3059 3504 3106 natura-

1927 3147 2138 3219 lemque
2161 3149 2328 3203 Deum
2358 3162 2481 3203 esse
2530 3147 2768 3217 agnovit,
2793 3145 2884 3216 qui
2917 3146 2991 3199 uti
3043 3144 3299 3200 Dominus
3341 3157 3504 3212 quos-

1925 3251 2138 3305 cunque
2177 3236 2284 3291 sibi
2324 3236 2496 3290 visum
2520 3243 2684 3301 esset,
2707 3235 2788 3289 vel
2817 3234 2933 3288 solo
2964 3234 3129 3287 verbo
3181 3232 3306 3286 vitae
3347 3230 3504 3285 resti-

1927 3339 2080 3384 tuere
2109 3328 2336 3398 posset?
2365 3326 2471 3383 Sed
2501 3327 2790 3382 ohscurum
2829 3341 2937 3380 non
2965 3333 3048 3380 est
3083 3323 3223 3380 haud
3255 3322 3414 3376 aliter
3447 3320 3500 3373 in

1926 3436 2048 3474 eum
2075 3419 2394 3484 credidisse,
2426 3433 2590 3486 quam
2622 3418 2676 3471 in
2702 3431 2892 3473 verum
2930 3417 3120 3471 Deum.

2006 3549 2023 3579 ι
2064 3529 2254 3594 Amen,
2283 3544 2438 3582 amen
2467 3529 2587 3584 dice
2618 3531 2789 3594 vobis,
2810 3529 2936 3599 quia
2956 3527 3048 3597 qui
3072 3529 3292 3582 verbum
3320 3543 3500 3583 meum

1929 3620 2099 3682 audit,
2133 3629 2187 3673 et
2214 3619 2392 3674 credit
2423 3619 2472 3673 ei
2498 3619 2589 3687 qui
2622 3619 2771 3674 misit
2797 3634 2903 3685 me,
2928 3619 3092 3674 habet
3130 3619 3295 3674 vitam
3325 3608 3494 3673 laeter-

1929 3725 2052 3764 nam
2078 3709 2224 3762 7U“.
2262 3727 2280 3760 ι
2311 3707 2453 3763 Deus
2473 3708 2632 3762 Pater
2667 3709 2858 3762 Filium
2894 3723 3050 3763 suum
3079 3710 3225 3762 misit
3253 3711 3407 3764 nobis
3435 3711 3501 3764 de

1928 3800 2101 3865 caelis,
2141 3817 2160 3852 ι
2201 3809 2259 3854 ιιι
2286 3799 2464 3854 omnis
2493 3798 2584 3867 qui
2609 3798 2782 3851 credit
2817 3799 2869 3851 in
2918 3797 3090 3863 illum,
3141 3813 3245 3851 non
3293 3809 3498 3866 pereat,

1929 3893 2024 3947 sed
2053 3893 2246 3946 habeat
2275 3891 2440 3944 vitam
2468 3899 2725 3945 aeternam
2751 3889 2819 3944 ".
2856 3907 2874 3940 ι
2905 3889 3013 3944 Cur
3036 3890 3123 3944 hic
3149 3904 3279 3957 ergo
3299 3899 3500 3945 aeterna

1926 3985 2038 4041 vita
2067 3986 2134 4039 iis
2169 3982 2520 4054 promittitur,
2547 3981 2636 4050 qui
2672 3982 2899 4035 credunt
2923 3981 2984 4063 ,εἰ
3030 3981 3120 4050 qui
3167 3980 3390 4036 miserat
3433 3981 3498 4034 il-

1927 4076 2084 4131 lum?
2129 4075 2184 4130 lu
2220 4088 2379 4143 quem
2422 4074 2636 4126 tandem
2685 4069 2858 4125 fertur
2909 4069 3080 4124 fides?
3131 4069 3383 4139 Nunquid
3442 4072 3497 4124 in

1927 4165 2143 4220 Patrem
2173 4175 2228 4219 et
2256 4162 2532 4218 Christum
2566 4171 2823 4230 tanquam
2856 4160 2908 4214 in
2939 4159 3074 4214 duos
3117 4160 3290 4214 deos?
3318 4161 3496 4216 Absit.

1928 4257 2211 4314 Credimus
2246 4255 2390 4309 enim
2434 4263 2683 4322 tanquam
2743 4252 2794 4324 in
2844 4265 3008 4304 unum
3064 4265 3252 4304 verum
3302 4249 3495 4307 Deum.

251 4340 590 4393 πιστεύσειεν
620 4340 697 4400 εἰς
727 4338 982 4410 Χριστὸν,
1017 4337 1380 4391 πεπίστευκεν
1413 4339 1492 4400 είς
1520 4337 1653 4391 Θεόν
1674 4354 1685 4366 ·
1719 4337 1821 4391 κᾶν

1934 4345 2289 4414 Quamobrem
2324 4344 2369 4398 si
2399 4343 2520 4412 quis
2541 4318 2723 4396 credit
2749 4321 2803 4394 in
2832 4332 3129 4404 Christum,
3163 4339 3335 4393 credit
3357 4339 3496 4393 idem

249 4432 298 4484 εἰ
331 4429 672 4482 πιστεύσειεν
697 4429 774 4490 εἰς
815 4427 947 4481 Θεὸν
979 4427 1219 4496 Πατέρα,
1270 4425 1648 4490 πεπιστευκὼς
1672 4426 1822 4482 ἔσται

251 4522 344 4576 καὶ
375 4524 454 4584 εἰς
488 4522 578 4574 τὸν
610 4522 705 4574 ἕνα
739 4521 942 4592 Κύριον
987 4518 1193 4589 Ἰησοῦν
1224 4517 1314 4570 τὸν
1345 4519 1602 4588 Χριστόν.

327 4745 347 4778 ι
403 4725 698 4796 Ἀπεκρίθη
745 4727 774 4778 6
815 4725 1041 4796 Ἰησοῦς,
1085 4722 1181 4777 καὶ
1217 4717 1372 4775 εἶπεν
1408 4722 1612 4786 αὐτοῖς·
1648 4721 1822 4776 Τοῦτό

251 4818 367 4870 ἐστι
398 4816 457 4868 τὸ
495 4815 654 4886 ἔργον
689 4814 782 4867 τοῦ
811 4815 968 4878 Θεοῦ,
997 4815 1084 4867 ἵνα
1142 4811 1470 4882 πιστεύσητε
1505 4814 1586 4875 είς
1617 4812 1676 4865 ὃν
1717 4815 1822 4866 ἀπο

252 4907 489 4960 ἔστειλεν
518 4907 746 4967 ἐκεῖνος.
781 4924 798 4954 ι
827 4907 891 4958 El
919 4905 979 4958 τὸ
1007 4905 1083 4975 τῷ
1108 4903 1226 4974 Θεῷ
1249 4902 1440 4957 δοκοῦν
1466 4903 1820 4974 ἐπιτελοῦμεν

252 4998 598 5058 πιστεύοντες
641 4998 720 5057 εἰς
771 4997 1003 5068 Χριστὸν
1055 4997 1238 5066 (αὐτὸν
1296 4997 1404 5064 γὰρ
1461 4995 1673 5067 ἀληθῶς
1717 4999 1822 5050 ὰπ-

253 5089 532 5140 ἐστειλενὸ
555 5090 742 5157 Πατὴρ
775 5090 852 5152 είς
875 5090 964 5142 τὸν
995 5091 1217 5159 κόσμον,
1245 5090 1332 5142 ὅτε
1360 5089 1579 5158 γέγονεν
1613 5090 1820 5160 ἄνθρω-

255 5197 351 5242 πος
383 5179 504 5231 καθ’
534 5180 726 5248 ἡμᾶς),
759 5180 875 5242 πῶς
908 5181 1008 5232 οὐκ
1053 5180 1119 5234 ἂν
1153 5181 1236 5250 εἴη
1275 5180 1406 5243 Θεὸς
1429 5180 1708 5250 ἁληθινός;
1745 5181 1816 5234 Οὺ

254 5273 362 5342 γὰρ
399 5271 464 5324 ἂν
502 5267 569 5342 ἦν
612 5271 768 5341 ἔργον
794 5271 928 5325 Θεοῦ
959 5272 1019 5324 τὸ
1054 5272 1327 5325 πιστεύειν
1371 5274 1448 5334 είς
1477 5272 1658 5327 αὐτόν.

332 5408 348 5436 ι
410 5385 615 5454 Ἰησοῦς
643 5385 699 5437 δέ
733 5383 950 5453 ἕκραξε,
991 5385 1082 5438 καὶ
1113 5383 1295 5438 εἶπεν*
1343 5385 1400 5437 '0
1432 5384 1697 5438 πιστεύων
1739 5387 1820 5446 εἰς

253 5477 374 5544 ἐμὲ,
402 5477 461 5528 οὐ
489 5473 731 5526 πιστεύει
759 5476 836 5537 είς
863 5475 983 5545 ἐμὲ,
1020 5475 1154 5529 ἀλλὰ
1184 5478 1262 5538 εἰς
1288 5475 1377 5527 τὸν
1411 5475 1701 5545 πέμψαντά
1727 5494 1813 5546 με.

1929 4441 1982 4495 in
2017 4439 2184 4494 Deum
2207 4437 2419 4491 Patrem
2454 4447 2666 4504 quoque
2698 4449 2712 4488 :
2744 4439 2798 4487 et
2826 4441 3035 4499 contra,
3058 4431 3100 4486 si
3134 4431 3222 4499 qui
3254 4431 3305 4484 in
3330 4429 3495 4484 Deum

1929 4528 2140 4583 Patrem
2177 4528 2440 4592 credunt,
2479 4525 2639 4580 iidem
2680 4531 2734 4577 et
2782 4523 2835 4576 in
2876 4536 3040 4576 unum
3080 4519 3365 4575 Dominum
3400 4533 3496 4575 no-

1929 4631 2100 4675 strum
2130 4619 2310 4674 Jesum
2341 4617 2610 4673 Christum
2641 4628 2857 4684 quoque
2887 4613 3142 4668 credunt.

2003 4751 2022 4784 ι
2061 4731 2361 4800 Respondit
2396 4728 2575 4794 Jesus,
2623 4739 2677 4783 et
2709 4728 2843 4783 dixit
2885 4727 2993 4781 illis
3025 4743 3038 4780 :
3084 4725 3198 4781 Hoc
3241 4735 3326 4781 est
3359 4741 3494 4796 opus

1925 4824 2045 4887 Dei,
2084 4834 2142 4877 ut
2166 4821 2402 4876 credatis
2437 4820 2490 4874 in
2515 4834 2636 4873 eum
2665 4833 2821 4887 quem
2851 4817 2997 4870 misit
3044 4816 3130 4871 ille
3156 4816 3225 4872 “.
3263 4835 3281 4867 ι
3316 4815 3371 4870 Si
3400 4817 3493 4870 Dei

1924 4915 2257 4970 voluntatem
2283 4910 2592 4980 perficimus
2637 4924 2758 4963 cum
2814 4909 2866 4962 in
2911 4907 3183 4962 Christum
3219 4907 3493 4962 credimus

1926 5006 2090 5077 (hunc
2125 5004 2268 5058 enim
2307 5001 2468 5057 Pater
2509 5015 2634 5054 vere
2683 4999 2830 5053 misit
2869 4999 2921 5053 in
2963 4998 3241 5064 mttndum,
3279 4997 3493 5064 quando

1927 5095 2094 5151 nostri
2112 5093 2304 5150 similis
2327 5093 2500 5147 factus
2517 5099 2599 5146 est
2623 5090 2826 5161 homo),
2849 5087 3115 5159 quomodo
3140 5103 3243 5140 non
3265 5093 3345 5140 est
3365 5101 3491 5138 vere

1928 5185 2116 5242 Deus?
2147 5185 2328 5256 Neque
2359 5184 2500 5239 enim
2531 5197 2665 5252 opus
2694 5182 2788 5236 Dei
2825 5188 2969 5236 esset
2997 5177 3216 5233 credere
3256 5177 3312 5232 in
3344 5191 3486 5232 eum.

1998 5385 2154 5453 127
2189 5402 2207 5435 ι
2229 5381 2385 5438 Jesus
2404 5391 2579 5436 autem
2608 5379 2878 5446 clamavit,
2913 5387 2966 5434 et
2991 5377 3127 5433 dixit
3156 5375 3288 5442 :Qui
3319 5377 3490 5432 credit

1921 5493 1976 5538 ιιι
2005 5492 2110 5540 nte,
2139 5490 2246 5530 non
2278 5474 2450 5529 credit
2475 5473 2530 5529 in
2564 5488 2670 5540 me,
2704 5472 2794 5527 sed
2827 5473 2879 5524 in
2917 5485 3038 5524 eum
3085 5469 3174 5537 qui
3207 5467 3350 5521 misit
3382 5482 3484 5520 mc.

325 5653 366 5683 "
399 5653 556 5709 Ιῐειυιι.
588 5671 645 5722 ιι,
670 5655 756 5708 25.
801 5654 1018 5710 "Joan.
1049 5669 1132 5718 ιιι,
1174 5653 1254 5722 l7,
1294 5654 1375 5707 l8.
1418 5653 1462 5683 ⁷³
1492 5651 1748 5716 ,Ιουημιιυ
1780 5649 1869 5705 55.
1926 5651 2052 5692 73-“
2081 5651 2236 5707 Joan.
2262 5650 2426 5717 v,9/i.
2488 5649 2532 5682 ⁸⁸
2559 5649 2711 5705 Joan.
2751 5663 2827 5714 ιιι,
2871 5645 2949 5701 16.
3010 5646 3054 5676 ⁵⁵
3081 5645 3235 5700 Joau.
3281 5654 3354 5704 vt,
3393 5635 3485 5691 ‘29.
