3942 6128
467 233 606 285 Ιτὸὂ

1456 199 1517 292 s.
1559 234 1831 291 CYRILLI
1869 235 2347 293 ALEXANDRINI
2378 239 2694 295 meumr.

3602 241 3742 296 1356

462 338 531 391 Et
568 340 658 407 qui
704 340 851 395 videt
889 357 992 407 me,
1041 342 1184 399 videt
1215 358 1335 399 eum
1365 345 1458 414 qui
1499 347 1645 415 misit
1685 363 1770 402 me
1801 350 1868 402 ".
1911 368 1928 400 ι
1975 351 2038 403 Ει

2145 354 2254 406 Καὶ
2299 355 2328 406 ὁ
2357 352 2577 425 θεωρῶν
2608 354 2731 423 ἐμὲ,
2755 353 2951 424 θεωρεῖ
2973 355 3062 409 τὸν
3097 353 3397 424 πέμψαντά
3427 371 3522 424 με.
3544 372 3564 403 ι
3609 351 3744 406 Εἶτα

466 430 652 496 paucis
687 431 984 501 interjectis
1017 449 1032 486 :
1075 451 1095 484 ι
1134 434 1268 500 Quia
1295 451 1392 507 ego
1418 451 1481 490 ex
1520 438 1724 506 meipso
1772 454 1878 493 non
1921 455 2040 494 sum

2147 446 2488 515 προσεπάγει
2505 449 2715 508 τούτοις
2731 460 2744 474 ’
2767 463 2786 496 ι
2821 446 2961 514 Ἐγὼ
2995 445 3053 512 ἐξ
3075 442 3315 516 ἐμαυτοῦ
3339 445 3444 497 οὐκ
3473 443 3741 512 ἐλάλησα,

463 522 707 587 locutus;
743 524 836 576 sed
869 524 958 592 qui
995 525 1140 578 misit
1167 542 1253 581 me
1281 527 1462 594 Pater,
1505 529 1616 596 ipse
1654 530 1784 584 mihi
1820 533 2040 586 manda-

464 622 579 666 tum
628 614 775 668 dedit
828 616 956 683 quid
1003 617 1177 671 dicam
1219 627 1273 672 et
1321 619 1449 688 quid
1493 619 1682 689 loquar
1703 621 1772 674 ⁵⁸.
1841 641 1860 675 ι
1909 622 2042 678 Cum

465 719 596 772 ergo
638 705 890 758 mandato
937 704 1138 771 Patris,
1187 708 1311 762 licet
1354 721 1416 764 ut
1462 711 1625 766 homo
1662 711 1838 778 dicat,
1884 713 2044 767 ﬁdem

467 811 586 866 quae
612 796 662 848 in
703 796 846 849 illum
885 808 988 862 est,
1027 799 1228 854 referat
1261 802 1327 856 ad
1360 801 1574 857 Patrem
1614 805 1914 860 mittentem
1945 821 1960 870 ;
1993 815 2046 858 ct

467 889 558 958 qui
589 889 738 942 illum
777 891 941 955 videt,
972 905 1093 945 eum
1139 907 1352 961 quoque
1399 893 1609 962 videat,
1652 897 1744 965 qui
1796 896 1944 950 misit
1979 895 2047 950 El-

470 981 609 1045 lum;
645 981 768 1048 quis
792 979 942 1034 illum
986 996 1170 1035 verum
1205 983 1369 1038 Deum
1420 1001 1540 1040 esse
1584 1001 1782 1055 negare
1817 985 2048 1040 audeat?

468 1070 767 1138 Cogitatum
798 1073 921 1127 huic
955 1081 1038 1127 est
1072 1083 1125 1127 et
1177 1075 1306 1129 illud
1357 1091 1608 1146 quoque:
1659 1094 1678 1128 ι
1715 1076 1950 1133 Creditis
1994 1078 2049 1130 in

469 1159 664 1228 Deum,
701 1172 756 1217 et
785 1164 840 1219 in
865 1179 952 1217 me
981 1165 1187 1220 credite
1213 1166 1284 1216 δ’.
1317 1185 1335 1219 ι

778 1317 865 1371 Ex
893 1317 1181 1388 Evangeiia
1211 1323 1492 1374 secundum
1526 1320 1746 1376 Lucam.

552 1446 572 1480 ι
614 1427 998 1485 Verumtamen
1030 1431 1200 1489 Filius
1231 1434 1464 1491 hominis
1497 1439 1745 1501 veniens,
1781 1448 1946 1508 putas
1973 1439 2057 1494 in-

476 1522 655 1575 veniet
687 1521 844 1577 ﬁdem
878 1524 932 1578 in
963 1532 1104 1579 terra
1129 1527 1208 1580 “'1?
1242 1546 1260 1578 ι
1299 1529 1527 1593 Quando
1569 1528 1816 1586 Christus
1849 1545 1880 1586 e
1917 1532 2057 1586 coelo

476 1613 605 1670 olim
635 1623 719 1670 est
749 1627 1028 1684 venturus,
1067 1619 1388 1688 cujusmodi,
1422 1637 1636 1691 quaeso,
1685 1623 1844 1677 ﬁdem
1885 1639 1914 1676 a
1961 1638 2058 1678 no-

2144 536 2258 589 ἀλλ’
2283 538 2312 589 ὁ
2345 537 2568 606 πέμψας
2600 554 2664 606 με
2697 537 2907 608 Πατὴρ,
2939 538 3099 600 αὐτός
3135 554 3226 607 μοι
3268 535 3500 605 ἐντολὴν
3540 535 3744 587 δέδωκε

2143 630 2196 681 τί
2230 629 2392 691 εῖπω,
2422 631 2518 682 καὶ
2545 628 2596 681 τί
2633 628 2870 699 λαλήσω.
2921 647 2940 680 ι
2976 629 3106 681 Ὀτε
3135 628 3318 681 τοίνυν
3358 627 3489 681 κατ’
3521 625 3744 688 ἐντολὰς

2144 719 2239 773 τοῦ
2278 721 2511 791 Πατρὸς,
2545 721 2648 773 κᾶν
2675 720 2750 782 ὡς
2778 719 3066 790 ἄνθρωπος
3101 719 3260 790 λέγῃ,
3291 719 3394 788 τὴν
3429 717 3632 770 πίστιν
3652 716 3744 785 τὴν

2146 815 2226 874 εἰς
2263 813 2447 876 αὐτὸν,
2491 814 2571 876 εἰς
2597 812 2688 866 τὸν
2724 810 3018 882 πέμψαντα
3067 812 3233 865 αὑτὸν
3266 809 3567 879 ἀναφέρει,
3601 809 3698 860 καὶ
3719 810 3744 860 ὁ

2149 901 2371 972 θεωρῶν
2419 903 2602 967 αὐτὸν,
2654 903 2849 973 θεωρεῖ
2879 901 2970 954 τὸν
3005 901 3300 972 πέμψαντα
3333 901 3535 954 αὐτόν’
3595 900 3680 962 τίς
3719 901 3745 950 ὁ

2151 993 2320 1062 φάναι
2371 992 2584 1062 τολμῶν
2630 993 2732 1046 οὐκ
2781 989 2922 1046 εἶναι
2975 993 3105 1046 Θεὸν
3151 992 3337 1054 αὐτὸν,
3400 993 3504 1044 καὶ
3558 991 3745 1043 τοῦτον

2149 1082 2432 1153 ἀληθινὸν;
2473 1083 2699 1153 Ὅμοιον
2744 1082 2801 1135 δὲ
2842 1084 3054 1154 τούτῳο
3105 1102 3124 1136 ι
3179 1083 3483 1137 Πιστεύετε
3535 1084 3620 1146 είς
3661 1083 3744 1135 τὸν

2150 1173 2303 1238 Θεὸν,
2336 1177 2432 1228 καὶ
2468 1177 2547 1237 είς
2580 1174 2680 1245 ἐμὲ
2716 1175 3018 1228 πιστεύετε.
3070 1195 3090 1228 ›

2378 1328 2478 1382 Ἐκ
2524 1328 2630 1382 τοῦ
2669 1326 2824 1381 κατὰ
2855 1328 3095 1382 Λουκᾶν
3125 1329 3539 1397 Εὺατγελίου.

2217 1435 2248 1494 ¹ι
2296 1441 2442 1512 Πλὴν
2470 1443 2499 1494 ὁ
2537 1441 2666 1505 Υἱὸς
2703 1441 2796 1494 τοῦ
2827 1439 3117 1512 ἀνθρώπου
3147 1438 3341 1504 ἐλθὼν,
3377 1434 3499 1508 ἆρα
3529 1436 3739 1505 εὑρήσει

2152 1532 2252 1602 τὴν
2282 1531 2459 1584 πίστιν
2491 1531 2582 1584 ἐπὶ
2614 1532 2711 1602 τῆς
2741 1533 2882 1602 γῆς;
2925 1550 2942 1582 ι
2983 1531 3154 1584 Ὀταν
3201 1531 3230 1582 ὁ
3264 1527 3519 1598 Χριστὸς
3571 1527 3630 1593 ἐξ
3667 1527 3740 1578 σύ-

2161 1621 2322 1693 ρανοῦ
2357 1623 2756 1692 παραγένηται,
2803 1622 2965 1676 ποίαν
3010 1622 3120 1693 ἄρα
3165 1620 3397 1692 ζητήσει
3449 1619 3647 1671 πίστιν
3692 1619 3739 1668 ὲν

474 1704 564 1759 bis
604 1707 832 1776 exiget?
877 1708 932 1762 Si
976 1711 1118 1763 enim
1170 1713 1331 1766 homo
1383 1723 1592 1768 tantum
1648 1715 1821 1769 nostri
1865 1715 2056 1768 similis

2158 1715 2324 1784 ήμῖν;
2354 1714 2416 1768 Εί
2451 1713 2549 1786 μὲν
2576 1713 2684 1785 γὰρ
2717 1715 2792 1778 ὡς
2829 1714 3114 1785 ἄνθρωπος
3151 1712 3275 1766 καθ’
3301 1712 3460 1782 ἡμᾶς
3502 1709 3741 1779 βούλεται

477 1796 624 1850 credi
651 1797 944 1866 haberique
977 1801 1109 1868 vult,
1143 1804 1262 1870 quis
1313 1805 1384 1856 illi
1427 1808 1647 1859 credere
1686 1805 1932 1859 abnuat?
1962 1804 2057 1862 Ju-

479 1886 581 1939 daei
627 1887 698 1940 illi
733 1890 1054 1947 insultantes
1103 1895 1361 1949 aiebant:
1406 1915 1423 1948 ‹
1483 1894 1593 1951 Cur
1642 1905 1695 1951 tu
1733 1897 1893 1952 homo
1934 1914 2055 1952 cum

482 1976 581 2043 sis,
617 1977 750 2035 facis
793 1983 1018 2052 teipsum
1053 1983 1219 2039 Deum
1251 1988 1336 2040 “1'
1366 2007 1383 2039 ι
1425 1989 1637 2043 Ethnici
1671 2004 1884 2058 quoque
1931 2004 2056 2042 cru-

481 2085 600 2124 cem
635 2079 972 2138 mortemque
1022 2074 1262 2144 ejusdem
1305 2078 1608 2140 audientes,
1648 2077 1696 2130 id
1743 2077 1883 2144 quod
1933 2077 2059 2130 dici-

482 2169 593 2222 tur,
627 2169 879 2228 tanquam
920 2163 984 2216 de
1024 2165 1297 2218 communi
1347 2165 1596 2233 quopiam
1640 2175 1838 2218 nostrae
1879 2165 2059 2219 condi-

483 2248 648 2304 tionis
705 2251 922 2306 liomine
980 2253 1184 2307 dictum
1231 2256 1526 2322 accipiunt.
1588 2255 1876 2325 Ecqualem
1927 2270 2057 2324 ergo

481 2340 642 2395 ﬁdem
674 2343 953 2412 deposcit?
983 2343 1130 2398 lllam
1160 2347 1331 2414 ipsam
1362 2347 1619 2400 nimirum
1648 2387 1661 2409 ,
1703 2361 1862 2414 quam
1895 2346 2058 2400 divini

482 2433 559 2489 illi
593 2450 887 2504 praecones,
924 2438 1016 2508 qui
1054 2448 1107 2492 et
1146 2441 1377 2494 ministri
1424 2451 1478 2494 et
1517 2450 1849 2508 spectatores
1896 2439 2063 2494 Verbi

483 2529 810 2582 exstiterunt
861 2530 929 2595 θ’,
981 2532 1100 2586 orbi
1147 2534 1564 2588 annuutiarunt.
1613 2526 1852 2589 Joannes
1902 2534 2064 2603 igitur

486 2618 563 2672 ait
593 2637 605 2672 :
649 2638 668 2672 ι
708 2621 1023 2675 EtVerbum
1059 2639 1187 2678 caro
1219 2625 1422 2680 factum
1455 2634 1540 2680 est
1567 2627 1633 2681 ⁸³.
1678 2644 1697 2677 ι
1729 2625 1954 2680 Factum
1977 2633 2063 2680 est

486 2722 620 2763 sane
658 2724 805 2776 caro,
843 2713 936 2766 sed
986 2712 1086 2768 hoc
1121 2716 1214 2781 ita,
1250 2727 1308 2770 ut
1359 2717 1497 2772 Deus
1547 2725 1726 2772 tamen
1777 2732 1901 2772 esse
1949 2731 2056 2770 non

488 2799 777 2855 destiterit.
800 2799 1104 2861 Istiusmodi
1138 2808 1321 2878 itaque
1354 2818 1439 2866 est
1465 2810 1619 2877 ﬁdes,
1648 2824 1810 2881 quam
1843 2810 1931 2865 ille
1959 2822 2058 2864 suo

487 2899 736 2960 tempore
765 2908 795 2947 a
830 2895 986 2951 nobis
1012 2899 1269 2967 requiret.

2160 1806 2532 1872 πιστεύεσθαι,
2558 1807 2642 1870 τίς
2668 1809 2698 1859 ὁ
2726 1807 3035 1877 ἀπιστήσας
3067 1803 3248 1874 αὐτῷ;
3287 1801 3626 1856 Ἐνεκάλουν
3648 1798 3745 1868 γὰρ

2158 1901 2208 1952 οί
2282 1897 2521 1951 Ἰουδαῖοι
2575 1897 2824 1965 λέγοντες
2855 1912 2869 1926 °
2908 1917 2926 1948 ι
2986 1896 3139 1949 Διατί
3192 1896 3257 1948 σὺ
3305 1892 3611 1964 ἄνθρωπος
3660 1888 3748 1955 ὢν,

2161 1991 2335 2052 ποιεῖς
2365 1989 2588 2042 σεαυτὸν
2611 1990 2742 2042 Θεόν
2767 2006 2781 2054 ;
2818 2009 2838 2042 ι
2883 1989 3142 2057 ’Έλληνες
3170 1987 3228 2041 δὲ
3259 1985 3501 2056 σταυρὸν
3530 1983 3754 2037 dato-Jov-

2161 2099 2254 2146 τες
2286 2084 2381 2135 καὶ
2411 2081 2662 2144 θάνατον,
2699 2083 2775 2146 ὼς
2807 2082 2938 2154 περὶ
2975 2080 3268 2152 ἀνθρώπου
3301 2077 3487 2132 κοινοῦ
3519 2077 3757 2130 διάκειν-

2163 2191 2273 2239 ται,
2309 2174 2403 2226 καὶ
2433 2174 2541 2226 τῶν
2581 2173 2702 2226 καθ’
2751 2175 2898 2244 ἡμᾶς
2930 2174 3069 2236 ἑνός.
3102 2173 3272 2226 Ποίαν
3302 2166 3396 2224 οὖν
3431 2170 3546 2240 ἄρα
3576 2169 3760 2221 πίστιν

2163 2264 2354 2334 ζητεῖ,
2393 2265 2443 2336 ’ἢ
2493 2265 2727 2318 δολονὸτι
2785 2265 2887 2336 τὴν
2965 2262 3470 2334 ὲκκεκηρυγμὲνην
3517 2259 3613 2312 διὰ
3656 2257 3760 2310 τῶν

2166 2355 2470 2427 θεηγόρων,
2521 2357 2569 2410 οἳ
2605 2358 2698 2409 καὶ
2734 2356 2998 2409 αὐτόπται
3046 2355 3139 2408 καὶ
3174 2353 3452 2424 ὑπηρέται
3503 2351 3760 2418 γεγόνασι

2164 2448 2259 2501 τοῦ
2289 2449 2465 2516 Λόγου
2482 2449 2647 2518 ;Ἔφη
2677 2448 2856 2502 τοίνυν
2886 2447 3161 2516 Ἰωάννης,
3181 2447 3264 2498 ὅτι
3293 2464 3312 2496 ι
3332 2444 3396 2496 Ὀ
3421 2443 3605 2510 Λάϊος
3632 2438 3760 2508 σὰρξ

2165 2538 2404 2606 ἐγένετο.
2429 2559 2448 2591 ›
2471 2539 2667 2606 Γέγονε
2689 2538 2747 2592 δὲ
2778 2536 2917 2607 σὰρξ
2938 2536 3079 2608 μετὰ
3105 2535 3201 2589 τοῦ
3222 2536 3410 2606 μεῖναι
3431 2533 3598 2595 Θεὸς.
3618 2530 3758 2598 Δΰτη

2167 2630 2344 2683 τοίνυν
2374 2632 2407 2702 ἡ
2434 2630 2617 2694 πίστις
2647 2630 2705 2683 ὲν
2726 2630 2857 2700 ἡμῖν
2881 2629 3011 2698 παρ’
3032 2627 3200 2681 αὐτοῦ
3227 2625 3615 2699 ζητηθήσεται
3630 2623 3762 2678 κατὰ

2167 2738 2412 2793 καιρους.

493 3045 659 3103 Finis
687 3050 941 3124 orationis
985 3053 1170 3124 prima:
1208 3052 1400 3124 σιμ-ἔιίὶ
1443 3057 1668 3124 episcopi
1708 3056 2050 3111 Alexandria:

2133 3057 2146 3112 ι
2183 3051 2361 3116 Τέλος
2389 3049 2508 3124 Δτοῦ
2535 3048 2769 3124 πρώτου
2794 3050 3028 3124 ξιλόγοι)
3046 3042 3596 3124 Απροσξοωτητικοῆ

867 3123 936 3174 ad
963 3113 1231 3189 piissimus
1256 3113 1482 3194 ieginas'
1501 3113 1697 3180 misia’.

2249 3113 2556 3194 K133113101;
2574 3113 2947 3194 ξὲπισθςόπουί
2961 3113 3448 3186 Ἀλεξανδρείας,
3483 3114 3644 3182 πρὸς
3672 3113 3764 3176 τὰς

2256 3189 2698 3254 εὐσεϐεστάτας
2730 3189 3081 3254 δεσποίνας.

1607 3347 1779 3402 Variae
1819 3346 2076 3402 lectiones
2106 3345 2310 3403 codicis
2336 3342 2694 3415 Seguieriani.

571 3483 603 3511 ³
633 3473 796 3530 Deest
822 3474 876 3529 in
903 3489 1006 3531 ms.
1036 3475 1394 3546 Seguieriano
1417 3492 1611 3534 nomen
1645 3479 1776 3535 illud
1805 3480 2110 3536 numerale.

511 3644 3756 3674 ΝΜ

869 3812 1443 3902 ΚΥΡΙΛΛΟΥ
1513 3812 2448 3900 ΑΡΧΙΕΠΙΣΚΟΠΟΥ
2519 3801 3358 3898 ΑΛΕΞΑΝΔΡΕΙΑΣ

1529 3995 1746 4051 ΛΟΓΟΣ
1783 3997 2136 4050 ΔΕΥΤΕΡΟΣ
2172 3993 2752 4050 ΠΡΟΣΦΩΝΗΤΙΚΟΣ

1181 4151 1312 4218 ταῖς
1340 4149 1803 4218 εὐσεϐεστάταις
1829 4151 2257 4219 βασιλίσσαις,
2289 4148 2424 4218 περὶ
2462 4147 2574 4217 τῆς
2607 4144 2791 4216 ὀρθῆς
2820 4146 3101 4209 πίστεως.

949 4446 1433 4539 CYRILLI
1508 4443 2430 4537 ARCHIEPISCOPI
2509 4431 3332 4530 ALEXANDRIIE

1813 4639 2112 4702 ORATIO
2155 4637 2480 4700 ALTERA

1435 4805 1529 4866 Ad
1562 4803 2082 4883 religiosissimos
2122 4801 2377 4883 reginas
2421 4800 2500 4861 de
2541 4806 2706 4860 recta
2740 4799 2885 4862 ﬁde.

599 5142 832 5214 1281.
865 5141 957 5194 Eis
1003 5140 1093 5209 qui
1142 5139 1379 5193 divinum
1428 5137 1554 5192 illud
1597 5137 1924 5205 cmlesteque
1962 5149 2056 5203 pra

2278 5134 2356 5186 A'.
2400 5131 2524 5194 Τοῖς
2565 5129 2626 5182 τὸ
2666 5128 2807 5182 θεῖον
2854 5126 2948 5179 καὶ
2993 5124 3248 5195 οὐράνιον
3300 5124 3656 5195 ίερουργοῦσι
3701 5121 3786 5188 λή-

529 5237 742 5292 dicandi
774 5249 968 5289 munus
992 5233 1390 5293 administrant,
1429 5229 1799 5284 universorum
1828 5229 1970 5282 Deus
2002 5242 2056 5296 pe

2211 5238 2416 5292 ρυγμα,
2462 5221 2553 5273 διὰ
2586 5219 2767 5288 φωνῆς
2810 5215 3031 5271 Ἡσαΐου
3067 5214 3517 5284 παρακελεύεται
3551 5213 3723 5279 λέγων
3765 5209 3789 5257 ὁ

529 5329 680 5382 Isaiae
710 5327 985 5396 prophetae
1015 5338 1201 5378 vocem
1229 5321 1490 5390 ejusmodi
1520 5321 1766 5377 oratione
1812 5321 1924 5373 hate
1965 5332 2056 5386 pra

2209 5312 2314 5367 τῶν
2345 5313 2480 5366 ὅλων
2510 5311 2638 5373 Θεός
2659 5327 2672 5339 ο
2715 5329 2731 5360 ι
2774 5307 2890 5361 Ἐπ’
2915 5307 3038 5378 ὅρος
3069 5304 3274 5374 ὑψηλὸν
3304 5304 3566 5374 ἀνάϐηθι,
3595 5303 3790 5363 deor:-

531 5419 659 5486 cipit
687 5394 762 5468 :Vt
810 5416 984 5486 Super
1023 5423 1263 5470 montem
1293 5411 1568 5467 excelsum
1604 5410 1856 5474 ascende,
1911 5417 1966 5461 tu
2007 5422 2056 5476 qi

2211 5403 2556 5473 γελιζόμενος
2601 5399 2764 5453 Σιών·
2801 5397 3015 5468 ὕψωσον
3057 5399 3124 5466 τῇ
3158 5394 3308 5466 ίσχύῖ
3336 5396 3438 5468 τὴν
3470 5394 3656 5464 φωνήν
3683 5405 3785 5448 σου.

608 5576 650 5606 ⁸⁷
687 5573 842 5628 Joan.
883 5591 979 5640 xu,
1013 5574 1100 5628 Η.
1178 5573 1223 5604 ’⁸
1257 5569 1387 5627 ibid.
1423 5569 1509 5625 49.

539 5646 585 5677 ⁸³
614 5644 767 5700 Joan.
793 5658 834 5708 ι,
875 5644 957 5696 Η.

1619 5566 1663 5600 ⁸⁸
1697 5565 1849 5621 Joan.
1894 5579 2002 5628 xlv,
2047 5561 2096 5614 1.
2175 5560 2218 5591 ⁸ο
2251 5559 2381 5613 Luc.
2422 5572 2575 5625 xvut,
2616 5557 2665 5611 8.
2773 5554 2813 5585 “
2847 5553 3005 5612 Joan.
3051 5571 3103 5620 ι,
3152 5556 3241 5611 55.

3354 5558 3403 5589 “
3451 5557 3585 5615 Luc.
3642 5573 3684 5622 I.
3739 5554 3786 5607 ’Ξο
