3942 6128
326 200 469 258 1357

1122 204 1215 261 AD
1249 200 1548 263 securus
1587 202 1675 261 DE
1715 190 1969 258 nECTa
1992 175 2147 266 nos
2182 208 2439 267 onmo
2476 210 2776 268 ALTERA.

3433 209 3574 268 £338

323 325 353 378 ὁ
390 321 874 392 εὐαγγελιζόμενος
917 321 1306 394 Ἰερουσαλήμ·
1350 323 1626 406 ὐψὼσατε,
1673 321 1747 393 μὴ
1798 333 1885 389 (ρος

1997 326 2335 397 evangelizas
2360 327 2489 385 Sion
2517 347 2532 396 ;
2565 328 2740 384 exalta
2768 327 2821 382 in
2853 325 3172 384 fortitudine
3198 341 3384 398 vocem
3418 338 3566 382 tuam

326 413 529 469 δεῖσθε.
575 433 596 466 ι
629 415 842 485 Χρῆναι
867 414 976 485 γὰρ
1000 412 1177 482 ἔγωγέ
1208 431 1352 486 φημι
1378 415 1505 478 τοὺς
1531 413 1901 484 τεταγμένους

324 504 406 567 είς
459 503 792 576 ἱερουργίαν,
822 504 916 556 καὶ⁵
955 503 1017 556 τὸ
1064 502 1158 556 τοῦ
1191 504 1407 557 πάντων
1454 503 1614 574 ήμῶν
1647 502 1899 572 Σωτῆρος

322 593 564 665 Χριστοῦ
628 592 920 657 λαλοῦντας
967 593 1301 664 μυστήριον,
1344 594 1407 648 οὐ
1462 595 1899 665 κατερῤιμμένον

321 686 467 758 ἔχειν
499 686 594 740 καὶ
624 685 994 757 χαμαιρῤιφὲς
1024 685 1086 739 τὸ
1118 685 1394 757 φρόνημα,
1426 686 1522 739 καὶ⁸
1559 684 1702 757 ὄκνῳ
1731 684 1898 740 νικώ-

325 795 507 847 μενον,
555 779 649 830 καὶ
696 777 923 841 δειλίαις
976 777 1403 847 συνεσταλμένον
1426 794 1442 807 ·
1472 777 1585 830 ἀλλ’
1611 775 1748 846 ὑψοῦ
1798 777 1899 847 μὲν

320 867 508 938 ὥσπερ
535 862 594 920 εὐ
624 866 891 937 βεϐηκότα
918 866 1011 920 τὸν
1051 865 1197 934 νοῦν,
1233 867 1327 920 καὶ
1346 849 1509 919 οἱονεί
1549 880 1669 929 πως
1689 867 1747 919 ὲν
1779 867 1896 936 δρει

321 960 592 1030 κείμενον,
635 957 779 1031 οὕτω
815 976 875 1011 τε
925 958 1033 1013 τῶν
1080 961 1177 1030 τῆς
1222 958 1480 1030 ἀληθείας
1521 959 1811 1028 δογμάτων
1837 958 1896 1012 τὸ

321 1051 594 1123 ἐξαίρετον
628 1050 821 1114 κάλλος
858 1050 1172 1121 περιαθρεῖν
1209 1049 1599 1113 σπουδάζοντα·
1623 1049 1895 1105 ποιεῖσθαι

321 1141 379 1196 δὲ
418 1142 665 1205 καὶτοὺς
706 1141 899 1210 λόγους
945 1143 1002 1194 ὲν
1029 1141 1331 1213 παρρησία.
1362 1140 1467 1196 κᾶν
1513 1140 1566 1193 εί
1608 1156 1752 1202 τινες
1786 1133 1896 1192 εἷεν

321 1234 371 1288 οἱ
423 1233 941 1305 μυπαγωγούμενοι
991 1233 1217 1304 σκληροὶ
1263 1233 1356 1287 καὶ
1405 1232 1750 1301 δυσάγωγοι,
1798 1232 1897 1287 καὶ

320 1316 431 1377 οἷον
462 1321 620 1375 ἵπποι
646 1321 792 1385 τινὲς
824 1320 1095 1392 ἀγέρωχοι
1138 1321 1234 1374 καὶ
1263 1320 1485 1390 ὲξήνιοι,
1525 1320 1653 1392 περὶ
1676 1314 1751 1375 ὧν
1788 1339 1893 1376 που

320 1412 417 1466 καὶ
463 1411 623 1475 αὐτός
657 1428 822 1482 φησιν
869 1410 898 1463 ὁ
947 1410 1217 1482 μακάριος
1267 1406 1447 1465 Δαυῖδ
1477 1412 1615 1482 πρὸς
1659 1411 1752 1466 τὸν
1785 1414 1894 1467 τῶν

319 1501 456 1555 ὅλων
487 1499 620 1554 Θεόν
639 1516 654 1532 ⁸
694 1521 712 1552 ι
765 1501 854 1554 Ἐν
883 1499 1083 1571 χαλινῷ
1111 1500 1206 1554 καὶ
1230 1501 1288 1554 ὲν
1318 1501 1480 1572 κημῷ
1514 1502 1612 1567 τάς
1638 1504 1894 1572 σιαγόνας

320 1592 501 1645 αὐτῶν
525 1591 742 1660 ἄγξαις,
775 1590 884 1645 τῶν
925 1592 999 1663 μὴ
1036 1592 1362 1662 ἐγγιζόντων
1403 1591 1540 1664 πρὸς
1568 1593 1647 1645 σέ.
1688 1611 1709 1645 ›
1744 1593 1808 1646 Ei
1834 1593 1891 1646 δὲ

2002 417 2094 484 qui
2148 417 2487 487 evangelizas
2536 417 2882 474 Jerusalem:
2940 417 3216 484 exaltate,
3276 419 3441 474 nolite
3499 422 3569 474 ti-

2000 521 2147 562 mere
2185 507 2256 562 “.
2313 526 2333 559 ι
2389 508 2602 563 Etenim
2661 509 2752 580 qui
2810 509 2861 563 in
2926 509 3289 563 sacerdotum'
3323 509 3569 564 ordinem

1998 598 2178 663 asciti,
2200 614 2319 653 eam
2352 599 2530 656 sortiti
2564 609 2690 655 sunt
2736 601 3091 672 provinciam,
3119 609 3177 654 ut
3218 600 3415 655 Christi
3449 614 3570 656 om-

1998 690 2146 744 nium
2177 701 2422 746 nosuum
2455 690 2754 746 Salvatoris
2812 691 3069 763 mysteria
3120 690 3423 746 edisseram
3471 706 3569 759 po-

1995 781 2229 850 puloque
2270 791 2597 851 proponant,
2635 783 2710 837 illi
2759 797 2977 838 sensum
3035 797 3374 852 nequaquam
3417 780 3568 850 abie-

1996 879 2163 936 ctum,
2201 871 2420 926 bumive
2457 880 2762 942 repentem,
2809 879 2903 926 aut
2949 872 3161 942 ignavia
3194 873 3426 937 victum,
3476 880 3570 924 aut

1994 968 2140 1024 metu
2175 960 2405 1015 fractum
2440 961 2688 1017 obtinere
2717 961 2913 1017 debent
2945 979 2983 1016 :-
3008 962 3100 1016 sed
3150 960 3383 1016 sublime
3426 960 3571 1014 velut

1996 1053 2355 1117 incedentem,
2386 1061 2441 1109 et
2468 1054 2622 1123 quasi
2654 1053 2705 1107 in
2738 1062 2923 1107 monte
2951 1053 3270 1107 collocatum
3296 1068 3312 1117 ;
3355 1066 3461 1120 quo
3491 1052 3571 1105 ni-

1981 1143 2283 1198 ;mirum-ad
2332 1157 2456 1198 eum
2495 1145 2711 1200 modum
2755 1144 3081 1213 comparati,
3124 1144 3376 1199 eximiam
3421 1144 3564 1199 illam

1991 1247 2245 1290 verorum
2278 1233 2586 1305 dogmatum
2617 1241 2960 1289 venustatem
2998 1234 3183 1288 rimari
3220 1249 3283 1289 ac
3312 1232 3568 1302 introspi-

1972 1312 2141 1391 cere,
2172 1327 2447 1396 verbaque
2478 1327 2746 1396 intrepide
2775 1327 2955 1382 facere
2995 1325 3241 1392 valeant;
3274 1334 3567 1395 quantum-

1992 1417 2081 1472 vis
2101 1431 2168 1472 ex
2199 1417 2267 1474 iis
2307 1418 2397 1487 qui
2444 1419 2617 1474 sacris
2658 1417 3053 1484 informantur,
3105 1416 3365 1471 nonnulli.
3394 1415 3568 1469 instar

1992 1520 2255 1576 equorum
2289 1507 2672 1574 insolentium,
2718 1507 2810 1571 qui
2847 1506 3109 1560 infrenari
3152 1520 3257 1559 non
3305 1509 3564 1572 possunt,

1994 1597 2157 1654 duros
2184 1607 2238 1652 et
2268 1598 2634 1653 intractabilcs
2663 1612 2723 1654 se
2757 1600 3027 1669 praebcant
3055 1616 3070 1653 :
3104 1596 3170 1650 de
3201 1596 3395 1665 quibus
3435 1593 3567 1648 bea-

320 1684 417 1739 καὶ
478 1686 589 1747 τοῖς
642 1682 814 1747 οὕτως
865 1682 1051 1755 ἔχουσι
1103 1681 1299 1755 φρενὸς
1354 1684 1712 1754 προσϐάλλειν
1759 1687 1885 1741 ἀνα-

1996 1698 2079 1744 tus
2102 1688 2267 1743 David
2298 1704 2565 1744 summum
2601 1688 2750 1743 illum
2795 1702 2972 1743 rerum
3018 1664 3259 1743 omnium
3303 1684 3565 1755 Opillcem

320 1776 534 1843 γκαῖον,
565 1773 681 1837 πῶς
701 1773 802 1828 οὐκ
833 1773 899 1828 ἂν
921 1773 1130 1842 γένοιτο
1149 1774 1257 1828 τῶν
1285 1774 1426 1844 ἄγαν
1457 1776 1888 1847 σφαλερωτάτων

317 1868 380 1920 τὸ
407 1866 631 1920 ἑλέσθαι
646 1865 823 1938 σιγὴν,
851 1867 947 1920 καὶ
976 1866 1051 1937 μὴ
1071 1868 1194 1931 ταῖς
1220 1866 1502 1921 εὐσεϐέσιν
1522 1867 1676 1937 ὐμῶν
1698 1869 1890 1933 ἀκοαῖς

317 1957 518 2012 ἐνιέναι
547 1956 890 2021 πλειστάκις,
920 1958 1172 2030 καθάπερ
1194 1977 1245 2013 τι
1267 1960 1417 2030 νᾶμα
1439 1959 1611 2029 γλυκύ
1631 1961 1726 2014 καὶ
1754 1950 1889 2026 ζωοί-

318 2047 492 2112 ποιδν,
515 2045 622 2120 τῶν
648 2045 807 2116 ιερῶν
836 2046 1186 2118 Γραμμάτων
1210 2046 1309 2118 τὴν
1340 2047 1563 2116 γνῶσιν,
1593 2050 1729 2121 ὅπερ
1755 2052 1889 2121 ἡμῖν

313 2139 409 2192 καὶ
478 2137 644 2192 πάλαι
715 2138 847 2204 Θεὸς
922 2139 1266 2208 ὑπισχνεῖτο,
1319 2136 1493 2205 λέγων
1552 2137 1640 2192 διὰ
1708 2140 1889 2211 φωνῆς

328 2230 546 2286 Ἡσαΐου
570 2248 584 2261 ·
623 2248 640 2282 ι
678 2231 788 2285 Καὶ
810 2230 1109 2303 ἀντλήσατε
1144 2228 1287 2301 ὕδωρ
1316 2228 1432 2300 μετ’
1460 2229 1796 2303 εὐφροσύνης
1823 2233 1889 2286 ἐκ

312 2321 422 2375 τῶν
474 2320 665 2392 πηγῶν
692 2321 787 2375 τοῦ
850 2321 1153 2392 Σωτηρίου.
1195 2340 1213 2372 ι
1267 2321 1570 2389 Σωτηρίου
1603 2321 1660 2374 δὲ
1691 2322 1888 2391 πηγὰς

218 2418 225 2427 ‘
313 2406 455 2468 εἶναί
486 2431 665 2483 φαμεν
694 2415 819 2478 τοὺς
851 2413 1040 2481 ἁγίους
1082 2413 1389 2484 προφήτας,
1416 2412 1806 2481 εὐαγγελιστάς
1827 2431 1887 2467 τε

312 2506 408 2560 καὶ
449 2505 798 2569 ἀποστόλους,
834 2503 883 2556 οἳ
911 2503 999 2556 τὸν
1029 2502 1238 2557 ἀνωθεν
1270 2502 1363 2556 καὶ
1412 2502 1469 2568 ἐξ
1510 2501 1743 2574 οὐρανοῦ
1792 2502 1888 2558 καὶ

312 2597 583 2666 σωτήριον
614 2595 693 2665 τῷ
725 2595 914 2665 κόσμῳ
944 2593 1168 2663 βρύουσι
1197 2592 1375 2661 λόγον,
1408 2593 1770 2664 χορηγοῦντος
1790 2594 1887 2648 αὐ-

309 2687 424 2749 τοῖς
455 2685 551 2738 τοῦ
596 2685 753 2753 άγίου
800 2683 1136 2753 Πνεῦματος,
1173 2682 1389 2736 ἆπασάν
1422 2699 1482 2735 τε
1510 2682 1652 2736 οὕτω
1685 2701 1885 2737 κατευ-

311 2775 596 2846 φραίνουσι
628 2775 729 2845 τὴν
749 2773 840 2827 ὐπ’
868 2772 1117 2843 οὐρανόν.
1151 2773 1287 2843 Φέρε
1320 2772 1520 2838 τοίνυν,
1553 2776 1633 2838 είς
1656 2773 1724 2828 τά
1746 2774 1886 2847 βάθη

309 2866 419 2920 τῶν
470 2867 600 2937 παρ’
640 2864 806 2919 αὐτοῦ
856 2864 1075 2918 ἐννοιῶν
1124 2863 1404 2927 καθιέντες
1450 2863 1543 2918 τὸν
1590 2863 1738 2931 νοῦν,
1785 2866 1886 2937 τῆς

1991 1779 2362 1848 interpellans,
2383 1780 2469 1858 ita
2499 1779 2690 1834 scribit
2718 1795 2733 1832 :
2770 1797 2789 1831 ι
2825 1779 2882 1832 In
2913 1793 3069 1833 camo
3094 1786 3149 1831 et
3182 1776 3336 1832 freno
3370 1776 3564 1830 maxil-

1989 1870 2070 1924 las
2121 1885 2308 1926 eorum
2360 1868 2706 1938 constringe,
2752 1869 2844 1938 qui
2902 1882 3007 1923 non
3065 1867 3443 1938 approximant
3498 1866 3565 1921 ad

1989 1967 2045 2015 te
2070 1942 2145 2015 ".1
2172 1976 2192 2011 ι
2228 1958 2381 2025 Quod
2412 1959 2456 2013 si
2487 1957 2576 2012 tali
2598 1957 2780 2013 animo
2810 1958 3047 2027 praeditis
3076 1956 3426 2012 nihilominus
3456 1955 3561 2010 vim

1990 2049 2195 2106 inferre
2248 2057 2500 2118 oportet,
2559 2050 2828 2118 quomodo
2881 2047 3175 2104 absurdum
3236 2063 3342 2103 non
3399 2043 3565 2100 fuerit

1988 2141 2132 2212 apud
2164 2156 2259 2197 vos
2291 2141 2486 2206 silere,
2531 2142 2745 2210 piisque
2783 2142 2983 2196 vestris
3024 2140 3249 2195 auribus
3282 2153 3563 2195 sacrarum

1988 2230 2320 2287 Litterarum
2354 2231 2622 2296 notitiam,
2656 2230 2822 2286 veluti
2855 2230 3067 2287 dulcem
3103 2225 3388 2300 quemdam
3427 2229 3563 2283 vivi-

1989 2322 2261 2392 llcumque
2300 2321 2537 2386 laticem,
2569 2321 2710 2375 nolle
2762 2321 2999 2376 subinde
3054 2320 3358 2375 instillare?
3407 2319 3561 2385 Quod

1989 2413 2205 2484 quidem
2236 2411 2379 2466 Deus
2403 2426 2501 2480 per
2541 2409 2697 2465 Isaiae
2737 2411 3014 2480 prophetae
3052 2424 3237 2464 vocem
3288 2407 3562 2477 quondam

1988 2505 2222 2569 locutus,
2255 2502 2515 2574 ejusmodi
2542 2503 2722 2558 verbis
2754 2501 2911 2556 nobis
2940 2499 3251 2570 promittit:
3285 2518 3304 2550 ι
3342 2496 3564 2553 llaurie-

1989 2596 2080 2660 tis,
2115 2594 2313 2663 inquit,
2350 2609 2471 2649 cum
2517 2594 2717 2665 gaudio
2760 2606 2930 2662 aquas
2971 2591 3038 2645 de
3085 2590 3325 2645 fontibus
3356 2587 3564 2643 Saluta-

1986 2685 2065 2740 ris
2095 2684 2160 2736 “.
2197 2702 2216 2736 ι
2243 2680 2510 2738 Salutaris
2541 2692 2719 2737 autem
2755 2680 2926 2748 fontes
2969 2679 3302 2750 appellamus
3345 2688 3563 2735 sanctus

1985 2776 2299 2847 prophetas,
2349 2774 2712 2844 evangelistas
2745 2782 2801 2827 et
2829 2772 3104 2841 apostolos
3136 2790 3149 2825 :
3192 2771 3248 2826 hi
3287 2772 3431 2825 enim
3470 2783 3563 2825 sa-

1986 2868 2146 2923 lutari
2192 2866 2515 2936 coelitusque
2564 2866 2759 2921 hausta
2821 2863 3067 2919 doctrina
3110 2861 3367 2917 mundum
3419 2861 3562 2915 hunc

309 2955 565 3026 ἀληθείας
598 2954 697 3024 τὴν
730 2952 947 3025 εὕρεσιν
989 2954 1196 3008 ἐκεῖθεν
1231 2952 1604 3024 ἀντλήσωμεν.
1650 2954 1883 3025 Γηπόνοι

1988 2960 2241 3033 irrigant,
2295 2958 2503 3027 Spiritu
2558 2969 2748 3015 sancto
2801 2956 3018 3023 imbuti,
3079 2965 3362 3043 totumque
3418 2953 3563 3007 hunc

309 3044 410 3114 μὲν
439 3041 533 3097 οῦν
571 3043 632 3108 ἐξ
661 3041 847 3114 ἀγρῶν
888 3041 957 3096 τά
990 3044 1328 3114 εὐοσμότατα
1361 3042 1469 3096 τῶν
1499 3043 1707 3098 ἀνθέων
1740 3045 1884 3100 κατά

1989 3050 2175 3105 orbem
2205 3047 2500 3102 laetiﬁcant.
2548 3048 2607 3102 in
2654 3047 2772 3114 ejus
2815 3047 3042 3117 proinde
3089 3041 3351 3115 profunda
3401 3058 3560 3097 sensa

307 3136 532 3206 καιροὺς
562 3135 975 3205 ἀποκείραντες,
1009 3129 1130 3189 εἷτα
1151 3132 1326 3189 ταῦτα
1346 3134 1604 3205 ταλάροις
1637 3135 1881 3201 ἐνθέντες

305 3226 640 3295 ἀποφέρουσι
666 3229 778 3291 τοῖς
817 3225 1103 3290 δεσπόταις
1125 3244 1139 3257 -
1167 3228 1216 3279 oi
1256 3226 1312 3280 δὲ
1343 3228 1438 3282 καὶ
1467 3227 1587 3282 λίαν
1628 3228 1881 3300 ἀσμένως

305 3316 617 3388 προσίενταί
645 3333 726 3379 τε,
750 3317 843 3369 καὶ
863 3319 974 3380 τοῖς
998 3316 1057 3382 ἐξ
1079 3315 1238 3385 ὡρῶν
1262 3317 1668 3385 ὲπιγάννυνται.
1683 3318 1875 3389 Ἡμεῖς

303 3406 391 3470 δὲ,
407 3408 518 3459 ὅσοι
540 3407 599 3458 τὸ
626 3406 997 3460 διδασκαλικὸν
1018 3408 1213 3476 ἔχομεν
1236 3408 1597 3479 ἐπιτήδευμα,
1622 3410 1875 3482 καθάπερ

305 3496 367 3560 ἐξ
395 3494 566 3565 ἀγροῦ
594 3496 692 3565 τῆς
736 3496 1094 3549 θεοπνεύστου
1123 3496 1367 3566 Γραφῆς,
1409 3499 1508 3550 οὐκ
1539 3498 1878 3567 εὐμάραντον

307 3589 433 3642 θέαν
461 3587 905 3659 προσκομίξομεν
937 3587 1164 3652 ἀνθέων,
1213 3586 1406 3654 λόγους
1455 3588 1512 3641 δὲ
1561 3588 1761 3658 μᾶλλον
1785 3590 1881 3643 καὶ

310 3679 703 3751 μυσταγωγίαν
747 3681 844 3750 τὴν
895 3678 984 3732 διὰ
1029 3678 1125 3731 τοῦ
1177 3677 1509 3749 Πνεύματος,
1571 3679 1881 3750 ἀμάραντον

307 3771 537 3844 ἔχουσαν
568 3772 667 3842 τῆς
703 3773 781 3835 είς
822 3770 1058 3843 Χριστὸν
1117 3769 1399 3834 εὐσεσείας
1431 3771 1491 3824 τὸ
1536 3770 1752 3837 κάλλος,
1784 3772 1877 3825 εὐ-

303 3866 641 3933 ωδιάζουσάν
671 3882 732 3919 τε
769 3866 861 3919 καὶ
891 3862 1037 3934 μάλα
1062 3862 1329 3924 πλουσίως
1372 3861 1432 3915 τὸ
1461 3859 1625 3916 αὐτοῦ
1667 3860 1877 3937 μυστή-

307 3977 443 4031 ριον.
475 3959 788 4027 Γέγραπται
836 3953 966 4025 γὰρ,
987 3955 1067 4009 ὅτι
1089 3973 1108 4007 ι
1128 3940 1364 4026 Χριστὸῦ
1390 3951 1586 4027 εὐωδία
1611 3950 1777 4022 ἐσμὲν
1799 3949 1878 4021 τῷ

303 4051 445 4122 Θεῷ.
472 4070 490 4102 ι

1992 3141 2189 3196 mentis
2226 3139 2414 3195 oculos
2463 3139 2853 3209 conjicientes,
2908 3139 3153 3202 veritatis
3195 3135 3560 3191 inventionem

1986 3231 2113 3288 inde
2145 3233 2482 3288 hauriamus.
2513 3230 2977 3298 Quemadmodum
3007 3243 3139 3299 ergo
3170 3226 3423 3297 agricolae
3452 3225 3563 3278 l'ra-

1985 3322 2360 3392 grantissimos
2393 3334 2640 3391 quosque
2668 3319 2829 3378 liores
2861 3330 3163 3390 opportuno
3204 3328 3450 3387 tempore
3492 3331 3560 3369 ex

1986 3414 2130 3481 agris
2174 3413 2507 3481 decerpunt,
2560 3411 2723 3482 129
2771 3413 3163 3482 decerptosque
3217 3424 3283 3464 ac
3327 3408 3462 3464 scite
3505 3406 3560 3460 in

1987 3501 2215 3557 calathis
2240 3503 2570 3571 compositos
2596 3503 2828 3558 dominis
2861 3504 2972 3557 suis
3011 3502 3278 3566 oﬂ'erunt;
3311 3515 3446 3569 quos
3483 3498 3559 3553 illi

1988 3603 2114 3644 mox
2186 3590 2448 3645 benevole
2520 3599 2784 3660 gratoque
2855 3592 3038 3645 animo
3091 3591 3558 3660 complectuntur,

1988 3681 2412 3753 eorumdemque
2439 3681 2637 3735 decore
2669 3696 2733 3736 ac
2765 3691 3042 3737 venustate
3065 3682 3290 3736 miriﬁce
3311 3682 3560 3735 aliiciuu-

1991 3782 2124 3834 tur;
2159 3769 2232 3824 ita
2263 3785 2382 3833 nos,
2437 3762 2528 3839 qui
2572 3769 2798 3826 docendi
2846 3786 3044 3826 munus
3088 3772 3457 3840 suscepimus.
3491 3786 3557 3824 ex

1986 3860 2165 3916 divina
2197 3861 2475 3930 Scriptura
2516 3861 2681 3916 veluti
2730 3877 2797 3918 ex
2846 3878 2976 3933 agro
3016 3862 3270 3932 quopiam
3313 3875 3419 3915 non
3464 3859 3561 3912 liu-

1983 3966 2108 4007 rum
2162 3953 2270 4007 cito
2314 3953 2768 4008 marcescentium
2819 3954 3068 4009 decorem
3119 3952 3419 4016 olferimus,
3463 3951 3559 4005 sed
3596 3940 3601 3943 Α

1984 4055 2292 4096 sermonum
2323 4041 2710 4110 doctrinaeque,
2744 4058 2863 4111 quae
2894 4057 2990 4112 per
3023 4041 3278 4109 Spiritum
3310 4050 3557 4096 sanctum

303 4143 521 4214 pietatis
567 4141 619 4194 in
669 4126 947 4195 Cbrislum
997 4135 1501 4193 immarcescibilem
1563 4141 1899 4188 venustatem
1966 4132 2234 4200 continet,
2296 4147 2600 4204 magnaque
2665 4134 2933 4189 suavitate
2995 4142 3051 4190 et
3108 4134 3351 4190 ubertate
3415 4133 3557 4189 illius

304 4235 620 4305 mysterium
654 4230 860 4287 redolet
890 4226 1270 4298 fragrantiam.
1297 4224 1571 4295 Scriptum
1602 4231 1682 4279 est
1713 4222 1857 4278 enim
1889 4225 2030 4293 quod
2062 4240 2081 4274 ι
2118 4221 2323 4278 Christi
2354 4225 2530 4278 bonus
2559 4223 2694 4279 odor
2722 4237 2911 4279 sumus
2938 4222 3047 4277 Deo
3069 4222 3136 4278 ".
3162 4240 3181 4274 ι

371 4330 448 4384 B’.
488 4327 755 4399 Πρόσειμι
786 4325 851 4397 δὴ
881 4317 973 4377 οὖν
999 4322 1270 4386 ἀνατιθεὶς
1298 4321 1388 4375 τὸν
1415 4319 1572 4389 λόγον
1606 4318 1735 4389 ὑμῖν
1760 4319 1880 4382 ταῖς
1910 4321 1954 4377 Β

302 4402 719 4479 εὐσεϐεστάταις
752 4412 1125 4485 βασιλίσσαις·
1159 4410 1454 4482 πεποίηται
1507 4408 1564 4462 δέ
1613 4425 1704 4479 μοι
1745 4408 1875 4479 περὶ

301 4507 398 4576 τῆς
432 4507 597 4577 ὀρθῆς
635 4506 731 4560 καὶ
760 4505 1064 4576 ἀμωμήτου
1094 4502 1350 4565 πίστεως,
1382 4501 1525 4571 ἥπερ
1553 4500 1619 4554 ἂν
1663 4497 1872 4567 γένοιτο

302 4602 433 4669 παρ’
477 4598 631 4667 ὑμῶν
670 4599 749 4660 είς
778 4596 868 4651 τὸν
911 4594 1115 4664 Κύριον
1164 4593 1321 4664 ἡμῶν
1362 4590 1569 4663 Ἰησοῦν
1611 4589 1867 4661 Χριστόν.

298 4690 508 4760 Πρέπει
540 4688 649 4760 γὰρ
689 4689 817 4758 ὑμῖν
863 4687 927 4757 δὴ
958 4685 1193 4757 μάλιστα
1219 4686 1340 4747 ταῖς
1368 4682 1542 4745 οὕτως
1581 4681 1754 4745 ὁσίαις
1779 4681 1871 4734 καὶ

301 4776 762 4842 θεοφιλεστάταις,
798 4774 933 4844 ὁμοῦ
968 4775 1081 4836 τοῖς
1104 4773 1203 4843 τῆς
1236 4769 1514 4842 βασιλείας
1544 4770 1871 4842 ὑπερτάτοις

298 4865 597 4935 αὐχήμασι,
630 4864 725 4917 καὶ
754 4864 851 4933 τῆς
880 4865 961 4926 είς
985 4861 1219 4935 Χριστὸν
1241 4860 1466 4932 ἀγάπης
1489 4860 1580 4913 τὸν
1608 4860 1870 4929 στέφανον

296 4955 649 5024 ἀναδήσαθαι.
677 4956 816 5024 Ἤδη
847 4953 945 5025 μὲν
973 4950 1066 5008 οὖν
1087 4956 1207 5016 ταῖς
1235 4953 1500 5022 ἀοιδίμοις
1522 4952 1674 5022 ὑμῶν
1699 4953 1869 5021 ἐφήρ-

299 5061 493 5113 μοσται
523 5046 807 5114 κορυφαῖς,
836 5043 933 5096 καὶ
962 5042 1340 5113 ἀτελευτήτοις
1371 5042 1515 5110 ὑμᾶς
1542 5040 1812 5104 εὐκλείαις
1841 5042 1869 5093 ὁ

294 5134 402 5185 τῶν
433 5134 570 5186 ὅλων
603 5133 1027 5203 καταφαιδρύνει
1059 5132 1210 5196 Θεός.
1267 5132 1441 5202 ’Υπὲρ
1470 5131 1601 5200 γοῦν
1633 5133 1727 5185 τοῦ
1773 5132 1868 5185 καὶ

294 5225 372 5277 ἔτι
404 5224 666 5293 μειζόνως
712 5222 1291 5295 καταλαμπρύνεσθαι,
1329 5222 1423 5277 τοῦ
1464 5222 1606 5277 κατά
1632 5223 1867 5294 Χριστὸν

298 5314 596 5383 μυστηρίου
628 5314 725 5385 τὴν
765 5314 968 5385 ἀκριϐῆ
1013 5331 1071 5366 τε
1116 5314 1210 5367 καὶ
1237 5312 1616 5383 άκιῦδήλευτον
1664 5314 1866 5384 γνῶσιν

294 5404 523 5473 ἐχούσας
553 5407 632 5468 εἰς
671 5404 815 5468 νοῦν,
846 5404 1165 5457 συντέθεικα
1188 5403 1249 5456 τὸ
1280 5402 1528 5471 λογίδιον,
1558 5403 1644 5458 διὰ
1684 5404 1865 5476 πάσης

2073 4315 2138 4372 ll.
2216 4317 2295 4372 En
2339 4331 2506 4388 ergo,
2557 4317 2757 4388 reginae
2837 4317 3057 4386 pietatis
3133 4317 3554 4383 amantissimae,

1982 4410 2181 4466 librum
2213 4424 2372 4479 quem
2415 4411 2482 4465 de
2512 4419 2658 4466 recta
2706 4420 2762 4466 et
2805 4410 3117 4481 inculpabili
3163 4412 3215 4464 in
3271 4409 3552 4464 Dominum

1979 4510 2224 4559 nostrum
2266 4498 2450 4555 Jesum
2492 4499 2771 4555 Christum
2818 4500 2950 4564 (ide,
2994 4498 3169 4568 qualis
3211 4509 3389 4553 vestra
3432 4512 3556 4554 esse

1976 4595 2156 4659 debet,
2187 4592 2509 4661 conscripsi,
2534 4591 2687 4647 vobis
2715 4590 2904 4646 oﬁ‘ero.
2938 4590 3100 4646 Decet
3131 4591 3274 4644 enim
3307 4604 3402 4645 vos
3434 4605 3556 4645 san-

1977 4684 2251 4740 ctimoniae
2305 4690 2361 4738 et
2415 4683 2599 4752 pietati
2658 4683 2903 4753 apprime
2960 4682 3222 4747 addictas,
3267 4695 3371 4735 una
3428 4696 3548 4735 cum

1978 4790 2193 4832 summo
2223 4774 2642 4846 regnifastigio,
2676 4773 2956 4830 charitatis
2983 4789 3197 4844 qunque
3226 4789 3346 4844 qua:
3373 4782 3459 4828 est
3495 4774 3547 4827 in

1977 4868 2273 4932 Christum,
2326 4882 2525 4922 corona
2566 4867 2825 4921 redimiri.
2868 4865 2994 4922 Haec
3035 4867 3180 4921 enim
3226 4864 3549 4920 venerandis

1977 4959 2172 5015 vestris
2212 4960 2506 5013 verticibus
2531 4957 2641 5027 jam
2692 4967 2870 5027 aptata
2922 4966 3027 5026 est,
3073 4966 3127 5013 et
3171 4958 3547 5011 universorum

1974 5050 2234 5103 Dominus
2262 5048 2430 5119 gloria
2462 5065 2740 5118 nunquam
2773 5050 3016 5120 peritura
3065 5063 3162 5103 vos
3193 5048 3544 5102 condecorat.

1970 5140 2222 5193 Attamen
2253 5154 2360 5209 quo
2400 5141 2573 5211 magis
2613 5141 2776 5196 etiam
2826 5137 3261 5194 condecoremini
3288 5176 3303 5202 ,
3345 5136 3545 5191 Christi

1973 5228 2287 5299 mysterium
2318 5239 2508 5285 exacta
2539 5239 2593 5284 et
2624 5245 2961 5301 nequaquam
3004 5226 3306 5282 adulterata
3351 5227 3542 5282 notitia

1969 5317 2348 5386 percipientes,
2378 5319 2777 5375 oratiunculam
2822 5316 3136 5387 composui,
3174 5316 3226 5370 in
3268 5330 3373 5385 qua
3415 5315 3545 5372 illud

1971 5423 2360 5479 usquequaque
2391 5410 2611 5479 planum
2659 5411 2827 5488 facio,
2865 5410 3007 5480 quod
3043 5408 3187 5465 sicut
3237 5425 3257 5461 ι
3295 5422 3431 5464 unus
3461 5416 3543 5465 est

367 5579 407 5610 ⁸⁵
440 5578 540 5632 lsa.
580 5595 663 5644 χι,
697 5581 745 5634 ο.
828 5581 871 5611 ⁸³
903 5577 1042 5634 Psal.
1075 5593 1219 5647 xxxi,
1255 5577 1305 5631 9.
1384 5578 1427 5610 “
1460 5577 1557 5633 lsa.
1592 5595 1685 5644 xu,
1718 5580 1769 5633 ὅ.
1854 5582 1885 5612 ετ

1987 5582 2109 5638 Cor.
2151 5599 2213 5651 ιι,
2251 5585 2333 5641 ιδ.
