3942 6128
430 183 564 239 1239

1409 183 1467 240 S.
1509 183 1784 242 CYHILLI
1822 179 2290 238 ALEXANDRINI
2329 177 2645 240 ARCIIIEP.

3548 178 3712 237 ι’δισ

429 303 608 370 Pater,
640 318 706 356 ex
738 317 842 372 quo
870 303 1048 358 omnia
1080 326 1092 358 ι
1127 303 1198 356 ita
1231 318 1394 358 unum
1425 320 1638 374 quoque
1667 320 1785 360 esse
1817 306 1993 359 Domi-

2098 303 2308 366 ἐννοίας
2357 302 2732 365 καταδεικνὺς,
2766 301 2868 364 ὅτι,
2909 319 2926 351 ι
2963 300 3152 376 ὥσπερ
3178 301 3323 353 ἐστὶν
3348 294 3430 363 εἷς
3475 300 3617 363 Θεὸς
3669 303 3699 353 6

428 411 558 448 num
591 405 833 449 nostrum
862 394 1043 451 Jesum
1089 392 1396 459 Christum,
1439 410 1534 464 per
1576 410 1732 463 quem
1771 395 1993 451 omnia:

431 503 569 540 unus
625 487 845 540 omnino
895 493 977 540 cst
1029 485 1261 554 Spiritus
1315 495 1554 549 sanctus,
1607 487 1658 539 in
1721 501 1827 555 quo
1878 501 1994 540 om-

430 579 516 630 nia
543 578 608 629 ".
650 596 668 630 ι
705 577 803 642 Qui
835 587 1013 630 autem
1046 592 1209 629 unum
1239 574 1513 629 Christum
1545 584 1598 629 et
1630 577 1913 629 Dominum
1943 585 1998 630 et

432 667 623 720 Filium
670 668 721 718 in
772 668 904 719 duos
955 665 1094 719 ﬁlios
1135 665 1424 730 divellunt,
1470 680 1566 719 nos
1611 677 1758 720 recte
1808 680 1998 735 sapere

428 756 628 820 cdocti,
685 757 802 809 illos
855 757 1164 824 neutiquam
1220 756 1623 810 sustinebimus.
1681 755 1796 810 Non
1853 757 1995 810 enim

431 851 592 902 alium
619 865 738 902 esse
769 848 1004 902 dicimus
1034 847 1228 900 Filium
1263 861 1385 901 eum
1418 848 1507 914 qui
1542 860 1665 902 ante
1694 849 1872 902 omnia
1905 863 2000 902 sa:-

428 941 551 993 cula
581 956 645 992 ex
684 939 772 992 Dei
801 938 976 992 Patris
1006 938 1309 993 substantia
1353 941 1564 1008 genitus
1594 949 1697 1003 est,
1738 950 1793 995 et
1831 941 1994 993 alium

432 1047 668 1093 rursum,
700 1031 790 1096 qui
825 1030 1132 1085 novissimis
1182 1030 1512 1099 temporibus
1541 1045 1606 1084 ex
1647 1031 1870 1085 muliere
1902 1048 1998 1084 na-

431 1129 539 1184 tus,
569 1131 620 1174 et
671 1120 770 1187 legi
815 1121 1082 1174 obnoxius
1121 1120 1292 1173 lactus
1333 1129 1454 1184 est;
1503 1121 1594 1174 sed
1645 1137 1804 1174 unum
1845 1135 1996 1174 eum-

430 1211 659 1276 demque
693 1220 796 1262 tam
830 1220 956 1264 ante
988 1225 1169 1264 veram
1218 1210 1360 1263 illam
1393 1209 1552 1264 Verbi
1598 1224 1718 1264 cum
1761 1212 1996 1264 humana

430 1319 594 1357 carne
638 1302 1089 1368 conjunctionem,
1139 1317 1299 1369 quam
1342 1310 1461 1368 post
1500 1304 1742 1356 eamdem
1777 1320 1792 1355 :
1825 1318 1998 1372 quan-

432 1395 715 1463 doquidem
750 1393 936 1458 Filius,
970 1393 1062 1460 qui
1099 1394 1419 1447 naturaliter
1448 1409 1511 1448 ex
1544 1393 1652 1448 Deo
1683 1393 1841 1448 Patre
1866 1409 1995 1464 pro-

430 1486 594 1546 cedit,
628 1500 855 1552 corpore
886 1484 1142 1546 animato,
1175 1493 1229 1537 et
1259 1495 1439 1539 mente
1471 1485 1744 1553 perfecto,
1775 1499 1840 1539 ex
1872 1484 1997 1538 Dei-

430 1591 560 1644 para
595 1574 808 1644 Virgine
837 1573 1004 1626 Maria
1035 1583 1333 1643 assumpto,
1366 1584 1522 1630 natus
1569 1585 1653 1630 est
1698 1577 1993 1631 secundum

2099 395 2311 463 Πατὴρ,
2343 395 2401 460 ἐξ
2427 389 2487 446 οῦ
2520 393 2587 446 τὰ
2635 391 2810 445 πάντα
2832 408 2846 423 ο
2899 392 3041 445 οὕτω
3089 393 3182 445 καὶ
3215 389 3296 454 εἷς
3334 392 3547 462 Κύριος
3595 391 3701 462 ἰη-

2100 484 2226 548 σοῦς
2261 485 2514 555 Χριστὸς,
2541 485 2607 537 δι’
2638 479 2696 539 οὗ
2728 485 2795 538 τὰ
2828 483 3033 537 πάντα·
3071 484 3128 538 ἓν
3157 484 3211 537 δὲ
3255 485 3430 554 δήπου
3465 484 3700 546 πάντ-ως

2098 575 2190 627 καὶ
2211 573 2271 625 τὸ
2296 573 2521 642 Πνεῦμα
2545 573 2606 624 τὸ
2632 574 2958 640 ᾶγιον.›Καὶ
2981 573 3087 626 τῶν
3114 576 3192 637 είς
3221 573 3314 626 δύο
3343 574 3698 644 μεριζόντων

2097 665 2247 726 υἱοὺς
2279 664 2370 717 τὸν
2419 663 2513 716 ἕνα
2561 662 2794 734 Χριστὸν
2845 664 2938 716 καὶ
2970 663 3094 716 Υἱὸν
3141 665 3234 716 καὶ
3276 663 3512 731 Κύριον,
3551 664 3700 733 ὀρθὰ

2099 755 2312 824 φρονεῖν
2343 753 2640 820 ἐγνωκότες
2679 754 2778 807 οὑκ
2829 753 3148 823 ἀνεξόμεθα.
3208 754 3282 806 Οὑ
3334 755 3447 825 γὰρ
3497 753 3700 825 ’ἕτερον

2097 841 2235 898 εἷναί
2271 862 2448 914 φαμεν
2483 843 2610 896 Υῑὸν
2644 844 2737 897 τὸν
2787 843 2892 914 πρὸ
2926 843 3127 907 παντὸς
3175 844 3371 906 αἰῶνος
3421 862 3702 913 γεγεννη-

2076 936 2258 1006 -μένον
2286 936 2350 988 ὲκ
2376 935 2474 1003 τῆς
2501 935 2686 998 οὐσίας
2723 936 2817 988 τοῦ
2844 935 2978 988 Θεοῦ
3011 937 3105 988 καὶ
3138 935 3375 1007 Πατρὸς,
3406 937 3613 1006 ἕτερον
3641 937 3698 989 ἃ

2095 1023 2186 1077 τὸν
2217 1025 2274 1078 ἐν
2303 1024 2550 1094 ἐσχάτοις
2583 1028 2794 1095 καιροῖς
2838 1026 3131 1094 γενόμενον
3162 1029 3224 1079 ὲκ
3257 1027 3552 1094 γυναικὸς,
3599 1044 3697 1093 γε-

2097 1115 2320 1184 νόμενον
2364 1116 2469 1168 ὑπὸ
2499 1116 2662 1184 νόμον
2683 1135 2695 1147 ·
2725 1116 2840 1169 ἀλλ’
2864 1117 2958 1170 ἕνα
2991 1118 3086 1170 καὶ
3125 1117 3216 1169 τὸν
3257 1117 3424 1171 αὑτὸν
3458 1119 3561 1170 xui.
3590 1118 3698 1187 πρὸ

2095 1205 2197 1274 τῆς
2243 1205 2376 1275 πρὸς
2417 1207 2593 1276 σάρκα
2626 1207 2840 1259 συνόδου
2874 1208 2967 1260 καὶ
3007 1205 3250 1271 ένὼσεως
3290 1207 3566 1276 ἀληθοῦς,
3602 1208 3694 1261 καὶ

2100 1294 2238 1364 μετὰ
2269 1295 2424 1348 τοῦτο
2449 1295 2551 1350 ἔτι.
2593 1295 2650 1349 '0
2681 1296 2790 1367 γὰρ
2824 1299 2888 1350 ὲκ
2913 1297 3047 1350 Θεοῦ
3096 1297 3310 1368 Πατρὸς
3342 1297 3498 1350 κατὰ
3535 1298 3694 1366 φύσιν

2097 1383 2244 1449 Υἱὸς,
2275 1383 2519 1454 ἔμψυχόν
2542 1401 2604 1437 τε
2635 1385 2728 1437 καὶ
2755 1386 2937 1439 ἔννουν
2965 1386 3141 1457 ἑαυτῷ
3170 1388 3327 1456 σῶμα
3359 1385 3581 1449 λαϐὼν,
3605 1404 3693 1453 γε·

2096 1475 2350 1547 γέννηται
2413 1476 2690 1547 σαρκικῶς
2744 1477 2833 1530 διὰ
2886 1477 2986 1547 τῆς
3041 1479 3204 1547 ἁγίας
3260 1478 3558 1548 Παρθένου
3607 1477 3694 1529 καὶ

2096 1567 2360 1620 Θεοτόκου
2399 1569 2638 1640 Μαρίας,
2676 1570 2769 1622 καὶ
2799 1570 2899 1623 οὑκ
2942 1572 3024 1634 είς
3069 1571 3247 1641 σάρκα
3295 1570 3553 1641 τραπεὶς
3598 1567 3694 1637 (μὴ

430 1681 674 1729 carnem,
707 1665 850 1719 nullo
880 1679 1058 1719 autem
1101 1667 1258 1720 modo
1300 1681 1487 1721 versus
1528 1675 1609 1721 est
1644 1667 1695 1720 iu
1728 1681 1946 1721 carnem
1977 1684 1992 1722 :

2097 1651 2302 1722 γένοιτο
2326 1655 2387 1722 l),
2427 1655 2750 1724 προσλαϐὼν
2785 1657 2842 1709 δὲ
2881 1658 3079 1727 μᾶλλον
3113 1659 3323 1729 αὐτὴν,
3356 1658 3458 1710 καὶ
3500 1657 3601 1710 τοῦ
3622 1653 3696 1710 εῖ-

432 1757 593 1810 absit.
628 1757 902 1824 Siquidem
937 1756 1076 1808 illam
1109 1755 1180 1810 ita
1211 1757 1537 1825 assumpsit,
1573 1767 1629 1811 ut
1660 1758 1992 1837 divinitatem

429 1865 583 1904 suam
617 1849 757 1902 milla
787 1865 851 1903 ev
886 1858 1037 1917 parte
1067 1847 1302 1914 lmserit;
1336 1851 1538 1905 mansit
1560 1867 1793 1922 namque
1821 1864 1875 1908 et
1895 1855 1996 1911 hoc

427 1955 647 2008 quoque
679 1940 839 1994 modo
871 1939 1246 1994 universorum
1280 1940 1558 1996 Dominus.

506 2030 768 2100 130m.
810 2031 875 2086 Et
909 2033 1020 2086 haec
1062 2031 1277 2099 quidem
1322 2033 1524 2088 sentire
1567 2034 1743 2090 edocti
1781 2051 1991 2091 sumus.

425 2123 694 2188 Quoniam
731 2133 1037 2178 sanctorum
1063 2123 1284 2178 Patrum
1317 2140 1618 2190 sermones,
1651 2129 1993 2183 eorumdem-

383 2275 388 2280 ,
426 2233 533 2284 que
564 2211 871 2272 sanctiones
897 2218 1171 2287 sapienter
1193 2218 1504 2283 admonent,
1523 2229 1578 2271 ut
1602 2234 1797 2289 magno
1819 2221 1996 2274 studio

427 2309 824 2377 diligenterque
857 2310 1230 2374 observemus,
1282 2307 1412 2378 quid
1463 2309 1661 2366 divina:
1702 2310 1996 2380 Scriptura:

425 2415 590 2468 quam
637 2400 870 2454 maxime
902 2410 1325 2455 consentaneum
1360 2402 1452 2468 sit,
1494 2402 1786 2470 subtilique
1826 2416 1995 2457 sensu

427 2491 496 2544 ad
528 2506 590 2544 ea
621 2505 744 2558 quas
776 2491 840 2544 de
871 2490 1088 2544 Christo
1123 2491 1368 2559 exposita
1393 2499 1516 2545 sunt
1546 2491 1812 2556 adhibito,
1847 2493 1994 2546 veri-

428 2592 592 2636 tatem
623 2582 924 2634 divinorum
959 2581 1267 2649 dogmatum
1307 2581 1775 2651 contemplemur:
1855 2582 1996 2637 Con-

424 2673 545 2728 silia
576 2681 901 2734 evertentes,
937 2681 992 2726 et
1022 2686 1240 2726 onmem
1272 2672 1612 2729 altitudinem
1645 2675 1993 2730 extollentem

428 2781 490 2820 se
520 2767 780 2817 adversus
831 2764 1192 2832 cognitionem
1227 2764 1356 2832 Dei;
1407 2773 1461 2818 et
1507 2766 1842 2834 captivantes
1878 2781 1997 2821 om-

430 2872 549 2910 nem
577 2855 902 2908 intellectum
931 2855 980 2906 in
1007 2854 1371 2910 obedientiam
1401 2856 1518 2925 ejus
1541 2855 1608 2909 “.
1639 2875 1658 2908 ›
1686 2855 1821 2911 Cum
1849 2858 1993 2911 enim

428 2957 797 3014 congruenter
829 2961 935 2999 uno
973 2962 1238 3003 consensu
1277 2948 1550 3003 fateantur
1591 2964 1800 3012 omnes.
1833 2961 1994 3004 natu-

430 3038 542 3092 rale
573 3038 664 3091 Dei
695 3037 874 3091 Patris
901 3035 1159 3102 Verbum,
1189 3039 1332 3107 quod
1363 3039 1414 3092 in
1441 3039 1677 3106 ejusdem
1707 3039 1798 3094 Dei
1821 3040 1991 3095 forma

426 3128 802 3196 ctmqualitate
823 3129 1060 3194 exsistit,
1079 3145 1219 3183 (non
1252 3131 1496 3196 rapinam
1524 3130 1847 3184 arbitratum
1875 3145 1994 3184 esse

425 3234 484 3271 se
526 3218 781 3285 :rqualem
817 3217 963 3281 Deo;
1000 3219 1094 3272 sed
1122 3218 1292 3271 forma
1329 3219 1469 3272 servi
1519 3231 1736 3288 accepta
1784 3231 1994 3274 semet-

430 3311 605 3377 ipsum
638 3308 1026 3372 exinanivisse,
1060 3322 1123 3360 ac
1161 3308 1214 3361 in
1255 3307 1666 3362 similitudinem
1713 3310 1993 3364 hominum

427 3400 654 3463 factum,
684 3399 738 3452 in
789 3400 1136 3467 humanoque
1181 3400 1366 3455 habitu
1413 3399 1691 3456 inventum
1726 3396 1785 3457 se
1813 3403 1992 3458 humi-

427 3489 608 3554 liasse,
653 3504 718 3543 ac
755 3489 820 3543 ad
860 3499 1091 3544 mortem
1136 3491 1352 3545 tandem
1399 3507 1568 3560 usque
1611 3493 1871 3550 obediens
1912 3494 1994 3548 l'a-

433 3593 578 3635 ctum
599 3581 782 3636 crucis
801 3591 1028 3636 mortem
1050 3583 1285 3637 subiisse
1308 3583 1354 3614 ⁷⁸
1385 3586 1810 3648 “necessarium
1837 3585 1996 3654 plane

425 3684 511 3728 est
557 3689 679 3729 eum
713 3674 803 3743 qui
851 3689 1036 3728 eorum
1082 3675 1212 3740 vim,
1252 3689 1369 3742 qua:
1415 3675 1479 3730 de
1527 3673 1747 3730 Cbristo
1793 3677 1993 3744 scripta

424 3774 659 3830 exstant,
702 3775 848 3820 recte
883 3765 1180 3833 diiudicare
1213 3767 1348 3832 vult,
1384 3775 1573 3837 pectus
1605 3769 1826 3836 optimis
1867 3783 1994 3824 sen-

361 3925 369 3932 _
428 3857 614 3911 tentiis
671 3857 1000 3912 instructum
1057 3858 1296 3924 habere;
1349 3869 1408 3913 ut
1459 3860 1737 3930 percipere
1790 3861 1992 3927 valeat,

425 3949 697 4016 quomodo
733 3949 874 4004 Deus
909 3949 1068 4002 simul
1113 3960 1169 4004 et
1213 3950 1374 4005 homo
1421 3950 1558 4004 idem
1593 3951 1706 4020 ipse
1749 3949 1995 4006 Christus

423 4041 671 4103 exsistat,
709 4047 765 4092 et
791 4039 930 4093 Deus
958 4053 1079 4093 esse
1113 4040 1230 4094 sine
1264 4039 1371 4092 ulla
1401 4039 1718 4094 alteratione
1747 4050 1842 4094 aut
1871 4055 1992 4094 mus

425 4129 627 4182 talione
681 4139 994 4198 perseveret
1052 4130 1431 4198 (immutabilis
1496 4130 1640 4185 enim
1693 4139 1780 4186 est
1829 4131 1991 4187 Verbi

426 4220 661 4288 natura),
695 4229 748 4273 et
791 4219 1186 4274 exinanitionis
1215 4219 1571 4274 humilitatem
1594 4235 1698 4274 non
1733 4232 1991 4290 respuat:

2096 1755 2182 1791 ναι
2207 1739 2338 1802 Θεὸς
2371 1741 2469 1792 οὑκ
2497 1741 2813 1812 ἡμεληκὼςο
2845 1745 3123 1816 μεμένηκε
3152 1745 3262 1818 γὰρ
3290 1748 3391 1799 καὶ
3407 1747 3566 1800 οὕτω
3590 1747 3696 1798 τῶν

2095 1827 2230 1881 ὅλων
2256 1829 2552 1901 Δεσπότης.

2166 2029 2239 2086 Γ’.
2283 2031 2467 2086 Ταῦτα
2494 2037 2708 2106 φρονεῖν
2739 2037 3118 2107 δεδιδάγμεθα.
3165 2038 3363 2108 Σοφοίς
3397 2040 3510 2110 γὰρ
3539 2042 3694 2111 ἡμᾶς

2096 2123 2550 2194 παραγγέλμασιν
2602 2129 2650 2180 οί
2706 2127 2816 2180 τῶν
2869 2129 3043 2196 ἁγίων
3080 2129 3490 2200 ἀποκομίζουσι
3537 2131 3695 2199 λόγος.

2095 2211 2228 2280 πρός
2259 2231 2320 2281 γε
2351 2215 2411 2267 τὸ
2443 2216 2641 2286 χρῆναι
2675 2219 2984 2290 φιλοτηρεῖν
3016 2221 3075 2272 τὸ
3121 2223 3232 2285 τοῖς
3267 2221 3437 2291 ἱεροῖς
3501 2222 3697 2292 Γραμ-

2097 2319 2260 2370 μασιν
2297 2303 2371 2357 ὅτι
2427 2307 2662 2373 μάλιστα
2713 2307 2924 2375 δοκοῦν,
2962 2311 3057 2363 καὶ
3103 2309 3200 2381 τὴν
3252 2313 3311 2363 ὲν
3351 2315 3464 2374 τοῖς
3527 2312 3694 2374 θείως

2093 2391 2356 2463 δόγμασιν
2387 2396 2648 2468 ἀλήθειαν
2682 2402 3176 2466 κατασκέπτεσθαι,
3206 2403 3410 2458 λεπτὸν
3445 2406 3693 2467 ἐνιέντας

2093 2482 2205 2544 τοῖς
2258 2484 2386 2552 περὶ
2427 2485 2663 2554 Χριστοῦ
2723 2488 3072 2560 λαλουμένοις
3112 2490 3201 2543 τὸν
3256 2491 3420 2544 νοῦν·
3467 2513 3488 2543 ι
3543 2493 3693 2546 Καο-

2095 2572 2376 2644 αιροῦντες
2412 2575 2510 2644 μὲν
2533 2576 2849 2649 λογισμοὺς,
2887 2582 2982 2633 καὶ
3009 2584 3115 2634 πᾶν
3152 2581 3354 2650 ὕψωμα
3379 2584 3694 2652 ὲπαιῴμε-

2095 2679 2184 2716 νον
2216 2663 2358 2717 κατὰ
2382 2665 2478 2735 τῆς
2511 2667 2765 2735 γνώσεως
2795 2668 2887 2721 τοῦ
2917 2668 3072 2732 Θεοῦ,
3107 2671 3199 2724 καὶ
3237 2672 3692 2740 αἰχμαλωτίζονο

2095 2771 2186 2816 τες
2221 2755 2328 2806 πᾶν
2359 2756 2535 2827 νόημα
2583 2761 2662 2821 είς
2699 2759 2798 2829 τὴν
2832 2761 3079 2831 ὑπακοὴν
3128 2761 3316 2815 αὑτοῦ.
3364 2782 3382 2813 ι
3428 2762 3694 2832 Ἐχοντος

2096 2845 2205 2915 γὰρ
2234 2846 2538 2918 ἀραρότως,
2580 2851 2674 2902 καὶ
2717 2850 3153 2922 ὁμολογουμένου
3197 2854 3349 2924 παρὰ
3389 2857 3584 2917 πᾶσιν,
3612 2856 3692 2908 ὅτι

2098 2939 2194 2992 καὶ
2239 2941 2296 2992 ὲν
2351 2945 2532 3013 μορφῇ
2589 2945 2684 2997 καὶ
2726 2945 2932 3014 ἰσότητι
2981 2946 3073 3000 τοῦ
3127 2946 3264 3000 Θεοῦ
3323 2948 3425 3000 καὶ
3473 2948 3693 3019 Πατρὸς

2097 3031 2357 3101 ὑπάρχων
2388 3034 2416 3085 ό
2448 3033 2506 3096 ἐξ
2534 3033 2697 3087 αὑτοῦ
2732 3035 2873 3089 κατὰ
2897 3036 3058 3106 φύσιν
3094 3037 3287 3106 Λόγος,
3327 3057 3346 3089 r
3380 3040 3480 3107 οὑχ
3504 3041 3689 3112 ἁρπα-

2093 3121 2234 3190 γμὸν
2305 3123 2551 3193 ἡγήσατο
2601 3125 2662 3178 τὸ
2716 3123 2856 3181 εἶναι
2927 3129 3018 3182 ῐσα
3091 3128 3210 3199 Θεῷ
3249 3147 3262 3160 ·
3316 3129 3435 3184 ἀλλ’
3491 3132 3690 3184 ἑαυτὸν

2093 3211 2348 3277 ἐκένωσε,
2374 3214 2586 3284 μορφὴν
2606 3216 2792 3270 δούλου
2814 3218 3015 3271 λαϐὠνο
3043 3222 3100 3273 ὲν
3123 3222 3438 3294 ὁμοιώματι
3467 3224 3689 3294 ἀνθρώ-

2094 3319 2212 3355 πων
2240 3303 2549 3374 γενόμενος,
2579 3308 2672 3360 καὶ
2710 3310 2950 3378 σχήματι
2984 3311 3226 3382 εὑρεθεὶς
3254 3313 3331 3376 ὡς
3369 3313 3684 3384 ἄνθρωπος,

2094 3396 2456 3450 ἐταπείνωσεν
2491 3399 2702 3465 ἑαυτὸν,
2737 3401 3030 3470 γενόμενος
3079 3403 3322 3474 ὑπήκοος
3369 3406 3538 3478 μέχρι
3590 3408 3687 3462 θα·-

2094 3487 2276 3551 νάτου,
2309 3487 2536 3542 θανάτου
2566 3488 2624 3540 δὲ
2656 3491 2949 3561 σταυροῦ-ι
2989 3493 3140 3546 πᾶσὰ
3166 3511 3282 3558 πως
3317 3496 3541 3566 ἀνάγκη
3573 3497 3690 3550 θεο-

2095 3576 2282 3644 φιλοῦς
2332 3578 2577 3643 ἐπινοίας
2631 3587 2656 3615 °
2707 3583 3003 3653 ὲπίμεστον
3057 3585 3203 3654 ἔχειν
3252 3587 3343 3639 τὸν
3398 3587 3557 3651 νοῦν,
3601 3589 3690 3640 τὶν

2093 3661 2246 3739 ᾧπερ
2289 3669 2354 3721 ἂν
2406 3669 2615 3737 γένοιτο
2665 3675 2865 3739 σκοπὸς
2907 3675 3206 3748 διακρίνειν
3264 3675 3324 3731 εὖ
3379 3679 3533 3746 μάλα
3583 3680 3691 3731 τῶν

2095 3762 2224 3832 περὶ
2247 3761 2415 3814 αὑτοῦ
2464 3765 2865 3834 γεγραμμένων
2890 3767 2988 3838 τὴν
3015 3767 3264 3836 δύναμινο
3300 3769 3391 3822 ἵνα
3420 3772 3478 3822 ὲν
3500 3770 3692 3839 ταυτῷ

2093 3850 2225 3914 Θεός
2255 3868 2314 3904 τε
2337 3852 2475 3922 όμοῦ
2512 3855 2602 3906 καὶ
2633 3855 2918 3926 ἄνθρωπος
2958 3859 2986 3910 ὁ
3011 3858 3172 3922 αὑτὸς
3209 3860 3476 3931 ὑπάρχων
3505 3863 3693 3928 ἐπιγι-

2093 3941 2392 4012 νώσκηται,
2450 3944 2546 3997 καί¹
2588 3945 2650 3998 τὸ
2687 3941 2826 3999 εἶναι
2873 3947 3006 4010 Θεὸς
3061 3949 3499 4021 ἀπαραποιήτως
3554 3951 3690 4021 ἔχων

2097 4034 2113 4102 (
2123 4034 2392 4104 ἄτρεπτος
2421 4034 2529 4107 γὰρ
2555 4038 2586 4105 ή
2613 4036 2707 4088 τοῦ
2741 4038 2914 4105 Λόγου
2945 4037 3150 4108 φύσις),
3171 4040 3266 4093 καὶ
3295 4041 3356 4092 τὸ
3384 4041 3488 4108 τῆς
3519 4042 3692 4095 κενὼ-

2096 4142 2234 4198 σεως
2289 4126 2485 4196 μέτρον
2532 4128 2591 4180 οὑ
2645 4129 3099 4201 παραιτούμενος.
3170 4131 3513 4203 Ἐπερυθριᾷ
3583 4134 3690 4202 γὰρ

2093 4217 2346 4286 οὐδαμῶς
2395 4221 2508 4283 τοῖς
2561 4220 2710 4286 ἰδίοις
2745 4221 3085 4292 σκέμμασιν,
3109 4224 3138 4275 ό
3171 4222 3404 4275 κένωσιν
3438 4225 3541 4294 τὴν
3578 4225 3690 4278 ἐθε-

425 4325 600 4378 neque
631 4310 774 4364 enim
814 4313 904 4380 qui
940 4311 1336 4381 dispensatoris
1382 4311 1592 4367 ratione
1634 4312 1991 4367 voluntariam

2097 4309 2308 4362 λοὺσιον
2341 4311 2698 4381 οἰκονομικῶς
2734 4313 2800 4366 δι’
2831 4316 2978 4384 ἡμᾶς
3009 4314 3328 4384 ὑπομείνας.
3377 4317 3475 4368 Δεῖ
3504 4319 3688 4370 τοίνυν

426 4403 596 4455 nostri
627 4417 790 4455 causa
841 4402 1272 4456 humiliationem
1305 4401 1582 4466 sustinuit,
1611 4402 1676 4457 de
1719 4403 1832 4457 suis
1861 4418 1994 4458 con-

425 4492 560 4546 siliis
589 4492 880 4547 erubescit.
927 4492 1154 4562 Oportet
1196 4493 1378 4562 itaque
1417 4492 1564 4547 illum
1605 4502 1659 4548 et
1693 4493 1994 4549 divinitatis

424 4582 706 4650 majestate
747 4583 1097 4652 conspicuum
1128 4583 1320 4650 videri,
1365 4591 1420 4637 et
1467 4597 1496 4636 a
1543 4591 1745 4637 nostra:
1777 4599 1990 4638 rursum

424 4673 746 4728 humilitatis
782 4675 1114 4739 conditione,
1159 4684 1380 4744 propter
1425 4682 1759 4742 assumptam
1797 4673 1990 4728 huma-

427 4763 673 4829 nitatem,
714 4779 819 4817 non
863 4780 1086 4832 prorsus
1115 4767 1350 4821 alienum
1385 4780 1505 4821 esse
1563 4763 1816 4819 arbitrari
1845 4785 1857 4818 :
1887 4767 1986 4822 hoc

423 4853 568 4908 enim
611 4853 1026 4923 dispensationis
1077 4860 1213 4914 ratio
1258 4859 1508 4928 postulat.
1549 4857 1605 4913 Si
1656 4859 1800 4912 enim
1848 4858 1988 4912 Deus

425 4943 659 5000 Verbum
716 4944 916 5000 factum
967 4957 1050 5002 est
1091 4964 1250 5014 caro,
1307 4952 1409 5005 hoc
1464 4959 1548 5006 est
1591 4951 1786 5013 homo,
1833 4949 1990 5016 juxta

425 5037 552 5090 illud
578 5055 592 5092 :
625 5056 644 5088 ι
676 5037 954 5092 Effundam
976 5039 1042 5093 de
1074 5039 1278 5108 Spiritu
1314 5056 1431 5096 meo
1450 5056 1610 5110 super
1631 5057 1845 5097 omnem
1867 5055 1990 5096 car-

423 5143 547 5180 nem
571 5129 649 5195 ";
678 5148 697 5180 ι
731 5128 1002 5183 neminem
1024 5128 1144 5198 jure
1177 5131 1396 5186 turbare
1418 5132 1595 5197 debet,
1629 5132 1673 5188 si
1701 5147 1808 5202 qua
1847 5147 1987 5186 non-

2101 4402 2263 4454 αὑτὸν
2311 4402 2404 4454 καὶ
2463 4405 2573 4466 τοῖς
2623 4404 2721 4474 τῆς
2774 4403 3026 4474 θεότητος
3084 4404 3392 4474 ἀξιώμασιν
3451 4409 3691 4476 ὁρᾶσθαι

2098 4495 2394 4565 διαπρεπῆ,
2446 4495 2666 4566 καὶτῆς
2707 4495 2828 4549 καθ’
2880 4499 3031 4568 ἡμᾶς
3073 4498 3562 4567 σμικροπρεπείας
3593 4499 3689 4550 οῦκ

2099 4587 2178 4650 εἰς
2226 4585 2372 4638 ἅπαν
2421 4585 2842 4656 ἀπηλλαγμένον
2889 4585 2978 4639 διὰ
3014 4585 3075 4640 τὸ
3113 4585 3484 4662 ἀνθρώπινον,
3521 4590 3689 4640 cina-.-

2098 4677 2297 4746 τοὺσης
2344 4677 2502 4730 τοῦτο
2546 4677 2641 4747 τῆς
2683 4677 3015 4748 οἰκονομίας.
3066 4679 3129 4732 El
3188 4679 3299 4748 γὰρ
3343 4677 3481 4742 Θεὸς
3543 4679 3622 4731 ὢν
3663 4681 3688 4732 ὁ

2094 4769 2265 4833 Λόγος
2296 4767 2484 4836 γέγονε
2514 4766 2670 4838 σὰρξ,
2697 4767 2975 4822 τουτέστιν
2997 4768 3301 4840 ἄνθρωπος,
3324 4770 3474 4822 κατά
3495 4787 3562 4837 γε
3591 4770 3677 4834 τὸ,

2102 4877 2121 4911 ι
2160 4858 2367 4928 Ἐκχεῶ
2390 4859 2496 4912 ἀπὸ
2520 4860 2615 4912 τοῦ
2641 4859 2956 4930 Πνεὺματός
2978 4877 3078 4930 μου
3103 4861 3196 4914 ἐπὶ
3225 4861 3406 4914 πᾶσαν
3438 4861 3681 4929 σάρκα-ι

2097 4949 2395 5021 θορυϐείτω
2447 4941 2671 5021 μηδένα,
2722 4951 2825 5005 κᾶν
2876 4953 2925 5005 εί
2974 4951 3188 5021 λέγοιτό
3231 4968 3286 5004 τι
3338 4951 3471 5020 περὶ
3517 4948 3684 5003 αὑτοῦ

2095 5041 2246 5114 παρὰ
2277 5043 2379 5112 τῆς
2429 5041 2782 5096 θεοπνεύστου
2822 5043 3064 5112 Γραφῆς,
3095 5042 3204 5096 τῶν
3252 5044 3354 5096 ὅσα
3400 5043 3556 5095 ἐστὶν
3595 5043 3684 5094 αν·

2095 5133 2490 5205 Θρωποπρεπῆ.
2513 5133 2884 5205 Περιαθρείτω
2901 5133 2956 5187 δὲ
2980 5134 3182 5206 μᾶλλον
3204 5132 3372 5188 αὑτοῦ
3394 5134 3498 5205 τὴν
3521 5136 3688 5203 ὑπερ-

498 5283 542 5313 ”
573 5281 590 5335 l
620 5284 744 5340 Cor.
774 5302 847 5352 vr,
885 5288 936 5342 8.
1016 5289 1060 5320 ⁶⁹
1094 5285 1135 5342 ll
1164 5288 1287 5344 Cor.
1318 5303 1371 5354 ι,
1407 5289 1458 5344 5.
1537 5290 1582 5321 ⁷ο
1616 5289 1849 5358 Philipp.
1893 5305 1956 5355 tt,
1992 5311 1993 5324 π

2097 5329 2108 5343 .
2186 5290 2231 5321 ⁷⁸
2268 5287 2382 5343 Joel
2418 5304 2480 5353 ll,
2512 5288 2604 5344 28.

1547 5443 1720 5498 Varias
1753 5443 2010 5500 lectiones
2034 5441 2238 5500 codicis
2271 5438 2625 5512 Seguieriani.

503 5576 533 5606 ο
562 5572 856 5638 εὐτεχνίας.
