3942 6128
279 219 411 275 1⁸581

1087 229 1180 282 ΑΙ)
1219 225 1514 284 REGINAS
1553 229 1638 284 DF.
1682 222 1906 284 RECTA
1952 232 2106 292 FIDE
2148 240 2409 297 ORATIO
2449 244 2750 301 ALTERA.

3404 251 3545 309 15ίῖ

275 343 502 412 κόσμιον
548 341 704 409 δόξαν
735 345 799 398 ὲκ
831 345 1136 415 δυνάμεως“
1158 349 1250 402 καὶ
1281 351 1554 423 ὑπεροχῆς
1594 354 1694 423 τῆς
1739 352 1837 407 θεεο⁴

1966 376 2238 430 nunquam
2292 365 2537 427 humilia,
2579 367 2758 434 qualia
2794 365 3043 420 homines
3084 367 3303 433 decent,
3346 370 3542 426 divina:

276 430 525 500 πρεποῦς
570 449 629 485 τε
664 434 756 488 καὶ
793 435 1075 490 ἀνωτάτω.

347 735 418 782 Δν.
431 731 500 782 Ἀ
515 729 571 783 δὲ
590 725 658 800 ἦν
681 729 913 800 μάλιστα
927 729 1224 802 παραλύειν
1257 731 1398 794 εἰκὸς
1413 731 1504 784 τὸν
1525 732 1632 785 τῶν
1655 733 1852 786 ἀπλουο

274 820 482 891 στέρων
514 819 943 888 δύνασθαι’νοῦν,
978 819 1149 873 ταῦτα
1188 819 1272 891 δὴ,
1301 823 1444 874 κατά
1473 839 1536 890 γε
1589 822 1650 875 τὸ
1681 824 1853 894 ἐγχω-

273 911 421 983 ροῦν,
471 913 564 965 καὶ
615 910 692 976 ὡς
744 911 824 965 ἔνι
877 911 1078 976 καλῶς,
1130 911 1445 982 διατρανοῦν
1494 915 1848 986 πειράσομαι,

272 1002 593 1074 παρατιθεὶς
637 1003 854 1074 ἑκάστῳ
902 1003 1051 1074 ρητῷ
1081 1003 1178 1076 τὴν
1209 1006 1536 1076 ἀποχρῶσαν
1583 1005 1737 1060 λύσιν
1770 1009 1851 1072 εἰς

271 1093 615 1164 διασάφησιν,
645 1093 779 1146 Θεοῦ
822 1093 982 1147 πάλιν
1024 1095 1155 1165 ἡμῖν
1184 1093 1602 1160 κατευθύνοντος
1632 1097 1726 1150 καὶ
1754 1097 1852 1171 τὴν

273 1185 353 1246 εἰς
385 1182 542 1236 τοῦτο
582 1183 785 1254 τρίϐον.
826 1201 845 1234 t
879 1184 1075 1236 Δίδωσι
1102 1183 1210 1254 γὰρ
1245 1185 1396 1256 ῥῆμα
1429 1188 1539 1250 τοῖς
1569 1187 1852 1256 εὐαγγελι-

272 1274 520 1344 ζομένοις
551 1275 776 1345 δυνάμει
815 1275 1004 1347 πολλῇ,
1041 1294 1058 1325 ι
1093 1275 1236 1330 καθά
1273 1293 1438 1348 φησιν
1489 1280 1517 1331 6
1563 1277 1850 1343 θεσπέσιος

273 1365 546 1436 Μελῳδός.
595 1367 682 1419 Ἐν
711 1365 810 1437 μὲν
848 1361 940 1420 οῦν
973 1365 1051 1437 τῷ
1095 1367 1240 1436 λόγῳ
1271 1367 1349 1438 τῷ
1393 1368 1528 1440 πρὸς
1572 1369 1728 1438 ἡμῶν
1757 1387 1850 1439 γεο

271 1456 452 1523 γονότι
483 1459 618 1526 πρὸς
648 1457 746 1520 τὰς
775 1456 936 1524 ἁγίας
970 1455 1296 1526 παρθένους,
1327 1459 1436 1511 τῶν
1489 1460 1848 1530 ἑτοιμοτέρων

276 1547 476 1617 ῥητῶν,
502 1548 596 1600 καὶ
623 1547 773 1600 οὐδὲν
797 1547 1028 1618 ἑχόντων
1050 1549 1110 1601 τὸ
1130 1549 1389 1621 δυσχερὲς
1414 1550 1494 1612 εἰς
1518 1550 1844 1620 κατάληψιν,

273 1639 533 1710 πλείστην
576 1641 706 1710 ὅσην
743 1640 1089 1711 πεποιήμεθα
1117 1641 1214 1711 τὴν
1248 1639 1546 1711 παράθεσιν
1566 1657 1580 1672 ο
1614 1642 1672 1694 ὲν
1699 1642 1758 1696 δέ
1781 1660 1846 1712 γε

1961 448 2179 504 Litterae
2201 451 2267 504 de
2304 451 2396 506 illo
2419 453 2671 522 prodant.
2699 451 2917 523 Spectet
2950 464 3130 507 autem
3161 456 3340 522 potius
3368 461 3536 511 coele-

1861 544 1871 561 ‘
1959 550 2094 595 stem
2132 541 2274 596 illius
2303 542 2527 612 gloriam
2555 552 2608 598 et
2647 545 2986 613 majestatem
3029 561 3092 599 ex
3125 545 3306 600 divina
3336 563 3529 617 supre-

1959 647 2154 699 maque
2177 634 2416 701 ejusdem
2446 635 2646 690 virtute
2680 646 2734 690 et
2762 635 3102 692 excellentia.

2029 722 2118 778 IV.
2160 724 2326 796 Igitur
2357 741 2478 796 qum.
2514 726 2910 795 simpliciorum
2945 727 3155 782 animos
3184 743 3296 798 prae
3322 731 3536 786 caeteris

1959 814 2178 869 turbare
2219 830 2378 885 posse
2419 817 2693 884 videntur,
2737 818 3124 887 perspicuitate
3171 829 3370 888 quanta
3421 821 3535 875 ﬁeri

1956 907 2154 975 poterit
2180 907 2414 962 maxima
2447 924 2596 975 usus,
2631 925 2695 963 ea
2725 925 2823 979 pro
2853 911 3058 964 viribus
3099 912 3398 980 eXpIanare
3442 932 3534 969 co-

1955 996 2150 1061 nabor,
2183 996 2406 1064 majoris
2431 997 2566 1052 lucis
2603 1013 2766 1052 causa
2797 999 2988 1054 idonea
3015 1000 3285 1055 solutione
3321 1004 3526 1057 unicui-

1953 1100 2059 1156 que
2103 1088 2384 1142 sententiae
2413 1089 2690 1158 apposita;
2727 1090 2836 1143 Deo
2884 1105 3071 1145 rursus
3101 1092 3237 1145 viam
3294 1105 3534 1147 nostram

1956 1179 2009 1233 in
2043 1181 2144 1234 hoc
2177 1180 2338 1234 etiam
2372 1181 2649 1234 curriculo
2692 1182 3028 1237 moderante.
3071 1201 3090 1234 ι
3121 1183 3221 1237 Dat
3259 1186 3402 1238 enim
3447 1186 3536 1242 ille

1953 1272 2174 1325 verbum
2225 1271 2726 1342 evangelizantibus
2783 1272 2937 1342 131
2998 1273 3194 1329 virtute
3244 1275 3451 1340 multa,
3507 1294 3526 1327 ι

1952 1361 2406 1431 quemadmodum
2455 1361 2677 1417 divinus
2707 1361 2918 1419 Psaltes
2965 1367 3112 1418 canit
3138 1366 3204 1419 ⁷⁸.
3237 1364 3409 1420 Porro
3437 1383 3534 1420 au-

1955 1461 2061 1508 tem
2104 1453 2159 1507 in
2200 1466 2266 1508 eo
2295 1455 2707 1520 commentario,
2748 1471 2907 1525 quem
2954 1457 3020 1510 ad
3067 1472 3253 1513 sacras
3293 1458 3532 1530 virgines

1954 1534 2322 1608 exaravimus,
2366 1543 2455 1598 illa
2496 1544 2710 1600 abunde
2739 1547 3155 1613 edisseruimus,
3200 1565 3320 1620 qua:
3357 1551 3531 1620 magis

1949 1631 2126 1699 obvia,
2178 1633 2565 1704 intellectuque
2611 1634 2860 1690 faciliora
2911 1639 3276 1694 videbantur:
3313 1639 3365 1693 in
3421 1641 3524 1696 hoc

272 1731 352 1800 τῷ
381 1731 747 1801 προκειμένῳ,
775 1731 884 1783 τῶν
915 1732 1302 1801 ἀσαφεστέρων
1339 1731 1684 1804 πεποιήμεθα
1711 1734 1837 1805 μνή-

1949 1724 2202 1792 prazsenti
2233 1739 2364 1778 vero
2398 1724 2450 1778 in
2493 1723 2868 1781 obscuriorum
2894 1727 3253 1798 explicatione
3281 1731 3528 1785 versabi-

277 1836 420 1890 μηνο
463 1822 566 1875 ἔδει
597 1822 724 1894 γάρ,
780 1823 886 1876 ἔδει
931 1823 990 1877 τὺ
1037 1823 1281 1894 θεοφιλὲς
1328 1825 1482 1896 ὑμῶν
1518 1825 1718 1896 κράτος
1752 1829 1846 1882 καὶ

271 1911 442 1966 ταῦτα
475 1912 688 1978 εἰδέναι,
723 1915 952 1968 κάκεῖνα
982 1915 1056 1987 μὴ
1086 1916 1322 1985 ἀγνοεῖν,
1352 1916 1429 1980 ὡς
1457 1916 1522 1970 ἂν
1549 1915 1616 1969 δι’
1641 1917 1876 1988 ἀμφοῖν,

269 2003 331 2054 τὸ
359 2003 559 2072 ἀρτίως
604 2003 725 2073 ἔχον
774 2006 856 2068 εἰς
902 2005 1123 2074 γνῶσιν,
1177 2007 1428 2079 καθάπερ
1461 2025 1513 2060 τι
1543 2007 1678 2076 φῶς,
1725 2010 1845 2073 ταῖς

267 2094 662 2164 εὖαγεστάταις
691 2097 846 2167 ὑμῶν
880 2099 1222 2163 εἰσοικίζοιτο
1249 2101 1528 2164 διανοίαις.
1556 2101 1763 2166 Σκοπὸς
1786 2101 1844 2155 δέ

273 2203 364 2253 μοι
408 2185 477 2238 τὰ
527 2185 613 2252 ἐφ’
645 2186 862 2256 ἑκάστῳ
903 2187 1311 2259 διερμηνεῦοντι
1365 2189 1721 2260 βραχυλογεῖν
1767 2190 1844 2253 ώς

266 2271 380 2329 οἷόν
424 2294 481 2329 τε
504 2294 516 2307 ’
561 2278 946 2347 προτετάξεται
997 2277 1054 2332 δὲ
1102 2279 1209 2332 τῶν
1261 2279 1435 2333 ἄλλων
1483 2279 1512 2330 6
1562 2281 1692 2349 περὶ¹
1742 2281 1842 2350 τῆς

269 2367 551 2430 κενώσεως
576 2369 766 2436 Λόγος.
810 2369 1008 2422 ’ἰστέον
1051 2370 1094 2422 δ’
1132 2367 1224 2424 οὖν
1271 2371 1420 2440 ὅμως
1461 2372 1638 2424 ἐκεῖνο
1661 2388 1676 2402 ·
1712 2372 1841 2425 ὅταν

265 2459 372 2530 γὰρ
402 2461 531 2529 ἡμῖν
565 2460 897 2530 ὀνομάζηται
930 2461 1166 2530 Χριστὸς
1211 2461 1437 2532 Ἰησοῦς,
1488 2461 1840 2532 ὲνανθρωπή-

267 2565 434 2602 σαντα
475 2550 567 2602 καὶ
595 2551 1008 2620 σεσαρκωμένον
1039 2553 1306 2622 προσήκει
1332 2554 1472 2606 νοεῖν
1496 2551 1585 2604 τὸν
1616 2553 1679 2604 ἐκ
1703 2550 1838 2604 Θεοῦ

263 2640 476 2708 Πατρὺς
502 2642 692 2708 Λόγον.

332 2845 408 2898 E'.
456 2861 476 2895 ι
515 2844 663 2896 Θέλω
693 2844 800 2912 γάρ
839 2845 982 2913 ὑμᾶς
1025 2844 1245 2902 εἰδέναι.
1279 2843 1360 2894 ὅτι
1409 2840 1608 2904 παντὸς
1647 2841 1839 2911 ἀνδρὸς

263 2934 468 3004 κεφαλὴ
500 2937 528 2985 6
551 2935 783 3004 Χριστός
809 2935 952 2986 ἐστι·
984 2933 1193 3001 κεφαλὴ
1212 2932 1269 2984 δὲ
1298 2930 1576 3000 γυναικὸς,
1612 2931 1641 2983 6
1665 2932 1834 3002 ἀνὴρ·

265 3025 470 3095 κεφαλὴ
503 3024 559 3076 δὲ
601 3023 693 3076 τοῦ
729 3021 987 3094 Χριστοῦ,
1024 3024 1051 3076 6
1084 3022 1234 3085 Θεός.
1268 3022 1326 3074 '0
1368 3019 1582 3089 πρῶτος
1623 3020 1835 3091 ἄνθρω-

263 3130 360 3175 suo;
393 3116 458 3166 ὲκ
485 3113 586 3182 γῆς
636 3112 815 3182 χοῖκὸς
842 3111 1136 3182 (τουτέστιν
1182 3108 1370 3180 Ἀδάμ)
1395 3125 1407 3138 °
1439 3111 1468 3162 6
1500 3109 1749 3180 δεύτερος
1774 3110 1834 3175 ἐξ

259 3204 487 3276 οὐρανοῦ
521 3205 694 3274 (δῆλον
727 3205 782 3257 δὲ
826 3205 908 3257 ὅτι
937 3205 965 3255 6
997 3202 1256 3274 Χριστός)
1282 3218 1294 3232 ο
1345 3201 1459 3254 ἀλλ’
1489 3201 1678 3270 ὥσπερ
1707 3202 1827 3269 ὲφου

263 3298 498 3366 ρέσαμεν
530 3297 627 3365 τὴν
665 3295 848 3348 εἰκόνα
887 3292 980 3346 τοῦ
1013 3293 1220 3362 χοϊκοῦ,
1253 3292 1574 3362 φορέσωμεν
1607 3291 1702 3344 καὶ
1733 3290 1832 3361 τὴν

261 3389 446 3440 εἰκόνα
466 3386 558 3437 τοῦ
589 3386 931 3455 ἐπουρανίου,
953 3384 1094 3436 κατά
1117 3383 1179 3435 τὸ
1208 3382 1611 3452 γεγραμμένον.
1645 3401 1663 3433 ι
1689 3382 1832 3435 Οὐκ·

259 3473 354 3524 οῦν
393 3470 582 3540 πρώτη
631 3472 850 3537 γέγονεν
880 3471 1010 3538 ἡμῖν
1043 3467 1252 3538 κεφαλὴ
1280 3468 1372 3520 τοῦ
1418 3471 1628 3536 γένους,
1677 3485 1832 3520 τουτ-

260 3562 408 3613 έστιν
446 3560 607 3628 ἁρχὴ,
635 3561 664 3611 6
697 3560 760 3611 ὲκ
786 3560 890 3626 γῆς
921 3575 980 3610 τε
1010 3559 1102 3611 καὶ
1135 3557 1334 3626 χοϊκός.
1387 3557 1601 3627 Ἐπειδὴ
1628 3558 1684 3610 δὲ
1711 3558 1832 3610 δεύ-

259 3669 417 3724 τερος
458 3651 626 3719 Ἀδάμ
666 3650 1079 3718 κατωνόμασται
1112 3647 1366 3718 Χριστὸς,
1413 3648 1624 3718 κεφαλὴ
1658 3647 1832 3700 τέθει-

258 3763 379 3809 ται,
437 3745 710 3797 τουτέστιν
770 3744 910 3812 ἀρχὴ
971 3742 1079 3794 τῶν
1134 3742 1203 3794 δι’
1258 3740 1420 3794 αὐτοῦ
1475 3741 1610 3812 πρὸς
1669 3740 1831 3794 αὑτὸν

257 3834 756 3905 ἀναμορφουμένων
822 3836 900 3895 εἰς
952 3831 1262 3904 ἀφθαρσίαν
1323 3831 1391 3884 δι’
1454 3829 1722 3900 ἀγιασμοῦ
1774 3833 1881 3884 ὲν-

261 3925 560 3994 Πνεύματι·
603 3923 796 3976 οὐκοῦν
843 3921 1004 3984 αὐτὸς
1054 3923 1151 3993 μὲν
1183 3921 1341 3992 ἡμῶν
1371 3921 1534 3992 ἀρχὴ,
1585 3923 1830 3980 τουτέστι

256 4017 485 4087 κεφαλὴ.
519 4015 652 4069 καθὸ
690 4015 930 4084 πέφηνεν
968 4013 1270 4084 ἄνθρωπος.
1306 4014 1457 4084 Ἔχει
1507 4031 1570 4081 γε
1605 4014 1712 4084 μὴν
1739 4029 1829 4066 κε-

257 4107 429 4176 φαλὴν
456 4106 636 4169 αὐτὸς,
683 4105 757 4168 ὼς
791 4105 949 4173 φύσει
995 4102 1147 4169 Θεὸς,
1193 4104 1284 4156 τὸν
1333 4105 1391 4156 ἐν
1432 4107 1544 4166 τοῖς
1581 4103 1830 4174 οὐρανοῖς

257 4201 474 4268 Πατέρα
505 4213 514 4225 ·
550 4197 868 4267 γεγέννηται
905 4194 1014 4265 γὰρ
1045 4193 1102 4258 ἐξ
1135 4193 1298 4248 αὐτοῦ
1337 4193 1475 4246 κατά
1504 4192 1663 4262 φύσιν
1698 4193 1829 4256 Θεὸς

254 4285 328 4336 ῶν
360 4287 386 4338 6
418 4283 608 4350 Λόγος.
635 4283 756 4336 ’Ότι
786 4283 842 4335 δὲ
874 4284 906 4351 ἡ
943 4281 1152 4350 κεφαλὴ
1185 4282 1438 4352 σημαίνει
1500 4281 1597 4353 τὴν
1627 4282 1826 4354 ἀρχὴν,

1949 1830 2090 1869 mur.
2118 1813 2224 1868 Par
2253 1822 2336 1870 est
2365 1816 2533 1883 enim,
2573 1826 2633 1871 ut
2661 1817 2916 1886 religiosa
2965 1829 3141 1874 vestra
3173 1820 3427 1887 maiestas
3474 1829 3530 1875 et

1945 1901 2062 1960 haec
2107 1906 2265 1972 sciat,
2311 1915 2367 1961 et
2419 1905 2508 1962 illa
2551 1920 2772 1977 quoque
2811 1893 2920 1961 non
2977 1906 3219 1978 ignoret;
3277 1923 3384 1977 quo
3434 1925 3528 1978 per

1946 2004 2178 2065 utraque
2223 1995 2466 2066 perfecta
2525 1999 2763 2070 cognitio
2809 1998 2972 2052 veluti
3030 1997 3208 2053 lumen
3257 1999 3524 2068 quoddam

1945 2089 2308 2144 sanctissimis
2355 2089 2558 2144 vestris
2615 2090 2886 2145 mentibus
2932 2091 3220 2145 inhabitet.
3270 2088 3526 2161 Proposi-

1945 2189 2058 2234 tum
2086 2190 2170 2236 est
2197 2189 2375 2236 autem
2415 2181 2484 2234 ita
2518 2181 2729 2252 singula
2757 2182 3127 2251 interpretari,
3157 2189 3216 2236 ut
3255 2198 3522 2238 summam

1944 2270 2145 2338 ubique
2178 2269 2498 2324 brevitatem
2539 2280 2937 2325 consectemur.
2971 2270 3238 2326 Caeterum
3281 2273 3522 2341 disputa-
3604 2261 3610 2267 ’

1946 2361 2108 2415 tionis
2155 2359 2316 2429 hujus
2365 2359 2648 2414 exordium
2700 2361 2769 2415 ab
2813 2361 2882 2415 iis
2923 2362 3230 2429 praecipue,
3283 2378 3404 2432 qua:
3453 2365 3522 2418 ad

1943 2451 2108 2506 Verbi
2154 2449 2582 2504 exlnanitiouem
2629 2449 2924 2517 pertinent,
2973 2448 3152 2504 facere
3198 2449 3360 2517 libet;
3415 2467 3523 2506 uno

1942 2541 2048 2596 hoc
2091 2538 2305 2593 interim
2341 2539 2642 2606 praemisso,
2697 2553 2817 2593 cum
2863 2538 3019 2593 Jcsus
3065 2539 3313 2605 Christus
3347 2542 3521 2596 nomi-

1941 2643 2122 2697 natur,
2159 2647 2264 2686 non
2307 2632 2472 2685 alium
2516 2645 2676 2700 quam
2713 2628 2808 2684 Dei
2855 2629 3038 2685 Patris
3071 2629 3305 2686 Verbum
3340 2632 3519 2688 incar-

1942 2734 2149 2790 natum,
2200 2725 2542 2779 hominemve
2578 2723 2802 2790 factum,
2853 2737 2919 2778 eo
2961 2724 3179 2778 nomine
3219 2723 3515 2796 designari.

2011 2837 2076 2893 V.
2127 2857 2146 2891 ι
2178 2837 2314 2894 Volo
2363 2848 2541 2894 autem
2601 2853 2698 2892 vos
2757 2837 2932 2903 scire,
2995 2837 3139 2906 quod
3191 2838 3369 2892 omnis
3414 2838 3518 2892 viri

1939 2939 2124 2998 caput,
2173 2930 2421 2985 Christus
2474 2937 2592 2996 est;
2644 2938 2807 2997 caput
2853 2938 3033 2982 autem
3086 2927 3351 2992 mulieris,
3394 2930 3516 2996 vir;

1940 3035 2100 3090 caput
2144 3038 2274 3077 vero
2311 3020 2533 3086 Christi,
2577 3020 2721 3076 Deus
2743 3019 2813 3073 ⁷³.
2840 3018 3149 3074 —Primus
3187 3020 3350 3075 homo
3391 3021 3517 3091 (hoc

1937 3123 2022 3169 est
2052 3113 2270 3184 Adam),
2317 3114 2384 3168 de
2432 3123 2577 3168 terra
2626 3121 2872 3166 terrenus
2906 3129 2920 3166 :
2949 3112 3223 3166 secundus
3261 3111 3390 3183 (hoc
3430 3123 3516 3167 est

1933 3204 2228 3274 Christus),
2259 3204 2325 3259 de
2341 3204 2492 3260 ccelo
2519 3204 2780 3259 ccclestis.
2815 3203 2983 3274 Igitur
3007 3203 3149 3257 sicut
3175 3203 3516 3272 portavimus

1935 3296 2224 3366 imaginem
2257 3295 2483 3362 terreni,
2515 3303 2796 3363 portemus
2834 3303 2889 3348 et
2933 3293 3222 3364 imaginem
3253 3294 3511 3360 cmlestis,

1933 3384 2077 3437 sicut
2119 3383 2378 3452 scriptum
2419 3392 2505 3438 est
2524 3383 2593 3437 ⁷³.
2625 3402 2644 3435 ι
2670 3382 2912 3437 Primum
2950 3381 3117 3451 igitur
3159 3382 3375 3452 generis
3425 3399 3516 3437 no-

1932 3473 2033 3526 stri
2075 3482 2258 3540 caput,
2297 3475 2404 3528 hoc
2452 3483 2538 3528 est
2581 3474 2962 3542 primordium,
3011 3473 3316 3540 Adam,‘de
3369 3483 3511 3528 terra

1935 3571 2185 3616 terrenus
2238 3571 2360 3616 erat
2409 3576 2424 3615 :
2471 3565 2726 3630 quoniam
2775 3579 2906 3618 vero
2970 3565 3221 3620 Christus
3286 3565 3510 3619 secundi

1932 3649 2124 3704 Adami
2153 3660 2571 3720 cognomentum
2593 3652 2820 3706 sortitus
2845 3665 2947 3716 est,
2979 3667 3168 3707 eorum
3202 3664 3383 3722 caput,
3408 3654 3512 3708 hoc

1931 3749 2016 3794 est
2042 3740 2388 3809 principium,
2434 3741 2526 3809 qui
2553 3741 3012 3797 sanctiﬁcationis
3056 3741 3264 3810 Spiritu
3316 3744 3382 3798 ad
3427 3743 3511 3796 in-

1931 3830 2334 3899 corruptionem
2374 3832 2670 3886 secundum
2715 3832 2858 3886 illius
2881 3832 3172 3902 imaginem
3207 3847 3304 3900 per
3331 3833 3508 3900 ipsum

1933 3920 2320 3986 reformantur,
2365 3923 2694 3978 constitutus
2745 3932 2848 3978 est.
2893 3923 2988 3978 Est
3029 3925 3212 3991 itaque
3261 3934 3506 3979 nostrum

1932 4014 2020 4072 ille
2057 4013 2407 4084 principium,
2453 4015 2556 4069 hoc
2586 4023 2670 4070 est
2700 4024 2885 4085 caput,
2929 4023 3200 4083 quatenus
3235 4015 3394 4067 homo
3422 4029 3510 4084 ap—

1931 4105 2111 4175 paruit
2145 4122 2158 4160 :
2192 4106 2358 4160 habet
2385 4103 2736 4160 nihilominus
2765 4105 2958 4174 etipse
2979 4118 3195 4172 quoque
3223 4113 3408 4172 caput,
3450 4113 3508 4157 ut

1933 4205 2130 4250 natura
2166 4196 2305 4250 Deus
2351 4204 2456 4260 est,
2502 4211 2700 4266 nempe
2734 4195 3008 4250 caelestem
3038 4193 3256 4249 Patrem
3293 4211 3306 4248 :
3335 4210 3400 4249 ex
3440 4209 3508 4250 eo

1931 4303 2169 4356 namque
2207 4287 2446 4343 Verbum
2486 4289 2625 4343 Deus
2651 4289 2945 4355 exsistcns,
2994 4288 3318 4342 naturaliter
3361 4289 3508 4359 geni-

254 4375 478 4443 ὲμπεδοῖ
513 4375 610 4443 τὴν
653 4373 907 4444 ἀλήθειαν
945 4373 1053 4425 τῶν
1080 4373 1455 4436 ὲνδοιαζόντων
1478 4373 1567 4426 τὸν
1595 4372 1719 4426 νοῦν
1744 4373 1824 4436 τὸ,

1944 4390 2044 4432 lum
2071 4389 2173 4434 est.
2208 4381 2360 4446 Quod
2399 4390 2578 4435 autem
2609 4381 2747 4435 idem
2779 4383 2847 4436 sit
2882 4391 3063 4451 caput,
3092 4382 3232 4449 quod
3268 4369 3524 4446 initium,

255 4463 496 4530 κεφαλὴν
528 4462 900 4529 λέγεσθαιτὸν
937 4462 1102 4531 ἄνδρα
1149 4463 1244 4532 τῆς
1291 4462 1574 4530 γυναικός·
1618 4463 1826 4534 ἐλήφθη

255 4555 361 4620 γὰρ
393 4553 450 4615 ἐξ
473 4554 654 4606 αὑτοῦ.
685 4550 777 4616 Εἷς
808 4555 914 4622 ἄρα
947 4553 1179 4623 Χριστὸς
1213 4554 1304 4606 καὶ
1326 4553 1451 4616 Υἱὸς
1478 4554 1571 4606 καὶ
1599 4554 1824 4624 Κύριος,

254 4645 282 4696 6
316 4643 554 4712 κεφαλὴν
595 4643 851 4712 ἕχων,ώς
901 4644 1031 4706 Θεὸς
1079 4643 1217 4697 κατὰ
1263 4643 1442 4712 φύσιν,
1485 4643 1578 4696 τὸν
1615 4645 1674 4696 ἐν
1716 4647 1828 4707 τοῖς

254 4734 502 4803 οὐρανοῖς
534 4733 772 4804 Πατέρα,
800 4731 1038 4801 γεγονὼς
1069 4733 1127 4786 δὲ
1155 4735 1287 4803 ἡμῖν
1316 4733 1520 4804 κεφαλὴ
1549 4733 1636 4787 διά
1659 4751 1738 4787 τοι
1768 4733 1828 4786 τὸ

254 4824 394 4876 κατὰ
426 4825 600 4892 σάρκα
632 4823 909 4891 συγγενές.

325 5119 350 5158 ε
393 5107 484 5172 ς’.
527 5105 827 5158 Γινώσκετε
859 5105 966 5175 γάρ
995 5106 1090 5176 τὴν
1124 5107 1280 5176 χάριν
1307 5105 1400 5159 τοῦ
1433 5108 1636 5177 Κυρίου
1665 5109 1821 5178 ἡμῶν

264 5195 436 5265 Ἰησοῦ
490 5194 748 5263 Χριστοῦ,
781 5196 862 5248 ὅτι
903 5196 970 5248 δι’
1001 5196 1142 5265 ὑμᾶς
1182 5197 1516 5267 ἐπτώχευσε,
1566 5197 1818 5262 πλούσιος

247 5285 343 5345 ὢν,
399 5286 484 5336 ἵνα
534 5287 691 5353 ὑμεῖς
737 5288 800 5354 τῇ
848 5285 1054 5338 ἐκείνου
1106 5288 1345 5357 πτωχείᾳ
1389 5288 1741 5358 πλουτήσητε.
1793 5309 1810 5341 ι

254 5376 442 5446 Ἃθρει
467 5376 525 5443 δή
557 5393 645 5444 μοι
674 5375 768 5426 καὶ
803 5377 945 5444 μάλα
980 5377 1163 5443 σαφῶς
1184 5378 1238 5431 ἕν
1263 5397 1323 5442 γε
1347 5381 1576 5432 τουτοισὶ
1611 5381 1817 5447 καὶτῆς

250 5467 396 5530 θείας
423 5485 480 5519 τε
512 5469 603 5520 καὶ
623 5467 898 5538 ἀκηράτου
923 5468 1133 5537 φύσεως
1154 5471 1253 5541 τὴν
1274 5471 1563 5542 ὑπεροχὴν,
1596 5471 1688 5524 καὶ
1711 5473 1816 5524 τῶν

319 5644 360 5675 τ’
393 5643 534 5699 Psal.
572 5661 738 5714 ωιτη,
778 5647 861 5704 12.
936 5647 981 5680 ⁷³
1014 5646 1182 5704 lCor.
1223 5666 1298 5715 xi,
1325 5650 1376 5703 5.

1455 5651 1497 5683 ⁷³
1525 5650 1542 5703 Ι
1567 5650 1689 5706 Cor.
1727 5652 1918 5720 Χι’,47.

1928 4470 2013 4524 vel
2037 4487 2202 4524 unum
2233 4472 2333 4525 hoc
2358 4470 2734 4525 ﬂuctuantium
2766 4474 2976 4526 animus
3002 4473 3087 4526 hic
3109 4472 3298 4526 sedare
3319 4481 3499 4541 queat,

1927 4563 2070 4631 quod
2103 4563 2186 4616 vir
2233 4562 2479 4617 mulieris
2528 4573 2689 4632 caput
2723 4579 2842 4618 esse
2896 4563 3248 4632 perhibeatur
3279 4581 3291 4617 :
3327 4579 3393 4618 ex
3435 4578 3504 4618 eo

1925 4655 2069 4709 enim
2113 4665 2325 4722 sumpta
2361 4663 2445 4708 est
2483 4654 2594 4708 illa.
2635 4655 2790 4710 Unus
2837 4656 3018 4723 itaque
3054 4665 3141 4708 est
3169 4653 3417 4708 Christus
3447 4662 3503 4709 et

1925 4745 2095 4800 Filius
2142 4757 2196 4801 et
2243 4748 2501 4801 Dominus
2531 4765 2544 4800 :
2575 4747 2663 4816 qui
2709 4747 2926 4815 quidem
2982 4755 3037 4800 ut
3084 4758 3278 4800 natura
3337 4747 3496 4811 Deus,

1932 4845 2093 4905 caput
2135 4838 2298 4891 habet
2339 4837 2554 4892 Patrem
2604 4839 2696 4907 qui
2748 4850 2831 4893 est
2880 4841 2931 4892 in
2981 4839 3135 4894 ccelis
3163 4856 3178 4894 :
3205 4838 3380 4893 factus
3417 4846 3501 4892 est

1932 4936 2111 4982 autem
2147 4929 2303 4982 nobis
2331 4939 2492 4998 caput
2527 4941 2745 4999 propter
2774 4941 3064 5000 assumptte
3088 4931 3271 4986 carnis
3298 4943 3499 4999 cogna-

1930 5019 2150 5072 tionem.

2001 5108 2090 5163 VI.
2139 5127 2156 5160 ι
2189 5110 2352 5165 Scitis
2399 5112 2542 5166 enim
2599 5114 2828 5183 gratiam
2888 5115 3096 5170 Domini
3153 5112 3323 5166 nostri
3367 5110 3496 5166 Jesu

1927 5199 2164 5267 Christi;
2217 5203 2472 5269 quoniam
2523 5215 2743 5272 propter
2786 5221 2882 5260 vos
2926 5219 3128 5274 (-gcnus
3170 5204 3344 5257 factus
3388 5211 3493 5267 est,

1925 5307 2046 5342 cum
2093 5303 2234 5344 esset
2285 5292 2456 5357 dives,
2496 5304 2553 5346 ut
2589 5295 2729 5348 illius
2768 5294 2943 5361 inopia
2989 5310 3082 5347 vos
3114 5294 3308 5347 diviles
3346 5307 3494 5346 csse-

1928 5383 2077 5436 tis”.
2112 5402 2130 5434 ι
2165 5383 2398 5440 Observa
2434 5388 2520 5441 hic
2552 5388 2695 5442 clare
2724 5388 2878 5457 132
2907 5398 2960 5440 et
2991 5388 3184 5441 divina:
3215 5387 3494 5440 immorta-

1927 5477 2099 5545 lisque
2129 5489 2334 5532 natura:
2367 5480 2733 5544 eminentiam,
2765 5491 2816 5545 et
2843 5480 3095 5534 humilem
3139 5493 3353 5534 rursum
3388 5471 3490 5534 hu-

1998 5655 2040 5684 ⁷³
2078 5653 2122 5707 ιι
2153 5657 2276 5713 Cor.
2305 5672 2419 5724 vm,
2444 5655 2503 5712 9.
