3942 6128
413 151 552 211 1343

1385 155 1444 211 8.
1483 155 1752 212 CYRlLLl
1789 155 2252 212 ALEXANDRINI
2289 157 2605 212 ARCHIEP.

3523 154 3550 208 l
3561 149 3710 211 ωτι

416 277 591 318 mante
626 271 834 318 naturae
869 265 1256 331 conditionem,
1297 282 1362 323 ac
1393 281 1654 338 praeterea
1691 271 1973 338 utriusque

2096 271 2171 339 τῆς
2203 268 2619 339 ἀνθρωπότητος
2651 269 2860 340 μέτρων
2879 270 2938 321 τὺ
2964 268 3277 337 ὑφειμένον,
3308 266 3407 318 καὶ
3439 265 3702 334 προσέτι

415 357 738 416 unitionem.
771 370 837 412 eo
873 357 1013 425 quod
1056 355 1378 426 Unigenitus
1408 358 1550 412 ultro
1583 363 1648 412 ad
1688 363 1825 413 hanc
1857 374 1978 413 sese

413 448 653 504 demisit.
695 449 958 514 Quoniam
1003 458 1062 502 ut
1093 449 1393 504 divinitatis
1439 465 1567 520 opes
1608 465 1822 505 omnem
1855 465 1978 503 ora-

414 538 578 593 tionis
621 539 730 592 vim
768 549 822 592 et
859 539 1069 608 c0piam
1106 539 1261 609 longe
1305 550 1583 608 superant,
1631 542 1702 594 ita
1748 540 1977 593 humana

413 636 606 679 natura
649 626 936 680 admodum
986 627 1140 694 inops
1190 633 1245 680 et
1287 641 1456 696 egena
1510 637 1624 691 est;
1659 629 1854 697 quippe
1891 627 1978 680 cui

413 716 620 778 omnia,
649 715 908 784 quidquid
948 718 1166 770 tandem
1210 717 1263 770 in
1299 717 1458 784 bouis
1491 718 1675 782 habet,
1709 717 1923 772 cmlitus
1948 733 1976 769 a

413 805 524 858 Deo
559 805 800 872 impensa
833 806 942 858 sint
973 822 988 859 :
1014 816 1064 860 et
1095 817 1219 862 ante
1247 808 1429 861 omnia
1465 809 1601 863 illud
1632 824 1753 864 esse
1780 810 1976 878 ipsum,

410 908 518 960 quo
561 895 809 956 exsistit;
865 909 990 948 nam
1037 911 1157 951 cum
1206 899 1498 968 aliquando
1544 915 1648 954 non
1691 909 1856 964 esset,
1912 900 1979 954 ad

411 983 790 1038 exsisteutiam
832 1000 860 1038 a
913 984 1022 1040 Deo
1071 998 1291 1042 evocata
1350 997 1452 1044 est.
1507 989 1607 1056 Qui
1657 1004 1786 1057 ergo
1833 989 1982 1044 dives

414 1086 534 1126 erat
571 1085 626 1127 ut
677 1075 837 1141 Deus,
878 1077 924 1132 is
960 1086 1150 1147 sponte
1194 1091 1420 1148 egenus,
1463 1081 1744 1149 nostrique
1790 1080 1980 1136 similis

415 1161 592 1218 factus
621 1174 726 1229 est,
759 1182 865 1236 quo
901 1168 1137 1222 humana
1167 1178 1355 1222 natura
1390 1171 1443 1222 in
1476 1169 1586 1234 illo,
1619 1171 1687 1224 ad
1715 1171 1984 1226 excellen-

417 1254 506 1308 tiae
549 1256 744 1310 divinae
786 1256 1060 1328 fastigium
1095 1269 1306 1323 evecta,
1336 1261 1668 1328 paupertatis
1703 1261 1976 1316 confusio-

419 1359 542 1399 nem
575 1355 818 1401 exueret.
850 1366 868 1398 ι
899 1347 1370 1404 Courcsuscitavit
1393 1350 1562 1415 enim,
1600 1360 1657 1404 et
1687 1350 1984 1406 consedere

419 1448 520 1489 nos
547 1433 672 1489 fecit
701 1435 840 1490 Deus
862 1437 1020 1493 Pater
1037 1439 1095 1493 in
1128 1439 1442 1495 ctrlestibus
1462 1441 1514 1494 in
1537 1441 1753 1496 Christo
1776 1439 1926 1505 Jesu,
1959 1461 1978 1493 ι

421 1533 482 1579 ut
508 1527 764 1596 scriptum
791 1537 871 1581 est
894 1529 962 1581 ⁷⁸.
1002 1529 1162 1599 Atqui
1192 1545 1528 1600 nequaquam
1555 1533 1662 1587 huc
1693 1534 1864 1588 evecti
1892 1548 1981 1588 es-

2081 362 2252 431 τούτῳ
2273 361 2368 429 τὴν
2398 362 2596 429 ἀμφοῖν
2626 362 2704 423 είς
2725 362 2948 431 ἑνότητα
2978 359 3269 429 σύμϐασιν,
3304 355 3504 408 ἑαυτὸν
3535 355 3685 407 καθ-

2083 450 2232 512 έντος
2270 452 2349 512 είς
2388 449 2548 502 τοῦτο
2608 449 2701 501 τοῦ
2740 447 3094 516 Μονογενοῦς.
3129 446 3322 507 Οὐδεὶς
3351 446 3467 515 γὰρ
3510 444 3688 511 λόγος

2081 539 2518 610 διερμηνεύσειεν
2548 540 2612 592 ἂν
2641 541 2730 591 τὸν
2759 542 2858 609 τῆς
2887 539 3140 608 θεότητος
3172 535 3406 588 πλοῦτον
3427 550 3442 564 ·
3477 535 3685 604 πτωχὴ

2082 632 2140 685 δὲ
2190 632 2311 685 λίαν
2352 635 2385 701 ἡ
2430 631 2800 702 ἀνθρωπότης,
2929 630 3104 682 πάντα
3136 628 3254 679 ἐστὶ
3301 624 3571 678 θεόσδοτὲ
3620 640 3686 675 τε

2084 724 2178 774 καὶ
2204 721 2429 784 ἄνωθεν,
2477 722 2567 772 καὶ
2608 720 2738 771 αὐτὸ
2767 719 2824 772 δὲ
2868 718 2972 789 πρὸ
3011 717 3227 770 πάντων
3261 715 3327 767 τὸ
3369 710 3520 766 εἶναι
3543 733 3560 744 ·
3593 713 3686 765 κέ-

2084 813 2278 883 κληται
2308 813 2414 882 γάρ
2445 812 2595 882 παρὰ
2627 809 2718 864 τοῦ
2763 811 2896 863 Θεοῦ
2924 811 3058 880 πρὸς
3090 805 3346 878 ὕπαρξιν,
3385 809 3494 862 οῦκ
3542 803 3688 860 οῦδ-ά

2086 919 2235 956 ποτε.
2292 903 2428 955 Ἀλλ’
2458 905 2486 955 6
2536 901 2785 965 πλούσιος
2830 901 2904 964 ὼς
2945 901 3098 964 Θεὸς,
3153 899 3448 968 ἐθελοντὴς
3497 898 3685 951 ἐπτώ-

2085 1010 2267 1063 χευσε,
2298 993 2393 1046 καὶ
2418 992 2607 1062 γέγονε
2642 993 2764 1046 καθ’
2789 994 2952 1063 ἡμᾶς·
2986 991 3075 1045 ἵνα
3098 990 3283 1043 λοιπὸν
3313 992 3347 1059 ἡ
3379 988 3682 1059 ἀνθρώπου

2088 1081 2268 1148 φύσις,
2301 1084 2358 1134 ἐν
2383 1083 2494 1144 τοῖς
2519 1082 2616 1150 τῆς
2641 1079 2790 1144 θείας
2827 1079 3099 1151 ὑπεροχῆς
3123 1079 3422 1148 ἑψώμασιν
3460 1079 3522 1130 ὲν
3549 1079 3681 1146 Χρι-

2088 1172 2198 1243 στῷ
2238 1173 2523 1243 γενομένη,
2573 1173 2634 1224 τὸ
2675 1172 2775 1240 τῆς
2823 1171 3094 1240 πτωχείας
3125 1167 3314 1240 αἶσχος
3361 1169 3680 1222 ἀποσκευά-

2087 1259 2252 1324 ζοιτο.
2293 1278 2310 1310 ι
2348 1261 2640 1331 Συνήγειρε
2677 1259 2784 1331 γὰρ
2831 1262 2976 1328 ἡμᾶς
3020 1260 3048 1311 6
3095 1259 3227 1321 Θεὸς
3257 1261 3356 1311 καὶ
3391 1258 3593 1326 Πατὴρ
3625 1261 3677 1310 ὲν

2088 1347 2328 1418 Χριστῷ,
2357 1348 2454 1400 καὶ
2485 1348 2834 1401 συνεκάθισεν
2860 1349 2918 1400 ὲν
2945 1351 3056 1410 τοῖς
3083 1348 3467 1417 ἐπουρανίοις,
3485 1365 3503 1395 r
3539 1347 3677 1398 καθά

2087 1441 2413 1510 γέγραπται.
2475 1439 2612 1491 Ἀλλ’
2642 1440 2742 1491 ούκ
2786 1439 2853 1492 ἂν
2900 1439 3203 1508 γεγόναμεν
3251 1440 3313 1490 ἐν
3357 1437 3603 1500 τούτοις,
3635 1439 3676 1488 εἰ

2093 1531 2167 1601 μὴ
2200 1529 2296 1600 τὴν
2329 1528 2710 1599 πτωχεύουσαν
2738 1530 3050 1599 ἠμπέσχετο
3071 1529 3232 1596 φύσιν
3257 1529 3285 1579 6
3309 1528 3580 1590 πλούσιος
3610 1529 3677 1589 ὡς

419 1632 622 1681 semus,
658 1618 759 1671 nisi
789 1619 942 1674 dives
975 1630 1034 1673 ut
1063 1619 1224 1686 Deus,
1259 1637 1549 1691 pauperem
1583 1632 1742 1692 atque
1771 1624 1984 1692 inopem

2096 1620 2238 1682 Θεὸς.
2271 1619 2344 1672 Οὐ
2367 1619 2475 1687 γάρ
2495 1636 2596 1671 που
2620 1621 2986 1688 πτωχεύσειεν
3015 1619 3078 1671 ἂν
3111 1621 3138 1670 6
3165 1618 3310 1670 κατὰ
3344 1618 3519 1685 φύσιν
3550 1618 3676 1668 ἰδίαν

421 1717 660 1760 nostram
690 1718 937 1763 naturam
970 1709 1251 1766 induisset.
1292 1711 1476 1780 Neque
1501 1713 1646 1767 enim
1685 1714 1842 1768 homo
1863 1730 1983 1769 cum

419 1809 613 1867 suapte
644 1809 836 1854 natura
869 1816 1069 1870 pauper
1099 1804 1192 1869 sit,
1239 1803 1396 1875 inOps
1425 1805 1539 1859 fieri
1578 1816 1723 1861 recte
1749 1808 1982 1862 dicitur:

421 1887 525 1943 hoc
553 1900 734 1944 autem
787 1891 860 1945 illi
895 1894 1282 1949 convenienter
1332 1911 1430 1950 usu
1459 1896 1674 1950 venisse
1705 1900 1984 1963 asscritur,

421 1979 512 2046 qui
545 1980 677 2034 citra
717 1996 932 2037 omnem
973 1986 1403 2040 controversiam
1445 1988 1592 2042 dives
1623 1996 1728 2050 est,
1764 1989 1864 2043 hoc
1904 1997 1987 2043 est

421 2065 513 2120 Dei
549 2066 720 2123 Patris
758 2068 1012 2135 Verbum,
1051 2082 1402 2142 posteaquam
1439 2074 1597 2128 homo
1641 2077 1808 2130 nostri
1839 2077 1988 2130 simi-

333 2187 341 2192 -
421 2156 488 2213 lis
519 2159 716 2212 factum
752 2172 852 2214 est.
888 2161 1036 2217 Unus
1083 2163 1265 2232 itaque
1309 2173 1393 2218 est
1419 2165 1669 2219 Christus
1704 2175 1756 2218 et
1795 2162 1984 2220 Filius.

483 2246 593 2304 Vll.
642 2268 660 2300 ι
692 2249 940 2307 Christus
984 2270 1081 2308 nos
1131 2255 1362 2309 redemit
1402 2259 1466 2310 de
1501 2257 1787 2309 maledicto
1829 2255 1985 2324 legis,

420 2339 596 2394 factus
640 2355 736 2410 pro
780 2343 934 2397 nobis
982 2345 1370 2400 maledictum:
1399 2347 1522 2413 quia
1561 2348 1817 2414 scriptum
1854 2356 1983 2400 est:

418 2428 733 2485 llaledictus
767 2435 942 2487 omnis
973 2434 1064 2503 qui
1095 2437 1295 2503 pendet
1326 2437 1378 2490 in
1411 2435 1556 2505 ligno
1579 2436 1648 2488 ".
1685 2454 1704 2486 ο
1744 2435 1856 2490 Lex
1895 2451 1988 2490 eos

419 2518 782 2574 maledictioui
825 2522 1090 2578 obnoxios
1121 2526 1464 2590 decernebat,
1491 2526 1583 2594 qui
1626 2525 1676 2578 in
1706 2535 1985 2595 peccatum

419 2617 512 2661 aut
557 2612 1053 2677 praevaricationem
1095 2614 1475 2669 incurrissent.
1511 2614 1582 2667 At
1624 2630 1753 2668 vero
1782 2614 1985 2683 peccati

418 2699 658 2764 nescius,
708 2699 812 2754 hoc
851 2710 933 2756 est
976 2702 1244 2770 Christus,
1289 2704 1472 2773 iniqua
1523 2705 1788 2758 sententia
1831 2704 1882 2757 in
1931 2717 1989 2757 se

418 2798 666 2858 excepta,
716 2790 895 2845 crucis
942 2793 1262 2860 supplicium
1318 2793 1502 2858 subiit,
1545 2807 1716 2861 eaque
1748 2791 1985 2862 pertulit,

419 2892 541 2946 quae
594 2879 884 2936 maledicto
926 2882 1203 2937 obstrictis
1236 2883 1360 2953 jure
1403 2885 1770 2950 debebantur;
1808 2892 1865 2937 ut
1896 2884 1986 2951 qui

2086 1710 2377 1780 πτωχεύων
2400 1710 2707 1780 ἄνθρωπος.
2739 1710 2907 1763 Πάθοι
2936 1711 2980 1763 δ’
3005 1710 3069 1763 ἂν
3098 1709 3256 1762 τοῦτο
3285 1709 3672 1779 πρεπωδέστε-

2089 1817 2179 1872 ρον
2211 1803 2238 1853 ὁ
2266 1800 2519 1862 πλούσιος
2550 1800 2785 1870 ἀληθῶς,
2813 1801 3088 1853 τουτέστιν
3118 1803 3146 1852 6
3171 1800 3236 1851 ὲκ
3272 1798 3416 1851 Θεοῦ
3465 1799 3684 1868 Πατρέις

2086 1891 2276 1960 Λόγος,
2307 1893 2395 1944 ὅτε
2424 1891 2613 1958 γέγονε
2649 1890 2770 1944 καθ’
2800 1893 2966 1961 ἡμᾶς.
2999 1887 3095 1954 Εἷς
3137 1886 3229 1944 οῦν
3260 1890 3376 1961 ἀρα
3421 1892 3550 1944 ἐστὶ
3587 1892 3684 1944 καὶ

2085 1981 2321 2054 Χριστὸς
2349 1985 2444 2035 καὶ
2467 1981 2613 2045 Υἱός.

2163 2271 2181 2302 ι
2226 2253 2296 2303 Ζ’.
2339 2250 2572 2321 Χριστος
2602 2251 2752 2319 ἡμᾶς
2797 2249 3131 2320 ἐξηγόρασεν
3173 2250 3240 2303 ὲκ
3287 2249 3392 2317 τῆς
3427 2249 3686 2317 κατάρας

2085 2343 2180 2396 τοῦ
2225 2343 2410 2411 νόμου,
2447 2340 2736 2410 γενόμενος
2789 2341 2931 2410 ὑπὲρ
2983 2340 3138 2410 ήμῶν
3173 2342 3419 2411 κατάρα.
3470 2343 3680 2411 Γέγρα-

2089 2450 2218 2486 πται
2251 2433 2377 2500 γάρ’
2427 2431 2851 2500 Ἐπικατάρατος
2884 2433 2990 2494 πᾶς
3018 2433 3046 2484 6
3076 2431 3431 2502 κρεμάμενος
3465 2433 3561 2483 ἐπὶ
3590 2431 3684 2497 ξύ.

2087 2523 2201 2576 λου.
2238 2541 2256 2574 ι
2290 2521 2394 2574 Τοῦ
2424 2519 2648 2589 νομικοῦ
2677 2521 3004 2592 γράμματος
3037 2523 3310 2591 ἐπάρατον
3343 2522 3683 2590 ἀποφαίνον-

2086 2631 2178 2676 τος
2229 2613 2321 2666 τὸν
2371 2613 2427 2663 ὲν
2469 2611 2776 2680 παραϐάσει
2841 2611 2934 2663 καὶ
2985 2611 3249 2680 ἁμαρτίᾳ,
3298 2611 3330 2661 6
3391 2610 3472 2680 μὴ
3528 2609 3690 2673 εἰδὼς

2088 2703 2382 2773 ἁμαρτίαν,
2432 2702 2680 2754 τουτέστι
2728 2701 2981 2771 Χριστὸς,
3019 2702 3386 2770 ὑπενήνεκται
3418 2704 3490 2768 τῇ
3535 2701 3681 2769 δίκε,

2088 2792 2268 2863 ψῆφον
2311 2791 2495 2846 ἄδικον
2533 2790 2849 2858 ὑπομείνας,
2896 2790 2991 2841 καὶ
3022 2790 3090 2841 τὰ
3142 2790 3254 2851 τοῖς
3286 2789 3347 2840 ἐν
3383 2791 3500 2859 ἀρᾷ
3550 2789 3682 2857 τερέ-

2092 2879 2259 2936 ποντα
2291 2879 2497 2934 παθὼνο
2527 2879 2781 2932 ῖναὸτῶν
2809 2879 2944 2932 ὅλων
2968 2876 3243 2942 ἀντάξιος,
3279 2880 3428 2947 ὑπὲρ
3461 2882 3686 2931 πάντων

421 2971 798 3026 universorum
817 2975 1049 3042 pretium
1071 2975 1411 3043 exmquabat,
1427 2976 1800 3030 universorum
1825 2989 1986 3029 causa

2096 2972 2400 3037 ἀποθανὼν,
2449 2975 2544 3042 τῆς
2579 2971 2834 3024 ἁπάντων
2875 2971 3155 3032 ἀπειθείας
3200 2969 3344 3041 λύσῃ
3381 2974 3447 3022 τὰ
3486 2969 3684 3036 ὲγκλῆο

421 3070 649 3114 mortem
687 3079 994 3132 perpessus,
1039 3067 1322 3118 universos
1367 3066 1433 3118 ab
1471 3066 1845 3119 iuobedientiae
1892 3066 1992 3119 cri-

421 3149 565 3203 mine
592 3153 916 3216 exsolveret,
953 3164 1007 3207 et
1036 3156 1219 3208 orbem
1247 3156 1557 3207 universum
1598 3169 1695 3209 suo
1728 3156 1991 3223 sanguine

422 3240 738 3295 redimeret.
769 3241 1039 3296 Caeterum
1070 3244 1300 3313 pretium
1336 3258 1433 3311 pro
1465 3245 1834 3299 universorum
1867 3262 1990 3314 pec-

423 3331 562 3385 catis
590 3347 729 3387 unus
765 3348 1106 3403 nequaquam
1144 3335 1513 3404 persolvisset,
1559 3335 1606 3390 si
1640 3352 1804 3407 purus
1831 3337 1991 3393 homo

423 3429 633 3475 tantum
689 3425 1008 3479 exstitisset.
1061 3424 1215 3491 Quod
1266 3425 1311 3480 si
1365 3435 1422 3479 ut
1462 3424 1605 3482 Deus
1655 3430 1988 3495 incarnatus,

426 3513 753 3582 propriaque
788 3516 838 3567 in
873 3530 1039 3570 carne
1064 3527 1291 3574 mortem
1325 3534 1620 3590 perpessus
1651 3528 1830 3572 mente
1857 3533 1991 3574 eon-

425 3602 680 3672 cipiatur,
713 3605 963 3661 universa
995 3617 1241 3664 creatura
1287 3611 1557 3665 modicum
1587 3612 1712 3681 quid
1752 3612 1855 3665 erit
1890 3612 1999 3679 ipsi-

2098 3083 2264 3136 ματα,
2296 3064 2388 3116 καὶ
2415 3064 2660 3134 ἀγοράσῃ
2697 3061 2796 3131 τὴν
2827 3061 2918 3114 ὑπ’
2946 3060 3173 3130 οὐρανὸν
3202 3061 3401 3128 αἵματι
3432 3061 3515 3130 τῷ
3547 3061 3682 3128 ίδεῳ.

2095 3157 2210 3210 Οὐκ
2233 3154 2298 3208 ἂν
2323 3149 2416 3206 οὖν
2453 3153 2673 3220 γέγονεν
2702 3145 2781 3214 είς
2811 3151 3064 3206 ἁπάντων
3109 3149 3384 3212 ἀντάξιος,
3420 3151 3588 3218 εἴπερ
3619 3145 3685 3218 ἦν

2095 3246 2377 3316 ἄνθρωπος
2406 3243 2608 3306 ἁπλῶς.
2649 3244 2712 3294 Εἰ
2739 3243 2794 3294 δὲ
2841 3243 2903 3309 δὴ
2941 3244 3110 3293 νοοῖτο
3154 3241 3288 3303 Θεὸς
3316 3240 3684 3310 ὲνηνθρωπη-

2094 3337 2226 3400 κὼς,
2255 3336 2347 3388 καὶ
2379 3335 2542 3404 σαρκὶ
2566 3336 2632 3403 τῇ
2667 3332 2775 3403 ἰδίᾳ
2818 3331 3025 3395 παθὼν,
3066 3331 3221 3400 ὀλίγη
3263 3331 3406 3401 πρὸς
3438 3332 3606 3383 αὑτὸν
3646 3332 3681 3399 ή

2097 3430 2358 3499 σύμπασα
2395 3427 2590 3491 κτίσις,
2627 3425 2720 3479 καὶ
2753 3425 2966 3494 ἀπόχρη
3004 3424 3138 3492 πρὸς
3190 3423 3394 3493 λύτρον
3436 3425 3545 3493 τῆς
3591 3423 3680 3476 ὑπ’

2095 3519 2320 3590 οὐρανὸν
2348 3519 2376 3570 6
2424 3518 2552 3586 μιᾶς
2583 3514 2784 3585 σαρκὸς
2811 3515 3068 3577 θάνατος⁸
3113 3515 3218 3567 ἰδία
3249 3513 3360 3584 γάρ
3389 3511 3459 3584 ἦν
3489 3514 3592 3567 τοῦ
3621 3516 3684 3566 ἐκ

2096 3609 2230 3663 Θεοῦ
2259 3609 2472 3678 Πατρὸς
2502 3606 2697 3674 φύντος
2728 3605 2924 3672 Λόγου.

424 3701 768 3759 comparata;
802 3705 964 3763 atque
1012 3697 1145 3750 adeo
1182 3698 1248 3752 ad
1292 3699 1513 3754 humani
1587 3700 1804 3769 generis
1867 3689 2242 3755 liberationem
2286 3698 2444 3752 unius
2473 3695 2655 3750 carnis
2686 3709 2831 3749 mors
2900 3694 3113 3749 abunde
3159 3703 3240 3748 sat
3273 3694 3487 3748 fuerit:
3558 3709 3686 3764 pro-

423 3787 540 3856 pria
577 3787 720 3842 enim
749 3797 867 3843 erat
897 3789 1084 3857 Verbi,
1113 3793 1257 3862 quod
1292 3808 1358 3847 ex
1391 3794 1499 3849 Deo
1524 3804 1713 3848 natum
1744 3802 1850 3850 est.

496 3877 629 3934 Vlll.
678 3899 697 3933 ι
729 3880 864 3934 Ευιη
896 3894 1073 3938 autem
1115 3884 1206 3953 qui
1236 3886 1446 3940 modico
1473 3901 1637 3955 quam
1672 3885 1848 3956 angeli
1890 3886 1993 3939 mi-

426 3977 649 4026 noratus
706 3981 825 4037 est,
880 3974 1126 4030 videmus
1173 3973 1356 4030 Jesum
1411 3987 1632 4046 propter
1687 3977 1994 4045 passionem

429 4062 640 4129 mortis,
673 4062 842 4132 gloria
887 4075 940 4117 et
968 4065 1175 4120 honore
1210 4077 1566 4125 coronatum:
1610 4079 1668 4122 ut
1695 4067 1870 4138 gratia
1904 4067 1996 4121 Dei

423 4169 524 4223 pro
577 4153 828 4208 omnibus
876 4165 1119 4224 gustaret
1148 4157 1302 4227 133
1344 4169 1572 4213 mortem
1597 4158 1665 4211 ⁷⁸.
1701 4177 1720 4210 ι
1775 4157 1998 4212 Divirms

2178 3902 2197 3935 ι
2242 3885 2324 3936 H'.
2346 3883 2452 3935 Τὸν
2479 3881 2538 3934 δὲ
2571 3879 2743 3952 βραχύ
2765 3896 2816 3932 τι
2843 3878 2972 3950 παρ’
2999 3879 3264 3946 ἀγγέλους
3291 3877 3692 3948 ἠλαττωμένον

2093 3975 2371 4047 βλέπομεν
2413 3972 2643 4043 Ἰησοῦν,
2675 3971 2762 4025 διὰ
2789 3971 2852 4023 τὸ
2891 3971 3121 4040 πάθημα
3145 3969 3237 4022 τοῦ
3267 3969 3534 4030 θανάτου,
3560 3969 3690 4040 δόξῃ

2099 4067 2193 4120 καὶ
2237 4069 2371 4136 τιμῇ
2422 4062 2885 4132 ἐστεφανωμένον,
2927 4063 3074 4124 ὅπως
3123 4062 3307 4130 χάριτι
3357 4059 3499 4113 Θεοῦ
3547 4061 3687 4132 ὑπὲρ

2101 4157 2301 4218 παντὸς
2329 4155 2592 4224 γεύσηται
2621 4152 2874 4206 θανάτου.
2916 4170 2935 4202 t
2978 4153 3035 4204 '0
3063 4151 3120 4204 δὲ
3150 4151 3442 4213 θεσπέσιος
3474 4151 3686 4213 Παῦλος

429 4241 624 4296 Paulus
671 4243 784 4297 haec
831 4259 1047 4298 rursum
1098 4244 1166 4300 de
1208 4245 1426 4302 Christo
1467 4247 1708 4303 omnium
1753 4259 1989 4302 nostrum

2099 4254 2223 4311 τοὺς
2252 4245 2490 4318 περὶτοῦ
2520 4244 2737 4298 πάντων
2766 4243 2922 4312 ἡμῶν
2952 4243 3202 4313 Σωτῆρος
3230 4241 3474 4312 Χριστοῦ
3506 4241 3689 4295 ποιού-

429 4331 709 4387 Salvatore
747 4345 1136 4389 commemorat
1167 4355 1179 4390 :
1213 4354 1232 4388 ι
1262 4336 1395 4391 Cum
1425 4338 1866 4407 primogenitum,
1899 4342 1995 4405 ait,

429 4424 723 4478 introducit
756 4424 808 4477 in
854 4425 1042 4479 orbem
1074 4435 1251 4491 terrae,
1292 4427 1465 4481 dicit:
1506 4427 1572 4482 Et
1605 4429 1832 4482 adorent
1875 4444 1996 4483 eum

427 4531 616 4570 omnes
665 4517 840 4586 angeli
889 4517 981 4571 Dei
1002 4516 1072 4572 '9.
1104 4535 1124 4568 ›
1174 4518 1242 4573 Ει
1273 4519 1466 4574 iterum
1498 4538 1511 4574 :
1547 4537 1566 4570 ι
1599 4520 1700 4586 Qui
1754 4536 1876 4575 cum
1927 4523 1999 4575 sit

429 4606 684 4673 splendor
715 4607 917 4677 gloriae,
953 4618 1005 4660 et
1034 4607 1203 4678 ﬁgura
1231 4609 1548 4664 substantiae
1576 4612 1716 4681 ejus,
1747 4621 2000 4680 portans-

430 4713 536 4766 que
581 4701 759 4752 omnia
806 4701 972 4755 verbo
1015 4702 1237 4757 virtutis
1277 4718 1410 4768 sure,
1459 4705 1834 4774 purgationem
1875 4719 2001 4772 pec-

431 4799 673 4841 catorum
729 4801 1041 4846 nostrorum
1091 4793 1334 4860 faciens,
1389 4795 1542 4851 sedet
1591 4795 1660 4851 ad
1716 4796 1995 4851 dexteram

437 4878 614 4932 throni
662 4877 961 4945 maiestatis
1008 4882 1060 4935 in
1105 4885 1368 4951 excelsis;
1419 4895 1564 4940 tanto
1602 4886 1794 4940 melior
1839 4901 1998 4955 ange-

438 4967 502 5020 lis
547 4965 792 5031 efl'ectus,
839 4978 1040 5036 quanto
1096 4971 1432 5028 differentias
1481 4989 1589 5044 prze
1647 4974 1751 5029 illis
1804 4988 1996 5027 nomen

438 5058 800 5114 luereditavit.
830 5059 924 5115 Cui
956 5063 1098 5115 enim
1145 5064 1281 5118 dixit
1315 5065 1603 5133 aliquando
1643 5065 1952 5136 angelorum
1985 5081 1998 5118 :

437 5147 606 5203 Filius
675 5165 826 5206 meus
892 5167 952 5206 es
1011 5161 1108 5216 tu,
1173 5169 1274 5224 ego
1329 5156 1487 5209 hodie
1544 5156 1701 5226 genui
1762 5165 1812 5208 te
1845 5154 1939 5207 ‘°?
1981 5173 1999 5205 ι

441 5237 668 5303 Quando
728 5255 855 5308 ergo
915 5240 1234 5313 Unigenitus
1293 5242 1468 5300 factus
1523 5253 1610 5300 est
1675 5243 2007 5314 primogeni-

444 5336 551 5394 tus,
600 5341 650 5384 et
699 5347 836 5386 unus
879 5347 909 5388 e
960 5333 1140 5390 multis
1185 5335 1468 5402 fratribus,
1512 5343 1640 5390 tunc
1695 5347 1747 5388 et
1792 5334 1843 5386 in
1899 5343 2005 5387 ter-

522 5507 567 5537 "
599 5506 794 5574 Ephcs.
830 5523 886 5571 ιι,
912 5509 964 5563 6.
1040 5512 1082 5542 ⁷⁷
1115 5511 1289 5565 Galat.
1326 5526 1406 5579 ιιι,
1442 5511 1526 5563 l3.
1604 5511 1648 5543 ⁷⁸
1680 5508 1844 5564 Hebr.
1881 5523 1941 5574 ιι,
1968 5507 2022 5562 9.

2105 4355 2260 4408 μενος
2289 4337 2506 4405 λόγους,
2549 4355 2566 4386 ι
2602 4335 2772 4386 Ὅταν
2799 4334 2856 4386 δὲ
2890 4334 3178 4404 εἰσαγάγῃ,
3207 4333 3359 4400 φησι,
3393 4333 3488 4383 τὸν
3535 4349 3686 4402 πρω-

2098 4429 2318 4481 τότοκον
2351 4429 2431 4490 είς
2471 4425 2569 4495 τὴν
2601 4425 2948 4494 οἰκουμένην,
2995 4424 3176 4490 λέγει’
3224 4423 3335 4474 Καὶ
3369 4439 3688 4493 προσκυνηο

2104 4520 2353 4573 σάτωσαν
2390 4515 2535 4586 αὑτῷ
2586 4516 2785 4578 πάντες
2827 4514 3048 4583 ἄγγελοι
3089 4513 3244 4566 Θεοῦ.
3283 4532 3303 4562 ι
3349 4515 3462 4566 Καὶ
3497 4514 3684 4567 πάλιν·

2112 4631 2131 4665 ι
2177 4614 2273 4672 ⁸ος
2303 4609 2378 4662 ὢν
2408 4607 2744 4676 ἀπαύγασμα
2785 4607 2884 4676 τῆς
2912 4605 3089 4674 δόξης,
3121 4606 3212 4656 καὶ
3250 4603 3546 4673 χαρακτὴρ
3598 4605 3690 4672 τῆς

2107 4703 2455 4764 ὑποστάσεως
2487 4698 2672 4763 αὐτοῦ,
2717 4697 2898 4768 φέρων
2946 4713 3006 4748 τε
3037 4695 3105 4747 τὰ
3135 4695 3312 4748 πάντα
3352 4693 3433 4763 τῷ
3486 4697 3690 4764 ῥήματι

2107 4795 2205 4866 τῆς
2220 4795 2500 4862 δυνάμεως
2524 4789 2710 4854 αὑτοῦ,
2727 4787 3066 4856 καθαρισμὸν
3085 4785 3194 4838 τῶν
3216 4785 3507 4852 ἁμαρτιῶν
3533 4788 3569 4852 ἡ
3581 4785 3686 4852 μῶν

2106 4885 2492 4953 ποιησάμενος,
2534 4881 2784 4933 ἐκάθισεν
2830 4879 2888 4931 ὲν
2915 4878 3065 4948 δεξιᾷ
3092 4876 3183 4928 τοῦ
3219 4875 3416 4945 θρόνου
3461 4875 3566 4942 τῆς
3600 4891 3688 4940 μευ

2105 4972 2422 5042 γαλωσύνης
2469 4973 2524 5022 ὲν
2555 4968 2797 5037 ὑψηλοῖς,
2830 4967 3070 5037 τοσούτῳ
3098 4965 3360 5034 κρείττων
3391 4964 3685 5029 γενόμενος

2107 5063 2214 5116 τῶν
2244 5061 2518 5129 ἀγγέλων,
2563 5061 2672 5128 ὅσῳ
2713 5056 3109 5126 διαφορώτερον
3161 5053 3294 5120 παρ’
3349 5053 3550 5113 αὐτοὺς
3599 5066 3684 5101 κε-

2109 5152 2514 5223 κληρονόμηκεν
2540 5149 2730 5218 ὄνομα.
2760 5149 2802 5199 Τ
2810 5148 2876 5199 iw.
2908 5147 3016 5216 γὰρ
3045 5141 3165 5199 εἶπέ
3200 5161 3330 5197 ποτε
3371 5142 3485 5196 τῶν
3524 5140 3684 5208 ἀγγέ-

2110 5242 2247 5294 λων·
2286 5240 2410 5301 Υίός
2440 5254 2539 5300 μου
2568 5232 2618 5288 εἷ
2655 5237 2741 5300 σὺ,
2775 5234 2885 5302 ἐγὼ
2919 5235 3159 5303 σήμερον
3185 5232 3497 5301 γεγέννηκά
3533 5247 3632 5295 ac;
3662 5244 3679 5277 ι

2068 5329 2078 5338 ’
2113 5329 2319 5386 Οὐκοῦν
2348 5330 2436 5381 ὅτε
2463 5328 2650 5397 γέγονε
2691 5324 3030 5397 πρωτότοκος
3063 5324 3092 5374 6
3122 5323 3462 5393 Μονογενὴς,
3492 5321 3588 5376 καὶ
3630 5319 3683 5371 ἑν

2100 5507 2144 5540 7’
2180 5503 2340 5559 llebr.
2376 5517 2415 5571 ι,
2453 5500 2505 5554 6.
2583 5499 2627 5532 ⁸ο
2661 5498 2788 5554 ibid.
2823 5496 2940 5552 3-5.
