3942 6128
162 228 337 327 λιειε

1007 270 1100 326 AD
1138 270 1438 329 REGINAS
1477 271 1565 329 DE
1593 260 1835 326 ’RECTA
1874 267 2029 325 FIDE
2064 267 2325 335 ORATIO
2364 268 2663 326 ALTERA.

3309 270 3450 326 £356

200 389 412 453 πολλοῖς
438 387 707 460 ἀδελφοῖς,
732 389 852 443 τότε
879 391 971 444 καὶ
992 392 1403 464 είσκεκομίσθαι
1425 394 1589 465 φησὶν
1611 389 1775 447 αὑτὸν

1883 405 2061 446 rarum
2110 405 2325 462 quoque
2379 391 2566 446 orbem
2631 384 2975 443 introductus
3041 385 3241 443 dicitur
3296 389 3446 456 (nam

199 481 278 544 είς
309 480 407 552 τὴν
433 482 758 553 οἰκουμένην
780 498 792 512 ·
839 480 943 546 ἔξω
973 481 1082 552 γὰρ
1102 478 1199 553 ἦν,
1235 484 1379 537 κατά
1416 485 1575 553 φύσιν
1610 484 1769 546 ίδίαν,

199 568 297 634 τῆς
330 568 577 633 κτίσεως,
628 568 704 632 ὡς
748 568 910 630 Θεός·
943 568 1066 621 τότε
1112 570 1205 623 καὶ
1235 571 1576 641 ὴλαττῶσθαί
1610 589 1772 642 φησιν

198 659 359 713 αὑτὸν
406 658 560 728 παρά
605 660 731 722 τοὺς
779 659 1061 728 ἀγγέλους,
1108 661 1203 714 καί
1242 678 1347 721 τοι]
1374 661 1772 735 διαφορώτερον

200 750 328 818 παρ’
362 748 559 811 αὑτοὺς
588 748 831 818 -λαχόντα
865 749 926 801 τὸ
965 750 1156 819 ὄνομα.
1184 750 1279 805 ,Τὸ
1344 750 1443 821 μὲν
1490 753 1620 822 γὰρ,
1668 752 1770 821 ἀγ-

199 839 372 906 γελος,
422 839 759 910 λειτουργίας
804 839 921 893 ἐστὶ
972 840 1323 909 σημαντικὸν,
1364 843 1459 896 καὶ
1508 845 1774 905 οἰκετικὸν

199 934 326 1003 ἡμῖν
357 932 687 1003 ὑπεμφαίνει
724 931 956 1003 μέτρον·
997 950 1016 984 ι
1068 933 1512 989 Ἀποστέλλονται
1541 935 1650 1007 γὰρ
1693 939 1774 1000 είς

199 1021 469 1076 διακονίαν
516 1022 603 1077 διὰ
660 1024 788 1086 τοὺς
841 1023 1132 1093 μέλλοντας
1180 1025 1539 1098 κληρονομεῖν
1598 1044 1774 1098 σωτη-

203 1112 341 1184 ρίαν.
384 1132 402 1164 ι
447 1113 505 1167 Ὀ
533 1112 589 1166 δέ
639 1130 703 1182 γε
742 1113 870 1176 Υίὺς
914 1114 1012 1183 τὴν
1057 1116 1120 1167 ὲκ
1163 1115 1378 1187 Πατρὺς
1421 1117 1653 1189 ὕπαρξιν
1685 1119 1774 1171 οὑ·

203 1202 364 1272 σιώδη
412 1220 471 1256 τε
511 1203 604 1257 καὶ
652 1203 884 1275 φυσικὴν
926 1207 1362 1277 κατασημήνειεν
1408 1206 1497 1271 ἂν,
1549 1209 1631 1261 ὅτι
1679 1208 1774 1262 καὶ

201 1294 414 1365 ἀληθῶς
458 1296 558 1367 τὴν
601 1296 855 1367 γέννησιν
890 1297 1204 1368 πεπρᾶχθαι
1252 1299 1601 1369 πιστεύομεν.
1648 1300 1774 1364 Πῶς

129 1406 141 1413 ·
201 1384 508 1454 ἠλάττωται
538 1386 687 1457 παρὰ
716 1388 838 1451 τοὺς
868 1388 1133 1456 ἀγγέλους
1162 1390 1191 1442 ὁ
1233 1392 1366 1460 παρ’
1397 1392 1575 1444 αὐτῶν
1608 1408 1775 1462 προσ·

200 1473 548 1543 κυνοὺμενος,
577 1477 605 1528 ὁ
633 1475 885 1546 σύνεδρος
917 1475 995 1547 τῷ
1030 1478 1204 1548 Πατρί
1222 1494 1236 1543 ;
1277 1479 1416 1532 Ἀλλ’
1443 1481 1559 1533 ἔστι
1599 1481 1775 1551 σαφὴς

200 1563 236 1632 ὴ
268 1563 558 1632 πρόφασις.
594 1563 870 1618 Καθίκετο
907 1565 1015 1636 γὰρ
1057 1566 1115 1619 ὲν
1148 1569 1261 1631 τοῖς
1289 1569 1389 1638 τῆς
1430 1569 1776 1640 ἀνθρωπότη-

200 1669 292 1716 τος
325 1654 565 1724 μέτροις,
603 1655 694 1709 καὶ
722 1655 783 1708 τὸ
811 1655 1178 1727 ἀποθνήσκειν
1223 1659 1463 1728 πεφυκὸς
1492 1660 1650 1730 σῶμα
1679 1660 1771 1714 λα-

1874 482 2171 538 secundum
2204 481 2479 550 prepriam
2512 489 2758 534 naturam
2787 489 2940 533 extra
2968 493 3183 534 omnem
3226 489 3449 534 creatu-

1874 587 1991 626 ram
2028 571 2262 640 degebat
2310 580 2371 624 ut
2405 569 2568 638 Deus)
2599 587 2612 623 :
2649 579 2776 623 tunc
2816 569 3113 639 et,angelis
3161 569 3338 623 minor
3371 569 3450 621 fa-

1874 671 1993 717 ctus
2044 662 2332 725 asseritur,
2390 661 2554 714 etiam
2608 660 2652 714 si
2710 660 3082 729 praestantius,
3139 674 3300 728 quam
3352 657 3449 724 illi,

1875 765 2072 807 nomen
2133 751 2207 806 sit
2259 750 2483 805 sortitus
2523 750 2838 820 :siquidem
2892 764 2993 803 vox
3050 751 3187 813 haec,
3245 749 3449 816 angeli,

1876 844 2151 897 notionem
2190 842 2477 896 ministerii
2511 856 2621 909 pra:
2656 856 2716 896 se
2770 841 2875 895 fert
2920 841 3283 910 servilemqne
3318 855 3454 894 con-

1875 934 2138 989 ditionem
2187 933 2474 988 insinuat:
2512 951 2531 985 ι
2565 932 2855 987 Mittuntur
2893 939 3129 1001 namque
3187 933 3241 986 in
3291 932 3453 985 mini-
3500 992 3503 995 _

1876 1025 2103 1080 sterium
2136 1036 2357 1095 pr0pter
2378 1039 2473 1078 eos
2498 1023 2589 1093 qui
2627 1024 2819 1078 salutis
2853 1025 3224 1078 haereditatem
3258 1036 3453 1077 conse-

1876 1117 2055 1173 cuturi
2099 1116 2314 1172 sunt".
2350 1134 2370 1169 ι
2402 1115 2474 1169 At
2505 1129 2637 1170 vero
2675 1114 2819 1168 filius
2890 1130 3011 1169 eum
3061 1116 3305 1178 denotat,
3358 1115 3450 1182 qui

1878 1209 2254 1265 exsistentiam
2285 1207 2694 1263 substantialem
2724 1207 3139 1274 naturalemque
3183 1221 3247 1258 ex
3279 1203 3453 1257 fratre

1876 1299 2081 1365 habet;
2110 1299 2384 1353 credimus
2410 1310 2645 1366 namque
2675 1296 2823 1349 illum
2864 1310 2991 1349 vere
3022 1309 3085 1348 ac
3132 1294 3453 1348 naturaliter
3486 1360 3491 1365 δ

1875 1405 1950 1445 ex-
1988 1389 2157 1443 Patre
2208 1388 2448 1457 genitum
2496 1401 2641 1442 esse.
2686 1387 2757 1439 At
2800 1387 3071 1455 quomodo
3127 1384 3174 1439 is
3227 1372 3451 1456 (inquis)

1877 1481 2084 1550 angelis
2118 1481 2297 1535 minor
2317 1480 2513 1542 evasit,
2545 1479 2640 1547 qui
2674 1479 2743 1533 ab
2779 1477 2883 1531 illis
2923 1478 3203 1543 adoratur,
3237 1492 3453 1546 unaque

1876 1584 2001 1625 eum
2046 1568 2219 1624 Patre
2262 1567 2417 1637 regni
2461 1567 2656 1623 solium
2708 1567 2956 1622 obtinet?
2982 1566 3037 1620 ln
3080 1578 3329 1637 promptu
3368 1577 3454 1623 est

1881 1660 2167 1729 responsio
2200 1676 2217 1716 :
2244 1674 2371 1714 nam
2399 1674 2626 1729 corpore
2658 1661 2801 1728 quod
2836 1660 2972 1713 mori
3006 1668 3210 1729 posset,
3238 1675 3453 1713 assum-

203 1743 335 1808 ὁὼν,
372 1745 501 1798 ίδιόν
533 1762 590 1798 τε
618 1746 751 1799 αὑτὸ
795 1747 1181 1818 ποιησάμενος,
1216 1751 1275 1803 έν
1324 1749 1472 1821 αὑτῷ
1511 1751 1774 1805 πέπονθεν

1883 1761 1992 1822 plo,
2030 1751 2093 1805 ad
2126 1751 2378 1805 humanae
2408 1762 2615 1803 naturae
2644 1750 2982 1805 infirmitates
3018 1750 3256 1819 scipsum
3284 1750 3452 1804 demi.

201 1835 364 1896 ἑκὼν.
398 1838 491 1891 καὶ
530 1842 651 1902 ταῖς
696 1839 959 1893 ἀνωτάτω
991 1841 1168 1905 δόξαις
1199 1842 1558 1912 στεφανοῦται
1586 1844 1673 1898 διά
1714 1845 1775 1899 τὸ

202 1929 394 1996 πάθος,
426 1930 500 1994 ώς
543 1930 609 1983 δι’
638 1930 804 1984 αὑτοῦ
850 1935 1204 2005 καταργήσας
1253 1934 1346 1988 τὸν
1385 1936 1631 2002 θάνατον,
1681 1937 1775 1990 καὶ

200 2019 482 2092 ἄπρακτον
507 2022 793 2093 ἀποφήνας
821 2023 919 2095 τὴν
955 2024 1180 2097 φθορὰν,
1230 2025 1326 2079 ἅτε
1366 2028 1428 2099 δὴ
1472 2027 1565 2080 καὶ
1611 2028 1779 2099 ὑπάρ-

200 2128 310 2181 χων
340 2111 617 2183 ἀφθαρσία
658 2119 752 2167 καὶ
780 2114 915 2188 ζωή.
949 2117 1113 2171 Ὅταν
1139 2115 1233 2171 οὖν
1269 2118 1475 2188 Ἰησοῦν
1497 2118 1773 2189 ὀνομάζει.

200 2202 299 2254 καὶ
342 2203 681 2272 ὴλαττῶσθαι
728 2205 878 2274 λέγει
922 2207 1071 2277 παρά
1123 2209 1248 2271 τοὺς
1285 2207 1551 2276 ἀγγέλους
1594 2209 1774 2273 αὑτὸν,

199 2293 303 2345 οὑκ
325 2292 608 2365 ἄνθρωπον
636 2294 738 2348 ἀνά
766 2296 931 2367 μέρος
959 2298 1052 2349 καὶ
1082 2296 1286 2361 ίδικῶς,
1314 2295 1429 2349 ἀλλ’
1451 2297 1612 2350 αὑτὸν
1636 2297 1778 2351 νοοῦ-

204 2386 434 2455 μεψτὺν
482 2386 761 2457 Μονογενῆ
814 2387 1246 2459 παραχωροῦντα
1278 2388 1372 2441 τοῦ
1410 2389 1667 2459 προῦχειν
1708 2392 1778 2442 οί-

199 2475 508 2544 κονομικῶς
534 2476 647 2539 τοῖς
677 2479 855 2547 ἁγίοις
895 2479 1148 2547 ἀγγέλοις
1172 2495 1186 2509 ·
1236 2481 1317 2533 ὄτι
1364 2481 1591 2553 ἀληθείᾳ
1628 2481 1780 2549 γέγο-

199 2580 291 2616 νεν
316 2566 598 2637 ἄνθρωπος
620 2567 647 2618 ὁ
671 2568 767 2638 τῆς
797 2569 1019 2623 ἐκείνων
1043 2572 1313 2642 ὑπεροχῆς
1341 2571 1668 2642 ἡττώμενος.
1698 2572 1779 2626 Τά

199 2651 259 2703 δὲ
292 2652 390 2721 τῆς
420 2653 695 2724 ὑπεροχῆς
734 2658 844 2719 τοῖς
888 2657 1063 2723 ἁγίοις
1097 2659 1368 2728 ἀγγέλοις,
1415 2661 1497 2713 ὅτι
1541 2662 1633 2714 καὶ
1674 2661 1779 2725 ἔξω

202 2742 425 2812 σαρκὸς,
470 2745 564 2797 καὶ
600 2745 693 2798 τοῦ
739 2745 988 2801 τεθνάναι
1017 2750 1298 2818 κρείττους
1329 2752 1459 2804 είσί’
1493 2752 1778 2820 γεγονότος

196 2832 261 2883 ὲν
282 2831 489 2897 τούτοις
516 2833 609 2886 τοῦ
639 2834 769 2887 Υίοῦ
799 2837 887 2888 διὰ
921 2838 1019 2906 τὴν
1050 2839 1299 2891 ἑκούσιον
1330 2841 1581 2894 κένωσιν.
1639 2840 1777 2893 Ἀλλ’

200 2923 229 2973 ὁ
269 2921 440 2993 βραχὺ
475 2925 605 2994 παρ’
651 2925 916 2993 ἀγγέλους
955 2928 1337 2999 ὴλαττωμένος
1364 2931 1453 2984 διά
1499 2949 1563 2998 γε
1589 2932 1648 2986 τὸ
1679 2932 1778 3003 τῆς

1878 1846 1969 1907 sit,
2025 1843 2077 1896 in
2127 1855 2302 1910 eoque
2344 1840 2509 1895 veluti
2564 1841 2785 1910 proprio
2829 1851 3181 1909 spontaneam
3222 1851 3450 1894 mortem

1879 1932 2158 1988 sustinuit.
2207 1929 2290 1985 Ob
2340 1945 2460 1984 eam
2503 1945 2669 1998 porro
2721 1941 2951 1984 mortem
3001 1940 3055 1986 et
3106 1934 3451 1998 passionem,

1878 2039 2105 2080 summa:
2166 2023 2351 2092 gloria:
2399 2037 2653 2076 coronam
2716 2023 3053 2092 promeruit;
3116 2024 3314 2092 quippe
3361 2025 3453 2091 qui

1881 2118 2013 2186 ipse,
2055 2124 2240 2187 utpote
2267 2114 2376 2167 vita
2421 2104 2481 2168 et
2526 2114 2861 2183 incorruptio
2892 2115 3184 2182 exsistens,
3215 2125 3271 2169 et
3306 2131 3455 2168 mor-

1871 2218 2107 2276 temper
2137 2206 2280 2260 illam
2313 2203 2634 2269 aboleverit,
2670 2212 2725 2257 et
2756 2205 3158 2274 corruptionem
3186 2204 3453 2258 nullarum

1881 2300 2077 2354 virium
2129 2312 2254 2352 esse
2296 2296 2677 2351 declaraverit.
2715 2294 2851 2349 Cum
2882 2294 3064 2350 Jesum
3112 2310 3240 2366 ergo
3280 2298 3457 2350 nomi-

1878 2401 1993 2458 nat,
2029 2399 2084 2447 et
2120 2389 2326 2459 angelis
2367 2388 2630 2442 minorem
2672 2388 2952 2457 praedicat,
2988 2403 3093 2442 non
3124 2391 3325 2443 nudum
3358 2404 3456 2443 nos

1881 2485 2178 2548 hominem,
2222 2494 2579 2549 seorsumque
2629 2495 2695 2535 ac
2735 2494 2833 2549 per
2885 2496 2944 2536 se
2984 2482 3220 2550 positum
3277 2493 3457 2537 mente

1882 2574 2253 2643 concipimus;
2284 2572 2377 2627 sed
2410 2571 2706 2640 ipsummet
2744 2571 3090 2641 Unigenitum
3120 2582 3339 2642 propter
3372 2574 3459 2626 iii-

1882 2664 2222 2720 carnationis
2265 2662 2511 2717 ordinem
2554 2664 2792 2732 potiores
2839 2674 3025 2733 partes
3064 2664 3270 2734 angelis
3305 2666 3456 2720 defe-

1882 2765 2111 2809 rentem.
2144 2752 2277 2807 Nam
2315 2752 2409 2822 qui
2449 2752 2784 2807 excellentia:
2829 2753 3043 2807 illorum
3085 2755 3278 2807 cedere
3320 2769 3456 2822 pra:-

1881 2845 2122 2908 dicatnr,
2152 2846 2199 2899 is
2226 2858 2351 2898 vere
2376 2842 2536 2897 homo
2565 2842 2738 2898 factus
2765 2844 3120 2914 dignoscitur.
3149 2845 3239 2898 llla
3271 2855 3451 2900 autem

1882 2938 2196 2987 sanctorum
2238 2932 2552 3000 angelorum
2585 2933 2877 2987 eminentia
2920 2935 2972 2987 in
3012 2934 3114 2989 hoc
3146 2934 3317 3004 posita
3349 2947 3452 2998 εει,

199 3013 618 3085 ἀνθρωπότητος
673 3016 904 3087 μέτρον,
957 3019 1015 3072 ἐν
1062 3019 1301 3092 ὑπεροχῇ
1362 3023 1613 3094 θεότητος
1657 3024 1733 3077 ὣν
1760 3063 1775 3089 ,

1883 3035 1938 3080 et
1966 3026 2110 3095 quod
2139 3040 2167 3077 a
2201 3037 2367 3079 carne
2392 3034 2519 3078 sunt
2543 3024 2835 3088 immunes,
2860 3034 2913 3079 et
2936 3024 3079 3094 quod
3111 3038 3284 3080 morte
3312 3027 3457 3079 exsi—

198 3111 587 3174 προσκυνεῖται
617 3108 745 3179 παρ’
774 3109 971 3172 αὑτῶν,
1005 3111 1097 3164 καὶ
1134 3111 1402 3183 ἐνίδρυται
1442 3114 1657 3181 θώκοις,
1686 3114 1779 3180 οὓς

200 3201 548 3268 περιιστᾶσιν
598 3201 792 3254 ἐκεῖνοι
822 3201 1226 3269 δοξολογοῦντες
1254 3206 1359 3271 ἀεὶ,
1390 3206 1610 3261 καὶτῶν
1628 3207 1784 3261 δυνά-

202 3306 352 3361 μεων
388 3292 550 3344 αὑτὸν
577 3292 930 3362 ὀνομάζοντες
966 3294 1190 3365 Κύριον.

1883 3125 2034 3171 stunt
2067 3116 2380 3184 superiores
2411 3135 2423 3171 :
2455 3115 2699 3184 utrisque
2731 3123 2911 3169 autem
2956 3125 3177 3186 propter
3208 3116 3457 3171 volunta-

1884 3209 2020 3263 riam
2071 3207 2497 3262 exinanitionem
2558 3205 2834 3272 subjectus
2884 3205 2982 3259 fuit
3021 3206 3211 3262 Filius.
3258 3207 3454 3263 Verum

1881 3297 2163 3351 enimvero
2194 3297 2286 3365 qui
2318 3304 2539 3366 propter
2565 3296 2814 3350 humanae
2851 3304 3060 3349 naturae
3089 3297 3454 3352 conditionem

201 3381 478 3450 paululum
514 3384 579 3436 ab
610 3383 768 3453 134
795 3384 1001 3453 angelis
1035 3387 1337 3443 ininoratus
1381 3389 1602 3453 dicitur,
1634 3389 1680 3443 is
1721 3388 1773 3442 in
1814 3386 2034 3441 deitatis
2098 3387 2422 3441 excellentia
2488 3386 2757 3441 exsistens
2786 3387 2854 3441 ab
2883 3385 2989 3438 illis
3018 3386 3292 3452 adoratur,
3321 3402 3454 3442 con-

201 3473 453 3544 sidetque
496 3475 548 3527 in
586 3475 650 3528 iis
697 3478 997 3543 majestatis
1070 3479 1302 3539 thronis,
1372 3492 1508 3545 quos
1561 3477 1634 3530 illi
1707 3478 2067 3545 undequaq-ue
2101 3477 2344 3544 cingunt,
2389 3475 2662 3530 indefesso
2699 3476 2920 3531 laudum
2989 3477 3263 3546 praeconio
3310 3478 3455 3533 illum

201 3566 547 3624 extollentes,
602 3580 667 3618 ac
709 3567 969 3621 virtutum
1016 3568 1304 3621 Dominum
1349 3567 1681 3637 appellantes
1707 3566 1777 3621 ⁸⁸.

278 3654 355 3708 Θ’.
401 3672 418 3705 ι
477 3655 627 3709 Ἐπεὶ
661 3651 752 3708 οὗν
787 3656 856 3709 τά
900 3658 1086 3710 παιδία
1115 3657 1512 3727 κεκοινώνηκεν
1552 3658 1782 3727 αἵματος

205 3749 299 3802 καὶ¹
350 3749 579 3820 σαρκὸς,
626 3750 719 3802 καὶ
760 3751 921 3814 αὑτὸς
956 3749 1352 3821 παραπλησίως
1400 3751 1627 3820 μετέσχε
1670 3749 1781 3801 τῶν

205 3840 408 3905 αὐτῶν,
447 3841 529 3893 ἵνα
554 3840 644 3894 διὰ
668 3840 763 3894 τοῦ
813 3841 1043 3896 θανάτου
1071 3844 1395 3913 καταργήσῃ
1423 3842 1513 3894 τὸν
1545 3843 1608 3895 τὸ
1651 3842 1781 3912 κρά-

202 3949 297 3995 τος
333 3932 523 4003 έχοντα
553 3932 646 3987 τοῦ
689 3932 943 3998 θανάτου,
978 3935 1223 3988 τουτέστι
1252 3935 1342 3989 τὸν
1379 3935 1655 3990 διάϐολονθ
1683 3935 1780 3989 καὶ

203 4023 493 4097 ἀπαλλάξῃ
516 4023 759 4089 τούτους,
779 4026 894 4078 ὅσοι
918 4024 1067 4096 φόϐῳ
1087 4026 1319 4081 θανάτου
1345 4026 1444 4097 μὲν
1469 4027 1669 4091 παντὸς
1686 4025 1780 4081 τοῦ

205 4114 307 4184 ζῇν
325 4115 495 4184 ἔνοχοι
516 4110 655 4185 ἦσαν
671 4115 933 4180 δουλείας.
950 4135 966 4169 ι
987 4118 1067 4170 Τὰ
1088 4116 1277 4170 παιδία
1294 4118 1458 4186 φησὶν
1481 4118 1537 4168 έν
1549 4116 1777 4180 τούτοις,

204 4204 353 4273 ἡμᾶς
384 4203 624 4274 δηλονότι
672 4206 796 4268 τοὺς
826 4205 985 4268 ὄντας
1015 4206 1108 4258 ἐπὶ
1146 4208 1244 4278 τῆς
1276 4207 1395 4276 γῆς,
1442 4206 1586 4260 κατά
1615 4222 1677 4275 γε
1719 4207 1781 4258 τὸ

1966 3656 2055 3710 IX.
2105 3675 2125 3708 ι
2156 3656 2291 3722 Quia
2338 3670 2468 3726 ergo
2518 3658 2672 3726 pueri
2725 3661 3262 3716 communicaverunt
3305 3666 3454 3718 carni

1887 3754 1943 3802 et
1984 3746 2253 3816 sanguini,
2292 3754 2347 3801 et
2388 3747 2506 3815 ipse
2533 3749 2785 3802 similiter
2823 3750 3170 3821 participavit
3218 3753 3452 3809 iisdem:

1887 3849 1946 3894 ut
1976 3853 2073 3907 per
2109 3848 2338 3893 mortem
2370 3841 2676 3894 destrueret
2698 3854 2844 3906 eum,
2875 3841 2965 3910 qui
3000 3842 3228 3898 habebat
3266 3846 3461 3901 mortis

1888 3931 2194 4001 imperium,
2237 3932 2339 3985 hoc
2368 3939 2451 3986 est
2495 3931 2807 3998 diabolum;
2838 3942 2892 3987 et
2922 3933 3178 3989 liberaret
3213 3951 3325 4003 eos,
3366 3938 3458 4006 qui

1887 4022 2083 4076 timore
2118 4022 2307 4076 mortis
2340 4035 2440 4091 per
2470 4029 2639 4076 totam
2667 4022 2833 4076 vitam
2855 4024 3075 4078 obnoxii
3106 4034 3260 4079 erant
3288 4028 3459 4082 servi-

1890 4110 2011 4164 tuti.
2033 4109 2081 4141 ⁸⁸
2113 4127 2133 4161 ι
2172 4107 2379 4165 Pueros
2407 4109 2510 4165 hoc
2538 4109 2654 4165 loco
2677 4124 2779 4164 nos
2807 4111 3062 4181 appellat,
3095 4115 3183 4183 qui
3217 4114 3269 4169 in
3301 4117 3460 4171 terris

1888 4203 2055 4256 vitam
2097 4201 2367 4272 degimus,
2394 4199 2552 4269 juxta
2596 4202 2726 4257 illud
2776 4196 3079 4260 Psalmisun
3125 4208 3176 4259 in
3228 4221 3458 4276 persona

203 4293 265 4343 ὲν
313 4291 563 4363 Ψαλμοῖς
624 4293 958 4364 ὑμνούμενον
1014 4294 1090 4358 ὡς
1133 4296 1198 4347 ὲκ
1262 4294 1554 4364 προσώπου
1608 4294 1777 4349 Θεοῦ⁴

1892 4291 1984 4346 Dei
2010 4294 2358 4347 decantatum
2394 4309 2407 4344 :
2444 4309 2465 4343 ι
2492 4292 2626 4362 Ego,
2674 4293 2869 4364 inquit,
2911 4294 3063 4349 dixi:
3105 4295 3187 4350 Dii
3215 4299 3373 4362 estis,
3405 4308 3461 4354 et

209 4401 229 4434 ι
279 4382 421 4452 Ἐγὼ
452 4379 615 4436 εἷπα’
669 4383 794 4436 Θεοί
850 4386 1011 4444 ἐστε.
1066 4385 1160 4438 καὶ
1202 4385 1309 4437 uio‘l.
1343 4384 1601 4454 Ὑψίστου
1647 4385 1783 4440 πάν-

200 4491 314 4537 τες.
355 4493 374 4526 ι
412 4476 578 4528 Ὅσον
609 4473 717 4545 γὰρ
773 4469 908 4547 ἧκεν
937 4475 1017 4539 εἰς
1064 4475 1125 4529 τὸ
1151 4476 1229 4546 τῷ
1282 4476 1402 4547 Θεῷ
1429 4477 1641 4543 δοκοῦν,
1684 4479 1781 4532 καὶ

204 4569 284 4629 εἰς
313 4567 409 4637 τὴν
440 4564 663 4620 ἐνοῦσαν
682 4569 1001 4639 ἡμερότητα
1029 4567 1170 4621 κατά
1199 4567 1360 4636 φύσιν
1390 4568 1558 4639 αὐτῷ,
1579 4569 1779 4632 πάντες

202 4658 271 4711 ἂν
302 4653 446 4727 ἦμεν
475 4660 658 4724 τέκνα,
692 4660 788 4712 καὶ
835 4658 1144 4713 ἀπώλισθεν
1202 4661 1267 4712 ἂν
1297 4660 1471 4723 οὐδεὶς
1498 4661 1597 4732 τῆς
1643 4661 1777 4733 πρὸς

204 4748 368 4800 αὑτὸν
398 4749 746 4819 οἰκειότητος.
780 4751 920 4829 Ἀλλ’
1016 4768 1180 4821 φησιν
1208 4753 1235 4804 ὀ
1264 4750 1447 4815 Δαυῒδ,
1475 4751 1551 4816 ὡς
1578 4751 1782 4825 ἀνθρω·

204 4856 298 4891 ποι
329 4839 764 4909 ἀποθνήσκομεν,
798 4842 890 4893 καὶ
918 4840 992 4903 ὡς
1023 4835 1104 4904 εἷς
1146 4840 1255 4893 τῶν
1283 4841 1559 4912 ἀρχόντων
1587 4842 1783 4895 πίπτο-

208 4949 330 5001 μεν,
352 4934 462 4994 τοῖς
492 4931 588 5001 τῆς
615 4931 813 5000 σαρκὸς
844 4916 1044 4986 πάθεσι
1073 4932 1165 4985 τὸν
1193 4934 1391 4985 οἰκεῖον
1421 4932 1785 5003 ὑποφέροντες

203 5027 350 5081 νοῦν,
410 5026 534 5088 Πῶς
588 5021 681 5078 οὖν
731 5024 839 5096 ἄρα
882 5025 1362 5096 κεκοινωνήκαμεν
1403 5024 1636 5094 αἵματος
1691 5025 1785 5078 καὶ

208 5122 437 5191 σαρκός;
458 5120 617 5188 Ψυχὴ
647 5119 756 5189 γὰρ
786 5121 817 5189 ή
848 5119 1161 5190 ἀνθρωπίνη
1185 5119 1344 5188 φύσιν
1364 5117 1557 5189 ἑτέραν
1587 5118 1784 5187 ἔχουσα

201 5209 356 5279 παρὰ
396 5209 492 5278 τὴν
540 5208 735 5277 σάρκα,
767 5211 831 5278 τῇ
865 5210 998 5278 πρὸς
1034 5207 1201 5279 αὐτὴν
1232 5209 1380 5260 θέσει
1410 5206 1532 5259 καθ’
1564 5207 1777 5271 ἕνωσιν,

197 5301 264 5354 τὸ
308 5301 366 5352 ἓν
406 5317 460 5353 τε
515 5302 606 5352 καὶ
650 5300 863 5367 λογικὸν
900 5300 1188 5353 ἀπετέλεσε
1230 5298 1387 5363 ζῶον,
1416 5301 1659 5352 τουτέστι
1688 5300 1780 5351 τὸν

196 5392 508 5461 ἄνθρωπον.
549 5391 707 5445 Οὕτω
736 5391 1024 5462 τοιγαροῦν
1063 5393 1156 5444 καὶ
1210 5394 1238 5444 ὁ
1266 5390 1359 5443 τοῦ
1403 5391 1543 5443 Θεοῦ
1582 5392 1774 5459 Λόγος,

195 5483 570 5554 ἐμψυχωμένῃ
604 5481 786 5553 σαρκὶ,
818 5483 909 5534 καὶ
940 5482 1039 5535 οὑκ
1067 5480 1259 5551 ἀψύχῳ
1290 5479 1432 5535 κατά
1460 5497 1629 5544 τινας,
1659 5481 1778 5532 ἑαυ-

272 5634 313 5665 “
354 5637 509 5690 lleln'.
547 5654 584 5702 ι,
609 5637 696 5690 εὶιί.
776 5640 820 5669 ⁸¹
851 5639 950 5694 lsa.
986 5654 1056 5699 vr,
1091 5637 1144 5689 5.
1220 5635 1266 5667 ⁸³
1299 5634 1462 5689 llebr.
1495 5649 1551 5701 ιι,
1580 5634 1666 5697 Η,
1700 5633 1783 5688 l5.

1886 4383 1982 4438 ﬁlii
2016 4382 2226 4439 Excelsi
2255 4397 2446 4439 omnes
2465 4383 2535 4438 “.
2567 4401 2587 4435 ι
2641 4382 2774 4439 Nam
2815 4386 2959 4455 quod
3013 4387 3207 4441 attinet
3253 4389 3319 4442 ad
3366 4388 3460 4443 Dei

1885 4479 2259 4542 voluntatem,
2328 4479 2912 4546 mansuetudinemque
2976 4481 3296 4537 naturaliter
3356 4482 3459 4551 ipsi

1883 4570 2127 4635 insitam,
2160 4569 2228 4624 ad
2252 4583 2415 4624 unum
2453 4583 2645 4626 omnes
2680 4585 2928 4627 essemus
2954 4570 3074 4636 lilii,
3114 4586 3289 4643 neque
3311 4576 3463 4644 quis-

1887 4675 2048 4731 quam
2094 4660 2337 4727 ompium
2380 4661 2449 4716 ab
2501 4661 2649 4718 illius
2706 4661 3074 4720 familiaritate
3119 4676 3174 4720 et
3218 4667 3459 4722 amicitia

1886 4752 2097 4808 alienus
2131 4750 2273 4808 foret
2305 4770 2321 4806 :
2357 4768 2547 4809 verum
2590 4754 2736 4824 quod
2789 4765 3026 4811 mentem
3071 4757 3460 4826 cupiditatibus

1888 4851 1944 4899 et
1970 4842 2214 4912 corporis
2238 4844 2741 4911 perturbationibus
2771 4845 2916 4902 ultro
2940 4846 3344 4916 submittamus,
3375 4850 3452 4912 fit.

1887 4942 2181 4990 attestante
2214 4932 2438 5000 Davide,
2475 4943 2535 4989 ut
2567 4933 2734 4990 veluti
2776 4935 3024 4992 homines
3054 4938 3370 5004 moriamur,
3405 4948 3460 4992 et

1886 5025 2028 5080 sicut
2080 5041 2218 5082 unus
2269 5028 2336 5083 de
2377 5025 2719 5096 principibus
2763 5027 3021 5084 cadamus
3045 5029 3112 5084 ⁸⁸.
3166 5029 3272 5084 Sed
3323 5043 3458 5096 quo-

1889 5114 2047 5168 modo
2079 5114 2229 5170 carni
2276 5127 2332 5170 et
2372 5114 2620 5186 sanguini
2654 5114 3217 5169 communicavimus?
3260 5112 3456 5165 Anima

1888 5209 2119 5260 humana
2166 5208 2433 5261 diversam
2480 5223 2510 5261 a
2555 5222 2717 5262 carne
2758 5206 2949 5262 sortita
2998 5214 3267 5268 naturam,
3306 5205 3456 5258 carni

1890 5297 2063 5361 unita,
2095 5312 2282 5364 unum,
2324 5306 2379 5352 et
2416 5299 2543 5351 illud
2574 5298 2792 5367 quidem
2825 5313 2921 5368 per
2941 5298 3021 5354 sui
3057 5295 3456 5367 adjunctioncm

1889 5388 2096 5443 ratione
2143 5390 2425 5457 przediluut
2479 5392 2681 5444 animal
2726 5390 2976 5455 absolvit,
3027 5389 3128 5444 hoc
3171 5396 3254 5443 est
3291 5388 3459 5442 horni-

1887 5495 2029 5536 nem.
2077 5482 2156 5535 Ad
2201 5495 2322 5535 eum
2361 5483 2542 5552 itaque
2578 5482 2793 5536 modum
2849 5492 2902 5538 et
2933 5481 3023 5537 Dei
3061 5480 3288 5537 Verbum
3321 5494 3456 5550 quo-

1859 5634 1904 5664 “
1936 5633 2079 5690 Psal.
2114 5650 2300 5699 Lxxxt,
2340 5636 2392 5690 6.
2469 5637 2514 5668 ⁸⁵
2542 5634 2674 5692 ibid.
2711 5637 2762 5690 7.
