3942 6128
447 189 590 263 4547
1435 183 1493 238 s.
1533 181 1810 238 CYRILLI
1846 179 2038 236 ALEX.

2148 179 2317 236 )lllNl
2356 180 2672 238 ARCBIEP.
3569 188 3738 243 1548

449 319 555 374 que
611 316 716 356 non
763 301 1032 366 inanimc,
1084 308 1144 354 ut
1193 299 1408 370 quidam
1455 301 1660 369 opinati
1712 309 1873 361 sunt,
1921 301 2014 354 sed

2151 301 2210 354 ὸν
2239 301 2565 372 ἀπορρήτως
2603 300 2826 363 ένώσας,
2864 301 3123 370 μετέσχεν
3163 302 3400 371 αἵματος
3445 304 3546 356 καὶ
3580 320 3735 372 σαρ-

449 397 701 449 animata:
732 393 906 454 carni,
941 391 1098 446 modo
1133 405 1291 458 quem
1333 391 1565 444 humana
1597 405 1749 444 mens
1790 406 1894 444 non
1928 406 2014 445 ca-

2148 393 2212 456 ιδς
2258 394 2654 464 παραπλησίως
2689 397 2842 464 ἡμῖν,
2883 395 2971 447 διὰ
3011 397 3316 464 γεννήσεως
3356 395 3414 448 δὲ
3465 395 3732 464 δηλονότι

449 486 550 554 pit.
577 484 816 551 seipsum
852 483 1062 542 uniens,
1107 491 1398 548 ortumque
1427 496 1490 533 ex
1527 479 1754 534 muliere
1787 480 2012 545 ducens,

2148 481 2216 550 ﬁt;
2247 483 2310 534 ὲκ
2358 483 2636 550 γυναικός.
2683 477 2778 548 Εἷς
2808 480 2900 537 οὖν
2929 483 3037 554 ἄρα
3067 484 3272 554 Κύριος
3313 484 3534 554 Ἰησοῦς
3574 486 3728 557 Χρι-

448 575 596 628 carni
640 583 692 628 et
735 572 980 642 sanguini
1014 572 1232 640 perinde
1282 587 1344 624 ac
1381 587 1519 624 unus
1569 585 1634 624 ex
1678 571 1830 626 nobis
1868 587 2015 625 com-

2148 567 2263 629 τὸς,
2295 568 2370 632 ὡς
2417 567 2717 633 ένώσαντος
2748 571 2844 640 μὲν
2875 570 3050 639 ἐαυτῷ
3105 571 3201 623 τοῦ
3250 571 3390 624 Θεοῦ
3439 574 3630 640 Λόγου
3663 576 3732 627 τὸ

450 665 764 718 municavit.
803 666 979 731 Atque
1028 662 1100 715 ita
1153 676 1292 714 unus
1335 662 1597 714 duntaxat
1643 670 1727 715 est
1756 660 2017 716 Dominus

2148 656 2476 726 ινθρὼπινον,
2527 659 2894 730 μεμενηκότος
2923 660 2980 713 δὲ
3009 661 3103 712 καὶ
3145 661 3321 724 οὕτως
3349 663 3497 731 ὅπερ
3529 659 3625 731 ἦν.
3661 665 3728 717 ΕΣ

447 755 603 810 Jcstns
653 753 918 807 Christus.
973 752 1106 805 Nam
1158 753 1259 805 etsi
1308 752 1401 806 Dei
1448 750 1682 806 Verbum
1725 752 2014 806 humanam

2148 745 2173 797 ὲ
2201 748 2363 810 αὐτὸς
2391 750 2708 820 κατήργηκε
2736 749 2830 802 τοῦ
2863 750 3094 803 θανάτου
3125 753 3186 802 τὸ
3225 753 3454 822 κράτος,
3491 755 3572 816 ὡς
3607 753 3728 825 ζωὴ

450 854 694 899 naturam
722 844 824 898 sibi
855 843 1134 906 asciverit,
1172 845 1340 897 nihilo
1375 851 1557 896 tamen
1593 844 1772 897 secius
1803 844 1852 897 id
1874 845 2018 912 quod

2148 836 2216 887 ιαὶ
2254 835 2406 899 Θεὸς,
2441 837 2570 890 ἴδιον
2611 837 2776 890 αὑτοῦ
2821 839 3057 891 νοεῖσθαι
3088 839 3286 909 πρέπει
3329 840 3394 892 τὸ
3440 839 3731 903 πεπονθξ

449 945 568 990 erat
594 934 917 1004 permansit.
947 934 1099 1000 Quod
1124 935 1171 987 si
1204 933 1393 988 mortis
1427 934 1711 1001 imperium
1739 946 1795 987 ut
1831 935 1936 987 vita
1965 944 2020 989 et

2148 926 2210 978 ’ὸν
2256 926 2501 980 θάνατον’
2534 928 2620 980 ἵνα
2662 929 2738 991 ὡς
2775 929 2940 992 αὐτὸς
2981 928 3217 992 ἀναστὰς
3247 931 3608 1000 καταργῆσαι
3640 930 3730 982 λέ-

451 1027 590 1082 Deus
621 1026 880 1088 abolevit,
917 1023 1284 1079 necessarium
1315 1033 1417 1089 est,
1451 1033 1510 1077 ut
1542 1023 1594 1078 id
1616 1024 1755 1091 quod
1791 1032 2018 1076 mortem

2148 1035 2269 1071 ὀιτο
2305 1019 2404 1088 τὴν
2446 1019 2673 1090 φθοράν,
2705 1019 2801 1073 καὶ
2839 1021 2919 1082 είς
2958 1020 3103 1073 ἅπαν
3143 1021 3302 1090 ήμῶν
3340 1022 3728 1090 παραπέμψαι

450 1119 690 1188 pertulit,
735 1119 906 1188 ipsius
934 1118 1214 1186 proprium
1271 1115 1542 1169 exstiterit
1573 1133 1585 1168 :
1619 1130 1726 1184 quo
1765 1115 2018 1167 nimirum

2148 1109 2182 1160 ’δ
2203 1109 2358 1176 γένος
2379 1110 2476 1179 τῆς
2497 1109 2806 1180 ἀφθαρσίας
2834 1109 2931 1180 τὴν
2961 1110 3396 1183 χάριν.‹”Ωσπερ
3420 1113 3539 1182 γὰρ
3570 1115 3628 1164 ἐν
3649 1113 3726 1180 τῷ

452 1209 591 1264 idem
621 1210 736 1278 ipse
764 1225 831 1262 ex
861 1209 1094 1263 mortuis
1134 1208 1200 1262 ad
1245 1208 1412 1260 vitam
1446 1206 1682 1270 rediens,
1716 1205 2022 1273 corruptio-

2148 1197 2308 1266 Ἀδάμ
2331 1197 2529 1261 πάντες
2559 1198 2996 1268 ἀποθνήσκομεν,
3016 1198 3160 1252 οὕτω
3186 1200 3280 1252 καὶ
3301 1202 3361 1251 ὲν
3391 1201 3475 1269 τῷ
3496 1203 3724 1270 Χριστῷ

450 1314 572 1356 nem
616 1313 643 1352 e
675 1299 854 1352 medio
901 1298 1209 1360 sustulisse,
1257 1297 1783 1365 incorruptiouisque
1821 1295 2024 1349 benefl-

450 1391 591 1444 eium
652 1391 705 1444 in
763 1401 930 1445 totum
979 1405 1148 1459 genus
1206 1396 1453 1442 nostrum
1497 1387 1863 1441 transmisisse
1918 1386 2022 1440 dici

447 1491 638 1550 queat.
679 1505 694 1531 σ
732 1480 901 1535 Sicuti
945 1481 1088 1534 enim
1130 1480 1183 1532 in
1215 1479 1385 1532 Adam
1415 1493 1604 1533 omnes
1641 1478 1920 1543 morimur,
1950 1479 2024 1531 ita

450 1585 638 1623 omnes
692 1571 744 1622 in
793 1570 1011 1623 Christo
1061 1567 1459 1622 vivificabimur
1479 1567 1548 1620 ⁸⁸.
1581 1586 1600 1619 ›
1663 1566 1727 1619 Et
1778 1568 2020 1622 iterum:

2126 1293 2325 1354 πάντες
2357 1291 2956 1364 ζωοποιη[θη]σόμεθα.
3009 1313 3027 1345 ι
3051 1295 3158 1347 Καὶ
3198 1294 3398 1356 πάλιν·
3439 1314 3459 1345 ‹
3511 1296 3720 1364 Ὥσπερ

2125 1381 2234 1452 γὰρ
2273 1382 2339 1435 δι’
2379 1383 2666 1454 ἀνθρώπου
2709 1386 2956 1450 θάνατος,
2995 1387 3136 1440 οὕτω
3182 1388 3274 1440 καὶ
3314 1387 3386 1440 δι’
3426 1388 3720 1458 ἀνθρώπω

2127 1475 2426 1538 ἀνάστασις
2479 1475 2707 1547 νεκρῶν.
2750 1495 2766 1525 ι
2814 1477 3032 1544 Ἐπειδὴ
3060 1476 3118 1528 δέ
3147 1477 3262 1528 ἐστι
3292 1477 3405 1528 τῶν
3451 1479 3559 1546 τῆς
3600 1478 3719 1530 καθ’

2128 1566 2274 1636 ἡμᾶς
2302 1567 2597 1636 νοουμένης
2626 1567 3046 1637 ἀνθρωπότητος
3087 1568 3347 1621 ἐπέκεινα
3391 1569 3617 1638 μέτρων
3662 1571 3720 1621 τὸ

458 1677 476 1712 ι
507 1659 640 1712 Nam
696 1669 754 1712 ut
807 1674 904 1729 per
954 1659 1230 1713 hominem
1280 1673 1449 1721 mors,
1493 1657 1564 1710 ita
1615 1670 1709 1724 per
1754 1655 2024 1709 hominem

2148 1658 2375 1727 πατῆσαι
2410 1656 2658 1722 θάνατον,
2684 1658 2873 1711 ένὼσει
2906 1659 3104 1728 φαμὲν,
3141 1660 3308 1729 ήγουν
3338 1663 3626 1731 κοινωνίᾳ,
3656 1665 3720 1731 τῇ

453 1767 667 1805 rursum
725 1761 805 1805 est
871 1751 1194 1804 resurrectio
1260 1758 1595 1802 mortuorum
1635 1748 1702 1799 ⁸⁷.
1751 1766 1770 1798 ι
1831 1747 2026 1801 Verum

452 1841 594 1908 quod
649 1852 873 1894 mortem
923 1849 1219 1909 proterere,
1265 1854 1353 1892 res
1402 1849 1485 1891 est
1525 1838 1776 1890 humana:
1822 1845 2029 1890 natura:

459 1930 762 1984 facultatem
810 1930 1101 1993 excedens,
1137 1929 1292 2000 135
1322 1937 1607 1998 propterea
1651 1927 1743 1981 Dei
1792 1925 2026 1982 Verbum

2138 1749 2276 1819 πρὸς
2318 1749 2496 1817 σάρκα
2523 1765 2583 1800 τε
2624 1749 2716 1801 καὶ
2755 1745 2896 1818 αἷμα
2926 1750 3018 1802 τὸν
3060 1749 3153 1802 τοῦ
3194 1751 3328 1803 Θεοῦ
3359 1754 3542 1819 Λόγον
3572 1755 3723 1820 γενέ-

2137 1839 2259 1892 σθαι
2302 1839 2422 1892 καθ’
2463 1841 2611 1909 ἡμᾶς
2640 1840 2958 1910 ἄνθρωπον·
3006 1841 3495 1912 ἀπομεμενηκέναι
3537 1844 3601 1896 δὲ
3631 1845 3726 1896 καὶ

2135 1931 2276 1984 οὕτω
2305 1931 2536 1984 Θανάτου
2567 1934 2870 2003 κρείττονα⁸
2907 1932 3038 1996 Θεὸς
3066 1934 3173 2004 γάρ
3201 1930 3269 2003 ἦν
3299 1936 3356 1986 ἐν
3385 1937 3576 2004 σαρκί.

455 2026 672 2090 unione,
713 2026 812 2080 hoc
844 2037 948 2089 est,
1015 2041 1138 2078 cum
1205 2038 1370 2079 carne
1407 2033 1462 2078 et
1529 2023 1797 2092 sanguine
1860 2025 2374 2091 conununicatione,
2425 2028 2586 2080 homo
2642 2026 2796 2081 nobis
2840 2027 3034 2082 similis
3079 2025 3331 2083 eﬂ‘ectum
3374 2039 3502 2081 est:
3533 2029 3617 2082 ita
3673 2029 3727 2081 id

457 2133 659 2185 tamen,
706 2132 764 2174 ut
818 2131 991 2176 morte
1035 2121 1282 2190 superior
1319 2120 1680 2183 remanserit;
1725 2128 1843 2172 erat
1874 2120 2018 2174 enim
2054 2122 2192 2175 Deus
2232 2121 2284 2174 in
2321 2136 2505 2174 carne.

535 2214 601 2266 Χ.
655 2231 674 2263 ι
719 2213 994 2281 Nusquam
1043 2213 1186 2266 enim
1227 2210 1447 2280 angelos
1497 2211 1872 2280 apprehendit,
1933 2212 2029 2266 sed

456 2320 639 2358 semen
672 2305 903 2356 Ahrahze
931 2301 1303 2371 apprehendit.
1380 2298 1533 2352 Unde
1561 2299 1747 2353 debuit
1779 2315 1874 2368 per
1905 2315 2026 2352 om-

461 2397 546 2449 nia
575 2396 806 2449 fatribus
837 2393 1126 2446 assimilari
1151 2409 1166 2457 ;
1196 2401 1255 2445 ut
1282 2391 1594 2446 misericors
1625 2390 1780 2445 ﬁeret
1813 2401 1867 2444 et
1893 2391 2027 2446 tide-

461 2489 526 2541 lis
559 2485 798 2554 pontifex
833 2484 900 2537 ad
930 2486 1118 2547 Deum,
1173 2493 1231 2536 ut
1263 2482 1644 2552 repropitiaret
1689 2482 1884 2538 delicta
1933 2499 2029 2551 ps-

461 2578 592 2647 puli.
617 2576 671 2629 In
700 2591 807 2644 quo
830 2576 972 2629 enim
1005 2589 1195 2643 passus
1219 2581 1302 2628 est
1329 2574 1442 2642 ipse
1465 2586 1518 2628 et
1543 2559 1800 2637 tentatus.
1838 2585 2033 2642 potens

461 2676 543 2720 est
574 2677 622 2718 et
651 2665 729 2718 eis
765 2665 854 2731 qui
882 2673 1180 2728 tentantur,
1214 2663 1465 2717 auxiliari
1487 2663 1554 2716 ⁸⁸.
1599 2683 1618 2716 ι
1657 2663 1752 2718 Dei
1793 2662 2030 2717 Verbum

464 2757 694 2810 Ahrahze
724 2771 906 2810 semen
937 2755 1361 2824 apprehendisse
1411 2756 1729 2810 asserimus.
1793 2754 1926 2809 Nam
1948 2771 2035 2810 se-

470 2847 702 2900 cundum
733 2862 948 2901 carnem
984 2861 1048 2900 ex
1073 2845 1276 2901 .ludaeis
1309 2855 1485 2901 ortmn
1530 2856 1631 2909 εει,
1673 2855 1728 2900 et
1777 2845 2034 2900 fratribus

2207 2213 2262 2264 I'.
2305 2231 2322 2262 ι
2349 2213 2424 2265 Οὐ
2455 2212 2564 2283 γὰρ
2595 2213 2768 2283 δήπου
2797 2213 3044 2281 ἀγγέλων
3087 2212 3550 2282 ἐπιλαμϐάνεται,
3585 2212 3722 2264 ἀλλά

2141 2304 2454 2375 σπέρματος
2511 2303 2764 2375 Ἀϐραάμ
2810 2304 3265 2374 ἐπιλαμϐάνεται.
3295 2305 3463 2357 Ὅθεν
3515 2304 3719 2370 ὤφειλε

2136 2396 2277 2448 κατὰ
2323 2399 2499 2450 πάντα
2528 2399 2640 2460 τοῖς
2673 2397 2919 2465 ἀδελφοῖς
2947 2397 3299 2468 ὁμοιωθῆναι·
3341 2398 3429 2450 ἵνα
3468 2397 3722 2468 ἐλεήμων

2136 2487 2359 2557 γένηται
2386 2489 2478 2540 καὶ
2513 2489 2700 2551 πιστὸς
2727 2489 3017 2561 ἀρχιερεὺς
3053 2490 3124 2542 τὰ
3161 2488 3297 2559 πρὸς
3331 2489 3420 2541 τὸν
3454 2489 3614 2552 Θεὸν,
3644 2491 3720 2550 εἰς

2134 2576 2194 2627 τὸ
2224 2575 2537 2628 ἱλάσκεσθαι
2581 2579 2700 2639 ταῖς
2731 2578 3027 2647 ἁμαρτίαις
3067 2576 3246 2646 ήμῶν.
3283 2577 3375 2630 Ἐν
3399 2571 3445 2643 ᾧ
3476 2578 3591 2648 γάρ
3627 2579 3719 2631 πέ-

2136 2666 2330 2717 πονθεν
2367 2666 2528 2728 αὐτὸς
2571 2667 2918 2736 πειρασθεὶς,
2969 2666 3191 2720 δύναται
3227 2668 3342 2729 τοῖς
3385 2668 3723 2737 πειραζομέ-

2135 2772 2245 2818 νοις
2295 2755 2576 2826 βοηθῆσαι.
2606 2776 2625 2808 ›
2676 2757 2997 2826 Σπέρματκ
3045 2756 3297 2827 Ἀϐραὰμ
3348 2757 3721 2826 ἐπιλαμϐάνε-

2137 2845 2260 2898 σθαι
2290 2863 2467 2916 φαμεν
2495 2846 2585 2899 τὸν
2613 2845 2708 2899 τοῦ
2747 2846 2881 2899 Θεοῦ
2913 2847 3115 2914 Λόγον
3147 2848 3315 2914 ἀνέφυ
3350 2849 3459 2918 γάρ
3484 2847 3543 2911 ἐξ
3589 2849 3722 2901 Ἰου-

466 2955 561 3008 per
616 2939 794 2992 omnia
852 2938 1240 3000 assimilatum;
1293 2938 1393 2991 hoc
1440 2947 1557 3004 est,
1605 2936 1785 2990 servili
1829 2937 2034 2998 forma,

2148 2936 2302 2988 δαίων
2327 2938 2389 2990 τὸ
2415 2938 2552 2991 κατά
2583 2938 2779 3008 σάρκα,
2808 2939 2903 2991 καὶ
2927 2938 3184 3008 ὡμοιώθη
3215 2941 3359 2992 κατά
3393 2941 3573 2993 πάντα
3607 2943 3721 3002 τοῖς

461 3033 609 3101 juxta
645 3031 880 3099 Apostoli
913 3029 1212 3084 doctrinam
1237 3029 1304 3095 ⁸⁸,
1332 3037 1570 3099 sumpta,
1597 3028 1822 3082 aliorum
1855 3028 2031 3083 homi-

474 3140 599 3176 num
646 3138 795 3176 more
827 3122 975 3175 nasci
1011 3122 1354 3188 dedignatum
1387 3137 1490 3175 non
1525 3129 1627 3174 est.
1674 3120 1784 3172 llac
1805 3116 1948 3172 enim
1975 3119 2040 3172 de

475 3229 638 3268 causa
670 3221 721 3265 et
751 3212 917 3265 Filius
969 3213 1205 3266 hominis
1246 3213 1477 3275 exstitit,
1512 3220 1567 3263 et
1609 3225 1794 3264 eormn
1826 3211 1916 3278 qui
1968 3226 2033 3263 ex

467 3306 677 3361 semine
729 3305 959 3358 Abrahae
1006 3304 1342 3374 prodierant,
1375 3307 1476 3357 hoc
1526 3310 1629 3363 est,
1690 3317 1758 3354 ex
1788 3316 1954 3356 carne
1983 3312 2037 3355 et

469 3397 732 3464 sanguine
758 3397 1199 3458 constitutorum,
1225 3395 1392 3446 frater
1409 3393 1657 3446 effectum
1691 3403 1794 3447 ρει.
1818 3392 2039 3459 Ecqua:-

471 3505 594 3543 nam
631 3490 824 3543 horum
872 3505 1034 3542 causa
1063 3487 1306 3542 exstitit?
1354 3484 1468 3540 Non
1505 3484 1607 3536 alia
1644 3485 1906 3552 profecto,
1941 3483 2038 3550 ait,

469 3595 631 3650 quam
678 3592 765 3633 «ut
805 3581 1115 3633 misericors
1156 3577 1698 3644 tidelisquepOutilex
1742 3578 1794 3628 in
1823 3577 1888 3628 iis
1918 3589 2040 3642 qua:

471 3681 596 3725 sunt
622 3670 686 3723 ad
709 3670 892 3736 Deum,
927 3670 1128 3722 fieret.)
1170 3667 1418 3722 Christus
1453 3679 1685 3732 namque
1716 3666 2029 3732 pontificem

471 3777 632 3831 supra
667 3763 879 3814 modum
918 3761 1222 3825 benignum.
1250 3767 1305 3812 et
1341 3758 1752 3811 misericordem
1796 3771 1855 3810 se
1882 3755 2043 3810 nobis

471 3856 737 3908 exhibuit.
773 3855 984 3908 Etenim
1039 3867 1160 3906 cum
1202 3850 1336 3921 legis
1371 3850 1546 3904 littera
1577 3851 1814 3916 peccatis
1835 3850 2042 3904 obstri-

473 3951 587 3995 ctos
623 3943 967 4006 condemnet,
993 3939 1432 4010 gravissimaque
1470 3953 1628 4007 pmna
1673 3939 1794 3992 illos
1821 3939 1912 4007 qui
1947 3939 2040 3992 Dei

475 4032 794 4086 mandatum
822 4031 1140 4097 violassent,
1168 4030 1481 4099 plectendos
1512 4029 1771 4083 decernat
1803 4047 1815 4079 :
1857 4047 1873 4078 ι
1918 4029 2044 4082 Irri-

479 4134 587 4176 tam
619 4125 762 4178 enim
791 4125 912 4192 quis
939 4122 1143 4177 faciens
1177 4123 1348 4192 legent
1383 4121 1609 4192 Moysis,
1642 4121 1761 4173 sine
1811 4120 1912 4172 ulla
1942 4120 2042 4172 mi-

477 4217 774 4278 seratione,
807 4213 1018 4266 du'ohus
1048 4213 1132 4265 vel
1174 4212 1350 4266 tribus
1381 4213 1608 4265 testibus
1639 4210 1868 4263 moritur
1896 4209 1941 4240 °°
1969 4227 1982 4263 :
2022 4227 2040 4260 ι

2141 3027 2407 3096 ἀδελφοῖς,
2437 3029 2577 3083 κατά
2604 3047 2665 3097 γε
2693 3030 2754 3082 τὸ
2778 3030 3110 3099 ἀνασχέσθαι
3134 3029 3318 3082 λαϐεῖν
3345 3031 3444 3099 τὴν
3474 3031 3569 3083 τοῦ
3601 3031 3721 3084 50'3-

2140 3119 2233 3173 λου
2269 3120 2500 3190 μορφήν,
2534 3123 2627 3173 καὶ
2665 3122 2722 3173 ἐν
2749 3120 3053 3190 ὁμοιώματι
3091 3120 3396 3191 ἀνθρώπων
3429 3122 3715 3188 γενέσθαι.

2143 3213 2287 3267 καθά
2325 3231 2489 3282 φησιν
2517 3214 2545 3264 ὁ
2587 3211 2858 3284 μακάριος
2897 3211 3123 3274 Παῦλος.
3171 3213 3562 3283 Κεχρημάτικε
3613 3213 3719 3281 γάρ

2141 3304 2284 3358 οὕτω
2331 3305 2460 3368 Υἱὸς
2509 3303 2818 3375 ἀνθρώπου,
2851 3304 2946 3357 καὶ
2978 3305 3201 3372 γέγονεν
3228 3304 3450 3371 ἀδελφὸς
3499 3307 3616 3366 τοῖς
3656 3307 3717 3356 ἐκ

2143 3396 2454 3466 σπέρματος
2488 3395 2755 3464 Ἀϐραὰμ,
2784 3395 2950 3464 ήγουν
2973 3397 3086 3456 τοῖς
3111 3395 3166 3445 ὲν
3189 3393 3382 3463 αἵματι
3411 3394 3505 3446 καὶ
3532 3395 3714 3463 σαρκί.

2143 3489 2239 3550 Τίς
2267 3485 2360 3541 οὖν
2392 3488 2499 3558 ἀρα
2522 3488 2667 3540 ἐστὶν
2690 3489 2722 3556 ἡ
2750 3486 2900 3539 τοῦδε
2933 3487 3239 3556 πρόφασις;
3267 3487 3416 3538 «Ἵνα
3448 3486 3716 3556 ἐλεήμων,

2145 3581 2298 3650 φησι,
2348 3581 2594 3650 γένηται,
2640 3579 2734 3632 καὶ
2782 3579 2970 3642 πιστὸς
3014 3579 3307 3649 ἀρχιερεὺς
3344 3578 3412 3630 τά
3455 3579 3596 3648 πρὸς
3629 3579 3715 3631 τὶν

2145 3671 2296 3724 Θεὸν.
2329 3689 2350 3723 ι
2373 3670 2650 3740 Ἑλεήμων
2682 3669 2781 3739 μὲν
2814 3669 2922 3740 γὰρ
2958 3669 3249 3739 ἀρχιερεὺς
3281 3670 3360 3731 εἰς
3393 3671 3545 3738 ἡμᾶς
3568 3669 3718 3736 γέγο-

2145 3779 2235 3814 νεν
2259 3763 2287 3813 ὁ
2314 3763 2569 3832 Χριστὸς,
2599 3763 2676 3824 ὡς
2712 3760 2806 3813 τοῦ
2836 3759 3062 3830 νομικοῦ
3093 3761 3422 3830 γράμματος
3453 3760 3714 3830 κατακρί-

2147 3870 2326 3916 νοντος
2343 3854 2467 3915 τοὺς
2487 3852 2892 3923 ἡμαρτηκότας,
2913 3853 3007 3904 καὶ
3024 3852 3122 3922 τὴν
3141 3850 3236 3903 τοῦ
3272 3850 3597 3914 κολάζεσθαι
3613 3851 3721 3903 δεῖν

2147 3945 2497 4016 ἐπιφέροντος
2541 3944 2718 4014 ψῆφον
2756 3947 2868 4005 τοῖς
2908 3943 3005 4013 τὴν
3045 3943 3192 3996 θείαν
3233 3943 3594 4013 ἀτιμάζουσιν
3636 3944 3720 3994 ἑν-

2147 4037 2329 4108 τολήν.
2377 4056 2395 4088 r
2438 4036 2734 4106 Ἀθετήσας
2773 4036 2880 4105 γάρ
2915 4052 2998 4098 τις
3042 4035 3204 4104 νόμον
3248 4035 3523 4099 Μωσέως,
3561 4040 3721 4105 χωρὶς

2149 4127 2450 4198 οἰκτιρμῶν
2477 4128 2569 4180 ἐπὶ
2597 4126 2747 4179 δυσὶν
2777 4127 2810 4197 ἢ
2843 4127 2990 4195 τρισὶ
3019 4127 3285 4195 μάρτυσιν
3310 4125 3643 4196 ἀποθνήσκει
3661 4143 3675 4154 ·
3698 4144 3716 4176 υ

2149 4219 2348 4272 δικαιοῖ
2385 4236 2449 4286 γε
2496 4219 2602 4289 μὴν
2632 4220 2690 4270 έν
2721 4218 2902 4270 πίστει
2929 4217 3183 4288 Χριστὸς,
3216 4217 3309 4269 καὶ
3339 4216 3450 4269 τῶν
3481 4217 3723 4287 ἀρχαίων

473 4305 724 4359 Christus
789 4319 884 4372 per
950 4303 1107 4358 ﬁdem
1167 4302 1444 4371 Ῑιιειὶιίροι,
1507 4317 1704 4369 eosque
1763 4303 1852 4369 qui
1910 4300 2038 4369 lapsi

2155 4310 2493 4381 αἰτιαμάτων
2526 4311 2710 4380 ἀνίησι
2743 4309 2870 4371 τοὺς
2902 4309 3291 4379 ἠσθενηκότας.
3321 4309 3520 4376 Γέγονε
3555 4309 3724 4361 τοίνυν

475 4407 621 4464 sunt,
652 4413 680 4450 a
718 4396 991 4450 veteribus
1021 4395 1195 4464 culpis
1222 4394 1476 4449 absolvit.
1514 4391 1711 4446 Factus
1738 4401 1821 4446 est
1866 4393 2050 4458 itaque

482 4489 794 4542 misericors
819 4486 1086 4556 pontifex,
1116 4495 1302 4555 utpote
1338 4485 1563 4553 legalem
1598 4484 1744 4538 illam
1774 4484 2046 4538 severita-

479 4587 583 4632 tem
607 4579 808 4633 diutius
826 4578 1007 4633 valere
1029 4595 1136 4633 non
1161 4578 1366 4632 sinens.

550 4669 640 4724 XI.
684 4669 883 4724 Fidelis
934 4685 1064 4724 vero
1115 4668 1390 4738 pontifex;
1449 4667 1704 4737 quoniam
1761 4678 2054 4736 perpetuus

479 4776 543 4814 ac
577 4767 855 4821 constans,
891 4758 1351 4826 diguissimusque
1382 4757 1566 4827 .cujus
1610 4757 1894 4827 promissis
1925 4757 2054 4811 ﬁdes

481 4849 764 4903 habeatur.
828 4847 904 4899 De
933 4847 1198 4915 legalibus
1250 4858 1428 4900 autem
1475 4847 1847 4902 sacerdotibus
1899 4849 2056 4916 longe

481 4938 662 5002 aliter,
687 4935 948 5004 Apostolo
1003 4947 1165 5001 teste,
1225 4953 1311 4991 res
1346 4940 1529 4992 habet.
1573 4959 1590 4990 ι
1637 4938 1704 4992 Ει
1733 4940 1820 4993 alii
1857 4940 2053 5010 (inquit

484 5031 549 5100 is)
584 5030 770 5099 plures
811 5027 936 5083 lacti
972 5037 1099 5082 sunt
1127 5030 1460 5096 sacerdotes,
1494 5031 1694 5085 idcirco
1733 5033 1874 5099 quod
1911 5047 2053 5084 mor-

482 5131 536 5175 te
572 5120 990 5188 prohiberentur
1052 5135 1410 5190 permanere:
1465 5122 1551 5177 hic
1599 5134 1775 5176 autem
1817 5138 1881 5176 eo
1913 5125 2053 5191 quod

484 5220 699 5263 maneat
742 5211 1096 5274 ina-ternum,
1132 5210 1521 5278 sempiternum
1579 5213 1742 5265 habet
1794 5213 2052 5266 sacerdo-

485 5301 642 5354 tium.
667 5298 822 5355 Unde
848 5302 1059 5357 salvare
1084 5302 1136 5357 in
1162 5311 1477 5373 perpetuum
1510 5311 1686 5370 potest
1734 5303 2056 5357 accedentes

487 5402 584 5456 per
612 5391 783 5458 ipsqu
811 5395 875 5445 ad
905 5393 1112 5459 Deum;
1172 5408 1388 5462 semper
1439 5395 1628 5448 vivens
1683 5396 1749 5450 ad
1797 5397 2056 5465 interpel—

557 5561 604 5594 ⁸⁵
630 5563 650 5616 l
676 5564 802 5618 Cor.
833 5581 917 5630 xv,
941 5566 1030 5618 ει.
1110 5569 1153 5599 ⁸⁷
1192 5567 1322 5621 ibid.
1347 5568 1432 5621 ‘Zl.

1516 5570 1560 5599 ⁸³
1598 5570 1760 5624 llcbr.
1793 5584 1854 5634 ll,
1894 5569 2075 5623 16-18.

2155 4403 2401 4473 ἐλεήμων
2441 4403 2757 4473 ἀρχιερεὺς,
2788 4399 2969 4453 οὐκέτι
3016 4400 3112 4464 τὰς
3158 4400 3391 4470 νομικάς
3425 4400 3726 4472 ἁποτομξας

2157 4498 2379 4567 κρατεῖν
2409 4495 2740 4566 ἐπιτρέπων.
3557 4499 3568 4506 “

2220 4675 2323 4727 IA'.
2362 4675 2559 4737 Πιστὸς
2600 4675 2691 4738 δὲ,
2739 4675 2822 4727 ὅτι
2863 4675 3109 4745 μόνιμος,
3173 4677 3267 4728 καὶ
3312 4673 3604 4744 διηνεκὴς,
3642 4674 3726 4728 καὶ

2152 4765 2448 4835 ἀξιόχρεως
2474 4767 2553 4826 εἰς
2582 4765 2764 4818 πίστιν
2791 4766 2897 4817 τῶν
2926 4764 3370 4834 ἐπηγγελμένων.
3388 4765 3478 4828 Ὠς
3506 4766 3617 4834 γὰρ
3645 4764 3729 4817 αὑ-

2153 4858 2244 4920 τός
2279 4875 2381 4910 που
2419 4857 2581 4910 πάλιν
2619 4856 2782 4924 φησὶν
2823 4858 2851 4908 ὁ
2882 4855 3168 4918 θεσπέσιος
3210 4855 3422 4917 Παῦλος
3457 4857 3590 4925 περὶ
3626 4855 3726 4906 τῶν

2159 4948 2301 5001 κατά
2346 4949 2544 5018 νόμους
2591 4947 2816 5016 ἱερέων,
2868 4965 2886 4996 σ
2921 4946 3030 4998 Καὶ
3062 4947 3110 4998 οἱ
3151 4945 3249 5015 μὲν
3302 4944 3548 5007 πλείονες
3599 4946 3734 4996 εἰσιν

2164 5040 2664 5111 ἱερεῖςγεγονὸτες,
2701 5039 2788 5091 διὰ
2817 5039 2878 5090 τὸ
2910 5037 2987 5106 τῷ
3031 5037 3247 5106 θανάτῳ
3283 5036 3595 5088 κωλύεσθαι
3632 5054 3735 5088 πα·

2167 5129 2419 5198 ραμένειν
2440 5145 2453 5158 '
2485 5132 2512 5181 ὁ
2541 5131 2597 5182 δὲ
2631 5129 2716 5181 διὰ
2762 5129 2821 5181 τὸ
2853 5130 3034 5197 μένειν
3062 5129 3224 5183 αὑτὸν
3267 5130 3346 5191 είς
3398 5130 3489 5181 τὸν
3535 5130 3733 5189 αἰῶνα,

2164 5220 2516 5290 ἀπαράϐατον
2555 5221 2667 5290 ἔχει
2717 5222 2816 5290 τὴν
2857 5221 3188 5290 ἱερωσύνηνο
3237 5222 3360 5274 ὅθεν
3401 5223 3496 5274 καὶ
3547 5222 3735 5273 σώζειν

2166 5311 2244 5371 εἰς
2269 5310 2329 5362 τὸ
2359 5310 2614 5373 παντελὲς
2645 5309 2864 5362 δύναται
2891 5309 3015 5365 τοὺς
3045 5310 3523 5380 προσερχομένους
3553 5310 3620 5362 δι’
3646 5310 3739 5362 αὐ-

2165 5400 2258 5452 τοῦ
2302 5401 2380 5471 τῷ
2409 5400 2548 5471 Θεῷ,
2582 5402 2809 5454 πάντοτε
2848 5399 2956 5463 ζῶν
2985 5401 3064 5463 είς
3108 5401 3169 5452 τὸ
3209 5401 3562 5470 ἐντυγχάνειν
3601 5399 3735 5468 ὑπὲρ

2153 5573 2199 5604 ⁸⁹
2229 5573 2458 5644 Philipp.
2497 5593 2555 5641 It,
2593 5579 2641 5631 7.
2721 5578 2766 5608 ’°
2802 5577 2958 5630 llo'br.
2997 5576 3160 5643 x,‘28.
