3942 6128
299 280 441 343 1m

1071 308 1079 319 ν
1106 287 1197 340 AD
1230 283 1534 340 "REGNAS
1566 282 1660 337 DE
1690 269 1933 335 RECTA
1966 279 2125 336 FIDE
2159 277 2416 337 ORATIO
2455 276 2747 335 ALTERA.

3404 283 3543 341 1550

304 404 503 481 αὐτῶν.
530 423 550 458 ι
587 405 776 477 Ἀθρει
814 406 900 473 δὲ,
930 405 1077 468 ὅπως
1126 407 1224 460 οὐκ
1261 411 1342 470 είς
1391 406 1713 476 κατάκρισιν
1763 399 1871 455 τῶν

1977 404 2196 459 landum
2232 418 2332 474 pro
2360 403 2440 459 eis
2471 403 2539 457 ⁹¹.
2570 421 2589 454 ι
2636 398 2876 456 Observa
2907 400 3016 464 hic,
3040 401 3313 470 quomodo
3339 418 3443 459 non
3465 403 3533 457 ad

303 495 701 566 ἡμαρτηκότων
745 496 964 564 γέγονεν
1010 496 1317 568 ἀρχιερεὺς,
1348 499 1427 561 είς
1454 497 1513 550 τὸ
1556 495 1871 550 ἱλάσκεσθαι

301 585 358 639 δὲ
386 585 588 656 μᾶλλον
622 588 739 650 ταῖς
781 587 1076 657 ἁμαρτίαις
1106 588 1304 641 αὐτῶν.
1342 589 1401 641 '0
1432 588 1489 641 δέ
1526 605 1589 657 γε
1621 587 1719 641 τοῦ
1747 604 1870 640 πει-

304 675 517 745 ρασμοῦ
548 676 640 729 καὶ
672 676 771 745 τῆς
801 676 992 741 θυσίας
1028 679 1210 740 ὁποῖος
1248 678 1314 730 ἂν
1344 679 1428 746 εἴη
1459 679 1687 749 τρόπος;
1724 695 1747 730 ε
1784 678 1872 730 Ἐν

301 759 366 833 ᾧ,
414 766 577 835 φησι,
623 766 888 820 πέπονθεν
921 766 1082 830 αὐτὸς
1125 768 1467 837 πειρασθείς,
1498 769 1720 822 δύναται
1759 769 1872 831 τοῖς

302 855 719 925 πειραζομένοις
756 856 879 910 »καὶ
927 856 1256 928 βοηθῆσαι.»
1306 860 1704 930 Διεκαρτέρησε
1762 860 1870 929 γὰρ

300 944 717 1016 πειραζόμενος,
749 949 844 1001 καὶ
878 948 1135 1018 ὑπέμεινε
1166 950 1415 1019 σταυρόν.
1448 950 1594 1018 Πλὴν
1625 948 1817 1002 ἑαυτὸν
1843 950 1872 1001 6

302 1035 428 1098 Υἱὸς
469 1036 543 1100 ὡς
574 1037 804 1107 ἄμωμον
839 1040 1032 1106 ἱερεῖον
1061 1040 1466 1110 προσκεκόμικε
1505 1040 1581 1107 τῷ
1615 1038 1732 1108 Θεῷ
1778 1040 1872 1092 καὶ

302 1128 498 1197 Πατρὶ,
544 1128 629 1181 ἵνα
655 1128 742 1180 διὰ
776 1128 875 1197 τῆς
905 1131 1099 1183 ἑαυτοῦ
1132 1131 1331 1202 σαρκὸς
1363 1131 1604 1201 βοηθήσῃ
1634 1134 1746 1194 τοῖς
1772 1131 1870 1184 κά-

304 1234 496 1287 μνουσι
534 1218 627 1270 καὶ
662 1219 1097 1290 πειραζομένοις.
1132 1241 1154 1273 ι
1182 1224 1299 1294 Mn?
1327 1222 1435 1294 γὰρ
1461 1223 1746 1292 προσφορᾷ
1786 1237 1873 1275 τε-

300 1309 585 1363 τελείωκεν
627 1311 708 1373 εις
748 1310 806 1363 τὸ
837 1311 1080 1382 διηνεκὲς
1108 1315 1235 1379 τοὺς
1267 1316 1684 1384 ἁγιαζομένους.
1708 1333 1728 1363 ι
1761 1313 1872 1367 Λύ-

288 1400 389 1459 ντὸς
416 1396 510 1454 οὖν
534 1401 641 1471 ἀρα
668 1400 888 1469 γέγονεν
913 1405 1201 1475 ἀρχιερεὺς
1229 1405 1368 1459 κατά
1396 1406 1457 1458 τὸ
1508 1404 1869 1475 ἀνθρώπινον,

301 1490 476 1544 καίτοι
516 1491 669 1561 παρὰ
728 1493 945 1545 πάντων
982 1494 1082 1557 τὰς
1115 1494 1306 1560 θυσίας
1341 1496 1622 1566 δεχόμενος
1651 1494 1866 1557 θεῖκῶς.

298 1581 473 1644 Αὐτὸς
500 1582 559 1634 τὸ
596 1582 741 1651 θῦμα
769 1583 910 1635 κατά
933 1583 1032 1654 τὴν
1063 1586 1259 1656 σάρκα.
1287 1586 1457 1649 Αὐτὸς
1487 1588 1515 1639 6
1549 1588 1667 1649 ταῖς
1692 1585 1873 1655 ἀμαρ-

296 1673 444 1734 τίαις
481 1672 640 1742 ἡμῶν
685 1671 1032 1742 ἱλασκόμενος
1064 1676 1207 1729 κατά
1234 1693 1297 1745 γε
1330 1678 1429 1748 τὴν
1487 1676 1738 1747 θεότητος
1775 1674 1867 1729 δύ-

301 1780 465 1832 ναμιν
492 1773 537 1815 P.
571 1758 664 1825 Εἷς
694 1757 786 1814 οὖν
825 1763 934 1833 ἄρα
967 1763 1172 1836 Κύριος
1209 1766 1412 1837 Ἰησοῦς
1438 1767 1691 1838 Χριστός.

1973 509 2161 550 eorum
2189 495 2279 564 qui
2303 493 2538 564 peccatis
2569 508 2628 548 se
2685 491 3089 547 obstrinxerant
3142 492 3544 547 condemnatio-

1976 601 2099 640 nem
2124 584 2368 654 pontifex
2410 584 2583 639 factus
2615 584 2709 650 sit,
2741 585 2836 640 sed
2898 583 3075 652 potius
3111 583 3177 636 ad
3220 583 3538 637 delictorum

1974 678 2285 730 eorumdem
2338 676 2710 745 purgationem
2765 690 2829 728 ac
2873 673 3328 743 propitiationem.
3384 674 3545 745 136

1974 765 2084 821 Sed
2117 765 2320 835 qualis,
2347 780 2550 834 quaeso,
2606 780 2727 818 cum
2759 766 3097 829 tentationis,
3135 767 3536 827 tumsacriﬁcii

1972 871 2187 926 quoque
2222 857 2367 921 illius
2410 858 2599 911 modus
2649 857 2907 911 exstitit?
2962 857 3053 910 Ait
3089 873 3356 927 namque:
3411 879 3429 911 ‹
3484 857 3541 912 Id

1971 962 2079 1017 quo
2103 962 2294 1016 passus
2310 957 2392 1002 est
2412 948 2525 1016 ipse
2548 958 2598 1001 et
2631 956 2889 1011 tentatus,
2924 957 3114 1018 potens
3138 959 3222 1009 est
3252 962 3306 1005 et
3325 952 3407 1006 eis
3446 951 3540 1021 qui

1973 1048 2269 1101 tentantur,
2294 1038 2559 1092 \auxiliari
2590 1038 2658 1091 ".
2702 1056 2722 1090 ι
2776 1040 2921 1094 Sane
2980 1050 3217 1095 tentatus
3272 1042 3530 1110 perstitit,

1972 1136 2026 1182 et
2059 1126 2236 1182 crucis
2270 1126 2595 1196 supplicium
2640 1128 2910 1195 patienter
2954 1130 3233 1184 sustinuit.
3269 1130 3538 1185 Caeterum

1972 1216 2143 1271 Filius
2174 1217 2283 1271 Deo
2314 1226 2370 1270 et
2403 1215 2550 1270 Patri
2592 1217 2928 1285 impollutum
2976 1220 3307 1274 sacrificium
3344 1230 3542 1276 semet-

1972 1308 2149 1376 ipsum
2200 1307 2430 1373 obtulit;
2479 1322 2670 1377 nempe
2716 1323 2822 1376 quo
2871 1324 2969 1379 per
2999 1313 3269 1380 propriam
3320 1317 3541 1368 carne‘m

1973 1413 2129 1467 opem
2167 1398 2274 1452 illis
2305 1398 2450 1452 ferre
2480 1409 2684 1466 posset,
2716 1400 2805 1468 qui
2837 1416 2957 1455 cum
2990 1401 3249 1456 molestiis
3277 1414 3329 1457 et
3360 1411 3538 1458 tenta-

1975 1488 2212 1543 tionibus
2236 1489 2635 1544 conflictantur.
2675 1507 2694 1541 ε
2749 1488 2865 1544 Una
2908 1492 3050 1544 enim
3089 1493 3359 1549 oblatione
3405 1510 3543 1550 cou-

1974 1582 2265 1635 summavit
2317 1580 2370 1632 in
2403 1581 2790 1649 sempiternum
2836 1581 3205 1640 sanctificatos
3224 1586 3288 1640 ⁸³.
3330 1604 3350 1639 ι
3414 1587 3536 1656 Ipse

1973 1672 2199 1740 proinde
2250 1672 2547 1726 secundum
2613 1672 2905 1726 humanam
2958 1686 3202 1730 naturam
3257 1678 3429 1733 factus
3456 1687 3543 1734 est

1972 1762 2234 1833 pontifex,
2270 1778 2604 1833 quanquam,
2657 1776 2716 1819 ut
2746 1766 2897 1820 Deus
2929 1777 3038 1830 est,
3069 1769 3135 1822 ab
3171 1769 3423 1825 omnibus
3462 1771 3539 1824 illi

302 1857 659 1913 sacrificetur.
684 1858 802 1925 Ipse
863 1868 965 1924 est,
1019 1861 1109 1929 qui
1169 1864 1465 1918 secundum
1495 1877 1714 1918 carnem
1768 1859 1942 1916 factus
1979 1867 2063 1914 est
2090 1859 2335 1915 victima.
2367 1858 2485 1927 Ipse
2525 1861 2665 1914 idem
2719 1875 2933 1915 rursum
2958 1872 3065 1929 est,
3095 1863 3185 1932 qui
3245 1867 3542 1920 secundum

301 1950 598 2004 divinitatis
637 1950 1037 2020 auctoritatem,
1067 1958 1310 2023 peccatis
1343 1958 1543 2012 nostris
1584 1956 1849 2027 propitius
1886 1970 1947 2011 ac
1972 1954 2213 2011 clemens
2241 1962 2345 2010 est.
2376 1954 2526 2010 Unus
2559 1965 2644 2009 est
2699 1969 2828 2026 ergo
2885 1953 3149 2014 Dominus
3203 1956 3360 2015 Jesus
3382 1958 3545 2016 Chri-

298 2053 436 2099 stus.

371 2136 469 2191 IB'.
520 2156 539 2190 ι
580 2124 770 2209 Ὑμεῖς
827 2143 1184 2212 προσκυνεῖτε
1232 2140 1291 2193 ὃν
1320 2141 1420 2194 οὐκ
1463 2140 1678 2193 οἴδατεο
1706 2140 1870 2210 ἡμεῖς

298 2229 710 2300 προσκυνοῦμεν
753 2231 812 2284 ὃν
851 2230 1114 2302 οἴδαμεν*
1166 2231 1248 2284 ὅτι
1297 2231 1330 2300 ή
1371 2230 1615 2301 σωτηρία
1661 2232 1725 2284 ὲκ
1762 2230 1869 2283 τῶν

313 2319 580 2373 Ἰουδαίων
610 2322 779 2375 ἐστί.»
811 2323 949 2392 Φαίη
973 2338 1057 2383 τις
1083 2321 1150 2374 ἂν
1179 2322 1331 2386 ἴσως,
1359 2320 1701 2391 ἀνάρμοστον
1729 2316 1867 2374 εἶναι

299 2411 366 2481 τῇ
401 2409 519 2481 θεία
550 2412 641 2464 καὶ
674 2412 934 2465 ἀνωτάτω
961 2411 1053 2464 τοῦ
1094 2412 1269 2479 Λόγου
1315 2410 1474 2478 φύσει
1516 2410 1577 2463 τὸ
1622 2425 1865 2481 προσκυ-

300 2503 429 2554 νεῖν.
458 2498 592 2555 Εἷτα
632 2501 769 2565 πῶς,
799 2502 957 2572 εἴπερ
983 2502 1101 2554 ἐστὶ
1129 2501 1261 2563 Θεὸς
1302 2500 1516 2571 ἀληθῶς
1551 2502 1580 2553 6
1613 2501 1869 2571 Χριστὸς,

297 2591 490 2645 ἑαυτὸν
518 2594 631 2656 τοῖς
678 2592 955 2662 ὀφείλουσι
1002 2595 1329 2663 προσκυνεῖν
1369 2594 1561 2663 ὁρᾶται
1610 2609 1869 2647 συντετα-

298 2680 445 2753 χὼς;
482 2681 547 2734 Τί
594 2680 687 2736 οὖν
720 2682 827 2754 ἀρα
856 2683 991 2754 πρὸς
1021 2682 1179 2735 τοῦτό
1207 2700 1384 2752 φαμεν
1410 2701 1425 2749 ;
1455 2683 1517 2736 Ei
1560 2683 1657 2753 μὲν
1688 2686 1867 2755 γυμνῇ

299 2776 366 2843 τῇ
406 2774 619 2843 θεότητι
672 2774 764 2827 τὸν
808 2776 875 2827 ἐκ
929 2772 1065 2826 Θεοῦ
1112 2772 1326 2843 Πατρὸς
1376 2774 1653 2843 πεφηνότα
1697 2773 1869 2842 Λόγον

301 2862 525 2933 ἀφῖχθαι
560 2863 887 2933 πιστεύομεν
934 2865 1012 2925 είς
1058 2862 1209 2915 τόνδε
1237 2862 1327 2915 τὸν
1367 2862 1589 2933 κόσμον,
1621 2864 1868 2935 ἀνάρμο-

304 2970 423 3007 στον
459 2953 650 3023 κομιδῇ
691 2953 751 3006 τὸ
781 2954 966 3025 χρῆμα
1004 2951 1178 3022 αὐτῷ’
1210 2956 1594 3024 προσκυνεῖται
1630 2955 1687 3007 δὲ
1729 2954 1866 3025 μᾶλ-

2046 2137 2145 2193 XII
2177 2156 2196 2190 ι
2236 2138 2344 2193 Vos
2379 2138 2620 2193 adoratis
2646 2152 2804 2208 quem
2841 2140 3097 2210 nescitis;
3124 2159 3224 2198 nos
3253 2147 3544 2205 adoramus

1975 2244 2134 2301 quem
2167 2232 2396 2297 scimus;
2431 2231 2555 2298 quia
2598 2231 2745 2285 salus
2776 2245 2841 2285 ex
2869 2231 3066 2289 Iudaeis
3094 2246 3175 2290 est
3202 2237 3269 2291 “.
3303 2259 3322 2291 ι
3376 2239 3539 2310 Obje-

1976 2320 2111 2376 cerit
2147 2320 2394 2375 fortassis
2443 2321 2532 2375 hic
2587 2320 2875 2390 quispiam,
2927 2322 3154 2378 alterum
3196 2327 3422 2386 adorare
3481 2332 3538 2387 in

1973 2426 2276 2480 supremam
2337 2412 2480 2466 illam
2510 2412 2855 2480 divinumque
2908 2414 3065 2469 Verbi
3100 2426 3344 2473 naturain
3375 2423 3538 2477 mini—

1973 2517 2059 2557 me
2110 2504 2420 2558 convenire.
2455 2502 2511 2557 Si
2564 2516 2692 2571 ergo
2747 2502 2998 2560 Christus
3040 2522 3201 2563 verus
3245 2508 3385 2565 Deus
3434 2524 3537 2580 est,

1971 2597 2242 2666 quomodo
2288 2596 2430 2650 inter
2476 2610 2568 2651 eos
2615 2610 2735 2651 sese
2764 2608 3142 2666 connumerat,
3181 2600 3271 2669 qui
3309 2599 3540 2659 adorare

1974 2688 2203 2742 debent?
2233 2686 2621 2757 Quid,qu:eso,
2656 2690 2723 2743 ad
2755 2688 2896 2744 istud
2931 2692 3409 2758 respondebimus?
3474 2692 3537 2752 Si

1970 2777 2116 2830 enim
2155 2778 2245 2831 Dei
2270 2777 2449 2832 Patris
2478 2776 2715 2832 Verbum
2740 2794 2862 2832 cum
2899 2780 3037 2832 nuda
3080 2781 3300 2849 solaque
3333 2782 3533 2838 divini-

1971 2875 2083 2921 tate
2114 2866 2167 2920 iu
2203 2867 2460 2921 mundum
2503 2867 2827 2936 apparuisse
2857 2867 3150 2934 credimus,
3197 2870 3343 2923 nullo
3372 2874 3535 2927 modo

1971 2960 2198 3015 alterum
2234 2959 2463 3015 adorare
2509 2959 2584 3013 illi
2625 2960 2935 3014 conveniet.
2970 2959 3149 3029 Ipsum
3183 2977 3411 3030 namque
3439 2966 3535 3019 ad-

302 3045 410 3107 λον,
437 3046 581 3114 ἥπερ
607 3044 765 3107 αὐτὸς
795 3046 964 3116 ἑτέρῳ
1006 3048 1311 3116 προσκυνεῖ.
1339 3046 1402 3098 Εί
1426 3045 1482 3099 δὲ
1513 3045 1725 3118 μορφὴν
1750 3045 1869 3099 δού-

1973 3056 2158 3098 oratur
2210 3046 2411 3111 verius,
2480 3061 2640 3115 quam
2679 3046 2842 3100 alium
2902 3062 3276 3118 quemcunque
3325 3053 3532 3106 adorat.

301 3135 393 3188 λου
426 3135 624 3201 λαόὼν,
658 3138 750 3190 καὶ
793 3135 894 3204 τῆς
923 3137 1333 3207 προσκυνοὺσης
1364 3134 1779 3207 ἀνθρωπότητος
1804 3136 1867 3189 τὸ

306 3230 499 3299 μέτρον
531 3231 630 3282 οὐκ
665 3229 956 3299 ἀτιμάσας,
985 3229 1387 3302 κεχρημάτικεν
1416 3229 1529 3291 υίὸς
1554 3227 1862 3298 ἀνθρώπου·

303 3322 336 3389 ή
368 3320 735 3390 προσκύνησις
773 3319 922 3372 ἔσται
954 3319 1052 3389 τῆς
1084 3319 1422 3389 οἰκονομίας,
1455 3318 1547 3370 καὶ
1584 3318 1868 3388 πρέπουσα

306 3410 503 3479 μᾶλλον
542 3413 653 3471 τοῖς
686 3412 783 3476 τῆς
821 3408 1102 3470 κενώσεως
1148 3409 1386 3479 μέτροις,
1413 3409 1511 3460 οὐκ
1548 3408 1682 3477 αὐτῇ
1728 3407 1870 3460 κατὰ

306 3501 474 3569 μόνας
508 3501 575 3568 τῇ
618 3499 776 3564 φύσει
805 3497 897 3549 τοῦ
926 3500 1119 3564 Λόγου.
1163 3499 1314 3551 Ἐπεὶ
1353 3497 1470 3560 πῶς
1504 3500 1567 3550 ὲκ
1593 3494 1700 3548 τῶν
1733 3498 1868 3548 Ἰου-

303 3589 464 3641 δαίων
507 3588 654 3639 eam
699 3588 734 3655 ἡ
772 3588 1039 3657 σωτηρία;
1069 3588 1141 3640 Οὐ
1187 3587 1295 3657 γάρ
1339 3604 1440 3639 που
1474 3585 1608 3655 φαίη
1646 3602 1730 3647 τις
1777 3584 1868 3647 ἂν,

306 3674 441 3729 καθὸ
469 3677 666 3729 νοεῖται
706 3676 800 3727 καὶ
845 3675 958 3726 ἔστι
986 3674 1176 3741 Λόγος,
1212 3674 1273 3738 ἐξ
1304 3673 1572 3726 Ἰουδαίων
1607 3673 1870 3742 ὑπάρχειν

305 3767 466 3821 αὐτόν
486 3783 499 3796 ·
536 3765 671 3819 ἀλλὰ
709 3765 950 3836 καθάπερ
981 3765 1096 3817 ἐστὶ
1127 3768 1239 3828 τοῖς
1272 3767 1328 3819 ὲν
1363 3765 1528 3834 σαρκὶ
1557 3765 1650 3817 καὶ
1678 3762 1871 3831 αἵματι

305 3857 540 3926 γεγονὼς
578 3855 821 3923 ἀδελφὸς,
848 3854 937 3906 διά
971 3871 1053 3906 τοι
1084 3854 1142 3906 τὸ
1171 3851 1521 3906 ἐπιλαϐέσθαι
1562 3850 1869 3920 σπέρματος

318 3947 587 4018 Ἀδραάμ.
616 3942 710 4009 Εἷς
739 3945 831 3999 οὖν
865 3946 972 4016 ἄρα
1004 3944 1257 4015 Χριστὸς,
1294 3943 1398 3997 κᾶν
1432 3943 1754 4012 προσκυνεῖν
1782 3940 1867 3992 Λέ-

304 4057 464 4111 γηται
489 4040 576 4092 διὰ
606 4050 634 4088 (ι
664 4038 722 4092 τὸ
750 4036 1108 4106 ἀνθρώπινον,
1150 4033 1328 4088 καίτοι
1359 4034 1509 4103 παρά
1547 4031 1729 4102 πάσης
1769 4028 1871 4100 τῆς

304 4133 529 4193 κτίσεως
567 4128 1034 4201 προσκυνούμενος
1060 4126 1133 4189 ὡς
1160 4125 1309 4188 Θεός.

373 4310 471 4363 Il".
496 4329 513 4361 t
537 4308 656 4360 Ἔτι
673 4305 865 4378 μικρὸν
883 4304 1069 4376 χρόνον
1090 4303 1208 4374 μεθ’
1230 4267 1381 4373 ὐμῶν
1398 4301 1534 4370 είμι,
1556 4297 1651 4352 καὶ
1672 4296 1866 4366 ὑπάγω

1967 3134 2119 3202 Quod
2185 3134 2231 3190 si
2300 3135 2489 3191 forma:
2526 3151 2685 3206 quam
2743 3145 3079 3206 susceperat,
3143 3139 3530 3208 humilitatem,

1967 3224 2350 3293 adorantisque
2378 3235 2584 3279 natura:
2639 3216 2976 3281 conditiones
3032 3243 3138 3282 non
3187 3241 3523 3295 aversatum,

1966 3313 2204 3369 hominis
2224 3314 2364 3369 ﬁlius
2392 3313 2640 3372 effectum
2690 3324 2793 3381 est,
2826 3315 2935 3386 iam
2963 3332 3095 3371 sane
3140 3319 3384 3374 adoratio
3429 3322 3538 3376 dis-

1967 3406 2302 3474 pensationis
2329 3406 2527 3472 ordini,
2561 3407 3052 3475 exinanitionisque
3079 3409 3379 3463 conditioni
3399 3425 3533 3465 con-

1968 3504 2158 3564 gruet;
2199 3494 2353 3549 Verbi
2382 3507 2561 3551 autem
2593 3508 2796 3550 natura:
2820 3512 3064 3552 seorsum
3109 3513 3206 3566 per
3244 3515 3305 3555 se
3351 3502 3533 3555 cousi-

1969 3584 2191 3649 ἀει-δικ,
2234 3598 2596 3652 nequaquam.
2631 3585 2761 3639 Nam
2795 3589 2899 3641 nisi
2928 3590 3029 3642 hoc
3077 3598 3370 3654 statuatur,
3397 3605 3535 3659 quo-

1970 3673 2130 3725 modo
2157 3672 2301 3726 salus
2329 3686 2392 3725 ex
2423 3671 2621 3727 Judaeis
2661 3688 2784 3728 esse
2813 3675 3035 3742 intelligi
3092 3679 3302 3743 potest?
3334 3677 3522 3748 Neque

1968 3761 2110 3814 enim
2137 3761 2318 3815 dicere
2338 3762 2420 3814 fas
2449 3771 2552 3824 est,
2586 3761 2818 3815 Verbum
2851 3765 3148 3817 secundum
3176 3766 3316 3832 quod
3345 3781 3441 3835 per
3464 3784 3530 3822 se

1969 3844 2366 3907 consideratur,
2386 3860 2450 3899 ex
2479 3843 2679 3903 Judmis
2722 3859 2890 3900 esse:
2946 3855 3030 3902 est
3081 3858 3259 3902 autem
3300 3865 3366 3903 ex
3402 3849 3531 3915 illis,

1968 3946 2235 4005 quatenus
2269 3951 2454 3989 eorum
2513 3936 2602 4004 qui
2638 3949 2803 3990 carne
2853 3945 2905 3990 et
2946 3938 3208 4007 sanguine
3253 3950 3527 4008 constant,

1971 4028 2141 4083 frater
2164 4026 2412 4082 ell‘ectum
2443 4036 2544 4087 est,
2572 4026 2911 4096 Abrahmque
2943 4028 3134 4081 semini
3161 4030 3530 4099 coniunctum.

1967 4118 2123 4175 Unus
2156 4118 2338 4185 itaque
2360 4127 2442 4172 est
2468 4116 2739 4180 Christus,
2769 4116 2860 4185 qui
2889 4117 3102 4185 quidem
3133 4127 3191 4171 ut
3238 4120 3397 4173 homo
3438 4122 3532 4173 ad‘

1967 4218 2120 4273 orat;
2148 4216 2402 4261 utautem
2425 4206 2584 4270 Deus,
2612 4206 2680 4260 ab
2701 4205 2947 4260 universa
2973 4215 3220 4259 creatura
3251 4209 3528 4261 adorator.

2036 4296 2173 4351 XIII.
2221 4315 2241 4349 t
2280 4297 2472 4351 Adhuc
2493 4296 2763 4351 modicum
2805 4307 3014 4364 tempus
3057 4297 3335 4351 vobiscum
3387 4315 3529 4365 sum,

302 4401 437 4473 πρὸς
472 4401 562 4453 τὸν
592 4397 882 4469 πέμψαντά
928 4413 1017 4466 με.
1043 4414 1062 4445 ι
1100 4394 1209 4447 Ποῦ
1241 4394 1348 4464 γὰρ
1376 4392 1476 4444 οὐκ
1524 4390 1674 4442 ἐστιν
1715 4389 1743 4440 6
1773 4386 1865 4441 τοῦ

1973 4399 2024 4444 et
2057 4390 2192 4444 vado
2219 4390 2285 4443 ad
2316 4404 2437 4444 eum
2471 4390 2561 4458 qui
2591 4388 2735 4442 misit
2766 4403 2852 4442 me
2871 4386 2939 4442 ⁸³.
2973 4406 2991 4439 ι
3024 4389 3079 4441 Si
3114 4389 3412 4443 divinitatis
3435 4404 3567 4463 na-I

301 4490 435 4543 Θεοῦ
466 4490 669 4557 Λόγος,
715 4489 764 4540 εἰ
811 4486 1010 4554 πληροῖ
1053 4484 1121 4537 τὰ
1162 4484 1339 4536 πάντα
1377 4484 1443 4551 τῇ
1476 4479 1574 4548 τῆς
1619 4476 1867 4546 θεότητος

301 4581 495 4650 (post-tt;
527 4580 647 4642 Πῶτ⁸
693 4578 785 4632 οὖν
829 4578 1106 4648 πέμπεται
1150 4574 1302 4645 παρὰ
1331 4572 1424 4626 τοῦ
1466 4571 1714 4642 Πατρός;
1750 4568 1868 4631 πῶς

301 4673 356 4725 δὲ
404 4673 496 4724 καὶ
545 4671 742 4739 ὑπάγει
793 4671 928 4740 πρὸς
963 4669 1157 4732 adadv;
1198 4664 1403 4719 Οὐκοῦν
1441 4664 1716 4731 πέμπεται
1767 4660 1866 4730 μὲν

302 4763 657 4835 ἀνθρωπίνως
684 4761 825 4815 κατά
853 4776 916 4828 γε
944 4760 1035 4812 τὸν
1064 4758 1165 4827 τῆς
1187 4755 1488 4823 ἀποστολῆς
1524 4753 1724 4824 τρόπον
1772 4751 1867 4805 καὶ

300 4858 477 4924 λόγον,
510 4856 594 4907 ἵνα
630 4853 840 4924 κηρύξῃ
887 4850 984 4921 μὲν
1018 4847 1378 4919 αἰχμαλώτοις
1408 4845 1619 4912 ἄφεσιν,
1648 4843 1866 4912 τυφλοῖς

299 4949 357 5003 δὲ
381 4947 691 5015 ἀνάϐλεψιν.
718 4945 946 5011 Ὑπάγει
973 4960 1034 5011 γε
1065 4943 1169 5013 μὴν
1194 4942 1329 5012 πρὸς
1353 4939 1443 4991 τὸν
1468 4937 1687 5006 Πατέρα
1709 4934 1861 4998 Θεὸν,

301 5040 402 5093 οὐκ
427 5041 507 5092 ἔτι
542 5038 685 5091 κατά
709 5035 797 5088 τὸν
825 5035 938 5086 ἴσον
967 5033 1186 5103 τρόπον,
1223 5031 1335 5084 ἀλλ’
1369 5024 1478 5083 οἷον
1505 5031 1562 5081 ἐν
1602 5025 1810 5096 σώματι
1836 5035 1858 5063 ι’

302 5134 664 5202 ἀναφοιτήσας
700 5130 778 5192 εἰς
803 5126 1052 5199 οὐρανὸν,
1082 5125 1169 5178 ἵνα
1198 5122 1337 5194 ὑπὲρ
1365 5122 1520 5192 ἡμῶν
1547 5118 1737 5172 ἑαυτὸν
1764 5118 1862 5186 ἐμ-

372 5287 416 5318 ⁹¹
449 5283 612 5338 Hebr.
655 5297 727 5345 vi,
757 5280 951 5334 25—25.
998 5279 1073 5310 ·⁹²
1104 5279 1267 5333 Ilehr.
1305 5292 1361 5341 ll,
1399 5276 1485 5328 18.
1562 5273 1607 5305 ’³
1639 5270 1801 5325 Ilchr.
1831 5286 1884 5335 χ,
1916 5270 2000 5322 Ia.

306 5362 364 5422 ι;
393 5354 523 5408 Luc.
570 5368 642 5416 tv,
682 5353 767 5406 I9.

1970 4490 2087 4535 tura
2119 4481 2300 4535 omnia
2334 4478 2543 4549 implet,
2584 4479 2696 4544 ubi,
2745 4493 2954 4548 quaeso,
2989 4478 3084 4532 Dei
3139 4477 3373 4533 Verbum
3425 4495 3529 4559 non

1968 4571 2229 4626 exsistit?
2256 4571 2370 4638 Qua
2421 4571 2584 4640 igitur
2636 4571 2845 4625 ratione
2874 4570 3111 4625 mittitur
3134 4585 3161 4622 a
3199 4569 3398 4624 Patre?
3421 4570 3532 4625 Aut

1968 4676 2075 4731 quo
2099 4677 2311 4716 rursum
2346 4662 2507 4715 modo
2529 4661 2596 4714 ad
2620 4675 2740 4715 eum
2763 4660 3094 4715 revertitur?
3138 4659 3368 4714 Mittitur
3418 4661 3527 4715 ita-

1970 4767 2075 4821 que
2105 4752 2398 4806 secundum
2428 4750 2718 4804 humanam
2746 4758 3016 4814 naturam,
3048 4751 3341 4818 praedicare
3360 4753 3533 4820 capti-

1974 4843 2053 4896 vis
2081 4841 2476 4905 remissionem,
2502 4840 2657 4909 137
2691 4848 2747 4893 et
2789 4841 2949 4894 caecis
3001 4841 3391 4897 restitutionem
3447 4844 3532 4896 vi-

1970 4946 2063 4987 sus
2092 4932 2139 4964 "
2168 4949 2184 4986 :
2215 4932 2316 4985 hoc
2337 4932 2482 4984 enim
2539 4931 2817 4985 missionis
2872 4930 3018 4985 illius
3079 4930 3217 4986 ratio
3242 4944 3296 4984 et
3341 4932 3534 4985 modus

1968 5023 2239 5093 exigebat.
2274 5020 2377 5075 Sed
2411 5029 2466 5074 et
2494 5021 2635 5075 idem
2675 5036 2890 5090 quoque
2918 5021 3064 5075 vadit
3119 5020 3184 5074 ati
3230 5022 3395 5074 Deum
3426 5019 3529 5072 Pa-

1970 5125 2142 5168 trem:
2177 5129 2360 5166 verum
2394 5113 2637 5182 noupari
2666 5113 2886 5167 omnino
2933 5112 3110 5167 modo.
3164 5109 3326 5164 Vadit
3381 5110 3533 5164 enim

2093 5270 2139 5300 θ’
2162 5266 2320 5322 Joan.
2357 5282 2432 5333 tv,
2461 5268 2553 5323 22.
2626 5270 2671 5301 ’⁵
2704 5268 2859 5324 Joan.
2891 5283 2989 5331 vn,
3011 5267 3099 5321 55.
3208 5266 3253 5299 ’⁸
3281 5264 3383 5321 lsa.
3418 5280 3531 5333 ιιι,

1394 5495 1563 5550 Variae
1593 5495 1848 5552 lcetiones
1874 5492 2078 5550 codicis
2106 5489 2467 5562 Seguicriaui.

374 5653 401 5693 Ρ
429 5642 695 5706 ἐξουσίαν.
772 5650 798 5688 ει
830 5638 990 5690 κατά.
1074 5646 1093 5673 ι’
1125 5637 1186 5688 ἐκ
1216 5633 1481 5708 σώματος.
