3942 6128
429 245 564 301 1551

1403 241 1460 296 S.
1499 240 1773 298 CYRILLI
1815 240 2289 297 ALEXANDRINI
2329 242 2646 299 ARCHIEP.

3560 251 3704 306 1552

429 373 616 431 utpore
644 361 696 415 in
729 374 958 431 corpore
986 360 1052 414 ad
1113 360 1310 416 cmium
1366 363 1606 427 rediens,
1639 373 1697 416 ut
1747 363 2003 416 nimirum

2111 363 2312 434 φανίσῃ
2354 364 2431 434 τῷ
2469 366 2743 436 προσώπῳ
2783 366 2876 420 τοῦ
2905 369 3138 440 Πατρὸς,
3167 368 3312 422 καθὰ
3351 368 3702 439 γέγραπται.

430 466 657 521 paterno
680 454 846 507 vultui
879 469 975 522 pro
999 454 1174 515 nobis,
1223 455 1364 508 sicut
1415 454 1676 522 scriptum
1706 464 1790 508 est
1810 455 1876 520 ⁸⁷,
1911 469 2008 521 ap-

441 555 648 612 pareat.
687 545 839 611 Quod
863 545 906 598 si
931 545 1054 613 quis
1096 545 1364 598 missionis
1400 545 1719 598 vocabulum
1782 547 1846 600 tle
1889 547 2004 612 ipso

430 651 645 706 quoque
679 635 850 690 Verbo
884 637 1086 690 dictum
1117 637 1370 705 accipiat,
1406 637 1676 690 neminem
1716 636 1768 691 id
1801 637 2000 693 turbet:

432 729 697 796 siquidem
755 726 1048 793 Scriptura:
1095 727 1352 782 divinitus
1420 727 1694 797 inspiratte
1751 743 1868 783 mos
1924 740 2006 784 est

437 818 740 871 istiusmodi
778 817 1142 871 locutionibus
1177 833 1561 886 nonnunquam
1597 821 1832 885 uti;non
1862 823 2004 890 quod

432 907 666 960 divinam
706 906 851 959 illam
900 905 1290 976 caelestemque
1343 918 1590 961 naturam
1621 897 1740 964 loco
1771 911 2004 965 circum-

431 997 676 1051 scribere
705 1007 800 1051 aut
833 997 1064 1052 delinire
1086 998 1217 1052 velit
1250 999 1420 1069 (novit
1452 1002 1594 1054 enim
1629 1000 1772 1054 illam
1805 1017 1997 1070 corpo-

431 1087 508 1142 ris
535 1097 831 1154 expertem,
870 1088 1125 1157 omnique
1163 1090 1395 1144 termino
1427 1099 1479 1145 et
1512 1090 1632 1145 loco
1661 1093 1996 1162 superiorem

432 1177 598 1247 esse),
629 1178 722 1232 sed
756 1177 901 1246 quod
930 1178 1197 1244 ejusmodi
1239 1179 1493 1234 humanis
1535 1182 1762 1237 vocibus
1817 1200 1876 1238 ea
1910 1200 2005 1239 no-

431 1269 516 1324 bis
548 1269 899 1323 manifestare
923 1271 1236 1334 contendat,
1265 1285 1385 1338 quae
1430 1273 1627 1326 mentis
1671 1274 1870 1342 alioqui
1907 1291 2002 1331 no-

433 1370 560 1414 stra:
590 1367 803 1428 captum
838 1363 1126 1415 excedunt.
1171 1359 1304 1414 Nam
1339 1371 1394 1415 et
1419 1361 1534 1430 ipse
1568 1377 1782 1433 quoque
1817 1367 2004 1422 Salva-

434 1460 521 1506 tor
556 1450 898 1504 Paracletum
942 1465 1063 1505 sese
1086 1453 1153 1505 ad
1187 1466 1286 1506 nos
1317 1451 1609 1508 missurum
1652 1457 2002 1524 promittit“,

2113 457 2176 508 Εἰ
2213 457 2269 508 δὲ
2311 457 2374 528 δὴ
2417 460 2510 510 καὶ
2551 460 2636 510 ἐπ’
2666 461 2830 512 αὑτοῦ
2859 461 2952 513 τοῦ
2994 462 3166 530 Λόγου
3207 461 3265 514 τὸ
3311 462 3704 515 ἀπεστάλθαι

2113 547 2458 617 λαμϐάνοιτο,
2485 551 2856 620 χαλεπαινέτω
2889 554 3106 624 μηδείςο
3140 553 3260 616 ἔθος
3306 554 3418 624 γὰρ
3460 557 3531 625 τῇ
3581 553 3705 606 920-

2113 637 2360 708 πνεύστῳ
2383 640 2573 710 Γραφῇ
2600 643 2696 694 καὶ
2718 645 2836 705 ταῖς
2852 643 3128 707 τοιαύταις
3145 645 3254 696 ἔσθ’
3271 645 3362 697 ὅτε
3389 644 3703 714 κεχρῆσθαι

2115 733 2344 797 φωναῖς,
2383 733 2477 785 καὶ
2515 734 2576 786 οὐ
2622 735 2808 796 τόποις
2848 737 2941 788 καὶ
2985 739 3356 807 περιγραφαῖς
3395 737 3502 804 τὴν
3554 736 3702 787 θείαν

2111 839 2169 873 τε
2199 824 2290 875 καὶ
2323 825 2690 896 ὑπερκόσμιον
2714 829 3005 898 ὑποφέρειν
3029 829 3190 897 φύσιν
3231 825 3365 898 (οἶδε
3391 829 3510 898 γὰρ
3536 825 3704 881 οὖσαν

2111 912 2422 982 ἀσώματον,
2455 917 2548 968 καὶ
2597 919 2973 988 περιορισμῶν
3027 920 3317 981 ἐπέκεινα,
3372 919 3474 972 καὶ
3519 919 3618 971 τοῦ
3649 921 3703 970 ἐν

2107 1003 2257 1073 τόπῳ
2289 1007 2522 1061 νοεῖσθαι
2557 1011 2827 1079 μακράν)·
2862 1013 3068 1078 φωναῖς
3092 1011 3149 1062 δὲ
3197 1010 3399 1080 μᾶλλον
3441 1013 3570 1072 ταῖς
3613 1011 3703 1061 ἀν-

2109 1092 2406 1164 θρωπίναις
2449 1097 2518 1151 τὰ
2545 1099 2686 1171 ὑπὲρ
2716 1100 2840 1154 νοῦν
2881 1099 3008 1154 ὄντα
3049 1101 3142 1154 τὸν
3172 1103 3228 1153 ἐν
3270 1103 3406 1171 ἡμῖν
3438 1103 3701 1173 πειρᾶται

2101 1187 2458 1258 καταδηλοῦν.
2476 1191 2628 1245 Ἐπεὶ
2655 1193 2750 1246 καὶ
2768 1193 2928 1257 αὐτὸς
2951 1195 2980 1246 ὁ
3000 1193 3194 1264 Σωτὴρ
3219 1193 3470 1262 πέμπειν
3498 1193 3699 1261 ἔφασκε

2102 1277 2238 1347 πρὸς
2269 1279 2418 1349 ἡμᾶς
2465 1283 2557 1336 τὸν
2592 1285 2970 1355 Παράκλητον,
3021 1286 3202 1339 καίτοι
3237 1284 3592 1356 πληροῦντας
3636 1287 3701 1338 τα

2100 1369 2280 1424 πάντα
2324 1373 2418 1426 τοῦ
2449 1375 2605 1442 ἁγίου
2633 1376 2950 1448 Πνεύματος
2969 1394 2983 1408 ·
3015 1397 3033 1428 ι
3065 1376 3288 1448 Πνεῦμα
3319 1377 3442 1446 γὰρ
3472 1377 3698 1446 Κυρίου,

2101 1467 2263 1536 φησὶ,
2298 1466 2628 1537 πεπλήρωκε
2659 1469 2756 1538 τὴν
2786 1469 3132 1540 οἰκουμένην.
3155 1489 3174 1520 ι

433 1557 552 1596 cum
610 1552 788 1596 tamen
842 1543 1080 1612 Spiritus
1117 1553 1339 1599 sanctus
1384 1546 1566 1600 omnia
1622 1547 1862 1615 impleat,
1918 1549 2073 1618 juxta
2148 1557 2324 1613 illud:
2393 1578 2412 1611 ι
2450 1559 2686 1631 Spiritus
2750 1561 2963 1616 Domini
3027 1561 3256 1632 replevit
3296 1560 3502 1617 orbem
3536 1571 3702 1616 terr:-

435 1649 552 1687 rum
572 1635 662 1690 9’“.
697 1655 714 1687 ι

507 1726 646 1782 XIV.
696 1747 712 1779 ε
747 1727 878 1781 Cum
937 1728 1306 1782 cxaltaverilis
1336 1729 1532 1784 Filium
1582 1732 1839 1799 hominis,
1875 1745 2003 1793 tunc
2036 1745 2078 1799 Β

430 1818 773 1884 cognoscetis
806 1818 932 1886 quia
993 1832 1092 1886 ego
1127 1834 1244 1871 sum
1273 1820 1342 1874 ".
1392 1837 1410 1871 ι
1467 1819 1704 1877 Judaicaa
1759 1827 2004 1893 insaniae,

436 1923 540 1976 qua
577 1909 627 1960 in
659 1907 934 1962 Christum
972 1910 1360 1973 efferebantur,
1398 1927 1594 1966 causas
1622 1916 1812 1970 beatus
1838 1915 2004 1972 Joan-

438 2013 532 2052 nes
553 2013 852 2066 exponens,
890 2001 962 2051 ila
998 1999 1185 2054 scribit
1220 2015 1234 2052 :
1268 2020 1285 2050 ι
1327 2001 1621 2070 Propterea
1674 2007 1842 2060 Judaei
1882 2023 2008 2077 per-

437 2088 802 2156 sequebantur
841 2087 1046 2153 Jesum,
1081 2090 1206 2158 quia
1243 2105 1347 2143 non
1380 2091 1551 2145 solum
1591 2093 1836 2149 solvebat
1868 2094 2008 2150 Sab-

438 2182 641 2242 hatum,
675 2183 766 2234 sed
830 2190 883 2234 et
913 2180 1130 2233 Patrem
1163 2198 1319 2235 suum
1353 2183 1567 2237 dicebat
1603 2185 1796 2251 Deum,
1825 2203 2008 2259 arqua-

436 2271 537 2324 lem
572 2271 775 2324 faciens
807 2287 865 2325 se
899 2271 1009 2325 Deo
1045 2273 1082 2325 ί.
1119 2291 1136 2322 ι
1181 2273 1317 2327 Alibi
1349 2276 1568 2328 eosdem
1617 2277 1808 2332 islhtec
1846 2279 2010 2348 impie

435 2371 744 2415 evomentes
768 2362 971 2415 inducit
1001 2379 1015 2415 :
1055 2381 1072 2413 ‹
1108 2363 1180 2416 Dc
1208 2363 1347 2417 bono
1368 2379 1532 2434 Opere
1565 2382 1668 2420 non
1705 2367 2009 2436 lapidamus

439 2460 509 2515 te,
536 2453 627 2505 sed
657 2453 721 2506 de
752 2452 1118 2522 blasphemia;
1155 2455 1279 2522 quia
1311 2464 1362 2509 tu
1407 2458 1568 2510 homo
1598 2473 1718 2511 cum
1742 2461 1836 2526 sis,
1874 2461 2008 2515 facis

439 2542 664 2611 teipsutn
722 2542 884 2596 Deum
922 2544 962 2595 '.
997 2563 1014 2595 ι
1063 2545 1230 2613 Igitur
1283 2547 1332 2598 in
1388 2546 1533 2600 illum
1584 2549 1808 2604 credere
1863 2550 2005 2605 nulla

433 2633 647 2686 ratione
697 2632 965 2697 volebant,
1031 2635 1465 2704 quandoquidem
1543 2655 1736 2708 purum
1793 2649 2002 2696 tantum

435 2723 822 2791 vulgarcmque
849 2724 1122 2778 hominem
1151 2741 1271 2780 esse
1309 2731 1608 2798 putabant;
1645 2733 1812 2802 ignari
1840 2735 2007 2790 Demn

436 2803 670 2860 Verbum
698 2822 882 2861 semen
925 2807 1160 2862 Abrahaz
1193 2816 1636 2881 apprehendisse,
1665 2821 1929 2889 carnique
1955 2829 2009 2876 et

436 2897 685 2967 sanguini
730 2900 955 2968 perinde
987 2916 1047 2952 ac
1072 2916 1169 2953 nos
1209 2907 1640 2960 communicasse
1670 2908 1711 2974 ³,
1758 2911 2008 2977 quamvis

435 2986 505 3039 ob
534 2988 584 3039 id
617 2986 756 3040 Deus
778 3001 898 3040 esse
929 3005 1032 3040 non
1072 2989 1354 3043 desiisset:
1406 2995 1674 3061 siquidem
1709 3001 2005 3051 secundum

437 3085 685 3130 naturam
713 3077 1085 3144 immutabilis,
1139 3091 1507 3151 perpetuoque
1559 3088 1675 3153 ipse
1728 3088 1868 3153 idem
1899 3098 2002 3143 est.
2033 3112 2074 3167 α
2109 3077 2269 3184 φύξιν

434 3165 527 3218 Ait
587 3183 748 3236 ergo:
797 3185 814 3217 ι
866 3168 999 3222 Cum
1055 3171 1428 3227 exaltaveritis
1505 3173 1699 3228 Filium
1751 3177 2006 3243 hominis,

437 3269 567 3312 tunc
617 3261 952 3326 cognoscetis
979 3261 1102 3330 quia
1134 3277 1234 3330 ego
1261 3279 1378 3317 sum
1407 3264 1451 3318 ⁴⁵.
1487 3285 1505 3316 ι
1543 3266 1801 3332 Quamvis
1859 3272 2006 3326 enim

435 3349 729 3403 secundum
801 3350 1088 3403 humanam
1156 3363 1404 3408 naturam
1454 3358 1633 3412 erucis
1681 3361 2006 3429 Supplicium

438 3442 681 3511 pertulit,
711 3443 888 3496 divina
925 3454 1104 3498 tamen
1157 3446 1355 3502 virtute
1400 3454 1717 3506 resurrexit.
1777 3455 2008 3526 Propter

440 3533 892 3587 resurrectionem
920 3546 1096 3588 autem
1128 3545 1185 3590 et
1213 3553 1369 3594 verus
1406 3541 1564 3604 Deus,
1601 3555 1656 3597 et
1679 3561 1839 3602 verus
1886 3565 2007 3602 rur-

438 3639 557 3679 sum
589 3623 682 3679 Dei
710 3624 879 3678 Filius
905 3628 1144 3682 creditus
1169 3639 1274 3684 est.
1311 3631 1463 3696 Quod
1499 3635 1542 3686 si
1568 3650 1689 3689 eum
1737 3654 1839 3693 non
1870 3641 2007 3696 alte-

439 3730 555 3768 rum
578 3718 966 3784 exsuscitasse,
999 3721 1091 3774 sed
1116 3721 1290 3789 ipsum
1316 3730 1681 3784 resurrexisse
1710 3735 2003 3802 credimus,

438 3822 633 3876 corpus
661 3810 866 3878 utique,
895 3815 1039 3879 quod
1065 3825 1293 3871 mortem
1347 3835 1663 3888 perpessum
1707 3837 1813 3892 est,
1869 3844 1995 3896 pro-

435 3899 609 3965 prium
643 3900 785 3955 illius
828 3903 1224 3972 dispensatorie
1267 3912 1543 3966 exstitisse
1591 3924 1896 3972 Statuamus
1935 3934 1997 3972 o-

436 3993 853 4064 portet:138
881 4010 986 4062 quo
1047 3998 1148 4052 hac
1198 4001 1452 4056 nimirum
1509 4006 1722 4062 ratione
1779 4020 1834 4064 et
1889 4011 2006 4081 ipse

436 4098 671 4151 quoque,
706 4085 833 4139 licet
853 4097 1044 4157 suapte
1075 4103 1264 4143 natura
1293 4095 1611 4151 immortalis
1657 4099 1726 4153 sit
1752 4111 1808 4153 ut
1833 4101 2002 4168 Deus,

439 4176 802 4231 resurrexisse
843 4179 944 4233 dici
1002 4192 1186 4249 queat.
1237 4182 1409 4239 Unius
1464 4189 1608 4242 enim
1653 4194 2005 4263 ejusdemque

433 4265 638 4320 Christi
675 4279 726 4321 et
755 4268 877 4322 Filii
923 4283 1148 4326 mortem
1179 4278 1584 4343 annuntiantes,
1636 4293 1686 4336 et
1755 4300 2002 4342 resurre-

431 4357 666 4411 ctionem
705 4361 1048 4428 confitentes,
1077 4364 1441 4432 justilicamur
1486 4386 1582 4439 per
1617 4373 1796 4428 fidem.
1855 4378 2002 4434 Unus

433 4446 596 4514 igitur
626 4450 874 4519 idemque
901 4463 953 4507 et
974 4455 1120 4508 solus
1151 4456 1403 4514 Christus
1421 4460 1597 4529 Jesus,
1643 4475 1700 4519 ut
1724 4468 1883 4522 homo
1911 4486 1998 4526 se-
2033 4447 2077 4500 υ

431 4539 666 4592 cundum
695 4558 910 4596 carnem
943 4553 1218 4613 mortuus;
1282 4559 1335 4603 ut
1367 4552 1509 4607 Deus
1554 4565 1735 4611 autem
1763 4565 1816 4613 et
1862 4561 1994 4627 vita,

430 4633 794 4686 resurrexisse
829 4635 1044 4692 dicitur.

504 4715 622 4770 XV.
685 4739 704 4770 (
733 4721 1221 4782 Circumdedcrunt
1255 4745 1385 4799 ergo
1413 4749 1534 4787 emn
1569 4735 1760 4802 Judtei,
1780 4750 1833 4792 et
1857 4742 2000 4797 dicc-

429 4807 660 4862 bantei:
688 4811 978 4883 Quousque
1012 4820 1247 4874 animam
1285 4835 1524 4879 nostram
1552 4829 1732 4883 tollis?
1769 4831 1825 4884 Si
1861 4842 1914 4886 tu
1939 4850 1998 4888 es

424 4897 696 4970 Christus,
729 4902 815 4958 dic
863 4907 1018 4961 nobis
1042 4911 1238 4975 palam.
1307 4914 1604 4984 Respondit
1654 4920 1762 4976 illis
1792 4921 1948 4978 Jesus
1979 4939 1996 4978 :

422 4988 665 5046 Locutus
705 5008 824 5048 sum
852 4997 1029 5064 vobis,
1083 5011 1138 5054 et
1193 5019 1296 5056 non
1345 5009 1602 5063 creditis:
1665 5028 1828 5080 opera
1880 5031 1999 5084 qum

423 5095 521 5150 ego
552 5081 690 5139 facio
722 5086 773 5139 in
809 5089 1025 5144 nomine
1060 5090 1237 5147 Patris
1273 5089 1400 5159 mci‘.
1449 5099 1562 5153 lure
1627 5081 1995 5161 testimonium

489 5265 535 5339 '_'
574 5265 735 5320 l‘lebr.
770 5283 845 5333 ιι,
873 5269 965 5326 24.
1036 5272 1080 5304 ’⁸
1112 5273 1265 5328 Joan.
1299 5291 1443 5339 xxvi,
1479 5278 1569 5336 26.

418 5328 445 5362 ⁸
473 5333 634 5388 ιΙαιῠι.
671 5351 729 5400 tt,
772 5328 858 5391 ιι.
934 5342 956 5372 ⁸
992 5341 1148 5398 Joan.
1191 5362 1286 5399 vm

1644 5282 1713 5316 ⁸⁸⁸
1756 5283 1879 5354 Sap.
1923 5302 1961 5348 l,
2009 5286 2054 5338 7.

2177 1743 2274 1796 IA'.
2317 1763 2335 1794 (
2363 1745 2532 1798 ’Ὅταν
2563 1743 2816 1816 ὑψώσητε
2841 1744 2932 1799 τὸν
2959 1746 3086 1798 Υἱὺν
3109 1744 3204 1798 τοῦ
3231 1743 3561 1817 ἀνθρώπου,
3591 1745 3704 1797 τότε

2107 1831 2381 1900 γνώσεσθε
2419 1836 2501 1888 ὅτι
2535 1836 2646 1904 ἐγώ
2679 1837 2814 1906 εἰμι.
2846 1856 2864 1888 ι
2913 1837 3024 1906 Τῆς
3063 1835 3368 1904 Ἰουδαϊκῆς
3401 1836 3703 1899 ἀπονοίας.

2107 1926 2172 1996 ἢν
2197 1926 2288 1978 ἐπὶ
2321 1927 2548 1999 Χριστῷ
2573 1927 2918 1998 πεποίηνται,
2947 1927 3046 1990 τὰς
3072 1928 3253 1989 αἰτίας
3280 1925 3664 1996 ἐξηγούμενος
3681 1928 3708 1979 ὁ

2111 2018 2377 2087 μακάριος
2400 2030 2421 2056 ³
2461 2019 2714 2088 Ἰωάννης
2736 2058 2752 2082 ,
2784 2037 2801 2069 ι
2835 2019 2934 2071 Διὰ
2961 2017 3138 2082 τοῦτο,
3169 2019 3360 2087 φησιν,
3396 2017 3632 2070 ἐδίωκον
3656 2020 3706 2069 οξ

2120 2110 2360 2164 Ἰουδαῖοι
2391 2111 2483 2164 τὸν
2517 2111 2773 2182 Χριστὸν,
2818 2113 2900 2165 ὅτι
2929 2112 2990 2164 οὐ
3024 2112 3182 2178 μόνον
3214 2111 3343 2163 ἔλυε
3377 2113 3438 2162 τὸ
3483 2111 3703 2164 Σαϐϐα-

2105 2217 2218 2263 τον,
2249 2200 2384 2254 ἀλλὰ
2412 2201 2505 2254 καὶ
2533 2202 2752 2271 Πατέρα
2777 2202 2908 2254 ῐδιον
2937 2201 3092 2267 ἔλεγε
3119 2200 3211 2253 τὸν
3239 2200 3400 2264 Θεὸν,
3433 2202 3552 2254 ἶσον
3579 2203 3707 2254 sau-

2106 2291 2195 2345 τὸν
2225 2291 2393 2345 ποιῶν
2427 2293 2504 2361 τῷ
2536 2292 2674 2363 Θεῷ.
2711 2312 2728 2342 ι
2752 2294 3114 2361 Εἰσκεκόμικε
3147 2293 3203 2346 δέ
3232 2311 3335 2345 που
3370 2294 3471 2347 καὶ
3508 2296 3705 2358 αὐτοὺς

2107 2381 2361 2449 λέγοντας
2385 2383 2644 2446 ἀνοσίως·
2683 2403 2700 2434 ι
2736 2385 2874 2454 Περὶ
2902 2383 3068 2437 καλοῦ
3096 2383 3260 2454 ἔργου
3295 2384 3360 2436 οὐ
3403 2385 3703 2454 λιθάζομέν

2109 2492 2199 2539 σε,
2243 2475 2383 2529 ἀλλὰ
2435 2476 2564 2545 περὶ
2613 2475 2994 2546 βλασφημίας·
3027 2476 3107 2528 ὅτι
3149 2477 3209 2529 σὺ
3264 2476 3572 2548 ἄνθρωπος
3608 2477 3700 2540 ὢν,

2108 2571 2281 2628 ποιεῖς
2312 2568 2534 2621 σεαυτὸν
2565 2569 2716 2621 Θεὸν.
2746 2587 2764 2619 ι
2813 2567 3022 2621 Οὐκοῦν
3062 2568 3449 2639 ἀπαράδεκτον
3484 2570 3588 2639 τὴν
3620 2569 3702 2622 ἐπ’

2109 2657 2257 2728 αὑτῴ
2285 2660 2613 2730 πεποίηνται
2652 2661 2854 2725 πίστιν,
2885 2659 3170 2731 ἄνθρωπον
3207 2661 3309 2731 μὲν
3345 2657 3496 2713 εἶναι
3550 2663 3702 2730 νομί-

2110 2753 2293 2814 ζοντες
2329 2753 2462 2805 αὐτὸ
2490 2754 2552 2822 δὴ
2594 2752 2752 2806 τοῦτο
2780 2754 2954 2823 ψιλὸν,
2996 2755 3325 2824 ἠγνοηκότες
3353 2754 3414 2806 δὲ
3455 2756 3545 2807 ὅτι
3575 2755 3703 2817 Θεὸς

2109 2842 2183 2896 ὣν
2224 2845 2250 2896 ὁ
2284 2844 2455 2911 Λόγος
2487 2844 2780 2898 ἐπελάϐετο
2811 2846 3121 2916 σπέρματος
3160 2844 3444 2915 Ἀϐραὰμ,
3483 2845 3584 2897 καὶ
3613 2863 3701 2896 κε-

2109 2935 2439 3005 κοινώνηκεν
2467 2937 2695 3006 αἵματος
2728 2935 2820 2990 καὶ
2853 2937 3056 3007 σαρκὸς
3089 2935 3500 3005 παραπλησίως
3534 2939 3663 3006 ἡμῖν
3683 2953 3696 2963 ⁸

2111 3025 2248 3094 πλὴν
2275 3027 2374 3079 οὐκ
2401 3027 2610 3097 ἀπέστη
2637 3028 2730 3080 τοῦ
2764 3024 2902 3080 εἶναι
2923 3028 3082 3091 Θεῦς·
3121 3028 3396 3098 ἄτρεπτος
3421 3028 3534 3097 γὰρ
3562 3027 3700 3079 κατὰ

2290 3118 2424 3179 ἐστὶ,
2447 3119 2540 3170 καὶ
2561 3117 2822 3188 διηνεκῶς
2847 3120 2874 3170 ὁ
2903 3119 3084 3181 αὑτός.
3122 3119 3323 3170 (Ὅταν
3357 3114 3477 3181 οὗν,
3511 3121 3698 3188 φησιν,

2112 3205 2363 3274 ὑψώσητε
2401 3209 2490 3260 τὸν
2517 3209 2642 3262 Υίδν
2674 3209 2773 3261 τοῦ
2806 3209 3114 3281 ἀνθρώπου,
3149 3210 3270 3262 τότε
3301 3210 3589 3278 γνώσεσθε
3621 3214 3698 3265 ὅτι

2109 3297 2218 3364 ἐγώ
2257 3301 2392 3368 ειμι.
2432 3319 2448 3348 ι
2486 3299 2834 3371 Ἐσταυρώθη
2878 3301 2976 3370 μὲν
3010 3303 3116 3369 γὰρ
3155 3302 3550 3371 ἀνθρωπίνως,
3604 3305 3698 3355 ἁν-

2110 3389 2240 3441 εϐἔω
2267 3390 2324 3442 δὲ
2353 3391 2566 3453 θεῖκῶς·
2587 3393 2680 3444 καὶ
2712 3394 3068 3446 πεπίστευται
3093 3393 3179 3445 διὰ
3208 3393 3308 3461 τῆς
3340 3395 3698 3457 ἀναστάσεως

2108 3478 2188 3530 ὅτι
2223 3461 2330 3531 καί
2347 3480 2478 3542 Θεὸς
2521 3482 2658 3544 ἐστι,
2706 3482 2796 3534 καὶ
2829 3480 2964 3534 Θεοῦ
3008 3482 3128 3535 κατ’
3153 3481 3418 3550 ἀλήθειαν
3451 3484 3603 3547 Υἱός.
3640 3488 3694 3538 ΕΞ

2106 3569 2162 3620 δὲ
2195 3570 2550 3623 πεπίστευται
2587 3572 2723 3643 πρὸς
2771 3573 2926 3642 ἡμῶν
2967 3573 3066 3643 οὐχ
3106 3574 3181 3636 ὡς
3222 3573 3414 3644 ἕτερον
3454 3577 3696 3645 ἀναστή-

2109 3675 2226 3723 σας,
2248 3661 2616 3731 ἐγηγερμένος
2636 3663 2690 3715 δὲ
2721 3664 2916 3731 μᾶλλον
2941 3665 3101 3727 αὐτός
3118 3681 3129 3693 ·
3160 3666 3311 3718 πᾶσά
3337 3683 3459 3729 πως
3479 3669 3697 3739 ἀνάγκη

2107 3749 2194 3802 διὰ
2218 3751 2316 3821 τὴν
2347 3753 2658 3822 οἰκονομίαν
2687 3754 2818 3807 ἴδιον
2847 3755 3009 3807 αὑτοῦ
3040 3755 3200 3825 σῶμα
3226 3757 3471 3810 νοεῖσθαι
3502 3760 3569 3810 τὸ
3607 3779 3699 3812 πε-

2106 3840 2299 3904 πονθὸς
2345 3843 2435 3895 τὸν
2486 3844 2734 3898 θάνατον·
2782 3847 2868 3899 ἵνα
2903 3847 2995 3899 καὶ
3039 3848 3200 3908 αὐτὸς
3247 3848 3561 3916 ἀναστῆναι
3609 3852 3696 3903 λὲ-

2105 3949 2273 4000 γοιτο,
2316 3934 2490 3986 καίτοι
2517 3936 2615 4006 τὴν
2645 3937 2804 4004 φύσιν
2835 3937 3098 4000 ἀθάνατος
3125 3936 3202 3991 ὢν
3239 3940 3314 4002 ώς
3343 3941 3503 4004 Θεός.
3551 3944 3700 4006 Ἔνος

2104 4025 2212 4097 γὰρ
2246 4027 2480 4098 Χριστοῦ
2509 4029 2604 4080 καὶ
2631 4028 2761 4081 Υἱοῦ
2795 4031 2886 4106 τὸν
2919 4029 3148 4084 θάνατον
3197 4036 3698 4102 καταγγέλλοντες,

2106 4119 2201 4170 καὶ
2261 4118 2652 4188 ὁμολογοῦντες
2727 4121 2824 4190 τὴν
2915 4122 3254 4189 ἀνάστασιν,
3325 4124 3695 4196 δικαιούμεθα

2104 4209 2190 4262 διὰ
2225 4211 2478 4273 πίστεως.
2521 4212 2730 4264 Οὐκοῦν
2767 4214 2795 4265 ὁ
2829 4213 2988 4277 αὐτὸς
3031 4214 3107 4276 ὡς
3145 4210 3226 4279 εἷς
3276 4234 3336 4269 τε
3383 4220 3480 4272 καὶ
3532 4225 3695 4289 μόνος

2106 4302 2362 4372 ὑπάρχων
2413 4305 2646 4374 Χριστὸς
2683 4304 2916 4374 Ἰησοῦς,
2946 4305 3237 4359 ἀποθανεῖν
3271 4309 3370 4378 μὲν
3403 4311 3694 4381 ἀνθρωπξο

2105 4411 2211 4456 νως
2250 4394 2390 4447 κατὰ
2425 4395 2522 4465 τὴν
2575 4398 2753 4467 σάρκα
2783 4397 3026 4465 λέγεται,
3068 4400 3366 4471 ὲγηγέρθαι
3396 4402 3454 4456 δὲ
3493 4405 3688 4468 εἰκὸςι

2107 4484 2180 4547 ὼς
2209 4484 2341 4555 ζωή.

2179 4742 2278 4794 1Ε’.
2327 4761 2342 4789 ι
2382 4743 2697 4813 Προσῄεσάν
2733 4761 2861 4798 ποτε
2891 4747 2968 4817 τῷ
3005 4749 3229 4819 Χριστῷ
3278 4753 3528 4821 λέγοντες
3570 4757 3692 4830 Ἰψ-

2103 4833 2259 4886 δαῖοιο
2288 4835 2433 4897 Ἕως
2463 4834 2593 4886 πότε
2619 4835 2716 4906 τὴν
2751 4836 2928 4906 ψυχὴν
2955 4839 3112 4908 ἡμῶν
3141 4843 3359 4912 αῖρειςς
3389 4847 3450 4898 Εἰ
3482 4847 3546 4899 σὺ
3592 4846 3641 4901 εἶ
3668 4852 3694 4900 ὁ

2100 4925 2364 4996 Χριστὸς,
2416 4928 2537 4980 εἰπὲ
2587 4928 2718 4997 ἡμῖν
2751 4930 3050 5000 παρρησίᾳ.
3090 4933 3400 5007 Ἀπεκρίθη
3436 4939 3624 5002 αὐτοῖς
3663 4942 3689 4992 6

2112 5019 2351 5086 Ἰησοῦς·
2390 5016 2555 5074 Εἶπον
2591 5021 2737 5090 ὑμῖν,
2784 5024 2878 5075 καὶ
2916 5025 2977 5076 οὐ
3025 5027 3344 5082 πιστεύετε.
3393 5029 3474 5082 Τὰ
3519 5029 3685 5098 ἔργα.

2099 5112 2133 5162 ἂ
2161 5110 2271 5178 ἐγὼ
2303 5112 2440 5166 ποιῶ
2475 5114 2532 5164 ἑν
2568 5113 2645 5184 τῷ
2681 5115 2904 5185 ὀνόματι
2937 5116 3031 5168 τοῦ
3078 5118 3304 5190 Πατρός
3352 5139 3476 5191 μου,
3516 5121 3688 5174 ταῦτα

2137 5288 2183 5319 θ’
2223 5287 2381 5344 Joan.
2413 5307 2531 5354 vttt,
2563 5291 2653 5346 28.

2729 5295 2745 5324 ¹
2781 5293 2936 5349 Joan.
2982 5311 3033 5360 v,
3094 5297 3183 5352 18.
3269 5305 3291 5335 ⁸
3321 5301 3481 5359 Joan.
3515 5319 3571 5368 x,
3607 5304 3689 5363 33.

1524 5508 1695 5564 Varia:
1724 5511 1979 5568 lectiones
2007 5517 2207 5571 codicis
2251 5517 2607 5588 Seguieriani.

482 5624 504 5650 '
540 5621 840 5686 θεσπέσιος.
925 5631 941 5663 ί
978 5631 1194 5697 θεϊκῶς.
