3942 6128
226 202 244 254 Ι
257 204 362 260 553

1037 199 1129 253 AD
1169 194 1469 253 REGiNAS
1508 194 1594 249 DE
1636 193 1861 249 RECTA
1903 192 2057 249 FIDE
2095 192 2356 250 ORATIO
2396 192 2693 249 ALTERA.

3335 189 3470 245 1354

223 314 511 387 μαρτυρεῖ,
545 312 672 381 περὶ
704 307 858 381 ἐμοῦ.
886 328 906 362 ι
938 309 1003 362 Τί
1042 309 1106 378 δὴ
1135 309 1243 380 ἄρα
1288 310 1395 363 κάν
1422 306 1598 378 τούτῳ
1630 305 1796 376 φασὶν

1912 304 2192 371 perhibent
2220 306 2287 360 de
2318 319 2404 360 me
2432 304 2478 360 ⁸.
2521 322 2539 356 ι
2574 302 2779 372 Ecquid
2834 300 2943 363 hic,
2976 313 3198 370 qttteso,
3266 300 3473 364 dicunt,

220 410 269 461 οἱ
308 405 632 478 διορίζοντες
673 402 899 474 ἀμαθῶς
933 403 1014 463 εἰς
1051 401 1184 455 υίῶν
1223 400 1417 462 δυάδα,
1449 400 1544 453 καὶ
1587 400 1667 462 εἰς
1703 396 1797 452 δύο

222 500 525 571 Χριστοὺς,
570 498 660 551 τὸν
707 496 803 549 ἕνα
843 494 1047 566 Κύριον
1084 494 1292 566 Ἰησοῦν
1337 492 1611 565 Χριστόν;
1662 492 1801 561 Περὶ

220 592 364 654 τίνος
394 589 628 658 ἔφασκον
648 590 699 642 οἱ
731 587 1003 642 Ἰουδαῖοι·
1037 607 1055 640 ι
1080 589 1142 641 Εἰ
1173 588 1236 641 σὺ
1264 581 1317 638 εἷ
1341 589 1369 640 ὁ
1392 586 1646 657 Χριστὸς,
1675 584 1797 638 εἰπὲ

222 683 356 752 ἡμῖν
386 678 702 752 παρρησίᾳ;
736 696 753 728 ι
784 679 882 741 Τίς
906 677 963 732 δὲ
987 679 1014 731 ὁ
1039 679 1245 746 λέγων·
1279 677 1407 731 ιιΤὰ
1443 677 1598 746 ἔργα,
1629 674 1663 729 δι
1690 673 1801 743 ἐγὼ

206 771 364 829 ,ποιῶ
399 773 456 823 έν
488 769 565 838 τῷ
605 770 827 839 ὀνόματι
859 767 953 822 τοῦ
1006 769 1217 840 Πατρός
1267 786 1392 840 μου,
1435 766 1607 821 ταῦτα
1656 782 1799 836 μαρ-

223 864 379 932 τυρεῖ
416 861 543 931 περὶ
583 860 752 931 ipsi};
786 880 803 912 ι
839 861 999 924 Τίνος
1031 856 1169 915 εἶναί
1205 878 1391 932 φαμεν
1421 860 1551 914 ἴδιον
1580 857 1800 930 Πατέρα

222 954 316 1006 τὸν
352 953 518 1019 Θεόν;
565 948 675 1020 ἆρα
725 952 819 1005 τοῦ
855 953 917 1005 ἐκ
950 952 1209 1020 γυναικὸς
1255 951 1361 1006 ἀνὰ
1412 953 1579 1023 μέρος
1609 969 1669 1005 τε
1709 953 1802 1006 καὶ

226 1046 409 1108 ίδικῶς
448 1046 741 1116 νοουμένου
760 1084 775 1109 ,
804 1046 837 1116 ἢ
870 1046 962 1099 τοῦ
1000 1044 1372 1114 Μονογενοῦςς
1404 1046 1597 1099 Καίτοι
1629 1045 1690 1099 τὸ
1718 1045 1803 1098 δύ-

224 1138 416 1191 νασθαι
451 1136 752 1207 κατορθοῦν
788 1137 857 1190 τὰ
888 1136 987 1206 τῆς
1020 1137 1272 1208 θεότητος
1307 1136 1464 1208 ἔργα,
1506 1136 1706 1208 πρέποι
1733 1134 1801 1190 ἂν

223 1230 322 1282 οὐκ
346 1228 664 1300 ἀνθρωπεία
689 1227 847 1295 φύσει
879 1229 1072 1282 ποθέν·
1101 1229 1296 1283 πολλοῦ
1324 1248 1386 1299 γε
1425 1230 1553 1285 δεῖν.
1582 1228 1802 1301 Ἐπειδὴ

224 1322 280 1374 δὲ
311 1320 549 1391 ἐπλήρου
593 1320 827 1390 Χριστὸς
854 1320 923 1373 τὰ
953 1320 1090 1390 ἔργα
1129 1321 1227 1374 τοῦ
1278 1323 1525 1394 Πατρὸς,
1568 1325 1669 1376 οὐκ
1707 1322 1799 1378 ἄν·

226 1411 442 1479 θρωπος
478 1408 545 1461 ἂν
577 1411 751 1462 νοοῖτο
792 1408 976 1477 ψιλὸς,
1015 1408 1147 1472 Θεὸς
1179 1409 1236 1461 δὲ
1275 1410 1476 1479 μᾶλλον
1516 1412 1575 1464 ἐν
1605 1410 1802 1481 αἵματι

227 1501 320 1555 καὶ
350 1499 534 1570 σαρκὶ,
572 1497 898 1569 μεμενηκὼς
927 1501 1065 1570 ὅπερ
1089 1497 1177 1570 ἦν.
1213 1502 1549 1571 Ἰσουργήσει
1580 1503 1688 1573 γὰρ
1713 1503 1804 1557 οῦ-

225 1610 333 1655 τως
380 1590 517 1659 ἔχων
545 1589 624 1659 τῷ
675 1590 790 1660 ίδίῳ
824 1592 863 1643 Γ
866 1594 1112 1662 εννήτορι
1137 1606 1151 1623 '
1196 1594 1286 1645 καὶ
1318 1592 1408 1645 τὸν
1447 1592 1541 1646 τοῦ
1593 1611 1802 1665 μυστη-

232 1684 349 1756 ρίου
396 1680 552 1748 λόγον
592 1684 1059 1753 καταμωμήσαιτο
1107 1682 1173 1736 ἂν
1202 1684 1377 1748 οὐδεὶς
1419 1685 1525 1737 τῶν
1567 1682 1625 1739 εὖ
1676 1702 1807 1758 φρο-

227 1794 484 1834 νουντων.

299 2041 414 2106 ἶς’.
441 2056 457 2089 ι
481 2038 553 2091 Τὸ
575 2037 630 2091 δὲ
659 2036 871 2091 παιδίον
898 2034 1118 2108 ηὔξανε,
1148 2036 1243 2089 καὶ
1271 2034 1627 2107 ἐκραταιοῦτο
1644 2035 1809 2088 πνεύ-

230 2148 358 2201 ματι
381 2171 394 2193 ,
445 2128 819 2199 πληρούμενον
854 2128 1044 2197 σοφίας
1067 2144 1082 2159 θ
1116 2128 1210 2181 καὶ
1247 2127 1407 2198 χάρις
1447 2126 1581 2180 Θεοῦ
1612 2122 1679 2197 ἦν
1721 2128 1808 2178 ἐπ’

224 2221 429 2292 αὐτῷ.)
465 2223 572 2275 Καὶ
602 2222 761 2276 πάλιν
782 2239 794 2251 ·
828 2240 846 2271 ι
877 2220 1083 2290 Ἰησοῦς
1121 2219 1458 2290 προέκοπτεν
1492 2219 1681 2290 ἡλικίᾳ
1717 2219 1811 2271 καὶ

227 2316 391 2386 σοφίᾳ
413 2315 508 2369 καὶ
531 2314 711 2385 χάριτι
739 2313 891 2384 παρὰ
914 2312 1032 2382 Θεῴ
1059 2312 1153 2365 καὶ
1177 2310 1533 2380 ἀνθρώποις.»
1564 2310 1701 2364 Ἕνα
1725 2311 1809 2363 λέ-

225 2424 411 2477 γοντες
441 2407 530 2460 τὸν
562 2407 764 2479 Κύριον
790 2405 949 2476 ἡμῶν
984 2404 1188 2475 Ἰησοῦν
1223 2404 1479 2475 Χριστὸν,
1521 2402 1616 2457 καί⁸
1667 2403 1813 2473 αὐτῴ

225 2498 622 2570 προσνέμοντες
664 2498 733 2550 τά
770 2514 829 2550 τε
869 2494 1184 2566 ἀνθρώπινα
1213 2497 1309 2549 καὶ
1358 2494 1669 2564 θεοπρεπῆ,
1701 2496 1814 2558 τοῖς

230 2591 331 2660 μὲν
374 2591 474 2660 τῆς
529 2589 811 2653 κενώσεως
860 2590 1079 2661 μέτροις
1107 2589 1340 2659 πρέπειν
1386 2587 1601 2659 ἀληθῶς
1630 2587 1812 2643 διαϐε-

226 2678 530 2750 ϐαιούμεθα
557 2678 617 2733 τό
640 2697 699 2732 τε
721 2678 820 2750 τὴν
849 2680 1166 2749 σωματικὴν
1187 2678 1413 2749 αῦξησιν
1442 2679 1811 2750 ἐπιδέχεσθαι,

226 2770 323 2824 καὶ
369 2769 475 2840 μὴν
530 2771 623 2823 καὶ
666 2769 728 2823 τὸ
776 2768 1201 2839 κραταιοῦσθαι,
1254 2769 1364 2823 τῶν
1416 2770 1512 2824 τοῦ
1562 2770 1813 2840 σώματος

225 2864 607 2935 ἁδρυνομένων
648 2863 853 2934 μορίων
894 2863 1038 2916 κατὰ
1099 2861 1272 2934 βραχύ
1299 2878 1312 2891 ⁶
1352 2865 1447 2916 καὶ
1481 2864 1614 2918 αὐτὸ
1651 2864 1707 2918 δὲ
1752 2865 1813 2919 τὸ

225 2956 400 3009 δοκεῖν
450 2954 792 3026 πληροῦσθαι
841 2954 1069 3024 σοφίας,
1125 2955 1214 3010 διά
1257 2972 1321 3023 γε
1355 2955 1416 3009 τὸ
1458 2955 1622 3009 οἱονεὶ
1671 2956 1810 3028 πρὸς
1836 2991 1882 3053 C

227 3053 465 3107 ἐπίδοσιν
499 3055 564 3123 τῇ
594 3051 687 3105 τοῦ
718 3050 966 3121 σώματος
998 3051 1187 3121 ἡλικίᾳ
1222 3050 1681 3122 πρεπωδεστάτην
1710 3053 1807 3123 τῆς

228 3147 456 3216 ἐνούσης
525 3143 674 3215 αὐτῷ
735 3144 924 3212 σοφίας
996 3144 1293 3214 ἀναφοιτᾷν
1347 3142 1444 3215 τὴν
1503 3142 1803 3213 έκφανσιν·

229 3241 324 3292 καὶ
353 3239 509 3291 ταυτὶ
547 3239 663 3309 μὲν,
695 3237 768 3299 ὡς
808 3237 965 3308 ἔφην,
995 3240 1060 3308 τῇ
1114 3235 1252 3308 μετὰ
1287 3235 1487 3307 σαρκὸς
1525 3235 1808 3307 οἰκονομίᾳ

229 3330 429 3399 πρέποι
467 3312 553 3394 διν,
584 3328 678 3381 καὶ
717 3330 830 3391 τοῖς
872 3328 972 3398 τῆς
1002 3327 1248 3397 ὕφέσεως
1279 3327 1516 3397 μέτροις.
1547 3328 1626 3398 Τῇ
1656 3326 1713 3381 δέ
1743 3344 1807 3396 γε

229 3422 388 3490 φύσει
409 3421 500 3473 τοῦ
518 3421 688 3486 Λόγου
713 3420 913 3490 πρέποι
937 3420 1002 3473 ἂν
1026 3420 1187 3473 πάλιν
1208 3419 1268 3471 τὸ
1291 3419 1377 3471 ἀεὶ
1397 3418 1618 3480 τελείως
1638 3419 1726 3491 ἔχε
1736 3437 1804 3483 ιν,

231 3514 326 3566 καὶ
363 3513 502 3564 εἶναι
554 3501 763 3578 σοφίαν.
792 3510 965 3562 Αὑτοῦ
1012 3506 1301 3579 τοιγαροῦν
1349 3508 1706 3578 ἀνθρωπίνως
1748 3510 1811 3563 τὸ

231 3603 306 3664 ὡς
341 3603 396 3652 ἐν
425 3599 648 3653 κενώσει
675 3598 836 3668 τυχὸν
870 3598 1187 3668 ὑφειμένον
1220 3596 1384 3650 αὐτοῦ
1417 3598 1475 3650 δὲ
1507 3599 1709 3667 ὁμοίως
1742 3598 1812 3651 τὰ

235 3691 534 3760 θεοπρεπῆ,
565 3689 776 3753 θεῐκῶς.
804 3690 861 3743 Ὀ
891 3689 999 3760 γάρ
1027 3689 1093 3742 τὸ
1142 3689 1233 3759 τῆς
1272 3688 1409 3759 μετὰ
1431 3689 1635 3758 σαρκὸς
1666 3690 1812 3742 οἱκο-

233 3781 426 3849 νομίας
458 3780 658 3851 τρόπος
689 3797 749 3831 τε
795 3779 890 3832 καὶ
932 3778 1089 3846 λόγος
1136 3775 1275 3831 οϊδεν
1308 3779 1437 3831 ὅντα
1484 3778 1644 3833 αὐτὸν
1686 3778 1809 3832 καθ’

230 3878 397 3946 ημᾶς,
431 3874 524 3926 καὶ
554 3873 690 3943 ὑπὲρ
724 3874 889 3944 ἡμᾶς.
908 3870 1273 3942 Ὑπερέχοντα
1307 3870 1403 3940 μὲν
1430 3869 1538 3923 τῶν
1568 3870 1665 3939 τῆς
1698 3870 1811 3922 κτί-

233 3983 370 4028 σεως
400 3965 613 4036 μέτρων
645 3964 719 4027 ὡς
746 3963 905 4018 Θεόν·
936 3962 1129 4016 ἑαυτοῦ
1161 3960 1219 4015 δέ
1250 3979 1365 4025 πως
1399 3962 1683 4033 μονονουχὶ
1717 3962 1810 4015 καὶ

231 4058 564 4128 ἡττιῖλμενον,
595 4056 731 4110 καθὸ
764 4055 1007 4127 πέφηνεν
1034 4054 1339 4127 ἄνθρωπος.
1369 4054 1479 4109 Ποῦ
1508 4056 1614 4127 γὰρ
1645 4058 1677 4126 ἡ
1712 4073 1808 4109 τα-

233 4151 508 4212 πείνωςις,
552 4149 619 4219 ἣν
666 4149 953 4219 ὑπέμεινεν
985 4146 1145 4213 ἑκὼν,
1176 4148 1225 4200 εί
1256 4150 1571 4219 παραιτοίτο
1603 4147 1671 4201 τὰ
1711 4148 1807 4201 ἀν·-

231 4243 516 4314 θρώπινα;
562 4243 708 4311 Πλὴν
748 4242 848 4295 οὐκ
886 4243 943 4294 ἐν
981 4241 1164 4305 αὐτοῖς
1199 4241 1232 4309 ἡ
1284 4240 1376 4293 τοῦ
1411 4239 1571 4308 λόγου
1608 4242 1807 4295 νοεῖται

1901 396 1995 464 qui
2044 410 2212 450 unum
2248 394 2537 450 Dominum
2589 406 2833 448 nostrum
2875 389 3060 446 Jesum
3113 389 3390 446 Christum
3422 392 3475 444 in

1900 487 2034 541 duos
2065 485 2227 553 filios,
2258 485 2591 555 totidemque
2647 482 2899 539 Christos
2956 481 3118 537 stulte
3182 479 3479 534 divelluut‘r

1902 577 1978 632 De
2006 585 2128 632 utro
2147 575 2315 632 Judaei
2357 576 2609 631 aiebant:
2670 594 2689 626 ι
2726 574 2782 629 Si
2843 582 2897 627 tu
2949 587 3008 628 es
3054 572 3326 636 Christus,
3387 572 3478 627 dic

1903 667 2058 724 nobis
2093 667 2302 737 palam?
2328 687 2346 720 ι
2415 654 2549 722 ilter
2583 680 2797 719 rursum
2862 663 3078 718 illorum
3109 662 3474 731 praedicabat:

1907 777 1927 811 ι
1963 757 2140 830 Opera
2169 774 2290 830 qua:
2327 774 2428 830 ego
2461 757 2602 814 facio
2635 757 2709 830 Ain
2742 755 2964 810 nomine
2993 754 3171 809 Patris
3203 755 3329 820 mei,
3387 754 3476 808 illa

1904 828 2276 906 testimonium
2306 828 2593 918 perhibent
2620 828 2684 902 de
2720 846 2841 899 me?
2865 864 2884 897 ι
2923 843 3109 900 Utrius
3136 844 3349 898 tandem
3380 843 3482 897 Pa-

1903 947 2040 993 trem
2065 938 2231 994 Deum
2259 952 2384 995 esse
2430 936 2770 993 statuemus?
2798 935 2988 1005 ejusue
3022 935 3113 1006 qui
3146 950 3211 990 ex
3253 932 3480 988 muliere

1902 1043 2081 1087 ortum
2113 1032 2283 1094 ducit,
2338 1040 2399 1085 ut
2433 1044 2678 1085 seorsum
2712 1043 2809 1097 per
2837 1044 2896 1085 se
2929 1028 3113 1083 animo
3138 1026 3478 1096 concipitur,

1904 1139 1976 1179 an
2030 1138 2161 1179 vero
2212 1123 2386 1194 ipsius
2413 1121 2731 1192 Unigeniti?
2778 1123 2937 1192 Atqui
2980 1121 3162 1177 divina
3206 1135 3371 1190 opera
3425 1119 3478 1173 vi

1904 1216 2121 1286 propria
2155 1222 2394 1285 patrare,
2423 1230 2510 1270 res
2536 1223 2617 1269 est
2637 1229 2756 1283 quze
2779 1214 3028 1268 humanm
3062 1223 3272 1266 naturae
3311 1210 3477 1277 vires,

1905 1306 2257 1376 ejusdemque
2304 1306 2620 1361 facultatem
2685 1304 2842 1375 longe
2894 1304 3229 1373 multumque
3289 1301 3478 1355 vincit.

1906 1398 2042 1466 Quia
2062 1413 2192 1470 ergo
2215 1397 2462 1455 Christus
2490 1399 2677 1454 eadem
2704 1413 2824 1468 quae
2847 1396 3013 1451 Pater
3040 1409 3203 1464 Opera
3233 1393 3484 1464 perficie-

1909 1494 2035 1558 bat,
2072 1494 2258 1562 utique
2289 1507 2394 1548 non
2419 1501 2535 1547 erat
2556 1507 2722 1562 purus
2776 1492 2957 1558 homo,
3012 1490 3105 1545 sed
3140 1490 3279 1545 Deus
3324 1502 3488 1542 carne

1909 1594 1963 1639 et
1980 1584 2244 1654 sanguine
2270 1584 2521 1649 vestitus,
2550 1592 2609 1637 ut
2641 1581 2885 1652 profecto
2914 1589 3156 1636 maneret
3176 1577 3318 1649 quod
3341 1588 3483 1632 erat.

1841 1659 1881 1712 Β
1911 1676 1990 1731 Ad
2023 1679 2167 1730 hunc
2192 1689 2322 1744 ergo
2348 1675 2563 1730 modum
2615 1673 2868 1738 aflectus,
2918 1672 3067 1741 paria
3097 1687 3220 1727 cum
3253 1685 3352 1727 suo
3381 1669 3487 1723 Geo

1914 1770 2085 1820 nitore
2112 1767 2388 1835 praestabit
2420 1783 2433 1819 :
2478 1765 2829 1835 mysteriique
2852 1763 3012 1833 hujus
3035 1763 3176 1816 ratio
3211 1763 3281 1816 ita
3312 1763 3486 1832 expli-

1912 1868 2053 1924 cata,
2092 1858 2521 1927 reprehensione
2583 1857 2725 1927 apud
2787 1871 2935 1912 same
2997 1854 3193 1911 mentis
3242 1854 3490 1911 homines

1913 1962 2085 2005 vacat.
2443 2010 2447 2013 ς

1983 2041 2122 2096 XVI.
2171 2062 2189 2095 ‹
2237 2041 2377 2095 Puer
2400 2051 2580 2096 autem
2613 2041 2917 2105 crescebat,
2973 2048 3025 2093 et
3073 2039 3491 2096 confortabatur

1912 2135 2136 2200 spiritu,
2192 2135 2385 2203 plenus
2437 2132 2743 2202 sapientia;
2792 2141 2848 2185 et
2896 2132 3071 2200 gratia
3117 2129 3209 2184 Dei
3265 2139 3384 2185 erat
3436 2131 3488 2184 in

1917 2225 2078 2293 illo“;
2117 2244 2134 2276 ι
2172 2236 2228 2279 et
2266 2225 2405 2278 infra
2441 2243 2452 2277 :
2494 2242 2512 2274 ι
2549 2223 2707 2278 .Iesus
2759 2222 3075 2292 proficiebat
3117 2222 3384 2291 sapientia
3431 2232 3487 2274 et

1915 2329 2074 2373 aetate
2104 2316 2346 2387 etgratia
2381 2316 2522 2387 apud
2558 2317 2724 2370 Deum
2752 2325 2807 2370 et
2838 2315 3084 2370 homines
3100 2315 3176 2367 ⁷.»
3205 2315 3489 2369 Dominum

1913 2421 2157 2465 nostrum
2183 2409 2364 2465 Jesum
2397 2409 2676 2464 Christum
2721 2422 2890 2461 uumn
2943 2407 3167 2462 omnino
3198 2420 3318 2460 esse
3348 2403 3491 2459 alIir-

1915 2513 2146 2565 mantes,
2180 2503 2526 2570 humanaque
2550 2514 2615 2554 ac
2647 2499 2825 2553 divina
2858 2513 2925 2554 ex
2982 2513 3139 2566 aedito
3188 2498 3365 2551 eidem
3393 2496 3489 2551 tri-

1914 2591 2162 2659 buentes,
2194 2592 2553 2646 cxiuanitioni
2589 2590 2806 2662 quidem
2860 2603 2989 2644 vere
3017 2590 3310 2644 convenire
3341 2602 3492 2643 asse-

1916 2686 2085 2740 rinms
2108 2700 2231 2740 cum
2259 2685 2503 2754 corpOrei
2541 2682 2860 2739 incrementi
2913 2683 3338 2751 susceptionem,
3373 2692 3487 2751 tum

1915 2777 2358 2846 corpulentarum
2380 2791 2597 2848 quoque
2625 2774 2859 2844 partimu
2900 2772 3269 2830 suecessivam
3301 2787 3491 2828 conso-

1915 2871 2228 2925 lidationem
2254 2877 2310 2925 et
2343 2866 2847 2931 conﬁrmationem;
2891 2873 3002 2919 tum
3036 2865 3138 2920 hoc
3187 2863 3361 2933 ipsum
3400 2865 3491 2919 de-

1917 2960 2099 3031 nique,
2134 2959 2277 3030 quod
2312 2958 2578 3029 sapientia
2626 2955 2836 3025 impleri
2890 2955 3205 3010 videretur:
3245 2953 3491 3024 quamle-

1913 3054 2129 3123 quidem
2156 3068 2263 3107 una
2285 3067 2406 3107 cum
2432 3050 2768 3105 incremento
2794 3047 3041 3118 corporis
3064 3061 3160 3117 per
3184 3061 3491 3117 congruen-

1913 3153 1993 3201 tes
2017 3146 2181 3201 veluti
2224 3157 2566 3215 progressus,
2612 3141 2875 3211 sapientia
2926 3140 3069 3194 illius
3107 3139 3351 3209 quotidie
3379 3153 3490 3192 rua-

1910 3240 1994 3309 gis
2039 3240 2320 3309 magisque
2352 3236 2484 3291 foris
2521 3249 2639 3290 sese
2663 3233 2947 3303 prodebat.
2982 3232 3048 3286 Et
3079 3232 3194 3287 hrcc
3241 3231 3492 3301 quidem,

1910 3340 1971 3386 ut
2003 3330 2135 3396 dixi,
2163 3329 2344 3385 carnis
2374 3329 2789 3398 diSpensationi,
2834 3327 2994 3399 139
3053 3336 3107 3381 et
3164 3326 3494 3382 humiliatio-

1915 3424 2000 3477 nis
2051 3422 2351 3477 conditioni
2403 3408 2921 3492 competebant.‘At
2990 3434 3118 3474 vero
3173 3429 3488 3488 perpetuam

1911 3522 2367 3584 constantemque
2398 3513 2787 3581 perfectionem
2826 3512 3097 3579 obtinere,
3138 3529 3349 3569 necnon
3401 3528 3491 3567 sa-o

1911 3606 2170 3676 pientiam
2231 3618 2375 3671 esse,
2404 3606 2456 3661 id
2511 3608 2565 3659 in
2600 3606 2772 3674 ipsius
2822 3604 2988 3660 Verbi
3040 3616 3291 3661 naturam
3356 3622 3485 3677 qua-

1914 3699 2055 3754 drat.
2089 3696 2220 3751 Tam
2252 3712 2316 3753 ea
2353 3697 2519 3768 igitur
2549 3697 2694 3751 illius
2725 3705 2852 3752 sunt
2883 3712 3004 3767 qua:
3057 3700 3122 3753 ad
3156 3700 3488 3753 exinanitio-

1914 3803 2037 3844 nem
2070 3790 2361 3859 pertinent,
2387 3804 2550 3859 quam
2607 3803 2670 3842 ea
2738 3803 2982 3853 rursum,
3030 3804 3149 3858 qua:
3187 3789 3254 3844 ad
3292 3790 3492 3849 divina:

1913 3890 2119 3938 naturae
2145 3881 2521 3938 excellentiam
2548 3890 2818 3952 spectant.
2853 3882 3063 3936 Etenim
3096 3885 3231 3939 ratio
3262 3886 3487 3941 modus—

1912 3991 2018 4046 que
2081 3974 2499 4045 dispensationis
2555 3989 2677 4029 cum
2727 3990 2891 4030 carne
2926 3978 3174 4031 eumdem
3230 3987 3283 4033 et
3332 3979 3487 4033 uobis

1911 4072 2166 4136 similem,
2223 4081 2279 4127 et
2331 4072 2486 4127 nobis
2545 4087 2761 4127 rursum
2826 4071 3161 4140 superiorem
3217 4075 3484 4139 agnoscit.

1910 4162 2372 4233 Quemadmmlmu
2395 4164 2537 4218 enim
2573 4167 2748 4219 omuis
2788 4173 3052 4219 creaturae
3118 4166 3483 4229 conditionem

1913 4254 2096 4309 multis
2138 4255 2384 4321 partibus
2428 4253 2643 4308 excellit
2677 4264 2736 4308 ut
2773 4253 2945 4317 Deus;
2987 4255 3058 4307 ita
3089 4264 3146 4308 ut
3198 4256 3357 4309 homo
3393 4272 3484 4310 se-

231 4336 419 4402 φύςις,
463 4334 758 4386 οἰκειοῦται
797 4333 852 4386 δὲ
907 4332 1107 4402 μᾶλλον
1159 4333 1300 4386 αὐτὰ
1350 4332 1486 4402 μετὰ
1519 4332 1618 4402 τῆς
1670 4332 1805 4396 ἰδίας

1912 4347 2138 4415 metipso
2169 4346 2566 4415 quodammodo
2591 4345 2766 4399 minor
2781 4345 3021 4402 exsistit.
3041 4343 3310 4411 Quorsum
3337 4348 3481 4401 enim
3577 4330 3581 4333 ⁷

230 4424 460 4493 σαρκός·
491 4424 741 4493 καθάπερ
787 4424 978 4488 ἀμέλει
1012 4422 1106 4475 καὶ
1146 4425 1208 4476 τὸ
1251 4428 1443 4494 πεινῇν
1491 4426 1585 4478 καὶ
1619 4424 1799 4495 διψῇν,

231 4516 323 4567 καὶ
350 4514 408 4566 τὸ
438 4514 687 4581 λέγεσθαι
714 4516 910 4583 καμεῖν
942 4517 1006 4567 ἐκ
1034 4514 1133 4583 τῆς
1157 4514 1482 4586 ὁδοιπορίας.
1512 4516 1681 4568 Ὅταν
1711 4512 1805 4570 οὖν

233 4608 475 4677 ἀκούῃς·
515 4627 530 4656 ι
564 4608 636 4659 Τὸ
672 4607 729 4659 δὲ
779 4606 987 4659 παιδίον
1035 4605 1269 4675 ηῦξανε,
1314 4607 1406 4660 καὶ
1448 4608 1808 4678 ἐκραταιοῦτο

232 4698 520 4766 πνεύματι,
554 4697 924 4766 πληρούμενον
957 4696 1175 4764 σοφίας·
1212 4716 1228 4745 ι
1261 4696 1414 4766 δέχου
1444 4699 1577 4767 πρὸς
1610 4698 1803 4752 ἀπολο-

231 4790 354 4857 γίαν
384 4790 480 4859 τῆς
515 4790 651 4857 μετὰ
681 4787 878 4858 σαρκῆς
904 4788 1214 4856 οἰκονομίας
1242 4790 1304 4841 τὸ
1333 4790 1649 4859 μυστήριον.
1678 4790 1803 4842 ’Ὁτι

230 4883 339 4949 γὰρ
369 4876 435 4950 ἦν
478 4880 609 4943 Θεὸς
647 4881 702 4931 ὲν
739 4880 937 4950 σαρκὶ,
974 4878 1306 4934 πιστώσεται
1351 4882 1524 4950 λέγων
1580 4882 1741 4946 αὐτὸς
1780 4885 1807 4935 ὁ

235 4974 501 5043 μακάριος
543 4971 934 5042 εὐαγγελιστής
962 4990 974 5003 ·
1019 4993 1036 5023 ‹
1070 4973 1188 5026 Ὅτι
1239 4974 1395 5044 χάρις
1433 4974 1567 5029 Θεοῦ
1602 4972 1669 5048 ἦν
1714 4977 1806 5030 ἐπ’

232 5064 398 5133 αὐτῷ.
427 5084 443 5115 ι
473 5065 547 5117 Οὐ
577 5064 685 5136 γὰρ
712 5066 786 5128 ὡς
816 5067 975 5135 χάριν
1003 5065 1121 5135 ἕχον
1151 5068 1277 5138 παρ’
1301 5067 1488 5139 ἐτέρου
1517 5067 1672 5130 Θεοῦ»
1707 5069 1807 5138 ὶτάο

236 5176 317 5224 ριν
356 5158 498 5227 ἔχειν
526 5158 742 5225 λέγεται
777 5159 934 5222 Θεοῦ,
965 5158 1077 5211 ἀλλ’
1104 5160 1184 5212 ὅτι
1225 5161 1384 5229 χάριν
1429 5155 1541 5230 εἶχε
1581 5178 1637 5214 το
1672 5178 1805 5215 παι-

230 5247 362 5309 δίον,
392 5250 537 5316 ἥπερ
566 5246 630 5299 ἂν
663 5247 848 5318 πρέπῃ
886 5247 1025 5317 Θεῷ.
1061 5248 1170 5301 Καὶ
1200 5249 1309 5318 γὰρ
1350 5245 1419 5320 ἦν
1452 5266 1510 5302 τε
1544 5251 1638 5304 καὶ
1686 5251 1801 5304 ἔστι

230 5339 358 5399 Θεὸς
384 5340 412 5391 ὁ
441 5339 641 5409 Λόγος,
666 5338 761 5391 καὶ
789 5339 847 5391 ἐν
886 5339 1051 5410 σαρκὶ
1088 5339 1366 5410 πεφηνὼς,
1401 5342 1682 5396 τουτέστιν
1711 5342 1804 5397 ἄν·

232 5429 444 5502 ερωπος
479 5431 597 5483 καθ’
628 5432 794 5502 ἡμᾶς.
844 5432 905 5483 Εἰ
954 5431 1009 5483 δὲ
1057 5431 1120 5502 δὴ
1168 5431 1377 5500 λέγοιτο
1427 5433 1587 5505 χάριν
1631 5435 1798 5506 ἔχειν,

304 5606 323 5637 δ
359 5605 514 5661 Joan.
570 5621 619 5669 κ,
672 5604 762 5669 24,
809 5604 901 5659 25.
979 5606 998 5635 ⁸
1034 5606 1160 5662 Luc.
1192 5624 1252 5672 tt,
1293 5610 1382 5669 40.

543 5699 813 5764 ΡΛἹΒΟΙ..
862 5704 973 5763 Gn.
1022 5701 1273 5763 LXXVI.

1460 5612 1479 5645 "
1514 5610 1644 5668 ibid.
1701 5612 1790 5670 52.

1910 4438 2235 4502 humiliatio,
2268 4439 2319 4491 in
2357 4454 2517 4509 quam
2547 4440 2691 4501 ultro
2712 4455 2770 4494 se
2796 4439 3035 4505 demisit,
3069 4439 3113 4494 si
3138 4455 3266 4507 qua:
3295 4440 3487 4493 huma-

1911 4547 1990 4585 nae
2019 4542 2223 4585 naturae
2252 4541 2380 4586 sunt
2414 4531 2630 4601 propria
2658 4548 2762 4586 non
2806 4532 3088 4601 agnoscit?
3148 4531 3261 4587 Non
3305 4542 3483 4587 tamen

1910 4623 1963 4675 in
1995 4622 2454 4692 ipsisagnoseitur
2486 4620 2644 4677 Verbi
2697 4632 2928 4689 natura;
2994 4623 3088 4678 sed
3145 4624 3325 4692 potius
3377 4641 3481 4679 uua

1910 4727 2031 4767 cum
2060 4714 2274 4782 propria
2294 4728 2471 4783 carne
2491 4729 2553 4768 ea
2576 4715 2755 4769 omnia
2785 4716 2886 4769 sibi
2931 4716 3145 4779 ascivit,
3174 4716 3479 4785 cujusmodi

1914 4812 2062 4867 suttt',
2086 4805 2314 4869 esurire,
2349 4806 2522 4870 sitire,
2544 4815 2598 4860 et
2635 4807 2848 4860 itineris
2879 4808 3063 4860 labore
3097 4809 3298 4878 frangi.
3340 4809 3476 4864 Cum

1918 4898 2078 4966 igitur
2112 4898 2268 4951 audis
2301 4918 2312 4953 :
2353 4916 2369 4947 ‹
2404 4897 2544 4953 Puer
2576 4909 2753 4953 autem
2784 4905 3088 4967 crescebat,
3117 4913 3164 4956 et
3198 4901 3480 4956 conforta-

1913 4987 2070 5041 batur
2125 4987 2336 5054 spiritu,
2404 4988 2592 5055 plenus
2637 4992 2937 5059 sapientia;
2992 5012 3009 5043 ι
3067 4993 3486 5062 dispensationis

1915 5091 2036 5131 cmn
2086 5090 2249 5128 carne
2275 5079 2590 5146 mysterium
2619 5080 2669 5132 iu
2702 5096 2876 5145 causae
2925 5082 3289 5148 patrimiuium
3324 5098 3484 5135 οεδιπ-

1915 5182 2019 5220 me.
2045 5165 2195 5232 Quod
2224 5177 2401 5220 autent
2434 5168 2571 5222 Deus
2601 5181 2713 5223 erat
2742 5170 2793 5224 iu
2821 5187 3006 5235 carne,
3067 5172 3116 5223 id
3146 5172 3481 5240 cvangelista

1913 5257 2012 5311 hac
2044 5256 2252 5311 ratione
2286 5257 2571 5311 confirmat
2601 5276 2614 5312 :
2663 5277 2680 5310 ι
2716 5258 3003 5326 ριιοιιὶειιι,
3065 5261 3266 5327 inquit,
3298 5265 3471 5329 gratia

1914 5346 2006 5401 Dei
2040 5357 2154 5402 erat
2185 5348 2237 5401 in
2264 5348 2373 5404 illo.
2404 5367 2421 5399 ι
2462 5348 2571 5402 Nec
2597 5352 2739 5405 enim
2764 5352 2851 5405 Dei
2888 5351 3116 5417 gratim"
3174 5352 3375 5407 habere
3398 5354 3482 5407 di-

1912 5433 2055 5495 citur
2081 5479 2097 5507 ,
2125 5442 2276 5511 quasi
2307 5441 2373 5496 ab
2393 5442 2498 5499 alio
2531 5443 2636 5499 Deo
2670 5443 2813 5498 illaut
2849 5453 3124 5499 mutuatus
3178 5443 3360 5512 fuerit,
3388 5445 3482 5501 sed

3014 5710 3088 5774 43
