3942 6128
503 215 641 271 1555

1489 213 1547 267 S.
1594 209 1867 266 CYRILLI
1906 205 2373 263 ALEXANDRINI
2414 205 2730 261 ABCHIEP.

499 336 663 403 quod,
701 348 820 386 cum
854 345 984 403 puer
1008 341 1168 398 esset,
1194 330 1458 401 ejusmodi
1480 331 1652 400 gratia
1675 338 1900 382 ornatus
1930 337 2066 390 erat,

2180 328 2339 398 ήγουν
2385 325 2716 395 προκόπτειν
2762 326 2819 379 ὲν
2853 327 3032 396 χάριτι
3070 328 3222 396 παρά
3267 345 3328 379 τε
3363 326 3493 394 Θεῷ
3549 326 3648 377 καὶ
3682 326 3787 377 ἀν-

497 442 601 494 qua
656 424 817 478 Deum
874 425 1139 478 decebat:
1181 421 1614 490 quandoquidem
1659 421 1798 474 Deus
1840 418 2071 474 Verbum

497 528 635 577 erat,
664 526 718 569 et
751 525 856 578 est,
896 515 1107 569 etiamsi
1144 514 1196 567 in
1225 527 1390 567 carne
1420 513 1752 579 apparuerit,
1806 510 2075 578 nobisque

496 606 693 658 similis
719 604 942 658 el'l‘ectus
999 605 1088 658 sit.
1118 602 1260 656 Nihil
1295 601 1518 670 proimle
1543 602 1781 666 absurdi,
1815 608 2078 679 auta‘ra-

496 698 639 751 tione
670 696 903 750 alienum
930 694 1217 757 asseritur,
1266 693 1312 747 si
1356 692 1522 746 etiam
1574 692 1808 762 gratiam
1854 689 2078 765 habere,

2182 415 2450 488 θρώποις,
2500 416 2560 468 τὸ
2605 416 2831 479 ἀπεικὸς
2860 416 3010 470 οὐδέν
3036 433 3050 449 ⁸
3084 418 3132 469 εί
3183 417 3280 471 καί¹
3324 417 3499 478 αὐτὸς
3530 416 3563 467 ό
3600 416 3787 485 Πατὴρ

2176 506 2471 576 ἀπεδέχετο
2498 504 2598 577 τὴν
2631 506 2965 575 οἰκονομίαν,
3000 507 3096 560 καὶ
3124 507 3294 562 αὑτὸν
3318 507 3379 558 δὲ
3416 506 3516 558 τὸν
3550 506 3683 557 Υίὶιν
3710 511 3784 557 οὶ-

2177 596 2493 665 κειούμενον
2521 594 2590 648 τὰ
2621 595 2882 665 σαρκικὰ,
2908 596 2999 649 διὰ
3028 598 3089 650 τὸ
3115 595 3196 668 τῷ
3227 596 3534 667 μυστηρίῳ
3574 596 3781 666 πρέπῃ

2177 704 2235 739 τε
2263 687 2402 757 όμοῦ
2435 687 2529 740 καὶ
2558 687 2620 738 τὸ
2652 689 2941 759 χρήσιμον.

495 790 592 843 Ιιοε
625 800 707 843 est
741 788 913 859 gratia
943 790 1080 858 apud
1105 788 1269 842 Deum
1304 797 1358 842 et
1386 788 1630 842 homines
1690 786 1952 855 prolicere
1999 782 2245 837 dicatur:
2297 796 2420 837 nam
2463 784 2577 852 ipse
2613 783 2774 837 Pater
2842 791 2950 838 tam
3001 782 3175 852 ipsam
3231 784 3429 838 carnis
3490 784 3778 853 dispensa-

495 884 715 947 tionem,
738 896 899 950 quam
932 879 1108 949 ipsum
1135 879 1298 934 etiam
1328 878 1525 933 Filium
1565 895 1687 948 qua:
1738 878 1920 934 carnis
1987 886 2112 931 sunt
2149 877 2390 944 propria,
2422 882 2642 946 propter
2706 875 2993 930 utilitatem
3035 876 3401 945 mysteriique
3457 880 3777 931 convenien-

493 976 621 1027 tiam
655 976 755 1028 sibi
790 973 1166 1040 aseiscentem,
1193 983 1412 1042 accepta
1437 973 1685 1028 habebat.

564 1064 722 1119 XVII.
753 1085 769 1117 ι
799 1066 871 1120 De
890 1067 976 1120 die
996 1077 1174 1120 autem
1196 1067 1287 1120 illa
1309 1076 1364 1120 et
1397 1067 1527 1121 bora
1561 1081 1719 1120 nemo
1744 1067 1868 1132 scit,
1888 1078 2063 1134 neque

492 1158 668 1225 angeli
704 1157 990 1222 caelorum,
1019 1172 1193 1226 neque
1219 1156 1408 1224 Filius,
1439 1157 1541 1212 nisi
1579 1158 1729 1212 solus
1756 1156 1918 1211 Pater
1957 1157 1999 1210 ⁸.
2040 1176 2058 1208 ι

493 1250 551 1303 Si
583 1249 863 1305 Christum
895 1266 1061 1303 unum
1097 1250 1390 1320 (objiciunt
1421 1250 1540 1320 illi),
1565 1252 1667 1305 hoc
1700 1261 1783 1305 est
1813 1250 1907 1305 Dei
1934 1248 2068 1305 Ver-

493 1343 619 1396 bum
681 1341 1049 1403 incarnatum.
1103 1344 1156 1395 id
1214 1353 1299 1397 est
1364 1343 1639 1396 hominem
1689 1340 1896 1396 factum
1946 1356 2068 1396 esse

494 1442 650 1486 certo
689 1433 954 1500 statuitis,
1005 1432 1283 1502 quomodo
1319 1433 1364 1487 is
1395 1432 1893 1488 consummationis
1921 1433 2064 1487 diem

494 1522 815 1593 ignoravit?
872 1523 1286 1594 Respondemus
1353 1525 1662 1580 divinorum
1728 1537 2065 1580 secretorum

2248 1066 2342 1119 IZ'.
2366 1082 2405 1127 ,ι
2437 1063 2573 1133 Περὶ
2600 1062 2659 1115 δὲ
2685 1062 2784 1132 τῆς
2814 1060 3032 1131 ἡμέρας
3074 1060 3292 1130 ἐκείνης
3343 1060 3452 1112 καὶ
3498 1061 3602 1129 τῆς
3636 1060 3773 1130 ὧρας

2174 1155 2348 1219 οὐδεὶς
2393 1149 2554 1219 οἶδεν,
2596 1152 2721 1206 οὔτε
2766 1156 2815 1206 οἱ
2854 1153 3078 1227 ἄγγελοι
3118 1152 3229 1205 τῶν
3254 1152 3550 1225 οὐρανῶν,
3586 1153 3703 1205 οὔτε
3745 1156 3769 1204 ὁ

2176 1247 2325 1311 Υἱὸς,
2359 1247 2408 1298 εί
2439 1245 2513 1316 μὴ
2544 1248 2572 1299 ὁ
2607 1246 2815 1316 Πατήρ.
2843 1263 2862 1296 ι
2896 1246 2957 1297 Εί
2997 1244 3234 1314 Χριστὸν
3260 1244 3389 1307 ἕνα,
3429 1245 3763 1313 φασὶν,ὀμε-

2174 1339 2355 1406 λογείν
2412 1336 2692 1406 ἐγνώκατε
2745 1336 2837 1390 τὸν
2887 1336 3023 1390 Θεοῦ
3078 1336 3249 1404 Λόγον
3317 1339 3762 1407 σεσαρωμένον,

2172 1432 2340 1501 ἤγουν
2388 1427 2872 1500 ἐνηνορωπηκότα,
2910 1428 3028 1490 πῶς
3078 1427 3320 1496 ἠγνόησε
3353 1426 3467 1498 τὴν
3518 1431 3623 1497 τῆς
3657 1444 3763 1479 επεν-

2172 1520 2385 1582 τελείας
2413 1517 2662 1589 ἡμέρως
2695 1516 2878 1588 Φαμὲν
2906 1512 3020 1584 οὖν,
3066 1519 3148 1571 ὅτι
3178 1519 3239 1571 τὸ
3285 1519 3584 1588 ἀγνοῆσαι
3624 1520 3759 1587 τοῖσι

496 1616 889 1683 ignorationem
959 1631 1133 1686 neque
1192 1618 1511 1686 probrosam
1576 1630 1698 1672 esse
1759 1625 2064 1678 creatum,

2180 1611 2236 1663 τὰ
2264 1613 2323 1663 ὲν
2349 1609 2467 1680 Θεῷ
2512 1610 2808 1681 μυστήρια,
2843 1607 2969 1662 οὔτε
3002 1608 3275 1681 ἀσύνηθες
3300 1649 3318 1671 ,
3347 1607 3491 1662 οὔτε
3525 1611 3635 1681 μὴν
3661 1612 3751 1663 {:5-

495 1721 669 1775 nequo
722 1707 898 1760 eidem
948 1720 1167 1775 quoque
1224 1706 1562 1760 inusitatam.
1637 1706 1912 1775 Scriptum
1982 1717 2068 1759 est

504 1796 685 1847 enim:
729 1813 747 1846 ι
784 1793 917 1860 Quis
958 1795 1107 1849 novit
1150 1804 1385 1849 mentem
1429 1794 1731 1851 Domini”?
1766 1814 1785 1847 ι
1826 1794 1881 1848 Si
1938 1809 2068 1863 ergo

495 1884 687 1946 Filius,
724 1892 996 1954 quatenus
1042 1884 1205 1939 homo
1235 1883 1412 1939 factus
1464 1895 1570 1954 est,
1620 1904 1638 1937 ι
1696 1885 1969 1955 paululum
1999 1885 2068 1937 ab

496 1976 700 2046 angelis
733 1975 1035 2029 minoratus
1079 1993 1098 2027 ι
1136 1974 1338 2030 dicitur
1364 1976 1406 2007 ¹⁰
1446 1976 1593 2048 (nam
1622 1989 1686 2032 ‘ut
1722 1978 1902 2043 Deus,
1947 1978 2069 2031 uni-

497 2083 667 2122 versae
695 2078 958 2122 creaturm
998 2067 1267 2135 prsestat),
1310 2069 1438 2137 quid
1477 2069 1670 2123 mirum
1694 2081 1808 2131 est.
1839 2071 1881 2125 si
1917 2085 2070 2137 retine

496 2171 663 2227 atque
714 2160 913 2229 angeli,
969 2159 1060 2214 Dei
1137 2170 1348 2215 secreta
1406 2161 1659 2231 ignorare
1709 2161 2065 2230 perhibetur;

496 2253 623 2306 licet
671 2252 716 2307 is
766 2253 857 2306 Dei
914 2252 1089 2306 l’atris
1137 2252 1402 2322 sapientia
1440 2263 1494 2307 et
1514 2255 1686 2308 virtus
1731 2254 1804 2309 sit
1842 2255 1883 2285 “
1916 2254 1938 2307 ?
1974 2253 2068 2307 Dei

494 2355 621 2393 vero
649 2338 826 2394 Patris
850 2341 1114 2408 sapientia
1151 2357 1254 2396 non
1294 2350 1473 2412 potest
1505 2356 1569 2403 ea
1605 2344 1841 2407 nescire,
1868 2360 1988 2414 qua:
2011 2346 2064 2398 ia

496 2436 611 2499 ipso
658 2432 840 2485 abdita
887 2433 1070 2488 latent.
1114 2432 1275 2504 140
1299 2432 1354 2486 Si
1391 2433 1534 2487 enim
1578 2432 1815 2503 Spiritus
1856 2436 2065 2498 omnia,

496 2525 661 2577 etiam
716 2522 978 2593 profunda
1031 2523 1125 2577 Dei
1180 2534 1456 2578 scrutatur
1499 2523 1577 2587 ",
1624 2534 1679 2578 et
1723 2525 1811 2578 ille
1863 2524 2066 2579 Christi

498 2615 733 2681 Spiritus
784 2624 892 2677 est,
939 2616 1213 2686 quomodo
1271 2616 1322 2669 id
1391 2614 1665 2682 nesciret,
1728 2618 1870 2685 quod
1925 2617 2069 2672 illius

498 2706 735 2776 Spiritus
793 2716 985 2761 exacte
1032 2707 1233 2762 callet?
1267 2707 1447 2773 Quare
1505 2707 1633 2762 licet
1687 2718 1746 2762 ut
1779 2710 1940 2764 homo
1968 2710 2069 2775 ali-

496 2798 624 2868 quid
659 2796 955 2855 inest-ivisse
979 2799 1213 2864 dicatur,
1255 2810 1314 2852 ut
1350 2798 1491 2855 Deus
1525 2809 1703 2854 tamen
1743 2799 1928 2854 omnia
1969 2814 2068 2854 no-

508 2900 610 2944 rat.
645 2890 756 2945 Etsi
788 2905 917 2960 ergo
946 2900 1003 2944 ut
1032 2890 1194 2945 homo
1218 2892 1610 2961 ignorationem
1643 2906 1752 2961 prae
1779 2905 1838 2946 se
1881 2890 2067 2955 ferret,

494 2983 622 3037 dum
665 2982 733 3037 de
774 2980 1008 3046 Lazaro,
1058 2999 1076 3033 ι
1104 2981 1206 3038 Ubi
1248 2983 1502 3050 posuistis
1526 2998 1646 3038 eum
1678 2983 1760 3037 ‘3?
1788 3001 1805 3034 ι
1845 2997 2072 3053 ρειεοιι-

498 3084 727 3139 teretur,
777 3091 900 3128 mox
935 3058 1137 3141 tamen,
1170 3075 1295 3130 dum
1330 3075 1538 3144 potenti
1587 3076 1786 3128 virtute
1815 3089 1883 3128 ex
1921 3091 2069 3130 mor-

501 3166 607 3220 tuis
661 3166 810 3218 illum
853 3165 1185 3229 exsuscitat,
1228 3165 1396 3219 Deum
1424 3179 1482 3218 se
1513 3178 1634 3219 esse
1671 3175 1857 3233 aperte
1887 3165 2067 3219 decla-

500 3264 605 3307 rat.
657 3252 978 3307 Tribueltles
1020 3240 1183 3321 igitur
1229 3251 1624 3306 incarnationis
1671 3252 2065 3322 dispensationi

2173 1719 2280 1770 ρως
2307 1699 2558 1773 ἀπρεπὲς
2585 1700 2653 1753 ἂν
2686 1699 2772 1770 εἴη
2803 1702 2870 1770 τῇ
2898 1699 3094 1753 κτίσει.
3127 1719 3145 1751 ι
3183 1700 3281 1763 Τίς
3309 1701 3430 1772 γὰρ
3468 1700 3621 1768 ἔγνω
3652 1700 3755 1751 vei:

2170 1796 2411 1868 κυρίους
2458 1814 2476 1848 ι
2529 1779 2673 1848 κατὰ
2710 1792 2770 1846 τὸ
2819 1793 3227 1865 γεγραμμένον.
3284 1794 3400 1847 Καὶ
3452 1797 3511 1847 εἰ
3567 1794 3763 1862 λέγεται

2172 1887 2346 1958 βραχὺ
2376 1887 2506 1958 παρ’
2536 1885 2804 1954 ἀγγέλους
2833 1885 3186 1955 ἠλαττῶσθαι
3220 1888 3250 1939 ὁ
3287 1885 3465 1950 Υἱὸς,
3513 1886 3658 1940 καθὸ
3690 1886 3766 1953 τέ-

2169 1996 2326 2047 γονεν
2373 1978 2662 2049 ἄνθρωπος
2709 1976 2977 2047 δηλονότι,
3026 1978 3207 2030 καίτοι
3252 1977 3501 2041 κτίσεως
3552 1978 3763 2046 ἁπάσης

2169 2068 2246 2121 ὢν
2276 2069 2537 2121 ἐπέκεινα
2573 2066 2798 2130 θεῖκῶς·
2853 2066 2906 2118 τί
2955 2066 3016 2119 τὸ
3062 2065 3276 2135 θαῦμα,
3326 2067 3434 2120 κᾶν
3484 2068 3631 2136 ὁμοῦ
3664 2071 3766 2128 ταῖς

2172 2163 2427 2231 ἀγγέλοις
2448 2163 2662 2230 ἀγνοεῖν
2692 2160 2919 2231 λέγηται
2944 2158 3006 2211 τὸ
3034 2160 3092 2211 έν
3124 2157 3245 2228 Θεῷ
3277 2159 3629 2228 μυστήριον.
3647 2160 3768 2211 καί-

2174 2271 2258 2307 τοι
2292 2254 2455 2322 σοφία
2485 2252 2580 2306 καὶ
2599 2251 2829 2322 δύναμις
2857 2249 3116 2319 ὑπάρχων
3148 2250 3320 2303 αὐτοῦ
3347 2268 3364 2313 ς
3395 2246 3550 2305 Εἶτα
3577 2250 3693 2313 πῶς
3712 2249 3765 2303 ἓν

2173 2346 2446 2415 ἠγνόησεν
2486 2346 2520 2415 ἠ
2572 2343 2730 2412 σοφία
2757 2341 2854 2396 τοῦ
2902 2341 3112 2412 Πατρὸς
3139 2342 3211 2394 τὰ
3243 2343 3303 2394 ὲν
3336 2342 3506 2411 αὐτῷ
3542 2360 3766 2413 κεκρυμα

2179 2439 2351 2508 μένας
2389 2438 2499 2491 Καὶ
2530 2438 2579 2489 εί
2617 2436 2679 2488 τὸ
2734 2434 2959 2505 Πνεῦμα
3006 2434 3229 2500 λέγεται
3282 2435 3481 2488 πάντα
3528 2437 3761 2506 ἐρευνᾷ-ο,

2173 2529 2267 2583 καὶ
2290 2531 2357 2583 τὰ
2381 2528 2521 2597 βάθη
2542 2527 2637 2580 τοῦ
2667 2527 2826 2593 Θεοῦ,
2847 2524 3071 2596 Πνεῦμα
3094 2525 3152 2577 δέ
3178 2525 3298 2577 ἐστι
3332 2525 3435 2579 τοῦ
3470 2527 3711 2597 Χριστοῦ
3723 2540 3761 2586 ιι,

2174 2619 2291 2684 πῶς
2338 2619 2404 2673 ἂν
2451 2619 2613 2682 αὐτὸς
2666 2618 2958 2687 ἠγνόησεν,
3004 2616 3147 2687 ἅπερ
3201 2613 3352 2669 οἶδεν
3414 2617 3678 2688 ἀκριϐῶς
3715 2619 3762 2666 τὲ

2174 2710 2400 2779 Πνεῦμα
2429 2708 2628 2774 αὑτοῦ;
2657 2706 2866 2762 Οὐκοῦν
2898 2706 2998 2762 κᾶν
3026 2708 3244 2775 ἀγνοεῖν
3279 2707 3663 2777 ἀνθρωπίναις
3688 2709 3762 2760 2i-

2174 2817 2358 2871 γηται,
2404 2799 2518 2869 ἀλλ’
2551 2794 2662 2851 οἶδε
2699 2797 2914 2860 θεῖκῶς.
2947 2797 3060 2850 Καὶ
3100 2795 3254 2864 γοῦν,
3317 2816 3339 2848 ι
3386 2799 3508 2852 Ποῦ
3544 2799 3763 2853 τέθειται

2177 2890 2458 2958 Λάζαρος;
2489 2909 2506 2940 ι
2530 2888 2768 2961 ἐρωτῶν,
2790 2888 2864 2952 ὡς
2891 2887 3009 2952 ἐξὸν
3038 2886 3188 2957 αὐτῷ
3209 2888 3285 2959 μὴ
3312 2889 3525 2944 εἰδέναι
3552 2892 3693 2945 κατὰ
3712 2892 3761 2942 τῆ

2177 2981 2538 3054 ἀνθρώπινον,
2586 2983 2860 3052 ἐνήργηκε
2907 2980 3124 3045 θεῖκῶς,
3153 2979 3481 3051 ἀναστήσας
3514 2982 3682 3035 αὐτὸν
3708 2986 3762 3035 ἐι

2180 3072 2412 3143 νεκρῶν.
2453 3072 2845 3135 Ἀπονέμοντες
2872 3070 3049 3124 τοίνυν
3081 3073 3148 3141 τῇ
3196 3071 3339 3141 μετὰ
3378 3075 3596 3143 σαρκὸς
3634 3076 3759 3126 οἰκο-

2177 3164 2341 3234 νομίᾳ
2371 3163 2441 3217 τὰ
2469 3162 2823 3235 ἀνθρώπινα,
2851 3164 3184 3234 τηρήσωμεν
3211 3163 3464 3228 εὐσεϐῶς
3499 3168 3603 3219 καὶ
3652 3166 3759 3218 καθ’

2176 3255 2322 3323 ἡμᾶς
2352 3252 2596 3323 γεγονότι
2625 3251 2703 3323 τῷ
2732 3254 2797 3306 ὲκ
2822 3253 2959 3306 Θεοῦ
2997 3252 3159 3321 φύντι
3180 3254 3343 3326 Λόγῳ
3368 3256 3440 3309 τὰ
3463 3255 3756 3327 Occupet-5,.

498 3363 560 3400 ea
592 3360 710 3414 quae
743 3344 977 3397 hominis
1027 3352 1183 3408 sunt,
1233 3356 1513 3397 servemus
1576 3345 1764 3411 etiam,
1813 3359 1920 3413 qua
1958 3348 2112 3401 decet
2150 3347 2375 3417 pietate,
2426 3346 2502 3401 illi
2544 3346 2637 3417 qui
2695 3346 2871 3402 instar
2918 3347 3090 3402 nostri
3155 3344 3338 3403 factus
3367 3358 3456 3404 est
3488 3349 3758 3413 homo,ex

501 3435 611 3490 Deo
633 3434 814 3504 genito
844 3431 1045 3498 Verbo,
1078 3448 1198 3503 qua:
1224 3433 1323 3501 ipsi
1360 3443 1415 3487 ut
1444 3432 1554 3489 Deo
1584 3436 1932 3490 conveniunt.

572 3525 759 3580 XVIII.
803 3544 821 3576 ι
872 3525 1137 3580 Clamavit
1186 3524 1346 3580 Jesus
1392 3542 1524 3581 voce
1568 3543 1791 3598 magna,
1824 3529 2015 3583 dicens
2055 3546 2069 3583 :

506 3616 648 3672 Deus
698 3632 889 3681 meus,
940 3615 1081 3671 Deus
1140 3632 1327 3680 meus,
1398 3618 1587 3688 utquid
1632 3635 1717 3673 me
1770 3620 2065 3691 dereliqui-

501 3712 568 3765 sti
603 3708 686 3764 “?
718 3727 735 3760 ι
765 3708 1014 3777 Nunquid
1057 3709 1231 3776 ipsum
1268 3723 1483 3778 quoque
1523 3708 1779 3775 Verbum,
1825 3713 1969 3780 quod
2005 3727 2071 3766 ex

503 3804 612 3857 Deo
640 3801 798 3855 Patre
824 3809 1006 3853 natum
1046 3809 1148 3861 est,
1199 3799 1385 3853 divino
1418 3800 1620 3854 auxilio
1659 3801 1961 3871 indiguisse
1994 3804 2076 3857 di-

500 3894 729 3951 cemus?
762 3892 831 3946 At
860 3891 987 3960 quid
1009 3907 1073 3945 eo
1099 3891 1202 3946 dici
1234 3900 1411 3961 potest
1441 3892 1694 3947 stultius?
1733 3894 1930 3961 Annon
1965 3910 2070 3948 una

502 4005 621 4042 cum
661 3986 767 4040 Deo
813 3985 971 4039 Patre
1007 3984 1383 4039 universorum
1423 3984 1682 4039 Dominus
1714 3997 1828 4050 est,
1863 4001 2074 4055 suoque

504 4079 706 4148 Spiritu
738 4081 933 4133 caelum
970 4077 1172 4141 lirmat,
1197 4092 1269 4132 ac
1298 4078 1564 4131 virtutum
1599 4078 1857 4132 Dominus
1889 4079 2073 4148 appel-

2250 3531 2357 3584 IH'.
2400 3549 2419 3581 ι
2466 3529 2691 3600 Ἐὁόησε
2724 3529 2783 3584 δὲ
2826 3532 2977 3602 φωνῇ
3026 3530 3241 3601 μεγάλῃ
3287 3531 3317 3583 ό
3380 3531 3633 3601 Ἰησοῦςε
3669 3530 3756 3583 Θεέ

2182 3640 2307 3694 μου,
2339 3622 2440 3675 Θεέ
2474 3639 2599 3693 μου,
2634 3623 2725 3675 ἴνα
2771 3621 2825 3676 τί
2871 3638 2940 3694 με
2992 3623 3388 3692 ὲγκατέλιπες;
3427 3642 3447 3675 ι
3481 3620 3638 3695 *Δρα
3678 3619 3755 3675 οὖν

2178 3716 2273 3768 καὶ
2316 3714 2476 3766 αὑτὸν
2517 3714 2839 3786 ἐπικουρίας
2864 3714 2964 3783 τῆς
2993 3714 3202 3769 ἄνωθέν
3246 3732 3438 3784 φαμεν
3488 3715 3753 3786 δεδεῆςίιει

2177 3805 2269 3858 τὸν
2301 3807 2364 3858 ὲκ
2398 3803 2534 3858 Θεοῦ
2580 3806 2793 3876 Πατρὸς
2822 3805 3030 3873 Λόγον;
3059 3804 3253 3860 Καίτοι
3288 3806 3408 3870 πῶς
3433 3805 3604 3860 τοῦτό
3628 3810 3754 3859 ἐστιν

2178 3897 2280 3950 οὐκ
2325 3895 2521 3967 εὔηθες
2566 3896 2793 3968 xoptem
2825 3896 3207 3967 Συγκατάρχει
3237 3897 3346 3969 γὰρ
3376 3898 3495 3951 τῶν
3524 3898 3665 3951 ὅλων
3695 3896 3755 3963 τῷ

2180 3987 2299 4058 Θεῷ
2334 3988 2426 4041 καὶ
2456 3989 2634 4058 Πατρὶ
2658 4028 2672 4053 ,
2708 3988 2804 4042 καὶ
2850 3992 3062 4059 στερεοί
3095 3990 3195 4061 μὲν
3221 3989 3497 4060 οὐρανοὺς
3531 3990 3613 4059 τῷ
3660 3990 3756 4055 iiiis?

2181 4077 2486 4147 Πνεῦματι,
2514 4078 2718 4150 Κύριος
2748 4078 2806 4132 δὲ
2833 4079 2942 4132 τῶν
2967 4080 3251 4151 δυνάμεων
3302 4081 3646 4151 ὀνομάζεται
3680 4081 3757 4132 iul

503 4171 666 4237 Iatur,
698 4179 752 4224 et
779 4178 862 4223 est
891 4169 993 4223 hoc
1026 4168 1206 4238 ipsum
1244 4180 1366 4222 rere
1396 4167 1482 4220 “’i
1516 4167 1770 4238 Nunquid
1805 4184 1934 4239 ergo
1979 4173 2069 4224 ad-

2183 4168 2296 4222 ἐστι
2337 4169 2480 4222 κατὰ
2524 4169 2804 4241 ἀλήθειαν.
2849 4172 2992 4225 Ἀλλ’
3034 4173 3296 4244 ἠτόνησεν
3342 4174 3457 4245 ἄρα
3504 4176 3648 4246 πρὸς
3675 4176 3755 4235 τὰς

504 4277 695 4316 versus
726 4259 1040 4315 Judaaorum
1067 4260 1291 4315 insidias
1312 4259 1584 4330 elanguit?
1610 4258 1868 4331 Nunquid
1895 4262 2073 4317 cruci-

506 4352 783 4421 ligentium
817 4364 1009 4405 manus
1031 4350 1303 4406 debellare
1331 4365 1437 4405 non
1470 4352 1642 4418 potuit
1664 4351 1687 4404 ?
1707 4354 1869 4421 Atqui
1897 4351 2064 4407 Isaias

505 4442 766 4511 propheta
797 4440 875 4495 sic
909 4441 1016 4494 ait:
1061 4458 1080 4491 ι
1119 4440 1174 4495 Si
1198 4454 1388 4515 otnnes
1416 4451 1604 4510 gentes
1643 4443 1796 4511 quasi
1821 4442 1962 4497 stilla
2004 4443 2072 4498 de

505 4532 686 4595 situla,
730 4539 785 4585 et
824 4530 976 4599 quasi
1011 4539 1341 4584 momentum
1374 4539 1592 4585 stateraa
1619 4543 1883 4600 reputatae
1921 4545 2070 4600 sunt,

503 4634 557 4675 ut
578 4622 731 4691 quasi
782 4622 946 4677 saliva
1005 4620 1455 4691 reputabuntur:
1515 4622 1602 4677 cui
1652 4638 1783 4694 ergo
1837 4624 2071 4679 similem

507 4708 711 4760 :eeisds
739 4706 946 4761 Deum?
973 4717 1064 4760 aut
1093 4707 1180 4761 cui
1206 4706 1428 4777 imagini
1448 4707 1803 4775 comparastis
1823 4723 1945 4762 eum
1964 4709 2072 4763 ⁸⁸2»

2179 4256 2289 4310 τῶν
2327 4257 2599 4312 Ἰουδαίων
2648 4260 2962 4328 ἐπιϐουλὰς,
2996 4261 3091 4314 καὶ
3121 4263 3334 4332 ἄμαχος
3360 4258 3439 4334 ἦν
3468 4265 3631 4335 αὖτῷ
3664 4264 3755 4316 τῶν

2182 4346 2561 4417 σταυροῦντων
2613 4351 2647 4420 ἡ
2698 4350 2843 4422 χείρ.
2913 4351 3108 4405 Καίτοι
3166 4353 3335 4423 φησὶν
3394 4355 3427 4405 ό
3484 4358 3754 4425 προφήτης

2190 4437 2420 4502 Ἡσαΐας
2441 4455 2455 4469 ο
2493 4459 2511 4492 ι
2548 4441 2610 4494 Ei
2656 4443 2832 4497 πάντα
2869 4442 2938 4497 τὰ
2965 4442 3092 4516 ἔθνη
3123 4444 3200 4507 ὡς
3233 4442 3457 4512 σταγὼν
3500 4446 3622 4499 ἀπὸ
3645 4446 3752 4498 x55-

2178 4529 2270 4582 δου
2290 4572 2305 4597 ,
2334 4533 2428 4585 καὶ
2452 4533 2527 4597 ὡς
2556 4533 2698 4603 ῥοπὴ
2732 4533 2899 4602 ζυγοῦ
2933 4534 3314 4605 ἐλογίσθησαν,
3357 4537 3456 4589 καὶ
3486 4537 3571 4601 ὡς
3600 4537 3752 4595 cisia;

2187 4620 2630 4693 λογισθήσονται·
2664 4624 3112 4697 τίνιὼμοιώσατε
3135 4627 3227 4681 τὸν
3258 4627 3510 4698 Κύριον;
3552 4631 3651 4683 καὶ
3667 4629 3748 4680 τίει

2190 4709 2499 4782 ὁμοιώματι
2510 4711 2830 4783 ὼμοιὼσατε
2847 4716 3010 4769 αὐτόν
3025 4733 3041 4781 ;
3056 4736 3074 4767 ι
3094 4717 3295 4771 ’ἰστέον
3313 4716 3393 4781 δὲ,
3408 4719 3494 4771 ὃτι
3512 4719 3750 4790 παρῆσαν

507 4797 819 4852 Meminisse
877 4799 979 4851 hoc
1029 4798 1151 4852 Ioco
1213 4806 1430 4867 oportet
1486 4795 1723 4851 Judaicae
1785 4797 2069 4870 Synagoga

2182 4800 2280 4870 μὲν
2311 4799 2361 4852 οί
2388 4799 2488 4871 τῆς
2529 4801 2802 4855 Ἰουδαίων
2833 4805 3158 4874 συναγωγῆς
3186 4806 3488 4877 ὑπηρέται,
3524 4810 3632 4879 τὴν
3662 4807 3749 4860 sive

506 4885 855 4940 administros
896 4901 1017 4940 cum
1065 4886 1298 4941 militum
1329 4887 1586 4951 cohorte,
1621 4886 1757 4940 duce
1782 4888 2076 4956 proditore,

506 4980 734 5034 irruisse
759 4977 1016 5033 inlesum
1050 4996 1063 5032 :
1101 4979 1299 5047 quibus
1317 4986 1512 5032 uteum
1553 4978 2085 5046 comprehenderent

505 5071 896 5139 quaerentibus,
941 5068 1182 5123 occurrit
1219 5067 1333 5133 ille,
1389 5067 1615 5123 dicens:
1655 5085 1674 5121 ι
1713 5067 1883 5134 Quem
1935 5084 2082 5138 quas-

2182 4891 2535 4961 στρατιωτῶν
2559 4892 2776 4965 ἔχοντες
2810 4897 3061 4967 σπεῖραν,
3096 4896 3402 4968 ἡγούμενον
3429 4898 3488 4951 δὲ
3513 4899 3617 4954 τὸν
3641 4916 3752 4969 προ-

2180 4980 2359 5052 δότην.
2402 4983 2620 5054 Ἐπειδὴ
2654 4984 2712 5037 δὲ
2742 4984 2969 5055 ἐζήτουν
3012 4987 3177 5041 αὐτὸν
3222 4989 3627 5055 συλλαϐέσθαι,
3660 4994 3750 5043 ἀπ·

2184 5074 2321 5143 ήντα
2352 5073 2556 5141 λέγων’
2591 5094 2610 5128 ι
2640 5075 2775 5130 Τίνα
2809 5076 3057 5148 (meite;
3087 5080 3152 5133 Οἱ
3177 5079 3237 5134 δὲ
3273 5081 3410 5153 πρὸς
3438 5081 3604 5135 τοῦτο
3633 5082 3749 5150 ἒξε-

577 5228 825 5305 f_Ma_tth.
858 5222 1125 5305 xx:v,_§6.
1165 5221 1382 5305 "’nlsa.
1424 5239 1510 5288 ιιι,
1554 5222 1650 5305 IS...
1713 5220 1771 5305 -ίξ
1808 5222 1972 5305 Πειρη.
2021 5240 2069 5293 ιι,

2210 5226 2514 5305 _n“_I_Cor.
2554 5247 2594 5299 ι,
2614 5230 2706 5285 ει.
2783 5233 2826 5264 ¹²
2854 5232 3018 5289 ICor.
3049 5233 3226 5305 ιιῌθ.
3306 5236 3528 5294 “Joan.
3576 5257 3638 5305 ιι,
3674 5240 3750 5293 3t.

509 5299 550 5329 ιδ
583 5299 767 5352 Matth.
800 5313 967 5363 xxvn,
996 5296 1087 5353 46.
1110 5294 1208 5368 ﬂ,"
1237 5293 1380 5351 Psal.
1420 5309 1587 5360 χχχιι,
1619 5291 1673 5358 6,
1706 5292 1794 5347 10.
1872 5294 1916 5326 ³⁸
1940 5293 2041 5349 Isa.

2202 5297 2288 5364 15,
2317 5297 2406 5356 18.
2580 5291 2591 5299 ’
3095 5291 3133 5307 ”

1596 5450 1770 5507 Variae
1807 5450 2068 5508 lectiones
2098 5452 2302 5510 codicis
2330 5452 2686 5526 Seguieriani.

581 5614 609 5644 ιι
633 5604 790 5660 Θεοῦ.

3655 206 3883 279 1356‘
