3942 6128
256 184 391 238 1557

1062 180 1154 235 AD
1193 175 1495 255 BEGINQS
1533 175 1618 231 DE
1658 173 1892 231 RECTA
1935 174 2089 229 FIDE
2128 170 2387 229 ORATIO
2423 169 2724 226 ALTERA.

3357 172 3380 226 1
3392 172 3496 228 558

255 313 390 352 σαψ
436 294 642 366 Ἰησοῦν
681 296 771 349 τὸν
817 297 1156 366 Ναζωραῖον.
1206 292 1338 348 Εἶτα
1382 293 1518 367 πρὸς
1561 294 1760 356 αὑτοὺς
1799 294 1828 347 ὁ

1954 293 2091 347 itis?
2141 291 2217 345 Illi
2268 300 2449 345 autem
2517 289 2825 344 dixerunt:
2891 285 3075 341 Jesum
3132 286 3492 347 Nazarenum.

257 388 480 458 Σωτὴρ’
517 387 658 455 Ἐγώ
689 390 824 458 εἰμι.
867 389 977 441 Καὶ
1023 385 1264 456 ἀπῆλθον
1294 387 1372 448 εἰς
1408 386 1476 439 τὰ
1503 385 1698 448 ὀπίσω,
1730 385 1827 438 καὶ

258 478 451 531 ἔπεσον
493 479 687 548 χαμαί.
720 498 740 530 ι
776 474 906 530 Εἶτα
944 477 1062 540 πῶς
1097 477 1164 530 ἂν
1207 477 1472 546 ήτόνησεν
1503 478 1532 529 ὁ
1563 478 1659 531 καὶ
1690 477 1826 547 μόνῃ

258 572 324 639 τῇ
345 572 494 639 φωνῇ
514 568 611 639 τὴν
638 568 745 620 τῶν
772 567 1232 621 ἐπιϐουλευόντων
1260 566 1487 634 ἐλέγξας
1511 566 1825 631 άσθὲνειαν;

207 720 219 732 .
261 659 326 711 Τί
369 654 461 712 οὖν
497 658 607 729 ἄρα
649 657 896 727 βούλεται
933 657 1142 726 λέγων·
1188 678 1206 709 ι
1243 657 1343 711 Θεέ
1386 674 1511 728 μου,
1554 656 1654 710 Θεέ
1701 672 1826 726 μου,

261 745 351 800 ἵνα
376 747 427 798 τί
459 764 526 817 με
554 747 945 813 ἐγκατέλιπες;
975 767 993 799 ι
1025 748 1209 818 Φαμὲν
1236 747 1437 810 τοίνυν,
1468 747 1551 801 ὅτι
1577 746 1670 799 τοῦ
1700 763 1832 814 προ-

263 838 501 907 πάτορος
539 837 709 907 Ἀδὰμ
741 838 840 907 τὴν
889 838 1137 893 δοθεῖσαν
1168 839 1316 909 αὑτῷ
1361 839 1705 909 πατήσαντος
1744 839 1831 891 ἐν·

262 928 443 998 τολὴν,
485 928 579 982 καὶ
607 928 702 982 τοῦ
734 928 879 982 θείου
907 929 1273 1000 άλογήσαντος
1320 930 1507 1000 νόμου,
1538 928 1834 997 ἐγκαταλέ-

265 1016 481 1069 λειπται
531 1035 646 1080 πως
689 1020 721 1088 ἡ
770 1018 1056 1089 ἀνθρώπου
1107 1020 1267 1089 φύσις
1321 1020 1473 1090 παρὰ
1517 1017 1611 1072 τοῦ
1660 1017 1831 1071 Θεοῦ·

267 1108 456 1175 γέγονε
484 1107 540 1160 δὲ
578 1108 849 1178 ἐπάρατος
874 1108 961 1161 διὰ
1001 1111 1178 1174 τοῦτο,
1210 1111 1305 1164 καὶ⁵
1332 1110 1549 1181 θανάτῳ
1581 1110 1831 1179 κάτοχος.

280 1199 501 1271 Ἐπειδὴ
522 1199 578 1252 δέ
605 1200 667 1253 τὸ
699 1201 959 1265 πεπονθὸς
977 1212 1003 1239 '
1034 1202 1497 1272 άναστοιχειώσων
1519 1206 1598 1266 είς
1624 1204 1837 1272 ἀφθαρ-

271 1291 390 1342 σίαν
414 1292 758 1362 ἐπεδήμησεν
789 1292 817 1343 ὁ
849 1293 1138 1364 μονογενὴς
1164 1293 1256 1347 τοῦ
1282 1293 1419 1346 Θεοῦ
1436 1294 1626 1363 Λόγος,
1644 1293 1840 1347 ἐπελά-

271 1380 393 1433 ϐετό
448 1396 509 1433 τε
572 1381 885 1451 σπέρματος
945 1383 1218 1455 Ἀϐραάμ,
1271 1384 1367 1438 καὶ
1419 1382 1676 1453 ὡμοιώθη
1730 1385 1840 1446 τοῖς

276 1469 524 1537 ἀδελφοῖς
548 1508 563 1531 ,
601 1468 708 1521 ἔδει
744 1470 880 1539 μετὰ
914 1472 1011 1540 τῆς
1055 1472 1288 1541 ἀρχαίας
1328 1471 1541 1541 ἐκείνης
1570 1473 1708 1541 ἀρᾶς
1747 1471 1842 1524 καὶ

270 1561 368 1630 τῆς
399 1560 726 1612 ἐπεισάκτου
752 1560 955 1631 φθορᾶς
982 1561 1280 1630 καταλῆξαι
1313 1561 1410 1630 τὴν
1435 1561 1838 1631 ἐγκατάλειψιν,

1932 385 2069 440 Dicit
2100 384 2180 439 eis
2212 382 2406 439 Jesus:
2444 382 2556 452 Ego
2588 394 2731 435 sum.
2768 379 2836 433 Et
2880 378 3134 434 abierunt
3176 390 3497 449 retrorsum,

1928 486 1984 530 et
2011 475 2321 529 ceciderunt
2341 475 2394 528 in
2420 483 2615 529 terram
2648 472 2786 527 ""3.
2828 489 2846 522 ι
2878 470 2995 526 Jam
3027 472 3300 540 quomodo
3338 474 3495 528 inﬁro

1931 580 2051 621 mus
2074 565 2180 620 dici
2211 573 2407 635 potest,
2437 564 2527 633 qui
2561 564 2643 618 vel
2680 562 2794 618 sola
2830 577 2958 617 voce
2994 562 3375 617 insultantium
3416 564 3499 617 iu-

1934 656 2243 711 ﬁrmitatem
2278 656 2564 712 ostendit?
2601 655 2807 726 Ecquid
2848 668 2981 723 ergo
3019 653 3124 709 sibi
3174 654 3289 708 vult
3360 655 3500 719 quod

1933 749 2029 813 ait,
2063 766 2083 800 σ
2130 747 2274 803 Deus
2334 762 2505 811 meus,
2548 748 2688 802 Deus
2732 761 2907 810 meus,
2944 746 3132 814 utquid
3163 745 3501 816 dereliquisti

1932 840 2065 893 me?
2099 858 2117 892 ι
2155 839 2395 894 Dicimus
2448 838 2633 907 igitur,
2663 851 2784 890 cum
2833 836 3039 905 primus
3096 848 3291 904 parens
3321 844 3506 889 noster

1934 930 2104 985 Adam
2129 929 2440 983 mandatum
2479 927 2622 997 quod
2668 936 2947 997 acceperat
2994 926 3376 992 proculcasset,
3425 925 3508 980 di-

1936 1022 2227 1088 vinamque
2272 1019 2441 1087 legem
2486 1017 2749 1089 neglectui
2789 1018 3072 1072 habuisset
3099 1016 3164 1079 ",
3208 1016 3502 1070 humanam

1938 1121 2187 1165 naturam
2222 1107 2391 1163 fuisse
2454 1108 2847 1175 quodammodo
2882 1106 3214 1170 derelictam,
3261 1121 3507 1161 exsecra-

1941 1200 2210 1269 bilemqne
2247 1207 2304 1252 et
2340 1197 2497 1252 morti
2555 1197 2841 1250 obnoxiam
2897 1196 3140 1250 effectam
3177 1215 3190 1250 :
3232 1203 3285 1249 at
3346 1194 3509 1250 simul

1940 1302 2104 1361 atque
2164 1289 2487 1361 Unigenitus
2519 1288 2635 1351 Dei,
2679 1288 2729 1342 id
2761 1289 2903 1358 quod
2932 1289 3244 1357 prolapsum
3281 1297 3420 1354 erat,
3452 1288 3504 1340 in

1942 1377 2402 1451 incorruptionem
2442 1380 2847 1434 instauraturus
2884 1380 3143 1443 advenit,
3192 1378 3509 1447 semineque

1941 1475 2173 1529 Abrahae
2227 1473 2598 1541 apprehenso,
2675 1469 2942 1525 fratribus
2997 1471 3111 1523 suis
3174 1468 3509 1523 assimilatas

1944 1564 2045 1618 fuit
2074 1563 2160 1625 ὀς
2194 1571 2329 1615 tune
2368 1576 2473 1614 una
2522 1574 2643 1613 cum
2684 1558 2910 1626 antiquo
2945 1557 3037 1611 illo
3077 1555 3235 1627 14],
3279 1554 3501 1609 maledi-

271 1652 339 1720 ἢν
373 1652 664 1721 ὑπέμεινεν
696 1653 753 1705 ἐν
777 1653 973 1723 ἀρχαῖς
1013 1654 1047 1722 ἡ
1078 1652 1172 1704 τοῦ
1202 1652 1490 1722 ἀνθρώπου
1538 1653 1718 1722 φύσις.
1749 1653 1839 1715 Ὠς

1954 1663 2062 1717 rto,
2116 1653 2443 1718 inductaque
2490 1648 2880 1717 corruptione,
2930 1647 3295 1701 desertionem
3347 1660 3509 1713 qttam

272 1739 365 1794 οὖν
397 1736 476 1805 εἷς
506 1742 761 1812 ὑπάρχων
810 1743 918 1794 τῶν
951 1742 1544 1813 ἐγκαταλελειμμένων,
1582 1742 1717 1796 καθὸ
1746 1744 1839 1796 καὶ

274 1833 435 1894 αὑτὸς
496 1833 891 1903 παραπλησίως
960 1834 1091 1902 ἡμῖν
1144 1834 1404 1903 μετέσχεν
1464 1834 1692 1905 αἵματος
1747 1836 1840 1887 καὶ

278 1926 512 1995 σαρκὸς,
556 1925 646 1988 τὸ,
697 1943 715 1975 ι
758 1925 874 1977 Ἵνα
916 1925 969 1976 τί
1021 1941 1087 1995 με
1128 1924 1516 1993 ἐγκατέλιπες;
1559 1943 1577 1975 ›
1629 1925 1792 1995 φησίν
1826 1943 1837 1954 ·

274 2018 410 2084 ὅπερ
438 2010 505 2084 ἦν
533 2014 744 2076 λύοντος
770 2014 1018 2086 ἐναργῶς
1046 2015 1144 2087 τὴν
1179 2033 1242 2067 συ
1253 2016 1469 2086 μϐἄσαν
1511 2017 1644 2085 ἡμῖν
1673 2018 1842 2083 ἐγκα-

273 2105 539 2174 τάλειψιν,
608 2106 702 2158 καὶ
748 2102 858 2158 οἷον
905 2106 1347 2168 ἐκδυσωποῦντος
1391 2106 1477 2173 ἐφ’
1531 2104 1708 2174 ἑαυτῷ
1756 2104 1845 2155 τὸν

277 2197 528 2266 Πατέρα,
561 2198 653 2248 καὶ
680 2196 972 2258 καλοῦντος
1011 2197 1093 2258 εἰς
1140 2195 1427 2264 εὐμένειαν
1457 2194 1557 2263 τὴν
1596 2195 1682 2259 ἐφ’
1716 2194 1846 2261 ἡμῖν

276 2286 351 2349 ὡς
382 2289 465 2355 ἐφ’
496 2287 671 2357 ἐαυτῴ
698 2287 792 2339 καὶ
821 2284 1021 2356 πρώτῳ
1040 2302 1053 2315 ·
1086 2286 1285 2349 παντὸς
1328 2284 1437 2355 γὰρ
1471 2286 1601 2354 ἡμῖν
1626 2283 1847 2351 γέγονεν

276 2381 305 2430 ὁ
332 2380 561 2448 Χριστὸς
590 2380 795 2447 ἀγαθοῦ
827 2381 922 2432 καὶ
951 2378 1093 2450 ἁρχὴ
1130 2379 1221 2431 καὶ
1250 2378 1528 2447 πρόξενος.
1553 2377 1716 2427 Ὥστε
1747 2375 1849 2427 κᾶν

280 2470 332 2521 εἴ
353 2486 404 2521 τι
433 2470 646 2538 λέγοιτο
676 2469 860 2522 λαϐεῖν
886 2469 1241 2538 ἀνθρωπίνως
1282 2469 1434 2539 παρὰ
1476 2467 1569 2520 τοῦ
1613 2469 1846 2537 Πατρὸς,

278 2562 437 2613 τοῦτο
481 2564 545 2630 τῇ
592 2562 835 2631 ἡμετέρα
870 2561 1205 2631 προὺξένησε
1246 2560 1433 2628 φύσει,
1483 2559 1698 2630 πλήρης
1748 2560 1850 2612 ὑπ-

282 2654 461 2723 άρχων
494 2655 520 2705 ὁ
544 2654 728 2717 αὑτὸς,
771 2654 865 2705 καὶ
898 2652 1108 2715 οὐδενὸς
1150 2652 1474 2722 τοπαράπαν
1539 2652 1744 2721 ἐνδεὴς,
1776 2653 1851 2715 ὡς

282 2745 435 2808 Θεός.

358 3007 454 3059 lit)’.
494 3025 512 3056 ι
551 3004 721 3057 Τοῦτο
753 3005 1018 3075 φρονείτω
1063 3005 1291 3067 ἕκαστος
1337 3006 1395 3057 ἐν
1429 3004 1558 3073 ὑμῖν
1588 3003 1790 3064 αὐτοῖς,
1824 3001 1853 3053 ὃ
1882 2975 1923 3030 C

287 3098 381 3150 καὶ
410 3099 467 3150 ἐν
504 3096 724 3167 Χριστῷ
760 3095 931 3167 Ἰησοῦ
951 3113 964 3126 ο
996 3096 1053 3160 ὂς
1083 3097 1141 3148 ἐν
1174 3098 1355 3166 μορφῇ
1387 3095 1522 3148 Θεοῦ
1573 3094 1851 3165 ὑπάρχων,

287 3190 385 3259 οὑχ
415 3190 703 3259 ἁρπαγμὸν
735 3190 975 3260 ἡγήσατο
1024 3188 1087 3240 τὸ
1115 3184 1254 3241 εἶναι
1288 3189 1377 3240 ίσα
1406 3186 1553 3256 Θεῷ·
1584 3186 1697 3240 ἀλλ’
1728 3188 1855 3238 ἐαυ-

287 3280 376 3333 τὸν
415 3282 672 3345 ἐκένωσε,
728 3282 940 3353 μορφὴν
977 3280 1165 3334 δούλου
1209 3278 1419 3345 λαϐὼν,
1456 3281 1512 3332 ἐν
1548 3277 1855 3349 ὁμοιώματι

288 3372 590 3441 ἀνθρώπων
621 3374 932 3443 γενόμενος,
976 3374 1069 3425 καὶ
1100 3374 1341 3442 σχήματι
1388 3371 1631 3440 εὑρεθεὶς
1660 3372 1735 3433 ὡς
1764 3372 1857 3425 ἄν-

291 3463 541 3531 θρωπος·
590 3463 951 3513 ἐταπείνωσεν
1004 3463 1228 3526 ἑαυτὸν,
1276 3462 1565 3531 γενόμενος
1622 3462 1858 3525 ὑπήκοος

297 3553 458 3620 μέχρι
496 3552 747 3613 θανάτου,
784 3551 1014 3603 θανάτου
1049 3552 1107 3602 δέ
1146 3550 1402 3619 σταυροῦ.
1435 3551 1525 3601 Διὸ
1549 3550 1642 3602 καὶ
1677 3551 1705 3601 ὁ
1728 3549 1860 3610 Θεὸς

295 3642 455 3693 αὑτὸν
509 3641 857 3711 ὑπερύψωσε,
914 3643 1007 3694 καὶ
1048 3640 1342 3712 ἐχαρίσατο
1386 3640 1535 3710 αὑτῷ
1583 3640 1754 3705 ονομα
1797 3640 1861 3692 τὸ

300 3731 438 3799 ὑπὲρ
485 3733 592 3785 πᾶν
641 3732 847 3801 ὄνομαο
904 3732 990 3785 ἵνα
1037 3734 1092 3784 ἐν
1135 3730 1214 3802 τῷ
1264 3732 1487 3802 ὀνόματι
1543 3731 1714 3801 Ἰησοῦ
1755 3732 1861 3783 πᾶν

295 3822 421 3888 γόνυ
475 3822 668 3891 κάμψῃ
714 3823 1069 3894 ἐπουρανίων,
1110 3824 1204 3875 καὶ
1250 3824 1528 3891 ἐπιγείων,
1571 3822 1665 3875 καὶ
1692 3837 1859 3874 κατα-

296 3913 555 3982 χθονίων·
608 3914 704 3966 καὶ
760 3917 908 3966 πᾶσα
968 3914 1187 3982 γλῶσσα
1244 3914 1737 3984 ἐξομολογήσηται,
1779 3914 1860 3965 ὅτι

296 4004 499 4073 Κύριος
541 4004 745 4074 Ἰησοῦς
789 4005 1019 4074 Χριστὸς
1065 4007 1143 4067 εἰς
1176 4005 1333 4068 δόξαν
1377 4004 1513 4057 Θεοῦ
1560 4004 1792 4074 Πατρός.
1836 4022 1854 4054 ι

309 4097 439 4148 Ἰδοὺ
485 4097 548 4166 δὴ
595 4097 779 4166 σαφῶς
812 4098 900 4149 τὸν
929 4101 986 4150 ἐν
1015 4100 1194 4168 μορφῇ
1223 4097 1316 4150 καὶ
1355 4097 1558 4166 ἰσότητι
1599 4096 1692 4148 τοῦ
1725 4095 1860 4147 Θεοῦ

296 4190 390 4240 καὶ
440 4190 650 4259 [ἰατρὸς
692 4189 822 4241 Θεὸν
868 4189 1041 4256 Λόγον
1083 4190 1180 4258 οὐχ
1236 4189 1525 4258 ἁρπαγμὸν
1560 4187 1862 4258 ἡγήσασθαί

1945 1745 2180 1797 humana
2232 1750 2423 1792 natura
2466 1739 2517 1791 in
2553 1753 2652 1793 suo
2692 1737 2957 1806 principio
3007 1751 3263 1806 perpessa
3313 1734 3509 1798 fuerat,

1944 1834 2325 1903 conquiescere
2371 1830 2629 1900 oportuit.
2680 1828 2868 1896 Itaque
2918 1828 3073 1897 quasi
3125 1827 3509 1881 derelictorum

1946 1940 2086 1978 unus
2106 1924 2398 1987 exsistens,
2428 1932 2696 1991 quatenus
2717 1929 2771 1974 et
2804 1920 2918 1988 ipse
2947 1917 3201 1972 similiter
3226 1918 3508 1973 nobiscum

1948 2017 2217 2086 particeps
2254 2014 2562 2067 fuitcarnis
2611 2020 2665 2065 et
2705 2011 2985 2081 sanguinis
3035 2009 3103 2072 “,
3140 2009 3319 2062 dixit:
3357 2028 3375 2059 ι
3417 2005 3514 2061 Ut-

1947 2106 2076 2173 quid
2119 2104 2453 2172 dereliquisti
2507 2118 2593 2156 me
2621 2103 2644 2155 ?
2675 2121 2694 2154 ι
2748 2101 2878 2168 Qua:
2907 2116 3038 2155 sane
3075 2116 3176 2155 vox
3212 2111 3329 2154 erat
3362 2113 3517 2155 ever-

1952 2198 2114 2251 tentis
2163 2196 2332 2261 illam,
2370 2210 2489 2264 qua:
2539 2194 2693 2247 uohis
2745 2194 3038 2256 acciderat,
3081 2176 3513 2251 derelictionem,

1953 2288 2272 2357 Patremque
2297 2288 2367 2340 oh
2391 2284 2664 2365 loquentis
2697 2284 3016 2353 dignitatem
3055 2283 3105 2336 in
3139 2298 3198 2338 se
3228 2281 3518 2344 ﬂectentis,

1952 2395 2160 2434 necnon
2196 2379 2260 2431 ad
2291 2375 2726 2432 benevolentiam
2770 2390 2899 2444 erga
2942 2389 3039 2427 nos
3076 2384 3334 2442 tanquam
3386 2388 3514 2441 erga

1953 2473 2188 2537 seipsum
2240 2478 2293 2524 et
2338 2468 2568 2538 primum
2636 2466 3028 2535 provocantis:
3081 2464 3557 2535 quandoquidem.

1954 2561 2207 2616 Christus
2237 2561 2481 2613 omnium
2518 2561 2783 2613 bonorum
2813 2558 3037 2626 largitor
3066 2565 3120 2610 et
3148 2565 3338 2610 auctor
3368 2555 3523 2609 nobis

1954 2654 2182 2707 exstitit.
2222 2651 2372 2706 Unde
2413 2652 2576 2706 etiam
2613 2653 2658 2705 si
2702 2650 2979 2719 quidpiam
3017 2657 3076 2701 ut
3109 2648 3269 2702 homo
3299 2661 3328 2699 a
3365 2646 3525 2700 Patre

1956 2744 2232 2812 accepisse
2268 2744 2487 2807 dicitur,
2533 2745 2635 2796 hoc
2665 2741 2839 2811 ipsum
2872 2749 3040 2794 totum
3075 2740 3128 2793 in
3160 2750 3399 2794 nostram
3434 2756 3527 2793 na-

1958 2844 2133 2887 turam
2164 2833 2442 2902 erogavit;
2490 2848 2612 2887 cum
2646 2833 2763 2901 ipse
2798 2840 2856 2886 ut
2889 2830 3031 2885 Deus
3068 2831 3281 2900 plenus,
3322 2830 3523 2884 nullius

1957 2926 2178 2980 omnino
2212 2925 2335 2979 boni
2368 2924 2622 2993 indigeat.

2032 3016 2173 3070 XIX.
2212 3035 2230 3067 ι
2279 3015 2392 3069 lloe
2419 3016 2564 3069 enim
2627 3015 2825 3070 sentite
2868 3015 2921 3067 in
2969 3013 3144 3079 vobis,
3187 3012 3328 3084 quod
3380 3024 3433 3067 et
3475 3015 3526 3065 in

1959 3109 2185 3165 ChriSto
2235 3108 2401 3163 Jesu:
2454 3108 2697 3176 quicum
2748 3106 2801 3161 in
2848 3105 3027 3161 forma
3076 3105 3170 3160 Dei
3216 3115 3385 3169 esset,
3421 3121 3527 3159 non

1960 3202 2208 3271 rapinam
2242 3201 2543 3254 arbitratus
2570 3207 2655 3252 est
2701 3212 2825 3252 esse
2867 3213 2926 3253 se
2968 3197 3228 3266 aqualem
3261 3196 3391 3260 Deo,
3434 3197 3528 3250 sed

1958 3294 2313 3361 semetipsum
2356 3291 2681 3356 exinanivit,
2737 3288 2969 3344 formam
3018 3288 3162 3343 servi
3224 3288 3524 3357 accipiens,

1961 3385 2013 3435 in
2045 3380 2459 3437 similitudinem
2500 3380 2775 3435 hominum
2816 3379 3012 3440 factus,
3044 3386 3100 3432 et
3121 3376 3308 3431 habitu
3342 3378 3531 3431 iuven-

1959 3480 2047 3524 tus
2089 3480 2148 3522 ut
2180 3470 2362 3523 homo.
2421 3467 2743 3521 Humiliavit
2793 3464 3169 3534 semetipsum,
3202 3463 3377 3517 factus
3402 3464 3531 3515 obe-

1960 3560 2116 3615 diens
2158 3573 2329 3628 usque
2380 3559 2446 3611 ad
2495 3566 2749 3619 mortem,
2809 3566 3037 3610 mortem
3088 3563 3266 3610 autem
3326 3554 3528 3608 crucis.

1962 3651 2189 3718 Propter
2238 3648 2380 3716 quod
2422 3655 2477 3701 et
2526 3646 2666 3701 Deus
2702 3645 2960 3698 exaltavit
3006 3644 3182 3707 illum,
3229 3645 3532 3698 etdouavit

1964 3741 2039 3795 illi
2071 3755 2266 3795 nomen
2293 3739 2438 3808 quod
2469 3748 2554 3793 est
2597 3751 2761 3805 super
2790 3750 2951 3790 omne
2981 3750 3172 3788 nomen
3198 3750 3213 3787 :
3256 3745 3313 3788 ut
3344 3736 3395 3789 in
3436 3750 3532 3788 no-

1966 3836 2109 3889 mine
2143 3834 2270 3890 .Iesu
2305 3848 2469 3888 omne
2498 3846 2638 3902 genu
2666 3828 2938 3892 ﬂectatur,
2992 3828 3315 3890 caelestium,
3358 3835 3532 3881 terre-

1966 3926 2182 3985 strium,
2222 3935 2276 3980 et
2318 3922 2700 3985 infernorum;
2747 3929 2800 3975 et
2838 3918 3017 3973 omnis
3068 3918 3245 3987 lingua
3275 3916 3532 3971 conﬁtea-

1968 4028 2077 4080 tur,
2141 4017 2267 4085 quia
2315 4014 2574 4069 Dominus
2621 4011 2778 4066 Jesus
2826 4009 3078 4064 Christus
3131 4009 3182 4062 in
3244 4008 3410 4077 gloria
3451 4019 3537 4061 est

1966 4109 2059 4163 Dei
2105 4107 2279 4161 Patris
2316 4108 2384 4157 υ.
2441 4122 2459 4155 ι
2512 4104 2588 4157 En
2638 4102 2873 4156 dilucide
2929 4103 3027 4155 hoc
3076 4100 3193 4154 loco
3240 4098 3534 4167 exponitur

1966 4200 2135 4253 Deum
2187 4199 2447 4258 Verbum,
2504 4194 2648 4263 quod
2696 4194 2749 4247 in
2805 4193 2975 4246 forma
3004 4203 3054 4245 et
3094 4192 3401 4260 aequalitate
3437 4189 3533 4243 Dei

299 4296 430 4349 φησι
459 4280 519 4331 τὸ
556 4277 693 4333 εἶναι
741 4281 829 4333 ἴσα
856 4280 1003 4350 Θεῷ·
1034 4280 1370 4333 κεκενῶσθαι
1400 4280 1455 4333 δὲ
1499 4281 1699 4348 μᾶλλον
1749 4280 1849 4331 ἐθει

1965 4290 2147 4344 Patris
2177 4300 2316 4351 erat,
2377 4304 2479 4341 non
2533 4288 2778 4355 rapinam
2826 4286 3149 4339 arbitratum
3196 4286 3534 4353 aequiparare

296 4372 481 4441 λον-δὴν
535 4372 744 4442 μορφὴν
779 4372 965 4425 δούλου
1021 4372 1273 4433 λαϐόντα,
1327 4373 1423 4424 καὶ
1463 4373 1519 4422 ἐν
1552 4371 1855 4442 ὁμοιώματι

296 4464 595 4534 ἀνθρώπων
640 4466 946 4535 γενόμενον.
982 4464 1323 4533 ιΙροσεπάγει
1356 4463 1434 4522 δὲ.
1472 4465 1551 4516 ὅτι
1604 4462 1859 4516 τεταπεί-

298 4572 467 4605 νωκεν
520 4557 726 4619 ἑαυτὸν,
768 4556 1057 4624 γενόμενος
1108 4556 1342 4623 ὑπήκοος
1386 4556 1546 4626 μέχρι
1601 4555 1855 4619 θανάτου,

299 4646 527 4697 θανάτου
562 4646 615 4697 δὲ
652 4646 906 4717 σταυροῦ.
948 4648 1117 4715 Εἴπερ
1164 4642 1255 4697 οὖν
1310 4645 1606 4715 διαιρετέον
1654 4647 1732 4708 εἰς
1769 4645 1861 4697 δύο

299 4737 562 4803 Χριστοὺς
590 4741 679 4790 καὶ
720 4740 886 4801 υἱοὺς,
929 4738 1020 4789 τὸν
1047 4737 1141 4789 ἕνα
1169 4738 1262 4789 καὶ
1294 4738 1453 4807 μόνον
1497 4738 1731 4807 Χριστὸν
1770 4738 1864 4790 καὶ

304 4829 521 4896 Κύριον,
550 4828 644 4881 καὶ
670 4830 809 4881 κατά
831 4847 892 4896 γε
921 4830 981 4881 τό
1013 4847 1119 4882 τισι
1148 4829 1358 4895 δοκοῦν,
1390 4829 1480 4880 τὸν
1508 4830 1571 4881 ἐκ
1601 4828 1859 4895 γυναικὸς

301 4920 582 4988 ἄνθρωπον
611 4921 869 4989 τετίμηκε
911 4922 1008 4990 μὲν
1047 4922 1252 4990 ἰσότητι
1286 4921 1394 4973 τῶν
1441 4920 1586 4973 ἰδίων
1618 4919 1861 4989 ἀξιωμά-

300 5026 406 5061 των
435 5012 462 5062 ό
491 5010 584 5063 τοῦ
612 5010 743 5063 Θεοῦ
774 5011 963 5077 Λόγος,
993 5015 1088 5065 καὶ
1119 5011 1351 5081 συνῆψεν
1385 5011 1561 5082 ἐαυτῷ
1594 5012 1736 5065 κατὰ
1774 5010 1864 5062 τὸν

376 5183 666 5238 ""ann.
718 5198 875 5251 xvm,
912 5185 981 5256 {5.
1060 5187 1100 5219 ¹⁹
1130 5184 1266 5242 Geo.
1298 5201 1379 5253 tu,
1424 5185 1447 5239 1
1501 5200 1651 5253 seqq.
1742 5182 1849 5237 "ll

1954 5199 1978 5237 '.
2025 5184 2338 5250 1546,17.
2441 5189 2482 5220 ¹¹
2542 5188 2671 5243 ibid.
2741 5189 2825 5244 14.

1968 4396 2025 4434 se
2052 4380 2160 4432 Deo
2185 4396 2197 4439 ;
2227 4377 2344 4439 sed,
2380 4375 2557 4430 servili
2590 4374 2761 4429 forma
2794 4384 3065 4441 suscepta,
3091 4373 3230 4427 ultro
3260 4389 3317 4427 se
3346 4373 3534 4427 exina-

1942 4471 2174 4524 -nivisse
2242 4469 2629 4535 hominumque
2690 4465 3096 4518 similitudinem
3143 4465 3391 4522 subiisse.
3426 4464 3536 4517 Ad-

1970 4562 2047 4613 dit
2086 4552 2359 4626 prmterca'
2392 4558 2629 4627 seipsum
2680 4556 3012 4619 humiliasse,
3057 4554 3534 4622 obedientiamque

1977 4651 2040 4702 ad
2068 4660 2290 4703 mortem
2329 4663 2498 4716 usque
2538 4648 2881 4716 priestitisse,
2927 4655 3154 4700 mortem
3186 4656 3363 4696 autem
3405 4657 3532 4696 cru-

1974 4740 2074 4795 cis.
2108 4739 2163 4791 Si
2201 4754 2362 4791 umnn
2409 4753 2538 4808 ergo
2569 4746 2623 4791 et
2652 4737 2830 4791 solum
2857 4736 3132 4791 Christum
3161 4745 3213 4787 et
3248 4734 3534 4787 Dominum

1980 4830 2032 4881 in
2084 4830 2219 4886 duos
2253 4828 2500 4884 Christos
2550 4837 2604 4883 et
2648 4829 2805 4893 lilios,
2859 4837 2916 4881 ut
2966 4826 3284 4896 quibusdam
3339 4825 3536 4892 placet,

1974 4920 2151 4973 divelli
2185 4929 2436 4988 oportet;
2483 4930 2645 4989 atque
2702 4920 2792 4973 Dei
2850 4917 3087 4973 Verbum
3142 4917 3415 4972 hominem
3460 4927 3530 4966 ex

1976 5010 2200 5067 muliere
2244 5021 2422 5066 ortum
2457 5013 2691 5082 pr0prite
2740 5011 3037 5081 majestatis
3088 5010 3399 5079 aequalitate
3443 5006 3539 5059 de-

2933 5188 2977 5219 “
3014 5184 3241 5255 Philipp.
3276 5199 3335 5248 tt,
3376 5177 3534 5238 5-H.

1390 5360 1563 5416 Varia:
1599 5361 1855 5417 lectiones
1878 5361 2079 5419 codicis
2105 5362 2457 5432 Seguieriani.

377 5552 400 5579 ν
434 5541 736 5605 πεπτωκός.
