3942 6128
448 167 583 223 ίῖεῖῖς)

448 393 555 445 que
616 369 1072 430 communionem,
1124 366 1225 420 sibi
1279 365 1431 433 quasi
1485 362 1734 422 alterum,
1798 357 1900 411 hoc
1937 365 2019 407 est

450 483 477 521 a
513 481 573 520 se
613 464 912 533 (lchp'sutn,
937 456 1106 511 Filius
1166 453 1415 523 adjumit
1444 471 1456 504 :
1505 451 1627 519 quis
1652 449 1741 503 ille
1773 460 1903 514 ergo
1938 450 2016 498 es!

454 560 544 630 qui
580 553 934 623 semetipsum
961 547 1293 614 exinanivit;
1326 552 1419 599 aut
1443 558 1546 612 qua
1577 541 1790 597 tamlem
1813 538 2021 591 ratione

452 647 878 705 exinanitionem
902 640 1109 696 subiit?
1130 638 1260 691 Nam
1287 639 1357 701 si,
1391 645 1448 689 ut
1471 635 1545 688 illi
1571 640 1840 695 statuunt,
1862 632 2021 684 homo

454 755 622 811 purus
665 736 756 806 qui
808 748 874 787 ex
910 730 1136 786 muliere
1181 728 1450 795 prodiisse
1496 721 1841 791 intelligitur,
1877 715 2020 771 istud

455 843 746 903 perpessus
765 834 875 891 est,
936 821 1096 894 142
1129 816 1423 888 quomodo,
1461 824 1552 867 aut
1590 827 1691 882 qua
1722 811 1929 864 ratione
1968 820 2021 858 vn

455 897 883 976 exinanitionem
932 911 1174 981 dejectus
1231 906 1352 963 est?
1412 904 1545 958 Nam
1590 900 1862 971 quomodo
1894 897 1939 953 is
1972 911 2023 949 ιη

454 1009 814 1067 humilitatem
852 999 1154 1064 descendit,
1207 998 1299 1068 qui
1346 1004 1492 1048 tanta
1534 1006 1655 1047 cum
1701 990 1795 1044 Dei
1847 985 2029 1067 Verbo

458 1104 718 1158 societate
743 1109 797 1151 et
831 1095 1095 1150 afﬁnitate
1131 1089 1452 1158 coniunctus
1485 1093 1602 1147 est,
1633 1092 1692 1137 ut
1725 1080 1869 1149 paris
1904 1092 2027 1131 cum

460 1197 553 1251 illo
585 1190 871 1262 dignitatis
899 1197 953 1242 et
984 1183 1328 1240 auctoritatis
1358 1194 1479 1235 esse
1512 1173 1848 1232 censeatur?
1877 1170 2029 1238 Quod

459 1293 502 1344 si
536 1283 832 1343 exiuanitio
882 1280 970 1333 illa
1006 1279 1073 1333 de
1108 1275 1195 1331 Dei
1246 1273 1424 1329 Verbo
1471 1282 1530 1324 ut
1561 1282 1806 1323 seorsum
1850 1273 1904 1318 et
1934 1277 2032 1333 per

459 1396 517 1435 se
550 1377 822 1433 ἰιιιθιιιιριυ
871 1371 1012 1426 Filio
1054 1367 1401 1438 praedicetur,
1452 1362 1725 1431 quomodo
1768 1359 1813 1412 is
1847 1355 2032 1411 exina-

460 1473 606 1525 nitus
651 1477 756 1532 est,
802 1466 891 1535 qui
945 1463 1198 1523 alterum,
1236 1468 1295 1512 ut
1330 1456 1403 1510 illi
1433 1456 1606 1518 aiunt,
1660 1452 1866 1506 honore
1899 1444 2031 1501 atie-

460 1562 553 1625 rit,
589 1556 932 1629 propriisque
975 1550 1148 1607 titulis
1201 1557 1258 1603 et
1302 1545 1657 1617 dignitatibds
1708 1535 2031 1595 exornavit?

460 1606 1209 1719 ille—humiliatus
1258 1606 1605 1707 dicivatest,
1664 1632 1753 1702 qui
1799 1629 2031 1700 propria:
2065 1606 2108 1662 Β

461 1759 571 1799 suae
602 1740 788 1808 glorise
830 1735 1105 1803 fastigium
1157 1730 1316 1785 alteri
1373 1727 1474 1782 sibi
1535 1723 1806 1779 associato
1837 1721 2036 1788 imper-

463 1839 591 1889 titus
622 1830 744 1885 est?
771 1827 904 1882 Nam
951 1827 997 1879 si
1043 1838 1167 1878 eum
1209 1818 1483 1876 humiliari
1516 1817 1601 1872 vel
1636 1813 1904 1870 exinaniri
1933 1822 2037 1867 sta-

463 1934 641 1985 tuaut,
677 1921 818 1990 quod
865 1918 1093 1972 alterum
1141 1913 1309 1984 gloria
1360 1907 1545 1975 allicit,
1582 1905 1824 1977 profecto
1847 1904 2037 1959 absur-

461 2022 587 2071 dum
623 2029 725 2067 non
748 2011 856 2065 erit
879 2009 1041 2063 etiam
1073 2003 1379 2073 intelligere
1422 2000 1675 2070 injuriam
1709 1995 2034 2052 inferentem

461 2103 709 2161 exaltari.
744 2099 1107 2167 Quamobrem
1141 2108 1268 2148 vera
1300 2104 1354 2147 et
1390 2091 1702 2147 necessaria
1740 2087 1879 2142 ratio
1905 2102 2035 2140 sua-

461 2201 570 2260 det,
613 2204 668 2249 et
709 2200 915 2247 tantum
960 2204 1068 2243 non
1116 2184 1419 2254 compellit,
1460 2184 1706 2250 utipsam
1745 2177 2037 2250 plenitudi-

463 2303 583 2343 nem
608 2281 1033 2340 exinanitionem
1069 2292 1313 2348 passam,
1354 2273 1481 2327 illud
1514 2287 1726 2326 rursum
1769 2285 1874 2324 non
1895 2267 2039 2338 quod

463 2389 652 2449 suapte
688 2385 881 2430 natura
910 2386 1126 2428 servum
1159 2378 1260 2431 est,
1297 2367 1405 2421 imo
1432 2380 1557 2420 vero
1586 2363 1733 2419 onmi
1763 2361 2040 2416 servitutis

463 2472 774 2528 conditione
816 2464 1085 2535 superius.
1137 2460 1323 2517 servili
1354 2460 1527 2513 forma
1560 2471 1620 2510 se
1654 2455 1941 2519 vestiisse;
1985 2460 2041 2505 et

465 2565 516 2617 in
541 2557 947 2617 similitudinem
974 2552 1252 2607 hominum
1280 2549 1429 2603 illum
1469 2546 1693 2612 factum,
1727 2544 1818 2615 qui
1845 2554 2037 2598 natura

464 2654 588 2709 talis
642 2666 751 2704 non
811 2654 965 2711 erat,
1015 2643 1329 2713 ptinsquant
1376 2641 1538 2694 homo
1604 2637 1759 2692 fieret
1793 2678 1808 2702 ,
1862 2636 2037 2705 ipsam

467 2745 697 2813 denique
734 2736 1076 2794 altitudinem
1128 2749 1187 2789 se
1219 2731 1539 2788 humiliasse
1568 2729 1944 2785 existimemus
1986 2735 2041 2780 ct

467 2836 841 2907 prmdicemus.
869 2822 1062 2897 ‘lpsum
1114 2826 1297 2894 itaque
1331 2822 1423 2878 Dei
1459 2820 1694 2876 Verbum
1743 2819 2038 2874 secundum

471 2940 716 2981 naturam
754 2923 1047 2976 humanam
1098 2927 1290 2985 sponte
1340 2916 1406 2969 ad
1464 2914 1652 2968 isthmc
1686 2921 1913 2982 propter
1939 2925 2041 2966 nos

470 3035 590 3075 sese
616 3016 920 3078 demisisse,
953 3022 1007 3067 et
1035 3012 1089 3065 in
1122 3009 1355 3079 propria:
1388 3005 1746 3062 nihilominus
1769 3004 2035 3060 excellen-

473 3115 559 3164 tiae
608 3106 842 3161 culmine
883 3104 1181 3158 secundum
1224 3099 1461 3153 divinam
1517 3106 1765 3150 naturam
1799 3110 2046 3166 perman-

472 3203 610 3255 sisse
648 3198 938 3250 credimus.
978 3192 1089 3247 llac
1141 3189 1348 3243 ratione
1383 3197 1436 3242 et
1466 3186 1899 3256 superexaltatus
1929 3202 2049 3242 esse

473 3291 692 3351 dicitur,
723 3296 775 3341 et
805 3285 1080 3353 acet-pisse
1130 3294 1326 3337 nomen
1372 3280 1515 3349 quod
1562 3288 1646 3334 est
1677 3295 1841 3349 super
1886 3295 2049 3335 omne

475 3398 692 3444 nomen,
730 3388 781 3433 et
808 3378 874 3431 ab
903 3376 1160 3429 omnibus
1195 3371 1433 3434 adorari,
1465 3380 1626 3441 atque
1659 3373 1711 3426 in
1742 3372 1834 3427 Dei
1868 3370 2047 3429 Patris

476 3472 702 3544 gloriam
763 3467 1019 3523 Dominus
1073 3462 1361 3519 nominari.
1398 3461 1534 3516 Nam
1594 3464 1697 3517 etsi
1759 3464 1813 3517 in
1871 3462 2047 3519 Patris

475 3563 767 3621 eminentia
820 3570 876 3616 et
934 3555 1299 3627 inexplicabili
1362 3554 1645 3624 majestate
1709 3557 2047 3612 constitutus

473 3665 640 3721 esset,
669 3653 754 3707 ubi
784 3660 966 3705 tamen
1000 3649 1066 3703 ad
1099 3646 1523 3703 exinanitiouem
1567 3660 1625 3701 se
1651 3645 1889 3712 demisit,
1927 3662 2048 3703 ser-

474 3749 673 3817 vilique
718 3744 889 3799 forma
938 3755 998 3796 se
1049 3737 1364 3794 humiliatus
1420 3737 1615 3802 induit,
1656 3747 1708 3793 et
1742 3753 1932 3793 rursus
1959 3753 2051 3793 na-

477 3853 609 3896 turae
672 3836 773 3893 sibi
836 3835 1022 3898 unitae,
1068 3833 1171 3887 hoc
1222 3840 1305 3885 est
1362 3831 1638 3895 humanae,
1678 3841 2049 3901 paupertatem

477 3930 887 3995 transcendens,
913 3927 978 3982 ad
1014 3924 1258 3997 proprias
1282 3923 1498 3977 divitias
1523 3924 1797 3979 ascendit:
1832 3924 1932 3981 bac
1965 3939 2052 3979 ra-

478 4026 623 4080 tione
661 4021 961 4077 secuudum
1011 4027 1263 4071 naturam
1327 4016 1620 4070 humanam
1671 4015 1723 4070 id
1769 4017 2054 4087 accepisse

476 4118 694 4179 dicitur,
758 4111 904 4186 quod
975 4119 1235 4179 perpetuo
1282 4115 1708 4177 constanterque
1772 4110 1824 4162 in
1875 4109 2055 4178 seipso

480 4207 740 4276 possidet,
780 4215 977 4271 nempe
1038 4201 1204 4254 Deum
1241 4209 1293 4253 et
1341 4199 1721 4254 universorum
1764 4199 2053 4256 Dominum

1439 154 1494 206 S.
1537 151 1811 206 CYRILIJ
1855 140 2315 200 ALEXANDRINI
2356 138 2676 193 ARCIHEP.

448 289 675 351 t-nruvit,
699 295 753 337 et
782 285 936 351 juxta
983 278 1321 335 auctoritatis
1362 277 1625 329 rationem
1649 314 1666 336 ,
1707 270 2013 325 ﬁliationis-

2144 263 2220 331 εῆς
2267 258 2551 321 αὺθεντίας
2600 259 2822 329 τρόπον,
2865 257 2957 310 καὶ
3003 254 3147 308 κατᾶ
3185 254 3288 322 τὴν
3328 252 3436 321 τῆς
3475 250 3761 318 aurato;

2123 351 2462 424 ὁμωνυμίαν,
2493 350 2567 412 ὡς
2593 349 2782 422 ἕτερος
2829 347 2904 399 ὢν
2956 346 3142 409 ἰδικῶς
3188 346 3326 414 παρ’
3354 343 3538 396 αὑτὸν
3574 340 3717 403 Υἱός
3740 357 3755 367 ’

2120 443 2202 507 τίς
2230 443 2337 511 ἄρα
2366 443 2394 494 ὁ
2417 439 2662 502 κενώσας
2688 439 2877 492 ἑαυτόν
2899 437 2965 507 ;ῆ
2996 438 3120 490 τίνα
3152 436 3474 490 κεκένωται
3499 433 3753 502 τρόπαια

2123 536 2186 587 Εἰ
2222 534 2321 605 μὲν
2346 532 2476 603 γὰρ,
2514 531 2589 595 ὡς
2623 530 2777 584 αὐτοί
2807 547 2990 598 φασιν,
3035 530 3063 582 ό
3102 530 3170 582 ὲκ
3218 524 3503 596 γυναικὸς
3554 522 3756 584 ἰδικῶς

2124 624 2414 695 νοούμενος
2457 621 2741 694 ἄνθρωπος
2773 620 2931 674 τοῦτο
2977 620 3198 688 λέγεται
3246 616 3486 683 παθεῖν,
3539 613 3673 676 πῶς
3720 616 3751 682 ἢ

2126 719 2245 771 τίνα
2285 716 2583 770 κεκένωται
2612 714 2843 784 τρόπονς
2878 711 3083 780 κατέϐη
3104 710 3170 776 δὲ
3202 712 3366 772 ὅπως
3408 710 3499 772 εἰς
3549 708 3753 759 ταπεί-

2126 826 2289 861 νωσιν
2331 810 2358 861 ό
2408 808 2467 859 ὲν
2522 806 2727 875 ἰσότητι
2780 802 3021 872 γεγονὼς
3067 805 3136 873 τῇ
3184 801 3326 873 πρὸς
3376 799 3531 875 Θεὸν
3575 800 3753 865 Λόγον

2127 900 2272 953 κατά
2321 916 2384 967 γε
2430 898 2522 951 τὸν
2562 896 2663 966 τῆς
2700 895 2878 962 ἀξίας,
2929 894 3096 966 ἤγουν
3121 874 3453 958 αὖθεντίας,
3514 892 3750 963 τρόπον,

2129 1000 2225 1053 καὶ
2266 998 2470 1069 ταύτην
2507 997 2645 1068 ἔχων
2680 996 2819 1067 πρὸς
2852 993 3013 1048 αὑτὸν
3045 994 3145 1061 τὴν
3178 987 3554 1056 συνάφειανς
3601 984 3668 1041 ΕΞ
3696 984 3752 1036 δὲ

2130 1094 2216 1144 ἐπ’
2249 1091 2412 1145 αὐτοῦ
2445 1090 2539 1143 τοῦ
2574 1087 2710 1142 Θεοῦ
2754 1088 2953 1153 Λόγου,
2981 1081 3276 1154 νοουμένου
3322 1080 3512 1135 πάλιν
3561 1078 3747 1140 iamsi»;

2132 1187 2228 1240 καὶ
2278 1184 2382 1239 ἀνὰ
2430 1184 2598 1254 μέρος
2641 1181 2795 1247 Υίοῦ,
2829 1181 2891 1233 τὸ
2930 1175 3271 1231 κεκενῶσθαι
3316 1172 3598 1239 λέγοιτο,
3637 1169 3744 1231 sic;

2132 1276 2435 1349 κεκένωται
2459 1275 2702 1345 τιμήσας
2730 1274 2935 1343 ἕτερον,
2969 1268 3114 1322 καθὰ
3145 1284 3312 1335 φασιν
3365 1266 3620 1323 ἐκεῖνοι,
3658 1261 3743 1313 καὶ

2132 1370 2245 1421 τοῖς
2278 1366 2427 1428 ἰδίοις
2468 1364 2628 1418 αὑτὸν
2679 1362 2953 1432 ἀξιώμασι
2988 1355 3341 1429 περιϐαλὼν;
3379 1354 3742 1431 Τεταπείνυ-

2132 1477 2222 1513 ται
2267 1458 2323 1512 δὲ
2345 1460 2467 1512 τίνα
2509 1457 2707 1528 τρόπον
2736 1458 2766 1510 ὁ
2806 1454 2906 1523 τῆς
2948 1451 3111 1506 αὖτοῦ
3149 1450 3315 1520 δόξης
3339 1447 3414 1500 τὸ
3475 1446 3624 1515 ὕψος
3672 1444 3740 1513 τῷ

2138 1550 2465 1619 συναψοέντι
2516 1547 2727 1612 διδούς;
2781 1546 2843 1599 Ei
2874 1545 2983 1613 γὰρ
3019 1543 3085 1614 δὴ
3133 1544 3317 1612 φαῖεν,
3355 1541 3454 1593 ὅτι
3503 1537 3741 1602 δοξᾱξωτ

2137 1644 2322 1714 ἕτερον
2379 1640 2541 1703 αὐτὸς
2571 1639 2838 1706 ὑπομένει
2882 1636 2980 1707 τὴν
3010 1634 3371 1697 ταπείνωσιν,
3429 1633 3621 1703 ἤγουν
3659 1630 3741 1697 τὴν

2135 1738 2384 1798 κένωσιν,
2433 1733 2605 1795 οὐδὲν,
2654 1733 2729 1795 ὡς
2762 1729 2929 1795 ἔοικε,
2966 1728 3074 1781 τῶν
3121 1727 3353 1781 ἀτόπων
3397 1726 3625 1778 ἐννοεῖν
3663 1724 3737 1776 ὅτι

2137 1829 2230 1881 καὶ
2261 1825 2499 1894 ὑϐρίζων
2541 1822 2792 1894 ὑψοῦται.
2844 1819 3174 1888 Ἀναγκαίου
3219 1816 3541 1887 τοιγαροῦν
3580 1816 3748 1886 ἡμᾶς,

2138 1919 2231 1972 καὶ
2258 1917 2445 1989 μέντοι
2476 1915 2571 1970 καὶ
2593 1912 2827 1985 ἀληθοῦς
2847 1911 3131 1983 μονονουχὶ
3166 1909 3427 1963 συνωθοῦ
3437 1926 3571 1972 ντος
3590 1909 3749 1975 λόγου

2137 2013 2275 2083 πρός
2301 2028 2365 2080 γε
2391 2011 2451 2063 τὸ
2482 2008 2692 2062 οἴεσθαι
2718 2008 2831 2061 δεῖν
2855 2007 2938 2059 ὅτι
2980 2003 3234 2059 κενοῦται
3266 2002 3336 2056 τὸ
3375 2001 3624 2072 πλῆρες,
3656 2002 3747 2053 καὶ

2137 2105 2194 2155 ὲν
2222 2100 2409 2155 δούλου
2455 2100 2635 2168 μορφῇ
2670 2096 2865 2165 γένοιτ’
2896 2093 2983 2155 ἂν,
3026 2092 3088 2145 οὐ
3115 2091 3179 2144 τὸ
3207 2094 3277 2161 τῇ
3313 2091 3485 2158 φύσει
3532 2089 3747 2153 δοῦλον,

2139 2191 2278 2248 ἀλλὰ
2305 2191 2366 2244 τὸ
2392 2188 2501 2242 τῶν
2534 2190 2634 2258 τῆς
2669 2185 2915 2248 δουλείας
2943 2183 3203 2236 ἐπέκεινα
3240 2183 3501 2253 μέτρων.
3532 2181 3747 2233 Γίνεται

2137 2285 2193 2338 δὲ
2239 2284 2333 2337 καὶ
2362 2284 2419 2335 ὲν
2451 2278 2758 2351 ὁμοιώματι
2805 2275 3126 2347 ἀνθρώπων,
3166 2275 3231 2327 τὸ
3260 2275 3346 2344 μὴ
3380 2273 3581 2336 οὕτως
3630 2274 3741 2343 ἕχον

2138 2375 2279 2427 κατὰ
2325 2372 2486 2442 φύσιν
2533 2372 2662 2441 πρὶν
2714 2369 2963 2440 γένηται.
3012 2367 3121 2419 Καὶ
3151 2365 3237 2419 ὅτι
3273 2366 3661 2418 ταπεινοῦται
3693 2367 3743 2416 τὸ

2140 2466 2363 2537 ὑψηλὸν,
2395 2464 2558 2519 αὑτὸν
2602 2461 2933 2531 πιστεύομεν
2978 2458 3071 2512 τὸν
3116 2457 3213 2511 τοῦ
3250 2457 3400 2511 Θεοῦ
3446 2460 3636 2527 Λόγον
3664 2461 3723 2512 ἀν

2140 2556 2428 2628 Ορωπίνως
2458 2558 2516 2609 ὲν
2550 2554 2762 2616 τούτοις
2809 2550 3063 2621 γενέσθαι
3090 2588 3104 2616 ,
3142 2552 3268 2603 κατ’
3324 2550 3479 2603 ἰδίαν
3532 2550 3745 2619 θέλησιν

2140 2648 2281 2718 ὑπὲρ
2332 2645 2523 2717 ἡμῶν·
2565 2644 2932 2715 μεμενηκέναι
2982 2641 3039 2695 δὲ
3093 2640 3297 2704 θεῖκῶς
3350 2643 3413 2695 ἐν
3474 2643 3598 2704 τοῖς
3654 2641 3718 2708 τῆ

2145 2739 2281 2802 ἰδίας
2308 2736 2584 2808 ὑπεροχῆς
2614 2732 3093 2805 ὑψώμασι.Ταύτῃ
3110 2749 3191 2785 τοι
3215 2733 3314 2786 καὶ
3340 2732 3746 2803 {or-.3qu

2142 2832 2385 2899 λέγεται,
2423 2829 2516 2889 καὶ
2556 2828 2742 2882 λαϐεῖν
2784 2827 2845 2880 τὸ
2887 2828 3057 2897 ὃνομα
3089 2825 3150 2878 τὸ
3192 2825 3343 2897 ὑπὲρ
3390 2821 3514 2879 πᾶν
3562 2826 3741 2894 δνομα.

2150 2921 2572 2996 προσκυνεῖσθαί
2602 2938 2661 2973 τε
2700 2920 2852 2991 παρὰ
2879 2920 3121 2983 πάντων,
3161 2916 3259 2970 καὶ
3292 2920 3384 2981 εἰς
3422 2917 3595 2981 δόξαν
3619 2915 3743 2968 Θεςό

2151 3015 2360 3085 Ματρὸς
2393 3011 2754 3084 ὀνομάζεσθαι
2775 3024 2803 3053 ι
2833 3009 3059 3081 Κύριος.
3092 3009 3287 3063 Καίτοι
3326 3010 3445 3079 γὰρ
3491 3009 3744 3078 ὑπάρχειν

2148 3109 2207 3162 ὲν
2233 3110 2300 3178 τῇ
2328 3105 2423 3161 τοῦ
2459 3104 2676 3174 Πατρός
2707 3104 2975 3173 ὑπεροχῇ,
2999 3104 3093 3155 καί
3124 3101 3181 3153 ὲν
3209 3101 3495 3172 ἀρρήτοις
3525 3100 3744 3169 ὑᾲώμα·

2151 3215 2269 3252 σινσ
2313 3197 2501 3266 ἐπειδὴ
2543 3195 2784 3267 καθῆκεν
2823 3194 3015 3248 ἑαυτὸν
3048 3195 3130 3257 εἰς
3160 3192 3427 3256 κένωσιν,
3464 3194 3569 3246 καὶ
3600 3209 3743 3245 τετα-

2151 3288 2450 3343 πεινῶσθαι
2475 3286 2714 3356 λέγεται,
2755 3284 2970 3357 μορφὴν
3007 3284 3196 3339 δούλου
3227 3282 3455 3338 λαϐὼν·
3484 3283 3660 3351 ἀνέϐη
3692 3284 3743 3336 δὲ

2154 3382 2317 3435 πάλιν
2364 3382 2443 3445 εἰς
2491 3380 2582 3433 τὸν
2619 3378 2752 3432 ῖδιον
2807 3376 3057 3443 πλοῦτον,
3094 3376 3195 3447 τῆς
3245 3374 3579 3446 ἑνωθείσης·
3607 3375 3741 3443 αὑτῷ

2156 3472 2394 3542 φύσεως,
2417 3470 2577 3541 δῆλον
2608 3470 2665 3524 δὲ
2695 3470 2777 3523 ὅτι
2810 3471 2909 3540 τῆς
2937 3467 3312 3539 ἀνθρωπίνης,
3330 3466 3439 3538 τὴν
3474 3466 3741 3536 mysta

2157 3563 2545 3637 ὑπερδραμὼν,
2576 3562 2748 3634 ταύτῃ
2792 3578 2875 3615 τοι
2910 3560 3093 3615 λαϐεῖν
3128 3559 3504 3629 ἀνθρωπίνως
3538 3559 3738 3629 λέγεται

2154 3657 2217 3710 τὸ
2241 3656 2327 3709 ἀεί
2353 3674 2414 3709 τε
2444 3656 2540 3709 καὶ
2570 3653 2962 3724 ἁναποϐλήτως
3011 3651 3319 3723 ἐνυπάρχον
3366 3651 3553 3724 αὐτῷ,
3600 3669 3738 3705 τουτ-

2159 3751 2275 3805 έστι
2306 3750 2368 3803 τὸ
2398 3745 2537 3803 εἶναι
2565 3748 2697 3811 Θεὸς
2726 3748 2821 3801 καὶ
2854 3746 2965 3801 τῶν
3005 3746 3142 3800 ὅλων
3174 3746 3407 3816 Κύριος.
3438 3749 3561 3800 Καὶ
3596 3749 3738 3814 εἰπερ

2156 3842 2305 3895 ἐστὶν
2337 3839 2556 3903 εὐκλεὲς
2584 3838 2663 3910 τῷ
2708 3838 2884 3908 Πατρὶ
2922 3837 2983 3891 τὸ
3029 3836 3233 3908 Κύριον
3283 3836 3434 3906 ἔχειν
3472 3836 3591 3889 τῶν
3616 3838 3739 3889 ὅλων

2157 3935 2249 3987 τὸν
2286 3932 2417 3986 ἴδιον
2438 3931 2588 3997 Υἱὸν,
2616 3930 2734 3994 πῶς
2753 3930 2855 3983 οὐκ
2883 3928 3083 3998 ἀληθὲς
3113 3930 3309 3994 εἰπεῖν,
3326 3928 3415 3981 ὅτι
3447 3929 3736 3999 τετήρηται

2158 4025 2321 4080 πάλιν
2356 4024 2528 4094 αὐτῷ,
2567 4025 2660 4077 καὶ
2687 4023 2784 4093 τὴν
2815 4020 2911 4076 τοῦ
2937 4021 3129 4077 δούλου
3162 4021 3388 4075 λαϐόντι
3423 4022 3665 4092 μορφὴν,
3688 4019 3737 4073 τὸ

2158 4116 2441 4188 ἐλεύθερον
2492 4115 2585 4168 καὶ
2617 4114 2715 4185 τῆς
2754 4113 2898 4167 κατὰ
2931 4113 3150 4168 πάντων
3201 4112 3535 4184 κυριότητός
3569 4128 3628 4165 τε
3654 4112 3737 4164 καὶ

2161 4207 2407 4274 ἐξουσίας
2430 4207 2491 4260 τὸ
2513 4205 2822 4276 ὑπερφερὲς
2856 4203 3071 4274 ἀξίωμα
3092 4221 3107 4271 ;

481 4316 621 4354 esse.
663 4297 904 4365 Denique
943 4295 985 4349 si
1037 4292 1178 4347 Patri
1211 4290 1564 4346 honorificum
1601 4300 1686 4347 est
1750 4293 1945 4350 Filium
2011 4296 2217 4357 habere
2279 4301 2370 4371 qui
2421 4300 2472 4353 in
2519 4312 2709 4354 omnes
2754 4307 2811 4352 et
2849 4296 3034 4352 omnia
3101 4297 3406 4352 dominium
3467 4301 3736 4367 obtineat;

481 4392 565 4447 cui
594 4392 813 4446 dubium
843 4384 965 4444 eSse
999 4393 1197 4455 potest,
1249 4382 1378 4453 quin
1440 4382 1518 4437 illi
1565 4383 1731 4438 etiam
1776 4396 1898 4455 post
1941 4389 2082 4442 servi
2127 4391 2356 4448 formam
2436 4398 2715 4459 acceptam
2766 4389 3014 4458 libertas,
3062 4391 3616 4463 supernaturalisque
3658 4409 3735 4465 po-

485 4485 697 4543 testatis
725 4492 779 4536 ct
817 4477 1205 4536 dominationis
1246 4476 1299 4530 in
1336 4490 1525 4531 omnes
1562 4476 1800 4548 dignitas
1841 4481 2055 4554 integra
2098 4485 2169 4540 sit
2194 4484 2517 4544 asservata?

552 4596 674 4650 XX.
704 4613 723 4646 ι
758 4593 975 4647 Gratias
1000 4600 1223 4662 agentes
1253 4588 1422 4652 Patri,
1460 4591 1551 4658 qui
1586 4591 1777 4662 dignos
1802 4611 1901 4651 nos
1931 4598 2041 4655 fecii

2232 4600 2316 4654 K’.
2370 4619 2388 4650 ι
2426 4595 2892 4669 Εὐχαριστοῦντες
2940 4596 3019 4668 τῷ
3065 4599 3244 4670 Πατρὶ
3285 4598 3363 4671 τῷ
3422 4603 3737 4658 ἱκανώσαντι

485 4691 538 4743 in
569 4697 778 4757 partem
825 4685 988 4740 sortis
1037 4691 1349 4737 sanctorum
1377 4680 1538 4753 14,3
1589 4683 1639 4736 in
1681 4684 1925 4741 lumine:
1967 4690 2057 4757 qui

485 4775 686 4845 eripuit
717 4788 815 4828 nos
849 4775 915 4827 de
950 4780 1217 4841 potestate
1245 4771 1617 4838 tenebrarum,
1677 4784 1732 4829 et
1786 4778 2065 4833 transtulit

486 4869 544 4923 in
568 4881 788 4936 regnum
841 4865 963 4919 Filii
1017 4865 1327 4923 dilectionis
1360 4884 1506 4936 suae;
1548 4868 1599 4923 in
1651 4884 1761 4939 quo
1801 4871 2069 4928 habemus

489 4959 955 5029 redemptionem,
1005 4966 1058 5011 et
1112 4960 1487 5015 remissionem
1524 4971 1873 5029 peccatorum
1908 4981 1922 5017 :
1975 4963 2066 5033 qui

489 5062 571 5106 est
628 5051 803 5120 imago
868 5048 962 5104 Dei
1036 5048 1823 5119 invisibilis,-primogenitus
1893 5053 2069 5109 omnis

491 5155 753 5197 creatura:
787 5161 799 5195 :
839 5142 1091 5211 quoniam
1135 5142 1187 5195 in
1212 5140 1328 5211 ipso
1380 5142 1597 5197 condita
1649 5154 1774 5198 sunt
1816 5144 2069 5200 universa

494 5235 546 5288 iu
594 5235 748 5289 caelis
793 5245 846 5288 ct
904 5237 956 5288 in
1010 5243 1180 5301 terra,
1215 5233 1448 5289 visibilia
1500 5244 1555 5290 et
1604 5236 1918 5302 invisibilia,
1955 5239 2069 5294 sive

2168 4691 2317 4760 ἡμᾶς
2340 4691 2421 4753 εἰς
2447 4688 2548 4759 τὴν
2594 4688 2788 4760 μερίδα
2823 4688 2917 4742 τοῦ
2974 4689 3177 4760 κλήρου
3220 4692 3332 4745 τῶν
3363 4693 3541 4762 ἁγίων
3590 4699 3648 4749 ἐν
3675 4698 3735 4766 τῷ

2170 4780 2341 4851 φωτί·
2375 4780 2434 4845 ὃς
2471 4781 2743 4851 ἐρρύσατο
2768 4781 2917 4851 ἡμᾶς
2967 4780 3032 4833 ἐκ
3060 4781 3161 4850 τῆς
3203 4782 3454 4850 ἐξουσίας
3500 4785 3599 4840 τοῦ
3635 4789 3738 4840 σκό.

2166 4889 2312 4936 τους,
2345 4873 2439 4927 καὶ
2469 4873 2799 4944 μετέστησεν
2831 4873 2912 4937 είς
2935 4873 3031 4944 τὴν
3063 4873 3351 4943 βασιλειαν
3378 4877 3477 4930 τοῦ
3510 4877 3641 4933 Υἱοῦ
3660 4883 3741 4950 τῆς

2167 4964 2390 5034 ἀγάπης
2421 4962 2610 5028 αὑτοῦ,
2657 4965 2714 5016 ὲν
2758 4956 2804 5031 ᾧ
2835 4962 3033 5036 ἔχομεν
3073 4966 3177 5035 τὴν
3215 4968 3627 5041 ἀπολύτρωσιν,
3661 4974 3744 5042 τὴν

2172 5055 2370 5123 ἄφεσιν
2426 5053 2535 5109 τῶν
2572 5056 2888 5129 ἁμαρτιῶν·
2913 5054 2972 5119 ὃς
3005 5058 3157 5111 ὲστιν
3188 5058 3356 5113 εἰκὼν
3384 5060 3479 5113 τοῦ
3507 5060 3641 5115 Θεοῦ
3666 5063 3742 5115 τοῦ

2172 5148 2427 5219 ἀοράτου,
2471 5147 2816 5219 πρωτότοκος
2864 5148 3046 5219 πάσης
3090 5149 3330 5216 κτίσεως
3356 5170 3368 5183 ε
3398 5152 3482 5206 ὃτι
3522 5154 3579 5207 ὲν
3618 5154 3745 5224 αὖτῷ

2176 5240 2399 5309 ἐκτίσθη
2426 5239 2493 5294 τὰ
2524 5240 2701 5294 πάντα
2741 5240 2797 5295 ὲν
2831 5243 2943 5304 τοῖς
2978 5241 3234 5313 οὐρανοῖς
3269 5246 3372 5299 καὶ
3396 5246 3492 5302 ἐπὶ
3516 5246 3610 5317 τῆς
3637 5249 3743 5319 γῆς.

1586 5413 1760 5469 Variae
1785 5412 2042 5473 lectiones
2074 5416 2275 5474 codicis
2310 5417 2668 5490 Seguieriani.

564 5579 594 5613 κ
628 5571 960 5641 ὠνομάσθαι.

3598 131 3764 183 156]
