  <div class='ocr_page' id='page_1' title='image "/cluster/home/n/w/nwhite01/storage/ocr_20150623/76/mdp.39015013094878/706.png"; bbox 0 0 3942 6128; ppageno 0'>
   <div class='ocr_carea' id='block_1_1' title="bbox 229 325 358 380">
    <p class='ocr_par' dir='ltr' id='par_1_1' title="bbox 229 325 358 380">
     <span class='ocr_line' id='line_1_1' title="bbox 229 325 358 380; baseline 0.016 -2"><span class='ocrx_word' id='word_1_1' title='bbox 229 325 358 380; x_wconf 69' lang='grc'><strong>1561</strong></span> 
     </span>
    </p>
   </div>
   <div class='ocr_carea' id='block_1_2' title="bbox 1034 331 2693 396">
    <p class='ocr_par' dir='ltr' id='par_1_2' title="bbox 1034 331 2693 396">
     <span class='ocr_line' id='line_1_2' title="bbox 1034 331 2693 396; baseline 0.006 -11"><span class='ocrx_word' id='word_1_2' title='bbox 1034 331 1124 386; x_wconf 81' lang='lat' dir='ltr'><strong>AD</strong></span> <span class='ocrx_word' id='word_1_3' title='bbox 1165 332 1463 391; x_wconf 73' lang='lat' dir='ltr'><strong>REGINAS</strong></span> <span class='ocrx_word' id='word_1_4' title='bbox 1505 335 1590 391; x_wconf 87' lang='lat' dir='ltr'><strong>DE</strong></span> <span class='ocrx_word' id='word_1_5' title='bbox 1634 335 1856 393; x_wconf 79' lang='lat' dir='ltr'><strong>RECTA</strong></span> <span class='ocrx_word' id='word_1_6' title='bbox 1898 336 2056 392; x_wconf 76' lang='lat' dir='ltr'><strong>FIDE</strong></span> <span class='ocrx_word' id='word_1_7' title='bbox 2095 336 2356 394; x_wconf 58' lang='lat' dir='ltr'><strong>ORATIO</strong></span> <span class='ocrx_word' id='word_1_8' title='bbox 2395 339 2693 396; x_wconf 75' lang='lat' dir='ltr'><strong>ALTERA.</strong></span> 
     </span>
    </p>
   </div>
   <div class='ocr_carea' id='block_1_3' title="bbox 3336 340 3476 395">
    <p class='ocr_par' dir='ltr' id='par_1_3' title="bbox 3336 340 3476 395">
     <span class='ocr_line' id='line_1_3' title="bbox 3336 340 3476 395; baseline 0 -1"><span class='ocrx_word' id='word_1_9' title='bbox 3336 340 3476 395; x_wconf 63' lang='lat'><strong>{3.72</strong></span> 
     </span>
    </p>
   </div>
   <div class='ocr_carea' id='block_1_4' title="bbox 221 443 1774 528">
    <p class='ocr_par' dir='ltr' id='par_1_4' title="bbox 221 443 1774 524">
     <span class='ocr_line' id='line_1_4' title="bbox 221 443 1774 524; baseline 0.007 -29"><span class='ocrx_word' id='word_1_10' title='bbox 221 443 288 496; x_wconf 71' lang='grc' dir='ltr'>τὰ</span> <span class='ocrx_word' id='word_1_11' title='bbox 317 444 489 514; x_wconf 84' lang='grc' dir='ltr'>ὁρατά</span> <span class='ocrx_word' id='word_1_12' title='bbox 533 447 624 500; x_wconf 73' lang='grc' dir='ltr'>καὶ</span> <span class='ocrx_word' id='word_1_13' title='bbox 656 447 722 501; x_wconf 85' lang='grc' dir='ltr'><strong>τά</strong></span> <span class='ocrx_word' id='word_1_14' title='bbox 765 448 992 519; x_wconf 69' lang='grc' dir='ltr'>ἀόρατα,</span> <span class='ocrx_word' id='word_1_15' title='bbox 1025 449 1134 503; x_wconf 77' lang='grc' dir='ltr'>εἴτε</span> <span class='ocrx_word' id='word_1_16' title='bbox 1166 451 1357 521; x_wconf 84' lang='grc' dir='ltr'>Θρόνοι</span> <span class='ocrx_word' id='word_1_17' title='bbox 1378 495 1391 517; x_wconf 89' lang='grc'><strong>,</strong></span> <span class='ocrx_word' id='word_1_18' title='bbox 1441 455 1553 507; x_wconf 87' lang='grc' dir='ltr'>εῖτε</span> <span class='ocrx_word' id='word_1_19' title='bbox 1586 455 1774 524; x_wconf 75' lang='grc' dir='ltr'><strong>Κυριό⁴</strong></span> 
     </span>
    </p>
   </div>
   <div class='ocr_carea' id='block_1_5' title="bbox 1880 443 3536 528">
    <p class='ocr_par' dir='ltr' id='par_1_5' title="bbox 1897 453 3536 528">
     <span class='ocr_line' id='line_1_5' title="bbox 1897 453 3536 528; baseline 0.005 -22"><span class='ocrx_word' id='word_1_20' title='bbox 1897 453 2100 509; x_wconf 87' lang='lat' dir='ltr'><strong>&#39;l&#39;hroni</strong></span> <span class='ocrx_word' id='word_1_21' title='bbox 2125 495 2139 514; x_wconf 82' lang='lat'><em>.</em></span> <span class='ocrx_word' id='word_1_22' title='bbox 2193 455 2309 513; x_wconf 88' lang='lat' dir='ltr'><strong>sive</strong></span> <span class='ocrx_word' id='word_1_23' title='bbox 2341 454 2769 522; x_wconf 79' lang='lat' dir='ltr'><strong>Domiuatioues,</strong></span> <span class='ocrx_word' id='word_1_24' title='bbox 2809 459 2925 514; x_wconf 90' lang='lat' dir='ltr'><strong>sive</strong></span> <span class='ocrx_word' id='word_1_25' title='bbox 2960 457 3323 528; x_wconf 82' lang='lat' dir='ltr'><strong>Principatns,</strong></span> <span class='ocrx_word' id='word_1_26' title='bbox 3357 458 3472 514; x_wconf 77' lang='lat' dir='ltr'><strong>sive</strong></span> <span class='ocrx_word' id='word_1_27' title='bbox 3528 492 3536 498; x_wconf 94' lang='lat'><strong><em>-</em></strong></span> 
     </span>
    </p>
   </div>
   <div class='ocr_carea' id='block_1_6' title="bbox 219 531 1789 610">
    <p class='ocr_par' dir='ltr' id='par_1_6' title="bbox 219 531 1789 610">
     <span class='ocr_line' id='line_1_6' title="bbox 219 531 1789 610; baseline 0.007 -24"><span class='ocrx_word' id='word_1_28' title='bbox 219 551 400 603; x_wconf 86' lang='grc' dir='ltr'>τητες,</span> <span class='ocrx_word' id='word_1_29' title='bbox 448 537 560 590; x_wconf 70' lang='grc' dir='ltr'>εἴτε</span> <span class='ocrx_word' id='word_1_30' title='bbox 611 539 820 610; x_wconf 73' lang='grc' dir='ltr'>Ἀρχαὶ,</span> <span class='ocrx_word' id='word_1_31' title='bbox 869 539 976 592; x_wconf 71' lang='grc' dir='ltr'>εἴτε</span> <span class='ocrx_word' id='word_1_32' title='bbox 1019 531 1322 606; x_wconf 84' lang='grc' dir='ltr'>Ἐξουσὶαι⁶</span> <span class='ocrx_word' id='word_1_33' title='bbox 1378 545 1446 598; x_wconf 83' lang='grc' dir='ltr'><strong>τὰ</strong></span> <span class='ocrx_word' id='word_1_34' title='bbox 1497 545 1675 599; x_wconf 78' lang='grc' dir='ltr'>πάντα</span> <span class='ocrx_word' id='word_1_35' title='bbox 1723 546 1789 598; x_wconf 83' lang='grc' dir='ltr'>δι’</span> 
     </span>
    </p>
   </div>
   <div class='ocr_carea' id='block_1_7' title="bbox 218 627 1792 708">
    <p class='ocr_par' dir='ltr' id='par_1_7' title="bbox 218 627 1792 708">
     <span class='ocr_line' id='line_1_7' title="bbox 218 627 1792 708; baseline 0.008 -30"><span class='ocrx_word' id='word_1_36' title='bbox 218 627 385 679; x_wconf 81' lang='grc' dir='ltr'>αὐτοῦ</span> <span class='ocrx_word' id='word_1_37' title='bbox 432 629 524 683; x_wconf 68' lang='grc' dir='ltr'><strong>καὶ¹</strong></span> <span class='ocrx_word' id='word_1_38' title='bbox 575 629 652 692; x_wconf 78' lang='grc' dir='ltr'><strong>εις</strong></span> <span class='ocrx_word' id='word_1_39' title='bbox 686 631 846 684; x_wconf 71' lang='grc' dir='ltr'>αὐτὸν</span> <span class='ocrx_word' id='word_1_40' title='bbox 879 630 1150 686; x_wconf 74' lang='grc' dir='ltr'>ἔκτισται·</span> <span class='ocrx_word' id='word_1_41' title='bbox 1184 635 1278 688; x_wconf 74' lang='grc' dir='ltr'><strong>καὶ</strong></span> <span class='ocrx_word' id='word_1_42' title='bbox 1327 635 1491 698; x_wconf 81' lang='grc' dir='ltr'>αὐτός</span> <span class='ocrx_word' id='word_1_43' title='bbox 1532 637 1647 690; x_wconf 81' lang='grc' dir='ltr'>ἐστι</span> <span class='ocrx_word' id='word_1_44' title='bbox 1687 636 1792 708; x_wconf 80' lang='grc' dir='ltr'><strong>πρὸ</strong></span> 
     </span>
    </p>
   </div>
   <div class='ocr_carea' id='block_1_8' title="bbox 219 719 1794 797">
    <p class='ocr_par' dir='ltr' id='par_1_8' title="bbox 219 719 1794 797">
     <span class='ocr_line' id='line_1_8' title="bbox 219 719 1794 797; baseline 0.008 -29"><span class='ocrx_word' id='word_1_45' title='bbox 219 719 460 782; x_wconf 81' lang='grc' dir='ltr'>πάντων,</span> <span class='ocrx_word' id='word_1_46' title='bbox 508 719 604 773; x_wconf 77' lang='grc' dir='ltr'><strong>καὶ</strong></span> <span class='ocrx_word' id='word_1_47' title='bbox 645 721 714 774; x_wconf 82' lang='grc' dir='ltr'>τὰ</span> <span class='ocrx_word' id='word_1_48' title='bbox 771 720 948 776; x_wconf 78' lang='grc' dir='ltr'>πάντα</span> <span class='ocrx_word' id='word_1_49' title='bbox 996 723 1054 776; x_wconf 83' lang='grc' dir='ltr'>ὲν</span> <span class='ocrx_word' id='word_1_50' title='bbox 1102 725 1250 796; x_wconf 77' lang='grc' dir='ltr'>αὐτῷ</span> <span class='ocrx_word' id='word_1_51' title='bbox 1305 727 1626 797; x_wconf 75' lang='grc' dir='ltr'><strong>συνέστηκε.</strong></span> <span class='ocrx_word' id='word_1_52' title='bbox 1682 729 1794 782; x_wconf 75' lang='grc' dir='ltr'>Καὶ</span> 
     </span>
    </p>
   </div>
   <div class='ocr_carea' id='block_1_9' title="bbox 218 808 1770 888">
    <p class='ocr_par' dir='ltr' id='par_1_9' title="bbox 218 808 1770 888">
     <span class='ocr_line' id='line_1_9' title="bbox 218 808 1770 888; baseline 0.007 -28"><span class='ocrx_word' id='word_1_53' title='bbox 218 808 378 871; x_wconf 84' lang='grc' dir='ltr'>αὐτός</span> <span class='ocrx_word' id='word_1_54' title='bbox 413 811 560 862; x_wconf 76' lang='grc' dir='ltr'>ἐστιν</span> <span class='ocrx_word' id='word_1_55' title='bbox 589 811 620 880; x_wconf 80' lang='grc' dir='ltr'><strong>ἡ</strong></span> <span class='ocrx_word' id='word_1_56' title='bbox 655 811 866 882; x_wconf 82' lang='grc' dir='ltr'>κεφαλὴ</span> <span class='ocrx_word' id='word_1_57' title='bbox 895 813 988 866; x_wconf 84' lang='grc' dir='ltr'>τοῦ</span> <span class='ocrx_word' id='word_1_58' title='bbox 1018 811 1268 884; x_wconf 84' lang='grc' dir='ltr'>σώματος</span> <span class='ocrx_word' id='word_1_59' title='bbox 1302 816 1400 886; x_wconf 84' lang='grc' dir='ltr'>τῆς</span> <span class='ocrx_word' id='word_1_60' title='bbox 1439 817 1770 888; x_wconf 73' lang='grc' dir='ltr'>Ἐκκλησίας</span> 
     </span>
    </p>
   </div>
   <div class='ocr_carea' id='block_1_10' title="bbox 217 900 1793 976">
    <p class='ocr_par' dir='ltr' id='par_1_10' title="bbox 217 900 1793 976">
     <span class='ocr_line' id='line_1_10' title="bbox 217 900 1793 976; baseline 0.005 -24"><span class='ocrx_word' id='word_1_61' title='bbox 217 900 276 962; x_wconf 83' lang='grc' dir='ltr'>ὃς</span> <span class='ocrx_word' id='word_1_62' title='bbox 307 901 454 952; x_wconf 78' lang='grc' dir='ltr'>ἐστιν</span> <span class='ocrx_word' id='word_1_63' title='bbox 486 901 650 971; x_wconf 77' lang='grc' dir='ltr'>ἀρχὴ,</span> <span class='ocrx_word' id='word_1_64' title='bbox 689 903 1034 974; x_wconf 79' lang='grc' dir='ltr'>πρωτότοκος</span> <span class='ocrx_word' id='word_1_65' title='bbox 1079 905 1146 958; x_wconf 84' lang='grc' dir='ltr'>ὲκ</span> <span class='ocrx_word' id='word_1_66' title='bbox 1172 905 1282 960; x_wconf 91' lang='grc' dir='ltr'><strong>τῶν</strong></span> <span class='ocrx_word' id='word_1_67' title='bbox 1304 905 1536 976; x_wconf 85' lang='grc' dir='ltr'><strong>νεκρῶν,</strong></span> <span class='ocrx_word' id='word_1_68' title='bbox 1569 907 1658 962; x_wconf 78' lang='grc' dir='ltr'>ἵνα</span> <span class='ocrx_word' id='word_1_69' title='bbox 1699 907 1793 976; x_wconf 91' lang='grc' dir='ltr'>γέ-</span> 
     </span>
    </p>
   </div>
   <div class='ocr_carea' id='block_1_11' title="bbox 217 993 1790 1070">
    <p class='ocr_par' dir='ltr' id='par_1_11' title="bbox 217 993 1790 1070">
     <span class='ocr_line' id='line_1_11' title="bbox 217 993 1790 1070; baseline 0.007 -27"><span class='ocrx_word' id='word_1_70' title='bbox 217 1007 374 1062; x_wconf 89' lang='grc' dir='ltr'>νηται</span> <span class='ocrx_word' id='word_1_71' title='bbox 405 993 462 1045; x_wconf 84' lang='grc' dir='ltr'>ὲν</span> <span class='ocrx_word' id='word_1_72' title='bbox 493 994 659 1047; x_wconf 74' lang='grc' dir='ltr'>πᾶσιν</span> <span class='ocrx_word' id='word_1_73' title='bbox 691 993 856 1059; x_wconf 78' lang='grc' dir='ltr'>αὐτὸς</span> <span class='ocrx_word' id='word_1_74' title='bbox 889 995 1218 1066; x_wconf 82' lang='grc' dir='ltr'><strong>πρωτεύων·</strong></span> <span class='ocrx_word' id='word_1_75' title='bbox 1260 1000 1344 1052; x_wconf 78' lang='grc' dir='ltr'>ὅτι</span> <span class='ocrx_word' id='word_1_76' title='bbox 1373 1000 1431 1052; x_wconf 80' lang='grc' dir='ltr'>ἐν</span> <span class='ocrx_word' id='word_1_77' title='bbox 1461 997 1610 1070; x_wconf 80' lang='grc' dir='ltr'>αὑτῷ</span> <span class='ocrx_word' id='word_1_78' title='bbox 1641 997 1790 1054; x_wconf 75' lang='grc' dir='ltr'>εὑδό-</span> 
     </span>
    </p>
   </div>
   <div class='ocr_carea' id='block_1_12' title="bbox 217 1082 1790 1156">
    <p class='ocr_par' dir='ltr' id='par_1_12' title="bbox 217 1082 1790 1156">
     <span class='ocr_line' id='line_1_12' title="bbox 217 1082 1790 1156; baseline 0.006 -24"><span class='ocrx_word' id='word_1_79' title='bbox 217 1095 352 1150; x_wconf 85' lang='grc' dir='ltr'>κησε</span> <span class='ocrx_word' id='word_1_80' title='bbox 406 1082 514 1135; x_wconf 83' lang='grc' dir='ltr'>πᾶν</span> <span class='ocrx_word' id='word_1_81' title='bbox 547 1082 608 1135; x_wconf 83' lang='grc' dir='ltr'><strong>τὸ</strong></span> <span class='ocrx_word' id='word_1_82' title='bbox 657 1083 934 1154; x_wconf 79' lang='grc' dir='ltr'>πλήρωμα</span> <span class='ocrx_word' id='word_1_83' title='bbox 979 1087 1321 1156; x_wconf 81' lang='grc' dir='ltr'><strong>κατοικῆσαι,</strong></span> <span class='ocrx_word' id='word_1_84' title='bbox 1374 1088 1469 1141; x_wconf 81' lang='grc' dir='ltr'><strong>καὶ</strong></span> <span class='ocrx_word' id='word_1_85' title='bbox 1509 1087 1582 1142; x_wconf 89' lang='grc' dir='ltr'>δι’</span> <span class='ocrx_word' id='word_1_86' title='bbox 1627 1088 1790 1144; x_wconf 81' lang='grc' dir='ltr'>αὐτοῦ</span> 
     </span>
    </p>
   </div>
   <div class='ocr_carea' id='block_1_13' title="bbox 216 1172 1792 1252">
    <p class='ocr_par' dir='ltr' id='par_1_13' title="bbox 216 1172 1792 1252">
     <span class='ocr_line' id='line_1_13' title="bbox 216 1172 1792 1252; baseline 0.006 -27"><span class='ocrx_word' id='word_1_87' title='bbox 216 1172 661 1239; x_wconf 77' lang='grc' dir='ltr'><strong>ἀποκαταλλάξαι</strong></span> <span class='ocrx_word' id='word_1_88' title='bbox 703 1175 772 1229; x_wconf 84' lang='grc' dir='ltr'><strong>τὰ</strong></span> <span class='ocrx_word' id='word_1_89' title='bbox 817 1177 1000 1231; x_wconf 83' lang='grc' dir='ltr'>πάντα</span> <span class='ocrx_word' id='word_1_90' title='bbox 1027 1178 1107 1242; x_wconf 84' lang='grc' dir='ltr'>εἰς</span> <span class='ocrx_word' id='word_1_91' title='bbox 1135 1177 1328 1234; x_wconf 82' lang='grc' dir='ltr'>αὐτόν’</span> <span class='ocrx_word' id='word_1_92' title='bbox 1375 1179 1792 1252; x_wconf 77' lang='grc' dir='ltr'><strong>εἰρηνοποιήσας</strong></span> 
     </span>
    </p>
   </div>
   <div class='ocr_carea' id='block_1_14' title="bbox 215 1260 1793 1342">
    <p class='ocr_par' dir='ltr' id='par_1_14' title="bbox 215 1260 1793 1342">
     <span class='ocr_line' id='line_1_14' title="bbox 215 1260 1793 1342; baseline 0.007 -28"><span class='ocrx_word' id='word_1_93' title='bbox 215 1260 302 1315; x_wconf 75' lang='grc' dir='ltr'><strong>διά</strong></span> <span class='ocrx_word' id='word_1_94' title='bbox 327 1261 418 1314; x_wconf 80' lang='grc' dir='ltr'>τοῦ</span> <span class='ocrx_word' id='word_1_95' title='bbox 439 1263 668 1334; x_wconf 75' lang='grc' dir='ltr'>αἵματος</span> <span class='ocrx_word' id='word_1_96' title='bbox 699 1264 794 1318; x_wconf 82' lang='grc' dir='ltr'>τοῦ</span> <span class='ocrx_word' id='word_1_97' title='bbox 827 1266 1064 1337; x_wconf 80' lang='grc' dir='ltr'>σταυροῦ</span> <span class='ocrx_word' id='word_1_98' title='bbox 1093 1269 1283 1334; x_wconf 80' lang='grc' dir='ltr'>αὑτοῦ,</span> <span class='ocrx_word' id='word_1_99' title='bbox 1322 1269 1431 1322; x_wconf 71' lang='grc' dir='ltr'>εἴτε</span> <span class='ocrx_word' id='word_1_100' title='bbox 1465 1269 1534 1323; x_wconf 81' lang='grc' dir='ltr'>τὰ</span> <span class='ocrx_word' id='word_1_101' title='bbox 1573 1271 1666 1324; x_wconf 77' lang='grc' dir='ltr'><strong>ἐπὶ</strong></span> <span class='ocrx_word' id='word_1_102' title='bbox 1693 1271 1793 1342; x_wconf 83' lang='grc' dir='ltr'>τῆς</span> 
     </span>
    </p>
   </div>
   <div class='ocr_carea' id='block_1_15' title="bbox 213 1352 1790 1434">
    <p class='ocr_par' dir='ltr' id='par_1_15' title="bbox 213 1352 1790 1434">
     <span class='ocr_line' id='line_1_15' title="bbox 213 1352 1790 1434; baseline 0.006 -28"><span class='ocrx_word' id='word_1_103' title='bbox 213 1352 336 1422; x_wconf 84' lang='grc' dir='ltr'>γῆς,</span> <span class='ocrx_word' id='word_1_104' title='bbox 382 1353 492 1407; x_wconf 77' lang='grc' dir='ltr'>εἴτε</span> <span class='ocrx_word' id='word_1_105' title='bbox 537 1356 605 1408; x_wconf 74' lang='grc' dir='ltr'>τὰ</span> <span class='ocrx_word' id='word_1_106' title='bbox 641 1358 700 1409; x_wconf 84' lang='grc' dir='ltr'>ὲν</span> <span class='ocrx_word' id='word_1_107' title='bbox 744 1360 856 1422; x_wconf 76' lang='grc' dir='ltr'>τοῖς</span> <span class='ocrx_word' id='word_1_108' title='bbox 897 1360 1166 1429; x_wconf 79' lang='grc' dir='ltr'>οὐρανοῖς.</span> <span class='ocrx_word' id='word_1_109' title='bbox 1217 1379 1236 1412; x_wconf 74' lang='grc' dir='ltr'><strong>ι</strong></span> <span class='ocrx_word' id='word_1_110' title='bbox 1277 1361 1478 1419; x_wconf 78' lang='grc' dir='ltr'>Εἰκόνα</span> <span class='ocrx_word' id='word_1_111' title='bbox 1515 1364 1650 1434; x_wconf 74' lang='grc' dir='ltr'>φησὶ</span> <span class='ocrx_word' id='word_1_112' title='bbox 1695 1363 1790 1418; x_wconf 80' lang='grc' dir='ltr'>τοῦ</span> 
     </span>
    </p>
   </div>
   <div class='ocr_carea' id='block_1_16' title="bbox 212 1441 1792 1524">
    <p class='ocr_par' dir='ltr' id='par_1_16' title="bbox 212 1441 1792 1524">
     <span class='ocr_line' id='line_1_16' title="bbox 212 1441 1792 1524; baseline 0.008 -28"><span class='ocrx_word' id='word_1_113' title='bbox 212 1441 452 1512; x_wconf 81' lang='grc' dir='ltr'>ἀοράτου</span> <span class='ocrx_word' id='word_1_114' title='bbox 485 1444 622 1498; x_wconf 81' lang='grc' dir='ltr'>Θεοῦ</span> <span class='ocrx_word' id='word_1_115' title='bbox 656 1447 744 1500; x_wconf 79' lang='grc' dir='ltr'><strong>τὸν</strong></span> <span class='ocrx_word' id='word_1_116' title='bbox 789 1449 850 1513; x_wconf 76' lang='grc' dir='ltr'>ἐξ</span> <span class='ocrx_word' id='word_1_117' title='bbox 888 1449 1054 1504; x_wconf 78' lang='grc' dir='ltr'>αὑτοῦ</span> <span class='ocrx_word' id='word_1_118' title='bbox 1087 1450 1414 1522; x_wconf 81' lang='grc' dir='ltr'>γεννηθέντα</span> <span class='ocrx_word' id='word_1_119' title='bbox 1448 1453 1586 1508; x_wconf 84' lang='grc' dir='ltr'>κατὰ</span> <span class='ocrx_word' id='word_1_120' title='bbox 1630 1453 1792 1524; x_wconf 85' lang='grc' dir='ltr'>φύσιν</span> 
     </span>
    </p>
   </div>
   <div class='ocr_carea' id='block_1_17' title="bbox 210 1535 1789 1615">
    <p class='ocr_par' dir='ltr' id='par_1_17' title="bbox 210 1535 1789 1615">
     <span class='ocr_line' id='line_1_17' title="bbox 210 1535 1789 1615; baseline 0.009 -27"><span class='ocrx_word' id='word_1_121' title='bbox 210 1535 364 1603; x_wconf 83' lang='grc' dir='ltr'>Υἰὸν,</span> <span class='ocrx_word' id='word_1_122' title='bbox 393 1539 641 1593; x_wconf 76' lang='grc' dir='ltr'>τουτέστι</span> <span class='ocrx_word' id='word_1_123' title='bbox 672 1539 764 1594; x_wconf 78' lang='grc' dir='ltr'>τὸν</span> <span class='ocrx_word' id='word_1_124' title='bbox 803 1541 936 1595; x_wconf 78' lang='grc' dir='ltr'>Θεὸν</span> <span class='ocrx_word' id='word_1_125' title='bbox 965 1543 1139 1612; x_wconf 81' lang='grc' dir='ltr'>Λόγον</span> <span class='ocrx_word' id='word_1_126' title='bbox 1159 1557 1173 1572; x_wconf 81' lang='lat'><strong><em>°</em></strong></span> <span class='ocrx_word' id='word_1_127' title='bbox 1209 1545 1306 1598; x_wconf 80' lang='grc' dir='ltr'>καὶ</span> <span class='ocrx_word' id='word_1_128' title='bbox 1355 1545 1460 1615; x_wconf 84' lang='grc' dir='ltr'><strong>μὴν</strong></span> <span class='ocrx_word' id='word_1_129' title='bbox 1483 1546 1566 1599; x_wconf 83' lang='grc' dir='ltr'><strong>ὅτι</strong></span> <span class='ocrx_word' id='word_1_130' title='bbox 1595 1545 1660 1600; x_wconf 69' lang='grc' dir='ltr'>δι’</span> <span class='ocrx_word' id='word_1_131' title='bbox 1691 1549 1789 1602; x_wconf 86' lang='grc' dir='ltr'>αὐ-</span> 
     </span>
    </p>
   </div>
   <div class='ocr_carea' id='block_1_18' title="bbox 209 1627 1788 1711">
    <p class='ocr_par' dir='ltr' id='par_1_18' title="bbox 209 1627 1788 1711">
     <span class='ocr_line' id='line_1_18' title="bbox 209 1627 1788 1711; baseline 0.007 -30"><span class='ocrx_word' id='word_1_132' title='bbox 209 1627 306 1682; x_wconf 77' lang='grc' dir='ltr'>τοῦ</span> <span class='ocrx_word' id='word_1_133' title='bbox 339 1629 409 1684; x_wconf 75' lang='grc' dir='ltr'>τὰ</span> <span class='ocrx_word' id='word_1_134' title='bbox 437 1630 617 1686; x_wconf 83' lang='grc' dir='ltr'>πάντα</span> <span class='ocrx_word' id='word_1_135' title='bbox 651 1632 904 1705; x_wconf 83' lang='grc' dir='ltr'><strong>παρήχθη</strong></span> <span class='ocrx_word' id='word_1_136' title='bbox 933 1633 1070 1706; x_wconf 81' lang='grc' dir='ltr'>πρὸς</span> <span class='ocrx_word' id='word_1_137' title='bbox 1093 1635 1332 1704; x_wconf 86' lang='grc' dir='ltr'>γένεσιν,</span> <span class='ocrx_word' id='word_1_138' title='bbox 1363 1639 1474 1690; x_wconf 78' lang='grc' dir='ltr'>εἴτε</span> <span class='ocrx_word' id='word_1_139' title='bbox 1503 1637 1570 1691; x_wconf 71' lang='grc' dir='ltr'><strong>τὰ</strong></span> <span class='ocrx_word' id='word_1_140' title='bbox 1597 1639 1788 1711; x_wconf 77' lang='grc' dir='ltr'>ὁρατὰ,</span> 
     </span>
    </p>
   </div>
   <div class='ocr_carea' id='block_1_19' title="bbox 209 1718 1788 1801">
    <p class='ocr_par' dir='ltr' id='par_1_19' title="bbox 209 1718 1788 1801">
     <span class='ocr_line' id='line_1_19' title="bbox 209 1718 1788 1801; baseline 0.009 -30"><span class='ocrx_word' id='word_1_141' title='bbox 209 1718 323 1773; x_wconf 81' lang='grc' dir='ltr'>εἴτε</span> <span class='ocrx_word' id='word_1_142' title='bbox 361 1720 430 1774; x_wconf 80' lang='grc' dir='ltr'>τὰ</span> <span class='ocrx_word' id='word_1_143' title='bbox 459 1721 687 1794; x_wconf 78' lang='grc' dir='ltr'>ἀόρατα,</span> <span class='ocrx_word' id='word_1_144' title='bbox 723 1723 782 1776; x_wconf 76' lang='grc' dir='ltr'>ἐν</span> <span class='ocrx_word' id='word_1_145' title='bbox 813 1741 874 1779; x_wconf 90' lang='grc' dir='ltr'><strong>τε</strong></span> <span class='ocrx_word' id='word_1_146' title='bbox 903 1727 1119 1798; x_wconf 81' lang='grc' dir='ltr'>οὐρανῷ</span> <span class='ocrx_word' id='word_1_147' title='bbox 1149 1730 1246 1782; x_wconf 72' lang='grc' dir='ltr'>καὶ</span> <span class='ocrx_word' id='word_1_148' title='bbox 1270 1729 1362 1782; x_wconf 76' lang='grc' dir='ltr'>ἐπὶ</span> <span class='ocrx_word' id='word_1_149' title='bbox 1397 1731 1498 1801; x_wconf 83' lang='grc' dir='ltr'><strong>τῆς</strong></span> <span class='ocrx_word' id='word_1_150' title='bbox 1527 1730 1630 1799; x_wconf 78' lang='grc' dir='ltr'>γῆς</span> <span class='ocrx_word' id='word_1_151' title='bbox 1653 1748 1666 1762; x_wconf 88' lang='grc'><strong>·</strong></span> <span class='ocrx_word' id='word_1_152' title='bbox 1694 1733 1788 1786; x_wconf 83' lang='grc' dir='ltr'><strong>καὶ</strong></span> 
     </span>
    </p>
   </div>
   <div class='ocr_carea' id='block_1_20' title="bbox 205 1811 1760 1894">
    <p class='ocr_par' dir='ltr' id='par_1_20' title="bbox 205 1811 1760 1894">
     <span class='ocr_line' id='line_1_20' title="bbox 205 1811 1760 1894; baseline 0.007 -28"><span class='ocrx_word' id='word_1_153' title='bbox 205 1811 296 1866; x_wconf 83' lang='grc' dir='ltr'><strong>ὅτι</strong></span> <span class='ocrx_word' id='word_1_154' title='bbox 315 1814 420 1885; x_wconf 79' lang='grc' dir='ltr'><strong>πρὸ</strong></span> <span class='ocrx_word' id='word_1_155' title='bbox 443 1815 662 1870; x_wconf 84' lang='grc' dir='ltr'>πάντων</span> <span class='ocrx_word' id='word_1_156' title='bbox 689 1817 836 1872; x_wconf 66' lang='grc' dir='ltr'>ἐστὶν</span> <span class='ocrx_word' id='word_1_157' title='bbox 858 1819 1020 1882; x_wconf 83' lang='grc' dir='ltr'>αὐτὸς</span> <span class='ocrx_word' id='word_1_158' title='bbox 1041 1823 1086 1890; x_wconf 75' lang='grc' dir='ltr'>(ι</span> <span class='ocrx_word' id='word_1_159' title='bbox 1109 1821 1196 1874; x_wconf 79' lang='grc' dir='ltr'>Ἔν</span> <span class='ocrx_word' id='word_1_160' title='bbox 1217 1822 1356 1892; x_wconf 75' lang='grc' dir='ltr'>ἀρχῇ</span> <span class='ocrx_word' id='word_1_161' title='bbox 1393 1823 1499 1894; x_wconf 74' lang='grc' dir='ltr'>γὰρ</span> <span class='ocrx_word' id='word_1_162' title='bbox 1524 1818 1592 1894; x_wconf 82' lang='grc' dir='ltr'>ἦν</span> <span class='ocrx_word' id='word_1_163' title='bbox 1619 1823 1648 1875; x_wconf 91' lang='lat'><strong>6</strong></span> <span class='ocrx_word' id='word_1_164' title='bbox 1685 1825 1760 1877; x_wconf 86' lang='grc' dir='ltr'><strong>Λό</strong></span> 
     </span>
    </p>
   </div>
   <div class='ocr_carea' id='block_1_21' title="bbox 207 1907 1785 1986">
    <p class='ocr_par' dir='ltr' id='par_1_21' title="bbox 207 1907 1785 1986">
     <span class='ocr_line' id='line_1_21' title="bbox 207 1907 1785 1986; baseline 0.008 -30"><span class='ocrx_word' id='word_1_165' title='bbox 207 1907 384 1974; x_wconf 71' lang='grc' dir='ltr'>γοςι),</span> <span class='ocrx_word' id='word_1_166' title='bbox 403 1907 497 1961; x_wconf 75' lang='grc' dir='ltr'><strong>καὶ</strong></span> <span class='ocrx_word' id='word_1_167' title='bbox 522 1908 683 1972; x_wconf 83' lang='grc' dir='ltr'>αὐτός</span> <span class='ocrx_word' id='word_1_168' title='bbox 705 1910 856 1964; x_wconf 78' lang='grc' dir='ltr'>ἐστιν</span> <span class='ocrx_word' id='word_1_169' title='bbox 882 1910 911 1964; x_wconf 91' lang='lat'><strong>6</strong></span> <span class='ocrx_word' id='word_1_170' title='bbox 938 1910 1049 1964; x_wconf 88' lang='grc' dir='ltr'><strong>τῶν</strong></span> <span class='ocrx_word' id='word_1_171' title='bbox 1082 1912 1292 1967; x_wconf 81' lang='grc' dir='ltr'>αἰώνων</span> <span class='ocrx_word' id='word_1_172' title='bbox 1321 1915 1665 1986; x_wconf 83' lang='grc' dir='ltr'>δημιουργὸς,</span> <span class='ocrx_word' id='word_1_173' title='bbox 1691 1917 1785 1969; x_wconf 78' lang='grc' dir='ltr'>καὶ</span> 
     </span>
    </p>
   </div>
   <div class='ocr_carea' id='block_1_22' title="bbox 209 1995 1780 2079">
    <p class='ocr_par' dir='ltr' id='par_1_22' title="bbox 209 1995 1780 2079">
     <span class='ocr_line' id='line_1_22' title="bbox 209 1995 1780 2079; baseline 0.007 -31"><span class='ocrx_word' id='word_1_174' title='bbox 209 1995 409 2066; x_wconf 85' lang='grc' dir='ltr'>χρόνου</span> <span class='ocrx_word' id='word_1_175' title='bbox 477 1997 677 2062; x_wconf 81' lang='grc' dir='ltr'>παντὸς</span> <span class='ocrx_word' id='word_1_176' title='bbox 727 1999 1108 2074; x_wconf 80' lang='grc' dir='ltr'>πρεσϐυτέραν</span> <span class='ocrx_word' id='word_1_177' title='bbox 1162 2004 1301 2074; x_wconf 78' lang='grc' dir='ltr'>ἔχων</span> <span class='ocrx_word' id='word_1_178' title='bbox 1367 2005 1465 2075; x_wconf 82' lang='grc' dir='ltr'>τὴν</span> <span class='ocrx_word' id='word_1_179' title='bbox 1528 2006 1780 2079; x_wconf 78' lang='grc' dir='ltr'>ὕπαρξιν.</span> 
     </span>
    </p>
   </div>
   <div class='ocr_carea' id='block_1_23' title="bbox 219 2087 1783 2164">
    <p class='ocr_par' dir='ltr' id='par_1_23' title="bbox 219 2087 1783 2164">
     <span class='ocr_line' id='line_1_23' title="bbox 219 2087 1783 2164; baseline 0.007 -24"><span class='ocrx_word' id='word_1_180' title='bbox 219 2087 380 2141; x_wconf 70' lang='grc' dir='ltr'>Ἀὶῖλά</span> <span class='ocrx_word' id='word_1_181' title='bbox 410 2087 501 2142; x_wconf 72' lang='grc' dir='ltr'>τὸν</span> <span class='ocrx_word' id='word_1_182' title='bbox 527 2091 700 2153; x_wconf 77' lang='grc' dir='ltr'>οὕτως</span> <span class='ocrx_word' id='word_1_183' title='bbox 726 2090 920 2162; x_wconf 63' lang='grc' dir='ltr'>ἔχοντα</span> <span class='ocrx_word' id='word_1_184' title='bbox 943 2093 1108 2149; x_wconf 86' lang='grc' dir='ltr'>,κατά</span> <span class='ocrx_word' id='word_1_185' title='bbox 1155 2097 1317 2164; x_wconf 80' lang='grc' dir='ltr'>φύσιν</span> <span class='ocrx_word' id='word_1_186' title='bbox 1363 2097 1498 2150; x_wconf 76' lang='grc' dir='ltr'>ἰδίαν</span> <span class='ocrx_word' id='word_1_187' title='bbox 1537 2097 1783 2152; x_wconf 84' lang='grc' dir='ltr'>δεδόσθαι</span> 
     </span>
    </p>
   </div>
   <div class='ocr_carea' id='block_1_24' title="bbox 206 2177 1783 2257">
    <p class='ocr_par' dir='ltr' id='par_1_24' title="bbox 206 2177 1783 2257">
     <span class='ocr_line' id='line_1_24' title="bbox 206 2177 1783 2257; baseline 0.015 -29"><span class='ocrx_word' id='word_1_188' title='bbox 206 2177 343 2247; x_wconf 77' lang='grc' dir='ltr'>φησὶ</span> <span class='ocrx_word' id='word_1_189' title='bbox 386 2180 537 2250; x_wconf 84' lang='grc' dir='ltr'><strong>παρά</strong></span> <span class='ocrx_word' id='word_1_190' title='bbox 578 2181 673 2234; x_wconf 79' lang='grc' dir='ltr'><strong>τοῦ</strong></span> <span class='ocrx_word' id='word_1_191' title='bbox 720 2183 933 2252; x_wconf 84' lang='grc' dir='ltr'>Πατρδς</span> <span class='ocrx_word' id='word_1_192' title='bbox 971 2184 1215 2256; x_wconf 82' lang='grc' dir='ltr'>κεφαλὴν</span> <span class='ocrx_word' id='word_1_193' title='bbox 1258 2185 1352 2238; x_wconf 79' lang='grc' dir='ltr'>τοῦ</span> <span class='ocrx_word' id='word_1_194' title='bbox 1395 2186 1646 2256; x_wconf 83' lang='grc' dir='ltr'>σώματος</span> <span class='ocrx_word' id='word_1_195' title='bbox 1683 2187 1783 2257; x_wconf 73' lang='grc' dir='ltr'><strong>τῆς</strong></span> 
     </span>
    </p>
   </div>
   <div class='ocr_carea' id='block_1_25' title="bbox 217 2269 1783 2348">
    <p class='ocr_par' dir='ltr' id='par_1_25' title="bbox 217 2269 1783 2348">
     <span class='ocr_line' id='line_1_25' title="bbox 217 2269 1783 2348; baseline 0.006 -25"><span class='ocrx_word' id='word_1_196' title='bbox 217 2269 567 2341; x_wconf 77' lang='grc' dir='ltr'>Ἐκκλησίας,</span> <span class='ocrx_word' id='word_1_197' title='bbox 613 2273 775 2327; x_wconf 80' lang='grc' dir='ltr'>αὐτόν</span> <span class='ocrx_word' id='word_1_198' title='bbox 809 2291 869 2328; x_wconf 86' lang='grc' dir='ltr'><strong>τε</strong></span> <span class='ocrx_word' id='word_1_199' title='bbox 913 2270 1052 2329; x_wconf 79' lang='grc' dir='ltr'>εἶναι</span> <span class='ocrx_word' id='word_1_200' title='bbox 1081 2276 1172 2330; x_wconf 86' lang='grc' dir='ltr'><strong>τὸν</strong></span> <span class='ocrx_word' id='word_1_201' title='bbox 1203 2278 1543 2348; x_wconf 85' lang='grc' dir='ltr'>πρωτότοκον</span> <span class='ocrx_word' id='word_1_202' title='bbox 1573 2280 1638 2331; x_wconf 82' lang='grc' dir='ltr'>ὲκ</span> <span class='ocrx_word' id='word_1_203' title='bbox 1673 2279 1783 2333; x_wconf 87' lang='grc' dir='ltr'><strong>τῶν</strong></span> 
     </span>
    </p>
   </div>
   <div class='ocr_carea' id='block_1_26' title="bbox 207 2357 1782 2438">
    <p class='ocr_par' dir='ltr' id='par_1_26' title="bbox 207 2357 1782 2438">
     <span class='ocr_line' id='line_1_26' title="bbox 207 2357 1782 2438; baseline 0.008 -26"><span class='ocrx_word' id='word_1_204' title='bbox 207 2359 440 2431; x_wconf 82' lang='grc' dir='ltr'>νεκρῶν.</span> <span class='ocrx_word' id='word_1_205' title='bbox 466 2357 600 2418; x_wconf 82' lang='grc' dir='ltr'>Εἶτα</span> <span class='ocrx_word' id='word_1_206' title='bbox 623 2363 742 2428; x_wconf 86' lang='grc' dir='ltr'><strong>πῶς</strong></span> <span class='ocrx_word' id='word_1_207' title='bbox 775 2365 1038 2436; x_wconf 83' lang='grc' dir='ltr'>ὑπάρχων</span> <span class='ocrx_word' id='word_1_208' title='bbox 1067 2367 1154 2420; x_wconf 78' lang='grc' dir='ltr'><strong>ἀεὶ</strong></span> <span class='ocrx_word' id='word_1_209' title='bbox 1181 2367 1313 2432; x_wconf 71' lang='grc' dir='ltr'>Θεὸς</span> <span class='ocrx_word' id='word_1_210' title='bbox 1339 2369 1532 2438; x_wconf 82' lang='grc' dir='ltr'>Λόγος,</span> <span class='ocrx_word' id='word_1_211' title='bbox 1565 2371 1622 2424; x_wconf 77' lang='grc' dir='ltr'>ἐν</span> <span class='ocrx_word' id='word_1_212' title='bbox 1649 2363 1694 2438; x_wconf 87' lang='grc' dir='ltr'>ᾧ</span> <span class='ocrx_word' id='word_1_213' title='bbox 1713 2371 1782 2426; x_wconf 89' lang='grc' dir='ltr'><strong>τά</strong></span> 
     </span>
    </p>
   </div>
   <div class='ocr_carea' id='block_1_27' title="bbox 206 2455 1781 2536">
    <p class='ocr_par' dir='ltr' id='par_1_27' title="bbox 206 2455 1781 2536">
     <span class='ocr_line' id='line_1_27' title="bbox 206 2455 1781 2536; baseline 0.01 -28"><span class='ocrx_word' id='word_1_214' title='bbox 206 2455 384 2510; x_wconf 80' lang='grc' dir='ltr'>πάντα</span> <span class='ocrx_word' id='word_1_215' title='bbox 419 2457 736 2529; x_wconf 76' lang='grc' dir='ltr'>συνέστηκε,</span> <span class='ocrx_word' id='word_1_216' title='bbox 766 2461 1110 2530; x_wconf 72' lang='grc' dir='ltr'>πρωτότοκος</span> <span class='ocrx_word' id='word_1_217' title='bbox 1137 2463 1248 2516; x_wconf 86' lang='grc' dir='ltr'><strong>τῶν</strong></span> <span class='ocrx_word' id='word_1_218' title='bbox 1289 2465 1499 2536; x_wconf 84' lang='grc' dir='ltr'>νεκρῶν</span> <span class='ocrx_word' id='word_1_219' title='bbox 1527 2466 1781 2535; x_wconf 86' lang='grc' dir='ltr'>γενέσθαι</span> 
     </span>
    </p>
   </div>
   <div class='ocr_carea' id='block_1_28' title="bbox 204 2541 1779 2628">
    <p class='ocr_par' dir='ltr' id='par_1_28' title="bbox 204 2541 1779 2628">
     <span class='ocr_line' id='line_1_28' title="bbox 204 2541 1779 2628; baseline 0.011 -34"><span class='ocrx_word' id='word_1_220' title='bbox 204 2541 448 2612; x_wconf 83' lang='grc' dir='ltr'>λέγεται,</span> <span class='ocrx_word' id='word_1_221' title='bbox 481 2546 576 2601; x_wconf 81' lang='grc' dir='ltr'><strong>καὶ</strong></span> <span class='ocrx_word' id='word_1_222' title='bbox 604 2549 830 2622; x_wconf 79' lang='grc' dir='ltr'>ἀπαρχὴ</span> <span class='ocrx_word' id='word_1_223' title='bbox 859 2551 969 2604; x_wconf 88' lang='grc' dir='ltr'><strong>τῶν</strong></span> <span class='ocrx_word' id='word_1_224' title='bbox 1002 2555 1440 2625; x_wconf 85' lang='grc' dir='ltr'>κεκοιμημένων,</span> <span class='ocrx_word' id='word_1_225' title='bbox 1460 2558 1508 2610; x_wconf 75' lang='grc' dir='ltr'>εἰ</span> <span class='ocrx_word' id='word_1_226' title='bbox 1535 2559 1608 2628; x_wconf 86' lang='grc' dir='ltr'>μή</span> <span class='ocrx_word' id='word_1_227' title='bbox 1631 2560 1779 2612; x_wconf 79' lang='grc' dir='ltr'>ἐστιν</span> 
     </span>
    </p>
   </div>
   <div class='ocr_carea' id='block_1_29' title="bbox 201 2633 1780 2718">
    <p class='ocr_par' dir='ltr' id='par_1_29' title="bbox 201 2633 1780 2718">
     <span class='ocr_line' id='line_1_29' title="bbox 201 2633 1780 2718; baseline 0.009 -30"><span class='ocrx_word' id='word_1_228' title='bbox 201 2633 371 2690; x_wconf 80' lang='grc' dir='ltr'>αὑτοῦ</span> <span class='ocrx_word' id='word_1_229' title='bbox 399 2635 540 2690; x_wconf 85' lang='grc' dir='ltr'><strong>κατά</strong></span> <span class='ocrx_word' id='word_1_230' title='bbox 565 2639 826 2707; x_wconf 77' lang='grc' dir='ltr'>ἀλήθειαν</span> <span class='ocrx_word' id='word_1_231' title='bbox 861 2641 992 2696; x_wconf 75' lang='grc' dir='ltr'>ἴδιον</span> <span class='ocrx_word' id='word_1_232' title='bbox 1025 2643 1186 2714; x_wconf 87' lang='grc' dir='ltr'>σῶμα</span> <span class='ocrx_word' id='word_1_233' title='bbox 1219 2643 1278 2698; x_wconf 82' lang='grc' dir='ltr'><strong>τὸ</strong></span> <span class='ocrx_word' id='word_1_234' title='bbox 1303 2647 1433 2716; x_wconf 81' lang='grc' dir='ltr'>παρ’</span> <span class='ocrx_word' id='word_1_235' title='bbox 1476 2647 1642 2702; x_wconf 81' lang='grc' dir='ltr'>αὑτοῦ</span> <span class='ocrx_word' id='word_1_236' title='bbox 1685 2650 1780 2718; x_wconf 80' lang='grc' dir='ltr'><strong>λη-</strong></span> 
     </span>
    </p>
   </div>
   <div class='ocr_carea' id='block_1_30' title="bbox 215 2721 1780 2802">
    <p class='ocr_par' dir='ltr' id='par_1_30' title="bbox 215 2721 1780 2802">
     <span class='ocr_line' id='line_1_30' title="bbox 215 2721 1780 2802; baseline 0.013 -26"><span class='ocrx_word' id='word_1_237' title='bbox 215 2725 370 2794; x_wconf 74' lang='grc' dir='ltr'>φθὲν,</span> <span class='ocrx_word' id='word_1_238' title='bbox 402 2721 462 2802; x_wconf 71' lang='grc' dir='ltr'>οὗ</span> <span class='ocrx_word' id='word_1_239' title='bbox 489 2729 816 2796; x_wconf 84' lang='grc' dir='ltr'>πεπονθότος</span> <span class='ocrx_word' id='word_1_240' title='bbox 850 2733 942 2787; x_wconf 85' lang='grc' dir='ltr'><strong>τὸν</strong></span> <span class='ocrx_word' id='word_1_241' title='bbox 983 2733 1235 2801; x_wconf 88' lang='grc' dir='ltr'>θάνατον,</span> <span class='ocrx_word' id='word_1_242' title='bbox 1283 2737 1444 2802; x_wconf 80' lang='grc' dir='ltr'>αὐτὸς</span> <span class='ocrx_word' id='word_1_243' title='bbox 1495 2740 1562 2794; x_wconf 84' lang='grc' dir='ltr'><strong>ἂν</strong></span> <span class='ocrx_word' id='word_1_244' title='bbox 1609 2743 1780 2796; x_wconf 84' lang='grc' dir='ltr'>νοοῖτο</span> 
     </span>
    </p>
   </div>
   <div class='ocr_carea' id='block_1_31' title="bbox 204 2818 1777 2902">
    <p class='ocr_par' dir='ltr' id='par_1_31' title="bbox 204 2818 1777 2902">
     <span class='ocr_line' id='line_1_31' title="bbox 204 2818 1777 2902; baseline 0.01 -32"><span class='ocrx_word' id='word_1_245' title='bbox 204 2818 432 2884; x_wconf 85' lang='grc' dir='ltr'>παθεῖν;</span> <span class='ocrx_word' id='word_1_246' title='bbox 465 2821 564 2874; x_wconf 79' lang='grc' dir='ltr'>οὐκ</span> <span class='ocrx_word' id='word_1_247' title='bbox 607 2821 869 2878; x_wconf 76' lang='grc' dir='ltr'>ἀπίθανον</span> <span class='ocrx_word' id='word_1_248' title='bbox 893 2823 1109 2896; x_wconf 72' lang='grc' dir='ltr'>ἔχοντος</span> <span class='ocrx_word' id='word_1_249' title='bbox 1147 2826 1306 2896; x_wconf 80' lang='grc' dir='ltr'>λόγον</span> <span class='ocrx_word' id='word_1_250' title='bbox 1353 2830 1414 2881; x_wconf 85' lang='grc' dir='ltr'><strong>ὲν</strong></span> <span class='ocrx_word' id='word_1_251' title='bbox 1469 2830 1647 2902; x_wconf 82' lang='grc' dir='ltr'>ἑαυτῷ</span> <span class='ocrx_word' id='word_1_252' title='bbox 1682 2831 1777 2886; x_wconf 84' lang='grc' dir='ltr'>τοῦ</span> 
     </span>
    </p>
   </div>
   <div class='ocr_carea' id='block_1_32' title="bbox 203 2907 1778 2987">
    <p class='ocr_par' dir='ltr' id='par_1_32' title="bbox 203 2907 1778 2987">
     <span class='ocr_line' id='line_1_32' title="bbox 203 2907 1778 2987; baseline 0.013 -30"><span class='ocrx_word' id='word_1_253' title='bbox 203 2907 614 2980; x_wconf 80' lang='grc' dir='ltr'>συμϐεϐηκότος</span> <span class='ocrx_word' id='word_1_254' title='bbox 637 2927 650 2940; x_wconf 89' lang='grc'><strong>·</strong></span> <span class='ocrx_word' id='word_1_255' title='bbox 685 2911 922 2966; x_wconf 88' lang='grc' dir='ltr'>πέπονθε</span> <span class='ocrx_word' id='word_1_256' title='bbox 975 2915 1084 2987; x_wconf 84' lang='grc' dir='ltr'>γὰρ</span> <span class='ocrx_word' id='word_1_257' title='bbox 1127 2915 1188 2970; x_wconf 82' lang='grc' dir='ltr'>τὸ</span> <span class='ocrx_word' id='word_1_258' title='bbox 1234 2919 1364 2974; x_wconf 80' lang='grc' dir='ltr'>ῖδιον</span> <span class='ocrx_word' id='word_1_259' title='bbox 1391 2919 1592 2974; x_wconf 78' lang='grc' dir='ltr'>αὐτοῦ’</span> <span class='ocrx_word' id='word_1_260' title='bbox 1633 2921 1778 2977; x_wconf 78' lang='grc' dir='ltr'>οὕτω</span> 
     </span>
    </p>
   </div>
   <div class='ocr_carea' id='block_1_33' title="bbox 201 2997 1772 3083">
    <p class='ocr_par' dir='ltr' id='par_1_33' title="bbox 201 2997 1772 3083">
     <span class='ocr_line' id='line_1_33' title="bbox 201 2997 1772 3083; baseline 0.011 -35"><span class='ocrx_word' id='word_1_261' title='bbox 201 2997 404 3051; x_wconf 87' lang='grc' dir='ltr'>νοεῖται</span> <span class='ocrx_word' id='word_1_262' title='bbox 432 2998 779 3070; x_wconf 83' lang='grc' dir='ltr'>πρωτότοκος</span> <span class='ocrx_word' id='word_1_263' title='bbox 817 3005 882 3056; x_wconf 80' lang='grc' dir='ltr'><strong>ὲκ</strong></span> <span class='ocrx_word' id='word_1_264' title='bbox 918 3003 1028 3060; x_wconf 83' lang='grc' dir='ltr'><strong>τῶν</strong></span> <span class='ocrx_word' id='word_1_265' title='bbox 1059 3007 1288 3078; x_wconf 86' lang='grc' dir='ltr'>νεκρῶν,</span> <span class='ocrx_word' id='word_1_266' title='bbox 1319 3011 1498 3064; x_wconf 87' lang='grc' dir='ltr'>καίτοι</span> <span class='ocrx_word' id='word_1_267' title='bbox 1532 3011 1630 3083; x_wconf 82' lang='grc' dir='ltr'><strong>τὴν</strong></span> <span class='ocrx_word' id='word_1_268' title='bbox 1669 3013 1772 3082; x_wconf 85' lang='grc' dir='ltr'><strong>φύ-</strong></span> 
     </span>
    </p>
   </div>
   <div class='ocr_carea' id='block_1_34' title="bbox 1895 543 3464 618">
    <p class='ocr_par' dir='ltr' id='par_1_34' title="bbox 1895 543 3464 618">
     <span class='ocr_line' id='line_1_34' title="bbox 1895 543 3464 618; baseline 0.004 -21"><span class='ocrx_word' id='word_1_269' title='bbox 1895 543 2218 610; x_wconf 81' lang='lat' dir='ltr'><strong>Potestates,</strong></span> <span class='ocrx_word' id='word_1_270' title='bbox 2246 545 2426 602; x_wconf 83' lang='lat' dir='ltr'><strong>omnia</strong></span> <span class='ocrx_word' id='word_1_271' title='bbox 2453 561 2548 616; x_wconf 92' lang='lat' dir='ltr'><strong>per</strong></span> <span class='ocrx_word' id='word_1_272' title='bbox 2573 547 2748 614; x_wconf 84' lang='lat' dir='ltr'><strong>ipsum</strong></span> <span class='ocrx_word' id='word_1_273' title='bbox 2768 558 2824 602; x_wconf 90' lang='lat' dir='ltr'><strong>et</strong></span> <span class='ocrx_word' id='word_1_274' title='bbox 2856 549 2910 602; x_wconf 86' lang='lat' dir='ltr'><strong>in</strong></span> <span class='ocrx_word' id='word_1_275' title='bbox 2951 547 3069 618; x_wconf 88' lang='lat' dir='ltr'><strong>ipso</strong></span> <span class='ocrx_word' id='word_1_276' title='bbox 3099 557 3283 602; x_wconf 86' lang='lat' dir='ltr'><strong>creata</strong></span> <span class='ocrx_word' id='word_1_277' title='bbox 3305 558 3464 602; x_wconf 87' lang='lat' dir='ltr'><strong>sunt:</strong></span> 
     </span>
    </p>
   </div>
   <div class='ocr_carea' id='block_1_35' title="bbox 1895 635 3465 706">
    <p class='ocr_par' dir='ltr' id='par_1_35' title="bbox 1895 635 3465 706">
     <span class='ocr_line' id='line_1_35' title="bbox 1895 635 3465 706; baseline 0.001 -17"><span class='ocrx_word' id='word_1_278' title='bbox 1895 643 1946 689; x_wconf 89' lang='lat' dir='ltr'><strong>et</strong></span> <span class='ocrx_word' id='word_1_279' title='bbox 1981 635 2095 703; x_wconf 86' lang='lat' dir='ltr'><strong>ipse</strong></span> <span class='ocrx_word' id='word_1_280' title='bbox 2123 643 2208 689; x_wconf 86' lang='lat' dir='ltr'><strong>est</strong></span> <span class='ocrx_word' id='word_1_281' title='bbox 2236 643 2362 690; x_wconf 97' lang='lat' dir='ltr'><strong>ante</strong></span> <span class='ocrx_word' id='word_1_282' title='bbox 2387 651 2608 698; x_wconf 89' lang='lat' dir='ltr'><strong>omnes,</strong></span> <span class='ocrx_word' id='word_1_283' title='bbox 2639 646 2696 691; x_wconf 91' lang='lat' dir='ltr'><strong>et</strong></span> <span class='ocrx_word' id='word_1_284' title='bbox 2733 637 2912 694; x_wconf 89' lang='lat' dir='ltr'><strong>omnia</strong></span> <span class='ocrx_word' id='word_1_285' title='bbox 2947 637 3000 691; x_wconf 91' lang='lat' dir='ltr'><strong>in</strong></span> <span class='ocrx_word' id='word_1_286' title='bbox 3037 637 3156 706; x_wconf 88' lang='lat' dir='ltr'><strong>ipso</strong></span> <span class='ocrx_word' id='word_1_287' title='bbox 3185 646 3465 694; x_wconf 81' lang='lat' dir='ltr'><strong>constant.</strong></span> 
     </span>
    </p>
   </div>
   <div class='ocr_carea' id='block_1_36' title="bbox 1894 723 3467 798">
    <p class='ocr_par' dir='ltr' id='par_1_36' title="bbox 1894 723 3467 798">
     <span class='ocr_line' id='line_1_36' title="bbox 1894 723 3467 798; baseline 0.002 -18"><span class='ocrx_word' id='word_1_288' title='bbox 1894 723 1963 780; x_wconf 88' lang='lat' dir='ltr'><strong>Et</strong></span> <span class='ocrx_word' id='word_1_289' title='bbox 1995 726 2109 796; x_wconf 87' lang='lat' dir='ltr'><strong>ipse</strong></span> <span class='ocrx_word' id='word_1_290' title='bbox 2137 733 2222 782; x_wconf 90' lang='lat' dir='ltr'><strong>est</strong></span> <span class='ocrx_word' id='word_1_291' title='bbox 2245 736 2409 798; x_wconf 85' lang='lat' dir='ltr'><strong>caput</strong></span> <span class='ocrx_word' id='word_1_292' title='bbox 2445 729 2690 796; x_wconf 86' lang='lat' dir='ltr'><strong>corporis</strong></span> <span class='ocrx_word' id='word_1_293' title='bbox 2725 727 3003 796; x_wconf 71' lang='lat' dir='ltr'><strong>Ecclesiae,</strong></span> <span class='ocrx_word' id='word_1_294' title='bbox 3058 731 3150 797; x_wconf 97' lang='lat' dir='ltr'><strong>qui</strong></span> <span class='ocrx_word' id='word_1_295' title='bbox 3195 739 3278 783; x_wconf 88' lang='lat' dir='ltr'><strong>est</strong></span> <span class='ocrx_word' id='word_1_296' title='bbox 3317 731 3467 797; x_wconf 82' lang='lat' dir='ltr'><strong>prin-</strong></span> 
     </span>
    </p>
   </div>
   <div class='ocr_carea' id='block_1_37' title="bbox 1895 817 3469 890">
    <p class='ocr_par' dir='ltr' id='par_1_37' title="bbox 1895 817 3469 890">
     <span class='ocr_line' id='line_1_37' title="bbox 1895 817 3469 890; baseline 0.003 -18"><span class='ocrx_word' id='word_1_297' title='bbox 1895 817 2122 884; x_wconf 88' lang='lat' dir='ltr'><strong>cipium,</strong></span> <span class='ocrx_word' id='word_1_298' title='bbox 2156 817 2554 888; x_wconf 80' lang='lat' dir='ltr'><strong>primogenitus</strong></span> <span class='ocrx_word' id='word_1_299' title='bbox 2598 833 2664 874; x_wconf 77' lang='lat' dir='ltr'><strong>ex</strong></span> <span class='ocrx_word' id='word_1_300' title='bbox 2712 821 2970 884; x_wconf 89' lang='lat' dir='ltr'><strong>mortuis,</strong></span> <span class='ocrx_word' id='word_1_301' title='bbox 3031 831 3090 877; x_wconf 89' lang='lat' dir='ltr'><strong>ut</strong></span> <span class='ocrx_word' id='word_1_302' title='bbox 3140 822 3211 876; x_wconf 89' lang='lat' dir='ltr'><strong>sit</strong></span> <span class='ocrx_word' id='word_1_303' title='bbox 3261 823 3374 890; x_wconf 87' lang='lat' dir='ltr'><strong>ipse</strong></span> <span class='ocrx_word' id='word_1_304' title='bbox 3414 821 3469 876; x_wconf 90' lang='lat' dir='ltr'><strong>in</strong></span> 
     </span>
    </p>
   </div>
   <div class='ocr_carea' id='block_1_38' title="bbox 1895 908 3468 982">
    <p class='ocr_par' dir='ltr' id='par_1_38' title="bbox 1895 908 3468 982">
     <span class='ocr_line' id='line_1_38' title="bbox 1895 908 3468 982; baseline 0.001 -20"><span class='ocrx_word' id='word_1_305' title='bbox 1895 908 2143 964; x_wconf 87' lang='lat' dir='ltr'><strong>omnibus</strong></span> <span class='ocrx_word' id='word_1_306' title='bbox 2172 909 2464 978; x_wconf 77' lang='lat' dir='ltr'><strong>primatum</strong></span> <span class='ocrx_word' id='word_1_307' title='bbox 2519 917 2708 965; x_wconf 85' lang='lat' dir='ltr'><strong>tenens</strong></span> <span class='ocrx_word' id='word_1_308' title='bbox 2747 929 2760 964; x_wconf 90' lang='lat'><strong>:</strong></span> <span class='ocrx_word' id='word_1_309' title='bbox 2798 911 2926 980; x_wconf 84' lang='lat' dir='ltr'><strong>quia</strong></span> <span class='ocrx_word' id='word_1_310' title='bbox 2977 910 3032 965; x_wconf 89' lang='lat' dir='ltr'><strong>in</strong></span> <span class='ocrx_word' id='word_1_311' title='bbox 3075 912 3192 982; x_wconf 90' lang='lat' dir='ltr'><strong>ipso</strong></span> <span class='ocrx_word' id='word_1_312' title='bbox 3227 910 3468 981; x_wconf 83' lang='lat' dir='ltr'><strong>compla-</strong></span> 
     </span>
    </p>
   </div>
   <div class='ocr_carea' id='block_1_39' title="bbox 1893 999 3467 1072">
    <p class='ocr_par' dir='ltr' id='par_1_39' title="bbox 1893 999 3467 1072">
     <span class='ocr_line' id='line_1_39' title="bbox 1893 999 3467 1072; baseline 0.002 -19"><span class='ocrx_word' id='word_1_313' title='bbox 1893 999 2008 1054; x_wconf 90' lang='lat' dir='ltr'><strong>cuit</strong></span> <span class='ocrx_word' id='word_1_314' title='bbox 2032 1013 2250 1054; x_wconf 90' lang='lat' dir='ltr'><strong>omnem</strong></span> <span class='ocrx_word' id='word_1_315' title='bbox 2306 999 2695 1069; x_wconf 88' lang='lat' dir='ltr'><strong>plenitudinem</strong></span> <span class='ocrx_word' id='word_1_316' title='bbox 2742 1003 3074 1069; x_wconf 82' lang='lat' dir='ltr'><strong>inhabitare,</strong></span> <span class='ocrx_word' id='word_1_317' title='bbox 3123 1011 3177 1057; x_wconf 89' lang='lat' dir='ltr'><strong>et</strong></span> <span class='ocrx_word' id='word_1_318' title='bbox 3223 1018 3318 1072; x_wconf 84' lang='lat' dir='ltr'><strong>per</strong></span> <span class='ocrx_word' id='word_1_319' title='bbox 3343 1017 3467 1057; x_wconf 91' lang='lat' dir='ltr'><strong>cum</strong></span> 
     </span>
    </p>
   </div>
   <div class='ocr_carea' id='block_1_40' title="bbox 1893 1093 3466 1165">
    <p class='ocr_par' dir='ltr' id='par_1_40' title="bbox 1893 1093 3466 1165">
     <span class='ocr_line' id='line_1_40' title="bbox 1893 1093 3466 1165; baseline 0.001 -18"><span class='ocrx_word' id='word_1_320' title='bbox 1893 1093 2074 1147; x_wconf 85' lang='lat' dir='ltr'><strong>omnia</strong></span> <span class='ocrx_word' id='word_1_321' title='bbox 2111 1093 2464 1164; x_wconf 81' lang='lat' dir='ltr'><strong>reconciliare</strong></span> <span class='ocrx_word' id='word_1_322' title='bbox 2519 1095 2570 1148; x_wconf 91' lang='lat' dir='ltr'><strong>in</strong></span> <span class='ocrx_word' id='word_1_323' title='bbox 2615 1095 2790 1164; x_wconf 91' lang='lat' dir='ltr'><strong>ipsum</strong></span> <span class='ocrx_word' id='word_1_324' title='bbox 2820 1111 2838 1148; x_wconf 91' lang='lat'><strong><em>:</em></strong></span> <span class='ocrx_word' id='word_1_325' title='bbox 2875 1095 3172 1163; x_wconf 80' lang='lat' dir='ltr'><strong>paciﬁcans</strong></span> <span class='ocrx_word' id='word_1_326' title='bbox 3207 1110 3302 1165; x_wconf 91' lang='lat' dir='ltr'><strong>per</strong></span> <span class='ocrx_word' id='word_1_327' title='bbox 3337 1110 3466 1148; x_wconf 66' lang='lat' dir='ltr'><strong>sano</strong></span> 
     </span>
    </p>
   </div>
   <div class='ocr_carea' id='block_1_41' title="bbox 1893 1185 3463 1256">
    <p class='ocr_par' dir='ltr' id='par_1_41' title="bbox 1893 1185 3463 1256">
     <span class='ocr_line' id='line_1_41' title="bbox 1893 1185 3463 1256; baseline 0.004 -20"><span class='ocrx_word' id='word_1_328' title='bbox 1893 1185 2110 1254; x_wconf 79' lang='lat' dir='ltr'><strong>guinem</strong></span> <span class='ocrx_word' id='word_1_329' title='bbox 2155 1185 2336 1240; x_wconf 88' lang='lat' dir='ltr'><strong>crucis</strong></span> <span class='ocrx_word' id='word_1_330' title='bbox 2371 1186 2487 1255; x_wconf 88' lang='lat' dir='ltr'><strong>ejus</strong></span> <span class='ocrx_word' id='word_1_331' title='bbox 2525 1186 2640 1241; x_wconf 85' lang='lat' dir='ltr'><strong>sive</strong></span> <span class='ocrx_word' id='word_1_332' title='bbox 2671 1201 2790 1254; x_wconf 68' lang='lat' dir='ltr'><strong>qua:</strong></span> <span class='ocrx_word' id='word_1_333' title='bbox 2820 1187 2872 1241; x_wconf 92' lang='lat' dir='ltr'><strong>in</strong></span> <span class='ocrx_word' id='word_1_334' title='bbox 2909 1187 3090 1252; x_wconf 87' lang='lat' dir='ltr'><strong>terris,</strong></span> <span class='ocrx_word' id='word_1_335' title='bbox 3119 1190 3236 1242; x_wconf 86' lang='lat' dir='ltr'><strong>sive</strong></span> <span class='ocrx_word' id='word_1_336' title='bbox 3261 1202 3380 1256; x_wconf 70' lang='lat' dir='ltr'><strong>qua:</strong></span> <span class='ocrx_word' id='word_1_337' title='bbox 3412 1189 3463 1242; x_wconf 88' lang='lat' dir='ltr'><strong>in</strong></span> 
     </span>
    </p>
   </div>
   <div class='ocr_carea' id='block_1_42' title="bbox 1895 1275 3470 1342">
    <p class='ocr_par' dir='ltr' id='par_1_42' title="bbox 1895 1275 3470 1342">
     <span class='ocr_line' id='line_1_42' title="bbox 1895 1275 3470 1342; baseline 0.001 -14"><span class='ocrx_word' id='word_1_338' title='bbox 1895 1275 2046 1330; x_wconf 60' lang='lat' dir='ltr'><strong>caelis</strong></span> <span class='ocrx_word' id='word_1_339' title='bbox 2081 1285 2208 1331; x_wconf 88' lang='lat' dir='ltr'><strong>sunt</strong></span> <span class='ocrx_word' id='word_1_340' title='bbox 2232 1277 2298 1330; x_wconf 80' lang='lat'><strong>&quot;.</strong></span> <span class='ocrx_word' id='word_1_341' title='bbox 2336 1296 2356 1330; x_wconf 71' lang='grc' dir='ltr'><strong>ι</strong></span> <span class='ocrx_word' id='word_1_342' title='bbox 2391 1277 2622 1332; x_wconf 87' lang='lat' dir='ltr'><strong>Docetnr</strong></span> <span class='ocrx_word' id='word_1_343' title='bbox 2651 1276 2763 1341; x_wconf 89' lang='lat' dir='ltr'><strong>hic,</strong></span> <span class='ocrx_word' id='word_1_344' title='bbox 2805 1278 2896 1333; x_wconf 89' lang='lat' dir='ltr'><strong>Dei</strong></span> <span class='ocrx_word' id='word_1_345' title='bbox 2947 1278 3197 1342; x_wconf 82' lang='lat' dir='ltr'><strong>Verbum,</strong></span> <span class='ocrx_word' id='word_1_346' title='bbox 3253 1279 3353 1333; x_wconf 91' lang='lat' dir='ltr'><strong>hoc</strong></span> <span class='ocrx_word' id='word_1_347' title='bbox 3389 1289 3470 1333; x_wconf 81' lang='lat' dir='ltr'><strong>est</strong></span> 
     </span>
    </p>
   </div>
   <div class='ocr_carea' id='block_1_43' title="bbox 1895 1365 3462 1431">
    <p class='ocr_par' dir='ltr' id='par_1_43' title="bbox 1895 1365 3462 1431">
     <span class='ocr_line' id='line_1_43' title="bbox 1895 1365 3462 1431; baseline 0.003 -14"><span class='ocrx_word' id='word_1_348' title='bbox 1895 1365 2089 1420; x_wconf 88' lang='lat' dir='ltr'><strong>Filium</strong></span> <span class='ocrx_word' id='word_1_349' title='bbox 2141 1367 2462 1422; x_wconf 90' lang='lat' dir='ltr'><strong>naturaliter</strong></span> <span class='ocrx_word' id='word_1_350' title='bbox 2512 1382 2575 1422; x_wconf 84' lang='lat' dir='ltr'><strong>ex</strong></span> <span class='ocrx_word' id='word_1_351' title='bbox 2629 1367 2722 1423; x_wconf 85' lang='lat' dir='ltr'><strong>illo</strong></span> <span class='ocrx_word' id='word_1_352' title='bbox 2765 1377 2976 1431; x_wconf 91' lang='lat' dir='ltr'><strong>natum,</strong></span> <span class='ocrx_word' id='word_1_353' title='bbox 3037 1369 3323 1424; x_wconf 89' lang='lat' dir='ltr'><strong>invisibilis</strong></span> <span class='ocrx_word' id='word_1_354' title='bbox 3369 1369 3462 1422; x_wconf 74' lang='lat' dir='ltr'><strong>Dei</strong></span> 
     </span>
    </p>
   </div>
   <div class='ocr_carea' id='block_1_44' title="bbox 1899 1455 3461 1525">
    <p class='ocr_par' dir='ltr' id='par_1_44' title="bbox 1899 1455 3461 1525">
     <span class='ocr_line' id='line_1_44' title="bbox 1899 1455 3461 1525; baseline 0.003 -18"><span class='ocrx_word' id='word_1_355' title='bbox 1899 1455 2184 1525; x_wconf 75' lang='lat' dir='ltr'><strong>imaginem</strong></span> <span class='ocrx_word' id='word_1_356' title='bbox 2211 1471 2373 1513; x_wconf 89' lang='lat' dir='ltr'><strong>esse:</strong></span> <span class='ocrx_word' id='word_1_357' title='bbox 2417 1458 2601 1514; x_wconf 64' lang='lat' dir='ltr'><strong>adh-are</strong></span> <span class='ocrx_word' id='word_1_358' title='bbox 2639 1459 2819 1514; x_wconf 89' lang='lat' dir='ltr'><strong>omnia</strong></span> <span class='ocrx_word' id='word_1_359' title='bbox 2858 1459 3090 1514; x_wconf 86' lang='lat' dir='ltr'><strong>visibilia</strong></span> <span class='ocrx_word' id='word_1_360' title='bbox 3123 1471 3179 1515; x_wconf 91' lang='lat' dir='ltr'><strong>et</strong></span> <span class='ocrx_word' id='word_1_361' title='bbox 3215 1461 3461 1514; x_wconf 87' lang='lat' dir='ltr'><strong>invisibi-</strong></span> 
     </span>
    </p>
   </div>
   <div class='ocr_carea' id='block_1_45' title="bbox 1895 1545 3477 1622">
    <p class='ocr_par' dir='ltr' id='par_1_45' title="bbox 1895 1545 3477 1622">
     <span class='ocr_line' id='line_1_45' title="bbox 1895 1545 3477 1622; baseline 0.004 -23"><span class='ocrx_word' id='word_1_362' title='bbox 1895 1545 1988 1610; x_wconf 87' lang='lat' dir='ltr'><strong>lia,</strong></span> <span class='ocrx_word' id='word_1_363' title='bbox 2020 1547 2134 1602; x_wconf 86' lang='lat' dir='ltr'><strong>sive</strong></span> <span class='ocrx_word' id='word_1_364' title='bbox 2171 1549 2220 1602; x_wconf 91' lang='lat' dir='ltr'><strong>in</strong></span> <span class='ocrx_word' id='word_1_365' title='bbox 2257 1550 2430 1614; x_wconf 75' lang='lat' dir='ltr'><strong>caelis,</strong></span> <span class='ocrx_word' id='word_1_366' title='bbox 2461 1551 2576 1605; x_wconf 90' lang='lat' dir='ltr'><strong>sive</strong></span> <span class='ocrx_word' id='word_1_367' title='bbox 2608 1550 2661 1606; x_wconf 91' lang='lat' dir='ltr'><strong>iu</strong></span> <span class='ocrx_word' id='word_1_368' title='bbox 2691 1551 2875 1616; x_wconf 86' lang='lat' dir='ltr'><strong>terris,</strong></span> <span class='ocrx_word' id='word_1_369' title='bbox 2909 1565 3007 1622; x_wconf 88' lang='lat' dir='ltr'><strong>per</strong></span> <span class='ocrx_word' id='word_1_370' title='bbox 3033 1551 3208 1620; x_wconf 90' lang='lat' dir='ltr'><strong>ipsum</strong></span> <span class='ocrx_word' id='word_1_371' title='bbox 3241 1553 3477 1621; x_wconf 51' lang='lat' dir='ltr'><strong>condita.</strong></span> 
     </span>
    </p>
   </div>
   <div class='ocr_carea' id='block_1_46' title="bbox 1894 1639 3462 1714">
    <p class='ocr_par' dir='ltr' id='par_1_46' title="bbox 1894 1639 3462 1714">
     <span class='ocr_line' id='line_1_46' title="bbox 1894 1639 3462 1714; baseline 0.003 -22"><span class='ocrx_word' id='word_1_372' title='bbox 1894 1653 2052 1694; x_wconf 78' lang='lat' dir='ltr'><strong>esse:</strong></span> <span class='ocrx_word' id='word_1_373' title='bbox 2085 1639 2255 1708; x_wconf 88' lang='lat' dir='ltr'><strong>ipsum</strong></span> <span class='ocrx_word' id='word_1_374' title='bbox 2290 1653 2550 1711; x_wconf 73' lang='lat' dir='ltr'><strong>przeterea</strong></span> <span class='ocrx_word' id='word_1_375' title='bbox 2577 1642 2759 1698; x_wconf 85' lang='lat' dir='ltr'><strong>omnia</strong></span> <span class='ocrx_word' id='word_1_376' title='bbox 2796 1643 3116 1699; x_wconf 87' lang='lat' dir='ltr'><strong>antecedere</strong></span> <span class='ocrx_word' id='word_1_377' title='bbox 3147 1645 3194 1711; x_wconf 75' lang='grc' dir='ltr'>(ι</span> <span class='ocrx_word' id='word_1_378' title='bbox 3227 1643 3282 1697; x_wconf 90' lang='lat' dir='ltr'><strong>In</strong></span> <span class='ocrx_word' id='word_1_379' title='bbox 3311 1645 3462 1714; x_wconf 84' lang='lat' dir='ltr'><strong>priu-</strong></span> 
     </span>
    </p>
   </div>
   <div class='ocr_carea' id='block_1_47' title="bbox 1893 1732 3463 1805">
    <p class='ocr_par' dir='ltr' id='par_1_47' title="bbox 1893 1732 3463 1805">
     <span class='ocr_line' id='line_1_47' title="bbox 1893 1732 3463 1805; baseline 0.004 -21"><span class='ocrx_word' id='word_1_380' title='bbox 1893 1732 2034 1800; x_wconf 88' lang='lat' dir='ltr'><strong>cipio</strong></span> <span class='ocrx_word' id='word_1_381' title='bbox 2057 1733 2202 1787; x_wconf 89' lang='lat' dir='ltr'><strong>enim</strong></span> <span class='ocrx_word' id='word_1_382' title='bbox 2227 1747 2346 1788; x_wconf 83' lang='lat' dir='ltr'><strong>erat</strong></span> <span class='ocrx_word' id='word_1_383' title='bbox 2369 1733 2602 1790; x_wconf 81' lang='lat' dir='ltr'><strong>Verbum</strong></span> <span class='ocrx_word' id='word_1_384' title='bbox 2619 1735 2747 1804; x_wconf 63' lang='grc' dir='ltr'><strong>νο),</strong></span> <span class='ocrx_word' id='word_1_385' title='bbox 2766 1735 3196 1805; x_wconf 72' lang='grc' dir='ltr'>εωοιιιοιιιιιιιιιιε</span> <span class='ocrx_word' id='word_1_386' title='bbox 3220 1738 3463 1792; x_wconf 89' lang='lat' dir='ltr'><strong>condito-</strong></span> 
     </span>
    </p>
   </div>
   <div class='ocr_carea' id='block_1_48' title="bbox 1895 1825 3465 1898">
    <p class='ocr_par' dir='ltr' id='par_1_48' title="bbox 1895 1825 3465 1898">
     <span class='ocr_line' id='line_1_48' title="bbox 1895 1825 3465 1898; baseline 0.006 -23"><span class='ocrx_word' id='word_1_387' title='bbox 1895 1837 2004 1876; x_wconf 87' lang='lat' dir='ltr'><strong>rem</strong></span> <span class='ocrx_word' id='word_1_388' title='bbox 2055 1838 2218 1880; x_wconf 90' lang='lat' dir='ltr'><strong>esse:</strong></span> <span class='ocrx_word' id='word_1_389' title='bbox 2258 1825 2635 1882; x_wconf 82' lang='lat' dir='ltr'><strong>exsistentiam</strong></span> <span class='ocrx_word' id='word_1_390' title='bbox 2692 1835 2966 1897; x_wconf 89' lang='lat' dir='ltr'><strong>postremo</strong></span> <span class='ocrx_word' id='word_1_391' title='bbox 3018 1829 3166 1883; x_wconf 90' lang='lat' dir='ltr'><strong>omni</strong></span> <span class='ocrx_word' id='word_1_392' title='bbox 3225 1836 3465 1898; x_wconf 82' lang='lat' dir='ltr'><strong>tempore</strong></span> 
     </span>
    </p>
   </div>
   <div class='ocr_carea' id='block_1_49' title="bbox 1889 1916 3462 1997">
    <p class='ocr_par' dir='ltr' id='par_1_49' title="bbox 1889 1916 3462 1997">
     <span class='ocr_line' id='line_1_49' title="bbox 1889 1916 3462 1997; baseline 0.004 -30"><span class='ocrx_word' id='word_1_393' title='bbox 1889 1916 2252 1985; x_wconf 82' lang='lat' dir='ltr'><strong>antiquiorem</strong></span> <span class='ocrx_word' id='word_1_394' title='bbox 2303 1917 2522 1974; x_wconf 86' lang='lat' dir='ltr'><strong>habere.</strong></span> <span class='ocrx_word' id='word_1_395' title='bbox 2583 1917 2860 1987; x_wconf 86' lang='lat' dir='ltr'><strong>Ejusmodi</strong></span> <span class='ocrx_word' id='word_1_396' title='bbox 2923 1927 3106 1997; x_wconf 78' lang='lat' dir='ltr'><strong>autem</strong></span> <span class='ocrx_word' id='word_1_397' title='bbox 3165 1919 3326 1973; x_wconf 86' lang='lat' dir='ltr'><strong>bouis</strong></span> <span class='ocrx_word' id='word_1_398' title='bbox 3378 1933 3462 1976; x_wconf 83' lang='lat' dir='ltr'><strong>se-</strong></span> 
     </span>
    </p>
   </div>
   <div class='ocr_carea' id='block_1_50' title="bbox 1887 2008 3464 2081">
    <p class='ocr_par' dir='ltr' id='par_1_50' title="bbox 1887 2008 3464 2081">
     <span class='ocr_line' id='line_1_50' title="bbox 1887 2008 3464 2081; baseline 0.004 -22"><span class='ocrx_word' id='word_1_399' title='bbox 1887 2010 2125 2060; x_wconf 90' lang='lat' dir='ltr'><strong>cundum</strong></span> <span class='ocrx_word' id='word_1_400' title='bbox 2179 2008 2456 2078; x_wconf 86' lang='lat' dir='ltr'><strong>propriam</strong></span> <span class='ocrx_word' id='word_1_401' title='bbox 2507 2019 2758 2066; x_wconf 83' lang='lat' dir='ltr'><strong>naturam</strong></span> <span class='ocrx_word' id='word_1_402' title='bbox 2804 2011 3160 2073; x_wconf 85' lang='lat' dir='ltr'><strong>cumulatum,</strong></span> <span class='ocrx_word' id='word_1_403' title='bbox 3193 2011 3464 2081; x_wconf 81' lang='lat' dir='ltr'><strong>primoge—</strong></span> 
     </span>
    </p>
   </div>
   <div class='ocr_carea' id='block_1_51' title="bbox 1887 2097 3456 2171">
    <p class='ocr_par' dir='ltr' id='par_1_51' title="bbox 1887 2097 3456 2171">
     <span class='ocr_line' id='line_1_51' title="bbox 1887 2097 3456 2171; baseline 0.004 -20"><span class='ocrx_word' id='word_1_404' title='bbox 1887 2097 2057 2152; x_wconf 87' lang='lat' dir='ltr'><strong>nitum</strong></span> <span class='ocrx_word' id='word_1_405' title='bbox 2096 2113 2162 2152; x_wconf 82' lang='lat' dir='ltr'><strong>ex</strong></span> <span class='ocrx_word' id='word_1_406' title='bbox 2204 2102 2458 2164; x_wconf 84' lang='lat' dir='ltr'><strong>mortuis.</strong></span> <span class='ocrx_word' id='word_1_407' title='bbox 2499 2109 2550 2155; x_wconf 86' lang='lat' dir='ltr'><strong>et</strong></span> <span class='ocrx_word' id='word_1_408' title='bbox 2601 2110 2766 2170; x_wconf 89' lang='lat' dir='ltr'><strong>caput</strong></span> <span class='ocrx_word' id='word_1_409' title='bbox 2817 2102 3064 2171; x_wconf 84' lang='lat' dir='ltr'><strong>corporis</strong></span> <span class='ocrx_word' id='word_1_410' title='bbox 3117 2102 3376 2158; x_wconf 74' lang='lat' dir='ltr'><strong>Ecclesia:</strong></span> <span class='ocrx_word' id='word_1_411' title='bbox 3429 2119 3456 2157; x_wconf 85' lang='lat' dir='ltr'><strong>a</strong></span> 
     </span>
    </p>
   </div>
   <div class='ocr_carea' id='block_1_52' title="bbox 1889 2187 3460 2262">
    <p class='ocr_par' dir='ltr' id='par_1_52' title="bbox 1889 2187 3460 2262">
     <span class='ocr_line' id='line_1_52' title="bbox 1889 2187 3460 2262; baseline 0.003 -18"><span class='ocrx_word' id='word_1_412' title='bbox 1889 2189 1996 2244; x_wconf 88' lang='lat' dir='ltr'><strong>Deo</strong></span> <span class='ocrx_word' id='word_1_413' title='bbox 2020 2187 2180 2244; x_wconf 89' lang='lat' dir='ltr'><strong>Patre</strong></span> <span class='ocrx_word' id='word_1_414' title='bbox 2208 2191 2393 2244; x_wconf 87' lang='lat' dir='ltr'><strong>datum</strong></span> <span class='ocrx_word' id='word_1_415' title='bbox 2439 2205 2558 2245; x_wconf 89' lang='lat' dir='ltr'><strong>esse</strong></span> <span class='ocrx_word' id='word_1_416' title='bbox 2603 2191 2855 2246; x_wconf 82' lang='lat' dir='ltr'><strong>atlirmat.</strong></span> <span class='ocrx_word' id='word_1_417' title='bbox 2903 2191 3020 2247; x_wconf 87' lang='lat' dir='ltr'><strong>Jam</strong></span> <span class='ocrx_word' id='word_1_418' title='bbox 3057 2195 3327 2262; x_wconf 89' lang='lat' dir='ltr'><strong>quomodo</strong></span> <span class='ocrx_word' id='word_1_419' title='bbox 3369 2197 3460 2262; x_wconf 91' lang='lat' dir='ltr'><strong>qui</strong></span> 
     </span>
    </p>
   </div>
   <div class='ocr_carea' id='block_1_53' title="bbox 1885 2278 3458 2356">
    <p class='ocr_par' dir='ltr' id='par_1_53' title="bbox 1885 2278 3458 2356">
     <span class='ocr_line' id='line_1_53' title="bbox 1885 2278 3458 2356; baseline 0.005 -24"><span class='ocrx_word' id='word_1_420' title='bbox 1885 2278 1978 2334; x_wconf 86' lang='lat' dir='ltr'><strong>Dei</strong></span> <span class='ocrx_word' id='word_1_421' title='bbox 2011 2279 2188 2334; x_wconf 78' lang='lat' dir='ltr'><strong>Patris</strong></span> <span class='ocrx_word' id='word_1_422' title='bbox 2233 2278 2466 2335; x_wconf 83' lang='lat' dir='ltr'><strong>Verbum</strong></span> <span class='ocrx_word' id='word_1_423' title='bbox 2512 2292 2618 2344; x_wconf 85' lang='lat' dir='ltr'><strong>est,</strong></span> <span class='ocrx_word' id='word_1_424' title='bbox 2656 2297 2975 2354; x_wconf 83' lang='lat' dir='ltr'><strong>semperque</strong></span> <span class='ocrx_word' id='word_1_425' title='bbox 3010 2285 3142 2348; x_wconf 81' lang='lat' dir='ltr'><strong>fuit,</strong></span> <span class='ocrx_word' id='word_1_426' title='bbox 3173 2301 3270 2354; x_wconf 86' lang='lat' dir='ltr'><strong>per</strong></span> <span class='ocrx_word' id='word_1_427' title='bbox 3299 2301 3458 2356; x_wconf 86' lang='lat' dir='ltr'><strong>quem</strong></span> 
     </span>
    </p>
   </div>
   <div class='ocr_carea' id='block_1_54' title="bbox 1883 2369 3458 2443">
    <p class='ocr_par' dir='ltr' id='par_1_54' title="bbox 1883 2369 3458 2443">
     <span class='ocr_line' id='line_1_54' title="bbox 1883 2369 3458 2443; baseline 0.005 -20"><span class='ocrx_word' id='word_1_428' title='bbox 1883 2369 2064 2423; x_wconf 85' lang='lat' dir='ltr'><strong>omnia</strong></span> <span class='ocrx_word' id='word_1_429' title='bbox 2113 2377 2383 2437; x_wconf 81' lang='lat' dir='ltr'><strong>constant,</strong></span> <span class='ocrx_word' id='word_1_430' title='bbox 2439 2371 2836 2441; x_wconf 82' lang='lat' dir='ltr'><strong>primogenitus</strong></span> <span class='ocrx_word' id='word_1_431' title='bbox 2885 2389 2952 2427; x_wconf 77' lang='lat' dir='ltr'><strong>ex</strong></span> <span class='ocrx_word' id='word_1_432' title='bbox 3010 2376 3262 2443; x_wconf 82' lang='lat' dir='ltr'><strong>mortuis,</strong></span> <span class='ocrx_word' id='word_1_433' title='bbox 3329 2378 3458 2431; x_wconf 70' lang='grc' dir='ltr'><strong>(ποι-ο</strong></span> 
     </span>
    </p>
   </div>
   <div class='ocr_carea' id='block_1_55' title="bbox 1883 2460 3458 2538">
    <p class='ocr_par' dir='ltr' id='par_1_55' title="bbox 1883 2460 3458 2538">
     <span class='ocr_line' id='line_1_55' title="bbox 1883 2460 3458 2538; baseline 0.005 -24"><span class='ocrx_word' id='word_1_434' title='bbox 1883 2460 2274 2530; x_wconf 85' lang='lat' dir='ltr'><strong>mientiumque</strong></span> <span class='ocrx_word' id='word_1_435' title='bbox 2323 2461 2577 2531; x_wconf 68' lang='lat' dir='ltr'><strong>primitiae</strong></span> <span class='ocrx_word' id='word_1_436' title='bbox 2621 2464 2940 2534; x_wconf 87' lang='lat' dir='ltr'><strong>appellatur,</strong></span> <span class='ocrx_word' id='word_1_437' title='bbox 2991 2467 3035 2522; x_wconf 88' lang='lat' dir='ltr'><strong>si</strong></span> <span class='ocrx_word' id='word_1_438' title='bbox 3074 2481 3274 2538; x_wconf 87' lang='lat' dir='ltr'><strong>corpus</strong></span> <span class='ocrx_word' id='word_1_439' title='bbox 3317 2474 3458 2538; x_wconf 85' lang='lat' dir='ltr'><strong>quod</strong></span> 
     </span>
    </p>
   </div>
   <div class='ocr_carea' id='block_1_56' title="bbox 1883 2551 3455 2625">
    <p class='ocr_par' dir='ltr' id='par_1_56' title="bbox 1883 2551 3455 2625">
     <span class='ocr_line' id='line_1_56' title="bbox 1883 2551 3455 2625; baseline 0.005 -21"><span class='ocrx_word' id='word_1_440' title='bbox 1883 2551 2181 2620; x_wconf 85' lang='lat' dir='ltr'><strong>assumpsit</strong></span> <span class='ocrx_word' id='word_1_441' title='bbox 2208 2565 2333 2608; x_wconf 77' lang='lat' dir='ltr'><strong>vere</strong></span> <span class='ocrx_word' id='word_1_442' title='bbox 2366 2551 2508 2606; x_wconf 85' lang='lat' dir='ltr'><strong>illius</strong></span> <span class='ocrx_word' id='word_1_443' title='bbox 2541 2553 2817 2624; x_wconf 89' lang='lat' dir='ltr'><strong>proprium</strong></span> <span class='ocrx_word' id='word_1_444' title='bbox 2853 2571 2958 2611; x_wconf 90' lang='lat' dir='ltr'><strong>non</strong></span> <span class='ocrx_word' id='word_1_445' title='bbox 2983 2565 3123 2622; x_wconf 89' lang='lat' dir='ltr'><strong>erat,</strong></span> <span class='ocrx_word' id='word_1_446' title='bbox 3157 2574 3263 2625; x_wconf 87' lang='lat' dir='ltr'><strong>quo</strong></span> <span class='ocrx_word' id='word_1_447' title='bbox 3296 2560 3455 2612; x_wconf 57' lang='lat' dir='ltr'><strong>nimi.</strong></span> 
     </span>
    </p>
   </div>
   <div class='ocr_carea' id='block_1_57' title="bbox 1884 2641 3454 2716">
    <p class='ocr_par' dir='ltr' id='par_1_57' title="bbox 1884 2641 3454 2716">
     <span class='ocr_line' id='line_1_57' title="bbox 1884 2641 3454 2716; baseline 0.007 -22"><span class='ocrx_word' id='word_1_448' title='bbox 1884 2657 2000 2696; x_wconf 88' lang='lat' dir='ltr'><strong>rum</strong></span> <span class='ocrx_word' id='word_1_449' title='bbox 2049 2641 2140 2696; x_wconf 89' lang='lat' dir='ltr'><strong>illo</strong></span> <span class='ocrx_word' id='word_1_450' title='bbox 2197 2653 2425 2700; x_wconf 90' lang='lat' dir='ltr'><strong>mortem</strong></span> <span class='ocrx_word' id='word_1_451' title='bbox 2476 2644 2742 2701; x_wconf 88' lang='lat' dir='ltr'><strong>subeunte</strong></span> <span class='ocrx_word' id='word_1_452' title='bbox 2785 2648 2901 2716; x_wconf 90' lang='lat' dir='ltr'><strong>ipse</strong></span> <span class='ocrx_word' id='word_1_453' title='bbox 2953 2657 3182 2704; x_wconf 88' lang='lat' dir='ltr'><strong>mortem</strong></span> <span class='ocrx_word' id='word_1_454' title='bbox 3217 2651 3454 2705; x_wconf 75' lang='lat' dir='ltr'><strong>subiisse</strong></span> 
     </span>
    </p>
   </div>
   <div class='ocr_carea' id='block_1_58' title="bbox 1884 2732 3454 2808">
    <p class='ocr_par' dir='ltr' id='par_1_58' title="bbox 1884 2732 3454 2808">
     <span class='ocr_line' id='line_1_58' title="bbox 1884 2732 3454 2808; baseline 0.008 -24"><span class='ocrx_word' id='word_1_455' title='bbox 1884 2732 2256 2802; x_wconf 74' lang='lat' dir='ltr'><strong>intelligatur?</strong></span> <span class='ocrx_word' id='word_1_456' title='bbox 2306 2735 2492 2805; x_wconf 86' lang='lat' dir='ltr'><strong>Neque</strong></span> <span class='ocrx_word' id='word_1_457' title='bbox 2553 2737 2698 2791; x_wconf 89' lang='lat' dir='ltr'><strong>enim</strong></span> <span class='ocrx_word' id='word_1_458' title='bbox 2749 2740 2884 2793; x_wconf 88' lang='lat' dir='ltr'><strong>citra</strong></span> <span class='ocrx_word' id='word_1_459' title='bbox 2915 2741 3118 2808; x_wconf 83' lang='lat' dir='ltr'><strong>justam</strong></span> <span class='ocrx_word' id='word_1_460' title='bbox 3149 2758 3368 2796; x_wconf 80' lang='lat' dir='ltr'><strong>causam</strong></span> <span class='ocrx_word' id='word_1_461' title='bbox 3404 2744 3454 2797; x_wconf 90' lang='lat' dir='ltr'><strong>id</strong></span> 
     </span>
    </p>
   </div>
   <div class='ocr_carea' id='block_1_59' title="bbox 1880 2821 3452 2905">
    <p class='ocr_par' dir='ltr' id='par_1_59' title="bbox 1880 2821 3452 2905">
     <span class='ocr_line' id='line_1_59' title="bbox 1880 2821 3452 2905; baseline 0.007 -28"><span class='ocrx_word' id='word_1_462' title='bbox 1880 2821 1960 2878; x_wconf 85' lang='lat' dir='ltr'><strong>illi</strong></span> <span class='ocrx_word' id='word_1_463' title='bbox 1994 2823 2259 2878; x_wconf 87' lang='lat' dir='ltr'><strong>accidisse</strong></span> <span class='ocrx_word' id='word_1_464' title='bbox 2298 2826 2522 2891; x_wconf 88' lang='lat' dir='ltr'><strong>dicitur,</strong></span> <span class='ocrx_word' id='word_1_465' title='bbox 2572 2831 2714 2894; x_wconf 88' lang='lat' dir='ltr'><strong>quod</strong></span> <span class='ocrx_word' id='word_1_466' title='bbox 2759 2835 2995 2900; x_wconf 89' lang='lat' dir='ltr'><strong>corpori,</strong></span> <span class='ocrx_word' id='word_1_467' title='bbox 3041 2837 3186 2904; x_wconf 90' lang='lat' dir='ltr'><strong>quod</strong></span> <span class='ocrx_word' id='word_1_468' title='bbox 3237 2851 3452 2905; x_wconf 70' lang='lat' dir='ltr'><strong>passum</strong></span> 
     </span>
    </p>
   </div>
   <div class='ocr_carea' id='block_1_60' title="bbox 1879 2915 3443 2988">
    <p class='ocr_par' dir='ltr' id='par_1_60' title="bbox 1879 2915 3443 2988">
     <span class='ocr_line' id='line_1_60' title="bbox 1879 2915 3443 2988; baseline 0.006 -18"><span class='ocrx_word' id='word_1_469' title='bbox 1879 2923 1982 2980; x_wconf 88' lang='lat' dir='ltr'><strong>est,</strong></span> <span class='ocrx_word' id='word_1_470' title='bbox 2009 2923 2064 2970; x_wconf 89' lang='lat' dir='ltr'><strong>et</strong></span> <span class='ocrx_word' id='word_1_471' title='bbox 2086 2915 2230 2972; x_wconf 88' lang='lat' dir='ltr'><strong>illius</strong></span> <span class='ocrx_word' id='word_1_472' title='bbox 2264 2919 2537 2988; x_wconf 87' lang='lat' dir='ltr'><strong>proprimn</strong></span> <span class='ocrx_word' id='word_1_473' title='bbox 2570 2928 2710 2987; x_wconf 87' lang='lat' dir='ltr'><strong>erat,</strong></span> <span class='ocrx_word' id='word_1_474' title='bbox 2753 2923 3022 2979; x_wconf 83' lang='lat' dir='ltr'><strong>accidisse</strong></span> <span class='ocrx_word' id='word_1_475' title='bbox 3056 2928 3326 2980; x_wconf 78' lang='lat' dir='ltr'><strong>novimus.</strong></span> <span class='ocrx_word' id='word_1_476' title='bbox 3365 2929 3443 2981; x_wconf 77' lang='lat' dir='ltr'><strong>Ad</strong></span> 
     </span>
    </p>
   </div>
   <div class='ocr_carea' id='block_1_61' title="bbox 1879 3004 3453 3076">
    <p class='ocr_par' dir='ltr' id='par_1_61' title="bbox 1879 3004 3453 3076">
     <span class='ocr_line' id='line_1_61' title="bbox 1879 3004 3453 3076; baseline 0.01 -18"><span class='ocrx_word' id='word_1_477' title='bbox 1879 3005 2024 3060; x_wconf 87' lang='lat' dir='ltr'><strong>hunc</strong></span> <span class='ocrx_word' id='word_1_478' title='bbox 2075 3004 2256 3076; x_wconf 83' lang='lat' dir='ltr'><strong>itaque</strong></span> <span class='ocrx_word' id='word_1_479' title='bbox 2313 3009 2529 3062; x_wconf 91' lang='lat' dir='ltr'><strong>modum</strong></span> <span class='ocrx_word' id='word_1_480' title='bbox 2587 3012 2800 3067; x_wconf 88' lang='lat' dir='ltr'><strong>etiamsi</strong></span> <span class='ocrx_word' id='word_1_481' title='bbox 2851 3016 3146 3071; x_wconf 87' lang='lat' dir='ltr'><strong>secundum</strong></span> <span class='ocrx_word' id='word_1_482' title='bbox 3203 3029 3453 3073; x_wconf 86' lang='lat' dir='ltr'><strong>naturam</strong></span> 
     </span>
    </p>
   </div>
   <div class='ocr_carea' id='block_1_62' title="bbox 201 3088 1774 3192">
    <p class='ocr_par' dir='ltr' id='par_1_62' title="bbox 201 3088 1774 3176">
     <span class='ocr_line' id='line_1_62' title="bbox 201 3088 1774 3176; baseline 0.011 -36"><span class='ocrx_word' id='word_1_483' title='bbox 201 3100 293 3142; x_wconf 83' lang='grc' dir='ltr'><strong>σιν</strong></span> <span class='ocrx_word' id='word_1_484' title='bbox 315 3088 583 3156; x_wconf 84' lang='grc' dir='ltr'>ἀθάνατος</span> <span class='ocrx_word' id='word_1_485' title='bbox 619 3091 718 3160; x_wconf 85' lang='grc' dir='ltr'><strong>ὢν,</strong></span> <span class='ocrx_word' id='word_1_486' title='bbox 760 3095 852 3149; x_wconf 75' lang='grc' dir='ltr'><strong>καὶ</strong></span> <span class='ocrx_word' id='word_1_487' title='bbox 881 3096 1042 3160; x_wconf 82' lang='grc' dir='ltr'>αὐτὸς</span> <span class='ocrx_word' id='word_1_488' title='bbox 1077 3101 1428 3170; x_wconf 82' lang='grc' dir='ltr'>χρηματίζων</span> <span class='ocrx_word' id='word_1_489' title='bbox 1471 3102 1606 3176; x_wconf 80' lang='grc' dir='ltr'><strong>ζωή.</strong></span> <span class='ocrx_word' id='word_1_490' title='bbox 1647 3105 1774 3160; x_wconf 84' lang='grc' dir='ltr'>Ὅτε</span> 
     </span>
    </p>
   </div>
   <div class='ocr_carea' id='block_1_63' title="bbox 1880 3088 3451 3192">
    <p class='ocr_par' dir='ltr' id='par_1_63' title="bbox 1883 3097 3451 3172">
     <span class='ocr_line' id='line_1_63' title="bbox 1883 3097 3451 3172; baseline 0.008 -22"><span class='ocrx_word' id='word_1_491' title='bbox 1883 3097 2232 3166; x_wconf 88' lang='lat' dir='ltr'><strong>immortalis,</strong></span> <span class='ocrx_word' id='word_1_492' title='bbox 2267 3108 2322 3154; x_wconf 92' lang='lat' dir='ltr'><strong>et</strong></span> <span class='ocrx_word' id='word_1_493' title='bbox 2347 3101 2454 3154; x_wconf 91' lang='lat' dir='ltr'><strong>vita</strong></span> <span class='ocrx_word' id='word_1_494' title='bbox 2507 3117 2604 3172; x_wconf 90' lang='lat' dir='ltr'><strong>per</strong></span> <span class='ocrx_word' id='word_1_495' title='bbox 2661 3107 2952 3160; x_wconf 87' lang='lat' dir='ltr'><strong>essentiam</strong></span> <span class='ocrx_word' id='word_1_496' title='bbox 3002 3111 3254 3171; x_wconf 67' lang='lat' dir='ltr'><strong>exsistat,</strong></span> <span class='ocrx_word' id='word_1_497' title='bbox 3305 3126 3451 3164; x_wconf 86' lang='lat' dir='ltr'><strong>mor-</strong></span> 
     </span>
    </p>
   </div>
   <div class='ocr_carea' id='block_1_64' title="bbox 197 3178 1770 3268">
    <p class='ocr_par' dir='ltr' id='par_1_64' title="bbox 197 3178 1770 3268">
     <span class='ocr_line' id='line_1_64' title="bbox 197 3178 1770 3268; baseline 0.014 -38"><span class='ocrx_word' id='word_1_498' title='bbox 197 3178 617 3268; x_wconf 53' lang='lat' dir='ltr'><strong>toivuvﬁéBomt</strong></span> <span class='ocrx_word' id='word_1_499' title='bbox 649 3186 857 3258; x_wconf 80' lang='grc' dir='ltr'>κεφαλὴ</span> <span class='ocrx_word' id='word_1_500' title='bbox 885 3187 980 3242; x_wconf 83' lang='grc' dir='ltr'>τοῦ</span> <span class='ocrx_word' id='word_1_501' title='bbox 1007 3188 1258 3261; x_wconf 83' lang='grc' dir='ltr'>σώματος</span> <span class='ocrx_word' id='word_1_502' title='bbox 1281 3193 1379 3264; x_wconf 83' lang='grc' dir='ltr'><strong>τῆς</strong></span> <span class='ocrx_word' id='word_1_503' title='bbox 1422 3195 1770 3268; x_wconf 83' lang='grc' dir='ltr'>Ἐκκλησίας,</span> 
     </span>
    </p>
   </div>
   <div class='ocr_carea' id='block_1_65' title="bbox 199 3267 1774 3350">
    <p class='ocr_par' dir='ltr' id='par_1_65' title="bbox 199 3267 1774 3350">
     <span class='ocr_line' id='line_1_65' title="bbox 199 3267 1774 3350; baseline 0.014 -30"><span class='ocrx_word' id='word_1_504' title='bbox 199 3267 390 3332; x_wconf 80' lang='grc' dir='ltr'>καθεὶς</span> <span class='ocrx_word' id='word_1_505' title='bbox 434 3272 625 3328; x_wconf 76' lang='grc' dir='ltr'>ἑαυτὸν</span> <span class='ocrx_word' id='word_1_506' title='bbox 655 3277 734 3338; x_wconf 75' lang='grc' dir='ltr'>εἰς</span> <span class='ocrx_word' id='word_1_507' title='bbox 762 3277 1013 3342; x_wconf 88' lang='grc' dir='ltr'>κένωσιν,</span> <span class='ocrx_word' id='word_1_508' title='bbox 1046 3279 1167 3332; x_wconf 84' lang='grc' dir='ltr'>τότε</span> <span class='ocrx_word' id='word_1_509' title='bbox 1195 3281 1411 3350; x_wconf 79' lang='grc' dir='ltr'>λέγεται</span> <span class='ocrx_word' id='word_1_510' title='bbox 1443 3284 1538 3338; x_wconf 71' lang='grc' dir='ltr'><strong>καὶ</strong></span> <span class='ocrx_word' id='word_1_511' title='bbox 1567 3267 1774 3340; x_wconf 85' lang='grc' dir='ltr'>ἀποθα-</span> 
     </span>
    </p>
   </div>
   <div class='ocr_carea' id='block_1_66' title="bbox 201 3363 1772 3440">
    <p class='ocr_par' dir='ltr' id='par_1_66' title="bbox 201 3363 1772 3440">
     <span class='ocr_line' id='line_1_66' title="bbox 201 3363 1772 3440; baseline 0.012 -28"><span class='ocrx_word' id='word_1_512' title='bbox 201 3363 314 3413; x_wconf 88' lang='grc' dir='ltr'>νεῖν</span> <span class='ocrx_word' id='word_1_513' title='bbox 343 3363 700 3434; x_wconf 82' lang='grc' dir='ltr'>ἀνθρωπίνως</span> <span class='ocrx_word' id='word_1_514' title='bbox 727 3367 866 3439; x_wconf 86' lang='grc' dir='ltr'>ὑπὲρ</span> <span class='ocrx_word' id='word_1_515' title='bbox 897 3370 1076 3440; x_wconf 84' lang='grc' dir='ltr'>ὴμῶν,</span> <span class='ocrx_word' id='word_1_516' title='bbox 1097 3371 1126 3422; x_wconf 96' lang='lat'><strong>6</strong></span> <span class='ocrx_word' id='word_1_517' title='bbox 1149 3373 1343 3426; x_wconf 82' lang='grc' dir='ltr'>παθεῖν</span> <span class='ocrx_word' id='word_1_518' title='bbox 1371 3375 1471 3429; x_wconf 81' lang='grc' dir='ltr'><strong>οὐκ</strong></span> <span class='ocrx_word' id='word_1_519' title='bbox 1500 3377 1656 3440; x_wconf 81' lang='grc' dir='ltr'>εἰδὼς</span> <span class='ocrx_word' id='word_1_520' title='bbox 1681 3381 1772 3431; x_wconf 78' lang='grc' dir='ltr'><strong>τὸν</strong></span> 
     </span>
    </p>
   </div>
   <div class='ocr_carea' id='block_1_67' title="bbox 198 3449 746 3534">
    <p class='ocr_par' dir='ltr' id='par_1_67' title="bbox 198 3449 746 3534">
     <span class='ocr_line' id='line_1_67' title="bbox 198 3449 746 3534; baseline 0.011 -30"><span class='ocrx_word' id='word_1_521' title='bbox 198 3449 433 3508; x_wconf 83' lang='grc' dir='ltr'>θάνατον</span> <span class='ocrx_word' id='word_1_522' title='bbox 463 3453 539 3517; x_wconf 80' lang='grc' dir='ltr'>ὡς</span> <span class='ocrx_word' id='word_1_523' title='bbox 567 3455 717 3520; x_wconf 84' lang='grc' dir='ltr'>Θεός.</span> <span class='ocrx_word' id='word_1_524' title='bbox 737 3524 746 3534; x_wconf 39' lang='grc' dir='ltr'><strong>ο</strong></span> 
     </span>
    </p>
   </div>
   <div class='ocr_carea' id='block_1_68' title="bbox 271 3630 1772 3710">
    <p class='ocr_par' dir='ltr' id='par_1_68' title="bbox 271 3630 1772 3710">
     <span class='ocr_line' id='line_1_68' title="bbox 271 3630 1772 3710; baseline 0.01 -23"><span class='ocrx_word' id='word_1_525' title='bbox 271 3630 407 3688; x_wconf 82' lang='lat' dir='ltr'><strong>KA&#39;.</strong></span> <span class='ocrx_word' id='word_1_526' title='bbox 445 3633 702 3703; x_wconf 83' lang='grc' dir='ltr'>Λέγοντος</span> <span class='ocrx_word' id='word_1_527' title='bbox 747 3635 806 3691; x_wconf 82' lang='grc' dir='ltr'><strong>δὲ</strong></span> <span class='ocrx_word' id='word_1_528' title='bbox 856 3637 950 3693; x_wconf 78' lang='grc' dir='ltr'>τοῦ</span> <span class='ocrx_word' id='word_1_529' title='bbox 1003 3643 1272 3710; x_wconf 82' lang='grc' dir='ltr'>μακαρίου</span> <span class='ocrx_word' id='word_1_530' title='bbox 1313 3644 1548 3708; x_wconf 81' lang='grc' dir='ltr'>Παύλου,</span> <span class='ocrx_word' id='word_1_531' title='bbox 1595 3648 1676 3701; x_wconf 79' lang='grc' dir='ltr'><strong>ὅτι</strong></span> <span class='ocrx_word' id='word_1_532' title='bbox 1715 3651 1772 3702; x_wconf 79' lang='grc' dir='ltr'><strong>ἐν</strong></span> 
     </span>
    </p>
   </div>
   <div class='ocr_carea' id='block_1_69' title="bbox 198 3721 1768 3804">
    <p class='ocr_par' dir='ltr' id='par_1_69' title="bbox 198 3721 1768 3804">
     <span class='ocr_line' id='line_1_69' title="bbox 198 3721 1768 3804; baseline 0.012 -30"><span class='ocrx_word' id='word_1_533' title='bbox 198 3721 351 3792; x_wconf 79' lang='grc' dir='ltr'>αὐτῷ</span> <span class='ocrx_word' id='word_1_534' title='bbox 375 3723 662 3795; x_wconf 80' lang='grc' dir='ltr'>κατῴκησε</span> <span class='ocrx_word' id='word_1_535' title='bbox 689 3731 794 3781; x_wconf 82' lang='grc' dir='ltr'>πᾶν</span> <span class='ocrx_word' id='word_1_536' title='bbox 814 3730 872 3782; x_wconf 76' lang='grc' dir='ltr'><strong>τὸ</strong></span> <span class='ocrx_word' id='word_1_537' title='bbox 901 3731 1196 3802; x_wconf 81' lang='grc' dir='ltr'>πλήρωμα,</span> <span class='ocrx_word' id='word_1_538' title='bbox 1231 3737 1390 3803; x_wconf 74' lang='grc' dir='ltr'>φαῖεν</span> <span class='ocrx_word' id='word_1_539' title='bbox 1423 3737 1488 3789; x_wconf 80' lang='grc' dir='ltr'>ἂν</span> <span class='ocrx_word' id='word_1_540' title='bbox 1523 3738 1652 3804; x_wconf 82' lang='grc' dir='ltr'>ἴσως</span> <span class='ocrx_word' id='word_1_541' title='bbox 1688 3758 1768 3792; x_wconf 78' lang='grc' dir='ltr'>τιο</span> 
     </span>
    </p>
   </div>
   <div class='ocr_carea' id='block_1_70' title="bbox 198 3811 1769 3898">
    <p class='ocr_par' dir='ltr' id='par_1_70' title="bbox 198 3811 1769 3898">
     <span class='ocr_line' id='line_1_70' title="bbox 198 3811 1769 3898; baseline 0.013 -34"><span class='ocrx_word' id='word_1_542' title='bbox 198 3811 317 3876; x_wconf 73' lang='grc' dir='ltr'>νέςο</span> <span class='ocrx_word' id='word_1_543' title='bbox 359 3813 486 3867; x_wconf 79' lang='grc' dir='ltr'>Ἰδοὺ</span> <span class='ocrx_word' id='word_1_544' title='bbox 517 3816 750 3886; x_wconf 81' lang='grc' dir='ltr'>Χριστὸν</span> <span class='ocrx_word' id='word_1_545' title='bbox 781 3819 865 3871; x_wconf 62' lang='lat' dir='ltr'><strong>Era</strong></span> <span class='ocrx_word' id='word_1_546' title='bbox 877 3837 966 3890; x_wconf 89' lang='grc' dir='ltr'><strong>ρον</strong></span> <span class='ocrx_word' id='word_1_547' title='bbox 995 3819 1136 3876; x_wconf 83' lang='grc' dir='ltr'>οἶδεν</span> <span class='ocrx_word' id='word_1_548' title='bbox 1165 3825 1348 3890; x_wconf 78' lang='grc' dir='ltr'>ῖδικῶς</span> <span class='ocrx_word' id='word_1_549' title='bbox 1373 3827 1464 3881; x_wconf 82' lang='grc' dir='ltr'><strong>τὸν</strong></span> <span class='ocrx_word' id='word_1_550' title='bbox 1489 3832 1553 3882; x_wconf 84' lang='grc' dir='ltr'>ἐκ</span> <span class='ocrx_word' id='word_1_551' title='bbox 1579 3847 1769 3898; x_wconf 86' lang='grc' dir='ltr'>γυναι-</span> 
     </span>
    </p>
   </div>
   <div class='ocr_carea' id='block_1_71' title="bbox 199 3901 1768 3992">
    <p class='ocr_par' dir='ltr' id='par_1_71' title="bbox 199 3901 1768 3992">
     <span class='ocr_line' id='line_1_71' title="bbox 199 3901 1768 3992; baseline 0.013 -36"><span class='ocrx_word' id='word_1_552' title='bbox 199 3903 296 3966; x_wconf 74' lang='grc' dir='ltr'><strong>κὸς</strong></span> <span class='ocrx_word' id='word_1_553' title='bbox 321 3901 623 3974; x_wconf 79' lang='grc' dir='ltr'>ἄνθρωπον,</span> <span class='ocrx_word' id='word_1_554' title='bbox 667 3909 724 3958; x_wconf 82' lang='grc' dir='ltr'>ὲν</span> <span class='ocrx_word' id='word_1_555' title='bbox 749 3902 792 3975; x_wconf 82' lang='grc' dir='ltr'>ᾧ</span> <span class='ocrx_word' id='word_1_556' title='bbox 827 3911 1150 3984; x_wconf 82' lang='grc' dir='ltr'>κατῴκησεν</span> <span class='ocrx_word' id='word_1_557' title='bbox 1178 3915 1254 3980; x_wconf 79' lang='grc' dir='ltr'>ὡς</span> <span class='ocrx_word' id='word_1_558' title='bbox 1283 3917 1472 3988; x_wconf 78' lang='grc' dir='ltr'>ἕτερος</span> <span class='ocrx_word' id='word_1_559' title='bbox 1516 3923 1645 3992; x_wconf 86' lang='grc' dir='ltr'>παρ’</span> <span class='ocrx_word' id='word_1_560' title='bbox 1673 3923 1768 3975; x_wconf 77' lang='grc' dir='ltr'>αύ-</span> 
     </span>
    </p>
   </div>
   <div class='ocr_carea' id='block_1_72' title="bbox 195 3993 1770 4080">
    <p class='ocr_par' dir='ltr' id='par_1_72' title="bbox 195 3993 1770 4080">
     <span class='ocr_line' id='line_1_72' title="bbox 195 3993 1770 4080; baseline 0.015 -34"><span class='ocrx_word' id='word_1_561' title='bbox 195 3993 288 4046; x_wconf 73' lang='grc' dir='ltr'><strong>τὸν</strong></span> <span class='ocrx_word' id='word_1_562' title='bbox 329 3995 580 4066; x_wconf 75' lang='grc' dir='ltr'>Χριστὸς,</span> <span class='ocrx_word' id='word_1_563' title='bbox 634 4001 727 4050; x_wconf 77' lang='grc' dir='ltr'>καὶ</span> <span class='ocrx_word' id='word_1_564' title='bbox 777 3999 960 4066; x_wconf 80' lang='grc' dir='ltr'>ὶδικῶς</span> <span class='ocrx_word' id='word_1_565' title='bbox 997 4004 1026 4057; x_wconf 91' lang='lat'><strong>6</strong></span> <span class='ocrx_word' id='word_1_566' title='bbox 1063 4005 1252 4073; x_wconf 78' lang='grc' dir='ltr'>Λόγος,</span> <span class='ocrx_word' id='word_1_567' title='bbox 1287 4009 1407 4077; x_wconf 75' lang='grc' dir='ltr'>ἦτοι</span> <span class='ocrx_word' id='word_1_568' title='bbox 1451 4011 1671 4080; x_wconf 82' lang='grc' dir='ltr'>Πνεῦμα</span> <span class='ocrx_word' id='word_1_569' title='bbox 1709 4013 1770 4068; x_wconf 82' lang='grc' dir='ltr'><strong>τὸ</strong></span> 
     </span>
    </p>
   </div>
   <div class='ocr_carea' id='block_1_73' title="bbox 197 4085 1768 4173">
    <p class='ocr_par' dir='ltr' id='par_1_73' title="bbox 197 4085 1768 4173">
     <span class='ocr_line' id='line_1_73' title="bbox 197 4085 1768 4173; baseline 0.013 -35"><span class='ocrx_word' id='word_1_570' title='bbox 197 4085 472 4157; x_wconf 84' lang='grc' dir='ltr'>πλήρωμα</span> <span class='ocrx_word' id='word_1_571' title='bbox 515 4090 616 4158; x_wconf 72' lang='grc' dir='ltr'>τῆς</span> <span class='ocrx_word' id='word_1_572' title='bbox 665 4089 917 4162; x_wconf 84' lang='grc' dir='ltr'>θεότητος</span> <span class='ocrx_word' id='word_1_573' title='bbox 975 4098 1320 4166; x_wconf 85' lang='grc' dir='ltr'>σωματικῶς.</span> <span class='ocrx_word' id='word_1_574' title='bbox 1379 4101 1524 4172; x_wconf 79' lang='grc' dir='ltr'>Πρὸς</span> <span class='ocrx_word' id='word_1_575' title='bbox 1581 4104 1644 4173; x_wconf 76' lang='grc' dir='ltr'>δὴ</span> <span class='ocrx_word' id='word_1_576' title='bbox 1697 4106 1768 4159; x_wconf 78' lang='grc' dir='ltr'>τὰ</span> 
     </span>
    </p>
   </div>
   <div class='ocr_carea' id='block_1_74' title="bbox 193 4179 1768 4266">
    <p class='ocr_par' dir='ltr' id='par_1_74' title="bbox 193 4179 1768 4266">
     <span class='ocr_line' id='line_1_74' title="bbox 193 4179 1768 4266; baseline 0.013 -36"><span class='ocrx_word' id='word_1_577' title='bbox 193 4179 370 4232; x_wconf 86' lang='grc' dir='ltr'>τοιάδε</span> <span class='ocrx_word' id='word_1_578' title='bbox 419 4183 618 4251; x_wconf 70' lang='grc' dir='ltr'>φαμὲν,</span> <span class='ocrx_word' id='word_1_579' title='bbox 666 4183 747 4236; x_wconf 83' lang='grc' dir='ltr'><strong>ὅτι</strong></span> <span class='ocrx_word' id='word_1_580' title='bbox 799 4184 893 4238; x_wconf 84' lang='grc' dir='ltr'><strong>δύο</strong></span> <span class='ocrx_word' id='word_1_581' title='bbox 941 4187 1207 4258; x_wconf 85' lang='grc' dir='ltr'>Χριστοὺς</span> <span class='ocrx_word' id='word_1_582' title='bbox 1255 4193 1284 4244; x_wconf 91' lang='grc' dir='ltr'><strong>ό</strong></span> <span class='ocrx_word' id='word_1_583' title='bbox 1325 4197 1768 4266; x_wconf 80' lang='grc' dir='ltr'>πνευματοφόρος</span> 
     </span>
    </p>
   </div>
   <div class='ocr_carea' id='block_1_75' title="bbox 193 4264 1766 4353">
    <p class='ocr_par' dir='ltr' id='par_1_75' title="bbox 193 4264 1766 4353">
     <span class='ocr_line' id='line_1_75' title="bbox 193 4264 1766 4353; baseline 0.011 -33"><span class='ocrx_word' id='word_1_584' title='bbox 193 4269 294 4320; x_wconf 82' lang='grc' dir='ltr'><strong>οὐκ</strong></span> <span class='ocrx_word' id='word_1_585' title='bbox 327 4264 486 4334; x_wconf 76' lang='grc' dir='ltr'>οἶδεν,</span> <span class='ocrx_word' id='word_1_586' title='bbox 519 4271 636 4325; x_wconf 85' lang='grc' dir='ltr'>ἀλλ’</span> <span class='ocrx_word' id='word_1_587' title='bbox 688 4273 786 4326; x_wconf 77' lang='grc' dir='ltr'>ἕνα</span> <span class='ocrx_word' id='word_1_588' title='bbox 815 4276 1093 4345; x_wconf 85' lang='grc' dir='ltr'>κηρύττει,</span> <span class='ocrx_word' id='word_1_589' title='bbox 1145 4279 1398 4350; x_wconf 84' lang='grc' dir='ltr'>καθάπερ</span> <span class='ocrx_word' id='word_1_590' title='bbox 1443 4264 1634 4353; x_wconf 77' lang='grc' dir='ltr'>ἀμέλει</span> <span class='ocrx_word' id='word_1_591' title='bbox 1674 4264 1766 4342; x_wconf 78' lang='grc' dir='ltr'><strong>καὶ</strong></span> 
     </span>
    </p>
   </div>
   <div class='ocr_carea' id='block_1_76' title="bbox 193 4361 1762 4450">
    <p class='ocr_par' dir='ltr' id='par_1_76' title="bbox 193 4361 1762 4450">
     <span class='ocr_line' id='line_1_76' title="bbox 193 4361 1762 4450; baseline 0.017 -42"><span class='ocrx_word' id='word_1_592' title='bbox 193 4361 292 4414; x_wconf 74' lang='grc' dir='ltr'>ἕνα</span> <span class='ocrx_word' id='word_1_593' title='bbox 316 4361 561 4450; x_wconf 54' lang='grc' dir='ltr'>ξιατέρα.</span> <span class='ocrx_word' id='word_1_594' title='bbox 597 4383 616 4416; x_wconf 73' lang='grc' dir='ltr'><strong>ι</strong></span> <span class='ocrx_word' id='word_1_595' title='bbox 659 4365 822 4436; x_wconf 86' lang='grc' dir='ltr'>Ἡμῖν</span> <span class='ocrx_word' id='word_1_596' title='bbox 850 4368 977 4439; x_wconf 78' lang='grc' dir='ltr'>γὰρ,</span> <span class='ocrx_word' id='word_1_597' title='bbox 1008 4371 1192 4440; x_wconf 78' lang='grc' dir='ltr'>φησὶν,</span> <span class='ocrx_word' id='word_1_598' title='bbox 1222 4365 1302 4437; x_wconf 78' lang='grc' dir='ltr'>εἷς</span> <span class='ocrx_word' id='word_1_599' title='bbox 1329 4373 1462 4439; x_wconf 76' lang='grc' dir='ltr'>Θεὸς</span> <span class='ocrx_word' id='word_1_600' title='bbox 1489 4375 1518 4428; x_wconf 85' lang='grc' dir='ltr'><em>ὁ</em></span> <span class='ocrx_word' id='word_1_601' title='bbox 1553 4379 1762 4450; x_wconf 80' lang='grc' dir='ltr'>Πατὴρ,</span> 
     </span>
    </p>
   </div>
   <div class='ocr_carea' id='block_1_77' title="bbox 1881 3191 3450 3268">
    <p class='ocr_par' dir='ltr' id='par_1_77' title="bbox 1881 3191 3450 3268">
     <span class='ocr_line' id='line_1_77' title="bbox 1881 3191 3450 3268; baseline 0.01 -28"><span class='ocrx_word' id='word_1_602' title='bbox 1881 3197 2094 3243; x_wconf 90' lang='lat' dir='ltr'><strong>tuorum</strong></span> <span class='ocrx_word' id='word_1_603' title='bbox 2159 3191 2547 3262; x_wconf 76' lang='lat' dir='ltr'><strong>primogenitus</strong></span> <span class='ocrx_word' id='word_1_604' title='bbox 2601 3207 2723 3248; x_wconf 89' lang='lat' dir='ltr'><strong>esse</strong></span> <span class='ocrx_word' id='word_1_605' title='bbox 2781 3201 3155 3267; x_wconf 65' lang='lat' dir='ltr'><strong>cognoscitur;</strong></span> <span class='ocrx_word' id='word_1_606' title='bbox 3223 3200 3450 3268; x_wconf 84' lang='lat' dir='ltr'><strong>Quando</strong></span> 
     </span>
    </p>
   </div>
   <div class='ocr_carea' id='block_1_78' title="bbox 1876 3279 3450 3363">
    <p class='ocr_par' dir='ltr' id='par_1_78' title="bbox 1876 3279 3450 3363">
     <span class='ocr_line' id='line_1_78' title="bbox 1876 3279 3450 3363; baseline 0.01 -31"><span class='ocrx_word' id='word_1_607' title='bbox 1876 3279 2044 3350; x_wconf 84' lang='lat' dir='ltr'><strong>igitur</strong></span> <span class='ocrx_word' id='word_1_608' title='bbox 2073 3281 2232 3336; x_wconf 87' lang='lat' dir='ltr'><strong>datus</strong></span> <span class='ocrx_word' id='word_1_609' title='bbox 2259 3290 2344 3337; x_wconf 87' lang='lat' dir='ltr'><strong>est</strong></span> <span class='ocrx_word' id='word_1_610' title='bbox 2382 3291 2544 3352; x_wconf 88' lang='lat' dir='ltr'><strong>caput</strong></span> <span class='ocrx_word' id='word_1_611' title='bbox 2575 3288 2821 3356; x_wconf 83' lang='lat' dir='ltr'><strong>corporis</strong></span> <span class='ocrx_word' id='word_1_612' title='bbox 2861 3288 3116 3347; x_wconf 84' lang='lat' dir='ltr'><strong>Ecclesiae</strong></span> <span class='ocrx_word' id='word_1_613' title='bbox 3149 3296 3450 3363; x_wconf 87' lang='lat' dir='ltr'><strong>semetipso</strong></span> 
     </span>
    </p>
   </div>
   <div class='ocr_carea' id='block_1_79' title="bbox 1876 3370 3448 3442">
    <p class='ocr_par' dir='ltr' id='par_1_79' title="bbox 1876 3370 3448 3442">
     <span class='ocr_line' id='line_1_79' title="bbox 1876 3370 3448 3442; baseline 0.01 -20"><span class='ocrx_word' id='word_1_614' title='bbox 1876 3370 1940 3424; x_wconf 88' lang='lat' dir='ltr'><strong>ad</strong></span> <span class='ocrx_word' id='word_1_615' title='bbox 1993 3371 2420 3427; x_wconf 81' lang='lat' dir='ltr'><strong>exiuanitionem</strong></span> <span class='ocrx_word' id='word_1_616' title='bbox 2476 3375 2733 3442; x_wconf 86' lang='lat' dir='ltr'><strong>demisso,</strong></span> <span class='ocrx_word' id='word_1_617' title='bbox 2788 3381 2956 3434; x_wconf 89' lang='lat' dir='ltr'><strong>nostri</strong></span> <span class='ocrx_word' id='word_1_618' title='bbox 3010 3397 3168 3436; x_wconf 89' lang='lat' dir='ltr'><strong>causa</strong></span> <span class='ocrx_word' id='word_1_619' title='bbox 3219 3396 3448 3438; x_wconf 85' lang='lat' dir='ltr'><strong>mortem</strong></span> 
     </span>
    </p>
   </div>
   <div class='ocr_carea' id='block_1_80' title="bbox 1875 3461 3443 3541">
    <p class='ocr_par' dir='ltr' id='par_1_80' title="bbox 1875 3461 3443 3541">
     <span class='ocr_line' id='line_1_80' title="bbox 1875 3461 3443 3541; baseline 0.011 -29"><span class='ocrx_word' id='word_1_620' title='bbox 1875 3461 2169 3514; x_wconf 85' lang='lat' dir='ltr'><strong>secundum</strong></span> <span class='ocrx_word' id='word_1_621' title='bbox 2224 3469 2473 3516; x_wconf 89' lang='lat' dir='ltr'><strong>naturam</strong></span> <span class='ocrx_word' id='word_1_622' title='bbox 2529 3465 2818 3522; x_wconf 82' lang='lat' dir='ltr'><strong>humanam</strong></span> <span class='ocrx_word' id='word_1_623' title='bbox 2874 3474 3170 3540; x_wconf 87' lang='lat' dir='ltr'><strong>oppetiisse</strong></span> <span class='ocrx_word' id='word_1_624' title='bbox 3222 3476 3443 3541; x_wconf 89' lang='lat' dir='ltr'><strong>dicitur,</strong></span> 
     </span>
    </p>
   </div>
   <div class='ocr_carea' id='block_1_81' title="bbox 1875 3547 3122 3624">
    <p class='ocr_par' dir='ltr' id='par_1_81' title="bbox 1875 3547 3122 3624">
     <span class='ocr_line' id='line_1_81' title="bbox 1875 3547 3122 3624; baseline 0.015 -27"><span class='ocrx_word' id='word_1_625' title='bbox 1875 3547 1963 3614; x_wconf 87' lang='lat' dir='ltr'><strong>qui</strong></span> <span class='ocrx_word' id='word_1_626' title='bbox 1989 3555 2044 3599; x_wconf 90' lang='lat' dir='ltr'><strong>ut</strong></span> <span class='ocrx_word' id='word_1_627' title='bbox 2079 3549 2221 3600; x_wconf 87' lang='lat' dir='ltr'><strong>Deus</strong></span> <span class='ocrx_word' id='word_1_628' title='bbox 2252 3549 2442 3602; x_wconf 84' lang='lat' dir='ltr'><strong>mortis</strong></span> <span class='ocrx_word' id='word_1_629' title='bbox 2472 3555 2698 3608; x_wconf 88' lang='lat' dir='ltr'><strong>omnino</strong></span> <span class='ocrx_word' id='word_1_630' title='bbox 2729 3558 2952 3624; x_wconf 84' lang='lat' dir='ltr'><strong>ignarus</strong></span> <span class='ocrx_word' id='word_1_631' title='bbox 2985 3569 3122 3616; x_wconf 87' lang='lat' dir='ltr'><strong>erat.</strong></span> 
     </span>
    </p>
   </div>
   <div class='ocr_carea' id='block_1_82' title="bbox 1967 3635 3445 3712">
    <p class='ocr_par' dir='ltr' id='par_1_82' title="bbox 1967 3635 3445 3712">
     <span class='ocr_line' id='line_1_82' title="bbox 1967 3635 3445 3712; baseline 0.014 -23"><span class='ocrx_word' id='word_1_632' title='bbox 1967 3635 2106 3691; x_wconf 79' lang='lat' dir='ltr'><strong>XXI.</strong></span> <span class='ocrx_word' id='word_1_633' title='bbox 2155 3637 2424 3694; x_wconf 63' lang='lat' dir='ltr'><strong>Cmterum</strong></span> <span class='ocrx_word' id='word_1_634' title='bbox 2481 3645 2626 3712; x_wconf 87' lang='lat' dir='ltr'><strong>quod</strong></span> <span class='ocrx_word' id='word_1_635' title='bbox 2696 3647 2886 3702; x_wconf 88' lang='lat' dir='ltr'><strong>healus</strong></span> <span class='ocrx_word' id='word_1_636' title='bbox 2963 3650 3160 3708; x_wconf 83' lang='lat' dir='ltr'><strong>Paulus</strong></span> <span class='ocrx_word' id='word_1_637' title='bbox 3231 3671 3445 3710; x_wconf 87' lang='lat' dir='ltr'><strong>omnem</strong></span> 
     </span>
    </p>
   </div>
   <div class='ocr_carea' id='block_1_83' title="bbox 1875 3727 3446 3818">
    <p class='ocr_par' dir='ltr' id='par_1_83' title="bbox 1875 3727 3446 3818">
     <span class='ocr_line' id='line_1_83' title="bbox 1875 3727 3446 3818; baseline 0.014 -38"><span class='ocrx_word' id='word_1_638' title='bbox 1875 3727 2265 3796; x_wconf 87' lang='lat' dir='ltr'><strong>plenitudinem</strong></span> <span class='ocrx_word' id='word_1_639' title='bbox 2301 3731 2352 3784; x_wconf 91' lang='lat' dir='ltr'><strong>in</strong></span> <span class='ocrx_word' id='word_1_640' title='bbox 2378 3733 2494 3801; x_wconf 89' lang='lat' dir='ltr'><strong>ipso</strong></span> <span class='ocrx_word' id='word_1_641' title='bbox 2527 3733 2864 3793; x_wconf 84' lang='lat' dir='ltr'><strong>inhabitasse</strong></span> <span class='ocrx_word' id='word_1_642' title='bbox 2895 3755 3128 3809; x_wconf 84' lang='lat' dir='ltr'><strong>asserat,</strong></span> <span class='ocrx_word' id='word_1_643' title='bbox 3157 3746 3316 3818; x_wconf 65' lang='grc'><strong>144</strong></span> <span class='ocrx_word' id='word_1_644' title='bbox 3339 3765 3446 3802; x_wconf 90' lang='lat' dir='ltr'><strong>non</strong></span> 
     </span>
    </p>
   </div>
   <div class='ocr_carea' id='block_1_84' title="bbox 1873 3821 3442 3906">
    <p class='ocr_par' dir='ltr' id='par_1_84' title="bbox 1873 3821 3442 3906">
     <span class='ocr_line' id='line_1_84' title="bbox 1873 3821 3442 3906; baseline 0.015 -34"><span class='ocrx_word' id='word_1_645' title='bbox 1873 3821 2102 3876; x_wconf 82' lang='lat' dir='ltr'><strong>deerunt</strong></span> <span class='ocrx_word' id='word_1_646' title='bbox 2139 3821 2392 3880; x_wconf 78' lang='lat' dir='ltr'><strong>fortassis</strong></span> <span class='ocrx_word' id='word_1_647' title='bbox 2439 3827 2530 3896; x_wconf 90' lang='lat' dir='ltr'><strong>qui</strong></span> <span class='ocrx_word' id='word_1_648' title='bbox 2557 3827 2644 3882; x_wconf 76' lang='lat' dir='ltr'><strong>hic</strong></span> <span class='ocrx_word' id='word_1_649' title='bbox 2693 3828 2766 3906; x_wconf 78' lang='lat' dir='ltr'><strong>ita</strong></span> <span class='ocrx_word' id='word_1_650' title='bbox 2818 3832 3077 3900; x_wconf 75' lang='lat' dir='ltr'><strong>objiciunt</strong></span> <span class='ocrx_word' id='word_1_651' title='bbox 3111 3838 3228 3891; x_wconf 83' lang='lat' dir='ltr'><strong>:En</strong></span> <span class='ocrx_word' id='word_1_652' title='bbox 3268 3843 3442 3896; x_wconf 86' lang='lat' dir='ltr'><strong>homi-</strong></span> 
     </span>
    </p>
   </div>
   <div class='ocr_carea' id='block_1_85' title="bbox 1873 3915 3445 3998">
    <p class='ocr_par' dir='ltr' id='par_1_85' title="bbox 1873 3915 3445 3998">
     <span class='ocr_line' id='line_1_85' title="bbox 1873 3915 3445 3998; baseline 0.014 -33"><span class='ocrx_word' id='word_1_653' title='bbox 1873 3926 1994 3967; x_wconf 89' lang='lat' dir='ltr'><strong>nem</strong></span> <span class='ocrx_word' id='word_1_654' title='bbox 2045 3929 2112 3968; x_wconf 82' lang='lat' dir='ltr'><strong>ex</strong></span> <span class='ocrx_word' id='word_1_655' title='bbox 2158 3915 2384 3971; x_wconf 86' lang='lat' dir='ltr'><strong>muliere</strong></span> <span class='ocrx_word' id='word_1_656' title='bbox 2433 3928 2639 3985; x_wconf 85' lang='lat' dir='ltr'><strong>ortum,</strong></span> <span class='ocrx_word' id='word_1_657' title='bbox 2689 3922 2962 3978; x_wconf 88' lang='lat' dir='ltr'><strong>Christum</strong></span> <span class='ocrx_word' id='word_1_658' title='bbox 2993 3926 3221 3981; x_wconf 82' lang='lat' dir='ltr'><strong>alterum</strong></span> <span class='ocrx_word' id='word_1_659' title='bbox 3258 3945 3354 3998; x_wconf 82' lang='lat' dir='ltr'><strong>per</strong></span> <span class='ocrx_word' id='word_1_660' title='bbox 3385 3948 3445 3987; x_wconf 83' lang='lat' dir='ltr'><strong>se</strong></span> 
     </span>
    </p>
   </div>
   <div class='ocr_carea' id='block_1_86' title="bbox 1871 4005 3439 4090">
    <p class='ocr_par' dir='ltr' id='par_1_86' title="bbox 1871 4005 3439 4090">
     <span class='ocr_line' id='line_1_86' title="bbox 1871 4005 3439 4090; baseline 0.012 -32"><span class='ocrx_word' id='word_1_661' title='bbox 1871 4014 1925 4058; x_wconf 93' lang='lat' dir='ltr'><strong>et</strong></span> <span class='ocrx_word' id='word_1_662' title='bbox 1965 4005 2264 4060; x_wconf 86' lang='lat' dir='ltr'><strong>secundum</strong></span> <span class='ocrx_word' id='word_1_663' title='bbox 2289 4021 2350 4063; x_wconf 89' lang='lat' dir='ltr'><strong>se</strong></span> <span class='ocrx_word' id='word_1_664' title='bbox 2373 4009 2674 4076; x_wconf 77' lang='lat' dir='ltr'><strong>exstitisse,</strong></span> <span class='ocrx_word' id='word_1_665' title='bbox 2706 4014 2927 4080; x_wconf 87' lang='lat' dir='ltr'><strong>indicat,</strong></span> <span class='ocrx_word' id='word_1_666' title='bbox 2961 4015 3014 4070; x_wconf 86' lang='lat' dir='ltr'><strong>in</strong></span> <span class='ocrx_word' id='word_1_667' title='bbox 3043 4031 3151 4086; x_wconf 90' lang='lat' dir='ltr'><strong>quo</strong></span> <span class='ocrx_word' id='word_1_668' title='bbox 3187 4019 3439 4090; x_wconf 86' lang='lat' dir='ltr'><strong>Verbum,</strong></span> 
     </span>
    </p>
   </div>
   <div class='ocr_carea' id='block_1_87' title="bbox 1873 4092 3467 4182">
    <p class='ocr_par' dir='ltr' id='par_1_87' title="bbox 1873 4092 3467 4182">
     <span class='ocr_line' id='line_1_87' title="bbox 1873 4092 3467 4182; baseline 0.013 -38"><span class='ocrx_word' id='word_1_669' title='bbox 1873 4092 1974 4146; x_wconf 92' lang='lat' dir='ltr'><strong>hoc</strong></span> <span class='ocrx_word' id='word_1_670' title='bbox 1999 4103 2086 4148; x_wconf 88' lang='lat' dir='ltr'><strong>est</strong></span> <span class='ocrx_word' id='word_1_671' title='bbox 2127 4093 2388 4162; x_wconf 83' lang='lat' dir='ltr'><strong>Spiritus,</strong></span> <span class='ocrx_word' id='word_1_672' title='bbox 2415 4097 2830 4171; x_wconf 80' lang='lat' dir='ltr'><strong>divinitatisque</strong></span> <span class='ocrx_word' id='word_1_673' title='bbox 2862 4104 3160 4173; x_wconf 78' lang='lat' dir='ltr'><strong>plenitudo,</strong></span> <span class='ocrx_word' id='word_1_674' title='bbox 3186 4112 3467 4182; x_wconf 84' lang='lat' dir='ltr'><strong>tanquam‘</strong></span> 
     </span>
    </p>
   </div>
   <div class='ocr_carea' id='block_1_88' title="bbox 1869 4183 3445 4270">
    <p class='ocr_par' dir='ltr' id='par_1_88' title="bbox 1869 4183 3445 4270">
     <span class='ocr_line' id='line_1_88' title="bbox 1869 4183 3445 4270; baseline 0.016 -34"><span class='ocrx_word' id='word_1_675' title='bbox 1869 4183 2007 4238; x_wconf 85' lang='lat' dir='ltr'><strong>alter</strong></span> <span class='ocrx_word' id='word_1_676' title='bbox 2037 4185 2255 4256; x_wconf 89' lang='lat' dir='ltr'><strong>quidam</strong></span> <span class='ocrx_word' id='word_1_677' title='bbox 2287 4187 2536 4245; x_wconf 80' lang='lat' dir='ltr'><strong>Christus</strong></span> <span class='ocrx_word' id='word_1_678' title='bbox 2567 4206 2813 4249; x_wconf 84' lang='lat' dir='ltr'><strong>seorsum</strong></span> <span class='ocrx_word' id='word_1_679' title='bbox 2851 4200 2920 4254; x_wconf 88' lang='lat' dir='ltr'><strong>ab</strong></span> <span class='ocrx_word' id='word_1_680' title='bbox 2961 4202 3132 4258; x_wconf 88' lang='lat' dir='ltr'><strong>altero</strong></span> <span class='ocrx_word' id='word_1_681' title='bbox 3158 4204 3248 4258; x_wconf 90' lang='lat' dir='ltr'><strong>illo</strong></span> <span class='ocrx_word' id='word_1_682' title='bbox 3273 4243 3288 4270; x_wconf 86' lang='lat'><strong>,</strong></span> <span class='ocrx_word' id='word_1_683' title='bbox 3318 4220 3445 4261; x_wconf 89' lang='lat' dir='ltr'><strong>cor-</strong></span> 
     </span>
    </p>
   </div>
   <div class='ocr_carea' id='block_1_89' title="bbox 1870 4274 3442 4360">
    <p class='ocr_par' dir='ltr' id='par_1_89' title="bbox 1870 4274 3442 4360">
     <span class='ocr_line' id='line_1_89' title="bbox 1870 4274 3442 4360; baseline 0.013 -33"><span class='ocrx_word' id='word_1_684' title='bbox 1870 4274 2130 4340; x_wconf 89' lang='lat' dir='ltr'><strong>poraliter</strong></span> <span class='ocrx_word' id='word_1_685' title='bbox 2179 4275 2514 4331; x_wconf 88' lang='lat' dir='ltr'><strong>iuhabitarit.</strong></span> <span class='ocrx_word' id='word_1_686' title='bbox 2572 4279 2655 4335; x_wconf 81' lang='lat' dir='ltr'><strong>Ad</strong></span> <span class='ocrx_word' id='word_1_687' title='bbox 2705 4285 2819 4340; x_wconf 77' lang='lat' dir='ltr'><strong>luec</strong></span> <span class='ocrx_word' id='word_1_688' title='bbox 2869 4303 3002 4344; x_wconf 89' lang='lat' dir='ltr'><strong>sane</strong></span> <span class='ocrx_word' id='word_1_689' title='bbox 3051 4296 3442 4360; x_wconf 78' lang='lat' dir='ltr'><strong>respondemus</strong></span> 
     </span>
    </p>
   </div>
   <div class='ocr_carea' id='block_1_90' title="bbox 1870 4365 3445 4456">
    <p class='ocr_par' dir='ltr' id='par_1_90' title="bbox 1870 4365 3445 4456">
     <span class='ocr_line' id='line_1_90' title="bbox 1870 4365 3445 4456; baseline 0.015 -37"><span class='ocrx_word' id='word_1_690' title='bbox 1870 4365 2091 4423; x_wconf 85' lang='lat' dir='ltr'><strong>Paulum</strong></span> <span class='ocrx_word' id='word_1_691' title='bbox 2124 4370 2214 4426; x_wconf 87' lang='lat' dir='ltr'><strong>Dei</strong></span> <span class='ocrx_word' id='word_1_692' title='bbox 2249 4372 2456 4443; x_wconf 86' lang='lat' dir='ltr'><strong>Spiritu</strong></span> <span class='ocrx_word' id='word_1_693' title='bbox 2483 4374 2718 4432; x_wconf 83' lang='lat' dir='ltr'><strong>aﬂlatum</strong></span> <span class='ocrx_word' id='word_1_694' title='bbox 2751 4395 3091 4449; x_wconf 87' lang='lat' dir='ltr'><strong>nequaquam</strong></span> <span class='ocrx_word' id='word_1_695' title='bbox 3119 4386 3256 4440; x_wconf 85' lang='lat' dir='ltr'><strong>duos</strong></span> <span class='ocrx_word' id='word_1_696' title='bbox 3283 4402 3445 4456; x_wconf 75' lang='lat' dir='ltr'><strong>agno-</strong></span> 
     </span>
    </p>
   </div>
   <div class='ocr_carea' id='block_1_91' title="bbox 191 4446 1774 4540">
    <p class='ocr_par' dir='ltr' id='par_1_91' title="bbox 191 4446 1762 4540">
     <span class='ocr_line' id='line_1_91' title="bbox 191 4446 1762 4540; baseline 0.013 -37"><span class='ocrx_word' id='word_1_697' title='bbox 191 4451 253 4515; x_wconf 80' lang='grc' dir='ltr'><strong>ἐξ</strong></span> <span class='ocrx_word' id='word_1_698' title='bbox 284 4446 346 4506; x_wconf 73' lang='grc' dir='ltr'>οὗ</span> <span class='ocrx_word' id='word_1_699' title='bbox 373 4454 440 4508; x_wconf 79' lang='grc' dir='ltr'>τὰ</span> <span class='ocrx_word' id='word_1_700' title='bbox 467 4455 768 4521; x_wconf 78' lang='grc' dir='ltr'>πάντα,καὶ</span> <span class='ocrx_word' id='word_1_701' title='bbox 798 4459 958 4528; x_wconf 81' lang='grc' dir='ltr'>ἡμεῖς</span> <span class='ocrx_word' id='word_1_702' title='bbox 991 4462 1070 4526; x_wconf 83' lang='grc' dir='ltr'><strong>εις</strong></span> <span class='ocrx_word' id='word_1_703' title='bbox 1103 4462 1290 4520; x_wconf 82' lang='grc' dir='ltr'>αὐτόν.</span> <span class='ocrx_word' id='word_1_704' title='bbox 1311 4467 1421 4520; x_wconf 79' lang='grc' dir='ltr'><strong>Καὶ</strong></span> <span class='ocrx_word' id='word_1_705' title='bbox 1449 4463 1534 4532; x_wconf 73' lang='grc' dir='ltr'>εἷς</span> <span class='ocrx_word' id='word_1_706' title='bbox 1560 4446 1762 4540; x_wconf 73' lang='grc' dir='ltr'>Κύριος</span> 
     </span>
    </p>
   </div>
   <div class='ocr_carea' id='block_1_92' title="bbox 1880 4446 3447 4540">
    <p class='ocr_par' dir='ltr' id='par_1_92' title="bbox 1880 4457 3447 4540">
     <span class='ocr_line' id='line_1_92' title="bbox 1880 4457 3447 4540; baseline 0.014 -29"><span class='ocrx_word' id='word_1_707' title='bbox 1880 4457 2012 4514; x_wconf 82' lang='lat' dir='ltr'><strong>risse</strong></span> <span class='ocrx_word' id='word_1_708' title='bbox 2057 4458 2327 4530; x_wconf 83' lang='lat' dir='ltr'><strong>Chrislos,</strong></span> <span class='ocrx_word' id='word_1_709' title='bbox 2390 4467 2484 4520; x_wconf 86' lang='lat' dir='ltr'><strong>sed</strong></span> <span class='ocrx_word' id='word_1_710' title='bbox 2541 4481 2704 4521; x_wconf 90' lang='lat' dir='ltr'><strong>unum</strong></span> <span class='ocrx_word' id='word_1_711' title='bbox 2761 4472 3154 4540; x_wconf 85' lang='lat' dir='ltr'><strong>amumtiasse;</strong></span> <span class='ocrx_word' id='word_1_712' title='bbox 3208 4476 3350 4531; x_wconf 88' lang='lat' dir='ltr'><strong>sicut</strong></span> <span class='ocrx_word' id='word_1_713' title='bbox 3391 4489 3447 4532; x_wconf 90' lang='lat' dir='ltr'><strong>et</strong></span> 
     </span>
    </p>
   </div>
   <div class='ocr_carea' id='block_1_93' title="bbox 203 4543 1762 4630">
    <p class='ocr_par' dir='ltr' id='par_1_93' title="bbox 203 4543 1762 4630">
     <span class='ocr_line' id='line_1_93' title="bbox 203 4543 1762 4630; baseline 0.013 -35"><span class='ocrx_word' id='word_1_714' title='bbox 203 4543 412 4613; x_wconf 84' lang='grc' dir='ltr'>Ἰησοῦς</span> <span class='ocrx_word' id='word_1_715' title='bbox 443 4548 697 4618; x_wconf 81' lang='grc' dir='ltr'>Χριστὸς,</span> <span class='ocrx_word' id='word_1_716' title='bbox 727 4549 795 4603; x_wconf 87' lang='grc' dir='ltr'>δι’</span> <span class='ocrx_word' id='word_1_717' title='bbox 825 4544 887 4603; x_wconf 77' lang='grc' dir='ltr'><strong>οὗ</strong></span> <span class='ocrx_word' id='word_1_718' title='bbox 921 4551 990 4604; x_wconf 83' lang='grc' dir='ltr'><strong>τά</strong></span> <span class='ocrx_word' id='word_1_719' title='bbox 1013 4553 1212 4618; x_wconf 81' lang='grc' dir='ltr'>πάντα,</span> <span class='ocrx_word' id='word_1_720' title='bbox 1252 4559 1346 4610; x_wconf 76' lang='grc' dir='ltr'><strong>καὶ</strong></span> <span class='ocrx_word' id='word_1_721' title='bbox 1372 4561 1540 4630; x_wconf 80' lang='grc' dir='ltr'>ἡμεῖς</span> <span class='ocrx_word' id='word_1_722' title='bbox 1562 4560 1630 4614; x_wconf 90' lang='grc' dir='ltr'>δι’</span> <span class='ocrx_word' id='word_1_723' title='bbox 1663 4563 1762 4614; x_wconf 65' lang='grc' dir='ltr'><strong>αὖα</strong></span> 
     </span>
    </p>
   </div>
   <div class='ocr_carea' id='block_1_94' title="bbox 187 4633 1760 4716">
    <p class='ocr_par' dir='ltr' id='par_1_94' title="bbox 187 4633 1760 4716">
     <span class='ocr_line' id='line_1_94' title="bbox 187 4633 1760 4716; baseline 0.012 -30"><span class='ocrx_word' id='word_1_724' title='bbox 187 4633 308 4686; x_wconf 82' lang='grc' dir='ltr'>τοῦ.</span> <span class='ocrx_word' id='word_1_725' title='bbox 343 4652 361 4686; x_wconf 73' lang='grc' dir='ltr'><strong>ι</strong></span> <span class='ocrx_word' id='word_1_726' title='bbox 413 4635 566 4690; x_wconf 74' lang='grc' dir='ltr'>Ἐπεὶ</span> <span class='ocrx_word' id='word_1_727' title='bbox 600 4638 756 4708; x_wconf 82' lang='grc' dir='ltr'>φέρε,</span> <span class='ocrx_word' id='word_1_728' title='bbox 803 4641 1224 4713; x_wconf 75' lang='grc' dir='ltr'>διασκεψώμεθα</span> <span class='ocrx_word' id='word_1_729' title='bbox 1254 4649 1650 4716; x_wconf 84' lang='grc' dir='ltr'>παρατιθέντες</span> <span class='ocrx_word' id='word_1_730' title='bbox 1680 4654 1760 4716; x_wconf 79' lang='grc' dir='ltr'>εὶς</span> 
     </span>
    </p>
   </div>
   <div class='ocr_carea' id='block_1_95' title="bbox 191 4723 1758 4810">
    <p class='ocr_par' dir='ltr' id='par_1_95' title="bbox 191 4723 1758 4810">
     <span class='ocr_line' id='line_1_95' title="bbox 191 4723 1758 4810; baseline 0.015 -35"><span class='ocrx_word' id='word_1_731' title='bbox 191 4723 422 4791; x_wconf 77' lang='grc' dir='ltr'>βάσανον</span> <span class='ocrx_word' id='word_1_732' title='bbox 451 4727 556 4780; x_wconf 87' lang='grc' dir='ltr'><strong>τῶν</strong></span> <span class='ocrx_word' id='word_1_733' title='bbox 583 4731 888 4801; x_wconf 77' lang='grc' dir='ltr'>εἰρημένων</span> <span class='ocrx_word' id='word_1_734' title='bbox 911 4735 1010 4804; x_wconf 82' lang='grc' dir='ltr'><strong>τὴν</strong></span> <span class='ocrx_word' id='word_1_735' title='bbox 1037 4735 1286 4808; x_wconf 84' lang='grc' dir='ltr'>δύναμιν·</span> <span class='ocrx_word' id='word_1_736' title='bbox 1314 4741 1425 4810; x_wconf 84' lang='grc' dir='ltr'><strong>Τὴν</strong></span> <span class='ocrx_word' id='word_1_737' title='bbox 1455 4743 1638 4797; x_wconf 76' lang='grc' dir='ltr'>εἰκόνα</span> <span class='ocrx_word' id='word_1_738' title='bbox 1665 4744 1758 4798; x_wconf 78' lang='grc' dir='ltr'>τοῦ</span> 
     </span>
    </p>
   </div>
   <div class='ocr_carea' id='block_1_96' title="bbox 186 4815 1758 4899">
    <p class='ocr_par' dir='ltr' id='par_1_96' title="bbox 186 4815 1758 4899">
     <span class='ocr_line' id='line_1_96' title="bbox 186 4815 1758 4899; baseline 0.015 -33"><span class='ocrx_word' id='word_1_739' title='bbox 186 4815 320 4868; x_wconf 80' lang='grc' dir='ltr'>Θεοῦ</span> <span class='ocrx_word' id='word_1_740' title='bbox 344 4817 438 4870; x_wconf 81' lang='grc' dir='ltr'>τοῦ</span> <span class='ocrx_word' id='word_1_741' title='bbox 472 4820 726 4888; x_wconf 76' lang='grc' dir='ltr'>ἀοράτου,</span> <span class='ocrx_word' id='word_1_742' title='bbox 757 4823 846 4878; x_wconf 82' lang='grc' dir='ltr'><strong>τὸν</strong></span> <span class='ocrx_word' id='word_1_743' title='bbox 887 4826 954 4879; x_wconf 85' lang='grc' dir='ltr'>δι’</span> <span class='ocrx_word' id='word_1_744' title='bbox 981 4821 1041 4882; x_wconf 78' lang='grc' dir='ltr'><strong>οὗ</strong></span> <span class='ocrx_word' id='word_1_745' title='bbox 1072 4831 1166 4883; x_wconf 67' lang='grc' dir='ltr'><strong>καὶ</strong></span> <span class='ocrx_word' id='word_1_746' title='bbox 1195 4831 1254 4884; x_wconf 81' lang='grc' dir='ltr'>ὲν</span> <span class='ocrx_word' id='word_1_747' title='bbox 1285 4824 1328 4899; x_wconf 86' lang='grc' dir='ltr'>ᾧ</span> <span class='ocrx_word' id='word_1_748' title='bbox 1350 4832 1418 4886; x_wconf 80' lang='grc' dir='ltr'>τὰ</span> <span class='ocrx_word' id='word_1_749' title='bbox 1444 4835 1641 4895; x_wconf 80' lang='grc' dir='ltr'>πάντα,</span> <span class='ocrx_word' id='word_1_750' title='bbox 1667 4836 1758 4889; x_wconf 77' lang='grc' dir='ltr'>τὸν</span> 
     </span>
    </p>
   </div>
   <div class='ocr_carea' id='block_1_97' title="bbox 189 4907 1758 4988">
    <p class='ocr_par' dir='ltr' id='par_1_97' title="bbox 189 4907 1758 4988">
     <span class='ocr_line' id='line_1_97' title="bbox 189 4907 1758 4988; baseline 0.014 -29"><span class='ocrx_word' id='word_1_751' title='bbox 189 4907 512 4976; x_wconf 70' lang='grc' dir='ltr'>προααῦνιον</span> <span class='ocrx_word' id='word_1_752' title='bbox 543 4911 692 4978; x_wconf 78' lang='grc' dir='ltr'>Υἱὸν,</span> <span class='ocrx_word' id='word_1_753' title='bbox 737 4915 836 4985; x_wconf 75' lang='grc' dir='ltr'><strong>τὴν</strong></span> <span class='ocrx_word' id='word_1_754' title='bbox 866 4919 976 4972; x_wconf 88' lang='grc' dir='ltr'><strong>τῶν</strong></span> <span class='ocrx_word' id='word_1_755' title='bbox 1010 4919 1144 4973; x_wconf 73' lang='grc' dir='ltr'>ὅλων</span> <span class='ocrx_word' id='word_1_756' title='bbox 1179 4921 1460 4988; x_wconf 81' lang='grc' dir='ltr'>σύστασιν,</span> <span class='ocrx_word' id='word_1_757' title='bbox 1511 4925 1758 4981; x_wconf 69' lang='grc' dir='ltr'>δεδόσθαι</span> 
     </span>
    </p>
   </div>
   <div class='ocr_carea' id='block_1_98' title="bbox 187 4999 1760 5085">
    <p class='ocr_par' dir='ltr' id='par_1_98' title="bbox 187 4999 1760 5085">
     <span class='ocr_line' id='line_1_98' title="bbox 187 4999 1760 5085; baseline 0.016 -39"><span class='ocrx_word' id='word_1_758' title='bbox 187 4999 320 5065; x_wconf 59' lang='grc' dir='ltr'>φησι</span> <span class='ocrx_word' id='word_1_759' title='bbox 367 5001 430 5068; x_wconf 81' lang='grc' dir='ltr'>τῇ</span> <span class='ocrx_word' id='word_1_760' title='bbox 484 5001 781 5074; x_wconf 76' lang='grc' dir='ltr'>ἰ-Ικκλησὶᾳ</span> <span class='ocrx_word' id='word_1_761' title='bbox 817 5009 1091 5078; x_wconf 80' lang='grc' dir='ltr'>κεφαλὴν,</span> <span class='ocrx_word' id='word_1_762' title='bbox 1131 5011 1224 5064; x_wconf 71' lang='grc' dir='ltr'><strong>καὶ</strong></span> <span class='ocrx_word' id='word_1_763' title='bbox 1271 5011 1378 5085; x_wconf 81' lang='grc' dir='ltr'><strong>μὴν</strong></span> <span class='ocrx_word' id='word_1_764' title='bbox 1421 5013 1498 5067; x_wconf 80' lang='grc' dir='ltr'>ὅτι</span> <span class='ocrx_word' id='word_1_765' title='bbox 1549 5017 1760 5085; x_wconf 78' lang='grc' dir='ltr'>γένοιτο</span> 
     </span>
    </p>
   </div>
   <div class='ocr_carea' id='block_1_99' title="bbox 186 5089 1757 5178">
    <p class='ocr_par' dir='ltr' id='par_1_99' title="bbox 186 5089 1757 5178">
     <span class='ocr_line' id='line_1_99' title="bbox 186 5089 1757 5178; baseline 0.013 -40"><span class='ocrx_word' id='word_1_766' title='bbox 186 5089 529 5157; x_wconf 81' lang='grc' dir='ltr'>πρωτότοκος</span> <span class='ocrx_word' id='word_1_767' title='bbox 573 5095 636 5146; x_wconf 79' lang='grc' dir='ltr'>ἐκ</span> <span class='ocrx_word' id='word_1_768' title='bbox 681 5096 907 5165; x_wconf 87' lang='grc' dir='ltr'>νεκρῶν.</span> <span class='ocrx_word' id='word_1_769' title='bbox 951 5099 1166 5174; x_wconf 76' lang='grc' dir='ltr'>Ἐπειδὴ</span> <span class='ocrx_word' id='word_1_770' title='bbox 1193 5101 1251 5154; x_wconf 81' lang='grc' dir='ltr'><strong>δέ</strong></span> <span class='ocrx_word' id='word_1_771' title='bbox 1297 5105 1414 5156; x_wconf 75' lang='grc' dir='ltr'>ἐστι</span> <span class='ocrx_word' id='word_1_772' title='bbox 1456 5105 1554 5178; x_wconf 69' lang='grc' dir='ltr'><strong>τὴ)</strong></span> <span class='ocrx_word' id='word_1_773' title='bbox 1591 5107 1757 5176; x_wconf 79' lang='grc' dir='ltr'>φύσιν</span> 
     </span>
    </p>
   </div>
   <div class='ocr_carea' id='block_1_100' title="bbox 185 5177 1748 5268">
    <p class='ocr_par' dir='ltr' id='par_1_100' title="bbox 185 5177 1748 5268">
     <span class='ocr_line' id='line_1_100' title="bbox 185 5177 1748 5268; baseline 0.015 -40"><span class='ocrx_word' id='word_1_774' title='bbox 185 5177 468 5242; x_wconf 73' lang='grc' dir='ltr'>ἀθάνατος,</span> <span class='ocrx_word' id='word_1_775' title='bbox 507 5184 657 5238; x_wconf 74' lang='grc' dir='ltr'>πᾶσά</span> <span class='ocrx_word' id='word_1_776' title='bbox 692 5203 808 5248; x_wconf 84' lang='grc' dir='ltr'><strong>πως</strong></span> <span class='ocrx_word' id='word_1_777' title='bbox 833 5187 1046 5258; x_wconf 79' lang='grc' dir='ltr'>ἀνάγκη</span> <span class='ocrx_word' id='word_1_778' title='bbox 1075 5191 1210 5261; x_wconf 81' lang='grc' dir='ltr'>πρὸς</span> <span class='ocrx_word' id='word_1_779' title='bbox 1243 5191 1439 5246; x_wconf 75' lang='grc' dir='ltr'>ἕνωσιν</span> <span class='ocrx_word' id='word_1_780' title='bbox 1468 5195 1748 5268; x_wconf 73' lang='grc' dir='ltr'>οἰκονομιο</span> 
     </span>
    </p>
   </div>
   <div class='ocr_carea' id='block_1_101' title="bbox 189 5269 1751 5356">
    <p class='ocr_par' dir='ltr' id='par_1_101' title="bbox 189 5269 1751 5356">
     <span class='ocr_line' id='line_1_101' title="bbox 189 5269 1751 5356; baseline 0.013 -38"><span class='ocrx_word' id='word_1_781' title='bbox 189 5269 287 5336; x_wconf 72' lang='grc' dir='ltr'>κήν</span> <span class='ocrx_word' id='word_1_782' title='bbox 319 5287 374 5321; x_wconf 82' lang='grc' dir='ltr'><strong>τε</strong></span> <span class='ocrx_word' id='word_1_783' title='bbox 405 5271 498 5322; x_wconf 72' lang='grc' dir='ltr'>καὶ</span> <span class='ocrx_word' id='word_1_784' title='bbox 530 5273 702 5344; x_wconf 79' lang='grc' dir='ltr'>ἀληθῆ</span> <span class='ocrx_word' id='word_1_785' title='bbox 749 5278 814 5344; x_wconf 81' lang='grc' dir='ltr'>τῇ</span> <span class='ocrx_word' id='word_1_786' title='bbox 861 5277 984 5330; x_wconf 81' lang='grc' dir='ltr'>καθ’</span> <span class='ocrx_word' id='word_1_787' title='bbox 1026 5282 1171 5349; x_wconf 79' lang='grc' dir='ltr'>ἡμᾶς</span> <span class='ocrx_word' id='word_1_788' title='bbox 1203 5283 1581 5356; x_wconf 75' lang='grc' dir='ltr'>ἀνθρωπότητι</span> <span class='ocrx_word' id='word_1_789' title='bbox 1623 5304 1751 5340; x_wconf 87' lang='grc' dir='ltr'>συν-</span> 
     </span>
    </p>
   </div>
   <div class='ocr_carea' id='block_1_102' title="bbox 183 5359 1752 5442">
    <p class='ocr_par' dir='ltr' id='par_1_102' title="bbox 183 5359 1752 5442">
     <span class='ocr_line' id='line_1_102' title="bbox 183 5359 1752 5442; baseline 0.012 -32"><span class='ocrx_word' id='word_1_790' title='bbox 183 5359 465 5428; x_wconf 76' lang='grc' dir='ltr'>ενεχθῆναι</span> <span class='ocrx_word' id='word_1_791' title='bbox 495 5361 674 5429; x_wconf 77' lang='grc' dir='ltr'>λέγειν</span> <span class='ocrx_word' id='word_1_792' title='bbox 703 5365 792 5416; x_wconf 81' lang='grc' dir='ltr'><strong>τὸν</strong></span> <span class='ocrx_word' id='word_1_793' title='bbox 826 5367 890 5420; x_wconf 83' lang='grc' dir='ltr'><strong>ἐκ</strong></span> <span class='ocrx_word' id='word_1_794' title='bbox 923 5369 1058 5422; x_wconf 80' lang='grc' dir='ltr'>Θεοῦ</span> <span class='ocrx_word' id='word_1_795' title='bbox 1093 5371 1304 5442; x_wconf 83' lang='grc' dir='ltr'>Πατρὸς</span> <span class='ocrx_word' id='word_1_796' title='bbox 1339 5374 1527 5442; x_wconf 86' lang='grc' dir='ltr'>Λόγον,</span> <span class='ocrx_word' id='word_1_797' title='bbox 1558 5377 1654 5430; x_wconf 74' lang='grc' dir='ltr'><strong>ἕνα</strong></span> <span class='ocrx_word' id='word_1_798' title='bbox 1691 5395 1752 5434; x_wconf 86' lang='grc' dir='ltr'><strong>τε</strong></span> 
     </span>
    </p>
   </div>
   <div class='ocr_carea' id='block_1_103' title="bbox 181 5449 1754 5540">
    <p class='ocr_par' dir='ltr' id='par_1_103' title="bbox 181 5449 1754 5540">
     <span class='ocr_line' id='line_1_103' title="bbox 181 5449 1754 5540; baseline 0.014 -40"><span class='ocrx_word' id='word_1_799' title='bbox 181 5449 352 5512; x_wconf 69' lang='grc' dir='ltr'>οὕτως</span> <span class='ocrx_word' id='word_1_800' title='bbox 383 5455 514 5522; x_wconf 79' lang='grc' dir='ltr'>ἡμῖν</span> <span class='ocrx_word' id='word_1_801' title='bbox 546 5455 924 5527; x_wconf 76' lang='grc' dir='ltr'>ἀναδειχθῆναι</span> <span class='ocrx_word' id='word_1_802' title='bbox 975 5463 1226 5533; x_wconf 77' lang='grc' dir='ltr'>Χριστὸν,</span> <span class='ocrx_word' id='word_1_803' title='bbox 1285 5467 1374 5518; x_wconf 73' lang='grc' dir='ltr'>τὸν</span> <span class='ocrx_word' id='word_1_804' title='bbox 1407 5467 1568 5520; x_wconf 73' lang='grc' dir='ltr'>αὐτὸν</span> <span class='ocrx_word' id='word_1_805' title='bbox 1617 5473 1754 5540; x_wconf 69' lang='grc' dir='ltr'>ἐμοῦ</span> 
     </span>
    </p>
   </div>
   <div class='ocr_carea' id='block_1_104' title="bbox 180 5541 1750 5630">
    <p class='ocr_par' dir='ltr' id='par_1_104' title="bbox 180 5541 1750 5630">
     <span class='ocr_line' id='line_1_104' title="bbox 180 5541 1750 5630; baseline 0.015 -39"><span class='ocrx_word' id='word_1_806' title='bbox 180 5541 310 5594; x_wconf 61' lang='grc' dir='ltr'>Θεζν</span> <span class='ocrx_word' id='word_1_807' title='bbox 353 5545 478 5598; x_wconf 76' lang='grc' dir='ltr'>ὅντα</span> <span class='ocrx_word' id='word_1_808' title='bbox 509 5548 598 5598; x_wconf 72' lang='grc' dir='ltr'><strong>καὶ</strong></span> <span class='ocrx_word' id='word_1_809' title='bbox 631 5549 935 5618; x_wconf 80' lang='grc' dir='ltr'>ἄνθρωπον.</span> <span class='ocrx_word' id='word_1_810' title='bbox 979 5556 1064 5606; x_wconf 85' lang='grc' dir='ltr'>Ἐν</span> <span class='ocrx_word' id='word_1_811' title='bbox 1095 5557 1197 5610; x_wconf 79' lang='grc' dir='ltr'>τίνι</span> <span class='ocrx_word' id='word_1_812' title='bbox 1246 5558 1310 5627; x_wconf 80' lang='grc' dir='ltr'>δὴ</span> <span class='ocrx_word' id='word_1_813' title='bbox 1338 5555 1430 5612; x_wconf 71' lang='grc' dir='ltr'>οὖν</span> <span class='ocrx_word' id='word_1_814' title='bbox 1461 5560 1750 5630; x_wconf 69' lang='grc' dir='ltr'>κατῴκησε</span> 
     </span>
    </p>
   </div>
   <div class='ocr_carea' id='block_1_105' title="bbox 255 5699 1372 5779">
    <p class='ocr_par' dir='ltr' id='par_1_105' title="bbox 255 5699 1372 5779">
     <span class='ocr_line' id='line_1_105' title="bbox 255 5699 1372 5779; baseline 0.025 -38"><span class='ocrx_word' id='word_1_815' title='bbox 255 5699 521 5758; x_wconf 58' lang='lat' dir='ltr'><strong>“Ct-[055.</strong></span> <span class='ocrx_word' id='word_1_816' title='bbox 573 5723 610 5770; x_wconf 86' lang='grc' dir='ltr'><strong>ι,</strong></span> <span class='ocrx_word' id='word_1_817' title='bbox 665 5706 847 5762; x_wconf 64' lang='grc'><strong>12-20.</strong></span> <span class='ocrx_word' id='word_1_818' title='bbox 928 5711 971 5743; x_wconf 60' lang='grc'><strong>³³</strong></span> <span class='ocrx_word' id='word_1_819' title='bbox 1011 5711 1162 5766; x_wconf 78' lang='lat' dir='ltr'><strong>Juan.</strong></span> <span class='ocrx_word' id='word_1_820' title='bbox 1213 5730 1244 5779; x_wconf 86' lang='lat' dir='ltr'><strong>I,</strong></span> <span class='ocrx_word' id='word_1_821' title='bbox 1297 5715 1372 5769; x_wconf 84' lang='lat' dir='ltr'><strong>ll.</strong></span> 
     </span>
    </p>
   </div>
   <div class='ocr_carea' id='block_1_106' title="bbox 1873 4554 3442 4638">
    <p class='ocr_par' dir='ltr' id='par_1_106' title="bbox 1873 4554 3442 4638">
     <span class='ocr_line' id='line_1_106' title="bbox 1873 4554 3442 4638; baseline 0.015 -37"><span class='ocrx_word' id='word_1_822' title='bbox 1873 4565 2038 4602; x_wconf 90' lang='lat' dir='ltr'><strong>unum</strong></span> <span class='ocrx_word' id='word_1_823' title='bbox 2083 4567 2298 4623; x_wconf 86' lang='lat' dir='ltr'><strong>quoque</strong></span> <span class='ocrx_word' id='word_1_824' title='bbox 2345 4554 2604 4613; x_wconf 81' lang='lat' dir='ltr'><strong>Patrem:</strong></span> <span class='ocrx_word' id='word_1_825' title='bbox 2652 4575 2672 4609; x_wconf 77' lang='grc' dir='ltr'><strong>ι</strong></span> <span class='ocrx_word' id='word_1_826' title='bbox 2720 4557 2886 4617; x_wconf 78' lang='lat' dir='ltr'><strong>Nobis</strong></span> <span class='ocrx_word' id='word_1_827' title='bbox 2928 4561 3125 4634; x_wconf 90' lang='lat' dir='ltr'><strong>(inquit</strong></span> <span class='ocrx_word' id='word_1_828' title='bbox 3168 4565 3279 4638; x_wconf 87' lang='lat' dir='ltr'><strong>ille)</strong></span> <span class='ocrx_word' id='word_1_829' title='bbox 3305 4585 3442 4624; x_wconf 89' lang='lat' dir='ltr'><strong>unus</strong></span> 
     </span>
    </p>
   </div>
   <div class='ocr_carea' id='block_1_107' title="bbox 1868 4642 3438 4730">
    <p class='ocr_par' dir='ltr' id='par_1_107' title="bbox 1868 4642 3438 4730">
     <span class='ocr_line' id='line_1_107' title="bbox 1868 4642 3438 4730; baseline 0.014 -34"><span class='ocrx_word' id='word_1_830' title='bbox 1868 4651 1954 4696; x_wconf 89' lang='lat' dir='ltr'><strong>est</strong></span> <span class='ocrx_word' id='word_1_831' title='bbox 1992 4642 2134 4699; x_wconf 86' lang='lat' dir='ltr'><strong>Deus</strong></span> <span class='ocrx_word' id='word_1_832' title='bbox 2182 4645 2363 4712; x_wconf 87' lang='lat' dir='ltr'><strong>Pater,</strong></span> <span class='ocrx_word' id='word_1_833' title='bbox 2408 4664 2476 4704; x_wconf 79' lang='lat' dir='ltr'><strong>ex</strong></span> <span class='ocrx_word' id='word_1_834' title='bbox 2517 4665 2624 4719; x_wconf 93' lang='lat' dir='ltr'><strong>quo</strong></span> <span class='ocrx_word' id='word_1_835' title='bbox 2659 4654 2864 4718; x_wconf 89' lang='lat' dir='ltr'><strong>omnia,</strong></span> <span class='ocrx_word' id='word_1_836' title='bbox 2909 4664 2962 4709; x_wconf 87' lang='lat' dir='ltr'><strong>et</strong></span> <span class='ocrx_word' id='word_1_837' title='bbox 3009 4673 3106 4712; x_wconf 90' lang='lat' dir='ltr'><strong>nos</strong></span> <span class='ocrx_word' id='word_1_838' title='bbox 3137 4659 3188 4713; x_wconf 90' lang='lat' dir='ltr'><strong>in</strong></span> <span class='ocrx_word' id='word_1_839' title='bbox 3219 4661 3438 4730; x_wconf 86' lang='lat' dir='ltr'><strong>ipsum:</strong></span> 
     </span>
    </p>
   </div>
   <div class='ocr_carea' id='block_1_108' title="bbox 1869 4732 3439 4821">
    <p class='ocr_par' dir='ltr' id='par_1_108' title="bbox 1869 4732 3439 4821">
     <span class='ocr_line' id='line_1_108' title="bbox 1869 4732 3439 4821; baseline 0.014 -35"><span class='ocrx_word' id='word_1_840' title='bbox 1869 4741 1924 4786; x_wconf 86' lang='lat' dir='ltr'><strong>et</strong></span> <span class='ocrx_word' id='word_1_841' title='bbox 1962 4748 2100 4788; x_wconf 90' lang='lat' dir='ltr'><strong>unus</strong></span> <span class='ocrx_word' id='word_1_842' title='bbox 2128 4732 2388 4791; x_wconf 87' lang='lat' dir='ltr'><strong>Dominus</strong></span> <span class='ocrx_word' id='word_1_843' title='bbox 2415 4737 2573 4795; x_wconf 84' lang='lat' dir='ltr'><strong>Jesus</strong></span> <span class='ocrx_word' id='word_1_844' title='bbox 2601 4740 2878 4808; x_wconf 72' lang='lat' dir='ltr'><strong>Christus,</strong></span> <span class='ocrx_word' id='word_1_845' title='bbox 2913 4759 3010 4814; x_wconf 89' lang='lat' dir='ltr'><strong>per</strong></span> <span class='ocrx_word' id='word_1_846' title='bbox 3039 4763 3198 4818; x_wconf 89' lang='lat' dir='ltr'><strong>quem</strong></span> <span class='ocrx_word' id='word_1_847' title='bbox 3232 4756 3439 4821; x_wconf 88' lang='lat' dir='ltr'><strong>omnia,</strong></span> 
     </span>
    </p>
   </div>
   <div class='ocr_carea' id='block_1_109' title="bbox 1871 4829 3438 4902">
    <p class='ocr_par' dir='ltr' id='par_1_109' title="bbox 1871 4829 3438 4902">
     <span class='ocr_line' id='line_1_109' title="bbox 1871 4829 3438 4902; baseline 0.015 -26"><span class='ocrx_word' id='word_1_848' title='bbox 1871 4833 1924 4877; x_wconf 89' lang='lat' dir='ltr'><strong>et</strong></span> <span class='ocrx_word' id='word_1_849' title='bbox 1955 4839 2052 4879; x_wconf 86' lang='lat' dir='ltr'><strong>nos</strong></span> <span class='ocrx_word' id='word_1_850' title='bbox 2091 4840 2186 4895; x_wconf 88' lang='lat' dir='ltr'><strong>per</strong></span> <span class='ocrx_word' id='word_1_851' title='bbox 2219 4829 2392 4897; x_wconf 90' lang='lat' dir='ltr'><strong>ipsum</strong></span> <span class='ocrx_word' id='word_1_852' title='bbox 2426 4830 2494 4884; x_wconf 74' lang='lat'><strong>&quot;.</strong></span> <span class='ocrx_word' id='word_1_853' title='bbox 2536 4850 2555 4882; x_wconf 79' lang='grc' dir='ltr'><strong>ι</strong></span> <span class='ocrx_word' id='word_1_854' title='bbox 2592 4832 2698 4888; x_wconf 84' lang='lat' dir='ltr'><strong>Sed</strong></span> <span class='ocrx_word' id='word_1_855' title='bbox 2749 4836 2974 4902; x_wconf 78' lang='lat' dir='ltr'><strong>agedum</strong></span> <span class='ocrx_word' id='word_1_856' title='bbox 3016 4842 3304 4897; x_wconf 78' lang='lat' dir='ltr'><strong>verborum</strong></span> <span class='ocrx_word' id='word_1_857' title='bbox 3353 4846 3438 4900; x_wconf 90' lang='lat' dir='ltr'><strong>hie</strong></span> 
     </span>
    </p>
   </div>
   <div class='ocr_carea' id='block_1_110' title="bbox 1869 4919 3429 5002">
    <p class='ocr_par' dir='ltr' id='par_1_110' title="bbox 1869 4919 3429 5002">
     <span class='ocr_line' id='line_1_110' title="bbox 1869 4919 3429 5002; baseline 0.015 -33"><span class='ocrx_word' id='word_1_858' title='bbox 1869 4919 2266 4986; x_wconf 87' lang='lat' dir='ltr'><strong>propositorum</strong></span> <span class='ocrx_word' id='word_1_859' title='bbox 2298 4923 2403 4974; x_wconf 89' lang='lat' dir='ltr'><strong>vim</strong></span> <span class='ocrx_word' id='word_1_860' title='bbox 2432 4923 2498 4977; x_wconf 89' lang='lat' dir='ltr'><strong>ad</strong></span> <span class='ocrx_word' id='word_1_861' title='bbox 2517 4937 2725 4992; x_wconf 69' lang='lat' dir='ltr'><strong>aequam</strong></span> <span class='ocrx_word' id='word_1_862' title='bbox 2751 4928 3004 4983; x_wconf 87' lang='lat' dir='ltr'><strong>trutinam</strong></span> <span class='ocrx_word' id='word_1_863' title='bbox 3033 4938 3429 5002; x_wconf 76' lang='lat' dir='ltr'><strong>expendamus.</strong></span> 
     </span>
    </p>
   </div>
   <div class='ocr_carea' id='block_1_111' title="bbox 1866 5008 3429 5093">
    <p class='ocr_par' dir='ltr' id='par_1_111' title="bbox 1866 5008 3429 5093">
     <span class='ocr_line' id='line_1_111' title="bbox 1866 5008 3429 5093; baseline 0.01 -32"><span class='ocrx_word' id='word_1_864' title='bbox 1866 5008 2061 5064; x_wconf 87' lang='lat' dir='ltr'><strong>Filium</strong></span> <span class='ocrx_word' id='word_1_865' title='bbox 2088 5021 2370 5078; x_wconf 68' lang='lat' dir='ltr'><strong>aeternum,</strong></span> <span class='ocrx_word' id='word_1_866' title='bbox 2404 5014 2456 5068; x_wconf 91' lang='lat' dir='ltr'><strong>in</strong></span> <span class='ocrx_word' id='word_1_867' title='bbox 2481 5029 2588 5084; x_wconf 87' lang='lat' dir='ltr'><strong>quo</strong></span> <span class='ocrx_word' id='word_1_868' title='bbox 2603 5019 2808 5083; x_wconf 90' lang='lat' dir='ltr'><strong>omnia,</strong></span> <span class='ocrx_word' id='word_1_869' title='bbox 2838 5029 2892 5073; x_wconf 88' lang='lat' dir='ltr'><strong>et</strong></span> <span class='ocrx_word' id='word_1_870' title='bbox 2919 5036 3014 5088; x_wconf 87' lang='lat' dir='ltr'><strong>per</strong></span> <span class='ocrx_word' id='word_1_871' title='bbox 3043 5040 3202 5092; x_wconf 89' lang='lat' dir='ltr'><strong>quem</strong></span> <span class='ocrx_word' id='word_1_872' title='bbox 3229 5031 3429 5093; x_wconf 70' lang='lat' dir='ltr'><strong>omnia,</strong></span> 
     </span>
    </p>
   </div>
   <div class='ocr_carea' id='block_1_112' title="bbox 1867 5101 3434 5181">
    <p class='ocr_par' dir='ltr' id='par_1_112' title="bbox 1867 5101 3434 5181">
     <span class='ocr_line' id='line_1_112' title="bbox 1867 5101 3434 5181; baseline 0.01 -27"><span class='ocrx_word' id='word_1_873' title='bbox 1867 5101 2154 5156; x_wconf 82' lang='lat' dir='ltr'><strong>invisibilis</strong></span> <span class='ocrx_word' id='word_1_874' title='bbox 2183 5104 2271 5156; x_wconf 86' lang='lat' dir='ltr'><strong>Dei</strong></span> <span class='ocrx_word' id='word_1_875' title='bbox 2308 5104 2618 5172; x_wconf 68' lang='lat' dir='ltr'><strong>imaginem,</strong></span> <span class='ocrx_word' id='word_1_876' title='bbox 2655 5110 3148 5181; x_wconf 89' lang='lat' dir='ltr'><strong>universorumque</strong></span> <span class='ocrx_word' id='word_1_877' title='bbox 3189 5118 3434 5170; x_wconf 80' lang='lat' dir='ltr'><strong>condito-</strong></span> 
     </span>
    </p>
   </div>
   <div class='ocr_carea' id='block_1_113' title="bbox 1869 5197 3436 5266">
    <p class='ocr_par' dir='ltr' id='par_1_113' title="bbox 1869 5197 3436 5266">
     <span class='ocr_line' id='line_1_113' title="bbox 1869 5197 3436 5266; baseline 0.01 -20"><span class='ocrx_word' id='word_1_878' title='bbox 1869 5209 1979 5249; x_wconf 87' lang='lat' dir='ltr'><strong>rem</strong></span> <span class='ocrx_word' id='word_1_879' title='bbox 2012 5209 2076 5247; x_wconf 89' lang='lat' dir='ltr'><strong>ac</strong></span> <span class='ocrx_word' id='word_1_880' title='bbox 2103 5197 2521 5264; x_wconf 78' lang='lat' dir='ltr'><strong>primogenitum</strong></span> <span class='ocrx_word' id='word_1_881' title='bbox 2569 5200 2710 5254; x_wconf 88' lang='lat' dir='ltr'><strong>inter</strong></span> <span class='ocrx_word' id='word_1_882' title='bbox 2759 5214 3020 5266; x_wconf 74' lang='grc' dir='ltr'>ιιιοιιιιοε,</span> <span class='ocrx_word' id='word_1_883' title='bbox 3058 5205 3316 5261; x_wconf 75' lang='lat' dir='ltr'><strong>Ecclesia-</strong></span> <span class='ocrx_word' id='word_1_884' title='bbox 3346 5225 3436 5262; x_wconf 82' lang='lat' dir='ltr'><strong>ca-</strong></span> 
     </span>
    </p>
   </div>
   <div class='ocr_carea' id='block_1_114' title="bbox 1865 5288 3434 5368">
    <p class='ocr_par' dir='ltr' id='par_1_114' title="bbox 1865 5288 3434 5368">
     <span class='ocr_line' id='line_1_114' title="bbox 1865 5288 3434 5368; baseline 0.01 -30"><span class='ocrx_word' id='word_1_885' title='bbox 1865 5298 1959 5354; x_wconf 79' lang='lat' dir='ltr'><strong>put</strong></span> <span class='ocrx_word' id='word_1_886' title='bbox 1991 5288 2173 5341; x_wconf 82' lang='lat' dir='ltr'><strong>datum</strong></span> <span class='ocrx_word' id='word_1_887' title='bbox 2201 5288 2476 5356; x_wconf 70' lang='lat' dir='ltr'><strong>prmdicat.</strong></span> <span class='ocrx_word' id='word_1_888' title='bbox 2501 5291 2635 5357; x_wconf 79' lang='lat' dir='ltr'><strong>Quia</strong></span> <span class='ocrx_word' id='word_1_889' title='bbox 2676 5307 2806 5362; x_wconf 84' lang='lat' dir='ltr'><strong>ergo</strong></span> <span class='ocrx_word' id='word_1_890' title='bbox 2837 5295 2926 5348; x_wconf 88' lang='lat' dir='ltr'><strong>Dei</strong></span> <span class='ocrx_word' id='word_1_891' title='bbox 2978 5295 3208 5352; x_wconf 85' lang='lat' dir='ltr'><strong>Verbum</strong></span> <span class='ocrx_word' id='word_1_892' title='bbox 3247 5312 3434 5368; x_wconf 81' lang='lat' dir='ltr'><strong>suapte</strong></span> 
     </span>
    </p>
   </div>
   <div class='ocr_carea' id='block_1_115' title="bbox 1867 5381 3431 5452">
    <p class='ocr_par' dir='ltr' id='par_1_115' title="bbox 1867 5381 3431 5452">
     <span class='ocr_line' id='line_1_115' title="bbox 1867 5381 3431 5452; baseline 0.008 -23"><span class='ocrx_word' id='word_1_893' title='bbox 1867 5387 2054 5430; x_wconf 84' lang='lat' dir='ltr'><strong>natura</strong></span> <span class='ocrx_word' id='word_1_894' title='bbox 2081 5381 2273 5434; x_wconf 87' lang='lat' dir='ltr'><strong>mortis</strong></span> <span class='ocrx_word' id='word_1_895' title='bbox 2303 5395 2494 5450; x_wconf 83' lang='lat' dir='ltr'><strong>expers</strong></span> <span class='ocrx_word' id='word_1_896' title='bbox 2523 5393 2625 5444; x_wconf 82' lang='lat' dir='ltr'><strong>est,</strong></span> <span class='ocrx_word' id='word_1_897' title='bbox 2665 5401 2768 5436; x_wconf 90' lang='lat' dir='ltr'><strong>non</strong></span> <span class='ocrx_word' id='word_1_898' title='bbox 2820 5401 3102 5452; x_wconf 84' lang='lat' dir='ltr'><strong>possumus</strong></span> <span class='ocrx_word' id='word_1_899' title='bbox 3145 5389 3270 5442; x_wconf 88' lang='lat' dir='ltr'><strong>illud</strong></span> <span class='ocrx_word' id='word_1_900' title='bbox 3309 5407 3431 5444; x_wconf 85' lang='lat' dir='ltr'><strong>vera</strong></span> 
     </span>
    </p>
   </div>
   <div class='ocr_carea' id='block_1_116' title="bbox 1866 5469 3428 5552">
    <p class='ocr_par' dir='ltr' id='par_1_116' title="bbox 1866 5469 3428 5552">
     <span class='ocr_line' id='line_1_116' title="bbox 1866 5469 3428 5552; baseline 0.012 -34"><span class='ocrx_word' id='word_1_901' title='bbox 1866 5469 2212 5538; x_wconf 79' lang='lat' dir='ltr'><strong>perfectaque</strong></span> <span class='ocrx_word' id='word_1_902' title='bbox 2255 5474 2453 5528; x_wconf 86' lang='lat' dir='ltr'><strong>unione</strong></span> <span class='ocrx_word' id='word_1_903' title='bbox 2491 5491 2610 5529; x_wconf 90' lang='lat' dir='ltr'><strong>cum</strong></span> <span class='ocrx_word' id='word_1_904' title='bbox 2669 5479 2900 5530; x_wconf 84' lang='lat' dir='ltr'><strong>humana</strong></span> <span class='ocrx_word' id='word_1_905' title='bbox 2953 5491 3141 5533; x_wconf 81' lang='lat' dir='ltr'><strong>natura</strong></span> <span class='ocrx_word' id='word_1_906' title='bbox 3198 5484 3428 5552; x_wconf 86' lang='lat' dir='ltr'><strong>conjun-</strong></span> 
     </span>
    </p>
   </div>
   <div class='ocr_carea' id='block_1_117' title="bbox 1866 5565 3430 5640">
    <p class='ocr_par' dir='ltr' id='par_1_117' title="bbox 1866 5565 3430 5640">
     <span class='ocr_line' id='line_1_117' title="bbox 1866 5565 3430 5640; baseline 0.008 -24"><span class='ocrx_word' id='word_1_907' title='bbox 1866 5573 2009 5616; x_wconf 82' lang='lat' dir='ltr'><strong>ctum</strong></span> <span class='ocrx_word' id='word_1_908' title='bbox 2045 5565 2210 5621; x_wconf 77' lang='lat' dir='ltr'><strong>fuisse</strong></span> <span class='ocrx_word' id='word_1_909' title='bbox 2235 5583 2338 5621; x_wconf 89' lang='lat' dir='ltr'><strong>non</strong></span> <span class='ocrx_word' id='word_1_910' title='bbox 2370 5585 2645 5635; x_wconf 78' lang='lat' dir='ltr'><strong>asserere;</strong></span> <span class='ocrx_word' id='word_1_911' title='bbox 2676 5573 2914 5640; x_wconf 73' lang='lat' dir='ltr'><strong>adeoque</strong></span> <span class='ocrx_word' id='word_1_912' title='bbox 2943 5589 3104 5627; x_wconf 89' lang='lat' dir='ltr'><strong>unum</strong></span> <span class='ocrx_word' id='word_1_913' title='bbox 3134 5575 3430 5638; x_wconf 76' lang='lat' dir='ltr'><strong>Christum,</strong></span> 
     </span>
    </p>
   </div>
   <div class='ocr_carea' id='block_1_118' title="bbox 1455 5714 2004 5782">
    <p class='ocr_par' dir='ltr' id='par_1_118' title="bbox 1455 5714 2004 5782">
     <span class='ocr_line' id='line_1_118' title="bbox 1455 5714 2004 5782; baseline 0.015 -16"><span class='ocrx_word' id='word_1_914' title='bbox 1455 5716 1499 5745; x_wconf 77' lang='grc'><strong>’⁵</strong></span> <span class='ocrx_word' id='word_1_915' title='bbox 1531 5714 1570 5767; x_wconf 84' lang='grc' dir='ltr'><strong>ΙΙ</strong></span> <span class='ocrx_word' id='word_1_916' title='bbox 1614 5717 1736 5772; x_wconf 72' lang='grc' dir='ltr'><strong>(ΖΘΓ.</strong></span> <span class='ocrx_word' id='word_1_917' title='bbox 1779 5733 1898 5782; x_wconf 74' lang='grc' dir='ltr'>ἰἰιι,</span> <span class='ocrx_word' id='word_1_918' title='bbox 1953 5721 2004 5775; x_wconf 79' lang='lat'><em>6.</em></span> 
     </span>
    </p>
   </div>
  </div>
