3942 6128
509 348 649 403 i363

1426 346 1484 403 S.
1516 346 1794 403 CYRILIJ
1833 345 2305 400 ALEXANDRINI
2343 344 2670 401 ARClllEP.

3634 348 3771 401 176i

468 494 473 499 ι
506 460 597 527 qui
633 458 774 514 idem
806 456 950 515 Deus
998 461 1159 515 simul
1200 462 1273 517 sit
1301 471 1357 517 et
1399 463 1585 530 homo,
1624 465 1782 519 nobis
1808 478 1912 519 non
1940 479 2060 533 pro-

2176 466 2283 518 πᾶν
2309 463 2367 517 τὸ
2396 464 2671 535 πλήρωμα
2700 466 2797 533 τῆς
2840 466 3093 535 θεότητος
3140 464 3519 535 σωματικῶςς
3565 464 3774 527 Ἰδικῶς

504 564 729 614 ponere.
754 547 826 603 At
852 550 906 604 in
938 565 1047 620 quo
1087 552 1251 621 igitur
1270 555 1448 609 omnis
1469 555 1769 610 divinitatis
1790 554 2068 623 plenitudo

507 640 831 696 inhabitavit
862 644 1218 712 corporaliter
1253 643 1343 697 ὀἳ
1371 646 1514 701 Sane
1536 646 1789 700 arbitrari
1813 646 1867 701 in
1899 644 2066 702 Verbi

506 746 747 787 seorsum
775 748 874 801 per
896 748 955 787 se
999 734 1326 790 considerati
1372 745 1620 790 naturam
1652 738 1752 791 hoc
1780 738 2065 801 accidisse,

501 821 723 873 omnino
754 820 1142 889 perabsurdum
1184 822 1378 878 fuerit:
1421 824 1641 893 perinde
1673 840 1900 894 namque
1926 825 2069 879 istud

509 920 652 966 esset
706 926 770 967 ac
830 913 873 967 si
923 913 1267 983 Unigenitum
1329 916 1382 969 in
1452 916 1740 986 semetipso
1793 917 2070 971 habitasse

501 1004 823 1058 diceremus.
862 1004 1157 1059 Credentes
1207 1007 1387 1074 itaque
1432 1007 1664 1061 Verbum
1699 1022 1917 1061 carnem
1963 1022 2068 1062 non

500 1106 599 1161 per
629 1092 864 1161 aliquam
919 1095 997 1147 sui
1047 1097 1548 1150 transmutationem
1597 1105 1689 1149 aut
1744 1098 2067 1162 versionem,

500 1184 593 1237 sed
666 1199 763 1252 per
816 1200 997 1239 veram
1048 1187 1229 1254 templi
1284 1188 1512 1257 proprii,
1565 1188 1666 1243 hoc
1708 1199 1792 1244 est
1829 1189 2072 1257 corporis

502 1274 681 1327 anima
737 1275 970 1328 humana
1025 1277 1274 1345 perfecti,
1330 1280 1582 1333 unionem
1641 1279 1695 1332 in
1734 1278 2073 1334 nobishahi-

505 1373 666 1429 tasse,
707 1367 794 1434 pie
836 1378 1087 1437 recteque
1134 1383 1528 1436 asseveramns,
1572 1372 1697 1424 dum
1731 1385 1955 1438 magnus
1981 1370 2068 1424 ille

506 1453 700 1508 Paulus
741 1470 956 1509 omnem
1014 1457 1318 1512 divinitatis
1394 1458 1786 1526 plenitudinem
1844 1458 1898 1511 in
1955 1459 2071 1527 ipso

503 1544 836 1598 inhabitasse
885 1546 1098 1611 scribit,
1154 1561 1260 1601 non
1305 1547 1519 1616 quidem
1577 1564 1671 1618 per
1698 1547 2071 1618 participatio-

501 1653 649 1698 nem,
694 1648 784 1689 aut
815 1636 1205 1700 habitudinem,
1261 1648 1352 1691 aut
1402 1640 1588 1707 gratim
1628 1639 2075 1693 communicatio-

505 1744 651 1792 nem,
693 1729 788 1782 sed
836 1728 1209 1795 corporaliter,
1260 1730 1364 1783 hoc
1419 1739 1502 1783 est
1547 1730 1930 1791 essentialiter,
1981 1744 2074 1797 per

2175 555 2275 625 μὲν
2307 551 2400 608 οὗν
2428 556 2523 608 καὶ
2554 555 2695 609 κατά
2726 557 2890 625 μόνας
2920 556 2976 608 ὲν
2996 558 3062 627 τῇ
3088 559 3185 613 τοῦ
3212 556 3392 624 Λόγου
3417 556 3592 624 φύσει
3615 556 3774 609 τοῦτο

2172 645 2486 715 πεπρᾶχθαι
2507 646 2769 715 νομίζειν,
2800 645 2992 715 εὔηθες
3017 645 3214 717 κομιδῇ
3238 661 3251 675 ο
3280 645 3400 698 ἴσον
3428 650 3547 715 γὰρ
3571 648 3769 711 εἰπεῖν,

2172 735 2247 798 ὠς
2298 736 2461 799 αὐτὸς
2502 736 2562 788 ὲν
2604 735 2781 806 ἑαυτῷ
2829 735 3147 806 κατῴκησεν
3192 737 3223 788 ό
3268 737 3630 807 Μονογενής.
3681 738 3773 789 Πι-

2176 825 2461 889 στεύοντας
2499 825 2556 878 δὲ
2606 826 2689 878 ὅτι
2741 827 2929 894 γέγονε
2983 826 3120 896 σὰρξ
3163 826 3192 876 ό
3247 828 3455 893 Λόγος,
3510 828 3577 879 οὗ
3632 830 3773 879 atati

2174 917 2510 987 μετάστασιν
2556 916 2588 987 ἢ
2633 916 2841 987 τροπὴν
2866 958 2880 980 ,
2934 917 3052 970 ἀλλ’
3081 917 3165 969 ὅτι
3201 915 3409 986 μᾶλλον
3449 917 3771 985 ἐσκήνωσεν

2170 1006 2229 1057 ὲν
2262 1007 2413 1076 ἡμῖν,
2457 1007 2550 1059 καὶ
2583 1006 2708 1059 ναὸν
2751 1005 2881 1059 ίδιον
2920 1006 3216 1075 ἐποιήσατο
3255 1006 3319 1057 τὸ
3365 1006 3585 1057 ὲνωθὲν
3626 1006 3771 1075 αὐτῷ

2171 1099 2310 1150 κατὰ
2332 1097 2588 1168 ἀλήθειαν
2615 1098 2792 1167 σῶμα,
2825 1098 3002 1169 ψυχὴν
3030 1098 3156 1169 ἔχον
3180 1099 3277 1167 τὴν
3307 1097 3578 1168 λογικὴν,
3614 1100 3770 1150 εὐσε-

2171 1184 2262 1250 ϐὲς
2286 1191 2477 1241 εἰπεῖν·
2510 1189 2589 1242 ὅτι
2615 1188 2712 1258 τὴν
2740 1190 2798 1241 ὲν
2827 1192 2893 1259 τῇ
2918 1190 3050 1258 ἁγίᾳ
3079 1190 3246 1257 σαρκὶ
3275 1188 3376 1241 τοῦ
3407 1189 3604 1254 Λόγου
3632 1205 3765 1241 κατ-

2171 1276 2406 1346 οίκησιν,
2442 1277 2607 1346 ῆγουν
2638 1276 2837 1329 ἕνωσιν
2874 1276 3049 1346 ἀληθῆ
3082 1276 3536 1345 κατασημαίνων
3574 1279 3711 1345 ἡμῖν
3738 1278 3767 1329 6

2174 1366 2464 1429 θεσπέσιος
2495 1367 2725 1430 Παῦλος,
2760 1369 2818 1419 ὲν
2847 1366 2997 1436 αὐτῴ
3025 1383 3160 1435 φησι
3191 1366 3537 1434 κατοικῆσαι
3573 1369 3684 1419 πᾶν
3712 1368 3766 1418 τὺ

2174 1459 2447 1529 πλήρωμα
2478 1458 2578 1528 τῆς
2605 1457 2878 1528 θεότητος,
2909 1458 2970 1509 οὐ
3001 1457 3277 1526 μεθεκτῶς
3301 1457 3550 1527 μᾶλλον,
3576 1458 3611 1525 ἦ
3647 1475 3764 1526 σχε-

2178 1548 2366 1613 τικῶς,
2398 1548 2565 1618 ἤγουν
2597 1549 2672 1611 ὡς
2703 1549 2759 1599 ὲν
2780 1547 2922 1600 δόσει
2956 1548 3197 1616 χάριτος,
3222 1547 3364 1599 ἀλλὰ
3398 1549 3764 1617 σωματικῶς,

2172 1640 2202 1693 ὃ
2236 1641 2385 1693 ἐστιν
2412 1639 2687 1701 οὑσιωδῶς
2707 1655 2719 1667 ’
2744 1639 2821 1701 ὡς
2857 1638 2923 1692 ἀν
2944 1640 2992 1690 εί
3021 1637 3115 1689 καὶ
3146 1640 3202 1689 ὲν
3223 1636 3520 1708 ἀνθρώπῳ
3554 1636 3766 1704 λέγοιτο

2180 1730 2453 1781 κατοικεῖν
2498 1728 2558 1780 τὸ
2599 1726 2815 1797 πνεῦμα
2846 1726 3031 1792 αὑτοῦ,
3056 1726 3155 1795 οὐχ
3189 1725 3381 1793 ἕτερον
3407 1724 3474 1777 ὃν
3514 1726 3654 1794 παρ’
3686 1727 3769 1776 αὖ·

502 1819 949 1875 inhabitationem
993 1819 1137 1871 illam
1174 1820 1320 1873 aliud
1354 1821 1486 1873 nihil
1518 1821 1795 1874 insinuare
1814 1820 2070 1881 voluisse,

2176 1817 2283 1872 τόν.
2327 1816 2443 1886 Ἐφ’
2473 1818 2592 1880 ἑνὸς
2639 1816 2697 1869 δὲ
2743 1817 3035 1886 προσώπου
3087 1815 3346 1877 πολλάκις
3400 1814 3769 1883 διπρόσωπον

502 1922 665 1977 quam
695 1922 874 1960 veram
917 1906 1325 1975 naturalemque
1357 1906 1517 1961 Verbi
1560 1921 1682 1960 cum
1712 1921 1869 1961 sacra
1908 1922 2071 1961 carne

506 1996 784 2050 unionem.
814 1995 1284 2062 Quemadmodum
1338 1995 1462 2051 licet
1500 1997 1735 2051 hOminis
1764 1995 1985 2064 spiritus
2018 1996 2069 2048 in

504 2090 622 2157 ipso
654 2088 902 2142 habitare
931 2088 1167 2151 dicatur,
1199 2104 1305 2142 non
1344 2087 1482 2142 alius
1508 2096 1684 2142 tamen
1708 2098 1799 2141 aut
1822 2088 2068 2141 diversus

505 2180 572 2232 ab
606 2178 693 2231 illo
727 2178 1023 2248 jndicatur.
1057 2177 1144 2232 Fit
1191 2179 1358 2244 enim,
1407 2189 1465 2232 ut
1495 2179 1760 2233 orationis
1787 2177 2067 2233 schemate

504 2267 573 2320 tle
600 2280 703 2320 una
741 2281 968 2334 persona
1018 2266 1249 2335 duplicis
1299 2267 1621 2336 quandoque
1655 2283 1900 2337 persona:
1935 2268 2072 2322 ratio

504 2355 662 2409 nobis
694 2354 976 2421 offeratur,
1013 2372 1188 2426 neque
1217 2357 1288 2411 ob
1332 2358 1383 2411 id
1416 2368 1593 2411 tamen
1633 2358 1836 2412 veritas
1876 2358 1983 2411 ulla
2006 2374 2070 2411 ex

505 2457 658 2516 parte
704 2448 960 2503 laeditur:
1020 2460 1078 2502 ut
1132 2465 1291 2512 cum,
1343 2450 1573 2518 exempli
1620 2465 1818 2516 causa,
1883 2451 2062 2503 divina

506 2538 785 2608 Scriptura
818 2540 887 2593 de
929 2539 1037 2594 Deo
1070 2539 1368 2608 praedicat:
1415 2558 1435 2592 ι
1472 2539 1575 2605 Qui
1627 2540 1780 2608 ﬁngit
1820 2540 2068 2609 spiritum

507 2626 746 2681 hominis
797 2628 851 2682 in
905 2629 1021 2699 ipso
1053 2629 1139 2695 ²⁷;
1178 2647 1196 2679 ι
1246 2629 1396 2695 atqui
1451 2628 1697 2697 spiritum
1749 2628 1983 2683 hominis
2017 2628 2071 2679 in

505 2721 625 2787 ipso
682 2718 969 2772 formatum
1026 2722 1092 2772 ab
1137 2718 1254 2788 ipso
1305 2716 1463 2790 145
1509 2718 1726 2773 homine
1774 2718 1920 2771 aliud
1965 2732 2071 2771 non

505 2824 655 2874 esse,
687 2810 938 2863 munibus
966 2811 1309 2879 perspicuum
1342 2822 1443 2865 est.
1477 2808 1596 2865 Huc
1623 2820 1677 2864 et
1704 2809 1833 2863 illud
1863 2824 2076 2878 quoque

506 2901 651 2953 beati
693 2899 867 2955 David
904 2902 1076 2955 tendit
1115 2918 1129 2955 :
1172 2920 1190 2951 ι
1221 2898 1549 2956 Νοοιοέυιιι
1580 2900 1742 2956 corde
1773 2915 1892 2954 meo
1917 2916 2075 2955 exer-

507 2993 734 3056 t-itabar,
777 3002 831 3046 et
886 2994 1152 3047 mcerebat
1200 2993 1432 3061 spiritus
1483 3008 1637 3048 meus
1683 2992 1748 3045 ’⁸.
1792 3010 1811 3042 ι
1856 2992 2072 3061 Ecquis,

510 3096 716 3148 quaeso,
745 3094 885 3150 erat,
923 3084 1015 3151 qui
1046 3098 1168 3137 cum
1200 3097 1301 3136 suo
1326 3082 1490 3137 corde
1522 3083 1905 3145 exercebatur,
1946 3099 2073 3150 pro-

2171 1911 2303 1979 ἡμῖν
2343 1909 2649 1980 εἰσφέρεται
2687 1908 2845 1977 λόγου
2877 1908 3082 1977 σχῆμα,
3109 1906 3205 1959 καὶ
3256 1908 3381 1959 κατ’
3414 1905 3622 1957 οὐδένα
3648 1905 3770 1973 rpi-

2173 2017 2274 2053 πον
2301 1999 2475 2053 ἀδικεῖ
2505 2000 2602 2069 τὴν
2629 1998 2906 2070 ἀλήθειαν.
2943 1994 3067 2051 Οῗον
3092 1998 3227 2066 φέρε
3254 1998 3453 2059 εἰπεῖν,
3493 1996 3576 2056 ὡς
3601 1999 3655 2047 εί
3691 1995 3771 2046 λέ-

2170 2108 2321 2160 γοιτο
2368 2092 2497 2160 περὶ
2542 2090 2677 2144 Θεοῦ
2731 2091 2881 2160 παρὰ
2927 2090 3027 2158 τῆς
3076 2087 3440 2141 θεοπνεύστου
3492 2086 3767 2154 Γραφῆς’

2183 2202 2202 2234 ‹
2251 2184 2309 2235 '0
2348 2184 2602 2236 πλάσσων
2635 2182 2851 2252 πνεῦμα
2877 2179 3166 2250 ἀνθρώπου
3190 2180 3250 2231 ὲν
3284 2178 3459 2248 αὐτῷ.
3498 2197 3520 2229 ι
3561 2177 3767 2229 Καίτοι

2174 2274 2291 2333 πῶς
2315 2274 2413 2343 οὐχ
2443 2274 2648 2327 ἅπασιν
2675 2273 2923 2343 ἐναργὲς,
2941 2271 3017 2335 ὡς
3044 2273 3145 2323 οὐκ
3171 2270 3236 2324 ἂν
3257 2273 3434 2323 νοοῖτο
3465 2269 3653 2340 περὶῐ
3678 2267 3766 2319 τὸν

2173 2364 2458 2435 ἄνθρωπον
2516 2364 2703 2434 ἕτερον
2775 2366 2833 2416 ὲν
2903 2362 3079 2431 ἑαυτῷ
3145 2361 3531 2430 πλαττόμενον
3598 2356 3763 2411 αὑτοῦ

2175 2453 2419 2521 πνεῦμα;
2445 2453 2583 2522 Φησὶ
2624 2452 2680 2505 δέ
2713 2468 2816 2504 που
2847 2453 2941 2503 καὶ
2972 2453 3001 2504 ὁ
3028 2451 3298 2520 μακάριος
3325 2448 3504 2501 Δαυῖδ
3524 2465 3540 2477 ο
3590 2465 3609 2498 ι
3646 2447 3758 2499 Νυ-

2172 2545 2299 2607 κτὸς
2328 2544 2465 2615 μετὰ
2504 2543 2605 2610 τῆς
2635 2542 2863 2612 καρδίας
2894 2542 3237 2611 ἡδολέσχουν,
3291 2539 3390 2593 καὶ
3422 2538 3669 2608 ἤσχαλλε
3702 2537 3761 2588 τὸ

2176 2636 2391 2703 πνεῦμά
2422 2652 2545 2706 μου.
2584 2652 2603 2685 ι
2636 2632 2770 2686 Εἶτα
2803 2634 2885 2695 τίς
2917 2629 3012 2685 οὖν
3042 2634 3070 2683 ὁ
3101 2631 3237 2701 μετὰ
3268 2631 3369 2700 τῆς
3395 2628 3639 2699 καρδίας
3665 2628 3759 2679 αὑ-

2172 2727 2266 2779 τοῦ
2299 2724 2619 2795 ἀδολεσχῶν,
2656 2725 2750 2778 καὶ
2778 2723 2839 2776 τὸ
2872 2724 3001 2776 ἴδιον
3026 2719 3245 2791 πνεῦμα
3275 2718 3558 2788 ἀσχάλλον
3585 2718 3750 2786 ἔχωνς

2172 2817 2293 2889 Χρὴ
2325 2819 2504 2871 τοίνυν
2547 2815 2616 2869 τὰ
2658 2817 2754 2885 μὲν
2789 2814 2898 2866 τῶν
2943 2814 3117 2880 λόγων
3148 2814 3407 2882 σχήματα
3441 2810 3519 2880 μὴ
3554 2809 3753 2877 σςόδρα

2174 2908 2524 2978 φιλοκρινεῖν,
2550 2908 2760 2978 ἁρορᾷν
2804 2906 2862 2958 δὲ
2899 2906 3099 2975 μᾶλλον
3131 2906 3210 2967 είς
3240 2903 3416 2965 αὐτας
3463 2903 3579 2954 τῶν
3616 2917 3754 2967 πρα-

2176 3000 2402 3068 γμάτων
2432 2998 2531 3060 τάς
2571 2996 2761 3067 φύσεις
2783 3036 2797 3059 ,
2828 2998 2920 3049 καὶ
2959 2995 3018 3060 ἐξ
3059 2995 3237 3049 αὐτῶν
3273 2994 3338 3061 δὴ
3371 2992 3578 3062 μᾶλλον
3626 2989 3750 3042 ποδο

2178 3087 2516 3158 ηγουμένους
2541 3087 2627 3140 ἐπ’
2655 3087 2822 3157 αὐτὴν
2855 3088 2990 3139 ἰέναι
3015 3086 3110 3156 τὴν
3140 3084 3428 3155 ἀλήθειαν.

508 3173 797 3241 priumque
834 3174 1082 3241 spiritum
1129 3180 1454 3227 maerentem
1500 3176 1784 3228 habebat?
1854 3174 2074 3243 Oportet
2119 3179 2301 3249 itaque
2362 3181 2693 3233 locutionum
2761 3180 3019 3233 formulas
3064 3196 3167 3231 non
3211 3193 3381 3244 usque
3417 3175 3559 3228 adeo
3591 3176 3748 3227 anxie

508 3275 782 3329 excutere,
827 3267 922 3320 sed
959 3265 1105 3335 ipsas
1146 3281 1328 3320 rerum
1357 3278 1585 3320 naturas
1623 3266 1804 3337 potius
1861 3272 2234 3342 contemplari,
2295 3289 2587 3343 earumque
2642 3275 2801 3327 ductu
2839 3275 2903 3327 ad
2957 3275 3125 3342 ipsam
3178 3272 3468 3324 veritatem
3515 3278 3746 3323 conten-

507 3356 658 3411 dere.

880 3578 883 3581 Ἴ
981 3493 1059 3549 De
1087 3493 1285 3549 Christi
1312 3497 1623 3553 obedientia.

583 3643 606 3679 ι
636 3626 803 3697 Igitur
844 3627 985 3681 sicut
1036 3642 1136 3697 per
1180 3627 1351 3684 unius
1391 3629 1646 3683 delictum
1673 3631 1724 3683 in
1755 3647 1939 3687 omnes
1984 3633 2077 3687 ho-

517 3719 696 3774 mines
741 3719 794 3773 in
836 3715 1335 3773 condemnationem
1384 3737 1398 3773 :
1440 3720 1516 3775 sic
1537 3733 1583 3775 et
1613 3736 1707 3790 per
1734 3722 1890 3775 unius
1915 3721 2076 3789 justi-

508 3812 637 3865 tiam
689 3811 741 3864 in
795 3824 988 3865 omnes
1031 3810 1280 3864 homines
1343 3810 1397 3864 in
1452 3811 1889 3881 justiticationetn
1935 3814 2073 3867 vitae.

508 3902 825 3958 Sicutenim
872 3917 969 3973 per
1007 3902 1439 3958 inobedientiam
1493 3905 1652 3959 unius
1691 3905 1923 3959 hominis
1956 3920 2077 3973 pec-

507 4005 726 4048 catores
754 3994 1038 4048 constituti
1074 4004 1202 4047 sunt
1237 3994 1427 4060 multi;
1459 3994 1528 4047 ita
1555 4004 1607 4049 et
1638 4010 1734 4063 per
1759 3996 1917 4049 unius
1947 3996 2071 4049 obe-

476 4084 787 4149 'ditionem,
812 4084 943 4155 justi
990 4085 1399 4138 constituentur
1442 4085 1592 4139 multi
1630 4086 1698 4138 '9.
1735 4103 1754 4135 ι
1793 4085 1924 4138 Cum
1965 4086 2075 4139 hn-

510 4192 668 4230 mana
698 4186 889 4229 natura
929 4176 997 4230 ob
1038 4175 1360 4244 protoplasti
1415 4176 1839 4230 iuobedientiam
1907 4177 2073 4231 male-

508 4270 653 4323 dicto
692 4270 993 4336 mortisque
1027 4268 1312 4323 sententiae
1335 4269 1596 4323 obstricta
1623 4268 1876 4331 luereret,
1913 4283 2073 4335 opor-

507 4358 611 4412 tuit
638 4361 705 4413 ad
736 4358 1015 4426 antiquum
1069 4367 1268 4411 statum
1333 4356 1476 4409 illam
1526 4357 1701 4412 denuo
1749 4356 1931 4411 reduci
1979 4372 2073 4425 per

510 4449 836 4517 inculpatam
907 4448 1226 4501 obedientiae
1298 4446 1844 4502 demonstrationem.
1906 4448 2069 4516 Atqui

510 4539 652 4594 istud
693 4541 945 4594 humana:
994 4547 1200 4593 natura:
1259 4538 1551 4594 facultates
1612 4538 1794 4593 multis
1830 4540 2073 4609 partibus

506 4630 803 4685 excedebat
839 4644 854 4683 :
905 4644 1079 4699 neque
1117 4630 1260 4684 enim
1310 4628 1449 4683 nllus
1495 4644 1525 4682 a
1561 4639 1784 4698 peccato
1819 4630 2073 4685 immunis

511 4729 650 4774 erat.
686 4719 821 4775 Nam
861 4736 981 4775 cum
1013 4737 1075 4775 ea
1107 4720 1274 4775 semel
1306 4722 1357 4774 in
1389 4735 1586 4776 noxam
1612 4735 1967 4790 erroremque
1994 4725 2072 4776 in-

504 4800 748 4877 cidisset,
790 4812 1168 4881 intestinisque
1196 4813 1600 4868 inﬁrmitatibus
1644 4814 1781 4866 victa
1824 4822 2067 4882 prostra-
2101 4805 2145 4860 ῐ)

506 4913 668 4970 taque
695 4900 926 4971 jaceret,
980 4910 1035 4956 et
1075 4903 1215 4956 intra
1261 4904 1533 4972 prepriam
1569 4917 1785 4956 carnem
1819 4903 2069 4969 nequitia:

505 4994 744 5050 radicem
793 4994 1038 5057 haberet,
1081 5009 1143 5047 ac
1180 4993 1445 5048 infrenem
1481 4993 1689 5063 peccati
1722 4992 1892 5059 legem
1927 4992 2068 5046 intra

506 5102 601 5140 sua
634 5086 838 5140 viscera
886 5094 1146 5154 perpetuo
1199 5094 1459 5153 gestaret,
1519 5084 1790 5152 quomodo
1852 5098 2067 5136 onmem

505 5177 727 5232 ninnino
767 5176 971 5246 lapsmn
1002 5175 1292 5231 evaderet?
1323 5194 1341 5225 ι
1390 5175 1523 5228 Nam
1556 5175 1827 5244 sapientia
1862 5174 2063 5236 carnis,

512 5266 711 5334 inquit,
739 5270 961 5322 omnino
984 5266 1267 5320 inimicitia
1302 5275 1385 5319 est
1423 5266 1475 5319 in
1508 5264 1675 5319 Deum
1714 5283 1728 5317 :
1775 5264 1877 5331 legi
1919 5265 2063 5317 enim

579 5416 622 5446 “
653 5416 859 5470 Coloss.
903 5432 963 5482 ll,
994 5418 1047 5473 9.
1124 5417 1166 5447 "
1200 5414 1365 5469 Zach.
1402 5429 1495 5480 xu,
1539 5412 1587 5467 i.

2448 3502 2586 3571 Περὶ
2619 3502 2723 3571 τῆς
2748 3501 3024 3568 ὑπακοῆς
3049 3499 3154 3553 τοῦ
3179 3496 3462 3568 Χριστοῦ.

2253 3657 2271 3687 ι
2312 3638 2429 3706 'Ap‘
2460 3630 2552 3688 οὖν
2576 3635 2651 3695 ὡς
2696 3633 2763 3686 δι’
2811 3632 2927 3695 ἑνὸς
2968 3629 3367 3700 ἁμαρτήματος
3411 3627 3499 3690 εἰς
3544 3625 3744 3686 πάντας

2177 3726 2518 3795 ἀνθρώπους,
2572 3726 2653 3786 είς
2691 3722 3043 3790 κατάκριμαο
3082 3719 3226 3771 οὕτω
3256 3718 3352 3769 καὶ
3379 3715 3450 3767 δι’
3504 3716 3627 3777 ἐνὸς
3673 3714 3742 3765 δι-

2179 3817 2499 3888 καιώματος
2533 3816 2613 3878 εἰς
2664 3815 2871 3875 πάντας
2922 3809 3264 3880 ἀνθρώπους,
3296 3809 3378 3870 εἰς
3410 3806 3690 3874 δικαίωμα
3720 3814 3737 3839 ι

2176 3909 2341 3977 ζωῆς.
2389 3909 2599 3976 ’Ὠσπερ
2633 3906 2741 3973 γὰρ
2772 3903 2860 3956 διὰ
2889 3902 2988 3970 τῆς
3033 3899 3315 3971 παρακοῆς
3356 3896 3454 3950 τοῦ
3496 3898 3620 3958 ἐνὸς
3658 3898 3742 3947 ἁν-

2175 4000 2394 4071 θρώπου
2428 3997 2742 4068 ἁμαρτωλοὶ
2779 3992 3192 4061 κατεστάθημεν
3237 3993 3287 4043 oi
3338 3989 3560 4052 πολλοὶ,
3609 3987 3743 4039 οὕτω

2175 4092 2268 4144 καὶ
2299 4089 2387 4141 διὰ
2415 4088 2515 4155 τῆς
2541 4086 2786 4154 ὑπακοῆς
2816 4085 2910 4137 τοῦ
2950 4082 3066 4144 ἐνὸς
3093 4079 3383 4151 ἀνθρώπου
3420 4079 3628 4131 δίκαιοι
3651 4094 3741 4128 κα-

2172 4180 2533 4249 ταστήσονται
2581 4188 2606 4217 α
2640 4177 2690 4228 οἱ
2734 4174 2935 4229 πολλοί.
2971 4193 2989 4225 ι
3026 4171 3137 4240 Τῆς
3182 4169 3479 4240 ἀνθρώπου
3535 4170 3740 4237 φύσεως

2173 4273 2283 4341 ἀρᾷ
2313 4270 2406 4323 καὶ
2439 4269 2563 4340 δίκῃ
2584 4268 2815 4322 θανάτου
2847 4264 3382 4334 καταδεδικασμένης
3410 4262 3504 4316 διὰ
3535 4263 3635 4330 τὴν
3656 4260 3741 4311 τοῦ

2180 4359 2606 4430 πρωτοπλάστου
2632 4357 2939 4427 παρακοὴν,
2962 4355 3069 4408 ἔδει
3095 4354 3255 4408 πάλιν
3277 4353 3595 4422 ἁνασφῆλαι
3618 4351 3742 4421 35).;

2173 4451 2235 4504 τὸ
2266 4452 2325 4503 ὲν
2370 4451 2566 4520 ἀρχαῖς
2609 4448 2778 4519 αὐτὴν
2823 4449 3224 4517 ἀνεπίπληκτον
3255 4445 3451 4513 κομιδῇ
3504 4444 3607 4512 τῆς
3651 4444 3739 4493 ὺπ-

2174 4539 2343 4609 ακοῆς
2373 4538 2704 4608 ποιουμένην
2733 4537 2830 4607 τὴν
2855 4536 3099 4601 ἔνδειξιν.
3132 4534 3270 4588 Ἀλλ’
3289 4534 3391 4604 ἤδη
3414 4532 3581 4585 τοῦτο
3617 4532 3738 4583 πολὺ

2175 4633 2270 4686 καὶ
2303 4630 2424 4683 λίαν
2470 4628 2730 4682 ἐπέκεινα
2759 4627 2868 4680 τῶν
2896 4628 2997 4696 τῆς
3031 4625 3455 4694 ἀνθρωπότητος
3491 4623 3735 4691 μέτρων·

2180 4722 2418 4793 καθαρὸς
2435 4720 2543 4791 γὰρ
2567 4719 2743 4782 οὐδεὶς
2766 4719 2872 4773 ἀπὸ
2896 4718 3202 4789 ἁμαρτιῶν.
3230 4714 3493 4768 [Ιαθοῦσα
3524 4715 3581 4766 δὲ

2174 4813 2237 4867 τὸ
2279 4810 2621 4881 πλημμελὲς,
2652 4809 2746 4862 καὶ
2792 4811 2912 4872 ταῖς
2945 4807 3156 4861 οἴκοθεν
3204 4804 3521 4866 ἀσθενείαις
3551 4820 3737 4872 κεκραο

2177 4903 2407 4972 τημένη,
2442 4903 2537 4954 καὶ
2586 4904 2644 4954 ὲν
2690 4900 2797 4970 ἰδίᾳ
2831 4900 2998 4970 σαρκὶ
3034 4898 3132 4969 τὴν
3166 4898 3264 4965 τῆς
3295 4896 3637 4965 φαυλότητος
3663 4908 3737 4945 νο-

2180 4992 2348 5044 σοῦσα
2381 4992 2595 5059 γένεσιν
2636 4990 2684 5054 δ,
2719 4989 3071 5060 ἀγριαίνοντά
3115 5005 3175 5041 τε
3209 4987 3304 5040 τὸν
3344 4987 3445 5056 τῆς
3475 4986 3738 5055 ἁμαρτίας

2178 5078 2441 5132 ὠδίνουσα
2467 5080 2651 5150 νόμον,
2677 5079 2792 5141 πῶς
2822 5079 2887 5132 ἂν
2914 5078 3101 5147 διέδρα
3127 5075 3409 5137 παντελῶς
3431 5092 3447 5138 ;
3484 5094 3503 5125 ι
3545 5076 3620 5126 Τὸ
3643 5075 3741 5141 γὰρ

2176 5171 2431 5242 φρόνημα
2472 5172 2570 5242 τῆς
2604 5169 2803 5241 σαρκὸς
2853 5169 3134 5231 παντελῶς
3185 5167 3389 5238 ἔχθρα,
3430 5168 3620 5235 φησὶν,
3670 5167 3738 5225 εἰς

2174 5263 2307 5316 Θεόν
2332 5280 2343 5293 ’
2380 5262 2458 5333 τῷ
2484 5264 2594 5334 γὰρ
2617 5262 2767 5332 νόμῳ
2787 5260 2880 5315 τοῦ
2908 5261 3043 5314 Θεοῦ
3068 5261 3165 5332 οὐχ
3199 5259 3605 5313 ὑποτάσσεταιο
3633 5257 3741 5310 οζᾶ

1664 5412 1708 5442 ’⁸
1749 5411 1888 5469 Psal.
1922 5413 2177 5479 ι.ιικνι,7.
2253 5414 2297 5444 ³³
2341 5412 2497 5465 Βυιη.
2546 5428 2599 5476 ν,
2644 5411 2728 5477 18,
2781 5412 2864 5466 l9.

1596 5566 1769 5619 Varia:
1796 5564 2052 5621 lectiones
2082 5566 2280 5621 codicis
2305 5565 2661 5637 Seguierian;.

577 5731 603 5770 1
636 5722 801 5790 παρὰ.
883 5731 902 5755 '-
931 5722 1227 5775 δεκαῖωσιν.
1308 5735 1327 5761 θ
1358 5720 1875 5787 κατασταθήσονται.

1954 5718 1981 5757 'D
2013 5718 2239 5773 σύνεσιν.
