3942 6128
258 235 416 295 i365

1085 241 1177 297 AD
1216 239 1521 298 BEGINAS
1559 240 1647 297 DE
1686 236 1916 295 RECTA
1955 234 2112 291 FIDE
2151 234 2408 292 ORATIO
2447 232 2745 291 ALTERA.

3381 228 3520 284 1566

259 358 384 426 γὰρ
430 353 672 412 δύναται.
727 379 744 410 ι
788 359 1125 432 Εὐμηχάνως
1168 335 1482 432 ’τοιγαροῦν
1511 363 1540 416 6
1581 361 1711 424 Θεδς
1753 359 1831 414 καὶ

1955 357 2046 412 Dei
2071 373 2179 412 non
2210 367 2294 414 est
2329 357 2612 427 subjecta;
2646 369 2748 410 nec
2776 351 2922 409 enim
2963 358 3143 422 potest
3173 351 3240 406 ³⁸.
3278 370 3296 401 ι
3333 351 3517 419 Itaque

263 447 473 518 Πατὴρ
501 447 1071 520 ἀνακεφαλαιούμενος
1098 451 1168 506 τὰ
1199 445 1377 508 πάντα
1405 454 1462 506 ἐν
1493 452 1569 522 τῷ
1597 449 1840 524 Χριστῷ,

266 541 368 593 καὶ
439 541 505 594 ἐκ
563 541 760 613 πολλῆς
820 541 959 610 ἄγαν
1015 542 1353 613 ⁴ἡμερότητος
1413 546 1478 614 τῇ
1555 541 1844 614 ἀνθρώπου

267 632 799 702 πραγματευόμενος
835 631 994 701 φύσει
1023 633 1124 700 τὴν
1169 633 1250 696 εἰς
1279 633 1418 705 ὅπερ
1452 629 1520 704 ἦν
1561 631 1842 696 ἐπάνοδον,

265 721 440 790 ἤγουν
487 721 838 793 ἀνακομιδὴν,
903 741 921 774 ι
957 721 1306 786 ἐξαπέστειλε
1349 725 1443 777 τὸν
1480 723 1608 775 Υίὸν
1641 719 1840 784 αὑτοῦ,

265 811 562 878 γενόμενον
591 811 656 864 ἐκ
692 811 974 878 γυναικὸς,
1013 829 1034 863 ι
1067 811 1155 864 ἵνα
1189 810 1250 863 τὸ
1293 812 1478 880 ὅμοιον
1507 811 1638 882 ἡμῖν
1683 809 1843 881 σῶμα

265 897 470 964 λαϐὼν,
519 900 614 952 καὶ
647 900 780 954 ἴδιον
814 901 982 954 αὑτοῦ
1021 901 1418 970 ποιησάμενος,
1449 900 1524 965 ὡς
1558 899 1844 972 ἄνθρωπος

272 989 367 1041 ἐπὶ
403 990 504 1060 γῆς
535 989 734 1062 εὑρεθῇ
765 993 794 1044 6
849 990 924 1062 μὴ
955 990 1110 1055 εἰδὼς
1160 992 1454 1063 ἁμαρτίαν,
1499 991 1640 1046 οὕτω
1670 1009 1729 1044 τε
1764 993 1842 1056 είς

269 1079 418 1132 ἅπαν
445 1081 716 1150 κατήκοος
743 1079 984 1149 γεγονὼς
1004 1080 1080 1151 τῷ
1097 1080 1216 1152 Θεῷ
1237 1080 1328 1136 καὶ
1353 1081 1549 1152 Πατρὶ,
1575 1081 1840 1153 δικαιώσῃ

267 1167 367 1238 τὴν
401 1167 689 1236 ἀνθρώπου
732 1168 895 1236 φύσιν
947 1171 1006 1225 ἐν
1039 1170 1238 1240 ἐαυτῷ,
1275 1171 1504 1225 καὶτῶν
1535 1171 1630 1224 τοῦ
1675 1171 1840 1225 θανά-

221 1279 232 1290 ’
265 1275 362 1310 του
391 1257 612 1328 δεσμῶν
649 1258 922 1328 ἐξέληται,
957 1261 1176 1328 φύλλοις
1208 1274 1230 1302 ο
1259 1263 1681 1334 ἀναμαρτησίας
1721 1280 1842 1316 στε-

271 1348 609 1419 φανούμενος
641 1349 664 1388 ἀ
702 1349 855 1422 παρὰ
894 1352 989 1405 τοῦ
1023 1354 1158 1407 Θεοῦ
1192 1355 1288 1409 καὶ
1329 1355 1562 1425 Πατρός.
1595 1355 1705 1408 Καὶ
1733 1354 1840 1424 γάρ

269 1441 388 1491 ἐστι
417 1439 527 1492 τῶν
573 1441 793 1495 ἀτόπων
815 1479 832 1504 ,
881 1441 1249 1514 κληρονόμους
1305 1443 1404 1514 μὲν
1437 1444 1582 1513 ἡμᾶς
1615 1441 1714 1511 τῆς
1747 1442 1839 1496 τοῦ

269 1530 484 1601 πρώτου
521 1531 776 1599 γενέσθαι
824 1533 1001 1606 δίκης,
1053 1535 1286 1598 ἐνιέντος
1313 1537 1382 1606 τῇ
1417 1534 1596 1605 φθορᾷ
1623 1533 1713 1588 διὰ
1741 1535 1840 1605 τῆς

271 1622 554 1692 παρακοῆς
575 1641 588 1654 ·
603 1624 700 1693 τῆς
721 1624 778 1677 δὲ
808 1623 900 1678 τοῦ
927 1625 1180 1698 δευτέρου
1201 1625 1547 1696 δικαιοσύνης
1573 1625 1647 1696 μὴ
1671 1643 1838 1696 μετα-

267 1713 474 1784 λαχεῖν,
520 1715 942 1786 ἀνακομίζοντος
993 1695 1254 1789 είςγζωὴν
1297 1718 1385 1772 διὰ
1427 1695 1526 1789 τῆς
1573 1695 1838 1789 είςίᾷπαν
1869 1695 1910 1750 Β

269 1804 534 1872 ὑπακοῆς.
589 1806 758 1860 Ὅταν
786 1802 880 1860 οὖν
918 1807 1050 1878 λέγῃ
1088 1809 1150 1861 τὸ
1193 1785 1431 1880 Γράμμα
1471 1785 1531 1862 τὸ
1559 1785 1726 1880 ἱερὸν,
1771 1809 1836 1862 δι’

271 1895 518 1974 ὑπακοῆς
551 1896 664 1960 ἐνὸς
705 1898 1086 1952 δεδικαιῶσθαι
1128 1899 1378 1965 πολλοὺς,
1422 1901 1523 1954 οὐκ
1552 1900 1837 1972 ἄνθρωπον

263 1985 448 2050 ἁπλῶς
493 1987 588 2039 ἕνα
623 1988 733 2041 τῶν
771 1988 892 2042 καθ’
937 1992 1086 2060 ἡμᾶς
1120 1993 1198 2054 εἰς
1225 1991 1384 2044 τοῦτο
1417 1989 1837 2062 παραληφθῆναι

266 2095 468 2148 φαμεν,
509 2079 975 2151 ἐνηνθρωπηκότα
1023 2083 1080 2134 δὲ
1133 2082 1335 2150 μᾶλλον
1378 2081 1472 2135 τὸν
1526 2081 1832 2151 Μονογενῆ,

264 2169 361 2222 καὶ
409 2169 648 2240 ὑπήκοον
681 2171 822 2242 ὑπὲρ
857 2171 1016 2242 ήμῶν
1061 2172 1324 2240 γεγονότα
1361 2170 1440 2241 τῷ
1468 2171 1660 2242 Πατρί.
1700 2189 1718 2222 ι
1756 2171 1832 2223 Ού

263 2261 374 2331 γὰρ
407 2261 666 2332 ἐποίησεν
705 2264 1004 2333 ἁμαρτίαν,
1047 2263 1170 2316 οὐδέ
1218 2262 1414 2335 εὑρέθη
1463 2263 1615 2326 δόλος
1666 2265 1724 2316 ἐν
1754 2261 1833 2331 τῷ

263 2351 487 2423 στόματι
522 2351 707 2418 αὐτοῦ,
755 2373 771 2404 ι
816 2353 958 2408 καθὰ
991 2355 1320 2426 γέγραπται.

331 2626 458 2682 Kl".
500 2646 517 2680 t
575 2627 734 2696 Λέγω
783 2625 890 2699 γὰρ
925 2627 1162 2698 Χριστὸν
1208 2627 1455 2681 διάκονον
1501 2627 1831 2700 γεγενῆσθαι

262 2720 560 2790 περιτομῆς
588 2718 730 2784 ὑπὲρ
757 2719 1016 2788 ἀληθείας
1031 2717 1190 2784 Θεοῦ,
1223 2719 1304 2782 είς
1329 2719 1390 2772 τὸ
1421 2719 1715 2790 βεϐαιῶσαι
1733 2721 1832 2786 τὰς

261 2810 593 2878 ἐπαγγελίας
623 2810 730 2863 τῶν
773 2811 1058 2882 πατέρων·
1105 2813 1170 2866 τὰ
1215 2813 1274 2866 δὲ
1301 2813 1428 2884 ἔθνη
1483 2815 1622 2886 ὑπὲρ
1648 2815 1832 2878 ἐλέους

260 2901 478 2965 δοξάσαι
505 2898 598 2952 τὸν
628 2900 778 2953 Θεὸν.
823 2919 840 2951 ι
885 2900 1150 2956 Ἰουδαίων
1197 2900 1336 2956 εἶναι
1362 2903 1461 2967 τὰς
1499 2904 1831 2973 ἐπαγγελίας

258 2991 356 3091 ’τὰς
386 2994 497 3053 τοῖς
524 2993 761 3062 πατράσι
785 2992 988 3064 δεδωρη
999 2993 1165 3063 μένας
1185 2997 1214 3049 6
1245 2981 1530 3062 θεσπέσιος
1557 2997 1660 3068 ἔφη
1682 2996 1823 3050 Παῦ-
1853 3033 1896 3091 C

259 3077 372 3143 λος.
411 3081 991 3153 ιῐροανεκεκράγεισαν
1028 3083 1084 3138 δὲ
1117 3085 1209 3140 καὶ
1242 3087 1290 3138 oi
1317 3088 1573 3157 μακάριοι
1612 3087 1826 3159 προφῆ-

259 3187 350 3224 ται
375 3172 502 3241 περὶ
531 3171 792 3242 Χριστοῦ,
823 3173 904 3227 ὅτι
927 3175 1086 3238 αὐτὸς
1121 3174 1272 3228 ἔσται
1302 3177 1598 3246 προσδοκία
1634 3177 1820 3232 ἐθνῶν.

259 3260 468 3340 Ούκυῦν
519 3263 547 3314 6
601 3263 806 3333 Κύριος
855 3265 1013 3335 ἡμῶν
1064 3266 1272 3337 Ἰησοῦς
1317 3269 1548 3338 Χριστὸς
1584 3271 1692 3332 τοῖς
1729 3267 1824 3322 τοῦ

261 3352 473 3422 Πατρὺς
504 3351 736 3419 νεύμασι
771 3355 1054 3420 συναινῶν,
1080 3356 1271 3423 γέγονε
1304 3357 1400 3426 μὲν
1425 3361 1491 3428 τῇ
1533 3361 1823 3430 περιτομῇ,

257 3443 504 3494 τουτέστι
530 3445 641 3503 τοῖς
667 3443 962 3508 Ἰουδαίοις,
994 3445 1262 3508 διάκονος,
1295 3447 1374 3508 εἰς
1406 3447 1696 3516 βεϐαίωσιν
1719 3449 1827 3500 τῶν

262 3532 318 3581 ἐν
349 3531 460 3592 τοῖς
503 3531 776 3600 Πατρὰσιν
817 3533 1274 3602 ἐπηγγελμένων·
1331 3536 1515 3606 εἴρητο
1557 3537 1696 3606 γὰρ,
1747 3537 1827 3590 ὅτι

269 3638 287 3670 ι
338 3619 393 3671 '0
424 3619 634 3682 δίκαιος
669 3621 732 3671 ἐκ
767 3623 1002 3686 πίστεως
1039 3625 1292 3695 ζήσεταγ
1345 3644 1362 3675 ι
1406 3628 1518 3688 τοῖς
1543 3643 1604 3693 γε
1633 3626 1741 3696 μὴν
1769 3626 1828 3688 ἐξ

261 3710 430 3763 ἐθνῶν
463 3711 685 3778 εὐλογία
733 3718 1076 3786 πνευματικὴ
1111 3717 1204 3769 καὶ
1237 3716 1516 3780 ζωοποιὸς,
1549 3717 1688 3771 ὥστε
1731 3717 1828 3770 καὶ

261 3800 460 3864 αὐτοὺς
515 3802 848 3874 ἠλεημένους
894 3807 982 3860 διὰ
1027 3807 1127 3876 τῆς
1180 3808 1434 3871 πίστεως,
1478 3807 1828 3878 δοξολογῆσαι

258 3893 412 3944 Θεὸν.
477 3894 612 3948 Ἀλλ’
667 3899 716 3950 εἰ
778 3899 871 3950 καὶ
919 3899 1107 3967 γέγονε
1148 3899 1392 3963 διάκονος
1447 3901 1822 3972 ἀνθρωπίνως,

259 3983 371 4034 ἀλλ’
397 3980 492 4037 οὖν
527 3985 602 4048 ὡς
635 3987 768 4051 Θεὸς
801 3989 1131 4059 κηρύττεται
1167 3992 1284 4053 τοῖς
1315 4007 1374 4045 τε
1413 3993 1476 4043 ἐκ
1505 3991 1822 4061 περιτομῆς,

259 4073 352 4125 καὶ
385 4073 568 4143 μέντοι
597 4080 708 4139 τοῖς
741 4075 800 4142 ἐξ
837 4077 1036 4130 ἐθνῶν·
1082 4079 1377 4148 κέκληνται
1407 4079 1514 4150 γὰρ
1543 4083 1623 4142 είς
1652 4079 1820 4149 ζωὴν,

177 4201 188 4208 .
257 4163 356 4233 οὐχ
381 4164 455 4226 ὼς
481 4165 560 4228 είς
581 4165 678 4220 ἕνα
705 4167 812 4219 τῶν
838 4168 962 4222 καθ’
989 4171 1134 4240 ἡμᾶς
1159 4169 1447 4240 ἄνθρωπον
1461 4161 1682 4253 ’ἁπλῶς
1707 4169 1822 4222 ἀλλ’

256 4253 330 4316 ὡς
360 4255 437 4317 εἰς
468 4255 602 4308 Θεὸν
635 4257 1026 4322 πιστεύσαντες
1055 4261 1135 4323 εἰς
1169 4261 1402 4332 Χριστόν
1425 4279 1437 4292 ’
1473 4262 1567 4313 καὶ
1595 4261 1694 4313 οὐκ
1720 4259 1822 4324 ἔξω

1950 449 2096 505 Deus
2147 449 2308 504 Pater
2360 450 2495 502 mira
2539 447 2771 517 quadam
2821 444 3144 500 dexteritate
3186 443 3366 498 omnia
3422 457 3518 512 per
3569 509 3573 512 ι

1947 537 2224 594 Christum
2273 537 2702 600 instauraturus,
2757 535 3114 602 humanaeque
3164 541 3371 587 natura:
3429 546 3518 586 re-

1947 643 2228 700 gressum,
2285 629 2390 686 hoc
2442 637 2524 683 est
2568 624 3084 696 redintegrationem
3137 625 3206 678 ad
3264 624 3316 678 id
3373 623 3512 694 quod

1946 719 2240 788 aliquando
2284 719 2496 784 fuerat,
2547 717 2788 772 maxima
2821 715 3152 786 benignitate
3187 713 3512 769 conciliatu-

1946 824 2062 874 rus,
2097 825 2118 860 ι
2155 809 2305 863 misit
2334 807 2527 862 Filium
2560 823 2716 863 suum
2759 806 2960 860 factum
2998 818 3064 858 ex
3096 803 3320 858 muliere
3353 802 3436 866 ’1;
3491 820 3510 852 ι

1945 912 2053 966 quo
2099 897 2356 952 nimirum
2413 912 2610 968 corpus
2657 906 2844 952 nostro
2897 893 3095 960 simile,
3141 894 3354 963 sibique
3393 907 3517 962 pro-

1944 989 2120 1060 prium
2155 987 2356 1043 factum
2403 1004 2710 1050 assumens,
2763 999 3018 1056 tanquam
3069 989 3232 1042 homo
3263 989 3317 1040 in
3356 987 3518 1042 terris

1945 1089 2231 1150 appareret
2278 1081 2369 1150 qui
2423 1089 2508 1136 est
2553 1081 2731 1136 omnis
2788 1081 2997 1150 peccati
3053 1081 3314 1152 ignarus;
3354 1089 3517 1147 atque

1946 1173 2016 1225 ita
2055 1173 2162 1228 Deo
2190 1171 2336 1227 Patri
2382 1187 2479 1243 per
2517 1171 2699 1226 omnia
2741 1172 3053 1236 obsecutus,
3087 1171 3382 1226 humanam
3414 1185 3514 1223 na-

1947 1273 2120 1317 turam
2145 1263 2198 1317 in
2239 1263 2532 1331 semetipso
2565 1262 2915 1332 iustiﬁcaret,
2953 1263 3255 1332 mortisque
3284 1261 3514 1315 vinculis

1943 1355 2230 1418 eximeret,
2259 1353 2424 1426 146
2455 1353 2775 1409 innocentia:
2805 1353 2941 1407 stola
2965 1369 2994 1407 a
3030 1353 3140 1408 Deo
3171 1353 3331 1408 Patre
3364 1367 3516 1408 coro-

1945 1447 2200 1500 nandam.
2252 1445 2466 1500 Etenim
2505 1445 2895 1516 perabsurdum
2938 1445 3120 1511 fuerit,
3179 1460 3274 1514 per
3329 1444 3516 1499 inobe—

1943 1535 2203 1590 dientiam
2253 1537 2456 1608 prioris
2499 1537 2628 1593 Adae
2661 1537 2729 1592 ad
2760 1547 2990 1594 mortem
3017 1547 3070 1592 et
3104 1537 3510 1606 corruptionem

1942 1625 2350 1692 pracipitantis,
2388 1625 2756 1681 damnationis
2789 1628 3032 1682 haeredes
3061 1627 3386 1682 constitutos
3413 1641 3512 1680 nos

1940 1729 2104 1780 esse;
2147 1713 2372 1782 iustitia:
2406 1730 2537 1772 vero
2577 1718 2895 1786 posterioris
2943 1731 3037 1786 per
3077 1725 3509 1772 consummatam

1940 1807 2084 1862 illaut
2139 1807 2501 1862 obedientiam
2554 1809 2608 1863 in
2658 1810 2824 1864 vitam
2882 1809 3212 1874 reducentis,
3263 1817 3510 1861 exsortes

1940 1913 2038 1954 nos
2070 1914 2310 1954 manere.
2368 1899 2504 1954 Cum
2555 1902 2737 1970 itaque
2778 1901 2961 1954 divina
2995 1899 3278 1969 Scriptura
3310 1897 3510 1950 multos

1937 2003 2034 2058 per
2083 1990 2243 2044 unius
2302 1991 2666 2046 obeditionem
2727 1989 3337 2063 justillcatoslasserit,
3401 2002 3506 2042 non

1937 2079 2234 2148 simplicem
2265 2078 2520 2148 aliquem,
2543 2093 2850 2150 nostraeque
2873 2080 3202 2136 conditionis
3233 2078 3504 2132 hominem

1937 2172 2003 2224 ad
2034 2172 2134 2242 hoc
2161 2181 2497 2239 assumptum
2544 2170 2786 2240 cogitare
2831 2171 3132 2236 debemus;
3165 2169 3257 2222 sed
3296 2171 3504 2238 ipsum-

1935 2271 2046 2316 met
2079 2261 2426 2332 Unigenitum
2459 2261 2744 2336 hominem
2765 2259 2988 2324 factum,
3021 2262 3109 2329 qui
3144 2260 3502 2314 obedientiam

1933 2354 2077 2410 Patri
2128 2370 2226 2424 pro
2271 2353 2522 2408 omnibus
2565 2353 2837 2423 prmstitit.
2875 2353 2922 2408 Is
2951 2353 3093 2406 enim
3117 2359 3224 2417 est,
3265 2351 3379 2420 qui,
3423 2359 3507 2404 at-

1935 2456 2169 2502 testante
2218 2445 2521 2516 Scriptura,
2590 2462 2608 2495 ι
2657 2454 2940 2512 peccatum
2993 2459 3098 2498 non
3147 2442 3296 2506 Fecit,
3331 2456 3512 2509 neque

1931 2539 2086 2594 dolus
2111 2539 2362 2592 inventus
2389 2547 2472 2592 est
2502 2537 2552 2590 in
2584 2551 2678 2590 ore
2708 2535 2825 2604 ejus
2848 2537 2912 2588 ³³.
2947 2555 2965 2588 ι

2005 2628 2192 2682 XXIII.
2231 2647 2249 2678 ι
2293 2628 2422 2682 Dico
2450 2629 2592 2682 enim
2628 2627 2907 2682 Christum
2959 2626 3142 2682 Jesum
3193 2627 3506 2684 ministrum

1932 2718 2100 2775 fuisse
2154 2719 2584 2774 circumcisionis
2635 2729 2856 2788 propter
2909 2721 3191 2775 veritatem
3251 2722 3361 2784 Dei,
3425 2723 3491 2776 ad

1932 2810 2332 2864 conﬁrmaudas
2383 2811 2773 2880 promissiones
2805 2823 3016 2880 patrum
3061 2829 3075 2865 :
3107 2822 3297 2882 gentes
3321 2821 3500 2867 autem

1930 2914 2091 2968 super
2115 2899 2486 2954 misericordia
2521 2900 2791 2953 honorare
2817 2900 2983 2955 Deum
3022 2901 3086 2956 ³³.
3131 2920 3148 2952 ι
3179 2901 3501 2958 Promissio-

1931 3005 2024 3043 nes
2061 2989 2307 3060 patrihus
2357 2989 2525 3044 factas
2571 2989 2636 3044 ad
2688 2988 2902 3046 Judazos
2943 2991 3216 3061 pertinere
3247 2995 3504 3062 praadieat

1935 3079 2151 3134 divinus
2205 3079 2421 3134 Paulus.
2471 3081 2537 3134 At
2586 3083 2862 3150 propheta:
2917 3083 3193 3138 Christum
3257 3086 3499 3152 gentium

1932 3169 2392 3238 exspectationem
2420 3171 2554 3237 fore,
2585 3171 2696 3240 jam
2725 3171 2926 3225 dudum
2957 3183 3082 3226 ante
3104 3175 3491 3240 praedixerant.

1929 3263 2116 3332 Itaque
2145 3263 2404 3319 Dominus
2435 3273 2620 3318 noster
2652 3262 2814 3318 Jesus
2840 3262 3091 3318 Christus
3121 3263 3301 3319 Patris
3343 3265 3496 3319 nutui

1927 3369 2048 3409 sese
2070 3353 2436 3420 conformans,
2462 3353 2918 3419 circumcisionis,
2938 3354 3040 3409 hoe
3063 3363 3166 3421 est,
3193 3337 3498 3408 Judaeorum

1931 3440 2176 3494 minister
2211 3441 2382 3494 factus
2411 3452 2515 3504 εει,
2547 3442 2614 3494 ad
2642 3443 3056 3510 promissionum
3091 3458 3232 3512 quae.
3259 3443 3500 3512 patrihus

1929 3529 2085 3584 iactae
2121 3529 2336 3584 fuerant
2368 3533 2892 3588 corroborationem.
2932 3533 3149 3588 Dictum
3207 3537 3350 3590 enim
3385 3535 3500 3590 fue-

1932 3629 2052 3674 rat:
2101 3639 2120 3670 ι
2157 3619 2347 3674 Justus
2397 3635 2462 3675 ex
2506 3623 2608 3675 ﬁde
2645 3624 2790 3677 vivet
2813 3625 2860 3658 “
2894 3640 2907 3676 :
2945 3641 2964 3676 ι
3013 3627 3266 3694 gentibus
3317 3639 3496 3680 autem

1931 3711 2141 3764 vivilica
2189 3721 2243 3766 et
2273 3711 2540 3780 spiritalis
2569 3713 2896 3778 benedictio,
2927 3725 2985 3768 ut
3013 3727 3068 3770 et
3106 3717 3236 3784 ipsa:
3283 3733 3499 3786 quoque

1929 3817 2026 3870 per
2084 3802 2239 3856 Iidem
2291 3813 2520 3866 vocatae,
2579 3819 2642 3858 ac
2690 3805 3122 3859 misericordiam
3173 3820 3498 3872 consecutus,

1931 3892 2096 3945 Deum
2133 3891 2457 3962 gloriﬁcent.
2497 3891 2984 3951 Verumenimvero
3028 3897 3154 3950 licet
3199 3899 3498 3952 secundum

1929 3983 2220 4036 humanam
2271 3993 2522 4037 naturam
2576 3982 2750 4038 factus
2808 3985 2880 4040 sit
2935 3985 3202 4052 minister,
3259 3997 3496 4042 attamen

1930 4083 2036 4128 tam
2080 4074 2144 4127 iis
2177 4073 2266 4144 qui
2302 4087 2369 4129 ex
2419 4074 2840 4130 circumcisione
2884 4085 3028 4142 sunt,
3081 4091 3242 4146 quam
3288 4081 3500 4134 caeteris

1927 4179 2140 4234 quoque
2201 4165 2292 4234 qui
2369 4180 2436 4220 ex
2491 4166 2759 4234 gentibus,
2804 4167 3161 4222 annuntiatur
3220 4178 3278 4224 ut
3335 4169 3494 4226 Deus.

1932 4255 2154 4324 Utrique
2182 4256 2325 4310 enim
2359 4257 2412 4310 in
2460 4255 2736 4312 Christum
2771 4273 2877 4313 non
2906 4268 3158 4329 tanquam
3185 4263 3240 4315 in
3277 4277 3496 4331 purum,

258 4342 479 4410 σαρκὸς,
499 4344 664 4414 ἤγουν
691 4345 1126 4418 ἀνθρωπότητος,
1143 4347 1234 4400 τὸν
1254 4349 1318 4401 ἐκ
1341 4348 1476 4402 Θεοῦ
1501 4349 1670 4416 Λόγον
1691 4350 1822 4418 ὁμου

1938 4356 2238 4416 nostraeque
2269 4348 2433 4402 sortis
2461 4349 2758 4414 hominem,
2793 4351 2887 4404 sed
2921 4360 3175 4420 tanquam
3227 4353 3280 4406 in
3329 4353 3495 4408 Demn

257 4431 533 4500 λογοῦντες
569 4436 856 4506 ὑπάρχειν,
893 4439 1311 4510 σεσαρκωμένον
1334 4439 1391 4492 δὲ
1423 4439 1514 4492 καὶ
1551 4438 1822 4510 ἐνανορω-

255 4524 500 4595 ⁸πήσαντοι
528 4529 954 4597 προσκυνοῦντες
979 4531 1160 4584 αὐτόν.

327 4789 452 4845 KA'.
493 4811 510 4842 ι
547 4793 620 4844 Τὸ
648 4795 756 4862 γάρ
790 4811 872 4846 τοι
900 4793 1050 4864 ῥῆμα
1075 4789 1172 4862 τῆς
1202 4793 1456 4859 πίστεως,
1482 4793 1510 4846 ὃ
1551 4795 1820 4864 κηρύσσο-

261 4899 378 4952 μεν,
421 4881 696 4953 διατρανοϊ
725 4885 898 4952 λέγων
934 4887 964 4938 ό
995 4885 1260 4954 μακάριος
1301 4885 1532 4950 Παῦλος,
1565 4887 1692 4940 Ὀτι
1724 4887 1818 4940 ἐὰν

261 4976 418 5044 εἴπης
455 4977 512 5028 ἐν
545 4975 622 5044 τῷ
657 4977 884 5046 στόματί
932 4995 1046 5040 σου,
1083 4971 1284 5044 Κύριος
1335 4976 1562 5047 Ἰησοῦς,
1605 4980 1700 5032 καὶ
1728 4997 1818 5032 πι-

264 5066 487 5136 στεύσῃς
527 5069 584 5120 ἐν
614 5069 680 5138 τῇ
721 5067 918 5138 καρδίᾳ
943 5086 1058 5134 σου,
1089 5070 1170 5122 ὃτι
1193 5071 1219 5122 6
1247 5069 1377 5130 Θεὸς
1405 5069 1567 5123 αὑτὸν
1599 5070 1820 5140 ῆγειρεν

260 5159 320 5209 ἐκ
349 5159 574 5228 νεκρῶν,
603 5159 842 5231 σωθήσῃ.
881 5179 899 5210 ι
933 5158 1064 5214 Εἶτα
1090 5161 1205 5224 πῶς
1234 5160 1298 5212 ἂν
1323 5161 1386 5213 ἐκ
1415 5161 1626 5232 νεκρῶν
1659 5165 1817 5231 ἐγερ-

327 5294 370 5378 3:
413 5293 564 5385 litim.
603 5311 722 5362 vm,
750 5297 800 5350 7.
913 5299 951 5328 ³⁸
987 5297 1157 5353 Colat.
1190 5312 1264 5361 tv,
1304 5298 1359 5352 4.

260 5379 310 5426 λ,
341 5364 392 5426 7,
437 5369 486 5416 ts.

1467 5297 1552 5352 ⁸⁸1
1587 5296 1732 5353 Petr.
1761 5313 1820 5360 ιι,
1851 5295 1939 5349 2'2.
2019 5295 2065 5327 ³³
2094 5294 2248 5350 Rom.
2292 5312 2380 5362 xv,
2437 5300 2488 5364 8,
2523 5302 2574 5356 9.

1929 4439 2249 4504 credentes;
2298 4453 2471 4508 neque
2519 4439 2610 4492 Dei
2657 4440 2886 4495 Verbqu
2921 4452 3074 4496 extra
3098 4457 3340 4508 carnem,
3396 4446 3498 4500 hoc

1929 4537 2012 4582 est
2068 4529 2361 4582 humanam
2409 4538 2682 4595 naturam,
2734 4531 2968 4599 positmu
3021 4535 3370 4602 proﬁtentes,
3402 4539 3496 4590 sed

1931 4619 2287 4684 iucaruatum,
2347 4635 2582 4690 vereque
2636 4622 2908 4676 hominem
2950 4622 3155 4680 factum
3181 4627 3492 4692 adorantes,

1927 4709 2102 4763 vocati
2141 4719 2268 4766 sunt
2295 4712 2362 4766 ad
2387 4713 2574 4766 vitam.

1998 4799 2185 4854 XXIV.
2225 4819 2243 4850 ι
2285 4800 2514 4855 Verbum
2549 4813 2726 4858 autem
2777 4803 2900 4860 ﬁdei
2951 4807 3093 4876 quod
3137 4810 3494 4877 praedicamus

1928 4890 2229 4961 (inquiebat
2254 4893 2585 4962 Apostolus),
2625 4895 2725 4948 hoc
2761 4905 2842 4951 est
2873 4914 2886 4950 :
2931 4896 3064 4964 Quia
3101 4901 3144 4953 si
3184 4902 3494 4956 conﬁtearis

1926 4981 1979 5034 in
1996 4994 2090 5035 ore
2111 4990 2202 5035 tuo
2225 4982 2505 5036 Dominum
2523 4986 2728 5050 Jesum,
2751 4997 2804 5040 et
2823 4987 2876 5040 iu
2901 4991 3062 5042 corde
3081 4999 3174 5043 tuo
3197 4992 3490 5044 credideris

1924 5073 2064 5138 quod
2085 5071 2223 5126 Deus
2250 5071 2393 5125 illum
2423 5074 2746 5130 suscitavita
2765 5079 3012 5143 mortuis,
3037 5079 3215 5134 salvus
3245 5080 3352 5134 eris
3372 5079 3437 5131 ³³.
3466 5100 3484 5131 ι

1920 5159 2036 5214 Jam
2076 5175 2199 5216 cum
2240 5159 2379 5216 Deus
2413 5174 2598 5233 suapte
2627 5175 2814 5220 natura
2840 5168 2909 5222 sit
2947 5168 3283 5231 immortalis,
3345 5169 3490 5223 siin-

2693 5302 2735 5333 ³’⁸
2769 5301 2927 5356 Πι·Ι)Ι¹.
2978 5319 3028 5364 x,
3085 5304 3170 5359 53.
3253 5305 3294 5336 ³⁵
3329 5306 3488 5366 limo.

1347 5482 1516 5538 Varia:
1545 5481 1802 5552 lectiones
1827 5480 2031 5538 codicis
2057 5481 2409 5554 Srguictiuui.

261 5613 282 5640 ε
316 5601 510 5674 ἄθλοις,
545 5606 576 5672 ἧ
610 5607 836 5674 στολαῖς-
916 5609 938 5650 δ
973 5613 1454 5687 στεφα’²⁹⁰μὲνην’·
