  <div class='ocr_page' id='page_1' title='image "/cluster/home/n/w/nwhite01/storage/ocr_20150623/76/mdp.39015013094878/709.png"; bbox 0 0 3942 6128; ppageno 0'>
   <div class='ocr_carea' id='block_1_1' title="bbox 465 276 604 333">
    <p class='ocr_par' dir='ltr' id='par_1_1' title="bbox 465 276 604 333">
     <span class='ocr_line' id='line_1_1' title="bbox 465 276 604 333; baseline -0.014 0"><span class='ocrx_word' id='word_1_1' title='bbox 465 276 604 333; x_wconf 75' lang='lat' dir='ltr'><strong>I367</strong></span> 
     </span>
    </p>
   </div>
   <div class='ocr_carea' id='block_1_2' title="bbox 1478 274 2699 336">
    <p class='ocr_par' dir='ltr' id='par_1_2' title="bbox 1478 274 2699 336">
     <span class='ocr_line' id='line_1_2' title="bbox 1478 274 2699 336; baseline 0.002 -3"><span class='ocrx_word' id='word_1_2' title='bbox 1478 277 1536 334; x_wconf 91' lang='lat' dir='ltr'><strong>S.</strong></span> <span class='ocrx_word' id='word_1_3' title='bbox 1561 274 1837 336; x_wconf 75' lang='lat' dir='ltr'><strong>CYRlLlJ</strong></span> <span class='ocrx_word' id='word_1_4' title='bbox 1873 274 2339 332; x_wconf 79' lang='lat' dir='ltr'><strong>ALEXANDRINI</strong></span> <span class='ocrx_word' id='word_1_5' title='bbox 2380 277 2699 335; x_wconf 76' lang='lat' dir='ltr'><strong>ARCHIEP.</strong></span> 
     </span>
    </p>
   </div>
   <div class='ocr_carea' id='block_1_3' title="bbox 3589 282 3740 337">
    <p class='ocr_par' dir='ltr' id='par_1_3' title="bbox 3589 282 3740 337">
     <span class='ocr_line' id='line_1_3' title="bbox 3589 282 3740 337; baseline 0.013 -2"><span class='ocrx_word' id='word_1_6' title='bbox 3589 282 3740 337; x_wconf 78' lang='grc'><strong>1368</strong></span> 
     </span>
    </p>
   </div>
   <div class='ocr_carea' id='block_1_4' title="bbox 461 376 2031 468">
    <p class='ocr_par' dir='ltr' id='par_1_4' title="bbox 461 376 2031 468">
     <span class='ocr_line' id='line_1_4' title="bbox 461 376 2031 468; baseline 0 -18"><span class='ocrx_word' id='word_1_7' title='bbox 461 380 797 451; x_wconf 85' lang='lat' dir='ltr'><strong>earnationis</strong></span> <span class='ocrx_word' id='word_1_8' title='bbox 813 391 1118 451; x_wconf 74' lang='lat' dir='ltr'><strong>doctrinam</strong></span> <span class='ocrx_word' id='word_1_9' title='bbox 1142 410 1246 451; x_wconf 90' lang='lat' dir='ltr'><strong>non</strong></span> <span class='ocrx_word' id='word_1_10' title='bbox 1264 393 1617 462; x_wconf 71' lang='lat' dir='ltr'><strong>admittimus,</strong></span> <span class='ocrx_word' id='word_1_11' title='bbox 1650 376 1808 468; x_wconf 63' lang='lat'><strong>157</strong></span> <span class='ocrx_word' id='word_1_12' title='bbox 1822 409 2031 464; x_wconf 89' lang='lat' dir='ltr'><strong>corpus-</strong></span> 
     </span>
    </p>
   </div>
   <div class='ocr_carea' id='block_1_5' title="bbox 2137 376 3741 468">
    <p class='ocr_par' dir='ltr' id='par_1_5' title="bbox 2147 392 3741 465">
     <span class='ocr_line' id='line_1_5' title="bbox 2147 392 3741 465; baseline 0.004 -21"><span class='ocrx_word' id='word_1_13' title='bbox 2147 392 2305 463; x_wconf 82' lang='grc' dir='ltr'>θῆναι</span> <span class='ocrx_word' id='word_1_14' title='bbox 2358 392 2589 463; x_wconf 78' lang='grc' dir='ltr'><strong>λέγοιτο,</strong></span> <span class='ocrx_word' id='word_1_15' title='bbox 2639 393 2818 448; x_wconf 86' lang='grc' dir='ltr'>καίτοι</span> <span class='ocrx_word' id='word_1_16' title='bbox 2865 394 2962 465; x_wconf 77' lang='grc' dir='ltr'><strong>τὴν</strong></span> <span class='ocrx_word' id='word_1_17' title='bbox 3009 395 3172 464; x_wconf 78' lang='grc' dir='ltr'>φύσιν</span> <span class='ocrx_word' id='word_1_18' title='bbox 3216 395 3489 459; x_wconf 85' lang='grc' dir='ltr'>ἀθάνατος</span> <span class='ocrx_word' id='word_1_19' title='bbox 3536 396 3618 451; x_wconf 81' lang='grc' dir='ltr'>ὣν</span> <span class='ocrx_word' id='word_1_20' title='bbox 3661 398 3741 460; x_wconf 78' lang='grc' dir='ltr'>ὡς</span> 
     </span>
    </p>
   </div>
   <div class='ocr_carea' id='block_1_6' title="bbox 462 472 2008 555">
    <p class='ocr_par' dir='ltr' id='par_1_6' title="bbox 462 472 2008 555">
     <span class='ocr_line' id='line_1_6' title="bbox 462 472 2008 555; baseline -0.001 -15"><span class='ocrx_word' id='word_1_21' title='bbox 462 485 724 555; x_wconf 87' lang='lat' dir='ltr'><strong>quequod</strong></span> <span class='ocrx_word' id='word_1_22' title='bbox 754 484 889 541; x_wconf 92' lang='lat' dir='ltr'><strong>mori</strong></span> <span class='ocrx_word' id='word_1_23' title='bbox 928 474 1129 554; x_wconf 86' lang='lat' dir='ltr'><strong>pesset,</strong></span> <span class='ocrx_word' id='word_1_24' title='bbox 1154 472 1255 539; x_wconf 85' lang='lat' dir='ltr'><strong>sibi</strong></span> <span class='ocrx_word' id='word_1_25' title='bbox 1285 484 1560 555; x_wconf 89' lang='lat' dir='ltr'><strong>proprium</strong></span> <span class='ocrx_word' id='word_1_26' title='bbox 1597 485 1791 541; x_wconf 81' lang='lat' dir='ltr'><strong>fecisse</strong></span> <span class='ocrx_word' id='word_1_27' title='bbox 1829 484 2008 539; x_wconf 85' lang='lat' dir='ltr'><strong>inlicia</strong></span> 
     </span>
    </p>
   </div>
   <div class='ocr_carea' id='block_1_7' title="bbox 462 576 2040 647">
    <p class='ocr_par' dir='ltr' id='par_1_7' title="bbox 462 576 2040 647">
     <span class='ocr_line' id='line_1_7' title="bbox 462 576 2040 647; baseline 0.001 -16"><span class='ocrx_word' id='word_1_28' title='bbox 462 592 603 644; x_wconf 91' lang='lat' dir='ltr'><strong>mur,</strong></span> <span class='ocrx_word' id='word_1_29' title='bbox 629 576 901 647; x_wconf 88' lang='lat' dir='ltr'><strong>quomodo</strong></span> <span class='ocrx_word' id='word_1_30' title='bbox 931 589 997 631; x_wconf 79' lang='lat' dir='ltr'><strong>ex</strong></span> <span class='ocrx_word' id='word_1_31' title='bbox 1029 576 1259 631; x_wconf 77' lang='lat' dir='ltr'><strong>mortuis</strong></span> <span class='ocrx_word' id='word_1_32' title='bbox 1298 576 1660 631; x_wconf 80' lang='lat' dir='ltr'><strong>rcsurrexisse</strong></span> <span class='ocrx_word' id='word_1_33' title='bbox 1683 586 1832 632; x_wconf 71' lang='lat' dir='ltr'><strong>recte</strong></span> <span class='ocrx_word' id='word_1_34' title='bbox 1856 578 2040 633; x_wconf 87' lang='lat' dir='ltr'><strong>dicere</strong></span> 
     </span>
    </p>
   </div>
   <div class='ocr_carea' id='block_1_8' title="bbox 460 670 2042 741">
    <p class='ocr_par' dir='ltr' id='par_1_8' title="bbox 460 670 2042 741">
     <span class='ocr_line' id='line_1_8' title="bbox 460 670 2042 741; baseline -0.001 -13"><span class='ocrx_word' id='word_1_35' title='bbox 460 673 787 741; x_wconf 85' lang='lat' dir='ltr'><strong>poterimus?</strong></span> <span class='ocrx_word' id='word_1_36' title='bbox 803 670 860 725; x_wconf 87' lang='lat' dir='ltr'><strong>In</strong></span> <span class='ocrx_word' id='word_1_37' title='bbox 879 671 1117 727; x_wconf 87' lang='lat' dir='ltr'><strong>humano</strong></span> <span class='ocrx_word' id='word_1_38' title='bbox 1137 672 1319 741; x_wconf 87' lang='lat' dir='ltr'><strong>itaque</strong></span> <span class='ocrx_word' id='word_1_39' title='bbox 1337 686 1567 741; x_wconf 88' lang='lat' dir='ltr'><strong>corpore</strong></span> <span class='ocrx_word' id='word_1_40' title='bbox 1580 672 1720 741; x_wconf 86' lang='lat' dir='ltr'><strong>quod</strong></span> <span class='ocrx_word' id='word_1_41' title='bbox 1736 687 2042 741; x_wconf 80' lang='lat' dir='ltr'><strong>assumpse-</strong></span> 
     </span>
    </p>
   </div>
   <div class='ocr_carea' id='block_1_9' title="bbox 464 763 2035 836">
    <p class='ocr_par' dir='ltr' id='par_1_9' title="bbox 464 763 2035 836">
     <span class='ocr_line' id='line_1_9' title="bbox 464 763 2035 836; baseline 0.001 -19"><span class='ocrx_word' id='word_1_42' title='bbox 464 774 807 831; x_wconf 84' lang='lat' dir='ltr'><strong>rat,mortem</strong></span> <span class='ocrx_word' id='word_1_43' title='bbox 831 764 1112 818; x_wconf 89' lang='lat' dir='ltr'><strong>sustinuit:</strong></span> <span class='ocrx_word' id='word_1_44' title='bbox 1131 763 1309 818; x_wconf 86' lang='lat' dir='ltr'><strong>divina</strong></span> <span class='ocrx_word' id='word_1_45' title='bbox 1334 773 1514 820; x_wconf 87' lang='lat' dir='ltr'><strong>autem</strong></span> <span class='ocrx_word' id='word_1_46' title='bbox 1534 765 1758 829; x_wconf 89' lang='lat' dir='ltr'><strong>virtute,</strong></span> <span class='ocrx_word' id='word_1_47' title='bbox 1782 774 2035 836; x_wconf 89' lang='lat' dir='ltr'><strong>tanquam</strong></span> 
     </span>
    </p>
   </div>
   <div class='ocr_carea' id='block_1_10' title="bbox 461 854 2033 927">
    <p class='ocr_par' dir='ltr' id='par_1_10' title="bbox 461 854 2033 927">
     <span class='ocr_line' id='line_1_10' title="bbox 461 854 2033 927; baseline 0.003 -18"><span class='ocrx_word' id='word_1_48' title='bbox 461 857 573 910; x_wconf 77' lang='lat' dir='ltr'><strong>vita</strong></span> <span class='ocrx_word' id='word_1_49' title='bbox 601 865 657 910; x_wconf 91' lang='lat' dir='ltr'><strong>et</strong></span> <span class='ocrx_word' id='word_1_50' title='bbox 686 854 1022 927; x_wconf 89' lang='lat' dir='ltr'><strong>incorruptio</strong></span> <span class='ocrx_word' id='word_1_51' title='bbox 1040 855 1331 923; x_wconf 81' lang='lat' dir='ltr'><strong>exsistens,</strong></span> <span class='ocrx_word' id='word_1_52' title='bbox 1362 871 1425 911; x_wconf 76' lang='lat' dir='ltr'><strong>ex</strong></span> <span class='ocrx_word' id='word_1_53' title='bbox 1450 858 1682 912; x_wconf 89' lang='lat' dir='ltr'><strong>mortuis</strong></span> <span class='ocrx_word' id='word_1_54' title='bbox 1714 861 2033 913; x_wconf 83' lang='lat' dir='ltr'><strong>resurrexit.</strong></span> 
     </span>
    </p>
   </div>
   <div class='ocr_carea' id='block_1_11' title="bbox 535 946 2034 1006">
    <p class='ocr_par' dir='ltr' id='par_1_11' title="bbox 535 946 2034 1006">
     <span class='ocr_line' id='line_1_11' title="bbox 535 946 2034 1006; baseline 0.001 -5"><span class='ocrx_word' id='word_1_55' title='bbox 535 946 697 1002; x_wconf 81' lang='lat' dir='ltr'><strong>XXV.</strong></span> <span class='ocrx_word' id='word_1_56' title='bbox 740 966 759 1000; x_wconf 77' lang='grc' dir='ltr'><strong>ι</strong></span> <span class='ocrx_word' id='word_1_57' title='bbox 796 946 931 1002; x_wconf 83' lang='lat' dir='ltr'><strong>Nam</strong></span> <span class='ocrx_word' id='word_1_58' title='bbox 963 962 1113 1001; x_wconf 89' lang='lat' dir='ltr'><strong>arma</strong></span> <span class='ocrx_word' id='word_1_59' title='bbox 1150 947 1355 1003; x_wconf 67' lang='lat' dir='ltr'><strong>militiae</strong></span> <span class='ocrx_word' id='word_1_60' title='bbox 1396 956 1594 1003; x_wconf 75' lang='lat' dir='ltr'><strong>nostra:</strong></span> <span class='ocrx_word' id='word_1_61' title='bbox 1637 965 1742 1006; x_wconf 91' lang='lat' dir='ltr'><strong>non</strong></span> <span class='ocrx_word' id='word_1_62' title='bbox 1791 950 2034 1005; x_wconf 83' lang='lat' dir='ltr'><strong>carnalia</strong></span> 
     </span>
    </p>
   </div>
   <div class='ocr_carea' id='block_1_12' title="bbox 459 1039 2035 1108">
    <p class='ocr_par' dir='ltr' id='par_1_12' title="bbox 459 1039 2035 1108">
     <span class='ocr_line' id='line_1_12' title="bbox 459 1039 2035 1108; baseline 0.001 -13"><span class='ocrx_word' id='word_1_63' title='bbox 459 1047 608 1106; x_wconf 77' lang='lat' dir='ltr'><strong>sinit,</strong></span> <span class='ocrx_word' id='word_1_64' title='bbox 633 1039 727 1095; x_wconf 88' lang='lat' dir='ltr'><strong>sed</strong></span> <span class='ocrx_word' id='word_1_65' title='bbox 758 1040 996 1108; x_wconf 89' lang='lat' dir='ltr'><strong>potentia</strong></span> <span class='ocrx_word' id='word_1_66' title='bbox 1050 1040 1185 1104; x_wconf 91' lang='lat' dir='ltr'><strong>Deo,</strong></span> <span class='ocrx_word' id='word_1_67' title='bbox 1215 1040 1282 1094; x_wconf 92' lang='lat' dir='ltr'><strong>ad</strong></span> <span class='ocrx_word' id='word_1_68' title='bbox 1324 1040 1752 1096; x_wconf 86' lang='lat' dir='ltr'><strong>destructionem</strong></span> <span class='ocrx_word' id='word_1_69' title='bbox 1775 1043 2035 1097; x_wconf 90' lang='lat' dir='ltr'><strong>munitio-</strong></span> 
     </span>
    </p>
   </div>
   <div class='ocr_carea' id='block_1_13' title="bbox 460 1128 2034 1195">
    <p class='ocr_par' dir='ltr' id='par_1_13' title="bbox 460 1128 2034 1195">
     <span class='ocr_line' id='line_1_13' title="bbox 460 1128 2034 1195; baseline 0.003 -11"><span class='ocrx_word' id='word_1_70' title='bbox 460 1145 610 1194; x_wconf 90' lang='lat' dir='ltr'><strong>num,</strong></span> <span class='ocrx_word' id='word_1_71' title='bbox 656 1128 885 1185; x_wconf 86' lang='lat' dir='ltr'><strong>consilia</strong></span> <span class='ocrx_word' id='word_1_72' title='bbox 932 1140 1266 1195; x_wconf 85' lang='lat' dir='ltr'><strong>evertentes,</strong></span> <span class='ocrx_word' id='word_1_73' title='bbox 1316 1140 1370 1186; x_wconf 89' lang='lat' dir='ltr'><strong>et</strong></span> <span class='ocrx_word' id='word_1_74' title='bbox 1422 1146 1639 1187; x_wconf 90' lang='lat' dir='ltr'><strong>omnem</strong></span> <span class='ocrx_word' id='word_1_75' title='bbox 1690 1132 2034 1188; x_wconf 85' lang='lat' dir='ltr'><strong>altitudinem</strong></span> 
     </span>
    </p>
   </div>
   <div class='ocr_carea' id='block_1_14' title="bbox 458 1220 2035 1295">
    <p class='ocr_par' dir='ltr' id='par_1_14' title="bbox 458 1220 2035 1295">
     <span class='ocr_line' id='line_1_14' title="bbox 458 1220 2035 1295; baseline 0.004 -23"><span class='ocrx_word' id='word_1_76' title='bbox 458 1220 808 1276; x_wconf 80' lang='lat' dir='ltr'><strong>extollentem</strong></span> <span class='ocrx_word' id='word_1_77' title='bbox 848 1236 908 1276; x_wconf 91' lang='lat' dir='ltr'><strong>se</strong></span> <span class='ocrx_word' id='word_1_78' title='bbox 939 1222 1205 1277; x_wconf 87' lang='lat' dir='ltr'><strong>adversus</strong></span> <span class='ocrx_word' id='word_1_79' title='bbox 1227 1224 1590 1289; x_wconf 81' lang='lat' dir='ltr'><strong>cognitionem</strong></span> <span class='ocrx_word' id='word_1_80' title='bbox 1624 1225 1750 1290; x_wconf 88' lang='lat' dir='ltr'><strong>Dei;</strong></span> <span class='ocrx_word' id='word_1_81' title='bbox 1775 1234 1831 1280; x_wconf 88' lang='lat' dir='ltr'><strong>et</strong></span> <span class='ocrx_word' id='word_1_82' title='bbox 1862 1225 2035 1295; x_wconf 86' lang='lat' dir='ltr'><strong>capti-</strong></span> 
     </span>
    </p>
   </div>
   <div class='ocr_carea' id='block_1_15' title="bbox 457 1312 2033 1374">
    <p class='ocr_par' dir='ltr' id='par_1_15' title="bbox 457 1312 2033 1374">
     <span class='ocr_line' id='line_1_15' title="bbox 457 1312 2033 1374; baseline 0.006 -11"><span class='ocrx_word' id='word_1_83' title='bbox 457 1320 649 1367; x_wconf 82' lang='lat' dir='ltr'><strong>vantes</strong></span> <span class='ocrx_word' id='word_1_84' title='bbox 696 1326 912 1367; x_wconf 85' lang='lat' dir='ltr'><strong>onmem</strong></span> <span class='ocrx_word' id='word_1_85' title='bbox 966 1312 1300 1368; x_wconf 90' lang='lat' dir='ltr'><strong>intellectum</strong></span> <span class='ocrx_word' id='word_1_86' title='bbox 1347 1314 1401 1368; x_wconf 92' lang='lat' dir='ltr'><strong>in</strong></span> <span class='ocrx_word' id='word_1_87' title='bbox 1455 1314 1819 1371; x_wconf 77' lang='lat' dir='ltr'><strong>obedientimu</strong></span> <span class='ocrx_word' id='word_1_88' title='bbox 1870 1316 2033 1374; x_wconf 83' lang='lat' dir='ltr'><strong>Chri-</strong></span> 
     </span>
    </p>
   </div>
   <div class='ocr_carea' id='block_1_16' title="bbox 459 1400 2083 1475">
    <p class='ocr_par' dir='ltr' id='par_1_16' title="bbox 459 1400 2083 1475">
     <span class='ocr_line' id='line_1_16' title="bbox 459 1400 2083 1475; baseline 0.004 -20"><span class='ocrx_word' id='word_1_89' title='bbox 459 1401 530 1455; x_wconf 90' lang='lat' dir='ltr'><strong>sti</strong></span> <span class='ocrx_word' id='word_1_90' title='bbox 558 1400 624 1456; x_wconf 86' lang='grc'><strong>³⁸.</strong></span> <span class='ocrx_word' id='word_1_91' title='bbox 666 1419 686 1455; x_wconf 74' lang='grc' dir='ltr'><strong>ι</strong></span> <span class='ocrx_word' id='word_1_92' title='bbox 722 1400 928 1456; x_wconf 88' lang='lat' dir='ltr'><strong>Bellum</strong></span> <span class='ocrx_word' id='word_1_93' title='bbox 956 1404 1099 1472; x_wconf 92' lang='lat' dir='ltr'><strong>quod</strong></span> <span class='ocrx_word' id='word_1_94' title='bbox 1142 1405 1319 1459; x_wconf 83' lang='lat' dir='ltr'><strong>sancti</strong></span> <span class='ocrx_word' id='word_1_95' title='bbox 1368 1417 1585 1475; x_wconf 77' lang='lat' dir='ltr'><strong>gerunt,</strong></span> <span class='ocrx_word' id='word_1_96' title='bbox 1634 1422 1742 1461; x_wconf 89' lang='lat' dir='ltr'><strong>non</strong></span> <span class='ocrx_word' id='word_1_97' title='bbox 1771 1417 1854 1464; x_wconf 90' lang='lat' dir='ltr'><strong>est</strong></span> <span class='ocrx_word' id='word_1_98' title='bbox 1883 1423 2034 1463; x_wconf 86' lang='lat' dir='ltr'><strong>cras-</strong></span> <span class='ocrx_word' id='word_1_99' title='bbox 2080 1436 2083 1441; x_wconf 95' lang='lat'><strong><em>-</em></strong></span> 
     </span>
    </p>
   </div>
   <div class='ocr_carea' id='block_1_17' title="bbox 459 1496 2031 1571">
    <p class='ocr_par' dir='ltr' id='par_1_17' title="bbox 459 1496 2031 1571">
     <span class='ocr_line' id='line_1_17' title="bbox 459 1496 2031 1571; baseline 0.003 -21"><span class='ocrx_word' id='word_1_100' title='bbox 459 1508 579 1550; x_wconf 88' lang='lat' dir='ltr'><strong>sum</strong></span> <span class='ocrx_word' id='word_1_101' title='bbox 624 1503 719 1550; x_wconf 87' lang='lat' dir='ltr'><strong>aut</strong></span> <span class='ocrx_word' id='word_1_102' title='bbox 771 1496 1056 1565; x_wconf 84' lang='lat' dir='ltr'><strong>corporale</strong></span> <span class='ocrx_word' id='word_1_103' title='bbox 1087 1538 1103 1565; x_wconf 93' lang='lat'><strong>,</strong></span> <span class='ocrx_word' id='word_1_104' title='bbox 1149 1499 1243 1553; x_wconf 87' lang='lat' dir='ltr'><strong>sed</strong></span> <span class='ocrx_word' id='word_1_105' title='bbox 1288 1498 1487 1553; x_wconf 86' lang='lat' dir='ltr'><strong>subtile</strong></span> <span class='ocrx_word' id='word_1_106' title='bbox 1540 1508 1594 1555; x_wconf 92' lang='lat' dir='ltr'><strong>et</strong></span> <span class='ocrx_word' id='word_1_107' title='bbox 1648 1500 1911 1571; x_wconf 86' lang='lat' dir='ltr'><strong>spiritale.</strong></span> <span class='ocrx_word' id='word_1_108' title='bbox 1953 1499 2031 1554; x_wconf 88' lang='lat' dir='ltr'><strong>illi</strong></span> 
     </span>
    </p>
   </div>
   <div class='ocr_carea' id='block_1_18' title="bbox 458 1587 2033 1665">
    <p class='ocr_par' dir='ltr' id='par_1_18' title="bbox 458 1587 2033 1665">
     <span class='ocr_line' id='line_1_18' title="bbox 458 1587 2033 1665; baseline 0.004 -23"><span class='ocrx_word' id='word_1_109' title='bbox 458 1587 603 1642; x_wconf 86' lang='lat' dir='ltr'><strong>enim</strong></span> <span class='ocrx_word' id='word_1_110' title='bbox 649 1590 1021 1645; x_wconf 83' lang='lat' dir='ltr'><strong>commendari</strong></span> <span class='ocrx_word' id='word_1_111' title='bbox 1081 1589 1259 1645; x_wconf 88' lang='lat' dir='ltr'><strong>solent</strong></span> <span class='ocrx_word' id='word_1_112' title='bbox 1309 1605 1373 1646; x_wconf 87' lang='lat' dir='ltr'><strong>ac</strong></span> <span class='ocrx_word' id='word_1_113' title='bbox 1427 1592 1712 1660; x_wconf 77' lang='lat' dir='ltr'><strong>celebrari,</strong></span> <span class='ocrx_word' id='word_1_114' title='bbox 1749 1610 1853 1650; x_wconf 92' lang='lat' dir='ltr'><strong>non</strong></span> <span class='ocrx_word' id='word_1_115' title='bbox 1905 1596 2033 1665; x_wconf 88' lang='lat' dir='ltr'><strong>quia</strong></span> 
     </span>
    </p>
   </div>
   <div class='ocr_carea' id='block_1_19' title="bbox 457 1678 2031 1755">
    <p class='ocr_par' dir='ltr' id='par_1_19' title="bbox 457 1678 2031 1755">
     <span class='ocr_line' id='line_1_19' title="bbox 457 1678 2031 1755; baseline 0.005 -22"><span class='ocrx_word' id='word_1_116' title='bbox 457 1678 757 1747; x_wconf 86' lang='lat' dir='ltr'><strong>corporalia</strong></span> <span class='ocrx_word' id='word_1_117' title='bbox 785 1680 1001 1735; x_wconf 85' lang='lat' dir='ltr'><strong>vibrent</strong></span> <span class='ocrx_word' id='word_1_118' title='bbox 1030 1695 1203 1745; x_wconf 84' lang='lat' dir='ltr'><strong>arma,</strong></span> <span class='ocrx_word' id='word_1_119' title='bbox 1236 1692 1329 1737; x_wconf 92' lang='lat' dir='ltr'><strong>aut</strong></span> <span class='ocrx_word' id='word_1_120' title='bbox 1360 1682 1671 1739; x_wconf 65' lang='lat' dir='ltr'><strong>lanceam-um</strong></span> <span class='ocrx_word' id='word_1_121' title='bbox 1694 1686 2031 1755; x_wconf 86' lang='lat' dir='ltr'><strong>cuspidibus,</strong></span> 
     </span>
    </p>
   </div>
   <div class='ocr_carea' id='block_1_20' title="bbox 2139 482 3737 559">
    <p class='ocr_par' dir='ltr' id='par_1_20' title="bbox 2139 482 3737 559">
     <span class='ocr_line' id='line_1_20' title="bbox 2139 482 3737 559; baseline 0.003 -22"><span class='ocrx_word' id='word_1_122' title='bbox 2139 482 2290 551; x_wconf 74' lang='grc' dir='ltr'>Θεὸς,</span> <span class='ocrx_word' id='word_1_123' title='bbox 2328 485 2378 537; x_wconf 78' lang='grc' dir='ltr'><strong>εί</strong></span> <span class='ocrx_word' id='word_1_124' title='bbox 2408 484 2485 557; x_wconf 86' lang='grc' dir='ltr'>μὴ</span> <span class='ocrx_word' id='word_1_125' title='bbox 2519 485 2930 556; x_wconf 77' lang='grc' dir='ltr'>προεισδέξαιτό</span> <span class='ocrx_word' id='word_1_126' title='bbox 2949 503 3030 550; x_wconf 92' lang='grc' dir='ltr'><strong>τις</strong></span> <span class='ocrx_word' id='word_1_127' title='bbox 3059 487 3188 551; x_wconf 77' lang='grc' dir='ltr'>τοὺς</span> <span class='ocrx_word' id='word_1_128' title='bbox 3220 489 3356 559; x_wconf 61' lang='grc' dir='ltr'>περὶ</span> <span class='ocrx_word' id='word_1_129' title='bbox 3374 487 3737 559; x_wconf 82' lang='grc' dir='ltr'>ὲνανθρωπή-</span> 
     </span>
    </p>
   </div>
   <div class='ocr_carea' id='block_1_21' title="bbox 2139 576 3730 649">
    <p class='ocr_par' dir='ltr' id='par_1_21' title="bbox 2139 576 3730 649">
     <span class='ocr_line' id='line_1_21' title="bbox 2139 576 3730 649; baseline 0.001 -20"><span class='ocrx_word' id='word_1_130' title='bbox 2139 593 2277 640; x_wconf 89' lang='grc' dir='ltr'>σεως</span> <span class='ocrx_word' id='word_1_131' title='bbox 2315 576 2539 645; x_wconf 79' lang='grc' dir='ltr'><strong>λόγους,</strong></span> <span class='ocrx_word' id='word_1_132' title='bbox 2572 576 2848 649; x_wconf 90' lang='grc' dir='ltr'>διατεθείη</span> <span class='ocrx_word' id='word_1_133' title='bbox 2874 596 2955 645; x_wconf 88' lang='grc' dir='ltr'><strong>τε,</strong></span> <span class='ocrx_word' id='word_1_134' title='bbox 2990 579 3071 633; x_wconf 82' lang='grc' dir='ltr'>ὅτι</span> <span class='ocrx_word' id='word_1_135' title='bbox 3099 579 3164 632; x_wconf 75' lang='grc' dir='ltr'><strong>τὸ</strong></span> <span class='ocrx_word' id='word_1_136' title='bbox 3195 579 3448 648; x_wconf 78' lang='grc' dir='ltr'>πεφυκὸς</span> <span class='ocrx_word' id='word_1_137' title='bbox 3475 578 3730 649; x_wconf 78' lang='grc' dir='ltr'>ἀποθνή-</span> 
     </span>
    </p>
   </div>
   <div class='ocr_carea' id='block_1_22' title="bbox 2138 669 3734 743">
    <p class='ocr_par' dir='ltr' id='par_1_22' title="bbox 2138 669 3734 743">
     <span class='ocr_line' id='line_1_22' title="bbox 2138 669 3734 743; baseline 0.002 -20"><span class='ocrx_word' id='word_1_138' title='bbox 2138 683 2289 723; x_wconf 82' lang='grc' dir='ltr'>σκειν</span> <span class='ocrx_word' id='word_1_139' title='bbox 2337 669 2468 723; x_wconf 77' lang='grc' dir='ltr'>ἴδιον</span> <span class='ocrx_word' id='word_1_140' title='bbox 2511 671 2812 741; x_wconf 79' lang='grc' dir='ltr'>ἐποιήσατο</span> <span class='ocrx_word' id='word_1_141' title='bbox 2844 670 3041 742; x_wconf 85' lang='grc' dir='ltr'>σῶμα;</span> <span class='ocrx_word' id='word_1_142' title='bbox 3087 672 3200 726; x_wconf 71' lang='grc' dir='ltr'>Καὶ</span> <span class='ocrx_word' id='word_1_143' title='bbox 3237 672 3504 743; x_wconf 79' lang='grc' dir='ltr'>ὑπέμεινε</span> <span class='ocrx_word' id='word_1_144' title='bbox 3547 673 3653 741; x_wconf 78' lang='grc' dir='ltr'><strong>μὲν</strong></span> <span class='ocrx_word' id='word_1_145' title='bbox 3677 676 3734 726; x_wconf 80' lang='grc' dir='ltr'>ὲν</span> 
     </span>
    </p>
   </div>
   <div class='ocr_carea' id='block_1_23' title="bbox 2137 759 3733 833">
    <p class='ocr_par' dir='ltr' id='par_1_23' title="bbox 2137 759 3733 833">
     <span class='ocr_line' id='line_1_23' title="bbox 2137 759 3733 833; baseline 0.003 -21"><span class='ocrx_word' id='word_1_146' title='bbox 2137 759 2284 829; x_wconf 83' lang='grc' dir='ltr'>σύτῷ</span> <span class='ocrx_word' id='word_1_147' title='bbox 2306 759 2397 813; x_wconf 67' lang='grc' dir='ltr'>τὸν</span> <span class='ocrx_word' id='word_1_148' title='bbox 2424 759 2652 815; x_wconf 87' lang='grc' dir='ltr'>θάνατον</span> <span class='ocrx_word' id='word_1_149' title='bbox 2672 762 3046 833; x_wconf 78' lang='grc' dir='ltr'><strong>ἀνθρωπίνως,</strong></span> <span class='ocrx_word' id='word_1_150' title='bbox 3078 763 3281 819; x_wconf 82' lang='grc' dir='ltr'>ἀνεϐίω</span> <span class='ocrx_word' id='word_1_151' title='bbox 3310 762 3369 817; x_wconf 83' lang='grc' dir='ltr'>δὲ</span> <span class='ocrx_word' id='word_1_152' title='bbox 3398 762 3631 829; x_wconf 84' lang='grc' dir='ltr'>θεῖκῶς,</span> <span class='ocrx_word' id='word_1_153' title='bbox 3658 764 3733 827; x_wconf 78' lang='grc' dir='ltr'>ὡς</span> 
     </span>
    </p>
   </div>
   <div class='ocr_carea' id='block_1_24' title="bbox 2137 852 2701 925">
    <p class='ocr_par' dir='ltr' id='par_1_24' title="bbox 2137 852 2701 925">
     <span class='ocr_line' id='line_1_24' title="bbox 2137 852 2701 925; baseline 0.005 -20"><span class='ocrx_word' id='word_1_154' title='bbox 2137 852 2414 923; x_wconf 67' lang='grc' dir='ltr'>ἀρθαρσία</span> <span class='ocrx_word' id='word_1_155' title='bbox 2444 855 2539 908; x_wconf 75' lang='grc' dir='ltr'>καὶ</span> <span class='ocrx_word' id='word_1_156' title='bbox 2567 854 2701 925; x_wconf 79' lang='grc' dir='ltr'>ζωή.</span> 
     </span>
    </p>
   </div>
   <div class='ocr_carea' id='block_1_25' title="bbox 2210 944 3733 1020">
    <p class='ocr_par' dir='ltr' id='par_1_25' title="bbox 2210 944 3733 1020">
     <span class='ocr_line' id='line_1_25' title="bbox 2210 944 3733 1020; baseline 0.004 -24"><span class='ocrx_word' id='word_1_157' title='bbox 2210 944 2340 1000; x_wconf 83' lang='grc' dir='ltr'><strong>ΚΕ’.</strong></span> <span class='ocrx_word' id='word_1_158' title='bbox 2383 963 2401 996; x_wconf 75' lang='grc' dir='ltr'><strong>ι</strong></span> <span class='ocrx_word' id='word_1_159' title='bbox 2431 946 2513 999; x_wconf 85' lang='grc' dir='ltr'><strong>Τὰ</strong></span> <span class='ocrx_word' id='word_1_160' title='bbox 2555 946 2664 1017; x_wconf 88' lang='grc' dir='ltr'><strong>γάρ</strong></span> <span class='ocrx_word' id='word_1_161' title='bbox 2692 947 2834 1000; x_wconf 81' lang='grc' dir='ltr'>ὅπλα</span> <span class='ocrx_word' id='word_1_162' title='bbox 2861 947 2960 1018; x_wconf 86' lang='grc' dir='ltr'><strong>τῆς</strong></span> <span class='ocrx_word' id='word_1_163' title='bbox 2991 948 3281 1019; x_wconf 79' lang='grc' dir='ltr'><strong>στρατείας</strong></span> <span class='ocrx_word' id='word_1_164' title='bbox 3308 946 3470 1019; x_wconf 82' lang='grc' dir='ltr'>ἡμῶν</span> <span class='ocrx_word' id='word_1_165' title='bbox 3502 948 3565 1000; x_wconf 84' lang='grc' dir='ltr'><strong>οὐ</strong></span> <span class='ocrx_word' id='word_1_166' title='bbox 3596 965 3733 1020; x_wconf 79' lang='grc' dir='ltr'>σαρ-</span> 
     </span>
    </p>
   </div>
   <div class='ocr_carea' id='block_1_26' title="bbox 2137 1034 3733 1110">
    <p class='ocr_par' dir='ltr' id='par_1_26' title="bbox 2137 1034 3733 1110">
     <span class='ocr_line' id='line_1_26' title="bbox 2137 1034 3733 1110; baseline 0.003 -23"><span class='ocrx_word' id='word_1_167' title='bbox 2137 1034 2288 1096; x_wconf 86' lang='grc' dir='ltr'>κικὰ,</span> <span class='ocrx_word' id='word_1_168' title='bbox 2320 1034 2457 1089; x_wconf 82' lang='grc' dir='ltr'><strong>ἀλλά</strong></span> <span class='ocrx_word' id='word_1_169' title='bbox 2494 1035 2697 1091; x_wconf 85' lang='grc' dir='ltr'>δυνατά</span> <span class='ocrx_word' id='word_1_170' title='bbox 2738 1037 2818 1109; x_wconf 81' lang='grc' dir='ltr'><strong>τῷ</strong></span> <span class='ocrx_word' id='word_1_171' title='bbox 2842 1038 2960 1109; x_wconf 83' lang='grc' dir='ltr'>Θεῷ</span> <span class='ocrx_word' id='word_1_172' title='bbox 2995 1040 3132 1109; x_wconf 77' lang='grc' dir='ltr'>πρὸς</span> <span class='ocrx_word' id='word_1_173' title='bbox 3159 1038 3486 1110; x_wconf 76' lang='grc' dir='ltr'>καθαίρεσιν</span> <span class='ocrx_word' id='word_1_174' title='bbox 3519 1039 3733 1110; x_wconf 73' lang='grc' dir='ltr'>ὀχυρωσ</span> 
     </span>
    </p>
   </div>
   <div class='ocr_carea' id='block_1_27' title="bbox 2139 1125 3730 1202">
    <p class='ocr_par' dir='ltr' id='par_1_27' title="bbox 2139 1125 3730 1202">
     <span class='ocr_line' id='line_1_27' title="bbox 2139 1125 3730 1202; baseline 0.003 -23"><span class='ocrx_word' id='word_1_175' title='bbox 2139 1125 2351 1196; x_wconf 82' lang='grc' dir='ltr'>μάτων,</span> <span class='ocrx_word' id='word_1_176' title='bbox 2399 1126 2698 1197; x_wconf 74' lang='grc' dir='ltr'>λογισμοὺς</span> <span class='ocrx_word' id='word_1_177' title='bbox 2762 1128 3157 1202; x_wconf 89' lang='grc' dir='ltr'>καθαιροῦντα,</span> <span class='ocrx_word' id='word_1_178' title='bbox 3209 1132 3305 1183; x_wconf 76' lang='grc' dir='ltr'><strong>καὶ</strong></span> <span class='ocrx_word' id='word_1_179' title='bbox 3354 1132 3469 1184; x_wconf 75' lang='grc' dir='ltr'>πᾶν</span> <span class='ocrx_word' id='word_1_180' title='bbox 3528 1130 3730 1201; x_wconf 64' lang='grc' dir='ltr'>ὕψωμα</span> 
     </span>
    </p>
   </div>
   <div class='ocr_carea' id='block_1_28' title="bbox 2135 1207 3726 1291">
    <p class='ocr_par' dir='ltr' id='par_1_28' title="bbox 2135 1207 3726 1291">
     <span class='ocr_line' id='line_1_28' title="bbox 2135 1207 3726 1291; baseline 0.001 -20"><span class='ocrx_word' id='word_1_181' title='bbox 2135 1207 2499 1291; x_wconf 69' lang='grc' dir='ltr'>ἐπαιρόμενον</span> <span class='ocrx_word' id='word_1_182' title='bbox 2529 1219 2672 1274; x_wconf 87' lang='grc' dir='ltr'>κο.τά</span> <span class='ocrx_word' id='word_1_183' title='bbox 2708 1221 2807 1290; x_wconf 80' lang='grc' dir='ltr'>τῆς</span> <span class='ocrx_word' id='word_1_184' title='bbox 2831 1220 3087 1289; x_wconf 82' lang='grc' dir='ltr'>γνώσεως</span> <span class='ocrx_word' id='word_1_185' title='bbox 3116 1222 3211 1274; x_wconf 91' lang='grc' dir='ltr'><strong>τοῦ</strong></span> <span class='ocrx_word' id='word_1_186' title='bbox 3234 1221 3371 1274; x_wconf 77' lang='grc' dir='ltr'>Θεοῦ</span> <span class='ocrx_word' id='word_1_187' title='bbox 3393 1263 3409 1287; x_wconf 90' lang='grc'><strong>,</strong></span> <span class='ocrx_word' id='word_1_188' title='bbox 3432 1221 3534 1274; x_wconf 78' lang='grc' dir='ltr'><strong>καὶ</strong></span> <span class='ocrx_word' id='word_1_189' title='bbox 3560 1224 3726 1291; x_wconf 76' lang='grc' dir='ltr'>αἰχμο</span> 
     </span>
    </p>
   </div>
   <div class='ocr_carea' id='block_1_29' title="bbox 2133 1310 3719 1385">
    <p class='ocr_par' dir='ltr' id='par_1_29' title="bbox 2133 1310 3719 1385">
     <span class='ocr_line' id='line_1_29' title="bbox 2133 1310 3719 1385; baseline 0.001 -20"><span class='ocrx_word' id='word_1_190' title='bbox 2133 1310 2470 1376; x_wconf 77' lang='grc' dir='ltr'>αλωτίζοντα</span> <span class='ocrx_word' id='word_1_191' title='bbox 2490 1314 2597 1366; x_wconf 77' lang='grc' dir='ltr'><strong>πᾶν</strong></span> <span class='ocrx_word' id='word_1_192' title='bbox 2613 1313 2792 1384; x_wconf 89' lang='grc' dir='ltr'>νόημα</span> <span class='ocrx_word' id='word_1_193' title='bbox 2825 1314 2905 1377; x_wconf 80' lang='grc' dir='ltr'><strong>εἰς</strong></span> <span class='ocrx_word' id='word_1_194' title='bbox 2922 1313 3022 1384; x_wconf 83' lang='grc' dir='ltr'>τὴν</span> <span class='ocrx_word' id='word_1_195' title='bbox 3038 1313 3284 1384; x_wconf 79' lang='grc' dir='ltr'>ὑπακοὴν</span> <span class='ocrx_word' id='word_1_196' title='bbox 3301 1314 3397 1367; x_wconf 88' lang='grc' dir='ltr'><strong>τοῦ</strong></span> <span class='ocrx_word' id='word_1_197' title='bbox 3417 1316 3461 1367; x_wconf 80' lang='grc' dir='ltr'>Χ</span> <span class='ocrx_word' id='word_1_198' title='bbox 3471 1315 3687 1385; x_wconf 76' lang='grc' dir='ltr'>ριστοῦ.</span> <span class='ocrx_word' id='word_1_199' title='bbox 3702 1335 3719 1367; x_wconf 77' lang='grc' dir='ltr'><strong>ι</strong></span> 
     </span>
    </p>
   </div>
   <div class='ocr_carea' id='block_1_30' title="bbox 2134 1396 3725 1474">
    <p class='ocr_par' dir='ltr' id='par_1_30' title="bbox 2134 1396 3725 1474">
     <span class='ocr_line' id='line_1_30' title="bbox 2134 1396 3725 1474; baseline 0.001 -21"><span class='ocrx_word' id='word_1_200' title='bbox 2134 1396 2211 1454; x_wconf 84' lang='grc' dir='ltr'>Οὐ</span> <span class='ocrx_word' id='word_1_201' title='bbox 2240 1402 2415 1473; x_wconf 77' lang='grc' dir='ltr'>παχὺς</span> <span class='ocrx_word' id='word_1_202' title='bbox 2443 1402 2539 1455; x_wconf 82' lang='grc' dir='ltr'>καὶ</span> <span class='ocrx_word' id='word_1_203' title='bbox 2573 1406 2907 1473; x_wconf 85' lang='grc' dir='ltr'>σωματικδς,</span> <span class='ocrx_word' id='word_1_204' title='bbox 2948 1404 3129 1474; x_wconf 81' lang='grc' dir='ltr'>ίσχνδς</span> <span class='ocrx_word' id='word_1_205' title='bbox 3152 1404 3209 1458; x_wconf 85' lang='grc' dir='ltr'>δὲ</span> <span class='ocrx_word' id='word_1_206' title='bbox 3241 1404 3448 1474; x_wconf 77' lang='grc' dir='ltr'>μᾶλλον</span> <span class='ocrx_word' id='word_1_207' title='bbox 3488 1405 3586 1456; x_wconf 69' lang='grc' dir='ltr'><strong>καὶ</strong></span> <span class='ocrx_word' id='word_1_208' title='bbox 3604 1420 3725 1473; x_wconf 81' lang='grc' dir='ltr'>νοη-</span> 
     </span>
    </p>
   </div>
   <div class='ocr_carea' id='block_1_31' title="bbox 2132 1491 3719 1567">
    <p class='ocr_par' dir='ltr' id='par_1_31' title="bbox 2132 1491 3719 1567">
     <span class='ocr_line' id='line_1_31' title="bbox 2132 1491 3719 1567; baseline 0.001 -23"><span class='ocrx_word' id='word_1_209' title='bbox 2132 1491 2224 1555; x_wconf 71' lang='grc' dir='ltr'>τὸς</span> <span class='ocrx_word' id='word_1_210' title='bbox 2256 1491 2361 1546; x_wconf 86' lang='grc' dir='ltr'><strong>τῶν</strong></span> <span class='ocrx_word' id='word_1_211' title='bbox 2402 1492 2572 1562; x_wconf 79' lang='grc' dir='ltr'>ἁγίων</span> <span class='ocrx_word' id='word_1_212' title='bbox 2597 1495 2626 1548; x_wconf 85' lang='grc' dir='ltr'><strong><em>ὁ</em></strong></span> <span class='ocrx_word' id='word_1_213' title='bbox 2670 1494 2928 1566; x_wconf 88' lang='grc' dir='ltr'>πόλεμος.</span> <span class='ocrx_word' id='word_1_214' title='bbox 2966 1494 3207 1548; x_wconf 83' lang='grc' dir='ltr'>Είὼθασι</span> <span class='ocrx_word' id='word_1_215' title='bbox 3241 1496 3349 1567; x_wconf 76' lang='grc' dir='ltr'>γὰρ</span> <span class='ocrx_word' id='word_1_216' title='bbox 3386 1496 3719 1564; x_wconf 68' lang='grc' dir='ltr'><strong>εὐδοκιμεῖν,</strong></span> 
     </span>
    </p>
   </div>
   <div class='ocr_carea' id='block_1_32' title="bbox 2133 1582 3722 1657">
    <p class='ocr_par' dir='ltr' id='par_1_32' title="bbox 2133 1582 3722 1657">
     <span class='ocr_line' id='line_1_32' title="bbox 2133 1582 3722 1657; baseline 0.001 -21"><span class='ocrx_word' id='word_1_217' title='bbox 2133 1582 2232 1653; x_wconf 82' lang='grc' dir='ltr'><strong>οὐχ</strong></span> <span class='ocrx_word' id='word_1_218' title='bbox 2260 1583 2400 1637; x_wconf 81' lang='grc' dir='ltr'>ὅπλα</span> <span class='ocrx_word' id='word_1_219' title='bbox 2435 1584 2713 1649; x_wconf 82' lang='grc' dir='ltr'>κινοῦντες</span> <span class='ocrx_word' id='word_1_220' title='bbox 2761 1587 3023 1656; x_wconf 77' lang='grc' dir='ltr'>σαρκικὰ,</span> <span class='ocrx_word' id='word_1_221' title='bbox 3056 1587 3152 1641; x_wconf 73' lang='grc' dir='ltr'><strong>καὶ</strong></span> <span class='ocrx_word' id='word_1_222' title='bbox 3181 1589 3304 1650; x_wconf 87' lang='grc' dir='ltr'>ταῖς</span> <span class='ocrx_word' id='word_1_223' title='bbox 3335 1586 3451 1640; x_wconf 79' lang='grc' dir='ltr'><strong>τῶν</strong></span> <span class='ocrx_word' id='word_1_224' title='bbox 3478 1588 3722 1657; x_wconf 69' lang='grc' dir='ltr'>δοράτων</span> 
     </span>
    </p>
   </div>
   <div class='ocr_carea' id='block_1_33' title="bbox 2135 1674 3715 1750">
    <p class='ocr_par' dir='ltr' id='par_1_33' title="bbox 2135 1674 3715 1750">
     <span class='ocr_line' id='line_1_33' title="bbox 2135 1674 3715 1750; baseline 0.003 -24"><span class='ocrx_word' id='word_1_225' title='bbox 2135 1674 2361 1743; x_wconf 80' lang='grc' dir='ltr'><strong>ἀκμαῖς,</strong></span> <span class='ocrx_word' id='word_1_226' title='bbox 2394 1676 2561 1747; x_wconf 73' lang='grc' dir='ltr'>ἤγουν</span> <span class='ocrx_word' id='word_1_227' title='bbox 2584 1679 2703 1741; x_wconf 87' lang='grc' dir='ltr'>ταῖς</span> <span class='ocrx_word' id='word_1_228' title='bbox 2722 1677 2831 1730; x_wconf 85' lang='grc' dir='ltr'><strong>τῶν</strong></span> <span class='ocrx_word' id='word_1_229' title='bbox 2860 1677 3028 1748; x_wconf 79' lang='grc' dir='ltr'>βελῶν</span> <span class='ocrx_word' id='word_1_230' title='bbox 3051 1679 3382 1750; x_wconf 79' lang='grc' dir='ltr'>εὐστοχίαις,</span> <span class='ocrx_word' id='word_1_231' title='bbox 3418 1676 3715 1749; x_wconf 77' lang='grc' dir='ltr'>χρώμενοι,</span> 
     </span>
    </p>
   </div>
   <div class='ocr_carea' id='block_1_34' title="bbox 461 1736 2031 1845">
    <p class='ocr_par' dir='ltr' id='par_1_34' title="bbox 461 1736 2031 1845">
     <span class='ocr_line' id='line_1_34' title="bbox 461 1736 2031 1845; baseline 0.007 -24"><span class='ocrx_word' id='word_1_232' title='bbox 461 1768 544 1824; x_wconf 87' lang='lat' dir='ltr'><strong>vel</strong></span> <span class='ocrx_word' id='word_1_233' title='bbox 603 1769 832 1825; x_wconf 89' lang='lat' dir='ltr'><strong>telorum</strong></span> <span class='ocrx_word' id='word_1_234' title='bbox 886 1770 1127 1842; x_wconf 85' lang='lat' dir='ltr'><strong>iactibus</strong></span> <span class='ocrx_word' id='word_1_235' title='bbox 1182 1782 1309 1842; x_wconf 90' lang='lat' dir='ltr'><strong>apte</strong></span> <span class='ocrx_word' id='word_1_236' title='bbox 1375 1781 1646 1828; x_wconf 88' lang='lat' dir='ltr'><strong>utantur:</strong></span> <span class='ocrx_word' id='word_1_237' title='bbox 1702 1736 1821 1831; x_wconf 84' lang='lat' dir='ltr'><strong>sedr</strong></span> <span class='ocrx_word' id='word_1_238' title='bbox 1854 1736 2031 1845; x_wconf 75' lang='lat' dir='ltr'><strong>petius</strong></span> 
     </span>
    </p>
   </div>
   <div class='ocr_carea' id='block_1_35' title="bbox 2137 1736 3719 1845">
    <p class='ocr_par' dir='ltr' id='par_1_35' title="bbox 2137 1736 3719 1841">
     <span class='ocr_line' id='line_1_35' title="bbox 2137 1736 3719 1841; baseline 0.003 -24"><span class='ocrx_word' id='word_1_239' title='bbox 2137 1736 2279 1818; x_wconf 78' lang='grc' dir='ltr'><strong>ἀλλά¹</strong></span> <span class='ocrx_word' id='word_1_240' title='bbox 2300 1736 2544 1836; x_wconf 53' lang='grc' dir='ltr'>τοῖςτῆξ</span> <span class='ocrx_word' id='word_1_241' title='bbox 2574 1736 2833 1838; x_wconf 86' lang='grc' dir='ltr'>ἀληθείας</span> <span class='ocrx_word' id='word_1_242' title='bbox 2860 1736 3048 1835; x_wconf 72' lang='grc' dir='ltr'>δπλοις</span> <span class='ocrx_word' id='word_1_243' title='bbox 3090 1736 3516 1841; x_wconf 42' lang='grc' dir='ltr'>ὲνηριμοσμένόι,</span> 
     </span>
    </p>
   </div>
   <div class='ocr_carea' id='block_1_36' title="bbox 458 1858 2032 1937">
    <p class='ocr_par' dir='ltr' id='par_1_36' title="bbox 458 1858 2032 1937">
     <span class='ocr_line' id='line_1_36' title="bbox 458 1858 2032 1937; baseline 0.006 -24"><span class='ocrx_word' id='word_1_244' title='bbox 458 1858 584 1928; x_wconf 85' lang='lat' dir='ltr'><strong>quia</strong></span> <span class='ocrx_word' id='word_1_245' title='bbox 617 1860 863 1917; x_wconf 83' lang='lat' dir='ltr'><strong>veritatis</strong></span> <span class='ocrx_word' id='word_1_246' title='bbox 922 1862 1089 1917; x_wconf 89' lang='lat' dir='ltr'><strong>armis</strong></span> <span class='ocrx_word' id='word_1_247' title='bbox 1140 1862 1411 1930; x_wconf 86' lang='lat' dir='ltr'><strong>instructi,</strong></span> <span class='ocrx_word' id='word_1_248' title='bbox 1446 1864 1768 1932; x_wconf 85' lang='lat' dir='ltr'><strong>spiritaliter</strong></span> <span class='ocrx_word' id='word_1_249' title='bbox 1799 1865 2032 1937; x_wconf 91' lang='lat' dir='ltr'><strong>intrepi-</strong></span> 
     </span>
    </p>
   </div>
   <div class='ocr_carea' id='block_1_37' title="bbox 460 1953 2030 2029">
    <p class='ocr_par' dir='ltr' id='par_1_37' title="bbox 460 1953 2030 2029">
     <span class='ocr_line' id='line_1_37' title="bbox 460 1953 2030 2029; baseline 0.006 -24"><span class='ocrx_word' id='word_1_250' title='bbox 460 1953 635 2021; x_wconf 84' lang='lat' dir='ltr'><strong>deque</strong></span> <span class='ocrx_word' id='word_1_251' title='bbox 663 1953 731 2007; x_wconf 90' lang='lat' dir='ltr'><strong>iis</strong></span> <span class='ocrx_word' id='word_1_252' title='bbox 763 1966 882 2008; x_wconf 88' lang='lat' dir='ltr'><strong>sese</strong></span> <span class='ocrx_word' id='word_1_253' title='bbox 911 1954 1193 2025; x_wconf 83' lang='lat' dir='ltr'><strong>obiiciant,</strong></span> <span class='ocrx_word' id='word_1_254' title='bbox 1235 1955 1325 2026; x_wconf 89' lang='lat' dir='ltr'><strong>qui</strong></span> <span class='ocrx_word' id='word_1_255' title='bbox 1376 1956 1682 2011; x_wconf 90' lang='lat' dir='ltr'><strong>divinorum</strong></span> <span class='ocrx_word' id='word_1_256' title='bbox 1718 1958 2030 2029; x_wconf 83' lang='lat' dir='ltr'><strong>dogmatum</strong></span> 
     </span>
    </p>
   </div>
   <div class='ocr_carea' id='block_1_38' title="bbox 459 2043 2029 2112">
    <p class='ocr_par' dir='ltr' id='par_1_38' title="bbox 459 2043 2029 2112">
     <span class='ocr_line' id='line_1_38' title="bbox 459 2043 2029 2112; baseline 0.006 -17"><span class='ocrx_word' id='word_1_257' title='bbox 459 2043 846 2100; x_wconf 86' lang='lat' dir='ltr'><strong>rectitudinem</strong></span> <span class='ocrx_word' id='word_1_258' title='bbox 873 2046 1205 2112; x_wconf 81' lang='lat' dir='ltr'><strong>adulterare,</strong></span> <span class='ocrx_word' id='word_1_259' title='bbox 1246 2063 1309 2104; x_wconf 92' lang='lat' dir='ltr'><strong>ae</strong></span> <span class='ocrx_word' id='word_1_260' title='bbox 1339 2050 1632 2104; x_wconf 88' lang='lat' dir='ltr'><strong>temerario</strong></span> <span class='ocrx_word' id='word_1_261' title='bbox 1666 2064 1801 2106; x_wconf 87' lang='lat' dir='ltr'><strong>ausu</strong></span> <span class='ocrx_word' id='word_1_262' title='bbox 1835 2052 1901 2106; x_wconf 92' lang='lat' dir='ltr'><strong>ad</strong></span> <span class='ocrx_word' id='word_1_263' title='bbox 1934 2067 2029 2107; x_wconf 89' lang='lat' dir='ltr'><strong>sua</strong></span> 
     </span>
    </p>
   </div>
   <div class='ocr_carea' id='block_1_39' title="bbox 459 2133 2033 2211">
    <p class='ocr_par' dir='ltr' id='par_1_39' title="bbox 459 2133 2033 2211">
     <span class='ocr_line' id='line_1_39' title="bbox 459 2133 2033 2211; baseline 0.008 -24"><span class='ocrx_word' id='word_1_264' title='bbox 459 2133 655 2205; x_wconf 74' lang='lat' dir='ltr'><strong>placita</strong></span> <span class='ocrx_word' id='word_1_265' title='bbox 686 2146 1000 2206; x_wconf 85' lang='lat' dir='ltr'><strong>pervertere</strong></span> <span class='ocrx_word' id='word_1_266' title='bbox 1032 2140 1274 2196; x_wconf 87' lang='lat' dir='ltr'><strong>student.</strong></span> <span class='ocrx_word' id='word_1_267' title='bbox 1306 2139 1423 2195; x_wconf 87' lang='lat' dir='ltr'><strong>Non</strong></span> <span class='ocrx_word' id='word_1_268' title='bbox 1444 2140 1609 2211; x_wconf 80' lang='lat' dir='ltr'><strong>igitur</strong></span> <span class='ocrx_word' id='word_1_269' title='bbox 1634 2142 1872 2197; x_wconf 88' lang='lat' dir='ltr'><strong>carnalia</strong></span> <span class='ocrx_word' id='word_1_270' title='bbox 1906 2153 2033 2199; x_wconf 87' lang='lat' dir='ltr'><strong>sunt</strong></span> 
     </span>
    </p>
   </div>
   <div class='ocr_carea' id='block_1_40' title="bbox 459 2230 2030 2303">
    <p class='ocr_par' dir='ltr' id='par_1_40' title="bbox 459 2230 2030 2303">
     <span class='ocr_line' id='line_1_40' title="bbox 459 2230 2030 2303; baseline 0.005 -22"><span class='ocrx_word' id='word_1_271' title='bbox 459 2235 772 2283; x_wconf 86' lang='lat' dir='ltr'><strong>sanctorum</strong></span> <span class='ocrx_word' id='word_1_272' title='bbox 820 2243 1007 2297; x_wconf 65' lang='lat' dir='ltr'><strong>amna,</strong></span> <span class='ocrx_word' id='word_1_273' title='bbox 1058 2231 1152 2286; x_wconf 87' lang='lat' dir='ltr'><strong>sed</strong></span> <span class='ocrx_word' id='word_1_274' title='bbox 1194 2230 1249 2285; x_wconf 88' lang='lat' dir='ltr'><strong>in</strong></span> <span class='ocrx_word' id='word_1_275' title='bbox 1299 2231 1408 2289; x_wconf 86' lang='lat' dir='ltr'><strong>Deo</strong></span> <span class='ocrx_word' id='word_1_276' title='bbox 1460 2240 1516 2288; x_wconf 91' lang='lat' dir='ltr'><strong>et</strong></span> <span class='ocrx_word' id='word_1_277' title='bbox 1557 2248 1655 2303; x_wconf 90' lang='lat' dir='ltr'><strong>pro</strong></span> <span class='ocrx_word' id='word_1_278' title='bbox 1688 2234 1797 2290; x_wconf 93' lang='lat' dir='ltr'><strong>Deo</strong></span> <span class='ocrx_word' id='word_1_279' title='bbox 1832 2235 2030 2290; x_wconf 83' lang='lat' dir='ltr'><strong>valida.</strong></span> 
     </span>
    </p>
   </div>
   <div class='ocr_carea' id='block_1_41' title="bbox 460 2318 2033 2397">
    <p class='ocr_par' dir='ltr' id='par_1_41' title="bbox 460 2318 2033 2397">
     <span class='ocr_line' id='line_1_41' title="bbox 460 2318 2033 2397; baseline 0.006 -25"><span class='ocrx_word' id='word_1_280' title='bbox 460 2318 837 2374; x_wconf 85' lang='lat' dir='ltr'><strong>Demoliuntur</strong></span> <span class='ocrx_word' id='word_1_281' title='bbox 883 2322 1026 2376; x_wconf 90' lang='lat' dir='ltr'><strong>enim</strong></span> <span class='ocrx_word' id='word_1_282' title='bbox 1084 2322 1361 2396; x_wconf 81' lang='lat' dir='ltr'><strong>hominum</strong></span> <span class='ocrx_word' id='word_1_283' title='bbox 1411 2335 1741 2391; x_wconf 85' lang='lat' dir='ltr'><strong>commenta,</strong></span> <span class='ocrx_word' id='word_1_284' title='bbox 1796 2342 1917 2397; x_wconf 87' lang='lat' dir='ltr'><strong>quae</strong></span> <span class='ocrx_word' id='word_1_285' title='bbox 1975 2329 2033 2381; x_wconf 90' lang='lat' dir='ltr'><strong>in</strong></span> 
     </span>
    </p>
   </div>
   <div class='ocr_carea' id='block_1_42' title="bbox 461 2410 2033 2488">
    <p class='ocr_par' dir='ltr' id='par_1_42' title="bbox 461 2410 2033 2488">
     <span class='ocr_line' id='line_1_42' title="bbox 461 2410 2033 2488; baseline 0.004 -23"><span class='ocrx_word' id='word_1_286' title='bbox 461 2410 753 2466; x_wconf 86' lang='lat' dir='ltr'><strong>absurdum</strong></span> <span class='ocrx_word' id='word_1_287' title='bbox 779 2412 1015 2482; x_wconf 83' lang='lat' dir='ltr'><strong>aliquem</strong></span> <span class='ocrx_word' id='word_1_288' title='bbox 1044 2428 1264 2468; x_wconf 87' lang='lat' dir='ltr'><strong>sensum</strong></span> <span class='ocrx_word' id='word_1_289' title='bbox 1299 2415 1662 2483; x_wconf 84' lang='lat' dir='ltr'><strong>abstrahunt;</strong></span> <span class='ocrx_word' id='word_1_290' title='bbox 1710 2432 1886 2488; x_wconf 91' lang='lat' dir='ltr'><strong>neque</strong></span> <span class='ocrx_word' id='word_1_291' title='bbox 1929 2419 2033 2472; x_wconf 86' lang='lat' dir='ltr'><strong>mi-</strong></span> 
     </span>
    </p>
   </div>
   <div class='ocr_carea' id='block_1_43' title="bbox 459 2503 2031 2578">
    <p class='ocr_par' dir='ltr' id='par_1_43' title="bbox 459 2503 2031 2578">
     <span class='ocr_line' id='line_1_43' title="bbox 459 2503 2031 2578; baseline 0.002 -21"><span class='ocrx_word' id='word_1_292' title='bbox 459 2503 579 2557; x_wconf 85' lang='lat' dir='ltr'><strong>neri</strong></span> <span class='ocrx_word' id='word_1_293' title='bbox 613 2503 792 2558; x_wconf 90' lang='lat' dir='ltr'><strong>studio</strong></span> <span class='ocrx_word' id='word_1_294' title='bbox 829 2518 892 2557; x_wconf 90' lang='lat' dir='ltr'><strong>ea</strong></span> <span class='ocrx_word' id='word_1_295' title='bbox 926 2518 958 2558; x_wconf 89' lang='lat' dir='ltr'><strong>e</strong></span> <span class='ocrx_word' id='word_1_296' title='bbox 985 2503 1163 2558; x_wconf 91' lang='lat' dir='ltr'><strong>medio</strong></span> <span class='ocrx_word' id='word_1_297' title='bbox 1196 2504 1387 2559; x_wconf 91' lang='lat' dir='ltr'><strong>tollere</strong></span> <span class='ocrx_word' id='word_1_298' title='bbox 1425 2506 1691 2571; x_wconf 91' lang='lat' dir='ltr'><strong>nituntur,</strong></span> <span class='ocrx_word' id='word_1_299' title='bbox 1721 2523 1883 2578; x_wconf 90' lang='lat' dir='ltr'><strong>quam</strong></span> <span class='ocrx_word' id='word_1_300' title='bbox 1912 2509 2031 2563; x_wconf 77' lang='lat' dir='ltr'><strong>exi-</strong></span> 
     </span>
    </p>
   </div>
   <div class='ocr_carea' id='block_1_44' title="bbox 462 2594 2024 2668">
    <p class='ocr_par' dir='ltr' id='par_1_44' title="bbox 462 2594 2024 2668">
     <span class='ocr_line' id='line_1_44' title="bbox 462 2594 2024 2668; baseline 0.003 -21"><span class='ocrx_word' id='word_1_301' title='bbox 462 2594 621 2649; x_wconf 82' lang='lat' dir='ltr'><strong>tiales</strong></span> <span class='ocrx_word' id='word_1_302' title='bbox 656 2594 914 2663; x_wconf 89' lang='lat' dir='ltr'><strong>quosdam</strong></span> <span class='ocrx_word' id='word_1_303' title='bbox 946 2594 1230 2659; x_wconf 90' lang='lat' dir='ltr'><strong>barbaros,</strong></span> <span class='ocrx_word' id='word_1_304' title='bbox 1256 2595 1349 2665; x_wconf 89' lang='lat' dir='ltr'><strong>qui</strong></span> <span class='ocrx_word' id='word_1_305' title='bbox 1378 2597 1539 2666; x_wconf 73' lang='lat' dir='ltr'><strong>regiae</strong></span> <span class='ocrx_word' id='word_1_306' title='bbox 1572 2599 1845 2668; x_wconf 87' lang='lat' dir='ltr'><strong>maiestati</strong></span> <span class='ocrx_word' id='word_1_307' title='bbox 1871 2614 2024 2668; x_wconf 90' lang='lat' dir='ltr'><strong>aper-</strong></span> 
     </span>
    </p>
   </div>
   <div class='ocr_carea' id='block_1_45' title="bbox 460 2685 2032 2759">
    <p class='ocr_par' dir='ltr' id='par_1_45' title="bbox 460 2685 2032 2759">
     <span class='ocr_line' id='line_1_45' title="bbox 460 2685 2032 2759; baseline 0.002 -18"><span class='ocrx_word' id='word_1_308' title='bbox 460 2692 577 2751; x_wconf 86' lang='lat' dir='ltr'><strong>tum</strong></span> <span class='ocrx_word' id='word_1_309' title='bbox 605 2685 803 2742; x_wconf 89' lang='lat' dir='ltr'><strong>bellum</strong></span> <span class='ocrx_word' id='word_1_310' title='bbox 838 2687 1104 2742; x_wconf 85' lang='lat' dir='ltr'><strong>indicunt.</strong></span> <span class='ocrx_word' id='word_1_311' title='bbox 1145 2687 1298 2754; x_wconf 87' lang='lat' dir='ltr'><strong>Quod</strong></span> <span class='ocrx_word' id='word_1_312' title='bbox 1327 2688 1372 2743; x_wconf 87' lang='lat' dir='ltr'><strong>si</strong></span> <span class='ocrx_word' id='word_1_313' title='bbox 1411 2690 1682 2759; x_wconf 86' lang='lat' dir='ltr'><strong>quispiam</strong></span> <span class='ocrx_word' id='word_1_314' title='bbox 1714 2705 1782 2745; x_wconf 80' lang='lat' dir='ltr'><strong>ex</strong></span> <span class='ocrx_word' id='word_1_315' title='bbox 1816 2690 2032 2746; x_wconf 87' lang='lat' dir='ltr'><strong>illorum</strong></span> 
     </span>
    </p>
   </div>
   <div class='ocr_carea' id='block_1_46' title="bbox 459 2780 2027 2853">
    <p class='ocr_par' dir='ltr' id='par_1_46' title="bbox 459 2780 2027 2853">
     <span class='ocr_line' id='line_1_46' title="bbox 459 2780 2027 2853; baseline 0.001 -18"><span class='ocrx_word' id='word_1_316' title='bbox 459 2794 647 2851; x_wconf 69' lang='lat' dir='ltr'><strong>grege,</strong></span> <span class='ocrx_word' id='word_1_317' title='bbox 694 2780 789 2849; x_wconf 93' lang='lat' dir='ltr'><strong>qui</strong></span> <span class='ocrx_word' id='word_1_318' title='bbox 826 2780 1167 2850; x_wconf 86' lang='lat' dir='ltr'><strong>iniquitatem</strong></span> <span class='ocrx_word' id='word_1_319' title='bbox 1207 2792 1399 2837; x_wconf 89' lang='lat' dir='ltr'><strong>contra</strong></span> <span class='ocrx_word' id='word_1_320' title='bbox 1447 2783 1613 2838; x_wconf 90' lang='lat' dir='ltr'><strong>Deum</strong></span> <span class='ocrx_word' id='word_1_321' title='bbox 1649 2782 1793 2853; x_wconf 90' lang='lat' dir='ltr'><strong>loqui</strong></span> <span class='ocrx_word' id='word_1_322' title='bbox 1826 2786 2027 2852; x_wconf 90' lang='lat' dir='ltr'><strong>solent,</strong></span> 
     </span>
    </p>
   </div>
   <div class='ocr_carea' id='block_1_47' title="bbox 459 2871 2031 2942">
    <p class='ocr_par' dir='ltr' id='par_1_47' title="bbox 459 2871 2031 2942">
     <span class='ocr_line' id='line_1_47' title="bbox 459 2871 2031 2942; baseline 0.003 -14"><span class='ocrx_word' id='word_1_323' title='bbox 459 2886 665 2930; x_wconf 88' lang='lat' dir='ltr'><strong>cornua</strong></span> <span class='ocrx_word' id='word_1_324' title='bbox 709 2873 761 2927; x_wconf 90' lang='lat' dir='ltr'><strong>in</strong></span> <span class='ocrx_word' id='word_1_325' title='bbox 810 2871 979 2927; x_wconf 88' lang='lat' dir='ltr'><strong>altum</strong></span> <span class='ocrx_word' id='word_1_326' title='bbox 1029 2873 1313 2930; x_wconf 90' lang='lat' dir='ltr'><strong>sustulerit</strong></span> <span class='ocrx_word' id='word_1_327' title='bbox 1340 2874 1407 2942; x_wconf 84' lang='grc'><strong>³⁷,</strong></span> <span class='ocrx_word' id='word_1_328' title='bbox 1446 2889 1570 2930; x_wconf 90' lang='lat' dir='ltr'><strong>eum</strong></span> <span class='ocrx_word' id='word_1_329' title='bbox 1604 2875 1695 2932; x_wconf 90' lang='lat' dir='ltr'><strong>ille</strong></span> <span class='ocrx_word' id='word_1_330' title='bbox 1719 2876 1888 2932; x_wconf 88' lang='lat' dir='ltr'><strong>veluti</strong></span> <span class='ocrx_word' id='word_1_331' title='bbox 1924 2893 2031 2932; x_wconf 66' lang='lat' dir='ltr'><strong>eae-</strong></span> 
     </span>
    </p>
   </div>
   <div class='ocr_carea' id='block_1_48' title="bbox 458 2965 2033 3032">
    <p class='ocr_par' dir='ltr' id='par_1_48' title="bbox 458 2965 2033 3032">
     <span class='ocr_line' id='line_1_48' title="bbox 458 2965 2033 3032; baseline 0 -9"><span class='ocrx_word' id='word_1_332' title='bbox 458 2968 653 3023; x_wconf 85' lang='lat' dir='ltr'><strong>dentes</strong></span> <span class='ocrx_word' id='word_1_333' title='bbox 674 2973 835 3021; x_wconf 81' lang='lat' dir='ltr'><strong>recta:</strong></span> <span class='ocrx_word' id='word_1_334' title='bbox 862 2965 986 3021; x_wconf 84' lang='lat' dir='ltr'><strong>tidei</strong></span> <span class='ocrx_word' id='word_1_335' title='bbox 1014 2966 1320 3032; x_wconf 87' lang='lat' dir='ltr'><strong>sententiis,</strong></span> <span class='ocrx_word' id='word_1_336' title='bbox 1361 2975 1624 3023; x_wconf 90' lang='lat' dir='ltr'><strong>retortum</strong></span> <span class='ocrx_word' id='word_1_337' title='bbox 1673 2969 1741 3024; x_wconf 90' lang='lat' dir='ltr'><strong>ad</strong></span> <span class='ocrx_word' id='word_1_338' title='bbox 1784 2968 2033 3023; x_wconf 76' lang='lat' dir='ltr'><strong>veritatis</strong></span> 
     </span>
    </p>
   </div>
   <div class='ocr_carea' id='block_1_49' title="bbox 459 3057 2103 3142">
    <p class='ocr_par' dir='ltr' id='par_1_49' title="bbox 459 3057 2103 3142">
     <span class='ocr_line' id='line_1_49' title="bbox 459 3057 2103 3142; baseline -0.001 -27"><span class='ocrx_word' id='word_1_339' title='bbox 459 3058 760 3116; x_wconf 88' lang='lat' dir='ltr'><strong>doctrinam</strong></span> <span class='ocrx_word' id='word_1_340' title='bbox 795 3074 919 3115; x_wconf 80' lang='lat' dir='ltr'><strong>mox</strong></span> <span class='ocrx_word' id='word_1_341' title='bbox 957 3058 1264 3113; x_wconf 86' lang='lat' dir='ltr'><strong>traducunt.</strong></span> <span class='ocrx_word' id='word_1_342' title='bbox 1307 3057 1455 3128; x_wconf 92' lang='lat' dir='ltr'><strong>Opus</strong></span> <span class='ocrx_word' id='word_1_343' title='bbox 1486 3060 1669 3129; x_wconf 89' lang='lat' dir='ltr'><strong>itaque</strong></span> <span class='ocrx_word' id='word_1_344' title='bbox 1712 3069 2030 3114; x_wconf 91' lang='lat' dir='ltr'><strong>sanctorum</strong></span> <span class='ocrx_word' id='word_1_345' title='bbox 2060 3083 2103 3142; x_wconf 73' lang='grc' dir='ltr'>ο</span> 
     </span>
    </p>
   </div>
   <div class='ocr_carea' id='block_1_50' title="bbox 460 3146 2031 3218">
    <p class='ocr_par' dir='ltr' id='par_1_50' title="bbox 460 3146 2031 3218">
     <span class='ocr_line' id='line_1_50' title="bbox 460 3146 2031 3218; baseline -0.002 -14"><span class='ocrx_word' id='word_1_346' title='bbox 460 3148 731 3205; x_wconf 88' lang='lat' dir='ltr'><strong>industria</strong></span> <span class='ocrx_word' id='word_1_347' title='bbox 762 3163 891 3203; x_wconf 84' lang='lat' dir='ltr'><strong>vere</strong></span> <span class='ocrx_word' id='word_1_348' title='bbox 920 3149 1164 3218; x_wconf 72' lang='lat' dir='ltr'><strong>dignum,</strong></span> <span class='ocrx_word' id='word_1_349' title='bbox 1197 3147 1415 3217; x_wconf 85' lang='lat' dir='ltr'><strong>Deoque</strong></span> <span class='ocrx_word' id='word_1_350' title='bbox 1442 3161 1565 3202; x_wconf 92' lang='lat' dir='ltr'><strong>cum</strong></span> <span class='ocrx_word' id='word_1_351' title='bbox 1596 3146 1790 3217; x_wconf 85' lang='lat' dir='ltr'><strong>primis</strong></span> <span class='ocrx_word' id='word_1_352' title='bbox 1818 3156 2031 3217; x_wconf 80' lang='lat' dir='ltr'><strong>gratum</strong></span> 
     </span>
    </p>
   </div>
   <div class='ocr_carea' id='block_1_51' title="bbox 459 3236 2020 3305">
    <p class='ocr_par' dir='ltr' id='par_1_51' title="bbox 459 3236 2020 3305">
     <span class='ocr_line' id='line_1_51' title="bbox 459 3236 2020 3305; baseline -0.001 -12"><span class='ocrx_word' id='word_1_353' title='bbox 459 3238 646 3299; x_wconf 79' lang='lat' dir='ltr'><strong>fuerit,</strong></span> <span class='ocrx_word' id='word_1_354' title='bbox 687 3252 753 3293; x_wconf 89' lang='lat' dir='ltr'><strong>ea</strong></span> <span class='ocrx_word' id='word_1_355' title='bbox 796 3236 864 3292; x_wconf 82' lang='lat' dir='ltr'><strong>ad</strong></span> <span class='ocrx_word' id='word_1_356' title='bbox 901 3236 1320 3305; x_wconf 83' lang='lat' dir='ltr'><strong>dispensationis</strong></span> <span class='ocrx_word' id='word_1_357' title='bbox 1363 3251 1487 3291; x_wconf 91' lang='lat' dir='ltr'><strong>cum</strong></span> <span class='ocrx_word' id='word_1_358' title='bbox 1538 3250 1704 3291; x_wconf 91' lang='lat' dir='ltr'><strong>carne</strong></span> <span class='ocrx_word' id='word_1_359' title='bbox 1749 3237 2020 3292; x_wconf 90' lang='lat' dir='ltr'><strong>rationem</strong></span> 
     </span>
    </p>
   </div>
   <div class='ocr_carea' id='block_1_52' title="bbox 462 3326 2034 3395">
    <p class='ocr_par' dir='ltr' id='par_1_52' title="bbox 462 3326 2034 3395">
     <span class='ocr_line' id='line_1_52' title="bbox 462 3326 2034 3395; baseline -0.001 -11"><span class='ocrx_word' id='word_1_360' title='bbox 462 3330 784 3390; x_wconf 81' lang='lat' dir='ltr'><strong>transferre,</strong></span> <span class='ocrx_word' id='word_1_361' title='bbox 831 3341 951 3395; x_wconf 63' lang='lat' dir='ltr'><strong>qua:</strong></span> <span class='ocrx_word' id='word_1_362' title='bbox 990 3342 1111 3381; x_wconf 81' lang='lat' dir='ltr'><strong>cum</strong></span> <span class='ocrx_word' id='word_1_363' title='bbox 1156 3327 1357 3383; x_wconf 85' lang='lat' dir='ltr'><strong>Christi</strong></span> <span class='ocrx_word' id='word_1_364' title='bbox 1393 3326 1561 3395; x_wconf 75' lang='lat' dir='ltr'><strong>gloria</strong></span> <span class='ocrx_word' id='word_1_365' title='bbox 1591 3342 1696 3381; x_wconf 91' lang='lat' dir='ltr'><strong>non</strong></span> <span class='ocrx_word' id='word_1_366' title='bbox 1735 3329 1869 3384; x_wconf 86' lang='lat' dir='ltr'><strong>satis</strong></span> <span class='ocrx_word' id='word_1_367' title='bbox 1902 3344 2034 3383; x_wconf 88' lang='lat' dir='ltr'><strong>con-</strong></span> 
     </span>
    </p>
   </div>
   <div class='ocr_carea' id='block_1_53' title="bbox 459 3413 2030 3482">
    <p class='ocr_par' dir='ltr' id='par_1_53' title="bbox 459 3413 2030 3482">
     <span class='ocr_line' id='line_1_53' title="bbox 459 3413 2030 3482; baseline 0.001 -9"><span class='ocrx_word' id='word_1_368' title='bbox 459 3416 647 3473; x_wconf 82' lang='lat' dir='ltr'><strong>venire</strong></span> <span class='ocrx_word' id='word_1_369' title='bbox 685 3415 957 3471; x_wconf 92' lang='lat' dir='ltr'><strong>videntur.</strong></span> <span class='ocrx_word' id='word_1_370' title='bbox 1003 3413 1139 3470; x_wconf 83' lang='lat' dir='ltr'><strong>Nam</strong></span> <span class='ocrx_word' id='word_1_371' title='bbox 1183 3430 1305 3472; x_wconf 92' lang='lat' dir='ltr'><strong>cum</strong></span> <span class='ocrx_word' id='word_1_372' title='bbox 1337 3414 1574 3470; x_wconf 83' lang='lat' dir='ltr'><strong>Verbum</strong></span> <span class='ocrx_word' id='word_1_373' title='bbox 1611 3417 1750 3473; x_wconf 88' lang='lat' dir='ltr'><strong>Deus</strong></span> <span class='ocrx_word' id='word_1_374' title='bbox 1781 3429 1948 3482; x_wconf 77' lang='lat' dir='ltr'><strong>esset,</strong></span> <span class='ocrx_word' id='word_1_375' title='bbox 1977 3429 2030 3475; x_wconf 92' lang='lat' dir='ltr'><strong>et</strong></span> 
     </span>
    </p>
   </div>
   <div class='ocr_carea' id='block_1_54' title="bbox 459 3504 2027 3580">
    <p class='ocr_par' dir='ltr' id='par_1_54' title="bbox 459 3504 2027 3580">
     <span class='ocr_line' id='line_1_54' title="bbox 459 3504 2027 3580; baseline 0.001 -17"><span class='ocrx_word' id='word_1_376' title='bbox 459 3508 513 3563; x_wconf 88' lang='lat' dir='ltr'><strong>in</strong></span> <span class='ocrx_word' id='word_1_377' title='bbox 536 3516 759 3575; x_wconf 85' lang='lat' dir='ltr'><strong>paterna</strong></span> <span class='ocrx_word' id='word_1_378' title='bbox 789 3505 959 3561; x_wconf 81' lang='lat' dir='ltr'><strong>forma</strong></span> <span class='ocrx_word' id='word_1_379' title='bbox 1011 3515 1067 3561; x_wconf 89' lang='lat' dir='ltr'><strong>et</strong></span> <span class='ocrx_word' id='word_1_380' title='bbox 1102 3504 1413 3573; x_wconf 71' lang='lat' dir='ltr'><strong>aequalitate</strong></span> <span class='ocrx_word' id='word_1_381' title='bbox 1462 3507 1771 3573; x_wconf 69' lang='lat' dir='ltr'><strong>exsisteret,</strong></span> <span class='ocrx_word' id='word_1_382' title='bbox 1792 3509 2027 3580; x_wconf 89' lang='lat' dir='ltr'><strong>seipsum</strong></span> 
     </span>
    </p>
   </div>
   <div class='ocr_carea' id='block_1_55' title="bbox 459 3595 2030 3668">
    <p class='ocr_par' dir='ltr' id='par_1_55' title="bbox 459 3595 2030 3668">
     <span class='ocr_line' id='line_1_55' title="bbox 459 3595 2030 3668; baseline 0.002 -15"><span class='ocrx_word' id='word_1_383' title='bbox 459 3598 526 3653; x_wconf 86' lang='lat' dir='ltr'><strong>ad</strong></span> <span class='ocrx_word' id='word_1_384' title='bbox 557 3595 980 3652; x_wconf 79' lang='lat' dir='ltr'><strong>exinanitionem</strong></span> <span class='ocrx_word' id='word_1_385' title='bbox 1010 3596 1243 3661; x_wconf 86' lang='lat' dir='ltr'><strong>demisit,</strong></span> <span class='ocrx_word' id='word_1_386' title='bbox 1265 3606 1318 3650; x_wconf 91' lang='lat' dir='ltr'><strong>et</strong></span> <span class='ocrx_word' id='word_1_387' title='bbox 1347 3596 1412 3650; x_wconf 88' lang='lat' dir='ltr'><strong>ad</strong></span> <span class='ocrx_word' id='word_1_388' title='bbox 1444 3605 1671 3650; x_wconf 90' lang='lat' dir='ltr'><strong>mortem</strong></span> <span class='ocrx_word' id='word_1_389' title='bbox 1702 3612 1873 3668; x_wconf 88' lang='lat' dir='ltr'><strong>usque</strong></span> <span class='ocrx_word' id='word_1_390' title='bbox 1894 3598 2030 3656; x_wconf 89' lang='lat' dir='ltr'><strong>obe-</strong></span> 
     </span>
    </p>
   </div>
   <div class='ocr_carea' id='block_1_56' title="bbox 458 3686 2028 3759">
    <p class='ocr_par' dir='ltr' id='par_1_56' title="bbox 458 3686 2028 3759">
     <span class='ocr_line' id='line_1_56' title="bbox 458 3686 2028 3759; baseline -0.001 -14"><span class='ocrx_word' id='word_1_391' title='bbox 458 3690 716 3746; x_wconf 83' lang='lat' dir='ltr'><strong>dientiam</strong></span> <span class='ocrx_word' id='word_1_392' title='bbox 768 3689 1017 3759; x_wconf 78' lang='lat' dir='ltr'><strong>praestitit</strong></span> <span class='ocrx_word' id='word_1_393' title='bbox 1044 3689 1111 3742; x_wconf 82' lang='grc'><strong>³⁸.</strong></span> <span class='ocrx_word' id='word_1_394' title='bbox 1139 3686 1367 3742; x_wconf 91' lang='lat' dir='ltr'><strong>Omnem</strong></span> <span class='ocrx_word' id='word_1_395' title='bbox 1414 3687 1643 3758; x_wconf 90' lang='lat' dir='ltr'><strong>proinde</strong></span> <span class='ocrx_word' id='word_1_396' title='bbox 1699 3689 2028 3744; x_wconf 90' lang='lat' dir='ltr'><strong>contrarium</strong></span> 
     </span>
    </p>
   </div>
   <div class='ocr_carea' id='block_1_57' title="bbox 458 3780 2028 3851">
    <p class='ocr_par' dir='ltr' id='par_1_57' title="bbox 458 3780 2028 3851">
     <span class='ocr_line' id='line_1_57' title="bbox 458 3780 2028 3851; baseline -0.001 -13"><span class='ocrx_word' id='word_1_397' title='bbox 458 3781 789 3838; x_wconf 86' lang='lat' dir='ltr'><strong>intellectum</strong></span> <span class='ocrx_word' id='word_1_398' title='bbox 841 3780 1125 3836; x_wconf 87' lang='lat' dir='ltr'><strong>commode</strong></span> <span class='ocrx_word' id='word_1_399' title='bbox 1166 3789 1431 3845; x_wconf 88' lang='lat' dir='ltr'><strong>evertere,</strong></span> <span class='ocrx_word' id='word_1_400' title='bbox 1470 3789 1526 3835; x_wconf 92' lang='lat' dir='ltr'><strong>et</strong></span> <span class='ocrx_word' id='word_1_401' title='bbox 1559 3781 1714 3850; x_wconf 89' lang='lat' dir='ltr'><strong>quasi</strong></span> <span class='ocrx_word' id='word_1_402' title='bbox 1760 3781 2028 3851; x_wconf 86' lang='lat' dir='ltr'><strong>captivum</strong></span> 
     </span>
    </p>
   </div>
   <div class='ocr_carea' id='block_1_58' title="bbox 458 3871 2030 3941">
    <p class='ocr_par' dir='ltr' id='par_1_58' title="bbox 458 3871 2030 3941">
     <span class='ocr_line' id='line_1_58' title="bbox 458 3871 2030 3941; baseline -0.001 -12"><span class='ocrx_word' id='word_1_403' title='bbox 458 3875 512 3929; x_wconf 88' lang='lat' dir='ltr'><strong>in</strong></span> <span class='ocrx_word' id='word_1_404' title='bbox 565 3874 765 3930; x_wconf 88' lang='lat' dir='ltr'><strong>Christi</strong></span> <span class='ocrx_word' id='word_1_405' title='bbox 825 3871 1188 3930; x_wconf 88' lang='lat' dir='ltr'><strong>obedientiam</strong></span> <span class='ocrx_word' id='word_1_406' title='bbox 1242 3872 1458 3929; x_wconf 87' lang='lat' dir='ltr'><strong>trahere</strong></span> <span class='ocrx_word' id='word_1_407' title='bbox 1498 3883 1728 3941; x_wconf 88' lang='lat' dir='ltr'><strong>oportet.</strong></span> <span class='ocrx_word' id='word_1_408' title='bbox 1779 3873 1930 3940; x_wconf 86' lang='lat' dir='ltr'><strong>Quod</strong></span> <span class='ocrx_word' id='word_1_409' title='bbox 1985 3873 2030 3929; x_wconf 92' lang='lat' dir='ltr'><strong>si</strong></span> 
     </span>
    </p>
   </div>
   <div class='ocr_carea' id='block_1_59' title="bbox 456 3963 2033 4037">
    <p class='ocr_par' dir='ltr' id='par_1_59' title="bbox 456 3963 2033 4037">
     <span class='ocr_line' id='line_1_59' title="bbox 456 3963 2033 4037; baseline 0.001 -16"><span class='ocrx_word' id='word_1_410' title='bbox 456 3965 662 4037; x_wconf 87' lang='lat' dir='ltr'><strong>aliquid</strong></span> <span class='ocrx_word' id='word_1_411' title='bbox 713 3965 1004 4023; x_wconf 86' lang='lat' dir='ltr'><strong>humanam</strong></span> <span class='ocrx_word' id='word_1_412' title='bbox 1042 3963 1410 4019; x_wconf 70' lang='lat' dir='ltr'><strong>infirmitatem</strong></span> <span class='ocrx_word' id='word_1_413' title='bbox 1438 3965 1657 4035; x_wconf 89' lang='lat' dir='ltr'><strong>sapiens</strong></span> <span class='ocrx_word' id='word_1_414' title='bbox 1687 3966 1752 4020; x_wconf 90' lang='lat' dir='ltr'><strong>de</strong></span> <span class='ocrx_word' id='word_1_415' title='bbox 1783 3980 1849 4021; x_wconf 88' lang='lat' dir='ltr'><strong>eo</strong></span> <span class='ocrx_word' id='word_1_416' title='bbox 1883 3967 2033 4022; x_wconf 85' lang='lat' dir='ltr'><strong>dica-</strong></span> 
     </span>
    </p>
   </div>
   <div class='ocr_carea' id='block_1_60' title="bbox 458 4056 2027 4123">
    <p class='ocr_par' dir='ltr' id='par_1_60' title="bbox 458 4056 2027 4123">
     <span class='ocr_line' id='line_1_60' title="bbox 458 4056 2027 4123; baseline 0.003 -12"><span class='ocrx_word' id='word_1_417' title='bbox 458 4069 579 4123; x_wconf 88' lang='lat' dir='ltr'><strong>tur,</strong></span> <span class='ocrx_word' id='word_1_418' title='bbox 627 4057 680 4111; x_wconf 91' lang='lat' dir='ltr'><strong>id</strong></span> <span class='ocrx_word' id='word_1_419' title='bbox 717 4056 876 4111; x_wconf 81' lang='lat' dir='ltr'><strong>Verbi</strong></span> <span class='ocrx_word' id='word_1_420' title='bbox 927 4065 1155 4120; x_wconf 67' lang='lat' dir='ltr'><strong>naturae,</strong></span> <span class='ocrx_word' id='word_1_421' title='bbox 1201 4056 1245 4112; x_wconf 89' lang='lat' dir='ltr'><strong>si</strong></span> <span class='ocrx_word' id='word_1_422' title='bbox 1272 4057 1543 4111; x_wconf 90' lang='lat' dir='ltr'><strong>hominem</strong></span> <span class='ocrx_word' id='word_1_423' title='bbox 1595 4058 1764 4112; x_wconf 90' lang='lat' dir='ltr'><strong>nostri</strong></span> <span class='ocrx_word' id='word_1_424' title='bbox 1797 4061 2027 4115; x_wconf 86' lang='lat' dir='ltr'><strong>similem</strong></span> 
     </span>
    </p>
   </div>
   <div class='ocr_carea' id='block_1_61' title="bbox 457 4146 2026 4218">
    <p class='ocr_par' dir='ltr' id='par_1_61' title="bbox 457 4146 2026 4218">
     <span class='ocr_line' id='line_1_61' title="bbox 457 4146 2026 4218; baseline 0.001 -17"><span class='ocrx_word' id='word_1_425' title='bbox 457 4147 661 4201; x_wconf 80' lang='lat' dir='ltr'><strong>factum</strong></span> <span class='ocrx_word' id='word_1_426' title='bbox 694 4146 1002 4209; x_wconf 83' lang='lat' dir='ltr'><strong>credamus,</strong></span> <span class='ocrx_word' id='word_1_427' title='bbox 1044 4146 1244 4200; x_wconf 90' lang='lat' dir='ltr'><strong>nullam</strong></span> <span class='ocrx_word' id='word_1_428' title='bbox 1281 4146 1506 4201; x_wconf 89' lang='lat' dir='ltr'><strong>omnino</strong></span> <span class='ocrx_word' id='word_1_429' title='bbox 1546 4156 1728 4203; x_wconf 84' lang='lat' dir='ltr'><strong>notam</strong></span> <span class='ocrx_word' id='word_1_430' title='bbox 1754 4158 2026 4218; x_wconf 75' lang='lat' dir='ltr'><strong>asperget.</strong></span> 
     </span>
    </p>
   </div>
   <div class='ocr_carea' id='block_1_62' title="bbox 456 4237 2031 4307">
    <p class='ocr_par' dir='ltr' id='par_1_62' title="bbox 456 4237 2031 4307">
     <span class='ocr_line' id='line_1_62' title="bbox 456 4237 2031 4307; baseline 0.002 -14"><span class='ocrx_word' id='word_1_431' title='bbox 456 4237 670 4294; x_wconf 88' lang='lat' dir='ltr'><strong>Etenim</strong></span> <span class='ocrx_word' id='word_1_432' title='bbox 707 4237 830 4293; x_wconf 91' lang='lat' dir='ltr'><strong>licet</strong></span> <span class='ocrx_word' id='word_1_433' title='bbox 867 4237 1154 4292; x_wconf 88' lang='lat' dir='ltr'><strong>humanam</strong></span> <span class='ocrx_word' id='word_1_434' title='bbox 1201 4246 1451 4291; x_wconf 84' lang='lat' dir='ltr'><strong>naturam</strong></span> <span class='ocrx_word' id='word_1_435' title='bbox 1479 4239 1853 4307; x_wconf 87' lang='lat' dir='ltr'><strong>assumpserit,</strong></span> <span class='ocrx_word' id='word_1_436' title='bbox 1879 4249 1934 4295; x_wconf 89' lang='lat' dir='ltr'><strong>et</strong></span> <span class='ocrx_word' id='word_1_437' title='bbox 1963 4242 2031 4296; x_wconf 89' lang='lat' dir='ltr'><strong>ad</strong></span> 
     </span>
    </p>
   </div>
   <div class='ocr_carea' id='block_1_63' title="bbox 2136 1856 3722 1932">
    <p class='ocr_par' dir='ltr' id='par_1_63' title="bbox 2136 1856 3722 1932">
     <span class='ocr_line' id='line_1_63' title="bbox 2136 1856 3722 1932; baseline 0.003 -23"><span class='ocrx_word' id='word_1_438' title='bbox 2136 1856 2381 1926; x_wconf 84' lang='grc' dir='ltr'>ματικῶς</span> <span class='ocrx_word' id='word_1_439' title='bbox 2413 1858 2870 1930; x_wconf 86' lang='grc' dir='ltr'>ἀντανιστάμενοί</span> <span class='ocrx_word' id='word_1_440' title='bbox 2905 1878 2966 1913; x_wconf 88' lang='grc' dir='ltr'><strong>τε</strong></span> <span class='ocrx_word' id='word_1_441' title='bbox 3005 1861 3100 1914; x_wconf 71' lang='grc' dir='ltr'><strong>καὶ</strong></span> <span class='ocrx_word' id='word_1_442' title='bbox 3132 1861 3281 1932; x_wconf 84' lang='grc' dir='ltr'>μάλα</span> <span class='ocrx_word' id='word_1_443' title='bbox 3308 1861 3588 1924; x_wconf 79' lang='grc' dir='ltr'>νεανικῶς</span> <span class='ocrx_word' id='word_1_444' title='bbox 3612 1863 3722 1923; x_wconf 82' lang='grc' dir='ltr'>τοῖς</span> 
     </span>
    </p>
   </div>
   <div class='ocr_carea' id='block_1_64' title="bbox 2130 1949 3713 2024">
    <p class='ocr_par' dir='ltr' id='par_1_64' title="bbox 2130 1949 3713 2024">
     <span class='ocr_line' id='line_1_64' title="bbox 2130 1949 3713 2024; baseline 0.002 -23"><span class='ocrx_word' id='word_1_445' title='bbox 2130 1949 2377 2003; x_wconf 76' lang='grc' dir='ltr'>ἐθέλουσι</span> <span class='ocrx_word' id='word_1_446' title='bbox 2404 1952 2849 2022; x_wconf 87' lang='grc' dir='ltr'>παρασημαίνειν</span> <span class='ocrx_word' id='word_1_447' title='bbox 2868 1954 3061 2024; x_wconf 82' lang='grc' dir='ltr'>αὐτὴν,</span> <span class='ocrx_word' id='word_1_448' title='bbox 3087 1954 3308 2009; x_wconf 73' lang='grc' dir='ltr'>καὶτῶν</span> <span class='ocrx_word' id='word_1_449' title='bbox 3336 1953 3503 2007; x_wconf 82' lang='grc' dir='ltr'>θείων</span> <span class='ocrx_word' id='word_1_450' title='bbox 3516 1954 3713 2021; x_wconf 81' lang='grc' dir='ltr'>δογμά-</span> 
     </span>
    </p>
   </div>
   <div class='ocr_carea' id='block_1_65' title="bbox 2130 2042 3725 2115">
    <p class='ocr_par' dir='ltr' id='par_1_65' title="bbox 2130 2042 3725 2115">
     <span class='ocr_line' id='line_1_65' title="bbox 2130 2042 3725 2115; baseline 0 -20"><span class='ocrx_word' id='word_1_451' title='bbox 2130 2060 2238 2095; x_wconf 88' lang='grc' dir='ltr'><strong>των</strong></span> <span class='ocrx_word' id='word_1_452' title='bbox 2272 2043 2368 2114; x_wconf 81' lang='grc' dir='ltr'><strong>τὴν</strong></span> <span class='ocrx_word' id='word_1_453' title='bbox 2405 2042 2675 2114; x_wconf 76' lang='grc' dir='ltr'>ὀρθότητα</span> <span class='ocrx_word' id='word_1_454' title='bbox 2710 2044 3154 2115; x_wconf 82' lang='grc' dir='ltr'>παρατρέπουσιν</span> <span class='ocrx_word' id='word_1_455' title='bbox 3192 2045 3287 2098; x_wconf 84' lang='grc' dir='ltr'>ὲπί</span> <span class='ocrx_word' id='word_1_456' title='bbox 3337 2061 3399 2113; x_wconf 88' lang='grc' dir='ltr'><strong>γε</strong></span> <span class='ocrx_word' id='word_1_457' title='bbox 3437 2043 3499 2096; x_wconf 83' lang='grc' dir='ltr'>τὸ</span> <span class='ocrx_word' id='word_1_458' title='bbox 3528 2044 3725 2106; x_wconf 83' lang='grc' dir='ltr'>αὐτοῖς</span> 
     </span>
    </p>
   </div>
   <div class='ocr_carea' id='block_1_66' title="bbox 2131 2134 3723 2208">
    <p class='ocr_par' dir='ltr' id='par_1_66' title="bbox 2131 2134 3723 2208">
     <span class='ocr_line' id='line_1_66' title="bbox 2131 2134 3723 2208; baseline -0.001 -20"><span class='ocrx_word' id='word_1_459' title='bbox 2131 2134 2553 2206; x_wconf 78' lang='grc' dir='ltr'>ἀπερισκέπτως</span> <span class='ocrx_word' id='word_1_460' title='bbox 2600 2134 2809 2192; x_wconf 89' lang='grc' dir='ltr'>δοκοῦν.</span> <span class='ocrx_word' id='word_1_461' title='bbox 2863 2136 2937 2189; x_wconf 83' lang='grc' dir='ltr'>Οὐ</span> <span class='ocrx_word' id='word_1_462' title='bbox 2977 2136 3086 2208; x_wconf 79' lang='grc' dir='ltr'>γὰρ</span> <span class='ocrx_word' id='word_1_463' title='bbox 3131 2135 3373 2208; x_wconf 72' lang='grc' dir='ltr'>σαρκικὰ</span> <span class='ocrx_word' id='word_1_464' title='bbox 3421 2134 3723 2204; x_wconf 72' lang='grc' dir='ltr'>τοιγαροῦν</span> 
     </span>
    </p>
   </div>
   <div class='ocr_carea' id='block_1_67' title="bbox 2131 2224 3719 2298">
    <p class='ocr_par' dir='ltr' id='par_1_67' title="bbox 2131 2224 3719 2298">
     <span class='ocr_line' id='line_1_67' title="bbox 2131 2224 3719 2298; baseline 0 -20"><span class='ocrx_word' id='word_1_465' title='bbox 2131 2226 2240 2279; x_wconf 84' lang='grc' dir='ltr'><strong>τῶν</strong></span> <span class='ocrx_word' id='word_1_466' title='bbox 2271 2226 2442 2294; x_wconf 84' lang='grc' dir='ltr'>ἁγίων</span> <span class='ocrx_word' id='word_1_467' title='bbox 2465 2226 2534 2279; x_wconf 85' lang='grc' dir='ltr'><strong>τά</strong></span> <span class='ocrx_word' id='word_1_468' title='bbox 2565 2226 2725 2291; x_wconf 83' lang='grc' dir='ltr'>ὅπλα,</span> <span class='ocrx_word' id='word_1_469' title='bbox 2750 2226 2952 2281; x_wconf 88' lang='grc' dir='ltr'>δυνατά</span> <span class='ocrx_word' id='word_1_470' title='bbox 2978 2228 3034 2280; x_wconf 81' lang='grc' dir='ltr'><strong>δὲ</strong></span> <span class='ocrx_word' id='word_1_471' title='bbox 3067 2227 3267 2297; x_wconf 83' lang='grc' dir='ltr'>μᾶλλον</span> <span class='ocrx_word' id='word_1_472' title='bbox 3292 2227 3370 2298; x_wconf 86' lang='grc' dir='ltr'>τῷ</span> <span class='ocrx_word' id='word_1_473' title='bbox 3392 2226 3538 2296; x_wconf 80' lang='grc' dir='ltr'>Θεῷ.</span> <span class='ocrx_word' id='word_1_474' title='bbox 3567 2224 3719 2279; x_wconf 81' lang='grc' dir='ltr'>Καθ-</span> 
     </span>
    </p>
   </div>
   <div class='ocr_carea' id='block_1_68' title="bbox 2133 2318 3719 2391">
    <p class='ocr_par' dir='ltr' id='par_1_68' title="bbox 2133 2318 3719 2391">
     <span class='ocr_line' id='line_1_68' title="bbox 2133 2318 3719 2391; baseline 0.001 -19"><span class='ocrx_word' id='word_1_475' title='bbox 2133 2318 2350 2391; x_wconf 89' lang='grc' dir='ltr'>αἰροῦσι</span> <span class='ocrx_word' id='word_1_476' title='bbox 2399 2318 2507 2389; x_wconf 86' lang='grc' dir='ltr'><strong>γὰρ</strong></span> <span class='ocrx_word' id='word_1_477' title='bbox 2561 2318 2860 2390; x_wconf 74' lang='grc' dir='ltr'>λογισμοὺς</span> <span class='ocrx_word' id='word_1_478' title='bbox 2922 2320 3051 2383; x_wconf 74' lang='grc' dir='ltr'>τοὺς</span> <span class='ocrx_word' id='word_1_479' title='bbox 3095 2321 3175 2383; x_wconf 82' lang='grc' dir='ltr'><strong>είς</strong></span> <span class='ocrx_word' id='word_1_480' title='bbox 3241 2319 3517 2381; x_wconf 76' lang='grc' dir='ltr'>ἐκτύπους</span> <span class='ocrx_word' id='word_1_481' title='bbox 3572 2319 3719 2388; x_wconf 75' lang='grc' dir='ltr'>ἡμᾶς</span> 
     </span>
    </p>
   </div>
   <div class='ocr_carea' id='block_1_69' title="bbox 2134 2405 3718 2481">
    <p class='ocr_par' dir='ltr' id='par_1_69' title="bbox 2134 2405 3718 2481">
     <span class='ocr_line' id='line_1_69' title="bbox 2134 2405 3718 2481; baseline -0.002 -17"><span class='ocrx_word' id='word_1_482' title='bbox 2134 2412 2342 2475; x_wconf 78' lang='grc' dir='ltr'>ἐννοίας</span> <span class='ocrx_word' id='word_1_483' title='bbox 2372 2410 2829 2481; x_wconf 78' lang='grc' dir='ltr'>ἀποκομίζοντας.</span> <span class='ocrx_word' id='word_1_484' title='bbox 2865 2411 2978 2465; x_wconf 69' lang='grc' dir='ltr'>Καὶ</span> <span class='ocrx_word' id='word_1_485' title='bbox 2998 2405 3086 2466; x_wconf 83' lang='grc' dir='ltr'><strong>οἷά</strong></span> <span class='ocrx_word' id='word_1_486' title='bbox 3105 2427 3260 2475; x_wconf 85' lang='grc' dir='ltr'>τινας</span> <span class='ocrx_word' id='word_1_487' title='bbox 3287 2409 3398 2464; x_wconf 84' lang='grc' dir='ltr'>τῶν</span> <span class='ocrx_word' id='word_1_488' title='bbox 3420 2409 3718 2480; x_wconf 76' lang='grc' dir='ltr'>ἀλιτηρίων</span> 
     </span>
    </p>
   </div>
   <div class='ocr_carea' id='block_1_70' title="bbox 2137 2502 3717 2576">
    <p class='ocr_par' dir='ltr' id='par_1_70' title="bbox 2137 2502 3717 2576">
     <span class='ocr_line' id='line_1_70' title="bbox 2137 2502 3717 2576; baseline -0.003 -18"><span class='ocrx_word' id='word_1_489' title='bbox 2137 2503 2452 2576; x_wconf 87' lang='grc' dir='ltr'>βαρϐάρων,</span> <span class='ocrx_word' id='word_1_490' title='bbox 2482 2506 2549 2575; x_wconf 81' lang='grc' dir='ltr'>τῇ</span> <span class='ocrx_word' id='word_1_491' title='bbox 2580 2503 2844 2573; x_wconf 84' lang='grc' dir='ltr'>βασιλέως</span> <span class='ocrx_word' id='word_1_492' title='bbox 2874 2502 3003 2575; x_wconf 79' lang='grc' dir='ltr'>δόξῃ</span> <span class='ocrx_word' id='word_1_493' title='bbox 3024 2504 3351 2573; x_wconf 77' lang='grc' dir='ltr'>φιλονεικεῖν</span> <span class='ocrx_word' id='word_1_494' title='bbox 3382 2502 3717 2570; x_wconf 66' lang='grc' dir='ltr'>ἐγνωκότας,</span> 
     </span>
    </p>
   </div>
   <div class='ocr_carea' id='block_1_71' title="bbox 2135 2592 3718 2665">
    <p class='ocr_par' dir='ltr' id='par_1_71' title="bbox 2135 2592 3718 2665">
     <span class='ocr_line' id='line_1_71' title="bbox 2135 2592 3718 2665; baseline -0.003 -16"><span class='ocrx_word' id='word_1_495' title='bbox 2135 2597 2199 2649; x_wconf 83' lang='grc' dir='ltr'>ὲκ</span> <span class='ocrx_word' id='word_1_496' title='bbox 2228 2595 2395 2665; x_wconf 81' lang='grc' dir='ltr'>μέσου</span> <span class='ocrx_word' id='word_1_497' title='bbox 2444 2597 2669 2665; x_wconf 83' lang='grc' dir='ltr'>ποιῆσαι</span> <span class='ocrx_word' id='word_1_498' title='bbox 2706 2594 3093 2659; x_wconf 80' lang='grc' dir='ltr'>σπουδάζουσι·</span> <span class='ocrx_word' id='word_1_499' title='bbox 3126 2594 3230 2648; x_wconf 77' lang='grc' dir='ltr'><strong>κᾶν</strong></span> <span class='ocrx_word' id='word_1_500' title='bbox 3273 2597 3328 2648; x_wconf 83' lang='grc' dir='ltr'><strong>εί</strong></span> <span class='ocrx_word' id='word_1_501' title='bbox 3352 2611 3441 2658; x_wconf 86' lang='grc' dir='ltr'><strong>τις</strong></span> <span class='ocrx_word' id='word_1_502' title='bbox 3471 2595 3557 2657; x_wconf 82' lang='grc' dir='ltr'>εἰς</span> <span class='ocrx_word' id='word_1_503' title='bbox 3590 2592 3718 2662; x_wconf 63' lang='grc' dir='ltr'>ῦψος</span> 
     </span>
    </p>
   </div>
   <div class='ocr_carea' id='block_1_72' title="bbox 2134 2685 3745 2758">
    <p class='ocr_par' dir='ltr' id='par_1_72' title="bbox 2134 2685 3745 2758">
     <span class='ocr_line' id='line_1_72' title="bbox 2134 2685 3745 2758; baseline -0.002 -18"><span class='ocrx_word' id='word_1_504' title='bbox 2134 2686 2354 2758; x_wconf 80' lang='grc' dir='ltr'>ὲπαίροι</span> <span class='ocrx_word' id='word_1_505' title='bbox 2380 2686 2443 2739; x_wconf 81' lang='grc' dir='ltr'><strong>τὸ</strong></span> <span class='ocrx_word' id='word_1_506' title='bbox 2483 2685 2652 2758; x_wconf 81' lang='grc' dir='ltr'>κέρας</span> <span class='ocrx_word' id='word_1_507' title='bbox 2677 2686 2789 2739; x_wconf 84' lang='grc' dir='ltr'><strong>τῶν</strong></span> <span class='ocrx_word' id='word_1_508' title='bbox 2818 2685 3089 2740; x_wconf 83' lang='grc' dir='ltr'>εἰωθότων</span> <span class='ocrx_word' id='word_1_509' title='bbox 3116 2686 3299 2739; x_wconf 81' lang='grc' dir='ltr'>λαλεῖν</span> <span class='ocrx_word' id='word_1_510' title='bbox 3338 2685 3560 2738; x_wconf 80' lang='grc' dir='ltr'>ἀδικίαν</span> <span class='ocrx_word' id='word_1_511' title='bbox 3584 2685 3717 2737; x_wconf 80' lang='grc' dir='ltr'><strong>κατά</strong></span> <span class='ocrx_word' id='word_1_512' title='bbox 3734 2698 3745 2707; x_wconf 84' lang='grc'><em>’</em></span> 
     </span>
    </p>
   </div>
   <div class='ocr_carea' id='block_1_73' title="bbox 2134 2772 3720 2848">
    <p class='ocr_par' dir='ltr' id='par_1_73' title="bbox 2134 2772 3720 2848">
     <span class='ocr_line' id='line_1_73' title="bbox 2134 2772 3720 2848; baseline -0.004 -15"><span class='ocrx_word' id='word_1_513' title='bbox 2134 2772 2291 2845; x_wconf 79' lang='grc' dir='ltr'>Θεοῦ,</span> <span class='ocrx_word' id='word_1_514' title='bbox 2330 2778 2520 2832; x_wconf 87' lang='grc' dir='ltr'>τοῦτον</span> <span class='ocrx_word' id='word_1_515' title='bbox 2556 2776 2790 2840; x_wconf 74' lang='grc' dir='ltr'>ἐννοίαις</span> <span class='ocrx_word' id='word_1_516' title='bbox 2830 2780 2954 2841; x_wconf 87' lang='grc' dir='ltr'>ταῖς</span> <span class='ocrx_word' id='word_1_517' title='bbox 3000 2778 3081 2841; x_wconf 88' lang='grc' dir='ltr'>εἰς</span> <span class='ocrx_word' id='word_1_518' title='bbox 3118 2775 3392 2848; x_wconf 86' lang='grc' dir='ltr'>ὀρθότητα</span> <span class='ocrx_word' id='word_1_519' title='bbox 3433 2773 3720 2846; x_wconf 80' lang='grc' dir='ltr'>μονονουχὶ</span> 
     </span>
    </p>
   </div>
   <div class='ocr_carea' id='block_1_74' title="bbox 2134 2862 3718 2939">
    <p class='ocr_par' dir='ltr' id='par_1_74' title="bbox 2134 2862 3718 2939">
     <span class='ocr_line' id='line_1_74' title="bbox 2134 2862 3718 2939; baseline -0.004 -14"><span class='ocrx_word' id='word_1_520' title='bbox 2134 2870 2520 2933; x_wconf 89' lang='grc' dir='ltr'>καταπαίουσι,</span> <span class='ocrx_word' id='word_1_521' title='bbox 2553 2867 2933 2939; x_wconf 79' lang='grc' dir='ltr'>μετατιθέντες</span> <span class='ocrx_word' id='word_1_522' title='bbox 2962 2867 3043 2931; x_wconf 83' lang='grc' dir='ltr'><strong>είς</strong></span> <span class='ocrx_word' id='word_1_523' title='bbox 3067 2867 3129 2920; x_wconf 83' lang='grc' dir='ltr'>τὸ</span> <span class='ocrx_word' id='word_1_524' title='bbox 3159 2867 3313 2931; x_wconf 78' lang='grc' dir='ltr'>εὐθὺ,</span> <span class='ocrx_word' id='word_1_525' title='bbox 3351 2868 3450 2919; x_wconf 70' lang='grc' dir='ltr'><strong>καὶ</strong></span> <span class='ocrx_word' id='word_1_526' title='bbox 3479 2867 3598 2925; x_wconf 84' lang='grc' dir='ltr'>τοῖς</span> <span class='ocrx_word' id='word_1_527' title='bbox 3622 2862 3718 2935; x_wconf 77' lang='grc' dir='ltr'>τῆς</span> 
     </span>
    </p>
   </div>
   <div class='ocr_carea' id='block_1_75' title="bbox 2134 2953 3717 3032">
    <p class='ocr_par' dir='ltr' id='par_1_75' title="bbox 2134 2953 3717 3032">
     <span class='ocr_line' id='line_1_75' title="bbox 2134 2953 3717 3032; baseline -0.006 -14"><span class='ocrx_word' id='word_1_528' title='bbox 2134 2962 2392 3030; x_wconf 84' lang='grc' dir='ltr'>ἀληθείας</span> <span class='ocrx_word' id='word_1_529' title='bbox 2437 2959 2826 3032; x_wconf 76' lang='grc' dir='ltr'>ὲμϐιϐάζοντες</span> <span class='ocrx_word' id='word_1_530' title='bbox 2877 2958 3076 3028; x_wconf 86' lang='grc' dir='ltr'>λόγοις.</span> <span class='ocrx_word' id='word_1_531' title='bbox 3124 2955 3427 3028; x_wconf 82' lang='grc' dir='ltr'>Εὐτεχνίας</span> <span class='ocrx_word' id='word_1_532' title='bbox 3471 2953 3564 3010; x_wconf 80' lang='grc' dir='ltr'><strong>οῦν</strong></span> <span class='ocrx_word' id='word_1_533' title='bbox 3610 2956 3717 3027; x_wconf 73' lang='grc' dir='ltr'><strong>ἀρα</strong></span> 
     </span>
    </p>
   </div>
   <div class='ocr_carea' id='block_1_76' title="bbox 2134 3046 3715 3125">
    <p class='ocr_par' dir='ltr' id='par_1_76' title="bbox 2134 3046 3715 3125">
     <span class='ocr_line' id='line_1_76' title="bbox 2134 3046 3715 3125; baseline -0.006 -18"><span class='ocrx_word' id='word_1_534' title='bbox 2134 3056 2233 3125; x_wconf 78' lang='grc' dir='ltr'>τῆς</span> <span class='ocrx_word' id='word_1_535' title='bbox 2277 3052 2495 3121; x_wconf 83' lang='grc' dir='ltr'>ἀληθῶς</span> <span class='ocrx_word' id='word_1_536' title='bbox 2564 3047 2936 3121; x_wconf 86' lang='grc' dir='ltr'>ἀγιοπρεποῦς</span> <span class='ocrx_word' id='word_1_537' title='bbox 2988 3048 3150 3120; x_wconf 75' lang='grc' dir='ltr'>ἔργον</span> <span class='ocrx_word' id='word_1_538' title='bbox 3206 3048 3274 3102; x_wconf 81' lang='grc' dir='ltr'><strong>ἂν</strong></span> <span class='ocrx_word' id='word_1_539' title='bbox 3327 3049 3563 3116; x_wconf 81' lang='grc' dir='ltr'>γένοιτο,</span> <span class='ocrx_word' id='word_1_540' title='bbox 3625 3046 3715 3099; x_wconf 75' lang='grc' dir='ltr'>καὶ</span> 
     </span>
    </p>
   </div>
   <div class='ocr_carea' id='block_1_77' title="bbox 2135 3136 3711 3219">
    <p class='ocr_par' dir='ltr' id='par_1_77' title="bbox 2135 3136 3711 3219">
     <span class='ocr_line' id='line_1_77' title="bbox 2135 3136 3711 3219; baseline -0.007 -18"><span class='ocrx_word' id='word_1_541' title='bbox 2135 3146 2370 3219; x_wconf 79' lang='grc' dir='ltr'>ἀρέσκον</span> <span class='ocrx_word' id='word_1_542' title='bbox 2392 3142 2533 3214; x_wconf 80' lang='grc' dir='ltr'>Θεῷ,</span> <span class='ocrx_word' id='word_1_543' title='bbox 2563 3143 2625 3196; x_wconf 80' lang='grc' dir='ltr'><strong>τὸ</strong></span> <span class='ocrx_word' id='word_1_544' title='bbox 2653 3144 2770 3205; x_wconf 88' lang='grc' dir='ltr'>τοῖς</span> <span class='ocrx_word' id='word_1_545' title='bbox 2808 3142 2911 3212; x_wconf 85' lang='grc' dir='ltr'><strong>τῆς</strong></span> <span class='ocrx_word' id='word_1_546' title='bbox 2944 3139 3262 3211; x_wconf 88' lang='grc' dir='ltr'>οἰκονομίας</span> <span class='ocrx_word' id='word_1_547' title='bbox 3293 3139 3477 3207; x_wconf 82' lang='grc' dir='ltr'>λόγοις</span> <span class='ocrx_word' id='word_1_548' title='bbox 3514 3136 3711 3205; x_wconf 71' lang='grc' dir='ltr'><strong>ὑποφέ-</strong></span> 
     </span>
    </p>
   </div>
   <div class='ocr_carea' id='block_1_78' title="bbox 2139 3225 3709 3311">
    <p class='ocr_par' dir='ltr' id='par_1_78' title="bbox 2139 3225 3709 3311">
     <span class='ocr_line' id='line_1_78' title="bbox 2139 3225 3709 3311; baseline -0.007 -20"><span class='ocrx_word' id='word_1_549' title='bbox 2139 3256 2252 3311; x_wconf 83' lang='grc' dir='ltr'>ρειν</span> <span class='ocrx_word' id='word_1_550' title='bbox 2291 3237 2377 3289; x_wconf 54' lang='grc' dir='ltr'><strong>ἀεὶ⁵</strong></span> <span class='ocrx_word' id='word_1_551' title='bbox 2403 3235 2465 3288; x_wconf 81' lang='grc' dir='ltr'>τὸ</span> <span class='ocrx_word' id='word_1_552' title='bbox 2498 3231 2883 3308; x_wconf 52' lang='grc' dir='ltr'>ἀντιτετάχθαι</span> <span class='ocrx_word' id='word_1_553' title='bbox 2929 3230 3123 3285; x_wconf 84' lang='grc' dir='ltr'>δοκοῦν</span> <span class='ocrx_word' id='word_1_554' title='bbox 3161 3233 3230 3301; x_wconf 80' lang='grc' dir='ltr'>τῇ</span> <span class='ocrx_word' id='word_1_555' title='bbox 3273 3228 3401 3300; x_wconf 83' lang='grc' dir='ltr'>δόξῃ</span> <span class='ocrx_word' id='word_1_556' title='bbox 3454 3225 3709 3301; x_wconf 78' lang='grc' dir='ltr'>Χριστοῦ.</span> 
     </span>
    </p>
   </div>
   <div class='ocr_carea' id='block_1_79' title="bbox 2135 3317 3710 3399">
    <p class='ocr_par' dir='ltr' id='par_1_79' title="bbox 2135 3317 3710 3399">
     <span class='ocr_line' id='line_1_79' title="bbox 2135 3317 3710 3399; baseline -0.008 -15"><span class='ocrx_word' id='word_1_557' title='bbox 2135 3330 2266 3393; x_wconf 76' lang='grc' dir='ltr'>Θεὸς</span> <span class='ocrx_word' id='word_1_558' title='bbox 2300 3329 2409 3399; x_wconf 81' lang='grc' dir='ltr'>γὰρ</span> <span class='ocrx_word' id='word_1_559' title='bbox 2438 3327 2513 3380; x_wconf 83' lang='grc' dir='ltr'><strong>ὢν</strong></span> <span class='ocrx_word' id='word_1_560' title='bbox 2545 3328 2573 3380; x_wconf 85' lang='grc' dir='ltr'><strong>ὁ</strong></span> <span class='ocrx_word' id='word_1_561' title='bbox 2594 3326 2788 3391; x_wconf 83' lang='grc' dir='ltr'>Λόγος,</span> <span class='ocrx_word' id='word_1_562' title='bbox 2820 3324 2913 3377; x_wconf 72' lang='grc' dir='ltr'><strong>καὶ</strong></span> <span class='ocrx_word' id='word_1_563' title='bbox 2945 3324 3003 3376; x_wconf 81' lang='grc' dir='ltr'>ὲν</span> <span class='ocrx_word' id='word_1_564' title='bbox 3037 3325 3221 3393; x_wconf 70' lang='grc' dir='ltr'>μορφῇ</span> <span class='ocrx_word' id='word_1_565' title='bbox 3256 3321 3351 3374; x_wconf 84' lang='grc' dir='ltr'><strong>καί</strong></span> <span class='ocrx_word' id='word_1_566' title='bbox 3377 3320 3587 3389; x_wconf 70' lang='grc' dir='ltr'>ἰσότητι</span> <span class='ocrx_word' id='word_1_567' title='bbox 3621 3317 3710 3372; x_wconf 82' lang='grc' dir='ltr'><strong>τοῦ</strong></span> 
     </span>
    </p>
   </div>
   <div class='ocr_carea' id='block_1_80' title="bbox 2136 3410 3711 3491">
    <p class='ocr_par' dir='ltr' id='par_1_80' title="bbox 2136 3410 3711 3491">
     <span class='ocr_line' id='line_1_80' title="bbox 2136 3410 3711 3491; baseline -0.01 -16"><span class='ocrx_word' id='word_1_568' title='bbox 2136 3421 2371 3491; x_wconf 82' lang='grc' dir='ltr'>Πατρὸς,</span> <span class='ocrx_word' id='word_1_569' title='bbox 2409 3418 2601 3473; x_wconf 77' lang='grc' dir='ltr'>ἑαυτὸν</span> <span class='ocrx_word' id='word_1_570' title='bbox 2649 3416 2891 3485; x_wconf 77' lang='grc' dir='ltr'>καθῆκεν</span> <span class='ocrx_word' id='word_1_571' title='bbox 2943 3416 3022 3477; x_wconf 84' lang='grc' dir='ltr'><strong>είς</strong></span> <span class='ocrx_word' id='word_1_572' title='bbox 3060 3415 3311 3474; x_wconf 78' lang='grc' dir='ltr'>κένωσιν,</span> <span class='ocrx_word' id='word_1_573' title='bbox 3355 3411 3454 3465; x_wconf 74' lang='grc' dir='ltr'><strong>καὶ</strong></span> <span class='ocrx_word' id='word_1_574' title='bbox 3495 3410 3711 3478; x_wconf 79' lang='grc' dir='ltr'>γέγονεν</span> 
     </span>
    </p>
   </div>
   <div class='ocr_carea' id='block_1_81' title="bbox 2137 3505 3710 3583">
    <p class='ocr_par' dir='ltr' id='par_1_81' title="bbox 2137 3505 3710 3583">
     <span class='ocr_line' id='line_1_81' title="bbox 2137 3505 3710 3583; baseline -0.01 -14"><span class='ocrx_word' id='word_1_575' title='bbox 2137 3516 2377 3583; x_wconf 80' lang='grc' dir='ltr'>ὑπήκοος</span> <span class='ocrx_word' id='word_1_576' title='bbox 2406 3513 2568 3583; x_wconf 85' lang='grc' dir='ltr'>μέχρι</span> <span class='ocrx_word' id='word_1_577' title='bbox 2611 3509 2864 3564; x_wconf 87' lang='grc' dir='ltr'>θανάτου.</span> <span class='ocrx_word' id='word_1_578' title='bbox 2886 3510 2980 3560; x_wconf 87' lang='grc' dir='ltr'>Δεῖ</span> <span class='ocrx_word' id='word_1_579' title='bbox 3006 3507 3186 3560; x_wconf 84' lang='grc' dir='ltr'>τοίνυν</span> <span class='ocrx_word' id='word_1_580' title='bbox 3215 3507 3325 3559; x_wconf 74' lang='grc' dir='ltr'>πᾶν</span> <span class='ocrx_word' id='word_1_581' title='bbox 3357 3505 3536 3574; x_wconf 81' lang='grc' dir='ltr'>νόημα</span> <span class='ocrx_word' id='word_1_582' title='bbox 3564 3519 3710 3571; x_wconf 82' lang='grc' dir='ltr'>περι-</span> 
     </span>
    </p>
   </div>
   <div class='ocr_carea' id='block_1_82' title="bbox 2135 3592 3712 3678">
    <p class='ocr_par' dir='ltr' id='par_1_82' title="bbox 2135 3592 3712 3678">
     <span class='ocr_line' id='line_1_82' title="bbox 2135 3592 3712 3678; baseline -0.01 -18"><span class='ocrx_word' id='word_1_583' title='bbox 2135 3607 2358 3678; x_wconf 84' lang='grc' dir='ltr'>τρέπειν</span> <span class='ocrx_word' id='word_1_584' title='bbox 2401 3604 2655 3666; x_wconf 86' lang='grc' dir='ltr'>ἀστείως,</span> <span class='ocrx_word' id='word_1_585' title='bbox 2722 3602 2818 3655; x_wconf 73' lang='grc' dir='ltr'><strong>καὶ</strong></span> <span class='ocrx_word' id='word_1_586' title='bbox 2853 3595 2964 3654; x_wconf 74' lang='grc' dir='ltr'>οἷον</span> <span class='ocrx_word' id='word_1_587' title='bbox 3016 3598 3443 3669; x_wconf 75' lang='grc' dir='ltr'>αἰχμαλωτίζειν</span> <span class='ocrx_word' id='word_1_588' title='bbox 3490 3598 3570 3659; x_wconf 70' lang='grc' dir='ltr'>εἷς</span> <span class='ocrx_word' id='word_1_589' title='bbox 3618 3592 3712 3663; x_wconf 73' lang='grc' dir='ltr'>τὴν</span> 
     </span>
    </p>
   </div>
   <div class='ocr_carea' id='block_1_83' title="bbox 2138 3685 3710 3765">
    <p class='ocr_par' dir='ltr' id='par_1_83' title="bbox 2138 3685 3710 3765">
     <span class='ocr_line' id='line_1_83' title="bbox 2138 3685 3710 3765; baseline -0.006 -17"><span class='ocrx_word' id='word_1_590' title='bbox 2138 3693 2380 3765; x_wconf 79' lang='grc' dir='ltr'>ὑπακοὴν</span> <span class='ocrx_word' id='word_1_591' title='bbox 2404 3693 2592 3747; x_wconf 87' lang='grc' dir='ltr'>αὐτοῦ.</span> <span class='ocrx_word' id='word_1_592' title='bbox 2626 3690 2813 3762; x_wconf 84' lang='grc' dir='ltr'>Είγάρ</span> <span class='ocrx_word' id='word_1_593' title='bbox 2842 3691 2906 3761; x_wconf 94' lang='grc' dir='ltr'><strong>δή</strong></span> <span class='ocrx_word' id='word_1_594' title='bbox 2932 3706 2985 3742; x_wconf 88' lang='grc' dir='ltr'><strong>τι</strong></span> <span class='ocrx_word' id='word_1_595' title='bbox 3016 3688 3230 3756; x_wconf 78' lang='grc' dir='ltr'>λέγοιτο</span> <span class='ocrx_word' id='word_1_596' title='bbox 3256 3689 3352 3741; x_wconf 76' lang='grc' dir='ltr'><strong>καὶ</strong></span> <span class='ocrx_word' id='word_1_597' title='bbox 3376 3687 3486 3740; x_wconf 83' lang='grc' dir='ltr'><strong>τῶν</strong></span> <span class='ocrx_word' id='word_1_598' title='bbox 3510 3685 3710 3754; x_wconf 79' lang='grc' dir='ltr'>ἀνθρω-</span> 
     </span>
    </p>
   </div>
   <div class='ocr_carea' id='block_1_84' title="bbox 2139 3772 3707 3851">
    <p class='ocr_par' dir='ltr' id='par_1_84' title="bbox 2139 3772 3707 3851">
     <span class='ocr_line' id='line_1_84' title="bbox 2139 3772 3707 3851; baseline -0.008 -13"><span class='ocrx_word' id='word_1_599' title='bbox 2139 3785 2329 3851; x_wconf 88' lang='grc' dir='ltr'>πίνων,</span> <span class='ocrx_word' id='word_1_600' title='bbox 2371 3785 2489 3837; x_wconf 78' lang='grc' dir='ltr'>κατ’</span> <span class='ocrx_word' id='word_1_601' title='bbox 2543 3782 2739 3836; x_wconf 77' lang='grc' dir='ltr'>οὐδένα</span> <span class='ocrx_word' id='word_1_602' title='bbox 2778 3781 2980 3849; x_wconf 85' lang='grc' dir='ltr'>τρόπον</span> <span class='ocrx_word' id='word_1_603' title='bbox 3012 3779 3319 3848; x_wconf 86' lang='grc' dir='ltr'>ἀδικήσειεν</span> <span class='ocrx_word' id='word_1_604' title='bbox 3371 3778 3437 3831; x_wconf 83' lang='grc' dir='ltr'><strong>ἀν</strong></span> <span class='ocrx_word' id='word_1_605' title='bbox 3485 3776 3585 3847; x_wconf 75' lang='grc' dir='ltr'><strong>τὴν</strong></span> <span class='ocrx_word' id='word_1_606' title='bbox 3623 3772 3707 3827; x_wconf 80' lang='grc' dir='ltr'><strong>τοῦ</strong></span> 
     </span>
    </p>
   </div>
   <div class='ocr_carea' id='block_1_85' title="bbox 2139 3863 3711 3945">
    <p class='ocr_par' dir='ltr' id='par_1_85' title="bbox 2139 3863 3711 3945">
     <span class='ocr_line' id='line_1_85' title="bbox 2139 3863 3711 3945; baseline -0.007 -16"><span class='ocrx_word' id='word_1_607' title='bbox 2139 3877 2314 3945; x_wconf 82' lang='grc' dir='ltr'>Λόγου</span> <span class='ocrx_word' id='word_1_608' title='bbox 2366 3875 2528 3944; x_wconf 72' lang='grc' dir='ltr'>φύσιν</span> <span class='ocrx_word' id='word_1_609' title='bbox 2557 3875 2618 3927; x_wconf 78' lang='grc' dir='ltr'>τὸ</span> <span class='ocrx_word' id='word_1_610' title='bbox 2656 3874 2714 3925; x_wconf 81' lang='grc' dir='ltr'><strong>ἐν</strong></span> <span class='ocrx_word' id='word_1_611' title='bbox 2749 3870 3130 3942; x_wconf 81' lang='grc' dir='ltr'>ἀνθρωπότητι</span> <span class='ocrx_word' id='word_1_612' title='bbox 3181 3863 3621 3940; x_wconf 82' lang='grc' dir='ltr'>σμικροπρεπὲς,</span> <span class='ocrx_word' id='word_1_613' title='bbox 3665 3867 3711 3918; x_wconf 79' lang='grc' dir='ltr'><strong>εί</strong></span> 
     </span>
    </p>
   </div>
   <div class='ocr_carea' id='block_1_86' title="bbox 2134 3955 3712 4035">
    <p class='ocr_par' dir='ltr' id='par_1_86' title="bbox 2134 3955 3712 4035">
     <span class='ocr_line' id='line_1_86' title="bbox 2134 3955 3712 4035; baseline -0.007 -14"><span class='ocrx_word' id='word_1_614' title='bbox 2134 3966 2443 4022; x_wconf 79' lang='grc' dir='ltr'>πιστεύοιτο</span> <span class='ocrx_word' id='word_1_615' title='bbox 2463 3965 2588 4019; x_wconf 78' lang='grc' dir='ltr'>καθ’</span> <span class='ocrx_word' id='word_1_616' title='bbox 2620 3965 2768 4035; x_wconf 73' lang='grc' dir='ltr'>ἡμᾶς</span> <span class='ocrx_word' id='word_1_617' title='bbox 2791 3962 3079 4034; x_wconf 78' lang='grc' dir='ltr'>ἄνθρωπος</span> <span class='ocrx_word' id='word_1_618' title='bbox 3102 3960 3373 4030; x_wconf 85' lang='grc' dir='ltr'>γεγονώς·</span> <span class='ocrx_word' id='word_1_619' title='bbox 3410 3960 3508 4012; x_wconf 68' lang='grc' dir='ltr'><strong>καὶ</strong></span> <span class='ocrx_word' id='word_1_620' title='bbox 3538 3958 3597 4012; x_wconf 78' lang='grc' dir='ltr'><strong>οῦ</strong></span> <span class='ocrx_word' id='word_1_621' title='bbox 3635 3955 3712 4011; x_wconf 84' lang='grc' dir='ltr'><strong>τοί</strong></span> 
     </span>
    </p>
   </div>
   <div class='ocr_carea' id='block_1_87' title="bbox 2135 4051 3711 4127">
    <p class='ocr_par' dir='ltr' id='par_1_87' title="bbox 2135 4051 3711 4127">
     <span class='ocr_line' id='line_1_87' title="bbox 2135 4051 3711 4127; baseline -0.007 -13"><span class='ocrx_word' id='word_1_622' title='bbox 2135 4078 2238 4114; x_wconf 90' lang='grc' dir='ltr'><strong>που</strong></span> <span class='ocrx_word' id='word_1_623' title='bbox 2269 4060 2331 4113; x_wconf 83' lang='grc' dir='ltr'><strong>τὸ</strong></span> <span class='ocrx_word' id='word_1_624' title='bbox 2363 4054 2503 4110; x_wconf 82' lang='grc' dir='ltr'>εἶναι</span> <span class='ocrx_word' id='word_1_625' title='bbox 2538 4057 2671 4120; x_wconf 80' lang='grc' dir='ltr'>Θεὸς</span> <span class='ocrx_word' id='word_1_626' title='bbox 2710 4054 3128 4127; x_wconf 83' lang='grc' dir='ltr'>ἀποϐεϐληκὼς,</span> <span class='ocrx_word' id='word_1_627' title='bbox 3154 4052 3291 4107; x_wconf 85' lang='grc' dir='ltr'><strong>ἀλλά</strong></span> <span class='ocrx_word' id='word_1_628' title='bbox 3318 4051 3461 4123; x_wconf 84' lang='grc' dir='ltr'><strong>μετά</strong></span> <span class='ocrx_word' id='word_1_629' title='bbox 3487 4051 3585 4105; x_wconf 88' lang='grc' dir='ltr'><strong>τοῦ</strong></span> <span class='ocrx_word' id='word_1_630' title='bbox 3613 4051 3711 4122; x_wconf 78' lang='grc' dir='ltr'>μεῖ-</span> 
     </span>
    </p>
   </div>
   <div class='ocr_carea' id='block_1_88' title="bbox 2134 4143 3713 4219">
    <p class='ocr_par' dir='ltr' id='par_1_88' title="bbox 2134 4143 3713 4219">
     <span class='ocr_line' id='line_1_88' title="bbox 2134 4143 3713 4219; baseline -0.006 -14"><span class='ocrx_word' id='word_1_631' title='bbox 2134 4150 2221 4205; x_wconf 86' lang='grc' dir='ltr'><strong>ναι</strong></span> <span class='ocrx_word' id='word_1_632' title='bbox 2251 4150 2408 4214; x_wconf 85' lang='grc' dir='ltr'>Θεὸς,</span> <span class='ocrx_word' id='word_1_633' title='bbox 2442 4145 2766 4219; x_wconf 75' lang='grc' dir='ltr'>προσλαϐὼν</span> <span class='ocrx_word' id='word_1_634' title='bbox 2805 4146 2866 4199; x_wconf 77' lang='grc' dir='ltr'>τὸ</span> <span class='ocrx_word' id='word_1_635' title='bbox 2909 4143 3281 4215; x_wconf 83' lang='grc' dir='ltr'>ἀνθρώπινον,</span> <span class='ocrx_word' id='word_1_636' title='bbox 3332 4145 3431 4197; x_wconf 71' lang='grc' dir='ltr'>καὶ</span> <span class='ocrx_word' id='word_1_637' title='bbox 3476 4143 3713 4215; x_wconf 72' lang='grc' dir='ltr'>ὑπήκοος</span> 
     </span>
    </p>
   </div>
   <div class='ocr_carea' id='block_1_89' title="bbox 2134 4235 3429 4312">
    <p class='ocr_par' dir='ltr' id='par_1_89' title="bbox 2134 4235 3429 4312">
     <span class='ocr_line' id='line_1_89' title="bbox 2134 4235 3429 4312; baseline -0.007 -16"><span class='ocrx_word' id='word_1_638' title='bbox 2134 4243 2424 4312; x_wconf 87' lang='grc' dir='ltr'>γενόμενος</span> <span class='ocrx_word' id='word_1_639' title='bbox 2458 4238 2618 4311; x_wconf 85' lang='grc' dir='ltr'>μέχρι</span> <span class='ocrx_word' id='word_1_640' title='bbox 2650 4237 2880 4291; x_wconf 84' lang='grc' dir='ltr'>θανάτου</span> <span class='ocrx_word' id='word_1_641' title='bbox 2914 4236 3055 4289; x_wconf 75' lang='grc' dir='ltr'>κατὰ</span> <span class='ocrx_word' id='word_1_642' title='bbox 3093 4236 3191 4305; x_wconf 80' lang='grc' dir='ltr'>τὴν</span> <span class='ocrx_word' id='word_1_643' title='bbox 3228 4235 3429 4304; x_wconf 82' lang='grc' dir='ltr'>σάρκα.</span> 
     </span>
    </p>
   </div>
   <div class='ocr_carea' id='block_1_90' title="bbox 455 4324 3709 4406">
    <p class='ocr_par' dir='ltr' id='par_1_90' title="bbox 455 4324 3709 4406">
     <span class='ocr_line' id='line_1_90' title="bbox 455 4324 3709 4406; baseline -0.002 -20"><span class='ocrx_word' id='word_1_644' title='bbox 455 4339 687 4386; x_wconf 86' lang='lat' dir='ltr'><strong>mortem</strong></span> <span class='ocrx_word' id='word_1_645' title='bbox 744 4342 915 4397; x_wconf 91' lang='lat' dir='ltr'><strong>usque</strong></span> <span class='ocrx_word' id='word_1_646' title='bbox 950 4332 1245 4385; x_wconf 89' lang='lat' dir='ltr'><strong>secundum</strong></span> <span class='ocrx_word' id='word_1_647' title='bbox 1298 4344 1517 4385; x_wconf 87' lang='lat' dir='ltr'><strong>carnem</strong></span> <span class='ocrx_word' id='word_1_648' title='bbox 1570 4330 1644 4386; x_wconf 85' lang='lat' dir='ltr'><strong>sit</strong></span> <span class='ocrx_word' id='word_1_649' title='bbox 1685 4330 1863 4389; x_wconf 76' lang='lat' dir='ltr'><strong>factus</strong></span> <span class='ocrx_word' id='word_1_650' title='bbox 1890 4335 2172 4399; x_wconf 89' lang='lat' dir='ltr'><strong>obediens,</strong></span> <span class='ocrx_word' id='word_1_651' title='bbox 2211 4334 2372 4406; x_wconf 69' lang='grc'><strong>148</strong></span> <span class='ocrx_word' id='word_1_652' title='bbox 2410 4332 2608 4388; x_wconf 79' lang='lat' dir='ltr'><strong>millam</strong></span> <span class='ocrx_word' id='word_1_653' title='bbox 2667 4340 2847 4386; x_wconf 85' lang='lat' dir='ltr'><strong>tamen</strong></span> <span class='ocrx_word' id='word_1_654' title='bbox 2915 4326 3212 4385; x_wconf 83' lang='lat' dir='ltr'><strong>divinitatis</strong></span> <span class='ocrx_word' id='word_1_655' title='bbox 3270 4324 3384 4382; x_wconf 71' lang='lat' dir='ltr'><strong>sua:</strong></span> <span class='ocrx_word' id='word_1_656' title='bbox 3439 4327 3709 4397; x_wconf 77' lang='lat' dir='ltr'><strong>iacturam</strong></span> 
     </span>
    </p>
   </div>
   <div class='ocr_carea' id='block_1_91' title="bbox 455 4422 1460 4480">
    <p class='ocr_par' dir='ltr' id='par_1_91' title="bbox 455 4422 1460 4480">
     <span class='ocr_line' id='line_1_91' title="bbox 455 4422 1460 4480; baseline -0.002 0"><span class='ocrx_word' id='word_1_657' title='bbox 455 4425 623 4480; x_wconf 76' lang='lat' dir='ltr'><strong>fecit:</strong></span> <span class='ocrx_word' id='word_1_658' title='bbox 663 4422 861 4478; x_wconf 86' lang='lat' dir='ltr'><strong>mansit</strong></span> <span class='ocrx_word' id='word_1_659' title='bbox 890 4423 1033 4478; x_wconf 90' lang='lat' dir='ltr'><strong>enim</strong></span> <span class='ocrx_word' id='word_1_660' title='bbox 1074 4423 1211 4478; x_wconf 89' lang='lat' dir='ltr'><strong>Deus</strong></span> <span class='ocrx_word' id='word_1_661' title='bbox 1243 4432 1301 4477; x_wconf 91' lang='lat' dir='ltr'><strong>ut</strong></span> <span class='ocrx_word' id='word_1_662' title='bbox 1323 4432 1460 4478; x_wconf 90' lang='lat' dir='ltr'><strong>erat.</strong></span> 
     </span>
    </p>
   </div>
   <div class='ocr_carea' id='block_1_92' title="bbox 523 4512 2106 4591">
    <p class='ocr_par' dir='ltr' id='par_1_92' title="bbox 523 4512 2106 4591">
     <span class='ocr_line' id='line_1_92' title="bbox 523 4512 2106 4591; baseline 0.001 -16"><span class='ocrx_word' id='word_1_663' title='bbox 523 4516 718 4575; x_wconf 74' lang='lat' dir='ltr'><strong>XXVI.</strong></span> <span class='ocrx_word' id='word_1_664' title='bbox 756 4534 777 4567; x_wconf 77' lang='grc' dir='ltr'><strong>ι</strong></span> <span class='ocrx_word' id='word_1_665' title='bbox 818 4514 992 4581; x_wconf 80' lang='lat' dir='ltr'><strong>Unde,</strong></span> <span class='ocrx_word' id='word_1_666' title='bbox 1022 4512 1215 4568; x_wconf 87' lang='lat' dir='ltr'><strong>lratres</strong></span> <span class='ocrx_word' id='word_1_667' title='bbox 1257 4515 1455 4578; x_wconf 89' lang='lat' dir='ltr'><strong>sancti,</strong></span> <span class='ocrx_word' id='word_1_668' title='bbox 1511 4518 1813 4575; x_wconf 89' lang='lat' dir='ltr'><strong>vocationis</strong></span> <span class='ocrx_word' id='word_1_669' title='bbox 1839 4536 2028 4591; x_wconf 86' lang='lat' dir='ltr'><strong>super—</strong></span> <span class='ocrx_word' id='word_1_670' title='bbox 2059 4522 2106 4577; x_wconf 65' lang='grc' dir='ltr'><strong>ι’</strong></span> 
     </span>
    </p>
   </div>
   <div class='ocr_carea' id='block_1_93' title="bbox 452 4606 2023 4681">
    <p class='ocr_par' dir='ltr' id='par_1_93' title="bbox 452 4606 2023 4681">
     <span class='ocr_line' id='line_1_93' title="bbox 452 4606 2023 4681; baseline -0.003 -12"><span class='ocrx_word' id='word_1_671' title='bbox 452 4611 693 4669; x_wconf 78' lang='lat' dir='ltr'><strong>ccelestis</strong></span> <span class='ocrx_word' id='word_1_672' title='bbox 729 4607 1041 4679; x_wconf 84' lang='lat' dir='ltr'><strong>participes,</strong></span> <span class='ocrx_word' id='word_1_673' title='bbox 1072 4606 1412 4661; x_wconf 85' lang='lat' dir='ltr'><strong>considerate</strong></span> <span class='ocrx_word' id='word_1_674' title='bbox 1441 4608 1744 4675; x_wconf 89' lang='lat' dir='ltr'><strong>apostolum</strong></span> <span class='ocrx_word' id='word_1_675' title='bbox 1788 4619 1843 4666; x_wconf 93' lang='lat' dir='ltr'><strong>et</strong></span> <span class='ocrx_word' id='word_1_676' title='bbox 1888 4627 2023 4681; x_wconf 90' lang='lat' dir='ltr'><strong>pou-</strong></span> 
     </span>
    </p>
   </div>
   <div class='ocr_carea' id='block_1_94' title="bbox 454 4694 2027 4771">
    <p class='ocr_par' dir='ltr' id='par_1_94' title="bbox 454 4694 2027 4771">
     <span class='ocr_line' id='line_1_94' title="bbox 454 4694 2027 4771; baseline -0.001 -13"><span class='ocrx_word' id='word_1_677' title='bbox 454 4704 654 4758; x_wconf 85' lang='lat' dir='ltr'><strong>tilicem</strong></span> <span class='ocrx_word' id='word_1_678' title='bbox 698 4696 1060 4754; x_wconf 73' lang='lat' dir='ltr'><strong>confessionis</strong></span> <span class='ocrx_word' id='word_1_679' title='bbox 1102 4703 1299 4771; x_wconf 78' lang='lat' dir='ltr'><strong>nostrae</strong></span> <span class='ocrx_word' id='word_1_680' title='bbox 1343 4694 1548 4763; x_wconf 73' lang='lat' dir='ltr'><strong>Iesum,</strong></span> <span class='ocrx_word' id='word_1_681' title='bbox 1597 4698 1691 4768; x_wconf 90' lang='lat' dir='ltr'><strong>qui</strong></span> <span class='ocrx_word' id='word_1_682' title='bbox 1733 4699 1907 4757; x_wconf 84' lang='lat' dir='ltr'><strong>lidelis</strong></span> <span class='ocrx_word' id='word_1_683' title='bbox 1943 4711 2027 4757; x_wconf 88' lang='lat' dir='ltr'><strong>est</strong></span> 
     </span>
    </p>
   </div>
   <div class='ocr_carea' id='block_1_95' title="bbox 452 4786 2026 4859">
    <p class='ocr_par' dir='ltr' id='par_1_95' title="bbox 452 4786 2026 4859">
     <span class='ocr_line' id='line_1_95' title="bbox 452 4786 2026 4859; baseline 0.001 -13"><span class='ocrx_word' id='word_1_684' title='bbox 452 4792 527 4858; x_wconf 90' lang='lat' dir='ltr'><strong>ei,</strong></span> <span class='ocrx_word' id='word_1_685' title='bbox 563 4788 656 4859; x_wconf 91' lang='lat' dir='ltr'><strong>qui</strong></span> <span class='ocrx_word' id='word_1_686' title='bbox 706 4788 834 4843; x_wconf 81' lang='lat' dir='ltr'><strong>fecit</strong></span> <span class='ocrx_word' id='word_1_687' title='bbox 879 4787 1051 4853; x_wconf 76' lang='lat' dir='ltr'><strong>illum,</strong></span> <span class='ocrx_word' id='word_1_688' title='bbox 1082 4787 1225 4841; x_wconf 80' lang='lat' dir='ltr'><strong>sicut</strong></span> <span class='ocrx_word' id='word_1_689' title='bbox 1255 4797 1313 4842; x_wconf 93' lang='lat' dir='ltr'><strong>et</strong></span> <span class='ocrx_word' id='word_1_690' title='bbox 1342 4786 1552 4857; x_wconf 81' lang='lat' dir='ltr'><strong>Moyses</strong></span> <span class='ocrx_word' id='word_1_691' title='bbox 1587 4789 1640 4844; x_wconf 92' lang='lat' dir='ltr'><strong>in</strong></span> <span class='ocrx_word' id='word_1_692' title='bbox 1666 4792 1811 4846; x_wconf 89' lang='lat' dir='ltr'><strong>omni</strong></span> <span class='ocrx_word' id='word_1_693' title='bbox 1864 4792 2026 4849; x_wconf 88' lang='lat' dir='ltr'><strong>domo</strong></span> 
     </span>
    </p>
   </div>
   <div class='ocr_carea' id='block_1_96' title="bbox 453 4878 2025 4954">
    <p class='ocr_par' dir='ltr' id='par_1_96' title="bbox 453 4878 2025 4954">
     <span class='ocr_line' id='line_1_96' title="bbox 453 4878 2025 4954; baseline 0.001 -17"><span class='ocrx_word' id='word_1_694' title='bbox 453 4883 592 4953; x_wconf 88' lang='lat' dir='ltr'><strong>eius.</strong></span> <span class='ocrx_word' id='word_1_695' title='bbox 625 4878 920 4949; x_wconf 79' lang='lat' dir='ltr'><strong>Amplioris</strong></span> <span class='ocrx_word' id='word_1_696' title='bbox 951 4880 1092 4932; x_wconf 88' lang='lat' dir='ltr'><strong>enim</strong></span> <span class='ocrx_word' id='word_1_697' title='bbox 1123 4879 1307 4948; x_wconf 73' lang='lat' dir='ltr'><strong>gloriae</strong></span> <span class='ocrx_word' id='word_1_698' title='bbox 1333 4881 1434 4935; x_wconf 90' lang='lat' dir='ltr'><strong>iste</strong></span> <span class='ocrx_word' id='word_1_699' title='bbox 1475 4895 1584 4949; x_wconf 78' lang='lat' dir='ltr'><strong>prae</strong></span> <span class='ocrx_word' id='word_1_700' title='bbox 1618 4881 1800 4953; x_wconf 83' lang='lat' dir='ltr'><strong>Moyse</strong></span> <span class='ocrx_word' id='word_1_701' title='bbox 1833 4884 2025 4954; x_wconf 78' lang='lat' dir='ltr'><strong>dignus</strong></span> 
     </span>
    </p>
   </div>
   <div class='ocr_carea' id='block_1_97' title="bbox 2203 4510 3709 4587">
    <p class='ocr_par' dir='ltr' id='par_1_97' title="bbox 2203 4510 3709 4587">
     <span class='ocr_line' id='line_1_97' title="bbox 2203 4510 3709 4587; baseline -0.007 -14"><span class='ocrx_word' id='word_1_702' title='bbox 2203 4510 2347 4587; x_wconf 65' lang='grc' dir='ltr'><strong>ΚΕΓ.</strong></span> <span class='ocrx_word' id='word_1_703' title='bbox 2386 4536 2407 4571; x_wconf 69' lang='grc' dir='ltr'><strong>ι</strong></span> <span class='ocrx_word' id='word_1_704' title='bbox 2448 4517 2633 4580; x_wconf 87' lang='grc' dir='ltr'>Ὅθεν,</span> <span class='ocrx_word' id='word_1_705' title='bbox 2666 4515 2888 4584; x_wconf 76' lang='grc' dir='ltr'>ἀδελφοὶ</span> <span class='ocrx_word' id='word_1_706' title='bbox 2909 4514 3078 4583; x_wconf 76' lang='grc' dir='ltr'>ἅγιοι,</span> <span class='ocrx_word' id='word_1_707' title='bbox 3105 4512 3351 4583; x_wconf 82' lang='grc' dir='ltr'>κλήσεως</span> <span class='ocrx_word' id='word_1_708' title='bbox 3386 4510 3709 4581; x_wconf 70' lang='grc' dir='ltr'>ἐπουρανίου</span> 
     </span>
    </p>
   </div>
   <div class='ocr_carea' id='block_1_98' title="bbox 2139 4602 3710 4694">
    <p class='ocr_par' dir='ltr' id='par_1_98' title="bbox 2139 4602 3710 4694">
     <span class='ocr_line' id='line_1_98' title="bbox 2139 4602 3710 4694; baseline -0.006 -33"><span class='ocrx_word' id='word_1_709' title='bbox 2139 4609 2380 4694; x_wconf 64' lang='grc' dir='ltr'>μέτοχοι,</span> <span class='ocrx_word' id='word_1_710' title='bbox 2415 4610 2787 4677; x_wconf 88' lang='grc' dir='ltr'>κατανοήσατε</span> <span class='ocrx_word' id='word_1_711' title='bbox 2829 4606 2920 4658; x_wconf 73' lang='grc' dir='ltr'>τὸν</span> <span class='ocrx_word' id='word_1_712' title='bbox 2965 4602 3263 4658; x_wconf 85' lang='grc' dir='ltr'>ἀπόστολον</span> <span class='ocrx_word' id='word_1_713' title='bbox 3309 4602 3407 4656; x_wconf 79' lang='grc' dir='ltr'>καὶ</span> <span class='ocrx_word' id='word_1_714' title='bbox 3452 4602 3710 4694; x_wconf 79' lang='grc' dir='ltr'>ἀρχιερέα</span> 
     </span>
    </p>
   </div>
   <div class='ocr_carea' id='block_1_99' title="bbox 2132 4693 3709 4770">
    <p class='ocr_par' dir='ltr' id='par_1_99' title="bbox 2132 4693 3709 4770">
     <span class='ocr_line' id='line_1_99' title="bbox 2132 4693 3709 4770; baseline -0.006 -17"><span class='ocrx_word' id='word_1_715' title='bbox 2132 4701 2231 4770; x_wconf 79' lang='grc' dir='ltr'>τῆς</span> <span class='ocrx_word' id='word_1_716' title='bbox 2270 4693 2565 4770; x_wconf 77' lang='grc' dir='ltr'>ὁμολογίας</span> <span class='ocrx_word' id='word_1_717' title='bbox 2606 4697 2764 4768; x_wconf 78' lang='grc' dir='ltr'>ἡμῶν</span> <span class='ocrx_word' id='word_1_718' title='bbox 2802 4694 3031 4766; x_wconf 79' lang='grc' dir='ltr'>Ἰησοῦν,</span> <span class='ocrx_word' id='word_1_719' title='bbox 3068 4694 3259 4747; x_wconf 77' lang='grc' dir='ltr'>πιστὸν</span> <span class='ocrx_word' id='word_1_720' title='bbox 3288 4694 3420 4746; x_wconf 75' lang='grc' dir='ltr'>ὄντα</span> <span class='ocrx_word' id='word_1_721' title='bbox 3443 4693 3527 4762; x_wconf 80' lang='grc' dir='ltr'>τῷ</span> <span class='ocrx_word' id='word_1_722' title='bbox 3559 4693 3709 4759; x_wconf 77' lang='grc' dir='ltr'>ποιή-</span> 
     </span>
    </p>
   </div>
   <div class='ocr_carea' id='block_1_100' title="bbox 2136 4783 3706 4858">
    <p class='ocr_par' dir='ltr' id='par_1_100' title="bbox 2136 4783 3706 4858">
     <span class='ocr_line' id='line_1_100' title="bbox 2136 4783 3706 4858; baseline -0.007 -13"><span class='ocrx_word' id='word_1_723' title='bbox 2136 4810 2286 4845; x_wconf 88' lang='grc' dir='ltr'>σαντι</span> <span class='ocrx_word' id='word_1_724' title='bbox 2320 4790 2503 4856; x_wconf 83' lang='grc' dir='ltr'>αὐτὸν,</span> <span class='ocrx_word' id='word_1_725' title='bbox 2535 4789 2612 4851; x_wconf 84' lang='grc' dir='ltr'><strong>ὡς</strong></span> <span class='ocrx_word' id='word_1_726' title='bbox 2656 4789 2751 4842; x_wconf 75' lang='grc' dir='ltr'><strong>καὶ</strong></span> <span class='ocrx_word' id='word_1_727' title='bbox 2783 4788 2990 4858; x_wconf 84' lang='grc' dir='ltr'>Μωσῆς</span> <span class='ocrx_word' id='word_1_728' title='bbox 3032 4787 3092 4839; x_wconf 85' lang='grc' dir='ltr'>ὲν</span> <span class='ocrx_word' id='word_1_729' title='bbox 3120 4784 3228 4853; x_wconf 87' lang='grc' dir='ltr'>ὅλῳ</span> <span class='ocrx_word' id='word_1_730' title='bbox 3253 4783 3332 4854; x_wconf 80' lang='grc' dir='ltr'>τῷ</span> <span class='ocrx_word' id='word_1_731' title='bbox 3352 4785 3491 4854; x_wconf 61' lang='lat' dir='ltr'><strong>om?</strong></span> <span class='ocrx_word' id='word_1_732' title='bbox 3528 4783 3706 4837; x_wconf 79' lang='grc' dir='ltr'>αὐτοῦ.</span> 
     </span>
    </p>
   </div>
   <div class='ocr_carea' id='block_1_101' title="bbox 2125 4873 3704 4953">
    <p class='ocr_par' dir='ltr' id='par_1_101' title="bbox 2125 4873 3704 4953">
     <span class='ocr_line' id='line_1_101' title="bbox 2125 4873 3704 4953; baseline -0.009 -15"><span class='ocrx_word' id='word_1_733' title='bbox 2125 4884 2378 4945; x_wconf 84' lang='grc' dir='ltr'>Πλείονος</span> <span class='ocrx_word' id='word_1_734' title='bbox 2421 4881 2529 4953; x_wconf 80' lang='grc' dir='ltr'>γὰρ</span> <span class='ocrx_word' id='word_1_735' title='bbox 2571 4874 2725 4943; x_wconf 73' lang='grc' dir='ltr'>οὗτος</span> <span class='ocrx_word' id='word_1_736' title='bbox 2768 4878 2929 4949; x_wconf 79' lang='grc' dir='ltr'>δόξης</span> <span class='ocrx_word' id='word_1_737' title='bbox 2975 4876 3126 4947; x_wconf 86' lang='grc' dir='ltr'><strong>παρά</strong></span> <span class='ocrx_word' id='word_1_738' title='bbox 3170 4875 3415 4943; x_wconf 76' lang='grc' dir='ltr'>Μωῦσῆν</span> <span class='ocrx_word' id='word_1_739' title='bbox 3457 4873 3704 4941; x_wconf 70' lang='grc' dir='ltr'>ἠξίωται,</span> 
     </span>
    </p>
   </div>
   <div class='ocr_carea' id='block_1_102' title="bbox 451 4966 2031 5040">
    <p class='ocr_par' dir='ltr' id='par_1_102' title="bbox 451 4971 2031 5040">
     <span class='ocr_line' id='line_1_102' title="bbox 451 4971 2031 5040; baseline -0.001 -8"><span class='ocrx_word' id='word_1_740' title='bbox 451 4985 539 5032; x_wconf 89' lang='lat' dir='ltr'><strong>est</strong></span> <span class='ocrx_word' id='word_1_741' title='bbox 582 4973 842 5037; x_wconf 90' lang='lat' dir='ltr'><strong>habitus,</strong></span> <span class='ocrx_word' id='word_1_742' title='bbox 902 4982 1104 5039; x_wconf 89' lang='lat' dir='ltr'><strong>quanto</strong></span> <span class='ocrx_word' id='word_1_743' title='bbox 1166 4971 1484 5040; x_wconf 86' lang='lat' dir='ltr'><strong>ampliorem</strong></span> <span class='ocrx_word' id='word_1_744' title='bbox 1548 4972 1803 5027; x_wconf 88' lang='lat' dir='ltr'><strong>honorem</strong></span> <span class='ocrx_word' id='word_1_745' title='bbox 1866 4975 2031 5029; x_wconf 78' lang='lat' dir='ltr'><strong>habet</strong></span> 
     </span>
    </p>
   </div>
   <div class='ocr_carea' id='block_1_103' title="bbox 2137 4966 3706 5040">
    <p class='ocr_par' dir='ltr' id='par_1_103' title="bbox 2137 4966 3706 5040">
     <span class='ocr_line' id='line_1_103' title="bbox 2137 4966 3706 5040; baseline -0.008 -12"><span class='ocrx_word' id='word_1_746' title='bbox 2137 4973 2358 5028; x_wconf 70' lang='grc' dir='ltr'>καθόσον</span> <span class='ocrx_word' id='word_1_747' title='bbox 2380 4972 2601 5026; x_wconf 84' lang='grc' dir='ltr'>πλείονα</span> <span class='ocrx_word' id='word_1_748' title='bbox 2615 4970 2710 5024; x_wconf 84' lang='grc' dir='ltr'><strong>τοῦ</strong></span> <span class='ocrx_word' id='word_1_749' title='bbox 2737 4968 2889 5025; x_wconf 80' lang='grc' dir='ltr'>οἴκου</span> <span class='ocrx_word' id='word_1_750' title='bbox 2912 4969 3078 5040; x_wconf 88' lang='grc' dir='ltr'>τιμὴν</span> <span class='ocrx_word' id='word_1_751' title='bbox 3104 4968 3216 5037; x_wconf 79' lang='grc' dir='ltr'>ἔχει</span> <span class='ocrx_word' id='word_1_752' title='bbox 3234 4970 3262 5018; x_wconf 88' lang='grc' dir='ltr'>ὁ</span> <span class='ocrx_word' id='word_1_753' title='bbox 3288 4966 3706 5027; x_wconf 78' lang='grc' dir='ltr'>κατασκευάσας</span> 
     </span>
    </p>
   </div>
   <div class='ocr_carea' id='block_1_104' title="bbox 450 5061 2026 5136">
    <p class='ocr_par' dir='ltr' id='par_1_104' title="bbox 450 5061 2026 5136">
     <span class='ocr_line' id='line_1_104' title="bbox 450 5061 2026 5136; baseline 0.001 -16"><span class='ocrx_word' id='word_1_754' title='bbox 450 5070 637 5130; x_wconf 80' lang='lat' dir='ltr'><strong>domo,</strong></span> <span class='ocrx_word' id='word_1_755' title='bbox 686 5063 779 5134; x_wconf 84' lang='lat' dir='ltr'><strong>qui</strong></span> <span class='ocrx_word' id='word_1_756' title='bbox 814 5062 1100 5117; x_wconf 82' lang='lat' dir='ltr'><strong>fabricavit</strong></span> <span class='ocrx_word' id='word_1_757' title='bbox 1133 5061 1299 5118; x_wconf 83' lang='lat' dir='ltr'><strong>illam.</strong></span> <span class='ocrx_word' id='word_1_758' title='bbox 1334 5062 1521 5119; x_wconf 75' lang='lat' dir='ltr'><strong>Omnis</strong></span> <span class='ocrx_word' id='word_1_759' title='bbox 1568 5080 1800 5136; x_wconf 83' lang='lat' dir='ltr'><strong>namque</strong></span> <span class='ocrx_word' id='word_1_760' title='bbox 1836 5070 2026 5122; x_wconf 82' lang='lat' dir='ltr'><strong>domus</strong></span> 
     </span>
    </p>
   </div>
   <div class='ocr_carea' id='block_1_105' title="bbox 451 5154 2023 5222">
    <p class='ocr_par' dir='ltr' id='par_1_105' title="bbox 451 5154 2023 5222">
     <span class='ocr_line' id='line_1_105' title="bbox 451 5154 2023 5222; baseline -0.001 -10"><span class='ocrx_word' id='word_1_761' title='bbox 451 5158 751 5213; x_wconf 77' lang='lat' dir='ltr'><strong>fabricatur</strong></span> <span class='ocrx_word' id='word_1_762' title='bbox 805 5156 873 5211; x_wconf 85' lang='lat' dir='ltr'><strong>ab</strong></span> <span class='ocrx_word' id='word_1_763' title='bbox 921 5154 1148 5222; x_wconf 89' lang='lat' dir='ltr'><strong>aliquo:</strong></span> <span class='ocrx_word' id='word_1_764' title='bbox 1208 5154 1298 5222; x_wconf 92' lang='lat' dir='ltr'><strong>qni</strong></span> <span class='ocrx_word' id='word_1_765' title='bbox 1357 5165 1536 5209; x_wconf 86' lang='lat' dir='ltr'><strong>autem</strong></span> <span class='ocrx_word' id='word_1_766' title='bbox 1585 5158 1765 5211; x_wconf 78' lang='lat' dir='ltr'><strong>omnia</strong></span> <span class='ocrx_word' id='word_1_767' title='bbox 1796 5157 2023 5221; x_wconf 84' lang='lat' dir='ltr'><strong>creavit,</strong></span> 
     </span>
    </p>
   </div>
   <div class='ocr_carea' id='block_1_106' title="bbox 449 5247 2022 5318">
    <p class='ocr_par' dir='ltr' id='par_1_106' title="bbox 449 5247 2022 5318">
     <span class='ocr_line' id='line_1_106' title="bbox 449 5247 2022 5318; baseline -0.004 -11"><span class='ocrx_word' id='word_1_768' title='bbox 449 5253 594 5307; x_wconf 82' lang='lat' dir='ltr'><strong>Deus</strong></span> <span class='ocrx_word' id='word_1_769' title='bbox 646 5260 747 5306; x_wconf 90' lang='lat' dir='ltr'><strong>est.</strong></span> <span class='ocrx_word' id='word_1_770' title='bbox 794 5249 859 5304; x_wconf 87' lang='lat' dir='ltr'><strong>Et</strong></span> <span class='ocrx_word' id='word_1_771' title='bbox 916 5247 1129 5318; x_wconf 85' lang='lat' dir='ltr'><strong>Moyses</strong></span> <span class='ocrx_word' id='word_1_772' title='bbox 1180 5249 1394 5317; x_wconf 88' lang='lat' dir='ltr'><strong>quidem</strong></span> <span class='ocrx_word' id='word_1_773' title='bbox 1447 5248 1620 5302; x_wconf 85' lang='lat' dir='ltr'><strong>ﬁdelis</strong></span> <span class='ocrx_word' id='word_1_774' title='bbox 1667 5259 1786 5303; x_wconf 88' lang='lat' dir='ltr'><strong>erat</strong></span> <span class='ocrx_word' id='word_1_775' title='bbox 1823 5250 1876 5303; x_wconf 89' lang='lat' dir='ltr'><strong>in</strong></span> <span class='ocrx_word' id='word_1_776' title='bbox 1912 5258 2022 5303; x_wconf 88' lang='lat' dir='ltr'><strong>tota</strong></span> 
     </span>
    </p>
   </div>
   <div class='ocr_carea' id='block_1_107' title="bbox 450 5339 2023 5410">
    <p class='ocr_par' dir='ltr' id='par_1_107' title="bbox 450 5339 2023 5410">
     <span class='ocr_line' id='line_1_107' title="bbox 450 5339 2023 5410; baseline -0.003 -12"><span class='ocrx_word' id='word_1_777' title='bbox 450 5347 611 5398; x_wconf 85' lang='lat' dir='ltr'><strong>domo</strong></span> <span class='ocrx_word' id='word_1_778' title='bbox 641 5343 778 5410; x_wconf 78' lang='lat' dir='ltr'><strong>ejus,</strong></span> <span class='ocrx_word' id='word_1_779' title='bbox 824 5350 1075 5409; x_wconf 79' lang='lat' dir='ltr'><strong>tanquam</strong></span> <span class='ocrx_word' id='word_1_780' title='bbox 1128 5339 1383 5404; x_wconf 71' lang='lat' dir='ltr'><strong>latnttlus,</strong></span> <span class='ocrx_word' id='word_1_781' title='bbox 1443 5340 1494 5393; x_wconf 88' lang='lat' dir='ltr'><strong>itt</strong></span> <span class='ocrx_word' id='word_1_782' title='bbox 1527 5341 1890 5394; x_wconf 78' lang='lat' dir='ltr'><strong>testimonium</strong></span> <span class='ocrx_word' id='word_1_783' title='bbox 1926 5356 2023 5393; x_wconf 86' lang='lat' dir='ltr'><strong>eo-</strong></span> 
     </span>
    </p>
   </div>
   <div class='ocr_carea' id='block_1_108' title="bbox 454 5416 2024 5503">
    <p class='ocr_par' dir='ltr' id='par_1_108' title="bbox 454 5416 2024 5503">
     <span class='ocr_line' id='line_1_108' title="bbox 454 5416 2024 5503; baseline -0.002 -16"><span class='ocrx_word' id='word_1_784' title='bbox 454 5452 573 5488; x_wconf 82' lang='lat' dir='ltr'><strong>rum</strong></span> <span class='ocrx_word' id='word_1_785' title='bbox 606 5451 727 5503; x_wconf 61' lang='lat' dir='ltr'><strong>quae</strong></span> <span class='ocrx_word' id='word_1_786' title='bbox 777 5436 997 5488; x_wconf 75' lang='lat' dir='ltr'><strong>dicenda</strong></span> <span class='ocrx_word' id='word_1_787' title='bbox 1051 5416 1249 5487; x_wconf 81' lang='lat' dir='ltr'><strong>erant:</strong></span> <span class='ocrx_word' id='word_1_788' title='bbox 1292 5432 1542 5486; x_wconf 78' lang='lat' dir='ltr'><strong>Christus</strong></span> <span class='ocrx_word' id='word_1_789' title='bbox 1586 5447 1715 5486; x_wconf 77' lang='lat' dir='ltr'><strong>vero</strong></span> <span class='ocrx_word' id='word_1_790' title='bbox 1771 5443 2024 5497; x_wconf 84' lang='lat' dir='ltr'><strong>tanquam</strong></span> 
     </span>
    </p>
   </div>
   <div class='ocr_carea' id='block_1_109' title="bbox 452 5521 2018 5590">
    <p class='ocr_par' dir='ltr' id='par_1_109' title="bbox 452 5521 2018 5590">
     <span class='ocr_line' id='line_1_109' title="bbox 452 5521 2018 5590; baseline -0.004 -11"><span class='ocrx_word' id='word_1_791' title='bbox 452 5523 625 5579; x_wconf 76' lang='lat' dir='ltr'><strong>Filius</strong></span> <span class='ocrx_word' id='word_1_792' title='bbox 649 5524 704 5577; x_wconf 86' lang='lat' dir='ltr'><strong>in</strong></span> <span class='ocrx_word' id='word_1_793' title='bbox 735 5525 897 5576; x_wconf 87' lang='lat' dir='ltr'><strong>dumo</strong></span> <span class='ocrx_word' id='word_1_794' title='bbox 944 5539 1060 5588; x_wconf 83' lang='lat' dir='ltr'><strong>sua,</strong></span> <span class='ocrx_word' id='word_1_795' title='bbox 1107 5540 1223 5590; x_wconf 65' lang='lat' dir='ltr'><strong>qua:</strong></span> <span class='ocrx_word' id='word_1_796' title='bbox 1276 5524 1466 5574; x_wconf 76' lang='lat' dir='ltr'><strong>donius</strong></span> <span class='ocrx_word' id='word_1_797' title='bbox 1506 5536 1691 5574; x_wconf 80' lang='lat' dir='ltr'><strong>sumus</strong></span> <span class='ocrx_word' id='word_1_798' title='bbox 1753 5538 1849 5575; x_wconf 84' lang='lat' dir='ltr'><strong>nos</strong></span> <span class='ocrx_word' id='word_1_799' title='bbox 1891 5521 1955 5575; x_wconf 73' lang='grc'><strong>³³.</strong></span> <span class='ocrx_word' id='word_1_800' title='bbox 2002 5541 2018 5572; x_wconf 73' lang='grc' dir='ltr'><strong>ι</strong></span> 
     </span>
    </p>
   </div>
   <div class='ocr_carea' id='block_1_110' title="bbox 528 5674 1745 5741">
    <p class='ocr_par' dir='ltr' id='par_1_110' title="bbox 528 5674 1745 5741">
     <span class='ocr_line' id='line_1_110' title="bbox 528 5674 1745 5741; baseline -0.001 -11"><span class='ocrx_word' id='word_1_801' title='bbox 528 5677 571 5707; x_wconf 67' lang='grc'><strong>³⁸</strong></span> <span class='ocrx_word' id='word_1_802' title='bbox 605 5676 644 5730; x_wconf 91' lang='lat' dir='ltr'><strong>ll</strong></span> <span class='ocrx_word' id='word_1_803' title='bbox 668 5678 789 5732; x_wconf 85' lang='lat' dir='ltr'><strong>Cor.</strong></span> <span class='ocrx_word' id='word_1_804' title='bbox 829 5692 991 5741; x_wconf 72' lang='lat' dir='ltr'><strong>Lxxx,</strong></span> <span class='ocrx_word' id='word_1_805' title='bbox 1038 5677 1087 5741; x_wconf 74' lang='grc'>4,</span> <span class='ocrx_word' id='word_1_806' title='bbox 1143 5677 1193 5730; x_wconf 72' lang='lat'><strong>5.</strong></span> <span class='ocrx_word' id='word_1_807' title='bbox 1272 5677 1309 5708; x_wconf 75' lang='grc'><strong>³⁷</strong></span> <span class='ocrx_word' id='word_1_808' title='bbox 1353 5676 1490 5729; x_wconf 72' lang='lat' dir='ltr'><strong>l‘sul.</strong></span> <span class='ocrx_word' id='word_1_809' title='bbox 1541 5692 1649 5739; x_wconf 71' lang='lat' dir='ltr'><strong>xw,</strong></span> <span class='ocrx_word' id='word_1_810' title='bbox 1693 5674 1745 5729; x_wconf 83' lang='lat' dir='ltr'><strong>G.</strong></span> 
     </span>
    </p>
   </div>
   <div class='ocr_carea' id='block_1_111' title="bbox 2126 5056 3707 5136">
    <p class='ocr_par' dir='ltr' id='par_1_111' title="bbox 2126 5056 3707 5136">
     <span class='ocr_line' id='line_1_111' title="bbox 2126 5056 3707 5136; baseline -0.006 -18"><span class='ocrx_word' id='word_1_811' title='bbox 2126 5066 2307 5118; x_wconf 86' lang='grc' dir='ltr'>αὐτόν.</span> <span class='ocrx_word' id='word_1_812' title='bbox 2340 5065 2456 5127; x_wconf 79' lang='grc' dir='ltr'><strong>Πᾶς</strong></span> <span class='ocrx_word' id='word_1_813' title='bbox 2502 5064 2609 5136; x_wconf 80' lang='grc' dir='ltr'><strong>γὰρ</strong></span> <span class='ocrx_word' id='word_1_814' title='bbox 2641 5056 2791 5126; x_wconf 82' lang='grc' dir='ltr'>οἶκος</span> <span class='ocrx_word' id='word_1_815' title='bbox 2821 5059 3296 5124; x_wconf 76' lang='grc' dir='ltr'>κατασκευάζεται</span> <span class='ocrx_word' id='word_1_816' title='bbox 3330 5058 3439 5111; x_wconf 77' lang='grc' dir='ltr'><strong>ὑπό</strong></span> <span class='ocrx_word' id='word_1_817' title='bbox 3477 5075 3624 5119; x_wconf 83' lang='grc' dir='ltr'>τινος</span> <span class='ocrx_word' id='word_1_818' title='bbox 3645 5074 3656 5084; x_wconf 90' lang='grc'><strong>·</strong></span> <span class='ocrx_word' id='word_1_819' title='bbox 3680 5058 3707 5109; x_wconf 83' lang='grc' dir='ltr'><strong><em>ὁ</em></strong></span> 
     </span>
    </p>
   </div>
   <div class='ocr_carea' id='block_1_112' title="bbox 2132 5149 3704 5219">
    <p class='ocr_par' dir='ltr' id='par_1_112' title="bbox 2132 5149 3704 5219">
     <span class='ocr_line' id='line_1_112' title="bbox 2132 5149 3704 5219; baseline -0.006 -9"><span class='ocrx_word' id='word_1_820' title='bbox 2132 5158 2189 5210; x_wconf 83' lang='grc' dir='ltr'>δὲ</span> <span class='ocrx_word' id='word_1_821' title='bbox 2232 5157 2300 5210; x_wconf 75' lang='grc' dir='ltr'>τὰ</span> <span class='ocrx_word' id='word_1_822' title='bbox 2331 5158 2510 5210; x_wconf 84' lang='grc' dir='ltr'>πάντα</span> <span class='ocrx_word' id='word_1_823' title='bbox 2549 5155 2988 5217; x_wconf 84' lang='grc' dir='ltr'>κατασκευάσας,</span> <span class='ocrx_word' id='word_1_824' title='bbox 3034 5151 3187 5214; x_wconf 85' lang='grc' dir='ltr'>Θεός.</span> <span class='ocrx_word' id='word_1_825' title='bbox 3222 5150 3334 5204; x_wconf 73' lang='grc' dir='ltr'><strong>Καὶ</strong></span> <span class='ocrx_word' id='word_1_826' title='bbox 3365 5150 3575 5219; x_wconf 71' lang='grc' dir='ltr'>Μωσῆς</span> <span class='ocrx_word' id='word_1_827' title='bbox 3611 5149 3704 5217; x_wconf 75' lang='grc' dir='ltr'>μὲν</span> 
     </span>
    </p>
   </div>
   <div class='ocr_carea' id='block_1_113' title="bbox 2134 5240 3705 5316">
    <p class='ocr_par' dir='ltr' id='par_1_113' title="bbox 2134 5240 3705 5316">
     <span class='ocr_line' id='line_1_113' title="bbox 2134 5240 3705 5316; baseline -0.006 -15"><span class='ocrx_word' id='word_1_828' title='bbox 2134 5249 2325 5311; x_wconf 83' lang='grc' dir='ltr'>πιστὸς</span> <span class='ocrx_word' id='word_1_829' title='bbox 2356 5248 2430 5300; x_wconf 82' lang='grc' dir='ltr'>ὢν</span> <span class='ocrx_word' id='word_1_830' title='bbox 2462 5247 2536 5311; x_wconf 84' lang='grc' dir='ltr'>ὡς</span> <span class='ocrx_word' id='word_1_831' title='bbox 2571 5246 2846 5316; x_wconf 85' lang='grc' dir='ltr'>θεράπων,</span> <span class='ocrx_word' id='word_1_832' title='bbox 2887 5246 2945 5296; x_wconf 85' lang='grc' dir='ltr'>ὲν</span> <span class='ocrx_word' id='word_1_833' title='bbox 2985 5243 3093 5313; x_wconf 86' lang='grc' dir='ltr'><strong>ὅλῳ</strong></span> <span class='ocrx_word' id='word_1_834' title='bbox 3123 5242 3204 5311; x_wconf 79' lang='grc' dir='ltr'>τῷ</span> <span class='ocrx_word' id='word_1_835' title='bbox 3233 5243 3367 5311; x_wconf 78' lang='grc' dir='ltr'>οἴκῳ</span> <span class='ocrx_word' id='word_1_836' title='bbox 3396 5240 3587 5303; x_wconf 83' lang='grc' dir='ltr'>αὐτοῦ,</span> <span class='ocrx_word' id='word_1_837' title='bbox 3628 5240 3705 5302; x_wconf 83' lang='grc' dir='ltr'>εἰς</span> 
     </span>
    </p>
   </div>
   <div class='ocr_carea' id='block_1_114' title="bbox 2136 5331 3703 5410">
    <p class='ocr_par' dir='ltr' id='par_1_114' title="bbox 2136 5331 3703 5410">
     <span class='ocr_line' id='line_1_114' title="bbox 2136 5331 3703 5410; baseline -0.007 -18"><span class='ocrx_word' id='word_1_838' title='bbox 2136 5340 2435 5410; x_wconf 80' lang='grc' dir='ltr'>μαρτύριον</span> <span class='ocrx_word' id='word_1_839' title='bbox 2462 5340 2570 5392; x_wconf 79' lang='grc' dir='ltr'><strong>τῶν</strong></span> <span class='ocrx_word' id='word_1_840' title='bbox 2594 5335 3072 5407; x_wconf 72' lang='grc' dir='ltr'>λαληθησομένων·</span> <span class='ocrx_word' id='word_1_841' title='bbox 3124 5332 3359 5403; x_wconf 78' lang='grc' dir='ltr'>Χριστὸς</span> <span class='ocrx_word' id='word_1_842' title='bbox 3392 5332 3449 5384; x_wconf 81' lang='grc' dir='ltr'>δὲ</span> <span class='ocrx_word' id='word_1_843' title='bbox 3479 5332 3556 5394; x_wconf 81' lang='grc' dir='ltr'>ὡς</span> <span class='ocrx_word' id='word_1_844' title='bbox 3584 5331 3703 5391; x_wconf 67' lang='grc' dir='ltr'>Υἱὸς</span> 
     </span>
    </p>
   </div>
   <div class='ocr_carea' id='block_1_115' title="bbox 2133 5422 3697 5493">
    <p class='ocr_par' dir='ltr' id='par_1_115' title="bbox 2133 5422 3697 5493">
     <span class='ocr_line' id='line_1_115' title="bbox 2133 5422 3697 5493; baseline -0.006 -10"><span class='ocrx_word' id='word_1_845' title='bbox 2133 5433 2224 5483; x_wconf 74' lang='grc' dir='ltr'><strong>ἐπὶ</strong></span> <span class='ocrx_word' id='word_1_846' title='bbox 2251 5433 2339 5484; x_wconf 69' lang='grc' dir='ltr'>τὸν</span> <span class='ocrx_word' id='word_1_847' title='bbox 2383 5427 2531 5484; x_wconf 80' lang='grc' dir='ltr'>οἷκον</span> <span class='ocrx_word' id='word_1_848' title='bbox 2564 5428 2751 5493; x_wconf 88' lang='grc' dir='ltr'>αὐτοῦ,</span> <span class='ocrx_word' id='word_1_849' title='bbox 2783 5424 2843 5481; x_wconf 78' lang='grc' dir='ltr'><strong>οῦ</strong></span> <span class='ocrx_word' id='word_1_850' title='bbox 2887 5422 3035 5487; x_wconf 77' lang='grc' dir='ltr'>οἶκός</span> <span class='ocrx_word' id='word_1_851' title='bbox 3060 5426 3229 5493; x_wconf 80' lang='grc' dir='ltr'>ἐσμεν</span> <span class='ocrx_word' id='word_1_852' title='bbox 3256 5425 3438 5492; x_wconf 84' lang='grc' dir='ltr'>ἡμεῖς.</span> <span class='ocrx_word' id='word_1_853' title='bbox 3475 5442 3492 5473; x_wconf 80' lang='grc' dir='ltr'><strong>ι</strong></span> <span class='ocrx_word' id='word_1_854' title='bbox 3541 5422 3697 5475; x_wconf 73' lang='grc' dir='ltr'>Ἀπόο</span> 
     </span>
    </p>
   </div>
   <div class='ocr_carea' id='block_1_116' title="bbox 2136 5505 3695 5591">
    <p class='ocr_par' dir='ltr' id='par_1_116' title="bbox 2136 5505 3695 5591">
     <span class='ocr_line' id='line_1_116' title="bbox 2136 5505 3695 5591; baseline -0.012 -17"><span class='ocrx_word' id='word_1_855' title='bbox 2136 5522 2317 5585; x_wconf 74' lang='grc' dir='ltr'>στόλος</span> <span class='ocrx_word' id='word_1_856' title='bbox 2349 5521 2441 5575; x_wconf 67' lang='grc' dir='ltr'><strong>καὶ</strong></span> <span class='ocrx_word' id='word_1_857' title='bbox 2470 5520 2759 5591; x_wconf 75' lang='grc' dir='ltr'>ἀρχιερεὺς</span> <span class='ocrx_word' id='word_1_858' title='bbox 2796 5517 2893 5587; x_wconf 73' lang='grc' dir='ltr'>τῆς</span> <span class='ocrx_word' id='word_1_859' title='bbox 2919 5513 3213 5585; x_wconf 73' lang='grc' dir='ltr'>ὁμολογίας</span> <span class='ocrx_word' id='word_1_860' title='bbox 3245 5511 3399 5584; x_wconf 71' lang='grc' dir='ltr'>ἡμῶν</span> <span class='ocrx_word' id='word_1_861' title='bbox 3434 5509 3581 5577; x_wconf 75' lang='grc' dir='ltr'><strong>παρά</strong></span> <span class='ocrx_word' id='word_1_862' title='bbox 3608 5505 3695 5559; x_wconf 75' lang='grc' dir='ltr'><strong>τοῦ</strong></span> 
     </span>
    </p>
   </div>
   <div class='ocr_carea' id='block_1_117' title="bbox 1825 5670 3012 5748">
    <p class='ocr_par' dir='ltr' id='par_1_117' title="bbox 1825 5670 3012 5748">
     <span class='ocr_line' id='line_1_117' title="bbox 1825 5670 3012 5748; baseline 0.007 -19"><span class='ocrx_word' id='word_1_863' title='bbox 1825 5678 1865 5707; x_wconf 60' lang='grc'><strong>³⁵</strong></span> <span class='ocrx_word' id='word_1_864' title='bbox 1902 5677 2128 5748; x_wconf 73' lang='lat' dir='ltr'><strong>Philipp.</strong></span> <span class='ocrx_word' id='word_1_865' title='bbox 2175 5694 2231 5741; x_wconf 87' lang='lat' dir='ltr'><strong>ii,</strong></span> <span class='ocrx_word' id='word_1_866' title='bbox 2277 5676 2389 5731; x_wconf 82' lang='lat'><strong>0—8.</strong></span> <span class='ocrx_word' id='word_1_867' title='bbox 2471 5677 2511 5707; x_wconf 69' lang='lat'><em>”</em></span> <span class='ocrx_word' id='word_1_868' title='bbox 2556 5673 2716 5727; x_wconf 51' lang='lat' dir='ltr'><strong>&quot;tbi&quot;.</strong></span> <span class='ocrx_word' id='word_1_869' title='bbox 2771 5688 2849 5738; x_wconf 75' lang='grc' dir='ltr'><strong>ιιι,</strong></span> <span class='ocrx_word' id='word_1_870' title='bbox 2900 5670 3012 5723; x_wconf 55' lang='lat'><strong>1&#39;6-</strong></span> 
     </span>
    </p>
   </div>
  </div>
