3942 6128
302 305 440 362 1⁸569
1104 301 1195 356 AD
1232 294 1532 354 ιιΕοιΝΑδ
1570 291 1658 349 DE
1697 290 1859 346 REC']

1985 289 2117 346 ΓΙοΕ
2156 291 2415 349 ORATIO
2456 285 2756 347 ALTERA.
3404 279 3542 334 15Ἳο

302 419 437 473 Θεοῦ
478 419 573 472 καὶ
605 418 816 489 Πατρὸς
845 415 1067 486 γέγονεν
1103 412 1335 486 Ἰησοῦς,
1360 410 1637 466 τουτέστιν
1660 407 1859 478 ἄνθρω-

1986 408 2344 463 Donl‘essionis
2395 415 2593 461 nostra:
2652 398 2927 472 apostolus
2978 403 3032 450 et
3089 391 3326 461 pontifex
3371 405 3399 443 a
3435 388 3543 443 Deo

304 530 407 574 πος
436 507 694 582 πεφηνὼς
783 480 1007 561 suaso?)
1041 480 1215 575 Λόγος
1237 524 1250 535 ο
1276 505 1399 558 τότε
1426 500 1861 572 γὰρώνόμασται

1987 500 2138 554 Patre
2184 499 2459 554 institutus
2505 508 2590 552 est
2645 494 2820 555 Iesus,
2874 491 2973 544 hoc
3032 495 3117 541 est
3176 480 3270 538 Dei
3312 481 3544 536 Verbum

306 573 402 657 xui.
438 573 645 673 Ἰησοῦς
668 601 755 654 διὰ
781 603 878 671 τῆς
909 598 1004 653 τοῦ
1044 573 1278 667 ἀγκέλου
1313 597 1517 667 φωνῆς.
1540 594 1653 647 Καὶ
1682 591 1863 662 μικρὸη

1986 593 2341 645 incarnatum.
2393 589 2546 643 Tunc
2588 587 2730 641 enim
2762 583 2888 638 Jesu
2929 581 3146 634 nomine
3171 590 3269 647 per
3296 573 3543 643 angelum

311 697 411 765 μὲν
436 661 713 765 κομιδῇ-τῇ
742 661 846 745 τοῦ.
862 661 1036 759 λόγου
1060 661 1222 758 φύσει
1245 688 1309 741 τό
1326 661 1399 740 ’τε
1426 661 1526 755 τῆς
1551 683 1868 756 ἱερωσύνης,

1993 680 2302 750 appellatum
2331 688 2435 735 est.
2491 679 2558 734 Et
2605 675 2823 744 quidem
2874 668 3164 739 sacerdotii
3191 675 3247 720 et
3282 661 3550 732 apostola-

309 756 401 836 καὶ
431 756 629 851 τὸ
653 756 962 849 ἀποστολῆς
983 756 1154 849 ὄνομά
1180 795 1239 831 τε
1265 776 1361 832 καὶ
1389 775 1584 846 χρῆμα.
1604 790 1617 803 ⁸
1656 774 1767 836 τοῖς
1811 787 1866 840 γε

1995 786 2068 826 ms
2116 786 2307 825 nomen
2330 779 2392 837 et
2427 784 2537 834 res,
2573 766 2864 837 perexigua
2896 768 3044 825 sunt,
3075 758 3119 814 si
3152 756 3316 810 Verbi
3347 762 3552 808 tmturae

312 875 418 945 μὴν
449 874 547 942 τῆς
572 843 996 943 ἀνθρωπὸτητος
1039 843 1260 941 μέτροις
1289 843 1598 937 εἴη-ἀνψούκ
1641 863 1856 934 ἀνάρμο

1996 863 2368 925 attribuantur,
2394 870 2768 915 verumtamen
2808 856 3057 909 humanm
3099 857 3305 902 natura!
3335 843 3553 899 modqu

310 935 453 1019 στον.
506 935 593 1027 ιΩς
620 935 729 1035 γάρ
759 935 922 1025 αὐτός
951 935 1056 1014 πού
1097 935 1282 1029 φησιν,
1314 977 1332 1010 ι
1366 935 1440 1011 7'0
1466 956 1595 1019 Υἱὸς
1626 955 1727 1008 ούκ
1749 949 1867 1023 ἦλθε

1996 969 2088 1010 non
2115 954 2410 1024 incongrue
2438 952 2815 1018 adaptantur.(
2845 943 2976 999 Nam
3008 939 3178 995 Filius
3203 942 3286 1008 (ut
3319 938 3432 1004 ipse
3450 935 3553 986 ali-

308 1029 716 1125 6taxovq6ﬁvat,
737 1052 872 1106 ἀλλὰ
897 1052 1235 1121 διακονῆσαι,
1258 1050 1351 1103 καὶ
1371 1049 1553 1103 δοῦναι
1582 1047 1680 1118 τὴν
1705 1044 1865 1115 eum

1995 1046 2105 1102 nubi
2130 1045 2378 1113 testatur)
2405 1057 2508 1097 non
2524 1049 2746 1095 venerat
2765 1034 3084 1098 ministrari,
3107 1034 3198 1086 sed
3223 1029 3552 1087 ministrare,

310 1146 472 1199 αὐτοῦ
504 1115 821 1214 ἀντίλυτρον
843 1145 983 1213 ὑπὲρ
1009 1115 1237 1197 πολλῶν.
1282 1160 1301 1193 ι
1330 1141 1405 1194 Τὸ
1437 1141 1534 1212 μὲν
1559 1115 1670 1209 γὰρ
1696 1137 1867 1190 διακο-

1990 1150 2039 1195 et
2060 1139 2189 1194 dare
2211 1137 2448 1191 animam
2472 1146 2625 1188 suam
2656 1126 3074 1196 redemptionem
3118 1137 3217 1191 pro
3246 1119 3425 1172 multis
3448 1115 3547 1169 “.n

310 1241 517 1292 νεῖσθαι
547 1237 701 1309 παρὰ
723 1209 823 1308 τῆς
853 1209 1105 1302 κτίσεως,
1128 1233 1330 1304 πρέποι
1354 1232 1420 1286 ἂν
1439 1209 1596 1301 αὐτῷ
1617 1230 1708 1284 καὶ
1742 1228 1867 1299 μάλα

1998 1230 2140 1298 Quod
2181 1228 2345 1298 igitur
2374 1233 2744 1280 creaturarum
2777 1217 3018 1272 omnium
3083 1213 3383 1268 ministerio
3435 1209 3555 1276 jure

311 1333 559 1393 εἰκότως,
594 1329 785 1396 ὥσπερ
833 1322 952 1396 Θεῷ
998 1325 1092 1379 καὶ
1122 1323 1385 1393 Δεσπότῃ,
1423 1321 1516 1375 καὶ
1561 1319 1668 1374 ὑπὸ
1719 1318 1868 1379 πόδας

1996 1322 2182 1378 merito
2213 1320 2471 1391 potiatur,
2494 1317 2596 1370 hoc
2631 1314 2753 1368 inde
2785 1312 2968 1377 habet,
2997 1308 3123 1377 quia
3150 1306 3289 1359 Deus
3316 1312 3418 1365 est,
3451 1302 3553 1354 Do-

313 1421 491 1491 ἕχοντι
530 1421 639 1472 πᾶν
689 1420 826 1489 ὅπερ
862 1418 979 1471 ἐστὶ
1010 1417 1259 1486 γενητόν.
1298 1415 1372 1466 Τὸ
1409 1411 1467 1467 δέ
1497 1430 1561 1481 γε
1599 1412 1870 1464 διακονεῖν

1999 1415 2166 1469 minus
2203 1422 2289 1468 est
2319 1420 2595 1477 totumque
2628 1405 2771 1474 quod
2821 1411 2997 1458 ortum
3034 1398 3221 1468 quovis
3251 1396 3407 1449 modo
3439 1408 3556 1447 sor-

313 1485 651 1579 ἀνθρώπινον
688 1485 820 1579 μέντ’
858 1507 999 1579 πλὴν
1031 1508 1155 1560 ὅσον
1187 1500 1323 1575 ἧκεν
1354 1506 1434 1567 είς
1454 1504 1580 1565 τοὺς
1608 1503 1709 1571 τῆς
1751 1500 1870 1571 μετέ

2003 1507 2144 1560 Litum
2182 1512 2285 1566 est,
2328 1500 2552 1570 pedibus
2586 1497 2726 1552 illius
2759 1494 3092 1549 substratum
3124 1499 3209 1543 est
3241 1506 3256 1541 :
3288 1485 3429 1555 quod
3463 1498 3560 1536 au-

320 1574 524 1670 σαρκὸς
548 1574 860 1670 οἰκονομίας
890 1574 1106 1667 λύκους,
1145 1574 1245 1651 ούκ
1274 1594 1534 1657 ἀπεοικὸς
1562 1592 1640 1664 τῷ
1662 1609 1725 1662 γε
1753 1593 1877 1654 ὅλως

1997 1604 2097 1651 lem
2134 1594 2426 1656 ministrat,
2454 1591 2555 1643 huc
2579 1596 2785 1642 natura:
2810 1585 3056 1638 humana:
3083 1587 3184 1633 est.
3215 1574 3398 1643 Neque
3430 1574 3554 1646 hoc,

318 1661 516 1743 ἑαυτὸν
538 1661 756 1743 καθέντί
787 1690 923 1760 πρὸς
960 1661 1033 1741 τὰ
1058 1683 1396 1757 ἀνθρώπινα.
1432 1661 1622 1756 ’Λθρει
1643 1661 1700 1737 δὲ
1742 1684 1875 1746 ὅπως

2002 1686 2036 1739 si
2072 1681 2485 1753 dispensationis
2525 1693 2647 1733 cum
2699 1687 2864 1730 carne
2916 1670 3182 1725 rationem
3235 1672 3469 1734 spectes,
3498 1661 3559 1712 il-

320 1780 587 1851 ίερατεύει
622 1781 721 1848 μὲν
748 1778 1124 1849 ἀνθρωπίνως,
1145 1778 1237 1831 καὶ
1257 1776 1483 1848 μεσίτης
1504 1777 1734 1829 τέθειται
1749 1774 1877 1828 Θεοῦ

2000 1778 2101 1830 lum
2155 1774 2403 1837 dedecet,
2452 1773 2542 1840 qui
2592 1783 2650 1823 se
2701 1765 2868 1821 semel
2927 1765 2992 1816 ad
3052 1763 3284 1815 humana
3321 1754 3557 1809 demisit.

318 1869 413 1922 καὶ
446 1868 774 1939 ἀνθρώπων·
820 1867 1097 1939 μεσιτεύει
1146 1866 1255 1937 γὰρ
1300 1868 1407 1929 πᾶς
1460 1864 1669 1935 ἶερεύς“
1705 1864 1797 1916 τὸν
1831 1862 1875 1915 δὲ

2002 1866 2129 1923 Vide
2150 1867 2284 1935 jam,
2316 1861 2586 1933 quomodo
2618 1858 2916 1914 secundum
2978 1855 3265 1906 humanam
3310 1855 3559 1900 naturam

318 1960 420 2029 τῆς
468 1936 658 2022 θυσίας
687 1936 886 2030 τρόπον
916 1960 1017 2012 οὐκ
1057 1958 1137 2011 ἔτι
1166 1957 1287 2011 καθ’
1318 1956 1417 2011 ἕνα
1454 1956 1563 2010 τῶν
1591 1955 1714 2009 καθ’

1999 1957 2278 2017 sacerdotii
2334 1969 2532 2009 munus
2586 1952 2765 2015 obeat,
2818 1946 3188 2013 mediatorque
3220 1941 3360 1996 inter
3391 1936 3556 1990 Deum

321 2028 511 2122 ἱερέων
545 2028 906 2122 προσκ-ομίξει
947 2050 1350 2119 δουλοπρεπῶς,
1385 2047 1535 2101 οὐδὲν
1572 2046 1733 2110 αὐτὸς
1768 2048 1878 2098 ὲπι-

2005 2060 2047 2105 et
2077 2050 2323 2104 homines
2369 2046 2602 2098 exsistat
2630 2061 2643 2096 :
2678 2040 2858 2096 onmis
2889 2038 3033 2092 enim
3066 2034 3324 2090 sacerdos
3354 2028 3562 2084 media-

322 2121 597 2196 κοινωνῶν
626 2144 706 2205 εἰς
728 2141 790 2193 τὸ
827 2141 1016 2193 λαϐεῖν
1039 2141 1209 2210 αὑτήν
1228 2157 1240 2168 ³
1271 2139 1385 2192 ἀλλ’
1426 2138 1601 2208 ἑαυτῷ
1627 2154 1879 2207 πραγμα-

2002 2142 2130 2198 toris
2163 2139 2337 2195 oﬁicio
2370 2137 2610 2206 fungitur
2642 2153 2656 2200 ;
2692 2142 3062 2187 verumtamen
3102 2123 3356 2180 sacriﬁcii
3399 2121 3559 2174 ritum

321 2232 557 2298 τεύεται,
592 2235 686 2285 καὶ
719 2233 786 2285 δι’
832 2231 1000 2285 αὐτού
1044 2249 1102 2284 τε
1139 2231 1233 2283 καὶ
1281 2232 1339 2283 ἐν
1388 2230 1539 2297 αύτῷ
1569 2215 1646 2300 τῷ
1691 2228 1878 2298 Πειτρί⁴

2001 2249 2103 2289 non
2135 2232 2249 2288 obit
2276 2229 2541 2284 serviliter
2567 2225 2909 2280 sacerdotum
2941 2219 3108 2275 nostri
3143 2215 3353 2272 ordinis
3386 2223 3558 2275 more,

333 2325 626 2395 Ἱερουργεῖ
669 2326 778 2394 γὰρ
818 2323 977 2393 ἡμῶν
1027 2322 1125 2393 τὴν
1153 2322 1464 2393 ὁμολογίαν,
1509 2321 1758 2373 τουτέστι
1793 2320 1890 2390 τὴν

2004 2323 2148 2394 quasi
2185 2322 2299 2389 ipse
2333 2334 2436 2373 non
2472 2318 2545 2372 sit
2579 2317 2662 2372 eui
2694 2315 2858 2370 etiam
2913 2308 3243 2367 sacriﬁcium
3296 2301 3561 2357 oﬁ‘ertur:

324 2416 526 2480 πίστιν,
575 2416 643 2485 ἧν
691 2416 785 2466 καὶ
834 2413 1009 2485 ὀρθῶς
1041 2412 1430 2483 κατειθίσμεθα
1475 2411 1762 2472 ποιεῖσθαι,
1801 2410 1881 2462 λέ-

2011 2413 2093 2469 sed
2145 2410 2330 2480 sibipsi
2376 2420 2591 2479 quoque
2641 2402 2950 2468 sacriﬁcat,
2996 2408 3049 2456 et
3079 2414 3174 2469 per
3212 2396 3472 2465 seipsum,
3512 2398 3568 2444 et

327 2522 549 2574 γοντες⁸
589 2524 608 2556 ι
640 2503 978 2572 Πιστεύομεν
1014 2504 1094 2564 εἰς
1134 2502 1230 2554 ἕνα
1261 2499 1391 2553 Θεὸν
1430 2500 1651 2570 Πατέρα
1689 2516 1884 2551 παντο-

2010 2519 2052 2555 ιιι
2093 2501 2269 2566 seipso
2310 2497 2415 2551 Deo
2457 2497 2625 2552 Patri.
2685 2493 2855 2548 Oﬁ‘ert
2914 2500 3093 2543 autem
3146 2495 3387 2540 nostram
3437 2497 3567 2535 cou-

328 2597 574 2667 κρὰτορα
602 2611 616 2626 ·
652 2595 747 2648 καὶ
777 2596 857 2656 είς
889 2592 987 2645 ἕνα
1025 2590 1233 2663 Κύριον
1275 2592 1481 2660 Ἰησοῦν
1517 2589 1750 2661 Χριστὸν
1803 2589 1885 2641 τὸν

2009 2593 2316 2654 ressionem,
2360 2590 2465 2643 hoc
2512 2598 2596 2642 est
2639 2585 2841 2649 ﬁdem;
2875 2597 3034 2651 quam
3076 2578 3177 2633 rite
3226 2575 3406 2630 facere
3434 2587 3566 2627 cou-

325 2663 454 2740 Yibv
486 2663 681 2739 αὐτοῦ’
712 2686 806 2737 καὶ
837 2685 917 2747 εἰς
946 2682 1008 2736 τὸ
1039 2681 1265 2751 Πνεῦμα
1303 2680 1364 2732 τὸ
1398 2681 1573 2748 ἆγιον.
1612 2698 1629 2729 ι
1663 2678 1882 2744 Οὐκοῦν1

2009 2683 2296 2750 suevimus,
2351 2680 2593 2735 dicentes
2627 2695 2642 2732 :
2672 2694 2691 2728 ι
2727 2675 3011 2731 Credimus
3057 2673 3110 2725 in
3140 2669 3305 2723 Deum
3351 2663 3566 2717 Patrem

325 2779 430 2833 xiv
477 2776 778 2848 ἱερατεύειν
814 2773 1169 2843 ἀνθρωπίνως
1212 2768 1461 2840 λέγηται,
1507 2770 1642 2824 ἀλλὰ
1680 2769 1882 2839 δέχεται

2011 2775 2422 2845 omnipotentem
2451 2789 2465 2836 ;
2498 2779 2549 2824 et
2579 2770 2630 2822 in
2667 2783 2832 2820 nutum
2881 2764 3167 2821 DOmiuum
3197 2759 3379 2813 Jesum
3409 2753 3568 2810 Chri-

324 2872 423 2939 τὴν
460 2847 648 2921 θυσίαν
679 2865 841 2928 αὐτὸς
879 2862 1096 2926 θεῖκῶς,
1117 2865 1144 2915 6
1174 2861 1335 2925 αὐτὸς
1366 2860 1442 2913 ὣν
1470 2861 1604 2931 ὁμοῦ
1637 2861 1769 2925 Θεὸς
1804 2860 1881 2915 κατ

2013 2876 2147 2922 stum
2175 2865 2367 2920 Filium
2400 2861 2537 2931 ejus,
2568 2870 2616 2915 et
2651 2861 2700 2914 in
2735 2858 2992 2930 Spiritum
3030 2861 3299 2908 sanctum.
3339 2866 3358 2899 ι
3385 2847 3570 2914 Itaque

325 2960 632 3029 ἄνθρωπος.
659 2956 889 3026 Εἴρηται
919 2954 975 3006 δὲ
1005 2951 1214 3015 πιστὸς,
1250 2950 1338 3004 διὰ
1368 2950 1430 3003 τὸ
1462 2950 1548 3005 ἀεὶ
1594 2949 1786 3014 σώζειν
1808 2949 1882 3003 δύ·

2007 2959 2104 3013 etsi
2131 2955 2432 3012 sacerdotio
2493 2952 2641 3021 fungi
2706 2950 2905 3005 dicitur
2961 2943 3253 2999 secundum
3322 2946 3564 2992 naturam

327 3051 523 3103 νασθαι
546 3049 671 3110 τοὺς
690 3043 1163 3117 προσερχομένους
1179 3043 1245 3095 δι’
1263 3041 1427 3096 αὑτοῦ
1445 3041 1521 3112 τῷ
1537 3041 1673 3112 Θεῷ.
1702 3041 1884 3104 Πιστὸς

2009 3039 2320 3109 humanam,
2357 3043 2681 3098 sacriﬁcium
2718 3051 2895 3093 tamen
2923 3036 3161 3092 oblatum
3200 3029 3447 3098 suscipit,
3480 3041 3566 3078 se-

327 3143 385 3194 δὲ
416 3141 732 3211 ὠνόμασται
767 3137 862 3191 καὶ
888 3136 1048 3199 αὐτὸς
1074 3135 1102 3187 6
1136 3134 1347 3203 Πατήρ.
1382 3133 1813 3204 Συγκρινόμενος
1839 3133 1884 3184 δέ

2014 3142 2236 3195 cundum
2288 3136 2565 3190 divinam:
2612 3140 2700 3186 cst
2748 3130 2890 3184 enim
2944 3127 3083 3181 idem
3131 3123 3270 3175 Deus
3315 3118 3476 3174 simul
3517 3123 3571 3169 et

331 3250 448 3296 πως
477 3235 541 3303 τῇ
578 3232 821 3293 Μωσέως
846 3226 1091 3297 διακονία
1120 3225 1264 3279 κατά
1284 3225 1344 3277 τὸ
1370 3223 1731 3294 ἀνθρώπινον,
1764 3225 1888 3292 ὅσην

2014 3235 2187 3288 homo.
2228 3227 2540 3297 Appellatus
2569 3235 2651 3278 est
2676 3232 2855 3275 autem
2891 3217 3082 3280 ﬁdelis,
3121 3223 3403 3284 propterea
3431 3207 3571 3276 quod

332 3326 443 3395 ἔχει
469 3299 565 3394 την
600 3321 869 3395 ὑπεροχὴν
905 3322 1046 3374 κατά
1071 3336 1132 3385 γε
1164 3318 1225 3370 τὸ
1258 3313 1397 3370 εἶναι
1432 3316 1586 3378 Θεὸς,
1627 3316 1889 3386 ὰναμάθοι

2012 3336 2219 3393 semper
2249 3322 2460 3376 salvare
2489 3324 2649 3384 queat
2684 3328 2796 3377 eos,
2851 3309 2940 3382 qui
2975 3322 3069 3378 per
3102 3307 3273 3375 ipsum
3304 3301 3367 3354 ad
3399 3299 3569 3351 Deum

331 3434 415 3478 τις
452 3417 538 3477 ἂν,
578 3416 671 3466 καὶ
702 3415 761 3465 ού
790 3415 885 3464 σὺν
915 3412 1097 3478 ἱδρῶτι
1128 3407 1345 3476 μακρῷ,
1379 3405 1596 3470 ἐννοῶν,
1622 3406 1704 3457 ὅτι
1736 3407 1764 3457 ὁ
1803 3405 1888 3473 μὲι

2015 3388 2293 3468 accedunt.
2348 3407 2509 3478 1&9
2553 3406 2692 3471 Quin
2737 3413 2792 3458 et
2831 3403 2944 3470 ipse
2969 3412 3182 3469 quoque
3210 3393 3372 3447 Pater
3400 3388 3572 3443 ﬁdelis

333 3508 408 3568 ὼς
430 3503 645 3570 οἰκέτης
676 3504 733 3553 ὲν
764 3501 842 3569 τῷ
871 3503 1002 3570 οἴκῳ
1035 3500 1241 3558 πιστὸς,
1265 3498 1293 3547 ὁ
1325 3495 1382 3546 δὲ
1412 3494 1486 3556 ὡς
1503 3494 1781 3562 Δεσπότης
1810 3494 1890 3545 sui

2009 3501 2273 3555 interdum
2328 3510 2573 3550 vocatur.
2634 3496 2846 3559 Quanto
2875 3501 3055 3545 autem
3087 3483 3378 3540 intervallo
3408 3478 3566 3532 mini-

338 3597 432 3648 τὸν
469 3591 618 3646 οἶκον
663 3590 849 3647 αὐτοῦ.
884 3592 992 3644 Καὶ
1017 3591 1098 3643 ὃτι
1125 3587 1218 3639 τοῦ
1263 3583 1413 3637 οἴκου
1457 3583 1895 3650 κατασκευαστὴς

2014 3590 2231 3642 stcrium
2284 3586 2427 3639 illius
2473 3594 2532 3637 ut
2586 3582 2821 3635 hominis
2869 3595 2989 3633 cum
3050 3576 3286 3630 Mosaico
3320 3571 3571 3625 collatum

340 3689 436 3740 καὶ
454 3683 781 3754 δημιουργὸς
801 3684 828 3735 6
859 3679 1212 3752 Ἐμμανουήλ
1231 3694 1243 3706 ·
1271 3667 1332 3728 οὗ
1360 3671 1506 3736 οἶκός
1533 3675 1700 3742 ἐσμεν
1723 3673 1897 3741 ἡμεῖς.

2017 3679 2253 3742 excedat,
2280 3687 2548 3743 quatenus
2585 3673 2671 3726 hic
2705 3674 2748 3725 si
2793 3670 3166 3723 consideretur
3193 3676 3250 3718 ut
3284 3665 3425 3716 Deus
3454 3675 3574 3729 per-

355 3777 708 3847 Ἀσύγκριτος
730 3774 784 3827 δὲ
813 3771 1043 3841 Ποιητοῦ
1074 3770 1210 3840 πρὸς
1238 3771 1298 3823 τὸ
1330 3766 1553 3836 ποιηθὲν
1587 3766 1621 3834 ἠ
1651 3762 1903 3831 διαφορὰ,

2016 3767 2152 3821 facili
2184 3765 2399 3834 negotio
2441 3764 2491 3815 id
2533 3761 2708 3830 quivis
2739 3759 3018 3825 intelliget,
3052 3757 3094 3809 si
3137 3768 3320 3808 secum
3365 3759 3573 3818 reputet

342 3870 436 3924 καὶ
471 3840 577 3920 τοῦ.
597 3866 739 3921 me
767 3840 1222 3935 cpdcwdscrrﬁou
1251 3859 1391 3933 πρὸς
1419 3857 1479 3910 τὸ
1508 3854 1694 3908 δοῦλον
1719 3864 1741 3891 θ
1776 3852 1899 3922 ἀλη-

2017 3856 2159 3909 illum
2189 3853 2405 3920 quidem
2436 3850 2597 3904 veluti
2632 3847 2836 3900 ﬁdelem
2877 3843 3133 3896 fatitnlum
3177 3843 3228 3894 in
3257 3840 3415 3892 domo
3452 3850 3574 3888 rer-

342 3962 450 4024 θὼς
478 3960 568 4013 καὶ
602 3961 658 4011 ὲν
695 3958 879 4026 ὑφέσει
911 3955 1218 4024 νοούμενον.

2016 3953 2188 3998 Saltim
2220 3954 2374 4003 esse;
2414 3940 2557 3993 hunc
2585 3951 2733 3997 vero,
2768 3936 2866 3988 hec
2891 3943 2977 3987 est
3008 3929 3433 3990 Emmanuelem,
3477 3923 3573 3978 toti

343 4051 522 4106 domui
570 4064 823 4118 tanquam
875 4049 1155 4102 Dominum
1204 4043 1520 4114 praefuisse,
1577 4039 1688 4091 imo
1732 4037 1899 4104 ipsius
1949 4037 2140 4091 domus
2199 4035 2553 4089 architectum
2604 4029 3049 4094 conditoremque
3121 4021 3433 4083 exstitisse;
3479 4033 3576 4072 cu-

338 4145 423 4210 jus
456 4142 671 4211 quidem
721 4142 910 4194 domus
950 4154 1047 4192 nos
1087 4144 1297 4191 Sumus.
1347 4132 1502 4187 Nulla
1570 4146 1698 4183 vero
1731 4132 2061 4195 comparatio
2132 4126 2430 4181 intercedet
2497 4124 2637 4176 inter
2682 4135 2767 4175 res
2807 4118 3051 4173 conditas
3093 4126 3148 4170 et
3186 4113 3572 4169 Conditorem:

345 4236 488 4289 inter
511 4249 632 4288 eum
667 4247 904 4293 rursum,
940 4230 1029 4297 qui
1062 4238 1248 4297 suapte
1288 4239 1478 4279 natura
1506 4226 1892 4282 hominusest,
1935 4233 1988 4276 et
2017 4237 2138 4277 eum
2174 4221 2265 4289 qui
2303 4232 2430 4272 vere
2462 4229 2651 4270 servus
2710 4223 2764 4267 et
2790 4212 3059 4267 subditus.

414 4328 539 4383 KZ'.
588 4346 606 4376 ι
648 4328 770 4379 Ὅτι
803 4323 1157 4391 καταϐέϐηκα
1195 4323 1258 4373 ἐκ
1289 4318 1382 4371 τοῦ
1428 4314 1657 4387 ούρανοῦ
1700 4316 1800 4384 ούχ
1829 4313 1913 4366 ἴνα
1948 4321 1971 4375 [

2089 4310 2300 4365 XXVII.
2344 4328 2362 4361 ι
2392 4309 2527 4375 Quia
2559 4305 2812 4361 descendi
2864 4304 2928 4356 de
2973 4303 3134 4364 caelo,
3166 4315 3269 4352 non
3304 4307 3353 4350 ut
3389 4297 3579 4351 faciam

349 4420 487 4473 ποιῶ
519 4419 578 4471 τὸ
610 4418 819 4488 θέλημα
847 4415 907 4468 τὸ
940 4389 1091 4484 ἐμὸν,
1130 4412 1266 4465 ἀλλὰ
1304 4410 1365 4463 τὸ
1411 4408 1619 4476 θέλημα
1646 4404 1738 4459 τοῦ
1774 4406 1906 4475 πέμ-

2026 4403 2348 4458 voluntatem
2391 4414 2588 4459 meam,
2634 4399 2727 4451 sed
2782 4394 3114 4447 voluntatem
3157 4390 3273 4459 ejus
3314 4390 3403 4457 qui
3436 4389 3583 4441 misit

345 4511 545 4580 ψαντός
574 4526 661 4577 με.
691 4479 859 4561 ἰζυῦτο
904 4507 947 4559 δ’
974 4479 1105 4557 *ἐστὶ
1144 4503 1204 4556 τὸ
1233 4502 1443 4569 θέλημα
1471 4499 1565 4551 τοῦ
1600 4496 1902 4567 πέμψαντός

2026 4509 2126 4546 me.
2160 4492 2283 4545 llmc
2311 4499 2394 4545 est
2423 4500 2602 4543 autem
2648 4486 2896 4541 voluntas
2926 4483 3042 4552 ejus
3072 4481 3161 4551 qui
3194 4482 3345 4534 misit
3375 4495 3459 4533 me
3484 4479 3583 4532 Pu-

351 4618 441 4671 με,
481 4600 568 4650 ἵνα
602 4599 709 4650 πᾶν
748 4596 776 4649 ὃ
822 4594 1020 4649 δέδωκέ
1061 4610 1171 4662 μοι,
1218 4592 1290 4661 μὴ
1333 4589 1583 4644 ἀπολέσω
1623 4586 1682 4652 ἐξ
1728 4585 1908 4649 αὑτοῦ,

2027 4584 2141 4647 tris,
2181 4591 2242 4637 ut
2276 4598 2435 4637 omne
2473 4580 2615 4649 quod
2648 4578 2792 4634 dedit
2823 4576 2977 4639 mihi,
3010 4589 3112 4628 non
3150 4573 3370 4641 perdam
3402 4586 3466 4625 ex
3496 4585 3584 4634 eo,

350 4691 487 4746 ἀλλὰ
518 4689 811 4757 ἀναστήσω
849 4685 980 4738 αὐτὸ
1006 4687 1063 4736 ἐν
1091 4685 1156 4752 τῇ
1185 4681 1386 4751 ἐσχάτῃ
1423 4679 1624 4749 ἡμέρᾳ.
1667 4696 1686 4729 ι
1731 4678 1907 4729 Κατα-

2029 4677 2114 4731 sed
2139 4677 2451 4730 resuscitem
2495 4673 2622 4728 illud
2666 4672 2717 4723 in
2760 4667 3054 4722 novissimo
3087 4665 3173 4718 die
3196 4664 3265 4719 δι.
3298 4683 3317 4715 ι
3358 4663 3586 4718 leitus

354 4781 513 4849 ϐἦναί
551 4747 929 4848 φησινὲαυτὸει
966 4776 1024 4839 ἐξ
1046 4747 1295 4845 ούρανούί,
1324 4747 1660 4826 ἀπεστάλθαι
1680 4784 1739 4820 τε
1769 4766 1911 4836 παρὰ

2029 4781 2083 4820 se
2107 4767 2472 4829 descendisse,
2510 4773 2671 4832 atque
2712 4777 2739 4813 a
2779 4761 2885 4814 Deo
2926 4747 3085 4811 l’atre
3108 4771 3167 4810 se
3190 4756 3412 4808 missom
3438 4769 3586 4808 asse-

351 4872 446 4924 τοῦ
495 4869 628 4921 Θεοῦ
677 4870 771 4920 καὶ
810 4866 1041 4937 Πατρὸς,
1096 4865 1271 4917 καίτοι
1316 4864 1384 4916 τὰ
1431 4862 1609 4915 πάντα
1663 4859 1908 4928 πληρῶψ

2033 4859 2120 4933 rit,
2164 4857 2328 4911 etiam
2373 4856 2418 4909 si
2473 4853 2696 4922 impleat
2735 4849 2913 4904 omnia
2959 4865 2971 4899 :
3034 4845 3164 4900 illud
3209 4844 3462 4899 omnibus
3489 4882 3503 4906 ,
3533 4854 3590 4894 ut

355 4962 550 5021 ἐκεῖνο,
592 4953 782 5025 οἶμαι,
842 4955 1227 5017 καταδεικνὺς,
1275 4953 1368 5005 καὶ
1409 4950 1669 5012 καθιστὰς
1722 4950 1912 5003 amati

2031 4955 2181 5019 puto,
2224 4947 2621 5007 demonstrare,
2661 4942 2985 5012 planumque
3017 4937 3194 4991 facere
3219 4936 3423 4997 volens,
3449 4936 3588 5000 quod

357 5049 603 5119 ἐναργὲς,
643 5050 723 5100 ὅτι
762 5046 895 5106 Θεὸς
931 5044 1005 5097 ὢν
1040 5049 1067 5097 ὁ
1098 5044 1286 5110 Λόγος,
1328 5041 1799 5107 καταπεφοίτηκεν
1844 5039 1914 5090 οῖ·

2030 5054 2151 5092 cum
2187 5035 2415 5091 Verbum
2473 5045 2618 5088 esset
2665 5035 2826 5097 Deus,
2870 5027 3262 5096 dispensatoria
3301 5024 3587 5077 rationein

360 5138 669 5209 κονομικῶς
707 5139 785 5198 εἰς
812 5135 1209 5203 ἀνθρωπότητα
1230 5134 1296 5187 δι’
1321 5134 1485 5203 ἡμᾶς.
1516 5131 1626 5185 Καὶ
1654 5128 1714 5182 οὗ
1741 5127 1793 5180 τί
1822 5144 1917 5179 που

2036 5130 2325 5182 humanam
2381 5133 2624 5177 naturam
2681 5132 2898 5189 propter
2954 5134 3051 5172 nos
3085 5131 3144 5170 se
3187 5113 3421 5167 demisit.
3472 5110 3589 5167 Non

362 5232 547 5294 μεθεὶς
596 5229 662 5279 τὸ
698 5222 835 5280 εἶναι
871 5201 1030 5296 φύσει
1063 5225 1214 5291 Θεὸς,
1264 5201 1586 5296 προσλαϐὼν
1618 5220 1674 5274 δὲ
1729 5217 1919 5288 μᾶλλον

2035 5214 2173 5284 quod
2205 5226 2298 5283 per
2321 5210 2420 5265 hoc
2451 5210 2590 5265 Deus
2623 5218 2813 5264 natura
2845 5221 2963 5263 esse
2992 5206 3298 5269 desisteret,
3329 5202 3420 5256 sed
3449 5201 3592 5273 quod

429 5383 474 5417 ’⁸ο
508 5381 694 5436 Matth.
728 5397 816 5446 xx,
844 5379 932 5433 9.8.
1012 5378 1049 5409 δ’
1097 5378 1248 5432 Joan.
1299 5392 1369 5441 νι,
1410 5376 1498 5437 58,
1543 5373 1630 5427 59.

1450 5527 1620 5582 Varia:
1647 5525 1900 5580 lectiones
1929 5522 2126 5577 codicis
2157 5519 2511 5591 Seguieriani.

419 5685 443 5717 ε
476 5674 559 5728 τὸν
592 5674 793 5727 δοῦλον.
