3942 6128
395 224 525 281 1371
1352 218 1411 273 S.
1438 218 1713 275 CYRILLI
1752 217 2224 274 ALEXANDRiNI
2264 219 2582 278 ARCIIIEP.

1471 346 1529 391 ιιι
1566 352 1793 406 corpore
1823 352 1951 406 qum

2069 338 2205 408 ὅπερ
2239 338 2340 391 οὐκ
2360 332 2449 407 ἦν,
2480 337 2567 391 ἵνα
2602 337 2697 389 καὶ
2715 334 2839 397 δοὺς
2866 333 2942 404 τῷ
2979 332 3197 402 θανάτῳ
3221 329 3355 399 πρὸς
3388 328 3574 400 βραχῦ
3599 331 3662 379 τὸ

393 343 445 398 id
495 340 872 410 assumpserit,
917 337 1060 408 quod
1104 352 1207 392 non
1236 347 1351 392 erat
1403 355 1416 392 :

390 444 782 502 assumpserat,
829 432 1212 500 propriumque
1263 430 1367 485 sibi
1413 429 1633 496 I‘ecerat,
1680 429 1840 484 morti
1898 430 1961 483 ad

391 534 603 594 tempus
636 522 940 579 contradito
960 563 976 587 ,
1012 523 1216 576 nullum
1246 538 1313 577 ex
1349 522 1453 576 illis
1481 536 1618 589 quos
1647 532 1957 592 acceperat,

393 616 730 684 deperderet,
777 615 871 669 sed
925 624 1191 677 εει-νοτίδι,
1240 629 1303 668 ac
1356 614 1409 667 iu
1458 615 1755 669 novissimo
1801 614 1889 669 die
1930 632 1959 668 a

392 707 621 760 mortuis
664 705 1034 760 resuscitaret.
1076 704 1211 759 Cum
1261 714 1440 759 autem
1484 721 1589 760 non
1630 720 1810 769 suam.
1867 708 1960 761 sed

392 796 474 848 sui
501 795 679 849 Patris
700 795 1031 849 voluntatem
1073 811 1131 851 se
1160 795 1417 865 perlicere
1445 796 1617 859 addit,
1652 795 1959 851 Judaaornm

391 884 665 937 vesaniam
692 899 758 937 ex
784 884 1004 952 obliquo
1035 884 1391 955 perstringit;
1421 893 1478 937 ut
1509 886 1600 953 qui
1632 900 1782 940 suam
1818 901 1962 940 sem-

391 986 487 1039 per
523 972 851 1027 voluntatem
906 976 1241 1027 constituere
1278 983 1609 1042 satagentes,
1638 974 1961 1043 divinasque

392 1061 534 1129 leges
589 1060 1027 1128 parvil‘acientes,
1067 1063 1133 1115 de
1172 1062 1378 1116 Domini
1425 1062 1507 1117 sui
1552 1063 1762 1131 placitis
1795 1067 1958 1131 perli-

388 1142 595 1207 ciendis
632 1153 765 1207 nihil
797 1155 1090 1223 quidquam
1126 1154 1278 1221 pensi
1313 1154 1617 1209 haberent:
1659 1156 1782 1209 dum
1812 1155 1958 1209 enim

387 1254 542 1295 suum
571 1241 673 1296 boc
723 1241 839 1297 loco
887 1254 1191 1313 promptmn
1226 1245 1555 1312 obsequendi
1600 1247 1834 1300 studium
1868 1262 1960 1315 pa-

284 1356 304 1378 .
389 1330 494 1384 lam
538 1336 901 1400 commendat,
956 1335 1170 1389 illorum
1235 1335 1581 1392 rebellionem
1646 1338 1958 1405 neutiquam

387 1424 617 1478 obscure
663 1425 891 1479 incusat.
945 1426 1084 1492 Quin
1139 1437 1195 1482 et
1246 1428 1374 1483 alibi
1406 1444 1620 1498 quoque
1654 1431 1962 1485 eonomine

390 1512 507 1565 illos
540 1515 837 1583 insimulat,
879 1519 1025 1587 quod
1059 1519 1207 1581 odio,
1251 1520 1633 1588 insectatione,
1667 1523 1961 1591 iniquoqne

386 1605 590 1671 judicio
638 1622 702 1661 ex
748 1608 996 1666 instituto
1038 1618 1232 1666 contra
1262 1626 1321 1666 se
1366 1613 1731 1668 desrevirent:
1776 1632 1794 1665 ι
1831 1613 1957 1677 Vos,

3497 213 3653 270 1572

2065 430 2262 483 ἐνωθὲν
2289 428 2439 500 αὑτῷ
2461 427 2620 498 σῶμα
2641 428 2737 481 καὶ
2756 425 2891 479 ῐδιον
2908 422 3096 485 αὑτοῦ,
3126 423 3329 494 μηδένα
3358 420 3611 490 ἀπολέσῃ
3634 420 3653 458 τ

2062 520 2171 574 τῶν
2204 519 2466 574 δοθέντων
2507 519 2678 589 αὐτῷ,
2718 517 2961 589 διασώσῃ
3002 516 3058 570 δὲ
3106 515 3332 586 μᾶλλον,
3364 513 3465 566 καὶ
3518 514 3656 566 ἀνει-

2064 614 2238 686 στήσῃ
2268 613 2466 675 αὐτοὺς
2500 614 2525 651 Β
2560 612 2617 663 ὲν
2652 613 2718 681 τῇ
2745 608 2950 680 ἐσχάτῃ
2973 608 3180 679 ἡμέρᾳ.
3221 608 3403 659 Ποιεῖν
3436 604 3540 673 μὲν
3562 599 3654 656 οὖν

2061 704 2236 771 λέγων
2270 702 2330 756 τὸ
2369 702 2584 772 θέλημα
2614 701 2709 754 τοῦ
2759 700 2993 771 [ἰατρὸς.
3029 699 3125 753 καὶ
3165 698 3288 767 οὐχὶ
3323 696 3388 764 δὴ
3426 697 3655 750 πάντως

2059 796 2121 848 τὸ
2145 794 2364 860 ἑαυτοῦ,
2392 794 2492 857 τάς
2533 794 2640 848 τῶν
2680 792 2952 847 Ἰουδαίων
2988 788 3246 851 ἀπονοίας
3281 787 3517 855 ἐλέγχει,
3561 787 3657 838 καὶ

2063 886 2395 954 ὐποπλήττει
2430 885 2697 949 πλαγίως,
2743 884 2818 948 ὡς
2860 882 3040 937 ἀεὶτὸ
3078 881 3209 934 ἴδιον
3254 878 3523 939 ἱστῶντας
3559 877 3653 930 θέο

2062 978 2232 1047 λημα,
2275 978 2369 1031 καὶ
2406 977 2516 1030 τῶν
2549 977 2710 1030 θείων
2741 975 3133 1047 ὑπερορῶντας
3161 972 3364 1042 νόμων,
3393 971 3491 1023 καὶ
3517 971 3655 1038 παρ’

2061 1068 2212 1120 οὐδὲν
2256 1067 2527 1122 ποιεῖσθαι
2556 1066 2938 1138 μεμεληκότας
2962 1064 3020 1117 τὸ
3045 1063 3124 1134 τῷ
3146 1062 3393 1131 Δεσπὸτῃ
3416 1059 3616 1113 δοκοῦν
3634 1076 3652 1092 ·

2064 1159 2242 1230 ἐαυτῷ
2264 1159 2373 1231 γὰρ
2400 1161 2458 1213 ὲν
2486 1160 2698 1223 τούτοις
2719 1155 3163 1230 προσμαρτυρῶν
3194 1153 3254 1205 τὸ
3282 1153 3528 1222 εὐήνιον,
3553 1152 3650 1217 τῆς

2062 1250 2285 1305 ἐκείνων
2305 1249 2591 1313 ἀπειθείας
2622 1250 2938 1320 κατηγορεῖ.
2968 1247 3114 1316 Ἔφη
3144 1244 3252 1316 γάρ
3271 1260 3379 1296 που
3407 1243 3510 1296 xa‘t
3538 1243 3655 1294 ὲτέ-

2064 1340 2197 1412 ρωθι
2233 1341 2369 1408 πρὸς
2401 1340 2620 1405 αὐτοὺς,
2662 1340 2738 1404 ὼς
2767 1340 2983 1393 διώκειν
3007 1337 3310 1399 ἐθέλοντας,
3344 1335 3450 1388 καὶ
3474 1335 3651 1402 μισεῖν

2063 1432 2393 1503 ᾑρημένους.
2445 1431 2538 1484 καὶ
2567 1430 2753 1484 ἄδικον
2791 1431 2878 1483 ἐπ’
2917 1428 3068 1499 αὐτῷ
3094 1428 3192 1498 τὴν
3220 1428 3316 1481 ἐπὶ
3340 1426 3524 1495 τούτῳ
3548 1425 3651 1494 ψῆ-

2064 1540 2165 1591 φον
2196 1521 2534 1593 ἐκφέροντας
2554 1540 2567 1553 ·
2599 1540 2617 1572 ι
2669 1522 2858 1592 Ὑμεῖς
2890 1521 3029 1575 κατά
3066 1520 3163 1590 τὴν
3185 1520 3369 1590 σάρκα
3406 1519 3651 1588 κρίνετε,

2064 1612 2173 1680 ἐγὼ
2204 1614 2265 1666 οὐ
2289 1613 2457 1683 κρίνω
2476 1614 2666 1667 οὐδένα
2684 1630 2695 1642 ·
2730 1612 2822 1666 xui.
2846 1611 2941 1664 ἐὰν
2961 1610 3202 1682 κρίνωδὲ
3231 1610 3367 1678 ἐγὼ,
3399 1611 3437 1679 ἠ
3468 1608 3649 1677 κρίσις

392 1696 900 1765 inquit,secnndum
928 1716 1144 1756 carnem
1162 1701 1452 1770 iudicatis;
1503 1718 1602 1773 ego
1644 1720 1746 1759 non
1773 1704 1951 1773 judico

2063 1676 2232 1774 ὴ-ὲμὴ
2256 1676 2440 1758 δικαία
2473 1706 2646 1758 ἐστιν’
2681 1705 2762 1757 ὄτι
2793 1704 2853 1756 οὐ
2882 1676 3030 1772 ζητῶ
3062 1702 3122 1754 τὸ
3152 1676 3369 1770 θέλτγμα
3494 1676 3649 1767 ἐμὸν,

390 1800 713 1855 quemquam
744 1806 759 1856 ;
796 1799 851 1844 et
887 1791 931 1846 si
957 1791 1142 1859 judico
1174 1807 1305 1863 ego,
1335 1792 1599 1861 judicium
1653 1810 1829 1849 meum
1869 1811 1958 1849 ve-

390 1890 507 1928 rum
536 1887 620 1932 est
653 1896 666 1931 :
701 1880 824 1949 quia
881 1896 985 1935 non
1035 1898 1220 1955 quam:
1258 1883 1587 1938 voluntatem
1632 1900 1828 1950 meam,
1865 1886 1957 1939 sed

388 1966 715 2024 voluntatem
747 1971 862 2042 ejus
892 1974 983 2043 qui
1015 1975 1261 2030 misitme
1277 1975 1342 2031 “.
1371 1974 1666 2045 iLoquitur
1693 1992 1820 2048 ergo
1842 1978 1958 2033 lucc

385 2060 684 2114 sccundum
721 2064 902 2119 carnis
934 2065 1414 2136 dispensationem.

457 2149 688 2207 XXVIII.
752 2153 854 2210 Sed
905 2172 1021 2225 age,
1078 2173 1221 2213 nunc
1269 2158 1497 2214 alterum
1555 2159 1684 2215 illud
1742 2176 1957 2231 quoque

384 2243 774 2307 expendamus.
829 2244 961 2298 Cum
1021 2260 1052 2300 e
1103 2244 1242 2299 caelo
1283 2246 1649 2301 descendisset
1690 2257 1749 2301 ut
1793 2246 1953 2313 Deus,

385 2328 504 2384 illos
540 2347 570 2385 a
605 2332 759 2389 Patre
808 2335 909 2389 sibi
950 2336 1105 2391 datos
1143 2336 1395 2401 aﬂlrmat,
1424 2339 1515 2407 qui
1560 2339 1611 2393 in
1653 2340 1797 2393 illum
1834 2356 1952 2395 cre-

382 2424 616 2488 derent;
653 2440 756 2478 non
791 2426 951 2497 [50
978 2439 1035 2481 nt
1067 2429 1187 2483 illos
1217 2430 1427 2497 perdat,
1469 2430 1561 2483 sed
1598 2442 1652 2484 ut
1683 2431 1735 2483 in
1768 2432 1953 2484 novis-

383 2515 526 2569 simo
582 2516 670 2570 die
718 2519 783 2571 ad
846 2520 1011 2572 vitam
1046 2523 1342 2574 exsuscitet
1365 2521 1429 2575 ”.
1492 2520 1598 2575 Sed
1656 2536 1763 2590 quo
1797 2523 1955 2576 modo

381 2608 720 2661 exsuscitat?
749 2625 852 2662 non
883 2609 988 2663 alio
1016 2626 1169 2674 sane,
1203 2626 1364 2681 quam
1399 2626 1495 2679 per
1523 2628 1677 2666 suam
1712 2629 1776 2666 ex
1812 2629 1956 2666 mor-

384 2698 493 2753 tuis
547 2700 1034 2758 resurreetionem.
1088 2702 1317 2771 Proprio
1371 2718 1602 2771 namque
1653 2706 1851 2772 templo
1899 2705 1953 2760 in

382 2789 543 2844 vitam
603 2794 889 2857 resututo,
959 2797 1256 2864 mortisque
1312 2798 1537 2867 imperio
1586 2814 1679 2867 per
1726 2801 1955 2870 proprim

382 2883 563 2936 carnis
596 2896 825 2941 mortem
851 2888 1130 2953 demolito,
1162 2890 1409 2943 bumanze
1433 2870 1637 2944 uattirm
1669 2891 1733 2945 ad
1772 2907 1954 2946 resur-

382 2975 702 3042 rectionem,
732 2994 938 3034 neenon
965 2982 1033 3035 ad
1067 2981 1414 3035 obtinendam
1443 2992 1630 3036 contra
1655 2984 1951 3051 corruptio-
1981 3021 2023 3078 Ο

381 3080 501 3119 nem
551 3069 852 3133 victoriam,
904 3072 1045 3125 viam
1095 3074 1344 3127 munivit.
1394 3073 1550 3127 Verbi
1602 3075 1786 3144 itaque
1835 3077 1948 3138 Dei,

380 3158 522 3225 quod
558 3175 588 3213 e
622 3162 760 3216 caalo
792 3164 1093 3230 descendit,
1132 3166 1184 3217 id
1223 3166 1498 3232 proprium
1538 3177 1640 3226 est.
1678 3183 1773 3233 per
1805 3171 1948 3234 quod

382 3246 771 3316 primogenitus
810 3266 875 3305 ex
929 3254 1155 3307 mortuis
1177 3253 1223 3284 ⁸⁵
1272 3254 1468 3306 factum
1519 3257 1641 3310 est?
1669 3272 1774 3324 quo
1821 3259 1948 3311 illud

382 3337 661 3403 nimirum,
708 3342 852 3409 quod
907 3342 1006 3409 ipsi
1054 3347 1311 3398 donatum
1369 3355 1471 3406 est.
1532 3362 1636 3400 una
1682 3362 1803 3402 cum
1848 3349 1949 3403 illo

381 3428 813 3497 exsuscitatum,
869 3442 1088 3501 propter
1149 3436 1465 3503 pratoplasti
1530 3437 1945 3493 inobedientiam

383 3535 487 3573 non
535 3521 765 3590 amplius
807 3535 1011 3593 pereat,
1054 3528 1146 3579 sed
1196 3537 1416 3596 propter
1444 3530 1641 3585 Christi
1693 3531 1950 3593 obedien-

380 3612 535 3675 tiam,
565 3613 790 3668 salutem
818 3625 871 3669 et
901 3618 1062 3670 vitam
1091 3626 1348 3673 mternam
1385 3621 1645 3678 obtineat.
1679 3624 1945 3678 Caeterum

380 3715 440 3754 ut
469 3704 627 3759 bomo
663 3703 862 3759 factum
898 3718 1002 3772 est,
1037 3724 1131 3763 eos
1164 3710 1265 3764 sibi
1303 3710 1459 3766 datos
1486 3712 1638 3776 dicit,
1668 3714 1758 3782 qni
1787 3714 1944 3768 {idem

380 3793 432 3846 in
471 3794 643 3864 ipsum
690 3799 980 3866 recipiunt.
1026 3799 1159 3854 Nam
1208 3803 1533 3873 omniaquae
1568 3804 1742 3860 Patris
1798 3816 1941 3872 sunt,

379 3884 719 3943 baneditario
741 3888 865 3957 jure
916 3893 1171 3960 possidet.
1205 3893 1501 3964 Postquam
1549 3911 1678 3949 vero
1703 3899 1784 3965 (ut
1810 3896 1944 3966 dixi)

377 3978 527 4031 carui
558 3988 611 4034 et
652 3984 901 4051 sanguini
932 3986 1358 4039 communicavit
1382 3987 1448 4054 “,
1474 3996 1529 4040 et
1558 4000 1655 4041 nos
1692 3988 1743 4041 in
1772 3988 1942 4056 ipsum

380 4077 439 4120 ut
468 4068 521 4121 in
553 4070 717 4124 Deum
748 4073 1096 4140 credidimus,
1138 4077 1208 4130 ob
1236 4077 1293 4130 id
1327 4076 1529 4132 factum
1557 4087 1658 4143 est,
1693 4088 1746 4131 ut
1777 4079 1945 4132 dona-

381 4158 542 4213 tionis
577 4176 770 4216 nomen
801 4165 848 4218 ei
883 4166 1167 4224 tribuatur.
1199 4166 1332 4222 Nam
1366 4169 1604 4236 quiante
1638 4178 1943 4236 susceptam

376 4267 596 4306 carnem
632 4254 953 4322 imperabat,
994 4259 1039 4312 is
1072 4259 1243 4312 etiam
1270 4275 1435 4313 carne
1477 4260 1695 4313 indutus
1719 4275 1941 4327 regnum

2061 1796 2195 1849 ἀλλὰ
2224 1797 2283 1849 τὸ
2308 1796 2520 1867 θέλημα
2561 1794 2655 1848 τοῦ
2688 1795 3006 1865 πέμψαντός
3050 1810 3138 1864 με.
3176 1811 3196 1843 ι
3243 1788 3459 1844 Οὐκοῦν
3497 1791 3644 1843 οἰκο-

2061 1885 2300 1956 νομικῶς
2328 1885 2396 1938 τά
2421 1885 2599 1939 τοιάδε
2632 1884 2787 1955 φησί.

2128 2170 2266 2224 KII'.
2306 2168 2453 2239 Πλὴν
2493 2168 2673 2221 ἐκεῖνο
2701 2167 2832 2237 φέρε
2862 2166 2948 2237 δὴ,
2983 2164 3117 2236 φέρε
3157 2164 3640 2234 καταθρὴσωμεν·

2072 2261 2161 2326 Ἐξ
2182 2259 2413 2333 οὐρανοῦ
2437 2258 2676 2323 καταϐάς
2701 2259 2777 2322 ὡς
2799 2256 2953 2322 Θεὸς,
2979 2255 3227 2311 δεδόσθαι
3260 2258 3429 2325 φησὶν
3463 2254 3645 2321 ἑαυτῷ

2060 2352 2211 2422 παρὰ
2241 2350 2336 2404 τοῦ
2374 2351 2589 2423 Πατρδς
2621 2350 2747 2413 τοὺς
2781 2351 2861 2411 εἰς
2891 2349 3055 2401 αὐτὸν
3094 2347 3525 2409 πιστεύσαντας.
3556 2346 3648 2398 ἵνα

2062 2441 2136 2510 μὴ
2167 2440 2431 2512 ἀπολέσῃ,
2470 2439 2620 2511 σώσῃ
2652 2439 2708 2492 δὲ
2743 2439 2940 2508 μᾶλλον
2970 2436 3189 2500 αὐτοὺς,
3222 2437 3319 2488 καὶ
3354 2437 3641 2504 ἀναστήσῃ

2057 2533 2122 2602 τῇ
2163 2531 2368 2602 ἐσχάτῃ
2395 2531 2603 2602 ἡμέρᾳ.
2659 2530 2784 2592 Πῶς
2810 2524 2904 2582 οὖν
2933 2528 3235 2597 ἀνέστησεν
3255 2567 3271 2591 ,
3325 2528 3358 2596 ἢ
3393 2527 3645 2592 δηλονότι

2056 2621 2143 2674 διὰ
2166 2620 2267 2690 τῆς
2297 2620 2429 2684 ἰδίας
2458 2621 2811 2683 ἀναστάσεως
2835 2618 2936 2687 τῆς
2966 2618 3031 2670 ὲκ
3066 2617 3276 2686 νεκρῶν
3301 2635 3316 2682 ;
3356 2618 3645 2685 Ζωοποιή-

2059 2730 2157 2775 σας
2188 2713 2296 2781 γάρ
2354 2711 2447 2764 καὶ
2499 2710 2605 2780 πρό
2641 2727 2704 2777 γε
2752 2708 2859 2761 τῶν
2907 2708 3084 2762 ἄλλων
3119 2707 3211 2761 τὸν
3246 2708 3455 2761 ἑαυτοῦ
3493 2708 3643 2769 ναὸν,

2056 2804 2150 2856 καὶ
2187 2803 2247 2855 τὸ
2285 2800 2378 2855 τοῦ
2419 2801 2650 2854 θανάτου
2687 2800 3018 2861 κατασείσας
3053 2799 3256 2869 κράτος
3288 2798 3381 2850 διὰ
3412 2798 3513 2851 τοῦ
3547 2800 3643 2852 θα-

2055 2896 2214 2949 νάτου
2242 2895 2341 2963 τῆς
2374 2893 2509 2956 ἰδίας
2545 2892 2773 2962 σαρκὸς,
2805 2892 2922 2955 ὁδὸς
2969 2891 3160 2959 γέγονε
3200 2894 3268 2960 τῇ
3317 2891 3638 2961 ἀνθρωπεῇμ

2057 2987 2216 3058 φύσει
2243 2985 2377 3054 πρὸς
2416 2984 2736 3047 ἀνάστασιν,
2770 2983 2865 3036 καὶ
2896 2983 3028 3053 πρός
3059 2999 3124 3051 γε
3148 2982 3209 3034 τὸ
3234 2981 3503 3034 δύνασθαι
3536 2983 3640 3033 lo:-

2059 3081 2158 3132 πὸν
2190 3076 2658 3146 κατευμεγεθῆσαι
2693 3075 3081 3145 φθορᾶς.Ἷδιον
3097 3070 3164 3144 ἦν
3199 3074 3307 3143 ἄρα
3340 3075 3438 3126 τοῦ
3471 3092 3639 3126 κατα-

2059 3171 2411 3240 φοιτήσαντος
2467 3166 2525 3232 ἐξ
2589 3163 2821 3235 οὐρανοῦ
2876 3163 3011 3217 Θεοῦ
3090 3164 3266 3231 Λόγου
3339 3164 3402 3217 τὸ
3461 3162 3533 3216 δι’
3581 3155 3642 3214 οὗ

2056 3262 2243 3329 γέγονε
2280 3258 2624 3327 πρωτότοκος
2652 3258 2716 3308 ἐκ
2745 3254 2975 3325 νεκρῶν
3020 3254 3109 3307 ἵνα
3138 3256 3241 3307 καὶ
3276 3256 3641 3323 ἐγηγερμένῳ

2057 3348 2430 3419 κατακολουοῇ
2475 3348 2614 3418 πρὸς
2646 3347 2789 3418 ζωὴν
2840 3347 2902 3399 τὸ
2929 3346 3080 3399 δοθὲν
3117 3347 3292 3414 αὐτῷ,
3326 3347 3519 3399 οὐκέτι
3552 3346 3639 3398 διὰ

2054 3444 2153 3515 τὴν
2177 3442 2269 3495 τοῦ
2298 3439 2725 3512 πρωτοπ>.άστου
2756 3438 3071 3508 παράϐασιν
3103 3438 3510 3507 ἀπολλύμενον,
3543 3457 3637 3489 aw-

2055 3539 2282 3607 ζόμενον
2318 3536 2375 3589 δὲ
2425 3534 2626 3605 μᾶλλον
2663 3534 2753 3587 διὰ
2804 3532 2903 3603 τὴν
2927 3533 3199 3603 ,ὑπακοὴν
3238 3532 3336 3585 τοῦ
3372 3534 3631 3600 Χριστοῦ,

2055 3627 2311 3681 Δεδόσοαι
2344 3626 2399 3677 δέ
2432 3640 2597 3694 φησιν
2630 3622 2807 3693 ἑαυτῷ
2838 3623 2962 3683 τοὺς
3008 3621 3105 3693 τὴν
3141 3624 3221 3685 εἰς
3254 3623 3420 3675 αὑτὸν
3454 3625 3639 3675 πίστιν

2055 3718 2442 3788 προσιεμένους
2477 3715 2664 3780 πάλιν,
2694 3713 2769 3776 ὡς
2802 3713 3088 3782 ἄνθρωπος
3117 3713 3384 3781 γεγονώς.
3420 3717 3637 3783 κλῆρος

2056 3810 2155 3877 μὲν
2183 3808 2290 3878 γὰρ
2328 3806 2458 3870 ἴδιος
2490 3804 2641 3875 αὐτῷ
2688 3807 2868 3859 πάντα
2901 3804 2969 3857 τά
3000 3804 3096 3857 τοῦ
3128 3805 3361 3874 ῐιατρὸς.
3413 3805 3635 3874 Ἐπειδὴ

2052 3895 2128 3959 δὲ,
2158 3897 2233 3958 ὡς
2261 3894 2418 3963 ἔφην,
2451 3894 2721 3965 μετέσχεν
2748 3894 2979 3964 αἵματος
3006 3895 3100 3949 καὶ
3134 3895 3359 3964 σαρκὸς,
3392 3890 3517 3949 εἶτα
3545 3913 3635 3948 πε-

2054 3985 2428 4055 πιστεύκαμεν
2456 3985 2531 4049 ὡς
2555 3984 2694 4054 Θεῷ,
2725 3985 2897 4056 ταύτῃ
2919 4002 3000 4038 τοι
3017 3986 3078 4038 τὸ
3108 3985 3205 4053 τῆς
3230 3985 3436 4048 δόσεως
3461 3987 3635 4055 ὄνομα

2052 4074 2534 4146 παρεισκρίνεται’
2569 4074 2924 4144 βεϐασίλευκε
2974 4075 3083 4145 γὰρ
3140 4075 3298 4145 ἡμῶν
3345 4079 3447 4129 καὶ
3494 4080 3631 4147 μετὰ

2053 4168 2277 4238 σαρκὸς,
2315 4169 2344 4220 ὁ
2373 4168 2468 4221 καὶ
2500 4168 2607 4236 πρὸ
2639 4168 2810 4239 αὐτῆς
2840 4167 3112 4238 βασιλεύς.
3137 4168 3247 4221 Καὶ
3279 4168 3414 4235 γοῦν
3444 4171 3522 4233 ὼς
3556 4173 3630 4232 εἰς

2050 4260 2147 4328 τὴν
2179 4258 2271 4311 τοῦ
2302 4260 2500 4329 χρῆναι
2532 4260 2839 4329 βασιλεύειν
2888 4261 3063 4330 ἀρχὴν
3095 4261 3590 4330 εἰσκεκομισμένος
3610 4304 3623 4325 ,

376 4345 429 4397 in
461 4359 560 4399 nos
587 4348 838 4401 obtinuit.
868 4350 940 4401 Ita
985 4350 1073 4403 ttbi
1117 4350 1347 4417 primum
1376 4348 1609 4403 Verbum
1648 4350 1809 4401 homo
1846 4367 1942 4401 uo-

2060 4350 2139 4401 ὅτε
2165 4349 2356 4416 γέγονε
2389 4349 2509 4401 καθ’
2548 4350 2713 4420 ἡμᾶς,
2764 4368 2780 4402 ι
2821 4350 3022 4420 Κύριος
3048 4391 3062 4414 ,
3103 4350 3291 4420 φησιν,
3329 4346 3458 4403 εἷπε
3496 4353 3627 4422 πρὸς

375 4431 473 4483 stri
502 4431 694 4488 similis
718 4433 916 4489 factum
945 4446 1049 4500 est,
1078 4451 1136 4490 ut
1167 4436 1527 4506 principatum
1562 4437 1616 4490 in
1663 4454 1759 4490 nos
1783 4451 1935 4506 gere-

377 4532 477 4586 ret,
513 4523 887 4596 inauguratum
926 4539 1007 4583 est
1042 4545 1055 4582 :
1095 4547 1113 4579 ι
1145 4528 1406 4582 Dominus
1439 4530 1655 4598 (inquit)
1697 4528 1835 4583 dixit
1872 4529 1938 4581 ad

262 4637 273 4645 —
376 4630 460 4667 me
493 4633 506 4668 :
538 4615 703 4673 Filius
748 4636 897 4675 meus
943 4636 1003 4676 es
1055 4630 1138 4686 tu;
1175 4636 1276 4689 ego
1317 4621 1475 4676 bodie
1532 4621 1692 4691 genui
1742 4632 1795 4676 te
1815 4622 1883 4676 ιδ.
1916 4640 1934 4672 ι

2051 4456 2138 4506 με’
2172 4439 2299 4502 Υἱός
2335 4456 2438 4508 μου
2473 4436 2523 4492 εἷ
2559 4441 2647 4501 σὺ,
2682 4438 2794 4507 ἐγὼ
2829 4440 3071 4511 σήμερον
3113 4440 3428 4509 γεγέννηκά
3479 4457 3561 4492 σε.
3605 4460 3621 4490 ι

2045 4529 2266 4599 Δέχεται
2312 4530 2491 4583 τοίνυν
2524 4530 2877 4601 ἀνθρωπίνως
2907 4533 2978 4585 τά
3024 4532 3238 4598 ἑαυτοῦ,
3268 4532 3451 4585 καίτοι
3496 4550 3620 4585 κατ-

2046 4620 2372 4684 εξουσιάζων
2400 4621 2513 4674 τῶν
2542 4622 2680 4675 ὅλων
2710 4622 2785 4686 ὠς
2814 4623 2968 4685 Θεὸς.

374 4707 630 4771 Quamvis
672 4726 800 4779 ergo
838 4721 895 4765 ut
932 4712 1070 4767 Deus
1103 4714 1352 4769 omnibus
1419 4714 1760 4778 dominetur;
1827 4723 2004 4766 tamen
2047 4715 2342 4767 secundum
2397 4713 2687 4767 humanam
2739 4723 3009 4776 naturam,
3063 4730 3180 4783 qua:
3226 4729 3325 4769 sua
3380 4718 3618 4787 alioquin

374 4809 551 4868 erant,
584 4804 860 4871 accepisse
889 4805 1108 4861 dicitur.

549 4912 626 4967 De
674 4914 871 4968 Clu-iui
911 4918 1361 4984 sanctiﬁcatione,
1420 4919 1757 4989 ejusdemque

992 4990 1307 5043 sacerdotio.

448 5096 637 5152 XXIX.
685 5113 705 5148 ι
742 5096 975 5153 Decebat
1006 5099 1149 5153 enim
1196 5115 1339 5165 eum,
1368 5111 1588 5168 propter
1616 5113 1773 5168 quem
1820 5114 1936 5152 om-

444 5274 489 5308 “
529 5275 683 5335 Joan.
724 5275 1075 5342 vnt,15,l6.
1151 5274 1446 5340 “.loanm,
1483 5275 1571 5331 59.
1647 5277 1691 5308 ’⁸⁸
1730 5276 1935 5332 Coloss.
1967 5277 2001 5341 i,
2049 5276 2131 5330 l8.

2044 4918 2185 4986 Περὶ
2223 4918 2326 4972 τοῦ
2365 4916 2645 4986 air-(domu
2704 4916 2811 4986 τὸν
2851 4917 3130 4983 Χριστὸν,
3183 4914 3281 4970 καὶ
3329 4916 3440 4983 τῆς
3486 4919 3611 4971 κατ’

2358 4987 2546 5040 αὐτὸν
2568 4985 2905 5055 νοουμένης
2942 4988 3291 5054 ἱερωσύνης.

2114 5097 2240 5153 ΚΘ’.
2285 5117 2304 5150 ι
2342 5099 2591 5169 Ἔπρεπε
2637 5099 2744 5170 γὰρ
2774 5096 2934 5150 αὐτὸν
2966 5099 3020 5163 ι,
3069 5097 3139 5150 δι’
3188 5098 3249 5151 δν
3285 5098 3355 5151 τὰ
3391 5099 3567 5151 πάντα
3593 5137 3605 5158 ,

2230 5276 2277 5311 δι
2307 5276 2467 5332 Ilebr.
2497 5293 2552 5342 ιι,
2586 5277 2664 5330 ιι.
2741 5275 2786 5307 ιι
2819 5275 2955 5329 Psal.
2992 5291 3053 5343 ιι,
3101 5275 3168 5343 7;
3216 5275 3376 5332 ιιιοιιι.
3404 5289 3443 5339 ι,
3482 5273 3533 5327 5.

1460 5458 1629 5511 Varia:
1656 5456 1909 5514 lectiones
1931 5459 2132 5513 colicis
2164 5455 2518 5525 Seguietiani.

451 5614 470 5652 ί
512 5615 676 5682 μτιόὶν
710 5615 1057 5684 ἀπολέσηται.
1137 5625 1161 5663 Ι
1192 5615 1338 5669 αὐτὸ.
1416 5618 1440 5655 h
1476 5615 1677 5689 αὐτῷ.-

3868 250 3882 961 ἐ
