3942 6128
313 188 448 243 1577

1117 184 1208 239 AD
1246 181 1543 237 REGINAS
1584 180 1665 235 DE
1706 181 1931 237 RECTA
1968 181 2123 236 FIDE
2162 180 2419 238 ORATIO
2457 182 2754 237 ALTERA.

3424 184 3553 238 1578

310 304 475 359 αὑτοῦ
501 304 589 359 διὰ
632 303 727 359 τοῦ
780 305 1113 376 Πνεύματος.
1165 304 1290 368 Πῶς
1338 299 1432 358 οὖν
1482 306 1530 357 oi
1577 304 1776 368 πάντες
1821 304 1882 370 ἐξ

1993 319 2050 358 ex
2094 276 2201 372 quo
2234 304 2447 359 tandem
2503 304 2614 363 illo.
2666 304 2984 361 Sanctiﬁcat
3023 304 3187 375 igitur
3217 304 3408 369 Filius,
3462 321 3550 361 εει

312 399 428 462 ἑνός
453 416 468 459 ;
512 397 599 461 Ὠς
624 396 853 468 ΙΙοιητοῦ
877 397 973 452 καὶ
1004 395 1370 467 Δημιουργοῦ·
1406 396 1547 449 ὥστε
1578 396 1674 450 καὶ
1705 398 1876 465 ἀναγ-

311 493 464 543 καῖον
490 488 737 563 ἐντεῦθεν
768 489 914 558 ἡμᾶς
966 487 1099 557 πρὸς
1134 486 1397 558 ἀλλήλους
1426 485 1571 557 ἔχειν
1597 487 1695 557 τὴν
1730 486 1880 540 ἀδελ-

313 584 540 650 φότητα.
578 578 807 647 Γενητοῦ
829 589 856 629 P
878 578 985 650 γάρ
1008 578 1143 647 πρὸς
1172 579 1416 648 γενητὸν,
1450 579 1585 632 καθὸ
1608 579 1810 649 γενητά
1828 589 1877 642 (ι,

313 675 513 743 φυσική
545 691 625 735 τις
653 675 687 743 ή
723 671 1037 743 ἀδελφότης.
1072 671 1264 725 Καίτοι
1304 672 1402 741 τὴν
1429 671 1591 739 φύσιν
1614 670 1881 739 ἀγένητος

312 766 457 818 ἐστιν
481 766 508 817 6
542 764 699 826 Υἱὸς,
727 762 822 815 καὶ
849 765 950 815 ούκ
976 762 1199 830 ἀδελφὸς
1228 761 1294 832 τῇ
1331 762 1505 814 κτίσει
1538 760 1682 814 κατὰ
1722 778 1787 827 γε
1820 761 1881 813 τὸ

311 850 450 907 εἶναι
480 853 639 923 φύσει
680 836 841 916 Θεός·
887 852 1006 915 πῶς
1035 847 1128 906 οὖν
1156 854 1206 905 oi
1249 851 1449 917 πάντες
1493 853 1552 916 ἐξ
1582 852 1699 915 ἑνὸς
1719 893 1734 916 ,
1765 853 1793 906 ὅ
1821 870 1881 905 τε

313 947 554 1016 ἁγιάζων
585 945 679 1000 καὶ
708 946 759 998 οἱ
799 945 1184 1016 ἁγιαζόμενοι;
1221 944 1429 999 Οὐκοῦν
1459 945 1759 1013 ἀναγκαῖος
1802 947 1881 1009 είς

309 1042 406 1110 τὴν
440 1039 548 1094 τῶν
591 1038 968 1109 προκειμένοιν
1009 1037 1333 1108 δωσάφησιν
1362 1036 1459 1106 τῆς
1497 1037 1634 1107 μετὰ
1680 1036 1882 1106 σαρκὸς

310 1130 621 1200 οἰκονομίας
642 1132 671 1183 6
702 1129 881 1198 λόγος.
909 1128 1038 1181 Ὅτε
1068 1130 1180 1198 γὰρ
1206 1128 1395 1196 γέγονε
1420 1127 1540 1180 καθ’
1568 1128 1734 1198 ἡμᾶς,
1760 1127 1881 1180 τότε

312 1223 402 1275 καὶ
448 1221 612 1284 αὐτὸς
640 1220 758 1290 μεθ’
788 1219 944 1290 ἡμῶν
986 1218 1048 1282 ἐξ
1075 1219 1192 1283 ἑνὸς
1228 1218 1444 1287 λέγεται
1478 1219 1571 1271 καὶ
1601 1217 1883 1288 κεχρημά-

309 1330 427 1366 τικε
454 1314 567 1374 τοῖς
591 1310 885 1381 κτίσμασιν
907 1309 1134 1377 ἀδελφὸς
1157 1348 1171 1373 ,
1194 1310 1269 1371 ὡς
1295 1309 1613 1377 συγγένειαν
1635 1308 1884 1380 ἐσχηκὼς

308 1403 407 1473 τὴν
452 1404 589 1472 πρὸς
637 1404 784 1472 ἡμᾶς
813 1399 1183 1471 ἀνθρωπίνην.
1237 1400 1425 1473 Ταύτῃ
1453 1418 1535 1454 τοι
1588 1401 1683 1454 καὶ
1738 1400 1884 1470 μάλα

310 1495 534 1558 εἰκότως
578 1494 676 1546 οὐκ
724 1492 1039 1563 αἰσχύνεται
1079 1493 1228 1563 ἡμᾶς
1265 1491 1526 1560 ἀδελφοὺς
1569 1491 1880 1561 ὀνομάζειν,

310 1586 409 1637 οὐκ
444 1584 813 1654 ἀνασχόμενος
837 1623 852 1647 ,
879 1583 954 1647 ὣς
983 1583 1045 1651 γέ
1071 1599 1161 1653 μοι
1187 1584 1457 1651 φαίνεται,
1484 1585 1597 1645 τοῖς
1621 1582 1688 1636 δι’
1717 1581 1880 1636 αὑτοῦ

1983 394 2215 450 eundum
2270 405 2521 451 naturam
2561 407 2781 453 sanctus
2823 398 3114 459 exsistens,
3155 407 3340 466 utpote
3369 396 3548 464 Deus;

1982 485 2386 541 sanctiﬁcamur
2421 498 2602 543 autem
2636 503 2735 544 nos
2766 489 2834 543 ab
2881 503 2947 544 eo
2979 503 3074 557 per
3122 485 3381 555 Spiritum
3426 503 3556 541 sau-

1981 585 2151 631 ctum.
2193 577 2262 630 At
2301 577 2573 647 quomodo
2598 592 2662 632 ex
2713 593 2820 633 uno
2845 579 3077 633 omnes?
3107 577 3183 632 Ex
3220 592 3329 631 uno
3372 578 3557 646 utique

1981 682 2169 723 omnes
2190 670 2474 724 conditore
2502 678 2555 724 et
2579 668 2793 737 opiﬁce,
2825 670 2968 724 unde
2995 679 3049 723 et
3080 677 3319 723 mutuam
3345 686 3557 738 quoque

1981 756 2375 816 fraternitatem
2417 761 2727 815 necessario
2761 761 2889 815 hinc
2916 762 3202 816 trahimus.
3249 762 3382 816 Nam
3416 762 3558 815 inter

1983 849 2224 917 genitum
2253 859 2310 905 et
2343 851 2608 921 genitum,
2643 861 2910 922 quatenus
2937 852 3116 921 genita
3152 862 3300 920 sunt,
3335 862 3556 907 natura~

1984 939 2050 991 lis
2093 940 2341 1008 quaedam
2385 942 2715 1010 germanitas
2765 943 3073 998 intercedit.
3121 942 3387 1000 Caeterum
3428 958 3554 998 cum

1985 1029 2156 1085 Filius
2187 1046 2292 1085 non
2330 1032 2402 1086 sit
2439 1042 2632 1087 natura
2670 1033 2865 1100 factus,
2914 1049 3089 1102 neque
3138 1034 3303 1089 ullam
3336 1035 3557 1091 omnino

1988 1132 2043 1174 ut
2094 1121 2239 1178 Deus
2287 1123 2684 1178 fraternitatem
2736 1140 2860 1180 cum
2898 1136 3148 1180 creatura
3194 1125 3331 1180 inire
3362 1132 3557 1193 queat;

1983 1214 2076 1282 qui
2104 1214 2217 1268 lieri
2261 1224 2437 1282 potest
2480 1226 2540 1269 ut
2578 1230 2789 1280 omnes,
2830 1225 2937 1271 tam
2975 1217 3049 1271 illi
3079 1216 3168 1286 qui
3207 1218 3559 1272 sanctiﬁcan—

1988 1312 2092 1363 tur,
2120 1319 2281 1371 quam
2313 1305 2359 1359 is
2388 1320 2603 1375 quoque
2628 1307 2719 1373 qui
2751 1306 3078 1371 sanctiﬁcat,
3116 1304 3467 1375 proﬂuxerint
3492 1305 3561 1358 ab

1985 1395 2133 1449 uno?
2162 1396 2307 1450 Sane
2338 1396 2405 1449 ad
2440 1398 2727 1452 dilucidam
2777 1399 3065 1466 proposita:
3106 1399 3182 1453 rei
3224 1397 3561 1466 explanatio-

1986 1500 2133 1548 nem,
2165 1486 2556 1541 incarnationis
2589 1488 2950 1543 oeconomiam
2993 1500 3242 1557 spectare
3272 1503 3371 1541 nos
3400 1503 3561 1557 opor-

1989 1585 2085 1631 ιιιι.
2115 1576 2247 1633 Cum
2284 1579 2429 1633 enim
2456 1579 2613 1634 nobis
2644 1581 2941 1636 secundum
2971 1595 3191 1636 carnem
3229 1580 3561 1636 assimilatus

311 1675 590 1742 γεγονόσιν
636 1672 863 1742 ἀδελφὸς
905 1670 1268 1742 ὀνομάζεσθαι
1293 1710 1308 1735 ,
1352 1671 1401 1722 εί
1430 1669 1505 1741 μὴ
1533 1668 1722 1738 γέγονε
1759 1667 1878 1722 κατ’

1993 1681 2090 1735 εει,
2134 1680 2261 1724 tunc
2307 1678 2361 1724 et
2405 1670 2519 1739 ipse
2551 1686 2766 1741 quoque
2819 1673 3041 1743 perinde
3079 1689 3143 1728 ac
3183 1689 3279 1728 nos
3338 1688 3403 1728 ex
3453 1688 3563 1729 uno

312 1764 530 1828 αὐτοὺς,
559 1763 699 1834 πλὴν
723 1764 784 1816 ού
811 1762 995 1832 μεθεὶς
1021 1763 1157 1831 ὅπερ
1184 1756 1272 1832 ἦν.
1293 1762 1425 1815 Τότε
1450 1761 1555 1831 γάρ
1579 1759 1883 1831 ἀνεπιπλήο

312 1873 456 1920 κτως
488 1856 579 1908 καὶ
608 1854 839 1925 ὑμνήσει
887 1853 1008 1924 μεθ’
1042 1854 1197 1923 ἡμῶν
1231 1853 1424 1916 αύτὸς,
1456 1852 1513 1905 ὃν
1553 1851 1782 1922 ὑμνοῦσι
1814 1850 1883 1905 τὰ

310 1948 623 2017 Σεραφεὶμ,
652 1946 746 2001 καὶ
780 1945 1041 2015 σύμπασα
1072 1943 1249 2007 κτίσις
1278 1945 1591 2013 προσκυνεῖ.

1987 1776 2109 1816 εεεε
2134 1761 2313 1816 dictus
2349 1771 2455 1827 est,
2480 1775 2964 1834 creaturarumque
2990 1766 3156 1821 frater
3173 1765 3297 1834 jure
3320 1764 3560 1836 appella-

1986 1859 2094 1916 tus,
2134 1862 2318 1921 utpote
2351 1868 2472 1907 cum
2503 1854 2738 1908 humana
2768 1864 2959 1908 natura
2987 1856 3363 1925 cognationem
3401 1854 3566 1912 sorti-

1990 1952 2096 1997 tus.
2139 1943 2251 1999 [Iac
2295 1944 2457 2014 igitur
2502 1946 2710 1999 ratione
2756 1946 2891 2001 satis
2942 1960 3181 2016 congrue
3214 1946 3413 2002 fratres
3465 1959 3565 2001 nos

310 2038 581 2107 appellare
612 2038 920 2106 neutiquam
955 2037 1161 2091 veritus
1202 2046 1303 2091 est.
1338 2036 1450 2091 Nisi
1481 2038 1624 2090 enim
1673 2036 1758 2091 his
1788 2035 1878 2106 qui
1920 2050 2016 2104 per
2045 2038 2216 2106 ipsqu
2248 2038 2448 2092 conditi
2477 2047 2624 2101 sunt,
2691 2040 2886 2095 similis
2944 2041 3205 2099 evasisset
3232 2041 3565 2111 (quanquam

310 2150 402 2203 per
436 2133 559 2199 hoc,
607 2134 660 2187 id
694 2134 835 2203 quod
881 2141 1019 2197 erat,
1090 2147 1194 2186 non
1245 2132 1533 2200 amiserit),
1583 2146 1943 2201 nequaquam,
1987 2142 2045 2185 ut
2095 2134 2225 2187 mihi
2280 2134 2601 2202 persuadeo,
2652 2132 2840 2187 fratris
2884 2135 3102 2189 nomine
3152 2151 3214 2190 se
3254 2132 3567 2202 compellari

311 2244 499 2297 passus
542 2238 708 2284 esset.
754 2226 909 2282 Tunc
943 2226 1089 2282 enim
1133 2237 1189 2282 et
1230 2227 1433 2295 alisque
1468 2226 1889 2295 reprehensione
1926 2226 2090 2280 etiam
2155 2227 2269 2296 ipse
2308 2228 2593 2282 nobiscum
2639 2226 2901 2295 laudabit,
2929 2242 3090 2295 quem
3157 2227 3381 2283 laudant
3406 2226 3568 2281 Sera-

311 2321 479 2390 phim,
510 2330 564 2375 et
593 2321 842 2374 universa
875 2327 1127 2373 creatura
1156 2317 1365 2374 adorat.

379 2415 501 2467 AI".
555 2432 573 2464 ι
606 2416 718 2467 Καὶ
761 2411 1212 2483 ὁμολογουμένως
1243 2411 1388 2481 μέγα
1425 2412 1543 2464 ἐστὶ
1568 2412 1627 2466 τὸ
1664 2415 1764 2484 τῆς
1794 2415 1883 2466 εύ-

312 2508 524 2572 σεϐείας
554 2508 857 2591 μυστήριον
884 2524 897 2537 °
929 2506 1062 2563 Θεὸς
1107 2506 1427 2576 ἐφανερώθη
1461 2507 1521 2559 ὲν
1546 2508 1709 2578 σαρκὶ
1730 2549 1744 2570 ,
1776 2509 1883 2562 ὲδι-

310 2600 515 2671 καιὼοη
564 2603 620 2654 ἐν
651 2601 962 2669 πνεύματι,
998 2597 1154 2668 ὤφθη
1199 2598 1485 2667 ἀγγέλοις,
1516 2599 1793 2671 ἐκηρύχθη
1826 2602 1884 2653 ὲν

310 2693 542 2758 ἔθνεσιν,
574 2690 869 2762 ἐπιστεύθη
910 2692 968 2743 ὲν
1015 2690 1205 2760 κόσμῳ
1227 2729 1242 2753 ,
1276 2688 1553 2758 ἀνελήφθη
1598 2690 1656 2742 ὲν
1686 2689 1831 2760 δόξῃ,
1865 2708 1882 2740 ι

311 2788 372 2840 Εἰ
415 2785 546 2847 Θεὸς
590 2782 664 2835 ὢν
697 2786 725 2837 6
758 2781 930 2849 Λόγος
959 2779 1381 2852 ὲνανθρωπῆσαι
1408 2779 1653 2846 λέγοιτο,
1684 2781 1776 2833 καὶ
1824 2780 1885 2833 οὐ

308 2880 481 2948 δήπου
528 2875 713 2947 μεθεὶς
746 2874 805 2927 τὸ
839 2869 978 2927 εἶναι
1012 2871 1174 2936 Θεὸς,
1202 2869 1318 2924 ἀλλ’
1358 2871 1417 2923 ὲν
1446 2867 1527 2933 οἷς
1557 2866 1624 2941 ἦν
1655 2871 1741 2923 ἀεὶ
1773 2870 1886 2924 δια-

315 2942 509 3042 μένωνο
528 2942 684 3040 ’μέγα
706 2967 770 3039 δὴ
801 2967 922 3020 τότε
949 3007 962 3031 ,
990 2964 1084 3019 καὶ
1115 2964 1566 3035 ὁμολογουμένως
1595 2964 1737 3035 μέγα
1766 2964 1884 3015 ἐστὶ
1915 2942 1958 3001 C

311 3067 369 3117 τὸ
397 3064 496 3135 τῆς
536 3060 817 3124 εὐσεϐείας
854 3060 1172 3130 μυστήριον.
1203 3060 1266 3111 Εἰ
1289 3058 1346 3111 δὲ
1375 3057 1660 3127 ἄνθρωπος
1689 3058 1895 3119 νοεῖται

313 3156 490 3219 κοινὸς
534 3156 561 3207 6
599 3151 833 3224 Χριστὸς
855 3190 871 3214 ,
901 3151 975 3213 ὡς
1009 3149 1150 3204 κατὰ
1192 3149 1361 3219 μόνην
1382 3147 1481 3218 τὴν
1532 3148 1756 3217 ίσότητα
1791 3145 1891 3215 τῆς

312 3248 467 3314 ἀξίας
489 3288 502 3310 ,
531 3247 697 3318 ἤγουν
730 3243 1040 3308 αὑθεντίας,
1072 3242 1193 3312 Θεῷ
1225 3240 1569 3311 συνημμένος
1600 3240 1891 3311 (πεφρονή-

314 3357 442 3391 κασι
472 3339 580 3408 γὰρ
605 3338 674 3390 τά
705 3336 883 3390 τοιάδε
907 3335 1052 3397 τινὲς
1078 3335 1188 3387 τῶν
1212 3332 1649 3404 ἀμαθεστέρων),
1677 3331 1796 3394 πῶς
1829 3332 1889 3384 ὲν

314 3430 480 3499 σαρκὶ
502 3427 914 3495 πεφανέρωται;
941 3423 1141 3494 (καίτοι
1163 3423 1279 3486 πῶς
1296 3425 1394 3492 οὐχ
1415 3422 1618 3475 ἅπασιν
1640 3421 1888 3491 ἐναργὲς,

314 3523 398 3574 ὅτι
443 3518 550 3579 πᾶς
594 3516 882 3584 ἄνθρωπος
914 3515 974 3565 ὲν
1028 3513 1192 3582 σαρκί
1238 3513 1301 3564 τέ
1348 3513 1500 3571 ἐστι,
1546 3511 1638 3563 καὶ
1680 3511 1780 3562 οὐκ
1825 3510 1891 3563 ἂν

319 3610 519 3679 ὲτέρως
568 3606 741 3676 ὁρῴτό
783 3607 948 3672 τισι;)
991 3604 1094 3656 τίνι
1135 3603 1191 3655 δὲ
1220 3602 1406 3672 τρόπῳ
1439 3612 1459 3639 τ
1500 3596 1680 3670 ὧφθαί
1728 3618 1893 3670 φησιν

319 3701 483 3756 αὐτὸν
526 3699 764 3759 καὶτοῖς
807 3694 983 3763 ἁγίοις
1029 3693 1317 3761 ἀγγέλοις;
1364 3693 1435 3744 ’Ἡ
1465 3691 1573 3761 γὰρ
1612 3691 1706 3744 καὶ
1748 3692 1893 3761 ἡμᾶς

319 3793 516 3855 αὐτούς
560 3792 658 3860 οὐχ
702 3788 900 3860 ὁρῶσιν
953 3786 1211 3855 ἄγγελοι;
1243 3786 1309 3838 Τί
1340 3778 1432 3837 οὖν
1481 3785 1538 3836 ὲν
1570 3781 1793 3853 Χριστῷ
1832 3782 1894 3835 τὸ

320 3885 492 3949 ξένον,
530 3884 563 3954 ἢ
595 3883 647 3936 τί
689 3882 750 3935 τὸ
777 3878 1098 3951 παράδοξον,
1133 3879 1181 3931 εί
1231 3876 1325 3931 καὶ
1363 3876 1485 3930 καθ’
1535 3876 1682 3947 ἡμᾶς
1728 3874 1891 3938 ὄντα,

320 3977 413 4031 καὶ
441 3976 628 4044 ἕτερον
655 3973 829 4033 οὐδὲν,
867 3969 1151 4024 τεθέανταί
1181 3985 1326 4032 τινες
1367 3967 1476 4021 τῶν
1523 3967 1695 4035 ἁγίων
1724 3965 1892 4034 ἀγγέ-

317 4072 453 4133 low;
486 4067 607 4129 Πῶς
634 4066 690 4119 δὲ
716 4065 809 4117 καὶ
829 4063 1036 4116 ἔθνεσιν
1054 4060 1332 4132 ἐκηρύχθη
1358 4076 1372 4125 ;
1396 4060 1490 4113 καὶ
1517 4058 1592 4121 ὼς
1612 4058 1694 4122 τίς
1712 4059 1892 4129 ὑπάρ-

318 4180 425 4231 χων
451 4169 472 4195 ³
507 4160 654 4228 παρὰ
694 4158 802 4210 τῶν
839 4159 897 4209 ὲν
933 4156 1123 4225 κόσμῳ
1156 4152 1469 4205 πιστεύεται
1498 4167 1512 4218 ;
1544 4152 1607 4203 Ei
1651 4150 1750 4220 μὲν
1782 4150 1892 4220 γὰρ

318 4256 391 4317 ὡς
423 4255 517 4305 ἕνα
541 4251 649 4303 τῶν
674 4249 792 4303 καθ’
818 4248 967 4316 ἡμᾶς
998 4246 1281 4315 ἄνθρωπον
1313 4241 1530 4307 ἁπλῶς,
1558 4241 1652 4294 καὶ
1681 4239 1802 4311 οὐχ).
1825 4240 1890 4312 δὴ
1923 4272 1967 4328 D

322 4340 524 4410 μᾶλλον
555 4338 687 4389 Θεὸν
715 4333 1176 4405 ἐνηνθρωπηκότα
1203 4330 1530 4403 διεκήρυξαν
1553 4332 1601 4383 οἱ
1630 4329 1889 4401 μαθηταὶ,

321 4430 414 4482 καὶ
441 4428 515 4491 ὡς
548 4425 707 4479 τοῦτο
730 4422 993 4493 ὑπάρχων
1019 4420 1172 4490 παρὰ
1197 4419 1309 4473 τῶν
1334 4422 1390 4472 ὲν
1422 4419 1610 4490 κόσμῳ
1640 4417 1893 4472 πιστεύε-

319 4539 440 4585 ται,
475 4514 958 4588 ἀνθρωπολατρείᾳ
991 4509 1422 4582 κεκρατήμεθα,
1454 4511 1549 4563 καὶ
1582 4526 1893 4580 προσκεκυ-

322 4615 565 4683 νήκαμεν
614 4611 678 4676 τῇ
714 4606 888 4658 κτίσει
913 4620 926 4634 ο
965 4603 1060 4655 καὶ
1106 4600 1243 4672 πρός
1288 4617 1352 4669 γε
1390 4600 1547 4654 τοῦτο
1575 4601 1720 4672 ἡμᾶς
1758 4618 1892 4655 κατ-

324 4706 573 4773 εδόνησεν
601 4699 759 4760 αὐτὸς
787 4699 814 4750 ὁ
839 4696 997 4766 φύσει
1034 4711 1092 4747 τε
1113 4693 1205 4746 καὶ
1234 4691 1462 4764 ἀληθείᾳ
1492 4691 1586 4745 καὶ⁸
1615 4691 1726 4745 τῶν
1755 4693 1893 4747 ὅλων

322 4793 472 4854 tle-6;
515 4791 678 4851 αὐτὸς
726 4788 835 4857 γὰρ
864 4788 996 4857 ἡμῖν
1044 4786 1136 4837 τὸν
1182 4782 1291 4837 τῶν
1335 4783 1615 4855 θεηγόρων
1651 4783 1891 4849 ἀνέδειξε

324 4885 503 4955 χορόν.
534 4883 597 4935 Εἰ
623 4882 680 4935 δὲ
715 4880 947 4948 Χριστὸς
976 4878 1222 4948 ἐγερθεὶς
1256 4877 1320 4930 ὲκ
1347 4876 1554 4947 νεκρῶν
1583 4878 1695 4941 τοῖς
1720 4877 1897 4945 ἁγίοις

325 4979 560 5045 ἔφασκεν
615 4971 964 5034 ἀποστόλοις·
1025 4990 1042 5020 ι
1104 4968 1471 5040 Πορευθέντες
1519 4968 1895 5040 μαθητεύσατε

326 5068 500 5120 πάντα
549 5063 615 5116 τὰ
659 5063 816 5129 ἔθνη,
870 5058 1221 5129 βαπτίζοντες
1274 5059 1469 5122 αὐτοὺς
1513 5060 1593 5122 εἰς
1629 5058 1690 5111 τὸ
1727 5058 1895 5128 ὄνομα

324 5159 414 5209 τοῦ
448 5158 679 5228 Ματρὸς,
724 5160 816 5210 καὶ
844 5158 935 5209 τοῦ
982 5160 1130 5221 Υἱοῦ,
1162 5159 1253 5212 καὶ
1298 5159 1391 5212 τοῦ
1434 5158 1588 5227 ἁγίου
1638 5158 1893 5228 Πνεύμα-

358 5331 478 5385 ⁴⁶¹Ι
515 5300 749 5388 Τηυυιιι.
786 5351 868 5399 Ill,
904 5335 984 5389 I6.

2063 2411 2306 2467 XXXIII.
2355 2431 2377 2462 ι
2415 2413 2478 2467 Ει
2509 2412 2793 2467 manifeste
2823 2428 3076 2482 magnum
3103 2422 3186 2467 est
3223 2414 3444 2483 pietatis
3473 2430 3562 2471 sa-

1991 2514 2327 2557 cramentum
2358 2520 2372 2557 :
2402 2502 2545 2558 Deus
2581 2504 2955 2560 manil'estatus
2992 2517 3074 2560 est
3115 2506 3166 2559 in
3195 2520 3383 2571 carne,
3405 2506 3567 2574 justi-

1992 2597 2185 2651 tiratus
2224 2605 2307 2650 est
2336 2597 2388 2650 in
2421 2596 2638 2665 spiritu,
2672 2596 2820 2650 visus
2866 2606 2950 2651 est
2984 2597 3212 2667 angelis,
3243 2598 3568 2666 praedicatus

1993 2697 2075 2740 est
2109 2687 2163 2741 in
2199 2687 2474 2757 gentibus,
2509 2688 2750 2743 creditus
2795 2698 2875 2743 est
2909 2688 2962 2742 in
3010 2690 3229 2755 mundo,
3260 2698 3571 2759 assumptus

1992 2787 2076 2831 est
2129 2777 2185 2832 in
2234 2778 2495 2847 gloria“.
2530 2797 2549 2831 ι
2603 2778 2658 2834 Si
2706 2779 2849 2835 Deus
2880 2780 3105 2835 verbum
3152 2781 3411 2836 deitatem
3462 2797 3568 2836 non

1997 2869 2278 2934 amittens,
2310 2871 2404 2925 sed
2438 2872 2489 2925 in
2525 2872 2726 2941 quibus
2750 2880 2872 2926 erat
2911 2871 3069 2928 bonis
3103 2880 3420 2928 constanter
3445 2889 3570 2943 per-

1993 2959 2212 3025 sistens,
2248 2961 2412 3016 homo
2442 2960 2617 3017 factus
2648 2962 2996 3031 praedicatur,
3029 2980 3285 3035 magnum
3322 2966 3570 3035 profecto

1994 3050 2211 3119 pietatis
2249 3053 2566 3122 mysterium
2618 3054 2706 3108 hic
2738 3069 2797 3108 se
2838 3052 3014 3110 olI'ert.
3062 3056 3119 3110 Si
3163 3071 3289 3111 vero
3321 3055 3571 3113 Christus

1992 3155 2075 3200 est
2120 3147 2282 3201 homo
2330 3153 2538 3200 tantum
2587 3149 2921 3214 communis,
2975 3148 3087 3204 sola
3142 3149 3426 3220 dignitatis
3482 3148 3567 3205 vel

1994 3238 2339 3293 auctoritatis
2369 3239 2631 3294 societate
2658 3238 2769 3293 Deo
2796 3240 3117 3308 coniunctus
3143 3240 3270 3309 (hoc
3301 3243 3446 3295 enim
3487 3242 3573 3297 in-

1993 3329 2136 3383 docti
2183 3330 2399 3398 quidam
2452 3328 2802 3401 delendum),
2861 3333 3133 3400 quomodo
3191 3332 3573 3389 manifestatns

1993 3428 2078 3473 est
2121 3420 2173 3472 in
2225 3420 2429 3473 carne?
2489 3422 2571 3474 An
2640 3437 2745 3475 non
2792 3423 3043 3478 omnibus
3093 3426 3435 3493 perspicuum
3488 3435 3574 3481 est

1995 3507 2196 3560 nullum
2240 3524 2345 3561 non
2388 3510 2659 3564 hominem
2692 3526 2854 3565 carne
2888 3527 3009 3567 esse
3037 3514 3306 3578 indutum,
3341 3530 3439 3571 nec
3464 3515 3574 3573 alio

1995 3597 2156 3651 modo
2183 3611 2212 3650 a
2248 3612 2518 3667 quoquam
2557 3615 2716 3668 posse
2751 3602 2955 3655 videri?
2986 3603 3146 3675 154,
3174 3606 3285 3670 Qua
3313 3621 3444 3675 ergo
3480 3623 3572 3661 ra-

1997 3689 2143 3744 tione
2167 3704 2197 3743 a
2230 3691 2436 3745 sanctis
2463 3706 2678 3760 quoque
2705 3693 2912 3759 angelis
2941 3696 3086 3749 visus
3122 3697 3351 3751 dicitur?
3386 3697 3574 3753 Nonne

1995 3780 2172 3850 angeli
2211 3780 2460 3849 nosipsos
2495 3782 2916 3849 conspicantur?
2947 3783 3085 3850 Quid
3127 3785 3291 3854 igitur
3321 3787 3373 3841 in
3415 3788 3573 3844 Chri-

1995 3881 2081 3927 sto
2113 3881 2205 3926 aut
2238 3887 2456 3938 novum,
2496 3882 2589 3926 aut
2624 3874 2969 3942 inusitatum,
3002 3885 3056 3932 et
3096 3878 3457 3934 admiratione
3486 3882 3571 3937 di-

1994 3980 2156 4034 gnum
2205 3973 2312 4031 est,
2362 3964 2410 4019 si
2462 3963 2631 4020 solam
2672 3976 2878 4021 naturze
2918 3978 3121 4023 nostrae
3158 3972 3570 4029 similitudinem

1995 4073 2216 4128 gerens.
2255 4072 2284 4111 a
2320 4057 2642 4128 quihusdam
2669 4060 2873 4128 angelis
2907 4060 3056 4115 visus
3082 4061 3208 4116 est?
3236 4062 3420 4128 Qualis
3447 4080 3570 4119 rur-

1928 4156 1939 4165 ‘
1994 4164 2116 4204 sum
2152 4148 2403 4218 gentibus
2426 4147 2792 4218 pnedicatus?
2822 4157 2913 4202 aut
2950 4149 3124 4217 qualis
3156 4154 3371 4206 tandem
3408 4155 3571 4211 abiis

1995 4240 2086 4309 qui
2124 4248 2254 4293 sunt
2286 4239 2339 4294 in
2376 4238 2600 4303 mundo,
2638 4239 2916 4294 creditur?
2954 4240 3088 4294 Nam
3133 4242 3178 4297 si
3223 4243 3369 4298 ἱηιιιιι
3407 4247 3570 4300 disci-

1997 4332 2106 4401 puli
2139 4329 2337 4384 mundo
2374 4329 2738 4399 praedicarunt
2772 4339 2829 4384 ut
2866 4345 3058 4400 purum
3099 4332 3333 4402 aliquem
3371 4347 3570 4393 nostra:

1998 4422 2329 4477 conditionis
2384 4423 2680 4486 hominem,
2726 4431 2782 4476 et
2822 4439 2929 4476 non
2977 4434 3033 4478 ut
3076 4425 3243 4478 Deum
3294 4425 3567 4482 hominem

1997 4513 2222 4580 factum,
2257 4515 2486 4585 talisque
2509 4514 2577 4569 ab
2610 4514 2678 4569 iis
2710 4516 2800 4583 qui
2838 4516 2893 4570 in
2923 4516 3124 4569 mundo
3153 4518 3357 4586 degunt
3392 4520 3570 4574 credi-

2000 4616 2121 4672 tur;
2171 4609 2238 4662 ad
2277 4623 2442 4661 unum
2489 4621 2679 4664 omnes
2726 4607 3167 4677 authropolatria:
3214 4610 3443 4666 crimine
3494 4604 3581 4665 rci'

2003 4699 2326 4764 tenebimur,
2387 4710 2804 4771 ereaturamque
2847 4703 3125 4759 Creatoris
3178 4705 3296 4760 loco
3347 4707 3573 4761 adorare

2003 4799 2188 4855 aperte
2214 4790 2649 4846 convinccmur?
2681 4792 2842 4862 idque
2880 4792 3024 4849 illius
3064 4794 3316 4865 impulsu,
3346 4796 3435 4866 qui
3472 4813 3565 4850 na-

2004 4889 2124 4934 tura
2188 4890 2241 4935 et
2291 4882 2524 4937 veritate
2567 4883 2944 4937 universorum
3004 4884 3142 4940 Deus
3192 4896 3293 4941 est.
3343 4885 3577 4942 Constat

2002 4973 2146 5027 enim
2199 4973 2372 5040 ipsum
2437 4974 2505 5028 ad
2557 4974 2920 5030 nosmisisse
2971 4978 3258 5049 magistros
3314 4978 3405 5046 qui
3461 4978 3574 5032 lucc

2001 5066 2276 5119 docerent.
2304 5063 2457 5132 Quod
2491 5066 2535 5120 si
2564 5064 2811 5123 Christus
2840 5082 2905 5123 ex
2935 5070 3161 5124 mortuis
3186 5068 3571 5135 exsuscitatus,

2002 5165 2219 5212 sanctos
2265 5159 2534 5227 apostolos
2566 5159 2650 5216 his
2692 5159 2873 5216 verbis
2922 5158 3117 5215 aﬂ‘atur
3146 5177 3159 5214 :
3195 5179 3212 5212 ι
3247 5159 3447 5216 Euntes
3480 5160 3578 5215 do-

1420 5470 1590 5526 Varim
1623 5471 1880 5526 lectiones
1913 5472 2114 5528 codicis
2150 5471 2509 5543 Seguiertani.

394 5624 422 5664 Ρ
453 5613 683 5683 γενητῷ.
760 5622 786 5661 (ι
818 5611 1060 5681 γενητόν.
1141 5620 1162 5649 ι’
1195 5611 1316 5665 τίνα
1345 5610 1399 5664 δὲ
1427 5609 1645 5679 τρόπον.
1725 5615 1745 5643 ⁸
1779 5608 1863 5661 ίσ.
1895 5609 1991 5662 καὶ
2029 5609 2177 5672 ὅστις
2204 5610 2485 5681 ὑπάρχων.
