  <div class='ocr_page' id='page_1' title='image "/cluster/home/n/w/nwhite01/storage/ocr_20150623/76/mdp.39015013094878/715.png"; bbox 0 0 3942 6128; ppageno 0'>
   <div class='ocr_carea' id='block_1_1' title="bbox 450 184 587 240">
    <p class='ocr_par' dir='ltr' id='par_1_1' title="bbox 450 184 587 240">
     <span class='ocr_line' id='line_1_1' title="bbox 450 184 587 240; baseline 0.022 -3"><span class='ocrx_word' id='word_1_1' title='bbox 450 184 587 240; x_wconf 76' lang='lat'><strong>1379</strong></span> 
     </span>
    </p>
   </div>
   <div class='ocr_carea' id='block_1_2' title="bbox 1429 174 2673 237">
    <p class='ocr_par' dir='ltr' id='par_1_2' title="bbox 1429 174 2673 237">
     <span class='ocr_line' id='line_1_2' title="bbox 1429 174 2673 237; baseline -0.004 -1"><span class='ocrx_word' id='word_1_2' title='bbox 1429 181 1486 236; x_wconf 85' lang='lat' dir='ltr'><strong>S.</strong></span> <span class='ocrx_word' id='word_1_3' title='bbox 1526 179 1799 237; x_wconf 79' lang='lat' dir='ltr'><strong>CYRILLI</strong></span> <span class='ocrx_word' id='word_1_4' title='bbox 1842 175 2310 233; x_wconf 74' lang='lat' dir='ltr'><strong>ALEXANDIHNI</strong></span> <span class='ocrx_word' id='word_1_5' title='bbox 2352 174 2673 231; x_wconf 65' lang='lat' dir='ltr'><strong>ARCl-llEP.</strong></span> 
     </span>
    </p>
   </div>
   <div class='ocr_carea' id='block_1_3' title="bbox 3563 181 3704 236">
    <p class='ocr_par' dir='ltr' id='par_1_3' title="bbox 3563 181 3704 236">
     <span class='ocr_line' id='line_1_3' title="bbox 3563 181 3704 236; baseline -0.014 -1"><span class='ocrx_word' id='word_1_6' title='bbox 3563 182 3589 235; x_wconf 73' lang='lat' dir='ltr'><strong>l</strong></span> <span class='ocrx_word' id='word_1_7' title='bbox 3600 181 3704 236; x_wconf 73' lang='lat'><strong>38‘)</strong></span> 
     </span>
    </p>
   </div>
   <div class='ocr_carea' id='block_1_4' title="bbox 448 283 2009 364">
    <p class='ocr_par' dir='ltr' id='par_1_4' title="bbox 448 290 2009 364">
     <span class='ocr_line' id='line_1_4' title="bbox 448 290 2009 364; baseline -0.005 -16"><span class='ocrx_word' id='word_1_8' title='bbox 448 309 564 348; x_wconf 86' lang='lat' dir='ltr'><strong>cete</strong></span> <span class='ocrx_word' id='word_1_9' title='bbox 611 308 799 348; x_wconf 87' lang='lat' dir='ltr'><strong>omnes</strong></span> <span class='ocrx_word' id='word_1_10' title='bbox 835 305 1042 360; x_wconf 70' lang='lat' dir='ltr'><strong>gentes,</strong></span> <span class='ocrx_word' id='word_1_11' title='bbox 1074 295 1416 364; x_wconf 84' lang='lat' dir='ltr'><strong>baptizantes</strong></span> <span class='ocrx_word' id='word_1_12' title='bbox 1446 308 1541 348; x_wconf 89' lang='lat' dir='ltr'><strong>eos</strong></span> <span class='ocrx_word' id='word_1_13' title='bbox 1577 294 1627 345; x_wconf 88' lang='lat' dir='ltr'><strong>iu</strong></span> <span class='ocrx_word' id='word_1_14' title='bbox 1674 293 1890 345; x_wconf 84' lang='lat' dir='ltr'><strong>nomine</strong></span> <span class='ocrx_word' id='word_1_15' title='bbox 1925 290 2009 342; x_wconf 82' lang='lat' dir='ltr'><strong>Pa-</strong></span> 
     </span>
    </p>
   </div>
   <div class='ocr_carea' id='block_1_5' title="bbox 2112 283 3704 364">
    <p class='ocr_par' dir='ltr' id='par_1_5' title="bbox 2123 283 3704 364">
     <span class='ocr_line' id='line_1_5' title="bbox 2123 283 3704 364; baseline 0.007 -26"><span class='ocrx_word' id='word_1_16' title='bbox 2123 305 2244 350; x_wconf 86' lang='grc' dir='ltr'>τος·</span> <span class='ocrx_word' id='word_1_17' title='bbox 2276 305 2294 337; x_wconf 81' lang='grc' dir='ltr'><strong>ι</strong></span> <span class='ocrx_word' id='word_1_18' title='bbox 2329 283 2446 341; x_wconf 73' lang='grc' dir='ltr'>εἶτα</span> <span class='ocrx_word' id='word_1_19' title='bbox 2479 288 2928 359; x_wconf 80' lang='grc' dir='ltr'><strong>πεπιστεύκαμεν</strong></span> <span class='ocrx_word' id='word_1_20' title='bbox 2962 292 3042 354; x_wconf 88' lang='grc' dir='ltr'><strong>είς</strong></span> <span class='ocrx_word' id='word_1_21' title='bbox 3068 292 3260 352; x_wconf 80' lang='grc' dir='ltr'>αὑτὸν,</span> <span class='ocrx_word' id='word_1_22' title='bbox 3292 291 3704 364; x_wconf 75' lang='grc' dir='ltr'>βεϐαπτίσμεθά</span> 
     </span>
    </p>
   </div>
   <div class='ocr_carea' id='block_1_6' title="bbox 449 383 2047 454">
    <p class='ocr_par' dir='ltr' id='par_1_6' title="bbox 449 383 2047 454">
     <span class='ocr_line' id='line_1_6' title="bbox 449 383 2047 454; baseline -0.004 -13"><span class='ocrx_word' id='word_1_23' title='bbox 449 387 572 451; x_wconf 88' lang='lat' dir='ltr'><strong>tris,</strong></span> <span class='ocrx_word' id='word_1_24' title='bbox 599 397 653 441; x_wconf 89' lang='lat' dir='ltr'><strong>et</strong></span> <span class='ocrx_word' id='word_1_25' title='bbox 681 384 823 449; x_wconf 85' lang='lat' dir='ltr'><strong>Filii,</strong></span> <span class='ocrx_word' id='word_1_26' title='bbox 853 397 905 440; x_wconf 91' lang='lat' dir='ltr'><strong>ei</strong></span> <span class='ocrx_word' id='word_1_27' title='bbox 927 385 1167 454; x_wconf 92' lang='lat' dir='ltr'><strong>Spiritus</strong></span> <span class='ocrx_word' id='word_1_28' title='bbox 1198 386 1370 440; x_wconf 88' lang='lat' dir='ltr'><strong>sancti</strong></span> <span class='ocrx_word' id='word_1_29' title='bbox 1394 385 1470 450; x_wconf 81' lang='lat'><strong>“;</strong></span> <span class='ocrx_word' id='word_1_30' title='bbox 1501 403 1519 436; x_wconf 87' lang='grc' dir='ltr'><strong>ι</strong></span> <span class='ocrx_word' id='word_1_31' title='bbox 1550 398 1757 453; x_wconf 78' lang='lat' dir='ltr'><strong>nosque</strong></span> <span class='ocrx_word' id='word_1_32' title='bbox 1782 384 1833 436; x_wconf 92' lang='lat' dir='ltr'><strong>in</strong></span> <span class='ocrx_word' id='word_1_33' title='bbox 1873 383 2047 443; x_wconf 88' lang='lat' dir='ltr'><strong>illiiin_</strong></span> 
     </span>
    </p>
   </div>
   <div class='ocr_carea' id='block_1_7' title="bbox 446 474 2014 546">
    <p class='ocr_par' dir='ltr' id='par_1_7' title="bbox 446 474 2014 546">
     <span class='ocr_line' id='line_1_7' title="bbox 446 474 2014 546; baseline -0.006 -13"><span class='ocrx_word' id='word_1_34' title='bbox 446 480 739 539; x_wconf 85' lang='lat' dir='ltr'><strong>credimus,</strong></span> <span class='ocrx_word' id='word_1_35' title='bbox 767 492 829 531; x_wconf 80' lang='lat' dir='ltr'><strong>ac</strong></span> <span class='ocrx_word' id='word_1_36' title='bbox 857 487 1089 531; x_wconf 88' lang='lat' dir='ltr'><strong>mortem</strong></span> <span class='ocrx_word' id='word_1_37' title='bbox 1122 476 1361 546; x_wconf 80' lang='lat' dir='ltr'><strong>ejusdem</strong></span> <span class='ocrx_word' id='word_1_38' title='bbox 1396 474 1800 535; x_wconf 74' lang='lat' dir='ltr'><strong>annnniiantes,</strong></span> <span class='ocrx_word' id='word_1_39' title='bbox 1835 488 2014 527; x_wconf 77' lang='lat' dir='ltr'><strong>resur—</strong></span> 
     </span>
    </p>
   </div>
   <div class='ocr_carea' id='block_1_8' title="bbox 448 564 2018 636">
    <p class='ocr_par' dir='ltr' id='par_1_8' title="bbox 448 564 2018 636">
     <span class='ocr_line' id='line_1_8' title="bbox 448 564 2018 636; baseline -0.004 -12"><span class='ocrx_word' id='word_1_40' title='bbox 448 570 850 636; x_wconf 85' lang='lat' dir='ltr'><strong>rectionemque</strong></span> <span class='ocrx_word' id='word_1_41' title='bbox 874 568 1215 630; x_wconf 80' lang='lat' dir='ltr'><strong>conﬁtentes,</strong></span> <span class='ocrx_word' id='word_1_42' title='bbox 1248 566 1503 634; x_wconf 88' lang='lat' dir='ltr'><strong>baptizati</strong></span> <span class='ocrx_word' id='word_1_43' title='bbox 1532 581 1721 619; x_wconf 91' lang='lat' dir='ltr'><strong>sumus</strong></span> <span class='ocrx_word' id='word_1_44' title='bbox 1748 582 1764 630; x_wconf 90' lang='lat'><strong>;</strong></span> <span class='ocrx_word' id='word_1_45' title='bbox 1797 573 1850 618; x_wconf 89' lang='lat' dir='ltr'><strong>et</strong></span> <span class='ocrx_word' id='word_1_46' title='bbox 1875 564 2018 617; x_wconf 89' lang='lat' dir='ltr'><strong>istud</strong></span> 
     </span>
    </p>
   </div>
   <div class='ocr_carea' id='block_1_9' title="bbox 447 654 2019 726">
    <p class='ocr_par' dir='ltr' id='par_1_9' title="bbox 447 654 2019 726">
     <span class='ocr_line' id='line_1_9' title="bbox 447 654 2019 726; baseline -0.004 -12"><span class='ocrx_word' id='word_1_47' title='bbox 447 662 511 714; x_wconf 90' lang='lat' dir='ltr'><strong>de</strong></span> <span class='ocrx_word' id='word_1_48' title='bbox 542 674 688 713; x_wconf 83' lang='lat' dir='ltr'><strong>more</strong></span> <span class='ocrx_word' id='word_1_49' title='bbox 724 658 1035 711; x_wconf 81' lang='lat' dir='ltr'><strong>factitantes</strong></span> <span class='ocrx_word' id='word_1_50' title='bbox 1068 670 1345 725; x_wconf 89' lang='lat' dir='ltr'><strong>nunquam</strong></span> <span class='ocrx_word' id='word_1_51' title='bbox 1389 657 1650 710; x_wconf 76' lang='lat' dir='ltr'><strong>hactenus</strong></span> <span class='ocrx_word' id='word_1_52' title='bbox 1673 656 1814 726; x_wconf 88' lang='lat' dir='ltr'><strong>quod</strong></span> <span class='ocrx_word' id='word_1_53' title='bbox 1847 654 2019 709; x_wconf 85' lang='lat' dir='ltr'><strong>horni-</strong></span> 
     </span>
    </p>
   </div>
   <div class='ocr_carea' id='block_1_10' title="bbox 445 744 2017 815">
    <p class='ocr_par' dir='ltr' id='par_1_10' title="bbox 445 744 2017 815">
     <span class='ocr_line' id='line_1_10' title="bbox 445 744 2017 815; baseline -0.003 -14"><span class='ocrx_word' id='word_1_54' title='bbox 445 764 566 802; x_wconf 86' lang='lat' dir='ltr'><strong>nem</strong></span> <span class='ocrx_word' id='word_1_55' title='bbox 598 747 858 809; x_wconf 78' lang='lat' dir='ltr'><strong>colamus,</strong></span> <span class='ocrx_word' id='word_1_56' title='bbox 905 745 1203 800; x_wconf 87' lang='lat' dir='ltr'><strong>insimulati</strong></span> <span class='ocrx_word' id='word_1_57' title='bbox 1238 744 1476 798; x_wconf 77' lang='lat' dir='ltr'><strong>fuimus:</strong></span> <span class='ocrx_word' id='word_1_58' title='bbox 1510 746 1633 815; x_wconf 88' lang='lat' dir='ltr'><strong>quis</strong></span> <span class='ocrx_word' id='word_1_59' title='bbox 1665 744 1885 799; x_wconf 89' lang='lat' dir='ltr'><strong>dubium</strong></span> <span class='ocrx_word' id='word_1_60' title='bbox 1920 744 2017 797; x_wconf 79' lang='lat' dir='ltr'><strong>ha-</strong></span> 
     </span>
    </p>
   </div>
   <div class='ocr_carea' id='block_1_11' title="bbox 444 834 2017 907">
    <p class='ocr_par' dir='ltr' id='par_1_11' title="bbox 444 834 2017 907">
     <span class='ocr_line' id='line_1_11' title="bbox 444 834 2017 907; baseline -0.004 -14"><span class='ocrx_word' id='word_1_61' title='bbox 444 840 571 894; x_wconf 89' lang='lat' dir='ltr'><strong>bere</strong></span> <span class='ocrx_word' id='word_1_62' title='bbox 615 846 792 907; x_wconf 89' lang='lat' dir='ltr'><strong>potest</strong></span> <span class='ocrx_word' id='word_1_63' title='bbox 851 834 1128 891; x_wconf 78' lang='lat' dir='ltr'><strong>Christum</strong></span> <span class='ocrx_word' id='word_1_64' title='bbox 1197 850 1302 890; x_wconf 89' lang='lat' dir='ltr'><strong>non</strong></span> <span class='ocrx_word' id='word_1_65' title='bbox 1350 850 1469 890; x_wconf 89' lang='lat' dir='ltr'><strong>esse</strong></span> <span class='ocrx_word' id='word_1_66' title='bbox 1510 851 1702 902; x_wconf 89' lang='lat' dir='ltr'><strong>purum</strong></span> <span class='ocrx_word' id='word_1_67' title='bbox 1747 834 2017 889; x_wconf 83' lang='lat' dir='ltr'><strong>hominem</strong></span> 
     </span>
    </p>
   </div>
   <div class='ocr_carea' id='block_1_12' title="bbox 444 923 2019 997">
    <p class='ocr_par' dir='ltr' id='par_1_12' title="bbox 444 923 2019 997">
     <span class='ocr_line' id='line_1_12' title="bbox 444 923 2019 997; baseline -0.006 -11"><span class='ocrx_word' id='word_1_68' title='bbox 444 934 583 987; x_wconf 87' lang='lat' dir='ltr'><strong>nuda</strong></span> <span class='ocrx_word' id='word_1_69' title='bbox 639 940 844 985; x_wconf 89' lang='lat' dir='ltr'><strong>tantum</strong></span> <span class='ocrx_word' id='word_1_70' title='bbox 904 928 1244 997; x_wconf 82' lang='lat' dir='ltr'><strong>simplicique</strong></span> <span class='ocrx_word' id='word_1_71' title='bbox 1299 943 1421 982; x_wconf 92' lang='lat' dir='ltr'><strong>cum</strong></span> <span class='ocrx_word' id='word_1_72' title='bbox 1489 926 1581 980; x_wconf 85' lang='lat' dir='ltr'><strong>Dei</strong></span> <span class='ocrx_word' id='word_1_73' title='bbox 1644 923 1824 981; x_wconf 78' lang='lat' dir='ltr'><strong>Verbo</strong></span> <span class='ocrx_word' id='word_1_74' title='bbox 1891 939 2019 980; x_wconf 88' lang='lat' dir='ltr'><strong>con-</strong></span> 
     </span>
    </p>
   </div>
   <div class='ocr_carea' id='block_1_13' title="bbox 444 1014 2020 1083">
    <p class='ocr_par' dir='ltr' id='par_1_13' title="bbox 444 1014 2020 1083">
     <span class='ocr_line' id='line_1_13' title="bbox 444 1014 2020 1083; baseline -0.004 -10"><span class='ocrx_word' id='word_1_75' title='bbox 444 1024 673 1075; x_wconf 74' lang='lat' dir='ltr'><strong>nexione</strong></span> <span class='ocrx_word' id='word_1_76' title='bbox 702 1021 1058 1082; x_wconf 89' lang='lat' dir='ltr'><strong>honoratum;</strong></span> <span class='ocrx_word' id='word_1_77' title='bbox 1102 1030 1288 1070; x_wconf 81' lang='lat' dir='ltr'><strong>verum</strong></span> <span class='ocrx_word' id='word_1_78' title='bbox 1332 1015 1564 1083; x_wconf 74' lang='lat' dir='ltr'><strong>naturali</strong></span> <span class='ocrx_word' id='word_1_79' title='bbox 1605 1015 1901 1069; x_wconf 87' lang='lat' dir='ltr'><strong>secundum</strong></span> <span class='ocrx_word' id='word_1_80' title='bbox 1937 1014 2020 1067; x_wconf 86' lang='lat' dir='ltr'><strong>di-</strong></span> 
     </span>
    </p>
   </div>
   <div class='ocr_carea' id='block_1_14' title="bbox 442 1107 2019 1182">
    <p class='ocr_par' dir='ltr' id='par_1_14' title="bbox 442 1107 2019 1182">
     <span class='ocr_line' id='line_1_14' title="bbox 442 1107 2019 1182; baseline -0.005 -16"><span class='ocrx_word' id='word_1_81' title='bbox 442 1112 832 1182; x_wconf 87' lang='lat' dir='ltr'><strong>spcnsatoriam</strong></span> <span class='ocrx_word' id='word_1_82' title='bbox 875 1110 1131 1163; x_wconf 89' lang='lat' dir='ltr'><strong>unionem</strong></span> <span class='ocrx_word' id='word_1_83' title='bbox 1181 1123 1303 1162; x_wconf 91' lang='lat' dir='ltr'><strong>cum</strong></span> <span class='ocrx_word' id='word_1_84' title='bbox 1357 1107 1592 1161; x_wconf 90' lang='lat' dir='ltr'><strong>humana</strong></span> <span class='ocrx_word' id='word_1_85' title='bbox 1640 1114 1837 1161; x_wconf 86' lang='lat' dir='ltr'><strong>natura</strong></span> <span class='ocrx_word' id='word_1_86' title='bbox 1886 1121 2019 1160; x_wconf 86' lang='lat' dir='ltr'><strong>con-</strong></span> 
     </span>
    </p>
   </div>
   <div class='ocr_carea' id='block_1_15' title="bbox 438 1197 2018 1274">
    <p class='ocr_par' dir='ltr' id='par_1_15' title="bbox 438 1197 2018 1274">
     <span class='ocr_line' id='line_1_15' title="bbox 438 1197 2018 1274; baseline -0.005 -19"><span class='ocrx_word' id='word_1_87' title='bbox 438 1204 716 1274; x_wconf 88' lang='lat' dir='ltr'><strong>junctione</strong></span> <span class='ocrx_word' id='word_1_88' title='bbox 768 1217 935 1257; x_wconf 93' lang='lat' dir='ltr'><strong>unum</strong></span> <span class='ocrx_word' id='word_1_89' title='bbox 980 1214 1102 1253; x_wconf 86' lang='lat' dir='ltr'><strong>esse</strong></span> <span class='ocrx_word' id='word_1_90' title='bbox 1160 1197 1356 1263; x_wconf 82' lang='lat' dir='ltr'><strong>Filium</strong></span> <span class='ocrx_word' id='word_1_91' title='bbox 1402 1206 1457 1252; x_wconf 89' lang='lat' dir='ltr'><strong>et</strong></span> <span class='ocrx_word' id='word_1_92' title='bbox 1506 1198 1814 1259; x_wconf 87' lang='lat' dir='ltr'><strong>Dominum,</strong></span> <span class='ocrx_word' id='word_1_93' title='bbox 1859 1207 2018 1263; x_wconf 78' lang='lat' dir='ltr'><strong>atque</strong></span> 
     </span>
    </p>
   </div>
   <div class='ocr_carea' id='block_1_16' title="bbox 444 1286 2018 1361">
    <p class='ocr_par' dir='ltr' id='par_1_16' title="bbox 444 1286 2018 1361">
     <span class='ocr_line' id='line_1_16' title="bbox 444 1286 2018 1361; baseline -0.005 -14"><span class='ocrx_word' id='word_1_94' title='bbox 444 1296 564 1348; x_wconf 87' lang='lat' dir='ltr'><strong>ideo</strong></span> <span class='ocrx_word' id='word_1_95' title='bbox 590 1308 840 1361; x_wconf 84' lang='lat' dir='ltr'><strong>magnum</strong></span> <span class='ocrx_word' id='word_1_96' title='bbox 865 1292 1082 1361; x_wconf 84' lang='lat' dir='ltr'><strong>pietatis</strong></span> <span class='ocrx_word' id='word_1_97' title='bbox 1103 1300 1501 1345; x_wconf 77' lang='lat' dir='ltr'><strong>sacramentum</strong></span> <span class='ocrx_word' id='word_1_98' title='bbox 1527 1288 1761 1343; x_wconf 79' lang='lat' dir='ltr'><strong>eluxisse</strong></span> <span class='ocrx_word' id='word_1_99' title='bbox 1782 1286 2018 1341; x_wconf 83' lang='lat' dir='ltr'><strong>mundo?</strong></span> 
     </span>
    </p>
   </div>
   <div class='ocr_carea' id='block_1_17' title="bbox 442 1378 2018 1448">
    <p class='ocr_par' dir='ltr' id='par_1_17' title="bbox 442 1378 2018 1448">
     <span class='ocr_line' id='line_1_17' title="bbox 442 1378 2018 1448; baseline -0.004 -12"><span class='ocrx_word' id='word_1_100' title='bbox 442 1382 578 1436; x_wconf 87' lang='lat' dir='ltr'><strong>Nam</strong></span> <span class='ocrx_word' id='word_1_101' title='bbox 624 1381 764 1436; x_wconf 88' lang='lat' dir='ltr'><strong>Deus</strong></span> <span class='ocrx_word' id='word_1_102' title='bbox 805 1382 1038 1436; x_wconf 81' lang='lat' dir='ltr'><strong>Verbum</strong></span> <span class='ocrx_word' id='word_1_103' title='bbox 1090 1381 1341 1448; x_wconf 77' lang='lat' dir='ltr'><strong>apparuit</strong></span> <span class='ocrx_word' id='word_1_104' title='bbox 1377 1379 1429 1432; x_wconf 90' lang='lat' dir='ltr'><strong>in</strong></span> <span class='ocrx_word' id='word_1_105' title='bbox 1476 1394 1661 1444; x_wconf 88' lang='lat' dir='ltr'><strong>carne,</strong></span> <span class='ocrx_word' id='word_1_106' title='bbox 1693 1378 2018 1447; x_wconf 80' lang='lat' dir='ltr'><strong>juStiﬁcatus</strong></span> 
     </span>
    </p>
   </div>
   <div class='ocr_carea' id='block_1_18' title="bbox 444 1469 2019 1542">
    <p class='ocr_par' dir='ltr' id='par_1_18' title="bbox 444 1469 2019 1542">
     <span class='ocr_line' id='line_1_18' title="bbox 444 1469 2019 1542; baseline -0.006 -14"><span class='ocrx_word' id='word_1_107' title='bbox 444 1483 525 1528; x_wconf 86' lang='lat' dir='ltr'><strong>est</strong></span> <span class='ocrx_word' id='word_1_108' title='bbox 557 1473 608 1526; x_wconf 92' lang='lat' dir='ltr'><strong>in</strong></span> <span class='ocrx_word' id='word_1_109' title='bbox 636 1471 839 1541; x_wconf 88' lang='lat' dir='ltr'><strong>Spiritu</strong></span> <span class='ocrx_word' id='word_1_110' title='bbox 872 1472 1097 1542; x_wconf 91' lang='lat' dir='ltr'><strong>(nullum</strong></span> <span class='ocrx_word' id='word_1_111' title='bbox 1129 1473 1275 1527; x_wconf 92' lang='lat' dir='ltr'><strong>enim</strong></span> <span class='ocrx_word' id='word_1_112' title='bbox 1315 1481 1593 1540; x_wconf 90' lang='lat' dir='ltr'><strong>peccatum</strong></span> <span class='ocrx_word' id='word_1_113' title='bbox 1633 1469 1890 1523; x_wconf 88' lang='lat' dir='ltr'><strong>Dominus</strong></span> <span class='ocrx_word' id='word_1_114' title='bbox 1923 1482 2019 1520; x_wconf 89' lang='lat' dir='ltr'><strong>no-</strong></span> 
     </span>
    </p>
   </div>
   <div class='ocr_carea' id='block_1_19' title="bbox 366 1561 2016 1635">
    <p class='ocr_par' dir='ltr' id='par_1_19' title="bbox 366 1561 2016 1635">
     <span class='ocr_line' id='line_1_19' title="bbox 366 1561 2016 1635; baseline -0.001 -20"><span class='ocrx_word' id='word_1_115' title='bbox 366 1611 372 1615; x_wconf 89' lang='lat'><strong>.</strong></span> <span class='ocrx_word' id='word_1_116' title='bbox 443 1575 557 1620; x_wconf 82' lang='lat' dir='ltr'><strong>ster</strong></span> <span class='ocrx_word' id='word_1_117' title='bbox 597 1564 892 1635; x_wconf 75' lang='lat' dir='ltr'><strong>designat),</strong></span> <span class='ocrx_word' id='word_1_118' title='bbox 917 1565 1069 1619; x_wconf 83' lang='lat' dir='ltr'><strong>visus</strong></span> <span class='ocrx_word' id='word_1_119' title='bbox 1104 1574 1185 1618; x_wconf 79' lang='lat' dir='ltr'><strong>cst</strong></span> <span class='ocrx_word' id='word_1_120' title='bbox 1214 1574 1269 1618; x_wconf 90' lang='lat' dir='ltr'><strong>et</strong></span> <span class='ocrx_word' id='word_1_121' title='bbox 1290 1563 1516 1632; x_wconf 81' lang='lat' dir='ltr'><strong>angelis,</strong></span> <span class='ocrx_word' id='word_1_122' title='bbox 1558 1571 1613 1616; x_wconf 89' lang='lat' dir='ltr'><strong>ut</strong></span> <span class='ocrx_word' id='word_1_123' title='bbox 1641 1564 1729 1631; x_wconf 92' lang='lat' dir='ltr'><strong>qui</strong></span> <span class='ocrx_word' id='word_1_124' title='bbox 1762 1561 2016 1615; x_wconf 71' lang='lat' dir='ltr'><strong>nativita-</strong></span> 
     </span>
    </p>
   </div>
   <div class='ocr_carea' id='block_1_20' title="bbox 2119 377 3701 453">
    <p class='ocr_par' dir='ltr' id='par_1_20' title="bbox 2119 377 3701 453">
     <span class='ocr_line' id='line_1_20' title="bbox 2119 377 3701 453; baseline 0.004 -24"><span class='ocrx_word' id='word_1_125' title='bbox 2119 393 2177 429; x_wconf 89' lang='grc' dir='ltr'><strong>τε</strong></span> <span class='ocrx_word' id='word_1_126' title='bbox 2201 417 2217 439; x_wconf 91' lang='grc'><strong>,</strong></span> <span class='ocrx_word' id='word_1_127' title='bbox 2251 377 2342 428; x_wconf 76' lang='grc' dir='ltr'>τὸν</span> <span class='ocrx_word' id='word_1_128' title='bbox 2386 377 2615 431; x_wconf 81' lang='grc' dir='ltr'>θάνατον</span> <span class='ocrx_word' id='word_1_129' title='bbox 2647 378 2814 432; x_wconf 82' lang='grc' dir='ltr'>αὐτοῦ</span> <span class='ocrx_word' id='word_1_130' title='bbox 2852 380 3318 447; x_wconf 79' lang='grc' dir='ltr'><strong>καταγγέλλοντες</strong></span> <span class='ocrx_word' id='word_1_131' title='bbox 3337 420 3353 443; x_wconf 88' lang='grc'><strong>,</strong></span> <span class='ocrx_word' id='word_1_132' title='bbox 3386 383 3482 434; x_wconf 79' lang='grc' dir='ltr'><strong>καὶ</strong></span> <span class='ocrx_word' id='word_1_133' title='bbox 3507 385 3701 453; x_wconf 84' lang='grc' dir='ltr'>ὁμολο-</span> 
     </span>
    </p>
   </div>
   <div class='ocr_carea' id='block_1_21' title="bbox 2118 468 3698 544">
    <p class='ocr_par' dir='ltr' id='par_1_21' title="bbox 2118 468 3698 544">
     <span class='ocr_line' id='line_1_21' title="bbox 2118 468 3698 544; baseline 0.008 -24"><span class='ocrx_word' id='word_1_134' title='bbox 2118 468 2342 535; x_wconf 85' lang='grc' dir='ltr'>γοῦντες</span> <span class='ocrx_word' id='word_1_135' title='bbox 2381 469 2479 541; x_wconf 76' lang='grc' dir='ltr'><strong>τὴν</strong></span> <span class='ocrx_word' id='word_1_136' title='bbox 2522 470 2853 524; x_wconf 78' lang='grc' dir='ltr'>ἀνάστασιν·</span> <span class='ocrx_word' id='word_1_137' title='bbox 2890 471 2986 525; x_wconf 74' lang='grc' dir='ltr'>καὶ</span> <span class='ocrx_word' id='word_1_138' title='bbox 3024 471 3185 525; x_wconf 87' lang='grc' dir='ltr'>τοῦτο</span> <span class='ocrx_word' id='word_1_139' title='bbox 3226 472 3359 544; x_wconf 80' lang='grc' dir='ltr'>δρᾷν</span> <span class='ocrx_word' id='word_1_140' title='bbox 3407 476 3698 540; x_wconf 74' lang='grc' dir='ltr'>εἰωθότες.</span> 
     </span>
    </p>
   </div>
   <div class='ocr_carea' id='block_1_22' title="bbox 2117 560 3701 638">
    <p class='ocr_par' dir='ltr' id='par_1_22' title="bbox 2117 560 3701 638">
     <span class='ocr_line' id='line_1_22' title="bbox 2117 560 3701 638; baseline 0.008 -28"><span class='ocrx_word' id='word_1_141' title='bbox 2117 562 2229 623; x_wconf 75' lang='grc' dir='ltr'>τοῖς</span> <span class='ocrx_word' id='word_1_142' title='bbox 2256 560 2768 632; x_wconf 84' lang='grc' dir='ltr'>ἀνθρωπολατρείας</span> <span class='ocrx_word' id='word_1_143' title='bbox 2792 561 3102 633; x_wconf 77' lang='grc' dir='ltr'>ἐγκλήμασι</span> <span class='ocrx_word' id='word_1_144' title='bbox 3129 563 3254 616; x_wconf 83' lang='grc' dir='ltr'>κατ’</span> <span class='ocrx_word' id='word_1_145' title='bbox 3280 562 3473 620; x_wconf 75' lang='grc' dir='ltr'>οὐδένα</span> <span class='ocrx_word' id='word_1_146' title='bbox 3502 569 3701 638; x_wconf 79' lang='grc' dir='ltr'><strong>τρόπον</strong></span> 
     </span>
    </p>
   </div>
   <div class='ocr_carea' id='block_1_23' title="bbox 2118 648 3701 729">
    <p class='ocr_par' dir='ltr' id='par_1_23' title="bbox 2118 648 3701 729">
     <span class='ocr_line' id='line_1_23' title="bbox 2118 648 3701 729; baseline 0.008 -28"><span class='ocrx_word' id='word_1_147' title='bbox 2118 648 2475 720; x_wconf 81' lang='grc' dir='ltr'>ὲνισχήμεθα.</span> <span class='ocrx_word' id='word_1_148' title='bbox 2508 650 2622 703; x_wconf 86' lang='grc' dir='ltr'><strong>Οὐκ</strong></span> <span class='ocrx_word' id='word_1_149' title='bbox 2652 651 2761 723; x_wconf 79' lang='grc' dir='ltr'>ἄρα</span> <span class='ocrx_word' id='word_1_150' title='bbox 2791 650 2921 722; x_wconf 82' lang='grc' dir='ltr'>ψιλῇ</span> <span class='ocrx_word' id='word_1_151' title='bbox 2969 654 3240 725; x_wconf 80' lang='grc' dir='ltr'>συναφείᾳ</span> <span class='ocrx_word' id='word_1_152' title='bbox 3279 657 3347 727; x_wconf 81' lang='grc' dir='ltr'>τῇ</span> <span class='ocrx_word' id='word_1_153' title='bbox 3389 659 3529 729; x_wconf 78' lang='grc' dir='ltr'>πρὸς</span> <span class='ocrx_word' id='word_1_154' title='bbox 3568 659 3701 713; x_wconf 80' lang='grc' dir='ltr'>Θεὸν</span> 
     </span>
    </p>
   </div>
   <div class='ocr_carea' id='block_1_24' title="bbox 2120 740 3701 820">
    <p class='ocr_par' dir='ltr' id='par_1_24' title="bbox 2120 740 3701 820">
     <span class='ocr_line' id='line_1_24' title="bbox 2120 740 3701 820; baseline 0.007 -27"><span class='ocrx_word' id='word_1_155' title='bbox 2120 740 2291 807; x_wconf 68' lang='grc' dir='ltr'>Λόγον</span> <span class='ocrx_word' id='word_1_156' title='bbox 2328 742 2691 812; x_wconf 79' lang='grc' dir='ltr'>τετιμημένος</span> <span class='ocrx_word' id='word_1_157' title='bbox 2714 743 3003 814; x_wconf 84' lang='grc' dir='ltr'>ἄνθρωπος</span> <span class='ocrx_word' id='word_1_158' title='bbox 3036 744 3065 795; x_wconf 79' lang='grc' dir='ltr'><strong><em>ὁ</em></strong></span> <span class='ocrx_word' id='word_1_159' title='bbox 3092 746 3362 814; x_wconf 80' lang='grc' dir='ltr'>Χριστὸς,</span> <span class='ocrx_word' id='word_1_160' title='bbox 3403 749 3611 820; x_wconf 83' lang='grc' dir='ltr'>συνόδῳ</span> <span class='ocrx_word' id='word_1_161' title='bbox 3644 751 3701 804; x_wconf 77' lang='grc' dir='ltr'>δὲ</span> 
     </span>
    </p>
   </div>
   <div class='ocr_carea' id='block_1_25' title="bbox 2121 831 3701 904">
    <p class='ocr_par' dir='ltr' id='par_1_25' title="bbox 2121 831 3701 904">
     <span class='ocr_line' id='line_1_25' title="bbox 2121 831 3701 904; baseline 0.007 -21"><span class='ocrx_word' id='word_1_162' title='bbox 2121 831 2321 900; x_wconf 80' lang='grc' dir='ltr'>μᾶλλον</span> <span class='ocrx_word' id='word_1_163' title='bbox 2345 835 2411 903; x_wconf 80' lang='grc' dir='ltr'>τῇ</span> <span class='ocrx_word' id='word_1_164' title='bbox 2449 835 2587 903; x_wconf 76' lang='grc' dir='ltr'>πρδς</span> <span class='ocrx_word' id='word_1_165' title='bbox 2619 832 2683 886; x_wconf 81' lang='grc' dir='ltr'>τὸ</span> <span class='ocrx_word' id='word_1_166' title='bbox 2712 833 3051 904; x_wconf 83' lang='grc' dir='ltr'>ἀνθρώπινον</span> <span class='ocrx_word' id='word_1_167' title='bbox 3089 835 3212 889; x_wconf 83' lang='grc' dir='ltr'>καθ’</span> <span class='ocrx_word' id='word_1_168' title='bbox 3254 837 3451 891; x_wconf 69' lang='grc' dir='ltr'>ἕνωσιν</span> <span class='ocrx_word' id='word_1_169' title='bbox 3489 842 3701 895; x_wconf 82' lang='grc' dir='ltr'>οἰκονο-</span> 
     </span>
    </p>
   </div>
   <div class='ocr_carea' id='block_1_26' title="bbox 2122 916 3704 997">
    <p class='ocr_par' dir='ltr' id='par_1_26' title="bbox 2122 916 3704 997">
     <span class='ocr_line' id='line_1_26' title="bbox 2122 916 3704 997; baseline 0.007 -25"><span class='ocrx_word' id='word_1_170' title='bbox 2122 920 2289 992; x_wconf 85' lang='grc' dir='ltr'>μικὴν</span> <span class='ocrx_word' id='word_1_171' title='bbox 2315 921 2442 985; x_wconf 79' lang='grc' dir='ltr'>Υἱὸς</span> <span class='ocrx_word' id='word_1_172' title='bbox 2465 916 2545 986; x_wconf 75' lang='grc' dir='ltr'>εἷς</span> <span class='ocrx_word' id='word_1_173' title='bbox 2595 923 2690 975; x_wconf 72' lang='grc' dir='ltr'><strong>καὶ</strong></span> <span class='ocrx_word' id='word_1_174' title='bbox 2733 923 2959 995; x_wconf 83' lang='grc' dir='ltr'>Κύριος.</span> <span class='ocrx_word' id='word_1_175' title='bbox 3006 924 3165 993; x_wconf 80' lang='grc' dir='ltr'>Μέγα</span> <span class='ocrx_word' id='word_1_176' title='bbox 3198 926 3308 997; x_wconf 78' lang='grc' dir='ltr'>γὰρ</span> <span class='ocrx_word' id='word_1_177' title='bbox 3338 928 3461 982; x_wconf 81' lang='grc' dir='ltr'>τότε</span> <span class='ocrx_word' id='word_1_178' title='bbox 3496 930 3562 982; x_wconf 77' lang='grc' dir='ltr'><strong>τὸ</strong></span> <span class='ocrx_word' id='word_1_179' title='bbox 3604 931 3704 997; x_wconf 78' lang='grc' dir='ltr'>τῆς</span> 
     </span>
    </p>
   </div>
   <div class='ocr_carea' id='block_1_27' title="bbox 2117 1014 3703 1092">
    <p class='ocr_par' dir='ltr' id='par_1_27' title="bbox 2117 1014 3703 1092">
     <span class='ocr_line' id='line_1_27' title="bbox 2117 1014 3703 1092; baseline 0.006 -27"><span class='ocrx_word' id='word_1_180' title='bbox 2117 1014 2400 1078; x_wconf 82' lang='grc' dir='ltr'>εὐσεϐείας</span> <span class='ocrx_word' id='word_1_181' title='bbox 2445 1015 2776 1086; x_wconf 83' lang='grc' dir='ltr'>μυστήριον·</span> <span class='ocrx_word' id='word_1_182' title='bbox 2827 1018 3212 1088; x_wconf 76' lang='grc' dir='ltr'><strong>πεφανέρωται</strong></span> <span class='ocrx_word' id='word_1_183' title='bbox 3262 1018 3372 1090; x_wconf 84' lang='grc' dir='ltr'>γὰρ</span> <span class='ocrx_word' id='word_1_184' title='bbox 3424 1022 3486 1073; x_wconf 83' lang='grc' dir='ltr'>ὲν</span> <span class='ocrx_word' id='word_1_185' title='bbox 3538 1028 3703 1092; x_wconf 76' lang='grc' dir='ltr'>σαρκὶ</span> 
     </span>
    </p>
   </div>
   <div class='ocr_carea' id='block_1_28' title="bbox 2116 1103 3698 1181">
    <p class='ocr_par' dir='ltr' id='par_1_28' title="bbox 2116 1103 3698 1181">
     <span class='ocr_line' id='line_1_28' title="bbox 2116 1103 3698 1181; baseline 0.005 -24"><span class='ocrx_word' id='word_1_186' title='bbox 2116 1103 2248 1168; x_wconf 83' lang='grc' dir='ltr'>Θεὸς</span> <span class='ocrx_word' id='word_1_187' title='bbox 2269 1103 2344 1157; x_wconf 87' lang='grc' dir='ltr'>ὣν</span> <span class='ocrx_word' id='word_1_188' title='bbox 2366 1107 2395 1158; x_wconf 85' lang='grc' dir='ltr'>ὁ</span> <span class='ocrx_word' id='word_1_189' title='bbox 2422 1105 2622 1174; x_wconf 81' lang='grc' dir='ltr'><strong>Λόγος,</strong></span> <span class='ocrx_word' id='word_1_190' title='bbox 2657 1105 2949 1176; x_wconf 82' lang='grc' dir='ltr'><strong>ἐδικαιώθη</strong></span> <span class='ocrx_word' id='word_1_191' title='bbox 2975 1107 3032 1160; x_wconf 81' lang='grc' dir='ltr'><strong>δὲ</strong></span> <span class='ocrx_word' id='word_1_192' title='bbox 3061 1108 3157 1161; x_wconf 76' lang='grc' dir='ltr'><strong>καὶ</strong></span> <span class='ocrx_word' id='word_1_193' title='bbox 3185 1111 3242 1161; x_wconf 83' lang='grc' dir='ltr'>ὲν</span> <span class='ocrx_word' id='word_1_194' title='bbox 3280 1111 3567 1181; x_wconf 83' lang='grc' dir='ltr'>Πνεύματι</span> <span class='ocrx_word' id='word_1_195' title='bbox 3584 1130 3598 1142; x_wconf 92' lang='grc'><strong>·</strong></span> <span class='ocrx_word' id='word_1_196' title='bbox 3639 1114 3698 1165; x_wconf 82' lang='grc' dir='ltr'><strong>ού</strong></span> 
     </span>
    </p>
   </div>
   <div class='ocr_carea' id='block_1_29' title="bbox 2117 1196 3697 1275">
    <p class='ocr_par' dir='ltr' id='par_1_29' title="bbox 2117 1196 3697 1275">
     <span class='ocr_line' id='line_1_29' title="bbox 2117 1196 3697 1275; baseline 0.006 -27"><span class='ocrx_word' id='word_1_197' title='bbox 2117 1196 2226 1265; x_wconf 79' lang='grc' dir='ltr'><strong>γὰρ</strong></span> <span class='ocrx_word' id='word_1_198' title='bbox 2251 1196 2504 1264; x_wconf 74' lang='grc' dir='ltr'>ἐποίησεν</span> <span class='ocrx_word' id='word_1_199' title='bbox 2532 1196 2806 1266; x_wconf 82' lang='grc' dir='ltr'><strong>ἁμαρτίαν</strong></span> <span class='ocrx_word' id='word_1_200' title='bbox 2837 1201 2867 1251; x_wconf 87' lang='grc' dir='ltr'>ὁ</span> <span class='ocrx_word' id='word_1_201' title='bbox 2893 1198 3098 1269; x_wconf 85' lang='grc' dir='ltr'>Κύριος</span> <span class='ocrx_word' id='word_1_202' title='bbox 3118 1202 3152 1269; x_wconf 83' lang='grc' dir='ltr'>ὴ</span> <span class='ocrx_word' id='word_1_203' title='bbox 3161 1199 3278 1269; x_wconf 84' lang='grc' dir='ltr'><strong>μῶν</strong></span> <span class='ocrx_word' id='word_1_204' title='bbox 3327 1202 3544 1272; x_wconf 80' lang='grc' dir='ltr'>Ἰησοῦς</span> <span class='ocrx_word' id='word_1_205' title='bbox 3568 1206 3697 1275; x_wconf 71' lang='grc' dir='ltr'>Χριο</span> 
     </span>
    </p>
   </div>
   <div class='ocr_carea' id='block_1_30' title="bbox 2119 1286 3721 1367">
    <p class='ocr_par' dir='ltr' id='par_1_30' title="bbox 2119 1286 3721 1367">
     <span class='ocr_line' id='line_1_30' title="bbox 2119 1286 3721 1367; baseline 0.005 -28"><span class='ocrx_word' id='word_1_206' title='bbox 2119 1287 2273 1350; x_wconf 84' lang='grc' dir='ltr'>στὸς·</span> <span class='ocrx_word' id='word_1_207' title='bbox 2319 1286 2472 1357; x_wconf 71' lang='grc' dir='ltr'>ὤφθη</span> <span class='ocrx_word' id='word_1_208' title='bbox 2521 1287 2579 1340; x_wconf 84' lang='grc' dir='ltr'>δὲ</span> <span class='ocrx_word' id='word_1_209' title='bbox 2618 1288 2714 1340; x_wconf 83' lang='grc' dir='ltr'>καὶ</span> <span class='ocrx_word' id='word_1_210' title='bbox 2756 1288 3046 1357; x_wconf 83' lang='grc' dir='ltr'>ἀγγέλοις,</span> <span class='ocrx_word' id='word_1_211' title='bbox 3094 1291 3145 1343; x_wconf 86' lang='grc' dir='ltr'>οἳ</span> <span class='ocrx_word' id='word_1_212' title='bbox 3192 1291 3291 1361; x_wconf 80' lang='grc' dir='ltr'>τὴν</span> <span class='ocrx_word' id='word_1_213' title='bbox 3343 1293 3721 1367; x_wconf 56' lang='grc' dir='ltr'>ἀνθρωπίνην</span> 
     </span>
    </p>
   </div>
   <div class='ocr_carea' id='block_1_31' title="bbox 2118 1379 3698 1453">
    <p class='ocr_par' dir='ltr' id='par_1_31' title="bbox 2118 1379 3698 1453">
     <span class='ocr_line' id='line_1_31' title="bbox 2118 1379 3698 1453; baseline 0.006 -21"><span class='ocrx_word' id='word_1_214' title='bbox 2118 1379 2284 1432; x_wconf 74' lang='grc' dir='ltr'>αὑτοῦ</span> <span class='ocrx_word' id='word_1_215' title='bbox 2309 1379 2562 1450; x_wconf 81' lang='grc' dir='ltr'>γέννησιν</span> <span class='ocrx_word' id='word_1_216' title='bbox 2603 1381 2704 1433; x_wconf 85' lang='grc' dir='ltr'><strong>οὐκ</strong></span> <span class='ocrx_word' id='word_1_217' title='bbox 2729 1381 3059 1451; x_wconf 80' lang='grc' dir='ltr'>ἠγνοηκότες</span> <span class='ocrx_word' id='word_1_218' title='bbox 3088 1382 3351 1453; x_wconf 72' lang='grc' dir='ltr'>ἕφασκοψ</span> <span class='ocrx_word' id='word_1_219' title='bbox 3410 1404 3430 1435; x_wconf 76' lang='grc' dir='ltr'><strong>ι</strong></span> <span class='ocrx_word' id='word_1_220' title='bbox 3467 1388 3607 1453; x_wconf 75' lang='grc' dir='ltr'><strong>Δόξα</strong></span> <span class='ocrx_word' id='word_1_221' title='bbox 3643 1393 3698 1441; x_wconf 78' lang='grc' dir='ltr'>ἐν</span> 
     </span>
    </p>
   </div>
   <div class='ocr_carea' id='block_1_32' title="bbox 2119 1470 3696 1547">
    <p class='ocr_par' dir='ltr' id='par_1_32' title="bbox 2119 1470 3696 1547">
     <span class='ocr_line' id='line_1_32' title="bbox 2119 1470 3696 1547; baseline 0.006 -25"><span class='ocrx_word' id='word_1_222' title='bbox 2119 1470 2361 1539; x_wconf 74' lang='grc' dir='ltr'>ὑψίστοις</span> <span class='ocrx_word' id='word_1_223' title='bbox 2398 1471 2553 1541; x_wconf 82' lang='grc' dir='ltr'>Θεῷ,</span> <span class='ocrx_word' id='word_1_224' title='bbox 2584 1472 2679 1524; x_wconf 84' lang='grc' dir='ltr'>καί</span> <span class='ocrx_word' id='word_1_225' title='bbox 2721 1472 2817 1526; x_wconf 77' lang='grc' dir='ltr'><strong>ἐπὶ</strong></span> <span class='ocrx_word' id='word_1_226' title='bbox 2857 1473 2961 1541; x_wconf 84' lang='grc' dir='ltr'>γῆς</span> <span class='ocrx_word' id='word_1_227' title='bbox 3010 1476 3237 1545; x_wconf 76' lang='grc' dir='ltr'>εἰρήνη,</span> <span class='ocrx_word' id='word_1_228' title='bbox 3280 1479 3339 1529; x_wconf 76' lang='grc' dir='ltr'>ἐν</span> <span class='ocrx_word' id='word_1_229' title='bbox 3386 1477 3696 1547; x_wconf 80' lang='grc' dir='ltr'>ἀνθρώποις</span> 
     </span>
    </p>
   </div>
   <div class='ocr_carea' id='block_1_33' title="bbox 2118 1560 3696 1633">
    <p class='ocr_par' dir='ltr' id='par_1_33' title="bbox 2118 1560 3696 1633">
     <span class='ocr_line' id='line_1_33' title="bbox 2118 1560 3696 1633; baseline 0.007 -21"><span class='ocrx_word' id='word_1_230' title='bbox 2118 1560 2356 1614; x_wconf 81' lang='grc' dir='ltr'>εὐδοκία.</span> <span class='ocrx_word' id='word_1_231' title='bbox 2389 1580 2408 1611; x_wconf 74' lang='grc' dir='ltr'><strong>ι</strong></span> <span class='ocrx_word' id='word_1_232' title='bbox 2455 1562 2766 1633; x_wconf 84' lang='grc' dir='ltr'>Ἐκηρύχθη</span> <span class='ocrx_word' id='word_1_233' title='bbox 2794 1563 2852 1615; x_wconf 82' lang='grc' dir='ltr'>δὲ</span> <span class='ocrx_word' id='word_1_234' title='bbox 2875 1565 2971 1617; x_wconf 70' lang='grc' dir='ltr'><strong>καὶ</strong></span> <span class='ocrx_word' id='word_1_235' title='bbox 2995 1565 3053 1617; x_wconf 76' lang='grc' dir='ltr'>ἐν</span> <span class='ocrx_word' id='word_1_236' title='bbox 3076 1564 3256 1617; x_wconf 83' lang='grc' dir='ltr'>ἔθνεσι</span> <span class='ocrx_word' id='word_1_237' title='bbox 3283 1584 3297 1597; x_wconf 81' lang='grc'><em>’</em></span> <span class='ocrx_word' id='word_1_238' title='bbox 3325 1569 3421 1620; x_wconf 76' lang='grc' dir='ltr'><strong>καὶ</strong></span> <span class='ocrx_word' id='word_1_239' title='bbox 3447 1568 3535 1621; x_wconf 83' lang='grc' dir='ltr'>ὄτι</span> <span class='ocrx_word' id='word_1_240' title='bbox 3559 1572 3696 1623; x_wconf 65' lang='grc' dir='ltr'>κατὰ</span> 
     </span>
    </p>
   </div>
   <div class='ocr_carea' id='block_1_34' title="bbox 442 1644 2009 1730">
    <p class='ocr_par' dir='ltr' id='par_1_34' title="bbox 442 1651 2006 1722">
     <span class='ocr_line' id='line_1_34' title="bbox 442 1651 2006 1722; baseline -0.005 -12"><span class='ocrx_word' id='word_1_241' title='bbox 442 1666 546 1710; x_wconf 87' lang='lat' dir='ltr'><strong>lem</strong></span> <span class='ocrx_word' id='word_1_242' title='bbox 584 1656 702 1721; x_wconf 85' lang='lat' dir='ltr'><strong>ejus</strong></span> <span class='ocrx_word' id='word_1_243' title='bbox 729 1654 1025 1708; x_wconf 86' lang='lat' dir='ltr'><strong>secundum</strong></span> <span class='ocrx_word' id='word_1_244' title='bbox 1055 1667 1271 1707; x_wconf 88' lang='lat' dir='ltr'><strong>carnem</strong></span> <span class='ocrx_word' id='word_1_245' title='bbox 1306 1667 1410 1706; x_wconf 91' lang='lat' dir='ltr'><strong>non</strong></span> <span class='ocrx_word' id='word_1_246' title='bbox 1442 1652 1753 1722; x_wconf 76' lang='lat' dir='ltr'><strong>ignorantes</strong></span> <span class='ocrx_word' id='word_1_247' title='bbox 1783 1670 1796 1705; x_wconf 88' lang='lat'>:</span> <span class='ocrx_word' id='word_1_248' title='bbox 1827 1669 1845 1701; x_wconf 80' lang='grc' dir='ltr'><strong>ι</strong></span> <span class='ocrx_word' id='word_1_249' title='bbox 1882 1651 2006 1705; x_wconf 88' lang='lat' dir='ltr'><strong>Glo-</strong></span> 
     </span>
    </p>
   </div>
   <div class='ocr_carea' id='block_1_35' title="bbox 2112 1644 3697 1730">
    <p class='ocr_par' dir='ltr' id='par_1_35' title="bbox 2112 1653 3697 1730">
     <span class='ocr_line' id='line_1_35' title="bbox 2112 1653 3697 1730; baseline 0.004 -25"><span class='ocrx_word' id='word_1_250' title='bbox 2112 1653 2368 1722; x_wconf 83' lang='grc' dir='ltr'>ἁλήθειάν</span> <span class='ocrx_word' id='word_1_251' title='bbox 2409 1656 2557 1707; x_wconf 76' lang='grc' dir='ltr'>ἐστιν</span> <span class='ocrx_word' id='word_1_252' title='bbox 2581 1658 2609 1707; x_wconf 85' lang='grc' dir='ltr'><strong>ὁ</strong></span> <span class='ocrx_word' id='word_1_253' title='bbox 2653 1655 2781 1717; x_wconf 82' lang='grc' dir='ltr'>Υἱὸς</span> <span class='ocrx_word' id='word_1_254' title='bbox 2821 1654 2919 1708; x_wconf 86' lang='grc' dir='ltr'><strong>τοῦ</strong></span> <span class='ocrx_word' id='word_1_255' title='bbox 2951 1656 3087 1709; x_wconf 82' lang='grc' dir='ltr'>Θεοῦ</span> <span class='ocrx_word' id='word_1_256' title='bbox 3115 1657 3211 1710; x_wconf 73' lang='grc' dir='ltr'>καὶ</span> <span class='ocrx_word' id='word_1_257' title='bbox 3238 1658 3481 1730; x_wconf 79' lang='grc' dir='ltr'>Πατρδς,</span> <span class='ocrx_word' id='word_1_258' title='bbox 3519 1663 3613 1712; x_wconf 75' lang='grc' dir='ltr'><strong>καὶ</strong></span> <span class='ocrx_word' id='word_1_259' title='bbox 3643 1663 3697 1714; x_wconf 77' lang='grc' dir='ltr'>ὲν</span> 
     </span>
    </p>
   </div>
   <div class='ocr_carea' id='block_1_36' title="bbox 440 1741 2006 1811">
    <p class='ocr_par' dir='ltr' id='par_1_36' title="bbox 440 1741 2006 1811">
     <span class='ocr_line' id='line_1_36' title="bbox 440 1741 2006 1811; baseline -0.001 -12"><span class='ocrx_word' id='word_1_260' title='bbox 440 1746 519 1799; x_wconf 87' lang='lat' dir='ltr'><strong>ria</strong></span> <span class='ocrx_word' id='word_1_261' title='bbox 551 1746 602 1799; x_wconf 87' lang='lat' dir='ltr'><strong>iii</strong></span> <span class='ocrx_word' id='word_1_262' title='bbox 635 1745 911 1799; x_wconf 84' lang='lat' dir='ltr'><strong>altissimis</strong></span> <span class='ocrx_word' id='word_1_263' title='bbox 944 1744 1073 1807; x_wconf 89' lang='lat' dir='ltr'><strong>Deo,</strong></span> <span class='ocrx_word' id='word_1_264' title='bbox 1109 1753 1162 1798; x_wconf 90' lang='lat' dir='ltr'><strong>et</strong></span> <span class='ocrx_word' id='word_1_265' title='bbox 1193 1744 1245 1797; x_wconf 92' lang='lat' dir='ltr'><strong>in</strong></span> <span class='ocrx_word' id='word_1_266' title='bbox 1283 1752 1425 1798; x_wconf 88' lang='lat' dir='ltr'><strong>terra</strong></span> <span class='ocrx_word' id='word_1_267' title='bbox 1459 1758 1585 1811; x_wconf 83' lang='lat' dir='ltr'><strong>pax,</strong></span> <span class='ocrx_word' id='word_1_268' title='bbox 1612 1744 1664 1797; x_wconf 92' lang='lat' dir='ltr'><strong>in</strong></span> <span class='ocrx_word' id='word_1_269' title='bbox 1702 1741 2006 1798; x_wconf 86' lang='lat' dir='ltr'><strong>hominibus</strong></span> 
     </span>
    </p>
   </div>
   <div class='ocr_carea' id='block_1_37' title="bbox 2115 1744 3594 1820">
    <p class='ocr_par' dir='ltr' id='par_1_37' title="bbox 2115 1744 3594 1820">
     <span class='ocr_line' id='line_1_37' title="bbox 2115 1744 3594 1820; baseline 0.006 -23"><span class='ocrx_word' id='word_1_270' title='bbox 2115 1745 2279 1815; x_wconf 73' lang='grc' dir='ltr'>σαρκὶ</span> <span class='ocrx_word' id='word_1_271' title='bbox 2310 1745 2567 1816; x_wconf 79' lang='grc' dir='ltr'>πεφηνὼς</span> <span class='ocrx_word' id='word_1_272' title='bbox 2585 1785 2601 1808; x_wconf 91' lang='grc'><strong>,</strong></span> <span class='ocrx_word' id='word_1_273' title='bbox 2626 1744 2779 1816; x_wconf 80' lang='grc' dir='ltr'>παρὰ</span> <span class='ocrx_word' id='word_1_274' title='bbox 2801 1749 2913 1810; x_wconf 83' lang='grc' dir='ltr'>τοῖς</span> <span class='ocrx_word' id='word_1_275' title='bbox 2942 1750 3000 1801; x_wconf 81' lang='grc' dir='ltr'>ὲν</span> <span class='ocrx_word' id='word_1_276' title='bbox 3029 1749 3220 1820; x_wconf 82' lang='grc' dir='ltr'>κόσμῳ</span> <span class='ocrx_word' id='word_1_277' title='bbox 3251 1751 3594 1806; x_wconf 79' lang='grc' dir='ltr'>πιστεύεται.</span> 
     </span>
    </p>
   </div>
   <div class='ocr_carea' id='block_1_38' title="bbox 440 1831 3698 1908">
    <p class='ocr_par' dir='ltr' id='par_1_38' title="bbox 440 1831 3698 1908">
     <span class='ocr_line' id='line_1_38' title="bbox 440 1831 3698 1908; baseline 0 -14"><span class='ocrx_word' id='word_1_278' title='bbox 440 1838 583 1894; x_wconf 73' lang='lat' dir='ltr'><strong>bona</strong></span> <span class='ocrx_word' id='word_1_279' title='bbox 632 1839 882 1894; x_wconf 81' lang='lat' dir='ltr'><strong>voluntas</strong></span> <span class='ocrx_word' id='word_1_280' title='bbox 904 1837 982 1901; x_wconf 78' lang='lat'><strong>“,</strong></span> <span class='ocrx_word' id='word_1_281' title='bbox 1015 1856 1035 1889; x_wconf 81' lang='grc' dir='ltr'><strong>ι</strong></span> <span class='ocrx_word' id='word_1_282' title='bbox 1083 1837 1494 1903; x_wconf 81' lang='lat' dir='ltr'><strong>concinuerint;</strong></span> <span class='ocrx_word' id='word_1_283' title='bbox 1555 1837 1880 1905; x_wconf 64' lang='lat' dir='ltr'><strong>prmdicatus</strong></span> <span class='ocrx_word' id='word_1_284' title='bbox 1930 1846 2014 1890; x_wconf 85' lang='lat' dir='ltr'><strong>est</strong></span> <span class='ocrx_word' id='word_1_285' title='bbox 2050 1837 2175 1890; x_wconf 88' lang='lat' dir='ltr'><strong>etin</strong></span> <span class='ocrx_word' id='word_1_286' title='bbox 2210 1839 2464 1905; x_wconf 82' lang='lat' dir='ltr'><strong>gentibus</strong></span> <span class='ocrx_word' id='word_1_287' title='bbox 2520 1853 2786 1908; x_wconf 86' lang='lat' dir='ltr'><strong>quoque:</strong></span> <span class='ocrx_word' id='word_1_288' title='bbox 2834 1838 3068 1907; x_wconf 81' lang='lat' dir='ltr'><strong>denique</strong></span> <span class='ocrx_word' id='word_1_289' title='bbox 3122 1856 3309 1894; x_wconf 81' lang='lat' dir='ltr'><strong>verum</strong></span> <span class='ocrx_word' id='word_1_290' title='bbox 3345 1831 3492 1894; x_wconf 85' lang='lat' dir='ltr'><strong>illum</strong></span> <span class='ocrx_word' id='word_1_291' title='bbox 3547 1851 3698 1896; x_wconf 60' lang='lat' dir='ltr'><strong>natu.</strong></span> 
     </span>
    </p>
   </div>
   <div class='ocr_carea' id='block_1_39' title="bbox 443 1923 3695 2003">
    <p class='ocr_par' dir='ltr' id='par_1_39' title="bbox 443 1923 3695 2003">
     <span class='ocr_line' id='line_1_39' title="bbox 443 1923 3695 2003; baseline 0.002 -23"><span class='ocrx_word' id='word_1_292' title='bbox 443 1928 720 1994; x_wconf 88' lang='lat' dir='ltr'><strong>ralemque</strong></span> <span class='ocrx_word' id='word_1_293' title='bbox 752 1924 843 1979; x_wconf 87' lang='lat' dir='ltr'><strong>Dei</strong></span> <span class='ocrx_word' id='word_1_294' title='bbox 887 1925 1062 1980; x_wconf 86' lang='lat' dir='ltr'><strong>Patris</strong></span> <span class='ocrx_word' id='word_1_295' title='bbox 1101 1923 1294 1979; x_wconf 86' lang='lat' dir='ltr'><strong>Filium</strong></span> <span class='ocrx_word' id='word_1_296' title='bbox 1335 1939 1476 1991; x_wconf 89' lang='lat' dir='ltr'><strong>esse,</strong></span> <span class='ocrx_word' id='word_1_297' title='bbox 1530 1925 1621 1994; x_wconf 87' lang='lat' dir='ltr'><strong>qui</strong></span> <span class='ocrx_word' id='word_1_298' title='bbox 1689 1923 2060 1980; x_wconf 80' lang='lat' dir='ltr'><strong>manifestatus</strong></span> <span class='ocrx_word' id='word_1_299' title='bbox 2098 1927 2168 1980; x_wconf 90' lang='lat' dir='ltr'><strong>sit</strong></span> <span class='ocrx_word' id='word_1_300' title='bbox 2218 1927 2271 1982; x_wconf 92' lang='lat' dir='ltr'><strong>in</strong></span> <span class='ocrx_word' id='word_1_301' title='bbox 2338 1943 2525 1996; x_wconf 87' lang='lat' dir='ltr'><strong>carne,</strong></span> <span class='ocrx_word' id='word_1_302' title='bbox 2586 1929 2852 1984; x_wconf 89' lang='lat' dir='ltr'><strong>creditum</strong></span> <span class='ocrx_word' id='word_1_303' title='bbox 2901 1939 2985 1982; x_wconf 86' lang='lat' dir='ltr'><strong>est</strong></span> <span class='ocrx_word' id='word_1_304' title='bbox 3029 1929 3097 1983; x_wconf 88' lang='lat' dir='ltr'><strong>ab</strong></span> <span class='ocrx_word' id='word_1_305' title='bbox 3144 1931 3228 1985; x_wconf 88' lang='lat' dir='ltr'><strong>his</strong></span> <span class='ocrx_word' id='word_1_306' title='bbox 3281 1933 3369 2003; x_wconf 78' lang='lat' dir='ltr'><strong>qui</strong></span> <span class='ocrx_word' id='word_1_307' title='bbox 3433 1935 3695 1988; x_wconf 84' lang='lat' dir='ltr'><strong>mundum</strong></span> 
     </span>
    </p>
   </div>
   <div class='ocr_carea' id='block_1_40' title="bbox 442 2017 876 2073">
    <p class='ocr_par' dir='ltr' id='par_1_40' title="bbox 442 2017 876 2073">
     <span class='ocr_line' id='line_1_40' title="bbox 442 2017 876 2073; baseline -0.005 0"><span class='ocrx_word' id='word_1_308' title='bbox 442 2020 584 2073; x_wconf 91' lang='lat' dir='ltr'><strong>hunc</strong></span> <span class='ocrx_word' id='word_1_309' title='bbox 616 2017 876 2071; x_wconf 88' lang='lat' dir='ltr'><strong>incolunt.</strong></span> 
     </span>
    </p>
   </div>
   <div class='ocr_carea' id='block_1_41' title="bbox 510 2106 2009 2178">
    <p class='ocr_par' dir='ltr' id='par_1_41' title="bbox 510 2106 2009 2178">
     <span class='ocr_line' id='line_1_41' title="bbox 510 2106 2009 2178; baseline 0.003 -17"><span class='ocrx_word' id='word_1_310' title='bbox 510 2106 751 2173; x_wconf 68' lang='lat' dir='ltr'><strong>XXXIV.</strong></span> <span class='ocrx_word' id='word_1_311' title='bbox 816 2127 835 2159; x_wconf 80' lang='grc' dir='ltr'><strong>ι</strong></span> <span class='ocrx_word' id='word_1_312' title='bbox 872 2108 936 2162; x_wconf 86' lang='grc' dir='ltr'>Ει</span> <span class='ocrx_word' id='word_1_313' title='bbox 993 2109 1360 2164; x_wconf 88' lang='lat' dir='ltr'><strong>testiinonium</strong></span> <span class='ocrx_word' id='word_1_314' title='bbox 1412 2109 1685 2178; x_wconf 81' lang='lat' dir='ltr'><strong>perhibuit</strong></span> <span class='ocrx_word' id='word_1_315' title='bbox 1741 2107 2009 2176; x_wconf 79' lang='lat' dir='ltr'><strong>Joannes,</strong></span> 
     </span>
    </p>
   </div>
   <div class='ocr_carea' id='block_1_42' title="bbox 440 2200 2014 2269">
    <p class='ocr_par' dir='ltr' id='par_1_42' title="bbox 440 2200 2014 2269">
     <span class='ocr_line' id='line_1_42' title="bbox 440 2200 2014 2269; baseline 0.001 -16"><span class='ocrx_word' id='word_1_316' title='bbox 440 2200 627 2255; x_wconf 89' lang='lat' dir='ltr'><strong>dicens</strong></span> <span class='ocrx_word' id='word_1_317' title='bbox 658 2218 671 2254; x_wconf 92' lang='lat'>:</span> <span class='ocrx_word' id='word_1_318' title='bbox 702 2200 835 2266; x_wconf 83' lang='lat' dir='ltr'><strong>Quia</strong></span> <span class='ocrx_word' id='word_1_319' title='bbox 877 2200 983 2254; x_wconf 84' lang='lat' dir='ltr'><strong>vidi</strong></span> <span class='ocrx_word' id='word_1_320' title='bbox 1015 2201 1281 2269; x_wconf 75' lang='lat' dir='ltr'><strong>Spiritum</strong></span> <span class='ocrx_word' id='word_1_321' title='bbox 1305 2200 1722 2255; x_wconf 80' lang='lat' dir='ltr'><strong>descendentem</strong></span> <span class='ocrx_word' id='word_1_322' title='bbox 1745 2203 1898 2269; x_wconf 87' lang='lat' dir='ltr'><strong>quasi</strong></span> <span class='ocrx_word' id='word_1_323' title='bbox 1925 2216 2014 2255; x_wconf 86' lang='lat' dir='ltr'><strong>co-</strong></span> 
     </span>
    </p>
   </div>
   <div class='ocr_carea' id='block_1_43' title="bbox 439 2291 2015 2361">
    <p class='ocr_par' dir='ltr' id='par_1_43' title="bbox 439 2291 2015 2361">
     <span class='ocr_line' id='line_1_43' title="bbox 439 2291 2015 2361; baseline 0 -16"><span class='ocrx_word' id='word_1_324' title='bbox 439 2292 674 2345; x_wconf 84' lang='lat' dir='ltr'><strong>lumbam</strong></span> <span class='ocrx_word' id='word_1_325' title='bbox 716 2294 784 2346; x_wconf 89' lang='lat' dir='ltr'><strong>de</strong></span> <span class='ocrx_word' id='word_1_326' title='bbox 810 2291 969 2355; x_wconf 70' lang='lat' dir='ltr'><strong>caelo,</strong></span> <span class='ocrx_word' id='word_1_327' title='bbox 993 2304 1046 2346; x_wconf 90' lang='lat' dir='ltr'><strong>et</strong></span> <span class='ocrx_word' id='word_1_328' title='bbox 1089 2294 1288 2346; x_wconf 86' lang='lat' dir='ltr'><strong>mansit</strong></span> <span class='ocrx_word' id='word_1_329' title='bbox 1324 2307 1487 2360; x_wconf 88' lang='lat' dir='ltr'><strong>super</strong></span> <span class='ocrx_word' id='word_1_330' title='bbox 1511 2307 1656 2345; x_wconf 89' lang='lat' dir='ltr'><strong>eum.</strong></span> <span class='ocrx_word' id='word_1_331' title='bbox 1698 2291 1765 2345; x_wconf 85' lang='lat' dir='ltr'><strong>Et</strong></span> <span class='ocrx_word' id='word_1_332' title='bbox 1801 2306 1898 2361; x_wconf 80' lang='lat' dir='ltr'><strong>ego</strong></span> <span class='ocrx_word' id='word_1_333' title='bbox 1926 2308 2015 2346; x_wconf 79' lang='lat' dir='ltr'><strong>ne-</strong></span> 
     </span>
    </p>
   </div>
   <div class='ocr_carea' id='block_1_44' title="bbox 442 2383 2008 2453">
    <p class='ocr_par' dir='ltr' id='par_1_44' title="bbox 442 2383 2008 2453">
     <span class='ocr_line' id='line_1_44' title="bbox 442 2383 2008 2453; baseline -0.001 -16"><span class='ocrx_word' id='word_1_334' title='bbox 442 2384 679 2437; x_wconf 75' lang='lat' dir='ltr'><strong>sciebam</strong></span> <span class='ocrx_word' id='word_1_335' title='bbox 711 2398 858 2448; x_wconf 83' lang='lat' dir='ltr'><strong>eum,</strong></span> <span class='ocrx_word' id='word_1_336' title='bbox 895 2384 988 2436; x_wconf 89' lang='lat' dir='ltr'><strong>sed</strong></span> <span class='ocrx_word' id='word_1_337' title='bbox 1017 2383 1109 2451; x_wconf 90' lang='lat' dir='ltr'><strong>qui</strong></span> <span class='ocrx_word' id='word_1_338' title='bbox 1142 2383 1291 2437; x_wconf 87' lang='lat' dir='ltr'><strong>misit</strong></span> <span class='ocrx_word' id='word_1_339' title='bbox 1329 2397 1415 2436; x_wconf 90' lang='lat' dir='ltr'><strong>me</strong></span> <span class='ocrx_word' id='word_1_340' title='bbox 1448 2384 1723 2450; x_wconf 85' lang='lat' dir='ltr'><strong>baptizare</strong></span> <span class='ocrx_word' id='word_1_341' title='bbox 1758 2384 1809 2437; x_wconf 89' lang='lat' dir='ltr'><strong>in</strong></span> <span class='ocrx_word' id='word_1_342' title='bbox 1846 2400 2008 2453; x_wconf 88' lang='lat' dir='ltr'><strong>aqua,</strong></span> 
     </span>
    </p>
   </div>
   <div class='ocr_carea' id='block_1_45' title="bbox 441 2474 2006 2543">
    <p class='ocr_par' dir='ltr' id='par_1_45' title="bbox 441 2474 2006 2543">
     <span class='ocr_line' id='line_1_45' title="bbox 441 2474 2006 2543; baseline 0.003 -17"><span class='ocrx_word' id='word_1_343' title='bbox 441 2474 529 2527; x_wconf 86' lang='lat' dir='ltr'><strong>ille</strong></span> <span class='ocrx_word' id='word_1_344' title='bbox 556 2474 707 2532; x_wconf 63' lang='lat' dir='ltr'><strong>-mihi</strong></span> <span class='ocrx_word' id='word_1_345' title='bbox 755 2474 894 2527; x_wconf 79' lang='lat' dir='ltr'><strong>dixit</strong></span> <span class='ocrx_word' id='word_1_346' title='bbox 922 2491 935 2527; x_wconf 94' lang='lat'>:</span> <span class='ocrx_word' id='word_1_347' title='bbox 963 2475 1136 2542; x_wconf 89' lang='lat' dir='ltr'><strong>Super</strong></span> <span class='ocrx_word' id='word_1_348' title='bbox 1175 2488 1333 2541; x_wconf 86' lang='lat' dir='ltr'><strong>quem</strong></span> <span class='ocrx_word' id='word_1_349' title='bbox 1366 2474 1565 2528; x_wconf 85' lang='lat' dir='ltr'><strong>videris</strong></span> <span class='ocrx_word' id='word_1_350' title='bbox 1611 2475 1869 2543; x_wconf 89' lang='lat' dir='ltr'><strong>Spiritum</strong></span> <span class='ocrx_word' id='word_1_351' title='bbox 1912 2478 2006 2530; x_wconf 91' lang='lat' dir='ltr'><strong>de-</strong></span> 
     </span>
    </p>
   </div>
   <div class='ocr_carea' id='block_1_46' title="bbox 439 2563 2010 2635">
    <p class='ocr_par' dir='ltr' id='par_1_46' title="bbox 439 2563 2010 2635">
     <span class='ocr_line' id='line_1_46' title="bbox 439 2563 2010 2635; baseline 0.003 -18"><span class='ocrx_word' id='word_1_352' title='bbox 439 2566 784 2619; x_wconf 84' lang='lat' dir='ltr'><strong>scendentem</strong></span> <span class='ocrx_word' id='word_1_353' title='bbox 825 2574 879 2617; x_wconf 81' lang='lat' dir='ltr'><strong>et</strong></span> <span class='ocrx_word' id='word_1_354' title='bbox 906 2573 1211 2617; x_wconf 86' lang='lat' dir='ltr'><strong>manentem</strong></span> <span class='ocrx_word' id='word_1_355' title='bbox 1256 2578 1419 2631; x_wconf 86' lang='lat' dir='ltr'><strong>super</strong></span> <span class='ocrx_word' id='word_1_356' title='bbox 1455 2578 1598 2627; x_wconf 91' lang='lat' dir='ltr'><strong>eum,</strong></span> <span class='ocrx_word' id='word_1_357' title='bbox 1626 2563 1784 2635; x_wconf 79' lang='lat'><strong>155</strong></span> <span class='ocrx_word' id='word_1_358' title='bbox 1810 2565 1897 2619; x_wconf 92' lang='lat' dir='ltr'><strong>hic</strong></span> <span class='ocrx_word' id='word_1_359' title='bbox 1925 2576 2010 2621; x_wconf 85' lang='lat' dir='ltr'><strong>est</strong></span> 
     </span>
    </p>
   </div>
   <div class='ocr_carea' id='block_1_47' title="bbox 437 2654 2009 2724">
    <p class='ocr_par' dir='ltr' id='par_1_47' title="bbox 437 2654 2009 2724">
     <span class='ocr_line' id='line_1_47' title="bbox 437 2654 2009 2724; baseline 0.004 -17"><span class='ocrx_word' id='word_1_360' title='bbox 437 2656 528 2724; x_wconf 90' lang='lat' dir='ltr'><strong>qui</strong></span> <span class='ocrx_word' id='word_1_361' title='bbox 566 2657 801 2724; x_wconf 87' lang='lat' dir='ltr'><strong>baptizat</strong></span> <span class='ocrx_word' id='word_1_362' title='bbox 848 2656 899 2708; x_wconf 91' lang='lat' dir='ltr'><strong>in</strong></span> <span class='ocrx_word' id='word_1_363' title='bbox 941 2655 1146 2724; x_wconf 86' lang='lat' dir='ltr'><strong>Spiritu</strong></span> <span class='ocrx_word' id='word_1_364' title='bbox 1187 2665 1394 2708; x_wconf 84' lang='lat' dir='ltr'><strong>sancio.</strong></span> <span class='ocrx_word' id='word_1_365' title='bbox 1435 2654 1502 2708; x_wconf 91' lang='lat' dir='ltr'><strong>Et</strong></span> <span class='ocrx_word' id='word_1_366' title='bbox 1539 2670 1639 2724; x_wconf 72' lang='lat' dir='ltr'><strong>ego</strong></span> <span class='ocrx_word' id='word_1_367' title='bbox 1672 2658 1801 2723; x_wconf 90' lang='lat' dir='ltr'><strong>vidi,</strong></span> <span class='ocrx_word' id='word_1_368' title='bbox 1845 2668 1899 2713; x_wconf 92' lang='lat' dir='ltr'><strong>et</strong></span> <span class='ocrx_word' id='word_1_369' title='bbox 1927 2669 2009 2714; x_wconf 83' lang='lat' dir='ltr'><strong>te-</strong></span> 
     </span>
    </p>
   </div>
   <div class='ocr_carea' id='block_1_48' title="bbox 438 2747 2004 2817">
    <p class='ocr_par' dir='ltr' id='par_1_48' title="bbox 438 2747 2004 2817">
     <span class='ocr_line' id='line_1_48' title="bbox 438 2747 2004 2817; baseline 0 -15"><span class='ocrx_word' id='word_1_370' title='bbox 438 2750 754 2802; x_wconf 90' lang='lat' dir='ltr'><strong>stimonium</strong></span> <span class='ocrx_word' id='word_1_371' title='bbox 806 2748 1081 2816; x_wconf 90' lang='lat' dir='ltr'><strong>perhibui,</strong></span> <span class='ocrx_word' id='word_1_372' title='bbox 1129 2748 1252 2817; x_wconf 87' lang='lat' dir='ltr'><strong>quia</strong></span> <span class='ocrx_word' id='word_1_373' title='bbox 1307 2747 1394 2802; x_wconf 88' lang='lat' dir='ltr'><strong>hic</strong></span> <span class='ocrx_word' id='word_1_374' title='bbox 1443 2758 1526 2802; x_wconf 91' lang='lat' dir='ltr'><strong>est</strong></span> <span class='ocrx_word' id='word_1_375' title='bbox 1568 2749 1735 2802; x_wconf 87' lang='lat' dir='ltr'><strong>Filius</strong></span> <span class='ocrx_word' id='word_1_376' title='bbox 1769 2749 1860 2803; x_wconf 86' lang='lat' dir='ltr'><strong>Dei</strong></span> <span class='ocrx_word' id='word_1_377' title='bbox 1887 2750 1952 2805; x_wconf 78' lang='lat'><strong>“.</strong></span> <span class='ocrx_word' id='word_1_378' title='bbox 1982 2768 2004 2802; x_wconf 75' lang='grc' dir='ltr'><strong>ι</strong></span> 
     </span>
    </p>
   </div>
   <div class='ocr_carea' id='block_1_49' title="bbox 2189 2112 3695 2185">
    <p class='ocr_par' dir='ltr' id='par_1_49' title="bbox 2189 2112 3695 2185">
     <span class='ocr_line' id='line_1_49' title="bbox 2189 2112 3695 2185; baseline 0.001 -18"><span class='ocrx_word' id='word_1_379' title='bbox 2189 2115 2311 2168; x_wconf 87' lang='grc' dir='ltr'><strong>ΛΔ’.</strong></span> <span class='ocrx_word' id='word_1_380' title='bbox 2357 2132 2376 2164; x_wconf 75' lang='grc' dir='ltr'><strong>ι</strong></span> <span class='ocrx_word' id='word_1_381' title='bbox 2417 2112 2528 2166; x_wconf 71' lang='grc' dir='ltr'><strong>Καὶ</strong></span> <span class='ocrx_word' id='word_1_382' title='bbox 2571 2114 2955 2185; x_wconf 82' lang='grc' dir='ltr'>ἐμαρτύρησεν</span> <span class='ocrx_word' id='word_1_383' title='bbox 3011 2114 3265 2184; x_wconf 69' lang='grc' dir='ltr'>Ἰωάννης</span> <span class='ocrx_word' id='word_1_384' title='bbox 3311 2113 3477 2183; x_wconf 83' lang='grc' dir='ltr'>λέγων</span> <span class='ocrx_word' id='word_1_385' title='bbox 3502 2130 3517 2141; x_wconf 74' lang='grc'><strong>⁸</strong></span> <span class='ocrx_word' id='word_1_386' title='bbox 3568 2117 3695 2169; x_wconf 83' lang='grc' dir='ltr'>Ὂτί</span> 
     </span>
    </p>
   </div>
   <div class='ocr_carea' id='block_1_50' title="bbox 2117 2204 3698 2278">
    <p class='ocr_par' dir='ltr' id='par_1_50' title="bbox 2117 2204 3698 2278">
     <span class='ocr_line' id='line_1_50' title="bbox 2117 2204 3698 2278; baseline 0.002 -20"><span class='ocrx_word' id='word_1_387' title='bbox 2117 2205 2381 2274; x_wconf 79' lang='grc' dir='ltr'>τεθέαμαι</span> <span class='ocrx_word' id='word_1_388' title='bbox 2421 2204 2483 2257; x_wconf 85' lang='grc' dir='ltr'><strong>τὸ</strong></span> <span class='ocrx_word' id='word_1_389' title='bbox 2527 2205 2755 2275; x_wconf 80' lang='grc' dir='ltr'>Πνεῦμα</span> <span class='ocrx_word' id='word_1_390' title='bbox 2810 2205 3138 2259; x_wconf 83' lang='grc' dir='ltr'>καταϐαῖνον</span> <span class='ocrx_word' id='word_1_391' title='bbox 3186 2207 3319 2258; x_wconf 76' lang='grc' dir='ltr'>ὡσεὶ</span> <span class='ocrx_word' id='word_1_392' title='bbox 3363 2210 3698 2278; x_wconf 72' lang='grc' dir='ltr'>περιστερὰν</span> 
     </span>
    </p>
   </div>
   <div class='ocr_carea' id='block_1_51' title="bbox 2117 2295 3694 2367">
    <p class='ocr_par' dir='ltr' id='par_1_51' title="bbox 2117 2295 3694 2367">
     <span class='ocr_line' id='line_1_51' title="bbox 2117 2295 3694 2367; baseline 0.003 -19"><span class='ocrx_word' id='word_1_393' title='bbox 2117 2296 2178 2360; x_wconf 79' lang='grc' dir='ltr'>ἐξ</span> <span class='ocrx_word' id='word_1_394' title='bbox 2208 2295 2474 2366; x_wconf 82' lang='grc' dir='ltr'>οὐρανοῦ,</span> <span class='ocrx_word' id='word_1_395' title='bbox 2512 2299 2608 2349; x_wconf 79' lang='grc' dir='ltr'><strong>καὶ</strong></span> <span class='ocrx_word' id='word_1_396' title='bbox 2651 2297 2863 2367; x_wconf 77' lang='grc' dir='ltr'>ἔμεινεν</span> <span class='ocrx_word' id='word_1_397' title='bbox 2895 2298 2982 2350; x_wconf 75' lang='grc' dir='ltr'><strong>ἐπ’</strong></span> <span class='ocrx_word' id='word_1_398' title='bbox 3023 2299 3206 2351; x_wconf 83' lang='grc' dir='ltr'>αὐτόν.</span> <span class='ocrx_word' id='word_1_399' title='bbox 3263 2298 3407 2367; x_wconf 83' lang='grc' dir='ltr'><strong>Ἐγὼ</strong></span> <span class='ocrx_word' id='word_1_400' title='bbox 3444 2298 3503 2351; x_wconf 82' lang='grc' dir='ltr'><strong>δὲ</strong></span> <span class='ocrx_word' id='word_1_401' title='bbox 3532 2303 3549 2335; x_wconf 74' lang='grc' dir='ltr'>ι</span> <span class='ocrx_word' id='word_1_402' title='bbox 3599 2302 3694 2353; x_wconf 75' lang='grc' dir='ltr'>οὐκ</span> 
     </span>
    </p>
   </div>
   <div class='ocr_carea' id='block_1_52' title="bbox 2118 2386 3691 2459">
    <p class='ocr_par' dir='ltr' id='par_1_52' title="bbox 2118 2386 3691 2459">
     <span class='ocr_line' id='line_1_52' title="bbox 2118 2386 3691 2459; baseline 0.002 -20"><span class='ocrx_word' id='word_1_403' title='bbox 2118 2388 2266 2459; x_wconf 74' lang='grc' dir='ltr'>ᾔδειν</span> <span class='ocrx_word' id='word_1_404' title='bbox 2291 2386 2452 2440; x_wconf 80' lang='grc' dir='ltr'>αὐτόν</span> <span class='ocrx_word' id='word_1_405' title='bbox 2473 2402 2487 2416; x_wconf 67' lang='grc' dir='ltr'>θ</span> <span class='ocrx_word' id='word_1_406' title='bbox 2533 2386 2649 2439; x_wconf 80' lang='grc' dir='ltr'>ἀλλ’</span> <span class='ocrx_word' id='word_1_407' title='bbox 2674 2389 2702 2440; x_wconf 82' lang='grc' dir='ltr'>ὁ</span> <span class='ocrx_word' id='word_1_408' title='bbox 2734 2387 2955 2458; x_wconf 77' lang='grc' dir='ltr'>πέμψας</span> <span class='ocrx_word' id='word_1_409' title='bbox 2993 2404 3060 2458; x_wconf 89' lang='grc' dir='ltr'><strong>με</strong></span> <span class='ocrx_word' id='word_1_410' title='bbox 3106 2387 3386 2458; x_wconf 72' lang='grc' dir='ltr'>βαπτίζειν</span> <span class='ocrx_word' id='word_1_411' title='bbox 3419 2392 3479 2442; x_wconf 86' lang='grc' dir='ltr'>ὲν</span> <span class='ocrx_word' id='word_1_412' title='bbox 3522 2390 3691 2452; x_wconf 74' lang='grc' dir='ltr'>ὕδατι,</span> 
     </span>
    </p>
   </div>
   <div class='ocr_carea' id='block_1_53' title="bbox 2116 2474 3691 2563">
    <p class='ocr_par' dir='ltr' id='par_1_53' title="bbox 2116 2474 3691 2563">
     <span class='ocr_line' id='line_1_53' title="bbox 2116 2474 3691 2563; baseline 0.002 -31"><span class='ocrx_word' id='word_1_413' title='bbox 2116 2480 2278 2542; x_wconf 85' lang='grc' dir='ltr'>αὑτός</span> <span class='ocrx_word' id='word_1_414' title='bbox 2298 2497 2397 2563; x_wconf 73' lang='grc' dir='ltr'><strong>μοι</strong></span> <span class='ocrx_word' id='word_1_415' title='bbox 2438 2474 2591 2531; x_wconf 78' lang='grc' dir='ltr'>εἶπεν</span> <span class='ocrx_word' id='word_1_416' title='bbox 2613 2495 2629 2510; x_wconf 89' lang='grc'><strong>·</strong></span> <span class='ocrx_word' id='word_1_417' title='bbox 2687 2480 2802 2548; x_wconf 75' lang='grc' dir='ltr'><strong>Ἐφ’</strong></span> <span class='ocrx_word' id='word_1_418' title='bbox 2829 2480 2889 2532; x_wconf 83' lang='grc' dir='ltr'>ὃν</span> <span class='ocrx_word' id='word_1_419' title='bbox 2917 2480 2984 2533; x_wconf 82' lang='grc' dir='ltr'><strong>ἂν</strong></span> <span class='ocrx_word' id='word_1_420' title='bbox 3020 2479 3137 2550; x_wconf 73' lang='grc' dir='ltr'>ἴδῃς</span> <span class='ocrx_word' id='word_1_421' title='bbox 3160 2480 3223 2532; x_wconf 78' lang='grc' dir='ltr'>τὸ</span> <span class='ocrx_word' id='word_1_422' title='bbox 3264 2481 3492 2550; x_wconf 81' lang='grc' dir='ltr'>Πνεῦμα</span> <span class='ocrx_word' id='word_1_423' title='bbox 3531 2500 3691 2535; x_wconf 78' lang='grc' dir='ltr'>κατα·</span> 
     </span>
    </p>
   </div>
   <div class='ocr_carea' id='block_1_54' title="bbox 2116 2567 3694 2642">
    <p class='ocr_par' dir='ltr' id='par_1_54' title="bbox 2116 2567 3694 2642">
     <span class='ocr_line' id='line_1_54' title="bbox 2116 2567 3694 2642; baseline 0.003 -20"><span class='ocrx_word' id='word_1_424' title='bbox 2116 2571 2321 2634; x_wconf 84' lang='grc' dir='ltr'>ϐαῖνον,</span> <span class='ocrx_word' id='word_1_425' title='bbox 2346 2572 2438 2624; x_wconf 73' lang='grc' dir='ltr'>καὶ</span> <span class='ocrx_word' id='word_1_426' title='bbox 2474 2572 2633 2641; x_wconf 83' lang='grc' dir='ltr'>μένον</span> <span class='ocrx_word' id='word_1_427' title='bbox 2671 2572 2756 2623; x_wconf 74' lang='grc' dir='ltr'><strong>ἐπ’</strong></span> <span class='ocrx_word' id='word_1_428' title='bbox 2780 2572 2975 2637; x_wconf 77' lang='grc' dir='ltr'>αὐτὸν,</span> <span class='ocrx_word' id='word_1_429' title='bbox 3005 2567 3159 2637; x_wconf 74' lang='grc' dir='ltr'>οὗτός</span> <span class='ocrx_word' id='word_1_430' title='bbox 3187 2576 3334 2625; x_wconf 74' lang='grc' dir='ltr'>ἐστιν</span> <span class='ocrx_word' id='word_1_431' title='bbox 3360 2573 3390 2625; x_wconf 85' lang='grc' dir='ltr'>ὁ</span> <span class='ocrx_word' id='word_1_432' title='bbox 3418 2574 3694 2642; x_wconf 76' lang='grc' dir='ltr'>βαπτίζων</span> 
     </span>
    </p>
   </div>
   <div class='ocr_carea' id='block_1_55' title="bbox 2114 2660 3697 2735">
    <p class='ocr_par' dir='ltr' id='par_1_55' title="bbox 2114 2660 3697 2735">
     <span class='ocr_line' id='line_1_55' title="bbox 2114 2660 3697 2735; baseline 0.004 -22"><span class='ocrx_word' id='word_1_433' title='bbox 2114 2662 2173 2713; x_wconf 84' lang='grc' dir='ltr'>ὲν</span> <span class='ocrx_word' id='word_1_434' title='bbox 2201 2662 2476 2731; x_wconf 86' lang='grc' dir='ltr'>Πνεύματι</span> <span class='ocrx_word' id='word_1_435' title='bbox 2502 2660 2576 2731; x_wconf 80' lang='grc' dir='ltr'><strong>τῷ</strong></span> <span class='ocrx_word' id='word_1_436' title='bbox 2604 2661 2764 2731; x_wconf 85' lang='grc' dir='ltr'>ἁγίῳ.</span> <span class='ocrx_word' id='word_1_437' title='bbox 2802 2663 2973 2730; x_wconf 79' lang='grc' dir='ltr'>Κάγὼ</span> <span class='ocrx_word' id='word_1_438' title='bbox 3000 2664 3223 2733; x_wconf 78' lang='grc' dir='ltr'>ἑώρακα</span> <span class='ocrx_word' id='word_1_439' title='bbox 3241 2706 3254 2727; x_wconf 88' lang='grc'><strong>,</strong></span> <span class='ocrx_word' id='word_1_440' title='bbox 3285 2666 3382 2717; x_wconf 75' lang='grc' dir='ltr'><strong>καὶ</strong></span> <span class='ocrx_word' id='word_1_441' title='bbox 3410 2665 3697 2735; x_wconf 54' lang='grc' dir='ltr'>μεμαρτὺ·</span> 
     </span>
    </p>
   </div>
   <div class='ocr_carea' id='block_1_56' title="bbox 2117 2747 3690 2823">
    <p class='ocr_par' dir='ltr' id='par_1_56' title="bbox 2117 2747 3690 2823">
     <span class='ocr_line' id='line_1_56' title="bbox 2117 2747 3690 2823; baseline 0.003 -19"><span class='ocrx_word' id='word_1_442' title='bbox 2117 2769 2301 2823; x_wconf 76' lang='grc' dir='ltr'>ρηκα,</span> <span class='ocrx_word' id='word_1_443' title='bbox 2324 2753 2405 2805; x_wconf 85' lang='grc' dir='ltr'>ὅτι</span> <span class='ocrx_word' id='word_1_444' title='bbox 2433 2747 2585 2816; x_wconf 77' lang='grc' dir='ltr'>οὗτός</span> <span class='ocrx_word' id='word_1_445' title='bbox 2617 2756 2763 2807; x_wconf 76' lang='grc' dir='ltr'>ἐστιν</span> <span class='ocrx_word' id='word_1_446' title='bbox 2801 2757 2830 2807; x_wconf 87' lang='grc' dir='ltr'>ὁ</span> <span class='ocrx_word' id='word_1_447' title='bbox 2868 2754 2993 2817; x_wconf 79' lang='grc' dir='ltr'>Υἱὸς</span> <span class='ocrx_word' id='word_1_448' title='bbox 3031 2754 3125 2807; x_wconf 88' lang='grc' dir='ltr'><strong>τοῦ</strong></span> <span class='ocrx_word' id='word_1_449' title='bbox 3157 2753 3318 2807; x_wconf 85' lang='grc' dir='ltr'>Θεοῦ.</span> <span class='ocrx_word' id='word_1_450' title='bbox 3374 2774 3394 2805; x_wconf 75' lang='grc' dir='ltr'><strong>ι</strong></span> <span class='ocrx_word' id='word_1_451' title='bbox 3435 2756 3576 2808; x_wconf 86' lang='grc' dir='ltr'>Ἕνα</span> <span class='ocrx_word' id='word_1_452' title='bbox 3608 2756 3690 2809; x_wconf 77' lang='grc' dir='ltr'><strong>λέ-</strong></span> 
     </span>
    </p>
   </div>
   <div class='ocr_carea' id='block_1_57' title="bbox 436 2840 2009 2916">
    <p class='ocr_par' dir='ltr' id='par_1_57' title="bbox 436 2840 2006 2911">
     <span class='ocr_line' id='line_1_57' title="bbox 436 2840 2006 2911; baseline 0.001 -14"><span class='ocrx_word' id='word_1_453' title='bbox 436 2840 569 2897; x_wconf 84' lang='lat' dir='ltr'><strong>Cum</strong></span> <span class='ocrx_word' id='word_1_454' title='bbox 606 2857 769 2894; x_wconf 89' lang='lat' dir='ltr'><strong>unum</strong></span> <span class='ocrx_word' id='word_1_455' title='bbox 801 2844 1064 2894; x_wconf 60' lang='lat' dir='ltr'><strong>duntaxat</strong></span> <span class='ocrx_word' id='word_1_456' title='bbox 1086 2840 1487 2893; x_wconf 77' lang='lat' dir='ltr'><strong>Emmanuelein</strong></span> <span class='ocrx_word' id='word_1_457' title='bbox 1519 2842 1877 2911; x_wconf 83' lang='lat' dir='ltr'><strong>assiguemus,</strong></span> <span class='ocrx_word' id='word_1_458' title='bbox 1912 2857 2006 2899; x_wconf 84' lang='lat' dir='ltr'><strong>ne-</strong></span> 
     </span>
    </p>
   </div>
   <div class='ocr_carea' id='block_1_58' title="bbox 2112 2840 3692 2916">
    <p class='ocr_par' dir='ltr' id='par_1_58' title="bbox 2112 2844 3692 2916">
     <span class='ocr_line' id='line_1_58' title="bbox 2112 2844 3692 2916; baseline 0.002 -20"><span class='ocrx_word' id='word_1_459' title='bbox 2112 2861 2299 2912; x_wconf 87' lang='grc' dir='ltr'>γοντες</span> <span class='ocrx_word' id='word_1_460' title='bbox 2341 2844 2435 2897; x_wconf 83' lang='grc' dir='ltr'><strong>τὸν</strong></span> <span class='ocrx_word' id='word_1_461' title='bbox 2482 2845 2860 2916; x_wconf 85' lang='grc' dir='ltr'>Ἐμμανουὴλ,</span> <span class='ocrx_word' id='word_1_462' title='bbox 2905 2845 3000 2898; x_wconf 72' lang='grc' dir='ltr'><strong>καὶ</strong></span> <span class='ocrx_word' id='word_1_463' title='bbox 3041 2844 3150 2898; x_wconf 83' lang='grc' dir='ltr'>τῶν</span> <span class='ocrx_word' id='word_1_464' title='bbox 3180 2848 3262 2908; x_wconf 78' lang='grc' dir='ltr'>εἰς</span> <span class='ocrx_word' id='word_1_465' title='bbox 3307 2845 3401 2898; x_wconf 82' lang='grc' dir='ltr'><strong>δύο</strong></span> <span class='ocrx_word' id='word_1_466' title='bbox 3425 2848 3692 2915; x_wconf 67' lang='grc' dir='ltr'>Χριστοῦς</span> 
     </span>
    </p>
   </div>
   <div class='ocr_carea' id='block_1_59' title="bbox 439 2933 2006 3003">
    <p class='ocr_par' dir='ltr' id='par_1_59' title="bbox 439 2933 2006 3003">
     <span class='ocr_line' id='line_1_59' title="bbox 439 2933 2006 3003; baseline 0.001 -17"><span class='ocrx_word' id='word_1_467' title='bbox 439 2950 545 3003; x_wconf 91' lang='lat' dir='ltr'><strong>que</strong></span> <span class='ocrx_word' id='word_1_468' title='bbox 590 2950 685 2988; x_wconf 89' lang='lat' dir='ltr'><strong>eos</strong></span> <span class='ocrx_word' id='word_1_469' title='bbox 727 2933 817 3003; x_wconf 92' lang='lat' dir='ltr'><strong>qui</strong></span> <span class='ocrx_word' id='word_1_470' title='bbox 874 2933 1090 2987; x_wconf 90' lang='lat' dir='ltr'><strong>unicum</strong></span> <span class='ocrx_word' id='word_1_471' title='bbox 1136 2933 1412 2986; x_wconf 83' lang='lat' dir='ltr'><strong>Christum</strong></span> <span class='ocrx_word' id='word_1_472' title='bbox 1461 2933 1514 2987; x_wconf 86' lang='lat' dir='ltr'><strong>iii</strong></span> <span class='ocrx_word' id='word_1_473' title='bbox 1563 2934 1698 2989; x_wconf 89' lang='lat' dir='ltr'><strong>duos</strong></span> <span class='ocrx_word' id='word_1_474' title='bbox 1727 2934 2006 3000; x_wconf 84' lang='lat' dir='ltr'><strong>divellnnt,</strong></span> 
     </span>
    </p>
   </div>
   <div class='ocr_carea' id='block_1_60' title="bbox 439 3024 2011 3096">
    <p class='ocr_par' dir='ltr' id='par_1_60' title="bbox 439 3024 2011 3096">
     <span class='ocr_line' id='line_1_60' title="bbox 439 3024 2011 3096; baseline 0.002 -16"><span class='ocrx_word' id='word_1_475' title='bbox 439 3028 699 3089; x_wconf 83' lang='lat' dir='ltr'><strong>feramus,</strong></span> <span class='ocrx_word' id='word_1_476' title='bbox 742 3028 868 3095; x_wconf 85' lang='lat' dir='ltr'><strong>quid</strong></span> <span class='ocrx_word' id='word_1_477' title='bbox 913 3028 1174 3091; x_wconf 80' lang='lat' dir='ltr'><strong>dicemus,</strong></span> <span class='ocrx_word' id='word_1_478' title='bbox 1208 3042 1329 3079; x_wconf 87' lang='lat' dir='ltr'><strong>cum</strong></span> <span class='ocrx_word' id='word_1_479' title='bbox 1384 3024 1648 3096; x_wconf 89' lang='lat' dir='ltr'><strong>Spiritum</strong></span> <span class='ocrx_word' id='word_1_480' title='bbox 1688 3037 1934 3082; x_wconf 88' lang='lat' dir='ltr'><strong>sanctum</strong></span> <span class='ocrx_word' id='word_1_481' title='bbox 1979 3043 2011 3083; x_wconf 90' lang='lat' dir='ltr'><strong>e</strong></span> 
     </span>
    </p>
   </div>
   <div class='ocr_carea' id='block_1_61' title="bbox 439 3117 2011 3186">
    <p class='ocr_par' dir='ltr' id='par_1_61' title="bbox 439 3117 2011 3186">
     <span class='ocr_line' id='line_1_61' title="bbox 439 3117 2011 3186; baseline 0 -15"><span class='ocrx_word' id='word_1_482' title='bbox 439 3118 581 3173; x_wconf 72' lang='lat' dir='ltr'><strong>cmlo</strong></span> <span class='ocrx_word' id='word_1_483' title='bbox 612 3132 774 3186; x_wconf 88' lang='lat' dir='ltr'><strong>super</strong></span> <span class='ocrx_word' id='word_1_484' title='bbox 818 3117 965 3170; x_wconf 91' lang='lat' dir='ltr'><strong>illum</strong></span> <span class='ocrx_word' id='word_1_485' title='bbox 1009 3117 1378 3179; x_wconf 74' lang='lat' dir='ltr'><strong>descendisse,</strong></span> <span class='ocrx_word' id='word_1_486' title='bbox 1424 3131 1630 3170; x_wconf 90' lang='lat' dir='ltr'><strong>necnon</strong></span> <span class='ocrx_word' id='word_1_487' title='bbox 1671 3133 1834 3185; x_wconf 81' lang='lat' dir='ltr'><strong>super</strong></span> <span class='ocrx_word' id='word_1_488' title='bbox 1862 3133 2011 3171; x_wconf 85' lang='lat' dir='ltr'><strong>eum-</strong></span> 
     </span>
    </p>
   </div>
   <div class='ocr_carea' id='block_1_62' title="bbox 440 3198 2008 3276">
    <p class='ocr_par' dir='ltr' id='par_1_62' title="bbox 440 3198 2008 3276">
     <span class='ocr_line' id='line_1_62' title="bbox 440 3198 2008 3276; baseline 0.001 -16"><span class='ocrx_word' id='word_1_489' title='bbox 440 3208 560 3261; x_wconf 88' lang='lat' dir='ltr'><strong>dem</strong></span> <span class='ocrx_word' id='word_1_490' title='bbox 589 3208 854 3262; x_wconf 88' lang='lat' dir='ltr'><strong>mansisse</strong></span> <span class='ocrx_word' id='word_1_491' title='bbox 881 3198 1168 3261; x_wconf 80' lang='lat' dir='ltr'><strong>audimus?</strong></span> <span class='ocrx_word' id='word_1_492' title='bbox 1192 3205 1667 3276; x_wconf 77' lang='lat' dir='ltr'><strong>SuSpicabiniui-ne</strong></span> <span class='ocrx_word' id='word_1_493' title='bbox 1704 3209 1793 3260; x_wconf 86' lang='lat' dir='ltr'><strong>Dei</strong></span> <span class='ocrx_word' id='word_1_494' title='bbox 1832 3208 2008 3263; x_wconf 83' lang='lat' dir='ltr'><strong>Patris</strong></span> 
     </span>
    </p>
   </div>
   <div class='ocr_carea' id='block_1_63' title="bbox 448 3298 2009 3369">
    <p class='ocr_par' dir='ltr' id='par_1_63' title="bbox 448 3298 2009 3369">
     <span class='ocr_line' id='line_1_63' title="bbox 448 3298 2009 3369; baseline 0.004 -21"><span class='ocrx_word' id='word_1_495' title='bbox 448 3300 681 3352; x_wconf 83' lang='lat' dir='ltr'><strong>Verbum</strong></span> <span class='ocrx_word' id='word_1_496' title='bbox 735 3298 970 3366; x_wconf 87' lang='lat' dir='ltr'><strong>Spiritus</strong></span> <span class='ocrx_word' id='word_1_497' title='bbox 1011 3300 1181 3353; x_wconf 75' lang='lat' dir='ltr'><strong>sancti</strong></span> <span class='ocrx_word' id='word_1_498' title='bbox 1225 3299 1636 3369; x_wconf 83' lang='lat' dir='ltr'><strong>participatione</strong></span> <span class='ocrx_word' id='word_1_499' title='bbox 1686 3299 2009 3369; x_wconf 76' lang='lat' dir='ltr'><strong>indiguisse?</strong></span> 
     </span>
    </p>
   </div>
   <div class='ocr_carea' id='block_1_64' title="bbox 439 3391 2007 3460">
    <p class='ocr_par' dir='ltr' id='par_1_64' title="bbox 439 3391 2007 3460">
     <span class='ocr_line' id='line_1_64' title="bbox 439 3391 2007 3460; baseline -0.001 -15"><span class='ocrx_word' id='word_1_500' title='bbox 439 3392 510 3445; x_wconf 76' lang='lat' dir='ltr'><strong>At</strong></span> <span class='ocrx_word' id='word_1_501' title='bbox 542 3392 669 3460; x_wconf 87' lang='lat' dir='ltr'><strong>quid</strong></span> <span class='ocrx_word' id='word_1_502' title='bbox 717 3392 819 3444; x_wconf 87' lang='lat' dir='ltr'><strong>hoc</strong></span> <span class='ocrx_word' id='word_1_503' title='bbox 863 3401 955 3443; x_wconf 88' lang='lat' dir='ltr'><strong>aut</strong></span> <span class='ocrx_word' id='word_1_504' title='bbox 987 3392 1306 3460; x_wconf 77' lang='lat' dir='ltr'><strong>excogitari,</strong></span> <span class='ocrx_word' id='word_1_505' title='bbox 1350 3402 1443 3442; x_wconf 91' lang='lat' dir='ltr'><strong>aut</strong></span> <span class='ocrx_word' id='word_1_506' title='bbox 1491 3391 1592 3443; x_wconf 90' lang='lat' dir='ltr'><strong>dici</strong></span> <span class='ocrx_word' id='word_1_507' title='bbox 1625 3398 1785 3458; x_wconf 88' lang='lat' dir='ltr'><strong>queat</strong></span> <span class='ocrx_word' id='word_1_508' title='bbox 1815 3392 2007 3445; x_wconf 86' lang='lat' dir='ltr'><strong>absur-</strong></span> 
     </span>
    </p>
   </div>
   <div class='ocr_carea' id='block_1_65' title="bbox 440 3481 2007 3549">
    <p class='ocr_par' dir='ltr' id='par_1_65' title="bbox 440 3481 2007 3549">
     <span class='ocr_line' id='line_1_65' title="bbox 440 3481 2007 3549; baseline 0.001 -16"><span class='ocrx_word' id='word_1_509' title='bbox 440 3482 597 3534; x_wconf 83' lang='lat' dir='ltr'><strong>dius?</strong></span> <span class='ocrx_word' id='word_1_510' title='bbox 647 3481 885 3548; x_wconf 82' lang='lat' dir='ltr'><strong>Spiritus</strong></span> <span class='ocrx_word' id='word_1_511' title='bbox 926 3481 1068 3535; x_wconf 89' lang='lat' dir='ltr'><strong>enim</strong></span> <span class='ocrx_word' id='word_1_512' title='bbox 1119 3495 1270 3549; x_wconf 58' lang='lat' dir='ltr'><strong>atque</strong></span> <span class='ocrx_word' id='word_1_513' title='bbox 1313 3482 1561 3548; x_wconf 80' lang='lat' dir='ltr'><strong>Proprius</strong></span> <span class='ocrx_word' id='word_1_514' title='bbox 1611 3490 1696 3535; x_wconf 89' lang='lat' dir='ltr'><strong>est</strong></span> <span class='ocrx_word' id='word_1_515' title='bbox 1737 3481 1880 3535; x_wconf 89' lang='lat' dir='ltr'><strong>illius</strong></span> <span class='ocrx_word' id='word_1_516' title='bbox 1927 3492 2007 3535; x_wconf 89' lang='lat' dir='ltr'><strong>at-</strong></span> 
     </span>
    </p>
   </div>
   <div class='ocr_carea' id='block_1_66' title="bbox 441 3571 2008 3639">
    <p class='ocr_par' dir='ltr' id='par_1_66' title="bbox 441 3571 2008 3639">
     <span class='ocr_line' id='line_1_66' title="bbox 441 3571 2008 3639; baseline 0.001 -16"><span class='ocrx_word' id='word_1_517' title='bbox 441 3586 546 3639; x_wconf 87' lang='lat' dir='ltr'><strong>que</strong></span> <span class='ocrx_word' id='word_1_518' title='bbox 590 3572 680 3625; x_wconf 90' lang='lat' dir='ltr'><strong>Dei</strong></span> <span class='ocrx_word' id='word_1_519' title='bbox 720 3571 919 3625; x_wconf 87' lang='lat' dir='ltr'><strong>Patris.</strong></span> <span class='ocrx_word' id='word_1_520' title='bbox 950 3590 968 3622; x_wconf 78' lang='grc' dir='ltr'><strong>ι</strong></span> <span class='ocrx_word' id='word_1_521' title='bbox 1017 3571 1278 3637; x_wconf 85' lang='lat' dir='ltr'><strong>Quoniam</strong></span> <span class='ocrx_word' id='word_1_522' title='bbox 1323 3572 1455 3624; x_wconf 72' lang='lat' dir='ltr'><strong>esus</strong></span> <span class='ocrx_word' id='word_1_523' title='bbox 1511 3572 1603 3624; x_wconf 76' lang='lat' dir='ltr'><strong>lilii</strong></span> <span class='ocrx_word' id='word_1_524' title='bbox 1636 3574 1834 3639; x_wconf 89' lang='lat' dir='ltr'><strong>(inquit</strong></span> <span class='ocrx_word' id='word_1_525' title='bbox 1881 3573 2008 3625; x_wconf 87' lang='lat' dir='ltr'><strong>bea-</strong></span> 
     </span>
    </p>
   </div>
   <div class='ocr_carea' id='block_1_67' title="bbox 442 3659 2003 3730">
    <p class='ocr_par' dir='ltr' id='par_1_67' title="bbox 442 3659 2003 3730">
     <span class='ocr_line' id='line_1_67' title="bbox 442 3659 2003 3730; baseline 0.003 -17"><span class='ocrx_word' id='word_1_526' title='bbox 442 3673 526 3716; x_wconf 85' lang='lat' dir='ltr'><strong>tus</strong></span> <span class='ocrx_word' id='word_1_527' title='bbox 558 3659 799 3730; x_wconf 85' lang='lat' dir='ltr'><strong>Paulus),</strong></span> <span class='ocrx_word' id='word_1_528' title='bbox 837 3661 983 3715; x_wconf 88' lang='lat' dir='ltr'><strong>misit</strong></span> <span class='ocrx_word' id='word_1_529' title='bbox 1009 3660 1146 3715; x_wconf 89' lang='lat' dir='ltr'><strong>Deus</strong></span> <span class='ocrx_word' id='word_1_530' title='bbox 1179 3660 1435 3729; x_wconf 85' lang='lat' dir='ltr'><strong>Spiritum</strong></span> <span class='ocrx_word' id='word_1_531' title='bbox 1470 3661 1587 3715; x_wconf 83' lang='lat' dir='ltr'><strong>Filii</strong></span> <span class='ocrx_word' id='word_1_532' title='bbox 1627 3663 1708 3716; x_wconf 90' lang='lat' dir='ltr'><strong>sui</strong></span> <span class='ocrx_word' id='word_1_533' title='bbox 1754 3664 1806 3716; x_wconf 91' lang='lat' dir='ltr'><strong>in</strong></span> <span class='ocrx_word' id='word_1_534' title='bbox 1841 3665 2003 3717; x_wconf 89' lang='lat' dir='ltr'><strong>corda</strong></span> 
     </span>
    </p>
   </div>
   <div class='ocr_carea' id='block_1_68' title="bbox 442 3751 2007 3822">
    <p class='ocr_par' dir='ltr' id='par_1_68' title="bbox 442 3751 2007 3822">
     <span class='ocr_line' id='line_1_68' title="bbox 442 3751 2007 3822; baseline 0.003 -19"><span class='ocrx_word' id='word_1_535' title='bbox 442 3765 619 3805; x_wconf 79' lang='lat' dir='ltr'><strong>vestra</strong></span> <span class='ocrx_word' id='word_1_536' title='bbox 645 3752 966 3816; x_wconf 85' lang='lat' dir='ltr'><strong>clamantem</strong></span> <span class='ocrx_word' id='word_1_537' title='bbox 994 3752 1199 3815; x_wconf 84' lang='lat' dir='ltr'><strong>:Abba,</strong></span> <span class='ocrx_word' id='word_1_538' title='bbox 1223 3751 1382 3805; x_wconf 84' lang='lat' dir='ltr'><strong>Pater</strong></span> <span class='ocrx_word' id='word_1_539' title='bbox 1400 3752 1465 3808; x_wconf 80' lang='grc'><strong>⁸⁸.</strong></span> <span class='ocrx_word' id='word_1_540' title='bbox 1495 3771 1514 3804; x_wconf 80' lang='grc' dir='ltr'><strong>ι</strong></span> <span class='ocrx_word' id='word_1_541' title='bbox 1536 3751 1761 3819; x_wconf 89' lang='lat' dir='ltr'><strong>lnipium</strong></span> <span class='ocrx_word' id='word_1_542' title='bbox 1785 3754 2007 3822; x_wconf 88' lang='lat' dir='ltr'><strong>proinde</strong></span> 
     </span>
    </p>
   </div>
   <div class='ocr_carea' id='block_1_69' title="bbox 438 3843 2004 3912">
    <p class='ocr_par' dir='ltr' id='par_1_69' title="bbox 438 3843 2004 3912">
     <span class='ocr_line' id='line_1_69' title="bbox 438 3843 2004 3912; baseline 0 -14"><span class='ocrx_word' id='word_1_543' title='bbox 438 3843 598 3898; x_wconf 80' lang='lat' dir='ltr'><strong>fuerit</strong></span> <span class='ocrx_word' id='word_1_544' title='bbox 627 3845 708 3898; x_wconf 82' lang='lat' dir='ltr'><strong>vel</strong></span> <span class='ocrx_word' id='word_1_545' title='bbox 739 3845 911 3899; x_wconf 87' lang='lat' dir='ltr'><strong>solum</strong></span> <span class='ocrx_word' id='word_1_546' title='bbox 946 3844 1206 3912; x_wconf 80' lang='lat' dir='ltr'><strong>cogitare,</strong></span> <span class='ocrx_word' id='word_1_547' title='bbox 1240 3844 1414 3912; x_wconf 89' lang='lat' dir='ltr'><strong>ipsum</strong></span> <span class='ocrx_word' id='word_1_548' title='bbox 1451 3846 1544 3899; x_wconf 89' lang='lat' dir='ltr'><strong>Dei</strong></span> <span class='ocrx_word' id='word_1_549' title='bbox 1571 3845 1748 3900; x_wconf 86' lang='lat' dir='ltr'><strong>Patris</strong></span> <span class='ocrx_word' id='word_1_550' title='bbox 1774 3844 2004 3900; x_wconf 87' lang='lat' dir='ltr'><strong>Verbum</strong></span> 
     </span>
    </p>
   </div>
   <div class='ocr_carea' id='block_1_70' title="bbox 440 3935 2003 4008">
    <p class='ocr_par' dir='ltr' id='par_1_70' title="bbox 440 3935 2003 4008">
     <span class='ocr_line' id='line_1_70' title="bbox 440 3935 2003 4008; baseline 0.001 -19"><span class='ocrx_word' id='word_1_551' title='bbox 440 3935 675 4001; x_wconf 83' lang='lat' dir='ltr'><strong>Spiritus</strong></span> <span class='ocrx_word' id='word_1_552' title='bbox 729 3939 900 3991; x_wconf 85' lang='lat' dir='ltr'><strong>sancti</strong></span> <span class='ocrx_word' id='word_1_553' title='bbox 963 3937 1454 3990; x_wconf 84' lang='lat' dir='ltr'><strong>communicatione</strong></span> <span class='ocrx_word' id='word_1_554' title='bbox 1499 3938 1746 4008; x_wconf 78' lang='lat' dir='ltr'><strong>eguisse;</strong></span> <span class='ocrx_word' id='word_1_555' title='bbox 1801 3941 2003 3991; x_wconf 81' lang='lat' dir='ltr'><strong>fatuum</strong></span> 
     </span>
    </p>
   </div>
   <div class='ocr_carea' id='block_1_71' title="bbox 437 4026 2005 4095">
    <p class='ocr_par' dir='ltr' id='par_1_71' title="bbox 437 4026 2005 4095">
     <span class='ocr_line' id='line_1_71' title="bbox 437 4026 2005 4095; baseline 0.001 -16"><span class='ocrx_word' id='word_1_556' title='bbox 437 4042 587 4090; x_wconf 83' lang='lat' dir='ltr'><strong>vero,</strong></span> <span class='ocrx_word' id='word_1_557' title='bbox 624 4028 673 4080; x_wconf 90' lang='lat' dir='ltr'><strong>in</strong></span> <span class='ocrx_word' id='word_1_558' title='bbox 718 4043 829 4081; x_wconf 92' lang='lat' dir='ltr'><strong>rem</strong></span> <span class='ocrx_word' id='word_1_559' title='bbox 867 4041 1036 4095; x_wconf 90' lang='lat' dir='ltr'><strong>usque</strong></span> <span class='ocrx_word' id='word_1_560' title='bbox 1074 4027 1207 4080; x_wconf 88' lang='lat' dir='ltr'><strong>adeo</strong></span> <span class='ocrx_word' id='word_1_561' title='bbox 1237 4026 1450 4094; x_wconf 88' lang='lat' dir='ltr'><strong>planam</strong></span> <span class='ocrx_word' id='word_1_562' title='bbox 1481 4039 1534 4081; x_wconf 91' lang='lat' dir='ltr'><strong>et</strong></span> <span class='ocrx_word' id='word_1_563' title='bbox 1576 4030 1880 4082; x_wconf 80' lang='lat' dir='ltr'><strong>evidentem</strong></span> <span class='ocrx_word' id='word_1_564' title='bbox 1913 4045 2005 4081; x_wconf 83' lang='lat' dir='ltr'><strong>cu-</strong></span> 
     </span>
    </p>
   </div>
   <div class='ocr_carea' id='block_1_72' title="bbox 437 4117 2000 4188">
    <p class='ocr_par' dir='ltr' id='par_1_72' title="bbox 437 4117 2000 4188">
     <span class='ocr_line' id='line_1_72' title="bbox 437 4117 2000 4188; baseline 0.003 -18"><span class='ocrx_word' id='word_1_565' title='bbox 437 4120 636 4172; x_wconf 87' lang='lat' dir='ltr'><strong>riosius</strong></span> <span class='ocrx_word' id='word_1_566' title='bbox 671 4118 805 4173; x_wconf 73' lang='lat' dir='ltr'><strong>velle</strong></span> <span class='ocrx_word' id='word_1_567' title='bbox 841 4117 1148 4185; x_wconf 86' lang='lat' dir='ltr'><strong>inquirere.</strong></span> <span class='ocrx_word' id='word_1_568' title='bbox 1179 4119 1251 4172; x_wconf 85' lang='lat' dir='ltr'><strong>At</strong></span> <span class='ocrx_word' id='word_1_569' title='bbox 1287 4120 1556 4186; x_wconf 86' lang='lat' dir='ltr'><strong>quomodo</strong></span> <span class='ocrx_word' id='word_1_570' title='bbox 1589 4134 1718 4188; x_wconf 79' lang='lat' dir='ltr'><strong>ergo</strong></span> <span class='ocrx_word' id='word_1_571' title='bbox 1763 4118 2000 4188; x_wconf 89' lang='lat' dir='ltr'><strong>Spiritus</strong></span> 
     </span>
    </p>
   </div>
   <div class='ocr_carea' id='block_1_73' title="bbox 2110 2932 3688 3006">
    <p class='ocr_par' dir='ltr' id='par_1_73' title="bbox 2110 2932 3688 3006">
     <span class='ocr_line' id='line_1_73' title="bbox 2110 2932 3688 3006; baseline 0.001 -21"><span class='ocrx_word' id='word_1_572' title='bbox 2110 2933 2559 3003; x_wconf 76' lang='grc' dir='ltr'>ἀποδιοριζὸντων</span> <span class='ocrx_word' id='word_1_573' title='bbox 2604 2936 2705 2987; x_wconf 84' lang='grc' dir='ltr'><strong>οὐκ</strong></span> <span class='ocrx_word' id='word_1_574' title='bbox 2742 2935 3088 3005; x_wconf 83' lang='grc' dir='ltr'>ἀνεχόμενοι,</span> <span class='ocrx_word' id='word_1_575' title='bbox 3138 2935 3193 2988; x_wconf 84' lang='grc' dir='ltr'><strong>τί</strong></span> <span class='ocrx_word' id='word_1_576' title='bbox 3240 2935 3305 3005; x_wconf 79' lang='grc' dir='ltr'><strong>δὴ</strong></span> <span class='ocrx_word' id='word_1_577' title='bbox 3355 2932 3472 3006; x_wconf 75' lang='grc' dir='ltr'><strong>ἆρά,</strong></span> <span class='ocrx_word' id='word_1_578' title='bbox 3514 2954 3688 3006; x_wconf 68' lang='grc' dir='ltr'>φαμεν</span> 
     </span>
    </p>
   </div>
   <div class='ocr_carea' id='block_1_74' title="bbox 2110 3025 3689 3097">
    <p class='ocr_par' dir='ltr' id='par_1_74' title="bbox 2110 3025 3689 3097">
     <span class='ocr_line' id='line_1_74' title="bbox 2110 3025 3689 3097; baseline 0 -19"><span class='ocrx_word' id='word_1_579' title='bbox 2110 3025 2487 3088; x_wconf 82' lang='grc' dir='ltr'>καταπτάντος</span> <span class='ocrx_word' id='word_1_580' title='bbox 2526 3025 2614 3077; x_wconf 75' lang='grc' dir='ltr'><strong>ἐπ’</strong></span> <span class='ocrx_word' id='word_1_581' title='bbox 2656 3026 2820 3079; x_wconf 82' lang='grc' dir='ltr'>αὑτὸν</span> <span class='ocrx_word' id='word_1_582' title='bbox 2860 3025 2919 3090; x_wconf 79' lang='grc' dir='ltr'><strong>ἐξ</strong></span> <span class='ocrx_word' id='word_1_583' title='bbox 2942 3025 3174 3097; x_wconf 83' lang='grc' dir='ltr'>οὐρανοῦ</span> <span class='ocrx_word' id='word_1_584' title='bbox 3205 3027 3299 3079; x_wconf 89' lang='grc' dir='ltr'><strong>τοῦ</strong></span> <span class='ocrx_word' id='word_1_585' title='bbox 3328 3027 3487 3093; x_wconf 79' lang='grc' dir='ltr'>ἁγίου</span> <span class='ocrx_word' id='word_1_586' title='bbox 3519 3028 3689 3080; x_wconf 70' lang='grc' dir='ltr'>Πνεύι</span> 
     </span>
    </p>
   </div>
   <div class='ocr_carea' id='block_1_75' title="bbox 2112 3112 3687 3188">
    <p class='ocr_par' dir='ltr' id='par_1_75' title="bbox 2112 3112 3687 3188">
     <span class='ocr_line' id='line_1_75' title="bbox 2112 3112 3687 3188; baseline 0.002 -20"><span class='ocrx_word' id='word_1_587' title='bbox 2112 3134 2298 3186; x_wconf 80' lang='grc' dir='ltr'>ματος,</span> <span class='ocrx_word' id='word_1_588' title='bbox 2334 3116 2429 3169; x_wconf 81' lang='grc' dir='ltr'>καὶ</span> <span class='ocrx_word' id='word_1_589' title='bbox 2459 3117 2747 3187; x_wconf 78' lang='grc' dir='ltr'>μείναντος</span> <span class='ocrx_word' id='word_1_590' title='bbox 2766 3117 2856 3169; x_wconf 76' lang='grc' dir='ltr'><strong>ἐπ’</strong></span> <span class='ocrx_word' id='word_1_591' title='bbox 2892 3117 3056 3169; x_wconf 79' lang='grc' dir='ltr'>αὐτόν</span> <span class='ocrx_word' id='word_1_592' title='bbox 3083 3133 3097 3183; x_wconf 88' lang='grc'><strong>;</strong></span> <span class='ocrx_word' id='word_1_593' title='bbox 3130 3112 3239 3188; x_wconf 84' lang='grc' dir='ltr'>ἆρα</span> <span class='ocrx_word' id='word_1_594' title='bbox 3275 3117 3564 3188; x_wconf 81' lang='grc' dir='ltr'>δεδεῆσθαι</span> <span class='ocrx_word' id='word_1_595' title='bbox 3597 3119 3687 3171; x_wconf 78' lang='grc' dir='ltr'><strong>τοῦ</strong></span> 
     </span>
    </p>
   </div>
   <div class='ocr_carea' id='block_1_76' title="bbox 2111 3208 3689 3282">
    <p class='ocr_par' dir='ltr' id='par_1_76' title="bbox 2111 3208 3689 3282">
     <span class='ocr_line' id='line_1_76' title="bbox 2111 3208 3689 3282; baseline 0.003 -23"><span class='ocrx_word' id='word_1_596' title='bbox 2111 3208 2433 3278; x_wconf 84' lang='grc' dir='ltr'>μεταλαχεϊν</span> <span class='ocrx_word' id='word_1_597' title='bbox 2483 3208 2640 3276; x_wconf 85' lang='grc' dir='ltr'>ἁγίου</span> <span class='ocrx_word' id='word_1_598' title='bbox 2696 3209 3014 3280; x_wconf 86' lang='grc' dir='ltr'>Πνεύματος</span> <span class='ocrx_word' id='word_1_599' title='bbox 3054 3209 3146 3262; x_wconf 81' lang='grc' dir='ltr'><strong>τὸν</strong></span> <span class='ocrx_word' id='word_1_600' title='bbox 3189 3212 3255 3263; x_wconf 86' lang='grc' dir='ltr'><strong>ὲκ</strong></span> <span class='ocrx_word' id='word_1_601' title='bbox 3296 3210 3434 3263; x_wconf 86' lang='grc' dir='ltr'>Θεοῦ</span> <span class='ocrx_word' id='word_1_602' title='bbox 3478 3213 3689 3282; x_wconf 77' lang='grc' dir='ltr'>Πατρὺς</span> 
     </span>
    </p>
   </div>
   <div class='ocr_carea' id='block_1_77' title="bbox 2106 3299 3685 3371">
    <p class='ocr_par' dir='ltr' id='par_1_77' title="bbox 2106 3299 3685 3371">
     <span class='ocr_line' id='line_1_77' title="bbox 2106 3299 3685 3371; baseline 0.003 -20"><span class='ocrx_word' id='word_1_603' title='bbox 2106 3299 2279 3366; x_wconf 79' lang='grc' dir='ltr'>Λόγον</span> <span class='ocrx_word' id='word_1_604' title='bbox 2312 3299 2740 3369; x_wconf 83' lang='grc' dir='ltr'>ὑποτοπάσωμεν</span> <span class='ocrx_word' id='word_1_605' title='bbox 2764 3315 2779 3364; x_wconf 88' lang='grc'>;</span> <span class='ocrx_word' id='word_1_606' title='bbox 2803 3300 2990 3353; x_wconf 81' lang='grc' dir='ltr'>Καίτοι</span> <span class='ocrx_word' id='word_1_607' title='bbox 3031 3300 3149 3364; x_wconf 79' lang='grc' dir='ltr'>πῶς</span> <span class='ocrx_word' id='word_1_608' title='bbox 3178 3300 3279 3353; x_wconf 85' lang='grc' dir='ltr'><strong>οὐκ</strong></span> <span class='ocrx_word' id='word_1_609' title='bbox 3321 3301 3387 3355; x_wconf 81' lang='grc' dir='ltr'><strong>ἂν</strong></span> <span class='ocrx_word' id='word_1_610' title='bbox 3410 3303 3638 3371; x_wconf 66' lang='grc' dir='ltr'>αἰσχρὸν</span> <span class='ocrx_word' id='word_1_611' title='bbox 3660 3311 3685 3337; x_wconf 71' lang='grc'>⁸</span> 
     </span>
    </p>
   </div>
   <div class='ocr_carea' id='block_1_78' title="bbox 2107 3384 3682 3463">
    <p class='ocr_par' dir='ltr' id='par_1_78' title="bbox 2107 3384 3682 3463">
     <span class='ocr_line' id='line_1_78' title="bbox 2107 3384 3682 3463; baseline 0.001 -19"><span class='ocrx_word' id='word_1_612' title='bbox 2107 3390 2321 3463; x_wconf 74' lang='grc' dir='ltr'>ἀληθῶς</span> <span class='ocrx_word' id='word_1_613' title='bbox 2362 3391 2423 3443; x_wconf 89' lang='grc' dir='ltr'><strong>τὸ</strong></span> <span class='ocrx_word' id='word_1_614' title='bbox 2455 3384 2561 3444; x_wconf 79' lang='grc' dir='ltr'>ὧδε</span> <span class='ocrx_word' id='word_1_615' title='bbox 2585 3394 2823 3462; x_wconf 78' lang='grc' dir='ltr'>φρονεῖν.</span> <span class='ocrx_word' id='word_1_616' title='bbox 2863 3391 2897 3462; x_wconf 79' lang='grc' dir='ltr'><strong>ἢ</strong></span> <span class='ocrx_word' id='word_1_617' title='bbox 2935 3391 3157 3459; x_wconf 86' lang='grc' dir='ltr'>λέγειν;</span> <span class='ocrx_word' id='word_1_618' title='bbox 3203 3392 3334 3445; x_wconf 75' lang='grc' dir='ltr'>[διον</span> <span class='ocrx_word' id='word_1_619' title='bbox 3372 3393 3484 3463; x_wconf 77' lang='grc' dir='ltr'>γὰρ</span> <span class='ocrx_word' id='word_1_620' title='bbox 3524 3394 3682 3446; x_wconf 70' lang='grc' dir='ltr'>αὐτοῦ</span> 
     </span>
    </p>
   </div>
   <div class='ocr_carea' id='block_1_79' title="bbox 2105 3481 3684 3553">
    <p class='ocr_par' dir='ltr' id='par_1_79' title="bbox 2105 3481 3684 3553">
     <span class='ocr_line' id='line_1_79' title="bbox 2105 3481 3684 3553; baseline 0.002 -19"><span class='ocrx_word' id='word_1_621' title='bbox 2105 3481 2166 3534; x_wconf 85' lang='grc' dir='ltr'><strong>τὸ</strong></span> <span class='ocrx_word' id='word_1_622' title='bbox 2200 3481 2424 3552; x_wconf 77' lang='grc' dir='ltr'>Πνεῦμα</span> <span class='ocrx_word' id='word_1_623' title='bbox 2461 3484 2600 3544; x_wconf 77' lang='grc' dir='ltr'>ἐστι,</span> <span class='ocrx_word' id='word_1_624' title='bbox 2636 3481 2886 3552; x_wconf 79' lang='grc' dir='ltr'>καθάπερ</span> <span class='ocrx_word' id='word_1_625' title='bbox 2927 3483 3120 3553; x_wconf 79' lang='grc' dir='ltr'>ἀμέλει</span> <span class='ocrx_word' id='word_1_626' title='bbox 3167 3484 3264 3536; x_wconf 80' lang='grc' dir='ltr'>καὶ</span> <span class='ocrx_word' id='word_1_627' title='bbox 3296 3485 3393 3537; x_wconf 89' lang='grc' dir='ltr'><strong>τοῦ</strong></span> <span class='ocrx_word' id='word_1_628' title='bbox 3417 3486 3558 3539; x_wconf 85' lang='grc' dir='ltr'>Θεοῦ</span> <span class='ocrx_word' id='word_1_629' title='bbox 3597 3487 3684 3538; x_wconf 82' lang='grc' dir='ltr'><strong>καὶ</strong></span> 
     </span>
    </p>
   </div>
   <div class='ocr_carea' id='block_1_80' title="bbox 2107 3572 3685 3643">
    <p class='ocr_par' dir='ltr' id='par_1_80' title="bbox 2107 3572 3685 3643">
     <span class='ocr_line' id='line_1_80' title="bbox 2107 3572 3685 3643; baseline 0.002 -18"><span class='ocrx_word' id='word_1_630' title='bbox 2107 3572 2338 3643; x_wconf 84' lang='grc' dir='ltr'>Πατρός.</span> <span class='ocrx_word' id='word_1_631' title='bbox 2371 3572 2481 3626; x_wconf 73' lang='grc' dir='ltr'><strong>Καὶ</strong></span> <span class='ocrx_word' id='word_1_632' title='bbox 2503 3572 2632 3640; x_wconf 81' lang='grc' dir='ltr'>γοῦν</span> <span class='ocrx_word' id='word_1_633' title='bbox 2664 3575 2691 3626; x_wconf 85' lang='grc' dir='ltr'>ὁ</span> <span class='ocrx_word' id='word_1_634' title='bbox 2717 3575 2982 3643; x_wconf 82' lang='grc' dir='ltr'>μακάριος</span> <span class='ocrx_word' id='word_1_635' title='bbox 3015 3573 3240 3637; x_wconf 85' lang='grc' dir='ltr'>Παῦλος·</span> <span class='ocrx_word' id='word_1_636' title='bbox 3283 3595 3302 3626; x_wconf 79' lang='grc' dir='ltr'><strong>ι</strong></span> <span class='ocrx_word' id='word_1_637' title='bbox 3335 3575 3462 3628; x_wconf 83' lang='grc' dir='ltr'>Ὀτι</span> <span class='ocrx_word' id='word_1_638' title='bbox 3484 3576 3544 3628; x_wconf 80' lang='grc' dir='ltr'><em>δέ</em></span> <span class='ocrx_word' id='word_1_639' title='bbox 3567 3578 3685 3628; x_wconf 76' lang='grc' dir='ltr'>ἐστε</span> 
     </span>
    </p>
   </div>
   <div class='ocr_carea' id='block_1_81' title="bbox 2106 3659 3683 3735">
    <p class='ocr_par' dir='ltr' id='par_1_81' title="bbox 2106 3659 3683 3735">
     <span class='ocr_line' id='line_1_81' title="bbox 2106 3659 3683 3735; baseline 0.003 -19"><span class='ocrx_word' id='word_1_640' title='bbox 2106 3665 2233 3727; x_wconf 68' lang='grc' dir='ltr'>υἱοὶ,</span> <span class='ocrx_word' id='word_1_641' title='bbox 2254 3659 2333 3726; x_wconf 77' lang='grc' dir='ltr'>οἷς</span> <span class='ocrx_word' id='word_1_642' title='bbox 2348 3662 2725 3727; x_wconf 77' lang='grc' dir='ltr'>ἐξαπέστειλεν</span> <span class='ocrx_word' id='word_1_643' title='bbox 2747 3666 2775 3716; x_wconf 87' lang='grc' dir='ltr'>ὁ</span> <span class='ocrx_word' id='word_1_644' title='bbox 2791 3664 2921 3726; x_wconf 85' lang='grc' dir='ltr'>Θεὸς</span> <span class='ocrx_word' id='word_1_645' title='bbox 2935 3664 2996 3716; x_wconf 86' lang='grc' dir='ltr'><strong>τὸ</strong></span> <span class='ocrx_word' id='word_1_646' title='bbox 3015 3664 3234 3735; x_wconf 86' lang='grc' dir='ltr'>Πνεῦμα</span> <span class='ocrx_word' id='word_1_647' title='bbox 3257 3667 3353 3719; x_wconf 85' lang='grc' dir='ltr'><strong>τοῦ</strong></span> <span class='ocrx_word' id='word_1_648' title='bbox 3373 3665 3507 3720; x_wconf 78' lang='grc' dir='ltr'>Υἱοῦ</span> <span class='ocrx_word' id='word_1_649' title='bbox 3523 3668 3683 3720; x_wconf 80' lang='grc' dir='ltr'>αὑτοῦ</span> 
     </span>
    </p>
   </div>
   <div class='ocr_carea' id='block_1_82' title="bbox 2106 3753 3680 3829">
    <p class='ocr_par' dir='ltr' id='par_1_82' title="bbox 2106 3753 3680 3829">
     <span class='ocr_line' id='line_1_82' title="bbox 2106 3753 3680 3829; baseline 0.002 -23"><span class='ocrx_word' id='word_1_650' title='bbox 2106 3756 2185 3817; x_wconf 86' lang='grc' dir='ltr'>εἰς</span> <span class='ocrx_word' id='word_1_651' title='bbox 2222 3755 2322 3816; x_wconf 81' lang='grc' dir='ltr'>τὰς</span> <span class='ocrx_word' id='word_1_652' title='bbox 2358 3754 2586 3823; x_wconf 84' lang='grc' dir='ltr'>καρδίας</span> <span class='ocrx_word' id='word_1_653' title='bbox 2617 3753 2801 3823; x_wconf 83' lang='grc' dir='ltr'>ὑμῶν,</span> <span class='ocrx_word' id='word_1_654' title='bbox 2831 3756 3065 3825; x_wconf 75' lang='grc' dir='ltr'>κράζονο</span> <span class='ocrx_word' id='word_1_655' title='bbox 3120 3756 3323 3824; x_wconf 80' lang='grc' dir='ltr'>Ἀϐϐἅ,</span> <span class='ocrx_word' id='word_1_656' title='bbox 3349 3760 3379 3811; x_wconf 84' lang='grc' dir='ltr'>ὁ</span> <span class='ocrx_word' id='word_1_657' title='bbox 3404 3760 3624 3829; x_wconf 81' lang='grc' dir='ltr'>Πατήρ.</span> <span class='ocrx_word' id='word_1_658' title='bbox 3662 3778 3680 3809; x_wconf 80' lang='grc' dir='ltr'><strong>ι</strong></span> 
     </span>
    </p>
   </div>
   <div class='ocr_carea' id='block_1_83' title="bbox 2119 3843 3683 3920">
    <p class='ocr_par' dir='ltr' id='par_1_83' title="bbox 2119 3843 3683 3920">
     <span class='ocr_line' id='line_1_83' title="bbox 2119 3843 3683 3920; baseline 0.004 -22"><span class='ocrx_word' id='word_1_659' title='bbox 2119 3847 2337 3910; x_wconf 81' lang='grc' dir='ltr'>Ἀσεϐὲς</span> <span class='ocrx_word' id='word_1_660' title='bbox 2378 3843 2470 3900; x_wconf 81' lang='grc' dir='ltr'><strong>οὖν</strong></span> <span class='ocrx_word' id='word_1_661' title='bbox 2510 3848 2619 3918; x_wconf 78' lang='grc' dir='ltr'>ἄρα</span> <span class='ocrx_word' id='word_1_662' title='bbox 2652 3847 2711 3900; x_wconf 81' lang='grc' dir='ltr'><strong>τὸ</strong></span> <span class='ocrx_word' id='word_1_663' title='bbox 2748 3847 2849 3901; x_wconf 84' lang='grc' dir='ltr'>κᾶν</span> <span class='ocrx_word' id='word_1_664' title='bbox 2876 3848 3004 3916; x_wconf 85' lang='grc' dir='ltr'>γοῦν</span> <span class='ocrx_word' id='word_1_665' title='bbox 3049 3850 3344 3920; x_wconf 82' lang='grc' dir='ltr'>ὑπονοῆσαι</span> <span class='ocrx_word' id='word_1_666' title='bbox 3385 3851 3552 3920; x_wconf 81' lang='grc' dir='ltr'>μόνον</span> <span class='ocrx_word' id='word_1_667' title='bbox 3586 3851 3683 3920; x_wconf 77' lang='grc' dir='ltr'>τῆς</span> 
     </span>
    </p>
   </div>
   <div class='ocr_carea' id='block_1_84' title="bbox 2102 3938 3681 4012">
    <p class='ocr_par' dir='ltr' id='par_1_84' title="bbox 2102 3938 3681 4012">
     <span class='ocr_line' id='line_1_84' title="bbox 2102 3938 3681 4012; baseline 0.001 -20"><span class='ocrx_word' id='word_1_668' title='bbox 2102 3938 2198 3992; x_wconf 89' lang='grc' dir='ltr'><strong>τοῦ</strong></span> <span class='ocrx_word' id='word_1_669' title='bbox 2249 3938 2567 4008; x_wconf 85' lang='grc' dir='ltr'>Πνεύματος</span> <span class='ocrx_word' id='word_1_670' title='bbox 2611 3940 2900 4010; x_wconf 85' lang='grc' dir='ltr'>μετουσίας</span> <span class='ocrx_word' id='word_1_671' title='bbox 2936 3941 3216 4012; x_wconf 82' lang='grc' dir='ltr'>δεδεῆσθαι</span> <span class='ocrx_word' id='word_1_672' title='bbox 3258 3944 3354 3995; x_wconf 75' lang='grc' dir='ltr'><strong>καὶ</strong></span> <span class='ocrx_word' id='word_1_673' title='bbox 3391 3945 3558 3996; x_wconf 78' lang='grc' dir='ltr'>αὑτὸν</span> <span class='ocrx_word' id='word_1_674' title='bbox 3598 3947 3681 3996; x_wconf 64' lang='grc' dir='ltr'>τὸν</span> 
     </span>
    </p>
   </div>
   <div class='ocr_carea' id='block_1_85' title="bbox 2104 4030 3683 4106">
    <p class='ocr_par' dir='ltr' id='par_1_85' title="bbox 2104 4030 3683 4106">
     <span class='ocr_line' id='line_1_85' title="bbox 2104 4030 3683 4106; baseline 0.004 -25"><span class='ocrx_word' id='word_1_675' title='bbox 2104 4031 2169 4083; x_wconf 82' lang='grc' dir='ltr'><strong>ἐκ</strong></span> <span class='ocrx_word' id='word_1_676' title='bbox 2191 4030 2324 4083; x_wconf 86' lang='grc' dir='ltr'>Θεοῦ</span> <span class='ocrx_word' id='word_1_677' title='bbox 2356 4031 2567 4100; x_wconf 84' lang='grc' dir='ltr'>Πατρὺς</span> <span class='ocrx_word' id='word_1_678' title='bbox 2596 4033 2767 4101; x_wconf 87' lang='grc' dir='ltr'>Λόγον</span> <span class='ocrx_word' id='word_1_679' title='bbox 2788 4048 2802 4061; x_wconf 83' lang='lat'><strong><em>°</em></strong></span> <span class='ocrx_word' id='word_1_680' title='bbox 2842 4033 2935 4086; x_wconf 73' lang='grc' dir='ltr'>καὶ</span> <span class='ocrx_word' id='word_1_681' title='bbox 2975 4033 3035 4086; x_wconf 78' lang='grc' dir='ltr'><strong>τὸ</strong></span> <span class='ocrx_word' id='word_1_682' title='bbox 3068 4034 3213 4087; x_wconf 77' lang='grc' dir='ltr'>οὕτω</span> <span class='ocrx_word' id='word_1_683' title='bbox 3238 4038 3383 4104; x_wconf 62' lang='grc' dir='ltr'>σαφῆ</span> <span class='ocrx_word' id='word_1_684' title='bbox 3426 4036 3530 4106; x_wconf 76' lang='grc' dir='ltr'>τὴν</span> <span class='ocrx_word' id='word_1_685' title='bbox 3560 4038 3683 4088; x_wconf 67' lang='grc' dir='ltr'><strong>ἀπό·</strong></span> 
     </span>
    </p>
   </div>
   <div class='ocr_carea' id='block_1_86' title="bbox 2102 4119 3677 4195">
    <p class='ocr_par' dir='ltr' id='par_1_86' title="bbox 2102 4119 3677 4195">
     <span class='ocr_line' id='line_1_86' title="bbox 2102 4119 3677 4195; baseline 0.003 -23"><span class='ocrx_word' id='word_1_686' title='bbox 2102 4120 2269 4185; x_wconf 81' lang='grc' dir='ltr'>δειξιν</span> <span class='ocrx_word' id='word_1_687' title='bbox 2314 4119 2434 4191; x_wconf 76' lang='grc' dir='ltr'>ἔχον</span> <span class='ocrx_word' id='word_1_688' title='bbox 2481 4124 2803 4192; x_wconf 88' lang='grc' dir='ltr'>περιεργίας</span> <span class='ocrx_word' id='word_1_689' title='bbox 2843 4123 3047 4189; x_wconf 78' lang='grc' dir='ltr'>ἀξιοῦν,</span> <span class='ocrx_word' id='word_1_690' title='bbox 3101 4122 3294 4192; x_wconf 78' lang='grc' dir='ltr'>εὔηθες</span> <span class='ocrx_word' id='word_1_691' title='bbox 3332 4125 3428 4177; x_wconf 59' lang='grc' dir='ltr'><strong>καὶ⁸</strong></span> <span class='ocrx_word' id='word_1_692' title='bbox 3465 4127 3677 4195; x_wconf 72' lang='grc' dir='ltr'>κομιδῇ.</span> 
     </span>
    </p>
   </div>
   <div class='ocr_carea' id='block_1_87' title="bbox 435 4195 2009 4285">
    <p class='ocr_par' dir='ltr' id='par_1_87' title="bbox 435 4210 1998 4283">
     <span class='ocr_line' id='line_1_87' title="bbox 435 4210 1998 4283; baseline 0.002 -17"><span class='ocrx_word' id='word_1_693' title='bbox 435 4221 659 4267; x_wconf 82' lang='lat' dir='ltr'><strong>sanctus</strong></span> <span class='ocrx_word' id='word_1_694' title='bbox 715 4227 878 4278; x_wconf 86' lang='lat' dir='ltr'><strong>super</strong></span> <span class='ocrx_word' id='word_1_695' title='bbox 930 4210 1078 4264; x_wconf 90' lang='lat' dir='ltr'><strong>illum</strong></span> <span class='ocrx_word' id='word_1_696' title='bbox 1132 4211 1452 4266; x_wconf 86' lang='lat' dir='ltr'><strong>descendit?</strong></span> <span class='ocrx_word' id='word_1_697' title='bbox 1502 4213 1712 4281; x_wconf 84' lang='lat' dir='ltr'><strong>Accipit</strong></span> <span class='ocrx_word' id='word_1_698' title='bbox 1764 4227 1998 4283; x_wconf 86' lang='lat' dir='ltr'><strong>namque</strong></span> 
     </span>
    </p>
   </div>
   <div class='ocr_carea' id='block_1_88' title="bbox 2112 4195 3680 4285">
    <p class='ocr_par' dir='ltr' id='par_1_88' title="bbox 2112 4208 3680 4285">
     <span class='ocr_line' id='line_1_88' title="bbox 2112 4208 3680 4285; baseline 0.004 -21"><span class='ocrx_word' id='word_1_699' title='bbox 2112 4213 2230 4275; x_wconf 87' lang='grc' dir='ltr'><strong>Πῶς</strong></span> <span class='ocrx_word' id='word_1_700' title='bbox 2267 4208 2358 4265; x_wconf 81' lang='grc' dir='ltr'><strong>οῦν</strong></span> <span class='ocrx_word' id='word_1_701' title='bbox 2405 4214 2493 4265; x_wconf 72' lang='grc' dir='ltr'>ἐπ’</span> <span class='ocrx_word' id='word_1_702' title='bbox 2544 4214 2704 4267; x_wconf 80' lang='grc' dir='ltr'>αὐτὸν</span> <span class='ocrx_word' id='word_1_703' title='bbox 2742 4214 2986 4284; x_wconf 81' lang='grc' dir='ltr'>κατέπτη</span> <span class='ocrx_word' id='word_1_704' title='bbox 3034 4214 3097 4267; x_wconf 82' lang='grc' dir='ltr'><strong>τὸ</strong></span> <span class='ocrx_word' id='word_1_705' title='bbox 3148 4214 3407 4284; x_wconf 71' lang='grc' dir='ltr'>Πνεῦμας</span> <span class='ocrx_word' id='word_1_706' title='bbox 3460 4216 3680 4285; x_wconf 80' lang='grc' dir='ltr'>Δέχεται</span> 
     </span>
    </p>
   </div>
   <div class='ocr_carea' id='block_1_89' title="bbox 434 4301 1999 4370">
    <p class='ocr_par' dir='ltr' id='par_1_89' title="bbox 434 4301 1999 4370">
     <span class='ocr_line' id='line_1_89' title="bbox 434 4301 1999 4370; baseline 0 -13"><span class='ocrx_word' id='word_1_707' title='bbox 434 4302 726 4357; x_wconf 89' lang='lat' dir='ltr'><strong>secundum</strong></span> <span class='ocrx_word' id='word_1_708' title='bbox 768 4304 1062 4355; x_wconf 90' lang='lat' dir='ltr'><strong>humanam</strong></span> <span class='ocrx_word' id='word_1_709' title='bbox 1114 4313 1385 4366; x_wconf 89' lang='lat' dir='ltr'><strong>naturam,</strong></span> <span class='ocrx_word' id='word_1_710' title='bbox 1432 4301 1830 4370; x_wconf 89' lang='lat' dir='ltr'><strong>dispensatione</strong></span> <span class='ocrx_word' id='word_1_711' title='bbox 1876 4319 1999 4358; x_wconf 91' lang='lat' dir='ltr'><strong>cum</strong></span> 
     </span>
    </p>
   </div>
   <div class='ocr_carea' id='block_1_90' title="bbox 432 4394 1998 4461">
    <p class='ocr_par' dir='ltr' id='par_1_90' title="bbox 432 4394 1998 4461">
     <span class='ocr_line' id='line_1_90' title="bbox 432 4394 1998 4461; baseline 0.001 -12"><span class='ocrx_word' id='word_1_712' title='bbox 432 4409 596 4449; x_wconf 88' lang='lat' dir='ltr'><strong>carne</strong></span> <span class='ocrx_word' id='word_1_713' title='bbox 636 4394 919 4457; x_wconf 80' lang='lat' dir='ltr'><strong>elIiciente,</strong></span> <span class='ocrx_word' id='word_1_714' title='bbox 969 4405 1026 4447; x_wconf 90' lang='lat' dir='ltr'><strong>ut</strong></span> <span class='ocrx_word' id='word_1_715' title='bbox 1068 4394 1206 4448; x_wconf 89' lang='lat' dir='ltr'><strong>citra</strong></span> <span class='ocrx_word' id='word_1_716' title='bbox 1259 4410 1474 4448; x_wconf 88' lang='lat' dir='ltr'><strong>onmem</strong></span> <span class='ocrx_word' id='word_1_717' title='bbox 1528 4395 1998 4461; x_wconf 85' lang='lat' dir='ltr'><strong>reprehensionem</strong></span> 
     </span>
    </p>
   </div>
   <div class='ocr_carea' id='block_1_91' title="bbox 434 4484 1999 4551">
    <p class='ocr_par' dir='ltr' id='par_1_91' title="bbox 434 4484 1999 4551">
     <span class='ocr_line' id='line_1_91' title="bbox 434 4484 1999 4551; baseline -0.003 -14"><span class='ocrx_word' id='word_1_718' title='bbox 434 4485 698 4550; x_wconf 86' lang='lat' dir='ltr'><strong>Spiritum</strong></span> <span class='ocrx_word' id='word_1_719' title='bbox 730 4484 1032 4551; x_wconf 87' lang='lat' dir='ltr'><strong>acciperet;</strong></span> <span class='ocrx_word' id='word_1_720' title='bbox 1066 4485 1175 4538; x_wconf 92' lang='lat' dir='ltr'><strong>imo</strong></span> <span class='ocrx_word' id='word_1_721' title='bbox 1204 4485 1513 4538; x_wconf 74' lang='lat' dir='ltr'><strong>necessario</strong></span> <span class='ocrx_word' id='word_1_722' title='bbox 1540 4485 1607 4537; x_wconf 91' lang='lat' dir='ltr'><strong>ad</strong></span> <span class='ocrx_word' id='word_1_723' title='bbox 1637 4485 1735 4537; x_wconf 93' lang='lat' dir='ltr'><strong>hoc</strong></span> <span class='ocrx_word' id='word_1_724' title='bbox 1755 4487 1999 4538; x_wconf 89' lang='lat' dir='ltr'><strong>ducente.</strong></span> 
     </span>
    </p>
   </div>
   <div class='ocr_carea' id='block_1_92' title="bbox 435 4574 2006 4645">
    <p class='ocr_par' dir='ltr' id='par_1_92' title="bbox 435 4574 2006 4645">
     <span class='ocr_line' id='line_1_92' title="bbox 435 4574 2006 4645; baseline -0.001 -16"><span class='ocrx_word' id='word_1_725' title='bbox 435 4576 675 4645; x_wconf 83' lang='lat' dir='ltr'><strong>Suscipit</strong></span> <span class='ocrx_word' id='word_1_726' title='bbox 704 4585 882 4630; x_wconf 82' lang='lat' dir='ltr'><strong>autem</strong></span> <span class='ocrx_word' id='word_1_727' title='bbox 915 4576 1068 4629; x_wconf 90' lang='lat' dir='ltr'><strong>nobis</strong></span> <span class='ocrx_word' id='word_1_728' title='bbox 1103 4576 1284 4630; x_wconf 86' lang='lat' dir='ltr'><strong>verius</strong></span> <span class='ocrx_word' id='word_1_729' title='bbox 1318 4591 1479 4645; x_wconf 87' lang='lat' dir='ltr'><strong>quam</strong></span> <span class='ocrx_word' id='word_1_730' title='bbox 1525 4574 1627 4628; x_wconf 83' lang='lat' dir='ltr'><strong>sibi</strong></span> <span class='ocrx_word' id='word_1_731' title='bbox 1662 4591 1674 4628; x_wconf 87' lang='lat'><strong>:</strong></span> <span class='ocrx_word' id='word_1_732' title='bbox 1707 4590 1812 4641; x_wconf 91' lang='lat' dir='ltr'><strong>quo</strong></span> <span class='ocrx_word' id='word_1_733' title='bbox 1855 4575 2006 4628; x_wconf 88' lang='lat' dir='ltr'><strong>nimi-</strong></span> 
     </span>
    </p>
   </div>
   <div class='ocr_carea' id='block_1_93' title="bbox 434 4664 2001 4737">
    <p class='ocr_par' dir='ltr' id='par_1_93' title="bbox 434 4664 2001 4737">
     <span class='ocr_line' id='line_1_93' title="bbox 434 4664 2001 4737; baseline -0.001 -17"><span class='ocrx_word' id='word_1_734' title='bbox 434 4683 574 4730; x_wconf 86' lang='lat' dir='ltr'><strong>rum,</strong></span> <span class='ocrx_word' id='word_1_735' title='bbox 625 4676 971 4737; x_wconf 88' lang='lat' dir='ltr'><strong>posteaquam</strong></span> <span class='ocrx_word' id='word_1_736' title='bbox 1020 4666 1088 4720; x_wconf 91' lang='lat' dir='ltr'><strong>ab</strong></span> <span class='ocrx_word' id='word_1_737' title='bbox 1135 4666 1463 4729; x_wconf 86' lang='lat' dir='ltr'><strong>hominibus,</strong></span> <span class='ocrx_word' id='word_1_738' title='bbox 1503 4680 1567 4719; x_wconf 91' lang='lat' dir='ltr'><strong>eo</strong></span> <span class='ocrx_word' id='word_1_739' title='bbox 1596 4664 1736 4734; x_wconf 82' lang='lat' dir='ltr'><strong>quod</strong></span> <span class='ocrx_word' id='word_1_740' title='bbox 1784 4665 2001 4718; x_wconf 88' lang='lat' dir='ltr'><strong>illorum</strong></span> 
     </span>
    </p>
   </div>
   <div class='ocr_carea' id='block_1_94' title="bbox 432 4756 2003 4826">
    <p class='ocr_par' dir='ltr' id='par_1_94' title="bbox 432 4756 2003 4826">
     <span class='ocr_line' id='line_1_94' title="bbox 432 4756 2003 4826; baseline -0.003 -14"><span class='ocrx_word' id='word_1_741' title='bbox 432 4772 586 4812; x_wconf 89' lang='lat' dir='ltr'><strong>meus</strong></span> <span class='ocrx_word' id='word_1_742' title='bbox 608 4772 639 4809; x_wconf 90' lang='lat' dir='ltr'><strong>a</strong></span> <span class='ocrx_word' id='word_1_743' title='bbox 671 4758 955 4826; x_wconf 70' lang='lat' dir='ltr'><strong>iuventute</strong></span> <span class='ocrx_word' id='word_1_744' title='bbox 983 4758 1049 4810; x_wconf 91' lang='lat' dir='ltr'><strong>ad</strong></span> <span class='ocrx_word' id='word_1_745' title='bbox 1079 4756 1343 4810; x_wconf 88' lang='lat' dir='ltr'><strong>malitiam</strong></span> <span class='ocrx_word' id='word_1_746' title='bbox 1377 4770 1542 4825; x_wconf 90' lang='lat' dir='ltr'><strong>prona</strong></span> <span class='ocrx_word' id='word_1_747' title='bbox 1576 4770 1792 4825; x_wconf 90' lang='lat' dir='ltr'><strong>semper</strong></span> <span class='ocrx_word' id='word_1_748' title='bbox 1825 4758 2003 4810; x_wconf 88' lang='lat' dir='ltr'><strong>inten-</strong></span> 
     </span>
    </p>
   </div>
   <div class='ocr_carea' id='block_1_95' title="bbox 434 4846 1994 4917">
    <p class='ocr_par' dir='ltr' id='par_1_95' title="bbox 434 4846 1994 4917">
     <span class='ocr_line' id='line_1_95' title="bbox 434 4846 1994 4917; baseline -0.002 -15"><span class='ocrx_word' id='word_1_749' title='bbox 434 4860 595 4917; x_wconf 90' lang='lat' dir='ltr'><strong>taque</strong></span> <span class='ocrx_word' id='word_1_750' title='bbox 641 4848 876 4913; x_wconf 82' lang='lat' dir='ltr'><strong>esset“,</strong></span> <span class='ocrx_word' id='word_1_751' title='bbox 916 4849 1082 4904; x_wconf 84' lang='lat' dir='ltr'><strong>semel</strong></span> <span class='ocrx_word' id='word_1_752' title='bbox 1129 4848 1394 4910; x_wconf 85' lang='lat' dir='ltr'><strong>avolarat,</strong></span> <span class='ocrx_word' id='word_1_753' title='bbox 1442 4863 1585 4902; x_wconf 89' lang='lat' dir='ltr'><strong>nunc</strong></span> <span class='ocrx_word' id='word_1_754' title='bbox 1621 4848 1672 4900; x_wconf 93' lang='lat' dir='ltr'><strong>in</strong></span> <span class='ocrx_word' id='word_1_755' title='bbox 1718 4846 1994 4902; x_wconf 81' lang='lat' dir='ltr'><strong>Christum</strong></span> 
     </span>
    </p>
   </div>
   <div class='ocr_carea' id='block_1_96' title="bbox 431 4939 1994 5010">
    <p class='ocr_par' dir='ltr' id='par_1_96' title="bbox 431 4939 1994 5010">
     <span class='ocr_line' id='line_1_96' title="bbox 431 4939 1994 5010; baseline -0.001 -17"><span class='ocrx_word' id='word_1_756' title='bbox 431 4940 592 4993; x_wconf 85' lang='lat' dir='ltr'><strong>veluti</strong></span> <span class='ocrx_word' id='word_1_757' title='bbox 624 4939 673 4992; x_wconf 94' lang='lat' dir='ltr'><strong>iu</strong></span> <span class='ocrx_word' id='word_1_758' title='bbox 707 4940 935 4993; x_wconf 87' lang='lat' dir='ltr'><strong>alterum</strong></span> <span class='ocrx_word' id='word_1_759' title='bbox 964 4941 1179 5010; x_wconf 80' lang='lat' dir='ltr'><strong>generis</strong></span> <span class='ocrx_word' id='word_1_760' title='bbox 1220 4940 1389 4994; x_wconf 87' lang='lat' dir='ltr'><strong>nostri</strong></span> <span class='ocrx_word' id='word_1_761' title='bbox 1419 4939 1743 5009; x_wconf 88' lang='lat' dir='ltr'><strong>principium</strong></span> <span class='ocrx_word' id='word_1_762' title='bbox 1780 4939 1994 4993; x_wconf 89' lang='lat' dir='ltr'><strong>descen-</strong></span> 
     </span>
    </p>
   </div>
   <div class='ocr_carea' id='block_1_97' title="bbox 431 5031 1994 5101">
    <p class='ocr_par' dir='ltr' id='par_1_97' title="bbox 431 5031 1994 5101">
     <span class='ocr_line' id='line_1_97' title="bbox 431 5031 1994 5101; baseline 0 -16"><span class='ocrx_word' id='word_1_763' title='bbox 431 5035 581 5094; x_wconf 87' lang='lat' dir='ltr'><strong>dens,</strong></span> <span class='ocrx_word' id='word_1_764' title='bbox 615 5033 906 5101; x_wconf 85' lang='lat' dir='ltr'><strong>sedemque</strong></span> <span class='ocrx_word' id='word_1_765' title='bbox 935 5033 1175 5099; x_wconf 87' lang='lat' dir='ltr'><strong>capiens,</strong></span> <span class='ocrx_word' id='word_1_766' title='bbox 1218 5031 1414 5086; x_wconf 86' lang='lat' dir='ltr'><strong>iterum</strong></span> <span class='ocrx_word' id='word_1_767' title='bbox 1457 5033 1511 5085; x_wconf 93' lang='lat' dir='ltr'><strong>in</strong></span> <span class='ocrx_word' id='word_1_768' title='bbox 1554 5032 1710 5086; x_wconf 92' lang='lat' dir='ltr'><strong>nobis</strong></span> <span class='ocrx_word' id='word_1_769' title='bbox 1741 5041 1994 5100; x_wconf 86' lang='lat' dir='ltr'><strong>tanquam</strong></span> 
     </span>
    </p>
   </div>
   <div class='ocr_carea' id='block_1_98' title="bbox 430 5123 1993 5195">
    <p class='ocr_par' dir='ltr' id='par_1_98' title="bbox 430 5123 1993 5195">
     <span class='ocr_line' id='line_1_98' title="bbox 430 5123 1993 5195; baseline -0.003 -16"><span class='ocrx_word' id='word_1_770' title='bbox 430 5140 578 5179; x_wconf 77' lang='lat' dir='ltr'><strong>recte</strong></span> <span class='ocrx_word' id='word_1_771' title='bbox 602 5127 712 5195; x_wconf 86' lang='lat' dir='ltr'><strong>jam</strong></span> <span class='ocrx_word' id='word_1_772' title='bbox 746 5124 1113 5194; x_wconf 86' lang='lat' dir='ltr'><strong>operantibus,</strong></span> <span class='ocrx_word' id='word_1_773' title='bbox 1161 5134 1217 5179; x_wconf 89' lang='lat' dir='ltr'><strong>et</strong></span> <span class='ocrx_word' id='word_1_774' title='bbox 1262 5123 1426 5176; x_wconf 81' lang='lat' dir='ltr'><strong>vitam</strong></span> <span class='ocrx_word' id='word_1_775' title='bbox 1471 5137 1500 5176; x_wconf 89' lang='lat' dir='ltr'><strong>a</strong></span> <span class='ocrx_word' id='word_1_776' title='bbox 1536 5130 1779 5191; x_wconf 87' lang='lat' dir='ltr'><strong>peccato,</strong></span> <span class='ocrx_word' id='word_1_777' title='bbox 1820 5123 1993 5176; x_wconf 88' lang='lat' dir='ltr'><strong>omni-</strong></span> 
     </span>
    </p>
   </div>
   <div class='ocr_carea' id='block_1_99' title="bbox 2107 4302 3680 4375">
    <p class='ocr_par' dir='ltr' id='par_1_99' title="bbox 2107 4302 3680 4375">
     <span class='ocr_line' id='line_1_99' title="bbox 2107 4302 3680 4375; baseline 0.002 -19"><span class='ocrx_word' id='word_1_778' title='bbox 2107 4302 2213 4374; x_wconf 81' lang='grc' dir='ltr'>γὰρ</span> <span class='ocrx_word' id='word_1_779' title='bbox 2245 4303 2619 4374; x_wconf 88' lang='grc' dir='ltr'>ἀνθρωπίνως,</span> <span class='ocrx_word' id='word_1_780' title='bbox 2643 4305 3028 4358; x_wconf 85' lang='grc' dir='ltr'>ἀκαταιτίατον</span> <span class='ocrx_word' id='word_1_781' title='bbox 3055 4305 3204 4375; x_wconf 80' lang='grc' dir='ltr'>αὐτῷ</span> <span class='ocrx_word' id='word_1_782' title='bbox 3237 4305 3298 4357; x_wconf 80' lang='grc' dir='ltr'>τὸ</span> <span class='ocrx_word' id='word_1_783' title='bbox 3329 4304 3519 4357; x_wconf 81' lang='grc' dir='ltr'>λαϐεῖν</span> <span class='ocrx_word' id='word_1_784' title='bbox 3549 4307 3680 4359; x_wconf 71' lang='lat' dir='ltr'><strong>itm-</strong></span> 
     </span>
    </p>
   </div>
   <div class='ocr_carea' id='block_1_100' title="bbox 2106 4391 3677 4467">
    <p class='ocr_par' dir='ltr' id='par_1_100' title="bbox 2106 4391 3677 4467">
     <span class='ocr_line' id='line_1_100' title="bbox 2106 4391 3677 4467; baseline 0.001 -20"><span class='ocrx_word' id='word_1_785' title='bbox 2106 4394 2402 4464; x_wconf 85' lang='grc' dir='ltr'>φαινούσης</span> <span class='ocrx_word' id='word_1_786' title='bbox 2446 4391 2504 4448; x_wconf 73' lang='grc' dir='ltr'>εὖ</span> <span class='ocrx_word' id='word_1_787' title='bbox 2558 4396 2703 4465; x_wconf 83' lang='grc' dir='ltr'>μάλα</span> <span class='ocrx_word' id='word_1_788' title='bbox 2750 4398 2848 4467; x_wconf 86' lang='grc' dir='ltr'>τῆς</span> <span class='ocrx_word' id='word_1_789' title='bbox 2899 4396 3038 4467; x_wconf 71' lang='grc' dir='ltr'>μετὰ</span> <span class='ocrx_word' id='word_1_790' title='bbox 3092 4396 3292 4466; x_wconf 76' lang='grc' dir='ltr'>σαρκὸς</span> <span class='ocrx_word' id='word_1_791' title='bbox 3341 4398 3677 4466; x_wconf 75' lang='grc' dir='ltr'>οἰκονομίας,</span> 
     </span>
    </p>
   </div>
   <div class='ocr_carea' id='block_1_101' title="bbox 2105 4486 3677 4557">
    <p class='ocr_par' dir='ltr' id='par_1_101' title="bbox 2105 4486 3677 4557">
     <span class='ocr_line' id='line_1_101' title="bbox 2105 4486 3677 4557; baseline 0.001 -20"><span class='ocrx_word' id='word_1_792' title='bbox 2105 4486 2303 4556; x_wconf 84' lang='grc' dir='ltr'>μᾶλλον</span> <span class='ocrx_word' id='word_1_793' title='bbox 2336 4486 2393 4538; x_wconf 84' lang='grc' dir='ltr'><strong>δὲ</strong></span> <span class='ocrx_word' id='word_1_794' title='bbox 2424 4487 2517 4539; x_wconf 76' lang='grc' dir='ltr'>καὶ</span> <span class='ocrx_word' id='word_1_795' title='bbox 2543 4487 2853 4554; x_wconf 81' lang='grc' dir='ltr'>ἀναγκαίως</span> <span class='ocrx_word' id='word_1_796' title='bbox 2884 4489 2965 4551; x_wconf 88' lang='grc' dir='ltr'>εἰς</span> <span class='ocrx_word' id='word_1_797' title='bbox 2992 4487 3152 4540; x_wconf 86' lang='grc' dir='ltr'>τοῦτο</span> <span class='ocrx_word' id='word_1_798' title='bbox 3180 4487 3480 4557; x_wconf 70' lang='grc' dir='ltr'>φερούσης.</span> <span class='ocrx_word' id='word_1_799' title='bbox 3516 4489 3677 4556; x_wconf 76' lang='grc' dir='ltr'><strong>Δέχε-</strong></span> 
     </span>
    </p>
   </div>
   <div class='ocr_carea' id='block_1_102' title="bbox 2101 4576 3672 4646">
    <p class='ocr_par' dir='ltr' id='par_1_102' title="bbox 2101 4576 3672 4646">
     <span class='ocr_line' id='line_1_102' title="bbox 2101 4576 3672 4646; baseline -0.001 -18"><span class='ocrx_word' id='word_1_800' title='bbox 2101 4593 2189 4628; x_wconf 86' lang='grc' dir='ltr'><strong>ται</strong></span> <span class='ocrx_word' id='word_1_801' title='bbox 2220 4576 2329 4645; x_wconf 79' lang='grc' dir='ltr'>γὰρ</span> <span class='ocrx_word' id='word_1_802' title='bbox 2358 4576 2454 4645; x_wconf 84' lang='grc' dir='ltr'><strong>οὐχ</strong></span> <span class='ocrx_word' id='word_1_803' title='bbox 2485 4576 2661 4645; x_wconf 81' lang='grc' dir='ltr'>ἑαυτῷ</span> <span class='ocrx_word' id='word_1_804' title='bbox 2692 4576 2891 4646; x_wconf 84' lang='grc' dir='ltr'>μᾶλλον</span> <span class='ocrx_word' id='word_1_805' title='bbox 2914 4617 2928 4639; x_wconf 98' lang='grc'><strong>,</strong></span> <span class='ocrx_word' id='word_1_806' title='bbox 2959 4576 3076 4629; x_wconf 77' lang='grc' dir='ltr'>ἀλλ’</span> <span class='ocrx_word' id='word_1_807' title='bbox 3112 4576 3272 4644; x_wconf 75' lang='grc' dir='ltr'>ἡμῖν·</span> <span class='ocrx_word' id='word_1_808' title='bbox 3311 4576 3400 4628; x_wconf 82' lang='grc' dir='ltr'>ἵνα</span> <span class='ocrx_word' id='word_1_809' title='bbox 3444 4578 3672 4645; x_wconf 80' lang='grc' dir='ltr'>ἐπείπερ</span> 
     </span>
    </p>
   </div>
   <div class='ocr_carea' id='block_1_103' title="bbox 2101 4646 3672 4736">
    <p class='ocr_par' dir='ltr' id='par_1_103' title="bbox 2101 4646 3672 4736">
     <span class='ocr_line' id='line_1_103' title="bbox 2101 4646 3672 4736; baseline 0 -18"><span class='ocrx_word' id='word_1_810' title='bbox 2101 4666 2315 4735; x_wconf 84' lang='grc' dir='ltr'>ἀπέπτη</span> <span class='ocrx_word' id='word_1_811' title='bbox 2349 4665 2457 4718; x_wconf 85' lang='grc' dir='ltr'><strong>τῶν</strong></span> <span class='ocrx_word' id='word_1_812' title='bbox 2485 4667 2577 4718; x_wconf 75' lang='grc' dir='ltr'>ἐπὶ</span> <span class='ocrx_word' id='word_1_813' title='bbox 2603 4646 2702 4735; x_wconf 68' lang='grc' dir='ltr'>τῆς</span> <span class='ocrx_word' id='word_1_814' title='bbox 2723 4667 2827 4736; x_wconf 78' lang='grc' dir='ltr'><strong>γῆς</strong></span> <span class='ocrx_word' id='word_1_815' title='bbox 2846 4709 2861 4732; x_wconf 86' lang='grc'><strong>,</strong></span> <span class='ocrx_word' id='word_1_816' title='bbox 2888 4666 2977 4718; x_wconf 79' lang='grc' dir='ltr'>διὰ</span> <span class='ocrx_word' id='word_1_817' title='bbox 3003 4667 3063 4718; x_wconf 85' lang='grc' dir='ltr'><strong>τὸ</strong></span> <span class='ocrx_word' id='word_1_818' title='bbox 3085 4667 3363 4736; x_wconf 76' lang='grc' dir='ltr'>ἐπιμελῶς</span> <span class='ocrx_word' id='word_1_819' title='bbox 3395 4668 3672 4733; x_wconf 78' lang='grc' dir='ltr'>ἐγκεῖσθαι</span> 
     </span>
    </p>
   </div>
   <div class='ocr_carea' id='block_1_104' title="bbox 2100 4756 3670 4828">
    <p class='ocr_par' dir='ltr' id='par_1_104' title="bbox 2100 4756 3670 4828">
     <span class='ocr_line' id='line_1_104' title="bbox 2100 4756 3670 4828; baseline -0.001 -18"><span class='ocrx_word' id='word_1_820' title='bbox 2100 4757 2197 4828; x_wconf 82' lang='grc' dir='ltr'>τὴν</span> <span class='ocrx_word' id='word_1_821' title='bbox 2227 4758 2465 4811; x_wconf 83' lang='grc' dir='ltr'>διάνοιαν</span> <span class='ocrx_word' id='word_1_822' title='bbox 2487 4757 2580 4809; x_wconf 91' lang='grc' dir='ltr'><strong>τοῦ</strong></span> <span class='ocrx_word' id='word_1_823' title='bbox 2613 4756 2898 4826; x_wconf 85' lang='grc' dir='ltr'>ἀνθρώπου</span> <span class='ocrx_word' id='word_1_824' title='bbox 2933 4759 3025 4810; x_wconf 86' lang='grc' dir='ltr'><strong>ἐπί</strong></span> <span class='ocrx_word' id='word_1_825' title='bbox 3057 4757 3124 4810; x_wconf 76' lang='grc' dir='ltr'>τὰ</span> <span class='ocrx_word' id='word_1_826' title='bbox 3153 4757 3367 4826; x_wconf 82' lang='grc' dir='ltr'>πονηρά</span> <span class='ocrx_word' id='word_1_827' title='bbox 3394 4758 3461 4809; x_wconf 83' lang='grc' dir='ltr'>ὲκ</span> <span class='ocrx_word' id='word_1_828' title='bbox 3490 4758 3670 4826; x_wconf 72' lang='grc' dir='ltr'>νεότη-</span> 
     </span>
    </p>
   </div>
   <div class='ocr_carea' id='block_1_105' title="bbox 2102 4848 3669 4919">
    <p class='ocr_par' dir='ltr' id='par_1_105' title="bbox 2102 4848 3669 4919">
     <span class='ocr_line' id='line_1_105' title="bbox 2102 4848 3669 4919; baseline -0.001 -19"><span class='ocrx_word' id='word_1_829' title='bbox 2102 4865 2213 4912; x_wconf 86' lang='grc' dir='ltr'>τος,</span> <span class='ocrx_word' id='word_1_830' title='bbox 2242 4852 2646 4918; x_wconf 83' lang='grc' dir='ltr'>καταφοιτῆσαν</span> <span class='ocrx_word' id='word_1_831' title='bbox 2674 4849 2760 4899; x_wconf 79' lang='grc' dir='ltr'><strong>ἐπ’</strong></span> <span class='ocrx_word' id='word_1_832' title='bbox 2792 4848 2975 4913; x_wconf 74' lang='grc' dir='ltr'>αὑτὸν,</span> <span class='ocrx_word' id='word_1_833' title='bbox 3007 4850 3080 4912; x_wconf 83' lang='grc' dir='ltr'>ὡς</span> <span class='ocrx_word' id='word_1_834' title='bbox 3110 4851 3169 4900; x_wconf 80' lang='grc' dir='ltr'>ὲν</span> <span class='ocrx_word' id='word_1_835' title='bbox 3201 4851 3423 4919; x_wconf 80' lang='grc' dir='ltr'>ἀπαρχῇ</span> <span class='ocrx_word' id='word_1_836' title='bbox 3451 4849 3547 4901; x_wconf 90' lang='grc' dir='ltr'><strong>τοῦ</strong></span> <span class='ocrx_word' id='word_1_837' title='bbox 3580 4850 3669 4915; x_wconf 78' lang='grc' dir='ltr'>γε·</span> 
     </span>
    </p>
   </div>
   <div class='ocr_carea' id='block_1_106' title="bbox 2101 4936 3665 5010">
    <p class='ocr_par' dir='ltr' id='par_1_106' title="bbox 2101 4936 3665 5010">
     <span class='ocr_line' id='line_1_106' title="bbox 2101 4936 3665 5010; baseline -0.002 -20"><span class='ocrx_word' id='word_1_838' title='bbox 2101 4954 2224 4999; x_wconf 86' lang='grc' dir='ltr'>νους</span> <span class='ocrx_word' id='word_1_839' title='bbox 2257 4936 2510 5008; x_wconf 74' lang='grc' dir='ltr'>δευτέρᾳ,</span> <span class='ocrx_word' id='word_1_840' title='bbox 2554 4937 2830 5010; x_wconf 81' lang='grc' dir='ltr'>καταλύσῃ</span> <span class='ocrx_word' id='word_1_841' title='bbox 2865 4940 2959 4991; x_wconf 73' lang='grc' dir='ltr'><strong>καὶ</strong></span> <span class='ocrx_word' id='word_1_842' title='bbox 2989 4939 3372 5009; x_wconf 82' lang='grc' dir='ltr'>ἁναπαύσηται</span> <span class='ocrx_word' id='word_1_843' title='bbox 3420 4939 3581 4991; x_wconf 78' lang='grc' dir='ltr'>πάλιν</span> <span class='ocrx_word' id='word_1_844' title='bbox 3614 4942 3665 4988; x_wconf 76' lang='grc' dir='ltr'>ἐν</span> 
     </span>
    </p>
   </div>
   <div class='ocr_carea' id='block_1_107' title="bbox 2100 5028 3665 5100">
    <p class='ocr_par' dir='ltr' id='par_1_107' title="bbox 2100 5028 3665 5100">
     <span class='ocr_line' id='line_1_107' title="bbox 2100 5028 3665 5100; baseline -0.014 -2"><span class='ocrx_word' id='word_1_845' title='bbox 2100 5030 2248 5097; x_wconf 56' lang='grc' dir='ltr'>ἡμῖν,</span> <span class='ocrx_word' id='word_1_846' title='bbox 2302 5028 2378 5092; x_wconf 77' lang='grc' dir='ltr'>ὡς</span> <span class='ocrx_word' id='word_1_847' title='bbox 2426 5029 2847 5099; x_wconf 82' lang='grc' dir='ltr'>κατωρθωκόσιν</span> <span class='ocrx_word' id='word_1_848' title='bbox 2918 5029 3018 5100; x_wconf 75' lang='grc' dir='ltr'><strong>ἤδη</strong></span> <span class='ocrx_word' id='word_1_849' title='bbox 3070 5029 3132 5082; x_wconf 81' lang='grc' dir='ltr'><strong>τὸ</strong></span> <span class='ocrx_word' id='word_1_850' title='bbox 3183 5030 3565 5100; x_wconf 76' lang='grc' dir='ltr'>ἀναμάρτητον</span> <span class='ocrx_word' id='word_1_851' title='bbox 3611 5030 3665 5077; x_wconf 81' lang='grc' dir='ltr'>ὲν</span> 
     </span>
    </p>
   </div>
   <div class='ocr_carea' id='block_1_108' title="bbox 2099 5118 3665 5192">
    <p class='ocr_par' dir='ltr' id='par_1_108' title="bbox 2099 5118 3665 5192">
     <span class='ocr_line' id='line_1_108' title="bbox 2099 5118 3665 5192; baseline 0.001 -21"><span class='ocrx_word' id='word_1_852' title='bbox 2099 5119 2339 5191; x_wconf 84' lang='grc' dir='ltr'>Χριστῷ,</span> <span class='ocrx_word' id='word_1_853' title='bbox 2367 5121 2461 5172; x_wconf 72' lang='grc' dir='ltr'><strong>καὶ</strong></span> <span class='ocrx_word' id='word_1_854' title='bbox 2482 5120 2580 5192; x_wconf 82' lang='grc' dir='ltr'>τὴν</span> <span class='ocrx_word' id='word_1_855' title='bbox 2599 5118 2777 5182; x_wconf 84' lang='grc' dir='ltr'>αἰτίας</span> <span class='ocrx_word' id='word_1_856' title='bbox 2797 5119 3016 5190; x_wconf 81' lang='grc' dir='ltr'>ἁπάσης</span> <span class='ocrx_word' id='word_1_857' title='bbox 3039 5120 3465 5192; x_wconf 81' lang='grc' dir='ltr'>ἀπηλλαγμένην</span> <span class='ocrx_word' id='word_1_858' title='bbox 3487 5120 3665 5190; x_wconf 74' lang='grc' dir='ltr'>ἔχουσι</span> 
     </span>
    </p>
   </div>
   <div class='ocr_carea' id='block_1_109' title="bbox 515 5270 3336 5346">
    <p class='ocr_par' dir='ltr' id='par_1_109' title="bbox 515 5270 3336 5346">
     <span class='ocr_line' id='line_1_109' title="bbox 515 5270 3336 5346; baseline -0.001 -13"><span class='ocrx_word' id='word_1_859' title='bbox 515 5281 560 5312; x_wconf 79' lang='grc'><strong>⁸⁸</strong></span> <span class='ocrx_word' id='word_1_860' title='bbox 596 5278 783 5335; x_wconf 86' lang='lat' dir='ltr'><strong>Matth.</strong></span> <span class='ocrx_word' id='word_1_861' title='bbox 814 5295 1005 5346; x_wconf 79' lang='lat' dir='ltr'><strong>xxvm,</strong></span> <span class='ocrx_word' id='word_1_862' title='bbox 1048 5277 1135 5334; x_wconf 75' lang='lat' dir='ltr'><strong>i9.</strong></span> <span class='ocrx_word' id='word_1_863' title='bbox 1214 5275 1259 5307; x_wconf 81' lang='lat'>”</span> <span class='ocrx_word' id='word_1_864' title='bbox 1286 5274 1417 5329; x_wconf 88' lang='lat' dir='ltr'><strong>Luc.</strong></span> <span class='ocrx_word' id='word_1_865' title='bbox 1450 5290 1513 5341; x_wconf 91' lang='grc' dir='ltr'><strong>ιι,</strong></span> <span class='ocrx_word' id='word_1_866' title='bbox 1549 5277 1634 5330; x_wconf 75' lang='grc'><strong>14.</strong></span> <span class='ocrx_word' id='word_1_867' title='bbox 1713 5277 1760 5309; x_wconf 69' lang='grc'><strong>⁸⁸</strong></span> <span class='ocrx_word' id='word_1_868' title='bbox 1803 5275 1960 5331; x_wconf 86' lang='lat' dir='ltr'><strong>Joan.</strong></span> <span class='ocrx_word' id='word_1_869' title='bbox 1991 5285 2034 5337; x_wconf 92' lang='lat' dir='ltr'><strong>i,</strong></span> <span class='ocrx_word' id='word_1_870' title='bbox 2076 5270 2264 5331; x_wconf 65' lang='lat'><strong>32-515.</strong></span> <span class='ocrx_word' id='word_1_871' title='bbox 2337 5275 2382 5307; x_wconf 78' lang='lat'><strong>°&#39;</strong></span> <span class='ocrx_word' id='word_1_872' title='bbox 2420 5275 2595 5331; x_wconf 87' lang='lat' dir='ltr'><strong>Galat.</strong></span> <span class='ocrx_word' id='word_1_873' title='bbox 2625 5290 2699 5342; x_wconf 85' lang='lat' dir='ltr'><strong>iv,</strong></span> <span class='ocrx_word' id='word_1_874' title='bbox 2727 5272 2781 5329; x_wconf 88' lang='lat'><strong>6.</strong></span> <span class='ocrx_word' id='word_1_875' title='bbox 2863 5274 2908 5307; x_wconf 81' lang='lat'>“</span> <span class='ocrx_word' id='word_1_876' title='bbox 2938 5272 3075 5332; x_wconf 80' lang='lat' dir='ltr'><strong>Gen.</strong></span> <span class='ocrx_word' id='word_1_877' title='bbox 3104 5289 3221 5339; x_wconf 74' lang='grc' dir='ltr'>ιἰιι,</span> <span class='ocrx_word' id='word_1_878' title='bbox 3246 5273 3336 5329; x_wconf 76' lang='lat' dir='ltr'><strong>2t.</strong></span> 
     </span>
    </p>
   </div>
   <div class='ocr_carea' id='block_1_110' title="bbox 1497 5430 2591 5503">
    <p class='ocr_par' dir='ltr' id='par_1_110' title="bbox 1497 5430 2591 5503">
     <span class='ocr_line' id='line_1_110' title="bbox 1497 5430 2591 5503; baseline -0.003 -15"><span class='ocrx_word' id='word_1_879' title='bbox 1497 5432 1671 5489; x_wconf 70' lang='lat' dir='ltr'><strong>Variae</strong></span> <span class='ocrx_word' id='word_1_880' title='bbox 1702 5433 1965 5489; x_wconf 84' lang='lat' dir='ltr'><strong>lectiones</strong></span> <span class='ocrx_word' id='word_1_881' title='bbox 1997 5431 2200 5488; x_wconf 89' lang='lat' dir='ltr'><strong>codicis</strong></span> <span class='ocrx_word' id='word_1_882' title='bbox 2232 5430 2591 5503; x_wconf 79' lang='lat' dir='ltr'><strong>Seguieriani.</strong></span> 
     </span>
    </p>
   </div>
   <div class='ocr_carea' id='block_1_111' title="bbox 504 5559 1782 5636">
    <p class='ocr_par' dir='ltr' id='par_1_111' title="bbox 504 5559 1782 5636">
     <span class='ocr_line' id='line_1_111' title="bbox 504 5559 1782 5636; baseline 0.003 -21"><span class='ocrx_word' id='word_1_883' title='bbox 504 5564 525 5602; x_wconf 67' lang='grc' dir='ltr'>ι</span> <span class='ocrx_word' id='word_1_884' title='bbox 551 5559 725 5629; x_wconf 78' lang='grc' dir='ltr'>κάγώ.</span> <span class='ocrx_word' id='word_1_885' title='bbox 803 5575 827 5603; x_wconf 77' lang='grc' dir='ltr'><strong>ιι</strong></span> <span class='ocrx_word' id='word_1_886' title='bbox 858 5563 917 5616; x_wconf 81' lang='grc' dir='ltr'><strong>οὐ</strong></span> <span class='ocrx_word' id='word_1_887' title='bbox 954 5565 1303 5634; x_wconf 82' lang='grc' dir='ltr'>πάναισχρον,</span> <span class='ocrx_word' id='word_1_888' title='bbox 1336 5564 1375 5633; x_wconf 80' lang='grc' dir='ltr'><em>ἢ</em></span> <span class='ocrx_word' id='word_1_889' title='bbox 1406 5566 1512 5619; x_wconf 69' lang='grc' dir='ltr'>πᾶν</span> <span class='ocrx_word' id='word_1_890' title='bbox 1543 5564 1782 5636; x_wconf 78' lang='grc' dir='ltr'>αἰσχρόν.</span> 
     </span>
    </p>
   </div>
  </div>
