3942 6128
353 207 482 261 1581

1157 200 1249 257 AD
1291 199 1588 256 REGINAS
1630 199 1716 254 DE
1758 201 1979 257 liECTA
2020 201 2175 256 FIDE
2214 200 2472 256 ORATIO
2515 196 2810 252 ALTERA.

3449 193 3591 250 1582

339 318 507 390 ζωήν.
549 321 694 391 Πλὴν
741 321 791 373 εί
830 320 921 373 καὶ
967 318 1320 389 ἀνθρωπίνως
1362 318 1574 389 δέχεται
1619 319 1684 371 δι’
1730 322 1909 390 ἡμᾶς,

2018 334 2123 387 que
2174 320 2733 379 crimine,immunem
2780 315 2833 367 in
2889 313 3006 383 ipso
3061 313 3406 380 ducentibus,
3458 330 3589 367 con-

338 411 454 465 ἀλλ’
510 411 611 481 ὅρα
654 410 862 463 διδόντα
923 408 1138 471 θεῖκῶς.
1196 426 1214 459 ι
1275 408 1390 477 Ἐφ’
1437 408 1495 461 ὃν
1548 409 1658 481 γὰρ
1714 410 1828 480 ἴδῃς
1856 412 1915 464 τὸ

342 498 564 570 Πνεῦμα
595 499 938 563 καταϐαῖνον,
972 496 1105 567 φησὶ
1130 537 1143 560 ,
1176 496 1270 550 καὶ
1306 497 1463 567 μένον
1497 497 1582 550 ἐπ’
1618 498 1797 563 αὐτὸν,
1822 491 1884 552 οῦ

338 594 430 655 τός
459 595 604 645 ἐστιν
635 594 662 645 6
689 590 965 661 βαπτίζων
1007 592 1064 643 ἐν
1098 588 1376 660 Πνεύματι
1397 587 1475 660 τῷ
1502 589 1663 658 ἁγίῳ.
1697 608 1714 640 ι
1749 589 1919 644 Τοῦτο

338 685 396 738 δέ
423 687 570 738 ἐστιν
598 684 877 755 ἐνέργημα
919 682 1098 737 θεῖκόν
1117 699 1128 710 ·
1166 682 1344 752 ἐνίησι
1375 681 1482 752 γὰρ
1519 683 1632 745 τοῖς
1662 681 1917 752 βαπτιζοο

342 776 525 845 μένοις
565 778 593 828 6
643 775 845 846 Κύριος
895 774 1051 845 ἡμῶν
1112 774 1319 841 Ἰησοῦς
1365 773 1599 844 Χριστὸς
1646 773 1723 837 ὡς
1780 773 1909 827 ῐδιον

343 867 563 938 Πνεῦμα
611 868 672 921 τὸ
714 866 809 920 τοῦ
850 867 1082 938 Πατρός.
1126 865 1235 918 Καὶ
1286 866 1420 936 πρός
1464 881 1528 934 γε
1565 865 1723 919 τοῦτο
1763 866 1912 934 ἡμᾶς

338 961 567 1030 ἐμπεδοῖ
621 958 915 1030 γεγραφὼς
976 960 1004 1010 6
1062 957 1348 1021 Θεσπέσιος
1403 957 1650 1022 Παῦλοςι
1698 976 1717 1008 ι
1751 959 1814 1010 Oi
1854 958 1913 1009 ὲν

344 1053 503 1123 σαρκὶ
548 1052 722 1114 ὄντες,
766 1049 886 1120 Θεῷ
947 1050 1141 1121 ἀρέσαι
1200 1051 1260 1102 οὐ
1319 1047 1594 1104 δύνανται.
1635 1048 1824 1118 Ὑμεῖς
1854 1046 1912 1099 δὲ

339 1142 436 1194 οὐκ
470 1142 593 1194 ἐστὲ
619 1143 677 1193 ὲν
715 1140 914 1211 σαρκὶ,
952 1140 1065 1193 ἀλλ’
1093 1140 1149 1191 ὲν
1180 1139 1482 1212 πνεύματι,
1507 1138 1665 1211 εἰπερ
1692 1137 1912 1209 Πνεῦμα

336 1232 472 1286 Θεοῦ
502 1234 705 1285 ἐνοικεῖ
732 1236 790 1286 ὲν
818 1233 964 1302 ὑμῖν.
995 1230 1062 1287 Εἰ
1100 1231 1157 1286 δέ
1185 1249 1266 1296 τις
1300 1232 1523 1304 Πνεῦμα
1547 1231 1780 1304 Χριστοῦ
1811 1234 1921 1286 οὐχ’

336 1323 472 1394 ἔχει,
508 1316 662 1386 οὗτος
705 1322 807 1375 οὐκ
843 1321 991 1376 ἔστιν
1030 1320 1215 1376 αὑτοῦ.
1264 1340 1282 1373 ι
1328 1322 1770 1394 Μεμαρτύρηκεν
1817 1319 1910 1376 οὖν

348 1414 621 1485 Ἰωάννης,
649 1415 731 1467 ὅτι
768 1432 786 1464 ι
819 1405 990 1477 Οὗτός
1016 1414 1162 1467 ἐστιν
1184 1419 1212 1468 6
1238 1413 1364 1478 Υἱὸς
1398 1414 1493 1468 τοῦ
1517 1414 1674 1469 Θεοῦ.
1707 1433 1727 1466 ι

2013 413 2279 482 quiescat.
2333 409 2815 463 Verumenimvero
2853 406 2978 461 licet
3013 392 3069 459 ιῖι
3125 406 3288 459 homo
3324 404 3587 473 Spiritum

2011 510 2260 558 sanetum
2310 508 2530 570 propter
2590 514 2688 555 nos
2744 498 3036 568 suscipiat;
3102 505 3159 552 ut
3208 495 3350 550 Deus
3407 503 3585 548 tamen

2014 594 2260 650 eumdem
2290 593 2555 662 impertiri
2583 592 2740 649 solet.
2777 610 2795 643 ι
2831 588 3006 658 Super
3038 604 3197 659 quem
3218 587 3418 657 (inquit
3445 587 3586 639 idem

2015 684 2123 756 ille)
2153 686 2352 741 videris
2386 686 2647 755 Spiritum
2681 684 3125 748 descendentem,
3166 670 3221 734 et
3254 688 3586 743 manentem,

2017 778 2107 831 hie
2130 786 2213 833 est
2239 779 2328 847 qui
2355 778 2594 848 baptizat
2624 777 2676 831 in
2709 776 2917 846 Spiritu
2952 783 3143 830 sancto
3165 774 3230 825 ⁸⁷.
3262 790 3280 822 ι
3308 770 3591 840 Baptizare

2018 879 2197 924 autem
2247 870 2299 923 in
2352 869 2559 940 Spiritu
2611 878 2822 932 sancto,
2873 882 3010 938 opus
3051 866 3294 921 divinum
3345 863 3586 918 exsistit.

2020 960 2182 1029 Atqui
2211 961 2474 1015 Dominus
2503 969 2688 1015 uoster
2713 959 2870 1014 Jesus
2895 958 3144 1013 Christus
3174 957 3259 1010 his
3289 955 3381 1026 qui
3414 952 3589 1022 bapti-

2018 1060 2235 1117 zantur,
2268 1051 2528 1121 Spiritum
2554 1050 2731 1106 Patris
2768 1052 2842 1105 uti
2876 1049 3155 1120 proprium
3187 1046 3440 1101 infundit.
3482 1047 3582 1098 Αιο

2017 1158 2124 1213 que
2148 1144 2253 1198 huc
2288 1144 2458 1199 tendit
2485 1143 2699 1198 divinus
2720 1143 2938 1203 Paulus,
2969 1142 3095 1197 dum
3128 1141 3270 1194 inter
3296 1149 3486 1194 caetera
3515 1137 3586 1189 ita

2016 1236 2242 1291 scribit:
2273 1253 2293 1286 ι
2323 1234 2423 1302 Qui
2467 1237 2519 1288 in
2556 1248 2722 1289 carne
2751 1244 2897 1297 sunt,
2930 1233 3041 1287 Deo
3075 1231 3287 1302 placere
3319 1246 3424 1285 non
3471 1245 3589 1300 pos-

2014 1334 2158 1380 sunt.
2184 1325 2292 1381 Vos
2314 1336 2493 1379 autem
2512 1324 2566 1378 in
2589 1339 2753 1378 carne
2778 1338 2882 1378 non
2900 1323 3053 1386 estis,
3073 1323 3165 1376 sed
3199 1321 3252 1373 in
3281 1320 3511 1389 spiritu,
3540 1319 3585 1370 si

2019 1425 2197 1472 tamen
2229 1418 2463 1488 Spiritus
2497 1417 2589 1472 Dei
2620 1416 2824 1471 habitat
2874 1416 2924 1469 in
2956 1414 3126 1469 vobis.
3162 1412 3217 1468 Si
3253 1413 3373 1482 quis
3406 1420 3587 1465 autem

335 1507 595 1575 Spiritum
624 1505 821 1561 Christi
842 1523 946 1560 non
967 1506 1147 1570 habet,
1169 1506 1254 1561 hic
1273 1522 1378 1562 non
1400 1519 1476 1561 est
1501 1507 1618 1577 ejus
1638 1507 1705 1561 ⁸⁸.
1736 1525 1754 1559 ι
1788 1506 1940 1563 Hunc
1964 1508 2146 1579 itaque
2175 1511 2268 1565 Dei
2299 1511 2493 1565 Filium
2524 1525 2665 1575 esse,
2691 1518 2880 1580 aperte
2902 1516 3152 1561 testatum
3185 1503 3583 1560 facitJoanues.

408 1598 531 1651 AE'.
586 1596 981 1650 Ἀναπυθέσθαι
1026 1597 1083 1651 δὲ
1131 1597 1293 1651 πάλιν
1338 1598 1571 1670 ἐθέλοιμ’
1597 1599 1664 1653 ἂν
1693 1599 1803 1654 τῶν
1833 1602 1912 1663 εἰς

2089 1603 2308 1659 XXXV.
2349 1606 2417 1658 At
2454 1603 2702 1659 lubenter
2733 1602 2978 1672 equidem
3021 1602 3110 1655 hic
3147 1600 3268 1654 illos
3299 1608 3586 1670 perconta-

336 1687 429 1741 δύο
458 1688 803 1763 διοριζόντων
836 1689 984 1753 υἱοὺς
1029 1689 1121 1742 τὸν
1166 1689 1262 1743 ἕνα
1291 1690 1497 1758 Κύριον
1526 1690 1737 1762 Ἰησοῦν
1777 1693 1910 1763 Χρι-

338 1780 463 1832 στὸν
506 1778 633 1849 (ἕνα
664 1759 906 1851 δέδειχεν
947 1782 976 1834 6
1013 1780 1235 1852 Πατὴρ,
1283 1782 1379 1836 καὶ
1419 1782 1545 1853 περὶ
1590 1759 1712 1846 ένός
1746 1759 1910 1853 φησιν

330 1874 362 1924 6
398 1872 666 1943 μακάριος
694 1872 1084 1943 εὐαγγελιστής
1106 1889 1118 1902 ·
1158 1891 1176 1924 ι
1208 1867 1376 1937 Οὗτός
1410 1876 1555 1928 ἐστιν
1587 1876 1616 1928 6
1643 1874 1769 1940 Υἱὸς
1815 1876 1908 1928 τοῦ

330 1961 469 2015 Θεοῦ
498 1962 572 2031 ι)·
601 1957 727 2034 Ἀρ*
758 1959 851 2016 οῦν
881 1963 1002 2016 εἰπέ
1037 1980 1148 2034 μοι,
1179 1964 1307 2036 περὶ
1330 1965 1475 2028 τίνος
1497 1964 1650 2020 ἔσται
1676 1966 1736 2019 τὸ
1766 1969 1911 2037 εἰρη-

335 2056 530 2125 μένον;
568 2053 627 2107 Εἰ
659 2055 757 2124 μὲν
788 2050 881 2109 οὖν
910 2055 1092 2120 ίδικῶς
1121 2056 1215 2109 καὶ
1247 2058 1391 2109 κατᾶ
1421 2057 1591 2127 μόνας
1616 2057 1712 2111 τοῦ
1734 2059 1908 2111 Μονο-

334 2146 546 2214 γενοῦς,
577 2147 822 2199 τουτέστι
853 2145 946 2200 τοῦ
977 2147 1042 2199 ὲκ
1071 2146 1287 2216 Πατρὸς
1312 2147 1462 2211 ὄντος
1484 2147 1681 2217 Λόγου·
1713 2147 1830 2211 πῶς
1848 2148 1910 2201 τὺ

334 2239 560 2308 Πνεῦμα
603 2239 838 2308 δέχεται,
885 2238 1062 2292 καίτοι
1107 2237 1239 2301 Θεὸς
1298 2239 1374 2292 ὢν
1418 2240 1602 2308 φύσει,
1633 2241 1727 2293 καὶ
1780 2241 1908 2293 ἴδιον

330 2331 470 2399 ἔχων
503 2331 670 2395 αὑτό;
705 2330 768 2383 El
802 2329 859 2382 δὲ
884 2327 986 2383 ἀνά
1016 2329 1181 2400 μέρος
1209 2331 1303 2383 καὶ
1335 2329 1537 2395 ίδικῶς,
1579 2332 1746 2402 ἧγουν
1768 2332 1909 2385 κατά

336 2421 525 2489 μόνας,
569 2420 660 2472 τὸν
709 2422 774 2473 ὲκ
827 2419 1084 2488 γυναικὸς
1118 2420 1405 2489 ἄνθρωπον
1451 2421 1735 2491 δεδεῆσθαι
1778 2439 1908 2491 φασι

330 2513 432 2581 τῆς
459 2512 553 2565 τοῦ
584 2513 902 2582 Πνεῦματος
936 2513 1191 2584 μετοχῆςο
1224 2513 1342 2576 πῶς
1368 2513 1530 2577 αὑτός
1555 2515 1702 2567 ἐστιν
1738 2516 1766 2568 6
1813 2514 1910 2584 βα-

332 2603 537 2667 πτίζων
568 2607 624 2656 ἐν
657 2604 826 2675 αὐτῷ,
852 2605 1028 2658 καίτοι
1059 2606 1196 2678 μόνῃ
1219 2605 1523 2676 πρέποντος
1548 2608 1614 2676 τῇ
1651 2606 1908 2659 ἀνωτάτω

331 2695 492 2764 φύσει
538 2696 629 2748 τοῦ
683 2697 778 2749 καὶ
827 2696 1148 2765 ἀποφαίνειν
1198 2696 1455 2750 δύνασθαι
1505 2696 1908 2767 μετεσχηκότας

330 2786 424 2839 τοῦ
456 2787 773 2857 Πνεῦματος
801 2787 926 2851 τοὺς
956 2787 1280 2857 προσιόντας
1301 2789 1438 2860 αὐτῇ
1464 2805 1480 2855 ;
1521 2789 1581 2842 Ei
1608 2787 1666 2840 δὲ
1692 2787 1907 2858 δέχεται

332 2879 426 2930 καὶ
460 2876 674 2929 δίδωσιν
703 2879 731 2929 6
761 2877 945 2940 αὐτὸς,
986 2876 1253 2949 πρόδηλον
1282 2878 1365 2931 ὅτι
1394 2879 1537 2932 κατά
1570 2895 1634 2946 γε
1658 2879 1784 2941 τοὺς
1810 2878 1908 2949 τῆς

336 2972 472 3041 μετά
503 2970 706 3040 σαρκὸς
738 2945 1051 3041 οἰκονομίας
1096 2945 1305 3042 λόγους,
1336 2972 1429 3025 καὶ
1462 2945 1598 3026 καθο
1626 2972 1784 3041 φύσει
1816 2945 1909 3024 καὶ
1937 2945 1981 3006 c

330 3063 548 3134 ἀληθῶς
604 3065 719 3116 ἐστι
771 3063 924 3127 Θεὸς.
981 3064 1204 3134 Δέχεται
1257 3064 1357 3135 μὲν
1405 3065 1762 3137 ἀνθρωπίνως
1812 3065 1911 3134 οὐχ

334 3153 510 3226 ἐαυτῷ
564 3155 787 3226 μᾶλλον,
816 3156 951 3209 ἀλλὰ
1006 3159 1072 3228 τῇ
1121 3155 1229 3210 τῶν
1279 3155 1581 3228 ἀνθρώπων
1618 3156 1792 3226 ’φύσει
1831 3156 1912 3209 δι’

331 3248 526 3301 ἑαυτοῦ
562 3250 654 3302 καὶ
678 3252 734 3303 ὲν
763 3249 943 3321 ἑαυτῷ
975 3249 1051 3320 τῷ
1086 3249 1289 3321 πρώτῳ
1314 3248 1590 3321 προξενῶν
1616 3251 1748 3304 αὑτό
1771 3265 1787 3280 ⁸
1832 3251 1911 3304 δίο

330 3339 465 3390 δωσι
498 3338 555 3389 δὲ
599 3338 795 3401 θεῖκῶς
841 3339 900 3402 ἐξ
950 3339 1083 3402 ἰδίας
1132 3338 1299 3391 αὑτοῦ
1343 3339 1574 3407 φύσεως,
1603 3341 1716 3403 τοῖς
1741 3338 1911 3403 ἀξίοις

332 3430 429 3483 τοῦ
472 3429 654 3481 λαϐεῖν
698 3426 996 3493 ὲνιείς.⁷Ην
1034 3431 1132 3500 μὲν
1164 3428 1258 3484 οὖν
1278 3432 1357 3500 τῷ
1389 3433 1734 3503 προκειμένῳ
1764 3433 1911 3504 ρητῷ

336 3520 696 3591 προσεοικότα
730 3537 789 3572 τε
823 3521 916 3573 καὶ
947 3521 1036 3572 τὸν
1076 3521 1191 3573 ἴσον
1221 3520 1413 3589 ἔχοντα
1441 3521 1565 3576 νοῦν
1587 3522 1912 3592 παραθεῖναι

338 3613 431 3664 καὶ
476 3611 671 3682 ἕτερα·
726 3613 786 3664 τὸ
817 3612 876 3664 δέ
915 3628 978 3680 γε
1011 3614 1333 3665 ταυτοεπεῖν
1380 3612 1638 3684 φορτικὸν
1687 3614 1908 3679 εἰδότες,

338 3704 512 3757 ἐκεῖνό
547 3721 748 3774 φαμεν,
783 3703 859 3768 ὡς
896 3702 1108 3775 ἀπόχρη
1138 3707 1250 3768 τοῖς
1284 3704 1713 3777 νουνεχεστέροις
1741 3708 1772 3776 ἡ
1796 3706 1913 3770 ἑνὸς

337 3798 594 3867 ἐξήγησις
619 3798 697 3860 είς
723 3798 822 3868 τὴν
859 3796 967 3851 τῶν
998 3796 1198 3867 ὁμοίως
1223 3796 1456 3867 ἐχόντων
1492 3797 1696 3869 ἀκριϐῆ
1729 3797 1912 3852 διασά-

337 3906 520 3958 φησιν.
550 3888 758 3942 Οὐκοῦν
785 3889 976 3952 ὁσάκις
999 3888 1065 3942 ἂν
1097 3889 1306 3958 λέγοιτο
1329 3890 1562 3959 Χριστὸς
1592 3889 1913 3958 ἀγιάζεσθαι

337 3981 519 4052 τυχὸν,
557 3982 723 4052 ἤγουν
753 3981 812 4034 τὸ
840 3981 1063 4051 Πνεῦμα
1092 3980 1302 4045 λαϐεῖν,
1337 3981 1480 4035 κατά
1527 3981 1714 4035 τοῦτον
1749 3981 1914 4034 αὐτὸν

336 4078 428 4130 τὸν
479 4076 678 4146 τρόπον
723 4075 990 4145 προσήκει
1036 4075 1193 4127 νοεῖν.
1234 4073 1490 4127 Εὐσεϐεῖν
1538 4073 1647 4145 γὰρ
1694 4075 1914 4144 ἄμεινον

339 4165 774 4236 περιτρέποντας
814 4162 1053 4226 εὐσεϐῶς
1085 4165 1165 4228 είς
1194 4163 1254 4216 τὸ
1284 4165 1599 4235 ἀμωμήτως
1643 4164 1765 4235 ἔχον
1807 4165 1913 4217 τῶν

341 4261 501 4330 ἱερῶν
520 4258 864 4329 Γραμμάτων
885 4257 973 4310 τὸν
995 4256 1140 4322 νοῦν,
1167 4257 1334 4327 ἤγουν
1355 4257 1490 4309 ίέναι
1507 4257 1648 4310 κατὰ
1674 4257 1911 4326 πετρῶν,
1947 4288 1990 4343 D

340 4349 567 4410 ἀνοσίως
599 4346 1024 4419 ἐπιτειχίζοντας
1068 4351 1134 4418 τῇ
1183 4346 1307 4418 δόξῃ
1344 4344 1578 4418 Χριστοῦ
1630 4346 1698 4399 τὰ
1741 4346 1915 4417 ὀρθῶς

339 4436 628 4507 εἰρημένα.

416 4711 554 4775 AG".
604 4711 848 4778 «Ἰησοῦς
898 4709 955 4761 δὲ
1008 4709 1220 4780 πλήρης
1270 4709 1580 4780 Πνεύματος
1625 4712 1781 4779 ἁγίου
1811 4711 1908 4763 ὑπ-

347 4800 606 4870 έστρεψεν
640 4800 746 4853 ἀπὸ
783 4800 1047 4870 Ἰορδάνου
1068 4815 1082 4830 ο
1122 4800 1217 4854 καὶ
1250 4800 1414 4870 ἤγετο
1446 4802 1504 4855 ὲν
1537 4800 1613 4871 τῷ
1640 4800 1919 4871 Πνεῦματι

346 4892 426 4952 εἰς
453 4890 551 4960 τὴν
580 4889 784 4960 ἔρημον
817 4891 1225 4961 τεσσαράκοντα
1262 4892 1497 4962 ἡμέρας,
1526 4891 1920 4963 πειραζόμενος

348 4979 452 5032 ὑπὸ
495 4978 590 5031 τοῦ
627 4979 905 5031 διαϐόλου·
958 4978 1050 5031 καὶ
1098 4979 1197 5032 οὐκ
1243 4978 1445 5049 ἔφαγεν
1495 4980 1647 5033 οὐδὲν
1698 4982 1755 5033 ἐν
1802 4982 1920 5043 ταῖς

347 5071 583 5141 ἡμέραις
615 5071 884 5133 ἐκείναις·
912 5073 1012 5152 ’καὶ
1061 5071 1513 5124 συντελεσθεισῶν
1548 5072 1746 5135 αὐτῶν,
1778 5073 1923 5124 ἐπεί-

347 5180 528 5215 νασεν.
566 5163 745 5216 ιἜόει
798 5162 852 5214 δὲ
901 5163 1062 5216 πάλιν
1103 5164 1242 5233 ὑπὲρ
1289 5162 1445 5234 ἡμῶν
1496 5163 1809 5233 ἀντιστῆναι
1837 5179 1919 5226 τε,

351 5257 631 5325 μονονουχὶ
648 5256 704 5306 δὲ
728 5257 819 5307 καὶ
842 5255 1316 5309 ἀνταποδύσασθαι
1344 5255 1423 5326 τῷ
1445 5255 1609 5309 πάλαι
1638 5256 1921 5326 νικήσαντι

347 5348 580 5418 Σατανᾷ,
613 5346 702 5398 τὸν
731 5347 819 5401 διὰ
851 5346 1009 5400 τοῦτο
1044 5346 1374 5417 καθιγμένον
1410 5348 1489 5410 είς
1537 5348 1784 5400 ἑκούσιον
1829 5346 1922 5397 κέ·-

347 5457 529 5501 νωσιν,
573 5440 657 5492 ἵνα
707 5442 854 5510 ἡμᾶς
904 5442 1154 5512 ἀποφήνῃ
1201 5440 1602 5511 μετεσχηκότας
1643 5438 1736 5492 τοῦ
1791 5439 1920 5492 ἰδίου

2014 1710 2128 1759 rer,
2196 1695 2288 1764 qui
2353 1711 2518 1749 unum
2580 1694 2862 1749 Dominum
2911 1691 3071 1764 156
3111 1700 3353 1746 nostrum
3385 1687 3583 1763 .Jesum

2009 1785 2284 1842 Christum
2317 1787 2369 1841 in
2396 1790 2532 1841 duos
2564 1786 2705 1841 ﬁlios
2727 1785 2989 1841 divellnut
3018 1789 3162 1855 (nam
3187 1799 3348 1837 unum
3375 1792 3584 1835 tantum

2012 1877 2173 1935 Pater
2213 1878 2638 1943 demonstravit;
2692 1886 2747 1932 et
2778 1877 2846 1930 de
2900 1891 3010 1930 uno
3066 1875 3282 1929 solum:
3313 1891 3332 1925 ι
3361 1871 3462 1927 Hic
3500 1882 3588 1926 est

2010 1970 2179 2024 Filius
2207 1970 2296 2023 Dei
2321 1970 2391 2035 ⁸ο,
2423 1988 2441 2021 ι
2477 1970 2666 2025 beatus
2699 1969 3032 2039 evangelista
3071 1966 3304 2037 retulit),
3338 1967 3403 2020 de
3436 1975 3588 2019 utro-

2013 2079 2134 2115 nam
2187 2062 2424 2126 illorum,
2468 2063 2611 2132 quod
2658 2062 2951 2131 allvgatum
3001 2071 3109 2125 est,
3141 2060 3311 2127 accipi
3349 2058 3586 2113 debeat?

2012 2148 2144 2203 Nam
2190 2150 2235 2204 si
2276 2166 2456 2205 sermo
2498 2161 2583 2205 est
2618 2151 2684 2206 de
2724 2148 3019 2219 Unigenito
3057 2149 3145 2203 Dei
3200 2150 3375 2203 Patris
3404 2146 3586 2202 Verbo

2010 2257 2255 2297 seorsum
2305 2258 2400 2312 per
2429 2258 2488 2298 se
2522 2251 2760 2309 sumpto,
2801 2241 3074 2311 quomodo
3101 2240 3364 2309 Spiritum
3400 2254 3584 2294 susce-

2010 2333 2110 2400 pit,
2141 2347 2262 2386 cum
2311 2334 2382 2387 sit
2420 2343 2614 2386 natura
2660 2330 2820 2397 Deus,
2853 2341 2908 2385 et
2942 2331 3113 2401 ipsum
3148 2329 3414 2398 Spiritum
3459 2344 3584 2398 pro-

2011 2425 2186 2493 prium
2218 2424 2451 2479 habent?
2472 2424 2625 2491 Quod
2650 2423 2693 2477 si
2728 2422 3003 2476 hominem
3045 2436 3110 2475 ex
3141 2421 3369 2475 muliere
3405 2430 3582 2474 ortum

2011 2531 2253 2570 seorsum
2296 2530 2361 2570 ac
2388 2531 2486 2585 per
2515 2530 2573 2571 se
2605 2514 2841 2583 positqu
2891 2512 3097 2582 Spiritu
3144 2522 3333 2567 sancto
3372 2512 3586 2583 eguisse

2013 2608 2268 2674 dixerint,
2303 2611 2572 2676 quomodo
2624 2607 2714 2661 hic
2769 2620 2984 2660 rursum
3038 2606 3090 2658 in
3137 2604 3342 2673 Spiritu
3397 2614 3586 2658 sancto

2011 2698 2287 2768 baptizat?
2334 2698 2771 2768 quandoquidem
2836 2696 3072 2766 Spiritus
3130 2698 3302 2750 sancti
3356 2696 3584 2765 gratiam

2011 2790 2397 2845 accedentibus
2448 2803 2607 2857 posse
2657 2788 2923 2858 dilargiri,
2970 2788 3021 2841 id
3067 2803 3195 2842 vere
3245 2798 3453 2841 naturae
3503 2799 3589 2841 est

2011 2884 2252 2935 munium
2290 2896 2557 2950 suprema:
2584 2896 2647 2935 ac
2670 2882 3154 2950 prmstantissiitim.
3186 2881 3339 2946 Quod
3377 2879 3419 2935 si
3450 2896 3587 2934 unus

2012 2974 2264 3040 idemque
2301 2970 2463 3025 simul
2497 2972 2589 3025 dat
2626 2980 2680 3026 et
2730 2972 2948 3042 recipit,
3001 2969 3350 3025 manifestum
3405 2980 3487 3024 est
3536 2970 3588 3023 id

2014 3064 2300 3135 provenire
2358 3064 2567 3119 ratione
2627 3064 3055 3134 dispensationis
3112 3063 3410 3119 secundum
3466 3077 3589 3117 car-

2012 3173 2158 3225 nem,
2190 3166 2245 3212 et
2279 3167 2548 3227 quatenus
2581 3165 2772 3211 natura
2815 3164 2869 3210 et
2903 3170 3028 3212 vere
3056 3155 3197 3211 Deus
3219 3155 3456 3210 exsistit.
3488 3159 3591 3209 Ac-
3632 3182 3633 3185 η

2014 3250 2142 3319 cipit
2168 3249 2331 3320 igitur
2358 3258 2416 3304 ut
2451 3250 2631 3317 homo,
2663 3263 2770 3303 non
2806 3259 2914 3303 tarn
2943 3249 3045 3303 sibi
3080 3262 3242 3318 quam
3277 3248 3370 3301 toti
3403 3248 3589 3317 generi

2012 3344 2250 3398 humano
2279 3357 2374 3411 per
2404 3343 2662 3412 seipsum,
2709 3353 2764 3396 et
2801 3342 2853 3396 in
2893 3341 3071 3410 seipso
3105 3341 3281 3408 primo
3313 3358 3326 3394 :
3356 3355 3420 3394 ex
3462 3356 3587 3408 pro-

2011 3433 2126 3501 pria
2160 3447 2291 3486 vero
2335 3433 2387 3486 vi
2435 3441 2492 3486 et
2534 3444 2726 3487 natura
2765 3441 2823 3486 ut
2871 3432 3012 3487 Deus
3059 3446 3165 3496 εει,
3212 3431 3317 3486 illis
3350 3433 3461 3494 dat,
3498 3432 3588 3500 qui

2013 3523 2186 3589 ipsum
2220 3522 2468 3590 accipere
2498 3523 2643 3593 digni
2677 3532 2824 3577 sunt.
2852 3523 3112 3578 Poterant
3153 3524 3257 3577 alia
3289 3538 3504 3594 quoque
3535 3524 3587 3577 in

2014 3613 2260 3666 eamdem
2301 3614 2631 3667 sententiam
2669 3629 2775 3666 non
2807 3628 2977 3680 pauca
3015 3613 3195 3667 aﬂ‘erri
3232 3616 3364 3669 :sed
3396 3629 3588 3684 supcr-

2017 3716 2315 3756 vacaneunt
2388 3701 2756 3770 judicavimus
2833 3702 2973 3755 idem
3028 3703 3226 3770 saepius
3277 3704 3586 3766 inculcare,

2016 3793 2254 3848 maxime
2280 3806 2408 3846 vero
2446 3807 2567 3846 cum
2615 3790 3070 3862 ingeniosioribus
3104 3794 3171 3845 ad
3204 3793 3460 3847 similium
3514 3795 3591 3848 lo-

2015 3899 2200 3939 corum
2253 3884 2617 3955 cognitionem
2668 3886 2752 3938 vel
2796 3883 2958 3940 unius
2992 3885 3301 3955 explanatio
3345 3895 3432 3942 sat
3470 3902 3592 3943 esse

2016 3976 2207 4046 possit.
2242 3975 2605 4042 Quamobrem
2639 3975 3069 4045 quotiescunque
3104 3974 3355 4030 Christus
3391 3977 3589 4031 samti-

2017 4065 2190 4131 licari,
2239 4064 2344 4120 hoc
2366 4073 2461 4127 est
2495 4063 2754 4133 Spiritum
2795 4074 3044 4119 sanctum
3087 4066 3332 4134 accipere
3366 4067 3588 4133 dicitur,

2017 4170 2234 4226 semper
2280 4156 2424 4210 istud
2474 4157 2541 4210 ad
2588 4156 2730 4210 hunc
2775 4157 2992 4210 modum
3043 4156 3443 4243 intelligeu'dum
3482 4169 3589 4215 est.

2023 4249 2206 4302 Satius
2236 4247 2380 4301 enim
2414 4256 2497 4301 est
2530 4246 2785 4316 pietatem
2825 4246 3098 4317 amplecti,
3129 4249 3254 4301 dum
3289 4250 3374 4319 pie
3411 4264 3589 4303 sacra-

2020 4353 2137 4391 rum
2189 4335 2517 4390 Litterarum
2563 4350 2783 4389 sensum
2840 4335 2905 4389 ad
2959 4346 3162 4389 rectam
3227 4337 3590 4406 pertrabimus

2017 4427 2537 4497 interpretationem,
2573 4440 2735 4496 quam
2779 4425 2943 4495 impie
2994 4427 3319 4496 denegantes
3348 4444 3466 4497 qua:
3502 4444 3589 4483 re-

2016 4530 2103 4574 cte
2131 4520 2197 4572 de
2220 4517 2419 4572 Christi
2453 4518 2624 4586 gloria
2661 4518 3011 4587 pronuntiata
3045 4528 3198 4585 sunt,
3228 4519 3381 4575 abire
3407 4521 3595 4589 praci-

2018 4611 2174 4680 pites.

2097 4700 2335 4758 XXXVI.
2385 4721 2402 4753 ι
2433 4699 2588 4757 Jesns
2623 4712 2801 4757 autem
2831 4706 3022 4771 plenus
3047 4702 3251 4772 Spiritu
3290 4714 3479 4760 sancto
3512 4722 3593 4761 rc-

2028 4809 2243 4863 gressus
2256 4804 2338 4848 est
2353 4810 2380 4846 a
2399 4788 2665 4848 Jbrdane:
2687 4804 2740 4848 et
2762 4795 3018 4865 agebatur
3037 4795 3087 4847 in
3110 4794 3312 4865 Spiritu
3335 4797 3387 4851 in
3410 4800 3597 4873 deseri

2030 4895 2138 4940 ttun
2171 4885 2362 4940 diebus
2391 4884 2766 4956 quadraginta,
2799 4895 2853 4939 et
2883 4886 3194 4941 tentabatur
3217 4904 3245 4941 a
3279 4889 3512 4955 diabolo,
3543 4902 3595 4944 et

2031 4976 2163 5030 nihil
2209 4977 2549 5030 manducavit
2594 4977 2646 5029 iu
2698 4978 2885 5031 diebus
2925 4978 3031 5032 illis
3066 4996 3080 5033 :
3112 4990 3162 5033 et
3207 4984 3599 5034 consummatis

2031 5069 2161 5134 illis,
2206 5078 2389 5138 postea
2422 5068 2612 5122 esuriit
2632 5069 2698 5122 ⁷⁰.
2729 5087 2748 5119 ι
2788 5069 3020 5124 Decebat
3049 5084 3202 5133 sane,
3229 5078 3287 5122 ut
3315 5071 3403 5124 ille
3428 5077 3596 5126 nesari

2032 5176 2194 5216 causa
2239 5160 2453 5214 Satanm
2487 5175 2545 5215 se
2593 5160 2912 5227 obiectaret,
2962 5170 3284 5230 portamque
3321 5162 3431 5231 jam
3469 5164 3597 5219 olim

2031 5252 2263 5322 pahnam
2296 5251 2397 5321 ipsi
2441 5254 2698 5322 eriperet,
2726 5252 2817 5322 qui
2852 5267 2914 5306 ea
2950 5254 3015 5305 de
3050 5265 3215 5305 causa
3250 5254 3302 5306 in
3346 5253 3596 5309 volunta-

2033 5347 2167 5399 riam
2212 5346 2641 5401 cxinauitionem
2687 5360 2808 5401 sese
2849 5344 3180 5409 demiserat,
3237 5352 3296 5399 ut
3344 5361 3455 5401 sua:
3503 5364 3600 5402 nus

2032 5437 2384 5508 plenitudinis
2410 5438 2701 5508 participes
2728 5436 2995 5503 cﬂiceret;
3030 5437 3344 5510 fractosque
3373 5453 3423 5498 et
3452 5442 3602 5498 debi-

417 5598 461 5628 ⁶⁷
494 5596 653 5651 .loan.
692 5614 726 5666 t,
760 5597 845 5653 55.
926 5597 971 5629 ⁸⁸
1014 5597 1168 5651 Rom.
1206 5612 1324 5660 vm,
1365 5596 1417 5661 8,
1443 5597 1494 5653 9.
1569 5599 1613 5632 ⁶⁹
1650 5596 1804 5651 Joan.
1835 5612 1874 5663 ι,
1906 5597 1912 5649 ἒ

2068 5596 2111 5627 ⁷ο
2142 5595 2272 5652 Luc.
2308 5612 2382 5662 tv,
2416 5599 2467 5662 ἰ,
2495 5597 2546 5654 2.
