3942 6128
407 161 543 217 1585

1397 152 1453 208 S.
1489 149 1769 206 CYRILLI
1810 146 2281 206 ALEXANDMNI
2318 145 2650 204 ARCHIEP.

3534 145 3683 201 1584

404 276 587 327 litatos
610 272 880 342 quondam
914 268 968 324 in
993 267 1492 338 Adamo,.spiritale
1513 268 1785 339 quoddam
1815 268 1979 323 robur

2092 264 2451 335 πληρώματος
2471 278 2484 292 ·
2518 262 2611 316 καὶ
2635 262 3040 332 ἀσθενήσαντας
3065 264 3125 317 ὲν
3156 262 3352 332 Ἀδὰμ,
3370 258 3685 331 εὐρωστίαν

404 368 629 432 adeptos
654 363 1007 417 ostenderet:
1041 359 1480 429 quandoquidem
1523 369 1632 413 tam
1666 373 1979 429 corporum,

402 470 567 524 quam
585 454 887 508 animorum
901 452 1272 522 aegritudines,
1294 450 1452 521 157
1479 450 1798 519 protoplasti
1823 450 1980 519 culpa

405 543 457 598 in
491 544 768 598 hominum
805 552 1059 596 naturam
1091 543 1341 606 invecta,
1385 554 1480 609 per
1505 540 1785 595 Christum
1809 555 1840 595 e
1871 555 1981 595 me-

403 636 493 689 dio
521 644 648 688 sunt
675 634 919 695 sublatae.
956 633 1110 688 Sicut
1142 633 1287 687 etiim
1322 631 1482 700 lmjus
1509 632 1818 688 obeditione
1840 630 1978 701 justi

404 726 785 782 constituimur
834 724 1010 788 multi,
1052 725 1270 778 etiamsi
1330 733 1553 793 propter
1615 723 1757 778 illius
1801 722 1987 779 inobe—

405 818 660 875 dientiam
687 817 758 880 “,
794 817 845 869 in
890 815 1365 870 condemnationis
1410 815 1738 871 sententiam
1778 815 1986 870 incide-

405 912 611 979 rimus;
655 909 728 964 ita
779 924 992 963 rursum
1037 907 1268 977 spiritali
1324 906 1522 962 robore
1570 920 1667 976 per
1709 908 1985 965 Christum

407 1002 561 1059 nobis
602 1000 787 1064 allato,
833 1014 863 1054 a
899 1011 1139 1055 veterum
1187 997 1503 1054 morborum
1538 999 1882 1055 detrimentis
1916 998 1984 1055 li-

406 1094 658 1150 beramur
688 1110 702 1146 :
735 1102 791 1147 et
838 1092 926 1159 qui
973 1091 1025 1145 iu
1066 1091 1237 1145 Adam
1274 1090 1403 1145 victi
1450 1090 1890 1155 concideramns,
1932 1092 1985 1145 iu

407 1185 625 1240 Christo
647 1183 932 1238 victoriam
955 1182 1315 1236 obtinuimus.
1342 1179 1611 1250 Ohjicitur
1636 1181 1819 1248 itaque
1844 1180 1985 1234 hosti

408 1290 505 1341 pro
538 1273 692 1327 nobis
723 1281 780 1324 ut
817 1272 1001 1335 homo,
1033 1270 1202 1325 vincit
1229 1278 1410 1323 autem
1440 1280 1497 1324 ut
1527 1269 1691 1325 Deus.
1722 1270 1989 1327 Tentatur

411 1382 648 1427 rursum,
705 1364 905 1419 Salano
956 1344 1183 1432 perinde
1236 1361 1310 1416 illi
1359 1360 1651 1416 insultante
1685 1377 1750 1415 ac
1793 1361 1885 1415 uni
1919 1376 1987 1415 ex

412 1457 589 1518 nobis,
620 1463 881 1523 certoque
909 1454 1012 1508 sibi
1051 1453 1342 1522 pollicente
1375 1451 1489 1507 fore
1532 1462 1588 1506 ut
1616 1454 1796 1507 carnis
1829 1463 1987 1522 petu-

413 1546 573 1599 Ι.ιιιιὶιι
619 1546 685 1597 ad
724 1545 873 1597 illum
902 1543 1350 1614 prosterncndum
1382 1543 1584 1595 sociam
1624 1557 1743 1597 sese
1788 1543 1985 1611 adjun-

2085 356 2308 427 ἔχοντας
2358 353 2615 426 ἀποδείξῃ
2663 357 3073 426 πνευματικήν·
3131 353 3409 408 πέπαυται
3461 350 3576 423 γὰρ
3622 352 3683 404 ὲν

2086 447 2308 519 Χριστῷ
2334 447 2402 500 τὰ
2436 448 2494 501 ἐν
2518 448 2598 517 τῷ
2626 446 3038 518 πρωτοπλάστῳ
3078 450 3144 518 τῇ
3176 444 3478 517 ἀνθρώπου
3519 444 3684 513 φύσει

2087 539 2471 611 συμϐεϐηκότα
2520 542 2813 609 σωματικά
2858 558 2917 593 τε
2953 540 3049 593 καὶ
3080 537 3290 609 ψυχικὰ
3336 536 3453 591 τῶν
3496 537 3686 608 ἀῤῥω-

2088 634 2384 705 στημάτων
2416 632 3013 705 ὲνεργὴματα.”Ωσπερ
3039 634 3148 703 γὰρ
3174 633 3263 687 διὰ
3294 632 3398 702 τῆς
3428 630 3683 698 ὑπακοῆς

2086 724 2253 779 αὑτοῦ
2285 723 2483 778 δίκαιοι
2512 725 2855 796 κατέστημεν
2885 728 2936 778 οἱ
2961 725 3166 790 πολλοὶ,
3196 724 3377 777 καίτοι
3404 720 3681 775 πεπονθό-

2085 833 2177 880 τες
2211 814 2299 869 διὰ
2324 815 2422 886 τῆς
2454 816 2665 869 ἐκείνου
2694 818 2984 887 παρακοῆς
3008 817 3106 886 τὴν
3138 817 3473 887 κατάκρισιν
3492 828 3507 842 ⁸
3541 814 3688 867 οὕτω

2086 904 2152 976 δὴ
2192 905 2355 960 πάλιν
2385 905 2477 959 διὰ
2502 907 2600 977 τῆς
2644 907 2704 961 ὲν
2736 907 2959 978 Χριστῷ
2991 906 3293 977 νοουμένης
3341 905 3666 961 εὐσθενείας

2087 997 2245 1069 δῆλον
2265 997 2323 1051 δὲ
2352 999 2433 1052 ὅτι
2459 998 2856 1067 πνευματικῆς,
2884 996 2954 1049 τὰ
2977 996 3072 1049 ἐπὶ
3093 996 3214 1058 ταῖς
3241 994 3495 1067 πρώταις
3526 998 3689 1047 ἀσθε-

2088 1089 2258 1153 νείαις
2290 1088 2728 1159 διεκρουσάμεθα
2756 1087 2961 1158 βλά6η’
3002 1088 3110 1141 ,καὶ
3152 1087 3203 1141 οἱ
3239 1087 3603 1149 murmurs;
3629 1089 3685 1139 ὲν

2101 1180 2292 1252 ’Δδάμ,
2322 1182 2687 1251 νενικήκαμεν
2717 1182 2777 1232 ὲν
2809 1178 3479 1250 Χριστῷ.“Αντιτάττεται
3507 1180 3683 1232 τοὶνυν

2088 1271 2229 1341 ὑπὲρ
2267 1270 2424 1342 ἡμῶν
2461 1271 2539 1334 ὡς
2568 1270 2880 1341 ἅνθρωπος,
2910 1270 3006 1324 καὶ
3044 1272 3170 1341 νικᾷ
3195 1270 3394 1333 θεῖκῶς
3432 1271 3532 1323 καὶ
3564 1288 3681 1322 πει-

2092 1361 2315 1433 ράζεται
2345 1362 2464 1432 μὲν,
2498 1362 2574 1425 ὡς
2605 1363 2688 1415 ὲνὶ
2720 1362 2828 1414 τῶν
2856 1361 2983 1415 καθ’
3013 1362 3162 1431 ἡμᾶς
3188 1361 3573 1430 ἑπιπηδῶντος
3591 1360 3683 1412 τοῦ

2090 1454 2324 1517 Σατανᾶ,
2356 1454 2451 1507 καὶ
2502 1452 2797 1521 οἰηθέντος,
2830 1454 2912 1507 ὅτι
2954 1452 3020 1507 τὸ
3065 1452 3303 1523 ἀκρατὲς
3336 1452 3444 1522 τῆς
3488 1452 3686 1522 σαρκὸς

2092 1541 2620 1613 συνεκπολεμήσειεν
2681 1543 2749 1596 ἂν
2811 1541 2962 1613 αύτῷ
3023 1541 3115 1596 τὸν
3177 1540 3683 1611 ἐκπειραζόμενον·

410 1648 559 1706 geret
590 1655 604 1690 :
636 1652 823 1691 verum
861 1636 908 1690 is
943 1635 1265 1704 pudefactus
1297 1635 1588 1701 abscessit,
1627 1649 1749 1689 cum
1786 1645 1982 1689 natura

2092 1636 2363 1705 ἀναχωρεῖ
2405 1634 2460 1689 δὲ
2509 1634 3003 1706 κατῃτχυμμένοςν
3026 1634 3479 1704 ριαινοτομούσης
3526 1633 3685 1687 αὑτὸν

413 1731 645 1782 lnnnana
710 1742 850 1781 novo
902 1727 1137 1794 quodam
1208 1726 1370 1781 modo
1428 1725 1481 1779 in
1544 1724 1765 1781 Christo
1812 1725 1986 1796 legem

411 1821 648 1889 peccati,
701 1833 819 1886 quae
866 1818 1073 1884 pridem
1128 1817 1181 1870 in
1232 1816 1494 1871 membris
1538 1816 1721 1872 carnis
1754 1816 1984 1872 ferocie-

413 1910 616 1973 lm",
677 1909 1001 1964 exstinctam
1062 1906 1551 1975 mortiﬁcatamque
1614 1922 1735 1962 sese
1786 1908 1988 1963 habere

410 2005 725 2058 oSIenderet
755 2019 771 2075 ξ
800 2001 1000 2055 abolita
1044 2011 1128 2056 est
1160 2001 1304 2055 enim
1359 2000 1441 2054 lex
1494 2001 1609 2056 lucc
1653 2001 1705 2055 iu
1747 2001 1983 2055 Christo.

411 2093 582 2147 Porro
617 2104 797 2147 autem
845 2107 967 2146 cum
1029 2102 1290 2160 quantum
1325 2101 1412 2145 sat
1454 2100 1572 2147 erat
1604 2091 1716 2161 jam
1748 2091 1985 2161 iejunas-

402 2180 515 2248 'set,
552 2188 843 2255 divinaque
873 2186 1076 2241 virtute
1102 2185 1307 2253 absque
1342 2184 1466 2238 cibo
1495 2192 1551 2239 et
1582 2192 1709 2254 potu
1742 2184 1989 2239 incorru—

414 2289 555 2346 plant
600 2292 821 2332 carnem
867 2286 1271 2342 conservasset,
1306 2273 1401 2329 vix
1436 2278 1676 2342 tandem,
1709 2290 1829 2345 quae
1862 2290 1989 2344 pro-

413 2371 528 2438 pria
575 2369 720 2423 illius
771 2378 935 2433 sunt,
981 2368 1091 2437 pati
1135 2382 1254 2422 eam
1306 2367 1454 2422 sivit.
1518 2367 1788 2423 Esuriisse
1841 2368 1985 2423 enim

413 2457 614 2516 dicitur
643 2480 656 2516 :
684 2461 780 2516 sed
815 2475 977 2530 quam
1028 2460 1097 2514 ob
1138 2474 1387 2522 causam,
1435 2475 1639 2529 quaeso,
1679 2460 1884 2515 esurit?
1907 2459 1990 2515 Ob

412 2568 533 2609 eam
566 2553 846 2619 nimirum,
880 2567 983 2622 qua
1018 2562 1141 2626 apte
1180 2567 1276 2620 per
1307 2562 1595 2620 utrumque
1625 2549 1795 2606 Deum
1824 2553 1986 2608 simul

413 2656 467 2700 et
503 2646 774 2699 hominem
831 2657 890 2699 se
932 2658 1055 2699 esse
1082 2643 1410 2711 declararet,
1443 2659 1693 2714 unusque
1733 2652 1790 2700 et
1820 2645 1984 2709 idem,

413 2747 680 2804 quatenus
711 2732 875 2794 Deus,
912 2748 1075 2804 supra
1109 2750 1208 2789 nos
1239 2748 1398 2801 esse;
1425 2742 1481 2789 et
1509 2745 1777 2804 quatenus
1800 2735 1984 2799 homo,

415 2828 575 2883 nobis
617 2827 811 2881 similis
846 2837 1261 2895 agnosceretur.
1307 2826 1517 2882 Virtute
1552 2825 1988 2896 porroSpiritus

416 2925 468 2976 in
493 2923 762 2977 desertum
792 2923 874 2992 agi
911 2923 1127 2986 dicitur,
1159 2937 1263 2977 non
1288 2923 1431 2991 quod
1462 2921 1545 2991 agi
1575 2921 1715 2976 idem
1746 2921 1819 2976 sit
1844 2920 1983 2990 quod

416 3015 639 3078 deferri,
683 3015 776 3069 sed
813 3017 979 3068 vitam
1030 3014 1335 3079 traducere,
1386 3027 1484 3067 seu
1523 3012 1763 3066 morari:
1799 3026 1987 3081 quem—

415 3107 706 3161 admodum
763 3121 862 3160 nos
902 3120 1118 3174 quoque
1169 3105 1351 3158 dicere
1394 3102 1669 3157 interdum
1709 3102 1992 3158 consuevi-

418 3212 558 3262 mus,
580 3198 726 3250 hune
758 3196 838 3249 vel
871 3195 1017 3248 illum
1049 3194 1216 3263 probe
1253 3193 1490 3260 seipsum
1522 3206 1706 3261 agerc,
1745 3191 1849 3247 hoc
1881 3200 1988 3254 est,

417 3287 747 3354 inculpatam
805 3285 969 3338 vitam
1037 3283 1274 3352 exigere.
1326 3282 1656 3337 Versabatur
1709 3282 1876 3352 igitur
1935 3282 1989 3336 in

417 3373 654 3435 deserto,
699 3372 799 3424 hoc
835 3378 942 3434 est,
976 3370 1140 3424 vitam
1179 3370 1289 3423 illic
1328 3368 1593 3440 agitabat,
1630 3385 1735 3424 non
1773 3371 1989 3441 quidem

420 3477 570 3516 more
620 3475 883 3529 corporeo
918 3479 932 3514 :
964 3475 1087 3515 nam
1140 3460 1347 3528 absque
1390 3460 1513 3515 cibo
1560 3470 1615 3515 et
1649 3471 1802 3529 potu,
1836 3463 1993 3516 rebus

419 3555 605 3623 utique
658 3555 898 3608 lunnano
949 3552 1163 3621 corpori
1227 3552 1592 3619 necessariis,
1638 3552 1712 3607 ibi
1763 3552 1993 3623 degebat

419 3645 668 3715 Spiritus
697 3644 897 3699 virtute
920 3652 1184 3708 armatus,
1227 3652 1282 3697 et
1313 3658 1478 3713 supra
1516 3645 1759 3701 humana:
1786 3655 1994 3699 naturae

418 3738 784 3792 conditionem
814 3736 866 3790 iu
900 3735 1156 3789 continuo
1180 3734 1388 3803 jejunio
1416 3736 1610 3790 ibidem
1644 3736 1991 3804 persistebat.

418 3829 686 3883 Caeterum
716 3835 976 3881 accurate
1012 3826 1410 3881 observandum
1435 3834 1517 3880 est
1538 3826 1681 3895 quod
1714 3828 1801 3882 hic
1828 3828 1994 3882 tradi-

421 3930 507 3973 tur
536 3938 549 3973 :
580 3929 664 3972 est
712 3919 856 3971 enim
904 3915 1193 3987 ejusmodi,
1244 3917 1296 3970 in
1346 3931 1452 3985 quo
1476 3916 1715 3971 salubris
1749 3920 1992 3986 (praedam

419 4011 679 4065 doctrinae
710 4011 790 4063 vis
824 4010 1010 4063 lateat.
1061 4006 1178 4072 Non
1208 4008 1354 4062 enim
1389 4016 1518 4062 ante
1542 4017 1788 4064 sanctum
1821 4009 1997 4078 bapti-

420 4117 536 4156 sma
600 4112 910 4170 susceptum
971 4099 1320 4165 tentabatur;
1390 4099 1487 4152 sed
1558 4113 1732 4165 neque
1786 4098 1993 4168 Spiritu

421 4208 637 4261 quoque
681 4192 733 4246 in
767 4192 1046 4245 desertum
1081 4189 1362 4259 agebatur.
1394 4189 1621 4260 Ecquid,
1665 4205 1870 4260 quzeso,
1907 4206 1996 4247 res

2085 1728 2184 1797 τῆς
2212 1724 2499 1795 ἀνθρώπου
2533 1727 2748 1796 φύσεως
2773 1728 2832 1779 ἐν
2856 1725 3102 1797 Χριστῷ,
3132 1727 3228 1780 καὶ
3273 1725 3686 1797 νενεκρωμένον

2086 1817 2316 1889 ἐχούσης
2353 1818 2456 1887 τῆς
2486 1818 2766 1889 ἁμαρτίας
2792 1817 2886 1871 τὸν
2916 1818 3101 1888 νόμον,
3130 1818 3225 1871 τὸν
3254 1819 3312 1871 ὲν
3343 1819 3463 1880 τοῖς
3498 1816 3686 1887 μέλεσι

2086 1911 2183 1982 τῆς
2214 1910 2415 1980 σαρκὸς
2436 1911 2788 1981 ἀγριαίνοντα
2805 1927 2819 1940 ’
2845 1910 3196 1981 κατήργηται
3216 1909 3326 1982 γάρ
3356 1910 3416 1962 ὲν
3435 1910 3687 1981 Χριστιῖι.

2085 2003 2405 2072 Νηστεύσας
2427 2020 2488 2071 γε
2524 2005 2632 2073 μὴν
2658 2001 3167 2072 ἀποχρώντως,.καὶ
3195 2002 3422 2072 δυνάμει
3450 2002 3687 2071 θεοπρε-

2087 2095 2180 2146 πεῖ
2206 2090 2368 2148 ποτοῦ
2405 2092 2498 2147 καὶ
2533 2091 2718 2146 σιτίων
2750 2091 2872 2161 δίχα
2900 2090 2998 2162 τὴν
3032 2091 3217 2161 σάρκα
3245 2093 3493 2161 τηρήσας
3525 2092 3688 2146 ἀδιά-

2087 2184 2306 2257 φθορον,
2341 2185 2529 2256 ἐφίησι
2564 2185 2716 2255 μόλις
2756 2183 2825 2238 τά
2868 2185 3044 2239 οἰκεῖα
3079 2183 3275 2239 παθεῖν
3335 2186 3501 2256 αὐτῇ.
3556 2186 3686 2239 Πει-

2087 2275 2248 2344 νῆσαι
2292 2274 2403 2346 γάρ
2443 2274 2693 2343 λέγεται·
2735 2274 2832 2328 καὶ
2872 2273 2962 2327 διὰ
3000 2274 3161 2328 ποίαν
3200 2276 3427 2340 αἰτίανς
3462 2278 3583 2329 Ἵνα
3610 2277 3688 2330 δι’

2088 2366 2291 2435 ἀμφοῖν
2322 2364 2592 2435 εὐτέχνως
2617 2365 2750 2429 Θεὸς
2783 2383 2843 2420 τε
2872 2365 3010 2435 ὁμοῦ
3044 2367 3140 2419 καὶ
3184 2366 3484 2437 ἄνθρωπος
3516 2368 3686 2438 ὑπάρ-

2089 2474 2204 2527 χων
2248 2455 2676 2527 ἐπιγινώσκηται
2722 2452 2804 2520 εἷς
2852 2458 2947 2512 καὶ
2990 2457 3020 2509 ὁ
3069 2457 3233 2521 αὐτὸς
3277 2457 3556 2527 δηλονότι.
3598 2460 3689 2514 καὶ

2089 2547 2286 2611 θεῖκῶς
2319 2548 2460 2620 ὑπὲρ
2483 2549 2654 2618 ἡμᾶς.
2680 2549 2775 2603 καὶ
2803 2549 2926 2602 καθ’
2955 2550 3102 2620 ἡμᾶς
3129 2548 3689 2619 ἀνθρωπίνωςῙΔγε-

2091 2641 2215 2695 σθαι
2245 2640 2301 2693 δὲ
2329 2640 2545 2705 λέγεται
2582 2643 2649 2712 τῇ
2684 2640 2914 2711 δυνάμει
2966 2641 3060 2695 τοῦ
3109 2641 3440 2711 Πνεύματος
3474 2645 3560 2707 εὶς
3597 2643 3689 2714 τὴν

2089 2730 2314 2803 ἔρημον,
2358 2730 2454 2784 τοῦ
2502 2730 2732 2800 ἄγεσθαι
2767 2729 3057 2801 δηλοῦντος
3086 2732 3148 2783 οὐ
3195 2731 3259 2783 τὸ
3304 2731 3687 2802 ἀποφέρεσθαι

2094 2823 2315 2894 μᾶλλον,
2349 2822 2487 2878 ἀλλά
2534 2823 2597 2876 τὸ
2642 2823 2869 2891 διάγειν,
2906 2823 3024 2893 ἦτοι
3079 2823 3381 2876 διατελεῖν·
3438 2823 3686 2892 καθάπρ

2093 2912 2285 2984 ἀμέλει
2334 2914 2427 2967 καὶ
2474 2914 2558 2983 ἐφ’
2590 2913 3007 2984 ἡμῶνλέγεται
3054 2913 3417 2977 πλειστάκιςο
3457 2916 3521 2968 ’0
3546 2914 3684 2968 δεἰά

2093 3004 2253 3074 τυχὸν
2304 3005 2495 3059 ἑαυτὸν
2543 3005 2718 3077 ὀρθῶς
2765 3005 2909 3074 ἄγει,
2944 3005 3223 3058 τουτέστιν
3278 3006 3596 3076 ἀμέμπτως
3621 3006 3683 3075 ζῇ

2094 3098 2199 3150 καὶ.
2216 3096 2578 3151 πολιτεύεται.
2599 3097 2984 3168 Ἀνεστρέφετο
3010 3096 3191 3151 τοίνυν
3221 3097 3305 3159 είς
3328 3098 3683 3168 τὴνιέρημον,

2093 3187 2261 3256 ἧγουν
2293 3189 2528 3241 ἐποιεῖτο
2554 3187 2650 3251 τὰς
2683 3188 2985 3260 διατριϐάς,
3009 3188 3071 3241 οὐ
3112 3187 3449 3258 σωματικῶς
3470 3205 3486 3217 ·
3526 3187 3685 3243 ποτοῦ

2093 3277 2202 3349 γὰρ
2234 3279 2357 3348 δίχα
2385 3279 2480 3345 καὶ
2505 3279 2608 3349 τῆς
2631 3282 2743 3343 τοῖς
2774 3278 3023 3349 σώμασιν
3048 3279 3357 3347 ἀναγκαίας
3390 3280 3600 3350 τροφῆς
3632 3281 3688 3332 ὲν

2093 3367 2322 3439 δυνάμει
2369 3368 2685 3440 Πνεύματος
2730 3371 2872 3444 ὑπὲρ
2910 3372 3073 3441 φύσιν
3106 3374 3206 3442 τὴν
3256 3371 3387 3426 καθ’
3420 3373 3573 3443 ἡμᾶς
3614 3371 3683 3424 διο

2094 3461 2384 3532 εκαρτέρει
2420 3462 2565 3532 ,πρὸς
2598 3462 2697 3533 τὴν
2742 3462 3018 3534 νηστείαν.
3059 3463 3209 3534 Πλὴν
3255 3465 3444 3519 ἐκεῖνο
3492 3464 3677 3535 ἀθρει’

2094 3553 2515 3625 ἐπωφελεστάτη
2566 3555 2675 3627 γὰρ
2722 3555 2822 3625 τῆς
2869 3556 3077 3620 ἐννοίας
3109 3559 3142 3627 ἡ
3182 3557 3447 3629 δύναμις.
3477 3560 3556 3612 Οὐ
3586 3558 3682 3629 πρὸ

2093 3643 2188 3697 τοῦ
2228 3645 2385 3712 ἁγίου
2418 3645 2795 3718 βαπτίσματος
2823 3648 3167 3719 ὲπειράζετο,
3206 3648 3328 3702 ἀλλ’
3356 3650 3489 3703 οὐδὲ
3531 3652 3683 3721 intra

2095 3735 2173 3807 τῷ
2211 3737 2486 3808 Πνεύματι
2517 3740 2597 3802 εὶς
2626 3738 2723 3810 τὴν
2756 3738 2984 3810 ἔρημον,
3015 3740 3184 3793 τύπον
3218 3743 3355 3811 ἡμῖν
3403 3741 3471 3794 τὸ
3498 3742 3681 3814 χρῆμα

2094 3829 2298 3894 τιθείς’
2350 3831 2632 3901 ἀμήχανον
2675 3832 2783 3905 γᾴρ
2828 3831 2953 3894 τοὺς
2985 3830 3139 3885 οὔπω
3188 3831 3677 3904 βεϐαπτισμένον-ς.

2094 3920 2188 3974 τοῦ
2219 3921 2566 3993 πειράζοντος
2595 3923 2812 3975 Σατανᾶ
2840 3920 3119 3975 δύσοιστον
3146 3918 3317 3977 οὖσαν
3359 3924 3469 3996 τὴν
3519 3939 3678 3995 προσ-

2097 4012 2257 4084 ϐολὴν
2289 4014 2609 4083 ὑπενεγκεῖν
2644 4014 2903 4069 δύνασθαι
2930 4014 3214 4081 νεανικῶς,
3247 4015 3423 4086 ἤγουν
3454 4018 3679 4084 ἄγεσθαι

2097 4106 2518 4174 πνευματικῶς·
2567 4106 2758 4176 καιρὸς
2788 4106 2845 4159 δὲ
2886 4108 2915 4160 ὀ
2949 4107 3176 4177 πρέπων
3212 4111 3330 4171 τοῖς
3371 4107 3524 4162 οὕτω
3552 4110 3679 4178 λαμ·

2097 4197 2255 4266 προῖς
2300 4196 2396 4249 καὶ
2443 4194 2794 4265 ἀξιαγάστοις
2845 4196 3288 4267 κατορθώμασιν,
3342 4199 3372 4250 ὁ
3433 4198 3580 4268 μετά
3626 4196 3680 4249 τὸ

422 4286 537 4339 haec
586 4284 739 4338 nobis
790 4283 1186 4338 adumbrabat?
1228 4282 1345 4336 Non
1395 4282 1540 4336 aliud
1580 4284 1785 4349 utique,
1831 4298 1988 4352 quam

2097 4286 2250 4356 ἅγιον
2293 4285 2608 4358 βάπτισμαο
2661 4288 3093 4358 κραταιωθέντες
3135 4287 3244 4357 γάρ
3294 4287 3447 4341 οὕτω
3491 4293 3561 4360 τῇ
3591 4288 3680 4341 τοῦ

423 4379 537 4433 ﬁeri
574 4392 678 4431 non
712 4389 892 4444 posse,
927 4382 986 4428 ut
1013 4373 1050 4426 ii
1076 4373 1170 4443 qui
1203 4372 1458 4441 baptismi
1487 4374 1719 4442 gratiam
1762 4375 1991 4427 necdum

421 4470 654 4525 assecuti
698 4478 844 4532 sunt,
882 4464 1225 4536 gravissimis
1262 4464 1521 4518 tentantis
1559 4463 1778 4518 Satanae
1816 4464 1991 4519 insul-

423 4562 568 4617 tibus
594 4560 823 4614 viriliter
851 4557 1144 4621 obsistant,
1170 4566 1261 4610 aut
1284 4555 1545 4624 spiritalis
1578 4555 1700 4610 vine
1732 4556 1995 4610 rationem

425 4654 563 4708 inire
599 4663 819 4723 queant.
861 4650 1099 4718 Tempus
1144 4659 1322 4703 autem
1357 4647 1992 4719 Oblillelldm§158lam

427 4743 651 4796 illustris
678 4742 915 4795 victoria:
939 4750 1062 4810 post
1088 4755 1305 4813 sacrum
1335 4740 1600 4809 baptisma
1633 4749 1990 4808 opportunum

423 4842 529 4889 est.
556 4831 632 4886 lta
658 4832 800 4886 enim
830 4832 1065 4901 Spiritus
1087 4833 1260 4886 sancti
1290 4831 1705 4899 participatione
1731 4831 1991 4892 roborati,

423 4937 478 4980 et
525 4939 758 4994 superna
803 4924 977 4993 gratia
1036 4923 1103 4977 ad
1165 4923 1410 4994 spiritale
1447 4922 1609 4976 robur
1662 4920 1989 4987 conﬁrmati,

425 5018 640 5072 Satanas
675 5017 885 5071 insidiis
927 5016 1047 5085 capi
1084 5031 1190 5070 non
1231 5015 1566 5084 poterimus;
1604 5013 1699 5068 sed
1739 5023 1993 5080 tanquam

427 5111 482 5164 in
542 5110 744 5164 virtute
794 5108 1027 5179 Spiritus
1081 5108 1345 5172 vivemus,
1398 5107 1552 5175 quasi
1610 5106 1663 5159 in
1720 5106 1995 5159 desertum

424 5204 696 5271 quoddam
732 5203 1073 5266 secedentes,
1109 5199 1234 5255 dum
1283 5198 1471 5268 procul
1525 5214 1554 5252 a
1606 5197 1790 5251 mundi
1837 5196 1998 5263 hujus

428 5294 745 5349 tumultibus
785 5295 946 5347 vitam
977 5293 1188 5361 placide
1223 5290 1591 5360 transigimus.
1635 5288 1994 5355 Quamobrem

426 5383 552 5438 licet
599 5384 1022 5454 cunctipotcntis
1065 5382 1155 5438 Dei
1202 5383 1380 5438 Verbo
1423 5397 1613 5452 parum
1652 5379 1875 5437 omnino
1925 5378 1999 5435 sit

497 5557 542 5588 "
569 5556 724 5610 “om.
761 5573 812 5622 v,
841 5557 931 5614 19.
1000 5560 1047 5591 ’⁸
1082 5558 1240 5617 Rom.
1269 5574 1363 5626 vn,
1397 5558 1482 5613 l5.

2101 4379 2255 4448 ἁγίου
2288 4378 2601 4448 Πνεύματος
2632 4382 2854 4451 μετοχῇ,
2888 4379 2982 4433 καὶ
3010 4382 3076 4450 τῇ
3102 4379 3309 4434 ἀνωθεν
3343 4381 3539 4453 χάριτι
3563 4398 3682 4435 κατ·

2101 4469 2555 4539 εσφραγισμένοι,
2594 4468 2731 4540 πρὸς
2794 4470 3094 4539 εὐρωστίαν
3156 4470 3215 4523 δὲ
3270 4468 3521 4539 δηλονότι
3588 4472 3680 4540 τὴν

2104 4559 2496 4628 πνευματικὴν,
2544 4558 2805 4613 ἀνάλωτοί
2833 4576 2893 4613 τε
2925 4560 3164 4628 ἐσόμεθα
3192 4558 3270 4629 τῷ
3303 4561 3528 4631 Σατανᾷ
3547 4601 3564 4622 ,
3594 4564 3680 4613 καὶ

2102 4652 2176 4715 ὡς
2203 4652 2260 4702 ὲν
2286 4650 2513 4720 δυνάμει
2546 4650 2862 4721 Πνεύματος
2885 4651 3235 4721 διαζήσομεν,
3263 4652 3474 4723 ἔρημον
3494 4654 3677 4725 ὥσπερ

2099 4742 2220 4796 τινὰ
2255 4741 2761 4812 καταλαμϐάνοντες
2784 4741 2959 4812 χῶρον
2984 4743 3045 4796 τὺ
3065 4742 3169 4808 ἔξω
3187 4742 3409 4813 τύρϐης
3425 4744 3676 4811 γενέσθαι

2101 4832 2643 4903 κοσμικῆε.Σμικρὸν
2670 4834 2768 4903 μὲν
2788 4829 2881 4887 οὖν
2910 4834 3102 4905 κομιδῇ
3131 4834 3210 4904 τῷ
3241 4834 3421 4888 πάντα
3445 4835 3676 4905 ἰσχύοντι

2101 4928 2263 4996 Λόγῳ
2293 4925 2355 4978 τὸ
2388 4929 2606 4995 νικῆσαι
2632 4926 2723 4980 τὸν
2754 4927 3019 4990 Σατανᾶν,
3062 4928 3205 4997 μέγα
3247 4927 3304 4981 δὲ
3340 4928 3505 4982 πάλιν
3552 4931 3675 4999 ἡμῖν

2113 5018 2159 5072 τὸ
2186 5018 2278 5070 καὶ
2311 5018 2498 5069 τούτου
2529 5020 2713 5088 τυχεῖν
2736 5018 2825 5070 διὰ
2863 5018 2960 5087 τῆς
2999 5017 3470 5088 ὲνανθρωπήσεως
3491 5019 3671 5083 αὐτοῦ,

2076 5172 2077 5175 η
2103 5108 2245 5163 καθὰ
2275 5111 2369 5163 καὶ
2394 5109 2454 5163 τὸ
2484 5111 2929 5181 ἀνακαινισθῆναι
2962 5111 3097 5181 πρὸς
3128 5111 3674 5181 ἀφθαρσίαν.”οσπερ

2104 5203 2213 5271 γὰρ
2235 5202 2322 5256 διὰ
2344 5203 2441 5273 τῆς
2470 5204 2535 5256 ὲκ
2557 5202 2764 5273 νεκρῶν
2805 5204 3153 5267 ἀναστάσεως
3187 5203 3356 5256 αὐτοῦ
3396 5204 3673 5274 κρείττους

2103 5294 2268 5364 ἡμεῖς
2312 5293 2615 5363 γεγόναμεν
2665 5294 2768 5364 τῆς
2800 5294 3025 5364 φθορᾶς,
3068 5293 3212 5348 οὕτω
3257 5293 3345 5346 διὰ
3376 5293 3479 5363 τῆς
3509 5295 3568 5348 ἓν
3599 5294 3669 5364 τῷ

2106 5383 2465 5455 πειράζεσθαι
2494 5385 2649 5457 νίκης
2675 5386 2834 5442 πάλιν
2863 5389 3023 5458 ἡμεῖς
3056 5386 3497 5457 κεκρατήκαμεν.
