3942 6128
240 363 266 418 ί
280 361 386 418 385

1050 356 1144 412 AD
1183 355 1482 415 REGINAS
1520 355 1609 415 DE
1645 354 1878 414 RECTA
1917 352 2075 412 FIDE
2111 353 2371 412 ORATIO
2408 351 2711 412 ALTERA.

3391 353 3497 410 386

241 470 504 526 Satanam
537 469 824 536 devicisse,
888 459 1046 526 nobis
1114 477 1296 527 tamen
1361 484 1718 542 permagnum
1781 468 2051 540 quoddam
2100 476 2204 536 est,
2247 467 2392 538 quod
2438 481 2537 538 per
2581 466 2701 536 ejus
2745 461 3176 522 incarnationem
3221 461 3498 519 victoriam

241 562 498 618 adversus
525 561 674 617 illum
698 562 1091 618 obtinuerimus
1122 581 1136 616 :
1163 563 1303 618 sicut
1335 572 1390 618 et
1413 562 1543 617 illud
1569 575 1806 632 quoque,
1846 560 1989 631 quod
2025 576 2122 630 per
2178 561 2423 616 eamdem
2457 561 2525 614 ad
2568 559 3030 630 incorruptionem
3066 569 3164 612 nos
3225 554 3502 610 inataura-

239 656 337 710 vit.
394 654 546 710 Sicut
625 655 768 709 enim
816 667 913 722 per
963 652 1107 707 illius
1158 652 1612 708 resurrectionem
1691 649 2042 720 corruptione
2088 650 2402 718 superiores
2452 647 2769 712 evasimus,
2833 645 2946 709 ita,
3001 642 3230 698 victoria
3314 651 3505 699 contra

243 757 538 803 tentantem
573 745 826 800 Satanam
867 761 962 816 per
989 745 1137 800 illum
1181 747 1426 812 obtenta,
1477 761 1576 801 nos
1603 757 1819 816 quoque
1855 743 2093 799 victores
2123 744 2324 800 reddit.

313 839 435 895 AZ'.
483 859 500 890 ι
537 839 792 910 Ἔχοντες
825 834 918 892 οὖν
946 837 1210 910 ἀρχιερέα
1253 839 1425 910 μέγαν
1475 837 1822 906 διεληλυθότα

1994 836 2265 892 XXXVII.
2302 855 2334 898 ,ι
2366 835 2639 892 Habentes
2682 849 2814 905 ergo
2861 831 3174 902 pontificem
3227 845 3506 900 magnum,

242 933 368 996 τοὺς
398 929 908 1000 οὐρανοὺς,’1ησοῦν
936 929 1026 982 τὸν
1057 930 1183 983 Υίδν
1209 928 1303 982 τοῦ
1337 928 1494 995 Θεοῦ,
1532 929 1824 1000 κρατῶμεν

243 1023 342 1090 τῆς
371 1019 679 1090 ὁμολογίας.
713 1020 787 1072 Οὐ
823 1021 931 1090 γὰρ
958 1019 1155 1090 ἔχομεν
1190 1019 1450 1090 ἀρχιερέα
1488 1020 1562 1091 μὴ
1600 1019 1828 1089 δυνάμε-

244 1127 334 1163 νον
363 1109 717 1179 συμπαθῆσαι
743 1111 862 1171 ταῖς
890 1107 1195 1172 ἀσθενείαις
1217 1107 1394 1179 ἡμῶν,
1426 1108 1828 1180 πεπειραμένον

245 1203 301 1256 δὲ
336 1201 475 1256 κατά
505 1200 680 1253 πάντα
717 1199 838 1252 καθ’
859 1201 1171 1270 ὁμοιότητα,
1207 1201 1375 1272 χωρὶς
1407 1200 1702 1272 ἁμαρτίας.
1727 1219 1744 1252 ι
1764 1200 1830 1254 Ἠ

246 1295 348 1364 τῆς
379 1293 546 1363 ὀρθῆς
574 1291 810 1353 πίστεως
841 1291 1101 1361 ὁμολογία
1147 1292 1446 1362 πράττεται
1491 1291 1626 1362 πρὸς
1675 1290 1830 1362 ήμῶν

248 1385 327 1448 εἰς
353 1384 450 1437 ἕνα
478 1382 609 1436 Θεὸν
635 1381 855 1452 Πατέρα
882 1383 1299 1454 παντοκράτορα
1320 1425 1335 1448 ,
1363 1383 1458 1436 καὶ
1490 1385 1566 1447 εἰς
1594 1383 1690 1436 ἕνα
1714 1382 1832 1436 Κύ-

251 1491 366 1544 ριον
403 1471 612 1542 Ἰησοῦν
667 1472 903 1543 Χριστὸν
949 1471 1041 1525 τὸν
1093 1471 1219 1524 Υἰδν
1270 1471 1476 1539 αὑτοῦ,
1528 1473 1624 1526 καλ⁵
1663 1475 1742 1538 εἰς
1775 1472 1833 1526 ἓν

251 1566 404 1631 ἅγιον
435 1562 680 1633 Πνεῦμα.
702 1562 920 1633 Ταύτης
947 1563 1094 1633 ἡμᾶς
1120 1563 1219 1632 τῆς
1242 1563 1530 1632 ὁμολογίας
1553 1562 1834 1635 ἐξέχεσθαι

250 1655 360 1708 δεῖν
403 1655 432 1706 6
479 1654 765 1716 Θεσπέσιος
799 1655 1000 1724 γράφει
1043 1653 1276 1716 Παῦλος.
1313 1655 1530 1725 Ἐπειδὴ
1578 1654 1634 1707 δέ
1689 1657 1836 1711 ἐστιν

251 1747 698 1817 ὁμολογουμένως
724 1743 802 1811 εἷς
833 1747 959 1810 Υἱὸς
986 1745 1079 1800 τοῦ
1114 1745 1251 1800 Θεοῦ
1284 1747 1378 1799 καὶ
1407 1747 1642 1819 Πατρὸς,
1676 1747 1836 1818 δῆλον

252 1838 310 1890 δὲ
360 1839 440 1891 ὅτι
493 1839 729 1910 Χριστὸς
764 1838 1002 1908 Ἰησοῦς,
1053 1838 1082 1891 6
1141 1839 1497 1908 συμπαθῆσαι
1543 1839 1836 1908 δυνάμενος

254 1933 372 1993 ταῖς
420 1931 722 1994 ἀσθενείαις
753 1931 927 2001 ἡμῶν,
959 1931 1051 1986 καὶ
1081 1932 1219 1985 κατὰ
1277 1932 1456 1987 πάντα
1506 1934 1839 2006 πεπειραμέ·

253 2039 343 2084 νος
390 2021 512 2075 καθ’
553 2021 865 2090 ὁμοιότητα,
916 2025 1086 2094 χωρὶς
1134 2025 1442 2096 ἁμαρτίαςο
1501 2026 1586 2090 τίς
1635 2027 1702 2080 ἂν
1750 2027 1838 2099 εἴη

255 2114 438 2166 λοιπὸν
472 2116 499 2167 6
533 2115 706 2184 μέγας
741 2114 900 2185 ἡμῶν
936 2115 1261 2188 ἀρχιερεύς;
1297 2113 1385 2188 ἆρ’
1410 2118 1508 2188 οὐχ
1541 2120 1568 2172 ό
1597 2117 1839 2186 γεγονὼς

259 2205 379 2258 καθ’
399 2207 569 2275 ἡμᾶς,
595 2200 770 2271 οὗτος,
800 2206 895 2259 καὶ
919 2207 1082 2277 σαρκὶ
1111 2205 1300 2260 παθὼν
1325 2206 1464 2278 ὑπὲρ
1490 2208 1678 2278 ἡμῶν;
1707 2209 1842 2263 Τότε

259 2292 365 2363 γὰρ
391 2296 422 2364 ἡ
432 2294 547 2364 μῶν
570 2295 978 2368 κεχρημάτικεν
1001 2295 1312 2365 ἀρχιερεὺς,
1339 2296 1437 2366 οὐχ
1458 2296 1533 2359 ὡς
1558 2296 1843 2367 ἀλλογενὲς

260 2386 462 2440 ὀθνεῖόν
497 2404 555 2439 τε
601 2387 894 2458 προσάγων
925 2386 1074 2458 θῦμα
1108 2387 1248 2441 κοιτά
1292 2403 1356 2456 γε
1404 2386 1466 2440 τὸ
1496 2388 1684 2454 εἰωθὸς
1731 2393 1845 2455 τοῖς

263 2477 464 2540 ἄλλοις,
493 2477 606 2530 ἀλλ’
632 2477 705 2530 ὢν
735 2479 899 2542 αὐτὸς
923 2480 951 2532 ὀ
981 2480 1170 2550 ἀμνὸς,
1208 2481 1242 2549 ἡ
1273 2480 1614 2554 εὐοσμοτάτη
1660 2483 1842 2549 θυσία,

261 2569 323 2622 τὸ
367 2570 557 2637 νοητὸν
581 2569 960 2642 όλοκαύτωμα,
992 2573 1025 2642 ἡ
1061 2571 1354 2644 λαλιστάτη
1393 2573 1630 2644 τρυγὼν,
1658 2579 1692 2646 ἡ
1721 2576 1848 2630 ἀκέ-

268 2664 419 2731 ραιος
466 2661 787 2732 περιστερὰ,
820 2664 847 2715 6
883 2661 1046 2733 ἄρτος
1077 2663 1104 2714 6
1137 2661 1265 2726 ζῶν,
1294 2663 1355 2715 τὸ
1385 2668 1620 2733 χρυσοῦν
1647 2665 1848 2736 θυμια-

264 2753 757 2825 τήριον.ιΧριστοῦ
786 2753 894 2824 γάρ
925 2755 1089 2824 ἐσμεν
1115 2754 1310 2807 εὐωδία
1335 2754 1413 2824 τῷ
1429 2755 1597 2826 Θεῷ,ι
1624 2758 1764 2811 κατά
1787 2758 1849 2810 τὸ

270 2845 678 2914 γεγραμμένον.
705 2844 894 2915 ’Λθρει
917 2843 973 2897 δέ
1001 2862 1090 2914 μοι
1112 2845 1218 2898 τῶν
1250 2845 1620 2901 ἀποστολικῶν
1634 2849 1850 2903 ἐννοιῶν

265 2935 326 2987 τὸ
356 2934 537 3005 βάθος.
567 2955 584 2986 ι
617 2936 730 2989 Οὐκ
758 2936 973 3009 ἔχομεν,
1002 2938 1189 3008 φησὶν,
1221 2940 1485 3012 ἀρχιερέα
1510 2941 1585 3014 μὴ
1614 2941 1849 3014 δυνάμει-

266 3044 358 3082 νον
382 3028 740 3099 συμπαθῆσαι
762 3032 883 3092 ταῖς
909 3028 1216 3094 ἀσθενείαις
1242 3031 1422 3102 ἡμῶν,
1447 3035 1850 3106 πεπειραμένον

268 3118 324 3171 δὲ
355 3119 494 3173 κατά
532 3119 708 3175 πάντα
745 3119 866 3173 καθ’
899 3119 1214 3192 ὁμοιότητα,
1243 3123 1413 3194 χωρὶς
1437 3123 1763 3194 ἁμαρτίας.»
1785 3126 1849 3182 Ei

269 3211 379 3282 γάρ
417 3214 580 3283 μήπω
611 3213 823 3282 γέγονε,
855 3211 1042 3284 φησὶν,
1083 3213 1371 3285 ἄνθρωπος
1399 3215 1426 3268 6
1456 3215 1551 3271 τοῦ
1580 3215 1715 3270 Θεοῦ
1744 3216 1851 3270 Λό-

270 3320 385 3372 γος,
418 3305 531 3375 ᾔδει
561 3305 680 3376 μὲν,
712 3305 827 3376 ᾔδει
856 3305 950 3358 καὶ
982 3304 1127 3358 οῦτω
1169 3305 1265 3377 τὴν
1303 3307 1655 3380 ἀνθρωπίνην
1684 3309 1850 3364 ἀσθέ-

157 3415 168 3422 ·
271 3412 420 3447 νειαν
457 3395 533 3457 ὡς
560 3394 903 3463 Δημιουργός
927 3410 941 3426 ⁸
980 3413 998 3446 t
1027 3394 1196 3457 Ait-.6;
1231 3394 1339 3464 γὰρ
1365 3394 1506 3462 ἔγνω
1539 3395 1598 3448 τὸ
1626 3397 1852 3467 πλάσμα

273 3484 452 3555 ἡμῶν,
485 3500 502 3532 ι
546 3483 684 3535 κατὰ
729 3484 788 3535 τὸ
821 3483 1228 3552 γεγραμμένον.
1262 3483 1403 3535 Ἀλλ’
1427 3484 1586 3556 εἴπερ
1641 3503 1694 3538 τι
1741 3487 1850 3540 τῶν

274 3572 629 3642 ἀνθρωπίνων
662 3572 755 3624 καὶ
801 3573 888 3624 ἐπ’
918 3571 1082 3625 αὐτοῦ
1132 3572 1298 3641 φάναι
1349 3571 1528 3643 θέμις,
1563 3572 1716 3628 οὕπω
1758 3577 1850 3632 καὶ

278 3664 356 3724 εἰς
383 3659 550 3730 αὐτὴν
578 3658 838 3728 ἐκέκλητο
867 3661 1063 3728 πεῖραν
1087 3658 1194 3710 τῶν
1220 3658 1505 3730 ἡμετέρων
1533 3658 1850 3717 ἀσθενειῶν.

291 3747 508 3818 Ἐπειδὴ
552 3746 607 3798 δὲ
641 3747 738 3818 τὴν
767 3745 922 3816 ήμῶν
948 3745 1264 3818 ἠμπέσχετο
1297 3747 1496 3818 σάρκα,
1527 3750 1854 3822 πεπείραται

280 3838 423 3892 κατά
455 3838 652 3892 πάντα.
673 3838 783 3891 Καὶ
811 3838 871 3891 οὐ
899 3839 1071 3910 δήπου
1102 3839 1279 3909 φαμὲν
1299 3837 1373 3903 ὡς
1403 3839 1709 3911 ἡγνοηκὼς,
1729 3841 1858 3896 ἀλλ’

279 3933 360 3985 ὃτι
401 3933 468 4002 τῇ
502 3929 696 3999 γνώσει
727 3931 792 4001 τῇ
820 3931 1016 4002 θεῖκῄν
1052 3933 1494 4004 προῦποκειμένῃ
1526 3933 1618 3988 καὶ
1669 3933 1731 3987 τὸ
1769 3934 1859 3990 διὰ

281 4021 476 4090 πείρας
525 4020 696 4089 αὐτῆς
745 4019 942 4091 συνέϐη
983 4019 1195 4091 μαθεῖν.
1222 4021 1416 4091 Γέγονε
1463 4023 1522 4075 δὲ
1569 4024 1856 4096 συμπαθὴς

281 4113 381 4166 οὐκ
407 4112 514 4165 ἀπό
541 4129 604 4180 γε
630 4113 736 4166 τοῦ.
759 4111 1129 4187 πεπειρᾶσθαί
1161 4112 1324 4166 ποθεν
1348 4130 1361 4144 ·
1393 4108 1459 4184 ἦν
1484 4113 1592 4185 γάρ
1613 4114 1860 4186 ἐλεήμων

284 4204 464 4274 φύσει,
499 4203 594 4257 καὶ⁵
618 4202 787 4268 ἐστιν,
816 4204 891 4267 ὡς
919 4202 1052 4268 Θεός
1073 4219 1089 4236 ο
1120 4202 1306 4274 ἐπειδὴ
1331 4202 1387 4256 δὲ
1428 4203 1567 4276 μετά
1599 4203 1690 4257 τοῦ
1718 4201 1859 4260 εἶναι

282 4298 310 4349 ὃ
349 4298 484 4361 ἐστι,
516 4294 707 4364 γέγονε
753 4295 847 4347 καὶ
895 4294 1017 4348 καθ’
1048 4295 1214 4364 ἡμᾶς,
1251 4295 1733 4367 ἀνθρωποπρεπῶς
1769 4295 1863 4350 καὶ

284 4387 454 4440 ταῦτα
510 4386 726 4454 λέγεται
776 4386 904 4458 περὶ
950 4385 1135 4440 αὑτοῦ.
1165 4385 1425 4458 Διαϐἧναι
1468 4385 1526 4438 δέ
1560 4403 1693 4458 φησι
1735 4386 1863 4452 τοὺς

283 4481 542 4552 οὐρανοὺς
571 4479 733 4532 αὐτὸν
773 4477 1098 4548 σωματικῶς
1142 4494 1200 4529 τε
1249 4476 1363 4546 ἅμα
1396 4477 1490 4530 καὶ
1523 4476 1860 4548 θεοπρεπῶς.

291 4591 309 4622 ι
335 4572 523 4640 Ἀνέϐη
555 4572 650 4642 μὲν
684 4570 812 4641 γὰρ,
845 4571 920 4632 ὡς
955 4570 1121 4633 αὐτός
1159 4568 1262 4622 πού
1293 4586 1457 4640 φησιν
1493 4568 1521 4623 6
1557 4567 1864 4639 σοφώτατος

288 4663 520 4726 Παῦλος,
551 4663 645 4715 νῦν
688 4663 1092 4733 ἐμφανισθῆναι
1136 4660 1214 4731 τῷ
1265 4660 1542 4734 προσώπῳ
1589 4661 1681 4714 τοῦ
1729 4661 1864 4717 Θεοῦ

289 4757 426 4828 ὑπὲρ
457 4755 632 4826 ἡμῶν.
667 4776 684 4807 ι
715 4755 887 4808 Δίεισί
919 4771 982 4821 γε
1027 4753 1132 4824 μὴν
1163 4753 1257 4807 καὶ
1297 4752 1419 4806 καθ’
1451 4753 1636 4826 ἕτερον
1664 4753 1867 4825 τρόπον

287 4848 412 4909 τοὺς
462 4849 742 4917 οὐρανοὺς,
791 4845 1120 4917 ἡττωμένων
1185 4843 1425 4917 δηλονότι
1482 4845 1576 4899 καὶ
1639 4844 1867 4899 κατόπιν

293 4938 477 4990 ἰόντων
523 4937 624 5007 τῆς
678 4937 836 5008 δόξης
893 4935 1060 4989 αὑτοῦ
1110 4934 1218 4989 τῶν
1267 4934 1552 5008 μακαρίων
1598 4935 1864 5004 ἀγγέλων.

293 5032 450 5084 ’Ἐστι
490 5030 619 5098 γὰρ,
657 5048 676 5080 ‹
714 5029 862 5082 εστιν
893 5029 966 5092 ὡς
1012 5028 1143 5093 Θεὸς
1169 5028 1423 5100 ὑπεράνω
1457 5027 1638 5098 πάσης
1669 5027 1870 5099 Ἀρχῆς

291 5124 385 5178 καὶ
419 5121 694 5186 Ἐξουσίας
721 5139 779 5176 τε
811 5121 905 5174 καὶ
929 5121 1284 5191 κυριότητος,
1317 5121 1411 5175 καὶ
1440 5119 1638 5183 παντὸς
1669 5119 1870 5189 ὀνόμα-

289 5235 378 5280 τος
405 5214 830 5286 ὀνομαζομένου,
862 5214 970 5267 εἴτε
1008 5213 1066 5267 ὲν
1109 5212 1186 5282 τῷ
1233 5213 1387 5265 αἰῶνι
1430 5211 1624 5284 τούτῳ,
1667 5211 1776 5264 εἴτε
1811 5213 1868 5264 ἑν

294 5310 367 5380 τῷ
407 5307 666 5378 μέλλοντι.
701 5325 719 5359 ι
772 5304 1085 5379 Συνεδρεύει
1120 5304 1228 5376 γὰρ
1256 5305 1331 5367 ὡς
1361 5304 1488 5367 Υἱὸς
1513 5303 1590 5375 τῷ
1615 5303 1729 5375 ἰδίῳ
1754 5304 1865 5358 Παο

1927 929 2018 1000 qui
2058 928 2366 999 penetravit
2407 927 2600 991 caelos,
2633 925 2816 982 Jesum
2847 924 3042 980 Filium
3085 922 3201 988 Dei,
3233 931 3510 978 teneamus

1927 1019 2346 1075 confessionem.
2387 1018 2504 1073 Non
2555 1018 2700 1073 enim
2741 1017 3004 1072 habemus
3049 1015 3381 1086 pontificem,
3417 1014 3510 1083 qui

1929 1123 2034 1166 non
2081 1111 2254 1180 possit
2299 1109 2540 1180 compati
2588 1107 2998 1164 infirmitatibus
3044 1107 3250 1162 nostris
3286 1123 3299 1161 :
3335 1115 3512 1160 tenta-

1932 1209 2046 1256 tum
2103 1210 2286 1257 autem
2330 1215 2428 1273 per
2491 1201 2680 1256 omnia
2742 1199 3040 1254 secundum
3101 1197 3512 1254 similitudinem

1931 1293 2137 1363 absque
2170 1305 2399 1362 peccato
2425 1291 2494 1346 ⁷³.
2528 1310 2547 1343 ι
2583 1291 2668 1346 Fit
2699 1305 2727 1344 a
2757 1290 2917 1345 nobis
2950 1298 3115 1344 rectm
3146 1288 3267 1342 tidei
3301 1287 3516 1342 confes-

1934 1382 2038 1447 sio,
2075 1396 2268 1453 nempe
2318 1391 2378 1438 ut
2426 1383 2718 1438 credamus
2765 1381 2819 1435 in
2869 1394 3034 1433 unum
3081 1378 3248 1432 Deum
3295 1377 3514 1431 Patrem

1934 1475 2381 1543 omnipotentem,
2426 1483 2480 1527 et
2514 1473 2568 1526 in
2610 1487 2776 1526 unum
2806 1471 3091 1525 Dominum
3124 1466 3312 1524 Iesum
3355 1466 3516 1520 Chri~

1935 1577 2081 1622 stum
2119 1565 2313 1621 Filiqu
2345 1566 2490 1636 ejus,
2532 1574 2588 1618 et
2623 1563 2676 1618 in
2730 1577 2894 1616 unum
2931 1561 3193 1630 Spiritum
3243 1568 3513 1614 sanctum.

1936 1658 2111 1728 Hujus
2144 1668 2324 1712 autem
2373 1656 2496 1711 fidei
2546 1654 2878 1710 confessioni
2915 1653 3182 1707 ittltzerere
3224 1665 3325 1705 nos
3351 1664 3515 1720 opor-

1939 1761 2055 1805 tere
2092 1749 2306 1804 divinus
2332 1747 2534 1802 Paulus
2573 1748 2854 1800 admonet.
2898 1743 3165 1811 Quoniam
3197 1757 3331 1797 vero
3365 1750 3520 1796 certo

1938 1849 2156 1896 constat
2233 1855 2400 1894 unum
2447 1839 2712 1894 duntaxat
2758 1851 2880 1892 esse
2926 1835 3020 1890 Dei
3065 1833 3247 1889 Patris
3297 1833 3521 1897 Filium,

1940 1945 2134 2002 nempe
2175 1932 2454 1987 Christum
2491 1930 2700 1996 .lesum,
2733 1930 2827 2000 qui
2859 1939 2916 1984 et
2948 1927 3154 1982 nostris
3186 1923 3523 1981 infirmitati-

1939 2023 2043 2078 bus
2072 2023 2312 2093 compati
2345 2031 2549 2092 potest,
2581 2031 2636 2076 et
2671 2036 2768 2092 per
2793 2019 2976 2085 omnia
3009 2018 3308 2074 secundum
3341 2016 3527 2071 simili-

1943 2115 2184 2169 tudinem
2213 2115 2415 2183 absque
2443 2122 2667 2184 peccato
2703 2121 2944 2166 tentatus
2987 2121 3103 2175 est;
3135 2109 3256 2178 q'uis
3306 2109 3524 2164 tandem

1947 2220 2174 2276 magnus
2214 2205 2305 2260 ille
2338 2204 2577 2274 pontifex
2645 2211 2829 2257 noster
2873 2198 2993 2256 est?
3038 2203 3231 2254 Annon
3273 2207 3359 2254 est
3416 2198 3526 2264 hic,

1946 2295 2039 2366 qui
2081 2295 2223 2350 sicut
2254 2303 2308 2351 et
2340 2309 2439 2350 nos
2472 2309 2600 2350 vere
2635 2294 2807 2348 factus
2856 2301 2964 2356 est,
3005 2300 3060 2346 et
3102 2292 3155 2345 in
3197 2304 3362 2346 carne
3391 2305 3518 2359 pro-

1946 2397 2069 2458 pter
2099 2403 2198 2444 nos
2225 2389 2389 2443 etiam
2424 2386 2659 2458 passus?
2692 2384 2844 2439 Tunc
2872 2383 3017 2438 enim
3049 2383 3322 2454 pontificis
3353 2382 3525 2437 nostri

1950 2478 2162 2535 titulum
2203 2479 2505 2550 assumpsit
2535 2495 2550 2533 :
2583 2492 2688 2533 non
2736 2477 2810 2532 ita
2849 2485 3050 2542 tamen,
3080 2485 3138 2529 ut
3167 2475 3394 2530 aliorum
3438 2489 3529 2530 sa-

1947 2568 2226 2625 cerdotum
2264 2583 2434 2632 more,
2490 2576 2799 2633 externum,
2835 2566 2936 2620 hoc
2973 2572 3080 2630 est,
3126 2579 3157 2619 a
3200 2579 3259 2620 se
3293 2565 3529 2620 alienum

1950 2660 2277 2716 sacrificium
2330 2658 2590 2714 obtulerit
2634 2660 2776 2714 :sed
2835 2659 2950 2728 ipse
2985 2657 3088 2714 fuit
3151 2672 3355 2727 agnus,-
3416 2657 3533 2726 ipse

1952 2750 2386 2822 fragrantissima
2431 2749 2521 2805 illa
2557 2750 2735 2805 hostia
2769 2761 2823 2804 et
2859 2749 3105 2820 spiritale
3130 2750 3528 2812 ltolocautoma,

1951 2853 2003 2899 et
2027 2844 2142 2914 ipse
2167 2850 2346 2897 turtur
2375 2842 2461 2897 ille
2489 2841 2886 2912 gemebundus,
2915 2850 2970 2896 et
2988 2829 3220 2910 simplex
3246 2839 3528 2906 columba;

1944 2936 2068 3006 ipse
2113 2935 2271 3006 panis
2317 2934 2494 3000 vivus,
2534 2943 2590 2989 et
2628 2933 2957 2988 thuribulum
2999 2947 3242 2988 aureum.
3280 2951 3299 2986 ι
3328 2931 3531 2988 Christi

1951 3027 2097 3084 enim
2138 3027 2311 3082 bonus
2357 3025 2492 3081 odor
2529 3039 2719 3081 sumus
2753 3022 2863 3099 Deo
2881 3022 3002 3055 ⁷⁸⁸⁷⁵
3023 3061 3038 3088 ,
3069 3041 3088 3076 ι
3121 3031 3180 3076 ut
3220 3022 3394 3078 sacris
3423 3021 3538 3078 Lit-

1954 3120 2086 3175 teris
2139 3118 2413 3190 proditum
2461 3127 2568 3172 est.
2652 3116 2826 3172 Porro
2887 3114 3202 3185 apostolica:
3255 3115 3539 3170 sententiae

1952 3209 2374 3283 profunditatem
2407 3208 2499 3264 hic
2539 3209 2829 3280 diligenter
2863 3207 3115 3263 observa.
3165 3225 3184 3258 ι
3219 3205 3333 3262 Νοιι
3371 3207 3540 3262 habe-

1954 3318 2115 3369 mus,
2167 3301 2381 3372 inquit,
2429 3299 2739 3372 pontificem
2795 3298 2886 3368 qui
2930 3312 3038 3354 non
3083 3299 3259 3369 possit
3304 3298 3539 3367 compati

1953 3396 2362 3451 infirmitatibus
2406 3392 2631 3456 nostris,
2672 3399 2940 3445 tentatum
2982 3397 3162 3444 autem
3218 3403 3318 3460 per
3359 3391 3540 3444 omnia

1955 3485 2254 3540 secundum
2309 3483 2722 3538 similitudinem
2774 3480 2980 3550 absque
3035 3489 3280 3563 peccato.
3318 3499 3338 3534 ι
3377 3481 3538 3551 159

1957 3569 2285 3636 Antequam,
2327 3566 2422 3629 ait,
2473 3566 2566 3619 Dei
2619 3563 2855 3618 Verbum
2907 3565 3071 3618 homo
3118 3564 3322 3620 factum
3371 3576 3538 3628 esset.

1965 3656 2215 3712 humanae
2242 3663 2426 3708 tamen
2451 3660 2656 3706 natura:
2681 3649 3048 3706 infirmitatem
3076 3661 3327 3720 tanquam
3357 3669 3539 3710 rerum

1963 3745 2225 3801 Conditor
2270 3753 2464 3799 exacte
2507 3742 2843 3812 exploratam
2887 3742 3141 3799 habebat.
3178 3760 3197 3795 ι
3230 3743 3347 3814 Ipse
3374 3747 3542 3816 enim,

1965 3848 2026 3894 ut
2058 3837 2323 3908 scriptum
2356 3847 2458 3903 est,
2499 3836 2816 3908 figmentum
2856 3844 3101 3890 nostrum
3142 3837 3485 3907 cognovit".
3519 3859 3538 3892 ι

1965 3931 2319 3988 Verumenim
2358 3945 2506 3996 vero,
2573 3939 2633 3984 ut
2666 3929 2902 3984 maxime
2948 3938 3154 3998 nosset,
3194 3930 3431 3986 nondum
3462 3941 3545 3986 ta-

1967 4040 2090 4080 men
2141 4025 2223 4093 (ut
2276 4022 2479 4092 aliquid
2538 4022 2759 4078 interim
2819 4022 3116 4076 humanum
3161 4023 3322 4078 nobis
3371 4024 3438 4079 de
3479 4040 3546 4080 eo

1966 4118 2290 4187 depromere
2325 4115 2528 4184 liceat),
2562 4115 2824 4183 nondum,
2866 4115 3109 4186 inquam,
3148 4127 3366 4172 nostros
3397 4133 3546 4174 inor-

1965 4207 2070 4263 bos
2123 4207 2458 4279 experientia
2504 4217 2963 4276 cognoveratzat
3007 4223 3139 4265 vero
3191 4219 3546 4281 posteaquam

1969 4314 2191 4356 carnem
2229 4307 2469 4353 nostram
2505 4298 2698 4366 induit,
2727 4300 2909 4355 omnia
2945 4312 3202 4372 expertus
3233 4312 3336 4358 est.
3362 4302 3549 4374 Neque

1974 4400 2153 4446 tamen
2204 4389 2438 4446 dicimus
2502 4400 2661 4446 antea
2712 4394 3007 4463 quidquam
3083 4395 3306 4450 omnino
3357 4411 3547 4452 eorum

1970 4481 2212 4539 omnium
2251 4481 2552 4553 ignorasse,
2582 4482 2676 4540 sed
2713 4484 2961 4540 scientiae
2997 4485 3193 4542 divinae
3225 4502 3384 4556 quam
3411 4488 3550 4542 obtio

1974 4574 2158 4638 nebat,
2185 4588 2306 4628 eam
2335 4587 2550 4643 quoque
2584 4574 2856 4640 notitiam,
2891 4591 3052 4644 quant
3082 4576 3235 4632 affert
3261 4579 3549 4648 experieno

1975 4664 2072 4729 tia,
2127 4678 2451 4719 accesmsse.
2523 4664 2707 4734 Itaque
2760 4664 2852 4720 Dei
2914 4665 3154 4721 Verbum
3201 4667 3404 4722 factum
3467 4678 3554 4723 est

1976 4758 2352 4825 compatiens,
2411 4771 2517 4810 non
2555 4756 2698 4825 quod
2749 4771 2867 4810 eam
2916 4758 3278 4828 sympathiam
3326 4774 3391 4816 ex
3438 4759 3551 4828 ipsa

1903 4877 1946 4931 ι)
1976 4852 2192 4907 demum
2228 4850 2529 4905 tentatione
2553 4849 2636 4904 vel
2663 4851 2998 4919 experientia
3027 4852 3381 4921 assumpserit
3411 4856 3554 4921 (erat

1975 4941 2121 4997 enim
2149 4941 2262 5012 jam
2313 4950 2440 4996 ante
2469 4950 2523 4996 et
2571 4949 2655 4996 est
2687 4950 2880 5010 suapte
2912 4950 3103 4996 natura
3148 4941 3460 4996 misericors
3497 4952 3555 4994 ut

1977 5031 2167 5102 Deus),
2202 5034 2294 5087 sed
2340 5033 2464 5103 quia
2500 5041 2847 5102 posteaquam
2889 5034 2990 5087 hoc
3018 5024 3192 5100 ipsum
3225 5032 3366 5101 quod
3407 5041 3551 5099 erat,

1977 5109 2294 5180 constanter
2327 5139 2573 5189 manens,
2615 5123 2818 5178 factum
2849 5133 2934 5178 est
2977 5123 3142 5178 etiam
3183 5123 3347 5176 homo
3377 5123 3549 5177 nostri

1977 5214 2195 5279 similis,
2235 5228 2300 5270 ea
2345 5224 2470 5285 apte
2515 5215 2681 5271 etiam
2719 5215 2786 5270 de
2819 5213 2909 5267 illo
2952 5211 3292 5284 afﬁrmantyr
3339 5227 3457 5281 quin
3499 5213 3550 5265 in

1980 5313 2229 5360 naturam
2272 5306 2560 5362 humanam
2593 5307 2942 5362 conveniunt.
2985 5303 3194 5358 Dicitur
3220 5320 3347 5361 vero
3384 5304 3552 5364 cados

361 5458 409 5494 ⁸³³
443 5459 604 5515 ilebr.
633 5476 706 5526 tv,
747 5462 832 5526 Η,
865 5460 945 5514 15.
1023 5461 1146 5492 ἰτ-’³
1180 5459 1220 5512 ll
1249 5459 1371 5512 Cor.
1407 5458 1578 5523 ",15.
1655 5459 1702 5491 ⁷⁸
1740 5457 1884 5515 Psal.
1915 5474 2010 5525 Cll,
2046 5459 2132 5515 Ν.

1402 5617 1573 5673 Varia:
1607 5615 1872 5675 lectiones
1902 5617 2110 5674 codicis
2146 5617 2505 5690 Seguieriani.

379 5768 398 5796 π
431 5758 744 5822 θωπί-»επεὶ

613 5851 862 5920 Ριτιιοι
932 5853 1048 5914 Gtt.
1115 5849 1368 5912 LXXVI.

3162 5853 3236 5912 Η
