3942 6128
416 339 547 394 I387
1402 338 1464 395 s.
1508 335 1790 394 cvmut
1830 317 2298 392 ALEXANDRINI
2341 333 2652 393 ARCIIIEP.

416 463 732 526 penetrasse
771 462 828 509 et
876 452 1237 523 corporaliter
1276 451 1436 507 simul
1475 462 1531 506 et
1572 453 1828 506 decenter
1858 449 1986 506 Deo.

2105 451 2210 521 τρὶ,
2245 450 2337 503 καὶ
2368 451 2416 503 εἱ
2446 449 2634 519 γέγονε
2668 447 2790 501 καθ’
2823 447 2970 518 ἡμᾶς
2994 445 3373 516 οἱκονομικῶς.

412 543 549 597 Nam
583 553 644 598 ut
659 544 1104 614 sapientissimus
1126 541 1322 596 Paulus
1348 551 1549 605 monet,
1589 560 1609 593 ι
1639 541 1918 606 Ascendit,
1952 546 2011 595 ut
2041 551 2300 612 appareat
2366 556 2509 596 nunc
2529 541 2697 594 vultui
2727 540 2819 594 Dei
2861 555 2957 610 pro
2982 540 3140 594 nobis
3160 539 3229 592 ⁷⁷.
3265 559 3283 592 ι
3323 537 3467 606 Quin
3491 549 3551 594 et
3579 539 3695 592 alio

414 651 628 707 quoque
674 652 836 692 sensu
895 637 1064 692 cmlos
1116 637 1514 694 transcendisse
1557 636 1791 703 dicitur,
1842 636 1984 704 quod
2023 636 2303 691 beatorum
2349 637 2668 703 angelorum
2737 636 2965 704 gloriam
3019 633 3178 704 longo
3211 645 3337 703 post
3402 649 3467 688 se
3509 636 3692 688 inter-

416 731 557 786 vallo
597 731 880 800 reliquisse
914 739 1065 784 certo
1113 731 1464 800 dignoscatur
1500 747 1513 784 :
1546 730 1980 798 quandoquidem
2021 740 2082 785 ut
2120 731 2262 786 Deus
2293 749 2313 782 ι
2343 731 2520 800 Super
2542 746 2758 786 omnem
2792 740 2874 785 est
2905 729 3278 800 Principatum
3348 739 3405 784 et
3430 729 3692 785 Potesta-

415 835 524 879 tem
556 833 612 877 et
639 822 1176 885 Dominationem,et
1209 836 1372 877 omne
1438 836 1635 876 nomen
1677 823 1820 891 quod
1863 823 2171 878 nominatur
2239 839 2345 878 non
2390 823 2565 879 solum
2606 825 2660 879 in
2710 824 2814 878 hoc
2883 821 3103 887 saeculo,
3151 821 3246 876 sed
3290 821 3460 874 etiam
3509 820 3567 874 in
3605 818 3693 873 Iu-

414 915 620 972 turo".
655 933 674 968 ι
735 914 867 968 Nam
915 924 974 968 ut
1014 912 1183 969 Filius
1216 924 1466 970 eamdem
1521 929 1644 970 cum
1688 914 1851 972 Patre
1895 931 1992 972 suo
2031 917 2260 988 gloriam
2316 926 2404 978 et.
2439 926 2764 986 potestatem
2839 916 3070 978 obtinet,
3117 915 3334 970 etiamsi
3399 915 3697 985 dispensa-

3548 332 3701 389 1588

412 1010 554 1066 torie
585 1008 757 1062 nostri
788 1008 981 1063 similis
1011 1007 1191 1064 factus
1223 1009 1316 1063 sit.

481 1096 774 1153 XXXVIII.
819 1115 840 1150 ι
871 1096 981 1153 Nec
1016 1099 1303 1168 quisquam
1353 1099 1518 1154 sumit
1558 1100 1661 1155 sibi
1705 1101 1991 1168 honorem,

412 1193 508 1248 sed
556 1192 648 1261 qui
706 1201 935 1245 vocatur
988 1205 1015 1242 a
1059 1189 1192 1258 Deo,
1246 1198 1501 1260 tanquam
1553 1191 1756 1247 Aaron.
1805 1191 1895 1247 Sic
1938 1199 1993 1246 et

413 1284 666 1339 Christus
710 1295 814 1336 non
866 1280 1188 1336 clariﬁcavit
1231 1283 1583 1352 semetipsum
1637 1291 1696 1336 ut
1746 1281 1989 1352 pontifex

414 1375 592 1441 lleret,
624 1373 720 1429 sed
758 1372 849 1443 qui
882 1373 1106 1456 locutus
1127 1381 1212 1428 est
1252 1373 1319 1428 ad
1348 1387 1468 1428 eum
1501 1391 1514 1428 :
1545 1371 1717 1428 Filius
1747 1388 1902 1428 meus
1933 1387 1991 1427 es

415 1476 494 1531 tu,
543 1477 643 1534 ego
683 1463 842 1519 hodie
870 1463 1031 1534 genui
1075 1471 1128 1516 te
1147 1463 1217 1517 ⁷⁸.
1249 1480 1268 1515 ›
1312 1463 1687 1532 ριιί,εείρςυιη
1736 1463 1881 1518 ultro
1921 1466 1991 1518 ad

413 1555 837 1612 exinanitionem
876 1554 1190 1622 demiserat,
1236 1555 1285 1610 is
1319 1564 1601 1624 paternam
1645 1555 1990 1608 vocationem

414 1649 483 1703 ad
531 1647 784 1702 usitatam
839 1646 1196 1716 apprimeque
1239 1646 1654 1700 convenientem
1701 1642 1991 1700 sacerdotii

413 1740 751 1795 {unctionem
777 1737 1065 1793 ducentem
1103 1738 1421 1808 opperitur;
1455 1737 1870 1793 convenientem
1899 1753 1995 1791 au-

414 1842 526 1887 tem
572 1846 681 1887 non
715 1845 827 1886 suae
857 1829 1032 1899 ipsius
1077 1839 1308 1896 naturae,
1359 1830 1454 1886 sed
1501 1839 1721 1896 nostrae,
1775 1831 1878 1885 hoc
1910 1839 1996 1885 est

417 1923 692 1987 humanae,
729 1936 892 1992 quam
949 1921 1040 1976 ubi
1073 1921 1342 1988 integram
1390 1923 1707 1991 assumpsit,
1755 1937 1876 1992 qua:
1919 1921 1993 1975 illi

415 2014 746 2069 conveniunt
775 2011 1039 2081 suscepit,
1062 2012 1269 2067 nullum
1307 2013 1525 2067 interim
1557 2014 1854 2070 secundum
1893 2028 1994 2066 na-

417 2114 596 2161 turam
639 2089 915 2174 propriam
962 2102 1348 2159 detrimentum
1383 2105 1677 2176 accipiens,
1739 2105 1834 2160 sed
1880 2105 1994 2160 dis-

413 2194 734 2267 pensatione
767 2195 1064 2251 secundum
1088 2209 1306 2251 carnem
1327 2195 1461 2251 scite
1502 2196 1998 2264 convenienterque

416 2299 596 2345 utens.
643 2288 718 2344 Ut
771 2287 826 2342 id
879 2287 1023 2342 enim
1067 2287 1209 2357 quod
1261 2295 1399 2353 erat,
1453 2287 1555 2342 hoc
1606 2275 1706 2343 est
1737 2288 1996 2342 Dominus

416 2380 712 2436 secundum
762 2386 1015 2434 naturam
1058 2380 1401 2449 permansit,
1461 2379 1678 2435 etiamsi
1739 2377 1994 2432 servilem

417 2469 648 2524 formam
704 2467 1108 2524 subiissetzita
1163 2469 1513 2539 quantumvis
1567 2469 1884 2524 innumeros
1939 2467 1996 2523 in

417 2560 558 2616 celo
586 2560 1016 2631 leohaberct,
1040 2561 1131 2630 qui
1155 2563 1390 2631 hymnos
1420 2561 1735 2631 laudesque,
1762 2562 1865 2617 hoc
1889 2570 1992 2627 est,

417 2651 686 2721 Spiritalia
727 2652 1120 2721 incruentaque
1167 2652 1436 2708 sacriﬁcia
1471 2651 1550 2713 illi
1582 2652 1863 2718 oilierrent,
1915 2654 1993 2706 nl-

418 2743 713 2799 hilominus
738 2757 858 2812 quae
897 2743 1147 2798 humana:
1174 2753 1384 2800 naturae
1411 2747 1742 2800 conveniunt
1784 2743 1998 2800 eidem-

418 2850 524 2906 que
567 2847 934 2892 consentanea
986 2845 1136 2904 sunt,
1165 2852 1435 2910 nusquam
1473 2853 1579 2896 non
1614 2839 1828 2909 integre
1863 2853 1998 2893 con-

419 2940 668 2992 servans,
733 2925 1028 2980 humanum
1075 2941 1292 2998 quoque
1345 2929 1713 2984 sacerdotium
1760 2942 1867 2983 non
1914 2935 1999 2982 est

420 3027 766 3088 aspernatus.
821 3014 1060 3073 Vocatus
1104 3030 1190 3074 est
1237 3020 1423 3091 itaque
1470 3030 1532 3076 ut
1576 3021 1780 3085 Aaron,
1836 3020 1996 3074 modo

2167 1102 2298 1155 AH’.
2350 1120 2368 1152 ι
2399 1101 2510 1156 Καὶ
2543 1100 2641 1171 οὐχ
2680 1100 2857 1171 ἑαυτῷ
2905 1119 2986 1165 τις
3035 1098 3307 1170 λαμϐάνει
3350 1099 3452 1171 τὴν
3497 1101 3695 1170 τιμὴν.

2095 1191 2211 1248 ἀλλ’
2249 1196 2277 1246 6
2304 1193 2637 1265 καλούμενος
2664 1194 2770 1248 ὑπὸ
2792 1195 2885 1248 τοῦ
2911 1194 3066 1257 Θεοῦ,
3101 1193 3290 1264 ὥσπερ
3320 1194 3416 1246 καὶ
3453 1195 3695 1265 Ἀαρών.

2095 1282 2252 1339 Οὕτω
2287 1286 2380 1340 καὶ
2431 1289 2459 1340 6
2511 1284 2745 1357 Χριστὸς
2777 1287 2872 1357 οὐχ
2906 1285 3098 1339 ἑαυτὸν
3141 1286 3360 1348 έδόξασε
3388 1286 3699 1355 γενηθῆναι

2094 1377 2385 1451 ἀρχιερεὺς
2404 1387 2452 1444 ι,
2487 1379 2602 1432 ἀλλ’
2631 1381 2659 1432 6
2707 1378 2946 1449 λαλήσας
2997 1379 3133 1450 πρὸς
3178 1378 3377 1430 αὐτόν·
3421 1378 3556 1441 Υἱός
3593 1396 3696 1444 μου

2095 1469 2150 1524 εἴ
2182 1474 2268 1534 σὺ,
2295 1470 2406 1540 ἐγὼ
2437 1472 2680 1542 σήμερον
2709 1471 3018 1541 γεγέννηκά
3048 1488 3128 1524 σε.
3152 1489 3170 1522 ι
3191 1471 3248 1523 ’0
3271 1469 3469 1534 καθεὶς
3499 1470 3698 1524 ἑαυτὸν

2096 1564 2176 1624 εἷς
2202 1562 2454 1625 κένωσιν,
2487 1562 2772 1633 περιμένει
2803 1562 2996 1634 κλῆσιν
3032 1563 3132 1633 τὴν
3156 1564 3220 1617 ὲκ
3247 1547 3472 1634 [ἰατρὸς
3503 1565 3697 1633 φέρου-

2099 1661 2245 1708 σανγ
2291 1656 2370 1717 είς
2423 1653 2724 1724 ἱερωσύνην
2757 1656 2839 1708 ὅτι
2880 1655 2944 1726 δὴ
2997 1655 3231 1726 μάλιστα
3258 1655 3474 1727 συνήθη
3506 1673 3568 1709 τε
3603 1658 3701 1710 καὶ

2097 1744 2578 1819 πρεπωδεστάτην,
2604 1745 2664 1799 ού
2696 1749 2762 1818 τῇ
2799 1746 2966 1800 αὑτοῦ
2998 1746 3158 1816 φύσει
3189 1747 3412 1813 μᾶλλον,
3443 1747 3588 1801 ἀλλά
3634 1747 3700 1818 τῇ

2098 1835 2223 1890 καθ’
2255 1837 2423 1908 ἡμᾶς,
2451 1835 2699 1889 τουτέστι
2729 1839 2796 1906 τῇ
2829 1836 3180 1908 ἀνθρωπίνῃ·
3211 1831 3279 1907 ἦς
3309 1837 3551 1908 ἐπείπερ
3583 1838 3700 1900 ἶσος

2097 1929 2342 1998 γέγονεν,
2377 1927 2643 1998 ὑπομένει
2701 1927 2770 1981 τά
2815 1927 3010 1997 αὐτῆς,
3055 1926 3413 1998 ἀδικούμενος
3439 1928 3701 1982 ἐντεῦθεν

2097 2020 2158 2073 τὸ
2197 2020 2418 2090 σύμπαν
2446 2020 2622 2083 οὐδὲν,
2665 2020 2934 2090 εὐτέχνως
2965 2019 3022 2072 δὲ
3057 2019 3258 2090 μᾶλλον
3286 2023 3348 2091 τῇ
3381 2020 3523 2090 μετά
3548 2037 3700 2090 σαρ-

2098 2110 2193 2172 κὸς
2211 2110 2494 2182 οἰκονομίᾳ
2519 2109 3005 2183 χρώμενος.Ὠσπε
3015 2127 3044 2181 ρ
3063 2097 3174 2181 γάρ
3199 2109 3294 2165 καὶ
3319 2110 3377 2163 τὸ
3399 2110 3500 2182 τήν
3525 2109 3702 2178 φύσιν

2098 2201 2306 2272 Κύριος
2345 2201 2422 2254 ὢν
2475 2202 2786 2273 μεμένηκεν
2820 2202 2958 2272 ὅπερ
2993 2197 3083 2272 ἦν,
3125 2203 3221 2257 καὶ
3269 2204 3319 2256 εἰ
3365 2202 3594 2270 γέγονεν
3641 2203 3699 2253 ἐν

2097 2296 2163 2366 τῇ
2195 2294 2287 2347 τοῦ
2320 2293 2507 2348 δούλου
2538 2297 2722 2366 μορφῇ
2743 2312 2759 2327 θ
2782 2294 2925 2347 οὕτω
2957 2295 3136 2365 φαμὲν
3159 2296 3239 2349 ὅτι
3261 2295 3444 2364 καίτοι
3467 2294 3697 2365 μυρίους

2099 2385 2239 2456 ἔχων
2259 2389 2316 2439 ὲν
2340 2385 2556 2457 οὐρανῷ
2579 2387 2706 2450 τοὺς
2733 2385 3149 2458 ίερουργοῦντας
3175 2386 3347 2457 αὐτῷ,
3369 2387 3474 2450 τὰς
3501 2386 3699 2456 νοητὰς

2098 2475 2340 2546 δηλονότι
2379 2476 2474 2529 καὶ
2502 2475 2875 2546 ἀναιμάκτους
2905 2475 3116 2541 θυσίας,
3151 2475 3357 2547 ὕμνους
3403 2477 3503 2529 καὶ
3548 2475 3697 2541 δοξο-

2099 2565 2306 2633 λογίας,
2327 2565 2422 2618 καὶ
2449 2564 2547 2636 τὴν
2573 2566 2693 2618 καθ’
2711 2567 2861 2636 ἡμᾶς
2885 2564 3187 2638 ἱερωσύνην
3215 2569 3449 2620 ποιεῖται
3477 2566 3694 2636 δεκτήν,

2099 2655 2400 2720 ἀποσώζων
2429 2656 2704 2727 πανταχοῦ
2733 2660 2848 2721 τοῖς
2875 2660 2974 2728 τῆς
3005 2659 3435 2730 ἀνθρωπότητος
3474 2659 3697 2731 μέτροις

2098 2745 2167 2798 τὰ
2213 2746 2498 2814 πρέποντά
2538 2763 2596 2798 τε
2632 2747 2725 2800 καὶ
2757 2747 2974 2801 ἐοικότα
3006 2749 3164 2819 αὐτῇ.
3195 2748 3481 2818 Κέκληται
3516 2749 3696 2800 τοίνυν

2101 2833 2242 2887 καθὰ
2263 2836 2357 2887 καὶ
2385 2835 2618 2906 Ἀαρὼν,
2638 2834 2776 2906 πλὴν
2801 2838 2901 2890 οὐκ
2931 2839 2988 2890 έν
3014 2837 3112 2907 ἴσῳ
3139 2838 3346 2910 τρόπῳ.
3363 2837 3426 2890 '0
3463 2837 3564 2907 μὲν
3589 2838 3697 2906 γὰρ

2100 2924 2313 2994 ὲχρίεται
2358 2924 2496 2996 πρὸς
2543 2926 2877 2997 ἱερουργίαν,
2909 2929 3004 2980 και
3043 2923 3114 2998 ἦν
3161 2927 3418 2997 οίκέτηςο
3455 2928 3482 2980 6
3524 2927 3584 2980 δὲ

2101 3017 2232 3081 Υἱὸς
2263 3017 2531 3082 καλεῖται,
2569 3018 2662 3070 καὶ
2699 3018 2840 3071 κατά
2889 3018 2986 3090 τήν
3039 3018 3194 3086 τάξιν
3222 3019 3566 3089 Μελχισεδὲκ
3619 3021 3696 3072 ἱε-

422 3120 600 3165 tamen
631 3109 900 3166 dissimili.
935 3108 1029 3166 Ille
1054 3110 1196 3166 enim
1223 3120 1480 3182 tanquam
1505 3125 1697 3167 servus
1743 3112 1996 3166 inunctus

2105 3109 2327 3179 ρουργεῖ
2360 3107 2438 3178 τῷ
2486 3107 2682 3178 Πατρί.
2727 3109 2838 3162 Καὶ
2873 3110 2964 3162 τόν
2999 3127 3062 3177 γε
3096 3110 3197 3180 τῆς
3250 3111 3574 3181 ἱερουργίας
3614 3109 3699 3174 EF,-

420 3216 505 3262 cst
553 3207 619 3260 ad
667 3205 1072 3272 ministerium;
1110 3207 1198 3262 hic
1232 3221 1362 3263 vero
1406 3209 1703 3262 secundum
1751 3206 1998 3260 ordinem

421 3295 783 3352 Melchisedec
813 3307 1143 3365 assumptus,
1175 3305 1432 3366 tanquam
1461 3296 1632 3351 Filius
1655 3294 2002 3351 administrat

421 3387 591 3442 Patri.
625 3385 992 3441 Sacerdotalis
1016 3401 1177 3456 porro
1210 3383 1506 3440 ministerii
1535 3385 1751 3438 modum
1786 3383 2000 3438 divinus

422 3477 652 3544 Paulus,
705 3477 773 3531 de
820 3476 1043 3533 Christo
1110 3477 1351 3533 omnium
1420 3485 1664 3530 nostrum
1721 3475 2001 3530 Salvatore

427 3567 698 3630 scribens,
749 3565 892 3622 hunc
925 3566 979 3620 in
1025 3567 1241 3622 modum
1282 3567 1504 3635 exponit
1534 3584 1548 3621 :
1578 3582 1597 3616 ι
1622 3565 1724 3632 Qui
1765 3580 1872 3619 non
1913 3577 2002 3619 se-

424 3658 661 3712 cundum
709 3656 881 3730 legem
960 3657 1202 3712 mandati
1248 3657 1483 3712 carnalis
1529 3657 1702 3713 factus
1746 3665 1855 3722 est,
1905 3655 2002 3712 sed

426 3751 722 3806 secundum
758 3751 1011 3804 virtutem
1043 3750 1166 3802 vitae
1207 3749 1600 3804 indissolubilis
1623 3750 1691 3801 °°.
1723 3768 1741 3801 ι
1773 3748 1870 3804 Est
1901 3748 2002 3801 ita-

425 3857 532 3913 que
581 3841 872 3896 sacerdotii
910 3839 1052 3895 illius
1097 3839 1232 3894 ritus
1274 3840 1380 3894 ritu
1425 3840 1701 3894 Aaronico
1743 3839 1860 3893 sine
1891 3838 2001 3892 ulla

427 3934 837 4004 comparatione
869 3931 1234 4002 praestantior.
1258 3929 1392 3985 Nam
1415 3931 1518 3987 etsi
1554 3931 1645 3986 ille
1665 3929 1729 3984 ad
1748 3929 2006 3984 SilCOl‘th-i

425 4025 565 4079 tium
593 4033 819 4079 vocatus
867 4031 971 4086 est,
1008 4031 1270 4089 attamen,
1322 4031 1380 4076 ut
1423 4024 1582 4077 modo
1615 4023 1850 4086 aiebam,
1887 4027 2007 4076 erat

427 4131 662 4184 servus;
703 4117 791 4172 hic
833 4130 964 4170 vero
1014 4114 1067 4170 in
1115 4129 1182 4171 eo
1226 4130 1443 4186 quoque
1485 4125 1629 4172 statu
1683 4114 1776 4170 Dei
1825 4113 2006 4169 Patris

428 4208 600 4265 Filius
637 4219 779 4273 erat,
813 4217 1006 4263 natura
1045 4209 1263 4278 quidem
1315 4219 1625 4277 a'ternaque
1657 4207 2007 4278 generatione

418 4308 488 4355 -ιιι
543 4300 689 4357 Deus
729 4310 785 4356 et
824 4299 1097 4367 Verbum;
1148 4309 1206 4354 ut
1253 4309 1452 4355 nostra:
1502 4314 1632 4354 vero
1678 4297 2005 4353 conditionis

427 4393 592 4448 homo
629 4391 926 4448 secundum
974 4391 1324 4446 novissimam
1382 4391 1436 4444 in
1488 4405 1655 4445 carne
1699 4389 2007 4461 generatio-

2102 3202 2318 3270 ηγεῖται
2350 3199 2550 3269 τρόπον
2591 3202 2619 3253 6
2663 3199 2950 3264 θεσπέσιος
2999 3201 3235 3266 Παῦλος,
3265 3201 3362 3254 ὡδὶ
3394 3203 3698 3273 γεγραφὼς

2103 3291 2232 3361 περὶ
2279 3289 2371 3343 τοῦ
2418 3291 2636 3344 πάντων
2681 3291 2838 3362 ἡμῶν
2871 3293 3425 3373 ΣωτῆροςΧριστοῦ·
3464 3295 3601 3356 «Ὃς
3635 3295 3697 3347 οῦ

2105 3381 2251 3436 κατά
2300 3384 2463 3454 νόμον
2514 3383 2736 3454 ἐντολῆς
2784 3385 3046 3455 σαρκίνης
3099 3384 3344 3453 γέγονεν,
3376 3385 3518 3439 ἀλλά
3555 3386 3694 3440 κατὰ

2104 3473 2334 3544 δύναμιν
2386 3474 2533 3543 ζωῆς
2589 3475 2953 3529 ἀκαταλύτου.
2994 3495 3012 3528 ι
3073 3474 3287 3532 Οὐκοῦν
3345 3480 3693 3550 ἀσυγκρίτως

2105 3565 2346 3635 ἀμείνων
2387 3567 2414 3618 6
2459 3565 2560 3633 τῆς
2599 3566 2912 3637 ἱερουργίας
2952 3567 3172 3639 τρόπος.
3235 3570 3348 3623 Καὶ
3382 3573 3410 3622 6
3453 3572 3577 3640 μὲν,
3624 3571 3693 3632 ὡς

2106 3656 2262 3726 ἔφην,
2289 3657 2507 3727 οἰκέτης
2535 3651 2626 3726 ἦν,
2655 3657 2832 3710 καίτοι
2865 3659 3200 3730 κεκλημένος
3235 3661 3314 3723 εἰς
3357 3663 3690 3732 ἱερωσύνην

2107 3750 2134 3801 6
2161 3747 2219 3800 δὲ
2251 3750 2345 3801 καὶ
2374 3747 2546 3810 οὕτως
2585 3746 2711 3811 Υἱὸς
2743 3747 2837 3801 τοῦ
2879 3748 3014 3801 Θεοῦ
3064 3749 3160 3802 καὶ
3197 3751 3438 3820 Πατρὸς,
3472 3751 3552 3814 ὡς
3602 3753 3696 3821 μὲν

2109 3840 2268 3910 φύσει
2297 3839 2430 3906 Θεὸς
2455 3843 2550 3896 καὶ
2576 3842 2749 3911 Λόγος
2780 3843 2919 3896 κατὰ
2947 3841 3044 3913 τὴν
3067 3841 3394 3911 προαιώνιον
3415 3843 3695 3913 γέννησιν⁸

2106 3929 2183 3994 ὡς
2219 3929 2276 3982 δὲ
2305 3931 2592 4001 ἄνθρωπος
2622 3931 2745 3985 καθ’
2773 3931 2922 4002 ἡμᾶς
2951 3929 3092 3984 κατὰ
3137 3931 3234 4001 τὴν
3280 3932 3567 4002 νεωτάτην
3606 3930 3694 3984 καὶ

2109 4021 2392 4093 ἐνσαρκον,
2418 4017 2486 4095 ἦς
2517 4023 2582 4077 ἂν
2599 4025 2684 4094 εἴη
2713 4024 2981 4078 δεικτικὸν
3019 4024 3113 4077 καὶ
3143 4023 3222 4090 τὸ,
3255 4023 3553 4093 σήμερον·
3584 4042 3697 4078 καις

2114 4112 2204 4184 ρδν
2253 4113 2361 4184 γὰρ
2410 4115 2543 4186 ήμῖν
2590 4115 2847 4186 σημαίνει
2872 4116 2964 4170 τὸν
2998 4116 3352 4186 ἐνεστηκότα.
3382 4117 3698 4169 Οίκειοῦται

2109 4206 2174 4278 δὴ
2216 4203 2309 4261 οὖν
2352 4208 2447 4261 καὶ
2493 4208 2591 4280 τήν
2629 4210 2900 4281 σαρκικὴν
2928 4208 3096 4264 αὐτοῦ
3126 4211 3380 4280 γέννησιν
3405 4213 3434 4263 6
3465 4210 3659 4280 Πατήρ
3681 4224 3694 4237 ·

2110 4295 2216 4351 οἶδε
2248 4299 2376 4371 γὰρ,
2411 4297 2552 4354 οἶδεν
2589 4301 2717 4355 ίδιον
2747 4301 2875 4354 ὄντα
2907 4301 2952 4356 Υ
2957 4301 3033 4356 ἱὸν
3051 4301 3143 4354 τὸν
3172 4301 3231 4365 ἐξ
3259 4299 3453 4355 ἑαυτοῦ
3478 4300 3698 4365 θεῖκῶς,

2111 4391 2207 4444 καὶ
2234 4391 2299 4444 ὲκ
2325 4393 2583 4459 γυναικὸς
2608 4393 2983 4463 ἀνθρωπίνως.

428 4501 573 4552 ncm,
597 4500 719 4556 quae
747 4499 844 4554 per
867 4483 1018 4549 illud,
1050 4487 1224 4549 hodie,
1252 4485 1392 4552 quod
1423 4485 1708 4553 praesentis
1743 4483 2000 4555 temporis
2038 4491 2164 4539 nota
2207 4485 2445 4548 exsistit,
2487 4485 2676 4539 .nobis
2743 4486 3119 4540 adumbratur.
3155 4483 3324 4555 Igitur
3350 4484 3520 4540 Pater
3561 4485 3700 4540 nati-

427 4576 649 4630 vitatem
700 4576 753 4629 in
801 4590 966 4630 carne
1004 4577 1071 4630 ad
1117 4590 1176 4631 se
1225 4589 1442 4646 quoque
1509 4575 1785 4644 pertinere
1846 4578 2074 4648 judicat,
2117 4587 2383 4646 quatenus
2435 4576 2584 4632 illum
2614 4592 2796 4640 ,suum
2853 4578 3101 4650 agnoscit
3144 4575 3343 4633 Filium
3395 4579 3698 4634 secundum

429 4668 666 4722 divinam
699 4667 918 4737 quidem
969 4672 1218 4720 naturam
1269 4681 1335 4721 ex
1384 4666 1522 4736 ipso,
1567 4667 1863 4721 secundum
1897 4667 2187 4721 humanam
2221 4682 2350 4721 vero
2391 4681 2457 4722 ex
2487 4667 2730 4722 muliere.

497 4757 723 4814 XXXIX
761 4777 780 4810 ι
816 4757 918 4823 Qui
956 4758 1009 4813 in
1054 4759 1244 4814 diebus
1287 4759 1468 4813 carnis
1516 4773 1626 4814 sua:
1659 4772 1849 4828 preces
1878 4773 1999 4827 sup-

2180 4757 2305 4811 AO’.
2345 4777 2363 4809 ι
2401 4759 2495 4822 Ὃς
2547 4761 2605 4812 ὲν
2653 4761 2774 4822 ταῖς
2811 4759 3054 4829 ἡμέραις
3100 4757 3202 4828 τῆς
3255 4757 3458 4828 σαρκὸς
3510 4756 3698 4816 αὑτοῦ,

431 4849 861 4922 plicationesque
907 4849 973 4903 ad
1029 4864 1175 4915 eum,
1227 4850 1317 4919 qui
1377 4850 1552 4920 possit
1605 4850 1751 4904 illum
1803 4850 2010 4904 salvum

432 4943 616 4998 facere
656 4955 686 4996 a
731 4950 926 5006 morte,
974 4955 1095 4995 cum
1145 4941 1383 4998 clamore
1431 4943 1612 4997 valido
1667 4951 1720 4997 et
1756 4941 2010 5014 lacrymis

432 5035 688 5100 ederetis,
714 5031 1001 5089 erauditus
1041 5041 1122 5086 est
1149 5048 1246 5103 pro
1296 5048 1392 5088 sua
1436 5035 1760 5088 reverentia.
1796 5035 1860 5088 Et
1891 5033 2011 5102 qni-

434 5129 556 5184 dem
593 5141 716 5182 cum
756 5131 901 5181 esset
938 5122 1130 5190 Filius,
1194 5125 1382 5180 didicit
1427 5141 1492 5181 ex
1543 5126 1611 5182 iis
1651 5140 1771 5196 quae
1816 5139 2010 5197 passus

435 5227 519 5272 cst
549 5217 909 5273 obedientiam
958 5234 972 5271 :
1012 5227 1069 5271 et
1101 5226 1510 5272 consummatus
1548 5216 1726 5273 factus
1780 5225 1864 5273 est
1896 5231 2012 5271 om-

438 5307 596 5361 nibus
639 5306 1139 5379 obtemperantibus
1172 5308 1274 5364 sibi
1321 5321 1485 5365 causa
1533 5308 1724 5365 salutis
1769 5318 2011 5373 aeternae,

2119 4848 2332 4920 δεήσεις
2362 4867 2421 4904 τε
2451 4851 2546 4904 καὶ
2575 4851 2856 4922 ἱκετηρίας
2886 4851 3025 4921 πρὸς
3052 4851 3142 4904 τὸν
3170 4848 3472 4919 δυνάμενον
3506 4848 3701 4912 σώζειν

2118 4941 2282 4995 αὑτὸν
2315 4944 2378 4996 ὲκ
2427 4941 2682 5008 θανάτου,
2729 4943 2869 5014 μετά
2913 4942 3158 5014 κραυγῆς
3195 4941 3424 5012 ἰσχυρᾶς
3469 4942 3567 4994 καὶ⁵
3606 4941 3702 4994 δα-

2117 5031 2302 5102 κρύων
2347 5031 2741 5102 προσενέγκας,
2778 5033 2872 5085 καὶ
2905 5029 3279 5094 εἰσακουσθεὶς
3327 5030 3440 5085 ἀπὸ
3472 5029 3577 5100 τῆς
3616 5030 3704 5081 £6-

2118 5123 2359 5188 λαϐείας,
2399 5122 2604 5196 καίπερ
2631 5122 2706 5177 ὢν
2729 5123 2876 5191 Υἱὸς,
2901 5122 3130 5195 ἔμαθεν,
3158 5123 3252 5192 ἀφ’
3284 5114 3360 5174 ὧν
3381 5121 3578 5186 ἔπαθε,
3604 5121 3703 5189 τήν

2119 5214 2406 5288 ὑπακοήν·
2464 5217 2558 5270 καὶ
2607 5215 2916 5280 τελειωθεὶς
2963 5215 3189 5284 ἐγένετο
3251 5214 3385 5267 πᾶσι
3436 5217 3550 5276 τοίς
3600 5212 3706 5265 ὺπ-

2120 5305 2407 5361 ακούσυσιν
2440 5306 2592 5378 αὑτῷ
2627 5309 2798 5372 αῐτιος
2837 5307 3111 5379 σωτηρίας
3138 5306 3363 5362 αἰωνίου
3384 5324 3397 5337 ο
3425 5319 3705 5377 προσαγο-

506 5455 553 5489 τ’
588 5454 752 5514 Hebr.
789 5460 988 5529 13,24.
1063 5462 1110 5495 τε
1137 5461 1335 5532 Ephcs.
1366 5478 1404 5529 ι,
1434 5461 1524 5518 at.
1603 5458 2107 5530 "llcbr.v,4,5.
2186 5458 2232 5492 ευ
2261 5422 2424 5517 llebr.
2451 5475 2548 5527 vn,
2583 5460 2671 5517 t6.

1536 5618 1712 5675 Varia:
1741 5619 2000 5678 lectiones
2029 5619 2233 5678 codicis
2268 5615 2625 5690 Seguieriani.

1958 5741 1991 5757 ρ

515 5756 541 5786 κ
571 5749 849 5820 ἀρχιερέα.
929 5761 957 5801 r
988 5753 1383 5824 ἀποφέρουσαν.
