3942 6128
178 384 320 442 1589

996 384 1088 439 AD
1128 376 1430 440 REGINAS
1472 378 1557 437 DE
1596 370 1831 437 RECTA
1868 372 2031 438 FiDE
2067 375 2328 440 ORATIO
2364 374 2664 442 ALTERA.

3308 388 3444 448 1390

181 506 398 578 ρευθεὶς
445 506 551 559 ὑπὸ
604 502 697 560 τοῦ
734 503 870 559 Θεοῦ
916 505 1210 578 ἀρχιερεὺς
1259 505 1404 561 κατὰ
1456 504 1558 577 τὴν
1608 504 1761 569 τάξιν

1881 502 2167 574 rppeilatus
2198 521 2225 560 a
2263 504 2375 562 Deo
2421 505 2664 577 pontifex
2697 505 2997 564 secundum
3021 508 3268 566 ordinem
3310 513 3444 567 Μυί-

177 595 530 667 Μελχισεδέκ.
571 612 594 648 ι
635 595 692 649 '0
719 596 993 663 πάνσοφος
1040 594 1252 658 Παῦλος
1282 592 1586 647 ἐπιστέλλει
1610 631 1626 656 ,
1665 590 1760 645 καί

180 702 316 760 φησι
339 691 449 752 τοῖς
475 690 533 741 ὲν
564 688 740 742 πίστει
786 686 1268 758 δεδικαιωμένοιςο
1304 703 1328 737 ε
1363 685 1618 756 Μιμηταί
1655 696 1758 754 μου

180 777 421 848 γίνεσθε,
452 779 635 843 καθὼς
659 777 816 847 κάγὼ
841 776 1101 851 Χριστοῦ.
1138 796 1159 830 ι
1197 772 1311 830 Καὶ
1350 775 1456 847 μὴν
1489 775 1586 829 καὶ
1612 775 1642 828 ὁ
1669 772 1762 826 θε·

183 872 407 935 σπέσιος
427 871 630 942 Πέτρος
649 888 665 902 ο
704 892 723 923 ι
746 872 905 926 Ποῖον
936 870 1046 940 γὰρ
1077 869 1256 934 κλέος,
1288 867 1474 939 φησιν,
1507 867 1556 919 εί
1581 866 1764 935 ἁμαρ-

183 964 439 1028 τάνοντες
494 965 588 1018 καὶ
631 963 1048 1035 κολαφιζόμενοι
1096 960 1452 1032 ὑπομενεῖτες
1511 958 1656 1013 Ἀλλ’
1714 959 1766 1011 εί

185 1054 643 1124 ἀγαθοποιοῦντες
688 1056 785 1109 καὶ
831 1055 1133 1125 πάσχοντες
1182 1053 1509 1124 ὑπομενεῖτε
1530 1090 1546 1116 ,
1605 1049 1766 1104 τοῦτο

184 1147 344 1219 χάρις
367 1146 518 1218 παρὰ
542 1146 684 1217 Θεῷ.
713 1147 838 1200 Ὀτι
862 1146 1096 1218 Χριστὸς
1122 1145 1395 1201 ἀπέθανεν
1418 1146 1560 1218 ὑπὲρ
1582 1146 1765 1217 ἡμῶν,

188 1240 320 1309 ὑμῖν
370 1240 769 1310 ἀπολιμπάνων
816 1238 1204 1312 ὑπογραμμὸν,
1255 1237 1342 1292 ίνα
1390 1237 1767 1308 ἐπακολουθή-

190 1344 321 1402 σητε
361 1335 474 1395 τοῖς
521 1333 726 1402 ἴχνεσιν
759 1329 948 1385 αὐτοῦ.
986 1349 1006 1383 ι
1043 1330 1272 1399 Γέγονεν
1304 1329 1413 1401 ἄρα
1453 1328 1654 1391 σκοπὸς
1690 1325 1769 1398 τῷ

187 1416 485 1490 Μονογενεί
525 1420 624 1490 τὴν
668 1420 804 1493 πρὸς
836 1422 986 1491 ἡμᾶς
1022 1420 1285 1491 ὁμοίωσιν
1327 1421 1527 1491 ἔχοντι,
1575 1417 1769 1472 παθεῖν

188 1514 571 1587 ἀνθρωπίνως,
602 1514 697 1567 καὶ
724 1513 930 1579 διδάξαι
961 1514 1061 1586 μὲν
1087 1510 1215 1577 τοὺς
1248 1511 1399 1584 αὐτῷ
1431 1512 1767 1586 γνωρίμους,

162 1604 312 1658 ”τίνα
342 1605 406 1675 δὴ
445 1605 647 1676 τρόπον
675 1608 793 1670 ταῖς
822 1606 933 1660 τῶν
976 1605 1301 1692 πειρασμῶν
1343 1604 1554 1674 ἐφόδοις
1601 1620 1773 1676 προσο

188 1698 446 1769 ἔρχεσθαι
474 1695 601 1769 χρὴ,
639 1697 736 1750 καὶ
761 1696 979 1761 ὁποίους
1008 1691 1150 1752 εἶναι
1181 1698 1445 1769 προσήκει
1487 1696 1615 1759 τοὺς
1642 1695 1769 1749 διω-
1808 1698 1827 1760 _’

188 1789 460 1859 κομένους
490 1789 592 1859 τῆς
621 1790 701 1851 είς
730 1787 864 1841 Θεὸν
917 1787 1201 1851 εὐσεϐείας
1244 1787 1428 1853 ἕνεκα,
1456 1786 1552 1839 καὶ
1584 1783 1772 1840 κινδύ-

187 1897 303 1943 νοις
330 1881 353 1932 ὲ
364 1879 709 1950 μϐεϐηκότας
731 1882 844 1943 τοῖς
860 1889 884 1917 ι
903 1881 1033 1950 περὶ
1054 1879 1232 1951 ψυχῆς
1258 1880 1353 1934 καλ⁵
1387 1879 1658 1950 σώματος·
1675 1877 1772 1932 καὶ

191 1973 422 2043 προσέτι
456 1971 634 2042 τούτῳ
676 1971 990 2036 καταδεῖξαι
1023 1971 1123 2040 τῆς
1160 1971 1410 2041 ὑπακοῆς
1443 1970 1664 2034 εὐκλεὲς
1709 1969 1772 2022 τὸ

189 2065 362 2130 τέλος,
396 2064 482 2118 ἵνα
507 2065 600 2118 καὶ
642 2065 804 2136 ἡμεῖς
827 2063 1038 2136 ἄριστοί
1067 2080 1129 2117 τε
1171 2064 1268 2117 καὶ
1302 2063 1458 2133 σοφοὶ
1485 2061 1595 2117 τῶν
1624 2059 1772 2130 αὐτῷ

189 2154 598 2226 πεπραγμένων
648 2152 1011 2224 οίκονομικῶς
1058 2150 1448 2224 εὑρισκὼμεθα
1510 2150 1770 2220 μιμηταὶ,

188 2248 305 2311 τοῖς
334 2263 392 2298 τε
423 2245 625 2316 ίχνεσιν
676 2244 842 2299 αὐτοῦ
890 2243 1314 2298 κατακολουθεῖν
1356 2240 1771 2308 σπουδάζοντες,

189 2339 283 2392 τὸν
309 2339 595 2410 εὐδόκιμον
624 2338 841 2409 ἀληθῶς
881 2338 1229 2408 διαζήσωμεν
1273 2334 1414 2406 βίον.
1443 2336 1564 2390 Ὀτι
1593 2334 1774 2389 τοίνυν

190 2431 493 2502 ἄθραυστον
527 2431 671 2502 ἔχειν
704 2430 973 2502 προσήκει
1011 2430 1072 2483 τὸ
1118 2427 1376 2500 φρόνημα
1421 2427 1548 2490 τοὺς
1590 2421 1670 2491 οἷς
1706 2426 1774 2481 ἂν

189 2525 328 2589 ὅλως
362 2524 651 2595 προκέοιτο
684 2522 877 2578 παθεῖν
923 2521 1063 2593 ὐπέρ
1093 2537 1155 2589 γε
1188 2520 1289 2589 τῆς
1317 2521 1398 2582 είς
1442 2517 1606 2573 αὐτὸν
1636 2519 1775 2588 ἁγά·

192 2632 324 2687 πης,
356 2617 451 2670 καὶ
483 2616 575 2670 τὸν
615 2617 754 2687 ὑπὲρ
787 2616 885 2686 τῆς
933 2612 1219 2675 εὐσεϐείας
1249 2610 1493 2665 κίνδυνον
1519 2609 1773 2681 ἡγεῖσθαι

193 2709 362 2779 ζωὴν,
409 2709 469 2773 ἐξ
502 2701 576 2763 ὧν
612 2707 909 2778 ὑπέμεινεν
938 2704 1126 2769 αὐτὸς,
1160 2703 1417 2776 πέπραχε
1444 2720 1503 2756 τε
1529 2702 1598 2757 δι’
1624 2701 1777 2773 ἡμᾶς

193 2799 573 2870 ἀνθρωπίνως,
621 2798 894 2851 διδάσκειν
929 2795 1200 2866 βούλεται.
1251 2793 1400 2866 Πλὴν
1446 2794 1550 2848 οὐκ
1582 2794 1776 2865 ἀφίησι

192 2893 323 2955 τοὺς
353 2891 774 2962 ἀνδριζομένους
808 2891 929 2960 είκῆ
979 2888 1387 2961 παραρῤίπτειν
1425 2886 1526 2952 τὰς
1566 2886 1776 2941 ἑαυτῶν

193 2985 392 3057 ψυχὰς,
427 2984 550 3037 οὐδὲ
598 2977 710 3036 οἷον
766 2981 1030 3052 μεθέντας
1074 2979 1362 3051 ἀτημελῶς
1395 2978 1457 3033 τὸ
1503 2978 1779 3051 πρακτέον

196 3076 291 3130 καὶ
315 3075 385 3128 τὰ
412 3075 480 3128 δι’
511 3066 587 3127 ὧν
614 3068 683 3143 ἦν
727 3070 876 3133 εἰκὸς
905 3068 1193 3136 σώζεσθαι,
1227 3070 1356 3140 παρ’
1386 3067 1578 3122 ἐλπίδα
1616 3068 1778 3137 μόνον

196 3165 513 3237 ἐκδέχεσθαι
557 3165 619 3219 τὸ
653 3167 765 3227 τοῖς
795 3160 1182 3216 ἐθελοκακοῦσι
1214 3158 1423 3212 δοκοῦν.
1443 3157 1779 3213 Ἀναπείθων

194 3259 254 3312 δὲ
283 3258 483 3328 μᾶλλον
508 3255 878 3311 συντείνεσοαι
906 3252 1235 3325 προσευχὰς,
1265 3252 1361 3305 καὶ
1394 3251 1774 3321 ἀκατάληκτον

195 3350 467 3402 ποιεῖσθαι
485 3347 584 3417 τὴν
606 3346 790 3418 [πρὸς]
818 3345 952 3398 Θεὸν
985 3343 1221 3397 ἱκετείαν
1238 3354 1288 3409 ι,
1312 3342 1484 3396 ταῦτα
1510 3342 1773 3406 διδάσκει,

192 3441 407 3511 δεήσεις
436 3455 495 3490 τε
527 3439 622 3489 καὶ
643 3435 924 3504 ἱκετηρίας
954 3435 1013 3486 ἐν
1032 3436 1155 3496 ταῖς
1184 3432 1421 3501 ἡμέραις
1451 3432 1552 3501 τῆς
1576 3432 1779 3501 σαρκὸς

196 3529 364 3583 αὐτοῦ
394 3524 791 3595 προσαγηοχὼς
820 3523 953 3592 πρὸς
996 3522 1087 3575 τὸν
1119 3522 1419 3591 δυνάμενον
1445 3519 1641 3582 σώζειν
1676 3518 1779 3570 αὐ-

195 3621 288 3672 τὸν
321 3619 386 3669 ὲκ
411 3615 664 3668 θανάτου.

208 3846 213 3851 -
270 3804 362 3860 M'.
405 3804 549 3874 Ὀρα
584 3801 640 3855 δὲ
678 3803 825 3864 ὅπως
862 3799 956 3853 καὶ
984 3795 1361 3866 ἁγιοπρεποῦς
1393 3793 1697 3857 ἐπιεικείας
1721 3791 1784 3845 τὸ

197 3899 390 3970 χρῆμα
440 3895 809 3967 μεμέστωται.
861 3892 935 3945 Τὸ
988 3892 1086 3964 μὲν
1125 3891 1235 3961 γὰρ
1271 3885 1783 3960 καταθρασύνεσθαι

196 3993 306 4045 τῶν
338 3987 682 4060 πειρασμῶν,
721 3985 944 4056 ἀνδρίας
991 3984 1090 4055 μὲν
1136 3983 1250 4053 ἔχει
1300 3980 1479 4048 δόξαν,
1532 3979 1680 4034 δοκεῖ
1726 3977 1784 4030 δέ

196 4098 315 4145 πως
341 4080 644 4153 ὑπεροψίας
672 4080 772 4132 οὐκ
800 4079 879 4140 είς
904 4076 1048 4130 ἆπαν
1077 4073 1446 4145 ὴμοιρηκέναι
1463 4086 1477 4102 ⁸
1496 4070 1559 4125 τό
1581 4088 1645 4139 γε
1677 4069 1783 4141 μὴν

197 4172 427 4225 δεδιέναι
465 4170 562 4240 μὲν
597 4168 694 4222 καὶ
740 4165 1165 4221 ὑποστέλλεσθαι
1197 4164 1396 4228 δοκεῖν,
1433 4163 1528 4217 καὶ
1573 4162 1784 4216 δεῖσθαι

199 4264 334 4317 Θεοῦ
385 4263 481 4316 τοῦ
535 4261 730 4325 σώζειν
795 4260 1108 4331 ἰσχύοντος,
1163 4258 1451 4321 εὐλαϐείας
1515 4253 1786 4326 ὑπόληψιν

198 4356 333 4426 ἔχει.
369 4354 524 4408 Ἐπεὶ
565 4353 653 4406 διὰ
680 4353 838 4406 ποίαν
870 4352 1047 4405 αἰτίαν
1079 4354 1193 4415 τοῖς
1226 4350 1404 4420 ἁγίοις
1441 4349 1782 4423 προστέταχε

201 4449 503 4520 μαθηταῖςο
542 4465 560 4497 ι
593 4447 765 4499 Ὅταν
812 4445 869 4499 δὲ
910 4445 1180 4498 διώκωσιν
1214 4444 1361 4513 ὑμᾶς
1405 4443 1464 4496 ἐν
1509 4445 1574 4514 τῇ
1631 4439 1781 4494 πόλει

1866 595 2114 651 οίιὶεοάεο
2131 595 2200 651 ⁸⁸.
2233 616 2252 648 ι
2276 595 2722 668 Sapientissimus
2750 596 2950 655 Paulus
2985 602 3051 659 ad
3084 615 3201 670 eos,
3223 602 3317 673 qui
3346 618 3443 673 per

1867 686 2028 743 fidem
2070 686 2357 758 iustiﬁcati
2412 689 2650 753 fuerant,
2689 689 2762 744 ita
2810 691 3042 747 scribit:
3087 712 3105 745 ι
3143 693 3449 752 imitatores

1869 781 1975 834 mei
2001 788 2192 843 estote,
2218 780 2361 836 sicut
2390 790 2447 837 et
2469 795 2570 851 ego
2598 780 2803 837 Christi
2826 778 2894 840 δ’.
2932 803 2950 836 ι
2986 783 3127 852 Quin
3153 795 3208 842 et
3233 788 3449 845 divinus

1870 884 2087 941 quoque
2132 868 2362 927 Petrus:
2404 890 2424 923 ι
2465 871 2616 940 Quae,
2659 873 2855 944 inquit,
2905 883 2991 931 est
3019 875 3210 945 gloria,
3243 877 3286 932 si
3319 893 3449 949 pec-

1867 971 2076 1027 cantes,
2098 972 2154 1016 et
2182 963 2502 1032 eolaphizati
2547 963 2822 1022 suﬂ‘ertis?
2855 966 2963 1023 Sed
2994 968 3038 1023 si
3068 969 3210 1024 bene
3241 970 3450 1026 facieu‘
3544 1005 3549 1039 ;

1870 1060 1976 1119 tes,
2000 1053 2272 1123 patienter
2299 1055 2600 1124 sustinetis,
2626 1058 2739 1113 haec
2764 1066 2845 1113 est
2865 1059 3037 1128 gratia
3072 1061 3209 1130 apud
3239 1061 3405 1116 Deum
3434 1078 3449 1117 :

1869 1145 1996 1214 Quia
2035 1153 2092 1200 et
2117 1145 2367 1202 Christus
2412 1161 2605 1216 passus
2635 1156 2721 1204 est
2757 1163 2859 1219 pro
2888 1151 3068 1216 nobis,
3098 1152 3252 1209 vobis
3279 1154 3451 1209 relin-

1871 1251 2045 1306 quens
2094 1238 2425 1309 exemplum,
2460 1250 2523 1296 ut
2552 1242 2857 1311 sequamini
2893 1245 3120 1317 vesrigia
3157 1246 3273 1315 ejus
3312 1244 3377 1300 δ’.
3426 1269 3445 1301 ι

1873 1326 2082 1399 Scopas
2129 1344 2259 1401 ergo
2292 1328 2587 1403 Unigenito
2635 1344 2876 1390 neStram
2912 1337 3322 1397 similitudinem
3351 1343 3451 1397 ha-

1873 1420 2021 1476 benti
2083 1420 2207 1488 fuit,
2275 1426 2572 1479 secundum
2630 1427 2926 1483 humanam
2988 1439 3237 1486 naturam
3314 1430 3451 1505 pati,

1873 1520 2107 1581 Suosque
2142 1510 2436 1569 familiares
2475 1515 2727 1584 edocere,
2766 1514 2921 1591 161
2959 1534 3066 1591 qua
3092 1522 3305 1580 ratione
3337 1534 3455 1580 lens

1818 1674 1823 1685 ι
1876 1602 2147 1657 talionum
2200 1604 2490 1661 insultibus
2530 1607 2748 1663 obviam
2798 1612 2879 1665 ire
2926 1622 3198 1683 oporteat,
3232 1615 3455 1685 quales-

1874 1701 1980 1762 gae
2029 1692 2103 1748 illi
2159 1709 2281 1751 esse
2334 1696 2569 1754 debeant
2622 1700 2715 1769 qui
2769 1701 2967 1757 divina:
3019 1704 3240 1774 pietatis
3290 1722 3452 1764 causa

1876 1786 2282 1854 persecutiones
2362 1789 2677 1860 patiuntur,
2742 1791 2826 1846 vel
2876 1807 2999 1848 cum
3046 1795 3459 1868 quibuscunque

1873 1873 2040 1928 animi
2071 1874 2423 1947 corporisque
2446 1878 2699 1947 periculis
2727 1880 3111 1939 conflictantur
3137 1902 3151 1939 :
3182 1894 3293 1942 tum
3319 1902 3459 1959 pras-

1875 1964 2084 2019 clarum
2115 1981 2334 2037 quoque
2357 1968 2683 2026 obedientia:
2715 1970 2876 2029 tinem
2904 1974 2974 2031 ob
2997 1975 3187 2033 oculos
3216 1989 3420 2049 ponere
3440 2019 3458 2047 ,

1874 2061 1982 2126 quo
2031 2066 2086 2111 et
2144 2071 2241 2113 nos
2302 2073 2519 2129 quoque
2564 2062 2770 2118 strenui
2826 2065 3232 2138 prudentesque
3270 2084 3458 2125 eorum

1874 2165 1998 2220 qua:
2026 2151 2325 2206 secundum
2369 2153 2563 2208 carnis
2587 2154 3049 2224 dispensationem
3084 2159 3174 2215 ille
3202 2163 3457 2232 patravit,

1875 2239 2182 2296 imitatores
2234 2241 2464 2308 inventi,
2527 2244 2882 2317 vestigiisque
2926 2249 3166 2320 ejusdem
3220 2254 3462 2310 studiose

1876 2331 2211 2402 insistentes,
2253 2332 2420 2389 vitam
2451 2347 2579 2392 vere
2602 2336 2888 2406 probatam
2930 2342 3315 2412 transigamus.
3354 2343 3462 2402 Per

1876 2435 1940 2477 ea
1990 2422 2156 2493 igitur
2202 2435 2324 2494 quae
2376 2425 2492 2496 ipse
2534 2435 2598 2482 ut
2637 2427 2802 2484 homo
2835 2439 3061 2501 propter
3088 2447 3186 2489 nos
3216 2433 3346 2492 fecit
3398 2454 3464 2493 ae

1876 2516 2124 2587 pertulit,
2178 2518 2467 2576 ostendere
2532 2520 2706 2576 voluit
2788 2521 2930 2592 illos,
2993 2524 3189 2595 quibus
3243 2534 3465 2600 prepter

1879 2607 1997 2678 eius
2024 2607 2369 2665 dilectionem
2418 2611 2697 2683 quidpiam
2750 2612 3037 2670 adversum
3074 2615 3314 2688 perferre
3338 2635 3465 2691 pro-

1874 2699 2114 2768 positum
2154 2709 2260 2768 est,
2301 2714 2538 2758 mentem
2595 2703 2844 2760 obtinere
2884 2704 3084 2764 debere
3149 2710 3358 2766 ﬁrmam
3410 2725 3465 2765 et

1879 2790 2292 2859 inconcussam,
2346 2806 2414 2850 ac
2463 2795 2736 2864 pericula,
2789 2810 2909 2867 quae
2970 2798 3249 2871 religionis
3298 2817 3459 2858 causa

1881 2882 2272 2952 suscipiuntur,
2324 2884 2492 2940 vitam
2540 2887 2831 2943 mstimare.
2901 2889 3284 2949 Verumtamen
3348 2911 3455 2950 nou

1879 2974 2145 3044 permittit
2170 2975 2309 3032 virili
2347 2976 2543 3033 robore
2575 2980 2832 3048 prteditos
2858 2981 3070 3040 animas
3101 2999 3229 3042 suas
3258 2994 3462 3042 temere

1882 3065 2139 3136 abjicere,
2188 3078 2283 3124 aut
2327 3072 2471 3140 quod
2520 3072 2787 3143 agendum
2833 3074 3120 3143 incumbit,
3165 3093 3261 3148 per
3294 3079 3467 3151 neglia

1807 3186 1855 3250 ο
1883 3162 2121 3229 gentiam
2149 3163 2473 3233 omittendo,
2501 3174 2556 3221 et
2586 3180 2682 3235 per
2721 3181 2843 3238 qua:
2877 3168 3021 3226 salus
3064 3170 3345 3243 obtingere
3374 3187 3467 3243 po-

1884 3262 2024 3321 test,
2073 3267 2393 3328 exspectare
2423 3256 2596 3314 solum
2633 3271 2832 3329 praeter
2876 3275 3024 3332 spem
3076 3263 3220 3334 quod
3254 3263 3465 3319 libitum

1883 3346 1988 3402 erit
2016 3348 2249 3420 maligne
2274 3350 2582 3420 agentibus,
2637 3352 2729 3408 sed
2759 3352 3025 3408 hortando
3053 3355 3254 3423 potius,
3275 3365 3334 3411 ut
3360 3357 3467 3411 itu-

1883 3436 2039 3506 pigre
2082 3439 2343 3507 precibus
2388 3442 2731 3509 incumbant,
2787 3445 3005 3515 Deoque
3035 3447 3156 3503 sine
3186 3447 3469 3504 intermis-

1886 3529 2040 3583 sione
2071 3530 2392 3599 supplicent,
2445 3533 2562 3586 haec
2592 3534 2767 3602 docet,
2800 3537 2925 3591 dum
2964 3538 3015 3591 in
3060 3538 3257 3596 diebus
3287 3543 3468 3597 carnis

1884 3628 1998 3670 suae
2041 3617 2109 3672 ad
2152 3632 2298 3686 eum,
2355 3621 2444 3689 qui
2492 3618 2708 3680 salvare
2742 3639 2770 3677 a
2808 3636 2981 3680 morte
3020 3627 3171 3682 illum
3232 3641 3466 3700 poterat,

1884 3720 2076 3778 preces
2110 3716 2165 3763 et
2200 3709 2624 3778 supplicationes
2660 3715 2900 3771 oii‘erret.

1956 3794 2072 3854 XL.
2104 3798 2400 3855 Considera
2446 3814 2608 3871 porro
2640 3814 2697 3861 ut
2742 3816 2961 3865 sanctos
2990 3811 3323 3871 condecente
3352 3831 3469 3870 mo-

1887 3888 2060 3946 destia
2126 3887 2512 3949 doCumentum
2574 3896 2677 3952 hoc
2739 3906 2971 3957 scateat.
3054 3902 3468 3964 Tentationibus

1886 3984 2031 4040 enim
2076 3985 2364 4042 audentius
2410 3988 2623 4044 obviam
2665 3991 2769 4056 ire,
2807 3991 3141 4051 fortitudinis
3173 4008 3258 4054 est
3306 4015 3468 4073 argu-

1886 4082 2151 4151 mentum,
2200 4075 2467 4145 superbiae
2517 4086 2696 4134 tamen
2748 4081 3058 4151 suspicione
3100 4100 3206 4140 non
3246 4085 3469 4143 omnino

1887 4144 2079 4219 carer'e
2123 4163 2373 4233 videtur;
2423 4170 2517 4223 sed
2550 4184 2767 4239 pavere,
2812 4181 2864 4227 et
2901 4171 3188 4232 formidine
3221 4179 3467 4234 contrahi

1886 4255 2081 4321 videri,
2112 4265 2167 4312 et
2202 4272 2395 4328 preces
2445 4259 2511 4314 ad
2558 4274 2681 4315 eum
2731 4262 2956 4320 fundere
3003 4266 3094 4336 qui
3132 4267 3343 4325 salvare
3375 4286 3469 4340 po-

1888 4355 2013 4413 test,
2048 4348 2151 4405 hoc
2182 4348 2458 4419 religionis
2488 4360 2574 4407 cst
2602 4367 2758 4423 opus.
2791 4355 3003 4426 Alioqui
3035 4359 3179 4412 enim
3211 4374 3310 4414 cur
3356 4361 3471 4433 ipse

1887 4439 2096 4494 sanctis
2138 4440 2400 4510 apostolis
2431 4443 2730 4512 prmcepit:
2782 4462 2800 4496 ι
2833 4444 2965 4500 Cum
2999 4461 3094 4502 vos
3133 4461 3470 4520 persequen-

198 4541 397 4611 ταύτῃ,
426 4538 658 4609 φεύγετε
692 4540 770 4601 είς
797 4537 894 4607 τὴν
924 4537 1150 4608 ἑτέραν;
1191 4553 1210 4586 ι
1250 4534 1374 4597 Ιιῶς
1410 4534 1468 4586 δὲ
1499 4534 1593 4587 καὶ
1618 4531 1775 4596 αὐτὸς

1891 4538 1978 4584 tur
2006 4530 2056 4583 in
2088 4545 2193 4584 una
2241 4531 2480 4598 civitate,
2533 4533 2700 4602 fugite
2742 4535 2807 4615 in
2843 4536 3001 4591 aliam
3035 4537 3122 4591 οιι
3156 4559 3174 4591 ι
3216 4552 3315 4595 cur
3340 4542 3467 4599 item

196 4634 227 4686 ὑ
261 4633 535 4701 πάνσοφος
581 4630 814 4694 Παῦλος,
869 4630 1048 4684 καίτοι
1089 4628 1264 4696 λέγων
1310 4628 1442 4698 ἡμῖν
1493 4625 1778 4698 έναργῶςο

205 4744 224 4777 ι
265 4725 361 4788 Τίς
398 4725 549 4794 ἡμᾶς
582 4722 809 4792 χωρίσει
835 4720 943 4775 ἀπὸ
969 4722 1072 4790 τῆς
1115 4718 1337 4788 ἀγάπης
1368 4717 1462 4771 τοῦ
1501 4715 1778 4787 Χριστοῦς

202 4817 400 4886 θλίψις,
453 4816 487 4888 ἢ
538 4814 869 4884 στενοχωρία
889 4853 903 4876 ,
952 4813 984 4883 ἢ
1015 4812 1257 4883 διωγμὸς
1281 4851 1295 4876 ,
1331 4811 1363 4882 ἢ
1395 4809 1551 4880 λιμὸς
1571 4848 1585 4871 ,
1616 4809 1650 4880 ἢ
1684 4826 1780 4878 γυ-

203 4910 404 4981 μνότης
423 4951 437 4974 ,
466 4908 498 4978 ἢ
532 4907 775 4968 κίνδυνος
796 4945 811 4970 ,
843 4905 874 4975 ἢ
908 4906 1151 4976 μάχαιρα
1173 4922 1187 4968 ;
1217 4923 1234 4956 ι
1256 4904 1346 4957 τὸν
1366 4903 1466 4972 τῆς
1484 4901 1777 4973 Δαμασκοῦ

198 5001 591 5069 διαδιδράσκων
637 4999 964 5070 ἡγούμενον,
1017 4998 1107 5051 διὰ
1146 4999 1246 5068 τῆς
1290 4995 1506 5065 θυρίδος
1544 4996 1779 5067 ὲχαλᾶτο

199 5093 287 5147 διὰ
334 5093 429 5146 τοῦ
477 5091 720 5161 τείχουςς
754 5090 902 5142 Ἔδει
936 5089 1116 5142 τοίνυν
1153 5087 1356 5152 παντὸς
1408 5086 1614 5156 ἀγαθοῦ
1648 5086 1782 5142 καθα

199 5186 413 5256 ηγητὴν
445 5182 538 5236 κοιλ¹
563 5181 884 5236 διδάσκαλον
914 5180 1076 5234 αὐτὸν
1098 5181 1231 5252 ἡμῖν
1264 5178 1663 5249 ἀναφανείσθαι
1692 5178 1782 5233 τὸν

198 5276 457 5349 Χριστόν.
509 5273 745 5344 Προσῄει
783 5272 882 5342 μὲν
919 5271 1028 5342 γὰρ
1065 5271 1204 5341 μετὰ
1248 5270 1501 5339 κραυγῆς
1554 5270 1782 5339 ἰσχυρᾶς

200 5369 296 5421 καὶ
329 5364 629 5437 ἱκετηρίας,
674 5364 750 5426 ὼς
781 5362 902 5416 καθ’
949 5363 1095 5432 ἡμᾶς
1144 5359 1414 5429 γεγονώς·
1448 5358 1795 5431 εἰσηκούσθη

236 5524 278 5558 ⁸³
315 5521 481 5576 liebr.
513 5536 566 5586 ν,
602 5519 720 5573 7-9.
797 5519 841 5549 ⁸⁸
872 5516 888 5570 Ι
920 5516 1048 5572 Cor.
1080 5532 1154 5581 XI,
1185 5517 1237 5571 ί.
1313 5516 1358 5547 ³⁸
1394 5515 1409 5569 |
1439 5514 1586 5571 Petr.
1628 5530 1690 5581 ll,
1719 5514 1808 5569 ΞΟ.

1890 4623 2322 4695 sapientissimus
2346 4622 2569 4691 Paulus,
2597 4625 2687 4695 qui
2716 4625 2919 4682 diserte
2952 4628 3085 4684 dicit
3109 4646 3123 4683 :
3159 4648 3178 4682 ι
3213 4631 3348 4697 Quis
3375 4648 3473 4688 nos

1890 4717 2225 4787 separabita
2276 4716 2548 4772 cbaritate
2594 4718 2839 4772 Christi?
2890 4720 3205 4789 tribulatio,
3251 4739 3319 4779 an
3370 4741 3471 4781 an-

1892 4809 2101 4880 gustia,
2141 4824 2208 4863 an
2249 4810 2588 4880 persecutio,
2636 4824 2702 4864 au
2746 4810 2946 4880 fames,
2996 4828 3063 4868 au
3117 4815 3366 4885 nuditas,
3404 4834 3470 4872 an

1889 4900 2212 4972 periculum,
2254 4919 2319 4956 an
2352 4902 2564 4973 gladius
2588 4902 2675 4956 ⁸δῖ
2709 4921 2728 4955 ι
2788 4905 3245 4963 Damascenorum
3291 4910 3473 4979 prtefeo

1860 5004 2032 5049 -ctum
2076 4994 2309 5063 fugiens,
2340 5009 2372 5051 e
2393 5010 2548 5051 muro
2571 5011 2668 5065 per
2696 4995 2988 5053 fenestram
3022 5014 3215 5068 passus
3243 5010 3323 5056 est
3353 5016 3473 5056 sese

1894 5085 2103 5140 demitti
2134 5084 2184 5116 ⁸⁸
2204 5085 2379 5140 iCum
2411 5086 2576 5158 igitur
2614 5090 2979 5144 necessarium
3011 5102 3155 5146 esset
3205 5099 3264 5144 ut
3335 5091 3472 5162 ipsc‘

1893 5185 2007 5230 met
2035 5174 2287 5230 Christus
2321 5176 2386 5229 ad
2419 5176 2646 5245 quodvis
2675 5177 2870 5233 bonum
2901 5194 3038 5248 opus
3067 5179 3254 5234 ducem
3283 5193 3341 5234 se
3371 5195 3463 5235 nos

1892 5264 1977 5320 bis
2008 5262 2513 5336 praeceptoremque
2559 5268 2863 5333 exhiberet,
2914 5268 3091 5325 valido
3134 5268 3370 5324 clamore
3419 5281 3472 5325 (ιι

1892 5358 2286 5429 supplicatione
2338 5369 2593 5430 tanquam
2634 5362 2795 5418 homo
2838 5361 2907 5416 ad
2938 5360 3402 5429 Deum'ae‘cessit,
3442 5378 3471 5418 a

1884 5514 1932 5546 “
1964 5514 2161 5571 Matth.
2185 5531 2242 5581 ι,
2273 5516 2364 5570 25.
2445 5518 2489 5550 ⁸⁵
2524 5517 2682 5574 Rom.
2722 5496 2842 5582 vui,
2873 5517 2964 5572 55.
3045 5517 3092 5562 η
3114 5520 3237 5572 Act.
3278 5534 3349 5583 lii,
3380 5516 3474 5576 9.5.

1316 5651 1490 5704 Variae
1528 5649 1790 5706 lectiones
1813 5650 2014 5706 codicis
2041 5649 2403 5718 Seguieriaui.

211 5800 232 5831 ι
271 5789 634 5853 ἐκδεδωκότας
670 5789 896 5852 ἑαυτοὺς
922 5789 1053 5850 τοῖς.
1132 5798 1155 5827 ι
1190 5785 1349 5839 αὑτὸν
1384 5785 1608 5840 ἱκεσίαν.
