3942 6128
496 338 627 396 1391
1457 337 1518 394 8.
1557 335 1838 396 CYRILLI
1876 336 2353 398 ALEXANDRINI
2388 338 2702 395 ARCIIIEP.
3644 339 3783 396 i593

495 474 604 524 quo
649 455 812 512 etiam
867 463 1122 528 tauquam
1158 471 1317 514 verus
1345 459 1726 528 naturalisque
1758 459 1948 525 Filius,
1985 475 2052 529 qu

2224 479 2257 525 ε,
2308 461 2385 524 ὡς
2431 461 2590 530 φύσει
2620 461 2717 515 ml.
2741 461 2966 533 ἀληθῶς
2998 462 3126 526 Υἱὸς
3178 464 3241 517 οὐ
3289 462 3781 534 παρακουόμενος.

503 549 766 617 n-pulsam
828 550 936 618 pati
995 565 1100 604 non
1149 559 1356 619 posset,
1414 552 1697 606 exauditus
1749 560 1854 607 est.
1917 553 2060 623 162

2229 551 2370 620 Ἐγὼ
2400 553 2532 624 γὰρ,
2566 554 2751 624 φησὶν,
2784 554 2930 624 ᾔδειν
2961 555 3044 608 ὅτι
3082 555 3318 609 πάντοτέ
3349 573 3458 624 μου
3489 554 3774 619 ἀκούεις..

502 662 518 690 ι
560 640 668 710 Ego
709 641 877 704 enim,
926 639 1121 708 inquit,
1162 641 1399 696 sciebam
1447 642 1571 710 quia
1619 657 1834 713 semper
1862 657 1949 697 me
1976 659 2059 696 au-

2223 648 2300 698 lva
2341 645 2451 716 γὰρ
2481 647 2576 699 καὶ
2619 646 2718 711 τὰς
2744 649 2776 717 ἡ
2787 647 2904 717 μῶν
2933 649 3245 718 προσευχὰς
3277 647 3482 710 δεκτάς
3517 647 3780 716 γενέσθαι

497 737 582 788 alis
612 733 681 786 ".
718 751 736 784 ι
783 731 852 787 Ut
883 731 1023 787 enim
1075 743 1509 802 nostras-preces
1551 733 1660 796 Deo
1686 735 1942 789 redderet
1983 751 2054 791 ae

2224 739 2610 812 αραρκευάσῃ,
2647 739 2810 793 πάλιν
2846 741 3009 804 αὐτὸς
3038 741 3350 811 ἀπάρχεται
3377 740 3477 794 τοῦ
3509 741 3781 810 πράγμαο

492 835 700 894 captas,
739 825 852 894 ipse
876 823 1085 894 primus
1111 839 1222 878 rem
1249 839 1474 880 exorsus
1498 837 1600 894 est,
1631 836 1886 896 paternas
1913 841 2049 881 aure.

2222 845 2288 894 ις,
2343 831 2625 901 μονονουχὶ
2656 833 3006 900 καπυρύνων
3034 835 3102 903 τῇ
3131 832 3426 903 ἀνθρώπου
3476 832 3652 903 φύσει
3682 833 3779 902 τὴν

497 927 600 980 hac
627 924 836 978 ratione
868 924 1120 978 humana:
1154 933 1363 978 naturae
1397 922 1794 990 quodammodo
1827 919 2054 989 aperiens

2220 921 2272 974 οῦ
2303 922 2514 996 Πατρδς
2547 923 2737 994 ἀκοὴν,
2771 924 2869 976 καὶ
2905 920 3018 976 οἷον
3043 925 3405 995 ἑτοιμοτάτην
3434 924 3777 996 παρατιθεὶς

491 1019 860 1088 dilatansque,
901 1025 957 1072 et
1004 1031 1193 1072 eorum
1252 1014 1416 1078 votis,
1458 1014 1550 1083 qui
1593 1013 1737 1068 illius
1771 1025 1932 1065 causa
1974 1007 2044 1062 ali

2218 1015 2296 1076 ιῖς
2338 1013 2446 1067 τῶν
2497 1015 2566 1068 δι’
2611 1016 2776 1070 αὐτὸν
2827 1016 3248 1072 κινδυνευόντων
3290 1018 3509 1088 εὐχαῖς.
3561 1017 3775 1071 Οὐκοῦν

491 1110 708 1180 quando
763 1109 1222 1180 periclitarentur,
1272 1105 1459 1160 faciles
1518 1113 1905 1174 promptasque
1960 1099 2047 1155 eili

2216 1107 2339 1173 μείς
2380 1099 2524 1175 ἦμεν
2568 1107 2627 1158 ὲν
2661 1106 2831 1177 αὐτῷ,
2873 1107 3126 1179 καθάπερ
3170 1109 3227 1162 ὲν
3263 1110 3497 1179 ἀπαρχῇ
3539 1109 3771 1180 δευτέρᾳ

490 1204 663 1258 ciens.
697 1201 806 1256 Nos
853 1201 1034 1269 itaque
1077 1199 1193 1269 ipso
1241 1196 1404 1253 veluti
1439 1197 1490 1250 in
1518 1196 1688 1250 altero
1735 1192 1949 1263 generis
1975 1205 2046 1246 no

2212 1194 2271 1248 οῦ
2312 1196 2525 1264 γένους,
2572 1197 2623 1250 οί
2651 1198 2789 1268 μετὰ
2825 1201 3074 1271 κραυγῆς
3106 1202 3334 1270 ἰσχυρᾶς
3368 1201 3468 1254 καὶ
3500 1201 3608 1254 οὐκ
3643 1201 3769 1254 ἀδα-

491 1296 591 1349 stri
642 1293 910 1362 principio
943 1306 1181 1354 eramus.
1225 1291 1316 1360 qui
1348 1289 1526 1343 valido
1555 1303 1677 1343 cum
1724 1287 1964 1342 clamore
2019 1299 2048 1340 e

2208 1288 2336 1360 ρυτὶ
2380 1289 2830 1361 προσευχόμενοι,
2882 1292 2976 1344 καὶ
3035 1290 3097 1344 τὸ
3129 1291 3226 1345 τοῦ
3274 1291 3519 1346 θανάτου
3569 1293 3765 1363 κράτος

493 1386 746 1458 lacrymis
768 1424 783 1450 ,
811 1395 870 1439 ut
903 1384 1092 1438 mortis
1125 1381 1409 1453 imperium
1439 1380 1493 1434 in
1522 1378 1677 1434 nobis
1722 1376 2032 1432 aboleretur

2205 1381 2590 1454 ιαταργηϐῆναι
2619 1383 3091 1453 παρακαλοῦντες,
3123 1386 3340 1455 ἰσχῦσαι
3369 1386 3429 1440 δὲ
3465 1385 3571 1456 τὴν
3603 1386 3762 1456 ζωὴν,

491 1491 543 1536 et
578 1481 684 1534 vita
720 1488 926 1534 natura:
975 1487 1176 1531 nostrae
1203 1477 1473 1545 quondam
1513 1473 1710 1529 donata
1755 1471 1932 1526 denuo
1976 1469 2048 1525 [ira

1775 1471 1932 1526 lentto
1976 1469 2072 1525 ﬁr-
2172 1474 2274 1546 τὴν
2301 1475 2398 1530 καὶ
2429 1475 2600 1531 πάλαι
2625 1479 2694 1548 τῇ
2735 1476 2896 1547 φύσει
2929 1477 3332 1550 δεδωρημένην.

491 1581 756 1636 maretur,
787 1569 948 1624 enixe
974 1567 1420 1639 clllagitahamus.
1839 1612 1895 1617 __
1923 1612 1926 1613 ν

561 1657 698 1713 XLI.
733 1657 904 1712 Porro
942 1668 1143 1720 autem,
1185 1655 1330 1726 quod
1373 1653 1784 1726 obtemperandi
1816 1652 1924 1708 Deo
1959 1661 2072 1707 stu-

2245 1651 2524 1706 ΜΑ¹.”Οτι
2550 1651 2606 1706 δὲ
2637 1652 2702 1705 τό
2736 1651 3048 1707 ὑπακοῦσαι
3076 1652 3197 1724 Θεῷ
3223 1652 3490 1726 λαμπρὸν
3522 1653 3621 1708 καὶ
3649 1653 3766 1708 ἀπό-

489 1753 635 1807 dinm
704 1749 964 1820 praeclara
1045 1750 1292 1804 mercede
1354 1757 1633 1818 pensetur,
1696 1747 2046 1814 illustremqm

2213 1744 2408 1796 ὶὶεπτον
2452 1743 2563 1814 ἔχει
2609 1743 2670 1797 τὸ
2702 1743 2896 1814 πέρας,
2939 1745 3017 1808 ὠς
3059 1746 3117 1798 ὲν
3147 1745 3298 1816 αὑτῷ
3325 1745 3390 1816 δὴ
3428 1745 3602 1798 πάλιν
3647 1745 3767 1812 ἀιό-

490 1842 692 1896 cxitum
750 1839 1031 1905 sortiatur,
1085 1840 1188 1893 hoc
1225 1852 1291 1892 ex
1325 1839 1441 1908 ipso
1488 1838 1678 1892 eodem
1730 1852 1946 1892 rursum
1991 1835 2047 1890 di

2214 1836 2340 1890 .εθα.
2373 1854 2392 1888 ι
2437 1803 2553 1906 ‘A'qa‘
2587 1829 2662 1891 ὧν
2695 1803 2824 1906 γάρ,
2856 1803 3052 1908 φησιν,
3081 1803 3302 1901 ἔπαθεν,
3323 1803 3500 1908 ἔμαθε
3536 1837 3641 1908 τὴν

489 1947 642 1988 scere
672 1931 818 1986 licet.
869 1949 887 1983 ι
921 1931 999 1985 Ex
1047 1930 1151 1996 his,
1190 1931 1385 2001 inquit,
1419 1945 1538 2000 qua:
1569 1945 1762 2001 passus
1793 1941 1896 1993 est,
1930 1929 2046 1984 didi

2215 1928 2362 1998 κοήν.
2397 1947 2416 1981 ι
2449 1928 2675 1996 Ὅμοιον
2716 1928 2822 2004 γὰρ
2849 1927 2926 1991 ὡς
2975 1930 3024 1980 εί
3052 1928 3199 1996 λέγοι
3228 1929 3423 1998 τυχόνο
3459 1948 3480 1980 ε
3506 1930 3772 1982 Τεταπεί-

490 2027 566 2079 ιιὶι
589 2024 947 2079 obedientiam
979 2023 1045 2076 ⁸⁸.
1087 2042 1106 2075 ι
1137 2021 1288 2088 Quod
1321 2022 1545 2092 perinde
1575 2033 1676 2088 est,
1709 2038 1774 2077 ac
1809 2024 1851 2078 si
1882 2023 2028 2078 dicat

2212 2037 2347 2074 ωκεν
2396 2018 2607 2085 ἑαυτὸν,
2657 2018 2952 2089 γενόμενος
3000 2019 3241 2090 ὑπήκοος
3291 2019 3446 2089 μέχρι
3499 2019 3769 2088 θανάτου,

496 2137 514 2171 ι
556 2117 872 2171 Humiliavit
906 2115 1276 2185 semetipsum,
1311 2115 1483 2170 factus
1510 2115 1768 2170 obediens
1802 2127 1971 2184 usque
2004 2129 2053 2168 at

2209 2111 2406 2165 ανάτου
2436 2109 2494 2163 δὲ
2525 2109 2782 2180 σταυροῦ.
2820 2129 2839 2160 ι
2882 2109 3024 2163 Ἀλλ’
3054 2111 3116 2163 οὐ
3146 2111 3422 2180 μεμένηκε
3453 2113 3763 2174 ταπεινός·

491 2213 743 2268 mortem,
794 2212 1020 2258 mortem
1066 2215 1246 2258 autem
1293 2203 1470 2259 crucis
1501 2203 1570 2258 ⁸³.
1624 2223 1644 2257 ι
1685 2201 2048 2258 Verumtamen

2211 2200 2510 2274 περυψὼοη
2559 2201 2669 2271 γάρ
2708 2201 2890 2254 λαϐὼν
2925 2201 3097 2272 ὄνομα
3127 2203 3190 2254 τὸ
3228 2202 3368 2274 ὑπὲρ
3413 2205 3526 2256 πᾶν
3575 2203 3768 2274 Empta.

489 2302 542 2353 in
573 2310 636 2352 ea
667 2295 971 2365 abjectione
1003 2303 1058 2350 et
1091 2294 1399 2351 humilitate
1425 2309 1530 2350 non
1568 2296 1866 2366 permansit
1895 2313 1910 2350 :
1945 2311 2046 2350 nan

2211 2291 2552 2364 ἀνθρώπινον
2579 2293 2679 2363 μὲν
2701 2291 2792 2346 τοῦ
2818 2291 2976 2361 λόγου
3004 2293 3064 2346 τὸ
3091 2294 3296 2364 σχῆμα,
3321 2295 3557 2364 ἄριστός
3575 2312 3640 2364 γε
3668 2295 3768 2365 μὴν

487 2388 924 2458 superexaltatus
974 2397 1080 2452 est,
1123 2389 1361 2454 nomine,
1412 2388 1558 2457 quod
1591 2401 1756 2457 super
1789 2402 1949 2443 omne
1975 2403 2044 2443 no

2210 2385 2256 2448 l;
2303 2385 2450 2454 ἡμᾶς
2496 2385 2526 2436 6
2575 2382 2670 2436 τοῦ
2707 2383 3036 2454 πράγματος
3084 2383 3275 2449 τύπος,
3320 2385 3528 2439 εὐκλεᾶ⁹
3577 2403 3639 2438 τε
3679 2387 3767 2438 καὶ

488 2495 634 2546 men,
686 2490 907 2550 accepto
934 2478 1001 2534 '°.
1035 2481 1280 2533 Humana
1320 2480 1539 2549 quidem
1568 2489 1653 2535 est
1681 2479 1839 2550 hujus
1882 2481 2045 2537 dit-tio

2215 2474 2509 2542 ξιάγαστον
2538 2473 2859 2542 ἀποφαίνων
2893 2472 2990 2544 τὴν
3022 2474 3287 2545 ὑπακοὴν,
3314 2476 3414 2528 καὶ
3433 2475 3534 2529 τοῦ
3569 2476 3767 2539 παντὸς

488 2570 572 2624 nis
605 2569 820 2638 ﬁgura:
847 2583 1034 2622 verum
1064 2568 1275 2624 illustre
1299 2569 1454 2625 nobis
1479 2568 1785 2639 exemplum
1818 2571 1908 2625 hic
1945 2587 2042 2640 pro

2217 2565 2307 2636 μῖν
2338 2565 2596 2636 πρόξενον
2626 2563 2855 2633 ἀγαθοῦ.
2889 2564 3071 2628 Τόπος
3087 2563 3180 2619 οὗν
3210 2565 3320 2636 ἀρα
3348 2567 3446 2620 καὶ
3474 2567 3767 2638 ὑπογραμμ-

486 2662 738 2728 ponitur;
780 2661 1086 2716 ostenditur
1114 2661 1258 2716 enim
1288 2663 1650 2718 obedientiam
1682 2672 1738 2718 et
1775 2663 2043 2732 gloriosan

2209 2658 2279 2720 :6;
2310 2658 2390 2720 είς
2417 2658 2566 2727 ἡμᾶς
2591 2656 2651 2710 τὸ
2687 2656 2825 2727 μετά
2857 2659 3106 2729 κραυγῆς
3137 2659 3368 2730 ἰσχυρᾶς
3393 2661 3491 2713 καὶ
3519 2661 3766 2730 δακρύων

487 2752 919 2807 etadmiratione
950 2753 1166 2822 dignam
1222 2762 1276 2807 et
1310 2753 1573 2808 bonorum
1606 2753 1846 2808 omnium
1887 2754 2044 2808 conci

2211 2747 2572 2820 τροσεύχεσθαι
2602 2747 2999 2819 πειραζόμενον
3029 2750 3120 2802 τὸν
3161 2751 3546 2821 Ἐμμανουήλ,
3579 2752 3642 2804 οὐ
3671 2750 3768 2821 πρὸ

487 2842 750 2897 liatricem
797 2857 939 2899 esse.
968 2842 1120 2909 Quod
1152 2843 1317 2915 igitur
1343 2845 1661 2901 Emmanuel
1690 2862 1797 2902 non
1837 2856 1962 2902 ante
1992 2848 2044 2902 in

2210 2847 2272 2917 ἦς
2305 2842 2799 2915 ὲνανθρωπήσεως,
2833 2844 2947 2896 ἀλλ’
2978 2845 3037 2896 ἐν
3068 2846 3189 2907 ταῖς
3225 2845 3474 2916 ἡμέραις
3503 2847 3611 2915 τῆς
3643 2863 3767 2916 σαρ-

484 2934 879 3000 carnationem,
934 2936 1029 2990 sed
1079 2935 1132 2989 in
1188 2936 1378 2992 diebus
1419 2936 1602 2992 carnis
1659 2952 1770 2992 sua:
1815 2935 2041 3010 (quand!

2212 2938 2269 3002 ος
2298 2937 2488 3004 αὐτοῦ,
2512 2938 2600 2992 ὅτε
2628 2938 2724 2990 καὶ
2748 2935 2906 2990 τοῦτο
2935 2937 3072 3008 δρᾷν
3107 2937 3465 3007 ἀνεγκλήτως
3496 2939 3651 3008 ἐξῆν,
3680 2938 3766 2992 οὐ·

487 3027 765 3094 nimirum,
798 3028 933 3083 citra
970 3028 1134 3082 ullam
1178 3041 1384 3095 notam,
1422 3031 1668 3101 citraque
1705 3046 1922 3087 omnem
1953 3046 2042 3086 om

2206 3032 2261 3086 ὲν
2289 3033 2370 3095 εἰς
2398 3031 2497 3102 τὴν
2526 3030 2627 3102 τῆς
2679 3030 2938 3100 θεότητος
2967 3029 3327 3098 ἀδικούμενον
3359 3029 3550 3097 δόξαν,
3589 3029 3763 3099 ἀφιείς

487 3119 617 3171 ιιὶηο
651 3118 844 3172 ᾱίινίηῖε
881 3118 1064 3188 gloria:
1097 3135 1210 3175 sum
1249 3120 1499 3190 injuriam
1535 3121 1716 3176 facere
1749 3122 1802 3176 id
1836 3121 2036 3176 licebat

2207 3143 2278 3196 ἠς
2311 3125 2368 3178 δὲ
2401 3124 2607 3196 μᾶλλον
2639 3123 2771 3178 αὐτὸ
2795 3122 2956 3176 τοῦτο
2987 3121 3120 3192 δρᾷν
3147 3122 3248 3191 τῆς
3277 3123 3423 3192 μετὰ
3454 3123 3670 3192 σαρκὸς
3693 3124 3764 3174 οξ-

485 3209 594 3263 imo
623 3224 749 3264 vero
775 3211 992 3278 quando
1034 3211 1363 3282 dispensatio
1405 3226 1530 3266 cum
1564 3227 1731 3267 carne
1772 3211 1888 3267 ﬁeri
1926 3212 2042 3266 istut

2205 3216 2468 3287 ;ονομίας’
2519 3215 2644 3269 ἐπεὶ
2675 3215 2798 3269 τίνα
2829 3214 3031 3286 τρόπον
3061 3213 3411 3284 κατεπτοήθη
3464 3213 3704 3268 θάνατον
3732 3215 3762 3282 ἡ

485 3301 868 3369 permittebat:
913 3301 1115 3372 alioqui
1156 3305 1298 3357 enim
1346 3304 1616 3372 quomodo
1669 3303 1779 3358 vita
1834 3313 2042 3359 morten

2208 3309 2323 3378 ωή;
2365 3307 2422 3358 '0
2449 3305 2508 3358 δὲ
2537 3305 2633 3358 καὶ
2663 3305 2810 3375 ἡμᾶς
2839 3303 3035 3366 αὐτοὺς
3065 3302 3388 3372 ἀποφαίνων
3432 3303 3764 3372 εὐτολμοτὰ-

488 3392 792 3448 timuisset‘?
840 3397 859 3463 )
910 3403 1150 3450 tentatus
1201 3395 1674 3465 impugnatusque,
1722 3395 1900 3452 valido
1941 3411 2045 3451 cun

2205 3416 2317 3463 ους,
2348 3399 2444 3452 καὶ
2472 3397 2646 3466 λέγων
2665 3415 2680 3428 ·
2717 3416 2736 3450 ‹
2777 3397 2870 3468 Μὴ
2900 3395 3155 3466 φοϐεῖσθε
3186 3395 3294 3449 ἀπὸ
3341 3394 3455 3448 τῶν
3503 3397 3762 3449 ἀποκτει-

473 3483 725 3539 ςεισιιιοτε
747 3493 802 3540 ct
845 3485 1097 3558 lacrymis
1131 3487 1308 3540 oravit
1341 3501 1356 3540 :
1391 3486 1443 3542 id
1472 3487 1628 3543 nobis
1662 3487 1730 3543 ad
1756 3488 2030 3558 exemplut

2202 3490 2376 3544 ’όντων
2401 3488 2464 3544 τὸ
2489 3489 2680 3560 σῶμαο
2716 3508 2735 3541 ι
2775 3488 2895 3552 πῶς
2935 3488 3002 3542 ἂν
3032 3489 3148 3559 ἥλω
3175 3487 3366 3542 παθὼν
3396 3488 3502 3558 τὴν
3532 3489 3759 3551 δειλία-η

485 3578 630 3645 quod
673 3577 944 3633 imitemur
974 3618 991 3646 ,
1029 3579 1357 3650 propositum
1392 3579 1865 3636 esse‘existimare
1902 3580 2042 3635 debet

2205 3608 2208 3648 ι
2241 3579 2358 3643 πῶς
2385 3579 2451 3634 ἂν
2481 3579 2712 3650 ἡτόνησε
2749 3580 2847 3650 τῆς
2889 3579 3026 3642 ιδίας
3061 3578 3266 3650 σαρκὸς
3293 3579 3654 3649 ἀποσοΰλσαι
3679 3579 3762 3632 τὸν

486 3685 628 3726 mus.
682 3667 817 3725 Nam
870 3686 994 3726 cum
1047 3672 1162 3740 ipse
1205 3685 1302 3725 nos
1347 3671 1400 3725 in
1441 3671 1714 3740 periculis
1761 3671 1892 3726 velit
1945 3685 2043 3727 θεεε

2203 3673 2428 3739 ιάνατον,
2459 3674 2488 3726 6
2521 3672 2739 3726 πάντων
2769 3671 2934 3725 αὐτὸν
2967 3671 3231 3740 ἀφιστὰς,
3262 3673 3290 3724 6
3324 3673 3427 3742 μιᾷ
3459 3675 3619 3742 φωνῇ
3647 3674 3760 3733 τοὺς

485 3774 647 3828 quam
674 3761 1120 3824 animosissimos,
1151 3775 1448 3830 eorumque
1488 3762 1662 3817 minas
1693 3781 1712 3814 ι
1746 3763 1838 3834 qui
1868 3775 2042 3832 corpu:

2201 3781 2232 3818 ν
2267 3767 2384 3829 τοῖς
2436 3765 2726 3836 μνημείοις
2754 3763 2996 3834 ἐγείρειν
3028 3761 3493 3833 ὑπισχνούμενος,
3537 3765 3638 3817 καὶ
3670 3765 3757 3816 οὐκ

490 3838 696 3906 tantum
725 3853 1082 3920 occiduntW,
1111 3871 1130 3904 ι
1163 3855 1724 3925 contemnerejubeat
1755 3871 1768 3908 :
1797 3853 2047 3926 quomodt

2202 3856 2464 3925 ,νέφικτον
2513 3856 2665 3927 αὑτῷ
2714 3858 2772 3910 τὸ
2821 3857 3014 3928 χρῆμα
3052 3855 3349 3921 δεικνύωνς
3403 3857 3759 3926 Προσεφὼνει

488 3945 854 4014 deprehensus
885 3955 1030 4002 esset
1063 3944 1200 4000 allici
1231 3947 1459 4002 timore?
1503 3954 1597 4000 aut
1631 3946 1901 4016 quomodo
1925 3947 2045 4001 vire:

2204 3948 2274 4004 ,ὲν
2321 3948 2431 4018 γὰρ
2475 3948 2719 4018 Λαζάρῳ
2787 3949 2921 4020 μὲν·
2958 3966 2976 4000 ε
3007 3949 3177 4018 Δεῦρο
3211 3947 3348 4012 ἐξωο
3384 3966 3402 3998 ι
3440 3947 3527 4018 τῷ
3575 3949 3636 4002 δὲ
3673 3948 3761 4018 τῆς

486 4050 592 4089 non
638 4038 918 4093 habuisset
947 4045 1173 4111 mortem
1212 4052 1239 4092 a
1269 4038 1484 4109 propria
1521 4053 1684 4093 carne
1737 4037 2039 4108 depellendi

2051 4079 2062 4106 ,
2168 4041 2345 4113 χήρας
2379 4041 2512 4113 υἱῷ·
2547 4063 2565 4094 ι
2610 4043 2907 4108 Νεανίσκε,
2942 4042 3026 4095 σοὶ
3053 4030 3221 4110 λέγω,
3250 4041 3542 4112 ἐγέρθητι.
3586 4061 3608 4095 ι

483 4133 575 4202 qui
610 4131 678 4188 ab
723 4131 975 4187 onmibus
1013 4131 1159 4186 illam
1207 4133 1480 4199 amolitur,
1519 4132 1611 4200 qui
1647 4132 1762 4186 sola
1798 4146 1940 4186 voce
1973 4146 2068 4186 eos
2106 4133 2200 4202 qui
2247 4133 2299 4188 in
2341 4136 2710 4190 monumentis
2749 4145 2899 4200 sunt,
2970 4149 3031 4189 se
3071 4133 3439 4189 excitaturum
3493 4132 3762 4202 promisit.

487 4212 541 4278 et
566 4239 626 4280 re
671 4226 783 4294 ipsa
841 4224 892 4278 id
945 4237 1004 4278 se
1054 4238 1217 4294 posse
1262 4223 1560 4279 declaravit
1605 4223 1692 4278 9‘?
1747 4224 2070 4279 Acclamans
2107 4225 2252 4279 enim
2309 4224 2565 4280 Lazaro:
2643 4244 2662 4278 ι
2694 4225 2829 4281 Veni
2889 4227 3036 4282 foras
3064 4227 3147 4294 ";
3176 4244 3198 4279 ι
3246 4234 3306 4281 et
3353 4226 3541 4282 vidua:
3617 4226 3765 4282 ﬁlio.

491 4337 511 4369 ι
543 4317 896 4383 Adolescens,
933 4316 1031 4370 tibi
1065 4315 1204 4379 dico,
1242 4330 1403 4385 surge
1439 4315 1488 4348 ⁸³
1521 4334 1534 4370 :
1571 4333 1596 4368 ι
1639 4325 1933 4386 utrumque
1962 4316 2147 4370 statim
2181 4317 2234 4370 in
2273 4317 2440 4370 vitam
2489 4319 2791 4372 revocavit.

555 4409 717 4466 XLII.
762 4409 914 4476 Quod
940 4409 985 4464 si
1036 4409 1128 4479 qui
1176 4415 1321 4472 sunt,
1366 4407 1459 4476 qui
1504 4416 1692 4462 contra
1729 4406 2112 4476 Scripturam]

2246 4405 2381 4461 MB’.
2415 4407 2477 4460 El
2515 4407 2572 4461 δὲ
2602 4408 2665 4477 δή
2691 4425 2836 4472 τινες
2869 4405 2981 4462 εἷεν
3022 4410 3074 4463 οί
3112 4407 3421 4481 τολμῶντες
3452 4409 3666 4482 λέγειν,
3697 4413 3763 4478 ὡς

487 4501 794 4558 temeritate
846 4499 1078 4570 quadam
1137 4495 1294 4568 163
1347 4509 1513 4565 prave
1561 4495 1877 4562 sentientes,
1915 4493 2044 4548 illun

2207 4517 2322 4553 στιν
2363 4500 2650 4572 ἄνθρωπος
2700 4501 2881 4565 ίδικῶς
2925 4502 2953 4553 6
2997 4503 3062 4556 ἐκ
3103 4501 3202 4572 τῆς
3245 4502 3414 4570 ἁγίας
3457 4490 3760 4574 napum,

488 4611 583 4666 per
611 4610 670 4650 se
712 4593 988 4663 vulgarem
1027 4600 1230 4644 tantum
1273 4589 1545 4644 hominem
1579 4588 1856 4644 exstitisse
1885 4587 2045 4643 dicen

2208 4591 2388 4662 εὴσεις
2416 4607 2474 4644 τε
2499 4591 2596 4644 καὶ
2639 4593 2921 4664 ἱκετηρίας
2952 4593 3091 4664 μετά
3116 4593 3368 4663 κραυγῆς
3399 4595 3643 4666 ίσχυρᾶς
3681 4598 3765 4649 καὶ

488 4688 739 4752 audeant,
789 4684 878 4754 qni
926 4698 992 4737 ex
1023 4696 1178 4736 sacra
1222 4679 1445 4751 Virgine
1486 4690 1638 4735 ortus
1667 4693 1788 4734 cum
1827 4680 2045 4733 clamore

2208 4681 2428 4750 ακρύων
2473 4682 2849 4752 προσενέγκας
2897 4684 3032 4754 πρὸς
3075 4685 3166 4738 τὸν
3218 4685 3527 4755 δυνάμενον
3575 4687 3765 4752 σώζειν

489 4779 665 4833 valido
705 4786 760 4832 et
801 4776 1059 4848 lacrymis
1086 4788 1275 4845 preces
1314 4782 1370 4829 et
1395 4772 1820 4843 supplicationes
1870 4770 2038 4826 obtuli

2208 4773 2340 4828 61:6»;
2373 4773 2438 4827 ἐκ
2463 4774 2716 4839 Θανάτου,
2753 4775 2987 4845 μάλιστα
3017 4777 3116 4846 μὲν
3147 4779 3262 4840 1:07.;
3289 4778 3457 4848 ίεροῖς
3491 4780 3765 4851 ἀπᾴδοντα

490 4871 566 4924 illi
605 4869 694 4938 qui
730 4883 852 4923 eum
884 4884 913 4922 a
958 4876 1135 4922 morte
1177 4866 1422 4922 liberare
1475 4874 1703 4932 poterat,
1757 4879 1823 4920 ne
1871 4865 2047 4919 meritt

2213 4867 2468 4938 ράμμασι
2529 4868 2748 4938 φρονεῖν
2801 4867 3091 4938 ᾑρημένοι,
3148 4868 3380 4933 δικαίως
3430 4870 3769 4924 ἀκούσονται

487 4953 775 5031 quemdam
803 4973 868 5014 ex
901 4959 1106 5012 sanctis
1150 4958 1403 5028 apostolis
1435 4957 1550 5013 hate
1593 4957 1694 5012 sibi
1725 4956 2044 5012 occinenten

2211 4957 2424 5026 ἐγοντος
2452 4958 2636 5021 αὐτοῖς
2666 4958 2785 5022 ἑνὸς
2822 4959 2934 5012 τῶν
2957 4959 3128 5028 ἁγίων
3163 4961 3485 5014 ἀποστόλων
3504 4977 3520 4992 ·
3553 4979 3574 5014 ι
3610 4957 3768 5017 Οὗτοί

487 5052 788 5110 uudiverint
843 5069 857 5106 :
897 5070 915 5103 ‹
965 5049 1028 5105 lli
1077 5060 1202 5106 sunt
1249 5050 1339 5118 qui
1395 5057 1680 5119 segregant
1715 5049 2044 5117 semetipsos

2210 5051 2314 5103 ίσιν
2340 5050 2388 5102 oi
2410 5049 2846 5122 ἀποδιορίζοντες
2872 5051 3115 5122 ψυχικοὶ,
3132 5052 3354 5122 πνεῦμα
3383 5052 3459 5122 μὴ
3487 5053 3763 5122 ἔχοντες.»

487 5147 770 5210 animales,
807 5144 1054 5215 spiritum
1079 5157 1182 5196 non
1209 5142 1471 5197 habentes
1504 5140 1570 5194 ”.
1606 5161 1625 5193 ›
1662 5140 1856 5208 Quer
1885 5151 2044 5196 auten

2209 5136 2310 5195 ἰῐτα
2358 5143 2495 5212 πρὸς
2521 5141 2696 5214 τούτῳ
2744 5144 3062 5214 φραζόντων
3093 5147 3307 5198 ἐκεῖνοι
3359 5145 3597 5214 πότερόν
3636 5160 3766 5197 ποτε

487 5256 555 5294 ex
593 5239 718 5306 illis,
749 5241 839 5310 qui
887 5239 1000 5295 haec
1046 5237 1260 5290 ellutire
1323 5249 1432 5289 non
1481 5233 1831 5299 erubescunt,
1886 5243 2044 5287 utrun

2219 5233 2330 5287 ιλὸν
2374 5232 2662 5304 ἄνθρωπον
2691 5228 2831 5288 εἷναί
2862 5253 3028 5305 φασιν
3061 5235 3246 5300 αὐτὸν,
3291 5235 3460 5305 ἤγουν
3512 5235 3770 5304 καθάπερ

491 5332 893 5388 Emmanuelem
925 5345 1116 5402 purum
1157 5337 1362 5384 tantum
1390 5328 1663 5384 hominem
1695 5341 1816 5382 esse
1845 5325 2048 5380 onmint

2212 5327 2350 5382 ίπεῖν
2382 5328 2811 5400 τεθαρρήκασιν,
2836 5329 2979 5400 ἔχειν
3004 5328 3102 5401 τὴν
3126 5329 3345 5400 ἰσότητα
3372 5331 3470 5399 τῆς
3493 5327 3656 5392 eam;
3676 5329 3769 5380 καὶ

489 5425 744 5487 sentiant,
797 5423 887 5493 qui
933 5422 1003 5477 ob
1048 5423 1098 5477 id
1147 5438 1310 5476 unum
1358 5437 1541 5491 parem
1586 5436 1709 5475 cum
1761 5421 1867 5474 Deo
1899 5419 2041 5474 Verh

2210 5420 2272 5490 ἧς
2305 5419 2612 5485 αὐθεντίας,
2646 5421 2746 5490 τῆς
2771 5421 2906 5491 πρός
2933 5438 3018 5490 γε,
3047 5422 3214 5490 φημὶ,
3242 5421 3335 5473 τὸν
3365 5421 3430 5472 ὲκ
3459 5418 3595 5471 Θεοῦ
3631 5418 3767 5471 Θεὸν

490 5513 807 5582 dignitatem
850 5525 906 5570 et
944 5515 1319 5570 auctoritatem
1375 5515 1602 5569 sortitus
1649 5513 1882 5576 dicatur,
1928 5525 2047 5582 quoe

2209 5512 2368 5582 λόγον,
2394 5512 2479 5577 ὡς
2504 5511 2652 5591 αὐτῷ
2681 5513 3060 5585 συνημμένον;
3095 5512 3160 5566 Ei
3199 5513 3297 5566 μὲν
3339 5507 3434 5566 οὖν
3473 5511 3766 5582 ἄνθρωπον

560 5687 604 5761 ’ἶ
637 5685 791 5740 Joan.
821 5688 1014 5761 udi.
1049 5689 1138 5761 J'f
1165 5689 1330 5746 Hebr.
1391 5703 1462 5761 γ,
1500 5688 1554 5744 8.
1600 5758 1606 5761 _
1658 5687 1703 5761 ξ’
1742 5686 1972 5761 Philipp.
2021 5704 2080 5756 ll,

2279 5691 2326 5724 "
2352 5691 2482 5748 ibid.
2521 5691 2573 5749 9.
2681 5693 2749 5726 ’°'
2807 5691 2997 5750 Matth.
3036 5709 3089 5761 π,
3125 5693 3216 5749 28.
3295 5693 3336 5726 ⁹¹
3371 5690 3531 5748 Joan.
3564 5707 3616 5759 ν,
3667 5688 3764 5749 28.

500 5755 547 5788 τί
581 5754 735 5808 Joan.
772 5771 844 5822 xi,
877 5757 964 5810 45.
1043 5759 1087 5790 ⁸³
1115 5758 1244 5813 Luc.
1274 5775 1370 5825 vn,
1408 5759 1492 5812 Η.
1570 5758 1614 5793 ³⁸
1651 5757 1801 5814 Judan
1834 5754 1966 5830 19.,
