3942 6128
183 204 324 263 i395

997 208 1091 263 AD
1131 205 1435 266 REGINAS
1478 207 1564 264 DE
1607 206 1834 265 RECTA
1873 208 2032 267 FIDE
2071 208 2335 268 ORATIO
2375 207 2679 265 ALTERA.

3308 213 3328 267 l
3341 212 3444 267 596

179 315 323 377 εἷναί
381 338 515 392 φασι
578 323 702 380 καθ’
750 324 899 397 ἡμᾶς
967 324 1150 395 ψιλὸν,
1207 325 1756 401 ἀνθρωπολατροῦσιν

1871 326 2118 384 latniliari
2161 327 2398 396 quodam
2462 326 2892 384 necessitudinis
2936 325 3150 382 vinculo
3188 327 3263 382 illi
3314 344 3448 384 con-

177 415 631 485 ὁμολογουμένως
655 454 672 479 ,
717 417 1152 488 προσκυνοῦντες
1213 417 1382 489 αὐτῷ.
1440 418 1757 490 Γέγραπται

176 507 309 578 γὰρ,
344 508 428 560 ὅτι
469 526 487 559 ι
527 508 733 580 Κύριον
779 509 874 563 τὸν
902 509 1034 563 Θεόν
1065 527 1158 563 σου
1186 511 1621 583 προσκυνήσεις,
1663 511 1759 564 καὶ

177 597 331 669 αὐτῷ
356 599 504 670 μόνῳ
532 599 870 672 λατρεύσεις.
905 619 925 652 ι
946 601 1011 654 Εἰ
1039 601 1096 654 δὲ
1125 601 1188 671 δὴ
1230 605 1408 669 φαῖεν,
1439 602 1522 655 ὅτι
1556 601 1758 672 κέκλη-

176 707 270 746 ται
309 690 445 761 πρὸς
498 692 720 764 ἰσότητα
771 693 871 763 τῆς
906 692 1083 759 ἀξίας,
1131 695 1305 764 ἡγουν
1334 693 1624 759 αύθεντίας
1659 693 1760 764 τῆς

180 783 320 854 πρὸς
347 783 481 836 Θεὸν
527 784 730 852 Λόγον⁹
779 780 898 838 εἶτα
927 785 1179 856 πρόσεισι
1206 785 1284 856 τῷ
1311 785 1431 856 Θεῷ
1461 785 1554 840 καὶ
1584 787 1760 857 Πατρί.

181 874 323 943 μετά
347 873 598 945 κραυγῆς
635 876 866 946 ἰσχυρᾶς
889 877 982 930 καὶ
1002 875 1426 948 δεδακρυμένος,
1455 877 1551 929 καὶ
1585 877 1759 929 δεῖται

178 965 276 1018 τοῦ
313 965 577 1030 σώζοντος
597 983 611 996 ο
640 967 794 1021 οὐδέν
826 969 940 1021 ἐστι
973 968 1034 1020 τὸ
1075 968 1286 1023 κωλύον
1332 971 1428 1023 καὶ
1459 968 1625 1023 αὐτοῦ
1661 966 1759 1021 τοῦ

179 1057 356 1126 Λόγου
374 1057 434 1111 τὸ
453 1057 650 1128 μέτρον
666 1057 916 1113 τοσοῦτον
931 1060 1198 1132 ὑπάρχειν
1227 1061 1495 1124 ὑπονοεῖν,
1526 1063 1759 1133 ὅσονπερ

178 1149 249 1202 ἂν
301 1146 437 1204 εἶναι
495 1150 803 1205 πιστεύοιτο
851 1153 946 1207 καὶ⁹
991 1153 1053 1207 τὺ
1093 1154 1188 1207 τοῦ
1220 1153 1356 1226 πρὸς
1401 1153 1563 1208 αὐτὸν
1609 1152 1762 1224 έχον-

177 1257 273 1304 τος
317 1241 412 1313 τὴν
462 1243 687 1313 ἰσότητα
719 1243 818 1314 τῆς
855 1244 1033 1311 ἀξίας,
1083 1246 1252 1316 ἤγουν
1295 1245 1400 1312 τῆς
1449 1245 1758 1310 αὐθεντίας.

180 1332 390 1406 Οὐκοῦν
418 1334 618 1404 πρέποι
645 1334 712 1389 ἂν
747 1336 839 1389 καὶ
885 1336 1034 1406 αύτῷ
1063 1336 1124 1390 τὸ
1156 1337 1389 1409 δεδιέναι
1419 1337 1674 1402 θάνατον,
1701 1337 1763 1391 τὸ

181 1423 428 1478 κίνδυνον
459 1426 786 1494 ὑφορᾶσθαι,
815 1429 875 1480 τὸ
908 1427 1120 1482 κλαίειν
1149 1429 1208 1481 ἐν
1246 1431 1597 1501 πειρασμοῖς,
1627 1429 1764 1484 καθ-

177 1515 404 1568 εστάναι
426 1515 485 1568 δὲ
516 1516 610 1569 καὶ
639 1517 699 1569 ἐν
724 1517 905 1589 ἐνδείᾳ
925 1517 1024 1589 τῆς
1060 1519 1190 1590 παρ’
1232 1520 1420 1594 ἐτέρου
1453 1519 1655 1591 χειρὸς,
1674 1519 1764 1574 ῑνα

113 1669 121 1676 _
180 1607 280 1658 καὶ
303 1605 544 1676 σώζηται
566 1623 580 1638 ’
608 1608 702 1662 καὶ
731 1608 868 1679 πρὸς
888 1610 1098 1675 τούτοις
1123 1610 1202 1665 ἔτι
1232 1612 1326 1666 καί
1350 1612 1645 1682 μανθάνειν
1667 1611 1766 1682 τὴν

183 1692 432 1764 ὑπακοὴν
461 1693 528 1746 δι’
578 1688 654 1748 ὧν
697 1696 938 1750 πέπονθε
980 1700 1314 1770 πειρασθείς.
1378 1701 1540 1768 Ἀλλ’,
1589 1699 1764 1774 οἶμαι,

179 1783 340 1836 τοῦτό
382 1786 530 1839 ἐστιν
553 1786 584 1856 ἢ
618 1791 833 1859 φρονεῖν
857 1789 889 1858 ἢ
915 1789 1097 1857 λέγειν
1125 1793 1405 1864 ἀσύφηλον
1444 1795 1726 1858 παντελῶς
1744 1810 1761 1826 θ

182 1875 470 1942 παναλκὴς
497 1876 605 1947 γάρ
639 1880 786 1931 ἐστιν
811 1879 840 1930 6
865 1878 960 1931 τοῦ
991 1879 1126 1934 Θεοῦ
1161 1883 1337 1952 Λόγος
1360 1927 1373 1949 ,
1408 1886 1503 1938 καὶ
1529 1885 1762 1942 θανάτου

181 1965 471 2033 κρείττων,
501 1968 594 2020 καὶ
628 1968 818 2022 παθῶν
848 1969 1130 2038 ἐπέκεινα,
1175 1975 1268 2027 καὶ
1313 1976 1517 2043 δειλίας
1549 1978 1763 2050 ἀνθρω-

181 2057 502 2127 ποπρεποῦς
534 2059 802 2130 ἀμέτοχος
835 2063 1139 2128 παντελῶς.
1168 2063 1330 2119 ’Λλλά
1363 2067 1470 2139 μὴν
1495 2070 1638 2124 οῦτω
1664 2073 1762 2141 μὲν

180 2145 397 2214 φύσεως
433 2146 593 2216 ἔχων,
641 2149 912 2204 πέπονθεν
955 2153 1096 2224 ὑπὲρ
1144 2156 1323 2224 ἡμῶν.
1373 2159 1585 2213 Οὐκοῦν
1635 2161 1758 2215 οὔτε

177 2236 338 2305 ψιλὸς
381 2237 663 2308 ἄνθρωπος
707 2243 735 2294 6
782 2243 1058 2313 Χριστὸς,
1099 2244 1224 2300 οὕτε
1274 2248 1517 2320 ἄσαρκος
1558 2253 1761 2320 Λόγος·

184 2329 403 2394 ἐνωθείς
435 2332 490 2384 δὲ
527 2334 730 2401 μᾶλλον
759 2339 826 2407 τῇ
866 2338 991 2390 καθ’
1026 2341 1176 2409 ἡμᾶς
1203 2342 1606 2415 ἀνθρωπὸτητι,
1655 2347 1762 2400 πά-

185 2422 266 2473 θοι
306 2421 370 2474 ἂν
399 2423 624 2488 ἀπαθῶς
657 2427 822 2498 σαρκὶ
855 2431 919 2500 τῇ
958 2429 1065 2502 ἰδία
1095 2432 1164 2486 τὰ
1197 2433 1534 2503 ἀνθρώπινα.
1568 2437 1764 2506 Γέγονε

183 2511 362 2564 τοίνυν
384 2516 462 2577 εἰς
496 2515 847 2572 ὑποτύπωσιν
879 2522 960 2582 εἰς
988 2521 1137 2592 ἡμᾶς
1167 2523 1525 2594 ἀνθρωπίνως
1555 2529 1762 2593 ἐκεῖνα,

182 2605 434 2678 καθάπερ
461 2608 596 2679 ἔφην
621 2611 678 2662 ἐν
703 2612 921 2681 ἀρχαῖς,
951 2613 1038 2666 ἵνα
1067 2618 1181 2676 τοῖς
1213 2615 1416 2688 ἴχνεσιν
1444 2619 1612 2673 αὐτοῦ
1664 2623 1764 2673 ἐπ·-
1815 2643 1817 2645 ί

182 2697 662 2770 ακολουθήσωμεν.
682 2702 852 2756 Τοῦτο
878 2705 988 2776 γὰρ
1017 2706 1292 2777 ἐποίησεν,
1323 2709 1541 2778 ἐφάπαξ
1571 2712 1764 2766 ἑαυτὸν

184 2792 579 2860 προσενέγκας.
641 2794 698 2846 '0
749 2795 913 2866 νόμος
960 2797 1070 2869 γὰρ
1116 2799 1439 2869 καθίστησιν
1490 2804 1765 2876 ἀρχιερεῖς

182 2882 408 2951 ἔχοντας
437 2885 754 2938 ἀσθένειαν·
794 2889 822 2940 6
863 2887 1020 2957 λόγος
1053 2891 1110 2943 δὲ
1139 2892 1240 2962 τῆς
1281 2893 1630 2964 ὁρκωμοσίας
1663 2897 1763 2967 τῆς

188 2974 330 3043 μετά
373 2974 462 3028 τὸν
503 2975 692 3046 νόμον,
728 2978 857 3031 Υἱὸν
891 2981 972 3043 εἰς
999 2981 1090 3034 τὸν
1119 2983 1292 3037 αἰῶνα
1322 2985 1763 3058 τετελειωμένον,

186 3066 289 3136 μιᾷ
336 3067 434 3135 μὲν
476 3073 786 3142 προσφορᾷ,
830 3071 987 3142 δῆλον
1033 3073 1089 3127 δὲ
1119 3075 1202 3129 ὅτι
1245 3077 1310 3147 τῇ
1352 3076 1440 3130 διὰ
1483 3078 1577 3132 τοῦ
1622 3080 1757 3134 ἰδίου

187 3155 458 3225 σώματος,
476 3153 555 3232 [ᾖ]
576 3181 593 3212 ‹
614 3163 961 3218 τετελείωκεν
979 3167 1056 3230 είς
1071 3167 1387 3242 τὸδιηνεκὲς
1401 3173 1528 3236 τοὺς
1543 3173 1766 3243 ἁγιαζο-

189 3247 420 3315 μένουςό
438 3252 638 3322 Κύριος
654 3253 809 3324 ἡμῶν
825 3257 1032 3327 Ἰησοῦς
1049 3260 1304 3331 Χριστός.
1320 3266 1765 3336 ι-ιΠροσκεκό-

187 3352 316 3401 μικε
347 3337 456 3408 γὰρ
489 3339 682 3395 ἑαυτὸν
713 3343 851 3413 ὑπὲρ
888 3346 1090 3414 ἡμῶνι)
1124 3350 1204 3411 εἰς
1232 3351 1408 3419 ὀσμὴν
1436 3352 1664 3414 εὐωδίας
1688 3352 1766 3422 τῷ

186 3423 306 3493 Θεῴ
329 3425 423 3476 καὶ
456 3426 679 3496 Πατρὶ,›
701 3431 795 3480 καὶ
823 3433 1142 3486 τετελείωκε
1176 3438 1382 3504 νοητῶς
1411 3439 1502 3490 διὰ
1527 3440 1767 3504 πίστεως

185 3515 283 3590 καί
321 3516 618 3584 ἁγιασμοῦ,
646 3518 824 3570 καίτοι
847 3521 947 3588 τῆς
978 3525 1207 3593 νομικῆς
1238 3526 1498 3596 λατρείας
1526 3529 1764 3582 τελειού-

189 3621 291 3672 σης
325 3605 497 3658 οὐδέν.
545 3607 834 3678 Τοιγάρτοι
867 3611 1169 3681 κατέληξαν
1216 3617 1314 3685 μὲν
1355 3619 1404 3670 οἱ
1439 3618 1636 3685 τύποι,
1671 3621 1768 3673 καὶ

190 3697 469 3750 πέπαυται
520 3701 619 3768 τῆς
651 3699 912 3770 ’Λρχαίας
945 3703 1223 3775 Διαθήκης
1277 3707 1355 3760 τὸ·
1393 3709 1651 3781 ἀνόνητον
1711 3714 1770 3766 ἐν

192 3789 407 3850 σκιαῖς·
455 3788 645 3858 γέγονε
675 3791 730 3844 δέ
759 3793 1077 3864 ἀναγκαίως
1122 3799 1476 3872 ἐπεισαγωγὴ
1519 3805 1769 3874 κρείττο-

188 3895 281 3942 νος
308 3879 542 3945 ἐλπίδος,
583 3883 651 3937 δι’
679 3878 749 3958 ἦς
775 3886 1068 3958 ἐγγίζομεν
1099 3888 1178 3960 τῷ
1209 3890 1347 3962 Θεῷ,
1387 3895 1766 3964 μεσιτεύοντος

187 3969 284 4024 τοῦ
317 3972 594 4042 Χριστοῦ,
631 3976 725 4029 καὶ
774 3978 832 4032 ἐν
877 3978 1030 4045 τάξει
1076 3984 1360 4050 γεγονότος
1407 3987 1764 4062 ἀρχιερατικῇ

188 4062 280 4116 διά
311 4081 390 4117 τοι
413 4065 511 4135 τὴν
535 4067 671 4137 πρὸς
707 4069 855 4139 ἡμᾶς
883 4071 1164 4141 ὁμοίωσιν.

1855 421 2078 492 junctus
2122 419 2232 474 sit?
2263 420 2420 486 Quod
2476 420 2520 474 si
2565 434 2790 490 purum,
2828 418 3090 488 nobisque
3136 433 3232 489 per
3262 420 3444 475 omnia

1860 511 2092 568 similem
2153 511 2430 566 hominem
2501 521 2708 567 tantum
2771 526 2895 568 esse
2963 511 3223 577 dixerint,
3297 521 3448 567 certe

1861 611 2053 670 aperto
2108 603 2554 673 anthropolatri'a:
2601 603 2831 659 crimine
2880 605 3245 668 tenebuntur,
3295 603 3444 658 illum

1862 694 2170 750 adorantes.
2189 691 2462 767 Scriptum
2477 697 2713 752 esteuim
2735 713 2749 749 :
2780 696 3092 750 «Dominum
3121 697 3285 751 Deum
3300 706 3447 750 tuum

1863 785 2135 853 adorabis,
2169 795 2224 842 et
2259 786 2335 841 illi
2377 787 2475 842 soli
2507 788 2711 844 servies
2737 787 2805 842 ”.
2851 807 2870 841 ι
2910 787 3063 854 Quod
3089 787 3132 842 si
3171 786 3346 857 ipsum
3378 788 3444 841 ad

1862 877 2225 947 aequalitatem
2251 878 2529 949 dignitatis
2560 887 2614 934 et
2639 879 2976 934 auctoritatis
3000 893 3119 933 cum
3150 877 3244 933 Dei
3274 876 3450 932 Verbo

1863 979 2110 1026 evectum
2158 972 2539 1041 respondeant,
2593 986 2693 1027 nec
2734 971 2804 1026 ob
2845 971 2896 1025 id
2941 981 3120 1026 tamen
3167 969 3450 1041 prohiberi

1863 1060 2154 1131 quominus
2202 1059 2419 1117 Patrem
2457 1061 2634 1116 valido
2665 1077 2786 1116 cum
2832 1061 3074 1118 clamore
3107 1070 3162 1116 et
3195 1060 3452 1131 lacrymis

1864 1151 2046 1218 adeat,
2080 1151 2268 1222 illique
2321 1153 2410 1222 qui
2445 1154 2655 1208 salvare
2689 1160 2868 1222 potest
2902 1151 3127 1222 supplex
3158 1149 3279 1217 fiat;
3315 1149 3452 1204 nihil

1865 1245 2089 1301 omnino
2146 1245 2384 1301 obstabit
2447 1246 2734 1315 quominus
2798 1244 2973 1315 ipsius
3025 1257 3238 1313 quoque
3289 1240 3452 1296 Verbi

1866 1336 2109 1404 conditio
2155 1337 2309 1390 tanta
2353 1336 2722 1400 existimetur,
2767 1345 2969 1405 quanta
3024 1332 3142 1401 ejus
3200 1331 3291 1401 qui
3328 1346 3452 1386 cum

1871 1429 2047 1486 Verbo
2091 1428 2456 1500 aequalitatem
2499 1427 2782 1500 dignitatis
2829 1428 2946 1482 sive
2988 1425 3330 1481 auctoritatis
3357 1424 3453 1479 ha-

1867 1523 1978 1579 bet.
2021 1523 2200 1589 Quare
2230 1531 2284 1578 et
2313 1521 2390 1576 illi
2421 1536 2638 1592 quoque
2670 1519 2956 1576 conveniet
2987 1515 3213 1574 mortem
3249 1517 3454 1573 exhor-

1869 1629 2106 1680 rescere,
2135 1613 2432 1684 periculum
2467 1615 2678 1678 timere,
2711 1613 2765 1668 in
2798 1611 3189 1668 tentationibus
3213 1611 3454 1682 plorare,

1798 1703 1842 1759 B
1871 1707 2097 1762 alterius
2138 1719 2242 1775 ope
2273 1713 2331 1758 ut
2356 1711 2602 1758 servetur
2629 1702 2897 1773 indigere,
2930 1715 3185 1771 expressa
3221 1699 3456 1770 denique

1875 1799 2172 1856 tentatione
2197 1797 2559 1852 obedientiam
2600 1796 2829 1851 discere.
2860 1792 3024 1862 Atqui
3068 1801 3328 1848 extrema
3358 1805 3458 1843 ve-

1873 1891 2039 1946 saniae
2089 1889 2248 1944 fuerit
2301 1890 2418 1944 haec
2465 1888 2670 1943 sentire
2695 1886 2780 1941 vel
2813 1885 2996 1940 dicere
3020 1893 3151 1939 :.est
3173 1883 3318 1937 enim
3357 1880 3457 1937 Dei

1872 1982 2110 2038 Verbum
2151 1980 2512 2050 omnipotens,
2556 1988 2732 2033 morte
2763 1977 3034 2046 superius,
3086 1977 3257 2045 majus
3301 1974 3457 2029 deni-

1874 2088 1978 2144 que
2021 2087 2182 2141 quam
2229 2080 2289 2125 ut
2333 2069 2631 2140 perpessio,
2680 2079 2778 2122 aut
2825 2067 2932 2120 ulla
2963 2067 3184 2120 omnino
3221 2066 3459 2120 humana

1879 2165 2111 2221 formido
2160 2164 2212 2218 in
2265 2163 2437 2232 ipsum
2487 2161 2684 2217 cadere
2732 2159 2929 2216 valeat.
2963 2159 3162 2212 Verum
3207 2156 3330 2211 licet
3358 2172 3460 2210 sua

1878 2267 2068 2312 natura
2099 2255 2362 2324 ejusmodi
2395 2253 2486 2319 sit,
2517 2253 2689 2307 nostri
2722 2261 2898 2306 tamen
2933 2266 3094 2305 causa
3126 2265 3220 2306 eas
3251 2249 3461 2318 passio-

1875 2364 1972 2404 nes
2002 2347 2276 2403 sustinuit.
2315 2346 2500 2414 Itaque
2531 2358 2704 2414 neque
2742 2358 2910 2412 purus
2947 2350 3154 2396 tantum
3185 2344 3346 2397 homo
3373 2351 3459 2396 est
3506 2377 3510 2383 -

1875 2440 2149 2507 Christus,
2185 2453 2361 2507 neque
2387 2435 2624 2492 Verbum
2662 2443 2864 2490 nostrae
2897 2436 3080 2489 carnis
3111 2449 3327 2504 expers,
3361 2433 3457 2488 sed

1874 2532 2113 2588 Verbum
2166 2539 2368 2584 nostrae
2414 2538 2622 2582 natura:
2653 2527 2886 2592 unitum,
2914 2526 3208 2582 secundum
3237 2540 3296 2580 se
3340 2523 3463 2594 qui-

1879 2625 1999 2680 dem
2071 2623 2391 2692 impatibile,
2454 2622 2688 2675 humana
2750 2631 2928 2674 autem
2980 2619 3191 2687 patiens
3251 2617 3305 2672 in
3361 2631 3459 2672 sua

1881 2729 2065 2770 carne.
2116 2716 2244 2779 Quae
2279 2714 2442 2782 igitur
2473 2721 2531 2767 ut
2576 2713 2738 2766 hoino
2790 2711 3012 2780 pertulit
3064 2726 3124 2765 ea
3162 2709 3260 2781 (ut
3300 2708 3459 2778 paulo

1877 2818 2004 2861 ante
2044 2805 2403 2874 dicebamus),
2441 2804 2594 2858 nobis
2619 2804 2671 2857 in
2721 2803 3024 2871 exemplum
3066 2811 3458 2872 proponuntur,

1877 2915 1984 2970 quo
2019 2899 2274 2954 nimirum
2320 2898 2563 2968 vestigiis
2615 2897 2759 2953 illius
2806 2897 3119 2951 insistamus
3147 2895 3259 2965 qui,
3295 2895 3460 2949 semel

1879 3006 1939 3047 se
1968 2991 2220 3056 offerens,
2254 3004 2366 3044 rem
2395 2999 2564 3043 totam
2592 2987 2848 3043 confecit.
2884 2987 3028 3042 Sane
3059 2986 3142 3040 lex
3179 2986 3463 3056 pontifices

1876 3083 2174 3139 infirmitati
2222 3081 2486 3138 obnoxios
2560 3079 2923 3144 instituebat,
2976 3093 3162 3132 verum
3233 3077 3457 3147 jurisju-

1874 3177 2030 3232 randi
2062 3189 2243 3232 sermo
2284 3185 2407 3245 post
2455 3174 2628 3245 legem
2681 3174 2876 3237 editus,
2931 3171 3090 3243 164
3125 3169 3321 3225 Filium
3353 3185 3458 3223 una

1837 3303 1841 3308 α
1875 3268 2152 3325 oblatione
2183 3267 2234 3322 in
2269 3277 2532 3322 aeternum
2576 3272 3012 3320 consummatum
3043 3264 3362 3332 pronuntiat
3389 3261 3457 3327 ⁹⁶;

1873 3375 1939 3415 ea
1996 3360 2112 3429 ipsa
2174 3359 2449 3423 videlicet,
2503 3371 2606 3426 qua
2667 3374 2686 3410 ι
2749 3354 3009 3409 Dominus
3067 3362 3254 3408 noster
3304 3351 3461 3407 Jesus

1874 3450 2126 3504 Christus
2153 3451 2519 3504 sanctificatos
2563 3462 2658 3517 per
2683 3447 2958 3518 preprium
2997 3461 3194 3515 corpus
3238 3445 3289 3498 in
3318 3458 3461 3498 sem-

1875 3539 2146 3608 piternum
2188 3539 2585 3593 consummavit
2611 3538 2680 3591 "’.
2730 3557 2749 3590 ι
2781 3565 2853 3577 -
2886 3555 2904 3588 ι
2943 3537 3145 3592 Obtulit
3175 3537 3319 3591 enim
3367 3550 3457 3590 se-

1873 3631 2049 3698 ipsum
2067 3644 2164 3697 pro
2181 3629 2336 3684 nobis
2365 3631 2416 3683 in
2434 3629 2656 3682 odorem
2675 3629 2955 3683 suavitatis
2978 3630 3086 3682 Deo
3106 3638 3159 3683 et
3179 3630 3321 3683 Patri
3343 3629 3412 3695 ⁸⁸,
3435 3647 3454 3681 ι

1874 3721 2211 3789 perfecitque
2244 3735 2344 3775 nos
2376 3735 2472 3790 per
2505 3720 2663 3772 fidem
2707 3727 2762 3772 et
2814 3719 3111 3787 spiritalem
3149 3719 3461 3773 sanctifica-

1879 3810 2102 3877 tionem,
2147 3825 2267 3864 eum
2308 3810 2442 3882 legis
2482 3810 2718 3879 antiquae
2760 3808 2936 3863 cultus
2983 3808 3191 3863 nullum
3237 3811 3460 3864 omnino

1875 3900 1942 3954 ad
1976 3899 2363 3970 perfectionem
2402 3901 2698 3954 adduceret
2731 3899 2801 3952 ’9.
2837 3897 2990 3953 Unde
3019 3907 3071 3950 et
3114 3898 3296 3967 figurae
3326 3913 3462 3966 quo-

1874 4008 1982 4062 que
2006 4000 2313 4060 cessarunt,
2344 3999 2398 4047 et
2424 3989 2732 4046 umbratilis
2760 3989 2850 4044 illa
2887 3989 3096 4044 Veteris
3125 3988 3458 4043 Testamenti
3561 4059 3568 4066 ι

1877 4083 2217 4154 imperfectio
2257 4099 2289 4139 e
2334 4083 2514 4157 medio
2562 4083 2773 4137 sublata
2813 4090 2914 4136 est.
2951 4081 3226 4136 Successit
3253 4090 3459 4150 autem,

187 4157 484 4220 etquidem
516 4162 850 4224 necessario,
884 4164 1120 4220 melioris
1152 4168 1266 4234 spei
1323 4168 1671 4238 introductio,
1740 4189 1838 4244 per
1875 4191 2060 4246 quam,
2109 4175 2506 4232 interveniente
2557 4172 2778 4229 Christo
2827 4175 2917 4243 qui
2968 4184 3187 4244 propter
3251 4185 3462 4234 natura:

190 4249 604 4305 similitudinem.
644 4254 697 4308 in
733 4255 1067 4324 pontificium
1121 4259 1364 4315 ordinem
1413 4273 1629 4320 evectus
1663 4276 1766 4334 est,
1807 4269 1915 4325 Deo
1946 4272 2464 4348 appropinquamus.

261 4345 393 4398 Ml".
435 4346 583 4416 Πλὴν
629 4348 805 4401 ἐκεῖνο
836 4349 1016 4421 ἀθρει⁶
1050 4353 1186 4424 Περί⁸
1215 4354 1384 4408 αὑτοῦ
1422 4374 1586 4429 φησιν
1619 4359 1648 4411 6
1687 4359 1764 4413 θε-

1948 4345 2133 4418 XLlll.
2173 4362 2652 4420 Verumenimvero
2709 4379 2830 4420 cum
2855 4363 3050 4420 Paulus
3084 4365 3230 4425 illum
3272 4380 3339 4421 ex
3373 4365 3478 4424 ins.

193 4437 416 4501 σπέσιος
449 4439 694 4504 Παῦλος,
721 4441 802 4495 ὅτι
845 4443 1166 4516 ἐσταυρώθη
1201 4446 1260 4514 ἐξ
1292 4449 1597 4516 ἀσθενείας.
1635 4449 1769 4507 Εἶτα

189 4528 310 4590 πῶς
332 4531 359 4581 6
383 4532 480 4598 μὲν
509 4531 672 4602 νόμος
702 4534 1022 4606 καθίστησιν
1049 4538 1328 4610 ἀρχιερεῖς
1361 4541 1587 4613 ἔχοντας
1601 4544 1768 4598 ἀσθέν-

189 4636 360 4685 νειαν,
403 4623 430 4673 6
455 4621 512 4673 δὲ
547 4621 704 4692 λόγος
741 4627 840 4695 τῆς
868 4628 1214 4697 ὁρκωμοσίας
1255 4631 1354 4700 τῆς
1388 4633 1527 4702 μετὰ
1555 4634 1648 4688 τὸν
1683 4635 1770 4688 v6-

194 4731 314 4784 μον,
361 4715 488 4769 Υίὸν
542 4719 620 4780 εἰς
676 4718 767 4771 τὸν
814 4721 987 4773 αἰῶνα
1040 4722 1484 4794 τετελειωμένον,
1541 4725 1617 4789 ὡς
1669 4728 1768 4780 οὐκ

191 4807 385 4875 ἔχοντα
417 4807 659 4876 δηλονότι
689 4810 749 4861 τὸ
765 4811 1012 4864 ἀσθενεῖν
1034 4830 1047 4876 ;
1071 4813 1241 4866 Τοῦτο
1275 4815 1402 4884 γὰρ,
1437 4813 1614 4887 οἶμαι,
1648 4819 1769 4871 ἐστὶ

187 4899 251 4950 τὸ
285 4899 485 4968 ἀρτίως
515 4899 658 4968 ἔχον,
683 4901 850 4969 ἤγουν
873 4901 933 4954 τὸ
957 4903 1014 4954 ἐν
1044 4905 1206 4958 παντί
1235 4906 1384 4976 καλῷ
1411 4908 1769 4978 τετελειωμέ-

189 5008 308 5044 νον·
345 4992 425 5044 ὅτι
459 4991 532 5062 μὴ
567 4995 689 5045 κατ’
718 4995 959 5058 ἐκείνους
984 4996 1104 5049 ἐστί
1130 4999 1255 5061 τοὺς
1289 5000 1431 5052 κατά
1458 5000 1548 5053 τὸν
1579 5001 1765 5072 νόμον,

188 5081 273 5148 οἷς
303 5084 403 5137 οὐκ
435 5085 702 5156 ἀσύνηθες
741 5089 917 5140 εἰπεῖν
955 5087 1015 5140 τὸ
1044 5089 1138 5142 καί¹
1162 5101 1184 5129 ο
1232 5090 1479 5146 ἀσθενεῖν
1513 5093 1625 5146 ἐσθ’
1651 5095 1764 5149 ὅτε.

261 5238 496 5318 :“peut.
525 5252 601 5301 vt,
633 5239 952 5318 l5;‘lll_att_h.
987 5256 1060 5307 Iv,
1095 5243 1184 5318 lt).
1257 5247 1304 5278 "
1337 5247 1500 5304 llebr.
1541 5264 1637 5317 vn,
1668 5249 1758 5308 9.8.
1835 5251 1880 5284 ⁸⁷
1911 5251 2074 5306 lleb-r.
2104 5265 2157 5318 x,
2193 5251 2277 5306 14.

192 5308 211 5340 ⁸
248 5307 291 5363 ll
319 5309 443 5362 Cor.
473 5323 594 5374 xm,
620 5307 675 5361 4.
752 5311 773 5341 ⁸
805 5309 967 5364 Hebr.
998 5327 1094 5379 vn,
1119 5314 1208 5368 28.

1876 4453 2130 4510 firmitate
2191 4455 2508 4510 crucifixum
2564 4455 2946 4525 pronuntiet‘,
3004 4459 3272 4530 quomodo
3329 4457 3457 4528 (in-

1874 4546 2018 4618 quis)
2074 4547 2160 4602 lex
2204 4547 2514 4604 sacerdotes
2553 4548 2853 4602 infirmitati
2881 4550 3172 4605 obstrictos
3213 4549 3454 4618 ordinat,

1871 4637 2248 4706 jusjurandum
2276 4653 2404 4694 vero
2432 4646 2554 4708 post
2582 4638 2753 4708 legem
2783 4640 3198 4713 promulgatum,
3232 4640 3454 4707 Filium,

1876 4729 2031 4800 quasi
2069 4729 2214 4784 nulla
2249 4729 2304 4784 in
2349 4729 2498 4783 illum
2543 4729 2831 4785 infirmitas
2880 4733 3054 4796 cadat,
3091 4734 3144 4786 in
3193 4744 3465 4789 aeternum.
3516 4774 3522 4796 ε

1875 4827 2307 4873 consummatum
2339 4817 2748 4889 perfectumque
2771 4818 3002 4875 afﬁrmat
3037 4822 3097 4874 ’ἲ
3122 4820 3255 4876 Illud
3286 4824 3459 4892 enim,

1875 4911 2088 4981 Opinor,
2125 4911 2422 4980 perfectum
2455 4912 2673 4978 dicitur,
2710 4913 2854 4981 quod
2897 4915 3043 4969 omni
3071 4915 3335 4971 bonorum
3364 4931 3456 4987 ge-

1877 5018 2006 5057 nere
2036 5003 2366 5058 cumulatum
2410 5012 2514 5058 est.
2557 5003 2823 5070 Quoniam
2853 5021 2956 5060 non
2984 5007 3106 5062 talis
3141 5018 3278 5071 erat,
3319 5023 3455 5076 qua-

1875 5096 1954 5151 les
1979 5096 2179 5152 veteris
2218 5096 2347 5167 legis
2380 5097 2714 5165 sacerdotes,
2748 5099 2945 5169 quibus
2990 5100 3303 5155 inusitatum
3347 5115 3453 5156 non

2389 5250 2436 5284 ⁹⁶
2471 5250 2669 5324 Ephes.
2695 5268 2747 5321 v,
2776 5253 2830 5309 2.
2947 5255 2992 5287 ”
3032 5253 3200 5310 l-Iebr.
3232 5268 3334 5320 vn,
3359 5255 3452 5315 1.9.

1290 5472 1461 5530 Varia:
1493 5474 1755 5532 lectiones
1782 5473 1983 5536 codicis
2008 5475 2366 5547 Seguieriani.

266 5602 295 5642 b
334 5603 533 5654 αυτῶν.
614 5612 634 5639 ε
737 5599 951 5667 πάντως
981 5605 1095 5660 καί.
