3942 6128
468 110 610 171 1595
983 157 989 162 .
1502 102 1558 158 s.
1604 103 1884 161 evan.”
1923 71 2400 164 A‘LEXANDRINI
2440 107 2772 166 ARCHIEP.
3003 161 3012 171 _.
3623 111 3772 170 i596

468 237 607 298 erat,
650 229 702 286 in
732 225 1073 283 inﬁrmitates
1111 225 1434 294 quandoque
1479 222 1740 280 incidere.
1771 222 1874 278 Sed
1906 238 2044 292 quo-

2183 225 2278 290 [ὥς
2308 221 2402 280 οὖν
2433 226 2462 278 ὁ
2496 226 2660 289 αὐτὸς
2689 224 2785 280 καὶ
2821 223 3109 291 ἀσθενείας
3159 226 3428 298 κρείττων
3473 220 3629 281 εἶναι
3669 246 3776 283 πε-

469 322 629 382 modo
660 321 799 374 idem
831 328 885 374 et
919 318 1236 373 inﬁrmitate
1264 316 1435 386 major
1456 317 1716 382 creditur,
1759 324 1943 385 utpote
1972 315 2055 371 Fi—

2183 317 2446 373 τίστευται
2471 358 2487 383 ,
2519 319 2614 372 καὶ
2659 318 2736 381 ὡς
2764 317 2895 379 Υἱὸς
2931 317 3376 387 τετελειωμένος,
3410 318 3770 390 σταυροῦται

469 416 572 468 lius
613 411 853 468 numeris
892 411 1142 466 omnibus
1178 408 1487 479 perlectus,
1520 419 1575 462 et
1620 422 1689 464 ex
1735 408 2054 464 inﬁrmitate

2183 410 2214 464 ἐξ
2248 409 2341 463 καὶ
2378 409 2440 475 ἐξ
2483 409 2806 477 ἀσθενείας;
2839 409 3051 464 Οὐκοῦν
3080 410 3377 465 ἀκόλουθον
3406 411 3650 475 ἐννοεῖν,
3692 412 3776 476 ὡς

468 518 686 564 rursum
734 501 1022 556 crucifixus
1063 498 1324 554 docetur?
1373 498 1445 554 Ut
1489 513 1706 554 crucem
1757 501 2052 556 secundum

2183 499 2425 572 ισθὲνησε
2468 501 2589 572 μὲν,
2642 501 2925 574 σαρκικῶς
2955 501 3192 571 σταυρὸν
3252 502 3600 572 ὑπομείναςο
3651 503 3774 558 ἐστι

470 609 689 652 carnem
734 592 988 656 sustinet,
1041 591 1236 646 merito
1284 589 1532 644 inﬁrmus
1571 591 1934 660 praedicatur;
1994 601 2057 648 ut

2183 611 2221 646 ἐ
2263 595 2372 664 μὴν
2418 594 2495 657 ὡς
2537 594 2668 657 Θεὸς
2713 593 2806 648 τοῦ
2858 593 3108 648 ἀσθενεῖν
3146 595 3428 649 ἐπέκεινα·
3472 613 3492 647 ι
3537 597 3619 648 Τὸ
3655 597 3771 667 γὰρ

473 696 650 741 autem
702 685 844 740 Deus
884 693 984 750 est,
1037 683 1228 751 quavis
1271 679 1588 736 inﬁrmitate
1631 684 1878 752 superior
1911 692 2056 740 recte

2183 686 2378 756 πνεῦμα
2421 685 2724 757 πρόθυμον,
2759 685 2877 756 ἠδὲ
2915 685 3053 756 σὰρξ
3096 684 3352 756 ἀσθενής.
3388 704 3405 736 ι
3465 687 3533 738 Ei
3587 687 3654 740 δὲ
3706 688 3771 757 δὴ

471 775 770 832 asseritur:
833 792 852 824 c
883 774 1118 843 Spiritus
1155 773 1300 827 enim
1352 783 1634 841 promptus
1667 783 1768 840 est,
1800 789 1928 828 caro
1962 790 2056 828 au-

2183 779 2395 847 .έγοιεν,
2448 781 2550 849 τὴν
2598 778 2886 833 ἀσθένειαν
2928 781 2988 834 ὲν
3019 777 3196 848 τούτῳ
3237 778 3317 847 τῷ
3348 781 3408 832 ἐν
3451 778 3769 850 ἁμαρτίαις

473 879 580 923 tem
627 869 836 922 inﬁrma
867 866 908 920 ³.
947 885 964 917 ι
1002 864 1154 934 Quod
1193 866 1236 920 si
1275 867 1367 936 qui
1415 874 1560 932 sunt,
1603 868 1694 936 qui
1726 866 2058 923 inﬁrmitatis

474 961 692 1014 nomine
741 959 795 1014 id
844 975 1006 1012 unum
1045 959 1133 1013 hic
1179 959 1446 1014 insinuari
1483 959 1836 1024 contendant,
1866 975 2058 1028 nempe

472 1053 616 1121 quod
647 1050 846 1123 legales
879 1049 1111 1105 ministri
1145 1065 1251 1104 non
1283 1050 1398 1105 sine
1429 1050 1663 1119 peccatis
1687 1051 1853 1104 vitam
1880 1061 2058 1108 trans.-

472 1145 722 1212 igebaut;
779 1159 884 1198 non
935 1159 1174 1213 repugno
1225 1142 1374 1212 (imo
1436 1142 1489 1196 in
1527 1143 1689 1198 .hanc
1732 1145 2058 1202 sententiam

476 1239 704 1295 libenter
750 1235 1029 1306 concedo)
1067 1244 1210 1290 recte
1263 1236 1365 1290 hoc
1404 1245 1562 1304 pacto
1599 1237 1803 1292 sentire
1827 1237 2060 1292 volenti-

476 1331 597 1385 bus.
637 1328 794 1399 Legis
831 1329 1055 1399 proinde
1097 1327 1328 1382 ministri
1380 1342 1487 1382 non
1535 1344 1662 1396 uno,
1693 1331 1786 1386 sed
1820 1330 2062 1401 pluribus

477 1422 762 1476 sacriﬁciis
790 1419 1126 1492 indigebant,
1154 1430 1362 1490 utquos
1386 1422 1626 1490 quotidie
1657 1430 1764 1476 tam
1799 1440 1896 1493 pro
1921 1401 2057 1495 suis,

477 1531 639 1584 quam
687 1529 782 1586 pro
846 1513 1028 1584 populi
1087 1513 1406 1582 ignorauliis
1458 1512 1655 1570 olferre
1704 1516 2061 1584 oporteret",

476 1615 768 1675 propterea
821 1605 1075 1658 nimirum
1125 1604 1270 1674 quod
1312 1603 1544 1659 subinde
1583 1603 1635 1658 in
1682 1604 1815 1660 alias
1848 1615 1901 1661 et
1930 1608 2065 1662 alias

480 1697 823 1750 inﬁrmitates
853 1695 1288 1764 prolaberentur,
1322 1710 1496 1764 coque
1523 1697 1782 1765 languore
1816 1707 2066 1752 teneren-

482 1798 589 1851 tur,
621 1789 708 1856 qni
736 1787 788 1840 in
827 1786 1106 1855 multiplex
1158 1794 1439 1854 peccatum
1485 1786 1720 1841 abducit.
1757 1786 1852 1841 ille
1886 1797 2064 1851 autem

483 1876 654 1944 major
681 1891 842 1948 quam
873 1876 962 1945 qui
1009 1890 1234 1944 peccare
1270 1876 1460 1944 possit,
1510 1886 1696 1944 utpote
1730 1877 1894 1943 Deus,
1933 1894 2066 1948 pou-

483 1969 615 2024 tilex
648 1979 831 2024 noster
854 1966 1099 2032 ell‘ectus,
1143 1981 1206 2021 ac
1238 1966 1532 2021 secundum
1571 1968 1864 2022 humanam
1907 1979 2068 2024 natu-.-

484 2073 600 2110 t-am
659 2056 915 2111 sacerdos
983 2056 1304 2126 appellatus,
1369 2054 1513 2109 Patri
1585 2071 1740 2109 suum
1792 2057 2066 2127 proprium

482 2165 682 2220 corpus
727 2148 925 2203 obtulit
966 2158 1022 2203 et
1071 2148 1433 2202 consecravit.
1467 2148 1775 2204 Secundum
1817 2158 2068 2212 naturam

401 2304 404 2312 ι
483 2241 709 2313 proinde
761 2240 1000 2296 divinam
1032 2241 1083 2299 in
1131 2251 1411 2310 peceatum
1447 2241 1656 2311 prolabi
1692 2257 1798 2297 non
1835 2252 2069 2312 poterat,

483 2349 609 2388 cum
645 2349 748 2388 non
780 2342 922 2388 esset
954 2344 1160 2387 natura:
1197 2344 1414 2398 creatae,
1449 2349 1568 2402 quae
1613 2349 1708 2402 per
1746 2348 1937 2388 senon
1974 2336 2070 2388 ha-

2160 867 2301 924 εἷναι
2349 863 2542 939 δηλοῦν
2575 869 2702 934 τοὺς
2752 869 2898 926 κατὰ
2947 871 3112 940 νόμον
3165 871 3628 942 ίερατεύονταςά,
3670 874 3766 926 οὐκ

2161 961 2541 1033 ἀντιτάξομαι·
2570 961 2831 1032 σύμφημι
2856 961 2914 1020 δὲ
2943 961 3145 1032 μᾶλλον
3169 960 3307 1032 ὀρθά
3327 965 3424 1014 καὶ
3443 962 3598 1016 οὕτω
3621 966 3764 1017 νοεῖν

2164 1055 2484 1126 ᾑρημένοις.
2513 1053 2724 1109 Οὐκοῦν
2752 1055 2804 1107 οἱ
2841 1054 2941 1125 μὲν
2972 1055 3118 1108 κατά
3148 1055 3313 1126 νόμον
3343 1056 3635 1126 ἱερουργοὶ
3665 1057 3760 1110 Θν-

2164 1145 2286 1207 σίας
2315 1143 2547 1217 ἔχρῃζον
2589 1145 2651 1198 οὐ
2701 1145 2854 1214 μιᾶς,
2889 1143 3155 1197 πλειόνων
3183 1145 3241 1197 δὲ
3276 1144 3509 1215 μᾶλλον,
3561 1145 3663 1198 am
3698 1147 3761 1218 δὴ

2163 1235 2533 1306 προσάγοντες
2559 1234 2681 1289 καθ’
2704 1234 2921 1306 ἡμέραν
2941 1234 3086 1305 ὑπέρ
3108 1252 3168 1288 τε
3194 1235 3380 1290 αὐτῶν
3413 1233 3511 1289 καὶ
3534 1237 3646 1290 τῶν
3668 1237 3758 1290 τοῦ

2162 1325 2294 1380 λαοῦ
2346 1325 2735 1396 ἀγνοημάτων,
2784 1323 2873 1377 διὰ
2904 1323 2967 1377 τδ
2995 1323 3315 1386 πλειστάκις,
3341 1322 3621 1388 ἀσθενεῖν,
3669 1325 3761 1377 καὶ

2165 1416 2455 1488 ὑπομένειν
2506 1416 2850 1488 μαλακισμὸν
2891 1417 2986 1470 τὸν
3034 1418 3115 1480 είς
3173 1416 3525 1487 πολύτροπον
3576 1419 3758 1488 ἁμαρ·

2163 1510 2322 1562 τίαν·
2367 1510 2398 1561 ὁ
2440 1508 2498 1561 δὲ
2547 1509 2813 1580 κρείττων
2848 1508 3123 1580 ἁμαρτίας
3172 1509 3464 1581 ὑπάρχων,
3500 1511 3579 1574 ὡς
3605 1511 3756 1574 Oak,

2172 1600 2614 1673 προσκεκόμικεν
2638 1599 2852 1666 ἑαυτὸν,
2884 1601 2978 1654 καὶ
3001 1599 3226 1669 γέγονεν
3257 1601 3420 1671 ἡμῶν
3443 1603 3760 1672 ἀρχιερεὺς,

2173 1695 2534 1763 ἀνθρωπίνως
2571 1693 2668 1764 μὲν
2702 1693 2998 1763 λεγόμενος
3045 1691 3408 1762 λειτουργεῖν,
3463 1693 3768 1763 ίερατεύων

2172 1787 2230 1840 δὲ
2261 1787 2340 1857 τῷ
2371 1787 2547 1854 Πατρὶ
2569 1787 2632 1840 τὸ
2657 1785 2789 1839 ἴδιον
2817 1786 2998 1856 σῶμα.
3029 1786 3362 1855 Θεοπρεπῶς
3389 1780 3488 1840 οὖν
3521 1787 3634 1856 ἄρα
3665 1805 3767 1840 πα-

2175 1879 2289 1936 θεῖν
2323 1881 2423 1934 οὐκ
2461 1879 2714 1949 ἀνέχεται
2747 1879 2848 1950 τὴν
2883 1878 3184 1949 ἁμαρτίαν,
3219 1878 3302 1930 ὅτι
3334 1879 3412 1948 μὴ
3445 1878 3676 1948 φύσεως
3703 1875 3768 1951 ἦν

2173 1971 2432 2042 γενητῆς,
2465 1972 2566 2024 οὐκ
2599 1971 2831 2041 ὲχόύσης
2861 1970 3137 2032 οὐσιωδῶς
3168 1969 3230 2022 τὸ
3255 1970 3552 2040 ἄτρεπτον,
3581 1973 3686 2025 καὶ
3714 1974 3767 2024 τὸ

2174 2065 2253 2127 εἰς
2279 2063 2424 2116 ἆπαν
2446 2062 2844 2132 διαδιδράσκειν
2859 2060 3124 2118 δύνασθαι
3139 2061 3239 2130 τὴν
3263 2061 3572 2130 ἁμαρτίαν.
3593 2062 3729 2125 Θεὸς
3745 2075 3764 2102 ι

2174 2153 2267 2210 οὖν
2301 2157 2408 2227 ἄρα
2453 2156 2571 2209 ἐστὶ
2605 2155 2945 2221 παντέλειος,
2973 2152 3410 2224 ἀνεπικούρητον
3440 2152 3592 2224 ἔχων
3641 2157 3765 2226 παρ’

2177 2250 2365 2320 ἐτέρου
2394 2251 2457 2302 τὸ
2484 2249 2824 2321 ἀκράδαντον
2859 2249 2940 2313 εἰς
2974 2246 3270 2317 άγιασμδν,
3305 2247 3530 2315 φύσεώς
3555 2265 3616 2300 τε
3643 2265 3766 2319 καρ-

2177 2338 2280 2392 πὸν
2311 2337 2446 2402 ἰδίας
2472 2339 2612 2410 ἔχων
2637 2338 2697 2392 τὸ
2728 2337 3111 2409 ἀπλημμελές.

487 2429 577 2481 but
625 2425 1140 2491 immutabilitatem,
1189 2439 1288 2478 nec:
1339 2439 1496 2492 posse
1544 2424 1764 2478 omnino
1797 2425 1954 2499 165
1995 2426 2169 2481 vitare
2237 2439 2539 2498 peccatum.
2586 2430 2728 2484 Deus
2775 2430 2956 2497 itaque
3023 2436 3107 2482 est
3169 2427 3319 2482 omni
3344 2443 3410 2482 ex
3446 2438 3606 2496 parte
3649 2444 3764 2498 per-

488 2522 682 2592 l'eclus,
717 2530 771 2574 et
811 2519 957 2574 nullo
993 2518 1246 2586 praesidio
1290 2519 1512 2592 indiget,
1559 2527 1619 2572 ut
1662 2518 1716 2573 in
1748 2532 1845 2572 sua
1869 2522 2160 2580 sanctitate
2193 2523 2384 2582 ﬁrmus
2452 2523 2732 2597 persistat,
2788 2538 2912 2579 cum
2982 2525 3057 2582 sit
3119 2532 3326 2578 natura:
3351 2523 3477 2591 ejus
3526 2524 3764 2594 proprius

489 2615 696 2671 fructus
729 2607 1177 2685 impcccabilitas.

561 2708 746 2765 XLIV.
874 2709 1179 2780 Capitulum
1227 2716 1407 2764 autem
1437 2723 1604 2778 super
1635 2724 1699 2763 ea
1737 2724 1857 2780 quae
1883 2710 2076 2764 dicun-

2254 2713 2386 2766 MA'.
2439 2731 2459 2765 ‹
2492 2712 2803 2782 Κεφάλαιον
2829 2711 2888 2765 δὲ
2918 2711 3012 2764 ἐπὶ
3049 2711 3163 2772 τοῖς
3188 2708 3548 2778 λεγομένοιςο
3581 2705 3763 2760 Tuto-3o

492 2814 613 2860 tur:
668 2803 852 2859 Talem
886 2803 1146 2858 habemus
1198 2801 1530 2871 pontiﬁcem,
1580 2804 1673 2872 qui
1719 2805 1968 2858 consedit
2019 2802 2078 2858 in

490 2896 717 2952 dextera
745 2896 890 2952 sedis
919 2894 1306 2964 magnitudinis
1343 2893 1396 2948 in
1423 2894 1599 2957 caelis,
1627 2905 1938 2951 sanctorum
1974 2895 2080 2950 mi-

492 2990 685 3056 nister,
717 2997 772 3044 et
805 2987 1138 3043 tabernaculi
1181 2986 1316 3052 veri,
1366 2986 1510 3055 quod
1543 2986 1665 3042 ﬁxit
1712 2985 1991 3052 Dominus,
2027 2997 2083 3041 et

493 3097 601 3139 non
649 3082 814 3136 homo
848 3081 892 3134 ⁸.
935 3097 952 3130 ι
1009 3077 1180 3133 Vetus
1223 3077 1354 3131 illud
1404 3077 1818 3146 tabernaculum
1850 3093 1946 3148 per
1989 3093 2080 3133 sa-

495 3171 897 3238 pientissimum
943 3169 1165 3241 Moysen
1209 3170 1263 3224 in
1287 3169 1503 3224 deserto
1552 3169 1944 3226 exmdiﬁcatum
1975 3178 2080 3233 est,

497 3263 662 3332 idque
693 3263 760 3317 ad
799 3263 1031 3316 formam
1081 3263 1136 3316 in
1187 3273 1372 3319 monte
1419 3262 1494 3318 illi
1535 3263 1982 3317 demonstratam.
2018 3261 2084 3314 Et

499 3357 720 3426 quidem
754 3353 970 3410 Veteris
1002 3354 1334 3410 Testamenti
1380 3352 1756 3410 sacerdotibus
1802 3361 1922 3408 erat
1953 3351 2084 3408 illud

500 3446 844 3516 aptissimum
879 3463 893 3500 :
948 3456 1004 3502 at
1052 3461 1180 3502 vero
1219 3445 1587 3501 habitaculum
1635 3444 1854 3500 Christo
1885 3459 2084 3500 conve-

501 3539 658 3595 niens
691 3549 779 3598 est
820 3553 1055 3609 superna
1101 3539 1190 3595 illa
1233 3545 1573 3607 venustoque
1606 3538 1827 3601 civitas,
1864 3537 1967 3593 hoc
2002 3545 2087 3591 est

501 3616 722 3697 uelum,
754 3630 995 3685 divinum
1031 3647 1162 3687 sane
1206 3643 1587 3700 summumque
1642 3630 2081 3695 tabernaculum,

503 3737 610 3778 non
654 3722 788 3777 artis
839 3724 1087 3777 humanae
1144 3723 1441 3788 inventum,
1489 3724 1585 3778 sed
1621 3732 1896 3788 sanctum,
1956 3733 2012 3778 et
2055 3740 2086 3778 a

503 3815 614 3870 Deo
654 3813 1048 3881 fabrefactum;
1102 3814 1154 3868 in
1197 3813 1341 3882 quod
1384 3813 1472 3868 ille
1524 3813 1727 3881 illatus,
1767 3830 1861 3871 eos
1897 3816 1988 3885 qui
2033 3816 2084 3870 in

503 3906 679 3974 ipsum
727 3904 976 3969 credunt,
1025 3903 1622 3974 sanctiﬁcationemque
1675 3920 1769 3974 per
1821 3905 2086 3974 Spiritum

502 3995 781 4052 consecuti
820 4005 965 4060 sunt,
986 3995 1094 4050 Deo
1120 4003 1175 4049 et
1197 3995 1346 4050 Patri
1377 3995 1557 4050 offert.
1593 4015 1612 4048 ι
1652 3995 1842 4063 Nemo,
1879 3998 2082 4066 inquit,

2180 2821 2274 2857 τον
2299 2804 2494 2875 ἔχομεν
2517 2805 2799 2877 ἀρχιερέα,
2828 2803 2888 2865 ὃς
2917 2801 3168 2856 ἐκάθισεν
3190 2802 3250 2852 ὲν
3276 2798 3434 2870 δεξιᾷ
3456 2798 3556 2850 τοῦ
3587 2797 3766 2868 θρόνον

2181 2894 2283 2963 τῆς
2313 2893 2704 2964 μεγαλωσύνης
2749 2894 2810 2945 ὲν
2852 2894 2967 2954 τοῖς
2995 2890 3266 2960 οὐρανοῖς,
3309 2888 3425 2940 τῶν
3457 2887 3637 2956 ἁγίων
3672 2887 3768 2939 λει-

2182 2983 2435 3056 τουργὸς,
2470 2985 2568 3038 καὶ
2599 2984 2699 3054 τῆς
2729 2983 2937 3054 σκηνῆς
2965 2983 3063 3051 τῆς
3087 2979 3380 3050 ἀληθινῆς,
3416 2980 3487 3048 ἢν
3520 2979 3769 3050 ἔπηξενό

2185 3076 2412 3145 Κύριος,
2438 3076 2532 3129 καὶ
2557 3075 2656 3128 οὐκ
2675 3074 2982 3146 ἄνθρωπος.
3006 3092 3024 3124 ι
3046 3072 3348 3141 Ἑγήγερτο
3375 3071 3479 3140 μὲν
3510 3072 3662 3123 κατά
3685 3071 3768 3139 τὴν

2184 3167 2392 3238 ἔρημον
2414 3170 2447 3238 ἡ
2486 3167 2689 3238 ἀρχαία
2716 3167 2891 3236 σκηνὴ
2917 3166 3005 3220 διὰ
3027 3163 3119 3218 τοῦ
3147 3163 3430 3232 πανσόφου
3470 3164 3768 3224 Μωῦσέως,

2186 3259 2486 3330 πεποίηται
2514 3259 2570 3310 δὲ
2601 3258 2746 3312 κατὰ
2775 3259 2867 3311 τὸν
2900 3257 3072 3310 τύπον
3098 3257 3191 3309 τὸν
3229 3254 3517 3326 δειχθέντα
3539 3252 3698 3324 αὐτῷ
3721 3254 3768 3304 ἐν

2185 3351 2266 3422 τῷ
2293 3351 2411 3422 ὄρει
2434 3367 2450 3382 ο
2491 3351 2587 3405 καὶ
2625 3353 2737 3414 τοῖς
2767 3349 2867 3420 μὲν
2901 3347 3047 3414 κατά
3076 3349 3169 3400 τὸν
3199 3347 3365 3417 νόμον
3398 3345 3769 3416 ἱερατεύουσιν

2186 3445 2374 3514 ἐκείνη
2421 3443 2888 3516 πρεπωδεστάτηο
2939 3441 3264 3511 ἐνδιαίτημα
3315 3440 3376 3493 δὲ
3423 3439 3511 3509 τῷ
3561 3436 3769 3510 Χριστῷ

2187 3536 2399 3606 πρέπον
2429 3553 2489 3590 τε
2522 3535 2617 3588 καὶ
2646 3534 2823 3597 ἐοικὸς
2852 3535 2884 3604 ἡ
2918 3533 3029 3588 ἄνω
3068 3530 3408 3594 καλλίπολις,
3439 3529 3767 3583 τουτέστινό

2187 3627 2438 3698 οὐρανὸς,
2473 3628 2508 3697 ή
2539 3626 2661 3680 θεία
2690 3643 2752 3680 τε
2791 3627 2885 3680 καὶ
2909 3625 3174 3679 ἀνωτάτω
3206 3621 3403 3692 σκηνὴ,
3431 3622 3536 3674 καὶ
3557 3622 3658 3674 οὐκ
3687 3620 3765 3671 ἀν·

2189 3718 2470 3790 θρωπίνης
2493 3718 2707 3789 εὕρεμα
2735 3718 2954 3788 τέχνης,
2989 3717 3104 3772 ἀλλ’
3135 3715 3257 3787 ἱερά
3287 3716 3386 3768 καὶ
3429 3714 3763 3773 θεότευκτος.

2201 3811 2353 3867 Ἐκεῖ
2377 3809 2616 3879 γεγονὼς
2646 3809 3007 3881 προσκομίζει
3051 3807 3132 3879 τῷ
3173 3805 3291 3876 Θεῷ
3321 3807 3419 3859 καὶ
3444 3806 3631 3876 Πατρὶ
3659 3803 3768 3863 τοὺς

2191 3903 2273 3962 εἰς
2299 3900 2460 3954 αὑτὸν
2508 3898 2887 3963 πιστεύοντας,
2929 3897 3298 3969 ἡγιασμένους
3324 3895 3384 3948 δὲ
3415 3894 3668 3964 δηλονότι
3695 3889 3771 3944 διὰ

2190 3990 2285 4044 τοῦ
2325 3989 2666 4059 Πνεύματος.
2701 4008 2719 4040 t
2758 3989 2948 4051 Οὐδεὶς
2991 3986 3100 4059 γὰρ
3135 3986 3380 4055 ἔρχεται,
3427 3984 3606 4053 φησὶ,
3651 3979 3771 4048 πρὸς

503 4088 655 4142 venit
690 4087 758 4142 ad
795 4085 1031 4152 Patrem,
1074 4086 1177 4142 nisi
1224 4102 1320 4156 per
1351 4103 1436 4143 me
1465 4086 1508 4146 ⁸.
1548 4107 1567 4141 ι
1601 4088 1905 4144 Istiusmodi
1955 4102 2076 4159 ergo

2195 4083 2284 4137 τὸν
2314 4083 2536 4153 Πατέρα
2564 4121 2578 4146 ,
2613 4081 2661 4134 εἰ
2693 4081 2770 4152 μὴ
2797 4080 2863 4133 δι’
2909 4079 3066 4150 ἐμοῦ,
3105 4099 3123 4132 ι
3160 4079 3273 4132 Καὶ
3303 4068 3462 4138 οὗτος
3497 4073 3653 4144 αὐτῷ
3687 4072 3772 4135 τῆς

507 4177 650 4232 illius
674 4186 759 4233 est
787 4176 1169 4240 ministerium,
1194 4176 1260 4232 de
1289 4191 1397 4246 quo
1427 4177 1514 4233 hic
1543 4178 1772 4248 agimus,
1809 4177 1874 4231 Et
1902 4192 2087 4247 quam-

503 4270 587 4328 vis
619 4285 708 4326 res
743 4269 856 4326 haec
881 4267 1103 4336 nostris,
1136 4269 1240 4324 hoc
1268 4278 1372 4335 est,
1409 4271 1660 4324 humanis
1690 4269 1872 4325 verbis
1899 4270 2083 4340 expri-

511 4371 719 4428 matur,
755 4369 840 4415 est
875 4367 1055 4415 tamen
1103 4361 1390 4416 admodum
1445 4361 1645 4417 divina.
1675 4362 1892 4426 Annon,
1925 4361 2085 4416 obse-

507 4469 622 4522 cro,
666 4452 911 4508 divinum
951 4450 1207 4521 quiddam
1257 4462 1360 4519 est,
1387 4453 1670 4508 credentes
1701 4453 1920 4522 proprio
1962 4451 2088 4520 Spi—

508 4548 614 4600 ritu
658 4557 822 4614 posse
869 4545 1246 4610 sanctiﬁcare;
1296 4541 1778 4611 misericordiaque
1819 4551 1874 4598 et
1916 4542 2090 4612 gratia

505 4635 848 4704 justiticatos,
899 4635 1100 4689 mundo
1159 4643 1454 4699 emortuos,
1507 4631 1713 4702 Spiritu
1770 4633 2091 4698 viriﬁcatos,

510 4728 620 4781 vita
647 4726 864 4786 tandem
919 4741 1241 4796 morumque
1273 4726 1557 4784 honestate
1585 4726 1908 4794 conspicuos
1981 4725 2092 4781 Deo

507 4815 729 4880 offerre,
781 4827 835 4870 et
857 4820 1011 4886 quasi
1043 4818 1402 4874 consecrare?
1441 4818 1592 4886 Quod
1635 4829 1816 4875 autem
1843 4819 1861 4890 (
1888 4819 2088 4875 etiam-

509 4910 554 4962 si
590 4907 905 4962 ministrare
948 4909 1200 4981 dicatur)
1242 4910 1405 4967 Patre
1447 4927 1622 4981 neque
1654 4913 1831 4968 minor
1860 4912 1954 4976 sit,
1993 4926 2086 4968 ne-

509 5014 618 5070 que
655 4999 842 5070 gloriae
873 4997 1016 5054 illius
1045 5001 1151 5054 ulla
1181 5017 1246 5057 ex
1288 5011 1440 5070 parte
1473 5002 1652 5070 cedat,
1697 5003 1750 5058 id
1798 5004 1922 5059 inde
1948 5003 2092 5058 clare

511 5101 766 5151 constare
836 5099 1033 5161 potest,
1096 5091 1239 5165 quod
1294 5091 1487 5147 divinae
1540 5093 1838 5162 maiestatis
1893 5094 2089 5149 solium

586 5243 609 5277 ³
634 5249 825 5307 Matth.
859 5267 1007 5315 xxvi,
1035 5252 1123 5308 41.

1203 5252 1224 5284 ⁵
1251 5251 1415 5307 Hebr.
1445 5268 1541 5315 vn,
1569 5252 1661 5306 27.
1739 5253 1760 5284 '
1800 5252 1965 5313 Hebr.
1994 5266 2114 5310 vm.
2149 5254 2197 5320 Ι,
2228 5250 2281 5304 2.

2197 4174 2388 4228 ἐνθάδε
2420 4173 2721 4244 λεγομένης
2755 4171 3100 4243 λειτουργίας
3132 4172 3160 4223 ό
3192 4167 3416 4238 τρόπος.
3464 4163 3773 4236 Θεοπρεπὲς

2195 4267 2254 4320 δὲ
2287 4267 2349 4319 τὸ
2377 4265 2594 4337 χρῆμα,
2639 4263 2740 4320 κᾶν
2769 4264 2819 4317 εἰ
2851 4265 2964 4326 τοῖς
2999 4261 3119 4316 καθ’
3150 4261 3321 4330 ἡμᾶς,
3351 4259 3530 4329 ἧγουν
3575 4257 3772 4326 ἀνθρω·

2199 4358 2376 4422 πίνοις
2411 4357 2732 4428 σημαίνοιτο
2759 4355 2960 4424 λόγοις.
2993 4355 3067 4407 Τὸ
3100 4353 3209 4422 γὰρ
3243 4352 3499 4420 άγιάζειν
3528 4346 3773 4403 δύνασθαι

2198 4451 2278 4523 τῷ
2314 4451 2430 4522 ἰδίῳ
2458 4448 2743 4519 Πνεύματι
2781 4447 2908 4509 τοὺς
2957 4442 3317 4507 πιστεύοντας
3341 4482 3356 4505 ,
3387 4441 3530 4510 ἐλέῳ
3559 4441 3658 4494 καὶ
3692 4436 3774 4506 χά·

2201 4561 2312 4614 ριτι
2343 4540 2801 4611 δεδικαιωμένους
2827 4577 2842 4602 ,
2896 4537 2991 4590 καὶ
3023 4532 3134 4588 οἷον
3167 4534 3478 4604 ἱερουργεῖν
3526 4530 3605 4598 τῷ
3649 4527 3772 4595 Θεῷ,

2200 4635 2394 4707 κόσμῳ
2424 4634 2522 4704 μὲν
2549 4632 3017 4702 ἀποθνήσκοντας,
3037 4624 3511 4695 ζωοποιουμὲνους
3538 4623 3598 4676 δὲ
3615 4620 3773 4677 Πνεύ-

2207 4742 2357 4797 ματι,
2401 4724 2496 4778 καὶ
2521 4725 2602 4786 εἰς
2627 4721 2919 4790 εὐδόκιμον
2949 4717 3166 4788 ἀληθῶς
3190 4716 3629 4785 ἀναλάμποντας
3656 4712 3775 4781 βίον,

2200 4816 2318 4880 πῶς
2346 4817 2448 4870 οὐκ
2474 4815 2539 4869 ἂν
2568 4813 2654 4886 εἴη
2681 4811 3017 4883 θεοπρεπέςς
3048 4811 3172 4864 Ὅτι
3191 4808 3272 4872 δὲ,
3293 4807 3474 4862 καίτοι
3497 4805 3779 4875 λεγόμενος

2198 4910 2557 4980 λειτουργεῖν,
2609 4905 2672 4959 ού
2724 4906 2892 4976 μείων
2935 4901 3055 4960 ἐστὶ
3098 4900 3192 4956 τοῦ
3227 4899 3469 4969 Πατρὸς,
3515 4896 3645 4951 οὔτε
3689 4895 3780 4965 μὴν

2201 5003 2429 5055 κατόπιν
2457 5000 2678 5070 ἔρχεται
2719 4999 2817 5067 τῆς
2850 4995 3078 5064 ἐνούσης
3099 4992 3356 5055 εὐκλείας
3406 4991 3584 5060 αὐτῷ,
3624 5004 3782 5060 προε-

2202 5092 2587 5146 αποδείκνυσιν
2621 5087 2866 5160 ἐναργῶς
2895 5087 2957 5140 τὸ
2983 5087 3096 5148 τοῖς
3147 5083 3314 5144 Θεῐοις
3356 5081 3526 5136 αὑτὸν
3576 5074 3779 5148 mea).

2396 5250 2417 5281 ⁸
2449 5249 2604 5305 Joan.
2638 5263 2746 5314 xrv,
2778 5247 2830 5302 6.

1601 5385 1776 5442 Varia:
1800 5386 2058 5444 lectiones
2083 5386 2286 5444 codicis
2312 5383 2671 5460 Seguieriani.

582 5521 610 5563 ει
641 5518 1079 5595 ίερουργοῦντας,
1120 5514 1255 5589 [vel]
1284 5516 1651 5593 ίερατοῦντας.
1733 5529 1754 5556 ε
1790 5517 1933 5582 Υἱός.

3891 79 3899 116 l

3879 197 3900 236 4
