3942 6128
285 197 421 256 15θῖ

1095 195 1189 251 AD
1228 193 1532 253 REGINAS
1570 192 1659 249 DE
1700 189 1930 249 BECTA
1967 188 2126 246 FIDE
2166 187 2431 249 ORATIO
2467 187 2768 245 ALTERA.

3407 175 3548 236 1598

285 317 413 374 σθαι
440 316 640 383 θώκοις
663 357 680 383 ,
709 317 805 372 καὶ
837 318 896 372 ἐν
920 317 1070 389 δεξιᾷ
1100 317 1378 390 καθῆσθαι
1405 316 1500 372 τοῦ
1527 313 1861 387 Γεγεννηκό-

1983 312 2226 381 ιδιῑιιοιιῑ,
2277 322 2442 382 atque
2504 310 2641 366 adeo
2683 307 2786 379 ipsi
2825 303 2972 361 Patri
3019 304 3242 360 dextera
3288 298 3544 357 assideat.

282 427 398 476 τος.
430 410 495 464 Εί
528 410 643 481 γάρ
675 412 823 465 ἐστιν
854 409 1073 481 ἀληθὲς,
1125 411 1209 465 ότι
1251 411 1360 475 πᾶς
1411 410 1591 480 ἱερεὺς
1630 409 1863 479 ἕστηκεν

286 501 374 554 ἀεὶ
420 501 770 573 λειτουργῶν,
812 502 906 557 καὶ
939 502 1046 555 οὐκ
1091 500 1158 555 ἂν
1202 502 1378 557 νοοῖτό
1426 518 1557 556 ποτε
1606 499 1867 570 σύνεδρός

204 592 231 705 ἓ
281 609 345 705 is
374 592 470 646 καὶ
504 592 753 664 ίσοκλεὴς
783 586 937 666 ᾧπερ
963 593 1035 647 ἂν
1058 593 1377 666 λατρεύσειε
1408 592 1551 664 Θεῷ,
1605 591 1726 656 πῶς
1764 592 1867 645 οὐκ

173 682 238 745 ξ
286 683 575 755 ἀσυνήθης
620 684 904 756 ίερουργδς
936 686 966 738 ό
1003 686 1263 756 Χριστὸς,
1299 686 1328 739 ό
1369 686 1465 740 καὶ
1514 685 1574 739 ὲν
1610 686 1727 743 τοῖς
1767 682 1868 753 τῆς

289 777 544 846 θεότητος
606 774 805 841 θώκοις
855 777 933 842 ὡς
985 778 1156 841 Θεὸς,
1222 779 1318 832 καὶ
1369 776 1704 849 λειτουργῶν
1771 777 1868 830 ἀν-

287 869 612 940 θρωπίνως;
644 870 710 922 Εί
741 869 797 923 δὲ
827 869 890 941 δή
916 886 1000 933 τις
1028 869 1177 939 λέγοι
1222 868 1577 939 συκοφαντῶν
1605 867 1705 939 τὴν
1738 866 1869 939 ἀλή-

290 959 463 1024 θειαν,
487 961 570 1015 ὅτι
591 961 701 1015 Ναὶ
722 959 1019 1014 κεκάθικεν
1046 963 1105 1014 ἐν
1130 959 1284 1031 δεξιᾷ
1303 959 1400 1014 τοῦ
1430 959 1647 1032 Πατρὸς
1684 958 1870 1023 ίδικῶς

290 1053 576 1126 ἄνθρωπος
620 1053 971 1124 συνημμένος
1000 1052 1077 1124 τῷ
1105 1052 1224 1124 Θεῷ
1252 1052 1395 1107 κατά
1428 1053 1597 1123 μόνην
1627 1050 1728 1122 τὴν
1757 1049 1870 1104 ίσό-

289 1162 431 1217 τητα
455 1147 551 1217 τῆς
579 1145 736 1210 ἀξίας
758 1161 772 1177 ·
814 1146 997 1201 οὐκέτι
1038 1146 1205 1217 μόνης
1239 1142 1380 1200 εἷναί
1409 1162 1542 1216 φησι
1568 1145 1670 1216 τῆς
1709 1143 1872 1213 ἁγίας

294 1234 526 1304 Τριάδος
571 1235 664 1288 τὸν
728 1234 991 1291 ἀνωτάτω
1041 1235 1138 1290 καὶ
1195 1237 1334 1309 μόνῃ
1384 1236 1523 1307 αὐτῇ
1590 1235 1874 1306 πρέποντα

290 1329 503 1399 θρόνον,
529 1329 645 1382 ἀλλ’
671 1327 775 1398 ήδη
803 1345 887 1392 τις
916 1330 1052 1400 ἡμῖν
1077 1328 1340 1400 τέταρτος
1365 1330 1568 1395 οὑτοσὶ,
1616 1329 1873 1401 πρόσφα-

285 1420 385 1484 τός
427 1438 489 1475 τε
528 1419 624 1474 καὶ
654 1420 881 1489 γενητὸς
930 1416 1341 1493 ἐπεισκρίνεται
1390 1422 1546 1487 Θεὸς,
1597 1421 1736 1494 μετὰ
1775 1420 1877 1494 τὴν

290 1510 581 1582 ὁμοούσιον
608 1510 703 1564 καὶ
734 1510 898 1580 άγίαν
923 1511 1152 1583 Τριάδα.

1928 403 2026 479 ,Si
2079 405 2226 459 enim
2270 417 2459 458 verum
2522 407 2606 456 est
2656 411 2872 453 omnem
2922 394 3144 452 omnino
3211 389 3546 447 sacerdotem

1966 503 2134 561 stare,
2177 501 2239 548 ut
2280 489 2610 549 sacriﬁcium
2648 485 2919 552 oﬁ'erat";
2961 497 3136 554 neque
3186 481 3426 537 assidere
3455 485 3550 532 aut

1966 586 2116 658 paris
2145 599 2380 655 unquam
2412 581 2597 654 gloriae
2622 595 2745 636 cum
2778 578 2911 644 Deo,
2941 576 3026 633 cui
3056 572 3347 639 sacriﬁcat,
3390 567 3551 625 intel-

1969 681 2060 751 ligi
2103 686 2277 749 potest
2303 694 2319 733 :
2350 690 2461 748 quo
2509 680 2668 745 pacto
2695 669 2947 728 Christus
2979 682 3120 723 novo
3171 665 3331 720 modo
3359 675 3548 719 sacer-

1970 770 2119 826 dotio
2161 782 2270 824 non
2319 766 2580 838 fungitur,
2621 762 2713 835 qui
2754 763 2828 818 ita
2857 771 2918 816 ut
2959 760 3123 816 homo
3150 756 3444 818 ministrat,
3493 758 3553 807 ut

1970 873 2152 919 tamen
2183 860 2239 917 in
2284 858 2589 916 divinitatis
2621 854 2771 913 soliis
2808 850 3135 911 consident?
3167 848 3320 916 Quod
3349 848 3393 903 si
3428 845 3558 917 quis

1971 957 2254 1027 improbus
2293 953 2553 1008 adversus
2587 950 2873 1006 veritatem
2908 944 3241 1018 schphanta
3278 939 3553 996 hominem

1971 1048 2269 1106 secundum
2320 1044 2493 1101 solam
2534 1041 2814 1115 dignitatis
2845 1038 3212 1111 aequalitatem
3259 1032 3369 1091 Deo
3416 1047 3553 1088 con-
3635 1077 3639 1081 .

1969 1139 2241 1210 iunctum,
2275 1135 2344 1191 ad
2373 1133 2553 1189 Patris
2594 1132 2871 1189 dexteram
2904 1128 3188 1186 considere
3231 1122 3550 1187 contendat,

1975 1232 2023 1287 is
2051 1243 2184 1285 sane
2216 1236 2447 1293 asseret,
2485 1241 2595 1281 non
2641 1224 2874 1294 amplius
2913 1221 3080 1278 solius
3119 1225 3322 1275 sanctae
3366 1212 3554 1270 Trini-

1978 1323 2106 1377 tatis
2126 1335 2250 1376 esse
2271 1332 2582 1390 supremum
2604 1316 2776 1379 illum,
2794 1323 2958 1384 atque
2981 1311 3082 1383 ipsi
3101 1308 3200 1366 soli
3225 1306 3556 1366 convenien—

1978 1422 2085 1470 tem
2111 1413 2273 1484 ιω
2306 1412 2582 1467 thronum.
2604 1409 2710 1464 Sed
2735 1408 2845 1478 iam
2879 1413 3105 1477 quartus
3132 1403 3355 1473 quidam
3373 1398 3557 1463 nobis.

1977 1520 2168 1561 recens
2196 1516 2250 1560 et
2282 1503 2454 1558 factus
2487 1499 2850 1555 introducitur
2898 1497 3059 1562 Deus,
3091 1502 3289 1565 praeter
3320 1489 3557 1550 consub-

1980 1595 2289 1654 stantialem
2314 1602 2370 1649 et
2396 1600 2645 1650 sanctam
2672 1589 3019 1645 Trinitatem.

362 1687 500 1742 ME’.
546 1707 565 1739 ι
599 1688 835 1759 Χριστὸς
857 1688 915 1743 δὲ
951 1691 1400 1763 παραγενόμενος
1433 1692 1728 1763 ἀρχιερεὺς
1761 1690 1872 1746 τῶν

2316 1645 2564 1741 D—ltristus
2600 1691 2779 1738 autem
2836 1680 3098 1736 assistens
3143 1645 3383 1748 pontifex
3416 1672 3561 1727 iutu-

290 1777 602 1847 μελλόντων
633 1778 876 1846 ἀγαθῶν,
907 1780 996 1834 διὰ
1022 1782 1120 1852 τῆς
1153 1782 1401 1852 μείζονος
1416 1782 1511 1836 καὶ
1530 1782 1874 1854 τελειοτέρας

292 1872 536 1940 σκηνῆς,
583 1871 643 1923 ού
684 1873 1090 1941 χειροποιήτου,
1122 1874 1402 1927 τουτέστιν
1436 1874 1499 1927 οὐ
1532 1874 1736 1945 ταύτης
1773 1874 1875 1944 τῆς

293 1963 548 2026 κτίσεως,
594 1962 717 2016 οὐδὲ
761 1963 829 2017 δι’
870 1965 1105 2034 αἵματος
1139 1966 1366 2036 τράγων
1396 1966 1490 2020 καὶ
1521 1967 1760 2038 μόσχων,
1784 1964 1875 2020 διὰ

290 2055 351 2108 δὲ
387 2052 482 2107 τοῦ
513 2053 646 2108 ἰδίου
679 2055 912 2125 αἵματος
940 2057 1194 2128 είσῆλθεν
1231 2059 1455 2128 ἐφάπαξ
1495 2061 1575 2123 είς
1615 2058 1685 2112 τὰ
1717 2054 1871 2127 ἅγια,

291 2145 516 2198 αἰωνίαν
550 2144 819 2216 λύτρωσιν
863 2147 1184 2218 εὑράμενος.
1228 2169 1247 2202 ι
1288 2142 1423 2203 Τίνα
1455 2150 1512 2203 δὲ
1552 2150 1754 2221 τρόπον
1787 2149 1876 2205 διά

290 2236 393 2303 τῆς
452 2235 697 2306 μείζονος
732 2238 830 2291 καὶ
879 2238 1225 2310 τελειοτέρας
1259 2241 1466 2312 σκηνῆς
1514 2240 1741 2309 γέγονεν
1789 2240 1874 2310 ἐφ’

292 2329 443 2395 ἡμᾶς
484 2327 515 2381 ὁ
560 2327 765 2399 Κύριος
810 2329 970 2400 ἡμῶν
1027 2329 1234 2401 Ἰησοῦς
1281 2332 1516 2402 Χριστὸς
1561 2332 1873 2406 ἀρχιερεὺς,

294 2418 689 2489 προαπέδειξεν
738 2421 870 2491 ἡμῖν
927 2421 1129 2491 ἀρτίως
1176 2424 1204 2475 ό
1250 2422 1434 2491 λόγος.
1491 2423 1613 2478 Ὅτι
1668 2423 1726 2478 δὲ
1777 2423 1877 2495 τῆς

297 2510 611 2587 ίερουργίας
641 2512 670 2564 ό
699 2513 905 2583 τρόπος
921 2512 1096 2584 αὐτῷ,
1128 2513 1225 2566 καὶ
1258 2514 1501 2584 ἀμείνων
1529 2515 1878 2587 ἀσυγκρίτως

292 2604 394 2673 τῆς
430 2602 572 2657 κατὰ
605 2605 696 2656 τὸν
730 2603 916 2674 νόμον,
975 2605 1072 2657 καὶ
1124 2604 1261 2659 πολὺ
1309 2605 1431 2660 λίαν
1481 2607 1879 2678 ύπερκείμενος

291 2696 405 2749 τῶν
436 2694 512 2759 ὡς
550 2696 608 2749 ἐν
652 2694 808 2766 τύπῳ
840 2695 938 2749 καὶ
989 2698 1115 2766 σκιᾷ
1164 2696 1281 2768 (καὶ⁵
1324 2698 1432 2768 γάρ
1472 2699 1620 2752 ἐστιν
1653 2698 1815 2763 αὐτὸς
1842 2700 1877 2772 ἡ

296 2783 525 2854 ἀλήθεια
560 2785 655 2838 καὶ
690 2784 751 2837 τὸ
779 2785 1010 2855 ἄμωμον
1047 2786 1288 2855 ἱερεῖον),
1329 2786 1654 2840 ἐνδοιάσειεν
1684 2787 1751 2840 ἂν
1782 2788 1878 2841 ού-

291 2873 428 2937 δείς.
481 2875 761 2945 Ἐπιτήρει
814 2874 904 2939 δὲ,
966 2875 1116 2939 ὅπως
1156 2894 1173 2927 ι
1237 2876 1295 2929 '0
1342 2875 1671 2944 ἀξιάγαστος
1720 2877 1879 2947 ἡμῶν

296 2966 615 3036 ἀρχιερεὺς,
649 2964 708 3028 ὃς
745 2965 1000 3019 ἐκάθισεν
1029 2967 1085 3018 ἐν
1118 2965 1269 3037 δεξιᾷ
1295 2966 1390 3020 τοῦ
1432 2966 1626 3038 θρόνου
1653 2966 1753 3038 τῆς
1786 2984 1882 3039 με-

298 3057 623 3130 γαλωσύνης
655 3059 714 3111 ὲν
747 3059 861 3121 τοῖς
899 3057 1169 3129 οὐρανοῖς,
1208 3058 1300 3113 διὰ
1341 3059 1436 3114 τοῦ
1479 3060 1611 3114 ἰδίου
1653 3060 1883 3131 αἵματος

299 3148 551 3217 εἰσῆλθεν
587 3149 804 3219 ἐφάπαξ
851 3152 931 3214 είς
975 3150 1044 3205 τὰ
1073 3148 1225 3220 ἅγια,
1270 3151 1540 3224 λύτρωσιν
1574 3154 1884 3226 εὑράμενος

300 3241 549 3301 αξωνίαν.
594 3261 611 3294 ι
649 3240 776 3306 Πῶς
801 3237 894 3298 οὖν
926 3244 955 3297 ό
984 3246 1043 3297 ἐν
1071 3243 1222 3317 δεξιᾷ
1250 3245 1342 3299 τοῦ
1368 3246 1585 3318 Πατρός
1623 3249 1701 3311 ὡς
1729 3244 1882 3313 Θεὸς,

305 3333 434 3388 ίδιον
466 3332 611 3404 ἔχειν
644 3329 784 3404 αἷμα
817 3326 1015 3404 λέγοιτ’
1068 3337 1158 3402 ἂν,
1192 3339 1241 3389 εί
1293 3337 1368 3409 μὴ
1411 3340 1882 3411 πεπιστεύκαμεν,

300 3425 386 3478 ὅτι
415 3427 442 3476 ό
471 3425 536 3476 ὲκ
564 3424 702 3477 Θεοῦ
732 3427 947 3496 Πατρός
975 3427 1119 3483 κατὰ
1158 3429 1321 3496 φύσιν
1348 3429 1475 3494 Υἱὸς
1504 3431 1886 3501 κεχρημάτικε

302 3516 402 3568 καὶ
433 3514 562 3576 Tib;
585 3513 897 3584 ἀνθρώπου,
930 3517 1027 3570 καὶ
1055 3517 1117 3569 τὸ
1151 3517 1281 3570 ῐδιον
1320 3513 1459 3589 αἷμα
1497 3521 1596 3590 τῆς
1628 3521 1887 3574 ἀπάντων

306 3605 453 3674 ζωῆς
488 3602 845 3672 ἀντάλλαγμα
888 3606 1035 3669 δοὺς,
1079 3606 1284 3677 ταύτην
1330 3607 1530 3680 εὕρατο
1574 3608 1652 3680 τῷ
1695 3609 1887 3682 κόσμῳ

304 3696 404 3767 τὴν
433 3697 515 3759 εἰς
562 3695 736 3748 αίῶνα
765 3694 1063 3767 λύτρωσιν;
1110 3698 1185 3751 Oti
1214 3697 1324 3771 γάρ
1363 3717 1465 3754 που
1500 3700 1634 3771 φαίη
1664 3718 1750 3765 τις
1796 3701 1885 3767 ἂν,

304 3788 380 3851 ὡς
414 3783 480 3859 ἦν
512 3786 805 3841 ἀκόλουθόν
847 3806 905 3842 τε
935 3789 1031 3843 καὶ
1064 3789 1298 3861 πρέπον,
1353 3792 1604 3864 καθάπερ
1648 3795 1709 3848 ἐν
1738 3793 1888 3861 τάξει

305 3883 415 3935 τῶν
446 3881 655 3951 ἀλόγων
681 3881 836 3946 ζώων
864 3868 1167 3953 σφάζεσθαι
1200 3885 1519 3951 πλειστάκις
1548 3886 1640 3941 τὸν
1676 3886 1888 3960 Ἐμμα-

306 3973 491 4043 νουὴλ,
544 3973 895 4045 ἀποχρῶντος
943 3977 1024 4038 είς
1077 3975 1347 4047 λύτρωσιν
1396 3977 1636 4048 τῆςιύπ’
1660 3980 1889 4051 οὐρανὸν

306 4067 529 4121 τοῦνκαὶ
554 4066 703 4132 ἅπαξ
723 4070 913 4120 παθεῖν
935 4068 1120 4123 αὐτόν.
1145 4069 1209 4122 Et
1233 4068 1310 4134 δὲ,
1345 4070 1488 4124 καθά
1510 4072 1889 4143 πεφρονήκασί

307 4178 475 4223 τινες,
511 4159 799 4232 ἄνθρωπος
840 4155 910 4230 ἦν
956 4159 1162 4226 ίδικῶς,
1193 4162 1400 4234 ἰσότητι
1433 4163 1531 4235 μὲν
1576 4163 1677 4234 τῆς
1708 4164 1887 4232 ἀξίας,

308 4253 477 4321 ἤγουν
525 4250 834 4317 αὑθεντίας,
893 4253 1245 4324 συνημμένος
1279 4253 1421 4325 Θεῷ,
1466 4255 1798 4329 διῃρημένος
1830 4256 1889 4310 δὲ

1981 1796 2167 1839 rorum
2200 1781 2464 1835 bonorum
2486 1815 2502 1844 ,
2558 1790 2655 1845 per
2683 1772 2915 1845 amplius
2947 1780 3003 1827 et
3062 1768 3356 1841 perfectius
3389 1765 3563 1820 taber-

1984 1872 2233 1951 naculum
2272 1885 2378 1925 non
2412 1866 2778 1923 ntanul‘nctum
2800 1905 2817 1933 ,
2852 1863 3052 1947 idest,
3087 1877 3195 1916 non
3223 1859 3382 1930 huius
3408 1871 3565 1913 crea-

1981 1966 2188 2032 tionis;
2218 1946 2402 2033 “neque
2435 1975 2532 2030 per
2581 1957 2903 2028 sanguinem
2961 1954 3236 2009 hircorum
3275 1959 3332 2006 et
3370 1946 3564 2007 vitulo«

1983 2073 2102 2113 rum
2130 2098 2144 2123 ,
2175 2054 2268 2110 sed
2304 2067 2400 2125 per
2429 2049 2706 2122 proprium
2746 2045 3062 2118 sanguinem
3110 2043 3357 2100 introivit
3395 2038 3566 2098 semel

1985 2152 2039 2206 in
2108 2156 2294 2203 sancta
2323 2184 2339 2209 ,
2372 2153 2572 2198 acterna
2634 2139 3006 2209 redemptione
3056 2135 3337 2190 inventa“.
3374 2151 3393 2186 ι
3447 2131 3587 2199 Qua.

1986 2241 2195 2298 ratione
2244 2235 2502 2290 Dominus
2549 2240 2734 2286 noster
2782 2229 2941 2284 Jesus
2970 2227 3219 2282 Christus
3249 2240 3344 2296 per
3392 2223 3589 2294 maius.

1984 2343 2038 2389 et
2083 2327 2380 2402 perfectius
2457 2320 2860 2379 tabernaculum
2936 2320 3210 2388 ingressus
3241 2356 3256 2382 ,
3321 2313 3585 2386 pontifex.

1985 2431 2172 2479 noster
2192 2415 2497 2482 exstiterit,
2526 2414 2688 2468 verba
2718 2410 2878 2467 modo
2902 2409 3124 2463 recitata
3158 2405 3378 2476 planum
3409 2403 3590 2459 nobis.

1986 2514 2213 2570 faciunt.
2261 2507 2413 2575 Quod
2469 2514 2652 2560 autem
2706 2498 2995 2559 sacerdotii
3049 2497 3193 2553 illius
3223 2496 3358 2552 ritus
3401 2493 3563 2566 legali

1987 2602 2292 2663 sacerdotio
2322 2598 2543 2655 omnino
2577 2591 2922 2666 praestiterit,
2953 2590 3354 2662 plurimumque
3384 2602 3447 2643 ea
3468 2601 3565 2641 cx-

1988 2693 2235 2750 celluerit
2283 2703 2404 2758 quae
2451 2688 2664 2741 tantum’
2710 2683 2765 2738 in
2798 2680 2989 2736 umbra
3038 2688 3091 2735 et
3149 2678 3317 2750 ﬁgura
3347 2677 3568 2734 contin-

1989 2783 2186 2856 gebant
2228 2780 2384 2851 (ipse
2417 2777 2562 2833 enim
2618 2789 2716 2844 per
2765 2787 2825 2828 se
2861 2786 2993 2828 vera
3042 2770 3135 2825 illa
3187 2779 3238 2825 ct
3288 2767 3568 2838 impolluta

1988 2877 2165 2932 hostia
2194 2870 2472 2939 exstitit),
2504 2880 2664 2923 nemo
2691 2905 2708 2933 ,
2753 2868 2949 2936 opinor
2969 2903 2985 2928 ,
3019 2862 3229 2918 inﬁcias
3259 2859 3436 2917 iverit.
3464 2859 3570 2915 Ob-

1988 2981 2140 3022 serva
2178 2965 2263 3019 hic
2303 2970 2483 3015 autem
2538 2956 2859 3029 praeclarum
2913 2953 3062 3009 illum
3098 2961 3153 3008 et
3190 2948 3585 3006 admirabilem.

1992 3079 2011 3113 ι
2056 3056 2374 3114 Pontiﬁcem
2423 3062 2670 3111 nostrum
2698 3090 2714 3116 ,
2749 3046 2923 3117 quiin
2973 3045 3198 3102 dextera
3245 3041 3427 3099 throni
3457 3054 3582 3095 man

1977 3150 2196 3223 jestatis
2226 3147 2327 3203 Dei.
2346 3149 2497 3203 sedet
2531 3144 2590 3199 in
2629 3140 2967 3207 caelestibus,
3009 3152 3108 3210 per
3135 3133 3413 3208 proprium
3441 3147 3573 3188 sam-

1982 3244 2201 3316 gninem
2251 3237 2419 3295 semel
2472 3243 2687 3293 tantum
2735 3232 2789 3288 iu
2824 3240 3011 3287 sancta
3059 3227 3314 3284 introisse
3346 3265 3362 3292 ,
3413 3232 3573 3279 aetern-

1983 3314 2223 3405 namque
2268 3329 2697 3401 redemptionem
2731 3324 3023 3381 invenisse.
3059 3338 3079 3372 ι
3120 3320 3189 3374 At
3213 3315 3482 3388 quomodo
3504 3314 3572 3377 is,

1985 3424 2074 3492 qui
2111 3431 2173 3476 ut
2228 3421 2369 3474 Deus
2417 3418 2528 3473 Deo
2572 3414 2722 3472 Patri
2750 3413 2809 3470 in
2870 3412 3094 3469 dextera
3150 3408 3394 3474 assidet,
3442 3420 3574 3475 pro-

1985 3514 2163 3583 prium
2191 3510 2511 3579 sanguinem
2559 3508 2760 3563 habere
2794 3512 2943 3560 recte
2988 3503 3093 3559 dici
3146 3509 3359 3571 potest,
3393 3497 3438 3555 si
3485 3512 3575 3551 na-

1984 3602 2216 3656 turalem
2274 3600 2366 3653 Dei
2405 3597 2623 3661 Filium,
2657 3595 2892 3650 hominis
2942 3607 3160 3662 quoque
3204 3590 3372 3645 ﬁlium
3403 3588 3575 3647 exsti-

1991 3694 2121 3748 tisse
2149 3733 2166 3758 ,
2216 3688 2605 3760 propriumque
2646 3683 2964 3753 sanguinem
3005 3682 3239 3752 pretium
3268 3695 3365 3749 pro
3392 3679 3577 3734 omni-

1989 3782 2088 3838 bus
2121 3779 2485 3850 impendisse,
2530 3782 2587 3830 et
2645 3782 2904 3829 aaternam
2961 3771 3063 3826 hac
3123 3770 3333 3824 ratione
3374 3768 3576 3823 mundo

1988 3876 2217 3931 salutem
2255 3870 2553 3942 reperisse,
2603 3875 2753 3924 certo
2784 3878 3106 3937 persuasum
3161 3876 3267 3917 non
3304 3860 3575 3916 habueri-

1988 3965 2147 4030 mus?
2206 3963 2392 4034 Neque
2438 3961 2582 4016 enim
2627 3959 2825 4015 dixerit
2870 3956 3135 4030 quispiam
3213 3953 3462 4010 decuisse
3516 3962 3576 4007 ut

1988 4057 2330 4122 Emmanuel,
2369 4064 2625 4126 tanquam
2693 4065 2859 4123 pecus
2927 4049 3175 4120 aliquod,
3208 4046 3408 4118 saepius
3459 4058 3576 4099 ma-

1990 4161 2230 4207 ctaretur
2258 4167 2273 4217 ;
2309 4147 2509 4222 quippe
2541 4160 2665 4200 cum
2704 4145 2773 4200 ad
2803 4152 2973 4201 totum
3007 4141 3196 4196 orbem
3234 4135 3574 4194 liberandum

1989 4243 2073 4299 vel
2107 4240 2277 4298 semel
2312 4241 2488 4312 ipsum
2529 4247 2758 4294 mortem
2814 4234 3049 4292 subiisse
3086 4231 3300 4288 abunde
3330 4238 3416 4286 sat
3446 4227 3571 4284 fue-

308 4342 430 4396 an‘
465 4342 786 4408 ὑπόστασιν,
814 4345 909 4397 καὶ
937 4343 1042 4397 ἀνά
1088 4344 1254 4416 μέρος
1281 4340 1422 4401 εἶναι
1458 4327 1880 4419 πιστευόμενος,

1991 4337 2084 4392 rit.
2120 4334 2297 4402 ,Quod
2353 4332 2445 4401 si,
2494 4340 2554 4387 ut
2606 4328 2848 4388 nonnulli
2922 4327 3198 4392 sentiunt,
3238 4337 3408 4396 purus
3477 4335 3587 4393 per.

308 4433 409 4486 οὐκ
438 4427 506 4502 ἦν
547 4432 678 4485 ἴδιον
711 4427 850 4503 αἷμα
897 4431 992 4487 τοῦ
1038 4414 1453 4506 συνεδρεύοντος
1486 4436 1564 4506 τῷ
1611 4414 1790 4511 Πάτρι
1827 4414 1880 4491 τό

1998 4443 2057 4484 se
2092 4436 2298 4482 tantum
2338 4425 2499 4482 homo
2529 4433 2649 4481 erat
2675 4463 2692 4491 ,
2743 4423 2852 4478 Deo
2903 4420 3121 4492 quidem
3167 4415 3466 4474 secundum
3494 4414 3579 4469 di-

310 4527 391 4588 εἰς
418 4523 690 4595 λύτρωσιν
723 4524 819 4577 τοῦ
855 4526 1064 4596 κόσμου
1107 4528 1280 4594 δοθὲν,
1315 4528 1429 4582 ἀλλ’
1460 4529 1650 4600 ἐτέρου
1688 4528 1887 4600 μᾶλλον

313 4615 570 4684 σχετικὴν
596 4613 812 4683 ἔχοντος
836 4615 972 4686 πρὸς
998 4616 1159 4670 αὑτὸν
1188 4617 1287 4688 τὴν
1332 4618 1649 4688 συνάφειαν.
1678 4618 1889 4688 Ὥσπερ

311 4704 419 4773 γὰρ
456 4704 548 4757 δύο
578 4706 719 4768 τινὲς
751 4706 1010 4777 ἄρχοντες
1050 4711 1117 4779 τῇ
1152 4709 1263 4762 τῶν
1304 4709 1634 4781 ἀξιωμάτων
1683 4709 1891 4778 ἰσότητι

311 4793 430 4847 κατ’
456 4793 605 4846 οὐδὲν
629 4794 870 4866 ἀλλήλων
889 4798 1258 4866 διενεγκόντες
1292 4797 1448 4863 ὅλως,
1469 4799 1566 4870 οὐχ
1593 4792 1674 4862 εἷς
1704 4798 1891 4852 νοοῦν-

310 4902 401 4939 τοι
427 4889 444 4929 ῐ
483 4885 862 4955 μᾶλλον,ἀλλά
876 4888 969 4941 δύο
998 4889 1140 4943 κατὰ
1160 4889 1221 4943 τὸ
1250 4889 1467 4961 ἀληθὲςο
1499 4889 1642 4944 οὕτω
1670 4888 1732 4943 τὸ
1761 4905 1891 4943 συν-

317 4977 559 5047 ημμὲνον
597 4977 704 5031 τινὶ
747 4981 888 5032 κατά
920 4979 1018 5051 τὴν
1047 4979 1223 5047 ἀξίαν,
1267 4981 1611 5054 διῃρημένων
1638 4980 1746 5034 τῶν
1791 4977 1894 5049 φύν

316 5083 475 5125 σεων.
515 5068 682 5138 ἤγουν
714 5069 1088 5136 ὑποστάσεων,
1118 5072 1217 5141 οὐχ
1240 5065 1320 5134 εἷς
1349 5067 1458 5124 εἶεν
1486 5069 1572 5138 ἂν,
1605 5069 1739 5126 ἀλλά
1760 5069 1853 5124 δύο
1874 5087 1889 5101 ο

314 5159 408 5213 καὶ
440 5158 499 5211 τὸ
529 5158 648 5223 ἐνὸς
687 5156 829 5229 αἷμα
876 5159 1038 5231 τυχὸν
1075 5161 1240 5216 αὑτοῦ
1268 5161 1334 5233 δὴ
1377 5163 1594 5227 πάντως
1624 5164 1759 5231 ἐστὶ,
1800 5164 1895 5218 καὶ

388 5310 408 5342 ⁷
442 5309 610 5369 iiebr.
642 5326 762 5378 vui,
784 5313 839 5371 3.
916 5314 938 5348 '
965 5313 1129 5373 Hebr.
1166 5332 1243 5386 1x,
1273 5317 1360 5385 il,
1393 5318 1481 5374 i2.

1998 4518 2217 4590 gnitatis
2272 4515 2358 4571 vel
2407 4515 2744 4572 auctoritatis
2796 4510 3158 4584 aequalitatem
3216 4506 3575 4577 coniunctus,

1991 4610 2292 4668 secundum
2341 4607 2675 4680 hypostasim
2711 4620 2840 4663 vero
2895 4603 2964 4659 ab
3003 4602 3192 4659 eodem
3266 4599 3575 4669 seiunctus,

1994 4714 2049 4760 et
2107 4718 2361 4760 seorsum
2411 4716 2508 4773 per
2572 4714 2632 4757 se
2682 4699 2939 4772 positus;
2989 4693 3230 4767 profecto
3303 4690 3524 4762 sanguis
3558 4728 3576 4755 ,

1994 4798 2088 4869 qui
2143 4798 2199 4852 in
2249 4795 2434 4853 mundi
2464 4792 2892 4862 redemptionem
2940 4787 3143 4845 eﬁ‘usus
3189 4793 3294 4851 est,
3325 4799 3433 4840 non
3459 4792 3587 4837 erat

1995 4888 2138 4944 illius
2181 4886 2275 4958 qui
2323 4886 2390 4941 ad
2418 4885 2696 4941 dexteram
2733 4882 2830 4937 Dei
2861 4879 3040 4936 Patris
3079 4877 3264 4944 sedet,
3311 4875 3406 4932 sed
3446 4871 3584 4927 alte-

1998 4978 2114 5034 rius
2178 4977 2521 5048 cuiuspiam,
2571 4973 2667 5046 qui
2725 4971 3006 5029 relativam
3064 4968 3243 5040 potius
3299 4979 3422 5020 cum
3463 4962 3582 5031 ipso

2001 5071 2165 5126 habet
2214 5068 2670 5138 coniunctionem.
2735 5062 3198 5133 Quemadmodum
3255 5055 3399 5111 enim
3471 5053 3579 5108 duo

2001 5161 2273 5234 principes
2312 5161 2499 5216 cadent
2552 5158 2879 5215 auctoritate
2923 5152 3144 5211 omnino
3197 5144 3404 5219 prtediti
3432 5157 3578 5210 ,non

1397 5475 1569 5534 Varia:
1598 5475 1857 5534 lectiones
1887 5472 2087 5532 codicis
2115 5469 2471 5543 Seguicriani.

406 5603 421 5644 ί
456 5604 512 5658 ἓν
546 5608 763 5661 νοεῖται.
