3942 6128
421 121 557 179 1599

1416 117 1474 178 S.
1509 117 1785 176 CYRILLI
1823 112 2303 176 ALEXANDRINI
2334 113 2660 174 ARCmEl‘,

3549 105 3712 163 1400

418 254 556 293 unus
589 279 607 305 ,
643 238 738 297 sed
773 239 879 296 duo
929 253 1118 296 revera
1175 246 1300 295 sunt
1329 239 1615 310 homines;
1657 238 1731 294 ita
1761 237 1996 308 cuipiam

2109 237 2220 309 οὐχὶ
2259 236 2324 309 δὴ
2379 235 2579 307 μᾶλλον
2637 231 2849 305 ἐτέρου.
2881 229 3092 288 Οὐκοῦν
3133 227 3235 282 οὐκ
3278 226 3504 300 ἀπόχρη
3559 230 3716 300 πρὸς

418 330 677 400 dignitate
727 345 908 400 parem
944 345 1106 399 esse,
1157 330 1367 386 naturis
1429 329 1688 392 interim,
1743 331 1995 384 videlicet

2109 327 2294 382 ἕνωσιν
2343 327 2518 399 ἀληθῆ
2555 326 2615 380 τὸ
2659 326 2735 390 ὠς
2781 327 2841 379 ἐν
2886 324 3092 395 ίσότητι
3142 322 3240 393 τῆς
3289 321 3474 387 ἀξίας,
3525 323 3713 393 ἧγουν

417 422 666 492 personis
738 421 1044 488 distinctis,
1096 436 1201 478 non
1255 422 1388 476 sinit
1433 436 1629 489 unum,
1682 420 1839 492 167
1899 421 1995 476 sed

2102 418 2412 484 αὐθεντίας,
2450 418 2721 489 συνῆφθαι
2752 416 2933 487 λέγειν
2962 415 3249 486 ἄνθρωπον
3277 413 3419 484 Θεῷ.

416 517 524 568 duo
568 529 738 570 esse:
799 524 852 570 et
898 517 1057 570 unius
1145 517 1366 586 sanguis
1440 518 1510 570 ita
1554 527 1640 572 est
1716 515 1876 587 hujus
1909 553 1927 583 ,
1976 523 2036 570 ut
2075 514 2221 570 nullo
2275 516 2437 571 modo
2489 515 2561 570 sit
2599 513 2844 569 alterius.
2915 512 2997 566 Ad
3039 524 3225 566 veram
3273 510 3466 579 itaque
3531 510 3712 566 unio—

416 619 537 660 nem
594 621 697 660 non
728 614 812 660 sat
872 615 998 671 est,
1049 605 1321 662 hominem
1385 607 1494 662 Deo
1537 608 1875 663 auctoritatis
1931 606 2018 662 vel
2053 607 2333 677 dignitatis
2375 605 2685 676 aequalitate
2729 603 3037 675 copulatum
3081 615 3352 658 asserere.

496 697 671 752 XLVI.
711 715 730 749 ι
758 696 871 752 Νοιι
912 698 1058 754 enim
1098 699 1150 752 in
1186 707 1374 754 sancta
1411 698 1716 754 manufaeta
1750 698 1998 755 Christus

418 789 696 855 introivit,
734 804 910 859 neque
949 791 1000 844 in
1043 790 1375 859 exemplaria
1434 805 1689 846 verorum
1719 832 1736 858 ,
1796 791 1889 846 sed
1938 790 1992 844 in

417 881 593 948 ipsum
637 879 880 944 caelum,
918 889 975 934 ut
1023 890 1282 950 appareat
1337 896 1479 937 nunc
1541 881 1710 936 vultui
1747 881 1839 938 Dei
1893 896 1993 953 pro

417 973 573 1029 nobis
593 975 636 1028 ³.
679 992 698 1026 ι
726 1003 796 1015 -
823 975 1110 1041 «Casium,
1150 976 1325 1048 inquit
1372 975 1535 1042 Deus,
1583 978 1714 1033 mihi
1771 979 1996 1035 thronus

416 1065 608 1120 est”:
648 1084 667 1118 ι
699 1081 868 1137 quare
917 1075 973 1122 et
1016 1068 1190 1136 ipsum
1235 1083 1450 1138 quoque
1496 1068 1690 1124 Filium
1747 1071 1997 1140 supernis

418 1155 700 1226 spiritibus
752 1158 1136 1229 conquiescere
1166 1200 1182 1226 ,
1212 1159 1518 1229 cceiumqne
1548 1160 1711 1216 veluti
1752 1171 1995 1216 sanctum

421 1251 688 1319 quoddam
725 1251 1131 1307 tabernaculum
1162 1253 1407 1310 obtinere
1435 1254 1665 1310 dicimus
1713 1269 1820 1311 non
1847 1271 1998 1312 more

424 1351 765 1397 terrenorum
820 1343 1224 1411 ministrorum,
1280 1347 1371 1416 qui
1403 1346 1756 1415 corporaliter
1827 1347 1999 1403 sacris

421 1441 758 1504 cperantur,
797 1435 1167 1505 sanguineque
1222 1437 1513 1492 secundum
1553 1438 1688 1509 legis
1745 1439 1998 1508 prmscri-

2175 699 2331 766 MCT.
2369 717 2386 750 ι
2427 698 2500 751 Οὐ
2535 697 2644 769 γὰρ
2699 697 2781 761 είς
2812 694 3167 767 χειροποίητα
3203 692 3459 764 εἰσῆλθεν
3512 693 3713 762 ἆγιαό

2102 790 2360 862 Χριστὸς,
2395 789 2516 844 οὐδέ
2564 791 2644 854 εἰς
2673 789 2942 844 ἀντίτυπα
2965 788 3073 841 τῶν
3112 786 3407 858 ἀληθινῶν,
3444 786 3567 842 ἀλλ’
3623 790 3712 851 εἰς

2101 885 2262 940 αὐτὸν
2299 885 2391 939 τὸν
2429 885 2680 956 οὐρανὸν,
2726 883 2822 938 νῦν
2865 882 3266 955 ἐμφανισθῆναι
3302 881 3382 952 τῷ
3410 882 3712 952 προσώπῳ

2100 975 2194 1029 τοῦ
2221 973 2357 1029 Θεοῦ
2393 975 2534 1048 ὑπὲρ
2563 974 2722 1047 ἡμῶν
2741 991 2756 1006 ο
2796 994 2816 1028 ι
2839 974 2933 1028 τοῦ
2967 973 3103 1028 Θεοῦ
3128 974 3382 1043 λέγοντος
3401 991 3414 1003 ·
3443 993 3465 1026 ‹
3516 975 3579 1028 Ὁ
3611 975 3709 1029 οὗο

2106 1067 2267 1140 ρανός
2305 1083 2395 1138 μοι
2429 1065 2650 1138 θρόνος·
2691 1084 2711 1118 ι
2759 1064 3211 1120 ἐπαναπαύεσθαι
3255 1064 3354 1118 καὶ
3378 1063 3548 1117 αὑτὸν
3586 1067 3705 1129 τοῖς

2107 1160 2220 1214 ἀνω
2248 1158 2524 1230 πνεύμασι
2555 1175 2739 1229 φαμεν
2760 1157 2855 1210 τὸν
2880 1157 3030 1220 Υἰὸν,
3065 1155 3272 1227 σκηνὴν
3308 1155 3508 1226 ὥσπερ
3534 1156 3702 1224 ἁγίαν

2108 1251 2301 1322 ἔχοντα
2333 1250 2426 1303 τὸν
2469 1248 2721 1321 οὐρανὸν,
2754 1249 2850 1302 καὶ
2886 1248 2946 1302 οὐ
3002 1247 3150 1301 κατά
3182 1265 3248 1316 γε
3288 1249 3418 1311 τοὺς
3464 1248 3560 1300 ἐπὶ
3593 1249 3699 1316 γῆς

2108 1343 2528 1419 ίερουργοῦντας
2557 1345 2907 1416 σωματικῶς,
2936 1344 3031 1398 καὶ
3067 1343 3167 1406 τὰς
3210 1342 3276 1394 δι’
3326 1343 3583 1411 αἱμάτων
3611 1358 3701 1394 τε·

2105 1437 2332 1502 λοῦντας
2373 1437 2587 1503 θυσίας,
2624 1437 2706 1500 είς
2731 1435 3001 1490 ἀντίτυπα
3038 1433 3147 1488 τῶν
3173 1431 3453 1504 ἀληθινῶν
3486 1431 3696 1503 εἰστρέ-

421 1534 572 1595 ptum
615 1525 683 1580 ad
749 1541 1000 1582 verorum
1035 1528 1437 1598 expressionem
1493 1529 1668 1584 litant.
1721 1527 1826 1584 Sed
1859 1543 1998 1599 quo,

2109 1545 2274 1600 χοντα
2307 1527 2451 1582 κατὰ
2476 1527 2537 1580 τὸ
2558 1525 2637 1597 τῷ
2663 1525 2817 1596 νόμῳ
2838 1523 3050 1579 δοκοῦν.
3099 1520 3500 1592 Ἐμφανίζεται
3524 1523 3582 1576 δέ
3603 1522 3698 1574 νῦν

421 1631 607 1685 qttzeso
631 1654 648 1681 ,
699 1616 858 1672 modo
900 1617 1069 1672 vultui
1107 1618 1199 1672 Dei
1235 1633 1378 1674 nunc
1417 1633 1517 1689 pro
1556 1618 1710 1674 nobis
1740 1620 2002 1688 apparet?

421 1709 614 1765 Nonne
669 1725 884 1779 semper
920 1710 1082 1765 etiam
1139 1719 1265 1764 ante
1308 1709 1738 1765 incarnationem
1793 1709 2004 1764 exstitit

421 1815 684 1870 apparens
729 1812 785 1856 et
832 1800 1193 1870 conspicuus?
1228 1801 1386 1869 idque
1426 1799 1584 1854 facile
1635 1809 1718 1854 est
1745 1799 1996 1870 cognitu,

422 1890 566 1960 quod
613 1889 728 1958 ipse
766 1897 852 1946 est
912 1888 1090 1959 opiiex
1141 1891 1407 1960 sapientia
1465 1889 1560 1946 Dei
1631 1899 1686 1944 et
1734 1889 2000 1953 Patris“,

422 1997 521 2052 per
557 1997 718 2051 quam
773 1983 838 2038 ad
876 1997 996 2038 esse
1044 1983 1303 2052 producta
1366 1993 1493 2036 sunt
1523 1982 1724 2035 omnia.
1762 1981 1827 2035 Et
1855 1990 2002 2036 certe

421 2080 482 2127 ut
521 2071 796 2141 Sapientia
839 2073 1010 2127 dicit:
1048 2090 1069 2125 ι
1100 2072 1210 2142 Ego
1265 2087 1411 2126 eram
1447 2086 1551 2141 qua
1615 2073 1999 2126 delectabatur.

422 2163 527 2219 Per
571 2164 813 2233 singulos
874 2174 1057 2220 autem
1117 2165 1234 2220 dies
1278 2164 1578 2231 gaudebam
1609 2165 1659 2219 in
1711 2177 2000 2234 conspectu

419 2255 539 2324 ejus
595 2256 744 2311 omni
816 2265 1090 2327 tempore,
1155 2255 1372 2326 quando
1453 2257 1722 2326 gaudebat
1805 2258 2002 2311 mundo

421 2347 701 2416 perfecto,
733 2356 790 2403 et
845 2348 1116 2419 gaudebat
1174 2348 1316 2402 inter
1365 2347 1502 2402 ﬁlios
1580 2349 1942 2404 hominum".
1976 2369 1996 2402 ι

419 2440 555 2495 Cum
600 2441 667 2496 ab
717 2441 870 2496 initio
906 2441 1070 2511 igitur
1124 2439 1286 2496 Pater
1331 2440 1404 2496 illi
1458 2443 1866 2496 adblandiretur
1894 2484 1907 2508 ,
1935 2459 1998 2498 ex

419 2548 593 2602 eoque
651 2533 1063 2588 oblectationem
1109 2533 1350 2602 quotidie
1406 2545 1658 2602 caperet,
1709 2536 1858 2605 isque
1917 2537 2000 2589 vi-

422 2623 606 2679 cissim
667 2623 996 2692 voluptatem
1054 2623 1199 2678 l’atri
1257 2622 1510 2690 aii'erret,
1548 2628 1815 2693 quomodo
1857 2641 2002 2682 nunc

421 2715 640 2768 domum
672 2715 841 2768 vultui
873 2715 963 2769 Dei
1014 2730 1277 2785 apparere
1321 2715 1565 2772 dicitur?
1593 2715 1736 2771 Sane
1767 2717 2000 2772 Verbum

424 2803 516 2874 Dei
579 2819 716 2860 novo
765 2820 907 2860 nunc
957 2805 1117 2860 modo
1159 2815 1414 2875 apparet,
1473 2821 1578 2860 non
1622 2807 1848 2875 amplius
1879 2824 1999 2863 car-

2111 1619 2252 1692 ὑπέρ
2279 1619 2438 1691 ἡμῶν
2490 1617 2569 1689 τῷ
2599 1616 2882 1690 προσώπῳ
2927 1615 3024 1670 τοῦ
3074 1613 3233 1680 Θεοῦ,
3297 1614 3408 1667 τίνι
3465 1613 3697 1683 τρόπῳς

2108 1708 2179 1766 Ἀ
2191 1730 2258 1783 ρα
2282 1711 2392 1783 γὰρ
2419 1713 2520 1766 οὐκ
2539 1712 2628 1766 ἀεὶ
2653 1712 2748 1764 καὶ
2772 1709 2880 1783 πρὸ
2899 1709 2998 1779 τῆς
3025 1705 3500 1778 ἐνανθρωπήσεως
3521 1706 3703 1776 ὑπάρ-

2112 1823 2199 1878 χει
2248 1805 2535 1876 ἐμφανὴς;
2583 1803 2776 1858 Καίτοι
2843 1801 3187 1873 καταθρῆσαι
3223 1801 3375 1870 ῥᾷον,
3411 1798 3493 1861 ὡς
3539 1797 3705 1860 αὐτὸς

2110 1899 2260 1950 ἐστιν
2289 1898 2320 1966 ή
2360 1893 2692 1965 δημιουργὸς
2731 1893 2894 1962 σοφία
2924 1890 3019 1945 τοῦ
3052 1889 3189 1943 Θεοῦ
3223 1890 3321 1943 καὶ
3349 1887 3591 1960 Πατρδς,
3635 1888 3705 1941 δι’

2108 1980 2175 2058 ἦς
2199 1984 2267 2038 τὰ
2292 1985 2470 2038 πάντα
2489 1981 2899 2054 προσεκομίσθη
2925 1980 2972 2020 ί·
2992 1979 3129 2051 πρὸς
3153 1978 3404 2048 ὓπαρξιν.
3423 1979 3540 2031 Καὶ
3561 1977 3710 2046 γοῦν

2108 2076 2184 2139 ὡς
2249 2075 2419 2144 Σοφία
2450 2073 2639 2144 φησίνο
2681 2090 2700 2123 ι
2742 2071 2884 2141 Ἐγὼ
2906 2072 3056 2142 ἥμην
3161 2069 3516 2140 προσέχαιρε.
3549 2068 3708 2122 Καθ’

2107 2167 2323 2238 ἡμέραν
2355 2166 2414 2219 δέ
2436 2163 2810 2235 εὐφραινόμην
2839 2163 2898 2215 ἐν
2932 2159 3211 2233 προσώπῳ
3246 2159 3414 2212 αὑτοῦ
3445 2161 3506 2211 ἐν
3537 2158 3707 2211 παντὶ

2109 2256 2287 2328 καιρῷ
2306 2272 2318 2286 ·
2351 2255 2440 2308 ὅτε
2468 2252 2853 2324 ἐνευφραίνετο
2873 2251 2973 2322 τὴν
2994 2251 3321 2319 οἰκουμένην
3348 2248 3699 2311 συντελέσας,

2110 2349 2208 2403 καὶ
2241 2348 2628 2417 ἐνευφραίνετο
2657 2347 2714 2398 ἐν
2744 2346 2880 2410 υἱοῖς
2915 2344 3238 2415 ἀνθρώπων.
3299 2363 3317 2395 ι
3359 2344 3496 2395 Ὅτε
3523 2343 3703 2395 τοξνυν

2110 2441 2250 2510 αὑτῇ
2280 2439 2646 2511 προσέχαιρεν
2678 2439 2707 2489 ὁ
2740 2437 2950 2507 Πατὴρ,
2984 2437 3078 2490 καὶ
3105 2432 3173 2508 ἦν
3206 2437 3268 2488 ἐν
3292 2433 3578 2506 προσώπῳ
3605 2435 3702 2487 αῦ-

2108 2532 2202 2584 τοῦ
2234 2531 2354 2585 καθ’
2387 2531 2604 2602 ἡμέραν
2634 2529 3039 2598 εὐφραινομένη
3067 2545 3127 2580 τε
3167 2527 3264 2580 καὶ
3307 2527 3701 2598 εὐφραίνουσι.

2112 2624 2231 2686 πῶς
2258 2623 2620 2693 ἐμφανίζεται
2639 2624 2757 2674 νυνὶ
2786 2621 2864 2691 τῷ
2892 2619 3171 2690 προσώπῳ
3183 2620 3277 2672 τοῦ
3297 2620 3468 2686 Θεοῦ;
3493 2620 3705 2672 Οὐκοῦν

2110 2714 2470 2786 ἐμφανίζεται
2511 2712 2696 2778 ξένως.
2732 2712 2919 2768 οὐκέτι
2955 2712 3164 2782 γυμνὸς
3201 2711 3298 2765 καὶ
3319 2712 3570 2783 ἄσαρκος
3601 2711 3703 2764 Λό-

2110 2823 2225 2875 γος,
2279 2805 2531 2877 καθάπερ
2583 2807 2776 2877 ἀμέλει
2823 2806 2918 2859 καὶ
2973 2806 3032 2857 ἐν
3057 2805 3275 2873 ,ἀρχαῖς
3324 2798 3420 2872 ἦν,
3478 2802 3597 2856 ἀλλ’
3648 2803 3702 2854 ὲν

423 2896 507 2950 nis
556 2909 750 2963 expers
811 2906 866 2950 et
915 2898 1156 2964 nudum,
1190 2897 1328 2952 sicut
1376 2897 1430 2950 itt
1468 2898 1774 2966 principio,
1831 2900 1922 2953 sed
1951 2900 1999 2952 in

2113 2901 2293 2970 μορφῇ
2324 2915 2384 2951 τε
2410 2900 2504 2952 καὶ
2535 2899 2695 2968 φύσει
2727 2903 2793 2971 τῇ
2823 2898 2945 2952 καθ’
2979 2900 3127 2968 ἡμᾶς
3146 2915 3158 2928 ·
3193 2896 3378 2966 φαμὲν
3401 2894 3516 2965 γὰρ
3535 2893 3700 2955 οὕτως

425 2987 593 3038 forma
630 2993 685 3040 et
732 2997 925 3041 natura
962 2987 1214 3043 humana.
1248 2989 1328 3042 Ad
1371 2989 1514 3044 hunc
1548 2990 1728 3060 itaque
1783 2991 1999 3044 modmn

425 3093 525 3146 pro
565 3077 719 3134 nobis
757 3093 1021 3148 apparere
1045 3119 1061 3144 ,
1129 3081 1526 3152 humanamque
1577 3091 1821 3136 naturam
1850 3084 2006 3153 (esto

427 3171 516 3225 illa
597 3180 817 3240 propter
861 3171 1053 3225 Adami
1131 3173 1630 3241 prmvaricationem
1685 3174 2006 3242 quandoque

426 3276 587 3315 exosa
647 3262 1057 3332 proscriptaque
1106 3261 1306 3333 fuerit)
1347 3265 1399 3317 in
1451 3273 1740 3332 conspectu
1779 3265 1868 3319 Dei
1901 3264 2004 3317 Pa-

426 3353 527 3407 tris
565 3351 764 3407 olierre
821 3353 1069 3408 traditur.
1134 3354 1368 3410 Verbum
1426 3356 1696 3424 proinde,
1733 3366 1792 3411 ut
1845 3357 2006 3413 homo

427 3443 626 3499 factum
684 3452 800 3510 est,
838 3445 1009 3500 oculis
1060 3446 1302 3515 paternis
1347 3447 1493 3502 velut
1539 3447 1592 3502 in
1624 3449 1800 3518 seipso
1828 3450 2006 3520 primo

424 3550 526 3590 nos
583 3534 762 3601 sistit;
824 3549 931 3604 quo
977 3536 1232 3591 nimirum
1269 3537 1414 3592 Patri
1451 3543 1858 3596 commendatos
1909 3556 2006 3596 nos

426 3627 653 3694 reddat,
700 3627 974 3698 veteribus
1025 3631 1181 3684 noxis
1219 3631 1505 3699 expiatos,
1563 3639 1724 3699 atque
1783 3633 1848 3686 ad
1884 3633 2006 3688 vita:

427 3719 714 3774 novitatem
762 3734 857 3788 per
910 3717 1172 3789 Spiritum
1220 3722 1585 3786 instauratos,
1661 3738 1725 3778 ac
1789 3727 2003 3779 tandem

425 3815 613 3882 dignos
635 3812 859 3868 eil'ectos
907 3812 998 3882 qui
1041 3813 1094 3868 in
1149 3823 1438 3880 conspectu
1489 3813 1666 3870 Patris
1695 3817 1865 3870 simus
1892 3815 2002 3884 jam

425 3907 478 3958 in
535 3905 669 3962 ﬁlios
724 3905 982 3976 cooptati.

453 4037 616 4108 168
657 4035 731 4092 De
763 4054 824 4093 eo
861 4040 1003 4108 quod
1036 4037 1294 4094 Dominus
1327 4050 1499 4094 noster
1536 4040 1692 4094 Jesus
1724 4039 1967 4096 Christus

791 4109 1018 4179 gloriam
1051 4113 1312 4181 accepisse
1346 4111 1616 4164 scribitur.

2111 2991 2274 3043 αὑτὸν
2324 2989 2729 3060 ἐμφανισθῆναι
2767 2990 2904 3052 νυνὶ,
2962 2989 3059 3041 καὶ¹
3095 2982 3207 3041 οἷον
3241 2989 3331 3039 ἐπ’
3374 2987 3500 3056 ὄψει
3547 2989 3574 3026 ε
3611 2984 3698 3037 τοῦ

2109 3080 2246 3134 θεοῦ
2281 3080 2376 3134 καὶ
2410 3080 2624 3152 Πατρὶς
2643 3080 2737 3134 τοῦ
2764 3079 3052 3150 ἀνθρώπου
3093 3080 3256 3148 φύσιν
3291 3080 3552 3146 ἀγαγεῖν,
3582 3078 3703 3130 καί·

2107 3189 2190 3226 τοι
2232 3171 2535 3243 γενομένην
2571 3173 2630 3225 ἐν
2662 3172 2980 3242 ἀποστροφῇ
3014 3171 3105 3224 διὰ
3138 3170 3238 3242 τὴν
3286 3173 3345 3224 ἐν
3392 3170 3575 3240 Ἀδὰμ
3604 3188 3705 3222 πα-

2112 3264 2362 3336 ράϐασιν.
2407 3265 2585 3332 Ὴμᾶς
2619 3258 2713 3316 οὖν
2751 3262 2862 3333 ἄρα
2907 3260 3240 3332 παρίστησιν
3282 3263 3342 3313 ἐν
3395 3260 3702 3329 ὀφθαλμοῖς

2107 3353 2204 3409 τοῦ
2242 3355 2453 3427 Πατρὸς
2485 3355 2560 3417 ὠς
2586 3355 2645 3407 ἐν
2674 3353 2853 3422 ἐαυτῷ
2883 3354 2976 3406 κα)⁴
3016 3352 3240 3424 πρώτῳ,
3285 3352 3425 3405 καθὸ
3459 3353 3700 3421 πέφηνεν

2107 3447 2414 3518 ἄνθρωπος,
2449 3446 2516 3498 ἶν’
2548 3447 2699 3516 ἡμᾶς
2739 3445 3066 3516 προσαγάγῃ
3110 3445 3188 3514 τῷ
3223 3445 3427 3514 Πατρὶ,
3467 3445 3568 3498 καὶ
3597 3444 3698 3495 τῶν

2109 3538 2353 3608 ἀρχαίων
2399 3536 2715 3600 ἀπαλλάξας
2755 3536 3120 3607 αίτιαμάτων,
3165 3537 3260 3588 καὶ
3296 3536 3376 3599 εἰς
3404 3536 3699 3603 καινότητα

2108 3632 2256 3701 ζωῆς
2327 3631 2824 3702 μεταστοιχειώσας
2892 3633 2952 3684 ἐν
3007 3630 3324 3700 Πνεῦματι’
3394 3629 3544 3682 ὥστε
3613 3628 3700 3680 καὶ

2106 3723 2291 3790 ἀξίους
2342 3723 2574 3793 ὁρᾶσθαι
2625 3722 2808 3776 λοιπὸν
2853 3722 2955 3792 τῆς
2993 3722 3145 3792 παρά
3187 3721 3283 3774 τοῦ
3335 3721 3562 3792 Πατρός
3611 3723 3702 3774 ἐπι

2105 3815 2348 3878 οπτείας,
2379 3815 2454 3880 ὡς
2485 3815 2544 3868 ἐν
2573 3815 2706 3869 υἱῶν
2738 3814 2889 3881 τάξει
2930 3813 3442 3886 παρειλημμένους.

2106 4036 2244 4105 Περὶ
2277 4036 2384 4091 τοῦ
2405 4035 2687 4105 λέγεσθαι
2711 4036 2901 4100 δόξαν
2926 4033 3136 4090 λαϐεῖν·
3148 4039 3256 4088 τὸν
3274 4033 3507 4102 Κύριον⁸
3535 4021 3702 4101 ἡμῶν

2615 4108 2863 4175 Ἰησοῦν
2889 4106 3148 4174 Χριστόν

497 4217 700 4272 XLVII.
740 4237 760 4272 ι
819 4219 1022 4276 Paulus
1054 4222 1332 4292 apostolus
1394 4236 1500 4276 non
1543 4225 1610 4276 ab
1654 4223 1998 4289 hominibus,

2178 4226 2312 4279 MZ'.
2350 4243 2366 4276 ι
2396 4222 2610 4288 Παῦλος
2639 4222 2939 4285 ἀπόστολος
2965 4221 3066 4274 οὐκ
3087 4220 3186 4273 ἀπ’
3213 4219 3553 4289 ἀνθρώπων,
3582 4217 3699 4271 οῦδὲ

423 4326 602 4381 neque
655 4327 751 4382 per
805 4313 1048 4368 homines
1071 4353 1085 4378 ,
1116 4313 1210 4368 sed
1251 4329 1349 4384 per
1409 4313 1591 4368 Jesum
1623 4315 1920 4379 Christum,
1950 4326 2003 4370 et

426 4402 592 4458 Deum
639 4402 855 4459 Patrem
893 4404 986 4472 qui
1028 4397 1312 4461 suscitavit
1355 4421 1479 4461 eum
1512 4418 1580 4460 ex
1617 4406 1844 4462 mortuis
1870 4407 1933 4460 ".
1973 4425 1994 4460 ι

419 4495 501 4550 Ad
567 4496 962 4552 ostendendum
1014 4496 1298 4553 Dominum
1333 4507 1575 4552 nostrum
1630 4495 1811 4552 Jesum
1842 4497 1999 4553 Chri-

422 4595 564 4640 stum
618 4597 842 4643 externa
901 4589 1303 4658 adventitiaqne
1359 4587 1525 4657 gloria
1569 4587 1794 4643 minime
1854 4588 2000 4642 indi-

423 4677 607 4746 guisse
632 4717 648 4743 ,
698 4688 783 4734 sat
825 4690 941 4735 erat
975 4681 1279 4746 indicasse,
1320 4682 1494 4752 ipsmn
1541 4697 1695 4752 aeque
1724 4697 1787 4737 ac
1830 4681 1997 4738 Demn

424 4767 641 4823 Patrem
683 4771 896 4825 mittere
941 4773 1252 4841 ministros,
1309 4775 1402 4844 qui
1468 4774 1617 4830 illum
1665 4776 2000 4846 deprtcdica-

424 4868 587 4914 rent:
625 4875 802 4930 neque
851 4865 994 4917 enim
1043 4867 1398 4936 semetipsos,
1453 4869 1545 4937 qui
1612 4868 1999 4935 mittebantur,

420 4952 824 5021 praedicabant,
915 4959 1011 5010 sed
1088 4955 1271 5012 Jesum
1341 4959 1612 5015 Christum
1668 4960 1722 5015 in
1776 4962 2000 5033 gloriam

423 5045 515 5099 Dei
570 5045 769 5102 Patris.
814 5046 951 5116 Quia
981 5063 1112 5105 vero
1158 5064 1345 5107 sacras
1376 5051 1611 5109 Litteras
1667 5054 1865 5110 sectari
1900 5068 2002 5111 nos

2109 4319 2174 4371 δι’
2209 4317 2534 4390 ἀνθρώπων,
2585 4315 2721 4369 ἀλλὰ
2767 4314 2855 4369 διὰ
2903 4313 3080 4383 Ἰησοῦ
3117 4311 3381 4383 Χριστοῦ,
3425 4313 3524 4366 καὶ
3568 4308 3699 4363 Θεοῦ

2108 4411 2321 4481 Πατρὺς
2350 4409 2445 4462 τοῦ
2471 4408 2784 4479 ἐγείραντος
2818 4407 2980 4460 αὐτὸν
3011 4407 3078 4460 ἐκ
3098 4404 3328 4474 νεκρῶν.
3380 4421 3398 4453 ›
3457 4403 3696 4472 Ἀπόγρη

2111 4502 2210 4573 μὲν
2245 4502 2325 4564 είς
2353 4500 2628 4567 ἀπόδειξιν
2655 4499 2749 4553 τοῦ
2785 4498 2859 4570 μὴ
2883 4497 3164 4567 δεδεῆσθαι
3183 4495 3346 4563 δόξης
3371 4495 3475 4564 τῆς
3502 4493 3701 4558 ἔξωθεν

2107 4594 2201 4647 καὶ
2235 4592 2656 4664 εἰσκεκριμένης
2671 4591 2762 4645 τὸν
2783 4589 2986 4660 Κύριον
3015 4588 3171 4657 ἡμῶν
3201 4587 3414 4656 Ἰησοῦν
3438 4586 3693 4656 Χριστδν,

2106 4686 2168 4739 τὸ
2199 4684 2652 4739 συναποστέλλειν
2685 4683 2763 4754 τῷ
2789 4682 2909 4752 Θεῷ
2936 4680 3032 4735 καὶ
3061 4679 3238 4751 Πατρὶ
3269 4679 3386 4732 τῶν
3420 4681 3552 4749 περὶ
3573 4681 3697 4730 ἐτι-δα

2106 4779 2201 4833 τοῦ
2239 4777 2612 4848 κηρυγμάτων
2655 4777 2782 4838 τοὺς
2821 4772 3168 4846 ἱερουργούς·
3198 4771 3261 4824 οὐ
3316 4771 3426 4842 γὰρ
3472 4771 3698 4830 ἑαυτοὺς

2105 4872 2425 4943 ἐκήρυττον,
2469 4869 2606 4923 ἀλλὰ
2634 4867 2870 4939 Χριστὸν
2921 4864 3154 4947 Ἰησοῦν,
3183 4864 3392 4936 Κύριον
3428 4864 3513 4926 εἰς
3543 4861 3695 4925 δόξαν

2107 4963 2246 5017 Θεοῦ
2272 4963 2504 5034 Πατρός.
2550 4959 2767 5031 Ἐπειδὴ
2801 4960 2859 5014 δέ
2884 4962 2993 5023 τοῖς
3031 4961 3197 5029 ίεροῖς
3226 4956 3459 5009 ἔπεσθαι
3507 4955 3693 5025 Γραμ-

2112 5073 2278 5126 μασιν
2317 5053 2612 5125 ἀναγκαῖον
2643 5054 2811 5125 ἡμᾶς,
2843 5049 3081 5124 οὐδαμοῦ
3115 5049 3602 5122 παρεκτρὲχοντας
3639 5045 3694 5098 τὸ

491 5231 512 5262 θ
541 5227 705 5284 llebr.
735 5245 810 5296 ts,
837 5229 927 5285 24.
1009 5231 1050 5263 ³⁸
1077 5230 1179 5286 lsa.
1211 5245 1355 5295 uri,
1391 5229 1440 5285 1.
1521 5231 1558 5263 ¹¹
1591 5230 1610 5285 i
1637 5231 1764 5287 Cor.
1796 5196 1953 5296 μὲι.

2109 5230 2268 5286 Prov.
2300 5246 2420 5297 vm,
2457 5231 2548 5297 50,
2576 5229 2666 5287 51.
2744 5229 2787 5262 ⁸³
2809 5226 2984 5285 Galat.
3017 5243 3056 5294 ι,
3103 5227 3152 5283 l.

1523 5385 1696 5443 Varim
1727 5385 1990 5444 lectiones
2019 5385 2223 5444 codicis
2249 5384 2610 5458 Seguieriani.

504 5533 548 5576 ⁸⁸
578 5533 640 5592 F.
675 5552 942 5609 παρεκομ.
1029 5545 1053 5582 ε
1081 5543 1137 5595 ἰν
1169 5543 1309 5610 ὄψει.
