3942 6128
305 195 431 252 MO!

1113 191 1204 247 AD
1241 191 1540 250 REGINAS
1581 193 1666 249 DE
1705 193 1934 251 RECTA
1970 189 2130 253 FIDE
2167 191 2429 254 ORATIO
2467 193 2749 253 ALTERA

3402 192 3428 246 i
3439 191 3546 249 ωτι

297 313 483 376 αὐτοῖς
511 308 722 378 δοκοῦν,
757 308 889 382 φέρε
920 308 1191 380 λέγωμεν,
1222 309 1346 364 τίνα
1374 310 1437 383 δὴ
1465 310 1666 383 τρόπον
1686 313 1715 365 6
1739 311 1835 366 Θεὸ

1941 322 2226 384 .oportet,
2302 328 2480 384 neque
2527 313 2596 370 ab
2634 326 2819 367 earum
2868 311 3099 368 decretis
3147 311 3232 367 vel
3265 311 3544 367 minimum

296 406 392 458 ’καὶ
430 404 622 476 Πατὴρ
646 403 773 473 δόξῃ
796 403 1013 470 λέγεται
1049 401 1349 470 στεφανοῦν
1367 403 1460 456 τὸν
1482 403 1630 458 Υἱόν.
1655 402 1865 458 Οὐκοῦν

295 494 465 557 αὐτός
525 495 628 547 πού
683 511 847 565 φησιν
900 496 928 547 6
985 494 1257 564 μακάριος
1313 494 1524 558 Παῦλος
1573 496 1703 567 περὶ
1755 495 1865 550 τῶν

293 585 572 656 ἀρχόντων
595 583 690 638 τοῦ
725 585 918 648 αἰῶνος
942 586 1133 639 τούτου
1153 601 1170 620 ο
1205 604 1224 637 ι
1256 587 1320 639 ΕΞ
1349 586 1457 657 γὰρ
1475 585 1740 656 ἔγνωσαν,
1763 589 1864 641 οὐκ

295 676 361 729 ἂν
410 675 501 728 τὸν
542 674 747 747 Κύριον
791 677 888 747 τῆς
919 676 1077 746 δόξης
1118 676 1490 748 ἐσταύρωσαν.
1532 696 1551 731 ι
1591 675 1742 734 Οἶδεν
1769 675 1863 735 οὗν

291 766 402 836 ἄρα
433 767 526 819 καὶ
553 767 758 838 Κύριον
787 767 918 821 ὂντα
949 769 1051 839 τῆς
1078 769 1238 840 δόξης
1281 769 1372 824 τὸν
1413 770 1860 844 ἐσταυρωμένον·

289 850 406 923 πῶς
437 854 533 913 οῦν
563 858 776 930 δέχεται
806 858 964 924 δόξαν
1003 861 1159 932 παρὰ
1182 860 1277 915 τοῦ
1301 863 1516 934 Πατρὸς
1535 863 1564 916 6
1586 865 1686 935 τῆς
1704 863 1864 936 δόξης

289 950 524 1022 Κύριος;
563 946 636 1005 Ἦ
667 952 844 1022 δῆλον,
873 953 954 1005 ὅτι
986 952 1276 1023 πεποίηται
1307 953 1473 1007 πάλιν
1501 955 1860 1026 οἰκονομικῶς

287 1042 488 1112 όλόγος
517 1042 695 1114 αύτῷ;
727 1043 950 1113 Δέχεται
989 1043 1088 1113 μὲν
1111 1044 1218 1115 γὰρ
1249 1043 1626 1116 ἀνθρωπίνως,
1653 1045 1769 1099 ἐστι
1797 1045 1857 1100 δὲ

287 1134 380 1187 καὶ
424 1135 566 1188 οὕτω
602 1135 701 1206 τῆς
739 1133 897 1205 δόξης
931 1135 1137 1206 Κύριος
1173 1135 1391 1200 θεῖκῶς.
1421 1137 1532 1191 Καὶ
1573 1138 1603 1189 6
1629 1137 1727 1209 μὲν
1757 1139 1858 1208 τῆς

285 1225 438 1290 θείας
470 1225 638 1281 αὑτοῦ
677 1225 892 1295 φύσεως
938 1225 1166 1291 πλοῦτος
1205 1227 1380 1299 ὁρῷτο
1415 1227 1482 1282 ἂν
1519 1227 1657 1300 πρὸς
1702 1228 1859 1299 ἡμῶν

281 1317 343 1368 ιν
368 1319 482 1380 τοῖς
520 1316 662 1387 ὑπὲρ
709 1317 890 1370 κτίσιν
946 1316 1420 1388 πλεονεκτήμασι·
1471 1317 1576 1386 τῆς
1629 1318 1686 1371 δὲ
1732 1317 1857 1371 καθ’

282 1408 431 1478 ἡμᾶς
462 1407 737 1478 πτωχείας
768 1407 829 1460 τὸ
874 1407 1073 1479 μέτρον
1107 1411 1165 1463 ὲν
1204 1409 1284 1480 τῷ
1333 1409 1589 1480 λέγεσθαι
1633 1409 1852 1464 λαϐεῖν’

285 1514 310 1552 ιι
341 1498 453 1553 Καὶ
480 1499 530 1552 εἰ
555 1498 809 1562 πλούσιος
846 1499 944 1563 ὢν,
973 1499 1041 1553 δι’
1064 1501 1213 1571 ἡμᾶς
1251 1500 1613 1573 ἐπτώχευσεν.
1651 1518 1670 1552 ι
1715 1499 1854 1554 Ἀλλ’

277 1583 376 1641 οὖν
417 1588 654 1657 ἀγαθαῖς
696 1588 926 1652 ἐννοίαις
964 1589 1101 1660 πρὸς
1151 1589 1419 1661 ὀρθότητα
1473 1589 1850 1661 διοικούμενοι,

1968 405 2246 461 discedere
2278 404 2436 459 nobis
2490 404 2648 470 licet;
2698 403 2925 474 agedum
2996 403 3219 473 paucis.
3277 405 3546 472 quomodo

1968 492 2112 547 Deus
2153 491 2318 546 Pater
2354 491 2552 546 Filium
2596 505 2750 546 suum
2791 488 2959 560 gloria
3005 504 3292 545 coronasse
3314 491 3542 556 dicatur,

1967 581 2186 653 planum
2236 583 2519 638 faciamus.
2579 579 2775 636 Beatus
2815 580 3013 636 Paulus
3055 582 3124 635 de
3170 581 3348 636 saeculi
3386 581 3545 650 hujus

1967 673 2304 743 principibus
2355 673 2587 743 quodam
2629 672 2682 726 in
2718 674 2836 728 loco
2878 672 2954 728 ita
2985 672 3173 728 scribit
3205 691 3220 728 :
3253 691 3272 724 ‹
3315 671 3370 727 Si
3398 673 3542 726 enim

1963 764 2380 835 cognovissent,
2439 777 2715 833 nunquam
2769 763 3055 818 Dominum
3110 763 3296 832 gloria:
3360 763 3540 819 cruci-

1965 855 2346 912 ﬂxissent“.r
2403 854 2571 912 Norat
2621 855 2840 924 itaque,
2888 871 3011 911 eum
3066 856 3157 925 qui
3203 856 3381 910 crucis
3410 870 3539 925 sup-

1962 947 2178 1019 plicium
2247 947 2528 1012 subierat,
2595 946 2780 1016 gloriae
2862 947 3153 1002 Dominum
3204 961 3344 1004 esse.
3419 945 3538 1000 Jam

1960 1039 2231 1110 quomodo
2264 1040 2526 1096 Dominus
2549 1039 2734 1110 glorias
2770 1039 2994 1110 gloriam
3031 1055 3058 1092 a
3089 1040 3248 1095 Patre
3298 1039 3540 1109 accipit?

1959 1131 2130 1200 Hujus
2179 1131 2500 1202 quaestionis
2543 1132 2743 1186 nodum
2791 1132 3214 1208 dispensationis
3261 1134 3401 1187 ratio
3422 1133 3536 1187 dis-

1959 1223 2140 1279 solvit.
2208 1221 2426 1292 Accipit
2507 1219 2651 1276 enim
2719 1220 2947 1290 gloriam
3025 1230 3084 1275 ut
3114 1221 3318 1289 homo;
3360 1222 3536 1293 pergit

1957 1322 2139 1370 autem
2186 1313 2371 1385 gloriae
2421 1313 2678 1368 Dominus
2721 1327 2843 1368 esse
2879 1319 2941 1366 ut
2979 1311 3144 1367 Deus.
3196 1312 3263 1366 Et
3312 1313 3529 1380 quidem

1956 1403 2151 1459 divinae
2195 1402 2338 1457 illius
2397 1410 2602 1457 natura:
2650 1415 2780 1472 opes
2833 1415 2900 1457 ex
2952 1401 3017 1456 iis
3080 1400 3449 1472 praerogativis
3499 1415 3529 1453 a

1953 1495 2112 1551 nobis
2145 1494 2660 1564 deprehenduntur,
2726 1508 2848 1564 quae
2897 1501 3163 1548 creaturae
3218 1491 3528 1547 facultatem

1953 1594 2316 1658 exsuperant;
2362 1595 2420 1641 at
2456 1599 2586 1641 vero
2627 1585 2876 1640 humanae
2923 1585 3182 1655 egestatis
3207 1585 3442 1640 conditio
3463 1600 3530 1639 ex

275 1677 374 1732 καὶ
421 1678 492 1732 τὰ
523 1679 709 1732 εἰκότα
745 1682 961 1750 φρονεῖν
993 1680 1081 1733 ἐπ’
1111 1681 1260 1752 αύτῷ
1303 1679 1713 1744 σπουδάζοντες,
1750 1680 1835 1733 ούι

1949 1694 2016 1735 eo
2050 1680 2206 1736 nobis
2241 1679 2300 1733 lit
2333 1679 2550 1751 palam,
2594 1679 2739 1747 quod
2802 1679 3050 1746 quaedam
3099 1678 3375 1747 accepisse
3401 1691 3528 1747 per-

272 1767 615 1841 ἀγνοήσομεν
644 1771 805 1841 ἡμεῖς
842 1771 936 1825 τὸν
967 1772 1061 1826 καὶ
1083 1773 1141 1826 ὲν
1165 1775 1232 1846 τῇ
1273 1773 1397 1828 καθ’
1433 1775 1581 1845 ἡμᾶς
1608 1772 1851 1844 πτωχείᾳ

272 1859 528 1914 πλούσιον
563 1861 640 1924 ὡς
665 1862 819 1915 Θεόν.

1956 1772 2248 1828 hibeatur:
2293 1789 2313 1823 ‹
2349 1770 2483 1826 Cum
2534 1769 2678 1825 enim
2716 1769 2867 1824 dives
2903 1778 3048 1824 esset
3084 1807 3101 1834 ,
3163 1777 3382 1839 propter
3428 1784 3530 1823 nos

1953 1862 2133 1918 {actus
2180 1870 2263 1917 est
2307 1875 2509 1930 egenus
2548 1861 2612 1918 ¹⁵.
2643 1879 2664 1913 ι
2715 1859 2940 1937 Nostras
2978 1861 3202 1931 proinde
3249 1861 3531 1931 cogitatio-

266 1966 370 2008 nes
413 1954 478 2007 ad
532 1961 690 2008 rectze
731 1953 852 2008 ﬁdei
885 1968 1126 2009 normam
1201 1954 1586 2021 instituentes,
1615 1961 1670 2009 et
1719 1968 1838 2024 quae
1910 1968 2012 2024 par
2066 1961 2152 2008 est
2203 1952 2269 2007 de
2322 1952 2440 2021 ipso
2487 1951 2691 2006 sentire
2737 1961 3084 2021 satagentcs,
3151 1952 3226 2008 ita
3275 1953 3422 2008 illum
3471 1953 3526 2008 in

265 2054 509 2100 nostram
553 2055 926 2116 paupertatem
958 2061 1017 2101 se
1065 2048 1350 2104 demisisse
1404 2057 1740 2114 statuemus,
1777 2055 1838 2102 ut
1875 2054 2056 2102 tamen
2134 2050 2394 2113 tanquam
2448 2042 2614 2098 Deum
2657 2058 2934 2112 nunquam
3002 2044 3223 2100 divitem
3259 2059 3380 2101 esse
3429 2049 3526 2102 de-

264 2136 424 2192 siisse
478 2147 628 2192 certo
660 2137 820 2192 nobis
866 2141 1314 2208 persuadeamus.

335 2229 474 2284 MH'.
509 2249 529 2283 ι
572 2229 629 2284 '0
664 2231 856 2302 Πατήρ
885 2233 1076 2304 ἀγαπᾷ
1105 2233 1198 2287 τὸν
1224 2233 1375 2301 Υἶὸν,
1410 2234 1506 2288 καὶ
1535 2235 1713 2288 πάντα
1748 2232 1836 2293 δέ·

259 2320 436 2375 δωκεν
469 2323 527 2375 ὲν
554 2324 620 2394 τῇ
653 2322 798 2393 χειρὶ
825 2323 1012 2377 αὑτοῦ.
1047 2343 1066 2376 ι
1097 2324 1322 2394 Δέχεται
1344 2325 1506 2379 πάλιν
1535 2325 1610 2388 ὡς
1631 2324 1839 2394 ἄνθρω-

258 2429 363 2476 πος
393 2413 421 2466 6
454 2413 611 2476 Υἱόςο
647 2413 789 2485 πλὴν
848 2414 948 2468 οὐκ
991 2414 1096 2480 ἔξω
1129 2416 1293 2470 πάλιν
1328 2416 1538 2485 τίθησιν
1587 2415 1778 2470 ἑαυτὸν
1807 2417 1836 2469 6

256 2503 450 2574 Πατὴρ
477 2503 571 2557 τοῦ
603 2504 781 2558 πάντα
806 2504 950 2574 ἔχειν
979 2505 1071 2573 ὑφ’
1101 2506 1278 2576 ἐαυτῷ
1296 2524 1310 2536 ·
1351 2507 1528 2569 διδοὺς
1557 2508 1662 2578 γὰρ
1691 2506 1834 2562 αὐτὰ

253 2593 334 2664 τῷ
369 2594 507 2666 Υἱῷ,
545 2596 642 2648 σὺν
685 2594 834 2666 αὐτῷ
887 2597 1153 2668 κατάρχει
1203 2597 1311 2650 τῶν
1357 2597 1524 2661 ὅλων,
1571 2600 1684 2660 τοῖς
1733 2597 1834 2666 τῆς

253 2683 510 2756 θεότητος
555 2687 860 2757 σκήπτροις
905 2688 1198 2759 ὑποφέρων
1230 2688 1298 2742 δι’
1334 2688 1498 2740 αὑτοῦ
1542 2705 1601 2740 τε
1651 2688 1745 2741 καὶ
1775 2690 1834 2740 ὲν

251 2775 404 2847 αὐτῷ
455 2777 518 2830 τὸ
564 2778 659 2830 ἐπὶ
708 2778 807 2847 τῆς
848 2778 954 2848 γῆς
1005 2779 1196 2847 γένος,
1250 2781 1428 2834 καίτοι
1496 2779 1835 2844 διανενευκὸς

253 2869 526 2938 ἀχαλίνως
556 2869 636 2931 εἰς
681 2869 1003 2922 ἀπόστασιν.
1047 2871 1134 2934 Ὠς
1163 2871 1272 2942 γὰρ
1310 2872 1472 2936 αὐτός
1519 2871 1620 2924 πού
1669 2889 1834 2940 φησιν

2015 2230 2250 2287 XLVIII.
2279 2249 2297 2282 ι
2330 2231 2493 2286 Pater
2521 2230 2692 2302 diligit
2731 2231 2948 2300 Filium,
2997 2241 3052 2288 et
3079 2233 3258 2288 omnia
3297 2233 3445 2290 dedit
3470 2233 3523 2289 in

1945 2338 2135 2378 manus
2187 2323 2421 2392 ejus“.t
2467 2323 2637 2378 Filius
2701 2324 2900 2393 accipit
2943 2332 3004 2378 ut
3053 2325 3254 2379 homo:
3305 2325 3522 2379 interim

1940 2411 2100 2466 Pater
2147 2427 2178 2467 a
2207 2413 2353 2468 nullo
2397 2427 2582 2467 eorum
2669 2429 2730 2468 se
2764 2415 3036 2479 excludit,
3067 2416 3196 2485 quin
3243 2417 3425 2472 omnia
3467 2417 3520 2470 in

1938 2511 2207 2571 potestate
2263 2502 2504 2558 habeat:
2549 2516 2610 2557 ea
2641 2505 2782 2558 enim
2828 2505 2963 2560 dans
3015 2504 3172 2570 Filio,
3235 2521 3341 2561 una
3398 2522 3520 2561 cum

1937 2593 2030 2647 illo
2081 2593 2334 2649 omnibus
2397 2593 2725 2648 dominatur.
2793 2593 2900 2650 Sed
2950 2606 3006 2651 et
3065 2597 3239 2665 ipsum
3309 2611 3522 2668 quoque

1937 2683 2250 2738 mortalium
2290 2697 2459 2751 genus
2518 2686 2816 2738 secundum
2867 2699 2927 2740 se
2975 2685 3139 2754 aliqui
3174 2685 3420 2751 infrene,
3469 2697 3522 2742 et

1938 2776 2002 2827 ad
2063 2774 2410 2829 rebellionem
2457 2788 2778 2843 propensum
2830 2775 3134 2832 divinitatis
3168 2779 3395 2847 sceptris
3424 2794 3521 2848 per

1939 2864 2091 2918 illum
2122 2865 2224 2919 sibi
2276 2865 2543 2919 submittit
2569 2882 2584 2918 :
2611 2866 3046 2935 quandoquidem
3077 2906 3094 2933 ,
3145 2875 3204 2920 ut
3233 2869 3522 2938 sapientis-

251 2961 282 3013 6
315 2960 626 3030 σοφώτατος
656 2960 897 3028 Παῦλος,
936 2980 953 3013 t
983 2963 1114 3027 Θεὸς
1151 2960 1218 3034 ἦν
1260 2966 1318 3018 ὲν
1355 2963 1596 3036 Χριστῷ,
1624 2967 1827 3035 κόσμον

1941 2954 2100 3010 simus
2128 2954 2323 3010 Paulus
2344 2955 2542 3011 alicubi
2569 2957 2823 3011 admonet
2849 2975 2864 3012 :
2907 2977 2925 3010 ‹
2957 2959 3097 3012 Deus
3133 2968 3250 3014 erat
3281 2961 3333 3014 in
3358 2960 3518 3016 Chri-

253 3053 643 3107 καταλλάσσων
673 3053 872 3124 ἑαυτῷ.
910 3072 928 3105 δ
960 3055 1072 3108 Καὶ
1102 3057 1162 3108 ού
1192 3056 1254 3127 δή
1294 3056 1397 3110 πού
1431 3073 1633 3126 φαμεν,
1667 3056 1742 3120 ὡς
1769 3059 1827 3110 ἐν

247 3142 349 3194 ἀνθ
360 3142 522 3212 ρώπῳ
544 3145 886 3214 κατοικήσας
913 3145 1148 3215 Χριστὸς
1174 3146 1359 3216 ἕτερος
1384 3147 1536 3218 παρὰ
1565 3164 1629 3216 γε
1650 3147 1742 3200 τὸν
1763 3149 1828 3201 ὲκ

245 3232 352 3303 τῆς
391 3235 551 3302 ἁγίας
594 3237 871 3306 Παρθένου
930 3221 1348 3308 γεγεννημένον,
1402 3241 1606 3310 κόσμον
1646 3239 1824 3312 ἑαυτῷ

248 3325 585 3394 κατήλλαττε
625 3326 903 3396 (φρονοῦσι
931 3328 1040 3397 γὰρ
1083 3323 1184 3382 ὧδέ
1213 3347 1354 3393 τινες
1379 3332 1487 3383 τῶν
1516 3332 1822 3400 ἀμαθεστέ-

249 3413 384 3484 ρων)
405 3429 419 3442 ’
461 3416 637 3465 έκεῖνο
659 3415 716 3466 δὲ
752 3415 974 3481 μᾶλλον,
1008 3416 1090 3468 ὅτι
1138 3418 1506 3487 κατήλλαττεν
1527 3419 1708 3489 ἐαυτῷ
1733 3421 1824 3473 τὸν

248 3503 454 3570 κόσμον
483 3503 509 3552 6
549 3501 681 3562 Θεὸς
723 3503 815 3553 καὶ
849 3503 1036 3572 Πατὴρ
1087 3505 1144 3556 ὲν
1205 3506 1454 3574 Χριστῷ·
1496 3508 1686 3575 γέγονε
1715 3512 1824 3579 γὰρ

247 3592 406 3661 ἡμῶν
445 3591 672 3660 μεσίτης
720 3592 1149 3663 ἐνανθρωπήσας
1181 3596 1208 3646 6
1234 3595 1380 3658 Υἱὸς,
1416 3598 1510 3650 καὶ
1532 3594 1642 3651 οἷον
1674 3600 1824 3652 διαλ-

244 3681 450 3752 λακτὴς
475 3683 553 3744 εἰς
587 3682 832 3752 εἰρήνην,
870 3684 967 3754 οὐχ
993 3685 1164 3756 ἑτέρῳ
1214 3687 1489 3756 προξενῶν
1518 3689 1628 3741 τῶν
1657 3692 1714 3743 ἐν
1745 3689 1823 3761 τῷ

245 3775 438 3845 κόσμῳ
462 3773 558 3844 τὴν
594 3774 898 3844 ὑποταγὴν,
935 3775 1052 3828 ἀλλ’
1079 3777 1154 3840 ὡς
1179 3779 1235 3830 ὲν
1264 3778 1379 3848 ἰδίῳ
1415 3779 1715 3851 προσώπῳ,
1744 3781 1824 3852 τῷ

244 3866 367 3936 Θεῷ
392 3867 483 3919 καὶ
510 3866 704 3936 Πατρί.
740 3867 962 3937 Χριστῷ
994 3867 1104 3940 γὰρ
1133 3869 1590 3942 κατηλλαγμένοι,
1621 3874 1824 3945 κατηλ-

242 3957 490 4026 λάγμεθα
519 3957 586 4009 δι’
625 3957 788 4011 αὐτοῦ
820 3975 878 4010 τε
915 3960 1008 4012 καὶ
1037 3961 1094 4013 ὲν
1127 3960 1274 4030 αὐτῷ
1305 3961 1382 4031 τῷ
1414 3962 1631 4016 πάντων
1667 3965 1822 4036 ήμῶν

243 4048 455 4118 Σωτῆρι
482 4047 619 4118 Θεῷ.
656 4049 947 4119 Τοιγάρτοι
982 4050 1074 4103 καὶ
1104 4049 1310 4119 ἔφασκε
1336 4068 1350 4082 ο
1378 4071 1396 4104 ι
1435 4053 1599 4114 Δεῦτε
1623 4056 1822 4119 πάντες

242 4140 380 4210 πρός
421 4157 506 4209 με,
539 4141 588 4192 οἱ
629 4142 1020 4204 κεκοπιακότες
1055 4143 1150 4195 κοιλ⁴
1190 4145 1639 4214 πεφορτισμένοι,
1663 4145 1822 4214 κάγὼ

241 4229 538 4282 ἀναπαύσω
565 4230 729 4300 ὑμᾶς.
775 4251 791 4281 ι
828 4233 948 4285 ’Ότι
975 4233 1030 4285 δὲ
1060 4235 1172 4297 τοῖς
1196 4235 1332 4306 πρὸς
1362 4237 1525 4290 αὐτὸν
1558 4236 1816 4292 ίοῦσινόύ

241 4323 378 4390 πρὸς
412 4323 599 4394 ἕτερόν
625 4341 747 4376 τινα
783 4325 981 4393 γένοιτ’
1017 4325 1082 4379 ἂν
1131 4328 1158 4398 ἡ
1189 4328 1527 4399 καταλλαγὴ,
1560 4330 1700 4401 πλὴν
1735 4331 1818 4384 ὅτι

241 4413 378 4484 πρὸς
425 4415 556 4467 Θεὸν
588 4414 678 4468 τὸν
712 4415 871 4484 φύσει
915 4417 1007 4469 καὶ
1041 4417 1276 4488 ἀληθῶς,
1329 4421 1817 4496 πεπληροφὸρηκεν

240 4503 442 4556 εἰπών’
487 4524 505 4555 ‹
553 4506 611 4557 Ὀ
639 4507 909 4559 πιστεύων
941 4509 1020 4570 εἰς
1055 4509 1153 4577 ἐμὲ
1193 4510 1254 4562 οὐ
1298 4512 1540 4566 πιστεύει
1573 4515 1652 4577 είς
1691 4515 1810 4586 ἐμὲ,

240 4595 352 4649 ἀλλ’
378 4597 457 4660 εἰς
492 4597 583 4650 τὸν
616 4598 909 4668 πέμψαντά
947 4617 1036 4669 με.
1071 4602 1177 4654 Καὶ
1203 4604 1231 4654 6
1270 4603 1492 4675 θεωρῶν
1541 4605 1642 4675 ἐμὲ
1677 4606 1814 4660 θεω-

243 4689 326 4756 ρεῖ
347 4689 434 4739 τὸν
462 4688 751 4757 πέμψαντά
783 4706 903 4759 με.»
942 4690 1059 4742 Ὀτὲ
1091 4691 1145 4743 δὲ
1175 4691 1356 4747 πάλιν·
1381 4712 1399 4745 ι
1422 4694 1710 4749 Πιστεύετε
1735 4698 1816 4760 είς

238 4780 329 4832 τὸν
360 4779 510 4844 Θεὸν,
544 4780 638 4832 καὶ⁸
659 4781 737 4842 εἰς
769 4780 867 4851 ἐμὲ
894 4779 1200 4837 πιστεύετε.
1225 4801 1242 4832 ι

306 5037 438 5090 ΜΘ⁰.
477 5053 497 5087 σ
545 5037 747 5107 Πάτερ,
774 5036 1032 5108 ἐλήλυθεν
1076 5040 1110 5109 ὴ
1139 5040 1277 5112 ὥρα,
1324 5041 1544 5109 δόξασόν
1587 5061 1681 5096 σου
1720 5045 1812 5100 τὸν

237 5127 387 5190 Υἱὸν,
431 5127 514 5179 ἵνα
559 5132 656 5178 καὶ
682 5128 710 5178 6
738 5127 867 5191 Υἱός
902 5146 994 5181 σου
1018 5129 1214 5201 δοξάσῃ
1257 5148 1338 5185 σε.
1380 5133 1578 5196 Καθὼς
1605 5134 1811 5198 ἔδωκας

233 5216 384 5284 αὐτῷ
433 5216 682 5279 ἐξουσίαν
722 5217 903 5289 πάσης
951 5221 1172 5291 σαρκὸς,
1215 5223 1301 5274 ἵνα
1352 5225 1461 5277 πᾶν
1503 5225 1531 5278 ὃ
1569 5225 1808 5290 δέδωκας

234 5305 405 5375 αὐτῷ,
437 5305 581 5377 δώσῃ
622 5308 806 5372 αὐτοῖς
836 5309 979 5380 ζωὴν
1008 5309 1244 5366 αἰώνιον.
1275 5331 1292 5365 ι
1323 5315 1674 5390 Παράκλητος
1705 5317 1808 5388 μὲν

307 5479 563 5558 "‘.I__Cor1
595 5495 654 5558 t_I,
677 5481 729 5534 *2.
813 5482 854 5513 ¹⁸
889 5479 1089 5558 ll_Cor._
1112 5500 1229 5558 vin,
1257 5485 1308 5540 9.
1391 5487 1434 5519 "
1464 5487 1619 5544 Joan.
1649 5506 1732 5558 ιιι,
1767 5493 1855 5551 55.

237 5550 321 5616 Η,
357 5549 444 5603 45.
523 5550 565 5580 ὀ
593 5549 746 5608 Joan.
777 5567 886 5619 xw,
923 5553 971 5608 l.
1051 5556 1092 5588 ²¹
1134 5555 1286 5612 Juan.
1312 5573 1445 5626 xvn,
1477 5561 1524 5626 l,
1564 5561 1618 5618 2.

1931 3057 2038 3111 sto,
2066 3047 2324 3102 mundum
2351 3048 2704 3103 reconcilians
2726 3049 2826 3103 sibi
2853 3051 2918 3104 ".
2949 3069 2966 3102 ι
2990 3051 3087 3105 Hic
3117 3061 3293 3106 autem
3314 3067 3519 3122 nequa-

1930 3152 2090 3207 quam
2139 3139 2458 3205 asserimus,
2497 3141 2548 3195 id
2580 3143 2722 3211 quod
2755 3143 3006 3198 rudiores
3042 3145 3260 3214 quidam
3289 3145 3515 3206 faciunt.
3564 3175 3574 3182 -

1928 3228 2090 3282 alium
2158 3229 2225 3283 ab
2277 3245 2342 3284 eo
2393 3246 2550 3300 quem
2596 3247 2749 3288 sacra
2791 3232 2967 3303 Virgo
3015 3237 3177 3308 169
3230 3237 3282 3292 in
3339 3238 3512 3293 lucem

1925 3321 2090 3376 edidit
2113 3360 2129 3385 ,
2160 3321 2434 3377 Christum
2485 3324 2538 3377 in
2573 3324 2790 3380 homine
2828 3325 3194 3394 inhabitasse,
3229 3332 3515 3384 mundum-

1926 3428 2031 3481 que
2089 3414 2190 3467 sibi
2229 3415 2655 3481 reconciliasse;
2700 3417 2796 3472 sed
2841 3417 3128 3486 ipsummet
3189 3420 3354 3476 Deum
3409 3422 3510 3475 Pa.

1927 3508 2062 3552 trem
2095 3501 2146 3553 in
2209 3501 2423 3557 Christo
2472 3505 2730 3558 mundum
2773 3507 2876 3560 sibi
2909 3510 3370 3568 reconciliavisse.
3425 3513 3511 3568 Fi-

1926 3593 2028 3646 lius
2069 3606 2300 3661 namque
2352 3604 2472 3662 post
2503 3595 2797 3650 humanam
2866 3611 3113 3654 naturam
3175 3614 3508 3674 assumptam

1925 3678 2100 3733 lactus
2160 3689 2244 3735 est
2308 3682 2614 3748 mediator,
2687 3692 2744 3738 et
2800 3686 2866 3739 ad
2897 3701 3086 3756 pacem
3159 3691 3506 3745 obtinendam

1924 3771 2328 3840 quodammodo
2385 3774 2805 3841 reconciliator,
2839 3791 2946 3832 non
2998 3777 3158 3832 alteri
3193 3781 3423 3850 cuipiam
3451 3783 3502 3837 in

1923 3863 2124 3918 mundo
2165 3864 2532 3921 obedientiam
2567 3867 2892 3932 concilians,
2931 3872 3025 3925 sed
3059 3881 3117 3925 ut
3182 3872 3234 3925 in
3286 3875 3502 3942 propria

1922 3967 2151 4022 persona
2185 3955 2290 4010 Deo
2334 3956 2482 4012 Patri
2514 3975 2528 4012 :
2579 3959 3015 4029 quandoquidem
3071 3962 3288 4018 Christo
3317 3980 3506 4020 recon-

1922 4045 2092 4099 ciliati
2115 4085 2130 4111 ,
2165 4061 2263 4117 per
2292 4049 2468 4119 ipsum
2511 4037 2566 4104 et
2595 4051 2646 4104 in
2680 4051 2796 4122 ipso
2821 4091 2836 4115 ,
2890 4053 2998 4108 Deo
3021 4069 3236 4125 quoque
3261 4057 3502 4112 omnium

1923 4134 2190 4212 Salvatori
2249 4141 2690 4198 reconciliamur.
2738 4142 2876 4198 Hinc
2910 4145 3084 4201 illud:
3124 4166 3144 4198 ‹
3177 4147 3368 4203 Venite
3438 4153 3505 4206 ad

1920 4242 2029 4293 me,
2065 4244 2252 4284 omnes
2294 4231 2386 4298 qui
2415 4231 2677 4288 laboratis
2724 4245 2778 4290 et
2816 4238 3026 4290 onerati
3083 4238 3238 4303 estis,
3292 4249 3346 4293 et
3402 4256 3503 4311 ego

1926 4319 2165 4373 reﬁciam
2206 4320 2394 4376 vos".
2425 4339 2445 4372 ι
2499 4321 2652 4388 Quod
2687 4323 2721 4377 ii
2777 4333 2956 4378 autem
3003 4326 3093 4393 qui
3141 4326 3207 4380 ad
3263 4327 3411 4382 illum
3445 4347 3503 4384 se

1925 4408 2260 4478 adjungunt,
2345 4426 2450 4465 non
2507 4412 2664 4468 alteri
2723 4415 2955 4484 cuipiam
3036 4417 3500 4487 reconcilientur,

1924 4513 2085 4568 quam
2119 4514 2248 4554 vero
2308 4504 2652 4574 naturalique
2710 4504 2856 4570 Deo,
2915 4505 3042 4558 illud
3082 4507 3220 4559 idem
3279 4509 3390 4578 ipse
3418 4511 3502 4565 his

1923 4590 2103 4645 verbis
2174 4593 2514 4661 perspicuum
2585 4595 2716 4648 facit
2748 4612 2761 4626 ο
2802 4614 2820 4645 ι
2859 4594 2997 4661 Qui,
3069 4597 3277 4665 inquit,
3328 4600 3502 4654 credit

1925 4680 1978 4734 in
2042 4696 2160 4746 me,
2197 4698 2302 4737 non
2333 4686 2505 4739 credit
2536 4686 2587 4739 in
2625 4701 2710 4740 me
2737 4725 2753 4750 ,
2785 4687 2878 4740 sed
2945 4687 2996 4740 in
3045 4703 3167 4741 eum
3209 4690 3300 4758 qui
3357 4690 3500 4744 misit

1921 4787 2028 4828 me.
2070 4775 2135 4828 Et
2175 4777 2264 4845 qui
2298 4776 2442 4830 videt
2471 4793 2590 4842 me,
2625 4779 2769 4832 videt
2797 4795 2920 4833 eum
2967 4781 3056 4848 qui
3112 4781 3259 4836 misit
3287 4796 3369 4837 me
3397 4783 3493 4836 ³⁸.»
3529 4822 3533 4826 ς

1923 4864 1987 4917 Ει
2040 4881 2252 4920 rursum
2285 4885 2298 4921 :
2336 4885 2354 4918 ‹
2417 4867 2632 4924 Credite
2689 4870 2741 4924 in
2795 4869 3010 4936 Deum,
3047 4872 3177 4926 etin
3231 4890 3318 4930 me
3373 4889 3497 4929 cre-

1919 4956 2027 5010 dite
2050 4957 2110 5010 '°.
2128 4976 2146 5009 ι
2945 4963 2948 4966 ’

1988 5044 2174 5100 XLIX.
2208 5065 2226 5099 ι
2265 5052 2442 5117 Pater,
2474 5051 2621 5106 venit
2649 5050 2803 5115 hora,
2837 5053 3070 5107 clariﬁca
3097 5051 3290 5106 Filium
3324 5060 3492 5118 tuum,

1913 5145 1973 5191 ut
2017 5146 2073 5192 et
2125 5138 2294 5195 Filius
2367 5151 2492 5198 tuus
2555 5143 2816 5198 clariﬁcet
2859 5155 2930 5200 te.
2988 5145 3138 5198 Sicut
3195 5143 3389 5196 dedisti
3443 5145 3492 5198 ei

1915 5235 2236 5295 potestatem
2272 5233 2450 5287 omnis
2480 5223 2705 5298 carnis,
2729 5243 2788 5288 ut
2817 5249 2977 5288 omne
3023 5235 3164 5303 quod
3191 5232 3386 5290 dedisti
3417 5235 3489 5303 ei,

1916 5319 2109 5375 dcteis
2153 5321 2320 5376 vitam
2363 5326 2707 5380 aeternam".
2740 5343 2759 5377 ι
2802 5323 3107 5380 Advocatus
3146 5331 3199 5379 et
3228 5323 3486 5394 propitia-

1961 5497 2000 5528 ”
2038 5495 2079 5552 ll
2103 5492 2227 5553 Cor.
2263 5513 2313 5565 ν,
2354 5497 2435 5556 l9.
2543 5499 2586 5531 ⁸⁸
2616 5497 2803 5555 Μιιιιι.
2836 5516 2912 5570 ιι,
2943 5499 3034 5556 23.
3117 5501 3156 5532 ¹⁹
3189 5500 3342 5558 Joan.
3384 5515 3488 5566 xtl.
