3942 6128
487 206 625 263 1405

1482 206 1543 263 S.
1575 205 1852 267 CYRILLI
1888 204 2360 271 ALEXANDle
2389 204 2717 264 ARCHIEI‘.

3603 206 3732 262 MM

483 335 571 380 tor
625 323 926 396 appellatur
976 322 1146 378 Filius
1166 324 1231 377 “.
1266 321 1385 392 Ipse
1430 324 1574 379 enim
1607 326 1918 383 hominibus
1957 342 2039 383 ea:

2166 324 2261 378 καὶ
2293 325 2605 395 ἱλαστήριον
2652 327 2682 380 ό
2722 324 2854 390 Υἱὸς
2894 323 3224 397 ὠνόμασται.
3269 322 3586 395 Καθίστησι
3630 325 3729 398 γὰρ

483 422 674 471 testem
733 416 949 472 Patrem
1027 416 1344 471 benevolum
1394 419 1788 489 propitiamque
1838 421 2055 486 reddit,

483 517 647 575 atque
686 507 810 562 ideo
829 507 1081 562 omnium
1123 507 1384 562 bonorum
1419 510 1574 563 nobis
1607 520 1795 567 auctor
1826 520 1928 567 est.
1965 513 2060 568 Ve-

486 609 787 653 rumtamen
863 597 1211 666 inquisitione
1251 598 1473 668 dignum
1506 610 1625 667 est,
1678 616 1919 669 quanam
1964 619 2054 659 ra-

482 688 628 743 tione
662 686 818 742 Pater
846 687 1106 757 gloriﬁcot
1137 687 1327 743 Filium
1375 698 1430 744 et
1476 688 1645 747 Filius
1676 692 1915 748 vicissim
1939 693 2055 764 glo-

482 779 656 834 ritlcet
695 779 932 835 Patrem.
963 781 1055 834 Ait
1081 795 1211 850 ergo
1244 782 1531 838 advenisse
1577 785 1800 853 horam,
1831 786 1934 841 hoc
1972 794 2058 842 est

483 879 725 939 tempus,
785 871 837 925 in
887 887 995 941 quo
1022 872 1194 942 ipsum
1229 873 1389 942 plane
1422 889 1521 945 pro
1561 878 1744 931 mundi
1796 878 1904 932 vita
1933 893 2057 932 cru-

478 957 562 1011 cis
599 958 919 1027 supplicium
951 960 1137 1015 subire
1184 972 1482 1032 oporteret.
1534 963 1641 1019 Par
1663 975 1780 1021 erat
1829 975 2010 1023 autem
2035 1009 2052 1037 ,

478 1057 538 1101 ut
581 1046 740 1103 Pater
781 1048 973 1104 Filium
1005 1066 1103 1121 per
1131 1054 1578 1109 resurrectionem
1604 1070 1672 1110 ex
1701 1058 1925 1111 mortuis
1948 1057 2058 1124 glo-

478 1138 754 1208 πίθον-ει,
806 1141 1018 1211 sibique
1061 1145 1577 1201 consubstantialem
1633 1155 1689 1202 et
1731 1146 2002 1203 viviﬁeum
2033 1187 2050 1214 ,

474 1239 532 1284 et
583 1241 758 1289 morte
807 1235 1176 1302 superiorem,
1219 1246 1275 1290 et
1323 1244 1571 1292 naturam
1622 1253 1652 1293 a
1707 1241 2055 1310 corruptione

468 1321 704 1376 alienam
737 1325 987 1378 sortitum
1041 1326 1278 1381 evidenti
1345 1329 1652 1385 testimonio
1705 1330 2052 1388 demonstra-

477 1421 580 1465 ret.
615 1411 756 1477 Quin
789 1414 905 1482 ipse
959 1429 1175 1486 quoque
1206 1417 1366 1473 Pater
1414 1420 1516 1475 hoc
1548 1420 1664 1489 ipso
1693 1421 2050 1491 gloriﬁcatur,

474 1503 618 1568 quod
651 1501 847 1558 Filium
899 1504 1092 1561 decore
1117 1545 1133 1573 ,
1189 1508 1394 1578 gloria,
1429 1512 1776 1581 potentiaque
1806 1513 1911 1568 sibi
1956 1528 2053 1582 per

472 1593 657 1648 omnia
689 1595 923 1650 similem
957 1597 1171 1653 habeat.
1206 1601 1385 1669 Atque
1411 1601 1552 1657 istud
1587 1602 1789 1673 liquido
1814 1607 2051 1661 ostendit

2139 415 2276 476 ,τοῖς
2304 412 2400 465 ἐπὶ
2436 414 2536 484 τῆς
2568 413 2672 483 γῆς
2716 412 2923 484 εὐμενῆ
2967 412 3061 467 τὸν
3106 412 3349 484 Πατέρα,
3398 414 3497 466 καὶ
3541 415 3729 479 παντὸς

2163 505 2297 573 ἡμῖν
2321 503 2636 575 εὑρίσκεται
2660 504 2919 574 πρόξενος
2947 503 3174 573 ἀγαθοῦ.
3206 503 3352 576 Πλὴν
3376 505 3561 557 έκεῖνο
3581 521 3734 559 κατα-

2164 592 2476 665 θρήσωμεν,
2502 595 2621 658 πῶς
2651 594 2718 648 ἂν
2745 594 3019 660 δοξάσειεν
3050 597 3078 648 ό
3114 595 3305 665 Πατὴρ
3333 594 3427 648 τὸν
3468 594 3623 661 Υίδν,
3650 596 3734 651 δο-

2162 682 2491 753 ξασθήσεται
2540 684 2596 737 δὲ
2627 685 2721 739 καὶ
2754 686 2916 749 αὐτὸς
2961 685 3092 757 παρ’
3137 684 3306 739 αὐτοῦ
3346 684 3471 738 τίνα
3514 686 3730 756 τρόπον.

2164 774 2372 829 Οὐκοῦν
2415 776 2516 847 τὴν
2570 774 2743 847 ῶραν,
2798 777 2965 847 ἡγουν
3017 776 3106 831 τὸν
3163 776 3359 847 καιρὸν
3420 777 3732 846 ἐληλυθέναι

2161 867 2321 936 φησὶ,
2346 866 2469 920 καθ’
2497 867 2557 921 ὃν
2601 868 2711 920 ἔδει
2746 869 2965 931 πάντως
2991 868 3155 921 αὑτὸν
3187 867 3280 921 τὸν
3318 867 3463 939 ὑπὲρ
3504 867 3608 937 τῆς
3644 867 3732 923 τσῦ

2161 956 2367 1027 κόσμου
2402 955 2547 1028 ζωῆς
2575 957 2870 1026 ὑπομεῖναι
2897 956 3129 1027 σταυρόν
3148 970 3161 984 ·
3191 954 3308 1008 ἀλλ’
3333 950 3404 1027 ἦν
3438 956 3732 1023 ἀναγκαῖον

2159 1047 2478 1115 δοξάζεσθαι
2517 1048 2607 1102 τὸν
2634 1048 2762 1103 Υίὸν
2793 1048 2944 1118 παρὰ
2985 1047 3081 1101 τοῦ
3112 1046 3346 1118 Πατρός.
3380 1047 3478 1099 καὶ
3514 1044 3606 1099 διὰ
3645 1048 3731 1118 τῆς

2160 1141 2228 1193 ἐκ
2251 1140 2461 1212 νεκρῶν
2506 1141 2856 1203 ἀναστάσεως
2897 1138 3345 1211 μαρτυρούμενον
3372 1140 3459 1193 ὅτι
3500 1139 3565 1191 τέ
3598 1138 3730 1190 ἐστιν

2157 1230 2444 1301 ὀμοούσιος
2470 1231 2620 1302 αὐτῷ
2641 1233 2734 1285 καὶ
2753 1230 3036 1297 ζωοποιδς,
3062 1231 3157 1286 καὶ
3179 1231 3416 1286 θανάτου
3447 1229 3724 1300 κρείττων,

2159 1322 2255 1377 mi
2301 1323 2507 1394 φθορᾶς
2541 1323 2752 1392 ἀμείνω
2802 1320 2899 1395 τὴν
2945 1322 3112 1390 φύσιν
3153 1319 3592 1392 διεκληρώσατο.
3631 1320 3725 1374 Καὶ

2156 1413 2438 1481 δοξάζεται
2464 1415 2638 1468 δὲκαὶ
2667 1414 2834 1478 αὐτὸς
2913 1414 3123 1485 Πατὴρ,
3150 1414 3225 1478 ὡς
3246 1413 3391 1484 ἔχων
3417 1413 3563 1484 Tite
3601 1411 3725 1467 κατὰ

2157 1505 2268 1558 πᾶν
2284 1504 2465 1559 ὁτιοῦν
2482 1505 2699 1559 ἐοικότα
2713 1523 2771 1559 τε
2788 1507 2880 1560 καὶ
2898 1506 3119 1563 iaculati
3135 1506 3231 1560 καὶ
3251 1507 3369 1559 ίσου
3381 1505 3519 1575 ργὸν
3544 1503 3720 1574 ἑαυτῷ.

2157 1598 2269 1652 Καὶ
2295 1597 2457 1651 τοῦτο
2483 1597 2722 1667 δέδειχεν
2749 1599 2778 1650 ό
2807 1596 2934 1662 Υἱὸς
2963 1596 3323 1668 καταργήσας
3352 1595 3450 1649 τὸν
3487 1594 3722 1661 θάνατον,

471 1682 671 1752 Filius,
700 1700 821 1742 cum
874 1689 1062 1744 mortis
1095 1690 1321 1761 imperio
1349 1694 1605 1749 demolito
1629 1734 1649 1759 ,
1696 1710 1852 1750 suum
1876 1696 2039 1765 ἱρεῖαι

2155 1691 2247 1743 καὶ
2276 1689 2592 1760 ἀναστήσας
2617 1689 2681 1742 ἐκ
2710 1688 2921 1763 νεκρῶν
2960 1689 3053 1742 τὸν
3083 1686 3279 1741 ἑαυτοῦ
3321 1687 3477 1741 ναόν.
3515 1688 3723 1757 Δέχεται

474 1775 729 1845 templum
790 1792 820 1835 a
878 1779 1102 1834 mortuis
1145 1782 1521 1836 exsuscitavit.
1567 1783 2049 1841 Verumeulutvero

470 1864 597 1920 licet
646 1876 705 1921 ut
764 1868 922 1922 homo
950 1868 1038 1937 jus
1099 1879 1533 1941 potestatemque
1573 1874 1628 1932 in
1674 1889 1865 1931 omnes
1889 1891 2047 1934 acce-

473 1957 618 2025 pisse
670 1958 1058 2026 perhibeatur,
1128 1969 1187 2015 ttt
1233 1961 1374 2017 Deus
1415 1972 1593 2019 tamen
1643 1965 1915 2023 universis
1962 1982 2051 2022 ro-

475 2064 590 2101 rum
632 2050 841 2105 naturis
891 2050 1136 2107 absolute
1182 2052 1582 2110 dominabatur.
1616 2055 1779 2112 Pater
1829 2073 2046 2114 rursum

472 2138 535 2192 i-‘s
584 2139 673 2208 qui
710 2138 849 2195 Filio
882 2139 993 2195 dati
1038 2152 1167 2197 sunt
1193 2144 1358 2198 vitam
1389 2154 1643 2200 arternam
1696 2148 2045 2217 impertitur:

467 2237 523 2280 at
573 2228 662 2282 ille
711 2228 924 2284 interim
949 2238 1032 2286 est
1083 2230 1171 2286 illa
1212 2232 1442 2301 ipsumet
1474 2235 1601 2289 vita.
1633 2236 1793 2306 170
1839 2254 1859 2288 ι
1893 2239 2043 2308 Ego,

466 2318 684 2387 inquit,
732 2334 852 2375 sum
909 2323 1241 2377 resurrectio
1295 2332 1350 2377 et
1395 2324 1631 2378 vita”.i
1684 2326 1864 2393 Quare
1918 2327 2046 2383 licet

466 2410 693 2479 gloriam
735 2420 791 2466 et
829 2427 1053 2481 regnum
1082 2453 1098 2481 ,
1130 2425 1184 2469 et
1212 2430 1375 2485 super
1423 2432 1611 2473 omnes
1636 2427 1698 2473 et
1735 2421 1915 2473 omnia
1949 2434 2046 2489 po-

468 2511 718 2559 testatem
750 2506 1025 2574 accepisse
1075 2506 1334 2572 dicatur;
1381 2509 1483 2564 hoo
1528 2517 1708 2565 tamen
1758 2511 1825 2565 ad
1861 2511 2043 2566 incar-

465 2596 699 2651 nationis
744 2597 1108 2655 conditionem
1151 2606 1236 2656 e'st
1298 2600 1661 2659 referendum.
1695 2603 1915 2659 Certum
1959 2614 2044 2661 est

462 2687 608 2744 enim
664 2686 891 2755 Filium,
922 2698 980 2743 ut
1039 2689 1181 2748 Deus
1207 2703 1331 2756 est,
1382 2700 1440 2746 et
1487 2692 1670 2760 gloriae
1725 2693 2039 2765 Dominum,

462 2784 520 2828 ct
560 2777 749 2831 eadem
803 2793 925 2833 cum
983 2778 1142 2835 Patre
1194 2781 1476 2851 majestate
1544 2782 1826 2849 prietlitum
1878 2798 2038 2850 esse;

463 2881 677 2936 neque,
724 2871 866 2941 quod
905 2871 1120 2941 quidem
1166 2874 1233 2928 ad
1288 2874 1586 2931 divinitatis
1624 2882 1870 2929 naturam
1918 2889 2040 2944 spe-

462 2969 595 3025 ctat,
628 2958 804 3018 Patris
846 2962 1015 3032 gloria
1052 2974 1106 3018 et
1137 2966 1427 3021 eminentia
1469 2966 1572 3019 ulla
1607 2981 1671 3022 ex
1712 2974 1865 3035 parte
1898 2964 2039 3019 infe-

2150 1782 2223 1853 δὲΔ
2244 1781 2344 1853 τὴν
2379 1781 2527 1835 κατὰ
2557 1781 2779 1834 πάντων
2806 1779 3057 1845 ἐξουσίαν
3076 1817 3093 1842 ,
3134 1778 3258 1833 καθ’
3290 1779 3442 1852 ἡμᾶς
3473 1778 3546 1848 δὴ
3580 1777 3724 1835 πάλιν

2153 1846 2245 1924 κοὶι
2268 1846 2624 1941 ἀνθρωπίνως
2641 1885 2652 1896 ·
2674 1866 2853 1921 καίτοι
2882 1865 3187 1939 βασιλεύων
3216 1846 3490 1920 «calam
3517 1846 3724 1929 θεῖκῶς.
3800 1886 3809 1895 ³

2150 1962 2261 2016 Καὶ
2293 1961 2468 2033 ἐνίησι
2522 1961 2619 2032 μὲν
2652 1961 2681 2013 ὁ
2726 1960 2917 2031 Πατὴρ
2948 1961 3061 2022 τοῖς
3114 1958 3316 2015 δοθεῖσι
3360 1956 3439 2028 τῷ
3470 1958 3591 2027 Tit}
3636 1958 3727 2026 τὴν

2150 2049 2293 2120 ζωὴν
2324 2050 2425 2121 τὴν
2454 2048 2704 2105 αίώνιον’
2749 2047 2888 2119 αὕτη
2928 2047 2987 2101 δέ
3029 2047 3180 2100 ἐστιν
3218 2046 3382 2110 αὑτός
3406 2063 3420 2076 ·
3450 2045 3559 2116 ἔφη
3591 2047 3728 2116 γάρ*

2153 2158 2173 2192 ι
2232 2140 2372 2209 Ἐγώ
2401 2142 2517 2210 εἰμι
2546 2142 2581 2210 ἡ
2610 2139 2907 2202 ἀνάστασις
2934 2141 3030 2195 καὶ
3061 2140 3098 2210 ἡ
3130 2138 3267 2208 ζωή.
3297 2155 3317 2188 ι
3362 2137 3578 2190 Οὐκοῦν
3624 2137 3730 2191 κᾶν

2146 2233 2195 2285 εί
2226 2232 2436 2301 λέγοιτο
2477 2231 2662 2285 λαϐεῖν
2695 2230 2845 2303 παρὰ
2878 2229 2972 2284 τοῦ
3018 2230 3232 2300 Πατρδς
3279 2228 3437 2296 δόξαν
3485 2227 3589 2281 καὶ
3636 2228 3741 2297 τὴν-

2146 2323 2289 2377 κατὰι
2320 2322 2540 2376 πάντων
2579 2321 2912 2388 ἐξουσίανντε
2950 2320 3046 2377 καὶ
3093 2318 3397 2391 βασιλείαν,
3439 2320 3727 2372 ἀναθετέον

2148 2415 2248 2484 μὲν
2276 2413 2339 2466 τὸ
2387 2412 2572 2467 λαϐεῖν
2605 2414 2719 2476 τοῖς
2756 2411 2854 2481 τῆς
2898 2409 3189 2474 κενώσεως
3228 2411 3483 2481 μέτροις.
3539 2412 3724 2464 ’ἰστέον

2143 2504 2223 2570 δὲ,
2255 2505 2338 2559 ὅτι
2364 2505 2460 2559 καὶ
2497 2504 2594 2575 τῆς
2625 2503 2783 2577 δόξης
2812 2503 2930 2561 ἐστὶ
2958 2502 3160 2576 Κύριος
3187 2501 3263 2567 ὡς
3288 2502 3447 2569 Θεὸς,
3483 2504 3580 2557 καὶ
3608 2504 3737 2557 σύν..

2146 2597 2334 2668 θρονος
2359 2596 2438 2667 τῷ
2468 2595 2644 2667 Πατρὶ
2669 2595 2763 2648 καὶ
2788 2596 2910 2650 κατ’
2931 2595 3123 2651 οὐδένα
3144 2594 3347 2666 τρόπον
3378 2595 3724 2665 μειονεκτοὼ

2148 2705 2312 2760 μενος
2336 2688 2436 2757 τῆς
2455 2685 2550 2740 τοῦ
2574 2687 2824 2749 τεκόντος
2854 2686 3014 2740 αὑτὸν
3035 2685 3312 2757 ὑπεροχῆς
3341 2703 3404 2737 τε
3435 2686 3536 2739 καὶ
3554 2685 3722 2756 66513;,

2141 2783 2201 2834 τό
2246 2797 2309 2850 γε
2347 2775 2482 2855 ἧκον
2526 2780 2607 2843 εἰς
2642 2782 2742 2855 τὴν
2775 2779 2875 2853 τῆς
2914 2777 3167 2850 θεότητος
3213 2778 3410 2847 φύσιν.
3461 2777 3731 2848 Ἑσόμεθα,

2144 2869 2254 2939 γὰρ
2285 2868 2460 2933 οὕτως
2494 2868 2761 2936 εὐσεϐεῖς,
2805 2869 3235 2940 περιτρέποντες
3290 2870 3404 2922 πᾶν
3437 2870 3616 2941 νόημα
3650 2869 3722 2930 εἰς

2140 2960 2239 3031 τὴν
2273 2960 2522 3031 ὑπακοὴν
2566 2960 2754 3024 αὑτοῦ,
2802 2960 2897 3013 καὶ
2952 2960 3252 3030 λογισμοὺς
3303 2958 3716 3030 καθαιροῦντες,

463 3052 658 3107 riorem
693 3067 834 3110 esse.
888 3054 970 3109 Ad
1004 3054 1147 3110 hunc
1216 3052 1399 3126 itaque
1446 3058 1677 3125 modum|
1701 3056 2035 3126 comparati,

2146 3069 2166 3102 ι
2200 3051 2294 3103 καὶ
2321 3050 2428 3103 πᾶν
2476 3048 2676 3121 ὕψωμα
2715 3049 3076 3120 ἐπαιρόμενον
3128 3049 3275 3104 κατὰ
3326 3049 3436 3120 τῆς
3463 3047 3712 3118 γνώσεως

460 3152 515 3196 ιιι
563 3143 633 3212 pii
662 3144 909 3210 erimus,
959 3155 1015 3200 et
1046 3160 1259 3202 omnem
1313 3146 1645 3203 intellectum
1709 3149 1766 3201 in
1832 3146 2036 3219 Christi

2141 3140 2328 3198 αὐτοῦ.
2361 3161 2381 3193 ι

459 3230 776 3299 obsequium
825 3242 1200 3289 convertentes
1227 3273 1244 3299 ,
1291 3245 1348 3289 et
1387 3248 1580 3291 omnes
1630 3235 2031 3305 cogitationes,
2080 3252 2099 3287 ι
2135 3246 2459 3302 omnemque
2497 3230 2835 3287 altitudinem
2882 3240 3070 3289 contra
3138 3231 3237 3290 Dei
3287 3235 3581 3290 srtentiam
3608 3249 3729 3290 sese

458 3321 804 3376 extollentem
850 3332 1155 3378 evertentes
1174 3325 1263 3389 ν’.
1290 3341 1310 3376 ι

528 3413 642 3473 ι..
678 3415 909 3471 Dextera
958 3415 1122 3485 igitur
1179 3415 1273 3472 Dei
1329 3416 1627 3485 exaltatus,
1688 3427 1744 3476 et
1796 3424 2032 3493 promis—

458 3505 668 3563 sionem
721 3505 956 3576 Spiritus
1002 3508 1179 3563 sancti
1216 3508 1489 3580 accipiens
1526 3524 1555 3565 a
1602 3510 1793 3577 Patre,
1844 3513 2034 3572 effudit

460 3596 564 3652 hoc
591 3635 610 3663 ,
645 3601 791 3667 quod
833 3613 930 3654 vos
960 3598 1156 3654 videtis
1186 3610 1243 3656 et
1286 3601 1506 3657 auditis.
1554 3602 1673 3660 Non
1721 3605 1866 3661 enim
1917 3606 2027 3660 Da-

462 3689 551 3745 vid
586 3690 831 3746 ascendit
871 3690 925 3747 in
974 3691 1215 3760 ctelutn;
1275 3693 1409 3751 dicit
1443 3703 1621 3750 autem
1671 3695 1834 3765 ipse:
1885 3697 2031 3771 Dixit

456 3778 714 3837 Dominus
747 3782 975 3837 Domino
1024 3798 1144 3838 meo
1182 3783 1368 3840 :Sede
1403 3800 1433 3839 a
1489 3787 1693 3842 dextris
1729 3788 1902 3853 meis,
1932 3789 2029 3844 do-

456 3887 558 3927 nec
614 3888 813 3943 ponam
868 3873 1119 3931 inimicos
1165 3886 1284 3931 tuos
1333 3877 1625 3933 scabellum
1675 3880 1869 3948 pedum
1913 3890 2032 3937 tuo-

456 3962 700 4019 ταωνι.»
762 3963 1086 4021 Universum
1146 3967 1412 4023 incantati
1460 3967 1622 4027 Verbi
1710 3975 2031 4042 mysterium

453 4071 521 4116 ex
577 4054 664 4111 his
726 4057 1035 4125 perspicere
1090 4058 1238 4113 licet.
1276 4058 1492 4115 Etenim
1542 4062 1886 4133 omnipotens
1939 4066 2031 4121 illa

451 4148 695 4214 dextera,
725 4148 1077 4219 omniumque
1132 4151 1313 4220 opifex
1344 4166 1560 4221 manus,
1621 4153 1769 4211 Deus‘
1793 4155 2029 4213 Verbum

2209 3420 2294 3476 N'.
2329 3438 2349 3473 ι
2390 3419 2469 3491 Τῇ
2500 3415 2649 3488 δεξιᾷ
2668 3410 2765 3471 οὖν
2788 3414 2882 3469 τοῦ
2913 3414 3049 3470 Θεοῦ
3072 3415 3332 3487 ὑψωθεὶς,
3355 3419 3455 3488 τήν
3471 3434 3537 3472 τε
3554 3419 3724 3488 ἐπαγ.

2137 3510 2324 3578 γελίαν
2340 3510 2434 3565 τοῦ
2470 3509 2628 3577 ἁγίου
2653 3507 2793 3561 [Isz
2802 3524 2972 3578 ματος
2983 3506 3164 3567 λαϐὼν
3191 3509 3344 3579 παρὰ
3367 3508 3463 3563 τοῦ
3488 3510 3715 3582 Πατρὸς,

2136 3600 2322 3672 ἐξέχεε
2359 3600 2542 3666 τοῦτο,
2572 3600 2600 3653 ὃ
2632 3600 2788 3670 ὑμεῖς
2819 3599 3049 3667 βλέπετε
3080 3599 3177 3654 καὶ
3206 3600 3461 3654 ἀκούετε.
3505 3601 3586 3658 Οὐ
3612 3603 3714 3673 γὰρ

2133 3693 2298 3746 Δαυτδ
2327 3692 2494 3763 ἀνέϐη
2533 3694 2614 3756 είς
2638 3693 2730 3745 τὸν
2759 3691 2987 3762 οὐρανόν
3008 3709 3022 3723 ⁸
3065 3691 3213 3761 λέγει
3240 3693 3300 3747 δὲ
3319 3694 3491 3759 αὑτός
3509 3714 3524 3726 ·
3556 3694 3717 3751 Εἶπεν

2132 3782 2163 3835 ό
2192 3782 2397 3855 Κύριος
2424 3782 2501 3854 τῷ
2532 3783 2719 3855 Κυρίῳ
2755 3799 2887 3854 μου·
2917 3782 3101 3837 Κάθου
3127 3784 3192 3836 ἐκ
3220 3783 3419 3848 δεξιῶν
3460 3804 3595 3857 μου,
3622 3789 3716 3852 ἕως

2133 3872 2201 3929 ἂν
2236 3870 2314 3928 θῶ
2332 3875 2460 3941 τοὺς
2489 3873 2719 3944 ἐχθρούς
2745 3890 2838 3927 σου
2875 3874 3165 3929 ὑποπόδιον
3184 3875 3299 3928 τῶν
3333 3877 3523 3930 ποδῶν
3551 3896 3665 3932 σου.
3694 3899 3712 3932 ι

2137 3967 2299 4021 ⁸ολον
2326 3968 2384 4019 ἐν
2420 3966 2633 4030 τούτοις
2660 3965 3111 4038 καταθρήσαιμεν
3135 3965 3201 4020 ἂν
3224 3966 3329 4038 τῆς
3363 3969 3719 4042 ένανθρωπήα

2136 4074 2273 4122 σεως
2300 4057 2395 4113 τοῦ
2427 4058 2767 4127 Μονογενοῦς
2790 4059 2853 4113 τὸ
2898 4061 3221 4131 μυστήριον.
3272 4059 3363 4113 Ἐν
3394 4066 3588 4134 μορφῇ
3618 4063 3722 4133 γὰρ

2132 4149 2394 4221 ὑπάρχων
2440 4150 2536 4205 καὶ
2585 4152 2791 4223 ἰσότητι
2840 4149 2934 4204 τοῦ
2968 4150 3182 4220 Πατρός
3208 4152 3237 4204 ό
3284 4151 3344 4218 ἐξ
3379 4153 3553 4207 αὐτοῦ
3592 4154 3721 4218 Θεὸς

452 4239 506 4293 in
547 4238 725 4295 Patris
754 4238 926 4296 forma
960 4252 1018 4298 et
1056 4242 1363 4312 aequalitate
1404 4259 1524 4299 cum
1566 4255 1758 4311 esset,
1810 4258 2028 4318 propter

2145 4240 2327 4310 λόγος,
2360 4243 2394 4314 ἠ
2422 4241 2727 4314 πανσθενὴς
2747 4241 2917 4309 δεξιὰ,
2935 4242 3027 4296 καὶ
3054 4242 3178 4313 χεὶρ
3201 4244 3233 4313 ή
3256 4245 3653 4317 παντουργικὴ
3670 4247 3720 4309 δ,

452 4329 742 4384 humanam
799 4340 1048 4387 naturam
1104 4334 1436 4402 exinanitus,
1482 4346 1537 4391 et
1577 4336 1843 4394 exaltatus
1888 4354 2024 4408 prte-

448 4420 765 4475 dicatur":
818 4437 923 4477 non
967 4423 1109 4490 quod
1150 4423 1202 4477 in
1241 4424 1463 4493 gloriam
1511 4436 1825 4483 extraneum
1854 4467 1870 4495 ,
1920 4430 2023 4485 hoe

447 4519 570 4575 est,
605 4510 660 4564 in
720 4525 841 4566 eam
919 4525 1080 4580 quam
1137 4511 1263 4568 olim
1321 4516 1639 4572 naturaliter
1681 4532 1786 4572 non
1845 4519 2021 4588 possi-

448 4601 621 4665 deret,
650 4612 871 4658 evectus
922 4602 1027 4669 sit,
1061 4602 1154 4657 sed
1183 4605 1324 4673 quod
1367 4606 1435 4659 ad
1491 4608 1763 4676 propriam
1801 4618 2023 4665 natura-

449 4694 681 4763 literque
727 4694 834 4750 sibi
870 4695 1088 4751 insitam
1133 4709 1190 4753 et
1221 4698 1587 4769 ingeneratam
1623 4701 1863 4757 redierit.
1905 4703 2019 4758 llo-

450 4800 539 4840 mo
567 4787 751 4856 itaque
778 4788 972 4855 factus,
994 4788 1263 4844 exaltatus
1290 4801 1375 4847 est
1399 4791 1694 4847 secundum
1726 4790 2019 4849 humanam

448 4884 694 4932 naturam
725 4915 741 4942 ,
782 4879 990 4933 tametsi
1059 4880 1352 4935 secundum
1391 4890 1635 4936 naturam
1685 4895 1900 4952 semper
1937 4891 2020 4939 est

449 4966 765 5023 altissimus.
816 4967 883 5022 Et
911 4967 1055 5028 hunc
1101 4985 1222 5025 esse
1265 4971 1503 5026 arbitror
1544 4974 1758 5026 modum
1791 4983 2018 5042 naturae,

447 5065 503 5112 et
544 5073 708 5129 quam
752 5073 1011 5114 vocamus
1047 5060 1488 5116 exinanitionem.
1529 5060 1668 5117 Deus
1697 5062 1880 5132 itaque
1922 5064 2020 5120 ho-

449 5162 537 5206 tuo
558 5150 759 5218 factus,
791 5149 918 5208 licet
955 5151 1058 5209 hoc
1102 5151 1272 5221 ipsum
1297 5150 1470 5207 solum
1498 5153 1641 5222 quod
1670 5156 2019 5221 cernebatur,

2129 4332 2464 4388 κεκενῶσθαι
2498 4333 2599 4404 μὲν
2628 4332 2846 4405 λέγεται
2873 4333 2961 4388 διὰ
2988 4333 3048 4386 τὸ
3077 4330 3425 4403 ἀνθρώπινον
3442 4351 3457 4364 ·
3483 4334 3721 4403 ὑψοῦται

2126 4425 2182 4479 δὲ
2210 4424 2396 4490 πάλιν,
2433 4426 2534 4479 οὐκ
2566 4426 2647 4487 είς
2671 4424 2875 4479 ὀθνεῖον
2908 4424 3125 4495 ἀξίωμα
3156 4425 3253 4478 καὶ
3281 4425 3342 4478 οὐ
3381 4425 3564 4480 πάλαι
3589 4444 3723 4498 προ-

2128 4516 2371 4586 πεφυκὺς
2401 4514 2547 4586 αὐτῷ
2580 4514 2889 4581 διαϐαίνων,
2929 4515 3046 4570 ἀλλ’
3096 4518 3176 4579 είς
3222 4516 3472 4587 ἔμφυτόν
3518 4536 3587 4571 τε
3632 4519 3724 4572 καὶ

2125 4609 2225 4679 τὴν
2259 4608 2485 4661 ἐνοῦσαν
2517 4608 2606 4662 ἀεὶ
2638 4607 2796 4673 δόξαν
2820 4625 2880 4661 τε
2910 4606 3048 4678 ὁμοῦ
3078 4608 3173 4661 καὶ
3199 4608 3484 4679 ὑπεροχὴν
3522 4611 3727 4663 ὑπονο-

2128 4699 2290 4754 στῶν.
2327 4697 2594 4769 ’Υψοῦται
2616 4700 2726 4773 γὰρ
2758 4697 3138 4771 ἀνθρωπίνως,
3162 4698 3342 4753 καίτοι
3375 4702 3528 4754 κατὰ
3559 4701 3727 4768 φύσιν

2125 4790 2348 4861 ὕψιστος
2379 4790 2454 4844 ὢν
2484 4790 2591 4845 ἀεί.
2635 4790 2831 4860 Γέγονε
2883 4791 2992 4862 γὰρ
3032 4789 3341 4862 ἄνθρωπος,
3387 4791 3483 4843 καὶ
3535 4790 3725 4855 τοῦτο,

2124 4877 2297 4953 οἶμαι,
2345 4882 2462 4935 ἐστὶ
2496 4881 2558 4935 τὸ
2585 4880 2684 4952 τῆς
2726 4879 2941 4951 φύσεως
2974 4881 3195 4951 μέτρον,
3223 4881 3316 4933 καὶ
3355 4881 3391 4950 ἠ
3439 4880 3724 4949 λεγομένη

2126 4974 2376 5036 κένωσις.
2434 4973 2503 5026 '0
2540 4988 2605 5040 γε
2666 4972 2774 5043 μὴν
2814 4970 3248 5042 ἐνανθρωπήσας
3296 4970 3469 5034 Θεὸς,
3532 4971 3722 5024 amittit

2125 5064 2402 5136 νομισθεὶς
2436 5064 2594 5118 οὐδὲν
2614 5064 2802 5135 ἕτερον
2833 5060 2996 5129 εἶναι,
3032 5063 3174 5133 πλὴν
3194 5064 3277 5116 ὅτι
3307 5062 3473 5133 μόνον
3494 5063 3724 5133 ἄνθρω-

2127 5174 2246 5222 πος,
2278 5155 2410 5211 αὐτὸ
2428 5152 2492 5224 δὴ
2518 5159 2670 5211 τουτὶ
2694 5157 2756 5210 τὸ
2779 5155 3110 5228 ὁρώμενον,‹
3139 5154 3422 5228 ἐκηρύχθη
3450 5157 3517 5209 ὲν
3545 5155 3713 5208 ἔθνε-

519 5307 563 5337 ²¹
598 5305 616 5361 l
644 5303 801 5363 Joan.
831 5321 892 5372 tt,
922 5307 974 5374 l,
1006 5308 1062 5363 2.
1138 5307 1183 5339 “
1207 5306 1361 5362 Joau.
1387 5322 1449 5374 tt,
1470 5306 1561 5365 25.
1637 5307 1704 5339 ’³⁵
1733 5306 1775 5361 ll
1802 5307 1926 5363 Cor.
1957 5324 2011 5377 χ,
2038 5322 2039 5329 ‘

2171 5309 2215 5342 ιι
2246 5311 2366 5367 Act.
2396 5326 2463 5379 ιι,
2491 5310 2693 5379 33-55;
2725 5309 2871 5369 Psal.
2894 5324 3008 5379 clx,
3042 5309 3095 5366 t.
3172 5310 3217 5343 ιι
3242 5308 3475 5381 Philipp.
3510 5324 3583 5366 ιι.
3604 5308 3669 5366 7.
3702 5283 3729 5292 ”

1536 5462 1710 5517 Variae
1744 5461 2004 5521 lectiones
2037 5463 2242 5522 codicis
2272 5463 2629 5536 Seguieritmi.

523 5602 549 5645 ι
580 5592 822 5665 ἀληθινή.
