3942 6128
311 219 453 274 1405

1126 219 1217 274 AD
1260 219 1564 278 REGINAS
1601 221 1686 278 DE
1729 221 1962 279 RECTA
2001 219 2159 278 FIDE
2197 218 2462 277 ORATIO
2497 217 2806 276 ALTERA.

3437 221 3466 309 ’1
3477 221 3582 278 ιοδ

311 365 417 411 σιν,
445 346 739 420 ἐπιστεύθη
768 349 826 402 ἐν
856 347 1067 416 κόσμῳ,
1093 363 1110 396 ι
1138 345 1624 417 τετίμηταιδέκαί
1650 346 1726 410 ὼς
1755 345 1883 410 Υἱὸς

1993 346 2096 401 hoc
2141 352 2266 411 est,
2324 357 2496 412 purus
2549 341 2716 396 homo
2786 355 2909 396 esse
2983 348 3301 409 putaretur,
3343 343 3584 411 «pracdi-

307 438 527 508 άληθῶς
548 439 644 492 τοῦ
671 439 806 494 Θεοῦ
831 439 924 492 καὶ
957 436 1192 507 Πατρὸς,
1235 437 1330 492 καὶ
1358 438 1456 508 τῆς
1491 439 1756 493 ἀνωτάτω
1789 456 1888 491 παρ

307 530 417 585 σῶν
465 529 716 594 εὐκλείας
762 530 1060 600 ἀνεδήσατο
1089 529 1158 582 τὰ
1206 530 1525 600 αὐχήματα,
1562 530 1695 594 Θεὸς
1745 526 1886 583 εἶναι

303 619 756 690 πεπιστευμένος.
811 618 920 672 Καὶ
953 619 1054 672 οὐκ
1080 618 1352 690 ἀσύνηθες
1393 620 1540 691 αύτῷ
1593 622 1653 673 τὸ
1701 621 1889 692 χρῆμά

305 715 454 767 ἐστιν
476 728 490 742 ·
523 712 722 781 ἀληθὲς
750 711 806 764 δὲ
846 711 1048 781 μᾶλλον
1089 707 1230 765 εἷναί
1259 729 1440 784 φαμεν
1489 713 1552 767 τὸ
1597 713 1887 783 ὑφειμένον

305 805 363 856 ἐν
395 801 800 873 ἁνθρωπότητι,
841 805 933 856 καί¹
960 805 1020 857 τὸ
1042 804 1308 874 ὐῲοῦσθαι
1327 805 1526 873 δοκεῖν,
1557 807 1742 860 καίτοι
1766 809 1889 869 ταῖς

303 896 382 957 εἰς
419 893 572 962 λῆξιν
614 894 988 965 διαπρέποντα
1011 896 1214 960 δόξαις.
1261 896 1480 968 Ἐπειδὴ
1504 897 1558 949 δὲ
1584 899 1648 968 τῇ
1673 895 1887 966 ἀνθρώ-

303 1002 406 1037 που
445 984 626 1054 φύσει,
649 987 745 1041 καὶ
777 989 997 1059 μέτροις
1023 991 1137 1052 τοῖς
1161 988 1284 1042 καθ’
1321 989 1496 1058 ἡμᾶς,
1526 987 1709 1042 πάντα
1738 987 1890 1040 ἐστὶν

302 1076 507 1130 ἄνωθεν
527 1075 625 1129 καὶ
661 1078 812 1148 παρὰ
841 1077 1002 1143 Θεοῦ,
1039 1077 1214 1151 ταύτῃ
1236 1095 1320 1131 τοι
1358 1078 1454 1131 καὶ
1486 1077 1631 1148 μάλα
1660 1077 1889 1140 εἰκότως

302 1167 367 1236 τῇ
400 1165 550 1238 δεξιᾷ
580 1166 674 1221 τοῦ
715 1169 930 1240 Πατρὸς
962 1169 1230 1239 ὑψοῦσθαι
1267 1164 1506 1238 λέγεται,
1546 1169 1725 1222 καίτοι
1767 1169 1888 1238 χεὶρ

303 1254 565 1325 ὑπάρχων
598 1256 784 1322 αὐτὸς,
831 1257 928 1310 καὶ
954 1259 988 1328 ἡ
1021 1258 1132 1312 τῶν
1159 1258 1297 1312 ὅλων
1341 1257 1674 1330 δημιουργὸς
1712 1257 1886 1322 δεξιά.

309 1344 499 1416 Ἀθρει
535 1345 592 1400 δέ
639 1364 729 1415 μοι
765 1347 928 1401 πάλιν
957 1349 1049 1402 τὸν
1078 1350 1284 1423 Κύριον
1323 1349 1480 1421 ὴμῶν
1531 1346 1742 1419 Ἰησοῦν
1795 1347 1886 1401 τὸν

301 1437 538 1506 Χριστὸν
566 1438 923 1510 ἀνθρωπίνως
950 1442 1048 1512 μέν
1074 1441 1136 1495 τὸ
1165 1440 1392 1512 Πνεῦμα
1417 1440 1726 1511 δεχόμενον,
1750 1438 1888 1509 πλη-

305 1528 500 1598 ροῦντα
532 1529 590 1583 δὲ
634 1530 836 1595 θεῖκῶς
873 1534 975 1602 τὴν
1008 1533 1341 1602 ἐπαγγελίαν
1384 1533 1478 1585 τοῦ
1512 1533 1750 1605 Πατρὸς,
1797 1531 1890 1586 διά

301 1619 399 1674 τοῦ
445 1622 558 1684 τοῖς
592 1622 942 1676 πιστεύουσιν
975 1624 1178 1677 ἐνιέναι
1205 1626 1266 1678 τὸ
1296 1623 1534 1695 πνεῦμα,
1564 1623 1659 1678 καὶ
1686 1624 1783 1694 οὐχ
1810 1623 1885 1687 ὼς

1989 446 2146 493 catus
2168 443 2255 490 est
2278 443 2455 489 tamen
2490 434 2544 487 in
2571 434 2857 504 gentibus:
2881 432 3123 488 creditus
3152 440 3234 487 est
3265 433 3315 486 in
3349 436 3572 502 mundo,

1992 529 2293 583 honoratus
2330 537 2413 582 est
2435 526 2502 593 “,
2525 544 2544 578 ι
2599 535 2658 580 ιιι
2697 540 2858 582 verus
2895 526 2989 580 Det
3029 524 3210 579 Patris
3246 523 3414 579 Filius
3438 569 3452 590 ,
3487 528 3580 582 de-

1989 620 2153 689 uique
2190 633 2399 673 summa
2442 617 2613 688 gloria
2652 631 2974 686 summaque
3000 617 3264 685 dignitate
3310 618 3579 672 condeco-

1989 721 2142 765 ratus
2180 719 2286 775 est,
2318 719 2502 779 utpote
2551 709 2692 764 Deus
2726 718 2875 764 esset
2944 709 3203 764 creditus.
3273 708 3459 778 Neque
3515 723 3578 763 ea

1990 816 2080 856 res
2120 801 2382 855 inusitata
2433 800 2483 856 ei
2543 809 2650 856 est.
2700 799 2896 855 Veram
2953 815 3189 870 namque
3231 800 3283 854 in
3343 801 3578 854 humana

1992 902 2182 947 natura
2215 893 2612 957 humilitatem,
2657 907 2840 948 veram
2876 908 3094 948 rursum
3149 893 3204 947 in
3249 891 3579 948 exaltatione

1990 984 2378 1040 sublimitatem
2409 984 2753 1054 agnoscimus
2774 1023 2792 1050 ,
2833 983 2960 1039 licet
2990 998 3086 1038 sua
3130 984 3246 1053 ipse
3280 983 3456 1054 gloria
3482 998 3578 1038 co-

1991 1083 2258 1129 ruscaret.
2305 1075 2570 1141 Quoniam
2608 1089 2739 1128 vero
2811 1073 3063 1129 humana:
3103 1086 3342 1139 naturae,
3395 1076 3578 1129 Imma-

1989 1177 2180 1233 nceque
2211 1162 2540 1218 conditionis
2581 1169 2637 1216 et
2671 1161 2889 1216 modulo
2948 1162 3130 1216 omnia
3185 1163 3398 1215 caelitus
3448 1168 3502 1214 et
3547 1173 3578 1213 a

1989 1255 2098 1310 Deo
2129 1256 2462 1322 obveniunt;
2506 1254 2628 1309 ideo
2677 1253 2894 1317 Filius,
2942 1268 3249 1322 quanquam
3297 1253 3343 1307 is
3390 1265 3579 1308 secun-

1988 1348 2114 1401 dum
2144 1363 2202 1403 se
2230 1364 2422 1403 manus
2456 1348 2676 1402 dextera
2705 1357 2762 1402 et
2797 1347 3039 1401 omnium
3072 1344 3254 1415 opifex
3286 1346 3386 1408 sit,
3416 1344 3571 1420 171

1986 1447 2086 1502 per
2112 1432 2290 1489 Patris
2321 1433 2598 1488 dexteram
2636 1434 2758 1504 jure
2797 1433 2989 1488 merito
3035 1434 3305 1488 exaltatus
3343 1432 3577 1487 dicitur.

1989 1524 2227 1582 Observa
2301 1526 2388 1581 hic
2447 1541 2660 1581 rursum
2742 1524 3034 1579 Dominum
3101 1535 3346 1580 nostrum
3391 1523 3578 1580 Jesum

1992 1617 2274 1674 Christum
2328 1621 2628 1674 secundum
2696 1620 2989 1674 humanam
3039 1619 3257 1687 quidem
3325 1628 3576 1672 naturam

303 1711 608 1782 ἀλλότριον,
653 1713 768 1766 ἀλλ’
803 1715 878 1778 ὡς
912 1714 1043 1768 ῖδιον
1079 1715 1266 1772 αὐτοῦ.
1320 1718 1465 1786 Ἔφη
1511 1717 1610 1787 μὲν
1639 1718 1748 1788 γάρ
1778 1733 1880 1770 που

1993 1708 2250 1779 Spiritum
2313 1711 2596 1778 accipere,
2654 1710 2951 1766 secundum
3005 1707 3252 1765 divinam
3291 1724 3416 1764 vero
3471 1709 3578 1762 hoc

298 1801 432 1866 Θεὸς
449 1801 515 1856 δι’
531 1804 650 1867 ἐνὸς
679 1805 787 1858 τῶν
814 1807 986 1874 ἁγίων
1008 1809 1324 1880 προφητῶν,
1350 1810 1430 1863 ὅτι
1465 1827 1485 1861 ι
1532 1808 1740 1879 Ἐκχεῶ
1771 1808 1880 1862 ἀπὸ

300 1892 396 1946 τοῦ
420 1894 741 1966 Πνεύματός
774 1915 875 1966 μου
911 1899 1004 1952 ἐπὶ
1047 1901 1227 1954 πᾶσαν
1271 1901 1468 1972 σάρκα.
1509 1920 1528 1954 ι
1574 1900 1780 1971 Πληροί
1822 1900 1880 1954 δὲ

301 1986 462 2040 τοῦτο
487 1988 742 2060 Χριστὸς,
787 1990 862 2054 ὡς
894 1991 1020 2045 ῖδιον
1048 1993 1210 2056 ἐνιεὶς
1251 1995 1365 2057 τοῖς
1411 1993 1772 2063 κεκλημένοις
1817 1992 1880 2045 τὸ

301 2077 550 2148 Πνεῦμα.
573 2080 768 2133 Καίτοι
787 2081 846 2133 τὸ
868 2081 1131 2152 μετόχους
1157 2083 1440 2136 ἀποτελεῖν
1459 2083 1720 2137 δύνασθαί
1737 2099 1888 2146 τινας

302 2169 398 2221 τοῦ
426 2169 586 2238 ἁγίου
625 2171 968 2240 Πνεύματος,
997 2174 1198 2242 πρέποι
1225 2173 1290 2226 ἂν
1334 2176 1434 2228 οὐκ
1461 2173 1734 2245 ἀνθρώπῳ
1787 2192 1887 2228 πο-

307 2261 428 2327 θὲν,
461 2262 579 2334 Θεῷ
605 2263 661 2317 δὲ
697 2264 900 2334 μᾶλλον
928 2265 1006 2334 τῷ
1036 2266 1178 2318 κατὰ
1208 2266 1392 2335 φύσιν.
1435 2268 1772 2338 Ἐνήργηκεν
1793 2263 1887 2319 οῦν

303 2352 372 2411 τὰ
397 2352 490 2407 τοῦ
533 2353 668 2405 Θεοῦ
701 2355 796 2408 καὶ
839 2355 1052 2425 Πατρὸς
1095 2355 1122 2406 ό
1171 2356 1319 2422 Υἱὸς,
1355 2358 1416 2410 τὸ
1457 2357 1682 2426 Πνεῦμα
1713 2357 1889 2421 διδοὺς

304 2443 485 2507 αὑτός.
531 2444 870 2514 Ἀνθρωπίνη
925 2447 1106 2500 τοίνυν
1159 2450 1192 2518 ἠ
1243 2447 1426 2519 λῆψις,
1477 2447 1780 2518 θεοπρεπὲς
1828 2446 1888 2500 δέ

304 2535 398 2588 καὶ
434 2535 575 2605 ὑπὲρ
603 2537 889 2606 ἄνθρωπον
921 2538 982 2591 τὸ
1028 2539 1085 2604 ἐξ
1117 2539 1247 2592 ἰδίου
1283 2539 1653 2610 πληρώματος
1686 2541 1778 2592 καὶ
1808 2540 1889 2602 εἰς

304 2627 524 2698 ἐτέρους
554 2631 736 2698 ἐκχεῖν
780 2629 879 2700 τὴν
920 2631 1013 2683 τοῦ
1061 2631 1382 2700 Πνεύματος
1419 2631 1584 2689 δόσιν,
1631 2630 1762 2692 Θεὸς
1795 2623 1888 2682 οῦν

304 2715 413 2785 ἄρα
444 2717 594 2770 ἐστὶν
637 2719 693 2769 ἐν
738 2717 1056 2790 ἀνθρωπεία
1100 2722 1281 2790 μορφῇ
1314 2719 1574 2790 πεφηνὼς
1624 2721 1652 2773 ὁ
1693 2717 1888 2786 Λόγος,

305 2807 558 2878 σύνεδρός
584 2825 641 2860 τε
671 2809 760 2862 διὰ
786 2809 944 2864 τοῦτο
977 2810 1053 2881 τῷ
1080 2809 1198 2882 Θεῷ
1220 2812 1313 2865 καὶ
1344 2811 1538 2882 Πατρί.

302 2909 426 2965 est,
458 2898 641 2956 ellicit.
689 2901 996 2956 Humanum
1045 2905 1269 2973 proinde
1309 2905 1566 2974 quiddam
1606 2913 1731 2969 est,

1988 1801 2107 1871 ipso
2158 1800 2338 1856 Patris
2391 1803 2662 1872 promissa
2712 1803 2994 1857 exsolvere
3027 1840 3043 1866 ,
3104 1804 3246 1871 quod
3314 1801 3576 1871 Spiritum

1987 1902 2234 1948 sanctum
2275 1907 2382 1947 non
2441 1902 2696 1963 tanquam
2757 1892 2826 1946 ab
2865 1908 2925 1948 se
2965 1893 3205 1948 alienum
3238 1933 3254 1957 ,
3304 1894 3402 1948 sed
3456 1900 3579 1946 tan-

1988 1998 2150 2053 quam
2198 1984 2300 2039 sibi
2333 1987 2612 2054 proprium
2684 1985 2938 2041 ﬁdelibus
3003 1987 3190 2041 mittit.
3251 1987 3390 2040 Deus
3431 1985 3580 2040 enim

1991 2092 2085 2145 per
2117 2078 2409 2145 quemdam
2443 2093 2509 2132 ex
2567 2078 2770 2133 sanctis
2801 2078 3083 2148 prophetis
3126 2079 3322 2134 alicubi
3353 2079 3426 2133 ita
3474 2078 3574 2134 ait:

1999 2185 2018 2219 ι
2063 2167 2348 2221 Επυιιόιιιιι
2397 2169 2462 2222 de
2513 2169 2721 2238 Spiritu
2788 2183 2910 2224 meo
2975 2185 3140 2238 super
3189 2185 3407 2224 omnem
3447 2185 3576 2224 car-

1993 2275 2114 2314 nem
2139 2261 2205 2315 ¹⁷.
2238 2277 2256 2310 ι
2307 2257 2458 2315 llanc
2497 2269 2676 2314 autem
2727 2261 3144 2330 promissionem
3173 2260 3427 2316 Christus
3471 2262 3578 2316 Do-

1992 2353 2171 2408 minus
2216 2359 2437 2421 pra'stat
2463 2393 2479 2418 ,
2525 2367 2646 2406 cum
2682 2350 2943 2420 Spiritum
2977 2361 3036 2406 ut
3063 2353 3360 2424 'propriutn
3397 2353 3462 2406 ad
3509 2353 3575 2404 li-

1999 2445 2120 2500 dem
2199 2445 2404 2499 vocatis
2457 2444 2719 2499 immittit.
2767 2445 2947 2514 Atque
2999 2445 3268 2514 Spiritum
3324 2449 3576 2500 sanc‘tum

1990 2537 2401 2606 quibuscunque
2466 2536 2675 2590 libitum
2704 2535 2869 2590 fuerit
2903 2551 3064 2606 posse
3097 2536 3360 2606 impertiri
3414 2537 3464 2590 id
3521 2536 3577 2590 in

1993 2629 2267 2683 hominem
2300 2642 2640 2698 nequaquam
2675 2629 2971 2692 convenit,
3010 2630 3106 2684 sed
3164 2638 3370 2682 tantum
3403 2628 3454 2681 itt
3486 2641 3580 2682 ve-

1995 2734 2115 2774 rum
2173 2717 2584 2787 naturalemque
2645 2718 2836 2773 Deum.
2901 2719 3128 2785 Quando
3170 2719 3336 2788 igitur
3407 2716 3580 2771 Filius

1995 2809 2260 2878 Spiritum
2313 2819 2561 2864 sanctum
2594 2809 2925 2875 impertivit,
2980 2807 3124 2878 quod
3180 2809 3270 2862 Dei
3304 2817 3359 2863 et
3401 2806 3580 2862 Patris

1809 2902 2074 2972 Spiritum
2131 2901 2442 2972 suscipere;
2475 2901 2716 2956 divinum
2763 2916 2894 2956 vero
2958 2912 3014 2956 et
3070 2916 3233 2969 supra
3276 2899 3576 2961 hominem,

303 3008 368 3046 ex
405 2993 624 3064 pr0pria
677 2994 1014 3063 plenitudine
1057 2996 1320 3068 Spiritum
1367 3007 1616 3054 sanctum
1659 3000 1714 3054 in
1760 3000 1894 3054 alios
1933 2996 2231 3053 ellundere.
2281 2997 2519 3052 Verbum
2584 2997 2794 3066 itaque,
2832 2997 2973 3066 quod
3017 2996 3070 3050 in
3127 2995 3365 3051 humana
3403 2993 3578 3048 forma

303 3089 583 3162 apparuit_’,
642 3088 784 3147 Deus
817 3101 944 3149 est;
990 3095 1133 3149 unde
1187 3096 1541 3166 consequitur
1621 3105 1679 3151 ιιι
1721 3095 1964 3164 ejusdem
2002 3109 2220 3164 quoque
2251 3109 2376 3149 cum
2432 3093 2596 3150 Patre
2639 3094 2944 3163 majestatis
2987 3094 3083 3148 sit.

302 3200 441 3268 Περὶ
465 3201 570 3255 τοῦ
595 3202 876 3278 λέγεσθαι
907 3205 1248 3278 ἀμναστῆιςαι
1278 3207 1536 3276 Χριστὸν
1553 3208 1622 3262 ἐκ
1655 3207 1886 3277 νεκρῶν

1993 3205 2071 3262 De
2099 3223 2160 3262 eo
2209 3207 2348 3278 quod
2389 3206 2635 3262 Christus
2672 3223 2764 3274 per
2795 3216 3072 3276 paternam
3107 3213 3352 3260 virtutem
3397 3216 3577 3256 resur-

707 3275 777 3328 ἐν
801 3275 1051 3346 δυνάμει
1083 3277 1189 3331 τοῦ
1218 3275 1468 3347 Πατρός.

377 3385 505 3441 NA'.
561 3387 618 3439 Ὀ
649 3387 937 3450 θεσπέσιος
973 3390 1178 3458 γράφει
1222 3391 1438 3453 Παῦλος
1472 3393 1601 3462 περί
1631 3393 1726 3445 τοῦ
1755 3411 1886 3463 προ-

305 3477 544 3543 πάτορος
588 3475 858 3545 Ἀϐραάμο
891 3496 910 3528 ι
947 3480 1063 3531 Ούκ
1086 3479 1302 3550 ἐγράφη
1331 3481 1388 3532 δέ
1419 3481 1487 3532 δι’
1515 3482 1675 3534 αὑτὸν
1704 3484 1878 3552 μόνον,

306 3566 388 3616 ὅτι
433 3563 687 3632 ἐλογίσθη
727 3565 875 3635 αὐτῷ
919 3567 952 3635 ἡ
999 3567 1181 3630 πίστις
1223 3571 1302 3632 εἰς
1335 3570 1715 3642 δικαιοσύνην·
1751 3573 1888 3626 ἀλλὰ

307 3656 403 3707 καὶ
436 3655 502 3706 δι’
527 3656 674 3724 ἡμᾶς
695 3696 710 3720 ,
741 3649 820 3720 οἷς
853 3658 1036 3727 μέλλει
1063 3659 1372 3727 λογίζεσθαι
1403 3665 1514 3724 τοῖς
1538 3662 1886 3717 πιστεύουσιν

308 3746 401 3798 ἐπὶ
430 3745 520 3798 τὸν
551 3746 842 3816 ἐγείραντα
884 3747 1092 3818 Ἰησοῦν
1130 3749 1224 3802 τὸν
1272 3751 1476 3822 Κύριον
1508 3753 1667 3823 ἡμῶν
1707 3756 1772 3807 ἐκ
1801 3771 1888 3807 νε-

310 3837 485 3906 κρῶν·
519 3837 576 3900 ὃς
609 3839 877 3910 παρεδόθη
903 3840 993 3894 διὰ
1019 3841 1086 3895 τὰ
1136 3842 1557 3914 παραπτώματα
1585 3844 1763 3915 ἡμῶν,
1793 3846 1889 3899 καὶ

304 3928 512 4000 ἠγέρθη
554 3929 642 3983 διὰ
670 3931 767 4000 τὴν
808 3931 1090 3986 δικαίωσιν
1125 3933 1305 4004 ἡμῶν.
1348 3954 1366 3987 ι
1419 3935 1536 3989 Μία
1577 3936 1676 4006 μὲν
1702 3936 1888 4007 θεότη-

305 4037 394 4083 τος
426 4020 608 4089 φύσις,
627 4023 684 4074 ἐν
709 4023 1040 4078 ὑποστάσεσι
1065 4025 1122 4077 δέ
1147 4028 1533 4097 προσκυνεῖται
1558 4029 1706 4098 τρισί
1735 4029 1888 4099 παρά

305 4127 364 4162 τε
399 4110 557 4179 ἡμῶν
592 4111 686 4163 καὶ
724 4112 832 4165 τῶν
885 4112 997 4166 άνω
1032 4115 1378 4184 πνευμάτων.
1422 4117 1569 4178 Μιᾶς
1615 4114 1671 4168 δέ
1719 4113 1887 4185 οῦσης

307 4201 560 4269 θεότητος
603 4204 842 4272 ἀπάσης,
888 4205 1112 4269 εἰκότως
1142 4205 1206 4276 δὴ
1234 4206 1394 4277 ἔργον
1426 4208 1492 4260 ἂν
1534 4207 1746 4276 γένοιτο
1777 4209 1887 4261 πᾶν

305 4290 482 4345 ὁτιοῦν
506 4293 609 4345 τῶν
629 4294 710 4346 ὅτι
739 4295 973 4364 μάλιστα
1002 4297 1321 4366 πρεπόντων
1352 4299 1488 4369 αὐτῇ
1512 4315 1570 4350 τε
1601 4298 1694 4352 καὶ
1724 4297 1881 4370 μόνῃ.

306 4385 610 4453 Πράττεται
643 4386 750 4456 γὰρ
777 4387 956 4440 πάντα
984 4389 1134 4459 παρὰ
1161 4388 1253 4441 τοῦ
1285 4388 1419 4443 Θεοῦ
1453 4391 1547 4442 καὶ
1575 4391 1789 4462 Πατρὸς
1816 4391 1884 4445 δι’

307 4475 436 4527 Υίοῦ
477 4476 532 4527 ἐν
583 4475 861 4546 Πνεύματι
886 4517 899 4530 .
937 4479 1098 4531 Ὥστε
1133 4478 1236 4532 κᾶν
1265 4481 1313 4532 εί
1368 4481 1580 4549 λέγοιτό
1613 4499 1715 4534 που
1747 4480 1884 4545 ζωο-

307 4569 478 4619 ποιεῖν
511 4567 538 4619 ὁ
566 4568 775 4638 Πατὴρ,
807 4571 1092 4641 ἐνεργήσει
1121 4572 1336 4634 πάντως
1364 4572 1495 4625 αὐτὸ
1525 4573 1611 4627 διά
1633 4573 1727 4626 τοῦ
1752 4573 1884 4630 Υἰοῦ

305 4656 361 4708 ἐν
390 4655 530 4725 ἁγίῳ
562 4657 857 4726 Πνεύματι.
908 4659 1028 4711 Κᾶν
1070 4661 1263 4731 ἐνεργῇ
1293 4661 1390 4730 τὴν
1422 4661 1565 4730 ζωὴν
1605 4663 1634 4716 ό
1668 4663 1795 4725 Υἰὸς
1828 4663 1885 4716 ἐν

306 4764 368 4814 γε
417 4750 530 4810 τοῖς
561 4748 903 4818 δεδεημένοις
948 4751 1048 4818 τῆς
1097 4753 1282 4822 ζωῆς,
1333 4753 1448 4806 ἀλλ’
1499 4755 1558 4806 ού
1623 4754 1745 4824 δίχα
1789 4754 1884 4812 τοῦ

305 4839 588 4906 όμοουσίου
636 4842 846 4911 Πατρός
872 4859 884 4871 ·
928 4841 1038 4912 ἔχει
1073 4843 1181 4915 γάρ
1237 4845 1295 4898 ἐν
1346 4845 1522 4915 ἐαυτῷ
1549 4847 1640 4898 τὸν
1685 4847 1882 4916 Γεννή-

307 4947 493 4984 σαντα.
546 4932 654 4984 Καὶ
711 4932 842 5000 γοῦν
889 4933 991 5004 ἔφη
1039 4935 1256 5003 σαφῶς*
1313 4955 1331 4987 ι
1399 4938 1518 4989 Ἀπ’
1552 4938 1789 5006 ἐμαυτοῦ
1823 4938 1884 4990 οῦ

305 5017 481 5071 λαλῶ·
515 5022 543 5073 ὁ
571 5021 626 5074 δὲ
677 5023 864 5095 Πατὴρ
903 5024 931 5074 ὁ
959 5025 1016 5077 ἐν
1059 5027 1182 5094 ὲμοί
1232 5026 1429 5094 μένων,
1472 5030 1615 5080 ποιεῖ
1647 5027 1712 5081 τὰ
1748 5027 1885 5098 ἔργα

305 5111 486 5174 αὐτός.
523 5130 539 5161 ι
576 5113 693 5165 Κᾶν
722 5116 770 5166 εί
797 5115 857 5166 τὸ
884 5114 1110 5186 Πνεῦμα
1136 5116 1345 5185 λέγοιτο
1373 5117 1532 5171 τοῦτο
1557 5118 1710 5189 δρᾷν,
1736 5121 1889 5188 ἐνερ-

305 5201 464 5272 γήσει
505 5202 719 5265 πάντως
743 5204 818 5266 ὡς
842 5206 1062 5275 πνεῦμα
1089 5208 1254 5278 ζωῆςο
1283 5209 1428 5280 ζωὴν
1459 5211 1514 5265 δέ
1542 5206 1680 5266 εἷναί
1708 5231 1889 5283 φαμεν

307 5292 449 5356 κατὰ
479 5293 639 5359 φύσιν
672 5295 760 5346 τὸν
788 5296 918 5348 Θεὸν
949 5298 1040 5350 καὶ
1076 5300 1294 5370 Πατέρα
1317 5340 1330 5362 ,
1375 5302 1468 5355 καὶ
1501 5304 1590 5355 τὸν
1623 5302 1680 5368 ἐξ
1716 5305 1884 5358 αὐτοῦ

305 5383 634 5452 γεννηθέντα
673 5385 820 5438 Υίόν.
859 5386 1067 5440 Οὐκοῦν
1093 5388 1308 5458 λέγεται
1347 5392 1446 5461 μὲν
1475 5394 1501 5444 ό
1537 5393 1721 5464 Πατὴρ
1751 5395 1884 5448 ἀνα-

2561 3280 2756 3332 νεεείεεε
2795 3278 3010 3331 dicitur.

2062 3389 2146 3444 LI.
2184 3389 2407 3444 Divinas
2449 3388 2648 3444 Paulus
2692 3389 2758 3444 de
2801 3389 3110 3459 patriarcha
3170 3387 3448 3443 Abraham
3501 3385 3575 3440 ita

1994 3481 2216 3535 scribit:
2257 3500 2276 3532 ι
2317 3481 2432 3534 Non
2475 3491 2560 3535 est
2591 3492 2770 3535 autem
2817 3482 3080 3550 scriptum
3128 3490 3352 3550 propter
3399 3479 3576 3547 ipsum

1993 3579 2228 3635 tantum,
2258 3570 2383 3637 quia
2413 3579 2720 3637 reputatum
2752 3579 2833 3625 est
2859 3571 2932 3624 illi
2962 3571 3030 3625 ad
3059 3571 3362 3639 justitiam;
3396 3570 3492 3625 sed
3521 3578 3578 3624 et

1995 3669 2218 3729 propter
2244 3675 2363 3724 nos,
2384 3661 2596 3729 quibus
2615 3660 2952 3728 reputabitur
2974 3661 3323 3717 credentibus
3346 3663 3396 3714 in
3426 3676 3576 3727 eum,

1994 3751 2085 3818 qui
2117 3750 2404 3804 suscitavit
2437 3749 2618 3805 Jesum
2655 3750 2941 3805 Dominum
2974 3759 3219 3805 nostrum
3251 3767 3280 3804 a
3314 3752 3574 3806 mortuis:

1993 3843 2084 3911 qni
2109 3842 2338 3896 traditus
2362 3850 2446 3897 est
2480 3849 2699 3912 propter
2721 3841 2915 3896 delicta
2944 3850 3153 3908 nostra,
3187 3851 3242 3897 et
3272 3844 3576 3897 resurrexit

1994 3943 2214 4003 propter
2257 3933 2704 4002 justilicationem
2750 3933 3080 3987 nostram".
3116 3951 3135 3985 ι
3190 3932 3306 3988 Una
3359 3933 3576 4002 quidem

1996 4023 2172 4077 deitas
2203 4025 2258 4077 in
2277 4023 2462 4078 tribus
2487 4024 2738 4092 personis
2761 4023 3022 4078 adoratur
3048 4033 3162 4078 tum
3195 4039 3225 4078 a
3257 4023 3432 4088 nobis,
3461 4033 3574 4077 tum

1993 4115 2158 4168 etiam
2196 4130 2226 4169 a
2269 4115 2523 4186 supernis
2560 4115 2668 4171 illis
2714 4115 3020 4185 spiritibus.
3058 4115 3191 4170 Cum
3238 4124 3419 4169 autem
3468 4128 3576 4168 una

1994 4207 2258 4262 duntaxat
2289 4206 2545 4262 divinitas
2570 4209 2819 4272 exsistat,
2854 4208 3049 4261 merito
3085 4209 3251 4262 totius
3277 4222 3412 4277 opus
3451 4221 3577 4262 cen-

1995 4309 2164 4367 setur,
2209 4300 2468 4369 quidquid
2506 4308 2682 4369 potest
2707 4300 2775 4354 ab
2813 4299 2902 4353 illa
2941 4314 3048 4353 una
3084 4300 3398 4369 procedere.
3432 4297 3575 4352 Deus

1994 4390 2157 4446 Pater
2194 4406 2432 4460 namque
2458 4392 2642 4446 omnia
2669 4407 2764 4460 per
2783 4391 2976 4445 Filium
3007 4401 3260 4461 operatur
3285 4390 3336 4444 in
3369 4390 3573 4459 Spiritu

1995 4491 2203 4536 sancto.
2241 4481 2420 4547 Quare
2458 4481 2504 4536 si
2541 4481 2704 4536 Pater
2751 4482 3028 4536 viviﬁcare
3070 4482 3287 4543 dicitur.
3339 4483 3572 4550 idipsum

1915 4549 1964 4608 D
1993 4575 2216 4628 omnino
2244 4589 2341 4643 per
2369 4574 2566 4628 Filium
2595 4575 2647 4629 in
2685 4575 2890 4644 Spiritu
2924 4584 3112 4630 sancto
3136 4584 3394 4644 praestare
3416 4549 3575 4628 intel-

1993 4667 2260 4737 ligitur".
2292 4667 2526 4721 Rursum
2554 4667 2596 4722 si
2623 4667 2792 4722 Filius
2824 4669 2875 4721 in
2902 4667 2985 4723 his
3017 4667 3106 4737 qui
3139 4668 3244 4721 vita
3273 4668 3576 4722 destituunv

1997 4768 2105 4822 tur,
2145 4758 2312 4812 vitam
2351 4757 2563 4813 edicere
2606 4759 2963 4829 praedicatur;
3001 4761 3103 4813 hoc
3149 4760 3322 4829 ipsum
3369 4760 3576 4827 absque

1994 4851 2374 4907 eoessentialis
2406 4851 2587 4906 Patris
2630 4852 3013 4921 cooperatione
3045 4851 3255 4907 elﬁcere
3283 4868 3389 4907 non
3417 4859 3574 4920 pute-

1996 4951 2102 5008 tur,
2130 4952 2191 4996 ιιι
2221 4942 2314 5010 qui
2342 4942 2492 4995 illum
2527 4942 2616 5010 qui
2644 4957 2768 4998 eum
2807 4945 3013 5013 genuit,
3042 4945 3093 4998 in
3133 4945 3315 5012 seipso
3350 4956 3574 4995 manen-

1997 5044 2104 5088 tem
2139 5048 2354 5101 semper
2393 5035 2586 5088 habeat
2617 5052 2630 5087 :
2668 5036 2831 5106 «Ego,
2864 5037 3040 5107 inquit
3074 5045 3275 5105 aperte,
3311 5049 3339 5085 a
3369 5032 3573 5100 meipso

1992 5140 2098 5178 non
2146 5123 2374 5194 loquor:
2422 5124 2584 5180 Pater
2629 5128 2721 5196 qui
2775 5129 2829 5181 in
2883 5142 2968 5182 me
3021 5137 3222 5191 manet,
3276 5125 3388 5194 ipse
3443 5123 3574 5178 facit

1988 5230 2149 5283 opera
2170 5216 2236 5270 '°.
2268 5235 2286 5266 ι
2325 5216 2481 5286 172
2511 5216 2748 5272 Tandem
2771 5219 2816 5272 si
2857 5219 3081 5286 spiritus
3116 5219 3216 5271 hoc
3249 5217 3418 5285 ipsum
3443 5230 3572 5285 ape-

1989 5317 2177 5374 ratur,
2228 5310 2447 5362 omnino
2489 5318 2545 5362 ut
2605 5310 2729 5363 vita:
2790 5311 3015 5380 spiritus
3087 5317 3360 5378 Operatur.
3407 5306 3568 5376 Atqui

1986 5398 2154 5454 Deum
2198 5398 2437 5465 Patrem,
2480 5409 2535 5455 et
2583 5400 2777 5455 Filium
2811 5402 2899 5470 qui
2953 5417 3017 5456 ex
3067 5401 3156 5455 illo
3207 5401 3420 5471 genitus
3460 5407 3562 5460 cst,

308 5475 503 5542 στῆσαι
537 5476 769 5545 Χριστὸν
801 5478 864 5530 ἐκ
894 5479 1102 5550 νεκρῶν
1129 5500 1143 5514 ο
1183 5482 1280 5552 οὐχ
1328 5484 1637 5555 εὑρήσομεν
1688 5486 1744 5539 δὲ
1791 5487 1884 5539 τὸν

1993 5491 2278 5547 secundum
2333 5504 2582 5548 naturam
2631 5494 2791 5547 vitam
2839 5508 2959 5549 esse
3008 5493 3263 5548 dicimus.
3310 5494 3569 5560 Quamvis

386 5607 460 5662 "'l
501 5608 736 5664 Timoth.
772 5627 852 5680 Ill,
898 5612 974 5667 16.

1081 5617 1121 5644 ²⁷
1161 5614 1267 5671 loel
1300 5631 1361 5685 It,
1398 5618 1486 5675 ‘28.
1567 5620 1608 5649 ³⁸
1646 5619 1800 5675 llum.
1830 5638 1899 5691 tv,
1930 5623 2020 5692 ει,
2057 5626 2142 5680 €23.

2225 5628 2265 5659 ’9
2293 5625 2446 5682 Joan.
2481 5643 2528 5680 ι’.
2561 5627 2648 5680 2|.
2730 5629 2770 5658 ³ο
2797 5626 2951 5682 Joan.
2985 5643 3090 5695 xlv,
3124 5628 3208 5691 ‘lO.
