3942 6128
391 176 533 233 13θῖ

1367 185 1425 242 S.
1467 183 1746 244 CYRILLI
1785 185 2258 252 ALEXANDRINI
2295 193 2617 257 ARCHI'EF.

3518 204 3655 263 “08

389 311 520 367 ergo
544 295 704 353 Pater
748 298 1027 357 Christum
1055 315 1121 359 ex
1152 304 1382 361 mortuis
1412 309 1780 366 exsuscitasse
1828 312 1975 368 dica-

2081 317 2206 373 Υίὺν
2239 319 2506 391 ἀνενεργῆ
2555 319 2684 392 περὶ
2715 321 2816 393 τὴν
2849 320 3150 378 ἀνάστασιν
3179 318 3280 375 τοῦ
3305 319 3440 375 ἰδίου
3475 319 3665 394 σῶμα-

392 397 501 451 tur,
533 389 727 444 Filium
764 400 942 446 tamen
977 395 1122 451 circa
1155 399 1358 468 proprii
1391 401 1638 469 corporis
1664 406 1970 465 exsuscita-

391 480 592 533 tionem
618 495 724 535 non
756 483 992 538 otiosum
1016 486 1298 542 exstitisse
1332 489 1694 557 inveniemus,
1722 509 1844 549 nam
1871 495 1969 551 Ju-
2015 493 2033 502 “

389 571 538 627 datos
563 573 667 628 hoc
687 577 846 629 modo
871 576 1137 631 allocutus
1165 578 1391 648 legitur:
1431 597 1450 631 ι
1472 581 1678 639 Solvite
1713 585 1969 654 templum

393 663 516 725 hoc,
541 673 596 717 et
627 666 678 718 in
722 666 894 722 tribus
923 667 1112 724 diebus
1139 669 1388 725 excitabo
1425 671 1640 729 illud“.
1677 692 1695 726 ι
1733 675 1812 730 lta
1845 692 1968 732 cum

389 753 579 808 beatus
614 754 814 811 Paulus
847 759 1061 824 doceat,
1097 779 1116 812 ι
1148 760 1301 828 Quod
1339 771 1394 817 et
1431 763 1590 821 nobis
1627 782 1846 837 quoque
1885 784 1974 823 re-

389 845 668 913 putabitur
731 849 796 902 ad
854 848 1125 920 justitiam
1176 854 1523 911 credentibus
1566 861 1620 912 in
1678 874 1824 928 eum,
1877 851 1972 931 qui

389 937 673 991 suscitavit
698 938 882 994 .lesum
913 941 1189 998 Christum
1221 960 1286 999 ex
1317 949 1581 1016 mortuis;
1604 968 1622 1001 ι
1658 966 1764 1006 non
1795 951 1970 1008 solum

390 1029 442 1082 in
474 1029 640 1085 Deum
669 1031 884 1088 Patrem
909 1037 1265 1104 credidimus,
1284 1041 1376 1094 sed
1403 1042 1566 1096 etiam
1594 1043 1648 1098 in
1679 1043 1969 1102 Dominum

389 1131 633 1177 nostrum
697 1123 882 1182 Jesum
939 1126 1240 1187 Christum.
1283 1131 1422 1199 Quin
1481 1143 1536 1189 et
1578 1134 1709 1190 illud
1757 1154 1973 1210 quoque

388 1212 811 1282 observandum,
858 1227 916 1272 ut
963 1221 1221 1291 arbitror,
1257 1225 1358 1300 hoc
1403 1225 1522 1282 loco
1568 1228 1731 1293 venit,
1777 1245 1974 1300 nempe

392 1302 763 1386 Unigenitum,
802 1309 1073 1368 hominem
1107 1299 1340 1382 factum,
1373 1327 1603 1375 mortem
1636 1322 1854 1391 quidem
1886 1299 1974 1380 se-

387 1397 621 1450 cundum
681 1413 902 1458 carnem
955 1407 1264 1476 pertulisse,
1298 1410 1349 1465 vi
1385 1420 1564 1468 tamen
1619 1415 1823 1480 carnis,
1870 1419 1974 1474 hoc

387 1494 473 1539 est
507 1485 880 1560 humanitatis,
936 1499 1249 1568 neutiquam
1287 1504 1573 1569 revixisse,
1622 1507 1717 1561 sed
1774 1508 1976 1565 virtute

389 1579 622 1646 deitatis,
654 1601 673 1634 ι
699 1599 818 1653 quas
863 1587 1105 1646 vivilicat
1161 1606 1425 1660 mortuos,
1457 1606 1512 1651 et
1549 1608 1710 1653 vocat
1747 1614 1811 1655 ea
1851 1615 1976 1670 qum

2072 425 2183 472 τος.
2218 411 2328 464 Καὶ
2355 411 2484 479 γοῦν
2529 410 2633 482 ἔφη
2686 413 2825 484 πρὸς
2888 411 3194 474 Ἰουδαίους
3233 431 3256 464 ι
3307 412 3523 466 Λύσατε
3575 413 3670 467 τδν

2071 500 2198 553 ναὸν
2234 501 2444 568 τοῦτον,
2479 503 2573 555 καὶ
2601 503 2660 556 ὲν
2693 503 2873 572 τρισὶν
2913 503 3151 574 ἡμέραις
3195 502 3376 574 ἐγερῶ
3409 503 3595 559 αὐτόν.
3639 524 3662 556 ›

2076 589 2267 657 Ἀθρει
2301 590 2391 656 δὲ,
2435 591 2586 656 ὅπως
2630 591 2726 646 τοῦ
2774 593 3050 664 μακαρίου
3104 591 3320 646 Παύλου
3373 593 3666 662 λέγοντος’

2080 700 2098 733 ι
2152 685 2271 737 Ὅτι
2310 683 2694 754 λογισθήσεται
2723 687 2853 756 ἡμῖν
2905 688 2938 753 ὴ
2973 687 3156 750 πίστις
3193 688 3276 750 είς
3317 686 3669 757 δικαιοσύνην

2072 775 2184 837 τοῖς
2215 775 2572 829 πιστεύσασιν
2608 778 2703 830 ἐπὶ
2732 777 2822 830 τὸν
2849 777 3141 848 ἐγείραντα
3185 778 3397 848 Ἰησοῦν
3428 779 3669 848 Χριστὸν

2073 867 2139 919 ὲκ
2171 865 2379 938 νεκρῶν
2403 884 2418 899 °
2471 886 2490 920 ι
2529 869 2631 922 οὐκ
2669 870 2751 932 είς
2799 869 2961 940 μόνον
3007 870 3042 940 ἡ
3085 869 3267 933 πίστις
3303 869 3397 923 τὸν
3442 871 3668 941 Πατέρα

2073 957 2266 1026 γέγονε
2298 959 2392 1012 καὶ
2421 958 2574 1025 Θεὸν,
2609 959 2745 1014 ἀλλά
2769 960 2878 1031 γὰρ
2909 960 3001 1014 καὶ
3034 961 3115 1024 είς
3145 959 3236 1014 τὸν
3267 960 3478 1031 Κύριον
3507 963 3669 1032 ἡμῶν

2087 1049 2293 1121 Ἰησοῦν
2322 1051 2575 1124 Χριστόν.
2613 1051 2824 1116 ’Ἄλλως
2855 1069 2916 1105 τε
2947 1051 3080 1122 (δεῖν
3108 1051 3218 1124 γὰρ
3250 1049 3409 1124 οἶμαι
3442 1055 3668 1108 κάκεῖνο

2079 1139 2247 1210 ἰδεῖν),
2282 1141 2504 1210 γέγονεν
2533 1142 2631 1198 ἀνθ
2641 1159 2825 1215 ρωπος
2848 1144 2877 1196 ό
2904 1141 3219 1214 Μονογενὴς
3239 1183 3253 1206 ,
3281 1142 3376 1196 καὶ
3401 1144 3670 1214 ὑπέμεινε

2077 1231 2176 1303 μὲν
2214 1233 2491 1304 σαρκικῶς
2523 1234 2614 1288 τὸν
2643 1234 2905 1300 θάνατον,
2943 1233 3148 1288 ἀνεόίω
3178 1251 3241 1302 γε
3273 1234 3384 1305 μὴν
3415 1235 3480 1288 ού
3523 1237 3668 1289 κατὰ

2077 1323 2312 1393 σαρκὸς,
2367 1325 2535 1396 ἤγουν
2571 1326 2995 1398 ἀνθρωπότητος
3027 1325 3281 1393 δύναμιν,
3336 1327 3458 1378 ἀλλ’
3501 1328 3577 1390 ὡς
3611 1330 3671 1380 ὲν

2079 1413 2224 1484 ἰσχύϊ
2245 1413 2519 1487 θεότητος,
2553 1438 2572 1469 ι
2601 1419 2700 1488 τῆς
2730 1417 3104 1488 ζωογονούσης
3133 1419 3261 1479 τοὺς
3285 1420 3544 1489 νεκροὺς,
3575 1419 3670 1471 καὶ

2075 1505 2348 1579 καλούσης
2376 1509 2443 1562 τὰ
2475 1508 2550 1581 μὴ
2580 1510 2709 1563 δντα
2735 1509 2810 1572 ὡς
2840 1509 2990 1563 ὄντα.
3022 1529 3042 1562 ι
3091 1507 3411 1562 ’Δναθετέον
3443 1506 3540 1562 οὖν
3567 1512 3670 1578 ἀρα

2074 1597 2173 1668 τὴν
2220 1597 2551 1670 ζωοποίησιν
2595 1601 2690 1654 καὶ
2739 1600 2883 1671 μάλα
2927 1600 3185 1663 εἰκότως,
3236 1600 3340 1653 οὐκ
3383 1601 3529 1670 αὐτῇ
3569 1618 3670 1654 που

389 1683 494 1724 non
542 1683 688 1739 sunt,
733 1685 987 1748 tanquam
1022 1695 1082 1734 ea
1126 1697 1247 1752 quae
1293 1685 1505 1740 sunt".
1543 1705 1562 1738 ι
1617 1688 1737 1757 Ipsa
1782 1657 1968 1759 itaque

2081 1691 2293 1756 πάντως
2323 1695 2390 1764 τῇ
2419 1692 2515 1746 τοῦ
2547 1692 2801 1764 σώματος
2832 1693 3033 1762 φύσει,
3066 1693 3170 1747 κᾶν
3195 1695 3246 1747 εἰ
3274 1694 3510 1762 γέγονεν
3541 1694 3674 1747 ἴδιον

385 1762 680 1818 viviﬁcatio
721 1782 826 1822 non
882 1769 949 1824 ad
996 1773 1170 1840 ipsam
1219 1776 1467 1843 corporis
1521 1787 1795 1844 naturam,
1844 1782 1971 1838 licet

2081 1781 2164 1835 τοῦ
2209 1785 2273 1836 ὲκ
2301 1762 2435 1837 Θεοῦ
2483 1762 2683 1854 φύντος
2728 1785 2904 1854 Λόγου
2929 1802 2943 1816 υ
2977 1785 3208 1856 δυνάμει
3249 1785 3308 1840 δὲ
3359 1785 3568 1856 μᾶλλον
3603 1789 3671 1857 τῇ

389 1851 520 1907 illud
551 1853 732 1912 Verbo
755 1873 820 1914 ex
852 1859 959 1916 Deo
999 1865 1182 1933 genito
1213 1868 1488 1936 proprium
1535 1871 1829 1937 exstiterit,
1873 1874 1968 1928 sed

2081 1873 2380 1946 ὑπερτάτη,
2418 1851 2514 1928 καί⁸
2563 1875 2722 1944 φύσει
2751 1879 2818 1948 τῇ
2861 1877 3001 1949 ὑπὲρ
3031 1877 3234 1940 κτίσιν,
3282 1876 3360 1939 ὼς
3401 1877 3465 1928 ὲν
3499 1893 3674 1946 προσ-

386 1945 569 2013 potius
595 1948 660 2001 ad
683 1965 993 2019 supremam
1024 1956 1170 2010 illam
1199 1959 1475 2025 virtutem,
1496 1962 1599 2016 hoc
1626 1971 1730 2030 est,
1749 1965 1816 2018 ad
1850 1980 1972 2020 eam

2081 1964 2208 2036 ῶπῳ
2255 1945 2350 2020 τοῦ
2381 1967 2518 2021 Θεοῦ
2552 1969 2648 2023 καὶ
2679 1945 2894 2041 Πατ-ρὸς
2917 2014 2933 2035 ,
2969 1945 3036 2034 ἒξ
3066 1963 3128 2024 οὗ
3169 1969 3408 2040 πέφηνεν
3437 1969 3467 2019 ὀ
3500 1945 3666 2031 Υίὸςν

390 2043 640 2090 naturam
687 2039 810 2106 jure
868 2045 1063 2099 merito
1116 2047 1400 2103 referenda
1437 2060 1540 2115 est,
1600 2067 1717 2121 qute
1755 2068 1972 2110 omnem

387 2128 602 2181 excedit
649 2143 980 2202 creaturam,
1023 2138 1165 2192 sicut
1212 2139 1264 2193 in
1314 2156 1541 2208 persona
1594 2143 1688 2199 Dei
1756 2145 1973 2213 Patris,

389 2231 456 2271 ex
495 2234 603 2288 quo
637 2224 817 2290 prodit
855 2227 1027 2284 Filius
1052 2245 1148 2296 per
1176 2232 1358 2287 omnia
1392 2233 1465 2289 illi
1513 2238 1735 2306 wqualis
1761 2250 1815 2294 et
1844 2256 1976 2295 con-

393 2313 802 2379 substantialis,
831 2323 1078 2386 procedit
1117 2336 1297 2378 autem
1338 2341 1434 2395 per
1459 2338 1720 2398 utrosque
1750 2342 1806 2386 et
1840 2333 1975 2387 vivi-

390 2397 538 2456 [ἱειιέ
557 2419 770 2475 quoque
804 2409 1058 2478 Spiritus.
1086 2415 1250 2468 Addit
1299 2431 1464 2484 porro
1532 2397 1803 2475 Christum
1853 2439 1976 2490 pro-

391 2506 512 2562 pter
549 2497 744 2552 dclicta
777 2511 957 2554 nostra
993 2504 1250 2558 traditum
1281 2522 1436 2574 esse;
1476 2522 1696 2580 propter
1728 2523 1972 2568 nostram

392 2594 570 2640 autem
597 2585 1046 2655 justificationem
1071 2601 1488 2654 exsuscitatum.
1510 2600 1974 2667 Quemadmodum

390 2677 534 2731 enim
576 2678 774 2736 factum
819 2693 904 2738 est
947 2695 1005 2738 ut
1055 2687 1166 2756 ipse
1214 2693 1380 2745 nostri
1417 2708 1577 2747 causa
1629 2695 1680 2748 in
1758 2697 1974 2764 propria

396 2781 561 2824 carne
607 2784 838 2827 mortem
887 2787 1191 2847 pateretur,
1225 2797 1334 2850 quo
1367 2784 1556 2838 mortis
1601 2785 1884 2855 imperium
1923 2787 1975 2841 in

393 2871 667 2928 posterum
717 2865 1162 2925 dissolveretur:
1213 2875 1292 2927 sic
1346 2891 1558 2929 rursum
1600 2882 1774 2932 nostri
1815 2895 1976 2935 causa

396 2953 624 3019 revixit,
681 2958 963 3030 culpisque
1023 2965 1486 3031 praevaricationis
1532 2967 1660 3022 Adin
1718 2970 1973 3039 abolitis,

395 3044 630 3100 reditum
669 3050 823 3104 nobis
869 3055 935 3106 ad
973 3055 1434 3112 immortalitatem
1469 3059 1675 3127 primus
1715 3063 1971 3118 ostendit.

392 3132 770 3193 Justiﬁcamur
832 3144 976 3197 enim
1035 3161 1131 3212 per
1186 3147 1487 3211 Christum,
1544 3152 1781 3219 antiqua:
1833 3153 1975 3209 illius

393 3225 797 3285 maledictionis
849 3233 956 3286 vim
1023 3236 1410 3290 demolientem
1456 3253 1552 3307 per
1606 3242 1969 3297 obedientiam

395 3319 566 3374 modis
597 3323 850 3376 omnibus
885 3326 1200 3392 perfectam,
1229 3339 1476 3383 naturam
1517 3347 1642 3386 vero
1677 3335 1968 3389 humanam

2074 2056 2189 2120 ίσος
2221 2075 2282 2110 τε
2309 2061 2402 2111 καὶ
2420 2059 2604 2128 ὅμοιος
2635 2058 2658 2098 τ
2688 2061 2828 2113 κατά
2859 2063 3035 2115 πάντα
3058 2061 3229 2131 αὐτῷ.
3263 2061 3476 2131 Πρόεισι
3505 2059 3566 2112 δὲ
3594 2061 3669 2113 δι’

2074 2147 2279 2216 ἀμφοῖν
2316 2148 2410 2201 καὶ
2441 2149 2503 2202 τὸ
2541 2149 2764 2221 Πνεῦμα
2793 2151 2853 2203 τὸ
2888 2151 3208 2215 ζωοποιοῦν.
3248 2151 3666 2222 Παραδεδόσθαι

2073 2237 2131 2290 δέ
2173 2255 2304 2308 φησι
2334 2225 2424 2292 τον
2457 2241 2694 2310 Χριστὸν
2733 2241 2822 2296 διὰ
2873 2243 2942 2295 τά
2999 2241 3433 2312 παραπτώματα
3487 2243 3670 2314 ἡμῶν.

2076 2332 2169 2383 καὶ
2198 2329 2496 2402 ἐγηγέρθαι
2527 2331 2616 2384 διὰ
2641 2332 2740 2403 τὴν
2780 2333 3063 2386 δικαίωσιν
3093 2335 3276 2404 ἡμῶν.
3303 2334 3526 2406 Ὠσπερ
3565 2333 3673 2404 γὰρ

2077 2421 2267 2489 γέγονε
2295 2421 2435 2492 ὑπὲρ
2463 2424 2496 2492 ἡ
2507 2423 2622 2492 μῶν
2650 2423 2709 2476 τὸ
2739 2424 2932 2478 παθεῖν
2960 2426 3123 2478 αὑτὸν
3149 2428 3212 2496 τῇ
3247 2425 3357 2496 ἰδίᾳ
3386 2443 3456 2479 σα
3467 2426 3558 2496 ρκὶ
3583 2426 3672 2478 τδν

2077 2510 2326 2575 θάνατον,
2365 2512 2452 2565 ἵνα
2481 2512 2665 2566 λοιπὸν
2691 2514 2929 2586 ἀτονήσῃ
2961 2515 3056 2568 τοῦ
3082 2515 3316 2569 θανάτου
3345 2517 3408 2569 τὸ
3445 2517 3668 2586 κράτος·

2076 2605 2218 2658 οὓτω
2249 2605 2342 2658 καὶ
2373 2605 2576 2658 ἀνεϐίω
2630 2606 2793 2660 πάλιν
2838 2609 2980 2678 ὑπὲρ
3010 2609 3191 2678 ἡμῶν,
3239 2608 3579 2676 ὲγκαινίξων
3620 2610 3674 2661 ὲν

2078 2698 2210 2768 ἡμῖν
2237 2696 2333 2767 τὴν
2359 2699 2440 2760 είς
2466 2696 2777 2768 ἀφθαρσίαν
2805 2699 3063 2752 ἐπάνοδον
3083 2740 3097 2764 ,
3139 2699 3232 2752 καὶ
3265 2701 3372 2769 τῆς
3407 2701 3468 2752 ἐν
3507 2701 3674 2770 Ἀδὰμ

2079 2788 2448 2859 παραϐάσεως
2475 2786 2753 2855 ἀφανίζων
2774 2788 2840 2840 τὰ
2873 2789 3196 2858 ἐγκλήματα
3214 2805 3228 2819 ’
3258 2787 3671 2858 Δεδικαιώμεθα

2080 2880 2188 2950 γὰρ
2232 2881 2290 2932 ὲν
2317 2878 2567 2951 Χριστῷ,
2600 2879 2701 2948 τῆς
2734 2879 2834 2949 μὲν
2882 2880 3114 2949 ἀρχαίας
3143 2878 3368 2948 ἐκείνης
3397 2882 3542 2948 ἀρᾶς

2081 2968 2310 3039 δύναμιν
2332 2969 2647 3037 ἀφανίζοντι
2674 2968 2760 3020 διὰ
2783 2968 2886 3038 τῆς
2913 2971 2992 3031 είς
3015 2969 3164 3022 ἅπαν
3193 2968 3474 3038 ὑπακοῆς,
3508 2969 3671 3022 ἀπαλο

2080 3062 2325 3115 λάττοντι
2367 3062 2424 3115 δὲ
2451 3061 2558 3114 τῶν
2588 3062 2832 3132 ἀρχαίων
2867 3061 3208 3131 αἰτιαμάτων
3252 3060 3356 3131 τὴν
3391 3061 3577 3130 φύσινο
3610 3061 3668 3112 οὗ

2080 3155 2189 3226 γὰρ
2236 3154 2490 3224 ἐποίησεν
2536 3155 2816 3226 ἁμαρτίαν
2853 3155 3067 3226 (γέγονε
3115 3154 3174 3208 δὲ
3217 3155 3426 3225 μᾶλλον
3458 3155 3678 3207 εὐδόκι-

2081 3262 2179 3315 μος
2208 3247 2266 3298 ἐν
2297 3246 2476 3316 αὐτῇ),
2501 3246 2678 3300 καίτοι
2707 3247 3186 3317 κατεγνωσμένην,
3230 3246 3490 3319 καθάπερ
3521 3247 3674 3299 εἶπον

2080 3355 2200 3408 μεν,
2235 3339 2291 3393 ὲν
2331 3339 2500 3410 Ἀδάμ
2529 3339 2576 3394 i.

395 3409 718 3479 abantiquis
750 3413 1076 3470 criminibus
1109 3418 1453 3476 liberantem.
1497 3424 1786 3480 Peccatum
1822 3410 2056 3498 namque
2086 3432 2288 3485 nullum
2329 3433 2572 3498 admisit,
2639 3437 2734 3488 sed
2773 3435 2918 3488 omni
2983 3435 3141 3489 laude
3202 3433 3406 3504 dignus
3477 3431 3534 3487 in
3561 3431 3676 3501 ipsa

397 3503 519 3568 fuit,
573 3504 785 3560 etiamsi
842 3507 892 3560 in
942 3499 1258 3579 principio,
1290 3514 1390 3568 hoc
1437 3526 1520 3572 cst
1579 3519 1630 3572 in
1689 3519 1886 3587 Adam,
1915 3531 1974 3575 ut
2045 3533 2172 3576 ante
2209 3540 2427 3594 quoque
2473 3525 2876 3591 admonuimus,
2915 3525 3366 3582 condemnationi
3406 3525 3671 3581 obnoxius

395 3598 579 3652 fuerit.

469 3689 581 3744 Lll.
615 3709 634 3741 ι
670 3691 748 3746 Att
782 3693 1063 3764 ignoratis,
1098 3698 1224 3767 quia
1261 3701 1572 3772 quicunque
1606 3705 1860 3774 baptizati
1889 3723 1980 3761 su-

397 3798 520 3840 mus
547 3785 598 3838 in
631 3785 907 3841 Christum
944 3787 1154 3854 Jesum,
1191 3793 1240 3846 in
1271 3797 1684 3863 mortemipsius
1723 3799 1979 3868 baptizati

399 3877 633 3931 sumus?
664 3877 977 3947 Cousepulti
1008 3882 1152 3936 enim
1175 3899 1364 3941 sumus
1398 3887 1472 3940 illi
1519 3903 1616 3957 per
1649 3890 1976 3958 baptismum

399 3970 452 4023 in
491 3980 720 4024 mortem
750 3988 764 4036 ;
800 3973 957 4042 173
988 3983 1045 4027 ut
1077 3978 1348 4044 quomodo
1386 3980 1637 4036 Christus
1678 3986 1979 4038 resurrexit

399 4074 428 4113 a
460 4063 689 4116 mortuis
721 4077 816 4130 per
847 4064 1072 4132 gloriam
1108 4066 1310 4129 Patris,
1346 4068 1416 4121 ita
1437 4080 1490 4123 et
1514 4086 1612 4124 nos
1651 4073 1700 4125 in
1739 4073 1977 4129 novitate

397 4150 521 4204 vitae
543 4152 998 4209 ainbulettitis'i.»
1025 4156 1282 4211 Dominus
1307 4170 1489 4215 noster
1521 4160 1678 4216 Jcsus
1705 4163 1974 4230 Christus,

400 4241 613 4296 inferno
652 4246 969 4313 despoliato,
1024 4249 1420 4318 spirituumque
1462 4254 1826 4319 multitudine,
1858 4271 1978 4324 qua:

2153 3710 2284 3764 NB'.
2336 3731 2355 3764 ι
2402 3713 2474 3765 Ἢ
2519 3713 2800 3781 ἀγνοεῖτε,
2841 3713 2924 3766 ὃτι
2962 3713 3078 3766 ὅσοι
3128 3711 3559 3781 ἐϐαπτίσθημεν
3602 3713 3676 3774 εἰς

2083 3802 2324 3872 Χριστὸν
2360 3801 2584 3873 Ἰησοῦν,
2617 3806 2697 3868 είς
2737 3805 2828 3858 τὸν
2874 3805 3102 3858 θάνατον
3131 3802 3299 3857 αὑτοῦ
3331 3803 3674 3871 ἐϐαπτίσθη-

2087 3911 2216 3965 μεν;
2247 3896 2640 3966 Συνετάφημεν
2669 3892 2762 3950 οὖν
2791 3896 2941 3967 αύτῷ
2966 3897 3052 3949 διὰ
3072 3894 3166 3948 τοῦ
3195 3895 3582 3967 βαπτίσματος
3601 3897 3674 3955 εἰς

2079 3987 2170 4042 τὸν
2211 3986 2463 4041 θάνατον’
2491 3988 2582 4040 ἵνα
2614 3987 2803 4060 ὥσπερ
2830 3987 3039 4058 ἠγέρθη
3082 3987 3321 4059 Χριστὸς
3361 3987 3429 4039 ὲκ
3465 3985 3676 4055 νεκρῶν

2079 4078 2168 4132 διὰ
2194 4080 2292 4150 τῆς
2315 4079 2475 4151 δόξης
2495 4079 2588 4133 τοῦ
2627 4081 2866 4151 Πατρδς,
2899 4079 3040 4133 οὕτω
3085 4079 3178 4132 καὶ
3202 4079 3368 4149 ἡμεῖς
3404 4079 3463 4130 ἐν
3507 4075 3680 4129 καινὸ·

2079 4189 2201 4240 τητι
2249 4172 2394 4242 ζωῆς
2435 4175 2919 4245 περιπατήσωμεν.
2965 4191 2983 4223 ι
3026 4173 3086 4225 Ὃ
3114 4171 3321 4242 Κύριος
3359 4169 3528 4240 ἡμῶν
3578 4169 3679 4236 Ἰη-

2083 4263 2207 4326 σοῦς
2247 4265 2481 4335 Χριστὸς
2530 4264 2834 4328 σκυλεύσας
2877 4265 2971 4319 τὸν
3011 4264 3165 4335 ᾅδην,
3211 4265 3304 4316 καὶ
3339 4263 3457 4314 τῶν
3501 4265 3678 4315 ἐκεῖσε

400 4331 454 4385 in
486 4333 854 4390 subterraneis
888 4337 1142 4393 clauStris
1179 4341 1537 4407 detinebatur,
1577 4345 1700 4398 inde
1728 4345 1973 4414 liberata,

2091 4355 2274 4426 μυχῶν
2307 4355 2404 4425 τὴν
2432 4355 2537 4409 τῶν
2567 4356 3002 4427 καθειρχθέντων
3028 4354 3360 4423 πνευμάτων
3395 4354 3679 4414 ἀπολύσας

401 4428 558 4481 tertia
591 4428 676 4482 die
705 4431 1097 4486 ressuscitatus
1125 4420 1346 4498 revixit,
1371 4436 1751 4506 redivivusque
1775 4441 1980 4496 sanctis

401 4519 660 4588 apostolis
723 4523 860 4576 dixit
904 4541 917 4577 :
959 4541 977 4574 ι
1008 4525 1210 4578 Euntes
1263 4527 1455 4581 docete
1510 4545 1700 4584 omnes
1764 4545 1977 4598 gentes,

399 4608 747 4676 baptizantes
785 4628 879 4668 eos
921 4615 974 4668 in
1021 4614 1242 4670 nomine
1275 4615 1476 4681 Patris,
1507 4628 1559 4673 et
1585 4618 1730 4686 Filii,
1764 4634 1818 4676 et
1853 4624 1978 4692 Spi-
2026 4658 2030 4661 -

402 4701 542 4754 ritus
573 4705 745 4756 sancti
768 4705 831 4757 “.
864 4704 998 4760 Cum
1032 4706 1195 4777 igitur
1227 4717 1284 4762 ut
1320 4709 1370 4762 in
1411 4725 1517 4764 uno
1551 4710 1726 4768 Patris
1760 4716 1978 4770 nomine

399 4793 759 4862 baptizamur.
803 4797 874 4850 ita
906 4799 956 4851 in
990 4815 1095 4852 uno
1127 4815 1344 4869 quoque
1385 4800 1506 4856 Filii
1537 4805 1782 4870 nomine,
1832 4807 1979 4875 ejus-

403 4887 635 4954 demque
687 4898 861 4941 morte
921 4899 975 4942 et
1024 4889 1228 4959 Spiritu
1291 4905 1482 4948 sancto
1531 4897 1847 4952 abluamur:
1885 4901 1976 4968 qui

401 4993 568 5032 unum
601 4977 883 5034 Dominum
926 4991 1168 5035 nostrum
1215 4983 1402 5038 Jesunt
1431 4984 1710 5041 Christum
1751 4990 1803 5043 in
1846 4992 1979 5046 duos

403 5069 543 5126 ﬁlios
565 5071 829 5138 dividunt,
865 5072 1250 5144 hominemque
1277 5076 1572 5130 secundum
1603 5079 1772 5133 solam
1807 5081 1978 5151 digni-

405 5163 532 5217 tatis
571 5165 655 5219 vel
688 5165 1028 5221 auctoritatis
1075 5166 1438 5236 aequalitatem
1471 5167 1582 5223 Deo
1623 5169 1974 5240 conjunctum

475 5314 520 5348 ³⁸
553 5313 711 5372 Joau.
738 5335 796 5386 tt,
823 5320 910 5377 l9.
989 5321 1033 5354 ³’
1074 5320 1229 5378 Rom.
1261 5337 1333 5390 tv,
1371 5322 1456 5378 l7.

2086 4445 2316 4514 πληθὺν,
2357 4443 2554 4497 ἀνεϐίω
2587 4446 2906 4515 τριήμερος.
2927 4441 3078 4504 ,Εἶτα
3120 4447 3231 4506 τοῖς
3263 4443 3449 4511 ἁγίοις
3473 4445 3681 4510 ἔφασκε

2089 4535 2393 4605 μαθηταῖςο
2453 4553 2472 4586 ι
2521 4534 2888 4604 Πορευθέντες
2930 4533 3311 4604 μαθητεύσατε
3376 4533 3566 4585 πάντα
3618 4531 3682 4582 τΞι

2086 4624 2235 4695 ἔθνη,
2266 4624 2619 4695 βαπτίζοντες
2647 4625 2845 4688 αὐτοὺς
2875 4627 2956 4689 είς
2999 4625 3060 4677 τὸ
3104 4625 3271 4692 ὄνομα
3298 4623 3397 4675 τοῦ
3440 4624 3676 4691 Πατρὸς.

2083 4718 2178 4771 καὶ
2216 4717 2310 4770 τοῦ
2343 4716 2493 4783 Υίοῦ,
2526 4718 2618 4770 καὶ
2654 4717 2743 4770 1τοῦ
2791 4717 2947 4782 ἁγίου
2974 4717 3312 4784 Πνεύματος.
3352 4735 3383 4766 ι-
3406 4715 3684 4776 Βαπτιζό-

2093 4804 2232 4875 μεθα
2269 4805 2448 4858 τοίνυν
2469 4805 2654 4876 ὥσπερ
2675 4807 2756 4869 είς
2781 4805 2838 4858 ἓν
2876 4806 3044 4876 ὄνομα
3067 4804 3159 4858 τοῦ
3201 4803 3438 4874 Πατρδς,
3472 4804 3575 4856 καὶ
3603 4805 3684 4863 εἰς

2091 4896 2149 4951 ἓν
2173 4897 2344 4967 ὄνομα
2358 4897 2452 4950 τοῦ
2479 4889 2747 4962 Υἱοῦ,καὶ
2763 4900 2843 4961 εἰς
2858 4899 2950 4950 τὸν
2979 4897 3210 4950 θάνατον
3241 4895 3435 4958 αὑτοῦ,
3467 4896 3568 4948 καὶ
3601 4896 3680 4956 εἰς

2080 4989 2142 5042 τὺ
2171 4989 2396 5061 Πνεῦμα
2425 4991 2486 5044 τὸ
2523 4990 2698 5059 ἆγιον.
2749 4989 3163 5043 Διδασκέτωσαν
3196 4988 3380 5041 τοίνυν
3419 4989 3468 5040 οἱ
3509 4988 3680 5058 διορί-

2082 5080 2265 5145 ζοντες
2297 5082 2380 5144 είς
2418 5082 2568 5145 υίοὺς
2599 5082 2692 5136 δύο
2727 5083 2822 5135 τὸν.
2841 5082 2936 5134 ἕνα
2968 5081 3203 5151 Χριστὸν
3241 5079 3338 5133 καὶ
3398 5079 3555 5142 Υίὸν,
3591 5079 3682 5131 ἔν-

2083 5170 2302 5242 θρωπόν
2347 5190 2407 5227 τε
2458 5173 2578 5246 Θεῷ
2614 5173 2952 5244 πναφθῆναι
3007 5172 3260 5242 λέγοντες
3301 5171 3450 5226 κατὰ
3505 5172 3674 5243 μόνην

1538 5324 1582 5356 ³³
1609 5322 1763 5380 Rom.
1799 5341 1871 5391 vr,
1906 5323 2018 5380 1-4.
2099 5326 2146 5358 ³⁸
2176 5326 2366 5386 Matth.
2399 5344 2590 5396 xxviii,
2649 5330 2736 5386 i9.

1507 5461 1680 5516 Varia:
1712 5460 1975 5519 lectiones
2004 5463 2210 5522 codicis
2239 5463 2604 5537 Seguieriani.

485 5581 832 5666 ίόμοούςιος.
914 5590 927 5638 Ι
965 5591 1021 5644 ἐν
1061 5595 1216 5664 ὶρχῇο
