3942 6128
301 339 327 392 1
336 333 440 394 409

1111 333 1204 390 AD
1239 331 1536 390 REGINAS
1572 333 1660 390 DE
1701 331 1928 390 RECT-A
1968 331 2127 389 FIDE
2162 332 2423 390 ORATIO
2457 331 2758 388 ALTERA.

3417 333 3556 391 HlO

300 449 402 522 τὴν
433 448 653 521 ἰσότητα
676 449 772 521 τῆς
797 448 972 515 ἀξίας,
997 449 1164 518 ἧγουν
1193 449 1502 513 αὑθεντίας,
1533 449 1876 522 διῃρημένων

1984 446 2153 504 fuisse
2181 449 2536 514 contendunt,
2565 447 2776 503 naturis
2800 444 3016 501 interim
3043 447 3396 519 personisque
3415 451 3557 507 divi-

302 545 411 597 τῶν
439 541 676 612 φύσεων,
727 544 806 604 είς
837 539 928 593 τὸν
971 540 1119 604 τίνος
1151 541 1395 611 ⁸θιιὶνατον
1443 539 1873 610 ἐϐαπτίσθημεν.

302 635 366 687 El
399 635 499 704 μὲν
528 629 621 688 οὖν
657 632 836 696 ίδικῶς
873 633 954 696 εἰς
994 633 1085 684 τὸν
1116 631 1211 685 τοῦ
1250 631 1385 686 Θεοῦ
1413 633 1610 700 Λόγον,
1639 647 1876 702 κατηγο-

305 724 540 794 ρήσομεν
567 722 810 792 ἐναργῶς
833 723 929 792 τῆς
959 721 1239 792 ἀκηράτου
1265 721 1479 790 φύσεως
1515 721 1614 792 τὴν
1647 720 1876 791 φθορὰν,

301 815 396 869 καὶ
437 815 806 886 καθοριοῦμεν
850 814 1076 869 θάνατον
1102 814 1203 885 τῆς
1241 816 1381 868 κατὰ
1426 814 1586 884 φύσιν
1619 814 1781 884 ζωῆς.
1814 815 1877 867 El

299 902 356 956 δέ
382 903 446 974 δὴ
496 907 674 973 φαῖεν,
725 905 807 957 ὅτι
849 903 945 956 τοῦ
985 906 1050 958 ἐκ
1097 904 1356 972 γυναικὸς
1393 903 1498 973 ἰδίᾳ
1535 920 1593 956 τε
1641 903 1736 956 καὶ
1775 902 1878 957 δινά

303 993 469 1065 μέρος
513 994 610 1046 καὶ
648 993 771 1046 καθ’
811 993 1004 1046 ἑαυτὸν
1047 994 1375 1065 νοουμένου,
1409 992 1529 1056 πῶς
1555 994 1615 1045 οὐ
1655 992 1877 1044 κάκεῖνό

299 1097 460 1149 φασιν
487 1080 811 1148 ἀναφανδὸν,
849 1080 932 1133 ὅτι
970 1081 1184 1143 πᾶντως
1219 1081 1380 1144 αὐτὸς
1415 1083 1500 1151 εἴη
1535 1081 1600 1133 ἂν
1629 1083 1656 1134 6
1687 1097 1876 1133 συντε-

298 1170 566 1241 ταγμένος
613 1169 690 1240 τῷ
722 1171 895 1241 Πατρὶ
942 1171 1035 1224 καὶ
1066 1171 1144 1242 τῷ
1180 1173 1320 1242 ἁγίῳ
1368 1172 1686 1243 Πνεῦματι,
1733 1171 1874 1242 τάχα

301 1278 400 1314 που
440 1261 536 1314 καὶ
587 1261 910 1326 ἐξωσθέντος
960 1262 1060 1330 τῆς
1092 1262 1325 1332 ἀληθοῦς
1378 1263 1625 1332 υίότητος
1658 1260 1750 1313 τοῦ
1811 1262 1876 1315 ἐκ

299 1351 434 1404 Θεοῦ
463 1353 658 1420 φύντος
686 1351 859 1420 Λόγου
881 1393 896 1417 ,
933 1352 1092 1421 εἰπερ
1119 1352 1234 1404 ἐστὶ
1253 1351 1485 1404 θανάτου
1515 1351 1778 1414 δεκτικὸς,
1817 1344 1876 1404 οὗ

298 1443 393 1495 καὶ
422 1444 504 1505 εἰς
547 1443 638 1495 τὸν
670 1441 900 1496 θάνατον
955 1441 1400 1514 βεϐαπτίσμεθας
1464 1443 1604 1495 Ἀλλ’
1637 1445 1738 1513 ὁρᾷ
1773 1459 1876 1494 που

300 1530 521 1594 πάντως
553 1531 581 1583 6
612 1529 737 1584 νοῦν
767 1530 906 1600 ἔχων
937 1531 1363 1602 διεγηγερμένον
1395 1531 1492 1602 τὴν
1517 1531 1624 1584 τῶν
1657 1531 1878 1584 ἐννοιῶν

299 1620 549 1674 ἀτοπίαν.
607 1619 815 1674 Οὐκοῦν
863 1619 1075 1691 ἀνάγκη
1126 1623 1286 1687 νοεῖν,
1332 1621 1410 1674 ὅτι
1460 1620 1697 1689 γεγονὼς
1753 1620 1876 1674 καθ’

297 1712 449 1780 ἡμᾶς
477 1712 504 1761 6
533 1709 626 1764 τοῦ
665 1708 798 1762 Θεοῦ
832 1711 1005 1779 Λόγος
1031 1750 1044 1774 ,
1089 1713 1254 1782 σαρκὶ
1285 1711 1554 1764 πέπονθεν
1585 1712 1746 1764 ἑκών.
1781 1711 1878 1764 Βε-

1991 539 2096 594 sim
2143 539 2581 603 subsistentibus,
2627 538 2664 594 ii
2713 553 2812 592 uos
2853 538 3102 602 doceant,
3146 539 3198 592 in
3251 541 3554 595 utriusnam

1981 632 2208 679 mortem
2251 626 2508 694 baptizati
2549 627 2742 684 simus.
2773 624 2904 679 Nam
2942 627 2988 681 si
3021 628 3070 681 iu
3101 628 3264 682 divini
3296 627 3478 693 Verbi,
3499 637 3558 683 ut

1989 728 2236 769 seorsum
2263 732 2358 785 per
2386 731 2444 770 se
2483 716 2664 772 animo
2695 717 3019 786 concipitur,
3057 730 3283 772 mortem
3315 721 3557 788 baptiza-

1981 811 2065 860 tos
2097 821 2194 860 nos
2230 807 2451 874 dicunt;
2478 807 2872 877 incorruptibili
2901 820 3111 864 natura:
3153 811 3554 880 corruptionem

1980 897 2140 967 plane
2168 897 2490 964 tribuemus,
2530 910 2584 954 et
2615 900 2688 953 illi
2719 902 2808 967 qui
2841 911 3032 972 suapte
3076 880 3267 958 natura
3304 904 3411 958 vita
3450 912 3553 970 est,

1981 993 2212 1040 mortem
2263 987 2616 1042 ascribemus.
2655 988 2748 1041 Sin
2777 998 2955 1042 autem
2998 1003 3097 1044 nos
3129 989 3181 1043 in
3227 989 3367 1044 illius
3400 1005 3558 1045 mor-

1980 1082 2090 1129 tem
2123 1075 2332 1130 ablutos
2369 1076 2768 1146 responderint,
2821 1078 2911 1146 qui
2958 1079 3174 1148 proprie
3217 1094 3460 1134 seorsum
3503 1088 3558 1136 et

1979 1182 2076 1237 per
2137 1181 2195 1222 se
2259 1183 2323 1222 ex
2378 1182 2534 1222 sacra
2581 1165 2804 1238 Virgine
2859 1177 3011 1223 ortus
3061 1170 3380 1240 intelligitur
3413 1187 3429 1237 ;
3465 1172 3557 1242 qui

1982 1259 2098 1314 fieri
2122 1269 2297 1329 potest
2323 1271 2405 1327 ut,
2439 1261 2582 1314 illum
2617 1261 2838 1315 omnino
2872 1275 3011 1326 esse,
3039 1263 3128 1330 qui
3159 1263 3400 1332 ejusdem
3434 1279 3558 1318 cum

1979 1346 2140 1401 Patre
2189 1357 2243 1403 et
2287 1347 2492 1418 Spiritu
2535 1357 2724 1403 saneto
2781 1349 2989 1404 ordinis
3032 1362 3084 1405 et
3126 1352 3404 1422 dignitatis
3451 1362 3557 1418 est,

1981 1439 2184 1494 diserte
2215 1454 2318 1493 non
2357 1440 2753 1510 proliteantur;
2787 1441 3020 1496 fortasse
3066 1443 3229 1496 etiam
3264 1443 3444 1512 genito
3487 1458 3556 1498 ex

1983 1530 2090 1584 Deo
2120 1529 2298 1585 Verbo
2334 1545 2462 1584 vera
2500 1529 2760 1585 liliatioue
2790 1531 3045 1599 spoliato,
3077 1534 3121 1587 si
3165 1533 3355 1588 mortis
3390 1548 3559 1602 capax

1982 1620 2069 1675 ille
2097 1631 2202 1687 est,
2231 1621 2283 1674 in
2329 1619 2486 1689 cujus
2520 1629 2748 1674 mortem
2787 1621 3044 1690 baptizati
3066 1623 3292 1678 sumus?
3319 1627 3385 1678 At
3414 1625 3560 1694 quis,

1981 1726 2184 1781 quaeso,
2209 1714 2295 1766 cui
2332 1714 2493 1766 modo
2525 1727 2678 1766 mens
2701 1713 2900 1781 vigeat,
2935 1715 3277 1770 manifestam
3303 1716 3562 1771 doctrinze

299 1797 650 1867 ϐαπτίσμεθα
697 1800 808 1868 γὰρ
857 1799 1028 1862 οῦτως
1063 1801 1144 1862 είς
1181 1800 1272 1852 τὸν
1303 1801 1466 1853 αὐτοῦ
1505 1799 1750 1867 θάνατον,
1802 1801 1876 1866 ὡς

1984 1804 2144 1872 hujus
2179 1803 2568 1858 absurditatem
2621 1820 2726 1858 non
2763 1805 3205 1860 animadvertat?
3241 1807 3562 1865 Necessario

300 1889 418 1952 ἐνὸς
453 1889 605 1953 ὄντος
638 1890 769 1943 Υίοῦ
792 1932 805 1957 ,
842 1892 984 1944 κατά
1012 1892 1109 1961 μὲν
1142 1892 1239 1962 τὴν
1287 1893 1385 1955 τῆς
1426 1891 1675 1962 θεότητος
1712 1894 1875 1962 φύσιν

301 1981 546 2045 ἀπαθοῦς
567 2023 583 2049 ,
613 1982 858 2053 παθητοῦ
888 1983 943 2036 δέ
975 1983 1114 2036 κατὰ
1133 1984 1232 2054 τὴν
1260 1985 1456 2054 σάρκα.
1497 1985 1617 2037 Ὂτι
1643 1985 1698 2037 δὲ
1725 1986 1874 2054 ἡμᾶς

299 2074 379 2136 είς
413 2072 708 2142 καινότητα
764 2072 909 2141 ζωῆς
961 2073 1328 2144 μεταπλάττει
1366 2074 1601 2144 Χριστὸς
1648 2075 1734 2127 διὰ
1772 2077 1873 2145 τῆς

300 2163 646 2225 ἀναστάσεως
670 2203 685 2228 ,
718 2162 836 2226 πῶς
869 2161 934 2215 ἂν
963 2163 1254 2216 ἐνδοιάσειέ
1284 2180 1370 2226 τις
1399 2179 1413 2227 ;
1443 2164 1740 2232 παρίστησι
1765 2167 1873 2237 γὰρ

298 2254 448 2322 ἡμᾶς
480 2252 654 2324 ἐαυτῷ
685 2271 744 2306 τε
776 2254 869 2306 καὶ
907 2253 983 2323 τῷ
1017 2254 1191 2324 Πατρὶ
1221 2252 1353 2304 ὡσεὶ
1386 2253 1452 2304 ἐκ
1493 2254 1699 2322 νεκρῶν
1741 2254 1872 2317 ζῶνσ

297 2362 416 2409 τας,
473 2347 612 2399 καθά
660 2345 1015 2416 γέγραπται·
1053 2366 1069 2397 ι
1097 2347 1205 2399 Καὶ
1255 2345 1624 2407 ἀποθανόντας
1676 2345 1773 2416 μὲν
1807 2351 1872 2419 τῇ

298 2437 559 2508 ἁμαρτία,
592 2437 798 2500 ζῶντας
835 2438 891 2490 δὲ
916 2440 981 2508 τῇ
1014 2436 1345 2509 δικαιοσύνῃ.
1392 2456 1411 2488 ι

1984 1897 2165 1965 itaque
2188 1895 2531 1951 statuendum
2583 1905 2668 1950 est
2713 1895 2806 1950 Dei
2835 1897 3063 1952 Verbum
3091 1898 3267 1953 simile
3302 1901 3456 1955 nobis
3484 1899 3563 1955 fa-

1983 1996 2128 2043 ctum
2158 2002 2279 2042 esse
2331 2000 2670 2056 mortemque
2715 1988 2768 2042 in
2811 2004 2975 2043 carne
3005 1991 3146 2044 ultro
3171 1989 3425 2047 subiisse.
3451 1991 3562 2048 Hac

1982 2079 2123 2131 enim
2157 2079 2366 2130 ratione
2401 2077 2453 2130 iu
2493 2087 2718 2131 mortem
2748 2078 2892 2132 illius
2923 2079 3180 2147 baptizati
3202 2095 3411 2146 sumus,
3436 2097 3558 2136 cum

1981 2185 2086 2222 non
2129 2169 2227 2222 nisi
2253 2183 2389 2221 unus
2421 2178 2626 2221 tantum
2663 2168 2735 2221 sit
2772 2168 2960 2234 Filius,
2992 2171 3082 2238 qui
3117 2171 3335 2237 quidem
3368 2187 3564 2226 secun—

1981 2258 2104 2312 dum
2133 2259 2432 2312 divinitatis
2464 2269 2712 2312 naturam
2751 2259 2862 2327 pali
2885 2260 3018 2312 nihil
3045 2261 3242 2328 potuit,
3263 2262 3561 2317 secundum

1984 2351 2272 2405 humanam
2325 2359 2508 2404 autem
2573 2350 2767 2418 potuit.
2821 2351 3068 2404 Tandem
3131 2351 3276 2420 quod
3311 2350 3563 2409 Christus

1985 2457 2082 2511 per
2103 2443 2560 2496 resurrectionem
2597 2441 2648 2494 in
2680 2441 2808 2496 vitae
2844 2441 3142 2494 novitatem
3174 2456 3274 2496 nos
3298 2425 3562 2498 transfor-

298 2539 430 2590 met,
466 2530 515 2582 id
548 2529 601 2582 in
631 2529 988 2597 quaestionem
1027 2544 1134 2582 non
1171 2531 1334 2582 cadit.
1385 2530 1538 2584 Sistit
1583 2530 1727 2584 enim
1772 2544 1870 2584 nos
1899 2533 2066 2586 veluti
2107 2547 2171 2584 ex
2208 2532 2435 2585 mortuis
2466 2531 2710 2586 viventes
2759 2542 2814 2587 et
2848 2532 2951 2586 sibi
2985 2542 3040 2585 et
3074 2531 3242 2590 Patri.
3287 2531 3561 2603 Scriptum

297 2626 382 2672 est
412 2633 641 2684 namque
690 2633 703 2669 ι

367 2712 494 2767 Nl".
536 2731 555 2764 ι
608 2713 670 2766 Et
706 2713 764 2765 δὲ
803 2713 864 2765 τὸ
905 2713 1130 2783 Πνεῦμα
1158 2712 1248 2764 τοῦ
1297 2713 1609 2783 ἐγείραντος
1665 2713 1873 2782 Ἰησοῦν

296 2805 533 2877 Χριστὸν
571 2806 709 2858 οἰκεῖ
738 2807 794 2857 ἐν
819 2805 972 2874 ἡμῖν,
1009 2805 1036 2854 6
1075 2803 1294 2872 ἐγείρας
1324 2805 1389 2855 ἐκ
1420 2802 1630 2872 νεκρῶν
1669 2800 1878 2871 Ἰησοῦν

297 2896 533 2966 Χριστὸν
568 2894 892 2963 ζωοποιήσει
926 2895 1019 2946 καὶ
1048 2894 1116 2946 τά
1147 2893 1315 2962 θνητά
1343 2893 1569 2962 σώματα
1601 2893 1756 2962 ἡμῶν
1791 2892 1879 2944 διὰ

297 2989 390 3042 τοῦ
430 2985 764 3047 ἐνοικοῦντος
809 2983 973 3036 αὑτοῦ
1004 2983 1319 3053 Πνεύματος
1361 2985 1418 3036 ἐν
1448 2985 1578 3052 ἡμῖν
1604 2983 1651 3036 Ιί.
1695 3006 1712 3034 ο
1757 2983 1878 3055 Ζωὴ

301 3081 403 3150 μὲν
436 3080 552 3131 ἐστι
597 3077 738 3130 κατά
780 3075 941 3146 φύσιν
974 3076 1001 3126 6
1043 3076 1339 3144 μονογενὴς
1375 3073 1470 3126 τοῦ
1499 3073 1634 3126 Θεοῦ
1674 3074 1875 3141 Λόγος·

767 2636 784 2669 ι
809 2617 1004 2672 Mortni
1032 2617 1247 2686 quidem
1290 2628 1530 2686 peccato,
1595 2619 1837 2672 viventes
1883 2627 2060 2673 autem
2083 2618 2308 2685 justitia:
2330 2619 2396 2673 ³⁵.
2438 2638 2456 2669 ι

2055 2713 2186 2767 Llll.
2221 2732 2238 2764 ι
2263 2715 2415 2780 Quod
2441 2714 2484 2767 si
2521 2713 2754 2780 Spiritus
2787 2711 2900 2782 ejus
2935 2713 3024 2782 qui
3061 2713 3341 2768 suscitavit
3373 2713 3559 2770 Jesum

1983 2803 2254 2858 Christum
2290 2821 2318 2856 a
2354 2804 2599 2867 mortuis,
2640 2805 2846 2858 habitat
2884 2803 2936 2855 in
2983 2803 3158 2866 vobis,
3193 2804 3282 2872 qui
3320 2805 3560 2858 suscita-

1983 2895 2059 2948 vit
2089 2897 2271 2949 .lesum
2300 2895 2576 2949 Christum
2608 2910 2636 2948 a
2691 2894 2943 2958 mortuis,
2973 2893 3268 2948 viviﬁcabil
3309 2894 3562 2950 mortalia

1984 3003 2210 3056 corpora
2246 2998 2425 3041 vestra
2467 3003 2562 3056 per
2608 2984 3004 3039 inhabitantem
3043 2984 3306 3051 Spiritum
3335 2986 3454 3053 ejus
3507 2989 3560 3041 in

1982 3081 2136 3135 vobis
2155 3081 2220 3134 ³⁸.
2257 3098 2276 3131 ι
2310 3079 2424 3133 Etsi
2469 3077 2809 3146 unigenitum
2853 3077 2944 3131 Dei
2979 3074 3214 3130 Verbum
3263 3079 3560 3132 secundum

301 3172 485 3242 ἐπειδὴ
505 3172 560 3224 δὲ
591 3169 670 3240 τῷ
701 3169 914 3238 θανάτῳ
953 3169 1180 3238 κάτοχον
1210 3167 1524 3238 ἠμπέσχετο
1555 3166 1712 3236 σῶμα
1736 3205 1751 3229 ,
1786 3168 1876 3219 καὶ

1985 3182 2232 3224 naturam
2259 3171 2366 3223 vita
2391 3178 2508 3222 est:
2537 3177 2774 3221 attamen
2804 3169 2946 3236 quod
2977 3181 3179 3236 corpus
3207 3167 3366 3222 morti
3389 3169 3562 3222 obuoo

299 3262 481 3332 χάριτι
511 3261 611 3332 μὲν
657 3261 792 3314 Θεοῦ
831 3259 917 3313 διὰ
961 3259 1061 3329 τῆς
1098 3259 1233 3323 ἰδίας
1266 3259 1464 3330 σαρκὸς
1510 3259 1650 3328 ὑπὲρ
1679 3257 1878 3320 παντὸς

301 3353 564 3420 ἐγεύσατο
591 3352 844 3417 θανάτου,
867 3351 1062 3414 θεῖκῶς
1099 3368 1161 3419 γε
1195 3351 1298 3420 μὴν
1331 3349 1554 3410 ἀνεϐίω.
1594 3369 1612 3400 ι
1646 3349 1770 3402 καθ’
1795 3349 1878 3401 ὅτι

300 3446 400 3496 οὐκ
426 3441 492 3512 ἦν
521 3443 744 3494 δυνατὸν
771 3440 1090 3510 κρατεῖσθαι
1115 3439 1275 3491 αὐτὸν
1308 3438 1398 3489 ὑπ’
1424 3436 1588 3488 αὐτοῦ
1620 3434 1663 3488 ι.
1692 3457 1710 3487 ο
1733 3437 1880 3490 Ταύ-

301 3551 372 3606 τῃ
395 3551 497 3598 τοι,
526 3533 736 3598 κατάγε
760 3532 883 3592 τοὺς
915 3530 1116 3600 ἀρτίως
1133 3529 1267 3597 ἡμῖν
1287 3527 1646 3589 ἀποδοθέντας
1658 3527 1877 3594 λόγους,

304 3624 604 3694 ὲγηγέρθαι
646 3623 863 3690 λέγεται
888 3621 1041 3690 παρὰ
1064 3618 1158 3672 τοῦ
1182 3619 1416 3689 Πατρός.
1446 3617 1590 3688 Πλὴν
1617 3620 1790 3670 ἐκεῖνο
1817 3618 1880 3688 δὴ

303 3714 467 3767 πάλιν
525 3713 658 3783 φέρε
681 3711 780 3780 δὴ,
819 3709 952 3779 φέρε
983 3708 1433 3777 καταθρήσωμεν,
1461 3707 1509 3760 εἰ
1537 3706 1703 3759 δοκεῖ’
1736 3709 1879 3760 Ζωο-

304 3804 550 3874 ποιήσειν
572 3803 673 3872 ἔφη
700 3803 790 3854 τὸν
813 3800 1031 3872 Πατέρα
1053 3799 1146 3853 καὶ
1163 3799 1230 3852 τά
1253 3800 1284 3869 ἡ
1294 3799 1410 3869 μῶν
1433 3797 1661 3870 σώματα
1680 3796 1767 3850 διὰ
1785 3796 1880 3850 τοῦ

304 3891 620 3962 Πνεύματος
648 3891 814 3945 αὑτοῦ
837 3890 1176 3952 ἐνοικοῦντος
1201 3889 1259 3942 ἐν
1287 3891 1439 3960 ἡμῖν’
1461 3890 1556 3942 καὶ
1585 3889 1783 3960 ἀληθὲς
1798 3889 1881 3942 ὃτι

303 3986 362 4037 τὸ
381 3983 571 4054 χρῆμά
588 3986 754 4048 ἐστιν,
773 3983 872 4035 οὐκ
897 3982 962 4035 ἂν
985 3981 1275 4034 ὲνδοιάσειέ
1303 3997 1405 4042 τις’
1440 3980 1556 4034 ἀλλ’
1581 3981 1712 4033 αὐτὸ
1735 3979 1798 4051 δὴ
1821 3979 1882 4032 τὸ

304 4075 529 4144 Πνεῦμα
543 4074 604 4126 τὸ
620 4073 940 4138 ζωοποιοῦν,
965 4072 1056 4126 καὶ
1073 4071 1235 4124 αὑτοῦ
1251 4072 1475 4142 Πνεῦμά
1491 4073 1606 4124 ἐστι
1620 4070 1877 4142 Χριστοῦ·

304 4167 610 4237 γέγραπται
642 4165 771 4235 γὰρ,
810 4165 892 4217 ἔτι
921 4182 941 4216 ι
964 4165 1153 4234 Ὑμεῖς
1185 4165 1282 4234 μὲν
1316 4165 1415 4217 οὐκ
1444 4163 1568 4216 ἐστέ
1598 4165 1654 4217 ἐν
1684 4163 1879 4234 σαρκὶ,

305 4345 378 4398 Εἰ·
400 4346 456 4398 δέ
485 4363 567 4408 τις
589 4345 814 4415 Πνεῦμα
843 4343 1078 4415 Χριστοῦ
1104 4344 1204 4396 οὐκ
1236 4344 1370 4414 ἔχει,
1404 4337 1562 4407 οὗτος
1595 4344 1694 4397 οὐκ
1736 4343 1881 4397 ἐστιν

304 4439 492 4493 αὐτοῦ.
539 4459 558 4491 ι
610 4440 720 4492 Καὶ
765 4439 926 4492 πάλιν
974 4439 1101 4507 περὶ
1157 4437 1265 4490 τῶν
1315 4437 1490 4505 ἁγίων
1543 4437 1877 4490 ἀποστόλωνο

1987 3260 2135 3313 xium
2169 3259 2426 3324 induerit,
2475 3256 2634 3328 1'75
2674 3257 2847 3326 gratia
2893 3256 2983 3311 Dei
3011 3273 3107 3326 per
3139 3258 3412 3327 propriam
3443 3271 3564 3310 car-

1982 3365 2102 3403 nem
2129 3365 2226 3418 pro
2249 3351 2500 3405 omnibus
2520 3349 2758 3419 gustavit
2788 3357 3019 3403 mortem
3043 3348 3086 3381 ³⁷
3116 3364 3130 3414 ;
3163 3362 3347 3402 verum
3377 3348 3561 3402 divina

1981 3441 2185 3493 virtute
2215 3441 2282 3492 ad
2312 3443 2479 3492 vitam
2510 3441 2692 3505 rediit,
2727 3458 2746 3491 ι
2776 3449 3048 3505 quatenus
3078 3440 3413 3509 impossibile
3442 3450 3564 3496 erat

1983 3541 2012 3579 a
2044 3537 2218 3580 morte
2248 3527 2397 3579 illum
2435 3528 2688 3581 teneri”.
2721 3547 2741 3580 ι
2772 3528 2854 3582 01)
2887 3529 2984 3584 has
3029 3531 3214 3599 itaque
3257 3532 3497 3588 rationes
3528 3549 3560 3589 a

1981 3615 2144 3671 Patre
2176 3629 2207 3670 e
2237 3616 2465 3670 mortuis
2503 3622 2868 3672 exsuscitatns
2894 3620 3118 3673 dicitur.
3169 3619 3288 3675 Jam
3314 3637 3443 3678 vero
3468 3639 3562 3680 ae-

1983 3715 2190 3772 curate,
2233 3706 2279 3760 si
2311 3706 2545 3771 videtur,
2597 3707 2991 3774 expendamus,
3034 3709 3309 3776 quomodo
3342 3710 3558 3767 Patrem

1984 3797 2231 3852 mortalia
2259 3812 2476 3868 quoque
2511 3807 2696 3851 noSIra
2721 3811 2950 3867 corpora
2987 3812 3084 3867 per
3106 3798 3371 3866 Spiritum
3402 3816 3560 3856 suum

1983 3889 2074 3958 qui
2109 3889 2319 3944 habitat
2364 3890 2416 3943 in
2451 3889 2629 3954 nobis,
2660 3889 3061 3944 viviﬁcaturum
3095 3889 3370 3959 praedicet.
3411 3890 3559 3947 Vivi-

1983 3980 2166 4036 ﬁcabit
2200 3982 2403 4050 itaque,
2437 3995 2612 4049 neque
2646 3981 2712 4035 de
2747 3980 2906 4049 hujus
2934 3983 3011 4036 rei
3037 3981 3266 4037 veritate
3311 3984 3562 4041 dubitare

1983 4073 2162 4129 licet:
2219 4082 2595 4128 verumtamen
2638 4073 2777 4127 idem
2828 4073 2920 4128 ille
2976 4073 3222 4129 vivillcns
3285 4074 3557 4145 Spiritus,

1983 4160 2183 4216 Christi
2221 4175 2440 4230 quoque
2479 4159 2724 4230 Spiritus
2753 4169 2857 4216 est.
2913 4159 3188 4231 Scriptum
3239 4171 3326 4219 est
3372 4167 3558 4221 enim:

1987 4271 2007 4304 ι
2044 4255 2152 4308 Vos
2189 4269 2292 4308 nou
2324 4255 2459 4310 estis
2489 4255 2540 4308 in
2568 4269 2756 4320 carne,
2789 4257 2884 4310 sed
2937 4257 2991 4311 in
3040 4257 3269 4325 spiritu;
3300 4259 3345 4314 si
3379 4269 3559 4316 tamen

1985 4343 2223 4415 Spiritus
2247 4347 2337 4400 Dei
2373 4347 2585 4401 habitat
2614 4347 2666 4400 in
2705 4346 2879 4401 vobis.
2917 4347 2972 4402 Si
3010 4349 3134 4416 quis
3175 4358 3354 4403 autem
3387 4350 3562 4418 Spiri-

1985 4448 2096 4491 tum
2141 4438 2344 4493 Christi
2394 4453 2500 4494 non
2563 4439 2744 4503 habet,
2780 4439 2868 4494 hic
2899 4455 3008 4495 non
3043 4448 3122 4495 est
3178 4441 3380 4510 ejus”.
3422 4462 3442 4494 ›
3495 4443 3558 4498 Et

309 4551 328 4582 ‹
374 4531 646 4594 meam;
674 4530 730 4583 δὲ
763 4531 901 4582 κατά
928 4531 1028 4602 τὴν
1061 4529 1296 4593 Μυσίαν,
1338 4528 1627 4599 ἐπείραζον
1657 4531 1739 4592 εἰς
1778 4531 1876 4599 τὴν

1985 4546 2200 4585 rursum
2236 4533 2302 4586 de
2355 4531 2559 4586 sanctis
2605 4531 2866 4601 apostolis
2919 4533 2993 4586 ita
3052 4533 3328 4587 scribitur.
3375 4552 3392 4585 ι
3421 4533 3555 4589 Cum

305 4623 555 4675 Βιθυνίαν
609 4623 977 4693 πορευθῆναι,
1029 4622 1124 4675 καὶ
1177 4621 1277 4673 οὐκ
1330 4623 1513 4674 εἴασεν
1566 4621 1762 4684 αὐτοὺς
1812 4620 1873 4672 τὸ

303 4713 527 4783 Πνεῦμα
579 4713 670 4766 τοῦ
733 4715 926 4783 Ἰησοῦ.
987 4733 1005 4766 ι
1067 4713 1198 4765 Ὅτε
1248 4713 1428 4764 τοίνυν
1481 4711 1612 4764 ῐδιόν
1660 4713 1775 4764 ἐστι
1813 4711 1876 4763 τὸ

305 4807 524 4875 Πνεῦμα
552 4808 644 4859 καὶ
671 4807 833 4859 αὑτοῦ
857 4806 949 4858 τοῦ
981 4805 1379 4876 ἐγηγερμένου,
1411 4805 1590 4856 καίτοι
1618 4804 1711 4858 τοῦ
1737 4803 1871 4857 Θεοῦ

301 4899 395 4950 καὶ
437 4897 646 4966 lla-:96;
685 4895 1075 4960 ζωοποιοῦντος
1123 4898 1271 4966 ἡμᾶς
1318 4898 1376 4948 ὲν
1408 4895 1718 4965 Πνεύματι,
1756 4895 1875 4959 πῶς

302 4992 445 5041 ἐστιν
484 4987 874 5058 ἀμφιϐάλλειν,
909 4989 990 5040 ὅτι
1033 4989 1348 5059 πέπρακται
1385 4988 1481 5058 μὲν
1527 4989 1656 5058 περὶ
1687 4987 1748 5040 τὸ
1776 4989 1872 5041 ἁν-

302 5080 573 5150 υρώπινον
609 5084 641 5150 ἡ
673 5082 986 5142 ἀνάστασις,
1018 5081 1292 5152 ἐνήργηκε
1333 5082 1388 5132 δέ
1417 5079 1477 5132 τὸ
1511 5080 1698 5150 χρῆμα
1733 5077 1873 5150 μετά

300 5173 394 5226 τοῦ
416 5174 544 5225 ἰδίου
573 5174 783 5241 Πατρὸς
806 5173 833 5222 6
860 5172 918 5237 ἐξ
957 5173 1121 5226 αὑτοῦ
1147 5173 1288 5226 κατά
1318 5173 1478 5240 φύσιν
1501 5172 1632 5235 Θεὸς
1664 5171 1837 5239 Λόγος
1855 5206 1872 5235 ,

299 5261 361 5320 οῦ
390 5266 482 5317 καὶ
505 5265 634 5317 ἴδιόν
669 5267 784 5318 ἐστι
812 5265 871 5316 τὸ
903 5264 1124 5334 Πνεῦμα
1155 5265 1214 5318 τὸ
1239 5263 1535 5329 ζωοποιοῦν
1560 5280 1575 5329 ;

373 5487 418 5520 ³⁸
441 5488 594 5542 Rom.
625 5502 701 5552 Vl,
732 5486 819 5541 l5.
917 5485 960 5515 ³³
983 5484 1137 5539 Rom.
1172 5498 1286 5549 vm,
1317 5483 1401 5538 ll.

1481 5482 1522 5513 ³⁷
1562 5481 1723 5536 Hebr.
1766 5495 1825 5545 It,
1863 5480 1943 5536 19.

1978 4621 2260 4675 venissent
2291 4630 2468 4674 autem
2513 4623 2566 4674 in
2595 4619 2845 4690 Mysiam,
2874 4622 3154 4674 tentabant
3187 4620 3264 4672 ire
3285 4620 3337 4673 iu
3371 4617 3558 4690 Bithy-

1983 4712 2164 4776 niam;
2200 4719 2253 4765 et
2287 4726 2390 4763 uou
2426 4709 2677 4779 permisit
2707 4724 2802 4763 eos
2831 4709 3070 4777 Spiritus
3099 4709 3318 4764 Jesu“.
3362 4727 3382 4761 ι
3417 4709 3554 4764 Cum

1984 4801 2221 4871 Spiritus
2241 4817 2369 4871 ergo
2393 4801 2560 4869 ipsius
2589 4813 2807 4869 quoque
2838 4801 3151 4854 exsuscitati
3183 4799 3433 4870 proprius
3461 4800 3550 4860 sit,

1981 4879 2330 4961 quantumvis
2381 4891 2524 4945 Deus
2565 4889 2728 4944 Pater
2770 4891 2822 4944 in
2865 4889 3074 4960 Spiritu
3136 4906 3236 4946 nos
3278 4889 3554 4945 viviﬁcare

1981 4981 2222 5046 dicatur;
2249 4981 2369 5048 quis
2400 4979 2641 5048 ambigat
2693 4983 3150 5036 resurrectionem
3178 4981 3230 5034 in
3258 4980 3552 5034 humanam

1978 5081 2226 5125 naturam
2261 5071 2326 5123 ad
2373 5086 2494 5125 cum
2533 5071 2748 5141 modum
2797 5071 3082 5134 cecidisse,
3123 5077 3182 5121 ut
3215 5083 3333 5121 eam
3373 5076 3551 5119 tamen

1977 5160 2120 5215 Deus
2157 5160 2394 5215 Verbum
2441 5177 2547 5214 uua
2594 5176 2716 5216 cum
2755 5161 2933 5226 Patre,
2983 5175 3046 5213 ex
3087 5173 3197 5227 quo
3231 5157 3552 5212 naturaliter

1975 5253 2241 5324 procedit,
2266 5251 2530 5314 ell‘ecerit,
2566 5252 2722 5318 cujus
2748 5252 2995 5306 vivillcns
3023 5249 3111 5304 ille
3151 5248 3388 5318 Spiritus
3425 5263 3554 5318 pro-

1975 5343 2124 5413 prius
2160 5357 2376 5411 quoque
2415 5341 2626 5396 exsistit
2645 5340 2668 5394 ?

2025 5479 2070 5511 ³⁸
2098 5479 2217 5532 Act.
2253 5493 2312 5540 ιι,
2343 5476 2432 5532 24,
2542 5477 2586 5509 ³⁹
2609 5475 2768 5533 Rom.
2805 5489 2927 5540 vui,
2953 5473 3006 5528 9.
3121 5471 3162 5504 “
3193 5470 3310 5526 Act.
3340 5486 3458 5537 xvr,
3496 5474 3550 5526 7.

2542 5477 2586 5509 ’°
2609 5475 2768 5533 Rom.
2805 5489 2927 5542 Vill,
2953 5473 3006 5528 9.

1395 5598 1569 5654 Variae
1593 5597 1853 5654 lectiones
1880 5591 2080 5650 codicis
2113 5591 2471 5663 Seguieriani.

377 5717 400 5757 κ
436 5717 580 5790 ὑμῖν.
661 5713 677 5754 ι
712 5713 815 5768 ὑπὸ
842 5713 934 5767 τοῦ
961 5711 1212 5770 θανάτου.
