3942 6128
388 377 524 467 ιλιι
1378 372 1437 429 S.
1477 368 1754 428 CYRILLI
1786 366 2265 433 ΑιΕΧΑΝὒΙυΝΙ
2307 362 2627 423 ARCHIEI’.
3528 359 3660 416 liii

457 504 593 564 LIV.
626 521 645 556 ι
674 501 757 557 An
789 501 1218 573 experimentum
1246 503 1487 571 qumritis
1516 502 1655 574 ejus,
1675 505 1765 574 qui
1798 504 1850 558 in
1881 517 1965 557 me

2137 501 2263 557 NA'.
2304 504 2326 555 ἰ
2365 502 2430 555 Ei
2461 501 2517 555 δὲ
2562 496 2791 572 δοκιμὴν
2832 496 3046 569 ζητεῖτε
3074 491 3168 550 τοῦ
3214 492 3276 549 ὲν
3310 492 3441 566 ἐμοὶ
3482 502 3525 535 πί
3568 496 3664 549 λα-

386 600 627 669 loquitnr
653 596 941 652 Christus:
971 596 1063 664 qui
1094 595 1146 648 in
1183 593 1338 649 nobis
1377 610 1482 649 non
1512 595 1841 664 inﬁrmatur,
1873 597 1968 650 sed

385 700 579 760 potens
600 697 680 742 est
713 687 767 740 in
805 685 1002 740 vobis?
1033 684 1168 738 Nam
1199 685 1303 741 etsi
1334 684 1631 741 cruciﬁxus
1665 695 1749 742 est
1779 702 1846 741 ex
1881 686 1967 741 in-

387 782 665 843 ﬁrmitate,
685 778 781 832 sed
801 777 935 830 vivit
959 792 1025 830 ex
1049 775 1252 831 virtute
1278 775 1542 832 Dei.Nam
1571 784 1625 831 et
1648 792 1747 831 nos
1767 774 1967 831 inﬁrmi

388 887 575 928 smnus
602 871 655 924 in
700 869 832 923 illo:
863 869 957 923 sed
984 869 1230 922 vivemus
1264 883 1385 923 cum
1423 882 1489 922 eo
1532 882 1598 922 ex
1632 867 1835 921 virtute
1873 862 1969 920 Dei

389 965 442 1018 in
466 961 618 1016 vobis
640 960 709 1013 δι.
733 979 752 1011 ι
774 956 1028 1013 Nonnulli
1060 972 1249 1015 eorum
1277 959 1370 1028 qui
1407 959 1774 1025 crediderunt,
1801 955 1970 1012 oti‘en-
2003 1004 2006 1009 .

389 1055 595 1111 sionem
623 1053 689 1106 de
733 1050 962 1106 Domino
994 1059 1182 1108 nostro
1209 1047 1339 1106 Jesu
1369 1050 1591 1106 Christo
1615 1065 1680 1103 ex
1711 1064 1970 1119 quorum-

390 1145 513 1200 dam
569 1143 914 1198 sermonibus
958 1144 1135 1211 passi,
1183 1142 1237 1197 in
1289 1142 1557 1213 ejusmodi
1612 1141 1971 1211 cogitationes

388 1235 697 1309 praecipites
722 1235 971 1311 abierant
1000 1252 1013 1286 ι
1055 1235 1110 1287 Si
1146 1249 1307 1288 verus
1337 1234 1477 1289 Deus
1512 1242 1650 1296 crat,
1681 1230 1972 1285 naturalis-

389 1341 493 1395 que
515 1328 900 1395 omnipotentis
922 1323 1012 1379 Dei
1035 1324 1737 1390 Filius,eurltomicidarum
1780 1336 1971 1377 manus

391 1434 501 1473 non
533 1417 760 1487 elIugit?
791 1433 913 1471 nam
948 1417 1428 1486 probrosissimam
1457 1417 1508 1471 in
1538 1430 1699 1470 cruce
1741 1423 1968 1467 mortem

388 1509 735 1578 perferendo,
776 1507 1005 1573 intelligi
1063 1523 1167 1561 non
1218 1516 1415 1577 potest,
1440 1506 1712 1575 quomodo
1735 1515 1788 1559 et
1832 1504 1971 1558 Deus

390 1601 685 1663 exstiterit,
718 1610 774 1654 et
802 1599 1238 1668 cruciﬁgentiqu
1271 1609 1451 1652 tamen
1485 1597 1737 1651 manibus
1791 1611 1971 1651 cosse-

388 1692 479 1757 rit,
511 1691 824 1759 nostrisque
866 1688 1280 1742 inﬁrmitatibus
1326 1686 1623 1741 obstrictus
1676 1684 1860 1739 fuerit.
1892 1678 1967 1737 Ad

388 1785 698 1852 huiusmodi
741 1794 921 1838 autem
976 1782 1343 1851 cogitationes
1389 1782 1582 1837 beatus
1642 1780 1843 1837 Paulus
1898 1781 1968 1834 ita

387 1880 714 1946 respondet:
747 1874 803 1929 Si
842 1873 1125 1929 volueritis
1162 1874 1300 1943 apud
1328 1874 1539 1929 animos
1585 1884 1798 1928 vestros
1829 1872 1971 1927 serio
2001 1869 2045 1924 Β

390 1971 763 2035 considerare,
788 1968 1104 2037 quisnamet
1127 1968 1303 2036 qualis
1323 1967 1396 2021 sit
1415 1967 1507 2037 qui
1526 1968 1580 2022 in
1605 1981 1691 2022 me
1712 1966 1970 2037 loquitur,

388 2077 452 2117 ea
479 2061 668 2116 sedulo
704 2067 1044 2129 reputantes,
1063 2074 1186 2127 quae
1210 2060 1277 2114 ad
1302 2074 1400 2115 nos
1432 2068 1700 2129 spectant,
1724 2059 1972 2113 idoneam

388 2170 512 2209 mox
568 2155 690 2208 nodi
739 2152 899 2221 hujus
936 2150 1257 2205 solutionem
1306 2152 1608 2222 reperietis.
1659 2151 1776 2207 Non
1826 2150 1970 2206 enim

388 2247 638 2302 inﬁrmus
661 2244 764 2299 fuit
793 2246 844 2299 in
865 2245 1041 2309 nobis,
1081 2244 1239 2317 175
1266 2246 1360 2300 sed
1392 2260 1487 2315 per
1518 2243 1777 2314 Spiritum
1813 2256 1970 2297 suum

388 2347 796 2410 praepotentem,
850 2336 1106 2393 virtutem
1159 2336 1644 2407 eﬁicacitatemque
1690 2341 1969 2412 ostendit;

391 2432 548 2486 talem
592 2431 874 2497 nimirum,
899 2433 1123 2485 ut'eitra
1155 2446 1369 2485 Omnem
1405 2431 1779 2489 diﬁlcultatem
1803 2450 1972 2506 quos-

387 2528 471 2582 vis
531 2527 859 2581 irruentium
923 2524 1284 2578 tentationum
1342 2523 1573 2592 impetus
1628 2528 1969 2596 propulsare,

388 2619 713 2686 cunctisque
758 2616 1114 2671 alﬁictionum
1164 2614 1457 2670 insultibus
1518 2616 1766 2670 animose
1818 2618 1969 2672 obsi—

388 2723 533 2767 stere
577 2710 756 2765 liceat.
785 2709 925 2776 Quid
958 2709 1132 2779 ergo?
1171 2709 1314 2764 dicet
1340 2709 1561 2778 aliquis,
1593 2724 1625 2765 o
1655 2709 1844 2777 Paule,
1900 2727 1968 2765 an

387 2819 496 2858 non
554 2803 895 2857 infirmitatis
939 2802 1198 2863 indicium
1245 2802 1348 2855 fuit
1401 2818 1619 2857 crucem
1660 2805 1972 2859 sustinere?

386 2895 538 2950 Itane
567 2910 697 2950 vero
725 2910 786 2949 ea
822 2910 910 2949 res
956 2895 1173 2949 virtutis
1201 2906 1582 2964 argumentum
1612 2897 1866 2952 exstitit?
1899 2914 1966 2951 au

388 2987 619 3043 divinae?
668 2987 888 3041 Minime
937 2976 1203 3056 gentium,
1257 2987 1454 3057 inquit.
1517 2987 1770 3058 Agnosco
1819 2987 1967 3043 enim

388 3078 536 3133 illum
580 3093 749 3133 carne
785 3079 1117 3133 inﬁrmatam
1155 3093 1296 3146 esse,
1342 3096 1533 3136 rursus
1563 3092 1745 3135 autem
1786 3082 1966 3136 divina

385 3170 594 3223 virtute
623 3168 922 3223 revixisse:
961 3182 1084 3220 nam
1126 3169 1269 3224 Deus
1305 3180 1499 3223 natura
1547 3180 1688 3225 erat.
1733 3170 1842 3224 Cur
1874 3172 1969 3241 igi-

2068 594 2290 659 λοῦντος
2332 591 2571 666 Χριστοῦ
2597 631 2611 658 ,
2660 592 2720 655 ὃς
2765 594 2848 655 εἰς
2893 592 3042 662 ἡμᾶς
3087 590 3189 644 οὐκ
3231 586 3493 652 ἀσθενεῖ,
3526 588 3663 642 ἄλὶά

2067 688 2281 741 δυνατεῖ
2305 697 2331 725 η
2359 687 2416 739 ὲν
2448 688 2598 757 ἡμῖν.
2640 684 2753 738 Καὶ
2785 683 2896 754 γὰρ
2956 684 3006 737 εἰ
3043 681 3365 754 ἐσταυρώθη
3404 681 3466 745 ἐξ
3502 680 3664 735 ἀσθε-

2069 778 2252 844 νείας,
2291 777 2426 833 ἀλλά
2459 777 2525 848 ζῇ
2572 776 2638 831 ὲκ
2679 776 2962 846 δυνάμεως
3005 773 3161 829 Θεοῦ.
3197 774 3311 828 Καὶ
3357 775 3469 845 γὰρ
3502 773 3667 842 ἡμεῖς

2069 868 2403 939 ἀσθενοῦμεν
2444 870 2501 921 ὲν
2545 866 2734 938 αὐτῷ,
2785 865 2922 919 ἀλλά
2968 864 3209 935 ζήσομεν
3250 864 3353 916 σὺν
3400 861 3550 932 αὐτῷ
3603 863 3668 915 ὲκ

2068 960 2354 1033 δυνάμεως
2396 956 2532 1014 Θεοῦ
2585 961 2667 1024 είς
2705 958 2869 1030 ὑμᾶς.
2904 977 2932 1011 -ι
2985 955 3475 1019 Ἑσκανδαλίζοντό
3519 970 3668 1017 τινες

2069 1055 2178 1107 τῶν
2234 1051 2676 1107 πεπιστευκότων
2708 1050 2787 1115 είς
2842 1048 2935 1103 τὸν
2990 1048 3197 1120 Κύριον
3253 1047 3415 1118 ἡμῶν
3456 1045 3669 1117 Ἰησοῦν

2068 1145 2159 1199 τὸν
2184 1143 2439 1214 Χριστὸν,
2471 1145 2611 1214 τάχα
2653 1160 2753 1196 που
2781 1142 2957 1211 λόγος
2985 1144 3097 1205 τοῖς
3130 1142 3284 1213 παρά
3307 1156 3476 1193 τινων
3509 1143 3670 1193 ἐπεν-

2070 1236 2388 1308 ηνεγμένοις
2413 1244 2434 1266 °
2492 1235 2624 1306 πρὸς
2697 1233 2906 1297 ἑννοίας
2944 1232 3240 1296 τοιαύτας⁶
3266 1232 3371 1285 Ἐἰ
3415 1230 3554 1294 Θεὸς
3599 1222 3669 1301 ἦν

2069 1327 2319 1399 ἀληθῶς,
2360 1328 2455 1380 καὶ
2484 1314 2613 1389 Υἱὸς
2656 1324 2800 1379 κατά
2833 1329 2993 1387 φύσιν
3035 1324 3133 1378 τοῦ
3165 1325 3344 1378 πάντα
3386 1321 3670 1393 ἰσχύοντος

2070 1419 2237 1484 Θεοῦ,
2273 1419 2390 1484 πῶς
2424 1419 2486 1472 οὐ
2518 1418 2703 1488 διέδρα
2732 1418 2832 1481 τὰς
2863 1416 2973 1471 τῶν
3011 1415 3297 1485 φονῶν-των
3332 1414 3664 1479 ὲπιϐουλάςς

2070 1511 2188 1575 πῶς
2237 1510 2292 1563 δὲ
2322 1512 2416 1564 καὶ
2448 1511 2750 1580 ἀτιμότατα
2770 1520 2795 1558 Ρ
2822 1508 2914 1562 τὸν
2946 1508 3039 1562 ἐπὶ
3069 1507 3227 1573 ξύλου
3264 1506 3504 1561 θάνατον
3533 1508 3665 1559 duo

2069 1605 2200 1667 τλὰς
2224 1646 2239 1671 ,
2270 1605 2371 1659 οὐκ
2424 1599 2490 1657 ἂν
2530 1604 2706 1679 νοοῖτο
2752 1601 2848 1654 καὶ
2901 1599 3048 1670 μάλα
3103 1598 3331 1664 εἰκότως
3363 1597 3663 1666 ἀσθενῆσαι

2069 1697 2192 1751 καθ’
2230 1696 2378 1766 ἡμᾶς
2398 1735 2414 1761 ,
2436 1693 2532 1748 καὶ
2559 1692 2659 1762 τῆς
2688 1691 2799 1745 τῶν
2833 1689 3211 1761 σταυροῦντων
3246 1690 3525 1762 ἡττῆσθαι
3549 1709 3663 1762 χειο

2073 1790 2187 1862 ρὸς;
2210 1787 2355 1859 Πρὸς
2379 1786 2444 1859 δὴ
2465 1785 2530 1840 τά
2557 1785 2736 1840 τοιάδε
2766 1784 2931 1855 φησὶν
2963 1785 2992 1837 ὁ
3026 1782 3314 1847 θεσπέσιος
3339 1782 3577 1847 Παῦλος·
3606 1781 3665 1835 El

2073 1880 2181 1952 γὰρ
2206 1879 2270 1952 δὴ
2297 1877 2577 1950 βούλοισθε
2615 1875 2932 1948 δοκιμάζειν
2967 1875 3145 1947 ὀρθῶς
3166 1917 3182 1941 ,
3219 1875 3301 1939 τίς
3327 1873 3395 1929 ἂν
3430 1877 3546 1945 εῖη,
3573 1875 3666 1928 καὶ

2077 1973 2240 2036 πόσος
2265 1973 2294 2026 ὁ
2331 1967 2507 2025 λαλῶν
2546 1970 2605 2023 ὲν
2633 1969 2757 2039 ἐμοὶ
2780 2007 2797 2033 ,
2826 1967 2895 2022 τὰ
2932 1968 3056 2021 καθ’
3095 1965 3241 2038 ὑμᾶς
3274 1967 3478 2030 αὐτοὺς
3510 1967 3665 2021 ἔννε-

2075 2063 2330 2137 νοηκότες
2354 2101 2370 2127 ,
2403 2060 2735 2132 ἀποχρῶσαν
2773 2059 3035 2132 εὑρήσετε
3077 2060 3180 2129 τὴν
3209 2057 3533 2128 κατάληψιν.
3582 2058 3665 2111 Οὐ

2074 2156 2184 2228 γὰρ
2206 2155 2507 2227 ἠσθένησεν
2551 2154 2609 2206 ἑν
2645 2154 2796 2222 ἡμῖν,
2827 2151 3074 2223 ἀπέφηνε
3100 2151 3157 2204 δὲ
3192 2150 3385 2222 μᾶλλον
3409 2148 3667 2204 δυνατώ-

2072 2265 2233 2302 τατον
2279 2257 2307 2297 τι
2351 2247 2439 2299 διὰ
2489 2241 2759 2298 τοῦίδίου
2803 2242 3160 2314 Πνεύματος,
3205 2241 3349 2297 ὥστε
3398 2241 3668 2296 δύνασθαι

2074 2338 2276 2403 παντὸς
2300 2336 2778 2407 κατσυμεγεθῆσαι
2808 2334 3117 2407 πειρασμοῦ
3142 2337 3238 2389 καὶ
3264 2334 3412 2405 μάλα
3442 2334 3665 2406 ῥᾳδίως,

2074 2433 2167 2487 καὶ
2196 2434 2314 2495 ταῖς
2342 2430 2452 2484 τῶν
2484 2429 2673 2484 παθῶν
2713 2428 2924 2498 ἐφόδοις
2955 2427 3345 2499 ἀντιφέρεσθαι
3379 2426 3669 2491 νεανικίυςα

2073 2525 2138 2578 Τί
2167 2520 2282 2592 οὖν,
2309 2517 2354 2577 ὦ
2386 2522 2598 2587 Παῦλε,
2630 2523 2766 2593 φαίη
2796 2539 2880 2585 τις
2905 2520 2995 2588 ἂν,
3047 2522 3147 2575 ούκ
3176 2521 3476 2585 ἀσθενείας
3509 2521 3666 2592 ἔργον

2073 2618 2179 2689 φὴς
2204 2612 2345 2671 εἶναι
2384 2616 2445 2669 τὸ
2475 2617 2768 2685 ὑπομεῖναι
2809 2614 3064 2686 σταυρὸν,
3100 2613 3217 2667 ἀλλ’
3252 2612 3490 2678 ἔνδειξιν
3528 2608 3667 2665 εἶναι

2070 2710 2138 2764 τδ
2163 2709 2350 2780 χρῆμα
2378 2707 2693 2778 δυνάμεως;
2719 2702 2789 2760 *Α
2802 2723 2870 2778 ρα
2907 2706 3007 2774 τῆς
3036 2705 3389 2777 θεοπρεποῦς
3411 2723 3428 2773 ;
3454 2706 3669 2776 Οὑμεν·

2070 2800 2186 2864 οῦν,
2223 2798 2413 2868 φησίν.
2445 2798 2726 2868 Ὁμολογῶ
2753 2798 2861 2867 γὰρ
2888 2798 3051 2853 αὑτὸν
3078 2797 3456 2868 ἡσθενηκέναι
3489 2799 3664 2870 σαρκὶ,

2072 2890 2237 2961 ζῆσαι
2259 2890 2315 2942 δὲ
2344 2888 2507 2944 πάλιν
2532 2890 2597 2943 ὲκ
2616 2889 2900 2959 δυνάμεως
2924 2886 3081 2942 Θεοῦ·
3105 2887 3239 2952 Θεὸς
3256 2888 3376 2960 γὰρ
3396 2884 3469 2960 ἦν
3492 2889 3663 2957 φύσει.

2072 2985 2197 3047 Πῶς
2217 2978 2309 3036 οὖν
2333 2983 2599 3052 ἠσθένησε
2624 2998 2639 3045 ;
2663 2982 3035 3054 Συγχωρήσας
3060 2980 3140 3050 τῷ
3171 2981 3290 3052 ἰδίῳ
3325 2980 3548 3053 σώματι
3578 2982 3664 3034 καὶ

2072 3074 2305 3129 θανάτου
2328 3073 2629 3142 γεύσασθαι
2657 3073 2724 3126 δι’
2776 3075 2924 3144 ἡμᾶς
2944 3115 2961 3139 ,
2996 3092 3016 3125 ι
3067 3072 3157 3126 ἴνα
3180 3073 3271 3127 διά
3305 3075 3407 3127 τοῦ
3440 3074 3661 3129 θανάτου

2072 3167 2393 3237 καταργήσῃ
2423 3164 2515 3218 τὸν
2546 3165 2606 3217 τὸ
2630 3165 2829 3236 κράτος
2863 3164 3055 3235 ἔχοντα
3084 3163 3179 3217 τοῦ
3209 3164 3451 3219 θανάτου
3470 3206 3487 3229 ,
3513 3182 3663 3219 τουτ-

393 3270 505 3325 tur,
533 3267 628 3314 aut
655 3258 928 3327 quomodo
956 3258 1262 3314 inﬁrmatus
1306 3260 1433 3314 est?
1473 3261 1752 3329 proprium
1798 3263 1965 3317 etiam

2072 3256 2188 3310 ἐστι
2225 3257 2316 3310 τὸν
2373 3255 2645 3321 διάϐολον,
2678 3257 2772 3309 καὶ
2803 3255 3085 3327 ἀπαλλάξῃ
3117 3255 3346 3320 τούτους
3378 3258 3498 3310 ὅσοι
3521 3257 3666 3327 φόϐῳ

388 3366 586 3420 corpus
608 3358 836 3403 mortem
864 3349 1033 3401 nostri
1062 3364 1225 3403 causa
1256 3350 1544 3419 degustare
1575 3351 1785 3419 sinens,
1814 3372 1835 3405 ‹
1860 3369 1968 3423 quo

389 3441 649 3497 nimirum
697 3453 794 3508 per
834 3448 1061 3499 mortem
1096 3440 1399 3496 destrueret
1456 3457 1579 3497 eum
1639 3444 1729 3512 qui
1770 3448 1969 3502 mortis

388 3533 623 3589 habebat
659 3533 974 3603 imperium,
1013 3533 1118 3589 hoc
1146 3543 1231 3588 est
1264 3533 1579 3603 diabolum;
1622 3545 1677 3591 et
1708 3537 1971 3593 liberaret

388 3639 484 3681 eos
504 3624 595 3694 qui
624 3624 823 3679 timore
845 3624 1038 3679 mortis
1061 3639 1158 3692 per
1182 3634 1351 3680 totam
1378 3626 1544 3679 vitam
1561 3625 1784 3682 obnoxii
1810 3637 1969 3683 erant

387 3716 731 3773 servituti“;
757 3733 777 3768 ι
814 3715 947 3771 Cum
976 3716 1145 3785 igitur
1178 3714 1391 3771 modica
1415 3718 1711 3774 secundum
1746 3734 1966 3775 carnem

386 3805 678 3862 inﬁrmitas
710 3807 797 3860 bis
837 3806 1031 3860 salutis
1052 3820 1222 3861 causa
1260 3808 1536 3862 exstiterit
1559 3808 1651 3878 qui
1683 3809 1785 3863 sub
1829 3811 1969 3866 caalo

385 3901 532 3959 sunt,
556 3895 826 3962 quomodo
855 3909 959 3949 non
1003 3894 1205 3963 oppido
1237 3895 1462 3951 decebat
1512 3908 1710 3952 uteam
1742 3899 1968 3955 inﬁrmi-

387 3994 554 4040 tatem
618 3987 849 4051 subiret,
894 4002 1003 4055 quo
1065 3998 1299 4042 mortem
1340 3989 1686 4045 destrueret?
1747 3995 1968 4062 proprio

386 4077 587 4146 templo
619 4077 818 4133 iterum
849 4078 1143 4144 viviﬁcato,
1177 4079 1433 4136 omnibus
1479 4081 1824 4137 admirationi
1862 4093 1964 4150 est,

388 4184 500 4227 non
532 4185 629 4238 per
659 4170 840 4226 carnis
872 4169 1270 4236 inﬁrmitatem,
1318 4173 1412 4228 sed
1456 4188 1555 4243 per
1588 4173 1844 4229 virtutem
1881 4177 1968 4230 di»

384 4262 567 4318 vinam
597 4263 700 4318 hoc
720 4271 1018 4331 praestans:
1047 4281 1065 4313 ι
1091 4262 1188 4319 Est
1213 4262 1356 4318 enim
1386 4264 1475 4320 ille
1499 4265 1672 4321 Patris
1703 4265 1871 4322 virtus
1892 4267 1964 4333 ⁸³,

385 4363 439 4411 et
468 4354 800 4409 resurrectio
856 4363 914 4409 et
967 4354 1160 4409 vita“.
1192 4373 1211 4405 ι
1265 4354 1408 4410 Vivit
1464 4356 1649 4427 itaque
1718 4373 1963 4428 semper;

384 4448 497 4501 vita
530 4460 762 4515 namque
808 4455 911 4501 est.
943 4446 1132 4516 Neque
1159 4448 1514 4504 dubitandmn
1568 4460 1653 4507 est
1705 4453 1837 4523 quin
1866 4470 1966 4510 nos

387 4551 603 4607 quoque
632 4538 761 4591 olim
791 4538 899 4592 vita
941 4553 1064 4593 cum
1099 4538 1188 4593 illo
1217 4537 1435 4595 fruituri
1473 4541 1666 4607 simus,
1702 4544 1791 4614 qui
1825 4562 1966 4601 nunc

2072 3347 2301 3411 θανάτου
2329 3347 2419 3401 διὰ
2448 3349 2649 3411 παντὸς
2675 3347 2769 3401 τοῦ
2808 3348 2909 3419 ζῇν
2944 3350 3117 3427 ἔνοχοι
3155 3344 3301 3419 ἦσαν
3331 3349 3595 3427 δουλείας.
3636 3367 3656 3400 ι

2072 3440 2201 3495 Ὅτε
2227 3440 2408 3494 τοίνυν
2449 3439 2507 3493 τὸ
2534 3439 2833 3510 ἀσθενῆσαι
2861 3422 3059 3511 βραχὺ,
3096 3442 3244 3496 κατὰ
3262 3458 3331 3510 τε
3362 3422 3465 3513 τήν
3489 3442 3664 3513 σάρκα

2070 3533 2251 3603 φημὶ,
2285 3532 2560 3603 σωτηρίας
2602 3526 2671 3602 ἦν
2719 3531 2991 3604 πρόφασις
3036 3534 3148 3595 τοῖς
3180 3533 3284 3585 sva
3334 3534 3524 3586 πᾶσαν
3572 3533 3662 3601 τὴν

2069 3625 2163 3677 ὑπ’
2193 3624 2446 3693 οὐρανὸν,
2495 3622 2616 3686 πῶς
2657 3622 2759 3676 οὐκ
2803 3622 2912 3675 ἔδει
2970 3623 3165 3677 παθεῖν
3214 3623 3317 3694 τὴν
3354 3624 3661 3678 ἀσθένειαν.

2070 3716 2157 3770 ἵνα
2187 3715 2254 3769 δι’
2283 3716 2456 3785 αὐτῆς
2491 3716 2819 3788 καταργήσῃ
2864 3716 2958 3770 τὸν
3003 3714 3237 3769 θάνατον
3254 3732 3272 3782 ;
3302 3716 3662 3788 Θαυμάζεται

2069 3808 2231 3863 πάλιν
2254 3808 2346 3862 τὸν
2377 3805 2571 3862 ἑαυτοῦ
2599 3806 2946 3877 ζωοποιήσας
2966 3806 3094 3861 ναὸν
3116 3847 3132 3870 ,
3157 3807 3260 3860 οὐκ
3281 3807 3347 3873 ἐξ
3378 3809 3664 3870 ἀσθενείας

2067 3897 2226 3951 τοῦτο
2277 3896 2560 3968 κατορθῶν
2610 3898 2879 3969 σαρκικῆς
2904 3937 2920 3963 ,
2965 3896 3079 3949 ἀλλ’
3129 3896 3203 3959 ὡς
3253 3898 3322 3949 ὲκ
3373 3898 3664 3968 δυνάμεως

2068 3990 2226 4046 θεοῦ·
2261 3988 2454 4043 «Ἔστι
2477 3989 2534 4042 δὲ
2562 3989 2723 4053 αὐτὸς
2752 3990 2784 4060 ὴ
2809 3989 3042 4060 δύναμις
3066 3989 3162 4042 τοῦ
3196 3990 3440 4059 Πατρδς,
3469 3993 3506 4062 ἠ
3538 3992 3663 4044 avi.

2071 4102 2259 4148 στασις
2283 4084 2380 4139 καὶ
2398 4087 2431 4155 ἡ
2461 4084 2631 4155 ζωή.»
2665 4086 2745 4155 Ζῇ
2770 4083 3063 4154 τοιγαροῦν
3079 4083 3326 4157 ἀείοζωὴ
3356 4087 3470 4158 γάρ
3492 4089 3660 4140 ἐστιν.

2070 4180 2194 4233 Ὅτι
2221 4178 2278 4232 δὲ
2307 4177 2402 4231 καὶ
2441 4179 2600 4248 ἡμεῖς
2629 4176 2872 4248 ζήσομεν
2898 4177 2997 4230 σὺν
3033 4177 3181 4248 αὐτῷ
3203 4215 3220 4242 ,
3252 4179 3664 4252 συνησθενηκὸ·

2066 4286 2159 4333 τες
2184 4268 2334 4338 αὐτῷ
2357 4309 2373 4333 ,
2407 4268 2550 4322 κατά
2576 4284 2642 4334 γε
2673 4267 2736 4320 τὸ
2766 4266 3135 4338 ἀποθνήσκειν
3165 4268 3340 4334 τέως,
3378 4270 3431 4322 εί
3474 4272 3572 4324 καὶ
3608 4272 3665 4322 ἐν

2068 4362 2282 4415 ἐλπίσιν
2311 4358 2477 4431 ἐσμὲν
2502 4360 2600 4431 τῆς
2623 4360 2706 4424 είς
2729 4359 2905 4412 αἰῶνα
2939 4359 3112 4431 ζωῆς,
3148 4360 3269 4425 πῶς
3300 4362 3458 4414 ἐστιν
3490 4364 3665 4433 ipes.

2069 4453 2283 4518 6αλεῖν;
2328 4451 2554 4506 Ἀνεὸἱω
2580 4450 2691 4523 γὰρ
2718 4454 2783 4505 ἐκ
2811 4451 3023 4523 νεκρῶν
3046 4492 3063 4520 ,
3108 4451 3229 4516 ὁδὸς
3267 4455 3352 4516 είς
3388 4454 3544 4526 ζωὴν
3572 4473 3667 4524 γε.

2068 4544 2240 4615 γονὼς
2280 4546 2348 4615 τῇ
2398 4543 2579 4613 φύσει.
2632 4542 2864 4614 Εἴρηται
2909 4543 3020 4615 γὰρ
3068 4545 3421 4616 πρωτότοκος
3471 4550 3541 4601 ἐκ
3580 4566 3667 4602 νε-

388 4629 550 4684 simul
566 4644 687 4685 cum
707 4629 796 4684 illo
815 4629 1130 4686 inﬁrmitate
1146 4630 1416 4701 iactamur
1435 4643 1663 4689 mortem
1687 4636 1962 4705 obeundo,

2071 4635 2239 4707 κρῶν,
2276 4654 2296 4686 ι
2351 4636 2448 4688 καὶ
2483 4653 2501 4686 ι
2531 4633 2753 4707 ἀπαρχὴ
2782 4634 2894 4688 τῶν
2921 4636 3366 4706 κεκοιμημένων.
3406 4655 3429 4688 ο

386 4723 633 4789 quamvis
678 4732 824 4778 certa
876 4734 1091 4779 aeternae
1146 4740 1241 4795 spe
1299 4736 1686 4785 sustentemur.
1735 4729 1953 4789 Revixit
1991 4734 2136 4791 enim
2182 4745 2249 4786 ex
2341 4728 2594 4794 mortuis,
2650 4739 2860 4785 natura
2918 4739 3122 4785 nostras
3213 4731 3319 4785 iter
3372 4732 3443 4785 ad
3495 4734 3663 4787 vitam

387 4812 677 4866 muniens:
745 4817 1045 4883 appellatus
1116 4829 1203 4873 est
1268 4819 1414 4874 enim
1484 4842 1505 4873 τ
1556 4824 1956 4895 primogenitus
1994 4844 2062 4885 et
2126 4825 2359 4879 mortuis
2379 4823 2448 4891 “,
2476 4842 2494 4875 ι
2533 4832 2590 4878 et
2630 4841 2650 4874 ι
2692 4824 2950 4894 ρι-ἰιιιίιίω
2979 4824 3367 4879 dormientium
3393 4824 3511 4879 “.-

458 4900 567 4957 ΙΝ.
602 4919 623 4953 ‹
654 4902 816 4957 Nunc
845 4906 1024 4960 anima
1074 4922 1193 4962 mea
1224 4910 1441 4965 turbata
1468 4920 1574 4965 est.
1609 4912 1673 4966 Et
1724 4915 1853 4983 quid
1884 4917 1967 4970 di-

2136 4915 2266 4967 NE'.
2302 4931 2321 4965 ι
2348 4912 2464 4966 Νῦν
2498 4914 2532 4983 ἡ
2559 4913 2705 4985 ψυχή
2736 4930 2839 4984 μου
2868 4913 3227 4982 τετάρακται.
3259 4916 3375 4970 Καὶ
3394 4917 3453 4969 τί
3478 4918 3661 4979 sim;

386 4994 555 5050 eam?
585 4992 766 5061 Pater,
807 4995 954 5049 salva
1000 5011 1087 5051 me
1116 5013 1183 5053 ex
1221 5000 1326 5055 hac
1369 5003 1524 5058 hora.
1583 5001 1695 5059 Sed
1745 5016 1966 5078 propter

2071 5007 2288 5077 Πάτερ,
2321 5005 2494 5059 σῶσόν
2541 5022 2610 5073 με
2652 5006 2719 5058 ἐκ
2770 5005 2870 5075 τῆς
2911 5003 3061 5076 ῶρας
3097 5008 3325 5076 ταύτης.
3375 5008 3544 5061 Ἀλλά
3574 5009 3665 5060 διὰ

323 5092 328 5099 ‘
387 5086 491 5142 hoc
527 5086 648 5141 veni
689 5086 743 5140 in
784 5086 973 5149 horam
1020 5091 1162 5144 hanc
1182 5091 1250 5145 ιτ.
1290 5108 1308 5142 ι
1341 5117 1412 5160 τ-
1452 5111 1471 5146 ι
1503 5093 1691 5162 Pater,
1724 5099 1962 5153 elariﬁea

2071 5096 2225 5151 τοῦτο
2247 5093 2411 5168 ἦλθον
2432 5099 2511 5160 εἰς
2525 5097 2625 5167 τὴν
2644 5096 2800 5168 ὥραν
2825 5098 3191 5168 ταύτην.›-ι
3203 5099 3411 5169 Πάτερ,
3432 5101 3662 5166 δόξατόν

385 5173 581 5231 Filium
616 5187 766 5233 tuum
788 5177 855 5233 "".
889 5197 909 5232 ι
962 5179 1030 5234 Et
1055 5181 1164 5235 alio
1195 5182 1313 5238 loco
1362 5200 1608 5243 rursum:
1651 5208 1668 5240 ι
1704 5189 1767 5242 Et
1796 5192 1966 5258 coepit

2071 5207 2164 5246 σου
2192 5192 2281 5244 τὸν
2299 5191 2446 5244 Υἰόν.
2486 5209 2505 5242 ι
2542 5190 2653 5244 Καὶ
2675 5190 2861 5245 πάλιν·
2894 5208 2915 5242 ι
2943 5192 3188 5262 Ἤρξατο
3217 5191 3534 5253 λυπεῖσθαι,
3563 5194 3661 5248 καὶ

387 5269 701 5325 contristari
753 5279 809 5326 et
855 5282 1084 5328 utmstus
1134 5289 1277 5344 esse,
1314 5285 1369 5331 et
1417 5279 1590 5334 dixit:
1636 5281 1834 5337 Tristis
1882 5291 1966 5337 est

2071 5282 2379 5354 ἀδημονεῖν,
2418 5283 2513 5336 καὶ
2541 5282 2742 5350 λέγειν·
2772 5282 3084 5353 Περίλυπός
3118 5286 3272 5337 ἐστιν
3303 5287 3338 5355 ἡ
3367 5285 3521 5356 ψυχή
3551 5302 3658 5356 μου

467 5416 580 5504 “All!
607 5421 735 5504 Co_r_.
768 5441 890 5504 gn".
918 5428 973 5491 5,
1003 5428 1056 5482 4.
1090 5431 1178 5504 ,ξ’
1204 5431 1367 5504 Hebr.
1405 5451 1443 5496 ι,
1475 5436 1561 5502 M,
1598 5436 1685 5490 15.
1767 5436 1812 5469 ⁸³
1840 5436 1858 5489 l
1890 5436 1965 5493 Co

2074 5478 2086 5500 ,
2113 5436 2205 5491 21.
2284 5436 2330 5469 ⁸⁵
2358 5435 2513 5492 Joan.
2546 5451 2622 5504 xl,
2649 5436 2741 5491 25.
2819 5438 2863 5470 "
2897 5438 3112 5497 Coloss.
3154 5455 3191 5503 ι,
3234 5439 3316 5493 l8.
3397 5441 3445 5472 “
3480 5441 3650 5495 lCor.

392 5502 481 5555 xv,
508 5489 602 5545 20.
678 5494 723 5525 "
757 5494 913 5551 Joau.
957 5489 1055 5563 ιιριι,
1084 5500 1174 5554 27.
1254 5503 1298 5534 ⁸³
1323 5489 1480 5560 Joan.
1520 5489 1743 5570 x'vn,l.

1501 5636 1673 5694 Varia:
1706 5640 1968 5697 lectiones
1999 5640 2208 5699 codicis
2230 5640 2597 5703 Seauiertani.

466 5773 506 5807 ⁸³
532 5768 684 5839 θμῖνο
757 5781 786 5810 ⁸
809 5769 1077 5827 ἀδυνατεῖ.
1151 5783 1178 5812 ο
1209 5776 1648 5850 ἐπενηνεγμένοι.
1730 5793 1757 5832 P
1792 5764 2147 5855 ἀτιμότατον.
2228 5794 2255 5835 q
2283 5783 2715 5852 δυνατωτάτους,
2742 5776 2875 5858 [vel]
2920 5783 3300 5855 δυνατωτάτην

3872 69 3884 267 l
