3942 6128
1029 358 1122 416 AD
1158 355 1463 415 REGINAS
1498 358 1590 417 DE
1626 358 1859 419 REC'I'A
1895 363 2055 423 FIDE
2086 369 2352 432 ORATIO
2388 375 2690 439 ALTERA.

209 470 317 537 ἕως
362 466 652 533 θανάτου.’
676 496 697 531 ι
730 476 846 534 Καὶ
884 476 1068 578 πάλιν
1123 501 1145 534 ι
1188 481 1302 537 Καὶ
1324 484 1589 555 φωνήσας
1634 489 1779 560 φωνῇ

1893 490 2072 548 anima
2104 509 2223 552 mea
2249 512 2423 570 usque
2453 503 2521 560 ad
2554 515 2786 563 mortem
2803 505 2873 565 δ’.
2910 527 2931 565 ι
2962 508 3030 567 Et
3058 512 3313 570 rursum:
3351 535 3371 570 ι
3409 519 3476 578 Et

212 565 422 638 μεγάλῃ
471 570 500 621 6
559 569 765 640 Ἰησοῦς
788 608 805 637 ,
860 564 981 626 εἶπε
1002 589 1017 605 ο
1069 574 1252 646 Πάτερ
1276 615 1292 640 ,
1352 577 1436 639 εἰς
1476 577 1667 647 χεῖράς
1696 595 1791 632 σου

206 658 552 732 παρατίθημι
576 670 601 700 τ
624 662 686 716 τὸ
708 661 930 736 πνεῦμά
958 681 1084 736 μου.
1116 684 1138 719 ι
1169 668 1233 719 Oi
1257 666 1362 737 τῆς
1410 667 1790 741 Ἀπολιναρίου

206 747 365 820 δόξης
411 751 713 824 ⁴ἡττώμενοι
772 757 868 809 καὶ
918 755 989 812 τά
1048 756 1199 829 αὐτῷ
1248 757 1514 814 δοκοῦντα
1574 763 1792 833 φρονεῖν

208 840 481 911 ᾑρημένοι
501 883 516 909 ,
548 842 895 915 ἐνιστάμενοι
926 863 987 900 τε
1029 849 1125 902 καὶ
1152 848 1442 918 λέγοντες,
1476 848 1684 921 ἄψυχόν
1727 869 1791 907 τε

209 934 303 987 καὶ
326 935 487 989 ἄνουν
517 924 786 1009 ύπάρχειν
823 939 916 993 τὸν
940 939 1213 996 ἑνωθέντα
1248 941 1329 1013 τῷ
1365 941 1524 1013 Λόγῳ
1549 942 1694 1010 ναὸν,
1737 944 1791 998 τί

207 1020 272 1092 δὴ
300 1020 409 1095 ἄρα
451 1028 608 1094 φαῖεν
637 1027 724 1095 ἂν,
770 1030 1127 1102 γεγραφότων
1168 1033 1301 1104 ἡμῖν
1338 1033 1409 1088 τὰ
1457 1033 1637 1088 τοιάδε
1680 1034 1790 1089 τῶν

208 1115 385 1183 ἁγίων
412 1118 816 1188 εὐαγγελιστῶν
838 1123 1085 1197 περὶτοῦ
1108 1124 1325 1179 πάντων
1349 1124 1507 1196 ἡμῶν
1537 1126 1790 1198 Σωτῆρος

206 1207 481 1278 Χριστοῦ;
509 1210 710 1277 Πτοίας
742 1212 842 1284 μιν
873 1215 984 1288 γὰρ
1004 1256 1020 1282 ,
1052 1219 1150 1271 καὶ
1187 1218 1364 1289 λύπης
1383 1261 1397 1285 ,
1438 1221 1537 1274 καὶ
1571 1221 1681 1276 τῶν
1709 1223 1790 1286 εἰς

206 1297 408 1353 δειλίαν
455 1303 801 1372 αῖτιαμάτων
834 1307 1188 1374 ἀνεπίδεκτος
1234 1310 1515 1375 παντελῶς
1564 1312 1650 1384 εῐη
1699 1312 1785 1380 ἂν,

204 1390 352 1444 κατὰ
373 1409 438 1461 γε
464 1393 525 1446 τὸ
552 1394 722 1459 εἰκὸς,
753 1397 786 1467 ἡ
820 1396 939 1452 θεία
971 1414 1033 1453 τε
1066 1404 1161 1455 καὶ
1188 1402 1448 1457 ἀνωτάτω
1483 1403 1576 1457 τοῦ
1611 1404 1787 1473 Λόγου

206 1480 389 1550 φύσις.
419 1485 824 1556 Παραιτήσεται
863 1488 974 1562 γὰρ
1000 1493 1078 1555 εἰς
1107 1488 1254 1547 ἄπαν
1291 1493 1352 1547 τὸ
1394 1493 1453 1548 ἐν
1488 1511 1552 1563 γε
1579 1495 1790 1560 τούτοις

204 1567 348 1626 εἷναί
377 1591 507 1627 ποτε
529 1616 544 1641 ,
569 1576 663 1629 καὶ
694 1577 883 1634 παθῶν
906 1580 1044 1646 ὅλως
1080 1582 1189 1636 τῶν
1238 1584 1360 1638 καθ’
1386 1587 1537 1656 ἡμᾶς
1564 1590 1664 1640 οὑκ
1696 1587 1790 1641 ἀν-

202 1664 407 1731 έξεται.
444 1665 615 1739 Σῶμα
644 1669 701 1723 δὲ
747 1672 913 1726 πάλιν
945 1671 1150 1744 ἄψυχόν
1185 1692 1246 1729 τε
1292 1675 1387 1730 καὶ
1409 1677 1567 1731 ἄνουν
1592 1677 1692 1732 οὐκ
1721 1677 1788 1733 ἂν

200 1758 509 1825 εἰσδέξαιτο
535 1762 732 1834 λύπην,
764 1765 881 1820 ἀλλ’
912 1768 1020 1821 οὐδ’
1045 1768 1111 1824 ἄν
1138 1772 1409 1843 ἐννοήσειέ
1435 1790 1491 1826 τι
1518 1773 1626 1827 τῶν
1658 1791 1788 1828 σκυ-

200 1849 476 1921 θρωπῶν,
529 1853 561 1925 ἢ
613 1853 706 1910 τὸν
749 1858 815 1911 ὲκ
860 1857 972 1913 τῶν
1031 1859 1251 1917 ἔσεσθαι
1315 1866 1784 1939 προσδοκωμένων

201 1943 607 2016 προαναθρήσει
635 1946 820 2011 φόϐον.
854 1949 1025 2003 Πάθοι
1058 1951 1102 2004 δ’
1132 1951 1199 2006 ἂν
1228 1953 1298 2007 τὰ
1330 1956 1508 2010 τοιάδε
1548 1959 1692 2013 κατά
1718 1977 1783 2029 γε

200 2031 265 2085 τὸ
301 2034 485 2099 πᾶσιν,
519 2036 594 2100 ὥς
619 2054 681 2105 γε
723 2034 877 2109 οἶμαι
903 2080 918 2107 ,
949 2040 1158 2096 δοκοῦν.
1201 2045 1362 2119 Ψυχὴ
1390 2048 1582 2120 λογικὴ
1611 2068 1783 2107 κατα·-

203 2126 543 2199 σκεπτομὲνη
575 2128 653 2199 τῷ
701 2129 773 2201 νῷ
811 2131 881 2184 τά
900 2148 961 2184 τε
995 2126 1404 2206 ἤδηπαρόντα,
1433 2138 1529 2192 καὶ
1556 2142 1694 2211 πρός
1718 2159 1782 2210 γε

198 2215 412 2281 τούτοις
436 2218 506 2272 τὰ
544 2221 957 2293 συμϐησόμενα.
995 2227 1119 2291 Πῶς
1147 2225 1241 2283 οὖν
1262 2231 1369 2301 ἄρα
1399 2234 1563 2302 φησὶν
1589 2237 1617 2287 6
1653 2236 1784 2306 Ἐμ-

201 2310 465 2380 μανουήλι
504 2330 522 2363 ι
554 2312 669 2366 Νῦν
717 2317 749 2386 ἠ
780 2314 925 2387 ψυχή
960 2334 1061 2388 μου
1105 2321 1437 2389 τετάρακται
1466 2340 1480 2389 ;
1523 2343 1542 2375 ›
1569 2324 1687 2392 πῶς
1725 2325 1783 2380 δὲ

196 2400 295 2453 καὶ
318 2400 520 2472 ἤρξατο
544 2402 831 2460 λυπεῖσθαι
880 2409 978 2461 καὶ
1020 2410 1355 2481 ἀδημονεῖν;
1408 2415 1438 2485 ἢ
1480 2416 1572 2468 καὶ
1624 2419 1779 2471 ποῖον

195 2489 337 2554 ὅλως
372 2495 453 2556 εἰς
498 2497 689 2567 χεῖρας
723 2496 819 2550 τοῦ
844 2498 979 2552 Θεοῦ
1016 2501 1108 2554 καὶ
1137 2502 1352 2573 Πατρὸς
1376 2505 1645 2575 παρέθετο
1671 2506 1777 2580 [τὸ]

198 2582 454 2655 πνεῦμα,
494 2589 543 2640 ει
572 2589 667 2641 καὶ
705 2590 805 2660 τῆς
839 2589 1095 2663 θεότητος
1119 2592 1181 2646 τὸ
1213 2595 1402 2665 χρῆμά
1447 2599 1594 2651 ὲστιν
1626 2600 1781 2653 ἀλλό-

191 2691 368 2746 τριον,
396 2680 490 2732 καὶ
517 2680 652 2751 μηδὲ
676 2681 846 2752 μόνης
867 2683 1078 2754 ἀψύχου
1104 2688 1342 2756 σαρκός;
1372 2688 1644 2760 Πρόδηλον
1663 2686 1776 2758 οὖν,

190 2767 279 2820 ὃτι
305 2768 527 2837 γέγονεν
571 2771 856 2844 ἄνθρωπος
882 2777 910 2828 6
944 2776 1258 2847 Μονογενὴς
1281 2817 1296 2843 ,
1344 2779 1445 2832 οὐκ
1474 2779 1680 2852 ἄψυχόν
1719 2799 1778 2835 τε

190 2858 290 2911 καὶ
343 2859 506 2914 ἄνουν
562 2863 720 2932 σῶμα
770 2864 971 2929 λαϐὼν,
1021 2866 1416 2938 ὲμψυχωμένον
1472 2871 1528 2924 δὲ
1577 2872 1779 2944 μᾶλλον

187 2949 340 3021 ψυχῇ
385 2952 478 3004 καὶ
504 2951 732 3024 λογικῇ,
793 2956 884 3010 καὶ
916 2955 1137 3021 τελείως
1168 2958 1370 3032 ἐχούσῃ
1416 2961 1560 3015 κατά
1591 2978 1655 3030 γε
1686 2962 1779 3016 τὸν

189 3044 330 3113 αὐτῇ
362 3044 638 3115 πρέποντα
678 3047 854 3115 λόγον.
896 3050 1002 3103 Καὶ
1037 3050 1226 3122 ὥσπερ
1260 3052 1558 3107 οἰκειοῦται
1592 3054 1771 3110 πάντα

186 3133 265 3185 τὰ
289 3134 381 3186 τοῦ
413 3135 543 3189 ἰδίου
572 3136 848 3206 σώματος,
877 3139 1020 3194 οὕτω
1052 3138 1145 3194 καὶ
1174 3141 1244 3195 τὰ
1272 3142 1371 3214 τῆς
1397 3144 1593 3215 ψυχῆς,
1627 3146 1774 3200 Ἐδει
1801 3169 1845 3228 C

186 3223 304 3294 γὰρ
331 3226 494 3280 αὐτὸν
525 3229 613 3282 διὰ
646 3232 844 3295 παντὸς
872 3232 1101 3302 ὁρᾶσθαι
1149 3233 1475 3305 πράγματος
1508 3235 1772 3307 σαρκικοῦ

186 3316 289 3369 καὶ
316 3316 547 3389 ψυχικοῦ
582 3320 647 3373 δι’
678 3323 822 3392 ἡμᾶς
850 3333 870 3359 ε
904 3324 1189 3393 γεγονότος
1228 3327 1273 3381 ι.
1341 3327 1540 3397 Ἐσμὲν
1581 3327 1638 3379 δὲ
1679 3329 1773 3383 καὶ

184 3410 356 3477 ἡμεῖς
387 3412 450 3461 ἐκ
482 3411 660 3480 ψυχῆς
685 3413 910 3483 λογικῆς
948 3431 1007 3467 τε
1036 3416 1131 3468 καὶ
1171 3416 1440 3485 σώματος.
1476 3419 1685 3489 Ὥσπερ
1717 3420 1774 3472 δὲ

184 3501 552 3570 οἰκονομικῶς
582 3504 989 3577 ’συγκεχώρηκε
1018 3508 1083 3575 τῇ
1120 3506 1226 3576 ἰδίᾳ
1262 3508 1430 3577 σαρκὶ
1456 3508 1550 3560 καὶ
1577 3509 1773 3561 παθεῖν

186 3591 305 3644 ἔσθ’
335 3591 425 3642 ὅτε
476 3591 542 3643 τὰ
576 3572 682 3645 iam
707 3631 722 3655 ,
752 3592 895 3645 οὕτω
927 3594 1088 3648 πάλιν
1120 3596 1214 3649 καὶ
1257 3600 1322 3667 τῇ
1355 3596 1513 3667 ψυχῇ
1540 3597 1775 3668 συνεχώ-

193 3672 429 3751 ρησε-τὰ
456 3682 630 3733 οἰκεῖα
664 3681 872 3734 παθεῖν·
909 3684 1004 3737 καὶ
1032 3685 1092 3738 τὸ
1122 3685 1223 3756 τῆς
1263 3685 1544 3750 κενώσεως
1575 3686 1774 3758 μέτρον

185 3773 463 3843 τετήρηκε
489 3773 761 3845 πανταχοῦ
784 3813 799 3840 ,
839 3774 1016 3828 καίτοι
1042 3775 1172 3840 Θεὸς
1200 3777 1276 3831 ὼν
1298 3777 1488 3847 φύσει,
1513 3780 1607 3834 καὶ
1634 3779 1773 3851 ὑπὲρ

187 3864 377 3918 πᾶσαν
406 3864 504 3937 τὴν
550 3865 748 3920 κτίσιν.
784 3867 1149 3939 Παρατίθεται
1182 3869 1238 3922 δὲ
1283 3869 1343 3923 τὸ
1392 3870 1522 3925 ῖδιον
1558 3869 1773 3942 πνεῦμα

184 3953 269 4025 τῷ
301 3955 421 4027 Θεῷ
466 3957 560 4010 καὶ
603 3957 813 4028 Πατρὶ,
846 3961 1095 4013 τουτέστι
1139 3962 1238 4033 τὴν
1292 3962 1584 4016 ἐνωθεῖσαν
1626 3961 1773 4033 αὐτῷ

182 4046 391 4119 ψυχὴν,
429 4049 515 4102 ἵνα
547 4052 693 4121 ἡμᾶς
725 4052 818 4104 καὶ
847 4052 935 4106 διὰ
975 4053 1165 4106 τούτου
1208 4052 1370 4108 πάλιν
1411 4053 1769 4126 εύεργετήσῃ.

181 4139 365 4193 Πάλαι
396 4140 494 4212 μὲν
520 4145 631 4213 γὰρ
657 4143 1126 4215 ἀπαλλαττόμεναι
1147 4145 1254 4197 τῶν
1281 4144 1549 4216 σωμάτων
1573 4147 1631 4197 ὲν
1659 4147 1771 4210 τοῖς

183 4232 298 4286 ὑπὸ
320 4231 483 4303 χθόνα
515 4238 705 4304 μυχοῖς
730 4237 786 4289 αξ
811 4236 918 4289 τῶν
952 4235 1255 4307 ἀνθρώπων
1285 4237 1455 4307 ψυχαὶ
1486 4237 1769 4324 κατεπέμ-

181 4335 384 4386 ποντο,
414 4321 717 4392 πληροῦσαι
757 4324 826 4377 τὰ
853 4321 947 4376 τοῦ
993 4323 1224 4377 θανάτου
1254 4321 1520 4395 ταμιεῖα(
1552 4326 1771 4399 Ἐπειδὴ

179 4411 246 4464 δὲ
277 4412 510 4481 Χριστὸς
534 4414 595 4468 τὸ
621 4415 752 4469 ἴδιον
783 4414 1009 4487 Πνεῦμα
1040 4416 1312 4488 παρέθετο
1333 4418 1410 4489 τῷ
1433 4419 1609 4490 Πατρὶ
1627 4461 1642 4485 ,
1677 4421 1771 4474 καὶ

1886 580 2138 639 clamans
2179 600 2311 646 voce
2356 607 2549 662 magna
2598 594 2777 663 Jesus,
2818 599 2896 654 ait
2924 618 2939 657 :
2965 598 3152 669 Pater,
3191 604 3244 659 in
3284 620 3497 661 manus.

1900 675 2023 727 tuas
2044 679 2365 734 commendo
2396 683 2644 750 spiritum
2674 690 2938 745 meum”.
2970 709 2990 743 ι
3023 690 3125 759 Qui
3147 695 3472 763 Apollinarii

1854 762 2204 830 .opinionem
2247 784 2568 842 sequuntur,
2624 778 2979 853 ejusdemque
3025 762 3312 843 sententiae
3340 787 3474 843 sul)-

1893 854 2177 925 scribunt;
2204 860 2259 916 hi
2296 866 2548 935 templum
2603 869 2713 925 Deo
2742 873 2975 940 unitum,
3024 874 3266 933 inanime
3289 894 3353 933 ac
3386 893 3475 933 ra-

1895 945 2041 1003 tione
2073 951 2396 1027 destitutum
2443 956 2616 1014 fuisse
2647 965 3017 1019 contendunt:
3057 969 3151 1025 sed
3205 969 3336 1039 quid
3370 969 3471 1033 illi.

1892 1038 2145 1107 obsecro,
2190 1047 2518 1112 respondere
2546 1062 2794 1120 possunt.
2822 1069 2946 1110 cum
2974 1068 3194 1115 sanctos
3224 1038 3466 1132 strange-

1886 1127 2046 1184 listas
2082 1131 2208 1188 talia
2250 1136 2315 1190 de
2356 1140 2599 1194 omnium
2650 1153 2897 1199 nostrum
2945 1147 3230 1205 Salvatore
3273 1127 3471 1207 litteris

1890 1221 2197 1288 prodidisse
2237 1224 2462 1294 legunt?
2483 1227 2616 1285 Nam
2662 1233 2823 1304 176
2852 1236 3025 1306 cujus,
3051 1253 3260 1308 quaeso,
3300 1242 3471 1298 tristi-

1886 1309 2000 1376 tiae,
2057 1322 2152 1367 aut
2222 1329 2410 1372 eorum
2465 1321 2712 1376 omnium
2785 1342 2905 1395 quae
2963 1338 3167 1383 metum
3214 1343 3467 1402 arguunt,

1891 1414 2102 1459 summa
2138 1406 2225 1461 illa
2275 1409 2563 1480 divinaque
2598 1414 2760 1471 Verbi
2804 1427 2998 1473 natura
3033 1422 3248 1477 tandem
3297 1439 3466 1495 capax

1844 1514 1851 1525 ε
1890 1503 2011 1547 esse
2032 1495 2240 1563 queat?
2266 1496 2435 1567 Major
2471 1510 2557 1555 est
2605 1503 2769 1571 enim,
2800 1520 2961 1576 quam
2996 1525 3116 1579 quae
3161 1512 3467 1570 istiusmodi

1888 1582 2053 1638 rebus
2091 1584 2197 1639 ulla
2241 1597 2394 1656 parte
2440 1591 2600 1660 allici,
2651 1604 2745 1649 aut
2793 1596 2916 1652 ullis
2948 1601 3171 1656 omnino
3218 1601 3470 1661 humanis

1891 1675 2395 1741 perturbationibus
2442 1687 2773 1741 commoveri
2835 1689 3030 1744 valeat.
3085 1691 3151 1747 At
3225 1708 3355 1749 vero
3412 1694 3468 1751 in

1890 1779 2088 1835 corpus
2113 1783 2415 1840 sensusque
2443 1775 2750 1846 mentisque
2785 1794 2997 1849 expers,
3034 1783 3269 1841 tristitia:
3318 1785 3469 1841 dolo-

1817 1836 1860 1891 Β
1887 1857 2030 1913 risve
2064 1873 2260 1916 sensus
2296 1862 2494 1918 cadere
2518 1880 2623 1920 non
2672 1877 2852 1937 potest
2912 1888 2926 1925 :
2964 1872 3058 1927 sed
3092 1889 3267 1945 neque
3299 1877 3469 1933 mole-

1885 1951 2045 2006 Sliam
2076 1952 2263 2018 ullam,
2299 1964 2391 2010 aut
2422 1956 2590 2011 ullum
2617 1960 2839 2015 omnino
2874 1976 3162 2019 mmrorem
3189 1979 3254 2021 ex
3288 1966 3469 2023 immi-

1884 2043 2129 2098 neutium
2224 2046 2694 2105 incommodorum
2780 2054 3097 2123 provisione
3195 2060 3467 2131 concipiet

1884 2133 2210 2204 aliquando;
2265 2136 2530 2206 ejusmodi
2574 2151 2779 2207 autem,
2839 2143 2966 2197 dum
3010 2160 3132 2214 qu:e
3177 2152 3465 2216 praesentia

1885 2235 2034 2291 sunt,
2064 2235 2118 2281 et
2146 2228 2325 2284 adhuc
2355 2230 2536 2286 futura
2573 2233 2885 2303 trahuntur,
2923 2246 3104 2293 mente
3142 2251 3464 2310 pertractat.

1884 2318 2066 2373 anima
2104 2320 2333 2376 rationis
2377 2329 2432 2378 et
2460 2323 2832 2394 intelligentiae
2875 2342 3099 2397 compos
3139 2333 3250 2401 pati
3288 2333 3459 2391 solet:

1883 2407 1937 2463 id
1968 2411 2111 2479 quod
2146 2426 2356 2484 omnes,
2388 2423 2446 2467 ut
2479 2424 2629 2483 puto,
2665 2417 2921 2474 fatentur.
2963 2416 3244 2487 Quomodo
3279 2426 3463 2498 itaque

1881 2494 2205 2557 Emmanuel
2239 2503 2348 2559 ait:
2383 2524 2401 2557 ι
2435 2503 2591 2561 Nunc
2634 2509 2815 2563 anima
2849 2525 2965 2565 mea
3005 2515 3218 2570 turbata
3277 2494 3401 2572 esti
3435 2537 3455 2571 ι

1883 2596 2154 2661 quomodo
2182 2596 2324 2651 idem
2361 2600 2561 2654 taedere
2603 2616 2667 2657 ac
2729 2614 2959 2660 mmstus
3002 2620 3124 2661 esse
3155 2608 3339 2676 erepit,
3369 2619 3462 2663 aut

1880 2681 2092 2749 qualem
2125 2686 2341 2739 tandem
2375 2688 2625 2756 spiritum
2661 2691 2715 2745 in
2755 2709 2949 2750 manus
2974 2694 3150 2753 Patris
3182 2712 3462 2753 commem-

1881 2770 2048 2837 davit,
2079 2773 2123 2827 si
2161 2776 2260 2830 hoc
2295 2787 2350 2830 et
2379 2793 2409 2831 a
2435 2780 2717 2836 divinitate
2745 2798 2970 2852 prorsus
2998 2786 3233 2842 alienum
3269 2799 3373 2855 est,
3405 2799 3462 2843 et

1880 2877 1910 2917 a
1942 2879 2107 2920 carne
2132 2866 2244 2920 sola
2304 2868 2545 2925 inanima
2567 2872 2590 2925 ?
2611 2871 2965 2943 Perspicuum
3022 2889 3105 2933 est
3138 2895 3286 2950 ergo,
3321 2879 3459 2937 Uni-

1879 2953 2117 3019 genitum
2142 2969 2372 3026 corpore
2400 2973 2701 3030 assumpto,
2721 2979 2826 3018 non
2857 2966 3074 3035 quidem
3098 2967 3187 3022 illo
3212 2970 3457 3037 inanimi,

1879 3052 1973 3096 aut
2019 3057 2203 3101 mente
2258 3049 2542 3117 destituto,
2591 3055 2687 3109 sed
2733 3057 2912 3111 anima
2960 3058 3171 3119 ratione
3209 3063 3453 3131 praedita,

1878 3137 2179 3208 eademque
2213 3144 2480 3210 perfecta,
2529 3145 2633 3201 hoc
2680 3156 2786 3215 est,
2821 3152 3004 3204 omnia
3054 3167 3173 3222 quae
3217 3156 3282 3207 ad
3316 3152 3457 3211 illius

1878 3228 2143 3282 rationem
2169 3233 2467 3302 pertinent,
2501 3238 2716 3306 sortita,
2753 3241 3026 3298 viviﬁcuto
3054 3244 3453 3314 etviuformatu,

1877 3311 2151 3398 hominem
2190 3317 2392 3375 factum
2439 3337 2578 3379 esse.
2636 3323 2705 3383 Et
2766 3332 3218 3398 quemadmodum
3271 3311 3453 3392 omnia

1874 3393 1993 3473 qua:
2038 3409 2119 3462 sui
2150 3415 2390 3481 corporis
2418 3426 2543 3470 sunt
2582 3416 2684 3474 sibi
2739 3424 2984 3487 ascribit,
3022 3425 3095 3479 ita
3140 3435 3197 3480 et
3237 3441 3298 3481 ea
3332 3442 3453 3498 qua:

1875 3496 1942 3574 ad
1969 3498 2203 3551 animam
2232 3512 2501 3568 spectant.
2548 3507 2783 3564 Necesse
2824 3515 2966 3568 enim
3026 3516 3124 3571 l'uit
3157 3527 3214 3572 ut
3245 3519 3299 3573 iu
3335 3496 3455 3576 om-

1876 3583 2060 3648 nibus,
2094 3587 2210 3640 sive
2246 3604 2308 3641 ea
2345 3591 2412 3642 ad
2441 3593 2701 3659 animam,
2735 3597 2849 3651 sive
2883 3600 2948 3653 ad
2980 3616 3174 3671 corpus
3211 3608 3452 3675 pertine-

1874 3682 2018 3739 rent,
2058 3676 2213 3731 nobis
2242 3680 2659 3737 assimilaretur.
2690 3685 3018 3745 Constamus
3052 3702 3235 3748 autem
3262 3706 3313 3750 et
3354 3714 3452 3753 nos

1873 3777 1938 3817 ex
1974 3765 2155 3821 anima
2180 3772 2430 3826 rationali
2464 3781 2519 3828 et
2549 3789 2796 3846 corpore.
2835 3779 3199 3847 Quamobrem
3230 3797 3287 3840 ut
3310 3804 3450 3843 non-

1873 3869 2145 3925 nunquam
2174 3863 2405 3932 pr0priae
2439 3865 2589 3919 carni
2623 3882 2686 3921 ea
2717 3871 2833 3937 pati
2900 3871 3295 3938 dispensatorie
3322 3893 3449 3946 per»

1872 3949 2119 4006 mittebat
2186 3967 2305 4022 qua:
2355 3957 2534 4012 carnis
2588 3968 2716 4014 sunt
2773 3963 3030 4031 propria,
3088 3965 3169 4020 ita
3212 3970 3449 4025 animant

1871 4054 1968 4094 sua
1993 4056 2208 4113 quoque
2232 4047 2339 4113 pati
2369 4048 2638 4117 permisit.
2668 4050 2911 4125 Denique
2938 4053 3059 4110 licet
3088 4069 3283 4114 natura
3307 4061 3450 4117 Deus

1870 4142 2035 4199 esset,
2058 4137 2316 4208 omnique
2340 4138 2876 4213 creatura‘superior,
2907 4162 3026 4216 quae
3058 4158 3234 4205 tamen
3258 4154 3448 4207 exina-

1871 4218 2097 4280 nitionis
2148 4239 2326 4297 erant,
2385 4247 2447 4287 ea
2502 4248 2720 4304 semper
2787 4251 3045 4295 accurate
3114 4242 3444 4301 observavit.

1869 4314 2041 4373 Porro
2083 4327 2262 4374 autem
2308 4322 2557 4391 spiritum
2594 4343 2774 4393 suum,
2805 4330 2906 4385 hoc
2930 4341 3033 4398 est,
3076 4333 3310 4389 animam
3343 4338 3446 4392 sibi

1870 4411 2102 4478 unitam,
2138 4411 2250 4466 Deo
2278 4425 2331 4467 et
2366 4413 2515 4469 Patri
2554 4421 2920 4487 commendat,
2953 4432 3012 4476 ut
3036 4436 3175 4479 novo
3228 4441 3445 4482 rursum

176 4501 392 4575 ταύτην
436 4506 567 4575 ἡμῖν
616 4506 918 4560 ὲνεκαίνισε
961 4509 1062 4578 τὴν
1107 4508 1242 4563 ὁδόν.
1283 4508 1618 4580 Βαδιούμεθα
1661 4509 1769 4581 γὰρ

1880 4500 2137 4556 benelicio
2181 4519 2278 4573 per
2314 4505 2418 4560 hoc
2465 4521 2564 4562 nos
2599 4510 2857 4565 cumulet.
2894 4511 3174 4579 Quondam
3213 4531 3448 4588 namque

177 4595 289 4646 οὐκ
318 4596 395 4658 εἰς
436 4595 564 4666 ᾇδου
598 4598 791 4664 ποθὲν,
825 4598 1069 4670 ἑψόμεθα
1115 4597 1173 4651 δὲ
1222 4598 1442 4668 μᾶλλον·
1489 4598 1585 4652 καὶ
1623 4599 1765 4653 κατὰ

173 4685 345 4739 τοῦτο
382 4688 531 4758 αὐτῷ
557 4690 637 4759 τῷ
682 4692 858 4762 πιστῷ
889 4692 1087 4765 κτίστῃ
1106 4690 1203 4755 τὰς
1225 4690 1436 4745 ἑαυτῶν
1470 4691 1767 4763 παρατιθέ-

179 4794 342 4848 μενοι
370 4778 548 4850 coxa;
567 4783 668 4859 ,ﬁv
693 4781 906 4836 ἐλπίσιν
934 4784 1104 4853 ἐσμὲν
1148 4782 1406 4851 ἀγαθαῖς*
1453 4783 1636 4852 ἐγερεῖ
1662 4783 1769 4854 γὰρ

174 4869 435 4934 ἅπαντας
461 4874 489 4925 6
515 4873 765 4942 Χριστός.

1879 4594 2130 4648 humana:
2156 4596 2351 4650 anima:
2395 4599 2715 4667 corporibus
2742 4612 2919 4657 exuta:
2951 4603 3018 4658 ad
3063 4606 3446 4665 subterraneos

1878 4697 2128 4738 carceres
2180 4684 2621 4754 demittebantur,
2675 4692 2866 4745 mortis
2928 4696 3270 4763 receptacula
3338 4699 3448 4755 illic

1868 4775 2207 4842 impleturae:
2240 4786 2297 4831 at
2349 4792 2475 4832 vero
2510 4791 2861 4849 posteaquam
2910 4781 3160 4840 Christus
3197 4788 3446 4858 spiritum

1869 4880 2024 4919 suum
2059 4866 2111 4920 in
2176 4882 2372 4923 manus
2416 4866 2597 4924 Patris
2638 4873 3057 4941 commendavit,
3100 4877 3264 4932 etiam
3307 4879 3448 4935 hanc

1869 4958 2012 5011 viam
2046 4959 2203 5014 nobis
2235 4961 2554 5017 demutavit.
2574 4960 2685 5017 Nec
2713 4964 2857 5019 enim
2894 4982 3036 5022 iiunc
3069 4969 3448 5026 descendimus

180 5048 261 5104 ad
299 5047 519 5111 inferos.
555 5049 647 5103 sed
677 5048 869 5106 ducem
904 5060 1150 5108 nostrum
1179 5065 1320 5120 pone
1367 5050 1772 5121 subsequimur,
1815 5049 2122 5119 animisque
2140 5052 2339 5107 nostris
2359 5052 2434 5107 illi
2454 5054 2614 5108 veluti
2639 5054 2747 5111 lido
2803 5057 3075 5114 conditori
3116 5059 3442 5127 commissis,

178 5139 457 5206 tantisper
479 5139 615 5193 bona
649 5154 745 5208 spe
770 5140 1005 5196 vivimus
1035 5143 1212 5209 quoad
1236 5141 1488 5196 Christus
1519 5142 1802 5198 universos
1844 5140 2063 5196 tandem
2097 5142 2162 5196 ad
2196 5144 2359 5198 vitam
2388 5146 2688 5202 revocabit.

258 5230 401 5294 NCT.
451 5249 468 5279 ι
498 5229 697 5293 Καθὼς
722 5231 1005 5284 ἀπέστειλέ
1041 5249 1109 5302 με
1156 5233 1185 5284 6
1213 5230 1320 5296 ζῶν
1351 5232 1561 5304 Πατὴρ,
1607 5231 1763 5302 κάγὼ
1810 5298 1819 5321 Ι

170 5320 262 5385 ζῶ
293 5318 376 5371 διὰ
412 5318 500 5371 τὸν
535 5320 787 5390 Πατέρα’
820 5323 913 5374 καὶ
948 5324 975 5376 6
1003 5323 1232 5393 τρώγων
1265 5340 1352 5393 με,
1385 5324 1631 5388 κάκεῖνος
1661 5325 1761 5396 ζή-

172 5420 324 5463 οτειιι
371 5408 434 5461 δι’
469 5410 587 5477 ἐμέ.
617 5430 634 5461 ι
692 5412 896 5476 Ἡδέως
945 5413 1012 5467 ἂν
1062 5414 1345 5486 ἐπυθόμην
1386 5417 1493 5470 τῶν
1539 5419 1620 5481 εἰς
1668 5417 1763 5471 δύο

1944 5230 2083 5286 LVI.
2119 5249 2138 5282 ι
2178 5232 2328 5288 Sicut
2356 5237 2504 5291 misit
2532 5252 2620 5292 me
2654 5238 2840 5292 vivens
2869 5235 3050 5303 Pater,
3079 5246 3134 5293 et
3155 5252 3254 5309 ego
3284 5237 3442 5311 177

1871 5323 1994 5379 vivo
2019 5332 2241 5395 propter
2268 5324 2486 5380 Patrem
2523 5345 2537 5381 :
2570 5338 2625 5382 et
2659 5329 2749 5398 qui
2774 5330 3068 5384 manducet
3096 5345 3208 5395 me,
3244 5341 3299 5386 et
3326 5331 3442 5402 ipse

1870 5416 2015 5471 vivet
2056 5428 2276 5489 propter
2312 5433 2400 5474 me
2426 5419 2495 5474 “.
2535 5436 2553 5471 ι
2586 5417 2845 5475 Libenter
2895 5420 2983 5478 hic
3014 5436 3108 5478 eos
3138 5422 3441 5494 interroga-

261 5544 306 5575 ⁵ο
325 5543 517 5598 Matth.
550 5562 699 5612 xxvi,
729 5548 822 5604 27.
898 5550 945 5581 ⁵ο
979 5549 1111 5606 Luc.
1143 5568 1325 5619 xxnn,
1355 5553 1447 5611 ιϐ.
1525 5554 1568 5586 ⁸¹
1597 5553 1755 5610 Joan.
1781 5569 1856 5620 vt,
1881 5556 1933 5611 5.

1296 5670 1466 5724 Varia:
1501 5670 1766 5728 lectiones
1802 5672 2006 5728 codicis
2040 5672 2402 5746 Segutertani.

268 5784 288 5816 ι’
310 5781 697 5852 παρατίθεμαι.

779 5792 799 5819 ³
840 5764 958 5839 κᾷθ’
984 5788 1151 5858 ἡμᾶς.
1234 5790 1252 5826 ί
1281 5790 1564 5858 γεγονότα.
1644 5798 1671 5826 υ
1708 5790 1947 5862 ζήσεται.
