3942 6128
482 353 622 410 1415

1472 346 1532 402 S.
1571 343 1849 403 CYRILLI
1890 341 2357 400 ALEXANDRINI
2395 340 2719 400 AllClllEP.

3590 333 3731 390 “lC

477 486 618 534 rem,
648 470 742 540 qul
786 482 953 523 unum
995 465 1278 525 Christum
1318 465 1381 522 in
1412 464 1552 521 duos
1603 463 1873 529 dividunt,
1904 471 2044 517 uter-

2158 461 2428 534 Χριστοὺς
2471 460 2817 533 διοριξόντων
2847 457 2940 512 τδν
2968 457 3068 513 ἕνα
3085 471 3107 499 ³
3141 454 3240 521 Τίς
3286 453 3353 526 δὴ
3382 451 3499 526 ἄρα
3526 452 3681 510 ἐστὶν
3707 454 3738 508 6

480 577 603 616 nam
628 560 716 616 ille
746 561 816 616 sit
835 560 924 629 qui
953 575 984 613 a
1010 560 1120 615 Deo
1136 558 1298 613 Patre
1330 557 1552 622 missus,
1575 563 1798 625 propter
1831 553 2051 609 Patrem

476 645 632 711 vivit,
665 655 719 700 et
745 645 813 701 ob
843 646 895 699 id
925 644 1172 698 viviticus
1195 641 1456 698 exsistit?
1504 639 1639 695 Nam
1675 640 1721 696 si
1754 639 1897 695 illius
1925 638 2056 694 Ver-

479 741 605 793 bum
643 739 839 790 nudum
873 752 967 805 per
993 751 1052 791 se
1077 736 1313 801 positum
1337 749 1461 790 esse
1496 733 1706 799 dicunt,
1757 730 2053 801 quomodo,

479 844 682 896 quaeso,
714 828 840 881 illud
870 843 899 881 a
927 826 1101 893 nobis,
1137 836 1194 881 ut
1224 827 1471 881 vivamus
1509 840 1605 894 per
1645 823 1801 891 illud,
1830 822 2055 878 mandu-

478 920 677 975 catur?
710 918 843 974 Nam
868 919 1123 974 divinitas
1151 928 1343 987 suapte
1374 927 1565 971 natura
1587 930 1816 986 corpore
1838 915 2052 984 penitus
2099 938 2124 949 -

479 1020 657 1064 vacat.
701 1010 757 1064 Si
802 1023 984 1064 autem
1034 1008 1311 1063 hominem
1349 1017 1556 1061 tantum
1583 1022 1680 1076 per
1709 1021 1769 1060 se
1803 1019 2049 1060 seorsum

478 1106 823 1167 conceptum,
879 1098 1105 1151 missum
1154 1106 1509 1159 asseverant,
1555 1094 1824 1163 quomodo
1876 1092 2053 1147 viviﬁ-

476 1189 630 1243 candi
666 1189 771 1241 vim
823 1202 889 1242 ex
941 1203 1004 1242 eo
1046 1188 1231 1254 habet,
1272 1187 1397 1256 quia
1433 1188 1595 1241 vitam
1626 1200 1691 1240 ex
1719 1185 1881 1240 Patre
1912 1185 2052 1240 obti-

477 1279 618 1332 net?
665 1280 863 1333 Annon
925 1293 1117 1334 omnes
1155 1287 1421 1347 quotquot
1472 1279 1525 1333 in
1571 1278 1732 1333 terris
1784 1278 2048 1347 degimus,

473 1367 587 1422 Deo
623 1377 678 1421 et
728 1366 891 1422 Patre
939 1383 1038 1422 nos
1085 1368 1420 1432 viviﬁcante,
1458 1368 1625 1422 vitam
1658 1366 1913 1438 agimus?
1938 1366 2050 1420 Anu

474 1469 583 1507 non
636 1471 655 1505 ι
697 1463 753 1507 tn
790 1453 908 1524 ipso
950 1455 1198 1518 vivimus,
1248 1469 1532 1508 movemur
1569 1465 1623 1508 et
1666 1470 1853 1510 smnus
1881 1453 1971 1507 "?
2017 1472 2036 1507 ι

473 1543 610 1598 Cum
660 1560 788 1615 ergo
831 1561 1021 1601 omnes
1062 1562 1159 1615 per
1195 1545 1415 1601 Patrem
1473 1547 1737 1613 vivamus,
1780 1547 2050 1617 quomodo

475 1636 635 1690 unius
680 1645 889 1690 tantum
954 1636 1191 1691 hominis
1237 1636 1433 1705 corpus
1475 1651 1538 1692 ea
1580 1638 1648 1692 de
1681 1652 1842 1691 causa
1877 1636 2051 1691 viviti-

474 1737 595 1776 cum
619 1724 994 1791 praedicatur?
1027 1725 1138 1779 Cur
1161 1733 1349 1779 nostra
1395 1741 1610 1795 quoque
1656 1740 1883 1795 corpora
1910 1740 2049 1778 eam-

2155 552 2569 624 ἀπεσταλμένος
2610 550 2765 623 ⁶παρὰ
2792 549 2887 605 τοῦ
2927 549 3063 604 Θεοῦ
3100 547 3196 604 καὶ
3226 545 3463 619 Πατρός.
3494 545 3595 599 καὶ
3629 544 3737 610 ζῶν

2153 644 2221 698 δι’
2244 644 2427 710 αὐτὸν,
2459 645 2722 715 ὑπάρχων
2764 660 2824 697 τε
2869 641 2961 696 διὰ
3003 641 3167 696 τοῦτο
3210 638 3509 707 ζωοποιός;
3538 638 3606 692 Ei
3641 638 3741 709 μὲν

2153 732 2246 789 οὖν
2284 735 2489 806 γυμνὸς
2517 734 2613 789 καὶ
2655 734 2781 788 καθ’
2807 734 3003 788 ἑαυτὸν
3029 736 3059 787 6
3098 733 3157 800 ἐξ
3195 731 3365 786 αὐτοῦ
3394 731 3594 800 Λόγος,
3623 729 3741 793 πῶς

2148 821 2395 876 ἐσθίεται
2435 823 2574 893 πρὸς
2622 823 2803 893 ἡμῶν,
2852 822 2941 876 ἵνα
2974 820 3227 892 ζήσωμεν
3254 820 3322 873 δι’
3356 820 3561 884 αὐτόν;
3594 816 3740 873 ἀσώ-

2157 930 2326 986 ματον
2358 914 2468 984 γὰρ
2493 917 2562 985 τῇ
2592 914 2753 984 φύσει
2784 914 2848 967 τὸ
2873 914 3049 970 Θεῖον.
3080 914 3146 966 Εἰ
3180 912 3239 966 δὲ
3273 913 3435 983 μόνον
3478 912 3577 964 καὶ
3617 910 3738 964 καθ’

2151 1006 2343 1061 ἑαυτὸν
2383 1005 2670 1077 ἄνθρωπον
2697 1001 2838 1060 εἷναί
2866 1024 3000 1076 φασι
3028 1006 3120 1060 τὸν
3148 1003 3591 1073 ἀπεσταλμένον,
3620 1001 3743 1062 πῶς

2149 1098 2260 1170 ἄρα
2295 1100 2411 1151 ἐστὶ
2451 1098 2731 1163 ζωοποιδς,
2761 1098 2843 1152 ὅτι
2888 1097 2955 1167 ζῇ
2998 1097 3090 1152 διὰ
3118 1093 3209 1152 τὸν
3247 1094 3510 1166 Πατέρας
3543 1093 3740 1149 Καίτοι

2152 1189 2270 1253 πῶς
2308 1190 2407 1260 οὐχ
2444 1191 2682 1254 ἅπαντες
2723 1191 2773 1243 οἱ
2811 1190 2905 1244 ἐπὶ
2951 1188 3053 1259 τῆς
3088 1188 3195 1258 γῆς
3237 1188 3296 1241 ὲν
3329 1185 3497 1252 ζῶσίν
3544 1187 3736 1255 ἐσμεν,

2152 1276 2540 1343 ζωοποιοῦντος
2586 1278 2680 1333 τοῦ
2733 1278 2867 1333 Θεοῦ
2924 1278 3020 1331 mi.
3069 1276 3286 1347 Πατρὸς
3331 1276 3520 1345 ἡμᾶς,
3580 1273 3735 1343 εἰπερ

2152 1369 2305 1421 ἐστὶν
2334 1367 2533 1439 ἀληθὲς
2552 1406 2568 1431 ,
2599 1368 2683 1421 ὅτι
2719 1386 2737 1419 ι
2768 1367 2955 1437 Ζῶμεν
2986 1368 3043 1420 ὲν
3074 1363 3245 1435 αὐτῷ,
3285 1365 3381 1417 καὶ
3412 1361 3733 1432 κινούμεθα,

2151 1463 2245 1517 καὶ
2283 1462 2481 1533 ἐσμέν;
2514 1479 2533 1511 ι
2584 1460 2711 1513 Ὅτε
2761 1460 2939 1512 τοίνυν
2990 1457 3175 1528 ζῶμεν
3222 1455 3467 1518 ἅπαντες
3512 1452 3603 1507 διὰ
3644 1451 3733 1505 τὸν

2151 1551 2390 1622 Πατέρα,
2423 1550 2538 1613 πῶς
2571 1549 2634 1621 δὴ
2672 1549 2833 1621 μόνον
2866 1547 2927 1600 τὸ
2975 1546 3096 1608 ἑνὸς
3137 1543 3432 1616 ἀνθρώπου
3474 1541 3632 1612 σῶμα
3672 1539 3732 1593 τδ

2150 1644 2338 1696 ποιοῦν
2373 1644 2487 1695 ἐστι
2519 1641 2700 1706 τοῦτο,
2726 1641 2822 1693 καὶ
2848 1638 2971 1710 οὐχὶ
3015 1637 3216 1708 μᾶλλον
3254 1636 3355 1706 τὴν
3388 1635 3565 1705 αὐτὴν
3592 1633 3733 1702 ἐνέρ-

2150 1752 2304 1804 γειαν
2349 1734 2462 1805 ἔχει
2500 1734 2598 1788 καὶ
2629 1732 2696 1786 τὰ
2727 1733 2953 1803 ἑτέρων,
2989 1730 3147 1800 εἴπερ
3181 1728 3441 1791 ἅπαντες,
3472 1726 3551 1789 ὡς
3579 1725 3729 1794 ἔφην,

477 1814 595 1868 dem
648 1825 974 1883 potestatem
1037 1816 1230 1883 adepta
1282 1815 1508 1870 minime
1551 1825 1718 1880 sunt,
1781 1815 2044 1885 siquidem

2151 1825 2319 1895 ἐσμέν
2350 1842 2408 1878 τε
2458 1822 2769 1893 καὶλζῶμεν
2799 1821 2888 1875 διὰ
2928 1820 3021 1874 τὸν
3066 1819 3287 1891 Πατέρα
3308 1835 3325 1885 ;
3359 1818 3426 1871 Τί
3460 1813 3559 1871 οὖν
3606 1815 3734 1887 πρὸς

471 1917 682 1968 omnes,
732 1915 791 1955 ut
831 1903 969 1968 dixi,
1024 1920 1123 1975 per
1173 1904 1390 1958 Patrem
1443 1906 1678 1960 vivimus
1723 1914 1776 1960 et
1821 1905 2047 1960 sumus?

475 1992 681 2062 Ecquid
722 2008 853 2064 ergo
900 1996 968 2049 ad
1014 1998 1130 2051 haec
1160 1995 1440 2051 dicemus?
1482 1995 1575 2051 Dei
1630 1996 1892 2064 Verbum,
1924 2011 2045 2051 cum

473 2086 528 2140 in
567 2087 797 2139 humana
855 2087 1030 2142 forma
1069 2090 1350 2157 apparuit,
1387 2089 1666 2158 apostolus
1692 2088 1813 2157 fuit,
1837 2089 1939 2143 hoc
1966 2096 2049 2142 est

472 2176 692 2230 missus.
723 2193 742 2226 ι
777 2175 1001 2231 Missum
1033 2188 1118 2232 est
1153 2179 1295 2232 enim
1330 2179 1398 2233 ad
1440 2180 1838 2248 praedicandum
1866 2180 2042 2249 capti-

468 2266 553 2321 vis
605 2266 1010 2334 remissionem,
1059 2277 1114 2323 et
1142 2270 1302 2323 caecis
1342 2269 1515 2323 visum
1543 2269 1608 2322 ⁸³.
1643 2287 1663 2321 ι
1698 2269 1838 2323 Vivit
1864 2280 2046 2323 autem

469 2368 694 2427 propter
721 2357 960 2427 Patrem,
997 2360 1123 2428 quia
1150 2374 1215 2414 ex
1249 2360 1463 2414 vivente
1483 2359 1646 2414 Patre
1674 2360 1915 2430 genitum
1939 2370 2043 2413 est.

472 2447 723 2519 Oportuit
754 2451 900 2504 enim
943 2451 1123 2506 modis
1154 2451 1406 2506 onmibus
1443 2466 1568 2505 eum
1603 2435 1770 2504 vitam
1803 2465 1923 2505 esse
1954 2464 2045 2504 se-

469 2537 705 2592 cundum
732 2549 1003 2605 naturam,
1042 2540 1132 2609 qui
1164 2555 1230 2594 ex
1257 2540 1470 2593 vivente
1497 2550 1552 2594 et
1584 2540 1692 2594 vita
1730 2541 1837 2596 Deo
1881 2539 2047 2596 Patre

470 2637 649 2680 ortum
693 2626 946 2681 ducebat.
1011 2628 1278 2694 Quoniam
1330 2642 1459 2682 vero
1512 2644 1713 2698 corpus
1771 2645 1837 2684 ex
1890 2645 2047 2686 sacra

474 2711 699 2784 Virgine
725 2724 1004 2785 sumptum
1041 2717 1148 2773 sibi
1178 2718 1391 2783 ascivit,
1426 2718 1555 2774 fecit
1588 2718 1716 2774 illud
1747 2719 2044 2788 vivilicum,
2088 2751 2094 2762 -

470 2815 526 2861 et
560 2806 616 2861 id
645 2807 862 2876 quidem
894 2809 1185 2863 admodum
1219 2825 1457 2881 congrue
1486 2811 1510 2865 ?
1549 2811 1644 2866 Est
1665 2811 1813 2866 enim
1847 2827 2046 2882 corpus

468 2897 595 2951 vita:
632 2899 814 2953 omnia
857 2899 1204 2956 viviﬁcantis.
1245 2900 1351 2957 Fas
1380 2904 1565 2974 itaque
1596 2917 1702 2958 non
1734 2914 1815 2959 est
1878 2921 2046 2960 ttnum

471 2985 668 3042 Filium
721 2998 777 3044 et
822 2988 1101 3046 Christum
1146 3001 1201 3047 et
1258 2992 1544 3048 Dominum
1599 2993 1656 3049 in
1708 2992 1844 3051 ducs
1905 2996 2045 3052 ﬁlios

470 3082 800 3150 dispertire:
840 3083 1108 3153 siquidem
1164 3085 1307 3140 idem
1363 3087 1481 3157 ipse
1532 3096 1587 3141 et
1632 3089 1737 3142 vita
1766 3098 1870 3151 est,
1902 3104 2044 3157 quo-

2149 1913 2324 1967 ταῦτὰ
2358 1930 2578 1984 φαμεν;
2620 1912 2940 1976 ’Δπόστολος
2967 1913 3373 1982 κεχρημάτικεν
3396 1911 3426 1962 6
3461 1908 3559 1963 τοῦ
3604 1905 3736 1960 Θεοῦ

2149 2005 2338 2073 Λόγος,
2368 2006 2427 2057 ἐν
2455 2003 2771 2075 ἀνθρωπεία
2809 2006 2991 2075 μορφῇ
3030 2002 3288 2072 πεφηνώς
3312 2019 3327 2032 ·
3362 2020 3381 2054 ι
3423 2000 3739 2072 Ἀπεστάλῃ

2147 2097 2256 2169 γὰρ
2303 2095 2537 2169 κηρύξαι
2577 2106 2605 2135 τ
2655 2095 3021 2166 αἰχμαλώτοις
3081 2096 3301 2165 ἄφεσιν,
3346 2093 3442 2147 καὶ
3501 2092 3739 2161 τυφλοῖς

2147 2188 2463 2258 ἀνάϐλεψιν.
2489 2206 2510 2241 ι
2546 2190 2622 2259 Ζῇ
2653 2187 2710 2241 δὲ
2734 2187 2822 2241 διὰ
2856 2188 2944 2241 τὸν
2975 2186 3197 2257 Πατέρα
3220 2202 3234 2216 ·
3266 2184 3596 2253 γεγέννηται
3627 2183 3738 2254 γὰρ

2149 2282 2215 2334 ὲκ
2253 2281 2455 2345 ζῶντος
2493 2279 2726 2350 Πατρός.
2759 2278 2909 2332 Ἔδει
2952 2279 3098 2350 γὰρ,
3145 2278 3253 2331 ἔδει
3301 2276 3484 2345 πάντη
3530 2292 3595 2328 τε
3643 2275 3737 2328 καὶ

2150 2372 2368 2435 πάντως
2407 2371 2549 2425 κατὰ
2584 2370 2746 2440 φύσιν
2767 2367 2907 2424 εἶναι
2941 2369 3087 2440 ζωὴν
3112 2369 3202 2423 τὸν
3227 2370 3292 2421 ὲκ
3316 2367 3521 2434 ζῶντός
3550 2383 3613 2420 τε
3644 2366 3737 2419 καὶ

2149 2461 2297 2533 ζωῆς
2324 2462 2418 2516 τοῦ
2441 2461 2574 2516 Θεοῦ
2599 2462 2692 2515 καὶ⁸
2716 2461 2929 2533 Πατρὺς
2954 2460 3308 2531 ἐκπεφυκότα
3330 2460 3486 2513 Υίόν.
3519 2458 3735 2529 Ἐπειδὴ

2147 2553 2205 2607 δὲ
2234 2553 2364 2607 ίδιον
2407 2553 2700 2624 ἐποιήσατο
2729 2553 2792 2606 τὸ
2833 2552 2992 2623 σῶμα
3031 2552 3092 2605 τὸ
3130 2553 3195 2605 ὲκ
3225 2551 3328 2620 τῆς
3378 2550 3543 2619 ἁγίας
3587 2552 3734 2621 Παρ-

2150 2643 2303 2697 θένου
2333 2643 2559 2715 ληφθὲν,
2592 2642 2856 2708 ζωοποιὸν
2881 2642 3167 2713 ἀπέφηνεν
3188 2641 3322 2695 αὐτὸ
3360 2641 3458 2695 καὶ
3492 2641 3641 2712 μάλα
3666 2642 3736 2695 εί-

2147 2735 2353 2799 κότως·
2388 2734 2548 2806 σῶμα
2580 2735 2689 2806 γάρ
2740 2734 2857 2788 ἐστι
2889 2733 2990 2805 τῆς
3032 2733 3100 2788 τὰ
3132 2733 3313 2787 πάντα
3359 2731 3734 2803 ζωογονούσης

2148 2826 2314 2897 ζωῆς.
2347 2825 2558 2879 Οὐκοῦν
2600 2826 2661 2879 οὐ
2694 2825 2993 2894 διαιρετέον
3041 2825 3124 2890 εἰς
3156 2825 3308 2888 υἱοὺς
3360 2825 3457 2879 δύο
3500 2824 3599 2879 τὸν
3643 2826 3733 2877 ενα

2148 2915 2277 2969 Υίδν
2318 2915 2412 2969 καὶ
2444 2914 2679 2984 Χριστὸν
2726 2916 2822 2969 καὶ
2855 2914 3082 2987 Κύριον.
3128 2916 3305 2987 Εἴπερ
3337 2915 3490 2968 ἐστὶν
3520 2917 3551 2969 6
3578 2914 3732 2977 αὐτὸς

2150 3005 2264 3077 ζωὴ
2301 3006 2402 3077 μὲν
2445 3004 2517 3069 ὡς
2558 3008 2623 3059 ὲκ
2655 3005 2801 3077 ζωῆς
2834 3007 2929 3059 καὶ
2960 3005 3163 3071 ζῶντος
3196 3006 3438 3077 Πατρος,
3474 3005 3730 3068 ζωοποιδς

2149 3095 2205 3148 δὲ
2237 3097 2332 3150 καὶ
2361 3096 2451 3151 διὰ
2474 3095 2568 3150 τοῦ
2603 3096 2732 3172 ίόίου
2768 3095 3041 3168 σώματος,
3068 3097 3147 3162 ὡς
3173 3096 3294 3151 καθ’
3313 3097 3463 3169 ἡμᾶς
3493 3094 3735 3166 γεγονὼς

468 3175 616 3229 niam
668 3188 737 3230 ex
789 3175 900 3230 vita
950 3177 1275 3248 viventeque
1320 3178 1483 3233 Patre
1535 3189 1693 3234 natus
1727 3187 1829 3245 est,
1863 3190 1916 3236 et
1950 3196 2044 3250 per

2152 3187 2248 3242 καὶ
2275 3161 2703 3260 ὲνανθρωπήοας
2734 3159 2887 3255 Θεόξ.

469 3266 746 3335 proprium
777 3280 977 3336 corpus
1012 3283 1231 3323 rursum
1270 3269 1515 3336 viviﬁcus
1544 3277 1648 3335 est,
1688 3279 1872 3340 utpote
1903 3272 2045 3329 Deus

469 3352 632 3410 homo
662 3354 855 3409 similis
876 3357 1033 3412 nobis
1065 3356 1311 3414 enectus.

538 3443 694 3499 LVll.
725 3463 745 3499 ι
790 3445 946 3504 Sicut
975 3450 1120 3504 enim
1154 3453 1321 3508 Pater
1361 3450 1525 3506 vitam
1562 3451 1726 3508 habet
1753 3454 1808 3509 in
1845 3465 2047 3512 semet-

469 3535 606 3605 ipso,
659 3536 737 3593 sic
762 3536 908 3592 dedit
940 3548 994 3594 et
1024 3540 1162 3598 Filio
1191 3543 1362 3596 vitam
1388 3542 1590 3598 habere
1613 3544 1667 3598 in
1697 3544 1994 3615 semetipso
2022 3564 2038 3601 :

468 3636 522 3682 et
553 3636 877 3699 potestatem
906 3633 1150 3689 dedit’ei
1189 3643 1244 3688 et
1267 3633 1535 3709 judicium
1567 3635 1769 3703 facere,
1801 3639 1926 3707 quia
1951 3639 2044 3694 Fi-

466 3721 572 3778 lius
625 3724 862 3782 hominis
909 3738 990 3782 est
1034 3727 1102 3782 “.
1151 3746 1171 3780 ι
1226 3727 1295 3782 At
1334 3730 1612 3798 quomodo
1661 3730 1905 3802 (quaerat
1955 3730 2044 3787 hic

466 3816 771 3888 quispiam)
830 3836 850 3869 ι
894 3818 1056 3873 Pater
1108 3818 1275 3873 vitam
1324 3821 1489 3877 habet
1544 3821 1596 3876 in
1630 3823 1977 3892 semetipso?
2017 3841 2037 3875 ι

464 3904 718 3978 Nunquid
778 3908 998 3964 aliunde
1037 3920 1359 3979 acceptam,
1403 3896 1484 3966 vel
1541 3911 1609 3967 ab
1663 3912 1773 3966 alio
1813 3913 2041 3968 datam?

467 3999 844 4070 Nequaquam.
898 4000 1045 4057 Istud
1098 4016 1334 4073 namque
1389 4004 1589 4059 docere
1651 4005 1739 4059 vel
1797 4005 2037 4075 opinari,

465 4092 592 4163 quid
621 4102 767 4148 esset
806 4093 951 4147 aliud
993 4093 1096 4148 nisi
1148 4105 1397 4165 apertum
1445 4096 1743 4150 delirium?
1772 4096 1884 4153 lmo
1910 4110 2040 4153 vero

463 4185 593 4256 quid
624 4186 731 4242 nisi
771 4185 1065 4240 manifesta
1100 4186 1363 4244 adversus
1398 4187 1724 4244 ineﬂ'abilem
1756 4189 1905 4244 illam
1943 4203 2041 4244 na-

466 4287 644 4332 turam
685 4277 1067 4347 blasphemia?
1112 4277 1297 4336 Primo
1349 4295 1603 4350 namque,
1644 4280 1690 4335 si
1718 4279 1826 4334 vita
1875 4294 2039 4350 quam

464 4371 650 4447 habet,
697 4370 765 4425 ab
807 4370 925 4440 ipso
980 4369 1197 4424 diversa
1245 4369 1407 4435 foret,
1470 4371 1846 4424 universorum
1895 4368 2038 4423 Deus

462 4478 568 4518 non
609 4469 756 4516 esset
784 4470 976 4514 natura
1008 4460 1253 4530 quaedam
1289 4461 1450 4532 178
1472 4460 1727 4531 simplex,
1767 4460 1859 4515 sed
1891 4475 2038 4516 com-

462 4553 659 4621 posita.
686 4551 766 4605 Ad
795 4552 928 4618 haec,
968 4553 1016 4605 si
1044 4552 1211 4605 vitam
1258 4552 1488 4605 aliunde
1527 4552 1809 4620 accepisse
1840 4558 2038 4604 statue-

463 4657 635 4713 retur,
670 4645 716 4700 is
749 4645 935 4715 utique
976 4645 1066 4714 qui
1106 4645 1271 4700 vitam
1315 4659 1420 4699 non
1464 4642 1684 4699 habenti
1710 4642 2035 4712 impertiret,

461 4744 599 4795 citra
655 4755 873 4796 omnem
924 4738 1352 4795 controversiam
1420 4737 1602 4792 multis
1651 4737 1894 4809 partibus
1944 4735 2037 4791 illo

463 4832 658 4899 major,
683 4831 947 4900 bonisque
969 4831 1222 4887 omnibus
1251 4829 1582 4885 cumulatior
1605 4827 1764 4885 foret.
1792 4827 2038 4898 Denique

464 4922 806 4985 existimare,
855 4923 970 4977 haec
1018 4923 1092 4976 ita
1136 4922 1379 4987 habere,
1439 4923 1541 4978 hoc
1598 4931 1700 4987 est,
1750 4919 2035 4992 imaginari

464 5014 632 5069 Deum
683 5011 901 5068 Patrem
945 5013 1116 5066 vitam
1148 5012 1388 5077 aliunde,
1417 5022 1473 5067 et
1495 5013 1650 5082 quasi
1679 5011 2037 5067 adventitiam

462 5098 757 5163 obtinere;
804 5099 908 5153 hoc
953 5098 1089 5152 nihil
1130 5098 1275 5153 aliud
1313 5108 1478 5165 esset,
1508 5109 1565 5153 ut
1590 5101 1909 5170 dixi,quam
1938 5103 2035 5154 ab-

463 5188 787 5245 surdissime
828 5189 1085 5246 delirare.
1132 5188 1308 5245 Habet
1357 5190 1540 5262 itaque
1582 5190 1744 5246 Pater
1783 5193 1948 5245 vitam
1979 5190 2033 5244 in

464 5281 757 5352 semetipso
800 5296 905 5337 non
949 5281 1241 5338 ascititiam
1276 5282 1356 5337 vel
1386 5283 1764 5351 adventitiam,
1808 5282 1904 5339 sed
1935 5295 2033 5335 ua-

2195 3451 2342 3516 ,NZ'.
2394 3469 2413 3503 ι
2442 3450 2655 3521 ’Ὥσπερ
2683 3453 2791 3521 γὰρ
2817 3452 2845 3505 6
2887 3448 3079 3523 Πατὴρ
3120 3448 3233 3521 ἔχει
3263 3446 3409 3520 ζωὴν
3438 3446 3501 3500 ὲν
3533 3444 3728 3518 ἐαυτῷ,

2138 3536 2295 3601 ,οὕτω
2322 3544 2417 3597 καὶ
2454 3543 2534 3615 τῷ
2561 3541 2679 3614 Υίῷ
2710 3542 2911 3597 δέδωκε
2944 3541 3092 3613 ζωὴν
3123 3541 3269 3613 ἔχειν
3296 3544 3356 3595 ὲν
3395 3539 3611 3610 ἑαυτῷ·
3643 3538 3729 3592 καὶ

2150 3634 2399 3702 ἐξουσίαν
2439 3635 2636 3688 ἔδωκεν
2679 3634 2828 3705 αὐτῷ
2872 3634 2969 3689 καὶ
3005 3633 3187 3706 κρίσιν
3232 3636 3431 3699 ποιεῖν,
3477 3633 3562 3686 ὅτι
3609 3631 3727 3694 Υἱὸς

2148 3727 2436 3798 ἀνθρώπου
2486 3728 2621 3789 ἐστί.
2660 3746 2681 3780 ι
2735 3728 2870 3782 Τίνα
2905 3728 2970 3799 δὴ
3021 3728 3225 3801 τρόπον
3271 3727 3491 3800 οἰηθείη
3534 3744 3625 3790 τις
3666 3727 3727 3779 ἂν

2151 3819 2295 3890 ἔχειν
2353 3821 2412 3873 ὲν
2456 3820 2633 3892 ἑαυτῷ
2671 3821 2771 3891 τὴν
2816 3821 2963 3891 ζωὴν
3013 3820 3104 3875 τὸν
3151 3820 3406 3892 Πατέρας
3461 3816 3576 3893 ἆρα
3626 3818 3723 3892 γὰρ

2148 3908 2346 3975 ἔξωθεν
2397 3910 2489 3962 καὶ
2522 3911 2961 3983 εἰσκεκριμένην,
3010 3911 3107 3965 καὶ
3151 3912 3285 3982 παρ’
3311 3910 3509 3982 ἑτέρου
3554 3909 3725 3963 δοθεῖ-

2149 4016 2287 4067 σαν;
2326 4000 2518 4055 Καίτοι
2554 4002 2673 4067 πῶς
2699 4003 2760 4056 οὐ
2792 4002 2955 4073 λῆρος
2986 4002 3054 4057 ἂν
3085 4002 3172 4073 εἴη
3199 4001 3361 4056 τοῦτό
3390 4018 3457 4070 γε
3488 4003 3724 4079 φρονεῖν,

2145 4092 2180 4166 ἢ
2211 4092 2418 4162 λέγειν;
2450 4092 2562 4164 ἔχει
2599 4092 2707 4166 γὰρ
2733 4094 2794 4147 οὐ
2833 4093 3059 4165 μετρίαν
3096 4096 3125 4148 6
3163 4093 3321 4163 λόγος
3348 4094 3449 4165 τῆς
3479 4094 3725 4165 ἀπορρή-

2144 4200 2241 4237 του
2284 4182 2500 4254 φύσεως
2532 4182 2631 4253 τὴν
2663 4184 3023 4255 κατάρῤησιν.
3075 4182 3296 4256 Πρῶτον
3347 4183 3449 4253 μὲν
3482 4182 3595 4255 γὰρ
3630 4183 3726 4252 οὐχ

2147 4276 2350 4340 ἁπλοῦς
2398 4275 2479 4330 ἔτι
2516 4276 2615 4348 τὴν
2649 4276 2809 4347 φύσιν
2835 4279 2863 4331 6
2902 4276 3013 4331 τῶν
3049 4276 3186 4330 ὅλων
3230 4275 3387 4330 ἔσται
3414 4276 3576 4341 Θεὸς,
3609 4276 3726 4329 σύν-

2146 4367 2298 4432 θετος
2326 4368 2383 4422 δὲ
2425 4368 2648 4439 μᾶλλον,
2679 4368 2837 4439 εἴπερ
2867 4367 3015 4421 ἐστὶν
3049 4368 3211 4438 ἑτέρα
3252 4367 3382 4439 παρ’
3413 4367 3584 4421 αὐτὸν
3613 4369 3648 4437 ἠ
3672 4369 3726 4420 ἐν

2145 4458 2294 4530 αὐτῷ
2325 4456 2461 4531 ζωή.
2493 4459 2596 4531 Εἴη
2624 4459 2669 4513 δ’
2694 4460 2759 4514 ἂν
2788 4460 2882 4514 καὶ
2909 4459 3111 4528 μείζων
3142 4460 3328 4527 αὑτοῦ,
3357 4461 3454 4514 καὶ
3486 4464 3545 4515 ἐν
3574 4461 3726 4533 ἀμεί-

2071 4518 2114 4573 D
2140 4518 2287 4604 νοσιν
2326 4518 2692 4622 ασυΙγκρίτως,
2725 4552 2754 4604 6
2789 4549 2865 4614 ὡς
2902 4518 3222 4621 οὗκνέχοντι
3255 4518 3380 4615 δοῦς
3411 4552 3514 4624 τὴν
3560 4518 3724 4625 cdt»,

2143 4640 2302 4712 εἴπερ
2342 4639 2479 4705 ὅλως
2525 4641 2678 4712 ἁλοίη
2711 4639 2912 4696 λαϐὼν.
2951 4640 3092 4695 Ἀλλ’
3119 4641 3289 4707 ἔστιν,
3317 4642 3396 4705 ὡς
3426 4642 3594 4714 ἕσθην,
3625 4646 3726 4698 τῶν

2142 4731 2283 4801 ἄγαν
2310 4732 2703 4805 ἀπηχεστάτων
2729 4733 2789 4786 τὸ
2811 4725 2915 4786 ὧδὲ
2938 4749 2998 4786 τε
3023 4732 3163 4805 ἔχειν
3186 4733 3398 4787 οἴεσθαι
3425 4737 3611 4802 ταυτὶ,
3637 4736 3728 4790 καὶ

2145 4822 2378 4895 θύραθεν
2406 4827 2603 4879 ἐννοεῖν
2632 4824 3126 4895 είσκεκομισμένην
3159 4825 3302 4877 ἑλεῖν
3329 4825 3431 4895 τὴν
3462 4827 3617 4899 ζωὴν
3640 4826 3728 4879 τὸν

2138 4915 2272 4970 Θεὸν
2311 4917 2405 4970 καὶ
2443 4916 2682 4989 Πατέρα.
2712 4918 2867 4987 Ἔχει
2903 4916 3082 4970 τοίνυν
3123 4917 3183 4969 ὲν
3217 4917 3401 4988 ἑαυτῷ
3438 4919 3544 4988 τὴν
3586 4917 3729 4988 ζωὴν

2139 5009 2240 5062 οὐκ
2283 5009 2573 5082 ἐπίκτητον
2604 5010 2638 5084 ἢ
2667 5008 3116 5082 εἰσ-κεκριμένως,
3149 5010 3398 5080 φυσικῶς
3431 5009 3491 5064 δὲ
3529 5010 3730 5083 μᾶλλον

2139 5100 2551 5172 ἐνυπάρχουσάν
2575 5117 2635 5154 τε
2681 5097 2854 5172 αὐτῷ,
2885 5098 2980 5152 καὶ
3018 5097 3251 5170 οὐσιώδη
3298 5099 3537 5170 καρπόν.
3573 5100 3729 5154 Οὕτω

2138 5190 2365 5245 δέδωκεν
2396 5191 2540 5263 ἔχειν
2585 5192 2681 5247 καὶ
2725 5190 2805 5263 τῷ
2837 5190 2953 5263 Υἱῷ
2991 5190 3089 5263 τὴν
3127 5191 3296 5262 ζωήν.
3328 5188 3467 5245 Εἶτα
3513 5190 3632 5256 πῶς
3663 5191 3728 5246 ἄν

2138 5281 2354 5336 δύναιτο
2386 5283 2568 5339 λαϐὼν
2595 5286 2625 5340 6
2652 5283 2801 5351 Υἱὸς,
2835 5282 3108 5349 οὐσιωδῶς
3135 5284 3279 5356 ἔχειν
3321 5284 3381 5339 ὲν
3407 5283 3590 5358 ἑαυτῷ
3630 5283 3727 5356 τὴν

531 5433 757 5494 "Joan.
793 5453 926 5507 xvu,
952 5437 1045 5496 28.
1120 5438 1169 5473 ⁸³
1197 5440 1298 5498 lsa.
1331 5457 1440 5507 ut,
1469 5442 1493 5496 l
1522 5458 1536 5509 ;
1570 5440 1700 5496 Luc.
1740 5456 1817 5509 tv,
1851 5438 2052 5506 18,19.
2125 5439 2356 5498 “Joan.
2384 5457 2438 5503 ν.
2464 5440 2559 5498 28.

1560 5595 1737 5653 Varia:
1765 5599 2022 5655 lectiones
2048 5598 2251 5657 codicis
2279 5598 2636 5670 Seguieriani.

538 5731 570 5766 ν
590 5727 863 5798 κηρύξων.
