  <div class='ocr_page' id='page_1' title='image "/cluster/home/n/w/nwhite01/storage/ocr_20150623/76/mdp.39015013094878/734.png"; bbox 0 0 3942 6128; ppageno 0'>
   <div class='ocr_carea' id='block_1_1' title="bbox 246 279 386 337">
    <p class='ocr_par' dir='ltr' id='par_1_1' title="bbox 246 279 386 337">
     <span class='ocr_line' id='line_1_1' title="bbox 246 279 386 337; baseline -0.021 -4"><span class='ocrx_word' id='word_1_1' title='bbox 246 279 386 337; x_wconf 68' lang='lat' dir='ltr'><strong>Hi7</strong></span> 
     </span>
    </p>
   </div>
   <div class='ocr_carea' id='block_1_2' title="bbox 1062 277 2729 336">
    <p class='ocr_par' dir='ltr' id='par_1_2' title="bbox 1062 277 2729 336">
     <span class='ocr_line' id='line_1_2' title="bbox 1062 277 2729 336; baseline -0.001 -4"><span class='ocrx_word' id='word_1_2' title='bbox 1062 278 1154 333; x_wconf 81' lang='lat' dir='ltr'><strong>AD</strong></span> <span class='ocrx_word' id='word_1_3' title='bbox 1190 277 1486 334; x_wconf 78' lang='lat' dir='ltr'><strong>REGINAS</strong></span> <span class='ocrx_word' id='word_1_4' title='bbox 1526 278 1613 334; x_wconf 85' lang='lat' dir='ltr'><strong>DE</strong></span> <span class='ocrx_word' id='word_1_5' title='bbox 1655 278 1884 335; x_wconf 72' lang='lat' dir='ltr'><strong>RECTA</strong></span> <span class='ocrx_word' id='word_1_6' title='bbox 1926 280 2087 335; x_wconf 82' lang='lat' dir='ltr'><strong>FIDE</strong></span> <span class='ocrx_word' id='word_1_7' title='bbox 2124 278 2384 336; x_wconf 76' lang='lat' dir='ltr'><strong>ORATIO</strong></span> <span class='ocrx_word' id='word_1_8' title='bbox 2424 277 2729 335; x_wconf 78' lang='lat' dir='ltr'><strong>ALTERA.</strong></span> 
     </span>
    </p>
   </div>
   <div class='ocr_carea' id='block_1_3' title="bbox 3372 275 3512 333">
    <p class='ocr_par' dir='ltr' id='par_1_3' title="bbox 3372 275 3512 333">
     <span class='ocr_line' id='line_1_3' title="bbox 3372 275 3512 333; baseline 0.021 -3"><span class='ocrx_word' id='word_1_9' title='bbox 3372 275 3512 333; x_wconf 69' lang='grc'><strong>1413</strong></span> 
     </span>
    </p>
   </div>
   <div class='ocr_carea' id='block_1_4' title="bbox 244 394 1843 487">
    <p class='ocr_par' dir='ltr' id='par_1_4' title="bbox 244 397 1829 472">
     <span class='ocr_line' id='line_1_4' title="bbox 244 397 1829 472; baseline 0.001 -18"><span class='ocrx_word' id='word_1_10' title='bbox 244 399 432 471; x_wconf 75' lang='grc' dir='ltr'>ξωήνς</span> <span class='ocrx_word' id='word_1_11' title='bbox 467 399 632 454; x_wconf 66' lang='grc' dir='ltr'>Τουτὶ</span> <span class='ocrx_word' id='word_1_12' title='bbox 667 399 797 472; x_wconf 80' lang='grc' dir='ltr'>γὰρ,</span> <span class='ocrx_word' id='word_1_13' title='bbox 826 397 1000 470; x_wconf 79' lang='grc' dir='ltr'>οἶμαι,</span> <span class='ocrx_word' id='word_1_14' title='bbox 1035 400 1168 470; x_wconf 78' lang='grc' dir='ltr'>φαίη</span> <span class='ocrx_word' id='word_1_15' title='bbox 1209 419 1290 465; x_wconf 84' lang='grc' dir='ltr'><strong>τις</strong></span> <span class='ocrx_word' id='word_1_16' title='bbox 1337 402 1421 456; x_wconf 83' lang='grc' dir='ltr'>ἄν.</span> <span class='ocrx_word' id='word_1_17' title='bbox 1459 403 1609 472; x_wconf 79' lang='grc' dir='ltr'>Ἔχει</span> <span class='ocrx_word' id='word_1_18' title='bbox 1651 403 1829 457; x_wconf 85' lang='grc' dir='ltr'>τοίνυν</span> 
     </span>
    </p>
   </div>
   <div class='ocr_carea' id='block_1_5' title="bbox 1953 394 3508 487">
    <p class='ocr_par' dir='ltr' id='par_1_5' title="bbox 1953 394 3508 472">
     <span class='ocr_line' id='line_1_5' title="bbox 1953 394 3508 472; baseline -0.005 -19"><span class='ocrx_word' id='word_1_19' title='bbox 1953 403 2186 458; x_wconf 63' lang='lat' dir='ltr'><strong>,nraliter</strong></span> <span class='ocrx_word' id='word_1_20' title='bbox 2232 401 2411 472; x_wconf 98' lang='lat' dir='ltr'><strong>potius</strong></span> <span class='ocrx_word' id='word_1_21' title='bbox 2458 398 2616 470; x_wconf 86' lang='lat' dir='ltr'><strong>quasi</strong></span> <span class='ocrx_word' id='word_1_22' title='bbox 2688 395 3097 453; x_wconf 80' lang='lat' dir='ltr'><strong>subslanlialem</strong></span> <span class='ocrx_word' id='word_1_23' title='bbox 3171 395 3404 450; x_wconf 79' lang='lat' dir='ltr'><strong>fructum</strong></span> <span class='ocrx_word' id='word_1_24' title='bbox 3456 394 3508 447; x_wconf 87' lang='lat' dir='ltr'><strong>in</strong></span> 
     </span>
    </p>
   </div>
   <div class='ocr_carea' id='block_1_6' title="bbox 243 490 1824 564">
    <p class='ocr_par' dir='ltr' id='par_1_6' title="bbox 243 490 1824 564">
     <span class='ocr_line' id='line_1_6' title="bbox 243 490 1824 564; baseline 0.001 -20"><span class='ocrx_word' id='word_1_25' title='bbox 243 493 322 555; x_wconf 79' lang='grc' dir='ltr'>ὡς</span> <span class='ocrx_word' id='word_1_26' title='bbox 365 490 425 556; x_wconf 75' lang='grc' dir='ltr'><strong>ἐξ</strong></span> <span class='ocrx_word' id='word_1_27' title='bbox 468 491 632 546; x_wconf 77' lang='grc' dir='ltr'>αὑτοῦ</span> <span class='ocrx_word' id='word_1_28' title='bbox 677 492 816 545; x_wconf 73' lang='grc' dir='ltr'>κατὰ</span> <span class='ocrx_word' id='word_1_29' title='bbox 861 491 1023 560; x_wconf 82' lang='grc' dir='ltr'>φύσιν</span> <span class='ocrx_word' id='word_1_30' title='bbox 1078 491 1359 561; x_wconf 81' lang='grc' dir='ltr'><strong>ὑπάρχων,</strong></span> <span class='ocrx_word' id='word_1_31' title='bbox 1404 491 1463 543; x_wconf 81' lang='grc' dir='ltr'><strong>ἐν</strong></span> <span class='ocrx_word' id='word_1_32' title='bbox 1505 492 1682 562; x_wconf 81' lang='grc' dir='ltr'>ἑαυτῴ</span> <span class='ocrx_word' id='word_1_33' title='bbox 1723 493 1824 564; x_wconf 78' lang='grc' dir='ltr'>τὴν</span> 
     </span>
    </p>
   </div>
   <div class='ocr_carea' id='block_1_7' title="bbox 245 582 1824 655">
    <p class='ocr_par' dir='ltr' id='par_1_7' title="bbox 245 582 1824 655">
     <span class='ocr_line' id='line_1_7' title="bbox 245 582 1824 655; baseline 0.001 -18"><span class='ocrx_word' id='word_1_34' title='bbox 245 582 413 654; x_wconf 77' lang='grc' dir='ltr'>ζωὴν,</span> <span class='ocrx_word' id='word_1_35' title='bbox 441 584 573 638; x_wconf 84' lang='grc' dir='ltr'>καθὸ</span> <span class='ocrx_word' id='word_1_36' title='bbox 600 587 799 638; x_wconf 77' lang='grc' dir='ltr'><strong>νοεῖται</strong></span> <span class='ocrx_word' id='word_1_37' title='bbox 822 585 974 647; x_wconf 84' lang='grc' dir='ltr'>Θεός.</span> <span class='ocrx_word' id='word_1_38' title='bbox 999 583 1223 654; x_wconf 80' lang='grc' dir='ltr'><strong>Δέχεται</strong></span> <span class='ocrx_word' id='word_1_39' title='bbox 1248 583 1304 636; x_wconf 85' lang='grc' dir='ltr'><strong>δὲ</strong></span> <span class='ocrx_word' id='word_1_40' title='bbox 1336 584 1534 654; x_wconf 80' lang='grc' dir='ltr'>μᾶλλον</span> <span class='ocrx_word' id='word_1_41' title='bbox 1566 584 1703 655; x_wconf 80' lang='grc' dir='ltr'>μετὰ</span> <span class='ocrx_word' id='word_1_42' title='bbox 1732 584 1824 638; x_wconf 81' lang='grc' dir='ltr'>τοῦ</span> 
     </span>
    </p>
   </div>
   <div class='ocr_carea' id='block_1_8' title="bbox 247 674 1822 748">
    <p class='ocr_par' dir='ltr' id='par_1_8' title="bbox 247 674 1822 748">
     <span class='ocr_line' id='line_1_8' title="bbox 247 674 1822 748; baseline 0.001 -20"><span class='ocrx_word' id='word_1_43' title='bbox 247 674 341 728; x_wconf 82' lang='grc' dir='ltr'>καὶ</span> <span class='ocrx_word' id='word_1_44' title='bbox 374 675 580 746; x_wconf 84' lang='grc' dir='ltr'>κρίνειν</span> <span class='ocrx_word' id='word_1_45' title='bbox 616 676 803 747; x_wconf 79' lang='grc' dir='ltr'>αὐτὴν,</span> <span class='ocrx_word' id='word_1_46' title='bbox 834 676 1015 730; x_wconf 81' lang='grc' dir='ltr'>καίτοι</span> <span class='ocrx_word' id='word_1_47' title='bbox 1045 675 1239 748; x_wconf 84' lang='grc' dir='ltr'>κριτὴς</span> <span class='ocrx_word' id='word_1_48' title='bbox 1277 676 1541 746; x_wconf 79' lang='grc' dir='ltr'>ὑπάρχων</span> <span class='ocrx_word' id='word_1_49' title='bbox 1567 676 1642 740; x_wconf 82' lang='grc' dir='ltr'><strong>ὡς</strong></span> <span class='ocrx_word' id='word_1_50' title='bbox 1670 675 1822 739; x_wconf 83' lang='grc' dir='ltr'>Θεός.</span> 
     </span>
    </p>
   </div>
   <div class='ocr_carea' id='block_1_9' title="bbox 242 758 1828 839">
    <p class='ocr_par' dir='ltr' id='par_1_9' title="bbox 242 758 1828 839">
     <span class='ocr_line' id='line_1_9' title="bbox 242 758 1828 839; baseline 0.001 -20"><span class='ocrx_word' id='word_1_51' title='bbox 242 758 357 820; x_wconf 81' lang='grc' dir='ltr'><strong>Καὶ</strong></span> <span class='ocrx_word' id='word_1_52' title='bbox 388 768 472 831; x_wconf 83' lang='grc' dir='ltr'><strong>τίς</strong></span> <span class='ocrx_word' id='word_1_53' title='bbox 508 768 574 822; x_wconf 84' lang='grc' dir='ltr'><strong>ἂν</strong></span> <span class='ocrx_word' id='word_1_54' title='bbox 605 768 688 839; x_wconf 72' lang='grc' dir='ltr'><strong>εἴη</strong></span> <span class='ocrx_word' id='word_1_55' title='bbox 723 767 818 821; x_wconf 78' lang='grc' dir='ltr'>τοῦ</span> <span class='ocrx_word' id='word_1_56' title='bbox 864 768 1052 823; x_wconf 76' lang='grc' dir='ltr'>λαϐεῖν</span> <span class='ocrx_word' id='word_1_57' title='bbox 1079 770 1106 821; x_wconf 91' lang='lat'><strong>6</strong></span> <span class='ocrx_word' id='word_1_58' title='bbox 1135 768 1372 839; x_wconf 82' lang='grc' dir='ltr'><strong>τρόπος,</strong></span> <span class='ocrx_word' id='word_1_59' title='bbox 1417 767 1615 835; x_wconf 76' lang='grc' dir='ltr'><strong>διδάξει</strong></span> <span class='ocrx_word' id='word_1_60' title='bbox 1652 768 1828 836; x_wconf 82' lang='grc' dir='ltr'>λέγων</span> 
     </span>
    </p>
   </div>
   <div class='ocr_carea' id='block_1_10' title="bbox 246 858 1827 935">
    <p class='ocr_par' dir='ltr' id='par_1_10' title="bbox 246 858 1827 935">
     <span class='ocr_line' id='line_1_10' title="bbox 246 858 1827 935; baseline 0.002 -26"><span class='ocrx_word' id='word_1_61' title='bbox 246 858 430 922; x_wconf 70' lang='grc' dir='ltr'>αὐτὸς,</span> <span class='ocrx_word' id='word_1_62' title='bbox 458 860 539 913; x_wconf 79' lang='grc' dir='ltr'>ὅτι</span> <span class='ocrx_word' id='word_1_63' title='bbox 569 875 588 911; x_wconf 74' lang='grc' dir='ltr'><strong>ι</strong></span> <span class='ocrx_word' id='word_1_64' title='bbox 619 859 747 922; x_wconf 81' lang='grc' dir='ltr'>Υἱὸς</span> <span class='ocrx_word' id='word_1_65' title='bbox 779 859 1068 931; x_wconf 85' lang='grc' dir='ltr'>ἀνθρώπου</span> <span class='ocrx_word' id='word_1_66' title='bbox 1093 858 1258 914; x_wconf 77' lang='grc' dir='ltr'>ἐστίν.</span> <span class='ocrx_word' id='word_1_67' title='bbox 1282 878 1299 909; x_wconf 72' lang='grc' dir='ltr'><strong>ι</strong></span> <span class='ocrx_word' id='word_1_68' title='bbox 1328 860 1401 910; x_wconf 73' lang='grc' dir='ltr'><strong>Οὐ</strong></span> <span class='ocrx_word' id='word_1_69' title='bbox 1424 858 1541 935; x_wconf 77' lang='grc' dir='ltr'><strong>γὰρ</strong></span> <span class='ocrx_word' id='word_1_70' title='bbox 1576 858 1707 911; x_wconf 80' lang='grc' dir='ltr'>ἴδιον</span> <span class='ocrx_word' id='word_1_71' title='bbox 1729 860 1827 912; x_wconf 88' lang='grc' dir='ltr'>άν-</span> 
     </span>
    </p>
   </div>
   <div class='ocr_carea' id='block_1_11' title="bbox 249 947 1832 1020">
    <p class='ocr_par' dir='ltr' id='par_1_11' title="bbox 249 947 1832 1020">
     <span class='ocr_line' id='line_1_11' title="bbox 249 947 1832 1020; baseline 0 -18"><span class='ocrx_word' id='word_1_72' title='bbox 249 949 468 1019; x_wconf 84' lang='grc' dir='ltr'>θρώπου</span> <span class='ocrx_word' id='word_1_73' title='bbox 490 949 551 1002; x_wconf 91' lang='grc' dir='ltr'><strong>τὸ</strong></span> <span class='ocrx_word' id='word_1_74' title='bbox 571 949 827 1004; x_wconf 76' lang='grc' dir='ltr'>δύνασθαι</span> <span class='ocrx_word' id='word_1_75' title='bbox 851 949 1060 1004; x_wconf 77' lang='grc' dir='ltr'>οἴκοθεν</span> <span class='ocrx_word' id='word_1_76' title='bbox 1081 949 1224 1020; x_wconf 77' lang='grc' dir='ltr'>ἔχειν</span> <span class='ocrx_word' id='word_1_77' title='bbox 1246 949 1344 1018; x_wconf 78' lang='grc' dir='ltr'>τὴν</span> <span class='ocrx_word' id='word_1_78' title='bbox 1366 949 1530 1018; x_wconf 78' lang='grc' dir='ltr'>ζωήν.</span> <span class='ocrx_word' id='word_1_79' title='bbox 1561 968 1580 1000; x_wconf 78' lang='grc' dir='ltr'><strong>ι</strong></span> <span class='ocrx_word' id='word_1_80' title='bbox 1612 947 1832 1020; x_wconf 77' lang='grc' dir='ltr'>Ἐπειδὴ</span> 
     </span>
    </p>
   </div>
   <div class='ocr_carea' id='block_1_12' title="bbox 246 1039 1833 1111">
    <p class='ocr_par' dir='ltr' id='par_1_12' title="bbox 246 1039 1833 1111">
     <span class='ocr_line' id='line_1_12' title="bbox 246 1039 1833 1111; baseline -0.001 -16"><span class='ocrx_word' id='word_1_81' title='bbox 246 1041 304 1095; x_wconf 81' lang='grc' dir='ltr'>δὲ</span> <span class='ocrx_word' id='word_1_82' title='bbox 349 1041 476 1095; x_wconf 79' lang='grc' dir='ltr'>ἴδιον</span> <span class='ocrx_word' id='word_1_83' title='bbox 518 1041 708 1109; x_wconf 78' lang='grc' dir='ltr'>γέγονε</span> <span class='ocrx_word' id='word_1_84' title='bbox 746 1041 840 1094; x_wconf 72' lang='grc' dir='ltr'>τοῦ</span> <span class='ocrx_word' id='word_1_85' title='bbox 875 1041 1076 1106; x_wconf 80' lang='grc' dir='ltr'>ζῶντος</span> <span class='ocrx_word' id='word_1_86' title='bbox 1129 1041 1306 1109; x_wconf 85' lang='grc' dir='ltr'>Λόγου</span> <span class='ocrx_word' id='word_1_87' title='bbox 1355 1040 1418 1094; x_wconf 88' lang='grc' dir='ltr'><strong>τὸ</strong></span> <span class='ocrx_word' id='word_1_88' title='bbox 1450 1039 1649 1094; x_wconf 79' lang='grc' dir='ltr'>ὲνωθὲν</span> <span class='ocrx_word' id='word_1_89' title='bbox 1682 1040 1833 1111; x_wconf 84' lang='grc' dir='ltr'>αὐτῷ</span> 
     </span>
    </p>
   </div>
   <div class='ocr_carea' id='block_1_13' title="bbox 164 1128 1834 1204">
    <p class='ocr_par' dir='ltr' id='par_1_13' title="bbox 164 1128 1834 1204">
     <span class='ocr_line' id='line_1_13' title="bbox 164 1128 1834 1204; baseline -0.001 -19"><span class='ocrx_word' id='word_1_90' title='bbox 164 1186 179 1201; x_wconf 35' lang='grc' dir='ltr'>ι</span> <span class='ocrx_word' id='word_1_91' title='bbox 251 1133 429 1204; x_wconf 86' lang='grc' dir='ltr'>σῶμα,</span> <span class='ocrx_word' id='word_1_92' title='bbox 459 1133 631 1204; x_wconf 79' lang='grc' dir='ltr'>ταύτῃ</span> <span class='ocrx_word' id='word_1_93' title='bbox 669 1150 751 1186; x_wconf 89' lang='grc' dir='ltr'><strong>τοι</strong></span> <span class='ocrx_word' id='word_1_94' title='bbox 782 1133 877 1186; x_wconf 81' lang='grc' dir='ltr'><strong>καὶ</strong></span> <span class='ocrx_word' id='word_1_95' title='bbox 916 1133 1062 1204; x_wconf 85' lang='grc' dir='ltr'>μάλα</span> <span class='ocrx_word' id='word_1_96' title='bbox 1090 1133 1346 1196; x_wconf 80' lang='grc' dir='ltr'><strong>εἰκότως,</strong></span> <span class='ocrx_word' id='word_1_97' title='bbox 1376 1131 1452 1195; x_wconf 81' lang='grc' dir='ltr'>ὡς</span> <span class='ocrx_word' id='word_1_98' title='bbox 1498 1131 1636 1202; x_wconf 80' lang='grc' dir='ltr'>ἔχων</span> <span class='ocrx_word' id='word_1_99' title='bbox 1668 1128 1834 1184; x_wconf 73' lang='grc' dir='ltr'>αὺτοῦ</span> 
     </span>
    </p>
   </div>
   <div class='ocr_carea' id='block_1_14' title="bbox 249 1221 1833 1297">
    <p class='ocr_par' dir='ltr' id='par_1_14' title="bbox 249 1221 1833 1297">
     <span class='ocr_line' id='line_1_14' title="bbox 249 1221 1833 1297; baseline 0 -18"><span class='ocrx_word' id='word_1_100' title='bbox 249 1227 349 1297; x_wconf 79' lang='grc' dir='ltr'>τὴν</span> <span class='ocrx_word' id='word_1_101' title='bbox 392 1226 653 1291; x_wconf 76' lang='grc' dir='ltr'>ζωοποιὸν</span> <span class='ocrx_word' id='word_1_102' title='bbox 697 1226 997 1296; x_wconf 80' lang='grc' dir='ltr'>ἐνέργειαν,</span> <span class='ocrx_word' id='word_1_103' title='bbox 1048 1226 1233 1280; x_wconf 78' lang='grc' dir='ltr'>λαϐεῖν</span> <span class='ocrx_word' id='word_1_104' title='bbox 1265 1225 1482 1293; x_wconf 80' lang='grc' dir='ltr'>λέγεται</span> <span class='ocrx_word' id='word_1_105' title='bbox 1525 1224 1623 1294; x_wconf 83' lang='grc' dir='ltr'>τὴν</span> <span class='ocrx_word' id='word_1_106' title='bbox 1664 1221 1833 1293; x_wconf 83' lang='grc' dir='ltr'>ζωήν.</span> 
     </span>
    </p>
   </div>
   <div class='ocr_carea' id='block_1_15' title="bbox 255 1312 1838 1391">
    <p class='ocr_par' dir='ltr' id='par_1_15' title="bbox 255 1312 1838 1391">
     <span class='ocr_line' id='line_1_15' title="bbox 255 1312 1838 1391; baseline -0.003 -18"><span class='ocrx_word' id='word_1_107' title='bbox 255 1318 561 1377; x_wconf 75' lang='grc' dir='ltr'>Οικειοῦται</span> <span class='ocrx_word' id='word_1_108' title='bbox 590 1319 645 1372; x_wconf 78' lang='grc' dir='ltr'><strong>δὲ</strong></span> <span class='ocrx_word' id='word_1_109' title='bbox 680 1319 841 1372; x_wconf 86' lang='grc' dir='ltr'>πάλιν</span> <span class='ocrx_word' id='word_1_110' title='bbox 865 1319 924 1372; x_wconf 81' lang='grc' dir='ltr'><strong>τὸ</strong></span> <span class='ocrx_word' id='word_1_111' title='bbox 955 1319 1144 1391; x_wconf 75' lang='grc' dir='ltr'>χρῆμα</span> <span class='ocrx_word' id='word_1_112' title='bbox 1172 1318 1356 1385; x_wconf 77' lang='grc' dir='ltr'>αὐτὸς,</span> <span class='ocrx_word' id='word_1_113' title='bbox 1383 1312 1444 1372; x_wconf 73' lang='grc' dir='ltr'><strong>οὗ</strong></span> <span class='ocrx_word' id='word_1_114' title='bbox 1470 1317 1564 1370; x_wconf 76' lang='grc' dir='ltr'><strong>καὶ</strong></span> <span class='ocrx_word' id='word_1_115' title='bbox 1589 1315 1716 1369; x_wconf 77' lang='grc' dir='ltr'>ἴδιον</span> <span class='ocrx_word' id='word_1_116' title='bbox 1746 1315 1838 1384; x_wconf 83' lang='grc' dir='ltr'><strong>γέ-</strong></span> 
     </span>
    </p>
   </div>
   <div class='ocr_carea' id='block_1_16' title="bbox 253 1410 934 1480">
    <p class='ocr_par' dir='ltr' id='par_1_16' title="bbox 253 1410 934 1480">
     <span class='ocr_line' id='line_1_16' title="bbox 253 1410 934 1480; baseline 0.001 -17"><span class='ocrx_word' id='word_1_117' title='bbox 253 1427 379 1479; x_wconf 86' lang='grc' dir='ltr'>γονε</span> <span class='ocrx_word' id='word_1_118' title='bbox 412 1411 571 1480; x_wconf 88' lang='grc' dir='ltr'>σῶμα</span> <span class='ocrx_word' id='word_1_119' title='bbox 599 1410 659 1462; x_wconf 90' lang='grc' dir='ltr'><strong>τὸ</strong></span> <span class='ocrx_word' id='word_1_120' title='bbox 694 1410 934 1479; x_wconf 78' lang='grc' dir='ltr'>εἰληφός.</span> 
     </span>
    </p>
   </div>
   <div class='ocr_carea' id='block_1_17' title="bbox 250 1496 3241 1570">
    <p class='ocr_par' dir='ltr' id='par_1_17' title="bbox 250 1496 3241 1570">
     <span class='ocr_line' id='line_1_17' title="bbox 250 1496 3241 1570; baseline -0.002 -15"><span class='ocrx_word' id='word_1_121' title='bbox 250 1510 336 1555; x_wconf 91' lang='lat' dir='ltr'><strong>est</strong></span> <span class='ocrx_word' id='word_1_122' title='bbox 374 1500 579 1554; x_wconf 85' lang='lat' dir='ltr'><strong>homini</strong></span> <span class='ocrx_word' id='word_1_123' title='bbox 628 1501 795 1554; x_wconf 85' lang='lat' dir='ltr'><strong>vitam</strong></span> <span class='ocrx_word' id='word_1_124' title='bbox 830 1518 859 1555; x_wconf 91' lang='lat' dir='ltr'><strong>a</strong></span> <span class='ocrx_word' id='word_1_125' title='bbox 900 1501 1192 1570; x_wconf 85' lang='lat' dir='ltr'><strong>semetipso</strong></span> <span class='ocrx_word' id='word_1_126' title='bbox 1231 1501 1434 1555; x_wconf 87' lang='lat' dir='ltr'><strong>habere</strong></span> <span class='ocrx_word' id='word_1_127' title='bbox 1467 1513 1627 1567; x_wconf 83' lang='lat' dir='ltr'><strong>posse</strong></span> <span class='ocrx_word' id='word_1_128' title='bbox 1663 1516 1676 1552; x_wconf 89' lang='lat'><strong>:</strong></span> <span class='ocrx_word' id='word_1_129' title='bbox 1735 1500 1828 1553; x_wconf 90' lang='lat' dir='ltr'><strong>sed</strong></span> <span class='ocrx_word' id='word_1_130' title='bbox 1869 1498 1995 1568; x_wconf 85' lang='lat' dir='ltr'><strong>quia</strong></span> <span class='ocrx_word' id='word_1_131' title='bbox 2068 1512 2263 1565; x_wconf 87' lang='lat' dir='ltr'><strong>corpus</strong></span> <span class='ocrx_word' id='word_1_132' title='bbox 2313 1498 2493 1553; x_wconf 83' lang='lat' dir='ltr'><strong>Verbo</strong></span> <span class='ocrx_word' id='word_1_133' title='bbox 2539 1499 2748 1553; x_wconf 91' lang='lat' dir='ltr'><strong>unitum</strong></span> <span class='ocrx_word' id='word_1_134' title='bbox 2804 1497 3036 1553; x_wconf 74' lang='lat' dir='ltr'><strong>viventis</strong></span> <span class='ocrx_word' id='word_1_135' title='bbox 3081 1496 3241 1552; x_wconf 82' lang='lat' dir='ltr'><strong>Verbi</strong></span> 
     </span>
    </p>
   </div>
   <div class='ocr_carea' id='block_1_18' title="bbox 1934 489 3514 565">
    <p class='ocr_par' dir='ltr' id='par_1_18' title="bbox 1934 489 3514 565">
     <span class='ocr_line' id='line_1_18' title="bbox 1934 489 3514 565; baseline -0.005 -14"><span class='ocrx_word' id='word_1_136' title='bbox 1934 496 2119 565; x_wconf 83' lang='lat' dir='ltr'><strong>seip’so</strong></span> <span class='ocrx_word' id='word_1_137' title='bbox 2142 496 2520 550; x_wconf 83' lang='lat' dir='ltr'><strong>exsistentem.</strong></span> <span class='ocrx_word' id='word_1_138' title='bbox 2560 493 2740 560; x_wconf 84' lang='lat' dir='ltr'><strong>Atque</strong></span> <span class='ocrx_word' id='word_1_139' title='bbox 2790 489 2855 543; x_wconf 89' lang='lat' dir='ltr'><strong>ad</strong></span> <span class='ocrx_word' id='word_1_140' title='bbox 2905 490 3156 544; x_wconf 89' lang='lat' dir='ltr'><strong>eumdem</strong></span> <span class='ocrx_word' id='word_1_141' title='bbox 3204 489 3422 543; x_wconf 83' lang='lat' dir='ltr'><strong>modum</strong></span> <span class='ocrx_word' id='word_1_142' title='bbox 3457 499 3514 543; x_wconf 83' lang='lat' dir='ltr'><strong>et</strong></span> 
     </span>
    </p>
   </div>
   <div class='ocr_carea' id='block_1_19' title="bbox 1933 582 3510 659">
    <p class='ocr_par' dir='ltr' id='par_1_19' title="bbox 1933 582 3510 659">
     <span class='ocr_line' id='line_1_19' title="bbox 1933 582 3510 659; baseline -0.004 -15"><span class='ocrx_word' id='word_1_143' title='bbox 1933 589 2073 645; x_wconf 90' lang='lat' dir='ltr'><strong>Filio</strong></span> <span class='ocrx_word' id='word_1_144' title='bbox 2115 603 2332 659; x_wconf 81' lang='lat' dir='ltr'><strong>quoque</strong></span> <span class='ocrx_word' id='word_1_145' title='bbox 2384 589 2552 643; x_wconf 86' lang='lat' dir='ltr'><strong>vitam</strong></span> <span class='ocrx_word' id='word_1_146' title='bbox 2586 586 2639 640; x_wconf 92' lang='lat' dir='ltr'><strong>in</strong></span> <span class='ocrx_word' id='word_1_147' title='bbox 2674 586 2968 655; x_wconf 88' lang='lat' dir='ltr'><strong>semetipso</strong></span> <span class='ocrx_word' id='word_1_148' title='bbox 2998 585 3199 639; x_wconf 88' lang='lat' dir='ltr'><strong>habere</strong></span> <span class='ocrx_word' id='word_1_149' title='bbox 3236 584 3407 637; x_wconf 80' lang='lat' dir='ltr'><strong>dedit.</strong></span> <span class='ocrx_word' id='word_1_150' title='bbox 3438 582 3510 639; x_wconf 85' lang='lat' dir='ltr'><strong>Et</strong></span> 
     </span>
    </p>
   </div>
   <div class='ocr_carea' id='block_1_20' title="bbox 1934 674 3511 753">
    <p class='ocr_par' dir='ltr' id='par_1_20' title="bbox 1934 674 3511 753">
     <span class='ocr_line' id='line_1_20' title="bbox 1934 674 3511 753; baseline -0.004 -18"><span class='ocrx_word' id='word_1_151' title='bbox 1934 686 2207 753; x_wconf 90' lang='lat' dir='ltr'><strong>quomodo</strong></span> <span class='ocrx_word' id='word_1_152' title='bbox 2240 682 2432 746; x_wconf 84' lang='lat' dir='ltr'><strong>Filius,</strong></span> <span class='ocrx_word' id='word_1_153' title='bbox 2457 695 2581 736; x_wconf 91' lang='lat' dir='ltr'><strong>cum</strong></span> <span class='ocrx_word' id='word_1_154' title='bbox 2614 679 2779 734; x_wconf 88' lang='lat' dir='ltr'><strong>vitam</strong></span> <span class='ocrx_word' id='word_1_155' title='bbox 2813 694 2840 731; x_wconf 90' lang='lat' dir='ltr'><strong>a</strong></span> <span class='ocrx_word' id='word_1_156' title='bbox 2874 677 3034 732; x_wconf 88' lang='lat' dir='ltr'><strong>Patre</strong></span> <span class='ocrx_word' id='word_1_157' title='bbox 3059 677 3354 745; x_wconf 84' lang='lat' dir='ltr'><strong>acceperit,</strong></span> <span class='ocrx_word' id='word_1_158' title='bbox 3377 674 3511 731; x_wconf 87' lang='lat' dir='ltr'><strong>sub-</strong></span> 
     </span>
    </p>
   </div>
   <div class='ocr_carea' id='block_1_21' title="bbox 1936 768 3516 843">
    <p class='ocr_par' dir='ltr' id='par_1_21' title="bbox 1936 768 3516 843">
     <span class='ocr_line' id='line_1_21' title="bbox 1936 768 3516 843; baseline -0.004 -15"><span class='ocrx_word' id='word_1_159' title='bbox 1936 774 2261 829; x_wconf 87' lang='lat' dir='ltr'><strong>stantialiter</strong></span> <span class='ocrx_word' id='word_1_160' title='bbox 2308 789 2428 828; x_wconf 86' lang='lat' dir='ltr'><strong>eam</strong></span> <span class='ocrx_word' id='word_1_161' title='bbox 2474 774 2527 828; x_wconf 92' lang='lat' dir='ltr'><strong>in</strong></span> <span class='ocrx_word' id='word_1_162' title='bbox 2570 788 2628 828; x_wconf 91' lang='lat' dir='ltr'><strong>se</strong></span> <span class='ocrx_word' id='word_1_163' title='bbox 2670 772 2842 843; x_wconf 89' lang='lat' dir='ltr'><strong>possit</strong></span> <span class='ocrx_word' id='word_1_164' title='bbox 2890 768 3141 826; x_wconf 84' lang='lat' dir='ltr'><strong>habere?</strong></span> <span class='ocrx_word' id='word_1_165' title='bbox 3169 768 3227 823; x_wconf 86' lang='lat' dir='ltr'><strong>Id</strong></span> <span class='ocrx_word' id='word_1_166' title='bbox 3261 782 3516 838; x_wconf 83' lang='lat' dir='ltr'><strong>namque,</strong></span> 
     </span>
    </p>
   </div>
   <div class='ocr_carea' id='block_1_22' title="bbox 1939 857 3514 933">
    <p class='ocr_par' dir='ltr' id='par_1_22' title="bbox 1939 857 3514 933">
     <span class='ocr_line' id='line_1_22' title="bbox 1939 857 3514 933; baseline -0.004 -16"><span class='ocrx_word' id='word_1_167' title='bbox 1939 872 1999 917; x_wconf 87' lang='lat' dir='ltr'><strong>ut</strong></span> <span class='ocrx_word' id='word_1_168' title='bbox 2023 872 2176 932; x_wconf 89' lang='lat' dir='ltr'><strong>puto,</strong></span> <span class='ocrx_word' id='word_1_169' title='bbox 2208 863 2408 933; x_wconf 84' lang='lat' dir='ltr'><strong>aliquis</strong></span> <span class='ocrx_word' id='word_1_170' title='bbox 2433 863 2614 917; x_wconf 84' lang='lat' dir='ltr'><strong>dicere</strong></span> <span class='ocrx_word' id='word_1_171' title='bbox 2646 862 2843 932; x_wconf 89' lang='lat' dir='ltr'><strong>possit.</strong></span> <span class='ocrx_word' id='word_1_172' title='bbox 2874 859 3047 913; x_wconf 86' lang='lat' dir='ltr'><strong>Ilahet</strong></span> <span class='ocrx_word' id='word_1_173' title='bbox 3080 872 3210 928; x_wconf 78' lang='lat' dir='ltr'><strong>ergo</strong></span> <span class='ocrx_word' id='word_1_174' title='bbox 3235 867 3291 912; x_wconf 90' lang='lat' dir='ltr'><strong>et</strong></span> <span class='ocrx_word' id='word_1_175' title='bbox 3321 857 3514 919; x_wconf 88' lang='lat' dir='ltr'><strong>Filius,</strong></span> 
     </span>
    </p>
   </div>
   <div class='ocr_carea' id='block_1_23' title="bbox 1939 946 3517 1020">
    <p class='ocr_par' dir='ltr' id='par_1_23' title="bbox 1939 946 3517 1020">
     <span class='ocr_line' id='line_1_23' title="bbox 1939 946 3517 1020; baseline -0.006 -12"><span class='ocrx_word' id='word_1_176' title='bbox 1939 966 2062 1008; x_wconf 89' lang='lat' dir='ltr'><strong>cum</strong></span> <span class='ocrx_word' id='word_1_177' title='bbox 2091 952 2159 1006; x_wconf 89' lang='lat' dir='ltr'><strong>ab</strong></span> <span class='ocrx_word' id='word_1_178' title='bbox 2197 952 2315 1020; x_wconf 93' lang='lat' dir='ltr'><strong>ipso</strong></span> <span class='ocrx_word' id='word_1_179' title='bbox 2337 950 2502 1005; x_wconf 85' lang='lat' dir='ltr'><strong>Patre</strong></span> <span class='ocrx_word' id='word_1_180' title='bbox 2532 952 2826 1005; x_wconf 87' lang='lat' dir='ltr'><strong>secundum</strong></span> <span class='ocrx_word' id='word_1_181' title='bbox 2857 958 3111 1002; x_wconf 88' lang='lat' dir='ltr'><strong>naturam</strong></span> <span class='ocrx_word' id='word_1_182' title='bbox 3135 948 3229 1011; x_wconf 85' lang='lat' dir='ltr'><strong>sit,</strong></span> <span class='ocrx_word' id='word_1_183' title='bbox 3265 946 3432 999; x_wconf 89' lang='lat' dir='ltr'><strong>vitam</strong></span> <span class='ocrx_word' id='word_1_184' title='bbox 3461 946 3517 999; x_wconf 91' lang='lat' dir='ltr'><strong>in</strong></span> 
     </span>
    </p>
   </div>
   <div class='ocr_carea' id='block_1_24' title="bbox 1941 1037 3518 1114">
    <p class='ocr_par' dir='ltr' id='par_1_24' title="bbox 1941 1037 3518 1114">
     <span class='ocr_line' id='line_1_24' title="bbox 1941 1037 3518 1114; baseline -0.005 -15"><span class='ocrx_word' id='word_1_185' title='bbox 1941 1045 2142 1112; x_wconf 90' lang='lat' dir='ltr'><strong>seipso,</strong></span> <span class='ocrx_word' id='word_1_186' title='bbox 2180 1055 2344 1114; x_wconf 86' lang='lat' dir='ltr'><strong>prout</strong></span> <span class='ocrx_word' id='word_1_187' title='bbox 2376 1045 2516 1099; x_wconf 84' lang='lat' dir='ltr'><strong>Deus</strong></span> <span class='ocrx_word' id='word_1_188' title='bbox 2541 1053 2665 1098; x_wconf 88' lang='lat' dir='ltr'><strong>est:</strong></span> <span class='ocrx_word' id='word_1_189' title='bbox 2700 1051 2757 1097; x_wconf 85' lang='lat' dir='ltr'><strong>at</strong></span> <span class='ocrx_word' id='word_1_190' title='bbox 2785 1056 2916 1097; x_wconf 86' lang='lat' dir='ltr'><strong>vero</strong></span> <span class='ocrx_word' id='word_1_191' title='bbox 2952 1055 3058 1095; x_wconf 86' lang='lat' dir='ltr'><strong>una</strong></span> <span class='ocrx_word' id='word_1_192' title='bbox 3090 1055 3213 1096; x_wconf 89' lang='lat' dir='ltr'><strong>cum</strong></span> <span class='ocrx_word' id='word_1_193' title='bbox 3234 1037 3518 1111; x_wconf 70' lang='lat' dir='ltr'><strong>iudicandi</strong></span> 
     </span>
    </p>
   </div>
   <div class='ocr_carea' id='block_1_25' title="bbox 1939 1129 3511 1205">
    <p class='ocr_par' dir='ltr' id='par_1_25' title="bbox 1939 1129 3511 1205">
     <span class='ocr_line' id='line_1_25' title="bbox 1939 1129 3511 1205; baseline -0.003 -17"><span class='ocrx_word' id='word_1_194' title='bbox 1939 1143 2207 1205; x_wconf 84' lang='lat' dir='ltr'><strong>potestate</strong></span> <span class='ocrx_word' id='word_1_195' title='bbox 2267 1134 2414 1187; x_wconf 86' lang='lat' dir='ltr'><strong>illam</strong></span> <span class='ocrx_word' id='word_1_196' title='bbox 2463 1134 2744 1203; x_wconf 86' lang='lat' dir='ltr'><strong>accepisse</strong></span> <span class='ocrx_word' id='word_1_197' title='bbox 2803 1132 3041 1197; x_wconf 86' lang='lat' dir='ltr'><strong>dicitur,</strong></span> <span class='ocrx_word' id='word_1_198' title='bbox 3089 1140 3206 1186; x_wconf 89' lang='lat' dir='ltr'><strong>esto</strong></span> <span class='ocrx_word' id='word_1_199' title='bbox 3258 1139 3318 1185; x_wconf 89' lang='lat' dir='ltr'><strong>ut</strong></span> <span class='ocrx_word' id='word_1_200' title='bbox 3366 1129 3511 1185; x_wconf 86' lang='lat' dir='ltr'><strong>Dens</strong></span> 
     </span>
    </p>
   </div>
   <div class='ocr_carea' id='block_1_26' title="bbox 1940 1222 3519 1294">
    <p class='ocr_par' dir='ltr' id='par_1_26' title="bbox 1940 1222 3519 1294">
     <span class='ocr_line' id='line_1_26' title="bbox 1940 1222 3519 1294; baseline -0.004 -13"><span class='ocrx_word' id='word_1_201' title='bbox 1940 1226 2180 1281; x_wconf 90' lang='lat' dir='ltr'><strong>omnium</strong></span> <span class='ocrx_word' id='word_1_202' title='bbox 2200 1225 2365 1294; x_wconf 78' lang='lat' dir='ltr'><strong>judex</strong></span> <span class='ocrx_word' id='word_1_203' title='bbox 2391 1227 2641 1281; x_wconf 81' lang='lat' dir='ltr'><strong>exsistat.</strong></span> <span class='ocrx_word' id='word_1_204' title='bbox 2667 1225 2835 1280; x_wconf 89' lang='lat' dir='ltr'><strong>Porro</strong></span> <span class='ocrx_word' id='word_1_205' title='bbox 2853 1226 3033 1280; x_wconf 86' lang='lat' dir='ltr'><strong>autem</strong></span> <span class='ocrx_word' id='word_1_206' title='bbox 3060 1239 3183 1294; x_wconf 64' lang='lat' dir='ltr'><strong>quat</strong></span> <span class='ocrx_word' id='word_1_207' title='bbox 3211 1222 3519 1292; x_wconf 87' lang='lat' dir='ltr'><strong>suscipien-</strong></span> 
     </span>
    </p>
   </div>
   <div class='ocr_carea' id='block_1_27' title="bbox 1942 1316 3515 1389">
    <p class='ocr_par' dir='ltr' id='par_1_27' title="bbox 1942 1316 3515 1389">
     <span class='ocr_line' id='line_1_27' title="bbox 1942 1316 3515 1389; baseline -0.003 -18"><span class='ocrx_word' id='word_1_208' title='bbox 1942 1317 1993 1371; x_wconf 90' lang='lat' dir='ltr'><strong>di</strong></span> <span class='ocrx_word' id='word_1_209' title='bbox 2026 1317 2482 1383; x_wconf 80' lang='lat' dir='ltr'><strong>cxstiteritratio,</strong></span> <span class='ocrx_word' id='word_1_210' title='bbox 2533 1318 2585 1372; x_wconf 87' lang='lat' dir='ltr'><strong>id</strong></span> <span class='ocrx_word' id='word_1_211' title='bbox 2644 1319 2757 1389; x_wconf 82' lang='lat' dir='ltr'><strong>ipse</strong></span> <span class='ocrx_word' id='word_1_212' title='bbox 2813 1318 3072 1383; x_wconf 88' lang='lat' dir='ltr'><strong>insinuat,</strong></span> <span class='ocrx_word' id='word_1_213' title='bbox 3136 1317 3264 1371; x_wconf 91' lang='lat' dir='ltr'><strong>dum</strong></span> <span class='ocrx_word' id='word_1_214' title='bbox 3322 1316 3515 1370; x_wconf 89' lang='lat' dir='ltr'><strong>addit:</strong></span> 
     </span>
    </p>
   </div>
   <div class='ocr_carea' id='block_1_28' title="bbox 1946 1405 3518 1474">
    <p class='ocr_par' dir='ltr' id='par_1_28' title="bbox 1946 1405 3518 1474">
     <span class='ocr_line' id='line_1_28' title="bbox 1946 1405 3518 1474; baseline 0.001 -17"><span class='ocrx_word' id='word_1_215' title='bbox 1946 1424 1966 1457; x_wconf 71' lang='grc' dir='ltr'><strong>ι</strong></span> <span class='ocrx_word' id='word_1_216' title='bbox 2000 1406 2137 1472; x_wconf 84' lang='lat' dir='ltr'><strong>Quia</strong></span> <span class='ocrx_word' id='word_1_217' title='bbox 2177 1406 2349 1461; x_wconf 89' lang='lat' dir='ltr'><strong>Filius</strong></span> <span class='ocrx_word' id='word_1_218' title='bbox 2406 1409 2639 1462; x_wconf 82' lang='lat' dir='ltr'><strong>hominis</strong></span> <span class='ocrx_word' id='word_1_219' title='bbox 2667 1416 2771 1463; x_wconf 90' lang='lat' dir='ltr'><strong>est.</strong></span> <span class='ocrx_word' id='word_1_220' title='bbox 2811 1426 2832 1460; x_wconf 75' lang='grc' dir='ltr'><strong>ι</strong></span> <span class='ocrx_word' id='word_1_221' title='bbox 2873 1406 2986 1462; x_wconf 86' lang='lat' dir='ltr'><strong>Non</strong></span> <span class='ocrx_word' id='word_1_222' title='bbox 3039 1405 3185 1461; x_wconf 85' lang='lat' dir='ltr'><strong>enim</strong></span> <span class='ocrx_word' id='word_1_223' title='bbox 3236 1406 3518 1474; x_wconf 90' lang='lat' dir='ltr'><strong>proprium</strong></span> 
     </span>
    </p>
   </div>
   <div class='ocr_carea' id='block_1_29' title="bbox 3316 1494 3522 1550">
    <p class='ocr_par' dir='ltr' id='par_1_29' title="bbox 3316 1494 3522 1550">
     <span class='ocr_line' id='line_1_29' title="bbox 3316 1494 3522 1550; baseline -0.005 0"><span class='ocrx_word' id='word_1_224' title='bbox 3316 1494 3522 1550; x_wconf 76' lang='lat' dir='ltr'><strong>factum</strong></span> 
     </span>
    </p>
   </div>
   <div class='ocr_carea' id='block_1_30' title="bbox 251 1586 3526 1660">
    <p class='ocr_par' dir='ltr' id='par_1_30' title="bbox 251 1586 3526 1660">
     <span class='ocr_line' id='line_1_30' title="bbox 251 1586 3526 1660; baseline -0.001 -15"><span class='ocrx_word' id='word_1_225' title='bbox 251 1602 336 1645; x_wconf 85' lang='lat' dir='ltr'><strong>est</strong></span> <span class='ocrx_word' id='word_1_226' title='bbox 384 1590 684 1660; x_wconf 87' lang='lat' dir='ltr'><strong>proprium,</strong></span> <span class='ocrx_word' id='word_1_227' title='bbox 747 1598 1059 1660; x_wconf 86' lang='lat' dir='ltr'><strong>propterea,</strong></span> <span class='ocrx_word' id='word_1_228' title='bbox 1100 1597 1155 1644; x_wconf 90' lang='lat' dir='ltr'><strong>et</strong></span> <span class='ocrx_word' id='word_1_229' title='bbox 1189 1589 1240 1644; x_wconf 87' lang='lat' dir='ltr'><strong>id</strong></span> <span class='ocrx_word' id='word_1_230' title='bbox 1309 1589 1533 1659; x_wconf 90' lang='lat' dir='ltr'><strong>quidem</strong></span> <span class='ocrx_word' id='word_1_231' title='bbox 1565 1586 1855 1642; x_wconf 86' lang='lat' dir='ltr'><strong>admodum</strong></span> <span class='ocrx_word' id='word_1_232' title='bbox 1938 1588 2340 1651; x_wconf 78' lang='lat' dir='ltr'><strong>convenienter,</strong></span> <span class='ocrx_word' id='word_1_233' title='bbox 2399 1588 2567 1642; x_wconf 88' lang='lat' dir='ltr'><strong>vitam</strong></span> <span class='ocrx_word' id='word_1_234' title='bbox 2636 1589 2913 1657; x_wconf 88' lang='lat' dir='ltr'><strong>accepisse</strong></span> <span class='ocrx_word' id='word_1_235' title='bbox 2970 1589 3214 1653; x_wconf 88' lang='lat' dir='ltr'><strong>dicitur,</strong></span> <span class='ocrx_word' id='word_1_236' title='bbox 3262 1596 3526 1657; x_wconf 83' lang='lat' dir='ltr'><strong>tanquam</strong></span> 
     </span>
    </p>
   </div>
   <div class='ocr_carea' id='block_1_31' title="bbox 250 1668 3523 1754">
    <p class='ocr_par' dir='ltr' id='par_1_31' title="bbox 250 1668 3523 1754">
     <span class='ocr_line' id='line_1_31' title="bbox 250 1668 3523 1754; baseline -0.001 -15"><span class='ocrx_word' id='word_1_237' title='bbox 250 1688 523 1740; x_wconf 85' lang='lat' dir='ltr'><strong>viviIicam</strong></span> <span class='ocrx_word' id='word_1_238' title='bbox 578 1685 746 1754; x_wconf 88' lang='lat' dir='ltr'><strong>ipsius</strong></span> <span class='ocrx_word' id='word_1_239' title='bbox 790 1684 1067 1740; x_wconf 87' lang='lat' dir='ltr'><strong>actionem</strong></span> <span class='ocrx_word' id='word_1_240' title='bbox 1119 1683 1351 1739; x_wconf 83' lang='lat' dir='ltr'><strong>habens.</strong></span> <span class='ocrx_word' id='word_1_241' title='bbox 1383 1682 1517 1738; x_wconf 81' lang='lat' dir='ltr'><strong>Rem</strong></span> <span class='ocrx_word' id='word_1_242' title='bbox 1585 1698 1713 1738; x_wconf 87' lang='lat' dir='ltr'><strong>vero</strong></span> <span class='ocrx_word' id='word_1_243' title='bbox 1773 1682 1977 1752; x_wconf 89' lang='lat' dir='ltr'><strong>ipsein</strong></span> <span class='ocrx_word' id='word_1_244' title='bbox 2045 1697 2105 1739; x_wconf 88' lang='lat' dir='ltr'><strong>se</strong></span> <span class='ocrx_word' id='word_1_245' title='bbox 2142 1682 2424 1750; x_wconf 81' lang='lat' dir='ltr'><strong>transfert,</strong></span> <span class='ocrx_word' id='word_1_246' title='bbox 2469 1681 2627 1754; x_wconf 85' lang='lat' dir='ltr'><strong>cujus</strong></span> <span class='ocrx_word' id='word_1_247' title='bbox 2678 1668 2959 1754; x_wconf 82' lang='lat' dir='ltr'><strong>proprium</strong></span> <span class='ocrx_word' id='word_1_248' title='bbox 3008 1684 3213 1739; x_wconf 81' lang='lat' dir='ltr'><strong>factum</strong></span> <span class='ocrx_word' id='word_1_249' title='bbox 3256 1692 3339 1739; x_wconf 90' lang='lat' dir='ltr'><strong>est</strong></span> <span class='ocrx_word' id='word_1_250' title='bbox 3390 1682 3523 1738; x_wconf 88' lang='lat' dir='ltr'><strong>illud</strong></span> 
     </span>
    </p>
   </div>
   <div class='ocr_carea' id='block_1_32' title="bbox 253 1774 1125 1849">
    <p class='ocr_par' dir='ltr' id='par_1_32' title="bbox 253 1774 1125 1849">
     <span class='ocr_line' id='line_1_32' title="bbox 253 1774 1125 1849; baseline -0.007 -14"><span class='ocrx_word' id='word_1_251' title='bbox 253 1794 474 1849; x_wconf 87' lang='lat' dir='ltr'><strong>corpus,</strong></span> <span class='ocrx_word' id='word_1_252' title='bbox 517 1778 660 1848; x_wconf 86' lang='lat' dir='ltr'><strong>quod</strong></span> <span class='ocrx_word' id='word_1_253' title='bbox 693 1777 863 1831; x_wconf 89' lang='lat' dir='ltr'><strong>vitam</strong></span> <span class='ocrx_word' id='word_1_254' title='bbox 895 1774 1125 1845; x_wconf 84' lang='lat' dir='ltr'><strong>accepit.</strong></span> 
     </span>
    </p>
   </div>
   <div class='ocr_carea' id='block_1_33' title="bbox 257 1901 1843 1985">
    <p class='ocr_par' dir='ltr' id='par_1_33' title="bbox 257 1911 1837 1985">
     <span class='ocr_line' id='line_1_33' title="bbox 257 1911 1837 1985; baseline -0.003 -12"><span class='ocrx_word' id='word_1_255' title='bbox 257 1922 382 1975; x_wconf 87' lang='grc' dir='ltr'>Ὅτι</span> <span class='ocrx_word' id='word_1_256' title='bbox 408 1918 526 1973; x_wconf 81' lang='grc' dir='ltr'><strong>κᾶν</strong></span> <span class='ocrx_word' id='word_1_257' title='bbox 553 1919 691 1983; x_wconf 75' lang='grc' dir='ltr'>Υἱὸς</span> <span class='ocrx_word' id='word_1_258' title='bbox 718 1917 1034 1985; x_wconf 72' lang='grc' dir='ltr'>ἀνθρώπου</span> <span class='ocrx_word' id='word_1_259' title='bbox 1058 1912 1306 1983; x_wconf 76' lang='grc' dir='ltr'>λέγηται</span> <span class='ocrx_word' id='word_1_260' title='bbox 1332 1916 1366 1968; x_wconf 84' lang='grc' dir='ltr'><strong><em>ό</em></strong></span> <span class='ocrx_word' id='word_1_261' title='bbox 1394 1913 1671 1985; x_wconf 79' lang='grc' dir='ltr'>Χριστὸς,</span> <span class='ocrx_word' id='word_1_262' title='bbox 1693 1911 1837 1968; x_wconf 67' lang='grc' dir='ltr'><strong>ἀλλ’</strong></span> 
     </span>
    </p>
   </div>
   <div class='ocr_carea' id='block_1_34' title="bbox 1953 1901 3455 1985">
    <p class='ocr_par' dir='ltr' id='par_1_34' title="bbox 2017 1912 3455 1984">
     <span class='ocr_line' id='line_1_34' title="bbox 2017 1912 3455 1984; baseline -0.002 -13"><span class='ocrx_word' id='word_1_263' title='bbox 2017 1916 2172 1984; x_wconf 82' lang='lat' dir='ltr'><strong>Quod</strong></span> <span class='ocrx_word' id='word_1_264' title='bbox 2210 1915 2463 1971; x_wconf 74' lang='lat' dir='ltr'><strong>Christus</strong></span> <span class='ocrx_word' id='word_1_265' title='bbox 2502 1932 2655 1971; x_wconf 75' lang='lat' dir='ltr'><strong>verus</strong></span> <span class='ocrx_word' id='word_1_266' title='bbox 2701 1916 2767 1969; x_wconf 79' lang='lat' dir='ltr'><strong>sit</strong></span> <span class='ocrx_word' id='word_1_267' title='bbox 2811 1913 2968 1980; x_wconf 83' lang='lat' dir='ltr'><strong>Deus,</strong></span> <span class='ocrx_word' id='word_1_268' title='bbox 3011 1914 3222 1969; x_wconf 80' lang='lat' dir='ltr'><strong>etiamsi</strong></span> <span class='ocrx_word' id='word_1_269' title='bbox 3277 1912 3455 1968; x_wconf 79' lang='lat' dir='ltr'><strong>Filius</strong></span> 
     </span>
    </p>
   </div>
   <div class='ocr_carea' id='block_1_35' title="bbox 502 1984 1580 2058">
    <p class='ocr_par' dir='ltr' id='par_1_35' title="bbox 502 1984 1580 2058">
     <span class='ocr_line' id='line_1_35' title="bbox 502 1984 1580 2058; baseline -0.006 -16"><span class='ocrx_word' id='word_1_270' title='bbox 502 1988 683 2043; x_wconf 77' lang='grc' dir='ltr'>οὐδὲν</span> <span class='ocrx_word' id='word_1_271' title='bbox 710 1984 895 2058; x_wconf 78' lang='grc' dir='ltr'>ἧττόν</span> <span class='ocrx_word' id='word_1_272' title='bbox 928 1987 1063 2039; x_wconf 82' lang='grc' dir='ltr'>ἐστι</span> <span class='ocrx_word' id='word_1_273' title='bbox 1095 1985 1241 2049; x_wconf 83' lang='grc' dir='ltr'><strong>Θεὸς</strong></span> <span class='ocrx_word' id='word_1_274' title='bbox 1270 1984 1580 2053; x_wconf 77' lang='grc' dir='ltr'>ἀληθινός.</span> 
     </span>
    </p>
   </div>
   <div class='ocr_carea' id='block_1_36' title="bbox 321 2092 1840 2188">
    <p class='ocr_par' dir='ltr' id='par_1_36' title="bbox 321 2092 1840 2188">
     <span class='ocr_line' id='line_1_36' title="bbox 321 2092 1840 2188; baseline -0.005 -13"><span class='ocrx_word' id='word_1_275' title='bbox 321 2122 456 2175; x_wconf 78' lang='lat' dir='ltr'><strong>NH’.</strong></span> <span class='ocrx_word' id='word_1_276' title='bbox 496 2118 667 2183; x_wconf 79' lang='grc' dir='ltr'>Αὐτός</span> <span class='ocrx_word' id='word_1_277' title='bbox 693 2118 794 2171; x_wconf 78' lang='grc' dir='ltr'><strong>πού</strong></span> <span class='ocrx_word' id='word_1_278' title='bbox 817 2135 980 2188; x_wconf 80' lang='grc' dir='ltr'>φησιν</span> <span class='ocrx_word' id='word_1_279' title='bbox 1002 2119 1030 2170; x_wconf 97' lang='lat'><strong>6</strong></span> <span class='ocrx_word' id='word_1_280' title='bbox 1052 2115 1257 2185; x_wconf 83' lang='grc' dir='ltr'>Κύριος</span> <span class='ocrx_word' id='word_1_281' title='bbox 1281 2092 1438 2187; x_wconf 77' lang='grc' dir='ltr'>ἡμῶν</span> <span class='ocrx_word' id='word_1_282' title='bbox 1474 2115 1680 2187; x_wconf 78' lang='grc' dir='ltr'>Ἰησοῦς</span> <span class='ocrx_word' id='word_1_283' title='bbox 1705 2117 1840 2187; x_wconf 83' lang='grc' dir='ltr'>Χρι-</span> 
     </span>
    </p>
   </div>
   <div class='ocr_carea' id='block_1_37' title="bbox 256 2206 1840 2283">
    <p class='ocr_par' dir='ltr' id='par_1_37' title="bbox 256 2206 1840 2283">
     <span class='ocr_line' id='line_1_37' title="bbox 256 2206 1840 2283; baseline -0.005 -16"><span class='ocrx_word' id='word_1_284' title='bbox 256 2215 400 2277; x_wconf 79' lang='grc' dir='ltr'>στάς.</span> <span class='ocrx_word' id='word_1_285' title='bbox 436 2232 454 2264; x_wconf 77' lang='grc' dir='ltr'><strong>ι</strong></span> <span class='ocrx_word' id='word_1_286' title='bbox 483 2208 632 2283; x_wconf 73' lang='grc' dir='ltr'>Ἀρά</span> <span class='ocrx_word' id='word_1_287' title='bbox 663 2227 727 2279; x_wconf 89' lang='grc' dir='ltr'><strong>γε</strong></span> <span class='ocrx_word' id='word_1_288' title='bbox 756 2208 924 2264; x_wconf 80' lang='grc' dir='ltr'>ἐλθὼν</span> <span class='ocrx_word' id='word_1_289' title='bbox 946 2211 974 2262; x_wconf 89' lang='lat'><strong>6</strong></span> <span class='ocrx_word' id='word_1_290' title='bbox 1008 2208 1135 2271; x_wconf 87' lang='grc' dir='ltr'>Υἱὸς</span> <span class='ocrx_word' id='word_1_291' title='bbox 1165 2207 1260 2260; x_wconf 79' lang='grc' dir='ltr'><strong>τοῦ</strong></span> <span class='ocrx_word' id='word_1_292' title='bbox 1294 2206 1583 2280; x_wconf 83' lang='grc' dir='ltr'>ἀνθρώπου</span> <span class='ocrx_word' id='word_1_293' title='bbox 1617 2209 1840 2280; x_wconf 80' lang='grc' dir='ltr'>εὑρήσει</span> 
     </span>
    </p>
   </div>
   <div class='ocr_carea' id='block_1_38' title="bbox 252 2299 1841 2376">
    <p class='ocr_par' dir='ltr' id='par_1_38' title="bbox 252 2299 1841 2376">
     <span class='ocr_line' id='line_1_38' title="bbox 252 2299 1841 2376; baseline -0.003 -19"><span class='ocrx_word' id='word_1_294' title='bbox 252 2306 352 2376; x_wconf 75' lang='grc' dir='ltr'>τὴν</span> <span class='ocrx_word' id='word_1_295' title='bbox 399 2305 578 2357; x_wconf 81' lang='grc' dir='ltr'>πίστιν</span> <span class='ocrx_word' id='word_1_296' title='bbox 613 2305 705 2356; x_wconf 68' lang='grc' dir='ltr'><strong>ἐπὶ</strong></span> <span class='ocrx_word' id='word_1_297' title='bbox 755 2301 856 2371; x_wconf 76' lang='grc' dir='ltr'><strong>τῆς</strong></span> <span class='ocrx_word' id='word_1_298' title='bbox 894 2301 1032 2370; x_wconf 84' lang='grc' dir='ltr'>γῆς;</span> <span class='ocrx_word' id='word_1_299' title='bbox 1064 2319 1081 2352; x_wconf 70' lang='grc' dir='ltr'><strong>ι</strong></span> <span class='ocrx_word' id='word_1_300' title='bbox 1118 2299 1255 2371; x_wconf 78' lang='grc' dir='ltr'>Φέρε</span> <span class='ocrx_word' id='word_1_301' title='bbox 1296 2300 1363 2370; x_wconf 83' lang='grc' dir='ltr'>δὴ</span> <span class='ocrx_word' id='word_1_302' title='bbox 1404 2299 1565 2353; x_wconf 79' lang='grc' dir='ltr'>πάλιν</span> <span class='ocrx_word' id='word_1_303' title='bbox 1610 2300 1700 2353; x_wconf 86' lang='grc' dir='ltr'><strong>τὸν</strong></span> <span class='ocrx_word' id='word_1_304' title='bbox 1733 2300 1841 2353; x_wconf 89' lang='grc' dir='ltr'><strong>τῶν</strong></span> 
     </span>
    </p>
   </div>
   <div class='ocr_carea' id='block_1_39' title="bbox 254 2391 1840 2468">
    <p class='ocr_par' dir='ltr' id='par_1_39' title="bbox 254 2391 1840 2468">
     <span class='ocr_line' id='line_1_39' title="bbox 254 2391 1840 2468; baseline -0.003 -19"><span class='ocrx_word' id='word_1_305' title='bbox 254 2397 558 2468; x_wconf 80' lang='grc' dir='ltr'>εἰρημένων</span> <span class='ocrx_word' id='word_1_306' title='bbox 582 2393 959 2466; x_wconf 77' lang='grc' dir='ltr'>βασανίζοντες</span> <span class='ocrx_word' id='word_1_307' title='bbox 982 2391 1126 2454; x_wconf 75' lang='grc' dir='ltr'>νοῦν,</span> <span class='ocrx_word' id='word_1_308' title='bbox 1157 2394 1332 2444; x_wconf 78' lang='grc' dir='ltr'>ἐκεῖνο</span> <span class='ocrx_word' id='word_1_309' title='bbox 1359 2391 1840 2464; x_wconf 81' lang='grc' dir='ltr'>περιαθρήσωμεν,</span> 
     </span>
    </p>
   </div>
   <div class='ocr_carea' id='block_1_40' title="bbox 256 2484 1844 2558">
    <p class='ocr_par' dir='ltr' id='par_1_40' title="bbox 256 2484 1844 2558">
     <span class='ocr_line' id='line_1_40' title="bbox 256 2484 1844 2558; baseline -0.004 -16"><span class='ocrx_word' id='word_1_310' title='bbox 256 2490 416 2542; x_wconf 80' lang='grc' dir='ltr'>ποίαν</span> <span class='ocrx_word' id='word_1_311' title='bbox 468 2488 690 2558; x_wconf 79' lang='grc' dir='ltr'><strong>ζητήσει</strong></span> <span class='ocrx_word' id='word_1_312' title='bbox 741 2485 922 2538; x_wconf 85' lang='grc' dir='ltr'>πίστιν</span> <span class='ocrx_word' id='word_1_313' title='bbox 955 2485 1047 2536; x_wconf 76' lang='grc' dir='ltr'><strong>ἐπὶ</strong></span> <span class='ocrx_word' id='word_1_314' title='bbox 1094 2485 1191 2554; x_wconf 84' lang='grc' dir='ltr'>τῆς</span> <span class='ocrx_word' id='word_1_315' title='bbox 1231 2484 1331 2554; x_wconf 83' lang='grc' dir='ltr'>γῆς</span> <span class='ocrx_word' id='word_1_316' title='bbox 1378 2484 1749 2554; x_wconf 81' lang='grc' dir='ltr'>ὑπονοστήσας</span> <span class='ocrx_word' id='word_1_317' title='bbox 1784 2484 1844 2548; x_wconf 79' lang='grc' dir='ltr'>ἐξ</span> 
     </span>
    </p>
   </div>
   <div class='ocr_carea' id='block_1_41' title="bbox 254 2574 1842 2648">
    <p class='ocr_par' dir='ltr' id='par_1_41' title="bbox 254 2574 1842 2648">
     <span class='ocr_line' id='line_1_41' title="bbox 254 2574 1842 2648; baseline -0.002 -16"><span class='ocrx_word' id='word_1_318' title='bbox 254 2577 500 2648; x_wconf 73' lang='grc' dir='ltr'>οὐρανῶν</span> <span class='ocrx_word' id='word_1_319' title='bbox 542 2579 570 2629; x_wconf 89' lang='lat'><strong>6</strong></span> <span class='ocrx_word' id='word_1_320' title='bbox 616 2576 817 2646; x_wconf 80' lang='grc' dir='ltr'>Κύριος</span> <span class='ocrx_word' id='word_1_321' title='bbox 865 2576 1027 2646; x_wconf 85' lang='grc' dir='ltr'>ἡμῶν</span> <span class='ocrx_word' id='word_1_322' title='bbox 1066 2574 1276 2645; x_wconf 75' lang='grc' dir='ltr'>Ἰησοῦς</span> <span class='ocrx_word' id='word_1_323' title='bbox 1324 2574 1594 2645; x_wconf 81' lang='grc' dir='ltr'>Χριστὸς;</span> <span class='ocrx_word' id='word_1_324' title='bbox 1632 2576 1695 2627; x_wconf 84' lang='grc' dir='ltr'><strong>Εἰ</strong></span> <span class='ocrx_word' id='word_1_325' title='bbox 1746 2576 1842 2646; x_wconf 76' lang='grc' dir='ltr'><strong>μὲν</strong></span> 
     </span>
    </p>
   </div>
   <div class='ocr_carea' id='block_1_42' title="bbox 255 2666 1845 2742">
    <p class='ocr_par' dir='ltr' id='par_1_42' title="bbox 255 2666 1845 2742">
     <span class='ocr_line' id='line_1_42' title="bbox 255 2666 1845 2742; baseline -0.002 -20"><span class='ocrx_word' id='word_1_326' title='bbox 255 2672 365 2742; x_wconf 74' lang='grc' dir='ltr'><strong>γάρ</strong></span> <span class='ocrx_word' id='word_1_327' title='bbox 398 2668 750 2723; x_wconf 80' lang='grc' dir='ltr'>πιστεύεσθαι</span> <span class='ocrx_word' id='word_1_328' title='bbox 781 2667 918 2740; x_wconf 86' lang='grc' dir='ltr'>πρὸς</span> <span class='ocrx_word' id='word_1_329' title='bbox 949 2666 1106 2738; x_wconf 82' lang='grc' dir='ltr'>ἡμῶν</span> <span class='ocrx_word' id='word_1_330' title='bbox 1131 2666 1324 2733; x_wconf 77' lang='grc' dir='ltr'>ἐθέλει,</span> <span class='ocrx_word' id='word_1_331' title='bbox 1348 2666 1429 2720; x_wconf 87' lang='grc' dir='ltr'><strong>ὅτι</strong></span> <span class='ocrx_word' id='word_1_332' title='bbox 1453 2666 1584 2729; x_wconf 80' lang='grc' dir='ltr'>Θεὸς</span> <span class='ocrx_word' id='word_1_333' title='bbox 1617 2666 1714 2736; x_wconf 83' lang='grc' dir='ltr'><strong>μὲν</strong></span> <span class='ocrx_word' id='word_1_334' title='bbox 1745 2667 1845 2719; x_wconf 80' lang='grc' dir='ltr'>οὐκ</span> 
     </span>
    </p>
   </div>
   <div class='ocr_carea' id='block_1_43' title="bbox 258 2755 1844 2826">
    <p class='ocr_par' dir='ltr' id='par_1_43' title="bbox 258 2755 1844 2826">
     <span class='ocr_line' id='line_1_43' title="bbox 258 2755 1844 2826; baseline 0.001 -16"><span class='ocrx_word' id='word_1_335' title='bbox 258 2758 427 2821; x_wconf 75' lang='grc' dir='ltr'>ἐστιν,</span> <span class='ocrx_word' id='word_1_336' title='bbox 459 2757 579 2809; x_wconf 71' lang='grc' dir='ltr'>οὐδὲ</span> <span class='ocrx_word' id='word_1_337' title='bbox 608 2756 739 2819; x_wconf 84' lang='grc' dir='ltr'>Θεὸς</span> <span class='ocrx_word' id='word_1_338' title='bbox 773 2756 1010 2825; x_wconf 77' lang='grc' dir='ltr'>ἀληθῶς,</span> <span class='ocrx_word' id='word_1_339' title='bbox 1040 2755 1326 2826; x_wconf 81' lang='grc' dir='ltr'>ἄνθρωπος</span> <span class='ocrx_word' id='word_1_340' title='bbox 1354 2755 1411 2808; x_wconf 79' lang='grc' dir='ltr'>δὲ</span> <span class='ocrx_word' id='word_1_341' title='bbox 1441 2756 1659 2824; x_wconf 80' lang='grc' dir='ltr'>μᾶλλον,</span> <span class='ocrx_word' id='word_1_342' title='bbox 1690 2756 1844 2811; x_wconf 76' lang='grc' dir='ltr'>οὐδὲν</span> 
     </span>
    </p>
   </div>
   <div class='ocr_carea' id='block_1_44' title="bbox 258 2845 1841 2920">
    <p class='ocr_par' dir='ltr' id='par_1_44' title="bbox 258 2845 1841 2920">
     <span class='ocr_line' id='line_1_44' title="bbox 258 2845 1841 2920; baseline -0.003 -17"><span class='ocrx_word' id='word_1_343' title='bbox 258 2849 397 2920; x_wconf 75' lang='grc' dir='ltr'>ἔχων</span> <span class='ocrx_word' id='word_1_344' title='bbox 422 2849 529 2902; x_wconf 84' lang='grc' dir='ltr'><strong>τῶν</strong></span> <span class='ocrx_word' id='word_1_345' title='bbox 553 2849 676 2901; x_wconf 83' lang='grc' dir='ltr'>καθ’</span> <span class='ocrx_word' id='word_1_346' title='bbox 699 2850 844 2919; x_wconf 76' lang='grc' dir='ltr'>ἡμᾶς</span> <span class='ocrx_word' id='word_1_347' title='bbox 871 2847 1127 2900; x_wconf 78' lang='grc' dir='ltr'>ἐπέκεινα</span> <span class='ocrx_word' id='word_1_348' title='bbox 1147 2868 1159 2879; x_wconf 75' lang='grc' dir='ltr'><strong>ο</strong></span> <span class='ocrx_word' id='word_1_349' title='bbox 1190 2846 1305 2910; x_wconf 86' lang='grc' dir='ltr'><strong>πῶς</strong></span> <span class='ocrx_word' id='word_1_350' title='bbox 1329 2845 1392 2900; x_wconf 84' lang='grc' dir='ltr'><strong>ἂν</strong></span> <span class='ocrx_word' id='word_1_351' title='bbox 1420 2847 1711 2900; x_wconf 81' lang='grc' dir='ltr'>ὲνδοιάσειέ</span> <span class='ocrx_word' id='word_1_352' title='bbox 1738 2865 1841 2915; x_wconf 86' lang='grc' dir='ltr'>τις,</span> 
     </span>
    </p>
   </div>
   <div class='ocr_carea' id='block_1_45' title="bbox 260 2937 1842 3012">
    <p class='ocr_par' dir='ltr' id='par_1_45' title="bbox 260 2937 1842 3012">
     <span class='ocr_line' id='line_1_45' title="bbox 260 2937 1842 3012; baseline 0 -19"><span class='ocrx_word' id='word_1_353' title='bbox 260 2943 341 2994; x_wconf 79' lang='grc' dir='ltr'><strong>ὅτι</strong></span> <span class='ocrx_word' id='word_1_354' title='bbox 364 2940 462 3012; x_wconf 82' lang='grc' dir='ltr'>τὴν</span> <span class='ocrx_word' id='word_1_355' title='bbox 493 2939 701 2993; x_wconf 85' lang='grc' dir='ltr'>τοιάνδε</span> <span class='ocrx_word' id='word_1_356' title='bbox 736 2938 1006 3007; x_wconf 67' lang='grc' dir='ltr'>διάληψιν,</span> <span class='ocrx_word' id='word_1_357' title='bbox 1039 2938 1207 3009; x_wconf 74' lang='grc' dir='ltr'>ἤγουν</span> <span class='ocrx_word' id='word_1_358' title='bbox 1242 2937 1424 2991; x_wconf 81' lang='grc' dir='ltr'>πίστιν</span> <span class='ocrx_word' id='word_1_359' title='bbox 1453 2956 1510 2991; x_wconf 87' lang='grc' dir='ltr'><strong>τε</strong></span> <span class='ocrx_word' id='word_1_360' title='bbox 1542 2940 1636 2992; x_wconf 79' lang='grc' dir='ltr'>καὶ</span> <span class='ocrx_word' id='word_1_361' title='bbox 1660 2940 1842 3007; x_wconf 62' lang='grc' dir='ltr'>δόξαν,</span> 
     </span>
    </p>
   </div>
   <div class='ocr_carea' id='block_1_46' title="bbox 260 3031 1844 3106">
    <p class='ocr_par' dir='ltr' id='par_1_46' title="bbox 260 3031 1844 3106">
     <span class='ocr_line' id='line_1_46' title="bbox 260 3031 1844 3106; baseline -0.002 -18"><span class='ocrx_word' id='word_1_362' title='bbox 260 3037 319 3088; x_wconf 83' lang='grc' dir='ltr'><strong>οὐ</strong></span> <span class='ocrx_word' id='word_1_363' title='bbox 357 3036 486 3106; x_wconf 78' lang='grc' dir='ltr'>παρ’</span> <span class='ocrx_word' id='word_1_364' title='bbox 512 3035 642 3104; x_wconf 81' lang='grc' dir='ltr'>ἡμῖν</span> <span class='ocrx_word' id='word_1_365' title='bbox 672 3033 891 3102; x_wconf 76' lang='grc' dir='ltr'>εὑρήσει</span> <span class='ocrx_word' id='word_1_366' title='bbox 931 3031 1153 3101; x_wconf 75' lang='grc' dir='ltr'>μᾶλλον,</span> <span class='ocrx_word' id='word_1_367' title='bbox 1196 3031 1329 3084; x_wconf 79' lang='grc' dir='ltr'>ἀλλὰ</span> <span class='ocrx_word' id='word_1_368' title='bbox 1365 3033 1494 3102; x_wconf 86' lang='grc' dir='ltr'>παρ’</span> <span class='ocrx_word' id='word_1_369' title='bbox 1529 3032 1755 3102; x_wconf 81' lang='grc' dir='ltr'>Ἕλλησι</span> <span class='ocrx_word' id='word_1_370' title='bbox 1784 3049 1844 3085; x_wconf 88' lang='grc' dir='ltr'><strong>τε</strong></span> 
     </span>
    </p>
   </div>
   <div class='ocr_carea' id='block_1_47' title="bbox 262 3124 1846 3197">
    <p class='ocr_par' dir='ltr' id='par_1_47' title="bbox 262 3124 1846 3197">
     <span class='ocr_line' id='line_1_47' title="bbox 262 3124 1846 3197; baseline -0.003 -15"><span class='ocrx_word' id='word_1_371' title='bbox 262 3129 357 3182; x_wconf 66' lang='grc' dir='ltr'><strong>καὶ</strong></span> <span class='ocrx_word' id='word_1_372' title='bbox 393 3127 697 3193; x_wconf 76' lang='grc' dir='ltr'>Ἰουδαίοιςς</span> <span class='ocrx_word' id='word_1_373' title='bbox 732 3124 1131 3196; x_wconf 81' lang='grc' dir='ltr'>Εἱδωλολάτραι</span> <span class='ocrx_word' id='word_1_374' title='bbox 1164 3125 1265 3195; x_wconf 87' lang='grc' dir='ltr'><strong>μὲν</strong></span> <span class='ocrx_word' id='word_1_375' title='bbox 1299 3126 1408 3197; x_wconf 75' lang='grc' dir='ltr'><strong>γάρ</strong></span> <span class='ocrx_word' id='word_1_376' title='bbox 1440 3128 1533 3179; x_wconf 77' lang='grc' dir='ltr'>καὶ</span> <span class='ocrx_word' id='word_1_377' title='bbox 1560 3129 1611 3179; x_wconf 84' lang='grc' dir='ltr'>οἱ</span> <span class='ocrx_word' id='word_1_378' title='bbox 1640 3129 1704 3197; x_wconf 85' lang='grc' dir='ltr'>τῇ</span> <span class='ocrx_word' id='word_1_379' title='bbox 1732 3126 1846 3178; x_wconf 83' lang='grc' dir='ltr'>κτί-</span> 
     </span>
    </p>
   </div>
   <div class='ocr_carea' id='block_1_48' title="bbox 265 3214 1845 3290">
    <p class='ocr_par' dir='ltr' id='par_1_48' title="bbox 265 3214 1845 3290">
     <span class='ocr_line' id='line_1_48' title="bbox 265 3214 1845 3290; baseline 0.001 -19"><span class='ocrx_word' id='word_1_380' title='bbox 265 3237 349 3272; x_wconf 81' lang='grc' dir='ltr'><strong>σει</strong></span> <span class='ocrx_word' id='word_1_381' title='bbox 382 3219 529 3289; x_wconf 80' lang='grc' dir='ltr'>παρὰ</span> <span class='ocrx_word' id='word_1_382' title='bbox 553 3221 642 3271; x_wconf 90' lang='grc' dir='ltr'><strong>τὸν</strong></span> <span class='ocrx_word' id='word_1_383' title='bbox 677 3217 917 3289; x_wconf 80' lang='grc' dir='ltr'>Κτίστην</span> <span class='ocrx_word' id='word_1_384' title='bbox 955 3214 1331 3290; x_wconf 81' lang='grc' dir='ltr'>λατρεύοντες,</span> <span class='ocrx_word' id='word_1_385' title='bbox 1361 3219 1590 3290; x_wconf 81' lang='grc' dir='ltr'>σταυρὸν</span> <span class='ocrx_word' id='word_1_386' title='bbox 1620 3218 1845 3273; x_wconf 78' lang='grc' dir='ltr'>ἀκούον-</span> 
     </span>
    </p>
   </div>
   <div class='ocr_carea' id='block_1_49' title="bbox 1920 2760 3015 2826">
    <p class='ocr_par' dir='ltr' id='par_1_49' title="bbox 1920 2760 3015 2826">
     <span class='ocr_line' id='line_1_49' title="bbox 1920 2760 3015 2826; baseline -0.001 -9"><span class='ocrx_word' id='word_1_387' title='bbox 1920 2762 2038 2817; x_wconf 89' lang='lat' dir='ltr'><strong>.bis</strong></span> <span class='ocrx_word' id='word_1_388' title='bbox 2086 2761 2202 2815; x_wconf 90' lang='lat' dir='ltr'><strong>vult</strong></span> <span class='ocrx_word' id='word_1_389' title='bbox 2241 2760 2412 2825; x_wconf 89' lang='lat' dir='ltr'><strong>credi,</strong></span> <span class='ocrx_word' id='word_1_390' title='bbox 2458 2776 2565 2815; x_wconf 88' lang='lat' dir='ltr'><strong>non</strong></span> <span class='ocrx_word' id='word_1_391' title='bbox 2619 2761 2786 2814; x_wconf 89' lang='lat' dir='ltr'><strong>etiam</strong></span> <span class='ocrx_word' id='word_1_392' title='bbox 2839 2761 3015 2826; x_wconf 88' lang='lat' dir='ltr'><strong>Deus,</strong></span> 
     </span>
    </p>
   </div>
   <div class='ocr_carea' id='block_1_50' title="bbox 2459 1987 3027 2055">
    <p class='ocr_par' dir='ltr' id='par_1_50' title="bbox 2459 1987 3027 2055">
     <span class='ocr_line' id='line_1_50' title="bbox 2459 1987 3027 2055; baseline 0.002 -17"><span class='ocrx_word' id='word_1_393' title='bbox 2459 1987 2686 2042; x_wconf 79' lang='lat' dir='ltr'><strong>hominis</strong></span> <span class='ocrx_word' id='word_1_394' title='bbox 2712 1987 3027 2055; x_wconf 78' lang='lat' dir='ltr'><strong>appelletur.</strong></span> 
     </span>
    </p>
   </div>
   <div class='ocr_carea' id='block_1_51' title="bbox 2018 2117 3548 2175">
    <p class='ocr_par' dir='ltr' id='par_1_51' title="bbox 2018 2117 3548 2175">
     <span class='ocr_line' id='line_1_51' title="bbox 2018 2117 3548 2175; baseline 0 0"><span class='ocrx_word' id='word_1_395' title='bbox 2018 2119 2196 2175; x_wconf 82' lang='lat' dir='ltr'><strong>LVIII.</strong></span> <span class='ocrx_word' id='word_1_396' title='bbox 2256 2120 2524 2175; x_wconf 90' lang='lat' dir='ltr'><strong>Dominus</strong></span> <span class='ocrx_word' id='word_1_397' title='bbox 2576 2129 2769 2173; x_wconf 87' lang='lat' dir='ltr'><strong>noster</strong></span> <span class='ocrx_word' id='word_1_398' title='bbox 2816 2117 2976 2172; x_wconf 83' lang='lat' dir='ltr'><strong>Jesus</strong></span> <span class='ocrx_word' id='word_1_399' title='bbox 3018 2118 3276 2173; x_wconf 82' lang='lat' dir='ltr'><strong>Christus</strong></span> <span class='ocrx_word' id='word_1_400' title='bbox 3324 2118 3548 2175; x_wconf 22' lang='lat' dir='ltr'><strong>alicubi.</strong></span> 
     </span>
    </p>
   </div>
   <div class='ocr_carea' id='block_1_52' title="bbox 1949 2208 3528 2274">
    <p class='ocr_par' dir='ltr' id='par_1_52' title="bbox 1949 2208 3528 2274">
     <span class='ocr_line' id='line_1_52' title="bbox 1949 2208 3528 2274; baseline -0.001 -8"><span class='ocrx_word' id='word_1_401' title='bbox 1949 2211 2025 2266; x_wconf 90' lang='lat' dir='ltr'><strong>ita</strong></span> <span class='ocrx_word' id='word_1_402' title='bbox 2071 2211 2182 2265; x_wconf 89' lang='lat' dir='ltr'><strong>ait:</strong></span> <span class='ocrx_word' id='word_1_403' title='bbox 2242 2230 2260 2262; x_wconf 79' lang='grc' dir='ltr'><strong>ι</strong></span> <span class='ocrx_word' id='word_1_404' title='bbox 2324 2210 2718 2265; x_wconf 78' lang='lat' dir='ltr'><strong>Verumtamen</strong></span> <span class='ocrx_word' id='word_1_405' title='bbox 2774 2208 2945 2263; x_wconf 87' lang='lat' dir='ltr'><strong>Filius</strong></span> <span class='ocrx_word' id='word_1_406' title='bbox 2992 2209 3232 2265; x_wconf 87' lang='lat' dir='ltr'><strong>hominis</strong></span> <span class='ocrx_word' id='word_1_407' title='bbox 3282 2212 3528 2274; x_wconf 86' lang='lat' dir='ltr'><strong>veniens,</strong></span> 
     </span>
    </p>
   </div>
   <div class='ocr_carea' id='block_1_53' title="bbox 1949 2300 3529 2370">
    <p class='ocr_par' dir='ltr' id='par_1_53' title="bbox 1949 2300 3529 2370">
     <span class='ocr_line' id='line_1_53' title="bbox 1949 2300 3529 2370; baseline 0.001 -17"><span class='ocrx_word' id='word_1_408' title='bbox 1949 2311 2108 2370; x_wconf 85' lang='lat' dir='ltr'><strong>putas</strong></span> <span class='ocrx_word' id='word_1_409' title='bbox 2130 2300 2371 2355; x_wconf 87' lang='lat' dir='ltr'><strong>inveniet</strong></span> <span class='ocrx_word' id='word_1_410' title='bbox 2403 2301 2564 2355; x_wconf 87' lang='lat' dir='ltr'><strong>Iidem</strong></span> <span class='ocrx_word' id='word_1_411' title='bbox 2590 2302 2644 2354; x_wconf 89' lang='lat' dir='ltr'><strong>itt</strong></span> <span class='ocrx_word' id='word_1_412' title='bbox 2680 2309 2828 2355; x_wconf 85' lang='lat' dir='ltr'><strong>terra</strong></span> <span class='ocrx_word' id='word_1_413' title='bbox 2856 2300 2952 2355; x_wconf 69' lang='grc'><strong>⁵⁵7</strong></span> <span class='ocrx_word' id='word_1_414' title='bbox 2986 2319 3005 2352; x_wconf 72' lang='grc' dir='ltr'><strong>ο</strong></span> <span class='ocrx_word' id='word_1_415' title='bbox 3043 2301 3287 2370; x_wconf 75' lang='lat' dir='ltr'><strong>Agedum</strong></span> <span class='ocrx_word' id='word_1_416' title='bbox 3331 2302 3529 2356; x_wconf 84' lang='lat' dir='ltr'><strong>horum</strong></span> 
     </span>
    </p>
   </div>
   <div class='ocr_carea' id='block_1_54' title="bbox 1948 2393 3535 2462">
    <p class='ocr_par' dir='ltr' id='par_1_54' title="bbox 1948 2393 3535 2462">
     <span class='ocr_line' id='line_1_54' title="bbox 1948 2393 3535 2462; baseline 0 -14"><span class='ocrx_word' id='word_1_417' title='bbox 1948 2395 2241 2450; x_wconf 72' lang='lat' dir='ltr'><strong>verborum</strong></span> <span class='ocrx_word' id='word_1_418' title='bbox 2277 2408 2499 2448; x_wconf 89' lang='lat' dir='ltr'><strong>sensum</strong></span> <span class='ocrx_word' id='word_1_419' title='bbox 2547 2394 2615 2447; x_wconf 91' lang='lat' dir='ltr'><strong>ad</strong></span> <span class='ocrx_word' id='word_1_420' title='bbox 2651 2393 2886 2448; x_wconf 84' lang='lat' dir='ltr'><strong>libellam</strong></span> <span class='ocrx_word' id='word_1_421' title='bbox 2918 2394 3308 2462; x_wconf 79' lang='lat' dir='ltr'><strong>expendentes,</strong></span> <span class='ocrx_word' id='word_1_422' title='bbox 3343 2395 3535 2449; x_wconf 82' lang='lat' dir='ltr'><strong>videa-</strong></span> 
     </span>
    </p>
   </div>
   <div class='ocr_carea' id='block_1_55' title="bbox 1952 2482 3531 2553">
    <p class='ocr_par' dir='ltr' id='par_1_55' title="bbox 1952 2482 3531 2553">
     <span class='ocr_line' id='line_1_55' title="bbox 1952 2482 3531 2553; baseline 0.001 -14"><span class='ocrx_word' id='word_1_423' title='bbox 1952 2500 2095 2549; x_wconf 90' lang='lat' dir='ltr'><strong>mus,</strong></span> <span class='ocrx_word' id='word_1_424' title='bbox 2123 2483 2535 2553; x_wconf 85' lang='lat' dir='ltr'><strong>ecqualeutnam</strong></span> <span class='ocrx_word' id='word_1_425' title='bbox 2581 2483 2744 2538; x_wconf 80' lang='lat' dir='ltr'><strong>ﬁdem</strong></span> <span class='ocrx_word' id='word_1_426' title='bbox 2818 2482 3089 2539; x_wconf 84' lang='lat' dir='ltr'><strong>Dominus</strong></span> <span class='ocrx_word' id='word_1_427' title='bbox 3130 2496 3320 2540; x_wconf 88' lang='lat' dir='ltr'><strong>noster</strong></span> <span class='ocrx_word' id='word_1_428' title='bbox 3367 2484 3531 2541; x_wconf 72' lang='lat' dir='ltr'><strong>Iesus</strong></span> 
     </span>
    </p>
   </div>
   <div class='ocr_carea' id='block_1_56' title="bbox 1951 2573 3532 2647">
    <p class='ocr_par' dir='ltr' id='par_1_56' title="bbox 1951 2573 3532 2647">
     <span class='ocr_line' id='line_1_56' title="bbox 1951 2573 3532 2647; baseline 0.001 -16"><span class='ocrx_word' id='word_1_429' title='bbox 1951 2577 2206 2631; x_wconf 84' lang='lat' dir='ltr'><strong>Christus</strong></span> <span class='ocrx_word' id='word_1_430' title='bbox 2252 2575 2382 2630; x_wconf 91' lang='lat' dir='ltr'><strong>olim</strong></span> <span class='ocrx_word' id='word_1_431' title='bbox 2426 2590 2456 2629; x_wconf 92' lang='lat' dir='ltr'><strong>e</strong></span> <span class='ocrx_word' id='word_1_432' title='bbox 2487 2573 2628 2630; x_wconf 84' lang='lat' dir='ltr'><strong>coelo</strong></span> <span class='ocrx_word' id='word_1_433' title='bbox 2674 2589 2995 2630; x_wconf 77' lang='lat' dir='ltr'><strong>reversurus</strong></span> <span class='ocrx_word' id='word_1_434' title='bbox 3047 2576 3248 2647; x_wconf 75' lang='lat' dir='ltr'><strong>exiget.</strong></span> <span class='ocrx_word' id='word_1_435' title='bbox 3300 2575 3437 2631; x_wconf 81' lang='lat' dir='ltr'><strong>Nam</strong></span> <span class='ocrx_word' id='word_1_436' title='bbox 3484 2578 3532 2632; x_wconf 92' lang='lat' dir='ltr'><strong>si</strong></span> 
     </span>
    </p>
   </div>
   <div class='ocr_carea' id='block_1_57' title="bbox 1952 2667 3527 2738">
    <p class='ocr_par' dir='ltr' id='par_1_57' title="bbox 1952 2667 3527 2738">
     <span class='ocr_line' id='line_1_57' title="bbox 1952 2667 3527 2738; baseline 0.001 -14"><span class='ocrx_word' id='word_1_437' title='bbox 1952 2670 2115 2724; x_wconf 91' lang='lat' dir='ltr'><strong>homo</strong></span> <span class='ocrx_word' id='word_1_438' title='bbox 2154 2677 2360 2723; x_wconf 86' lang='lat' dir='ltr'><strong>tantum</strong></span> <span class='ocrx_word' id='word_1_439' title='bbox 2395 2667 2540 2722; x_wconf 89' lang='lat' dir='ltr'><strong>nulla</strong></span> <span class='ocrx_word' id='word_1_440' title='bbox 2570 2682 2628 2723; x_wconf 89' lang='lat' dir='ltr'><strong>re</strong></span> <span class='ocrx_word' id='word_1_441' title='bbox 2658 2669 2874 2723; x_wconf 84' lang='lat' dir='ltr'><strong>caeteris</strong></span> <span class='ocrx_word' id='word_1_442' title='bbox 2914 2678 3175 2738; x_wconf 82' lang='lat' dir='ltr'><strong>praestans</strong></span> <span class='ocrx_word' id='word_1_443' title='bbox 3206 2687 3234 2724; x_wconf 89' lang='lat' dir='ltr'><strong>a</strong></span> <span class='ocrx_word' id='word_1_444' title='bbox 3264 2670 3376 2726; x_wconf 87' lang='lat' dir='ltr'><strong>Deo</strong></span> <span class='ocrx_word' id='word_1_445' title='bbox 3421 2685 3527 2725; x_wconf 87' lang='lat' dir='ltr'><strong>no-</strong></span> 
     </span>
    </p>
   </div>
   <div class='ocr_carea' id='block_1_58' title="bbox 3082 2763 3533 2819">
    <p class='ocr_par' dir='ltr' id='par_1_58' title="bbox 3082 2763 3533 2819">
     <span class='ocr_line' id='line_1_58' title="bbox 3082 2763 3533 2819; baseline 0.002 -4"><span class='ocrx_word' id='word_1_446' title='bbox 3082 2772 3175 2816; x_wconf 88' lang='lat' dir='ltr'><strong>aut</strong></span> <span class='ocrx_word' id='word_1_447' title='bbox 3226 2778 3386 2819; x_wconf 88' lang='lat' dir='ltr'><strong>verus</strong></span> <span class='ocrx_word' id='word_1_448' title='bbox 3438 2763 3533 2817; x_wconf 88' lang='lat' dir='ltr'><strong>Dei</strong></span> 
     </span>
    </p>
   </div>
   <div class='ocr_carea' id='block_1_59' title="bbox 1951 2851 3532 2921">
    <p class='ocr_par' dir='ltr' id='par_1_59' title="bbox 1951 2851 3532 2921">
     <span class='ocr_line' id='line_1_59' title="bbox 1951 2851 3532 2921; baseline 0.001 -14"><span class='ocrx_word' id='word_1_449' title='bbox 1951 2852 2148 2919; x_wconf 80' lang='lat' dir='ltr'><strong>Filius,</strong></span> <span class='ocrx_word' id='word_1_450' title='bbox 2213 2852 2485 2906; x_wconf 88' lang='lat' dir='ltr'><strong>neminem</strong></span> <span class='ocrx_word' id='word_1_451' title='bbox 2532 2853 2785 2907; x_wconf 87' lang='lat' dir='ltr'><strong>dubitare</strong></span> <span class='ocrx_word' id='word_1_452' title='bbox 2815 2851 3075 2918; x_wconf 88' lang='lat' dir='ltr'><strong>arbitror,</strong></span> <span class='ocrx_word' id='word_1_453' title='bbox 3124 2865 3307 2909; x_wconf 89' lang='lat' dir='ltr'><strong>tamen</strong></span> <span class='ocrx_word' id='word_1_454' title='bbox 3348 2856 3532 2921; x_wconf 85' lang='lat' dir='ltr'><strong>Iidem,</strong></span> 
     </span>
    </p>
   </div>
   <div class='ocr_carea' id='block_1_60' title="bbox 1953 2942 3534 3013">
    <p class='ocr_par' dir='ltr' id='par_1_60' title="bbox 1953 2942 3534 3013">
     <span class='ocr_line' id='line_1_60' title="bbox 1953 2942 3534 3013; baseline -0.001 -13"><span class='ocrx_word' id='word_1_455' title='bbox 1953 2942 2400 3009; x_wconf 66' lang='lat' dir='ltr'><strong>aestimationem,</strong></span> <span class='ocrx_word' id='word_1_456' title='bbox 2441 2943 2526 2996; x_wconf 87' lang='lat' dir='ltr'><strong>vel</strong></span> <span class='ocrx_word' id='word_1_457' title='bbox 2574 2942 2884 3012; x_wconf 89' lang='lat' dir='ltr'><strong>opinionem</strong></span> <span class='ocrx_word' id='word_1_458' title='bbox 2931 2943 3071 3012; x_wconf 88' lang='lat' dir='ltr'><strong>apud</strong></span> <span class='ocrx_word' id='word_1_459' title='bbox 3096 2958 3337 3013; x_wconf 78' lang='lat' dir='ltr'><strong>paganos</strong></span> <span class='ocrx_word' id='word_1_460' title='bbox 3360 2955 3414 2998; x_wconf 90' lang='lat' dir='ltr'><strong>et</strong></span> <span class='ocrx_word' id='word_1_461' title='bbox 3438 2943 3534 2998; x_wconf 82' lang='lat' dir='ltr'><strong>Ju-</strong></span> 
     </span>
    </p>
   </div>
   <div class='ocr_carea' id='block_1_61' title="bbox 1954 3032 3534 3105">
    <p class='ocr_par' dir='ltr' id='par_1_61' title="bbox 1954 3032 3534 3105">
     <span class='ocr_line' id='line_1_61' title="bbox 1954 3032 3534 3105; baseline 0 -16"><span class='ocrx_word' id='word_1_462' title='bbox 1954 3036 2103 3090; x_wconf 68' lang='lat' dir='ltr'><strong>dicos</strong></span> <span class='ocrx_word' id='word_1_463' title='bbox 2133 3032 2312 3105; x_wconf 89' lang='lat' dir='ltr'><strong>potius</strong></span> <span class='ocrx_word' id='word_1_464' title='bbox 2344 3042 2778 3102; x_wconf 90' lang='lat' dir='ltr'><strong>contperturutn,</strong></span> <span class='ocrx_word' id='word_1_465' title='bbox 2811 3048 2973 3103; x_wconf 88' lang='lat' dir='ltr'><strong>quam</strong></span> <span class='ocrx_word' id='word_1_466' title='bbox 3007 3035 3151 3104; x_wconf 90' lang='lat' dir='ltr'><strong>apud</strong></span> <span class='ocrx_word' id='word_1_467' title='bbox 3188 3049 3287 3089; x_wconf 89' lang='lat' dir='ltr'><strong>nos</strong></span> <span class='ocrx_word' id='word_1_468' title='bbox 3311 3051 3326 3087; x_wconf 86' lang='lat'><strong><em>:</em></strong></span> <span class='ocrx_word' id='word_1_469' title='bbox 3354 3050 3534 3105; x_wconf 81' lang='lat' dir='ltr'><strong>quan-</strong></span> 
     </span>
    </p>
   </div>
   <div class='ocr_carea' id='block_1_62' title="bbox 1954 3124 3534 3197">
    <p class='ocr_par' dir='ltr' id='par_1_62' title="bbox 1954 3124 3534 3197">
     <span class='ocr_line' id='line_1_62' title="bbox 1954 3124 3534 3197; baseline 0.001 -17"><span class='ocrx_word' id='word_1_470' title='bbox 1954 3126 2246 3197; x_wconf 87' lang='lat' dir='ltr'><strong>doquidem</strong></span> <span class='ocrx_word' id='word_1_471' title='bbox 2302 3124 2622 3192; x_wconf 66' lang='lat' dir='ltr'><strong>idololatrte,</strong></span> <span class='ocrx_word' id='word_1_472' title='bbox 2678 3124 2973 3195; x_wconf 68' lang='lat' dir='ltr'><strong>caaterique</strong></span> <span class='ocrx_word' id='word_1_473' title='bbox 3017 3125 3108 3195; x_wconf 88' lang='lat' dir='ltr'><strong>qui</strong></span> <span class='ocrx_word' id='word_1_474' title='bbox 3159 3138 3250 3179; x_wconf 90' lang='lat' dir='ltr'><strong>res</strong></span> <span class='ocrx_word' id='word_1_475' title='bbox 3279 3126 3534 3181; x_wconf 84' lang='lat' dir='ltr'><strong>conditas</strong></span> 
     </span>
    </p>
   </div>
   <div class='ocr_carea' id='block_1_63' title="bbox 1956 3217 3535 3288">
    <p class='ocr_par' dir='ltr' id='par_1_63' title="bbox 1956 3217 3535 3288">
     <span class='ocr_line' id='line_1_63' title="bbox 1956 3217 3535 3288; baseline -0.001 -15"><span class='ocrx_word' id='word_1_476' title='bbox 1956 3219 2127 3288; x_wconf 86' lang='lat' dir='ltr'><strong>ipsius</strong></span> <span class='ocrx_word' id='word_1_477' title='bbox 2166 3217 2327 3288; x_wconf 79' lang='lat'><strong>179</strong></span> <span class='ocrx_word' id='word_1_478' title='bbox 2358 3217 2673 3273; x_wconf 88' lang='lat' dir='ltr'><strong>Conditoris</strong></span> <span class='ocrx_word' id='word_1_479' title='bbox 2724 3218 2846 3273; x_wconf 91' lang='lat' dir='ltr'><strong>loco</strong></span> <span class='ocrx_word' id='word_1_480' title='bbox 2889 3228 3265 3283; x_wconf 88' lang='lat' dir='ltr'><strong>venerantur,</strong></span> <span class='ocrx_word' id='word_1_481' title='bbox 3316 3232 3535 3272; x_wconf 89' lang='lat' dir='ltr'><strong>crucem</strong></span> 
     </span>
    </p>
   </div>
   <div class='ocr_carea' id='block_1_64' title="bbox 261 3307 1843 3381">
    <p class='ocr_par' dir='ltr' id='par_1_64' title="bbox 261 3310 1842 3381">
     <span class='ocr_line' id='line_1_64' title="bbox 261 3310 1842 3381; baseline 0.001 -19"><span class='ocrx_word' id='word_1_482' title='bbox 261 3327 373 3373; x_wconf 82' lang='grc' dir='ltr'>τες,</span> <span class='ocrx_word' id='word_1_483' title='bbox 413 3310 470 3362; x_wconf 86' lang='grc' dir='ltr'>ὃν</span> <span class='ocrx_word' id='word_1_484' title='bbox 506 3310 760 3381; x_wconf 82' lang='grc' dir='ltr'>ὑπέμεινε</span> <span class='ocrx_word' id='word_1_485' title='bbox 796 3310 860 3363; x_wconf 77' lang='grc' dir='ltr'>δι’</span> <span class='ocrx_word' id='word_1_486' title='bbox 890 3312 1062 3380; x_wconf 79' lang='grc' dir='ltr'>ἡμᾶς,</span> <span class='ocrx_word' id='word_1_487' title='bbox 1092 3311 1187 3363; x_wconf 72' lang='grc' dir='ltr'>καὶ</span> <span class='ocrx_word' id='word_1_488' title='bbox 1218 3312 1439 3380; x_wconf 75' lang='grc' dir='ltr'>προσέτι</span> <span class='ocrx_word' id='word_1_489' title='bbox 1470 3312 1560 3364; x_wconf 87' lang='grc' dir='ltr'><strong>τὸν</strong></span> <span class='ocrx_word' id='word_1_490' title='bbox 1592 3311 1842 3377; x_wconf 83' lang='grc' dir='ltr'>θάνατον,</span> 
     </span>
    </p>
   </div>
   <div class='ocr_carea' id='block_1_65' title="bbox 1953 3307 3533 3381">
    <p class='ocr_par' dir='ltr' id='par_1_65' title="bbox 1954 3307 3533 3378">
     <span class='ocr_line' id='line_1_65' title="bbox 1954 3307 3533 3378; baseline -0.001 -13"><span class='ocrx_word' id='word_1_491' title='bbox 1954 3321 2010 3365; x_wconf 88' lang='lat' dir='ltr'><strong>et</strong></span> <span class='ocrx_word' id='word_1_492' title='bbox 2049 3321 2277 3365; x_wconf 89' lang='lat' dir='ltr'><strong>mortem</strong></span> <span class='ocrx_word' id='word_1_493' title='bbox 2305 3324 2468 3378; x_wconf 89' lang='lat' dir='ltr'><strong>quam</strong></span> <span class='ocrx_word' id='word_1_494' title='bbox 2507 3309 2680 3364; x_wconf 89' lang='lat' dir='ltr'><strong>nostri</strong></span> <span class='ocrx_word' id='word_1_495' title='bbox 2722 3322 2888 3363; x_wconf 89' lang='lat' dir='ltr'><strong>causa</strong></span> <span class='ocrx_word' id='word_1_496' title='bbox 2926 3307 3174 3377; x_wconf 86' lang='lat' dir='ltr'><strong>pertulit,</strong></span> <span class='ocrx_word' id='word_1_497' title='bbox 3219 3307 3533 3372; x_wconf 78' lang='lat' dir='ltr'><strong>audientes,</strong></span> 
     </span>
    </p>
   </div>
   <div class='ocr_carea' id='block_1_66' title="bbox 264 3398 1850 3470">
    <p class='ocr_par' dir='ltr' id='par_1_66' title="bbox 264 3398 1850 3470">
     <span class='ocr_line' id='line_1_66' title="bbox 264 3398 1850 3470; baseline 0.001 -20"><span class='ocrx_word' id='word_1_498' title='bbox 264 3398 492 3466; x_wconf 80' lang='grc' dir='ltr'>γελῶσιν</span> <span class='ocrx_word' id='word_1_499' title='bbox 525 3403 574 3452; x_wconf 78' lang='grc' dir='ltr'>οἱ</span> <span class='ocrx_word' id='word_1_500' title='bbox 620 3400 843 3451; x_wconf 83' lang='grc' dir='ltr'>δείλαιοι</span> <span class='ocrx_word' id='word_1_501' title='bbox 872 3416 885 3428; x_wconf 87' lang='grc'><strong>·</strong></span> <span class='ocrx_word' id='word_1_502' title='bbox 938 3398 1040 3450; x_wconf 84' lang='grc' dir='ltr'><strong>κᾶν</strong></span> <span class='ocrx_word' id='word_1_503' title='bbox 1089 3400 1142 3450; x_wconf 83' lang='grc' dir='ltr'><strong>εἴ</strong></span> <span class='ocrx_word' id='word_1_504' title='bbox 1179 3417 1262 3461; x_wconf 87' lang='grc' dir='ltr'><strong>τις</strong></span> <span class='ocrx_word' id='word_1_505' title='bbox 1322 3399 1484 3452; x_wconf 84' lang='grc' dir='ltr'>αὐτὸν</span> <span class='ocrx_word' id='word_1_506' title='bbox 1533 3400 1787 3470; x_wconf 77' lang='grc' dir='ltr'>ὀνομάζει</span> <span class='ocrx_word' id='word_1_507' title='bbox 1821 3409 1850 3435; x_wconf 72' lang='grc' dir='ltr'><strong>ι</strong></span> 
     </span>
    </p>
   </div>
   <div class='ocr_carea' id='block_1_67' title="bbox 263 3488 1851 3560">
    <p class='ocr_par' dir='ltr' id='par_1_67' title="bbox 263 3488 1851 3560">
     <span class='ocr_line' id='line_1_67' title="bbox 263 3488 1851 3560; baseline -0.001 -16"><span class='ocrx_word' id='word_1_508' title='bbox 263 3493 417 3558; x_wconf 81' lang='grc' dir='ltr'>Θεὸν,</span> <span class='ocrx_word' id='word_1_509' title='bbox 463 3490 812 3560; x_wconf 78' lang='grc' dir='ltr'>ἀναπηδῶσιν</span> <span class='ocrx_word' id='word_1_510' title='bbox 856 3488 1016 3548; x_wconf 78' lang='grc' dir='ltr'>εὐθὺς</span> <span class='ocrx_word' id='word_1_511' title='bbox 1051 3488 1566 3559; x_wconf 81' lang='grc' dir='ltr'>ἀνθρωπολατρείαν</span> <span class='ocrx_word' id='word_1_512' title='bbox 1606 3490 1745 3545; x_wconf 82' lang='grc' dir='ltr'>εἶναι</span> <span class='ocrx_word' id='word_1_513' title='bbox 1791 3493 1851 3543; x_wconf 89' lang='grc' dir='ltr'><strong>τὸ</strong></span> 
     </span>
    </p>
   </div>
   <div class='ocr_carea' id='block_1_68' title="bbox 264 3563 1843 3652">
    <p class='ocr_par' dir='ltr' id='par_1_68' title="bbox 264 3563 1843 3652">
     <span class='ocr_line' id='line_1_68' title="bbox 264 3563 1843 3652; baseline 0.003 -25"><span class='ocrx_word' id='word_1_514' title='bbox 264 3585 456 3652; x_wconf 74' lang='grc' dir='ltr'>χρῆμα</span> <span class='ocrx_word' id='word_1_515' title='bbox 478 3588 505 3627; x_wconf 69' lang='grc' dir='ltr'><em>γ</em></span> <span class='ocrx_word' id='word_1_516' title='bbox 537 3575 993 3645; x_wconf 76' lang='grc' dir='ltr'>διοριζόμενοι.οἵ</span> <span class='ocrx_word' id='word_1_517' title='bbox 1021 3592 1086 3644; x_wconf 86' lang='grc' dir='ltr'><strong>γε</strong></span> <span class='ocrx_word' id='word_1_518' title='bbox 1124 3563 1235 3647; x_wconf 77' lang='grc' dir='ltr'><strong>μὴν</strong></span> <span class='ocrx_word' id='word_1_519' title='bbox 1264 3578 1327 3629; x_wconf 80' lang='grc' dir='ltr'>ἐκ</span> <span class='ocrx_word' id='word_1_520' title='bbox 1360 3580 1661 3649; x_wconf 77' lang='grc' dir='ltr'>περιτομῆς</span> <span class='ocrx_word' id='word_1_521' title='bbox 1702 3596 1843 3632; x_wconf 79' lang='grc' dir='ltr'>κατ-</span> 
     </span>
    </p>
   </div>
   <div class='ocr_carea' id='block_1_69' title="bbox 268 3667 1852 3742">
    <p class='ocr_par' dir='ltr' id='par_1_69' title="bbox 268 3667 1852 3742">
     <span class='ocr_line' id='line_1_69' title="bbox 268 3667 1852 3742; baseline -0.001 -18"><span class='ocrx_word' id='word_1_522' title='bbox 268 3672 499 3742; x_wconf 69' lang='grc' dir='ltr'>ειρύοντο</span> <span class='ocrx_word' id='word_1_523' title='bbox 548 3669 640 3720; x_wconf 75' lang='grc' dir='ltr'>τοῦ</span> <span class='ocrx_word' id='word_1_524' title='bbox 687 3667 974 3738; x_wconf 75' lang='grc' dir='ltr'>Σωτῆρος,</span> <span class='ocrx_word' id='word_1_525' title='bbox 1024 3668 1277 3738; x_wconf 84' lang='grc' dir='ltr'>λέγοντες</span> <span class='ocrx_word' id='word_1_526' title='bbox 1334 3669 1615 3740; x_wconf 75' lang='grc' dir='ltr'>ἐναργῶς·</span> <span class='ocrx_word' id='word_1_527' title='bbox 1659 3688 1677 3720; x_wconf 78' lang='grc' dir='ltr'><strong>ι</strong></span> <span class='ocrx_word' id='word_1_528' title='bbox 1717 3670 1852 3740; x_wconf 79' lang='grc' dir='ltr'>Περὶ</span> 
     </span>
    </p>
   </div>
   <div class='ocr_carea' id='block_1_70' title="bbox 266 3759 1849 3832">
    <p class='ocr_par' dir='ltr' id='par_1_70' title="bbox 266 3759 1849 3832">
     <span class='ocr_line' id='line_1_70' title="bbox 266 3759 1849 3832; baseline -0.001 -17"><span class='ocrx_word' id='word_1_529' title='bbox 266 3761 436 3815; x_wconf 76' lang='grc' dir='ltr'>καλοῦ</span> <span class='ocrx_word' id='word_1_530' title='bbox 485 3760 649 3831; x_wconf 81' lang='grc' dir='ltr'>ἔργου</span> <span class='ocrx_word' id='word_1_531' title='bbox 686 3761 746 3814; x_wconf 88' lang='grc' dir='ltr'>οὺ</span> <span class='ocrx_word' id='word_1_532' title='bbox 782 3759 1072 3831; x_wconf 76' lang='grc' dir='ltr'>λιθάζομέν</span> <span class='ocrx_word' id='word_1_533' title='bbox 1108 3777 1195 3825; x_wconf 91' lang='grc' dir='ltr'><strong>σε,</strong></span> <span class='ocrx_word' id='word_1_534' title='bbox 1244 3760 1380 3815; x_wconf 81' lang='grc' dir='ltr'>ἀλλὰ</span> <span class='ocrx_word' id='word_1_535' title='bbox 1432 3761 1563 3830; x_wconf 69' lang='grc' dir='ltr'>περὶ</span> <span class='ocrx_word' id='word_1_536' title='bbox 1600 3760 1849 3832; x_wconf 72' lang='grc' dir='ltr'>βλασφη-</span> 
     </span>
    </p>
   </div>
   <div class='ocr_carea' id='block_1_71' title="bbox 270 3851 1846 3924">
    <p class='ocr_par' dir='ltr' id='par_1_71' title="bbox 270 3851 1846 3924">
     <span class='ocr_line' id='line_1_71' title="bbox 270 3851 1846 3924; baseline -0.001 -19"><span class='ocrx_word' id='word_1_537' title='bbox 270 3854 401 3924; x_wconf 82' lang='grc' dir='ltr'>μίας</span> <span class='ocrx_word' id='word_1_538' title='bbox 423 3869 436 3883; x_wconf 78' lang='grc'>⁶</span> <span class='ocrx_word' id='word_1_539' title='bbox 466 3853 563 3906; x_wconf 59' lang='grc' dir='ltr'>ηὸτι</span> <span class='ocrx_word' id='word_1_540' title='bbox 595 3856 680 3920; x_wconf 82' lang='grc' dir='ltr'><strong>σὺ,</strong></span> <span class='ocrx_word' id='word_1_541' title='bbox 724 3852 1008 3924; x_wconf 83' lang='grc' dir='ltr'>ἄνθρωπος</span> <span class='ocrx_word' id='word_1_542' title='bbox 1062 3851 1160 3921; x_wconf 84' lang='grc' dir='ltr'>ὣν,</span> <span class='ocrx_word' id='word_1_543' title='bbox 1207 3856 1381 3916; x_wconf 85' lang='grc' dir='ltr'>ποιεῖς</span> <span class='ocrx_word' id='word_1_544' title='bbox 1426 3853 1616 3907; x_wconf 75' lang='grc' dir='ltr'>ἑαυτὸν</span> <span class='ocrx_word' id='word_1_545' title='bbox 1647 3852 1798 3906; x_wconf 79' lang='grc' dir='ltr'>Θεόν.</span> <span class='ocrx_word' id='word_1_546' title='bbox 1828 3872 1846 3904; x_wconf 74' lang='grc' dir='ltr'><strong>ι</strong></span> 
     </span>
    </p>
   </div>
   <div class='ocr_carea' id='block_1_72' title="bbox 270 3946 1851 4018">
    <p class='ocr_par' dir='ltr' id='par_1_72' title="bbox 270 3946 1851 4018">
     <span class='ocr_line' id='line_1_72' title="bbox 270 3946 1851 4018; baseline 0 -19"><span class='ocrx_word' id='word_1_547' title='bbox 270 3949 393 3999; x_wconf 81' lang='grc' dir='ltr'>’Ότι</span> <span class='ocrx_word' id='word_1_548' title='bbox 427 3946 606 4000; x_wconf 85' lang='grc' dir='ltr'>τοίνυν</span> <span class='ocrx_word' id='word_1_549' title='bbox 637 3947 696 3998; x_wconf 80' lang='grc' dir='ltr'><strong>οὐ</strong></span> <span class='ocrx_word' id='word_1_550' title='bbox 731 3946 830 4018; x_wconf 79' lang='grc' dir='ltr'>τὴν</span> <span class='ocrx_word' id='word_1_551' title='bbox 872 3948 1026 4018; x_wconf 89' lang='grc' dir='ltr'>παρά</span> <span class='ocrx_word' id='word_1_552' title='bbox 1062 3965 1126 4017; x_wconf 88' lang='grc' dir='ltr'><strong>γε</strong></span> <span class='ocrx_word' id='word_1_553' title='bbox 1181 3951 1293 4011; x_wconf 82' lang='grc' dir='ltr'>τοῖς</span> <span class='ocrx_word' id='word_1_554' title='bbox 1337 3946 1713 4017; x_wconf 81' lang='grc' dir='ltr'>πλανωμένοις</span> <span class='ocrx_word' id='word_1_555' title='bbox 1760 3947 1851 4000; x_wconf 82' lang='grc' dir='ltr'>πί-</span> 
     </span>
    </p>
   </div>
   <div class='ocr_carea' id='block_1_73' title="bbox 270 4039 1853 4111">
    <p class='ocr_par' dir='ltr' id='par_1_73' title="bbox 270 4039 1853 4111">
     <span class='ocr_line' id='line_1_73' title="bbox 270 4039 1853 4111; baseline 0.002 -21"><span class='ocrx_word' id='word_1_556' title='bbox 270 4056 388 4092; x_wconf 86' lang='grc' dir='ltr'>στιν</span> <span class='ocrx_word' id='word_1_557' title='bbox 423 4040 701 4108; x_wconf 79' lang='grc' dir='ltr'>ὲπιζητεῖ,</span> <span class='ocrx_word' id='word_1_558' title='bbox 747 4039 845 4109; x_wconf 80' lang='grc' dir='ltr'><strong>τὴν</strong></span> <span class='ocrx_word' id='word_1_559' title='bbox 886 4041 1016 4111; x_wconf 83' lang='grc' dir='ltr'>παρ’</span> <span class='ocrx_word' id='word_1_560' title='bbox 1059 4042 1192 4110; x_wconf 79' lang='grc' dir='ltr'>ἡμῖν</span> <span class='ocrx_word' id='word_1_561' title='bbox 1226 4040 1283 4093; x_wconf 79' lang='grc' dir='ltr'>δὲ</span> <span class='ocrx_word' id='word_1_562' title='bbox 1329 4040 1528 4108; x_wconf 80' lang='grc' dir='ltr'>μᾶλλον</span> <span class='ocrx_word' id='word_1_563' title='bbox 1565 4042 1679 4103; x_wconf 88' lang='grc' dir='ltr'>τοῖς</span> <span class='ocrx_word' id='word_1_564' title='bbox 1717 4039 1853 4111; x_wconf 80' lang='grc' dir='ltr'>ὀρθά</span> 
     </span>
    </p>
   </div>
   <div class='ocr_carea' id='block_1_74' title="bbox 269 4131 1853 4203">
    <p class='ocr_par' dir='ltr' id='par_1_74' title="bbox 269 4131 1853 4203">
     <span class='ocr_line' id='line_1_74' title="bbox 269 4131 1853 4203; baseline -0.001 -19"><span class='ocrx_word' id='word_1_565' title='bbox 269 4134 487 4203; x_wconf 79' lang='grc' dir='ltr'>φρονεῖν</span> <span class='ocrx_word' id='word_1_566' title='bbox 514 4131 750 4197; x_wconf 83' lang='grc' dir='ltr'>εἰωθόσι,</span> <span class='ocrx_word' id='word_1_567' title='bbox 780 4132 931 4185; x_wconf 81' lang='grc' dir='ltr'>πᾶσά</span> <span class='ocrx_word' id='word_1_568' title='bbox 958 4149 1074 4194; x_wconf 89' lang='grc' dir='ltr'><strong>πως</strong></span> <span class='ocrx_word' id='word_1_569' title='bbox 1095 4132 1309 4201; x_wconf 84' lang='grc' dir='ltr'>ἀνάγκη</span> <span class='ocrx_word' id='word_1_570' title='bbox 1337 4131 1748 4193; x_wconf 84' lang='grc' dir='ltr'>διανενευκότας</span> <span class='ocrx_word' id='word_1_571' title='bbox 1773 4132 1853 4193; x_wconf 75' lang='grc' dir='ltr'><strong>εἰς</strong></span> 
     </span>
    </p>
   </div>
   <div class='ocr_carea' id='block_1_75' title="bbox 268 4223 1853 4295">
    <p class='ocr_par' dir='ltr' id='par_1_75' title="bbox 268 4223 1853 4295">
     <span class='ocr_line' id='line_1_75' title="bbox 268 4223 1853 4295; baseline -0.001 -18"><span class='ocrx_word' id='word_1_572' title='bbox 268 4224 524 4295; x_wconf 78' lang='grc' dir='ltr'>ἀλήθειαν</span> <span class='ocrx_word' id='word_1_573' title='bbox 556 4223 860 4294; x_wconf 77' lang='grc' dir='ltr'>ὁμολογεῖν,</span> <span class='ocrx_word' id='word_1_574' title='bbox 890 4224 971 4275; x_wconf 84' lang='grc' dir='ltr'>ὅτι</span> <span class='ocrx_word' id='word_1_575' title='bbox 1009 4223 1140 4287; x_wconf 82' lang='grc' dir='ltr'>Θεὸς</span> <span class='ocrx_word' id='word_1_576' title='bbox 1168 4223 1310 4277; x_wconf 82' lang='grc' dir='ltr'>κατὰ</span> <span class='ocrx_word' id='word_1_577' title='bbox 1343 4223 1505 4293; x_wconf 77' lang='grc' dir='ltr'>φύσιν</span> <span class='ocrx_word' id='word_1_578' title='bbox 1530 4224 1559 4276; x_wconf 90' lang='lat'><strong>6</strong></span> <span class='ocrx_word' id='word_1_579' title='bbox 1597 4224 1693 4277; x_wconf 74' lang='grc' dir='ltr'><strong>καὶ</strong></span> <span class='ocrx_word' id='word_1_580' title='bbox 1721 4223 1853 4287; x_wconf 86' lang='grc' dir='ltr'>Υἱὸς</span> 
     </span>
    </p>
   </div>
   <div class='ocr_carea' id='block_1_76' title="bbox 268 4315 1852 4386">
    <p class='ocr_par' dir='ltr' id='par_1_76' title="bbox 268 4315 1852 4386">
     <span class='ocr_line' id='line_1_76' title="bbox 268 4315 1852 4386; baseline 0.001 -18"><span class='ocrx_word' id='word_1_581' title='bbox 268 4315 557 4386; x_wconf 81' lang='grc' dir='ltr'>ἀνθρώπου</span> <span class='ocrx_word' id='word_1_582' title='bbox 587 4315 653 4367; x_wconf 84' lang='grc' dir='ltr'>δι’</span> <span class='ocrx_word' id='word_1_583' title='bbox 695 4317 843 4385; x_wconf 78' lang='grc' dir='ltr'>ἡμᾶς</span> <span class='ocrx_word' id='word_1_584' title='bbox 873 4315 1143 4384; x_wconf 85' lang='grc' dir='ltr'>γεγονώς·</span> <span class='ocrx_word' id='word_1_585' title='bbox 1174 4317 1261 4369; x_wconf 82' lang='grc' dir='ltr'><strong>ἵνα</strong></span> <span class='ocrx_word' id='word_1_586' title='bbox 1298 4316 1372 4386; x_wconf 87' lang='grc' dir='ltr'><strong>μὴ</strong></span> <span class='ocrx_word' id='word_1_587' title='bbox 1404 4319 1514 4379; x_wconf 85' lang='grc' dir='ltr'>τοῖς</span> <span class='ocrx_word' id='word_1_588' title='bbox 1557 4316 1667 4370; x_wconf 88' lang='grc' dir='ltr'><strong>τῶν</strong></span> <span class='ocrx_word' id='word_1_589' title='bbox 1714 4316 1852 4371; x_wconf 86' lang='grc' dir='ltr'>πλα-</span> 
     </span>
    </p>
   </div>
   <div class='ocr_carea' id='block_1_77' title="bbox 268 4408 1854 4480">
    <p class='ocr_par' dir='ltr' id='par_1_77' title="bbox 268 4408 1854 4480">
     <span class='ocr_line' id='line_1_77' title="bbox 268 4408 1854 4480; baseline 0.001 -20"><span class='ocrx_word' id='word_1_590' title='bbox 268 4409 525 4479; x_wconf 77' lang='grc' dir='ltr'>νωμένων</span> <span class='ocrx_word' id='word_1_591' title='bbox 558 4409 896 4480; x_wconf 78' lang='grc' dir='ltr'>ἐγκλήμασιν</span> <span class='ocrx_word' id='word_1_592' title='bbox 926 4409 1155 4471; x_wconf 79' lang='grc' dir='ltr'>ἑαυτοὺς</span> <span class='ocrx_word' id='word_1_593' title='bbox 1200 4409 1452 4476; x_wconf 76' lang='grc' dir='ltr'>ἐνιέντες,</span> <span class='ocrx_word' id='word_1_594' title='bbox 1502 4409 1754 4480; x_wconf 87' lang='grc' dir='ltr'>λάθωμεν</span> <span class='ocrx_word' id='word_1_595' title='bbox 1785 4408 1854 4463; x_wconf 83' lang='grc' dir='ltr'>τὰ</span> 
     </span>
    </p>
   </div>
   <div class='ocr_carea' id='block_1_78' title="bbox 271 4499 1854 4573">
    <p class='ocr_par' dir='ltr' id='par_1_78' title="bbox 271 4499 1854 4573">
     <span class='ocr_line' id='line_1_78' title="bbox 271 4499 1854 4573; baseline 0.003 -24"><span class='ocrx_word' id='word_1_596' title='bbox 271 4500 364 4551; x_wconf 76' lang='grc' dir='ltr'><strong>ἴσα</strong></span> <span class='ocrx_word' id='word_1_597' title='bbox 403 4503 618 4569; x_wconf 81' lang='grc' dir='ltr'>φρονεῖν</span> <span class='ocrx_word' id='word_1_598' title='bbox 650 4500 953 4571; x_wconf 79' lang='grc' dir='ltr'>ᾑρημένοι,</span> <span class='ocrx_word' id='word_1_599' title='bbox 1007 4501 1104 4553; x_wconf 69' lang='grc' dir='ltr'>καὶ</span> <span class='ocrx_word' id='word_1_600' title='bbox 1142 4501 1313 4571; x_wconf 85' lang='grc' dir='ltr'>μικρὰ</span> <span class='ocrx_word' id='word_1_601' title='bbox 1360 4499 1674 4567; x_wconf 79' lang='grc' dir='ltr'>δοξάζοντες</span> <span class='ocrx_word' id='word_1_602' title='bbox 1724 4500 1854 4573; x_wconf 68' lang='grc' dir='ltr'>περὶ</span> 
     </span>
    </p>
   </div>
   <div class='ocr_carea' id='block_1_79' title="bbox 269 4589 1324 4660">
    <p class='ocr_par' dir='ltr' id='par_1_79' title="bbox 269 4589 1324 4660">
     <span class='ocr_line' id='line_1_79' title="bbox 269 4589 1324 4660; baseline 0.004 -20"><span class='ocrx_word' id='word_1_603' title='bbox 269 4589 531 4658; x_wconf 80' lang='grc' dir='ltr'>Χριστοῦ,</span> <span class='ocrx_word' id='word_1_604' title='bbox 562 4589 813 4660; x_wconf 86' lang='grc' dir='ltr'>καθάπερ</span> <span class='ocrx_word' id='word_1_605' title='bbox 837 4590 1029 4659; x_wconf 83' lang='grc' dir='ltr'>ἀμέλει</span> <span class='ocrx_word' id='word_1_606' title='bbox 1061 4591 1324 4644; x_wconf 82' lang='grc' dir='ltr'>κάκεῖνοι.</span> 
     </span>
    </p>
   </div>
   <div class='ocr_carea' id='block_1_80' title="bbox 341 4854 1854 4929">
    <p class='ocr_par' dir='ltr' id='par_1_80' title="bbox 341 4854 1854 4929">
     <span class='ocr_line' id='line_1_80' title="bbox 341 4854 1854 4929; baseline 0 -20"><span class='ocrx_word' id='word_1_607' title='bbox 341 4856 468 4909; x_wconf 76' lang='grc' dir='ltr'><strong>ΝΘ¹⁵</strong></span> <span class='ocrx_word' id='word_1_608' title='bbox 506 4855 642 4926; x_wconf 84' lang='grc' dir='ltr'>Φησί</span> <span class='ocrx_word' id='word_1_609' title='bbox 676 4874 779 4909; x_wconf 90' lang='grc' dir='ltr'><strong>που</strong></span> <span class='ocrx_word' id='word_1_610' title='bbox 808 4857 1043 4927; x_wconf 81' lang='grc' dir='ltr'>Χριστός</span> <span class='ocrx_word' id='word_1_611' title='bbox 1063 4871 1077 4885; x_wconf 78' lang='grc'><strong>⁸</strong></span> <span class='ocrx_word' id='word_1_612' title='bbox 1112 4875 1133 4908; x_wconf 74' lang='grc' dir='ltr'><strong>ι</strong></span> <span class='ocrx_word' id='word_1_613' title='bbox 1163 4856 1296 4910; x_wconf 77' lang='grc' dir='ltr'>Οὐδὲ</span> <span class='ocrx_word' id='word_1_614' title='bbox 1325 4855 1435 4926; x_wconf 76' lang='grc' dir='ltr'><strong>γάρ</strong></span> <span class='ocrx_word' id='word_1_615' title='bbox 1459 4858 1487 4910; x_wconf 89' lang='lat'><strong>6</strong></span> <span class='ocrx_word' id='word_1_616' title='bbox 1515 4854 1704 4928; x_wconf 79' lang='grc' dir='ltr'>Πατὴρ</span> <span class='ocrx_word' id='word_1_617' title='bbox 1732 4858 1854 4929; x_wconf 76' lang='grc' dir='ltr'><strong>κρε-</strong></span> 
     </span>
    </p>
   </div>
   <div class='ocr_carea' id='block_1_81' title="bbox 270 4948 1849 5020">
    <p class='ocr_par' dir='ltr' id='par_1_81' title="bbox 270 4948 1849 5020">
     <span class='ocr_line' id='line_1_81' title="bbox 270 4948 1849 5020; baseline -0.001 -19"><span class='ocrx_word' id='word_1_618' title='bbox 270 4966 352 5002; x_wconf 89' lang='grc' dir='ltr'><strong>νει</strong></span> <span class='ocrx_word' id='word_1_619' title='bbox 397 4949 606 5012; x_wconf 76' lang='grc' dir='ltr'>οὐδένα,</span> <span class='ocrx_word' id='word_1_620' title='bbox 641 4948 778 5003; x_wconf 75' lang='grc' dir='ltr'>ἀλλὰ</span> <span class='ocrx_word' id='word_1_621' title='bbox 816 4952 993 5002; x_wconf 78' lang='grc' dir='ltr'>πᾶσαν</span> <span class='ocrx_word' id='word_1_622' title='bbox 1028 4949 1126 5017; x_wconf 83' lang='grc' dir='ltr'>τὴν</span> <span class='ocrx_word' id='word_1_623' title='bbox 1165 4949 1343 5020; x_wconf 81' lang='grc' dir='ltr'>κρίσιν</span> <span class='ocrx_word' id='word_1_624' title='bbox 1375 4949 1543 5002; x_wconf 80' lang='grc' dir='ltr'>ἔδωκε</span> <span class='ocrx_word' id='word_1_625' title='bbox 1586 4948 1664 5018; x_wconf 79' lang='grc' dir='ltr'>τῷ</span> <span class='ocrx_word' id='word_1_626' title='bbox 1703 4948 1849 5020; x_wconf 83' lang='grc' dir='ltr'><strong>Υἱῴ-</strong></span> 
     </span>
    </p>
   </div>
   <div class='ocr_carea' id='block_1_82' title="bbox 273 5037 1853 5110">
    <p class='ocr_par' dir='ltr' id='par_1_82' title="bbox 273 5037 1853 5110">
     <span class='ocr_line' id='line_1_82' title="bbox 273 5037 1853 5110; baseline 0.002 -20"><span class='ocrx_word' id='word_1_627' title='bbox 273 5038 360 5090; x_wconf 74' lang='grc' dir='ltr'>ἵνα</span> <span class='ocrx_word' id='word_1_628' title='bbox 393 5038 591 5102; x_wconf 83' lang='grc' dir='ltr'>πάντες</span> <span class='ocrx_word' id='word_1_629' title='bbox 622 5039 824 5109; x_wconf 88' lang='grc' dir='ltr'>τιμῶσι</span> <span class='ocrx_word' id='word_1_630' title='bbox 853 5039 947 5092; x_wconf 87' lang='grc' dir='ltr'><strong>τὸν</strong></span> <span class='ocrx_word' id='word_1_631' title='bbox 984 5039 1131 5103; x_wconf 85' lang='grc' dir='ltr'>Υἰὸν,</span> <span class='ocrx_word' id='word_1_632' title='bbox 1162 5037 1342 5101; x_wconf 81' lang='grc' dir='ltr'>καθὼς</span> <span class='ocrx_word' id='word_1_633' title='bbox 1375 5038 1578 5110; x_wconf 88' lang='grc' dir='ltr'>τιμῶσι</span> <span class='ocrx_word' id='word_1_634' title='bbox 1606 5038 1696 5093; x_wconf 83' lang='grc' dir='ltr'><strong>τὸν</strong></span> <span class='ocrx_word' id='word_1_635' title='bbox 1738 5039 1853 5093; x_wconf 85' lang='grc' dir='ltr'><strong>Πα-</strong></span> 
     </span>
    </p>
   </div>
   <div class='ocr_carea' id='block_1_83' title="bbox 271 5130 1856 5203">
    <p class='ocr_par' dir='ltr' id='par_1_83' title="bbox 271 5130 1856 5203">
     <span class='ocr_line' id='line_1_83' title="bbox 271 5130 1856 5203; baseline 0 -21"><span class='ocrx_word' id='word_1_636' title='bbox 271 5132 427 5203; x_wconf 81' lang='grc' dir='ltr'>τέρα.</span> <span class='ocrx_word' id='word_1_637' title='bbox 454 5149 471 5180; x_wconf 78' lang='grc' dir='ltr'><strong>ι</strong></span> <span class='ocrx_word' id='word_1_638' title='bbox 509 5132 616 5184; x_wconf 74' lang='grc' dir='ltr'>Καὶ</span> <span class='ocrx_word' id='word_1_639' title='bbox 647 5131 827 5195; x_wconf 87' lang='grc' dir='ltr'>πάλιν,</span> <span class='ocrx_word' id='word_1_640' title='bbox 864 5132 1002 5202; x_wconf 81' lang='grc' dir='ltr'>ὅπερ</span> <span class='ocrx_word' id='word_1_641' title='bbox 1034 5131 1291 5202; x_wconf 75' lang='grc' dir='ltr'>ἐλέγομεν</span> <span class='ocrx_word' id='word_1_642' title='bbox 1325 5130 1525 5202; x_wconf 83' lang='grc' dir='ltr'>ἀρτίως</span> <span class='ocrx_word' id='word_1_643' title='bbox 1550 5146 1563 5160; x_wconf 71' lang='grc' dir='ltr'><strong>ο</strong></span> <span class='ocrx_word' id='word_1_644' title='bbox 1597 5149 1615 5180; x_wconf 76' lang='grc' dir='ltr'><strong>ι</strong></span> <span class='ocrx_word' id='word_1_645' title='bbox 1646 5131 1856 5202; x_wconf 83' lang='grc' dir='ltr'>Ὥσπερ</span> 
     </span>
    </p>
   </div>
   <div class='ocr_carea' id='block_1_84' title="bbox 273 5219 1860 5293">
    <p class='ocr_par' dir='ltr' id='par_1_84' title="bbox 273 5219 1860 5293">
     <span class='ocr_line' id='line_1_84' title="bbox 273 5219 1860 5293; baseline 0.001 -22"><span class='ocrx_word' id='word_1_646' title='bbox 273 5220 385 5293; x_wconf 81' lang='grc' dir='ltr'><strong>γάρ</strong></span> <span class='ocrx_word' id='word_1_647' title='bbox 415 5222 443 5273; x_wconf 89' lang='lat'><strong>6</strong></span> <span class='ocrx_word' id='word_1_648' title='bbox 474 5221 663 5293; x_wconf 80' lang='grc' dir='ltr'>Πατὴρ</span> <span class='ocrx_word' id='word_1_649' title='bbox 698 5221 808 5293; x_wconf 78' lang='grc' dir='ltr'>ἔχει</span> <span class='ocrx_word' id='word_1_650' title='bbox 854 5219 997 5293; x_wconf 80' lang='grc' dir='ltr'>ζωὴν</span> <span class='ocrx_word' id='word_1_651' title='bbox 1027 5224 1086 5274; x_wconf 80' lang='grc' dir='ltr'>ὲν</span> <span class='ocrx_word' id='word_1_652' title='bbox 1115 5222 1315 5292; x_wconf 80' lang='grc' dir='ltr'>ἐαυτῷ,</span> <span class='ocrx_word' id='word_1_653' title='bbox 1344 5220 1518 5284; x_wconf 67' lang='grc' dir='ltr'>οὕτως</span> <span class='ocrx_word' id='word_1_654' title='bbox 1563 5221 1730 5275; x_wconf 71' lang='grc' dir='ltr'>ἔδωκε</span> <span class='ocrx_word' id='word_1_655' title='bbox 1764 5221 1860 5274; x_wconf 76' lang='grc' dir='ltr'><strong>καὶ</strong></span> 
     </span>
    </p>
   </div>
   <div class='ocr_carea' id='block_1_85' title="bbox 346 5375 825 5444">
    <p class='ocr_par' dir='ltr' id='par_1_85' title="bbox 346 5375 825 5444">
     <span class='ocr_line' id='line_1_85' title="bbox 346 5375 825 5444; baseline -0.006 -9"><span class='ocrx_word' id='word_1_656' title='bbox 346 5375 393 5410; x_wconf 86' lang='grc'><strong>⁵⁸</strong></span> <span class='ocrx_word' id='word_1_657' title='bbox 421 5377 554 5435; x_wconf 85' lang='lat' dir='ltr'><strong>Luc.</strong></span> <span class='ocrx_word' id='word_1_658' title='bbox 593 5394 746 5444; x_wconf 77' lang='lat' dir='ltr'><strong>XVIII,</strong></span> <span class='ocrx_word' id='word_1_659' title='bbox 773 5379 825 5433; x_wconf 90' lang='lat'><strong>8.</strong></span> 
     </span>
    </p>
   </div>
   <div class='ocr_carea' id='block_1_86' title="bbox 1955 3396 3533 3463">
    <p class='ocr_par' dir='ltr' id='par_1_86' title="bbox 1955 3396 3533 3463">
     <span class='ocr_line' id='line_1_86' title="bbox 1955 3396 3533 3463; baseline -0.002 -13"><span class='ocrx_word' id='word_1_660' title='bbox 1955 3399 2007 3450; x_wconf 89' lang='lat' dir='ltr'><strong>in</strong></span> <span class='ocrx_word' id='word_1_661' title='bbox 2046 3398 2295 3450; x_wconf 90' lang='lat' dir='ltr'><strong>insanum</strong></span> <span class='ocrx_word' id='word_1_662' title='bbox 2342 3412 2468 3450; x_wconf 82' lang='lat' dir='ltr'><strong>mox</strong></span> <span class='ocrx_word' id='word_1_663' title='bbox 2519 3397 2846 3452; x_wconf 83' lang='lat' dir='ltr'><strong>cachinnum</strong></span> <span class='ocrx_word' id='word_1_664' title='bbox 2878 3397 3169 3451; x_wconf 88' lang='lat' dir='ltr'><strong>solvuntur</strong></span> <span class='ocrx_word' id='word_1_665' title='bbox 3193 3396 3420 3463; x_wconf 89' lang='lat' dir='ltr'><strong>miseri;</strong></span> <span class='ocrx_word' id='word_1_666' title='bbox 3457 3406 3533 3461; x_wconf 87' lang='lat' dir='ltr'><strong>et,</strong></span> 
     </span>
    </p>
   </div>
   <div class='ocr_carea' id='block_1_87' title="bbox 1953 3482 3538 3557">
    <p class='ocr_par' dir='ltr' id='par_1_87' title="bbox 1953 3482 3538 3557">
     <span class='ocr_line' id='line_1_87' title="bbox 1953 3482 3538 3557; baseline 0.004 -22"><span class='ocrx_word' id='word_1_667' title='bbox 1953 3482 1999 3535; x_wconf 85' lang='lat' dir='ltr'><strong>si</strong></span> <span class='ocrx_word' id='word_1_668' title='bbox 2030 3482 2299 3548; x_wconf 86' lang='lat' dir='ltr'><strong>quispiam</strong></span> <span class='ocrx_word' id='word_1_669' title='bbox 2341 3483 2510 3535; x_wconf 88' lang='lat' dir='ltr'><strong>Deum</strong></span> <span class='ocrx_word' id='word_1_670' title='bbox 2534 3484 2687 3537; x_wconf 90' lang='lat' dir='ltr'><strong>illum</strong></span> <span class='ocrx_word' id='word_1_671' title='bbox 2722 3485 3107 3550; x_wconf 88' lang='lat' dir='ltr'><strong>nominaverit,</strong></span> <span class='ocrx_word' id='word_1_672' title='bbox 3144 3486 3538 3557; x_wconf 76' lang='lat' dir='ltr'><strong>indignabundi</strong></span> 
     </span>
    </p>
   </div>
   <div class='ocr_carea' id='block_1_88' title="bbox 1954 3572 3539 3647">
    <p class='ocr_par' dir='ltr' id='par_1_88' title="bbox 1954 3572 3539 3647">
     <span class='ocr_line' id='line_1_88' title="bbox 1954 3572 3539 3647; baseline 0.005 -22"><span class='ocrx_word' id='word_1_673' title='bbox 1954 3572 2245 3625; x_wconf 79' lang='lat' dir='ltr'><strong>confestim</strong></span> <span class='ocrx_word' id='word_1_674' title='bbox 2317 3572 2595 3638; x_wconf 86' lang='lat' dir='ltr'><strong>resiliunt,</strong></span> <span class='ocrx_word' id='word_1_675' title='bbox 2649 3584 2703 3627; x_wconf 91' lang='lat' dir='ltr'><strong>et</strong></span> <span class='ocrx_word' id='word_1_676' title='bbox 2751 3577 2858 3628; x_wconf 89' lang='lat' dir='ltr'><strong>hoc</strong></span> <span class='ocrx_word' id='word_1_677' title='bbox 2890 3578 3382 3647; x_wconf 85' lang='lat' dir='ltr'><strong>anthropolatriam</strong></span> <span class='ocrx_word' id='word_1_678' title='bbox 3415 3592 3539 3635; x_wconf 86' lang='lat' dir='ltr'><strong>esse</strong></span> 
     </span>
    </p>
   </div>
   <div class='ocr_carea' id='block_1_89' title="bbox 1955 3661 3535 3741">
    <p class='ocr_par' dir='ltr' id='par_1_89' title="bbox 1955 3661 3535 3741">
     <span class='ocr_line' id='line_1_89' title="bbox 1955 3661 3535 3741; baseline 0.007 -25"><span class='ocrx_word' id='word_1_679' title='bbox 1955 3662 2240 3716; x_wconf 84' lang='lat' dir='ltr'><strong>deﬁniunt.</strong></span> <span class='ocrx_word' id='word_1_680' title='bbox 2285 3661 2457 3719; x_wconf 84' lang='lat' dir='ltr'><strong>Judaei</strong></span> <span class='ocrx_word' id='word_1_681' title='bbox 2487 3679 2706 3735; x_wconf 88' lang='lat' dir='ltr'><strong>quoque</strong></span> <span class='ocrx_word' id='word_1_682' title='bbox 2746 3666 2802 3720; x_wconf 92' lang='lat' dir='ltr'><strong>in</strong></span> <span class='ocrx_word' id='word_1_683' title='bbox 2860 3667 3142 3723; x_wconf 82' lang='lat' dir='ltr'><strong>Christum</strong></span> <span class='ocrx_word' id='word_1_684' title='bbox 3187 3671 3535 3741; x_wconf 79' lang='lat' dir='ltr'><strong>insurgentes</strong></span> 
     </span>
    </p>
   </div>
   <div class='ocr_carea' id='block_1_90' title="bbox 1953 3756 3535 3833">
    <p class='ocr_par' dir='ltr' id='par_1_90' title="bbox 1953 3756 3535 3833">
     <span class='ocr_line' id='line_1_90' title="bbox 1953 3756 3535 3833; baseline 0.006 -24"><span class='ocrx_word' id='word_1_685' title='bbox 1953 3756 2131 3825; x_wconf 82' lang='lat' dir='ltr'><strong>palam</strong></span> <span class='ocrx_word' id='word_1_686' title='bbox 2161 3757 2438 3825; x_wconf 84' lang='lat' dir='ltr'><strong>objectare</strong></span> <span class='ocrx_word' id='word_1_687' title='bbox 2489 3775 2597 3813; x_wconf 88' lang='lat' dir='ltr'><strong>non</strong></span> <span class='ocrx_word' id='word_1_688' title='bbox 2634 3760 2961 3814; x_wconf 88' lang='lat' dir='ltr'><strong>dubitabunt</strong></span> <span class='ocrx_word' id='word_1_689' title='bbox 2992 3779 3006 3815; x_wconf 88' lang='lat'>:</span> <span class='ocrx_word' id='word_1_690' title='bbox 3035 3782 3054 3811; x_wconf 80' lang='grc' dir='ltr'><strong>ι</strong></span> <span class='ocrx_word' id='word_1_691' title='bbox 3096 3760 3172 3817; x_wconf 92' lang='lat' dir='ltr'><strong>De</strong></span> <span class='ocrx_word' id='word_1_692' title='bbox 3196 3762 3341 3817; x_wconf 85' lang='lat' dir='ltr'><strong>bono</strong></span> <span class='ocrx_word' id='word_1_693' title='bbox 3369 3778 3535 3833; x_wconf 85' lang='lat' dir='ltr'><strong>opere</strong></span> 
     </span>
    </p>
   </div>
   <div class='ocr_carea' id='block_1_91' title="bbox 1955 3848 3533 3924">
    <p class='ocr_par' dir='ltr' id='par_1_91' title="bbox 1955 3848 3533 3924">
     <span class='ocr_line' id='line_1_91' title="bbox 1955 3848 3533 3924; baseline 0.005 -23"><span class='ocrx_word' id='word_1_694' title='bbox 1955 3864 2062 3902; x_wconf 90' lang='lat' dir='ltr'><strong>non</strong></span> <span class='ocrx_word' id='word_1_695' title='bbox 2114 3848 2419 3920; x_wconf 89' lang='lat' dir='ltr'><strong>Iapidamus</strong></span> <span class='ocrx_word' id='word_1_696' title='bbox 2472 3859 2552 3917; x_wconf 87' lang='lat' dir='ltr'><strong>te,</strong></span> <span class='ocrx_word' id='word_1_697' title='bbox 2598 3850 2697 3906; x_wconf 88' lang='lat' dir='ltr'><strong>sed</strong></span> <span class='ocrx_word' id='word_1_698' title='bbox 2754 3851 2820 3905; x_wconf 89' lang='lat' dir='ltr'><strong>de</strong></span> <span class='ocrx_word' id='word_1_699' title='bbox 2859 3851 3234 3922; x_wconf 88' lang='lat' dir='ltr'><strong>blasphemia,</strong></span> <span class='ocrx_word' id='word_1_700' title='bbox 3272 3855 3399 3924; x_wconf 84' lang='lat' dir='ltr'><strong>quia</strong></span> <span class='ocrx_word' id='word_1_701' title='bbox 3453 3864 3533 3922; x_wconf 91' lang='lat' dir='ltr'><strong>tu,</strong></span> 
     </span>
    </p>
   </div>
   <div class='ocr_carea' id='block_1_92' title="bbox 1954 3940 3535 4013">
    <p class='ocr_par' dir='ltr' id='par_1_92' title="bbox 1954 3940 3535 4013">
     <span class='ocr_line' id='line_1_92' title="bbox 1954 3940 3535 4013; baseline 0.004 -18"><span class='ocrx_word' id='word_1_702' title='bbox 1954 3940 2116 3996; x_wconf 92' lang='lat' dir='ltr'><strong>homo</strong></span> <span class='ocrx_word' id='word_1_703' title='bbox 2169 3956 2291 3996; x_wconf 87' lang='lat' dir='ltr'><strong>cum</strong></span> <span class='ocrx_word' id='word_1_704' title='bbox 2343 3942 2440 4009; x_wconf 88' lang='lat' dir='ltr'><strong>sis,</strong></span> <span class='ocrx_word' id='word_1_705' title='bbox 2496 3940 2630 3998; x_wconf 78' lang='lat' dir='ltr'><strong>facis</strong></span> <span class='ocrx_word' id='word_1_706' title='bbox 2693 3942 2928 4013; x_wconf 90' lang='lat' dir='ltr'><strong>teipsum</strong></span> <span class='ocrx_word' id='word_1_707' title='bbox 2981 3945 3153 3999; x_wconf 89' lang='lat' dir='ltr'><strong>Deum</strong></span> <span class='ocrx_word' id='word_1_708' title='bbox 3200 3944 3269 3999; x_wconf 81' lang='lat'><strong>&quot;.</strong></span> <span class='ocrx_word' id='word_1_709' title='bbox 3317 3965 3337 3998; x_wconf 75' lang='grc' dir='ltr'><strong>ι</strong></span> <span class='ocrx_word' id='word_1_710' title='bbox 3395 3944 3535 4002; x_wconf 89' lang='lat' dir='ltr'><strong>Cum</strong></span> 
     </span>
    </p>
   </div>
   <div class='ocr_carea' id='block_1_93' title="bbox 1954 4033 3531 4110">
    <p class='ocr_par' dir='ltr' id='par_1_93' title="bbox 1954 4033 3531 4110">
     <span class='ocr_line' id='line_1_93' title="bbox 1954 4033 3531 4110; baseline 0.005 -23"><span class='ocrx_word' id='word_1_711' title='bbox 1954 4033 2214 4101; x_wconf 81' lang='lat' dir='ltr'><strong>ejusmodi</strong></span> <span class='ocrx_word' id='word_1_712' title='bbox 2274 4050 2404 4106; x_wconf 75' lang='lat' dir='ltr'><strong>ergo</strong></span> <span class='ocrx_word' id='word_1_713' title='bbox 2448 4036 2613 4091; x_wconf 82' lang='lat' dir='ltr'><strong>Iidem</strong></span> <span class='ocrx_word' id='word_1_714' title='bbox 2668 4048 2961 4093; x_wconf 82' lang='lat' dir='ltr'><strong>exacturus</strong></span> <span class='ocrx_word' id='word_1_715' title='bbox 3005 4054 3110 4093; x_wconf 90' lang='lat' dir='ltr'><strong>non</strong></span> <span class='ocrx_word' id='word_1_716' title='bbox 3167 4039 3262 4104; x_wconf 90' lang='lat' dir='ltr'><strong>sit,</strong></span> <span class='ocrx_word' id='word_1_717' title='bbox 3311 4039 3531 4110; x_wconf 85' lang='lat' dir='ltr'><strong>qualem</strong></span> 
     </span>
    </p>
   </div>
   <div class='ocr_carea' id='block_1_94' title="bbox 1955 4126 3536 4203">
    <p class='ocr_par' dir='ltr' id='par_1_94' title="bbox 1955 4126 3536 4203">
     <span class='ocr_line' id='line_1_94' title="bbox 1955 4126 3536 4203; baseline 0.006 -24"><span class='ocrx_word' id='word_1_718' title='bbox 1955 4134 2203 4181; x_wconf 86' lang='lat' dir='ltr'><strong>errantes</strong></span> <span class='ocrx_word' id='word_1_719' title='bbox 2258 4126 2480 4192; x_wconf 84' lang='lat' dir='ltr'><strong>habent,</strong></span> <span class='ocrx_word' id='word_1_720' title='bbox 2533 4130 2627 4183; x_wconf 91' lang='lat' dir='ltr'><strong>sed</strong></span> <span class='ocrx_word' id='word_1_721' title='bbox 2681 4129 2901 4198; x_wconf 90' lang='lat' dir='ltr'><strong>qualem</strong></span> <span class='ocrx_word' id='word_1_722' title='bbox 2959 4145 3060 4185; x_wconf 87' lang='lat' dir='ltr'><strong>nos</strong></span> <span class='ocrx_word' id='word_1_723' title='bbox 3117 4140 3384 4198; x_wconf 88' lang='lat' dir='ltr'><strong>tenemus,</strong></span> <span class='ocrx_word' id='word_1_724' title='bbox 3437 4132 3536 4203; x_wconf 89' lang='lat' dir='ltr'><strong>qui</strong></span> 
     </span>
    </p>
   </div>
   <div class='ocr_carea' id='block_1_95' title="bbox 1955 4222 3534 4294">
    <p class='ocr_par' dir='ltr' id='par_1_95' title="bbox 1955 4222 3534 4294">
     <span class='ocr_line' id='line_1_95' title="bbox 1955 4222 3534 4294; baseline 0.007 -24"><span class='ocrx_word' id='word_1_725' title='bbox 1955 4226 2108 4271; x_wconf 89' lang='lat' dir='ltr'><strong>recte</strong></span> <span class='ocrx_word' id='word_1_726' title='bbox 2161 4232 2355 4287; x_wconf 87' lang='lat' dir='ltr'><strong>sapere</strong></span> <span class='ocrx_word' id='word_1_727' title='bbox 2412 4222 2845 4277; x_wconf 87' lang='lat' dir='ltr'><strong>consuevimus:</strong></span> <span class='ocrx_word' id='word_1_728' title='bbox 2907 4223 3192 4278; x_wconf 85' lang='lat' dir='ltr'><strong>veritatem</strong></span> <span class='ocrx_word' id='word_1_729' title='bbox 3244 4235 3534 4294; x_wconf 86' lang='lat' dir='ltr'><strong>sequentes</strong></span> 
     </span>
    </p>
   </div>
   <div class='ocr_carea' id='block_1_96' title="bbox 1956 4308 3529 4383">
    <p class='ocr_par' dir='ltr' id='par_1_96' title="bbox 1956 4308 3529 4383">
     <span class='ocr_line' id='line_1_96' title="bbox 1956 4308 3529 4383; baseline 0.008 -23"><span class='ocrx_word' id='word_1_730' title='bbox 1956 4309 2269 4362; x_wconf 89' lang='lat' dir='ltr'><strong>necessario</strong></span> <span class='ocrx_word' id='word_1_731' title='bbox 2351 4308 2510 4365; x_wconf 79' lang='lat' dir='ltr'><strong>fateri</strong></span> <span class='ocrx_word' id='word_1_732' title='bbox 2568 4322 2782 4380; x_wconf 90' lang='lat' dir='ltr'><strong>oportet</strong></span> <span class='ocrx_word' id='word_1_733' title='bbox 2834 4316 2956 4368; x_wconf 79' lang='lat' dir='ltr'><strong>eam</strong></span> <span class='ocrx_word' id='word_1_734' title='bbox 3008 4314 3100 4383; x_wconf 87' lang='lat' dir='ltr'><strong>qui</strong></span> <span class='ocrx_word' id='word_1_735' title='bbox 3156 4319 3325 4370; x_wconf 89' lang='lat' dir='ltr'><strong>nostri</strong></span> <span class='ocrx_word' id='word_1_736' title='bbox 3362 4332 3529 4372; x_wconf 84' lang='lat' dir='ltr'><strong>causa</strong></span> 
     </span>
    </p>
   </div>
   <div class='ocr_carea' id='block_1_97' title="bbox 1955 4389 3531 4469">
    <p class='ocr_par' dir='ltr' id='par_1_97' title="bbox 1955 4389 3531 4469">
     <span class='ocr_line' id='line_1_97' title="bbox 1955 4389 3531 4469; baseline 0.006 -17"><span class='ocrx_word' id='word_1_737' title='bbox 1955 4399 2127 4455; x_wconf 80' lang='lat' dir='ltr'><strong>Filius</strong></span> <span class='ocrx_word' id='word_1_738' title='bbox 2175 4401 2412 4457; x_wconf 90' lang='lat' dir='ltr'><strong>hominis</strong></span> <span class='ocrx_word' id='word_1_739' title='bbox 2465 4402 2639 4458; x_wconf 82' lang='lat' dir='ltr'><strong>factus</strong></span> <span class='ocrx_word' id='word_1_740' title='bbox 2700 4413 2803 4469; x_wconf 88' lang='lat' dir='ltr'><strong>est,</strong></span> <span class='ocrx_word' id='word_1_741' title='bbox 2851 4403 3021 4459; x_wconf 90' lang='lat' dir='ltr'><strong>Deum</strong></span> <span class='ocrx_word' id='word_1_742' title='bbox 3069 4420 3194 4460; x_wconf 84' lang='lat' dir='ltr'><strong>esse</strong></span> <span class='ocrx_word' id='word_1_743' title='bbox 3236 4389 3531 4463; x_wconf 67' lang='lat' dir='ltr'><strong>secundum</strong></span> 
     </span>
    </p>
   </div>
   <div class='ocr_carea' id='block_1_98' title="bbox 1958 4478 3599 4555">
    <p class='ocr_par' dir='ltr' id='par_1_98' title="bbox 1958 4478 3599 4555">
     <span class='ocr_line' id='line_1_98' title="bbox 1958 4478 3599 4555; baseline 0.006 -10"><span class='ocrx_word' id='word_1_744' title='bbox 1958 4501 2210 4545; x_wconf 89' lang='lat' dir='ltr'><strong>naturam</strong></span> <span class='ocrx_word' id='word_1_745' title='bbox 2251 4509 2264 4544; x_wconf 89' lang='lat'><strong>:</strong></span> <span class='ocrx_word' id='word_1_746' title='bbox 2305 4509 2373 4548; x_wconf 90' lang='lat' dir='ltr'><strong>ne</strong></span> <span class='ocrx_word' id='word_1_747' title='bbox 2407 4494 2661 4549; x_wconf 87' lang='lat' dir='ltr'><strong>videlicet</strong></span> <span class='ocrx_word' id='word_1_748' title='bbox 2697 4496 2752 4551; x_wconf 86' lang='lat' dir='ltr'><strong>in</strong></span> <span class='ocrx_word' id='word_1_749' title='bbox 2803 4498 3102 4553; x_wconf 89' lang='lat' dir='ltr'><strong>errantium</strong></span> <span class='ocrx_word' id='word_1_750' title='bbox 3137 4499 3366 4553; x_wconf 87' lang='lat' dir='ltr'><strong>crimina</strong></span> <span class='ocrx_word' id='word_1_751' title='bbox 3394 4500 3538 4555; x_wconf 91' lang='lat' dir='ltr'><strong>ultro</strong></span> <span class='ocrx_word' id='word_1_752' title='bbox 3593 4478 3599 4485; x_wconf 30' lang='lat' dir='ltr'><strong><em>l</em></strong></span> 
     </span>
    </p>
   </div>
   <div class='ocr_carea' id='block_1_99' title="bbox 1960 4584 3534 4659">
    <p class='ocr_par' dir='ltr' id='par_1_99' title="bbox 1960 4584 3534 4659">
     <span class='ocr_line' id='line_1_99' title="bbox 1960 4584 3534 4659; baseline 0.007 -24"><span class='ocrx_word' id='word_1_753' title='bbox 1960 4597 2058 4638; x_wconf 89' lang='lat' dir='ltr'><strong>nos</strong></span> <span class='ocrx_word' id='word_1_754' title='bbox 2099 4584 2442 4653; x_wconf 73' lang='lat' dir='ltr'><strong>oltjicientes,</strong></span> <span class='ocrx_word' id='word_1_755' title='bbox 2487 4601 2586 4657; x_wconf 89' lang='lat' dir='ltr'><strong>per</strong></span> <span class='ocrx_word' id='word_1_756' title='bbox 2624 4588 2899 4642; x_wconf 87' lang='lat' dir='ltr'><strong>inscitiam</strong></span> <span class='ocrx_word' id='word_1_757' title='bbox 2945 4589 3053 4644; x_wconf 93' lang='lat' dir='ltr'><strong>illis</strong></span> <span class='ocrx_word' id='word_1_758' title='bbox 3078 4589 3276 4644; x_wconf 87' lang='lat' dir='ltr'><strong>similia</strong></span> <span class='ocrx_word' id='word_1_759' title='bbox 3318 4605 3534 4659; x_wconf 73' lang='lat' dir='ltr'><strong>sapere,</strong></span> 
     </span>
    </p>
   </div>
   <div class='ocr_carea' id='block_1_100' title="bbox 1884 4661 3540 4754">
    <p class='ocr_par' dir='ltr' id='par_1_100' title="bbox 1884 4661 3540 4754">
     <span class='ocr_line' id='line_1_100' title="bbox 1884 4661 3540 4754; baseline 0.009 -28"><span class='ocrx_word' id='word_1_760' title='bbox 1884 4661 1932 4718; x_wconf 81' lang='grc'><strong>1)</strong></span> <span class='ocrx_word' id='word_1_761' title='bbox 1961 4689 2124 4747; x_wconf 83' lang='lat' dir='ltr'><strong>atque</strong></span> <span class='ocrx_word' id='word_1_762' title='bbox 2165 4678 2302 4733; x_wconf 91' lang='lat' dir='ltr'><strong>adeo</strong></span> <span class='ocrx_word' id='word_1_763' title='bbox 2353 4679 2481 4733; x_wconf 89' lang='lat' dir='ltr'><strong>vilia</strong></span> <span class='ocrx_word' id='word_1_764' title='bbox 2530 4682 2777 4749; x_wconf 80' lang='lat' dir='ltr'><strong>quaedam</strong></span> <span class='ocrx_word' id='word_1_765' title='bbox 2827 4682 2896 4737; x_wconf 89' lang='lat' dir='ltr'><strong>de</strong></span> <span class='ocrx_word' id='word_1_766' title='bbox 2933 4682 3153 4739; x_wconf 87' lang='lat' dir='ltr'><strong>Christo</strong></span> <span class='ocrx_word' id='word_1_767' title='bbox 3202 4685 3427 4754; x_wconf 89' lang='lat' dir='ltr'><strong>perinde</strong></span> <span class='ocrx_word' id='word_1_768' title='bbox 3474 4701 3540 4741; x_wconf 89' lang='lat' dir='ltr'><strong>ac</strong></span> 
     </span>
    </p>
   </div>
   <div class='ocr_carea' id='block_1_101' title="bbox 1964 4767 2878 4840">
    <p class='ocr_par' dir='ltr' id='par_1_101' title="bbox 1964 4767 2878 4840">
     <span class='ocr_line' id='line_1_101' title="bbox 1964 4767 2878 4840; baseline 0.008 -20"><span class='ocrx_word' id='word_1_769' title='bbox 1964 4767 2038 4821; x_wconf 86' lang='lat' dir='ltr'><strong>illi</strong></span> <span class='ocrx_word' id='word_1_770' title='bbox 2068 4769 2355 4838; x_wconf 79' lang='lat' dir='ltr'><strong>imaginari</strong></span> <span class='ocrx_word' id='word_1_771' title='bbox 2384 4773 2878 4840; x_wconf 89' lang='lat' dir='ltr'><strong>deprehendamur.</strong></span> 
     </span>
    </p>
   </div>
   <div class='ocr_carea' id='block_1_102' title="bbox 2032 4858 3536 4933">
    <p class='ocr_par' dir='ltr' id='par_1_102' title="bbox 2032 4858 3536 4933">
     <span class='ocr_line' id='line_1_102' title="bbox 2032 4858 3536 4933; baseline 0.009 -21"><span class='ocrx_word' id='word_1_772' title='bbox 2032 4858 2169 4916; x_wconf 81' lang='lat' dir='ltr'><strong>LIX.</strong></span> <span class='ocrx_word' id='word_1_773' title='bbox 2209 4878 2229 4913; x_wconf 75' lang='grc' dir='ltr'><strong>ι</strong></span> <span class='ocrx_word' id='word_1_774' title='bbox 2263 4860 2448 4931; x_wconf 81' lang='lat' dir='ltr'><strong>Neque</strong></span> <span class='ocrx_word' id='word_1_775' title='bbox 2478 4863 2621 4916; x_wconf 91' lang='lat' dir='ltr'><strong>enim</strong></span> <span class='ocrx_word' id='word_1_776' title='bbox 2659 4862 2841 4931; x_wconf 85' lang='lat' dir='ltr'><strong>Pater,</strong></span> <span class='ocrx_word' id='word_1_777' title='bbox 2880 4866 2955 4919; x_wconf 88' lang='lat' dir='ltr'><strong>ait</strong></span> <span class='ocrx_word' id='word_1_778' title='bbox 2998 4882 3212 4922; x_wconf 89' lang='lat' dir='ltr'><strong>rursum</strong></span> <span class='ocrx_word' id='word_1_779' title='bbox 3259 4870 3536 4933; x_wconf 74' lang='lat' dir='ltr'><strong>Christus,</strong></span> 
     </span>
    </p>
   </div>
   <div class='ocr_carea' id='block_1_103' title="bbox 1958 4951 3537 5029">
    <p class='ocr_par' dir='ltr' id='par_1_103' title="bbox 1958 4951 3537 5029">
     <span class='ocr_line' id='line_1_103' title="bbox 1958 4951 3537 5029; baseline 0.005 -25"><span class='ocrx_word' id='word_1_780' title='bbox 1958 4951 2165 5022; x_wconf 82' lang='lat' dir='ltr'><strong>judicat</strong></span> <span class='ocrx_word' id='word_1_781' title='bbox 2204 4968 2562 5023; x_wconf 88' lang='lat' dir='ltr'><strong>quemquam,</strong></span> <span class='ocrx_word' id='word_1_782' title='bbox 2593 4958 2686 5010; x_wconf 89' lang='lat' dir='ltr'><strong>sed</strong></span> <span class='ocrx_word' id='word_1_783' title='bbox 2714 4973 2876 5011; x_wconf 91' lang='lat' dir='ltr'><strong>omne</strong></span> <span class='ocrx_word' id='word_1_784' title='bbox 2906 4958 3166 5029; x_wconf 89' lang='lat' dir='ltr'><strong>judicimn</strong></span> <span class='ocrx_word' id='word_1_785' title='bbox 3192 4964 3338 5015; x_wconf 88' lang='lat' dir='ltr'><strong>dedit</strong></span> <span class='ocrx_word' id='word_1_786' title='bbox 3365 4961 3537 5028; x_wconf 86' lang='lat' dir='ltr'><strong>Filio;</strong></span> 
     </span>
    </p>
   </div>
   <div class='ocr_carea' id='block_1_104' title="bbox 1963 5042 3542 5115">
    <p class='ocr_par' dir='ltr' id='par_1_104' title="bbox 1963 5042 3542 5115">
     <span class='ocr_line' id='line_1_104' title="bbox 1963 5042 3542 5115; baseline 0.004 -18"><span class='ocrx_word' id='word_1_787' title='bbox 1963 5052 2023 5097; x_wconf 87' lang='lat' dir='ltr'><strong>ut</strong></span> <span class='ocrx_word' id='word_1_788' title='bbox 2066 5057 2256 5097; x_wconf 86' lang='lat' dir='ltr'><strong>omnes</strong></span> <span class='ocrx_word' id='word_1_789' title='bbox 2305 5042 2671 5099; x_wconf 83' lang='lat' dir='ltr'><strong>honoriﬁcent</strong></span> <span class='ocrx_word' id='word_1_790' title='bbox 2718 5045 2939 5115; x_wconf 87' lang='lat' dir='ltr'><strong>Filium,</strong></span> <span class='ocrx_word' id='word_1_791' title='bbox 2983 5051 3124 5104; x_wconf 88' lang='lat' dir='ltr'><strong>sicut</strong></span> <span class='ocrx_word' id='word_1_792' title='bbox 3175 5049 3542 5103; x_wconf 84' lang='lat' dir='ltr'><strong>honoriﬁcant</strong></span> 
     </span>
    </p>
   </div>
   <div class='ocr_carea' id='block_1_105' title="bbox 1962 5129 3534 5204">
    <p class='ocr_par' dir='ltr' id='par_1_105' title="bbox 1962 5129 3534 5204">
     <span class='ocr_line' id='line_1_105' title="bbox 1962 5129 3534 5204; baseline 0.003 -20"><span class='ocrx_word' id='word_1_793' title='bbox 1962 5129 2181 5185; x_wconf 87' lang='lat' dir='ltr'><strong>Patrem</strong></span> <span class='ocrx_word' id='word_1_794' title='bbox 2209 5132 2277 5186; x_wconf 79' lang='grc'><strong>⁵⁷.</strong></span> <span class='ocrx_word' id='word_1_795' title='bbox 2323 5151 2342 5185; x_wconf 74' lang='grc' dir='ltr'><strong>ι</strong></span> <span class='ocrx_word' id='word_1_796' title='bbox 2378 5132 2447 5186; x_wconf 84' lang='grc' dir='ltr'>Ει</span> <span class='ocrx_word' id='word_1_797' title='bbox 2497 5132 2720 5197; x_wconf 88' lang='lat' dir='ltr'><strong>iterum,</strong></span> <span class='ocrx_word' id='word_1_798' title='bbox 2769 5136 2914 5204; x_wconf 86' lang='lat' dir='ltr'><strong>quod</strong></span> <span class='ocrx_word' id='word_1_799' title='bbox 2966 5139 3124 5190; x_wconf 89' lang='lat' dir='ltr'><strong>modo</strong></span> <span class='ocrx_word' id='word_1_800' title='bbox 3173 5134 3534 5189; x_wconf 87' lang='lat' dir='ltr'><strong>dicebamus:</strong></span> 
     </span>
    </p>
   </div>
   <div class='ocr_carea' id='block_1_106' title="bbox 1969 5219 3540 5294">
    <p class='ocr_par' dir='ltr' id='par_1_106' title="bbox 1969 5219 3540 5294">
     <span class='ocr_line' id='line_1_106' title="bbox 1969 5219 3540 5294; baseline 0.005 -22"><span class='ocrx_word' id='word_1_801' title='bbox 1969 5239 1989 5272; x_wconf 75' lang='grc' dir='ltr'><strong>ι</strong></span> <span class='ocrx_word' id='word_1_802' title='bbox 2032 5219 2190 5275; x_wconf 90' lang='lat' dir='ltr'><strong>Sicut</strong></span> <span class='ocrx_word' id='word_1_803' title='bbox 2232 5221 2380 5277; x_wconf 88' lang='lat' dir='ltr'><strong>enim</strong></span> <span class='ocrx_word' id='word_1_804' title='bbox 2417 5220 2579 5278; x_wconf 87' lang='lat' dir='ltr'><strong>Pater</strong></span> <span class='ocrx_word' id='word_1_805' title='bbox 2612 5224 2780 5279; x_wconf 87' lang='lat' dir='ltr'><strong>vitam</strong></span> <span class='ocrx_word' id='word_1_806' title='bbox 2815 5224 2977 5279; x_wconf 88' lang='lat' dir='ltr'><strong>habet</strong></span> <span class='ocrx_word' id='word_1_807' title='bbox 3011 5224 3065 5279; x_wconf 92' lang='lat' dir='ltr'><strong>in</strong></span> <span class='ocrx_word' id='word_1_808' title='bbox 3109 5224 3424 5294; x_wconf 87' lang='lat' dir='ltr'><strong>semetipso,</strong></span> <span class='ocrx_word' id='word_1_809' title='bbox 3456 5224 3540 5280; x_wconf 85' lang='lat' dir='ltr'><strong>sic</strong></span> 
     </span>
    </p>
   </div>
   <div class='ocr_carea' id='block_1_107' title="bbox 905 5375 1988 5444">
    <p class='ocr_par' dir='ltr' id='par_1_107' title="bbox 905 5375 1988 5444">
     <span class='ocr_line' id='line_1_107' title="bbox 905 5375 1988 5444; baseline -0.002 -12"><span class='ocrx_word' id='word_1_810' title='bbox 905 5378 953 5410; x_wconf 79' lang='lat'>&quot;</span> <span class='ocrx_word' id='word_1_811' title='bbox 981 5377 1136 5432; x_wconf 84' lang='lat' dir='ltr'><strong>Joan.</strong></span> <span class='ocrx_word' id='word_1_812' title='bbox 1170 5395 1224 5443; x_wconf 65' lang='grc' dir='ltr'>κ,</span> <span class='ocrx_word' id='word_1_813' title='bbox 1256 5377 1336 5432; x_wconf 77' lang='grc'><strong>55.</strong></span> <span class='ocrx_word' id='word_1_814' title='bbox 1422 5378 1465 5409; x_wconf 83' lang='grc'><strong>⁸⁷</strong></span> <span class='ocrx_word' id='word_1_815' title='bbox 1506 5377 1661 5432; x_wconf 82' lang='lat' dir='ltr'><strong>Joan.</strong></span> <span class='ocrx_word' id='word_1_816' title='bbox 1694 5392 1745 5441; x_wconf 89' lang='lat' dir='ltr'><strong>v,</strong></span> <span class='ocrx_word' id='word_1_817' title='bbox 1774 5375 1867 5444; x_wconf 88' lang='lat'><strong>22,</strong></span> <span class='ocrx_word' id='word_1_818' title='bbox 1894 5375 1988 5430; x_wconf 83' lang='lat'><strong>25.</strong></span> 
     </span>
    </p>
   </div>
   <div class='ocr_carea' id='block_1_108' title="bbox 1374 5528 2451 5599">
    <p class='ocr_par' dir='ltr' id='par_1_108' title="bbox 1374 5528 2451 5599">
     <span class='ocr_line' id='line_1_108' title="bbox 1374 5528 2451 5599; baseline 0.003 -15"><span class='ocrx_word' id='word_1_819' title='bbox 1374 5530 1544 5586; x_wconf 83' lang='lat' dir='ltr'><strong>Variae</strong></span> <span class='ocrx_word' id='word_1_820' title='bbox 1576 5530 1836 5586; x_wconf 88' lang='lat' dir='ltr'><strong>lectiones</strong></span> <span class='ocrx_word' id='word_1_821' title='bbox 1860 5529 2061 5586; x_wconf 87' lang='lat' dir='ltr'><strong>codicis</strong></span> <span class='ocrx_word' id='word_1_822' title='bbox 2094 5528 2451 5599; x_wconf 83' lang='lat' dir='ltr'><strong>Seguieriani.</strong></span> 
     </span>
    </p>
   </div>
   <div class='ocr_carea' id='block_1_109' title="bbox 344 5693 1054 5768">
    <p class='ocr_par' dir='ltr' id='par_1_109' title="bbox 344 5693 1054 5768">
     <span class='ocr_line' id='line_1_109' title="bbox 344 5693 1054 5768; baseline 0.004 -28"><span class='ocrx_word' id='word_1_823' title='bbox 344 5708 372 5740; x_wconf 78' lang='grc' dir='ltr'><strong><em>γ</em></strong></span> <span class='ocrx_word' id='word_1_824' title='bbox 400 5695 672 5768; x_wconf 75' lang='grc' dir='ltr'>ὀνομάζοι.</span> <span class='ocrx_word' id='word_1_825' title='bbox 752 5700 777 5739; x_wconf 72' lang='lat' dir='ltr'><strong><em>Y</em></strong></span> <span class='ocrx_word' id='word_1_826' title='bbox 804 5693 1054 5762; x_wconf 67' lang='grc' dir='ltr'>πρᾶγμα.</span> 
     </span>
    </p>
   </div>
   <div class='ocr_carea' id='block_1_110' title="bbox 564 5783 1293 5852">
    <p class='ocr_par' dir='ltr' id='par_1_110' title="bbox 564 5783 1293 5852">
     <span class='ocr_line' id='line_1_110' title="bbox 564 5783 1293 5852; baseline -0.014 0"><span class='ocrx_word' id='word_1_827' title='bbox 564 5791 838 5852; x_wconf 65' lang='grc' dir='ltr'>ΡΑτιιοιη</span> <span class='ocrx_word' id='word_1_828' title='bbox 884 5788 998 5850; x_wconf 82' lang='lat' dir='ltr'><strong>Gn.</strong></span> <span class='ocrx_word' id='word_1_829' title='bbox 1031 5783 1293 5848; x_wconf 74' lang='lat' dir='ltr'><strong>LXXVI.</strong></span> 
     </span>
    </p>
   </div>
   <div class='ocr_carea' id='block_1_111' title="bbox 3101 5781 3179 5841">
    <p class='ocr_par' dir='ltr' id='par_1_111' title="bbox 3101 5781 3179 5841">
     <span class='ocr_line' id='line_1_111' title="bbox 3101 5781 3179 5841; baseline -0.013 0"><span class='ocrx_word' id='word_1_830' title='bbox 3101 5781 3179 5841; x_wconf 77' lang='grc'>45</span> 
     </span>
    </p>
   </div>
  </div>
