3942 6128
383 252 395 261 “
421 246 559 303 i619

1451 240 1510 293 S.
1551 236 1826 292 CYRILLI
1866 236 2333 290 AH‘ZXANDRIXI
2373 237 2689 293 ARCHIEP.

3550 238 3573 290 Ι
3585 238 3693 292 4ὶῦ

426 367 574 421 dedit
630 370 683 420 et
733 364 873 419 Filio
916 363 1082 417 vitam
1123 360 1325 415 habere
1358 357 1411 414 in
1444 360 1745 429 semetipso
1783 376 1795 414 ι
1827 367 1880 414 ct
1910 375 1995 427 po-

2110 359 2186 429 τῷ
2224 359 2338 430 Υἱῷ
2369 362 2513 431 ζωὴν
2557 359 2699 431 ἔχειν
2740 360 2797 411 ἐν
2828 359 3042 431 ὲαυτῷι
3078 360 3168 415 καὶ
3205 359 3455 426 ἐξουσίαν
3489 360 3696 414 ἔδωκεν

427 464 678 511 testatem
727 454 872 510 dedit
928 454 977 507 ei
1008 461 1062 506 et
1106 452 1373 521 judicium
1426 446 1628 516 facere,
1660 451 1785 519 quia
1830 449 2000 505 Filius

426 550 662 603 hominis
712 556 797 602 est
846 545 916 600 ⁵⁸.
974 563 992 597 ι
1052 545 1213 599 Canit
1273 544 1470 599 alicubi
1527 544 1720 599 beatus
1773 542 1995 598 David:

431 660 447 692 ι
483 640 747 707 Quoniam
797 636 943 690 Deus
982 633 1153 703 judex
1204 644 1286 688 est
1316 636 1384 688 ⁸³.
1428 654 1446 686 ι
1484 634 1626 700 Quin
1680 643 1732 687 et
1779 633 1999 704 quidam

425 749 639 804 quoque
659 748 724 786 ex
755 731 955 785 Christi
991 729 1273 798 discipulis
1317 744 1481 783 unum
1516 728 1773 799 judicem,
1808 742 2001 780 unum-

424 841 529 895 que
589 824 952 893 lcgislutorem
1013 835 1133 875 esse
1184 820 1372 874 scribit
1420 819 1488 875 ⁶⁰.
1535 818 1678 886 Ergo
1723 813 2001 884 judicandi

422 922 717 973 auctoritas
764 916 815 968 in
862 913 1069 968 nullum
1120 912 1285 966 alium
1314 912 1610 967 convenire
1659 917 1854 979 potest,
1893 907 1999 961 nisi

422 1010 476 1064 in
517 1025 639 1063 eum
672 1008 847 1061 solum
891 1007 980 1075 qui
1023 1015 1107 1059 est
1148 1005 1390 1057 omnium
1426 1004 1708 1066 Dominus,
1743 1001 1846 1054 hoc
1883 1009 1991 1064 est,

421 1102 478 1155 iu
526 1102 716 1153 Deum.
766 1097 1054 1165 Quomodo
1089 1112 1219 1165 ergo
1252 1095 1389 1149 Filio
1445 1092 1682 1149 hominis
1729 1092 1998 1161 judicium

422 1192 687 1248 tradidit?
744 1190 875 1244 Nam
926 1190 972 1245 si
1032 1204 1150 1243 eam
1196 1188 1274 1242 illi
1328 1196 1650 1256 potestatem
1689 1186 1839 1251 fecit,
1883 1193 2001 1238 tan-

423 1294 581 1353 quatn
619 1284 707 1336 uni
746 1282 901 1335 nobis
928 1281 1117 1347 simili,
1173 1279 1446 1349 quomoda
1508 1293 1669 1352 verax
1715 1276 1819 1330 erit
1871 1278 1997 1328 dum

421 1376 498 1428 ait
528 1392 555 1437 ε,
590 1392 609 1424 ι
646 1371 885 1426 Gloriam
944 1384 1119 1423 meam
1169 1369 1328 1421 alteri
1376 1382 1484 1421 non
1535 1367 1677 1421 dabo
1722 1365 1814 1417 ⁸⁸⁸2
1865 1382 1882 1416 ι
1918 1363 2000 1417 Ad

420 1465 515 1520 Dei
558 1465 702 1518 enim
736 1463 961 1531 gloriam
993 1460 1250 1531 pertinet,
1297 1457 1563 1526 judicium
1604 1471 1884 1512 exercere.
1941 1456 1999 1512 Si

426 1567 607 1613 autem
635 1554 982 1624 iudiciariam
1023 1558 1346 1621 potestatem
1397 1549 1536 1603 Filio
1583 1549 1655 1602 ita
1692 1549 2003 1604 communi-

421 1649 589 1712 cavit,
640 1654 699 1700 ut
735 1645 850 1715 ipse
899 1653 1079 1696 tamen
1120 1652 1343 1711 propter
1384 1640 1702 1695 substantia:
1741 1641 1995 1694 identita-

422 1738 828 1809 temjudicandi
851 1734 941 1801 jus
974 1751 1080 1789 non
1114 1734 1385 1798 amiserit,
1438 1744 1493 1788 et
1525 1734 1613 1787 ille
1648 1734 1999 1789 nihilominus

419 1832 513 1901 qui
540 1830 786 1897 accepit,
817 1828 985 1882 Filius
1024 1827 1095 1881 sit
1119 1824 1384 1890 hominis,
1435 1826 1707 1894 quomodo
1740 1826 1996 1880 omnibus

420 1922 769 1979 manifestum
817 1935 926 1973 non
981 1919 1041 1971 fit
1100 1916 1366 1980 Verbum,
1416 1925 1635 1985 propter
1670 1916 1994 1971 ineti‘abilcm

416 2016 568 2076 illam
615 2028 683 2066 ex
733 2012 841 2064 Deo
896 2008 1057 2081 Patre
1106 2007 1558 2077 generationem,
1618 2006 1785 2060 Deum
1840 2022 1992 2075 esse;

415 2107 674 2172 idemque
721 2115 961 2164 rursum,
1008 2110 1297 2169 propterea
1351 2098 1491 2166 quod
1558 2098 1709 2152 carui
1764 2098 1996 2162 unitum,

414 2196 754 2267 perindeque
792 2207 856 2248 ac
888 2206 985 2245 nos
1016 2205 1083 2244 ex
1125 2190 1354 2244 muliere
1389 2199 1575 2245 natum
1607 2200 1711 2254 est,
1761 2191 1998 2247 hominis

417 2288 615 2345 Filiqu
664 2285 826 2340 esse?
874 2284 1010 2338 Cum
1056 2297 1186 2352 ergo
1238 2280 1440 2337 Judacis
1492 2281 1665 2337 dicit:
1720 2300 1737 2332 ι
1766 2282 1879 2337 Cur
1911 2297 1998 2338 me

420 2377 667 2447 quaeritis
699 2375 1010 2430 interﬁcere
1041 2373 1342 2438 hominem,
1385 2375 1478 2443 qui
1515 2376 1805 2430 veritatem
1846 2376 1996 2430 vobis

418 2471 631 2525 locutus
668 2483 787 2522 sum
819 2466 904 2520 “?
945 2484 964 2517 ι
1001 2475 1056 2519 ct
1090 2481 1305 2519 rursum
1353 2483 1369 2520 :
1410 2484 1427 2517 ι
1460 2465 1630 2522 Nemo
1665 2469 1906 2523 ascendit
1944 2471 1996 2524 in

421 2559 617 2614 coelum
673 2558 778 2611 nisi
836 2557 928 2626 qui
982 2557 1259 2611 descendit
1305 2559 1372 2613 de
1420 2558 1582 2621 coelo,
1617 2556 1787 2614 Filius
1818 2560 1995 2613 homi-

421 2651 613 2717 nis“;
671 2667 690 2700 ι
739 2658 793 2703 et
834 2648 1027 2702 iterum
1079 2666 1094 2703 :
1143 2666 1163 2699 ί
1235 2648 1301 2703 Ει
1361 2649 1505 2703 sicut
1559 2649 1771 2719 Moyses
1828 2652 1991 2720 180

420 2742 682 2798 ex‘aitavit
728 2751 1033 2804 serpentem
1062 2740 1115 2794 in
1150 2741 1389 2807 deserto,
1431 2742 1504 2795 ita
1530 2742 1759 2796 exaltari
1788 2753 1999 2813 oportet

418 2835 617 2890 Filium
668 2833 906 2889 hominis
939 2831 1027 2898 μ;
1076 2851 1096 2884 ι
1134 2842 1230 2886 aut
1272 2848 1396 2888 cum
1449 2834 1515 2888 de
1550 2835 1730 2903 seipso
1766 2836 1838 2887 ita
1871 2836 1946 2888 ait
1979 2853 1993 2889 :

426 2945 445 2979 ‹
481 2924 651 2981 Filius
678 2928 821 2979 enim
859 2925 1097 2980 hominis
1123 2935 1387 2984 venturus
1411 2937 1493 2980 est
1527 2927 1581 2980 in
1612 2927 1782 2994 gloria
1816 2926 1995 2983 Patris

2104 451 2252 521 αὑτῷ
2281 452 2377 504 καὶ
2411 451 2591 522 κρίσιν
2639 453 2835 514 ποιεῖν,
2870 451 2953 504 ὃτι
2993 451 3123 513 Υἱὸς
3180 450 3468 519 ἀνθρώπου
3502 451 3647 509 ἐστὶ.
3674 470 3692 502 ι

2102 542 2308 595 Ψάλλει
2332 542 2390 595 δέ
2426 559 2528 595 που
2573 542 2666 595 καὶ
2696 543 2724 594 6
2762 543 3029 615 μακάριος
3060 543 3224 596 Δαυῖδ
3246 560 3260 572 ·
3298 561 3319 594 ‹
3348 542 3473 595 Ὅτι
3504 544 3533 596 6
3561 542 3700 605 Θεὸς

2103 635 2292 705 κριτής
2345 636 2484 687 ἐστι.
2515 652 2533 685 ι
2580 634 2832 703 Γέγραφε
2865 634 2921 687 δὲ
2969 636 3065 688 καὶ
3113 637 3141 688 6
3192 634 3359 688 αὐτοῦ
3403 634 3697 704 μαθητής’

2111 744 2128 777 ι
2161 721 2257 789 Εἷς
2296 727 2445 778 ἐστιν
2470 728 2498 779 6
2532 726 2831 795 νομοθέτης
2866 727 2961 780 καὶ
2995 728 3211 798 κριτής.
3245 745 3265 778 ι
3304 726 3516 779 Οὐκοῦν
3564 726 3704 795 πρέ-

2104 835 2194 871 ποι
2226 818 2292 871 ἂν
2320 819 2419 889 οὐχ
2460 819 2632 890 ἑτέρῳ
2675 820 2784 873 τινί
2822 818 2931 872 τῶν
2980 819 3148 872 ὅντων
3175 819 3235 872 τὸ
3266 818 3499 889 κρίνειν,
3553 817 3701 887 πλὴν

2104 913 2185 964 ὅτι
2222 912 2366 981 μόνῳ
2396 911 2471 981 τῷ
2499 913 2589 965 ἐπὶ
2622 911 2838 965 πάντων
2867 911 3006 982 Θεῷ.
3040 912 3163 975 Πῶς
3192 906 3284 965 οὖν
3331 910 3535 964 ἔδωκεν
3564 911 3704 963 αὐτὸ

2103 1001 2182 1071 τῷ
2229 1002 2344 1072 Υἱῴ
2390 1002 2687 1073 ἀνθρώπου
2717 1021 2731 1068 ;
2766 1002 2831 1055 Ei
2883 1003 2980 1073 μὲν
3039 998 3133 1055 οὖν
3172 1002 3247 1063 ὡς
3289 1002 3368 1053 ἐνδ-
3414 1001 3527 1053 τῶν
3574 1000 3699 1053 καθ’

2106 1097 2273 1165 ἡμᾶς,
2307 1096 2422 1157 πῶς
2467 1095 2755 1167 ἀληθεύσει
2802 1096 3010 1163 λέγων’
3052 1114 3070 1146 ‹
3109 1094 3220 1164 Τὴν
3264 1093 3425 1160 δόξαν
3463 1110 3570 1163 μου
3599 1092 3701 1161 οὐχ

2106 1187 2279 1255 ἑτέρῳ
2310 1186 2551 1257 δώσως)
2592 1186 2729 1239 Θεοῦ
2776 1186 2885 1256 γὰρ
2932 1187 3059 1252 δόξα
3092 1186 3154 1239 τὸ
3202 1181 3338 1239 εἶναι
3372 1186 3596 1255 κριτήν.
3638 1185 3698 1236 Ei

2104 1277 2159 1331 δὲ
2182 1279 2305 1341 δοὺς
2324 1278 2455 1331 αὐτὸ
2480 1277 2554 1347 τῷ
2572 1277 2685 1348 Yqu
2710 1278 2811 1331 οὐκ
2837 1276 2941 1343 ἔξω
2966 1277 3157 1346 γέγονε
3186 1276 3278 1328 τοῦ
3307 1274 3516 1346 κρίνειν
3536 1272 3698 1336 αὐτὸς

2103 1371 2192 1424 διά
2229 1371 2328 1440 τὴν
2358 1371 2664 1441 ταυτότητα
2700 1370 2801 1440 τῆς
2830 1370 3016 1432 οὐσίας
3037 1384 3051 1399 ’
3082 1369 3196 1422 ἔστι
3223 1369 3277 1422 δὲ
3306 1371 3334 1421 6
3360 1365 3545 1420 λαϐὼν
3567 1366 3697 1430 Υἱὸς

2105 1461 2394 1533 ἀνθρώπου
2416 1479 2430 1492 ·
2470 1462 2586 1525 πῶς
2633 1463 2731 1533 οὐχ
2766 1463 2970 1516 ἅπασιν
3003 1462 3267 1532 ἐναργὲς,
3306 1461 3391 1514 ὅτι
3427 1460 3563 1523 Θεος
3598 1460 3694 1528 μέν

2108 1557 2254 1609 ἐστιν
2294 1558 2323 1609 6
2356 1556 2526 1624 Λόγος
2568 1554 2657 1609 διά
2706 1554 2805 1625 τὴν
2852 1557 2918 1607 ἐκ
2954 1555 3089 1607 Θεοῦ
3123 1554 3334 1623 Ila-.96;
3380 1553 3690 1623 ἀπόῥρητον

2104 1649 2383 1718 γέννησιν,
2406 1648 2434 1699 6
2457 1648 2618 1713 αὐτὸς
2645 1647 2703 1699 δὲ
2735 1648 2829 1700 καὶ
2861 1647 2988 1710 Υἱὸς
3025 1644 3315 1717 ἀνθρώπου
3342 1644 3432 1698 διὰ
3466 1643 3536 1696 τὸ
3558 1643 3692 1713 ἡνῶ-

2106 1739 2229 1792 σθαι
2276 1739 2476 1810 σαρκὶ,
2513 1738 2606 1790 καὶ
2655 1737 2775 1790 καθ’
2804 1739 2957 1807 ἡμᾶς
2990 1737 3281 1806 ὑπομεῖναι
3328 1735 3587 1804 γέννησιν
3630 1735 3693 1784 ἐκ

2103 1831 2403 1902 γυναικός;
2432 1832 2601 1883 Ὅταν
2629 1824 2720 1883 οῦν
2749 1829 2883 1901 λέγῃ
2934 1829 3070 1899 πρὸς
3107 1828 3399 1890 Ἰουδαίους
3420 1843 3435 1857 ο
3475 1846 3493 1878 ι
3526 1828 3591 1878 Τί
3626 1844 3692 1896 με

2081 1922 2319 1992 ζητεῖτε
2348 1923 2673 1975 ἀποκτεῖναι
2703 1920 3012 1992 ἄνθρωπον,
3040 1919 3099 1982 ὃς
3143 1919 3243 1989 τὴν
3275 1918 3535 1988 ἀλήθειαν
3564 1918 3694 1987 ὑμῖν

2100 2015 2398 2085 λελάληκας
2430 2034 2448 2067 ι
2480 2006 2589 2081 καὶ
2618 2013 2778 2067 πάλιν
2798 2029 2812 2043 ⁶
2843 2033 2861 2064 ι
2892 2000 2999 2065 Καὶ
3029 2012 3205 2074 οὐδεὶς
3234 2010 3573 2080 ἀναϐέϐηκεν
3608 2011 3695 2072 ei;

2100 2110 2189 2162 τὸν
2217 2108 2462 2180 οὐρανὸν,
2496 2110 2543 2159 εἰ
2585 2108 2661 2178 μὴ
2692 2110 2719 2160 6
2756 2108 2820 2160 ἐκ
2852 2105 2945 2159 τοῦ
2980 2105 3214 2176 οὐρανοῦ
3240 2103 3471 2164 καταῦὰς
3496 2105 3526 2155 6
3553 2102 3693 2165 Υἱὸς

2098 2203 2193 2256 τοῦ
2242 2200 2551 2273 ἀνθρώπου.
2585 2220 2604 2251 ι
2648 2202 2759 2253 Καὶ
2793 2199 2957 2253 πάλιν
2978 2215 2992 2229 ’
3029 2217 3047 2250 ι
3080 2199 3193 2252 Καὶ
3236 2197 3414 2259 καθὼς
3440 2196 3696 2264 Μωῦσῆς

2101 2295 2285 2364 ὕψωσε
2316 2295 2407 2347 τὸν
2445 2294 2570 2363 ὅφιν
2602 2293 2659 2345 ἐν
2706 2296 2773 2363 τῇ
2817 2293 3031 2364 ἐρήμῳ,
3079 2290 3253 2353 οὕτως
3300 2288 3584 2359 ὑψωθῆναι
3616 2287 3695 2340 δεῖ

2098 2389 2189 2441 τὸν
2216 2386 2344 2438 Υἱὸν
2369 2385 2461 2439 τοῦ
2490 2384 2800 2456 ἀνθρώπου.
2830 2403 2850 2436 ι
2876 2384 2947 2437 Ἢ
2975 2384 3102 2437 ὅταν
3131 2383 3267 2454 λέγῃ
3297 2382 3426 2453 περὶ
3458 2380 3652 2434 ἑαυτοῦ
3672 2397 3690 2413 ο

2103 2499 2123 2532 ί
2156 2480 2355 2534 Μέλλει
2388 2480 2499 2547 γὰρ
2534 2478 2563 2530 6
2594 2479 2722 2539 Υἱὸς
2765 2477 2860 2531 τοῦ
2896 2476 3186 2547 ἀνθρώπου
3227 2475 3493 2545 ἔρχεσθαι
3525 2476 3583 2525 ἐν
3625 2477 3690 2543 τῇ

2096 2572 2220 2644 δόξῃ
2262 2571 2358 2624 τοῦ
2394 2571 2607 2644 Πατρὶς
2639 2569 2804 2623 αὑτοῦ
2844 2570 2982 2640 μετά
3008 2568 3117 2621 τῶν
3162 2568 3337 2635 ἁγίων
3373 2566 3687 2634 ἆγγέλων.ι

2096 2667 2206 2719 Καὶ
2235 2663 2398 2717 πάλιν
2418 2679 2429 2692 ·
2465 2664 2482 2715 ι
2512 2663 2644 2716 Τίνα
2679 2679 2746 2732 με
2773 2661 3021 2730 λέγουσιν
3048 2661 3098 2713 οἱ
3137 2660 3422 2729 ἄνθρωποι
3443 2655 3582 2710 εἶναι
3604 2657 3691 2709 τόν

2096 2757 2226 2811 ram
2252 2757 2342 2810 τοῦ
2377 2754 2695 2826 ἀνθρώπου;
2728 2774 2747 2805 ι
2780 2754 2851 2806 Ἦ
2880 2755 2973 2806 καὶ
3002 2751 3372 2816 ἁπαξαπλῶς,
3407 2752 3601 2812 ὁσάκις
3628 2751 3690 2802 ἂν

2097 2848 2384 2921 ἄνθρωπος
2420 2845 2747 2916 ὀνομάζεται
2791 2845 2943 2916 παρά
2981 2847 3046 2915 τῇ
3080 2842 3437 2912 θεοπνεύστῳ
3482 2843 3686 2913 Γρᾶ-ζῇ.

2098 2941 2199 2994 οὐκ
2234 2940 2339 3011 ἰδίᾳ
2369 2940 2464 2992 καὶ
2496 2938 2600 2991 ἀνά
2635 2939 2799 3009 μέρος
2829 2937 3118 3007 ἄνοριιιπον
3150 2930 3295 2988 εἶναι
3330 2953 3541 3004 φαμεν,
3568 2935 3683 2986 ἁπο-

419 3020 503 3073 sui
530 3034 653 3073 cum
686 3018 894 3086 angelis
931 3017 1048 3071 suis
1081 3017 1167 3082 '5;
1203 3036 1221 3068 ι
1267 3028 1325 3072 et
1354 3017 1549 3070 iterum
1585 3032 1599 3071 :
1640 3036 1658 3069 ι
1705 3018 1873 3084 Quem
1910 3035 1992 3073 me

2102 3032 2438 3103 διαιροῦντες
2463 3030 2629 3085 αὐτοῦ
2700 3030 2789 3082 τὸν
2828 3031 2890 3081 ἐκ
2937 3027 3071 3081 Θεοῦ
3096 3028 3313 3097 Πατρὺς
3360 3028 3562 3093 Λόγον·
3594 3042 3682 3078 πι-

418 3113 605 3168 dicunt
638 3111 884 3165 homines
908 3124 1027 3163 esse
1054 3108 1250 3163 Filium
1282 3109 1521 3163 hominis
1550 3110 1595 3141 ⁸⁸
1622 3111 1644 3163 ?
1678 3130 1696 3162 ι
1733 3112 1989 3179 denique,

417 3210 479 3255 ut
520 3202 680 3253 unico
712 3200 878 3251 verbo
918 3198 1218 3261 absolvam,
1257 3198 1693 3266 quotiescunque
1737 3199 1792 3252 in
1847 3198 1997 3253 Scri-

418 3300 579 3360 ptura
643 3289 908 3342 divinitus
964 3289 1226 3355 inspirata
1288 3289 1448 3341 homo
1494 3290 1828 3358 appellatur,
1887 3308 1996 3347 non

419 3383 694 3437 hominem
748 3394 993 3434 seorsum
1059 3394 1153 3445 per
1201 3396 1281 3446 se,
1354 3378 1537 3436 Verbo
1589 3384 1734 3452 quod
1774 3399 1841 3440 ex
1884 3384 1995 3443 Deo

417 3483 503 3529 est
527 3472 765 3535 seeluso,
803 3480 981 3524 mente
1019 3470 1379 3538 concipimus,
1436 3473 1529 3525 sed
1574 3473 1755 3541 potius
1811 3477 1992 3530 credi-

418 3579 540 3620 mus
598 3562 694 3616 Dei
726 3560 969 3616 Verhum
1002 3562 1397 3631 dispensatorie
1425 3572 1643 3632 propter
1678 3580 1773 3617 nos
1799 3565 1993 3620 Filium

417 3653 659 3710 hominis
712 3652 936 3714 factum,
995 3652 1284 3705 divinitate
1317 3652 1532 3706 interim
1560 3652 1707 3706 nulla
1740 3668 1806 3707 ex
1840 3664 1994 3723 parte

418 3748 617 3799 amissa
671 3752 763 3797 aut
816 3742 1167 3807 labefactata,
1239 3752 1295 3797 et
1335 3760 1499 3798 unum
1537 3760 1658 3800 esse
1702 3745 1991 3801 Dominum

419 3846 664 3889 nostrum
724 3833 908 3889 Jesum
970 3834 1268 3889 Christum.
1331 3835 1398 3889 Et
1461 3836 1584 3891 ideo
1650 3853 1756 3893 non
1815 3850 1993 3909 potest

415 3942 628 3981 summa
674 3943 795 3981 cum
846 3927 1125 3996 impietate
1172 3929 1523 3997 coniunctum
1556 3944 1662 3984 non
1692 3947 1834 3996 esse,
1869 3941 1993 4002 post

416 4017 743 4072 indivulsam
794 4017 942 4071 illam
998 4018 1528 4090 inseparabilemque
1583 4023 1837 4077 unionem
1872 4039 1992 4091 quas

415 4123 633 4161 omnem
655 4108 877 4163 omnino
900 4117 956 4162 et
988 4110 1187 4164 mentis
1230 4118 1283 4164 et
1317 4112 1544 4166 rationis
1572 4123 1790 4181 captum
1830 4129 1991 4169 exce-

416 4196 495 4250 dit
528 4196 839 4264 plurimum,
888 4197 931 4251 si
986 4199 1108 4266 quis
1140 4215 1306 4252 unum
1339 4200 1392 4253 in
1433 4202 1567 4256 duos
1596 4200 1844 4258 Christos
1899 4214 1991 4260 aut

417 4286 557 4340 ﬁlios
586 4286 812 4341 dividat.
849 4288 1120 4343 Caeterum
1154 4290 1199 4344 si
1238 4291 1325 4344 cui
1362 4292 1580 4347 animus
1610 4304 1778 4359 esset,
1808 4298 1988 4351 omnia

2102 3121 2365 3190 στεύομεν
2412 3122 2468 3173 δὲ
2519 3120 2718 3189 μᾶλλον
2768 3120 2848 3172 ὅτι
2899 3118 2993 3172 καὶ
3034 3117 3167 3179 Θεός
3213 3118 3367 3171 ἐστιν
3407 3115 3681 3187 ἀληθινὸς,

2097 3213 2286 3282 γέγονε
2316 3212 2372 3264 δὲ
2404 3212 2497 3265 καὶ
2543 3212 2671 3275 Υἱὸς
2713 3209 2998 3281 ἀνθρώπου
3030 3210 3095 3262 δι’
3141 3211 3300 3280 ἡμᾶς
3328 3209 3683 3279 οἰκονομικῶς

2102 3306 2237 3373 μετὰ
2264 3303 2354 3356 τοῦ
2385 3306 2560 3374 μεῖναι
2586 3313 2609 3340 ι
2648 3303 2801 3366 Θεὸς,
2849 3304 2942 3355 καὶ
2973 3297 3053 3365 εἷς
3086 3303 3206 3355 ἐστι
3241 3303 3447 3372 Κύριος
3480 3300 3684 3370 Ἰησοῦς

2097 3393 2350 3463 Χριστός.
2390 3392 2613 3454 Ἀσεδὲς
2640 3392 2695 3445 δὲ
2728 3392 2845 3444 λίαν
2878 3392 2942 3443 τὸ
2980 3392 3238 3463 διορίζειν
3282 3393 3358 3453 εἰς
3398 3390 3490 3443 δύο
3535 3391 3685 3453 υἱοὺς

2097 3485 2191 3536 καὶ
2228 3483 2320 3536 δύο
2352 3483 2622 3552 Χριστοὺς
2641 3524 2655 3548 ,
2692 3483 2831 3553 μετά
2858 3484 2956 3553 τὴν
2996 3483 3374 3536 ἀδιάσπαστον
3401 3483 3618 3544 ἕνωσιν,
3647 3482 3675 3550 ἦ

2097 3575 2192 3627 καὶ
2220 3573 2312 3627 νοῦ
2346 3573 2439 3627 καὶ
2466 3573 2623 3642 λόγου
2658 3576 2858 3637 παντὸς
2888 3574 3149 3627 ἐπέκεινά
3185 3575 3246 3626 τὲ
3276 3576 3398 3628 ἐστι
3428 3576 3527 3628 καὶ
3556 3576 3677 3628 ἀνω·

2095 3668 2260 3721 τάτω.
2294 3668 2404 3720 Καὶ
2435 3663 2503 3737 ἦν
2542 3666 2639 3736 μὲν
2687 3667 2816 3730 ἴσως
2853 3668 2914 3719 οὐ
2950 3666 3208 3737 δυσχερὲς
3257 3667 3405 3734 ἄγαν
3440 3672 3552 3731 τοῖς
3578 3666 3678 3720 ὲθέο

2094 3760 2245 3812 λουσι
2279 3758 2586 3829 βασανίζειν
2632 3759 2851 3812 ἅπαντα
2888 3758 2957 3811 τὰ
3005 3759 3133 3830 περὶ
3159 3758 3406 3829 Χριστοῦ
3445 3777 3676 3833 γεγραμ-

2098 3851 2266 3922 μένα,
2315 3853 2409 3905 καὶ
2456 3851 2720 3905 πλειόνων
2764 3851 2985 3905 ἐννοιῶν
3043 3851 3382 3922 ποιήσασθαι
3435 3853 3537 3923 τὴν
3582 3869 3674 3906 πα-

2092 3943 2345 4015 ράθεσιψ
2384 3942 2501 3997 ἀλλ’
2536 3943 2694 4013 ἴσμεν
2727 3943 2786 3996 τὸ
2833 3942 3248 4013 γεγραμμένον·
3279 3963 3299 3994 ι
3327 3944 3490 3996 Δίδου
3532 3934 3670 4011 ¹μιν,νὲ

2095 4034 2366 4106 ἀφορμὴν,
2414 4035 2510 4089 καὶ
2557 4034 2862 4105 σοφώτερος
2908 4034 3078 4088 ἔσται.
3111 4053 3128 4085 ι
3168 4035 3488 4105 Ποδηγὴσει
3519 4037 3670 4107 γάρὸ

2093 4124 2201 4178 τῶν
2232 4126 2369 4179 ὅλων
2405 4126 2537 4189 Θεὸς
2559 4126 2646 4179 διὰ
2688 4127 2780 4179 τοῦ
2810 4127 2966 4194 ἁγίου
3000 4125 3322 4196 Πνεῦματος
3367 4129 3473 4189 τὰς
3508 4128 3674 4195 050;:-

2094 4219 2356 4282 λεστάτας
2407 4218 2562 4289 ὑμῶν
2608 4217 2778 4281 ἀκοὰς
2802 4230 2828 4259 ι
2875 4216 2963 4281 ei;
3000 4234 3064 4286 γε
3107 4218 3168 4270 τὸ
3201 4218 3475 4272 δύνασθαι
3508 4212 3677 4290 ἶρϐὡς

2094 4315 2252 4366 νοεῖν.
2293 4310 2481 4382 Εὑρὼν
2510 4310 2619 4381 γάρ
2648 4309 2790 4364 οὕτω
2812 4309 3053 4380 ’Χριστὸς
3086 4311 3143 4361 ἐν
3174 4310 3305 4377 ὑμῖν
3349 4310 3454 4380 τὴν
3507 4311 3675 4362 πίστιν

416 4393 538 4448 quae
589 4380 655 4434 de
698 4379 919 4434 Christo
970 4380 1168 4436 litteris
1229 4383 1548 4450 consignata
1603 4397 1836 4453 exstant,
1869 4389 1988 4444 dili-

2099 4401 2286 4471 ἀκλινῆ
2316 4402 2411 4454 καὶ
2434 4400 2725 4471 ἀϐέϐηλον,
2756 4397 3089 4469 στεφανώσει
3114 4397 3393 4459 πλουσίως
3419 4402 3534 4462 τοῖς
3564 4400 3677 4451 iw:-

417 4471 632 4540 gentius
676 4473 1011 4539 examinare,
1066 4473 1141 4527 illi
1193 4474 1384 4544 utique
1412 4476 1556 4531 haud
1588 4478 1750 4533 nimis
1777 4480 1989 4537 ditﬁcile

417 4562 563 4617 foret
605 4562 788 4631 plures
837 4563 1017 4618 adhuc
1065 4563 1201 4619 alias
1246 4568 1549 4621 sententias
1599 4569 1750 4624 hisce
1800 4573 1989 4641 adjun-

416 4672 585 4724 gere;
623 4660 715 4712 sed
759 4658 1020 4727 scriptum
1057 4658 1308 4714 novimus
1344 4673 1360 4713 :
1396 4678 1415 4712 ι
1454 4660 1530 4715 Da
1561 4663 1791 4733 sapienti
1825 4681 1989 4722 occa-

414 4748 653 4813 sionem,
700 4757 750 4802 et
797 4749 1098 4819 sapientior
1124 4750 1231 4805 erit
1263 4750 1325 4805 ⁶⁷.
1366 4769 1386 4803 ι
1421 4749 1814 4809 Universorum
1844 4758 1986 4815 Deus

2098 4493 2189 4545 θεν
2217 4490 2461 4559 ἀγαθοῖς,
2489 4489 2582 4544 καὶ
2612 4490 3041 4559 παμμακαρίους
3067 4488 3362 4555 ἀποφανεῖ.
3396 4489 3559 4541 Πᾶσα
3584 4487 3674 4555 rip

2097 4583 2252 4656 ἡμῶν
2280 4582 2434 4645 ἐλπὶς
2460 4584 2519 4633 ἐν
2540 4581 2780 4652 Χριστῷ,
2806 4581 2874 4634 δι’
2900 4575 2959 4634 οὗ
2986 4581 3078 4633 καὶ
3107 4579 3226 4650 μεθ’
3250 4572 3314 4631 οὗ
3340 4579 3424 4649 τῷ
3454 4580 3674 4649 Πατρὶή

2093 4673 2222 4741 δόξα
2251 4676 2346 4729 σὺν
2368 4674 2506 4745 ἁγίῳ
2531 4673 2811 4745 Πνεύματι
2836 4674 2915 4736 εἰς
2938 4673 3064 4736 τοὺς
3086 4671 3291 4735 αἰῶνας
3315 4672 3428 4725 τῶν
3450 4674 3672 4724 αξώνων.

2106 4769 2161 4822 Ἀ
2172 4768 2299 4838 μήν.

414 4848 625 4892 mentes
680 4849 907 4906 vestras,
956 4841 1378 4912 religiosissima:
1420 4844 1814 4917 imperatriccs,
1870 4869 1966 4923 per

2105 4861 2266 4914 ritum
2326 4867 2573 4913 sanctum
2638 4858 2858 4928 diriget,
2892 4866 2950 4912 ut
3015 4865 3228 4911 rectum
3273 4869 3505 4911 sensum
3540 4870 3676 4911 πιείρ-

414 4932 505 5002 qui
564 4929 807 5000 possitis.
871 4929 1086 4987 Etenim
1150 4932 1398 4988 Christus
1449 4935 1708 4994 Dominus
1762 4942 1835 4997 ita
1884 4962 1979 5003 vos

2099 4960 2420 5020 )mparatas,
2464 4951 2565 5004 hoc
2631 4961 2734 5015 est,
2777 4953 2931 5004 tirma
2972 4965 3035 5003 ac
3102 4948 3289 5003 stabili
3329 4948 3439 5003 [ide
3462 4959 3675 5002 ornatas

414 5024 720 5085 inveniens,
770 5019 1085 5075 etelestibus
1124 5020 1281 5077 bonis
1333 5022 1541 5079 aii‘atim
1595 5026 1961 5103 locupletabit,

2099 5019 2306 5109 ngeque
2354 5040 2696 5095 bcatissimas
2739 5040 2954 5095 etIiciet.
2997 5038 3188 5095 Omnis
3251 5056 3496 5113 namque
3565 5055 3675 5113 spes

413 5128 595 5264 postra
738 5115 965 5171 Christo
993 5115 1099 5171 sita
1131 5125 1215 5171 est
1247 5135 1262 5172 :
1298 5133 1395 5189 per
1425 5133 1585 5189 quem
1616 5134 1672 5179 et
1705 5142 1828 5183 cum
1869 5146 1977 5201 quo
2015 5135 2160 5189 Patri
2185 5150 2306 5189 cum
2332 5135 2536 5205 Spiritu
2575 5144 2764 5190 sancto
2829 5136 2900 5191 sit
2959 5135 3127 5205 gloria
3167 5136 3217 5189 in
3253 5136 3458 5191 sarcula
3526 5150 3658 5191 szccu

433 5229 610 5266 orum.
692 5228 834 5266 men.

433 5229 610 5270 orum.
640 5228 834 5268 Arnen.

483 5349 1024 5426 ‘3‘.i_oan._v_,_26,_2_7.
1094 5352 1141 5426 [θ
1168 5353 1311 5426 Dsal.
1346 5373 1491 5425 xux,
1532 5359 1584 5413 6.
1690 5363 1735 5394 ⁸⁸
1765 5363 1877 5418 Jac.
1915 5381 1987 5426 tv,

2099 5409 2102 5418 .
2181 5370 2223 5400 ει
2260 5368 2362 5423 lsa.
2396 5384 2585 5426 XLVIII.
2620 5369 2701 5423 Η.
2817 5369 2861 5401 ⁶²
2890 5367 3043 5423 Joan.
3083 5380 3203 5426 vui.
3236 5367 3332 5423 40.
3449 5368 3497 5399 ⁸³
3523 5362 3669 5422 Joan.

414 5420 613 5485 m,t5.
688 5419 1011 5475 “ibid/14.
1089 5422 1133 5454 οδ
1164 5424 1351 5481 Matth.
1390 5419 1499 5496 xvi;
1530 5431 1619 5483 ‘27.
1700 5433 1743 5463 ιθ
1776 5437 1905 5490 una.
1935 5419 2020 5491 13.

1492 5544 1662 5602 νὲὶῐὶὶρ
1703 5547 1966 5609 lectiones
1987 5551 2190 5610 codicis
2222 5553 2578 5624 Seguicriani.

2181 5370 2223 5400 ει
2260 5368 2362 5423 lsa.
2396 5384 2585 5435 sunt,
2620 5369 2701 5423 Η.
2817 5369 2861 5401 ⁶²
2890 5367 3043 5423 Joan.
3083 5380 3203 5436 vm,
3236 5367 3332 5423 40.

2100 5438 2144 5469 "’
2171 5437 2332 5494 Prov.
2366 5455 2441 5503 ιχ,
2474 5440 2525 5493 9.

483 5651 509 5682 ³
532 5637 691 5697 εἶναι.
765 5652 785 5674 ⁸
815 5644 1067 5710 διανοίας.
