3942 6128
382 245 413 299 τ
426 246 523 301 5Ξῦ

1402 237 1460 291 S.
1499 234 1768 291 CYRILLI
1810 235 2278 293 ALEXANDRINI
2318 234 2637 293 ARCHIEP.
2742 288 2750 297 ,
3492 229 3615 285 tm

380 358 717 423 altissimus;
747 357 891 429 quod
947 357 1267 413 vocabulum
1324 357 1657 413 sanctissimi
1715 358 1950 428 Spiritus

2062 359 2215 412 πάλιν
2261 356 2715 428 ἀνθυποστρόφιικς
2761 353 2987 424 εὑρήσει
3038 351 3181 406 κατά
3229 346 3489 422 σύλληψιν
3534 348 3618 400 τοῦ

379 456 601 507 denmat
634 464 920 518 personam
958 467 972 504 :
1010 450 1207 519 quippe
1238 449 1363 517 quia
1393 449 1562 504 Deum
1596 451 1769 518 ipsum
1801 457 1951 503 natu-

380 543 569 596 raliter
631 556 751 595 esse
810 543 924 595 tunc
974 556 1075 594 nos
1100 541 1268 594 dictio
1310 540 1706 610 periphrastice
1751 541 1948 597 docet:

382 635 511 687 nihil
542 634 684 687 enim
718 643 801 687 est
827 632 972 686 aliud
1002 631 1310 698 altissimus,
1331 646 1491 700 quam
1515 632 1737 686 omnino
1760 641 1952 701 suapte

382 735 576 777 natura
616 721 775 776 Deus.
810 720 944 774 Cum
1007 721 1123 774 haec
1157 720 1321 790 igitur
1352 735 1382 773 a
1420 719 1534 773 Deo
1587 718 1731 773 facta
1790 718 1953 773 fuerit

381 814 698 883 patriarchae
718 810 1189 875 transnominatio,
1207 809 1628 880 deprehenditur
1644 809 1951 872 manifeste,

375 906 579 974 jamdiu
609 904 869 972 Scriptum
918 910 1504 971 praemonstratumque
1548 900 1715 955 fuisse
1754 909 1952 953 sancta!

379 1010 593 1065 quoque
641 992 923 1047 Trinitatis
975 991 1250 1048 ineﬂ'abile
1314 1007 1539 1061 prorsus
1587 1004 1954 1059 arcanumque

379 1089 607 1154 dogma;
663 1084 954 1139 manifeste
1023 1084 1267 1151 omnino,
1325 1084 1374 1137 vi
1447 1084 1615 1153 ipsius
1683 1082 1952 1145 vocabuli,

378 1176 788 1229 detnonstrante
830 1190 893 1228 ac
932 1174 1271 1242 signiﬁcante
1331 1175 1669 1244 inysticeque
1722 1187 1823 1228 nos
1854 1172 1952 1226 do-

381 1274 535 1320 cente
584 1264 802 1318 Patrem
824 1261 1084 1318 etFilium
1112 1274 1168 1318 et
1230 1273 1480 1318 sanctum
1538 1263 1802 1333 Spiritum
1837 1264 1953 1332 ipsa

379 1356 673 1411 Abrahami
739 1352 1119 1423 appellatione,
1182 1353 1339 1424 juxta
1392 1354 1592 1409 Christi
1650 1354 1957 1409 Servatoris

381 1446 549 1501 nostri
612 1446 663 1500 in
719 1445 1019 1516 theologico
1070 1460 1322 1501 sermone
1377 1446 1715 1514 perspicuam
1768 1443 1955 1514 appri-

382 1550 470 1592 me
539 1535 1059 1602 denominationem,
1114 1536 1580 1594 enumerationem
1662 1552 1727 1592 ac
1799 1536 1958 1592 tradi-

382 1626 581 1684 tionem
615 1627 692 1699 (l)

2052 447 2218 503 αὐτοῦ
2260 467 2311 519 ρ,
2349 451 2610 519 σημαῖνον
2655 446 2949 514 ὕψιστος·
2986 441 3351 515 ἑρμηνεύεται
3385 439 3494 510 γὰρ
3534 438 3620 510 δη-

2053 540 2223 593 λονότι
2251 541 2310 592 τὸ
2337 539 2479 609 μὰρ,
2514 522 2805 606 ὕψιστος-⁸
2840 538 2975 604 ὅπερ
3009 532 3106 587 τοῦ
3161 530 3427 599 παναγίου
3461 529 3623 581 Ilvati-

2056 647 2222 700 ματος
2253 630 2548 683 αἰνίττεται
2577 627 2674 695 τὴν
2704 626 3000 679 ὑπόστασιν
3019 641 3032 654 ·
3073 622 3207 676 Θεὸν
3255 621 3418 675 αὐτὸν
3456 637 3623 689 πεφυ-

2054 718 2206 771 κέναι
2253 717 2348 771 καὶ
2396 713 2535 769 εἶναι
2591 712 3033 784 περιφραστικῶς
3081 712 3231 783 ἡμᾶς
3280 706 3625 776 διδασκούσης

2052 809 2153 878 τῆς
2181 807 2378 873 λέξεως
2401 824 2414 837 ·
2442 797 2593 861 οὐδὲν
2624 806 2735 877 γὰρ
2765 806 2950 877 ἓτερον
2997 805 3026 857 ό
3066 803 3329 871 ὕψιστος
3371 799 3624 868 πέφυκεν,

2053 897 2229 968 ἀλλ’ἢ
2280 899 2497 960 πάντως
2540 896 2682 950 κατά
2722 896 2882 967 φύσιν
2929 895 3084 958 Θεός.
3132 891 3350 962 Ταύτης
3402 886 3495 945 οὖν
3530 889 3628 944 {me

2054 989 2189 1043 Θεοῦ
2218 989 2298 1060 τῷ
2328 989 2639 1060 πατριάρχῃ
2663 988 2908 1058 δοθείσης
2938 984 3373 1054 ἀντωνομασίας,
3406 981 3625 1053 εὓρηται

2058 1080 2243 1149 σαφῶς
2274 1079 2763 1151 προγεγραμμένον
2806 1095 2869 1131 τε
2898 1078 2992 1130 καὶ
3031 1074 3509 1148 προδεδηλωμένον
3541 1072 3627 1125 καὶ

2056 1172 2117 1228 τὸ
2142 1173 2241 1243 τῆς
2274 1172 2435 1241 ἁγίας
2465 1171 2696 1243 Τριάδος
2735 1168 3178 1239 ἀπορρητότατον
3220 1165 3313 1217 καὶ
3360 1160 3626 1234 μυστικὼ-

2056 1282 2216 1318 τατον
2249 1263 2446 1333 δόγμα,
2482 1262 2668 1332 σαφῶς
2706 1259 2765 1325 ἐξ
2798 1261 3056 1329 ὀνόματος
3099 1257 3321 1326 Πατέρα
3370 1255 3463 1307 καὶ
3510 1253 3628 1306 Υίὺν

2058 1358 2153 1409 καὶ
2181 1354 2334 1423 ἆγιον
2371 1353 2595 1423 Πνεῦμα
2625 1352 2997 1422 ὲμφαινούσης
3024 1349 3118 1402 καὶ
3145 1345 3514 1419 σημαινούσης
3535 1344 3624 1398 καὶ

2062 1443 2527 1516 μυσταγωγούσης
2549 1444 2647 1514 τῆς
2674 1442 2768 1496 τοῦ
2807 1439 3057 1513 Ἀδραὰμ
3082 1436 3475 1512 προσηγορίας,
3500 1434 3629 1490 κατὰ

2058 1536 2155 1608 τὴν
2184 1536 2277 1590 τοῦ
2328 1535 2565 1606 Χριστοῦ
2596 1535 2690 1588 καὶ
2734 1535 2986 1604 Σωτῆρος
3014 1530 3173 1602 ήμῶν
3201 1530 3295 1583 ἐπὶ
3320 1529 3426 1600 τῆς
3463 1528 3629 1582 θεολο-

2060 1627 2184 1696 γίας
2215 1626 2607 1699 ἀριδηλοτάτην
2649 1623 2942 1695 ὀνομασίαν
2980 1623 3073 1676 καὶ
3116 1620 3497 1692 ἀπαρίθμησιν
3544 1618 3631 1675 καὶ

1990 1714 2032 1768 Β
2062 1717 2382 1789 παράδοσιν.

1044 1969 1308 2009 Αονειιευε
1344 1968 1443 2009 eos
1480 1969 1567 2017 om
1602 1968 1801 2008 NEGANT
1839 1965 2183 2007 orrensxnuu
2226 1967 2346 2007 esse
2382 1967 2483 2007 uno
2523 1966 2807 2007 DEFUNCTIS
2846 1950 2942 2023 (2).

382 2091 811 2166 Sapientiss'imus
828 2086 1060 2158 Cyrillus
1086 2094 1136 2166 et
1171 2085 1546 2166 A_letcandriute
1572 2084 1949 2166 urbis_e_pisco-

451 2155 550 2233 pus
580 2168 631 2217 in
661 2155 897 2215 oratione
920 2174 1018 2233 sua
1042 2158 1125 2209 cui
1184 2156 1391 2209 titulum
1422 2157 1543 2233 fecit
1572 2171 1588 2209 :
1624 2172 1645 2233 ι
1693 2155 1956 2233 Adversus

450 2224 537 2291 eos
563 2232 652 2314 qui
672 2237 867 2314 audent
895 2228 1096 2314 dicere,
1125 2240 1229 2279 non
1259 2241 1368 2279 esse
1402 2225 1736 2314 .aﬂerenduin‘
1756 2238 1850 2305 pro
1889 2224 1956 2276 iis

356 2347 360 2350 .
448 2305 538 2376 qui
570 2296 624 2376 in
671 2300 787 2376 ﬁde.
808 2297 1222 2376 obdorntiet'unt,
1254 2312 1273 2347 ι
1302 2305 1349 2349 ει
1397 2296 1603 2364 incipit,
1637 2312 1654 2345 ι

447 2367 636 2429 ruentis
669 2367 877 2425 oculum
903 2367 1157 2435 dirigunt.
1190 2383 1208 2417 ι

445 2550 564 2607 Non
591 2546 946 2604 inclementer
977 2542 1160 2613 itaque
1208 2540 1318 2595 illis
1370 2540 1601 2596 dicimus
1633 2558 1645 2594 :
1677 2539 1952 2595 lnstituite

380 2645 624 2699 animum
656 2640 722 2692 ad
774 2634 1122 2707 cogitandum
1151 2634 1218 2688 de
1242 2632 1492 2688 Domino.
1527 2631 1713 2687 Finem
1771 2631 1952 2701 ponite

378 2727 628 2785 veritatis
683 2724 1023 2794 dogmatibus
1060 2721 1320 2776 audacem
1378 2721 1801 2790 mendacemque
1848 2718 1954 2773 tin-

378 2833 538 2892 guam
591 2813 915 2887 opponendi.
971 2811 1160 2867 Finem
1237 2812 1422 2883 ponite
1494 2812 1633 2866 ritus
1700 2810 1954 2866 Ecclesiae

380 2921 584 2965 temere
609 2904 960 2962 criminandi.
989 2902 1176 2972 Neque
1221 2902 1365 2958 enim
1401 2901 1646 2966 addecet,
1676 2901 1952 2973 inquiunt,

1692 2294 1794 2358 Qui
1846 2308 1956 2346 sua:
2038 2348 2043 2351 .

2059 2084 2358 2151 Κύριλλος
2409 2087 2441 2138 ό
2479 2080 2824 2150 σοφώτατος
2866 2077 2983 2151 καί
3023 2078 3136 2148 τῆς
3204 2075 3629 2151 Ἀλεξανδρέων

2132 2147 2367 2217 πόλεως
2401 2147 2737 2216 ἐπίσκοπος
2762 2153 2832 2204 ἐν
2856 2152 2937 2215 τῷ
2963 2147 3433 2218 ἐπιγεγραμμένῳ
3470 2148 3629 2218 λόγῳ

2130 2214 2356 2276 aurai};
2421 2242 2441 2273 ι
2490 2221 2646 2290 Πρὸς
2698 2214 2841 2285 τοὺς
2889 2214 3497 2289 τολμῶνέᾶς-οἶέΐεινι
3547 2214 3632 2290 μὴ

2130 2291 2259 2346 δεῖν
2279 2285 2576 2360 ὑπὲρ]ᾶῆ
2595 2285 2663 2344 ἐν·
2687 2291 2886 2343 πίστει
2913 2285 3362 2360 κεξοιμημέζωνέ
3380 2285 3635 2360 προσςέ-

2124 2379 2277 2430 ρειν,
2315 2380 2334 2412 ι
2378 2356 2450 2417 οὗ
2489 2361 2526 2427 ἠ
2560 2360 2714 2429 ἀρχή
2737 2376 2750 2390 υ
2793 2378 2811 2410 t
2847 2362 2912 2412 Οἱ
2949 2356 3333 2425 τῆςίὲαυτῶεν
3374 2356 3635 2421 διανοίας

2128 2432 2238 2485 τὸν
2257 2430 2570 2500 ὀφθαλμὸν
2598 2430 3061 2493 ἀπευθύνοντες.
3092 2445 3115 2481 ι

2133 2542 2380 2615 Δὲγομεν
2431 2543 2610 2598 τοίνυν
2672 2532 3005 2609 ἀνεξικάκως
3060 2543 3274 2605 αὐτοῖς·
3329 2542 3634 2613 Φρονήσατε

2056 2637 2187 2706 περὶ
2216 2633 2310 2688 τοῦ
2365 2637 2594 2705 Κυρίου.
2652 2634 2941 2687 Παύσασθε
2970 2635 3080 2698 τοῖς
3126 2633 3228 2702 τῆς
3260 2633 3524 2703 ἀληθείας
3557 2632 3638 2687 δό-

2057 2742 2231 2797 γμασι
2263 2724 2359 2798 τὴν
2406 2725 2548 2779 οὕτω
2599 2724 2855 2797 θρασεῖαν
2904 2725 2997 2779 καὶ
3064 2725 3408 2796 ψευδηγόρον
3456 2722 3640 2789 ἀντεξ-

2059 2819 2282 2887 άγοντες
2344 2817 2610 2886 γλῶτταν.
2668 2816 2955 2870 Παύσασθε
2982 2818 3094 2880 τοῖς
3147 2815 3254 2885 τῆς
3315 2816 3640 2887 Ἐκκλησίας

2058 2909 2235 2963 ἔθεσιν
2286 2909 2649 2980 ἐπιτιμῶντες
2703 2906 2966 2971 ἀϐούλως.
3009 2908 3101 2978 Μὴ
3159 2908 3271 2979 γάρ
3328 2907 3399 2977 δὴ
3448 2905 3640 2979 χρῆναί

378 3014 476 3053 nos
501 2998 567 3050 ad
605 2997 717 3066 ipsa
747 2992 994 3064 sepulcra
1052 3005 1377 3061 progressos
1402 3005 1501 3061 pro
1532 2992 1600 3047 iis
1623 2992 1713 3060 qui
1760 2991 1951 3047 obdor-

2062 3016 2246 3071 φασιν,
2278 3000 2364 3052 ἐπ’
2396 2999 2576 3054 αὐτῶν
2607 3001 2755 3070 ἡμᾶς
2807 2998 2981 3063 ἱέντας
3023 2998 3132 3052 τῶν
3179 3000 3503 3069 μνημάτων,
3545 2998 3637 3060 τάς

377 3093 637 3155 mierunt,
667 3096 789 3142 vota
838 3084 1101 3156 supplicia
1143 3084 1369 3140 fundere
1429 3083 1754 3155 oﬁ‘erreque,
1788 3094 1842 3140 et
1868 3085 1951 3140 in-

378 3192 533 3238 tento
595 3179 760 3233 etiam
825 3179 1029 3243 animo,
1060 3175 1282 3230 Christo
1341 3175 1506 3229 veluti
1555 3178 1803 3243 praesenti
1857 3190 1956 3246 per

375 3279 620 3327 sanctum
640 3279 695 3324 et
715 3268 1000 3339 mysticum
1025 3265 1374 3322 sacriﬁcium.
1397 3264 1465 3318 Et
1485 3268 1666 3335 paucis
1693 3268 1910 3323 annexis
1933 3283 1952 3321 :

380 3364 521 3433 Quid
552 3377 684 3434 ergo
716 3360 933 3415 absurdi
989 3356 1181 3425 fuerit,
1212 3372 1442 3427 corpore
1487 3356 1768 3413 Christum
1813 3374 1952 3430 pra:-

378 3465 585 3512 sentem
607 3452 792 3523 proiis
839 3449 1015 3520 quiin
1069 3447 1173 3503 ﬁde
1220 3448 1951 3521 obdormierunt,supplica-

382 3547 556 3602 tiones
581 3543 830 3611 accipere
854 3542 878 3595 ?
907 3539 1116 3594 Etenim
1141 3539 1186 3593 si
1216 3539 1349 3594 nulli
1405 3541 1695 3596 commodo
1720 3550 1826 3607 est,
1855 3543 1953 3598 sed

379 3651 507 3691 vere
532 3648 730 3688 vanum
754 3643 916 3702 atque
940 3630 1130 3685 inutile
1163 3629 1453 3686 oblationis
1510 3640 1709 3687 nostra!
1744 3646 1841 3688 eos
1870 3632 1953 3688 di-

377 3742 514 3798 gnos
547 3725 749 3791 facere,
786 3724 838 3778 id
869 3736 1044 3792 neque
1078 3722 1132 3777 in
1181 3721 1521 3791 simplicibus
1581 3723 1786 3779 nostris
1826 3737 1952 3792 pre-

378 3820 685 3874 cationibus
714 3816 888 3872 locum
932 3814 1150 3869 habeat.
1190 3812 1328 3867 Tum
1379 3813 1646 3883 siquidem
1678 3815 1950 3885 quispiam

364 3910 670 3975 dummodo
704 3909 854 3973 velit,
899 3905 1178 3972 sacriﬁcii,
1204 3905 1345 3975 quod
1400 3919 1498 3974 pro
1540 3906 1614 3960 iis
1637 3905 1948 3973 conﬁcitur,

377 3999 703 4072 superfluum
732 3999 1009 4068 depurget.
1031 3995 1183 4062 Quod
1206 3994 1275 4059 si,
1296 3994 1577 4049 charitatis
1598 3994 1807 4064 legibus
1830 4010 1952 4051 con-

378 4091 628 4155 culcatis,
662 4091 808 4159 quod
855 4087 933 4142 illi
986 4090 1042 4142 in
1080 4084 1229 4141 nulla
1277 4086 1419 4155 apud
1456 4100 1552 4140 vos
1586 4086 1949 4143 aestimatione

378 4193 526 4249 sunt,
553 4192 608 4236 et
632 4196 725 4237 eos
753 4178 1081 4248 relinquitis,
1115 4188 1174 4232 ut
1196 4178 1375 4233 modis
1402 4178 1657 4233 omnibus
1683 4176 1950 4234 suﬁ‘ocen-

377 4284 488 4340 tur,
521 4272 725 4343 lapides
756 4286 856 4326 nos
897 4271 1024 4325 'duri
1072 4278 1239 4339 atque
1292 4269 1572 4325 inhumani
1602 4270 1807 4341 absque
1839 4270 1946 4325 ulla

373 4364 715 4421 haesitatione
740 4360 1094 4417 ostendimur.
1115 4358 1253 4425 Quid
1290 4358 1511 4428 impedit
1542 4373 1608 4413 ne
1631 4373 1753 4413 cum
1776 4361 1952 4429 preci-
1982 4353 2028 4411 Ι)

374 4456 478 4513 bus
506 4470 605 4527 pro
640 4454 746 4509 illis
783 4453 918 4507 fusis
970 4466 1074 4506 una
1105 4464 1290 4505 secum
1330 4452 1634 4505 convehant
1679 4461 1733 4506 et
1777 4453 1949 4508 sacri-

374 4548 557 4602 ﬁcium
594 4565 609 4602 :
647 4543 842 4613 et'qui
898 4543 952 4598 id
1000 4541 1181 4598 facere
1219 4541 1324 4596 sibi
1371 4551 1698 4611 proponunt,
1748 4542 1948 4600 obiatis

375 4636 592 4691 auxiliis
620 4649 807 4690 eorum
834 4631 1048 4687 animas
1077 4629 1310 4699 iuvent?
1339 4629 1409 4684 Et
1438 4647 1659 4685 rursus:
1681 4631 1814 4687 Cum
1845 4634 1945 4687 ita-

376 4742 480 4799 que
506 4740 607 4795 pro
636 4722 906 4779 defunctis
937 4720 1207 4778 sacriﬁcia
1236 4731 1291 4776 et
1324 4736 1516 4791 preces
1547 4718 1846 4789 oderimus,
1880 4738 1947 4780 ne

373 4819 496 4890 quis
555 4816 712 4870 nobis
765 4816 969 4870 crimen
1034 4814 1304 4884 appingat.
1365 4812 1501 4871 Dum
1555 4813 1944 4884 supplicamus,

373 4924 535 4980 quam
590 4905 852 4976 optimum
919 4919 1082 4974 super
1132 4904 1251 4962 illos
1309 4903 1490 4959 facere
1546 4920 1827 4971 conamur,
1853 4921 1950 4975 per

375 5000 518 5070 quod
571 4997 640 5054 ad
698 4993 1067 5050 miserandum
1128 4995 1431 5063 promptior
1491 4993 1655 5049 Pater
1705 4997 1944 5049 accedet.

374 5093 518 5150 Mors
545 5092 708 5148 etiam
741 5088 857 5158 ipsa
893 5087 1208 5157 abrogatur.
1244 5085 1310 5141 Et
1356 5087 1545 5139 iterum
1575 5101 1592 5138 :
1622 5085 1773 5141 Licet
1802 5086 1947 5142 enim

373 5202 403 5239 e
432 5185 664 5241 terrenis
694 5181 1016 5251 corporibus
1087 5186 1243 5232 extra
1291 5177 1448 5233 facta
1488 5186 1615 5233 sunt
1668 5177 1947 5235 defuncto-

375 5289 495 5327 rum
519 5273 733 5338 animie,
762 5269 1117 5325 nihilominus
1141 5267 1386 5322 viventes
1405 5266 1581 5322 adhuc
1627 5278 1948 5337 reputantur

479 5426 528 5494 l)
566 5423 691 5478 Hmc
718 5425 851 5479 mihi
891 5423 1133 5494 clausula
1170 5421 1631 5494 subobscuraest.

479 5428 528 5494 l)
566 5428 691 5478 limo
718 5428 851 5479 mihi
891 5428 1133 5479 clausula
1170 5428 1502 5476 subobscura
1528 5429 1631 5475 est.

451 5428 529 5566 fit)
554 5494 627 5566 Ex
654 5494 935 5566 Eustratii.
992 5491 1299 5566 presbyteri
1336 5490 1441 5543 (ΣΡ.
1465 5531 1482 5556 ,
1519 5491 1658 5546 libro
1705 5492 1952 5566 adversus

383 5562 470 5617 eos
501 5562 588 5633 qui
621 5564 796 5614 dicunt
825 5562 1029 5616 animas
1067 5563 1265 5633 statim
1286 5570 1443 5633 atque
1466 5576 1493 5613 e
1522 5577 1737 5633 corpore
1765 5562 1954 5633 solum:

383 5630 527 5702 sunt,
564 5649 667 5687 non
698 5633 924 5700 aperari,
967 5646 1126 5701 neque
1183 5630 1368 5685 oblatis
1414 5646 1506 5698 pro
1545 5631 1607 5683 iis
1641 5632 1878 5701 precibus
1907 5642 1955 5688 et

2056 3091 2199 3161 ὑπέρ
2225 3106 2289 3159 γε
2321 3090 2430 3144 τῶν
2460 3089 2876 3162 κεκοιμημένων
2911 3090 3374 3157 ποιεῖσθαιλιτάς,
3408 3106 3634 3162 προσκο-

2059 3181 2234 3252 μίζειν
2261 3197 2341 3246 τε,
2375 3181 2470 3235 καὶ
2504 3180 2715 3251 μεγάλα
2746 3182 3030 3253 ἐμφρόνως
3057 3183 3221 3237 οἱονεὶ
3250 3178 3481 3255 παρόν-ἐι
3509 3184 3641 3254 Χρι-

2056 3271 2165 3343 στῷ
2210 3271 2298 3326 διὰ
2345 3272 2444 3342 τῆς
2475 3273 2636 3342 ἁγίας
2684 3274 2778 3327 καὶ⁸
2814 3274 3084 3345 μυστικῆς
3112 3274 3329 3339 θυσίας.
3381 3276 3489 3329 Καὶ
3508 3277 3642 3344 μετ’

2055 3363 2250 3432 ὀλίγα*
2288 3362 2353 3416 Τί
2383 3362 2514 3432 γοῦν
2544 3364 2660 3417 ἐστι
2689 3363 2750 3417 τὸ
2779 3363 2977 3419 ἄτοπον
3011 3366 3105 3419 καὶ
3136 3367 3464 3436 σωματικῶς
3492 3382 3640 3438 παρ-

2053 3455 2182 3508 όντα
2209 3455 2444 3526 Χριστὸν
2469 3455 2567 3519 τὰς
2601 3456 2743 3527 ὑπὲρ
2771 3455 2879 3509 τῶν
2910 3458 2968 3509 ὲν
3000 3456 3179 3510 πίστει
3216 3458 3643 3531 κεκοιμημένων

2053 3544 2305 3616 δέχεσθαι
2333 3545 2519 3613 λιτάς;
2553 3549 2615 3600 Ei
2653 3549 2752 3619 μὲν
2780 3549 2889 3620 γάρ
2923 3550 3069 3603 ἔστιν
3106 3550 3412 3620 ἀνωφελὲς,
3442 3552 3542 3605 καὶ
3567 3552 3643 3605 εί-

2053 3642 2208 3694 καῖον
2241 3639 2431 3704 ὅντως,
2466 3641 2500 3710 ἢ
2549 3641 2644 3694 καὶ
2689 3641 2923 3705 ἀκαλλὲς
2970 3643 3174 3714 ἑτέρως
3212 3643 3279 3697 τὸ
3322 3647 3647 3715 προσφορᾶς

2053 3730 2249 3794 αὐτοὺς
2296 3729 2576 3794 ἀξιοῦσθαι
2634 3730 2735 3801 τῆς
2781 3733 2912 3804 παρ’
2952 3733 3130 3803 ἡμῶν,
3167 3734 3302 3805 μηδὲ
3342 3736 3405 3788 ὲν
3449 3736 3647 3797 ἁπλαῖς

2052 3820 2209 3874 τοῦτο
2238 3820 2473 3890 γινέσθω
2502 3825 2850 3893 προσευχαῖς.
2881 3824 3013 3876 Τότε
3042 3824 3107 3895 δὴ
3136 3825 3259 3877 τότε
3293 3825 3647 3896 καθαριζέτω

2051 3926 2154 3975 τις,
2188 3911 2237 3963 εί
2277 3908 2538 3975 βούλοιτο,
2569 3909 2668 3979 τῆς
2712 3911 2799 3964 ἐπ’
2847 3912 3030 3976 αὐτοῖς
3072 3911 3409 3986 τελουμένης
3454 3912 3646 3978 Basia;

2050 3999 2112 4052 τὸ
2140 4000 2415 4071 περιττόν.
2467 4002 2531 4054 Ei
2560 3999 2617 4053 δὲ
2646 4002 2737 4055 τὸν
2765 4002 2862 4074 τῆς
2892 4002 3113 4073 ἀγάπης
3158 4004 3645 4076 καταθρασύνεται

2052 4090 2213 4162 νόμον
2257 4091 2320 4145 τὸ
2341 4091 2407 4145 δι’
2450 4093 2658 4156 οὐδενὸς
2686 4093 2812 4156 τοὺς
2840 4092 3060 4146 ἐκείνων
3104 4092 3317 4162 λόγους,
3353 4097 3454 4149 καὶ
3483 4097 3549 4150 τό
3580 4112 3647 4165 γε

2053 4181 2322 4236 ποιεῖσθαι
2351 4185 2431 4247 είς
2466 4183 2610 4238 ἅπαν
2639 4186 2733 4257 ὲᾷν
2761 4184 3211 4253 καταπνίγεσθαι,
3241 4183 3433 4251 λίθους
3472 4187 3647 4257 σκλη-

2053 4275 2180 4345 ροὺς
2211 4276 2304 4329 καὶ
2338 4276 2840 4348 ἀφιλοικτίρμονας,
2892 4276 3280 4348 ἀναμφιλόγως
3312 4277 3646 4333 ἀποδεικνύ-

2054 4384 2223 4422 ουσιν.
2265 4368 2330 4421 Τί
2364 4368 2424 4421 τὸ
2465 4368 2675 4423 κωλῦον
2718 4370 2836 4423 ἐστὶ
2864 4370 2963 4441 τῆς
3010 4368 3152 4441 ὑπὲρ
3186 4370 3371 4423 αὐτῶν
3403 4388 3648 4443 προσευ·

2054 4459 2179 4527 χαῖς
2209 4457 2757 4529 συνανακομίζεσθαι,
2784 4458 2883 4530 τὴν
2929 4457 3140 4522 θυσίαν,
3176 4460 3273 4512 καὶ
3318 4462 3449 4526 τοὺς
3481 4461 3647 4516 τοῦτο

2052 4547 2185 4619 δρᾷν
2234 4549 2542 4619 ᾑρημένους
2588 4550 2706 4612 ταῖς
2754 4550 3230 4622 προσφερομέναις
3281 4553 3641 4624 ἐπικουρίαις

2053 4637 2150 4701 τὰς
2180 4638 2402 4693 ἐκείνων
2434 4638 2612 4710 ψυχὰς
2639 4639 2868 4707 ὠφελεῖν
2897 4640 3251 4710 ὲπείγεοθαι;
3281 4642 3398 4695 Kal
3426 4643 3647 4697 adh!"

2056 4729 2225 4782 Ὅταν
2275 4728 2454 4783 τοίνυν
2489 4731 2892 4803 προσφέρωμεν
2936 4730 3016 4803 τῷ
3049 4730 3169 4802 Θεῷ
3215 4733 3316 4796 τὰς
3358 4734 3506 4805 ὑπὲρ
3535 4733 3647 4786 τῶν

2054 4820 2458 4890 κατοιχομένων
2479 4819 2692 4885 θυσίας,
2723 4823 2819 4875 καὶ
2848 4823 3178 4894 προσευχὰς,
3225 4824 3503 4878 αἰτιάσθω
3538 4841 3648 4895 μη-

2054 4909 2184 4971 δείς.
2386 4910 2586 4981 τρόπον
2626 4882 2792 4982 εὐχῆς
2832 4882 2906 4964 τὸ.
2944 4882 3277 4981 πανάρίστον
3321 4913 3414 4965 ἐπ’

2056 5000 2325 5053 ποιεῖσθαι
2356 5000 2747 5069 σπουδάζομεν,
2777 5001 2845 5055 δι’
2873 4997 2937 5057 οὗ
2968 5002 3166 5070 γένοιτ’
3194 5002 3262 5057 ἂν
3290 4982 3673 5076 ἑτοιμότερα-τέ

2055 5090 2133 5154 είς
2159 5088 2222 5143 τὸ
2275 5088 2442 5143 ἐλεεῖν
2469 5092 2498 5143 ό
2527 5091 2738 5162 Πατήρ.
2770 5092 3143 5163 Καταργεῖται
3174 5092 3232 5146 δὲ
3276 5095 3373 5148 καὶ
3419 5095 3589 5157 αὐτὸς
3615 5094 3679 5169 ὁι

2057 5179 2303 5244 θάνατος.
2345 5181 2454 5236 Kal
2501 5181 2725 5237 πάλινο
2758 5183 2927 5237 Ὅταν
2979 5183 3090 5255 γὰρ
3135 5183 3238 5239 κᾶν
3271 5186 3321 5239 εί
3372 5185 3488 5240 τῶν
3532 5186 3649 5240 ἀπὸ

2054 5270 2159 5342 γῆς
2190 5272 2456 5343 σωμάτων
2485 5271 2590 5338 ἔξω
2615 5273 2902 5343 γεγόνασιν
2949 5275 3006 5327 αἱ
3034 5274 3145 5330 τῶν
3181 5276 3500 5331 τεθνεώτων
3539 5277 3647 5348 ψυ-

2052 5424 2173 5498 aliis
2227 5426 2375 5498 bonis
2399 5427 2661 5498 operibus
2702 5426 2905 5496 iuuari,
2940 5427 3128 5498 Grrtece
3153 5437 3208 5485 et
3248 5428 3447 5483 Latine
3490 5428 3642 5498 apud

2053 5493 2224 5566 Leon.
2249 5493 2531 5561 Allatium,
2561 5496 2638 5551 De
2661 5493 2935 5566 utriusque
2970 5497 3241 5561 Ecclesia,
3267 5493 3641 5554 Occidui-li:

2053 5573 2103 5617 et
2153 5564 2465 5631 Orientalis,
2513 5576 2762 5633 perpetua
2809 5564 2865 5619 in
2909 5569 2976 5622 do

2055 5573 2103 5617 et
2153 5569 2465 5631 Orientalis,
2513 5576 2762 5633 perpetua
2809 5569 2865 5619 in
2909 5569 3153 5636 damnate
3194 5569 3260 5623 de
3313 5569 3642 5642 purgator“

2055 5637 2415 5704 consensione,
2448 5650 2504 5706 p.
2536 5634 2660 5694 571.
2698 5635 2884 5694 Romae
2930 5638 3072 5694 i655
3110 5637 3253 5694 iri-8.
