3942 6128
309 305 452 367 “’25

1498 295 1922 356 FRAGMENTA
1963 295 2379 358 DOGMATICA.

3421 308 3442 364 1
3455 309 3558 364 -ίὲϐ

308 425 424 494 χαὶ,
453 417 568 472 ἀλλ’
599 417 654 472 ἐν
687 415 850 482 ζῶσιν
877 415 956 470 ἔτι
985 413 1288 485 λογίζονται
1339 415 1487 486 παρά
1514 413 1592 486 τῷ
1619 413 1759 479 Θεῶ,
1791 413 1876 476 τίς

2008 416 2123 484 .pud
2151 417 2344 472 Deum.
2375 416 2508 486 Quis
2536 419 2639 477 hoc
2667 433 2915 477 asserere
2946 421 3258 478 recusabit?
3289 423 3352 478 Et
3377 435 3560 494 paucts

307 515 337 566 ὁ
368 511 532 581 φάναι
565 507 1033 581 παραιτούμενος;
1089 506 1200 561 Kal
1237 504 1364 577 μετ’
1394 505 1590 575 ὀλίῃαο
1634 503 1886 559 Ἐννοιῶν

309 603 418 674 ἄρα
449 601 626 670 σοφῶν
654 618 713 654 τε
744 601 838 674 καὶ
865 597 1084 668 ἀγαθῶν
1113 599 1172 653 οὐ
1216 595 1452 670 μετρίως
1497 595 1887 668 ἡμαρτηκότας

310 694 515 750 κατίδοι
542 710 627 756 τις
653 692 719 746 ἂν
747 693 874 754 τοὺς
889 691 1211 762 ἀποστερεῖν
1239 689 1524 752 ἐθέλοντας
1550 689 1678 751 τοὺς
1707 703 1888 740 κεκοιο

314 785 590 858 μημένους
636 785 730 838 καὶ
759 784 948 849 θυσίας
979 785 1077 856 τῆς
1111 783 1398 855 μυστικῆς,
1429 782 1525 837 καὶ
1553 780 1655 852 τῆς
1683 779 1890 836 ἄνωθεν

311 876 666 946 ἡμερότητος.
694 874 838 928 Ζῶσι
870 874 1000 947 γὰρ,
1030 874 1105 936 ὼς
1125 873 1284 946 ἔφην,
1313 872 1374 926 τό
1391 889 1455 942 γε
1483 873 1540 926 ὲν
1557 871 1727 925 εἰκόνι
1751 869 1888 924 Θεοῦ

315 967 506 1039 ὥσπερ
527 966 742 1021 οὐδέπω
757 965 942 1036 ζήσειν
973 965 1277 1036 μέλλοντες,
1311 963 1406 1018 καὶ
1433 961 1584 1032 αὐτῷ
1613 961 1671 1015 δὲ
1703 960 1891 1016 συνόν-

313 1074 405 1121 τες
433 1054 672 1129 Χριστῷ.
700 1056 809 1110 Kal
835 1053 962 1124 μετ’
979 1055 1172 1122 ὀλίγα,
1189 1053 1304 1121 τὴν
1327 1051 1434 1106 τοῦ
1469 1051 1590 1106 Ἱὼὸ
1609 1051 1758 1118 ὑπὲρ
1775 1048 1892 1104 τῶν

315 1148 540 1203 τέκνων
568 1145 975 1216 παραθέμενος
1005 1145 1244 1199 θυσίανο
1267 1143 1418 1212 φησι
1438 1142 1569 1214 γὰρ,
1603 1143 1724 1195 ὅτι·
1760 1142 1890 1196 Ἁπ-

315 1240 606 1296 ἐστελλεν
631 1238 778 1305 Ἰὼϐ,
814 1239 912 1293 real
952 1235 1294 1306 ἐκαθάριζεν
1325 1235 1546 1300 αὐτοὺς
1572 1233 1892 1303 ἀνιστάμε-

315 1350 424 1400 νος
457 1331 534 1398 τῷ
571 1331 740 1400 πρωῒ,
771 1329 869 1384 real
897 1328 1252 1399 προσφέρων
1268 1327 1419 1398 ὑπὲρ
1449 1325 1650 1382 αὐτῶν
1678 1325 1896 1391 θυσίας

316 1424 470 1478 κατὰ
515 1421 623 1476 τὸν
669 1419 919 1491 ἀριθμὸν
958 1419 1174 1486 αὐτῶν,
1201 1439 1218 1471 ι
1256 1421 1352 1474 real
1397 1417 1892 1488 ἐπιφέρειλέγηωνυ

319 1513 528 1568 Οὐκοῦν
543 1513 644 1566 οὐκ
661 1511 962 1583 ἀπόϐλητον
980 1509 1131 1582 παρὰ
1145 1509 1262 1580 Θεῷ
1275 1512 1336 1564 τὸ
1352 1509 1500 1564 θύειν
1516 1509 1654 1580 ὑπὲρ
1670 1507 1893 1578 ἐτέρων,

323 1603 445 1656 οὐδὲ
471 1602 603 1673 δρᾷν
647 1601 862 1672 ἐφίησιν
912 1599 1277 1668 ἀνεγκλήτως.
1337 1599 1582 1652 Ἐπαινεῖ
1625 1597 1776 1666 γοῦν,
1821 1595 1898 1660 ὡς

318 1695 420 1764 οὐχ
444 1693 686 1764 ὑπάρχον
714 1691 1006 1762 ἀνωφελές.
1041 1687 1188 1746 Εἶτα
1209 1689 1396 1744 πάλιν
1421 1689 1536 1758 τὴν
1559 1691 1628 1762 ἐν
1650 1688 1727 1755 τῷ
1751 1689 1898 1744 κατὰ

322 1781 566 1839 Λουκᾶν
597 1782 942 1853 Εὐαγγελίφ
968 1781 1104 1851 περὶ
1135 1781 1240 1836 τοῦ
1266 1783 1612 1852 παραλύτου
1656 1783 1753 1837 real
1781 1781 1898 1836 τῶν

319 1873 722 1944 χαλασάντων
763 1871 951 1928 αὐτὸν
992 1873 1091 1926 διὰ
1127 1871 1248 1928 τῶν
1293 1874 1562 1943 κεράμων
1606 1873 1900 1944 ἐξηγησά-

314 1983 498 2036 μενος
531 1965 804 2033 ἱστορίαν
836 1981 900 2018 τε
937 1963 1036 2020 real
1068 1965 1566 2034 θαυματοιφγίαν,
1611 1964 1898 2034 ἐπιφέρει,

323 2053 425 2108 καί
450 2066 672 2122 φησιν’
725 2053 842 2106 Οὐκ
872 2051 1220 2122 ἀθαύμαστον
1255 2053 1404 2121 ἠφίει
1453 2055 1481 2105 ὁ
1526 2053 1760 2124 Χριστὸς
1791 2051 1900 2104 τῶν

323 2144 810 2218 προσκομισάντων
841 2143 940 2214 τὴν
969 2143 1170 2198 πίστιν.
1209 2143 1267 2196 '0
1291 2144 1347 2196 δὲ
1369 2143 1477 2197 τῶν
1508 2144 1684 2197 πόνων
1713 2143 1910 2197 ἐπλού-

322 2253 406 2289 τει
433 2236 530 2308 τὴν
555 2235 728 2299 λύσιν,
767 2235 863 2288 καὶ
891 2235 952 2286 τὸ
981 2235 1358 2306 ὲτερογνήσιον
1387 2236 1464 2298 είς
1495 2235 1769 2303 φιλοθεῖαν
1815 2235 1902 2286 εὐ-

329 2327 488 2399 μενῆ,
522 2326 616 2380 καὶ
647 2325 797 2396 φίλον
827 2325 974 2396 αὐτῷ
1005 2327 1392 2396 κατεστήσατο,
1411 2326 1500 2378 τὸν
1517 2324 1902 2394 ἐλευθεροῦντα

325 2417 561 2490 Χριστὸν
589 2415 1077 2488 πλημμελημάτων
1127 2432 1187 2468 τε
1233 2414 1366 2486 ὁμοῦ
1398 2417 1491 2469 καὶ
1533 2415 1901 2488 ἀρρωστημά-

326 2528 456 2565 των.
479 2508 586 2564 Καὶ
615 2504 786 2574 αὖθις
811 2509 943 2576 περὶ
976 2507 1079 2561 τοῦ
1111 2506 1552 2577 ἑκατοντάρχου
1573 2511 1906 2578 μνημονεύ-

323 2616 443 2669 σας
475 2601 582 2655 τοῦ
612 2603 681 2654 ἐν
703 2600 782 2666 τῷ
807 2601 960 2654 κατὰ
995 2599 1293 2653 Ματθαῖον
1323 2601 1666 2669 Εὺαγγελίῳ
1697 2600 1906 2670 λέγον-

324 2709 450 2760 τος.
488 2713 507 2746 ι
552 2693 747 2760 Κύριε,
788 2694 820 2745 ό
851 2690 992 2755 παῖς
1029 2708 1147 2759 μου
1170 2689 1460 2755 υϐέϐληται
1503 2690 1906 2758 παραλυτικὸς

325 2782 401 2837 ἐν
442 2779 518 2850 τῇ
577 2781 735 2846 οἰκίᾳ
788 2778 998 2845 δεινῶς
1045 2776 1550 2846 ,ϐασανιζόμενος-
1597 2778 1697 2833 real
1745 2777 1906 2846 λέγει

328 2869 522 2938 αὐτῷ’
565 2871 708 2941 Ἐγὼ
740 2870 934 2924 ἐλθὼν
967 2867 1314 2936 θεραπεύσω
1358 2869 1563 2922 αὐτόν.
1606 2870 1715 2923 Kal
1763 2871 1907 2924 arto-

327 2963 549 3034 κριθεὶς
579 2965 611 3015 ό
639 2956 1076 3028 ἑκατόνταρχος
1098 2961 1213 3028 ἔφη
1233 2978 1246 2991 ·
1277 2962 1468 3027 Κύριε,
1504 2963 1614 3014 οὐκ
1637 2962 1750 3030 εἰμί
1785 2965 1909 3014 trea-

1987 505 2273 575 interjectis
2290 523 2309 562 :
2340 507 2382 562 E
2403 508 2692 564 sententiis
2717 509 2901 581 itaque
2923 510 3082 568 bonis
3111 527 3176 567 ac
3203 513 3560 582 sapientibus,

1989 609 2090 650 nec
2119 596 2468 652 mediocriter
2521 597 2797 654 excidisse
2831 599 3064 670 quisque
3107 601 3414 672 compcriet
3443 617 3561 669 eos,

1989 685 2082 756 qui
2126 687 2456 744 dormientes
2519 697 2576 746 et
2631 687 2898 746 sacriﬁcio
2950 691 3178 761 mystico
3229 701 3285 747 et
3329 707 3564 764 superna

1991 777 2278 834 clementia
2305 780 2546 850 spoliare
2596 789 2889 836 conantur.
2922 782 3120 838 Vivunt
3167 785 3312 838 enim
3371 787 3562 854 vitam,

1991 885 2112 940 qua:
2151 871 2202 926 in
2227 871 2460 942 imagine
2485 871 2578 928 Dei
2610 873 2833 939 vivitur,
2863 881 2921 928 et
2949 860 3112 943 quam
3145 890 3364 941 semper
3408 878 3568 931 simul

1993 979 2114 1018 cum
2151 963 2370 1019 Christo
2417 965 2609 1020 victuri
2641 974 2792 1020 sunt.
2827 963 2892 1018 Et
2937 975 3051 1034 post
3097 983 3158 1035 pa
3174 983 3290 1030 νεα,
3317 968 3440 1021 ,1οὺὶ
3475 984 3568 1034 pro

1993 1055 2118 1123 ﬁliis
2169 1055 2434 1124 sacri/icio
2485 1055 2746 1126 apposito,
2799 1057 2998 1110 dicitur
3041 1058 3217 1111 enim:
3255 1075 3275 1107 ¢
3326 1057 3568 1110 Mittebat

1994 1145 2117 1210 Job,
2143 1155 2188 1200 et
2226 1145 2540 1216 puriﬁcabat
2589 1162 2697 1213 eos,
2728 1137 3215 1217 exsurgens‘mane,
3247 1157 3296 1200 et
3345 1148 3569 1218 o/ferens

1995 1253 2090 1306 pro
2137 1239 2209 1292 eis
2243 1239 2482 1293 victimas
2533 1239 2821 1294 secundum
2877 1255 3155 1294 numerum
3195 1233 3570 1302 eorum‘,sin-

1997 1329 2138 1398 fert:
2226 1329 2368 1398 Ergo
2395 1329 2662 1385 sacriﬁcia
2691 1327 2890 1384 oﬂ'erre
2935 1344 3033 1398 pro
3067 1328 3190 1383 aliis
3223 1344 3252 1383 a
3289 1328 3396 1384 Deo
3457 1345 3568 1383 non

1999 1420 2266 1489 rejicitur,
2299 1421 2440 1491 quod
2471 1421 2679 1491 absque
2699 1421 2929 1477 crimine
2961 1422 3076 1476 lieri
3111 1405 3399 1490 pcrmittit.
3429 1419 3572 1474 Latr-

2000 1514 2092 1570 dat
2146 1514 2312 1585 igitur
2369 1523 2624 1584 tanquam
2683 1513 2850 1568 utile?
2879 1512 3011 1568 Tum
3054 1513 3296 1582 deinceps
3345 1513 3571 1567 historia

2002 1613 2154 1674 atque
2182 1603 2460 1670 miraculo,
2493 1619 2611 1674 qua:
2635 1604 2686 1656 in
2712 1602 2870 1658 Luca:
2899 1602 3182 1673 Evangelia
3258 1603 3323 1657 de
3355 1602 3574 1672 paralys-

2002 1695 2103 1748 lico
2127 1698 2170 1761 ’,
2197 1705 2242 1749 et
2265 1695 2353 1758 iis,
2370 1695 2458 1764 qui
2485 1710 2551 1749 ea:
2571 1703 2704 1750 tecto
2726 1711 2842 1748 eum
2888 1694 3268 1760 submiserant,
3293 1693 3570 1764 expositis,

2000 1785 2254 1856 subinfert
2279 1795 2327 1840 et
2358 1765 2436 1840 ail
2457 1802 2475 1840 :
2509 1784 2624 1842 Non
2654 1788 2858 1856 absque
2881 1785 3146 1842 miraculo
3170 1785 3328 1840 (idem
3357 1799 3572 1848 eorum,

1999 1879 2089 1949 qui
2143 1879 2502 1942 adduxerant,
2558 1878 2796 1948 reliquit.
2846 1877 2916 1932 At
2971 1877 3063 1932 hic
3117 1876 3369 1932 dolorum
3425 1875 3576 1929 solu-

1997 1969 2196 2024 tionem
2219 1969 2434 2025 abunde
2450 1971 2902 2040 consequebatur,
2927 1977 2982 2024 et
3008 1968 3153 2038 quod
3187 1967 3410 2023 alterius
3433 1974 3570 2030 erat,

2001 2059 2054 2115 in
2111 2059 2394 2114 candidum
2467 2057 2560 2114 Dei
2621 2073 2862 2113 amorem
2918 2059 3246 2119 immutavit,
3293 2067 3350 2112 et
3405 2057 3508 2111 sibi
3543 2071 3579 2108 ιι

2002 2150 2244 2216 Christo,
2275 2151 2366 2220 qui
2397 2165 2424 2204 a
2449 2151 2686 2219 peccatis
2716 2150 2878 2205 simul
2917 2159 2970 2204 et
2995 2148 3406 2217 (egritudinibus
3436 2148 3574 2200 liba.

2005 2251 2107 2308 rat,
2135 2241 2561 2296 benevolentiam
2586 2240 2920 2295 conciliavit.
2961 2239 3196 2308 Itemque
3249 2237 3571 2292 centurionis

2004 2330 2262 2385 mentione
2290 2331 2527 2396 inducta,
2556 2330 2707 2400 cujus
2730 2331 2785 2384 in
2817 2329 3054 2384 Mattltazi
3085 2327 3366 2396 Evangelia
3399 2327 3570 2378 histo-

2005 2421 2086 2474 ria
2118 2429 2387 2485 narratur,
2419 2421 2723 2481 dicentis:t
2773 2420 3015 2482 Domine,
3057 2435 3186 2488 puer
3225 2434 3366 2471 meus
3425 2417 3572 2486 jacet

2003 2514 2058 2566 in
2081 2512 2236 2566 domo
2258 2510 2598 2581 paralyticu-s,
2631 2520 2679 2565 et
2714 2511 2850 2565 male
2895 2520 3210 2578 torquetur;
3245 2519 3291 2562 et
3323 2509 3400 2561 ait
3452 2505 3572 2560 illi:

2009 2601 2120 2672 Ego
2145 2603 2343 2656 veniam
2365 2614 2409 2656 et
2434 2601 2630 2656 curabo
2683 2619 2820 2656 eunt.
2857 2599 2926 2656 Et
2967 2601 3285 2670 respondens
3315 2599 3572 2662 centurio,

2004 2693 2079 2746 ait
2111 2707 2130 2746 :
2168 2692 2404 2758 Domine,
2447 2709 2550 2748 non
2577 2711 2690 2747 sunt
2718 2695 2936 2762 dignus,
2961 2703 3017 2746 ut
3058 2695 3220 2746 intres
3251 2691 3344 2745 sub
3383 2701 3576 2744 lectum

2007 2800 2194 2850 meum,
2221 2787 2312 2838 sed
2328 2795 2530 2840 tantum
2565 2787 2651 2840 dic
2680 2787 2849 2852 verbo,
2871 2794 2920 2839 et
2943 2785 3218 2839 sanabitur
3250 2797 3378 2851 puer
3403 2797 3571 2836 meus.

2009 2871 2240 2928 Audiens
2271 2883 2444 2928 autem
2471 2874 2623 2928 Jesus
2663 2876 2886 2929 miratus
2932 2883 3030 2937 est,
3051 2883 3102 2927 et
3157 2871 3492 2942 sequentibus
3523 2885 3578 2924 se

2010 2965 2146 3018 dixit
2176 2979 2196 3018 :
2226 2965 2386 3018 Amen
2420 2965 2536 3018 dico
2595 2965 2760 3030 vobis,
2786 2981 2891 3020 non
2930 2963 3104 3020 inveni
3169 2971 3374 3017 tantam
3421 2962 3578 3032 ﬁdem

329 3055 461 3122 νὸς,
492 3055 592 3108 ἵνα
627 3070 746 3122 μου
773 3053 890 3108 ὑπὸ
912 3051 1026 3120 τὴν
1053 3051 1280 3121 στέγην
1303 3050 1612 3120 εἰσέλθῃςο
1629 3053 1765 3106 ἀλλ’
1779 3052 1906 3106 εἰπὲ

2013 3054 2064 3108 in
2095 3053 2283 3108 Israel.
2308 3053 2440 3108 Tum
2461 3056 2592 3123 ipsi:
2629 3055 2788 3120 Vade,
2807 3066 2853 3110 et
2869 3056 3003 3110 sicut
3029 3054 3315 3118 credidisti,
3347 3054 3441 3124 ﬁat
3465 3053 3579 3106 tibi.

331 3146 512 3213 λόγῳ,
551 3143 649 3198 καὶ
701 3141 1006 3208 ἰαθήσεται
1053 3143 1086 3195 ὁ
1117 3141 1259 3206 παῖς
1282 3159 1423 3210 μου.
1476 3141 1769 3206 Ἀκούσας
1817 3141 1906 3206 δὲ,

333 3235 545 3306 μησίν,
581 3234 810 3304 Ἰησοῦς
833 3234 1152 3303 ἐθαύμασε,
1199 3234 1294 3287 καὶ
1338 3229 1468 3288 εἷπε
1503 3233 1622 3299 τοῖς
1663 3234 1913 3289 ἀκολου-

335 3327 584 3385 θοῦσιν·
635 3327 843 3396 Ἀμὴν,
877 3325 1031 3396 λέγω
1078 3325 1242 3394 ὑμῖν,
1278 3325 1412 3394 παρ’
1447 3325 1647 3380 οὐδενὶ
1695 3327 1911 3380 τοσαύ-

334 3435 450 3486 την
497 3419 705 3472 πίστιν
761 3411 940 3483 εὗρον
989 3416 1057 3466 ἐν
1113 3414 1192 3478 τῷ
1261 3415 1528 3482 Ἰσραήλ.
1581 3411 1726 3468 Εἶτα
1765 3417 1914 3482 πρὸς

335 3509 556 3565 αὐτόν⁸
609 3508 858 3572 "hears,
911 3502 1012 3555 real
1063 3502 1144 3567 ὡς
1192 3503 1564 3568 ἐπίστευσας
1610 3503 1914 3570 γενηθήτω

337 3615 457 3656 σοι·
501 3596 601 3650 real
649 3595 781 3662 ίάθη
821 3597 854 3648 ὁ
901 3592 1041 3659 παῖς
1084 3593 1156 3646 ἐν
1186 3591 1259 3662 τῇ
1303 3592 1426 3662 ὦρςι
1471 3593 1700 3662 ἐκείνη.
1746 3613 1764 3644 ι
1805 3594 1916 3648 Kal

339 3688 626 3756 ἐπιφέρει,
665 3685 767 3742 real
789 3698 982 3755 φησιν
1004 3699 1018 3713 ·
1054 3685 1244 3756 Ἀθρει
1271 3685 1334 3755 δή
1373 3701 1462 3755 μοι
1493 3685 1595 3738 κάν
1621 3683 1796 3755 τούτῳ
1839 3702 1916 3756 τῳ

339 3777 429 3832 διὰ
465 3778 562 3846 τῆς
603 3775 788 3848 ἑτέρου
819 3775 1052 3838 πίστεως
1096 3775 1188 3829 τὸν
1215 3777 1272 3828 οὐ
1315 3776 1560 3846 παρόντα
1590 3775 1914 3845 σωζόμενον.

341 3867 409 3926 Τί
455 3867 634 3920 τοίνυν
679 3868 808 3938 ἡμῖν
839 3866 1068 3930 ἀνοσίως
1097 3867 1195 3937 τὴν
1230 3866 1604 3938 φιλοκέρδειαν
1652 3865 1916 3937 ἐπιφημί-

343 3959 550 4026 ζουσιν,
580 3961 629 4012 oi
659 3958 803 4012 τῶν¹
826 3958 1028 4020 εἰδότες
1073 3958 1244 4022 οὐδὲν,
1273 3957 1305 4026 ἦ
1335 3957 1433 4028 τὴν
1465 3957 1670 4010 ἄνωθεν
1711 3957 1918 4029 ἡμερό-

341 4069 482 4122 τητα
511 4052 621 4112 τοῖς
651 4053 706 4105 ὲν
737 4051 915 4103 πίστει
945 4047 1366 4119 κεκοιμημένοις
1398 4048 1788 4118 σπουδάζομεν,
1819 4047 1918 4118 τὴν

341 4143 507 4212 ἁγίαν
534 4159 592 4194 τε
623 4142 716 4194 καὶ
747 4139 1016 4211 μυστικὴν
1055 4137 1140 4192 ἐπ’
1171 4137 1370 4200 αὐτοὺς
1397 4137 1676 4202 τελοῦντες
1705 4137 1916 4205 θυσίαν,

343 4233 644 4306 ἡλεήμεθα,
674 4233 768 4286 καὶ
789 4232 920 4285 αὐτὸ
947 4229 1004 4284 δὲ
1032 4229 1092 4282 τὸ
1115 4227 1208 4283 τοῦ
1237 4229 1466 4284 θανάτου
1499 4229 1756 4284 πέπτωκε
1785 4230 1922 4304 κράμ

342 4345 456 4392 τος,
487 4327 582 4380 καὶ
609 4328 642 4396 ἡ
691 4325 792 4394 τῆς
841 4323 1198 4394 ἀτελευτήτου
1241 4320 1388 4393 ζωῆς
1427 4321 1737 4394 ἀνέλαμψεν
1767 4322 1920 4385 ἐλπὶς

2019 3143 2082 3196 Ει
2105 3152 2323 3196 sanatus
2345 3152 2422 3197 est
2452 3159 2580 3212 puer
2599 3143 2652 3196 in
2678 3143 2770 3196 illa
2795 3144 2927 3196 liora
2950 3143 2992 3208 ³,
3021 3161 3040 3195 ι
3081 3142 3359 3206 subnectit,
3386 3151 3436 3196 et
3470 3143 3544 3195 ait
3563 3157 3594 3194 τ

2016 3235 2151 3289 Vide
2185 3235 2348 3288 etiam
2380 3235 2434 3288 in
2471 3236 2572 3290 hoc
2593 3235 2872 3290 absentem
2901 3249 2996 3303 per
3031 3235 3258 3289 alterius
3295 3233 3454 3288 (idem
3497 3248 3589 3288 sa-

2015 3337 2222 3380 natum.
2254 3325 2393 3392 Quid
2423 3326 2584 3395 igitur
2609 3327 2763 3382 nobis
2791 3329 3076 3380 avaritiam
3109 3336 3163 3380 et
3211 3327 3350 3380 lucri
3387 3325 3588 3394 cupitli-

2017 3430 2139 3470 nent
2170 3417 2510 3484 exprobratis
2542 3433 2720 3473 rerum
2751 3418 3008 3473 similium
3035 3432 3256 3487 prorsus
3281 3417 3471 3486 ignari,
3497 3415 3586 3484 qui

2017 3489 2304 3572 supernam
2353 3508 2695 3560 clementiam
2740 3507 2793 3559 in
2844 3507 2949 3562 ﬁde
2999 3508 3269 3560 defunctis
3303 3505 3589 3559 conciliare

2017 3592 2262 3658 nitimur,
2295 3602 2350 3647 et
2387 3609 2620 3660 .sacrum
2655 3610 2719 3649 ac
2749 3596 3038 3665 mysticum
3084 3612 3181 3666 pro
3210 3597 3318 3650 illis
3378 3597 3588 3650 sacriﬁ-
3669 3629 3672 3632 η

2018 3687 2160 3742 cium
2193 3694 2588 3756 perpetramus,
2622 3685 2776 3754 cujus
2809 3701 2910 3754 ope
2939 3684 3371 3740 misericordiam
3393 3701 3590 3740 conse—

2018 3779 2254 3846 quimur,
2297 3775 2450 3845 cujus
2488 3776 2732 3831 subsidio
2761 3775 2932 3844 ipsius
2961 3777 3155 3831 mortis
3195 3775 3590 3838 roburcecidit.

2019 3869 2225 3928 etvitaa
2269 3882 2542 3936 nunquam
2598 3865 2895 3922 desinentis
2934 3881 3064 3936 spes
3115 3867 3169 3920 in
3219 3865 3438 3920 Christo
3466 3863 3591 3919 Jesu

2023 3959 2250 4014 Domino
2298 3966 2483 4010 nostro
2519 3955 2736 4010 reluxit.
2765 3952 3099 4009 Cantenliose
3135 3951 3418 4006 admodum
3469 3967 3589 4004 ora-

2019 4049 2210 4103 tionem
2237 4063 2391 4101 suam
2443 4047 2648 4114 sapiens
2695 4060 2756 4098 ac
2805 4043 3028 4112 optimus
3084 4040 3250 4096 Pater
3294 4043 3592 4107 instituens,

2021 4157 2122 4196 non
2181 4139 2292 4193 sine
2343 4137 2701 4207 indignatione
2762 4149 2917 4206 atque
3000 4136 3148 4204 gravi
3199 4135 3484 4204 o/fensione
3531 4139 3592 4189 ab

2020 4247 2197 4286 errore
2247 4245 2404 4300 quant
2457 4228 2756 4298 longissime
2807 4225 3006 4296 repellit
3043 4243 3150 4289 eos,
3177 4227 3266 4296 qui
3301 4243 3405 4280 non
3463 4236 3598 4280 recte

2021 4321 2214 4376 sentire
2263 4320 2362 4374 sibi
2391 4319 2650 4374 inanimo
2712 4325 3093 4387 proposuerant
3136 4333 3154 4372 .'
3200 4325 3309 4370 tum
3356 4317 3601 4383 deinceps

343 4420 405 4472 ὲν
441 4415 662 4490 Χριστῷ
703 4413 878 4487 Ἰησοῦ
925 4413 1002 4484 τῷ
1047 4413 1239 4484 Κυρίῳ
1268 4412 1444 4484 ήμῶν.
1507 4412 1906 4483 Ἁγωνιστικῶς

2027 4413 2358 4466 abundanter
2386 4411 2540 4464 nimis
2567 4411 2730 4464 sacris
2756 4411 2996 4477 eloquiis,
3026 4419 3072 4463 et
3095 4408 3365 4462 miraculis
3390 4425 3422 4462 a
3443 4408 3600 4462 Cleri-

345 4510 446 4565 real
476 4508 652 4563 τόνδε
697 4506 804 4560 τὸν
844 4505 1032 4574 λόγον
1061 4503 1608 4573 παραστησάμενος
1652 4507 1686 4559 ὁ
1729 4507 1922 4574 σοφὸς

343 4600 446 4655 real
477 4597 848 4666 πανάριστος
873 4594 1098 4664 Πατὴρ,
1132 4593 1666 4664 καταμεμψάμενος
1705 4613 1788 4659 τε,
1820 4597 1916 4650 real

343 4690 740 4758 ἀποσοϐήσας
795 4689 991 4757 πόρῤω
1034 4701 1151 4740 που
1207 4684 1317 4754 τῆς
1367 4685 1608 4752 πλάνης
1653 4687 1794 4754 τοὺς
1833 4687 1918 4757 μὴ

345 4783 492 4854 ὀρθὰ
512 4781 756 4854 φρονεῖν
783 4778 1130 4849 ἑλομένους·
1161 4773 1288 4830 εἶτα
1315 4776 1412 4830 καὶ
1436 4779 1923 4844 καταπλουτίσας

344 4875 534 4928 αὐτὸν
553 4873 622 4928 ἐκ
653 4889 720 4926 τε
742 4871 862 4925 τῶν
891 4870 1064 4924 θείων
1085 4869 1325 4939 λογίων,
1345 4867 1414 4920 ἔκ
1444 4885 1510 4920 τε
1533 4867 1651 4921 τῶν
1675 4871 1926 4938 θαυματ-

345 4963 620 5034 ουργιῶν,
651 4957 738 5017 ὧν
761 4961 982 5028 ἔδρασε
1007 4957 1261 5026 ,Χριστὸς
1289 4960 1320 5012 ὀ
1355 4955 1454 5010 ἐπὶ
1487 4955 1730 5010 πάντων
1754 4957 1925 5022 Θεὸς,

345 5057 446 5112 real
479 5055 584 5121 τὰς
615 5055 766 5123 ὑπὲρ
808 5052 1015 5107 ἄλλων
1203 5047 1420 5114 ἐτέρων
1442 5047 1603 5112 αὑτῷ
1645 5049 1742 5100 real
1777 5065 1925 5116 προ-

345 5147 685 5217 σαγ-ομένας
705 5144 1002 5208 ἐντεύξεις
1027 5141 1179 5208 μετὰ
1203 5141 1484 5204 πίστεως,
1509 5139 1725 5204 θυσίας
1743 5156 1807 5193 τε
1825 5139 1924 5192 καὶ

345 5236 695 5302 προσφορὰς
726 5230 1206 5298 προσηκάμενος,
1253 5225 1521 5279 παιδεύει
1555 5224 1737 5294 σιγᾷν
1783 5228 1924 5294 τοὺς

2027 4515 2106 4558 sto
2138 4506 2191 4558 in
2226 4503 2466 4558 omnibus
2491 4503 2620 4567 Deo,
2652 4519 2769 4574 qua:
2825 4519 2919 4569 pro
2963 4501 3086 4555 aliis
3124 4502 3473 4570 precationes,
3507 4517 3600 4554 nec

2028 4615 2131 4652 non
2159 4598 2510 4666 sacriﬁcia,et
2559 4596 2784 4650 donaria
2831 4595 2934 4663 ﬁde
2971 4595 3073 4648 sibi
3118 4595 3298 4648 oblata
3337 4595 3604 4662 excipiens

2028 4688 2268 4758 confecit,
2310 4689 2621 4751 instructus,
2667 4685 2773 4740 illis
2814 4687 2903 4756 qui
2958 4686 3302 4740 adversantur
3327 4724 3342 4752 ,
3389 4701 3602 4756 seseque

2027 4791 2287 4848 appareant
2318 4778 2700 4842 constitutioni,
2729 4775 3094 4831 consuetudini
3141 4777 3362 4840 scilicet,
3391 4785 3440 4830 et
3462 4786 3598 4830 recto

2028 4869 2302 4924 catholica:
2351 4879 2400 4924 et
2431 4870 2731 4937 apostolica:
2759 4867 3013 4923 Ecclesia:
3045 4870 3300 4939 dogmati,
3335 4867 3600 4923 silentium

2028 4959 2271 5027 imponit,
2305 4960 2588 5028 suadetque
2633 4961 2690 5013 in
2739 4969 3002 5027 posterum
3033 4963 3224 5030 swpius
3256 4973 3345 5028 prs
3379 4959 3602 5010 mortuis

2031 5047 2316 5101 oblationes
2347 5058 2503 5120 atque
2546 5047 2952 5119 supplicationes
2983 5049 3270 5111 absolvere,
3303 5065 3417 5102 cum
3444 5048 3604 5115 plano
3687 5053 3698 5064 '

2029 5137 2278 5203 calleanl,
2309 5139 2414 5193 illis
2450 5139 2554 5194 Deo
2603 5150 2651 5194 et
2717 5139 2866 5194 Patri
2897 5139 3086 5192 oblatis
3139 5139 3444 5192 maximam.
3475 5141 3602 5194 inde

2033 5229 2254 5282 mortuis
2287 5245 2531 5283 emanare
2565 5231 2866 5284 utilitatem.

345 5323 926 5392 ἀντιδιατιθεμένους
951 5322 1037 5374 ἔτι
1061 5319 1160 5373 real
1215 5317 1679 5382 ἀντιπίπτοντος
1718 5317 1793 5385 τῇ
1834 5319 2220 5385 καταστάσει,
2281 5318 2474 5387 ἤγουν
2532 5320 2842 5388 συνηθείᾳ,
2883 5318 2980 5371 real
3038 5317 3116 5382 τῷ
3169 5319 3318 5385 ὀρθῷ
3358 5318 3598 5389 δόγματι

345 5417 460 5487 τῆς
487 5414 807 5482 καθολικῆς
849 5413 946 5466 real
978 5409 1390 5476 ἁποστολικῆς
1444 5411 1830 5478 Ἐκκλησίας,
1898 5412 2084 5466 πείθει
2140 5429 2204 5467 τε
2255 5413 2364 5466 τοῦ
2403 5414 2619 5468 λοιποῦ
2647 5409 2922 5479 συνεχῶς
2938 5413 3042 5478 τὰς
3081 5411 3233 5479 ὑπὲρ
3261 5411 3378 5466 τῶν
3405 5431 3601 5466 res/eoe-

343 5507 626 5580 μημένων
652 5505 947 5558 ἐπιτελεῖν
991 5501 1176 5572 εὐχάς
1214 5521 1276 5557 τε
1311 5502 1411 5557 real
1467 5499 1922 5570 προσφορὰςβῦ
1966 5503 2219 5570 εἰδότας,
2253 5503 2330 5570 ὡς
2347 5503 2582 5568 πάντως
2601 5501 3102 5574 ὠφεληθήσεσθαι.
3129 5501 3349 5568 αὐτοὺς
3379 5503 3607 5556 τούτων

348 5595 814 5668 προσαγομένων
845 5595 926 5660 τῷ
969 5593 1090 5659 Θεῷ
1127 5594 1223 5647 real
1253 5591 1456 5660 Ilatpl.

429 5690 628 5755 ‘Jobt,
659 5689 710 5744 5.
788 5690 806 5719 ²
831 5688 961 5745 Luc.
1003 5705 1120 5755 vnt,
1159 5688 1236 5742 16.
1319 5687 1339 5716 ³
1367 5685 1558 5744 Matth.
1593 5700 1715 5752 rm,
1740 5685 1890 5742 6-15.
