3942 6128
363 233 505 291 1127

1945 384 2035 440 111.

1353 227 1412 285 S.
1448 226 1721 287 CYRILLI
1758 224 2230 283 ALEXANDRINI
2265 222 2590 285 ARCHIEP.

3487 213 3623 269 H28

1483 530 1549 567 sx
1583 527 1735 567 Ltnno
1772 525 1973 564 conruit
2010 518 2352 563 smusrasns
2374 499 2476 575 (1).

361 670 413 725 1.
447 669 771 741 Cyrillusin
805 667 943 741 libro
977 667 1228 741 adversus
1247 663 1486 741 sesqui
1542 675 1937 741 naturascon-
1964 662 2013 719 Α
2041 661 2129 715 aio
2177 678 2192 715 :
2236 656 2503 725 Quoniam
2591 650 3016 709 inconvertibilis
3094 658 3292 741 natura
3361 643 3459 701 Dei
3519 652 3626 711 est,

431 731 657 810 fundunt
687 738 882 810 (2),qui
925 737 1146 805 incipit:
1182 754 1200 787 ι
1236 731 1415 790 Paulo
1458 742 1581 789 ante
1630 732 1793 787 locuti
1843 731 1937 784 diu

432 826 635 865 sumus.
678 827 697 861 ι

433 1009 722 1078 Quousque
744 1009 960 1065 tandem
1001 1008 1241 1065 nonnulli
1266 1008 1487 1079 scriptis
1516 1008 1630 1064 suis
1669 1016 1937 1072 astrueut,

361 1099 447 1156 vel
475 1100 819 1155 somniabunt
848 1100 1049 1169 potius,
1080 1098 1241 1154 Verbi
1289 1099 1343 1155 in
1380 1113 1600 1153 carnem
1627 1112 1689 1152 ac
1719 1097 1940 1164 sangui-

363 1206 486 1247 nem
509 1190 946 1255 conversionem,
982 1191 1276 1245 amentium
1308 1189 1481 1245 instar
1521 1191 1823 1259 uagantes?
1848 1188 1942 1247 His

366 1296 465 1337 nos
514 1281 744 1336 dicimus
779 1299 793 1336 :
825 1281 1107 1350 Evigilate,
1142 1280 1279 1336 ebrii
1302 1281 1368 1335 de
1413 1281 1539 1336 vino
1579 1291 1780 1335 vestro.
1813 1279 1942 1347 Quae

363 1372 508 1427 enim
530 1381 708 1427 vestra
734 1380 817 1427 est
846 1373 912 1427 de
930 1380 1122 1425 natura
1148 1372 1331 1426 carnis
1350 1372 1616 1427 sententia
1645 1380 1739 1426 aut
1769 1372 1938 1438 notio,

366 1464 449 1519 vel
488 1465 757 1534 quomodo
780 1464 1181 1519 inscrutabilem
1200 1465 1518 1520 scrutamini
1538 1464 1633 1519 Dei
1651 1473 1898 1518 naturam
1919 1465 1945 1519 ‘l

367 1558 499 1622 Quis
542 1572 709 1628 porro
759 1557 957 1623 audeat
1006 1571 1121 1611 rem
1150 1557 1327 1611 metiri
1393 1556 1943 1613 immensurabilem?

367 1647 536 1704 Nemo
566 1656 714 1704 certe
751 1648 920 1710 dicet,
939 1662 1098 1703 nemo
1155 1648 1276 1703 sine
1311 1662 1498 1704 errore
1535 1649 1773 1713 deﬁniet,
1811 1664 1945 1719 qua-

370 1753 492 1793 nam
522 1739 591 1793 sit
626 1738 885 1809 praeditus
924 1746 1114 1794 natura
1174 1738 1339 1806 Deus,
1364 1741 1603 1795 omnium
1659 1740 1943 1806 Dominus,

372 1828 483 1894 lux,
516 1828 649 1895 vita,
677 1827 848 1898 gloria
870 1838 926 1885 et
941 1829 1205 1898 potentia,
1238 1829 1330 1885 ille
1345 1830 1557 1885 demum
1581 1830 1671 1899 qui
1699 1829 1944 1884 omnium

370 1934 550 1973 rerum
601 1928 852 1975 naturam
896 1921 1069 1987 novit,
1099 1930 1155 1975 et
1208 1921 1469 1990 quidquid
1497 1924 1554 1976 in
1606 1922 1825 1977 homine
1862 1931 1948 1977 est

370 2011 593 2065 scientia
621 2026 718 2065 sua
757 2013 1151 2081 complectitur.
1200 2012 1490 2083 Quousque
1537 2014 1755 2067 tandem
1806 2028 1944 2069 non-
1973 1995 2021 2056 Β

370 2104 502 2159 nulli
549 2104 924 2172 afﬁrmahunt,
963 2104 1121 2161 Verbi
1180 2104 1379 2162 factam
1421 2107 1477 2161 in
1518 2116 1789 2163 terrenum
1842 2108 1947 2163 hoc

370 2211 569 2265 corpus
623 2197 999 2263 mutationem,
1025 2197 1077 2252 id
1104 2205 1189 2253 est
1217 2198 1384 2254 Deum
1438 2196 1672 2253 Verbum
1724 2198 1790 2253 de
1820 2197 1948 2252 sub-

369 2286 572 2341 stantia
601 2286 818 2356 propria
847 2286 1145 2342 confecisse
1171 2287 1275 2341 sibi
1330 2302 1552 2357 corpus,
1570 2287 1711 2356 quod
1758 2293 1948 2341 nostro

372 2377 831 2432 eonsubstantiale
852 2376 957 2432 sit?
984 2375 1050 2430 lli
1079 2377 1332 2432 videlicet
1369 2377 1547 2445 primo
1574 2376 1791 2444 quidem
1816 2390 1943 2444 pro-

373 2466 614 2532 titentur,
649 2466 883 2522 Verbum
915 2482 945 2522 a
972 2467 1263 2536 semetipso
1319 2467 1556 2522 alienum
1611 2468 1869 2533 evasisse,
1894 2466 1949 2522 id

370 2568 475 2623 est,
499 2559 610 2629 jam
637 2574 746 2612 non
770 2558 999 2628 amplius
1028 2558 1195 2614 Deum
1225 2572 1369 2622 esse,
1389 2567 1447 2611 ut
1472 2558 1601 2626 dixi,
1622 2567 1945 2622 creatorem,

370 2652 560 2718 vitam,
587 2650 832 2721 gloriam.
852 2651 1144 2719 potentiam
1167 2668 1181 2706 :
1202 2634 1363 2721 atque
1393 2651 1556 2705 etiam
1587 2652 1781 2705 docent
1827 2664 1949 2704 eum

372 2743 426 2795 in
445 2756 683 2797 errorem
715 2755 872 2812 posse
923 2742 1223 2807 incurrere,
1251 2742 1338 2797 cui
1387 2740 1639 2795 obnoxia:
1688 2749 1951 2795 creatura:

372 2840 499 2895 sunt
527 2850 546 2886 ι
574 2831 789 2902 aliaque
816 2830 1125 2901 bujusmodi
1150 2831 1325 2887 eidem
1362 2831 1666 2885 attribuunt
1716 2831 1951 2900 pessima

371 2923 586 2993 oppido,
624 2933 679 2978 et
709 2924 823 2994 ipso
852 2923 1093 2993 indigna.
1116 2922 1378 2993 Equidem
1409 2923 1760 2992 quaerendum
1794 2922 1862 2977 ab
1887 2936 1953 2977 eo

373 3015 631 3082 arbitror,
665 3016 755 3085 qui
800 3016 944 3081 hanc
981 3016 1294 3086 Opinionem
1343 3015 1396 3069 in
1455 3015 1690 3069 medium
1746 3014 1951 3079 attulit,

377 3124 501 3162 num
561 3110 869 3177 passionum
921 3108 1275 3178 ignominiam
1315 3107 1369 3161 in
1423 3107 1658 3162 Verbum
1710 3106 1954 3160 incidere

378 3214 600 3255 necesse
623 3199 824 3254 fuerit?
848 3200 1026 3271 Atque
1039 3200 1154 3253 haec
1172 3198 1556 3253 nonnullorum
1572 3196 1755 3266 opinio
1777 3211 1955 3251 nonne

2041 753 2228 823 utique
2256 765 2369 806 rem
2411 747 2591 817 seipso
2621 746 2895 813 indignam
2942 755 3103 813 agere
3133 739 3419 795 voluisset.

2330 842 2388 896 2.
2418 840 2568 896 Idem
2608 837 2841 908 Cyrillus
2873 836 2929 889 in
2951 834 3131 888 eodem
3163 831 3317 886 libro.

2114 934 2221 990 Sed
2251 933 2338 989 isti
2380 931 2614 987 fortasse
2637 929 2920 998 opinantes
2966 925 3148 980 dicent
3191 923 3363 978 Deum
3390 917 3624 974 Verbum

2042 1040 2364 1083 conversum
2413 1023 2629 1094 quidem
2671 1020 2723 1073 in
2748 1032 2986 1078 carnem,
3020 1015 3116 1070 sed
3152 1028 3258 1069 non
3292 1021 3493 1076 totum,
3526 1026 3626 1065 nec

2043 1119 2283 1184 omnino,
2332 1129 2432 1170 nec
2480 1115 2560 1187 in.
2597 1112 2870 1167 omnibus.
2920 1106 3403 1165 Verumeuimvero
3449 1117 3629 1159 nonne

2042 1206 2583 1265 evidenterinsaniet
2601 1204 2647 1259 si
2687 1203 2809 1273 quis
2836 1200 3044 1276 .dicere
3098 1206 3192 1253 aut
3240 1198 3469 1253 credere
3502 1195 3627 1249 talia

2044 1298 2205 1353 velit?
2230 1296 2285 1352 In
2309 1295 2499 1367 primis
2540 1294 2691 1349 aiunt
2747 1290 2982 1346 Verbum
3012 1288 3155 1343 haud
3198 1302 3257 1342 se
3305 1295 3483 1340 totum
3521 1285 3627 1339 im-

2044 1395 2291 1443 mutasse
2322 1386 2406 1440 vel
2438 1384 2849 1440 conversionem
2894 1394 3116 1451 passum
3140 1397 3155 1434 :
3176 1377 3379 1433 deinde
3410 1393 3537 1432 eum
3566 1376 3626 1430 ti-

2045 1480 2207 1534 nibus
2258 1476 2730 1542 circumscribunt,
2792 1473 3038 1527 dicentes
3104 1470 3279 1539 ipsum
3321 1468 3629 1536 quantitate

2045 1568 2334 1633 contineri,
2363 1567 2481 1622 loco
2508 1566 2773 1629 cohiberi,
2812 1565 2913 1621 sub
2942 1561 3313 1617 definitionem
3341 1561 3560 1623 cadere,
3578 1566 3631 1613 et

2046 1677 2171 1717 cum
2213 1660 2335 1715 aliis
2385 1661 2549 1714 rebus
2601 1654 3005 1712 connumerari.
3039 1652 3323 1720 Quomodo
3369 1660 3551 1705 autem
3577 1649 3630 1705 hi

2047 1750 2343 1808 adversarii
2366 1749 2638 1820 ignorant,
2657 1761 2856 1816 corpus
2878 1744 3019 1813 quod
3038 1744 3106 1801 sit
3130 1741 3415 1799 divisionis
3434 1754 3630 1810 capax,

2047 1842 2228 1896 omnia
2261 1854 2476 1909 semper
2529 1838 2665 1908 pati,
2709 1851 2831 1907 quae
2864 1834 3088 1905 singulae
3141 1842 3322 1903 partes
3368 1831 3485 1901 ejus
3535 1844 3633 1900 pa-

2049 1932 2303 1987 tiuntur?
2325 1931 2507 2000 Neque
2531 1929 2676 1984 enim
2710 1929 2801 1982 uni
2843 1926 3215 2000 membrorum
3271 1923 3382 1993 pati
3415 1922 3632 1975 contin-

2049 2030 2225 2093 geret,
2254 2021 2358 2076 nisi
2394 2020 2643 2075 universa
2690 2017 2934 2088 corporis
2961 2026 3159 2070 natura
3190 2014 3431 2085 patiendo
3480 2011 3628 2065 foret

2048 2114 2302 2171 obnoxia.
2338 2112 2558 2167 luterim
2601 2110 2656 2165 bi
2706 2125 2805 2164 nos
2856 2118 3056 2178 cogunt
3108 2107 3178 2162 ad
3215 2104 3374 2161 verba
3408 2116 3634 2172 quoque

2047 2206 2271 2262 minime
2298 2205 2453 2259 nobis
2475 2212 2773 2272 spontanea
2798 2200 3159 2256 descendere:
3183 2199 3276 2253 sed
3307 2198 3461 2251 venia
3483 2195 3639 2265 prius

2049 2312 2080 2351 a
2108 2296 2286 2352 Verbo
2324 2296 2418 2350 Dei
2450 2294 2736 2365 postulata,
2762 2292 2994 2348 dicimus
3012 2291 3177 2362 quod,
3213 2292 3259 2345 si
3296 2290 3439 2343 forte
3455 2297 3635 2341 muta-

2050 2390 2231 2445 hilitas
2260 2387 2330 2443 ab
2366 2403 2432 2443 eo
2469 2401 2579 2442 non
2607 2394 2752 2440 esset
2786 2385 2984 2449 aliena,
3011 2398 3185 2452 neque
3215 2380 3291 2436 illi
3324 2377 3638 2449 impossibi-

2050 2482 2119 2537 lis
2148 2481 2266 2551 ejus
2293 2480 2370 2535 rei
2404 2478 2605 2548 passio,
2631 2477 2819 2546 utique
2860 2478 2927 2531 ad
2981 2475 3195 2529 Patrem
3242 2486 3464 2542 quoque
3511 2485 3636 2524 san-

2054 2580 2307 2639 ctumque
2329 2568 2590 2639 Spiritum
2619 2567 2702 2621 vis
2725 2566 2883 2634 hujus
2907 2564 3259 2634 blasphemiae
3286 2561 3636 2632 perveniret:

2054 2670 2165 2716 tota
2195 2670 2277 2715 est
2306 2661 2450 2715 enim
2479 2657 2960 2714 eonsubstantialis
3008 2656 3356 2712 sanctissima
3393 2652 3640 2707 Trinitas

2054 2760 2111 2807 et
2169 2747 2547 2804 immutabilis.
2584 2748 2869 2815 Quodnam
2925 2761 3053 2801 vero
3107 2747 3279 2800 robur
3329 2742 3637 2798 inﬁrmitati

2054 2851 2257 2896 nostras
2300 2839 2738 2906 impetraremus,
2768 2837 2815 2891 si
2858 2836 2998 2890 Deus
3036 2849 3187 2903 aeque
3238 2849 3305 2887 ac
3344 2848 3448 2887 nos
3504 2831 3639 2886 foret

2055 2933 2326 2997 inﬁrmus,
2362 2940 2525 3000 atque
2587 2930 2642 2985 in
2697 2944 2762 2985 ea
2800 2927 3047 2983 converti
3083 2936 3292 2995 posset,
3328 2940 3451 2994 qua:
3490 2922 3637 2977 nobis

2055 3022 2204 3080 effari
2230 3038 2333 3077 non
2362 3022 2508 3087 licet,
2538 3023 2754 3077 etiamsi
2780 3021 2848 3075 ab
2879 3019 3002 3073 aliis
3046 3019 3251 3073 diserte
3295 3016 3439 3071 dicta
3483 3012 3634 3067 audi-

2056 3112 2214 3168 mus?
2244 3111 2350 3167 Sed
2376 3130 2395 3163 t
2424 3112 2601 3166 videte
2645 3126 2753 3174 me,
2804 3109 2981 3178 inquit
3020 3106 3327 3176 Scriptura,
3351 3104 3480 3174 quia
3533 3103 3645 3172 ipse

2058 3218 2201 3267 sum,
2232 3210 2286 3256 et
2317 3217 2423 3280 non
2457 3216 2576 3256 sum
2626 3209 2867 3255 mutatus
2893 3201 2932 3254 ι.
2969 3219 2987 3251 ι
3023 3197 3161 3251 Tum
3187 3207 3245 3252 et
3286 3196 3444 3251 divus
3486 3193 3642 3248 Psal-

378 3292 587 3348 furiosa
615 3291 736 3346 est?
765 3291 1018 3350 Profecto
1052 3289 1185 3344 nihil
1225 3288 1497 3343 amentius
1516 3287 1813 3356 excogitari
1856 3301 1953 3356 po-
1983 3327 2027 3385 ο
2060 3295 2218 3349 mista
2244 3294 2438 3350 alicubi
2466 3294 2611 3349 canit
2644 3311 2657 3347 ε
2698 3312 2717 3344 ι
2750 3289 2926 3359 Opera
2968 3304 3227 3362 manuum
3263 3298 3473 3342 tuarum
3515 3294 3643 3340 sunt

381 3392 485 3439 test
517 3397 677 3450 quam
716 3382 792 3435 ita
843 3379 1005 3436 Verbi
1052 3388 1303 3434 naturam
1352 3378 1676 3434 contumelia
1713 3376 1953 3432 afficere.

379 3472 594 3541 Alioqui
647 3471 739 3540 qui
772 3470 887 3524 fieri
936 3476 1136 3539 posset,
1180 3477 1237 3523 ut
1277 3468 1373 3524 Dei
1421 3484 1616 3524 nomen
1673 3467 1958 3524 sublimius

381 3565 571 3632 quovis
593 3562 810 3617 nomine
843 3569 1008 3627 esset,
1034 3570 1088 3615 et
1115 3561 1228 3630 ipse
1270 3559 1533 3616 Dominus
1564 3560 1824 3616 virtutum
1874 3560 1959 3615 fo-

382 3655 499 3709 ret?
522 3654 628 3711 Sed
649 3655 792 3710 enim
809 3654 1007 3724 aliquis
1032 3653 1266 3709 fortasse
1302 3654 1467 3717 dicet,
1496 3652 1638 3708 haud
1661 3652 1715 3706 id
1736 3652 1957 3722 quidem

386 3747 749 3803 necessarium
783 3745 978 3812 fuisse,
1016 3754 1210 3815 sponte
1251 3752 1433 3798 tamen
1482 3746 1556 3798 ita
1592 3752 1765 3800 semet
1806 3758 1959 3798 com-

384 3845 641 3903 mutasse,
678 3845 737 3893 ut
766 3836 1061 3893 inevitabili
1102 3835 1339 3906 passioni
1367 3835 1636 3891 subesset.
1665 3835 1831 3905 Atqui
1860 3850 1959 3906 ego

460 3997 731 4056 ’Malacb.
767 4013 851 4066 Ill,
882 3998 937 4054 6.
1014 4002 1035 4032 ³
1056 3996 1200 4053 Psal.
1228 4012 1302 4065 Ct,
1333 3996 1423 4063 26,
1454 3998 1546 4053 27.

457 4156 537 4225 (1)
567 4156 646 4210 Ex
669 4154 928 4224 Apologia
956 4152 1182 4225 Joannis
1206 4151 1561 4225 Caesariensis
1595 4154 1961 4225 pro_eoncilio

384 4222 809 4281 Cltalcedonensi
849 4222 990 4291 quae
1047 4224 1102 4277 in
1162 4222 1636 4292 eodiceASyriaco
1701 4222 1961 4280 Vaticano

386 4305 653 4363 superest.
684 4324 755 4336 —
779 4290 1162 4363 Mai’Blblioth.
1201 4309 1333 4346 nova
1357 4290 1603 4363 Patrum,
1624 4291 1691 4355 ll,
1727 4292 1854 4363 445.

459 4360 538 4437 (2)
573 4365 636 4420 Hi
659 4365 879 4437 proprie
908 4362 1227 4437 dicebantur
1251 4361 1595 4437 pungunt,
1629 4360 1958 4437 confusqnei.

2065 3385 2344 3454 cmli:ipsi
2372 3384 2643 3455 peribunt,
2674 3391 2728 3437 tu
2775 3391 2957 3436 autem
2999 3394 3331 3449 permanes:
3368 3379 3467 3447 ipsi
3505 3385 3647 3430 vete-

2067 3485 2289 3531 rascent
2326 3490 2515 3530 omnes
2561 3489 2658 3530 ceu
2700 3474 3111 3537 vestimentum,
3143 3480 3201 3525 et
3240 3480 3505 3539 tanquam
3540 3467 3647 3539 palo

2067 3566 2196 3621 lium
2226 3566 2466 3621 invertes
2482 3579 2596 3631 eos,
2630 3573 2686 3619 et
2733 3565 3112 3627 inverteutur;
3151 3561 3247 3615 sed
3282 3571 3338 3613 tu
3376 3559 3524 3615 idem
3571 3574 3647 3620 es,

2066 3668 2120 3715 et
2151 3658 2275 3711 anni
2324 3658 2400 3711 tui
2455 3672 2559 3712 non
2600 3657 2859 3711 finientur
2890 3657 2935 3708 ‘.
2981 3673 3000 3706 ι
3048 3651 3444 3709 Animadverte
3492 3651 3651 3721 igitur

2066 3747 2334 3816 quomodo
2353 3745 2577 3799 edoctus
2604 3759 2634 3798 a
2661 3743 2772 3799 Deo
2806 3743 3096 3812 Propheta,
3126 3743 3194 3796 ad
3224 3750 3539 3795 creatarum
3568 3753 3651 3793 re-

2068 3851 2187 3890 rum
2215 3845 2465 3890 naturam
2505 3833 2920 3899 mutabilitatem
2962 3834 3241 3898 amandat,
3269 3829 3429 3899 cujus
3456 3831 3536 3885 rei
3567 3843 3651 3882 ar-

2070 4153 2212 4208 κατὰ
2263 4153 2675 4210 Συνουσιαστῶν
2740 4152 2922 4211 sexies
2979 4150 3332 4221 recitetnrin
3378 4152 3656 4221 opusculis

2070 4222 2275 4279 Graecis
2310 4238 2340 4277 a
2374 4237 2461 4277 me
2506 4225 2667 4283 editis
2693 4224 2888 4292 Script.
2942 4232 3043 4276 vet.
3089 4231 3131 4276 t.
3174 4220 3528 4291 Vll.pp.’10,
3570 4222 3654 4286 15,

2069 4293 2163 4358 27,
2188 4293 2316 4357 Ξ90,
2349 4292 2477 4360 295,
2508 4293 2633 4358 502,
2670 4310 2795 4363 eum
2851 4293 3106 4363 brevibus
3147 4293 3267 4363 ejus
3310 4292 3655 4363 fragmentis,

2072 4378 2193 4432 quae
2220 4365 2420 4432 partim
2442 4365 2674 4419 cumbis
2694 4380 2722 4417 a
2761 4362 2971 4432 Joanne
3012 4362 3338 4416 Caesariensi
3390 4362 3656 4432 recitatis,

390 4429 691 4502 cuiusmodi
722 4429 941 4504 fuerunt
967 4432 1295 4504 Apollinaris
1314 4429 1371 4485 et
1390 4429 1751 4504 Eutyclies,et
1778 4430 1962 4504 postea
1995 4437 2040 4494 Ι)
2070 4429 2206 4504 mire
2222 4429 2562 4504 congruunt,
2583 4443 2642 4488 ut
2663 4442 2851 4504 postea
2882 4431 3209 4504 videbimus.
3240 4432 3443 4504 C_ontra
3473 4429 3657 4500 Synn-

394 4508 653 4569 Severus,
701 4503 792 4571 qui
833 4502 1217 4571 duastlbristi
1247 4502 1565 4571 naturasin
1621 4517 1781 4554 unam
1834 4503 1967 4558 adu-

388 4584 657 4629 naverunt
679 4570 841 4641 atque
877 4570 1256 4627 confuderunt.
1292 4571 1430 4626 Hine
1454 4570 1966 4641 Theodoretidialo-

389 4660 487 4711 gus
508 4652 694 4697 contra
723 4638 1092 4711 Apollinarem
1122 4641 1437 4696 inscribitur
1480 4638 1834 4710 Ἀσύγχυτος,
1869 4641 1965 4697 In-

391 4713 673 4782 confusus.
713 4712 979 4781 Proprius
1030 4722 1209 4766 tamen
1248 4714 1442 4782 Aoperis
1474 4727 1500 4765 a
1540 4711 1741 4782 Cy_ri|lo
1774 4713 1962 4782 scripti

393 4780 581 4836 titulus
607 4781 708 4835 fuit
730 4780 874 4835 κατὰ
904 4780 1333 4847 Συνουσιαστῶν,
1374 4791 1557 4835 contra
1597 4780 1959 4849 Synusiastas,

398 4853 515 4907 sive
546 4860 735 4906 contra
769 4866 862 4905 eos
891 4854 979 4918 qui
999 4853 1133 4905 duas
1155 4854 1489 4906 substantias
1520 4852 1758 4907 divinam
1788 4861 1842 4905 et
1866 4853 1964 4904 lltl-

396 4937 613 4977 manam
637 4922 709 4975 ita
738 4920 792 4974 in
818 4920 1036 4979 Christo
1060 4922 1327 4977 adunatas
1355 4923 1594 4982 aiebant.
1627 4930 1684 4974 ut
1716 4936 1818 4973 una
1843 4930 1965 4988 post

396 4992 780 5046 adunationem
811 4997 951 5061 esset
965 5028 979 5041 .
997 4989 1055 5061 _Is
1080 5004 1264 5061 revera
1284 4991 1473 5061 titulus
1488 4992 1668 5059 operis
1683 4990 1960 5061 Cyrilliani

348 5104 355 5118 .
395 5065 474 5116 ita
518 5063 780 5117 recitatur
815 5060 880 5115 ab
914 5059 1239 5129 prrannio
1266 5060 1605 5129 Antiocheno
1652 5059 1791 5129 apud
1824 5061 1966 5115 Pbo-

398 5131 532 5184 tium
558 5132 679 5185 cod.
714 5131 839 5192 229,
873 5146 924 5199 p.
948 5128 1074 5194 796,
1103 5128 1246 5196 quod
1290 5128 1609 5184 vocabulum
1652 5132 1741 5184 vix
1774 5130 1964 5184 vellem

397 5214 428 5252 a
462 5199 651 5254 Scotto
681 5202 1006 5267 explicatum
1045 5200 1213 5253 fuisse
1268 5199 1456 5253 Latine
1504 5211 1691 5254 contra
1738 5203 1964 5255 consub-

399 5270 870 5336 stantialistas,-ue
914 5272 1053 5325 forte
1085 5268 1409 5340 Eutycbiani
1458 5269 1694 5325 haeretici
1744 5286 1962 5339 permu-

403 5349 587 5393 tentur
615 5354 736 5396 cum
771 5341 1087 5395 orthodoxis
1138 5338 1546 5405 llatnousianis;
1574 5338 1879 5411 quanquam
1912 5342 1966 5395 Ιιί

404 5421 595 5479 reapse
624 5411 690 5479 de
706 5411 1013 5479 substantia
1038 5410 1216 5463 divina
1261 5419 1467 5463 tantum
1498 5410 1809 5478 loquuntur,
1850 5426 1969 5479 qua:

404 5476 594 5554 eadem
626 5476 681 5554 in
717 5476 878 5533 Patre
905 5479 1151 5554 Filioque
1184 5488 1299 5544 est;
1337 5480 1411 5534 illi
1443 5494 1507 5533 ex
1538 5476 1746 5554 duabus
1768 5476 1969 5554 Christi

405 5544 615 5623 naturis
652 5544 882 5598 ltumana
916 5562 981 5623 ac
1009 5544 1187 5623 divina
1224 5564 1403 5623 unam,
1436 5550 1965 5623 ut_dix_i,_faciebant.

408 5608 662 5667 Sedenim
684 5616 962 5672 commode
978 5617 1172 5671 accidit
1192 5626 1249 5672 ut
1269 5608 1455 5675 titulus
1486 5608 1765 5688 Cyt'illiaui
1788 5622 1967 5689 operis

2070 4503 2268 4571 siastas
2322 4500 2677 4571 scripserant
2718 4502 2883 4556 etiam
2944 4500 3564 4571 DiotlorusiTarsensis
3605 4509 3658 4554 et

2070 4570 2389 4626 Theodorus
2426 4570 2837 4640 Mopsustcuus,
2903 4570 3134 4626 testibus
3199 4570 3461 4625 Facundo
3517 4570 3655 4622 Her-

2068 4643 2333 4699 mianensi
2391 4641 2487 4695 lib.
2525 4657 2644 4707 vm,
2690 4658 2810 4710 cap.
2873 4640 2929 4696 4.
2995 4655 3202 4710 necnon
3254 4640 3488 4694 Leontio
3536 4640 3652 4710 ade.

2068 4712 2297 4779 Eutych.
2347 4710 2489 4779 apud
2542 4709 2822 4766 Canisium
2866 4710 3043 4775 Antiq.
3072 4709 3197 4779 lect.
3234 4711 3322 4762 cd.
3366 4725 3495 4764 nov.
3549 4709 3654 4771 t.l,

2067 4797 2121 4853 p.
2146 4778 2273 4845 591,
2299 4778 2708 4853 itemqueapud
2741 4779 3030 4853 tueSpicil.
3060 4778 3215 4853 liam.
3247 4790 3287 4853 t.
3310 4779 3380 4853 Χ,
3411 4788 3558 4853 part.
3595 4794 3653 4843 tr,

2068 4848 2159 4921 pp.
2189 4853 2277 4912 87,
2309 4852 2398 4905 88.
2425 4848 2666 4921 Denique
2688 4851 2852 4905 etiam
2882 4848 3652 4921 TheodotusAntiocltenus,

2067 4918 2144 4975 uti
2190 4922 2462 4975 afﬁrmant
2514 4918 2654 4990 apud
2706 4935 2791 4973 tne
2842 4929 2974 4990 tom.
3003 4919 3178 4990 cit_._p.
3218 4920 3282 4973 l0
3331 4918 3654 4990 Anastasius

2068 4995 2375 5062 presbyter,
2412 5001 2468 5045 et
2520 4987 2782 5062 Leontius
2822 5004 2876 5058 p.
2907 4989 3030 5043 151.
3068 4987 3189 5062 Uno
3235 4989 3517 5062 versiculo
3545 5003 3652 5062 rem

2071 5057 2355 5131 definierat
2396 5063 2537 5131 apud
2592 5057 3002 5131 Tlteodoi‘etum
3030 5058 3173 5131 dial.
3200 5059 3304 5131 rcit.
3332 5073 3387 5131 ρ.
3417 5057 3523 5111 106
3545 5060 3654 5131 An:

2072 5131 2283 5186 tiochus
2317 5126 2662 5186 Ptolemaidis
2694 5144 2708 5182 :
2741 5129 2833 5199 Μὴ
2874 5129 3109 5199 συγχέῃς
3154 5126 3512 5199 τὰςήφῷσεις,
3564 5126 3654 5179 καὶ

2073 5166 2283 5186 ιιυιιιιιο
2317 5166 2339 5183 ι
2365 5166 2662 5186 Μυκη-..ηδ
2694 5168 2708 5182 .
2741 5166 2833 5199 ...ιι
2874 5166 3105 5199 ηιμ...
3165 5166 3252 5191 ...ν
3295 5166 3512 5195 qn--."
3566 5166 3651 5179 η...

2069 5202 2131 5254 οὐ
2172 5202 2467 5272 ναρκήσεις
2516 5201 2645 5271 περὶ
2696 5198 2792 5272 τὴν
2832 5166 3180 5272 οἰκονομέᾳν·
3243 5196 3373 5251 Noli
3410 5210 3651 5272 natura;

2072 5269 2416 5340 confundere,
2468 5281 2516 5340 et
2565 5269 2708 5323 circa
2754 5269 3142 5321 incarnationis
3201 5269 3649 5340 mysteriummou

2073 5333 2317 5408 torpebis.
2363 5333 2615 5394 Sedénim
2643 5348 2721 5392 tot
2767 5339 2893 5392 olitn
2941 5348 2995 5391 et
3027 5351 3213 5405 postea
3257 5333 3465 5408 contra
3506 5336 3647 5408 illam

2068 5405 2321 5474 ltaitresint
2345 5409 2586 5478 scriptis,
2615 5423 2677 5478 ea
2706 5407 3060 5461 nihilominus
3086 5409 3244 5462 vivax
3278 5406 3485 5478 residet
3507 5405 3647 5472 apud

2068 5491 2273 5549 partem
2271 5473 2581 5554 Jttaxititani
2605 5477 3319 5554 Syrerum,Armenior_um,
3339 5473 3650 5554 :Etbioputn

2068 5545 2231 5617 atque
2261 5548 2576 5618 Cepturum.
2605 5545 2779 5604 Tanta
2805 5555 2889 5605 est
2912 5546 3211 5619 pra'judicii
3238 5545 3646 5617 cx_antiquitate

2070 5622 2307 5690 suscepti
2338 5619 2620 5676 tenacitas!
