3942 6128
323 249 461 307 i129

1502 249 1926 308 FRAGMENTA
1965 251 2383 311 DOGMATICA.

3427 254 3566 314 “'50

320 373 569 433 gumento
603 365 888 420 ordinatim
916 366 1106 422 recitat
1125 365 1314 422 dicens
1344 367 1458 422 fore
1501 376 1561 422 ut
1598 370 1722 424 coeli
1777 383 1901 424 con.
1925 373 1971 430 Α
1999 372 2182 425 obrcm
2201 371 2224 424 7
2241 369 2398 424 Certe
2413 382 2540 424 caro
2563 369 2626 422 ad
2645 367 2698 423 id
2719 374 2908 438 sponte
2926 379 3021 421 sua
3043 380 3148 420 non
3171 364 3362 429 fertur,
3383 381 3562 436 neque

322 465 658 524 senescant;
700 470 952 534 supremo
1002 466 1180 512 autem
1242 453 1354 512 Deo
1401 458 1896 516 immuta‘bilitatem

321 557 628 612 conservat,
659 549 828 616 ipsum
857 549 1102 602 eumdem
1140 547 1255 604 fore
1304 561 1522 618 semper
1575 559 1737 620 atque
1783 553 1888 606 im-

319 639 632 691 mutabilem
662 646 886 691 testans.
909 637 1078 692 Sicuti
1105 649 1281 692 autem
1303 653 1408 693 non
1455 647 1538 694 est
1559 641 1884 695 credendum

317 729 478 780 ullam
509 743 630 782 esse
661 737 770 782 tam
805 731 1169 784 necessariam
1223 745 1359 796 rem,
1392 745 1510 799 quae
1541 727 1700 786 Verbi
1724 743 1882 786 natu-

319 833 432 871 ram
468 819 519 871 in
553 820 602 872 id
649 829 982 885 convertere,
1013 821 1154 889 quod
1200 835 1389 890 reapse
1417 837 1521 876 non
1553 831 1658 889 cst,
1691 831 1882 892 queat:

318 907 393 960 ita
455 909 596 962 nulla
655 909 891 966 vicissim
942 923 1187 966 creatura
1244 915 1310 967 ad
1374 914 1592 968 deitatis
1636 924 1884 968 naturam

319 1001 552 1070 migrare
593 1003 823 1070 poterit;
849 1019 914 1058 ne
941 1005 1104 1057 multa
1154 1006 1404 1075 deinceps
1433 1008 1481 1060 ei
1507 1007 1887 1076 contingerent

318 1092 767 1158 inconvenientia,
812 1109 931 1163 qua:
987 1111 1116 1150 sane
1162 1096 1500 1152 inveniabilis
1553 1097 1883 1166 blasphemia

317 1184 474 1240 foret.
511 1186 668 1241 Certe
689 1187 735 1241 si
763 1187 938 1256 aliqua
954 1199 1204 1242 creatura
1226 1191 1290 1241 ad
1321 1189 1537 1243 deitatis
1565 1197 1763 1244 statum
1789 1205 1883 1242 ua-

317 1277 565 1331 turaliter
591 1279 861 1344 transiret,
891 1293 1048 1334 nemo
1068 1278 1178 1348 jam
1219 1296 1248 1333 a
1298 1289 1444 1335 recta
1491 1279 1710 1334 deviare
1757 1295 1882 1334 sen-

316 1371 482 1424 tentia
509 1370 804 1435 videretur,
835 1370 880 1425 si
909 1370 1049 1424 forte
1078 1371 1282 1426 diceret
1312 1387 1429 1426 eam
1465 1385 1528 1424 ex
1559 1370 1730 1424 nihilo
1764 1384 1884 1425 esse

314 1461 534 1526 factam,
563 1463 656 1516 sed
689 1463 808 1517 ideo
840 1463 1078 1518 materiae
1095 1463 1412 1533 particulam
1433 1463 1534 1518 sibi
1559 1464 1881 1532 sumpsisse,

315 1559 375 1602 ut
405 1551 696 1606 exsisteret
732 1568 747 1606 :
783 1561 892 1606 tum
931 1567 1126 1622 corpus
1151 1552 1440 1623 aliquando
1477 1553 1796 1608 e'xstiturum
1826 1553 1879 1606 in

315 1640 622 1694 substantia
679 1657 786 1696 non
839 1643 1105 1712 corporali
1151 1661 1164 1697 :
1211 1657 1432 1712 remque
1481 1641 1743 1697 visibilem
1810 1657 1876 1696 ac

314 1731 481 1783 tactui
525 1731 840 1799 subiectam,
865 1733 980 1787 ﬁeri
1021 1745 1207 1804 postea
1257 1734 1578 1789 invisibilem
1631 1744 1686 1789 et
1730 1728 1876 1790 nullo

315 1830 461 1876 tactu
507 1825 1138 1894 sentieudamzdenique
1183 1841 1382 1894 corpus
1430 1827 1556 1880 illud
1613 1827 1778 1880 vitam
1827 1827 1880 1879 vi

313 1912 546 1982 propriae
585 1923 789 1968 naturae
816 1915 1034 1979 habere,
1067 1917 1143 1970 uti
1195 1915 1426 1970 Verbum
1475 1917 1639 1971 vitam
1667 1933 1696 1970 a
1724 1918 1888 1971 Patre

314 2003 543 2070 accepit.
575 2003 739 2058 Aiunt
764 2004 983 2072 insuper
1014 2006 1186 2074 ipsum
1224 2006 1274 2059 in
1306 2021 1368 2060 ea
1423 2009 1722 2061 mutatione
1749 2022 1886 2061 con-

317 2094 826 2150 substantialitatem
856 2112 977 2151 cum
1003 2108 1193 2167 natura
1221 2109 1402 2151 nostra
1425 2099 1594 2154 fuisse
1611 2103 1884 2170 adeptum,

322 2201 394 2240 ne
417 2187 538 2254 quis
583 2187 722 2242 forte
749 2188 949 2242 diserte
995 2189 1197 2242 diceret
1245 2189 1410 2241 vitam
1435 2189 1482 2242 ei
1512 2205 1616 2243 non
1668 2191 1883 2244 inesse:

315 2291 494 2345 neque
531 2292 650 2332 esse
691 2278 1052 2340 inconfusum,
1081 2275 1341 2347 quidquid
1384 2279 1655 2348 corrumpi
1690 2287 1889 2349 potest.

313 2365 452 2420 Tum
479 2367 822 2436 opinionibus
853 2367 970 2422 suis
1009 2369 1432 2436 dispensationis
1460 2384 1675 2422 carnem
1711 2385 1886 2438 oppu-

312 2457 640 2527 gnant.Jam
674 2475 772 2530 ego
813 2460 939 2528 quid
996 2460 1207 2513 dicam?
1242 2459 1502 2514 Dominus
1548 2461 1688 2516 Deus
1732 2462 1888 2516 nobis

317 2549 590 2616 apparuit,
625 2558 684 2601 ut
734 2548 1138 2618 corruptionem
1188 2547 1447 2602 adversus
1481 2561 1581 2603 nos
1623 2549 1890 2603 rebellan-

314 2651 421 2694 tem
438 2639 756 2703 destrueret,
775 2657 882 2695 non
902 2655 1029 2694 vero
1045 2649 1100 2692 ut
1121 2641 1431 2694 ostenderet
1459 2647 1708 2694 naturam
1727 2655 1882 2694 suam

313 2735 515 2787 factam
561 2749 682 2788 esse
739 2735 1054 2802 participem
1104 2731 1521 2802 corruptionis:
1579 2733 1672 2787 sed
1731 2747 1884 2786 suam

315 2826 516 2878 laetam
543 2839 666 2878 esse
697 2827 1084 2880 demonstravit
1113 2839 1330 2878 carnem
1364 2822 1533 2886 illam,
1568 2839 1688 2892 quae
1726 2823 1883 2878 morti

313 2926 432 2972 erat
465 2917 786 2982 mancipata.
819 2915 923 2969 Sed
947 2914 1235 2984 numjuste
1269 2915 1559 2983 aliquando
1599 2917 1888 2970 contendet

1994 462 2045 516 id
2085 464 2239 515 more
2272 475 2372 515 suo
2409 461 2610 530 appetit
2653 459 2986 514 naturalibus
3032 457 3270 513 motibus
3309 456 3550 510 incitata.

1991 551 2132 622 Ergo
2167 551 2301 607 falso
2333 553 2602 606 diceretur
2629 565 2758 606 caro
2797 551 2862 604 ad
2897 549 3020 605 cuni
3067 549 3225 602 linem
3264 547 3415 617 jussu
3465 546 3560 603 Dei

1994 643 2152 699 Verbi
2189 642 2518 711 pervenisse.
2554 642 2635 695 An
2679 655 2806 696 vero
2847 637 3266 708 dispensationis
3295 636 3556 690 rationem

1989 734 2406 791 abominabilem
2429 732 2775 802 excogitavit,
2807 739 2866 784 ut
2891 744 3108 784 carnem
3137 729 3200 782 ad
3245 727 3558 794 dignitatem

1988 827 2234 878 cvexisse
2267 823 2382 891 ipso
2410 822 2586 876 Verbo
2639 821 2896 890 majorem
2945 818 3365 880 demonstraret,
3396 826 3560 881 atque

1987 922 2045 967 ut
2075 929 2136 968 ea
2169 914 2469 983 pompatica
2524 911 2833 966 videretur?
2858 913 3035 978 Atque
3076 906 3376 962 audiendus
3417 905 3562 958 Psal-

1989 1007 2148 1060 mista
2175 1013 2255 1059 cst
2292 1023 2306 1060 :
2351 1023 2370 1056 ι
2405 1003 2683 1060 Sacriﬁcia
2729 1012 2786 1057 et
2832 1002 3136 1057 oblationes
3190 1015 3295 1052 non
3350 999 3561 1067 expeti-

1985 1096 2130 1164 visti,
2163 1095 2474 1150 holocausta
2517 1111 2612 1163 pro
2659 1103 2883 1164 peccato
2903 1091 3158 1158 noluisti;
3191 1104 3389 1157 corpus
3427 1089 3558 1142 mihi

1986 1187 2226 1256 parasti;
2261 1186 2382 1241 ideo
2413 1185 2524 1238 dixi
2551 1203 2564 1240 :
2595 1183 2731 1238 Ecce
2760 1185 2940 1238 venio.
2963 1183 3120 1236 Initio
3153 1180 3270 1234 libri
3299 1179 3558 1248 scriptum

1984 1288 2067 1333 est
2095 1277 2162 1332 de
2196 1292 2278 1330 me
2303 1287 2354 1330 ut
2373 1275 2563 1330 faciant
2588 1275 2913 1328 voluntatem
2938 1285 3108 1336 tuam,
3131 1274 3268 1326 Deus
3291 1272 3332 1324 ³.
3375 1289 3393 1321 ι
3423 1269 3586 1335 Ergo-

1989 1367 2241 1423 Mosaicae
2302 1367 2432 1435 legis
2483 1366 2747 1420 sacrilicia
2781 1364 2960 1418 Patris
2993 1363 3266 1416 voluntate
3314 1377 3417 1416 non
3447 1362 3564 1412 cxi-

1983 1470 2201 1532 guntur,
2258 1459 2428 1528 magis
2487 1470 2615 1512 vero
2673 1457 2978 1509 incarnatio
3025 1453 3187 1508 Verbi
3241 1451 3557 1520 requiritur,

1983 1568 2176 1624 nempe
2207 1552 2323 1622 ejus
2354 1548 2690 1607 humanatio.
2723 1557 2781 1601 ut
2813 1562 2905 1602 eos
2961 1547 3052 1615 qui
3110 1545 3210 1600 sub
3269 1543 3406 1598 caelo
3437 1549 3564 1595 sunt

1983 1644 2226 1715 perﬁciat
2255 1644 2305 1696 in
2336 1641 2509 1712 gratia
2531 1655 2626 1710 per
2652 1637 2813 1694 ﬁdem
2843 1654 2858 1692 :
2895 1653 3056 1707 quam
3091 1651 3204 1691 rem
3247 1633 3560 1689 misericor-

1985 1737 2085 1790 diae
2119 1734 2372 1804 pacisque
2409 1747 2572 1787 causa
2626 1731 2774 1796 fecit,
2823 1737 2981 1798 prout
3019 1727 3128 1782 Deo
3179 1726 3395 1796 dignum
3450 1730 3555 1777 est-

1985 1824 2226 1891 Quonam
2253 1831 2408 1891 pacto
2431 1821 2609 1875 dicere
2623 1819 2743 1889 quis
2759 1819 2900 1871 ausit
2915 1815 3107 1871 factam
3131 1815 3196 1869 ab
3221 1814 3336 1883 ipso
3352 1811 3560 1866 abomi-

1984 1916 2220 1970 nabilem
2270 1912 2723 1984 dispensationem
2757 1911 2924 1974 illam,
2957 1924 3075 1978 quin
3105 1907 3240 1960 adeo
3271 1915 3354 1960 est
3393 1917 3557 1957 vene-

1987 2005 2170 2060 rabilis
2227 2020 2290 2058 ac
2337 2003 2681 2059 salubris?id
2715 2003 2857 2071 quod
2907 2013 3094 2068 reapse
3156 1997 3468 2060 accidisset,
3510 1993 3558 2048 si

1986 2103 2189 2148 mutata
2240 2093 2534 2146 divinitatis
2587 2100 2778 2145 natura
2837 2093 2890 2144 in
2947 2101 3200 2142 carneam
3245 2085 3558 2139 transisset.

1985 2181 2184 2236 Paulus
2224 2181 2438 2248 quidem
2485 2178 2917 2248 sapientissimus
2963 2175 3196 2228 scribit:
3231 2187 3249 2220 ι
3294 2171 3555 2225 Sanctum

1987 2269 2103 2338 ejus
2123 2283 2335 2338 corpus,
2371 2269 2421 2322 in
2447 2282 2554 2337 quo
2583 2281 2773 2337 passus
2809 2275 2914 2328 est,
2947 2277 3066 2317 cum
3096 2261 3148 2315 in
3203 2258 3556 2314 tentationem

1988 2363 2198 2426 incidit,
2231 2370 2287 2414 ιιι
2335 2360 2414 2414 eis
2441 2359 2534 2428 qui
2573 2358 2812 2413 tentandi
2862 2355 3038 2410 forent
3067 2368 3222 2424 opem
3256 2351 3422 2406 ferret
3453 2348 3495 2402 δ.
3531 2367 3550 2399 ι

1989 2454 2044 2508 Si
2076 2452 2239 2506 verba
2281 2450 2369 2504 illa
2396 2450 2453 2502 in
2487 2463 2587 2518 quo
2618 2463 2802 2516 passus
2843 2453 2920 2499 est
2953 2442 3212 2505 dolemus,
3237 2451 3445 2494 smnma
3476 2435 3556 2488 rei

1989 2545 2215 2610 deletur,
2252 2544 2486 2612 itemque
2525 2539 2846 2610 suppeditati
2900 2535 3056 2591 nobis
3100 2531 3288 2587 auxilii
3333 2543 3552 2598 scopus.

1989 2636 2142 2705 Quod
2171 2636 2236 2701 si,
2279 2643 2336 2688 ut
2363 2633 2547 2688 volunt
2581 2631 2672 2700 qui
2720 2645 2782 2684 ea
2827 2629 2988 2683 verba
3037 2624 3398 2695 supprimunt,
3429 2634 3556 2674 caro

1989 2731 2042 2784 in
2075 2727 2290 2784 deitatis
2320 2724 2670 2780 substantiam
2694 2721 2950 2776 transisse
2979 2719 3195 2779 dicitur,
3231 2725 3291 2768 ut
3319 2713 3374 2767 id
3411 2709 3552 2780 quod

1988 2834 2094 2874 non
2131 2825 2247 2872 erat
2281 2819 2452 2880 ﬁeret,
2485 2813 2590 2882 jam
2624 2811 2740 2879 ipsa
2773 2825 2900 2863 caro
2949 2805 3086 2862 haud
3119 2803 3343 2858 ulterius
3387 2796 3554 2852 menti

1989 2922 2186 2966 nostrae
2215 2907 2654 2963 occurritmecus
2692 2901 2834 2955 enim
2872 2915 2991 2968 qua:
3044 2894 3359 2952 mutationis
3415 2890 3554 2943 ratio

315 3006 529 3073 aliquis,
563 2981 726 3060 Deum
753 3005 983 3059 Verbum
1023 2981 1371 3060 in'naturam—
1412 3021 1727 3076 corpoream
1770 3021 1887 3060 esse
1915 3027 1958 3084 ρ
1991 3005 2201 3068 fuisset,
2246 3002 2290 3056 si
2350 2999 2490 3069 quod
2520 3006 2656 3062 erat,
2695 2997 2746 3048 in
2791 3001 2931 3048 statu
2989 3005 3090 3047 suo
3132 2981 3556 3084 permansisset?

318 3107 614 3162 mutatum,
653 3106 747 3152 aut
779 3113 934 3152 versa
966 3099 1080 3154 vice
1127 3112 1345 3153 carnem
1399 3098 1465 3153 ad
1503 3097 1597 3153 Dei
1634 3106 1878 3150 naturam

320 3188 601 3254 migrasse,
631 3202 688 3244 ut
714 3189 816 3258 ipsi
855 3190 1008 3245 ﬁeret
1065 3189 1584 3246 consubstantialis?
1615 3187 1752 3243 Num
1785 3202 1883 3242 nos

315 3293 380 3332 ea
433 3281 653 3334 credere
706 3291 936 3351 oportet,
989 3298 1106 3352 qua:
1163 3283 1385 3338 omnino
1445 3279 1713 3336 credenda
1769 3294 1880 3336 non

315 3370 478 3426 sunt?

615 3459 668 3512 5.
699 3460 844 3511 Idem
871 3459 1098 3528 Cyrillus
1121 3461 1174 3513 in
1199 3461 1378 3514 eodem
1413 3461 1566 3513 libro.

393 3547 628 3602 Verbum
657 3547 724 3600 de
755 3547 891 3600 cmlo
941 3549 1250 3614 lapsum,et
1297 3549 1448 3616 cujus
1497 3545 1712 3616 propria
1759 3559 1887 3600 caro

325 3640 466 3694 facta
501 3646 601 3700 est,
630 3653 814 3690 revera
857 3639 920 3692 de
951 3639 1089 3693 malo
1133 3639 1419 3694 advenisse
1447 3639 1664 3702 dicitur,
1689 3637 1886 3690 vitam-

319 3743 426 3798 que
458 3729 654 3782 mundo
707 3729 1022 3784 contulisse.
1051 3727 1236 3782 Divina
1291 3742 1422 3783 caro
1469 3736 1554 3781 est
1598 3727 1800 3794 itaque,
1828 3733 1888 3779 ut

311 3820 422 3888 jam
453 3819 560 3872 dixi
592 3837 606 3874 :
643 3833 796 3873 nemo
825 3815 1005 3874 tamen
1056 3829 1202 3874 recta
1243 3819 1452 3874 ratione
1506 3816 1888 3885 intellectuque

315 3914 598 3982 pranlitus,
629 3912 831 3966 idcirco
863 3912 1093 3966 Verbum
1125 3913 1177 3966 in
1219 3925 1438 3968 carnem
1468 3916 1736 3964 mutatum
1767 3921 1888 3963 esse

315 4004 418 4057 sibi
442 4003 802 4072 persuadebit.
833 4003 1065 4056 Necesse
1103 4013 1185 4058 est
1231 4003 1374 4056 enim
1415 4010 1472 4055 ut
1499 3998 1886 4055 sublimissima

315 4094 556 4146 omnium
587 4101 776 4145 natura
808 4107 1000 4160 purum
1031 4100 1230 4146 statum
1263 4091 1511 4155 retineat,
1545 4089 1597 4143 id
1639 4097 1724 4142 est
1755 4088 1887 4141 sim-

317 4181 645 4250 plicemsiue
663 4182 885 4236 alterius
907 4182 1306 4242 commistione.
1342 4195 1409 4234 ne
1453 4177 1595 4233 forte
1640 4177 1889 4230 videatur

315 4271 634 4338 composita,
671 4281 762 4324 aut
791 4271 1124 4326 incremento
1154 4271 1420 4338 indigens,
1453 4276 1546 4322 aut
1567 4266 1884 4336 cujusquam

316 4363 394 4418 rei
429 4364 694 4433 particeps
748 4379 867 4433 quae
904 4371 1150 4416 naturam
1190 4375 1342 4416 suam
1399 4361 1620 4414 minime
1669 4359 1880 4422 deceat,
1909 4355 1962 4414 D

315 4455 440 4508 dum
465 4455 518 4508 in
543 4464 746 4508 natura:
798 4455 1080 4518 unitatem,
1109 4452 1220 4508 sive
1262 4449 1878 4506 consubstantialitatem

313 4547 586 4601 Concurrit
605 4545 701 4616 (l).
727 4545 878 4600 Nunc
903 4545 1042 4598 acuti
1069 4533 1376 4600 intellectus
1395 4546 1552 4599 oculo
1569 4543 1877 4614 opinionem

313 4638 777 4694 Confusaneorum
811 4647 1135 4698 scrutemur,
1165 4637 1453 4690 dicentium
1487 4649 1702 4689 carnem
1738 4633 1880 4688 inef-

313 4727 458 4781 fabili
505 4729 712 4780 ratione
739 4725 816 4780 sic
843 4741 962 4780 esse
1001 4733 1278 4791 mutatam,
1313 4735 1370 4777 ut
1403 4725 1508 4778 Deo
1539 4722 1716 4778 Verbo
1751 4739 1883 4778 con-

313 4817 685 4873 substantialis
716 4815 970 4870 evaserit.
1006 4814 1114 4871 Cur
1167 4815 1242 4879 id,
1271 4815 1510 4882 inquam,
1551 4821 1643 4868 aut
1682 4828 1876 4881 quam-

399 4991 422 5024 ³
449 4993 594 5048 Psal.
625 5007 812 5056 xxxix,
843 4989 959 5044 7-9.
1035 4991 1057 5022 ⁸
1079 4991 1240 5046 llebr.
1270 5004 1330 5054 tt,
1365 4988 1446 5045 18.

387 5144 464 5216 (l)
495 5145 683 5198 Exstat
711 5146 896 5199 Graece
933 5145 1018 5198 hic
1049 5143 1358 5216 locusapud
1387 5141 1728 5216 Anastasium
1754 5157 1874 5216 pre-

313 5210 592 5284 slivterum
621 5230 648 5266 a
676 5215 830 5266 nobis
861 5216 1060 5266 editum
1098 5212 1306 5284 Script.
1329 5223 1423 5264 ret.
1452 5222 1498 5284 _t.
1531 5210 1636 5284 Vll,
1669 5210 1872 5284 pleO,

313 5281 404 5347 £5,
429 5283 516 5344 Ξῖ,
551 5298 670 5334 cum
702 5285 787 5334 vix
817 5284 1020 5349 aliquot
1046 5283 1394 5335 varietatibus
1421 5281 1498 5334 sic
1529 5299 1540 5333 :
1571 5282 1872 5348 Κυρίλλου

309 5357 380 5406 ἐκ
415 5352 520 5402 τοῦ
545 5351 693 5420 κατὰ
737 5349 1200 5420 Συνουσιίιστῷν
1233 5352 1436 5418 λόγου.
1460 5419 1463 5420 ν
1487 5349 1597 5420 Ναὶγ
1629 5353 1743 5420 μὴν
1778 5350 1875 5420 καὶ

311 5425 372 5484 ἐξ
402 5419 632 5488 οὐρανοῦ
662 5420 1090 5488 κατχνϐεϐηκέναι
1119 5419 1356 5488 λέγεται,
1389 5419 1480 5470 καὶ
1507 5419 1647 5488 ζωὴν
1678 5419 1875 5472 διδόναι

311 5490 392 5558 τῷ
417 5487 624 5558 κόσμῳ,
655 5489 740 5558 διὰ
765 5487 852 5558 seu
875 5487 1076 5541 ἄνωθεν
1100 5492 1192 5538 καὶ
1214 5487 1269 5558 ἐξ
1303 5487 1533 5558 οὐρανοῦ
1567 5487 1878 5558 κᾲταϐἁντσ.

313 5541 494 5625 λέγον.
612 5539 714 5608 ’καὶ
733 5557 845 5626 *ἰδία
875 5558 1152 5626 γέγονενὴ
1185 5539 1348 5624 adipi?
1375 5539 1576 5610 ὀὐκοῦν
1610 5556 1732 5611 Θεία
1761 5559 1878 5626 μὲν,

315 5624 398 5693 ὼς
431 5627 585 5698 ἔφην,
625 5624 802 5676 ἐστίν·
836 5627 894 5678 οὐ
933 5629 1038 5696 μὴν
1082 5624 1154 5678 ἔτι
1188 5629 1280 5677 καὶ
1311 5627 1388 5690 εἰς
1441 5626 1599 5695 φύσιν
1635 5624 1885 5696 θεότὴτος

1983 3098 2112 3163 Qum
2163 3100 2348 3146 nostro
2401 3087 2613 3156 corpori
2663 3085 2866 3140 utilitas
2924 3083 3207 3137 accederet
3251 3094 3280 3132 a
3327 3075 3556 3147 mystico

1984 3196 2280 3254 sanctoque
2317 3180 2608 3247 sacriﬁcio,
2640 3181 2792 3246 cujus
2828 3177 3066 3244 suscepti
3101 3172 3301 3226 factum
3326 3176 3557 3236 estper-

1984 3277 2188 3348 tireps?
2215 3273 2442 3342 Quinam
2495 3271 2614 3340 eius
2661 3270 2736 3324 rei
2783 3269 2987 3322 fructus
3032 3263 3171 3318 alius
3210 3260 3419 3322 luisset,
3453 3257 3554 3310 nisi

1983 3347 2126 3436 quod
2167 3365 2400 3420 Verbuut
2428 3371 2672 3417 naturam
2704 3373 2858 3414 suam
2892 3366 3102 3410 mutare
3125 3348 3420 3407 voluisset?
3445 3347 3555 3402 Cur

1983 3435 2140 3510 nobis
2170 3454 2286 3520 ipse
2327 3453 2548 3506 dixisset
2589 3469 2602 3504 :
2642 3469 2661 3500 ι
2697 3449 2806 3516 Ego
2846 3461 2964 3500 sum
3001 3443 3158 3515 panis
3190 3441 3314 3494 vita:
3353 3435 3445 3506 qui
3489 3435 3555 3488 de

1985 3545 2123 3599 coelo
2155 3541 2453 3604 descendit,
2483 3541 2788 3606 mundoque
2823 3539 2990 3591 vitam
3033 3545 3290 3588 mternam
3342 3529 3456 3584 dat.
3489 3527 3558 3581 Et

1985 3633 2160 3704 panis,
2187 3645 2346 3702 quem
2367 3644 2466 3698 ego
2501 3627 2699 3695 tribuo,
2737 3640 2855 3680 mea
2878 3639 3004 3678 caro
3034 3625 3224 3685 ρει,οὺ
3266 3622 3448 3675 mundi
3473 3619 3554 3673 vi-

1989 3733 2119 3781 tam.
2153 3723 2252 3790 Qui
2284 3723 2573 3776 manducat
2627 3731 2800 3772 meam
2854 3729 3072 3770 carnem
3105 3723 3159 3767 et
3187 3711 3322 3766 bibit
3371 3725 3550 3764 meum

1987 3811 2394 3884 sanguinem,in
2450 3824 2535 3864 me
2561 3808 2850 3873 manet,'et
2891 3819 2990 3872 ego
3041 3805 3093 3858 in
3124 3819 3188 3858 eo
3207 3803 3249 3855 ⁵.
3281 3821 3300 3854 ι
3335 3801 3476 3870 Ergo
3505 3801 3550 3855 si

1985 3919 2114 3960 caro
2145 3903 2197 3956 in
2225 3903 2276 3957 id
2307 3901 2452 3972 quod
2475 3914 2580 3954 non
2607 3907 2725 3953 erat
2777 3903 2983 3952 mutata
3011 3904 3116 3958 est,
3150 3900 3313 3963 atque
3363 3893 3428 3946 ad
3461 3906 3555 3945 su-

1985 3995 2286 4052 blimiorem
2318 4001 2510 4046 natura
2539 3989 2758 4060 propria
2785 3987 3010 4058 gradum
3041 3985 3277 4048 transiit,
3308 3982 3360 4036 id
3383 3990 3470 4035 est
3501 3981 3551 4035 si

1987 4102 2108 4142 eam
2136 4083 2296 4140 Verbi
2317 4083 2566 4139 voluntas
2600 4079 2949 4136 excelsiorem
2983 4077 3130 4142 fecit,
3163 4076 3316 4130 nobis
3339 4087 3555 4144 quoque

1985 4178 2093 4232 vim
2117 4175 2274 4245 hujus
2295 4175 2560 4245 mysterii,
2595 4185 2788 4241 resque
2819 4170 2884 4226 ad
2911 4169 2964 4225 id
2991 4168 3321 4240 pertinentes
3344 4164 3558 4221 ratione

1986 4268 2091 4325 alia
2119 4269 2301 4323 licebit
2333 4279 2610 4336 peragere.

2268 4399 2322 4456 4.
2357 4395 2506 4451 Idem
2543 4393 2770 4466 Cyrillus
2810 4393 2866 4447 in
2895 4390 3076 4446 eodem
3117 4388 3268 4442 libro.

2058 4537 2199 4607 Ergo
2221 4533 2613 4590 incarnationis
2642 4531 2832 4598 dogma
2871 4525 3151 4598 perspicua
3183 4536 3416 4593 veraque
3444 4521 3550 4578 ﬁde

1987 4629 2245 4684 creditur.
2270 4627 2422 4693 Quod
2448 4625 2514 4687 si,
2555 4631 2612 4676 ut
2642 4619 2958 4683 adversarii
3009 4617 3212 4682 dicunt,
3244 4613 3450 4680 abiecta
3471 4622 3553 4668 est

1987 4734 2134 4784 caro,
2165 4729 2218 4774 et
2249 4719 2300 4772 in
2326 4728 2576 4771 naturam
2616 4714 2774 4770 Verbi
2807 4721 3036 4778 mutata,
3073 4710 3216 4780 quod
3275 4707 3322 4762 ei
3356 4721 3415 4762 se
3457 4721 3551 4760 co-

1987 4809 2214 4878 pulavit,
2247 4824 2384 4864 vana
2403 4806 2925 4878 quoque’evaderet,‘
2941 4819 3044 4858 una
3075 4818 3196 4858 cum
3230 4801 3410 4858 carnis
3437 4815 3554 4854 mu-

1528 4990 1548 5020 ⁵
1568 4987 1725 5044 Joan.
1759 5003 1832 5055 vr,
1867 4987 2056 5044 51-55.

2027 5142 2308 5196 εταόαλεῖν
2341 5144 2670 5197 tit-comedam
2696 5163 2779 5210 τις
2805 5147 2888 5210 ἂν,
2917 5146 2970 5198 εἴ
2988 5162 3048 5211 γε
3077 5145 3200 5196 νοῦν
3235 5144 3346 5212 ἔχει
3375 5137 3546 5212 τὸνᾼεῦ

2015 5213 2372 5296 ξϐηκρτανκαὶ
2407 5213 2741 5296 Boructuari};
2770 5210 3050 5296 εὑτςχνίεις
3079 5210 3446 5296 ἐπισςεήμονας
3460 5210 3551 5296 9Ξῖ

2207 5282 2422 5352 πάντων
2446 5279 2820 5337 ἐιέέκεινοίκαὶ
2861 5279 3120 5336 diali-circo
3159 5279 3336 5352 φύτέι,
3375 5279 3542 5352 σώζεῖ

1981 5349 2103 5422 aea:
2130 5349 2386 5422 καθαρῶς
2416 5352 2476 5405 τὸ
2520 5355 2720 5406 ἁπλοῦν
2751 5354 2842 5405 καὶ
2887 5352 3196 5420 ἁσυμμιγὲς
3237 5350 3426 5422 ἑῖεΑέρῳ,
3456 5349 3548 5422 χρὴ

1979 5420 2038 5471 τὸ
2083 5420 2157 5490 μὴ
2203 5418 2570 5475 συεὶτεοείσοπι
2601 5424 2795 5478 δοκεῖν.
2844 5423 2898 5474 ἓν
2930 5418 3005 5489 γε.
3043 5418 3156 5480 λτοῖς
3185 5419 3304 5472 καθ’
3331 5418 3549 5490 ἑαυτὴν

1983 5487 2156 5558 ἤγουύ
2174 5491 2486 5560 προσθήκης
2519 5492 2798 5560 δεδεῆσοαί
2832 5487 2974 5553 τινός
2991 5491 3081 5542 καὶ
3104 5487 3423 5560 ἀσυμφυοῦς
3451 5487 3550 5538 αὐ-

1984 5556 2081 5630 τῆς
2113 5556 2534 5630 πώηματόςέὶς
2560 5556 2838 5614 κοιεᾶωνίαν
2862 5561 3032 5614 ἐλθεῖν
3052 5559 3152 5629 τὴν
3181 5556 3238 5612 ἐν
3265 5556 3549 5624 ταυτότητι

1989 5629 2201 5697 φύσεως
2233 5630 2396 5698 ἤγουν
2421 5631 2812 5700 ὸμοαυςιὸτητι.
