3942 6128
407 183 538 240 “Si

1400 191 1457 250 S.
1500 194 1772 253 CYRILLI
1807 198 2284 256 ALEXANDRINI
2324 203 2648 261 ARCHIEP.

3528 216 3661 275 “Si

405 302 612 358 tatione
655 303 913 362 salutaris
973 305 1098 364 fidei
1154 320 1364 366 nostrae
1397 314 1705 370 confessio:
1733 318 1842 371 imo
1894 333 1984 373 res
2013 324 2060 380 Α
2087 334 2196 388 quo
2232 321 2297 375 de
2327 321 2468 376 ctelo
2498 323 2772 378 rediturus
2812 333 2897 378 est
2927 325 2968 388 ’,
3005 326 3130 380 hinc
3187 337 3400 383 constat
3449 343 3662 386 carnmn

404 399 515 449 tota
565 396 1023 480 pessumdaretur,
1085 414 1207 454 cum
1260 401 1494 458 indidem
1533 419 1788 462 manante
1819 407 1982 477 justi-

403 485 685 555 ﬁcatione;
719 500 1224 562 consequenterque
1264 509 1362 550 nos
1409 497 1587 552 adhuc
1636 501 1688 553 in
1741 502 1982 571 peccatis

351 646 353 665 Ι
401 579 605 633 nostris
631 596 931 648 manemus,
961 600 1136 654 neque
1166 596 1410 643 veterum
1445 591 1726 661 culparum
1766 603 1982 648 nostra-

351 675 359 710 ι
402 687 518 725 rum
546 674 733 728 sordes
767 677 1025 731 discussa:
1055 688 1200 734 sunt.

707 788 762 842 5.
799 789 950 842 Idem
985 790 1216 862 Cyrillus
1236 796 1290 848 in
1313 795 1494 850 eodem
1520 797 1670 852 libro.

327 967 345 984 Γ
373 899 385 932 ³
472 899 528 953 Si
563 916 690 955 caro
717 902 876 958 Verbi
897 921 925 958 a
948 915 1144 961 nostrae
1173 910 1354 965 carnis
1383 912 1694 968 conditione
1719 917 1982 971 recessis-

345 987 356 1032 .'
401 1000 503 1056 set,
537 994 784 1064 superior
836 997 994 1051 nobis
1025 998 1238 1065 effecta,
1270 1003 1396 1070 quia
1442 1005 1495 1058 in
1539 1005 1796 1060 deitatem
1847 1023 1980 1062 con-

401 1095 576 1147 versa,
611 1085 802 1140 salutis
829 1097 1031 1142 nostrae
1067 1089 1213 1145 basis
1259 1105 1560 1161 corrueret,
1608 1112 1812 1165 nosque
1848 1099 1983 1152 adeo

399 1174 499 1228 sub
525 1178 714 1230 mortis
734 1181 1044 1249 peccatique
1066 1184 1330 1239 smvitiam
1372 1187 1771 1246 recideremus.
1803 1190 1980 1256 Sicut,

399 1260 592 1319 domus
627 1269 833 1324 murive
860 1271 1104 1328 subrutis
1128 1275 1327 1330 inlimis
1351 1277 1738 1346 fundamentis,
1769 1271 1985 1336 univer—

398 1373 518 1413 sum
553 1361 840 1417 aedilicium
879 1367 1233 1433 dilaberetur,
1258 1381 1312 1423 et
1361 1373 1619 1441 quidquid
1665 1374 1768 1430 illis
1799 1377 1985 1431 fulcris

397 1461 828 1517 superstruct‘um
883 1454 1093 1522 fuerat;
1135 1459 1206 1512 ita
1253 1462 1296 1513 si
1339 1460 1606 1529 Unigeniti
1657 1481 1777 1518 cum
1824 1482 1986 1522 carne

397 1541 732 1610 dispensatio
763 1559 889 1598 vera
934 1564 1039 1601 non
1074 1560 1241 1616 esset,
1277 1566 1364 1606 res
1387 1565 1587 1608 nostrae
1630 1555 1790 1608 simul
1823 1566 1985 1627 atque

398 1626 452 1678 in
489 1639 807 1697 perpetuum
849 1643 1222 1691 everterentur
1275 1647 1328 1692 et
1374 1641 1604 1695 infirmae
1651 1645 1863 1699 ﬁerent.
1896 1626 1984 1702 Sic
2019 1669 2060 1726 Β

398 1718 486 1770 aio
522 1722 747 1788 pariter,
787 1727 926 1792 quod
958 1727 1003 1781 si
1059 1725 1215 1782 Verbi
1251 1745 1380 1785 caro
1409 1733 1462 1785 in
1491 1734 1709 1787 deitatis
1734 1744 1983 1790 naturam

397 1821 608 1864 mutata
639 1812 850 1882 fuisset,
871 1820 1181 1873 necessario
1220 1831 1383 1890 atque
1435 1824 1487 1876 in
1537 1828 1982 1882 :rternumaFilii

401 1901 640 1958 hominis
679 1907 1040 1974 appellatione
1085 1912 1384 1969 excideret.
1431 1917 1540 1968 Cur
1585 1932 1714 1987 ergo
1767 1921 1986 1990 sapien-

397 1990 645 2047 tissimus
671 1993 866 2050 Paulus
894 1999 1126 2055 dixisset
1160 2020 1173 2054 :
1207 2021 1224 2053 ‹
1281 2004 1433 2060 Unus
1460 2018 1540 2061 est
1572 2008 1735 2074 Deus,
1761 2021 1814 2065 et
1847 2029 1986 2068 unus

398 2083 668 2138 mediator
717 2086 856 2141 inter
914 2087 1082 2144 Deum
1140 2103 1194 2147 ct
1240 2095 1503 2162 homines,
1533 2100 1691 2156 homo
1737 2103 1986 2161 Christus

399 2171 582 2258 Jesus,
628 2177 719 2246 qui
759 2178 906 2235 dedit
969 2184 1208 2254 seipsum
1265 2191 1709 2263 redemptionem
1737 2212 1834 2264 pro
1881 2213 1982 2253 no-

398 2264 485 2320 bis
516 2267 616 2320 ‘?i
657 2269 752 2324 Est
779 2272 892 2342 ipse
921 2277 1188 2331 mediator
1234 2291 1292 2334 ut
1333 2282 1495 2346 Deus,
1528 2285 1780 2356 idemque
1821 2292 1984 2347 homo

400 2355 582 2423 simul,
626 2359 791 2414 Deum
847 2362 1062 2421 Patrem
1101 2370 1256 2425 nobis
1287 2373 1547 2442 placaris;
1586 2355 1704 2446 ipse
1736 2395 1874 2434 unus
1901 2393 1982 2436 est

399 2449 455 2502 in
477 2451 628 2506 unica
657 2456 1008 2524 adunatione,
1047 2460 1100 2514 in
1137 2479 1240 2532 qua
1266 2480 1396 2520 sane
1433 2470 1621 2537 grandi
1669 2487 1790 2524 cum
1825 2475 1980 2528 diffe-

400 2544 574 2598 rentia
646 2547 1057 2619 distinguuntur
1123 2565 1332 2612 natura:
1385 2560 1734 2629 (l):eaedcm
1799 2575 1978 2621 tamen

399 2649 733 2695 concurrunt
788 2644 951 2699 simul
1006 2647 1059 2701 in
1106 2647 1407 2719 Christum,
1440 2665 1494 2710 et
1541 2657 1595 2710 in
1639 2658 1978 2714 inconfusam

398 2729 782 2790 adunationem
817 2745 982 2806 atque
1041 2739 1417 2812 insolubilem;
1453 2747 1647 2812 similis
1704 2749 1848 2805 Patri
1897 2764 1980 2807 est

399 2825 620 2892 deitate,
639 2828 831 2885 similis
855 2834 1010 2889 nobis
1029 2834 1394 2904 humanitate;
1427 2853 1589 2910 atque
1607 2843 1679 2897 ita
1700 2847 1979 2913 cognosci-

397 2925 488 2970 tur
524 2918 687 2974 homo
715 2923 964 2981 Christus
1010 2925 1168 2982 Jcsus
1209 2931 1476 2987 mediator
1518 2945 1726 2991 noster.
1755 2939 1904 3003 Quod
1931 2941 1976 2994 si

398 3005 782 3066 abominabilis
827 3015 881 3068 in
935 3031 1020 3080 eo,
1044 3027 1102 3071 ut
1149 3018 1238 3073 isti
1283 3023 1491 3090 volunt,
1516 3040 1646 3079 caro
1697 3037 1863 3094 esset,
1900 3032 1972 3082 rei
2005 3025 2048 3084 C

394 3112 607 3152 summa
640 3102 704 3156 de
730 3103 904 3159 medio
928 3107 1228 3175 tolleretur,
1269 3127 1369 3165 nec
1407 3110 1519 3178 jam
1558 3114 1675 3182 ipse
1709 3117 1850 3170 inter
1883 3135 1979 3172 nos

394 3186 726 3261 Patremque
742 3209 896 3250 suum
932 3198 1198 3253 mediator
1233 3213 1396 3256 esset.
1436 3202 1588 3258 Tunc
1626 3217 1804 3261 autem
1836 3224 1974 3278 quo-

395 3281 562 3336 modo
592 3283 658 3336 ad
691 3283 840 3338 illum
867 3291 1294 3346 accederemus?
1317 3306 1412 3347 aut
1444 3307 1590 3363 certe
1620 3301 1739 3366 quis
1768 3317 1866 3354 nos
1903 3302 1976 3354 illi

397 3370 746 3427 admoveret?
774 3377 897 3444 quis
934 3380 1148 3434 demum
1167 3389 1792 3453 superessetmediator?
1817 3391 1980 3448 Divus

395 3459 597 3517 Paulus
629 3465 768 3518 dixit
821 3468 1096 3524 hominem
1123 3489 1244 3529 esse
1285 3479 1820 3537 mediatorem.Tum
1864 3486 1979 3554 ipse

396 3550 646 3609 Christus
673 3557 879 3626 inquit:
902 3579 920 3612 α
950 3561 1120 3619 Nemo
1152 3572 1299 3622 venit
1347 3572 1414 3623 ad
1470 3571 1707 3638 Patrem,
1737 3576 1837 3631 nisi
1883 3550 1979 3646 per

394 3659 486 3698 me
505 3645 547 3700 ⁷.
579 3666 596 3698 ι
641 3647 1022 3708 Portentosum
1075 3669 1158 3713 est
1215 3675 1346 3730 ergo
1407 3674 1460 3717 et
1503 3663 1715 3720 insania
1757 3645 1976 3736 plenum

397 3750 764 3797 commentum
787 3744 1002 3801 illorum
1028 3751 1118 3819 qui
1146 3762 1372 3808 naturas
1403 3755 1762 3814 confundunt.

681 3855 734 3910 6.
778 3856 930 3914 Idem
977 3860 1210 3931 Cyrillus
1244 3867 1297 3920 in
1330 3873 1508 3922 eodem
1535 3869 1689 3925 libro.

473 3981 494 4014 ι
527 3964 659 4020 Cum
687 3967 855 4026 Filius
878 3971 1114 4029 hominis
1141 3979 1369 4044 venerit,
1401 3995 1528 4034 num
1562 3981 1614 4036 in
1646 3993 1788 4039 terra
1815 3987 1976 4043 fidem

394 4060 638 4117 inveniet
658 4061 719 4117 ⁸2
749 4082 768 4115 ι
818 4062 974 4119 Nunc
1003 4069 1293 4134 qurerimus
1322 4071 1390 4125 ab
1413 4074 1767 4139 adversariis,
1794 4094 1977 4146 quam-

394 4167 519 4206 nam
556 4155 700 4209 volet
755 4156 990 4212 hominis
1034 4158 1206 4216 Filius
1253 4163 1410 4218 fidem
1454 4165 1720 4235 invenire,
1755 4186 1876 4225 cum
1909 4174 1977 4228 de

393 4239 533 4294 creto
587 4241 879 4301 descendet
917 4249 1058 4316 apud
1106 4264 1202 4304 eos
1252 4252 1340 4320 qui
1378 4253 1429 4306 in
1470 4264 1612 4309 terra
1647 4265 1978 4317 versantur?

394 4329 490 4385 Vel
522 4333 778 4401 quidnam
808 4336 875 4390 de
913 4351 976 4392 eo
1031 4342 1239 4408 epinari
1286 4349 1614 4411 possumus?
1659 4348 1799 4404 Num
1835 4353 1976 4409 forte
2009 4377 2052 4431 ι)

393 4423 709 4494 abjecturus
749 4439 830 4481 est
852 4426 974 4483 Filii
1000 4430 1238 4488 hominis
1277 4437 1672 4504 conditionem,
1698 4456 1765 4495 an
1795 4445 1972 4510 potius

392 4517 446 4569 in
477 4517 829 4575 similitudine
858 4531 1045 4576 nostra
1070 4539 1376 4592 mansurus,
1407 4539 1467 4582 ut
1494 4530 1657 4587 homo
1700 4549 1819 4588 esse
1855 4552 1973 4592 cre-

393 4610 592 4664 datur?
623 4613 776 4678 Quod
837 4615 881 4670 si
916 4615 1072 4687 longe
1109 4617 1346 4687 abesset,
1373 4630 1431 4676 ut
1480 4622 1654 4693 ipsum
1709 4642 1862 4696 aeque
1909 4646 1973 4685 ac
2013 4656 2017 4660 π

392 4717 491 4758 nos
543 4704 816 4761 hominem
862 4719 1112 4778 reputare
1153 4725 1455 4784 possemus,
1496 4731 1970 4789 consequenteruc
2031 4745 2034 4749 λ

392 4794 576 4850 dicere
625 4797 814 4853 liceret
845 4813 1132 4858 venturum
1191 4805 1425 4864 fortasse
1473 4825 1572 4865 ceu
1608 4813 1879 4869 hominem
1915 4826 1970 4870 ut

391 4887 550 4942 fidem
577 4888 630 4942 in
657 4898 803 4943 terra
834 4892 1088 4961 inveniat,
1119 4907 1172 4952 et
1199 4915 1303 4953 non
1337 4902 1516 4970 potius
1550 4916 1835 4960 venturum
1870 4924 1968 4962 ceu

391 4980 560 5034 Deum
599 4979 833 5037 Verbum
884 4984 1115 5056 simplex
1150 5000 1206 5043 et
1253 4993 1457 5060 absque
1498 5010 1684 5062 carne,
1728 5008 1785 5053 ut
1831 5000 1973 5054 hanc

391 5071 550 5126 tidem
581 5075 720 5143 apud
760 5085 1045 5134 terrestres
1100 5081 1375 5136 inveniat?
1408 5084 1512 5140 Sed
1561 5089 1685 5156 quia
1745 5089 1973 5158 ipsemet

391 5166 682 5222 manifeste
695 5183 752 5223 se
773 5167 969 5223 Filium
999 5171 1235 5230 hominis
1253 5176 1510 5232 vocitavit
1527 5186 1771 5249 tempore
1805 5182 1968 5234 etiam

487 5323 554 5397 ξι
574 5330 714 5385 Tim.
746 5349 806 5397 ιι,
838 5333 891 5387 5.

919 5395 929 5404 ,
968 5334 1167 5405 7Joan.
1202 5350 1311 5402 κη’,
1353 5336 1406 5390 6.
1486 5338 1507 5369 ⁸
1531 5338 1658 5395 Luc.
1685 5356 1816 5405 xvn,
1852 5342 1899 5396 8.

397 5392 442 5423 ι·
463 5390 692 5467 Philipp.
728 5390 808 5468 Ill,
848 5395 938 5458 at:

1019 5404 1100 5456 ³³1
1129 5404 1284 5460 Joan.
1322 5423 1392 5471 Iv,
1433 5408 1520 5463 12.

1982 5343 2002 5372 ⁹
2026 5340 2219 5397 Matth.
2252 5359 2402 5411 xxvr,
2433 5343 2484 5398 6.

2085 415 2152 469 ab
2182 430 2248 469 eo
2277 415 2330 468 in
2361 414 2504 468 aliud
2534 413 2762 483 quodvis
2787 430 2890 469 non
2925 414 3094 470 fuisse
3128 426 3418 481 mutatam,
3445 420 3538 472 sed
3556 423 3666 489 glo-

2088 506 2285 562 riosam
2314 508 2452 574 apud
2479 522 2602 560 eum
2627 520 2864 573 manere,
2900 507 3389 578 incorruptibilem,
3414 513 3533 565 sine
3561 530 3670 566 tua-

2085 598 2408 667 cula,atque
2427 599 2520 652 illa
2546 597 2665 652 luce
2693 597 2988 667 fulgentem
3022 598 3085 651 ad
3113 614 3277 668 quam
3311 617 3472 656 nemo
3500 615 3669 671 potest

2085 693 2368 746 accedere.
2395 691 2566 746 Porro
2603 690 2745 745 haud
2791 705 2914 745 cum
2955 690 3052 746 illo
3093 691 3266 759 tenui,
3293 703 3355 746 ut
3403 696 3669 763 primitus,

2085 781 2374 852 Splendore
2409 783 2722 838 descendet.

2371 893 2422 946 7.
2454 892 2604 948 Idem
2645 894 2873 965 Cyrillus
2913 896 2969 949 in
3009 897 3189 951 eodem
3237 899 3390 952 libro.

2159 1007 2215 1062 Si
2249 1021 2376 1062 caro
2402 1007 2520 1076 ejus
2547 1009 2615 1062 ad
2650 1018 2897 1063 naturam
2925 1009 3143 1065 deitatis
3166 1011 3334 1080 ipsius
3365 1013 3674 1078 transisset,

2079 1098 2191 1166 jam
2223 1100 2393 1154 Filius
2415 1100 2651 1156 hominis
2679 1115 2798 1155 esse
2827 1101 3136 1166 desineret;
3183 1103 3475 1174 palamque
3499 1107 3670 1160 omni-

2089 1191 2188 1246 bus
2218 1191 2373 1246 fieret
2423 1191 2648 1262 gloriam
2690 1192 2998 1260 adoptionis
3045 1193 3224 1247 amitti
3272 1209 3301 1248 a
3339 1196 3520 1258 nobis,
3558 1207 3671 1250 tan-

2089 1298 2248 1352 quam
2281 1284 2329 1338 si
2359 1284 2778 1353 primogenitum
2805 1284 2947 1339 inter
2965 1282 3164 1340 multos
3195 1285 3456 1344 fratres"
3476 1289 3670 1343 diutius

2090 1390 2197 1428 non
2231 1375 2581 1429 haberemus.

2388 1489 2442 1543 8.
2476 1489 2627 1545 Idem
2660 1491 2889 1562 Cyrillus
2914 1494 2967 1548 in
2993 1496 3174 1548 eodem
3207 1494 3369 1548 libro.

2162 1605 2276 1658 Non
2311 1613 2536 1672 apparet
2575 1605 2812 1660 Verbum
2859 1622 3079 1662 carnem
3120 1619 3392 1682 mutasse,
3425 1623 3546 1678 qua:
3589 1612 3665 1663 in-

2089 1698 2521 1752 convertibiliter
2575 1706 2633 1751 et
2679 1700 2882 1768 absque
2913 1701 3236 1755 confusione
3270 1700 3347 1754 illi
3377 1702 3665 1771 conjuncta

2086 1800 2171 1845 est
2197 1792 2248 1844 in
2268 1791 2488 1846 deitatis
2520 1800 2734 1846 natura.
2765 1792 2898 1846 Illud
2931 1793 3108 1861 potius
3141 1794 3518 1855 observamus,
3558 1809 3666 1846 me-

2089 1884 2194 1937 rito
2242 1883 2387 1936 illam
2445 1883 2615 1953 gloria
2652 1899 2749 1939 sua
2802 1885 3205 1955 magnifrcasse,
3256 1885 3660 1953 honoribusque

2087 1973 2196 2028 Deo
2228 1973 2422 2028 debitis
2452 1973 2759 2046 cumulasse
2779 1993 2792 2029 :
2816 1983 2975 2045 atque
3017 1976 3090 2030 ita
3149 1986 3391 2043 tempore
3421 1991 3523 2030 suo
3545 1991 3666 2029 car-

2085 2067 2169 2120 nis
2215 2081 2428 2136 quoque
2487 2067 2883 2134 dispensatoria
2919 2054 3242 2121 'svubstantia
3269 2067 3350 2138 [de
3383 2066 3522 2120 coelo
3565 2070 3658 2120 de-

2085 2157 2330 2229 scendet]
2352 2172 2543 2226 :quam
2590 2159 2836 2213 videntes
2864 2160 3225 2215 admiratione
3254 2161 3483 2229 perculsi
3517 2173 3663 2215 sunt.

2087 2249 2239 2304 lianc
2271 2265 2461 2319 reapse
2494 2250 2682 2305 oculus
2710 2251 2865 2314 vidit,
2897 2253 2970 2305 uti
3005 2253 3266 2321 scriptum
3302 2263 3406 2307 est.
3446 2254 3671 2308 Sancto.

2084 2357 2201 2394 rum
2235 2343 2380 2395 enim
2417 2342 2728 2410 angelorum
2778 2358 2915 2397 unus
2966 2343 3293 2398 mirantibus
3339 2345 3461 2398 ait:
3507 2364 3526 2396 ί
3557 2344 3667 2398 Vin’

2085 2433 2456 2502 Galilaei,quid
2483 2433 2681 2488 cmlum
2702 2435 3010 2502 suspicitis?
3042 2435 3317 2490 llicJesus
3339 2437 3433 2505 qui
3459 2452 3670 2491 assum-

2081 2540 2206 2595 ptus
2237 2534 2319 2580 est
2353 2542 2382 2579 a
2413 2527 2585 2592 vobis,
2625 2527 2703 2580 sic
2732 2523 2916 2580 veniel'
2949 2529 3417 2595 quemadmodum
3464 2529 3670 2582 vidistis

2080 2634 2203 2674 cum
2231 2628 2446 2674 euntem
2472 2621 2525 2673 in
2554 2618 2722 2674 caelos
2744 2621 2808 2674 ιι.
2847 2638 2865 2671 ι
2898 2619 3034 2672 Num
3082 2618 3280 2673 dicturi
3311 2621 3450 2675 estis
3503 2623 3672 2674 visum

2080 2725 2202 2766 esse
2230 2712 2296 2766 ab
2333 2712 2400 2766 iis
2433 2713 2723 2766 salientem
2765 2713 2830 2765 ad
2864 2711 3080 2766 Patrem
3139 2713 3350 2780 absque
3385 2713 3593 2767 carne?
3624 2715 3672 2766 id

2079 2812 2164 2858 est
2199 2801 2373 2859 forma
2401 2813 2588 2858 nostra
2621 2804 2963 2873 indignanter
2987 2805 3220 2872 abjecta,
3239 2805 3355 2872 jam
3383 2822 3491 2860 non
3515 2806 3673 2860 fuisse

2081 2896 2134 2949 in
2159 2910 2388 2964 corpore
2424 2895 2646 2961 visibili,
2678 2896 2909 2965 ideoque
2951 2911 3010 2950 se
3037 2908 3423 2952 commutasse
3456 2901 3509 2953 in
3545 2899 3671 2951 inri-

2080 2987 2288 3041 sibilem
2313 2987 2884 3056 incorruptibilemque
2915 2996 3171 3040 naturam
3197 2987 3219 3039 ’ἔ
3245 2987 3407 3053 Quis,
3431 2990 3664 3056 inquam,

2088 3079 2202 3130 hzee
2249 3077 2428 3131 dicere
2481 3075 2660 3129 ausit?
2693 3077 2787 3130 Sin
2813 3086 3004 3131 contra
3042 3078 3115 3131 ita
3159 3089 3433 3133 venturus
3465 3088 3568 3144 est,
3595 3078 3668 3130 uti

2086 3169 2365 3233 ascendit,
2399 3167 2584 3236 quidni
2631 3183 2758 3222 vere
2797 3169 3030 3232 dicetur,
3061 3183 3183 3222 cum
3216 3171 3412 3223 eodem
3451 3184 3672 3237 corpore

2086 3259 2345 3325 Verbum,
2379 3275 2483 3313 non
2537 3269 2715 3313 autem
2768 3261 2819 3312 in
2858 3269 3051 3313 natura
3091 3260 3331 3327 simplici
3367 3272 3421 3315 et
3469 3264 3670 3330 absque

2083 3368 2266 3420 carne,
2300 3367 2420 3406 esse
2452 3350 2780 3406 venturum?

2389 3466 2440 3520 9.
2484 3464 2633 3518 Idem
2655 3464 2886 3534 Cyrillus
2914 3466 2964 3518 in
2997 3469 3174 3520 eodem
3204 3466 3361 3521 libro.

2155 3579 2231 3634 De
2251 3579 2469 3634 Christo
2494 3580 2714 3649 scripsit
2731 3580 3164 3649 sapientissimus
3187 3595 3412 3649 quoque
3439 3578 3668 3633 Paulus:

2091 3688 2108 3721 ι
2143 3671 2242 3737 Qui
2276 3671 2586 3724 immutabit
2637 3686 2832 3740 corpus
2885 3672 3210 3726 humilitatis
3264 3683 3494 3735 nostra},
3530 3674 3674 3726 utsit

2005 3806 2016 3817 .
2084 3763 2260 3817 simile
2291 3762 2505 3832 corpori
2545 3763 2818 3832 glorias“.
2852 3781 2870 3814 ι
2905 3762 3044 3828 Quid
3089 3765 3155 3816 ad
3192 3763 3310 3816 haec
3365 3763 3556 3817 dicent
3580 3763 3672 3823 illi,

2082 3853 2175 3922 qui
2199 3868 2414 3908 carnem
2452 3862 2710 3907 mutatam
2740 3855 2892 3907 aiunt
2936 3854 2989 3905 in
3018 3852 3182 3907 Verbi
3214 3854 3516 3906 naturam?
3540 3853 3670 3906 Num

2083 3953 2392 4000 sanctorum
2430 3959 2656 4014 corpora
2727 3944 2845 4000 ideo
2879 3952 3157 3996 mutantur
3184 3943 3236 3996 in
3258 3943 3484 3998 deitatis
3518 3953 3670 3997 natu-

2084 4052 2223 4101 ram,
2270 4037 2396 4106 quia
2452 4039 2569 4105 ipsa
2627 4049 2848 4105 quoque
2909 4033 3213 4090 conformia
3263 4035 3406 4089 fiunt
3454 4036 3668 4105 corpori

2081 4129 2265 4197 gloriae
2306 4128 2456 4194 ejus?
2487 4127 2673 4181 Nonne
2715 4142 2877 4181 mera:
2919 4142 3089 4198 gerrae
3133 4135 3262 4181 sunt
3313 4128 3433 4182 haec
3481 4143 3668 4183 eorum

2081 4223 2270 4288 verba,
2328 4236 2448 4290 qua:
2495 4220 2710 4275 inscitia
2758 4219 3007 4274 scatent?
3036 4217 3093 4273 Si
3140 4234 3268 4272 caro
3317 4219 3387 4272 ad
3450 4220 3670 4273 deitatis

2082 4323 2352 4377 naturam,
2392 4321 2448 4366 ut
2474 4313 2649 4376 aiunt,
2683 4312 2918 4376 transiit,
2946 4327 3182 4380 quonam
3215 4312 3434 4363 demum
3467 4312 3522 4363 in
3551 4328 3666 4364 cor-

2081 4422 2213 4476 pore
2242 4406 2381 4459 Deus
2409 4401 2646 4458 Vcrbum
2667 4404 2950 4458 versatur?
2975 4402 3068 4456 Est
3097 4402 3242 4456 enim
3268 4402 3444 4455 dcitas
3478 4403 3662 4456 incer-

2082 4513 2268 4568 porea,
2327 4497 2722 4566 verissimeque
2759 4497 2990 4551 dicimus
3056 4495 3257 4550 nemini
3309 4495 3484 4551 Deum
3555 4511 3669 4550 αδδς

2081 4590 2430 4658 conspicuum
2461 4588 2526 4642 ⁸³.

2372 4703 2460 4759 10.
2492 4703 2640 4758 Idem
2662 4704 2892 4775 Cyrillus
2917 4708 2972 4760 in
3001 4708 3178 4760 eodem
3206 4706 3365 4758 libro.

2154 4817 2260 4873 Sed
2314 4818 2551 4873 fortasse
2592 4818 2776 4874 dicent
2833 4834 3054 4874 carnem
3082 4819 3228 4873 haud
3267 4818 3498 4873 omnino
3541 4821 3664 4873 sul.-

2081 4913 2338 4965 stantiam
2381 4927 2533 4966 suam
2557 4912 2840 4978 amisisse;
2876 4913 2969 4967 sed
3002 4927 3124 4966 cum
3155 4911 3264 4966 Deo
3294 4911 3476 4965 Verbo
3501 4923 3666 4964 semet

2081 5001 2492 5056 commiscuisse
2522 5001 2754 5055 naturali
2779 5004 3011 5071 quadam
3031 5003 3388 5055 adunatione.
3411 5003 3524 5072 Ego
3544 5018 3666 5054 vere

2081 5095 2351 5160 quomodo
2382 5093 2465 5147 his
2499 5108 2817 5157 occurram,
2850 5094 3148 5163 praesertim
3184 5095 3312 5163 quia
3364 5096 3661 5149 humanum

2082 5183 2428 5237 ratiocinium
2460 5185 2513 5238 in
2535 5185 2618 5238 his
2649 5195 2848 5254 torpet,
2888 5201 3064 5254 neque
3093 5188 3341 5255 propria,
3387 5199 3446 5240 ut
3471 5188 3546 5239 ita
3582 5187 3663 5237 di-

2571 5346 2612 5376 ¹⁰
2639 5344 2795 5400 Rom.
2833 5361 2953 5408 vm.
2984 5346 3072 5401 29.
3209 5347 3396 5402 “Act.
3434 5365 3468 5410 ι,
3514 5347 3590 5400 Η.

470 5546 1422 5644 ξρχῖιρςιδ-εξιξςριὶίιριηυθιιιορςτςε
1453 5565 1682 5636 Cyrillus
1738 5569 2025 5626 abhorreat
2065 5587 2095 5626 a
2136 5570 2323 5629 Severi
2363 5571 2756 5644 Monophysitae
2809 5574 3103 5639 sententia,
3155 5573 3249 5642 qui
3308 5587 3488 5629 tamen
3523 5571 3658 5627 illius

402 5612 538 5672 falso
568 5623 948 5678 auctoritatem
982 5630 1080 5684 sibi
1109 5612 1504 5698 'praatct'idebai.
