3942 6128
240 258 384 333 less

1425 254 1851 313 FRAGEENTA
1892 254 2308 317 DOGMATICA.

3366 275 3386 328 l
3402 273 3507 330 -ίῗμδ

242 390 390 439 eam,
439 372 491 427 in
523 373 804 442 provincia
828 373 1124 429 versatur?
1148 370 1283 428 Nam
1312 371 1397 428 vel
1424 388 1554 429 caro
1591 374 1827 428 inmuta-
1855 383 1902 432 Α
1929 388 2083 430 suam
2139 392 2542 451 personamque
2595 383 2803 449 amisit,
2834 398 2936 439 nec
2988 384 3227 455 priorem
3264 402 3383 442 cum
3416 389 3507 443 illo

245 466 370 523 bilis
417 475 522 532 est,
579 467 808 536 ideoque
868 469 923 522 in
970 464 1133 521 Verbi
1188 476 1440 521 naturam
1482 482 1590 522 non
1644 479 1823 523 mutae

244 560 534 614 tur...vel
566 558 618 613 in
653 559 704 614 id
743 574 959 629 semper
1000 568 1243 614 mutatur
1286 560 1432 630 quod
1492 573 1649 615 antea
1703 561 1821 630 ipsa

244 663 352 704 non
372 658 525 717 erat;
561 664 721 719 quam
770 651 1128 705 mulationem
1187 650 1313 705 dum
1362 652 1587 719 patitur,
1647 651 1718 706 ab
1757 667 1821 707 ea

242 740 540 797 stabilitate
588 741 817 797 discedit
867 756 987 811 qua:
1037 741 1204 797 Deum
1233 744 1408 810 decet,
1437 753 1596 814 atque
1626 743 1693 799 ab
1732 743 1820 798 illa

244 847 351 902 qua
386 833 710 889 naturaliter
752 835 1044 890 fruebatur
1090 835 1405 892 securitate.
1443 835 1598 891 Tune
1637 846 1821 891 autem

244 936 477 994 quonam
511 923 635 993 jure
686 926 851 980 homo
891 934 1071 993 posset
1111 926 1405 997 appellari?
1452 925 1673 981 interim
1729 941 1821 983 sa-

243 1011 458 1082 pienter
490 1027 751 1081 recteque
784 1016 1211 1071 existimandum
1246 1018 1429 1081 credo,
1465 1016 1665 1071 nullam
1707 1032 1821 1070 rem

244 1115 506 1169 creatam,
533 1107 599 1162 ad
629 1106 844 1162 deitatis
878 1122 1036 1178 posse
1066 1118 1316 1163 naturam
1346 1125 1583 1180 unquam
1629 1124 1755 1167 assu
1768 1128 1822 1165 r-

245 1213 393 1268 gere,
421 1199 496 1265 id,
547 1199 790 1269 inquam,
818 1200 961 1255 inter
1016 1201 1371 1271 impossibilia
1429 1207 1822 1258 numerandum

245 1298 347 1344 est.
386 1289 540 1356 Quod
569 1291 615 1346 si
647 1289 702 1345 hi
738 1290 879 1347 forte
929 1292 1124 1348 idonea
1159 1303 1476 1362 argumenta
1521 1295 1826 1364 repererint

247 1381 316 1435 ad
348 1382 783 1452 persuadendum
801 1382 919 1439 fore
947 1393 1023 1450 ut,
1051 1385 1104 1440 in
1126 1385 1478 1457 permistione
1506 1398 1826 1442 naturarum

246 1480 412 1544 atque
443 1474 763 1542 insertione,
794 1478 1154 1546 proprietates
1179 1478 1340 1533 unius
1376 1478 1448 1532 ita
1492 1493 1826 1534 conserven-

249 1572 342 1619 tur
375 1575 434 1621 ut
470 1582 577 1622 non
605 1571 1080 1625 communicentur
1131 1569 1309 1637 alteri,
1341 1581 1668 1641 maneatque
1696 1588 1826 1643 per-

245 1655 395 1711 fecta
443 1657 780 1728 singularum
855 1659 1124 1726 deﬁnitio,
1180 1661 1266 1716 bis
1315 1676 1448 1715 sane
1492 1662 1826 1733 argumentis

246 1755 475 1802 utantur
502 1758 666 1805 :tunc
697 1753 840 1806 enim
899 1766 998 1807 nos
1052 1753 1438 1819 concedemus,
1471 1755 1825 1824 permistione

246 1839 583 1909 huiusmodi,
632 1844 772 1898 haud
834 1859 1050 1900 omnem
1120 1845 1364 1902 veritatis
1430 1848 1536 1902 vim
1604 1848 1820 1919 perimi.

249 1928 375 2001 [(l)
404 1928 789 1988 Verumtamen
816 1935 860 1988 si
895 1935 1034 1990 forte
1070 1936 1254 1991 dicant
1309 1954 1528 1994 carnem
1579 1949 1633 1996 et
1685 1940 1824 1996 Ver-

245 2021 376 2076 hum
411 2037 475 2078 eo
503 2025 663 2080 modo
689 2026 832 2080 inter
858 2043 917 2081 se
964 2028 1123 2082 mista
1169 2044 1276 2098 quo
1316 2031 1501 2100 liquidi
1564 2033 1824 2089 humores

247 2112 447 2180 solent,
493 2117 762 2184 quomodo
810 2118 1063 2187 ignorant
1117 2119 1342 2189 liquida,
1412 2138 1532 2190 quae
1587 2124 1820 2178 invicem

248 2211 641 2273 temperantur,
686 2207 874 2261 vinum
928 2218 1055 2275 puta
1102 2224 1166 2263 ac
1218 2209 1472 2276 mel,jam
1526 2228 1635 2266 non
1690 2229 1823 2280 pura

244 2310 470 2352 manere
524 2307 584 2352 ut
640 2311 816 2364 erant,
865 2302 957 2354 sed
1008 2300 1197 2355 aliena:
1237 2304 1556 2358 substantiae
1608 2320 1824 2359 assum-

245 2388 450 2457 ptione,
470 2389 520 2442 in
545 2388 690 2443 aliud
719 2391 973 2460 quiddam
1002 2394 1388 2448 transmutari?
1418 2393 1474 2449 Si
1500 2411 1630 2465 ergo
1670 2398 1823 2450 aiunt

246 2489 561 2535 concretam
634 2481 805 2537 fuisse
858 2498 982 2537 cum
1018 2483 1198 2539 Verbo
1236 2500 1482 2551 carnem,
1513 2488 1824 2542 necessario

244 2587 469 2643 prorsus
519 2575 806 2631 dicendum
858 2586 943 2633 est
980 2588 1268 2648 utramque
1322 2581 1587 2635 dictarunt
1641 2597 1820 2636 rerum

246 2676 280 2716 a
315 2678 415 2717 suo
447 2665 630 2733 priore
662 2674 805 2721 statu
861 2669 1201 2734 discessisse,
1238 2672 1588 2742 mediumque
1616 2673 1821 2744 aliquid

243 2769 316 2811 ex
347 2764 576 2827 utraque
609 2759 941 2826 confectum,
965 2760 1177 2817 diversa
1217 2778 1441 2832 prorsus
1463 2776 1654 2820 natura
1680 2783 1817 2837 praes

244 2846 443 2914 ditum,
494 2864 658 2918 quam
702 2860 861 2907 antea
920 2868 1005 2908 res
1038 2864 1267 2924 utraque
1318 2858 1597 2926 partiatim
1645 2860 1821 2933 erat.]

243 2936 401 2993 Nune
442 2954 543 3007 ego
584 2941 929 2998 adversarios
978 2945 1246 3000 sciscitari
1296 2948 1506 3014 vellem,
1540 2965 1699 3019 quem
1754 2952 1822 3006 ad

246 3036 445 3085 statum
477 3032 738 3087 transisse
771 3044 960 3102 putent
990 3036 1151 3091 Verbi
1189 3049 1438 3094 naturam
1492 3043 1619 3095 dum
1673 3044 1823 3097 carni
1854 3058 1896 3117 ο

245 3122 410 3178 mista
441 3125 559 3179 est?
594 3128 1029 3197 quandoquidem
1069 3129 1120 3183 in
1151 3132 1331 3199 priore
1360 3143 1511 3187 certe
1542 3144 1684 3189 statu
1715 3152 1821 3191 non

247 3216 560 3284 mansisset,
611 3233 749 3273 anne
772 3221 1080 3275 commistio
1103 3220 1338 3277 Verbum
1379 3240 1408 3278 a
1439 3227 1657 3296 pr0pria
1686 3243 1822 3282 con-

244 3305 454 3361 ditionc
484 3306 773 3377 depulerit,
796 3325 859 3364 ac
889 3325 983 3364 sua
1017 3312 1220 3366 virtute
1251 3303 1507 3369 minuerit
1560 3317 1627 3368 ad
1684 3318 1821 3373 infe-

248 3399 393 3453 riora
429 3400 773 3452 detractum?
810 3399 905 3452 Sin
940 3400 1266 3453 alterutrum
1326 3404 1481 3456 aiunt
1529 3406 1825 3473 perfectius

247 3489 584 3558 apparuisse,
621 3488 763 3540 hanc
801 3487 1019 3554 quidem
1078 3489 1468 3557 perfectionem
1521 3495 1673 3547 carni
1733 3511 1826 3561 po-

249 3582 360 3635 tius
389 3577 787 3633 attribuendam
822 3587 1136 3644 censerent;
1170 3589 1446 3636 constaret
1475 3584 1617 3637 enim
1655 3585 1824 3653 ipsam

249 3672 319 3726 ad
368 3669 741 3725 sublimiorem
800 3678 1001 3723 statum
1037 3681 1304 3726 evectam.
1337 3673 1433 3727 Sin
1488 3688 1620 3729 vero
1670 3691 1827 3733 secus

249 3769 356 3823 est,
390 3759 739 3828 Verbumque
768 3760 946 3829 potius
973 3762 1040 3814 ad
1077 3777 1191 3816 rem
1229 3763 1493 3818 minorem
1531 3774 1704 3821 semet
1738 3768 1827 3821 in-

251 3850 500 3913 clinavit,
532 3864 661 3903 num
721 3864 850 3905 caro
904 3848 1082 3905 Verbo
1132 3852 1337 3916 nocuit,
1386 3852 1545 3906 sicuti
1613 3864 1826 3909 nosmet

253 3951 444 4014 gravat
470 3951 657 3996 nostra
714 3952 905 3995 natura
929 3940 1089 3996 ?~Nos
1147 3942 1360 3997 interim
1422 3954 1568 3998 recte
1600 3944 1828 3999 dicimus

257 4035 494 4091 Verbum
551 4042 725 4088 semet
779 4034 845 4086 ad
908 4033 1340 4087 exinanitionem
1391 4035 1696 4102 demisisse,
1734 4051 1827 4089 no-

253 4135 535 4193 stramque
575 4123 805 4176 formam
836 4123 1220 4192 assumpsisse,
1249 4123 1389 4177 haud
1422 4139 1551 4179 sane
1578 4137 1635 4178 ut
1668 4126 1829 4194 quid-

252 4231 414 4288 quam
443 4216 496 4270 in
528 4230 625 4270 sua
673 4229 731 4269 se
762 4229 983 4285 passum
1016 4224 1211 4269 natura
1271 4215 1699 4283 demonstraret,
1732 4217 1827 4271 sed

254 4320 314 4364 ut
342 4322 442 4362 nos
493 4308 559 4362 de
616 4321 777 4361 carne
827 4307 1080 4376 erigeret,
1115 4307 1207 4376 qui
1265 4323 1426 4361 carne
1465 4319 1518 4363 et
1565 4310 1829 4379 sanguine

253 4398 519 4468 compacti
556 4413 767 4462 sumus,
797 4406 957 4465 atque
981 4397 1051 4450 ab
1083 4397 1317 4449 humana
1372 4399 1681 4453 conditione
1716 4401 1828 4454 ele-

253 4501 430 4554 vatos,
457 4489 545 4543 Dei
568 4490 705 4543 ﬁlios
731 4489 985 4543 elﬁceret.
1015 4487 1111 4542 Sin
1146 4499 1356 4553 contra,
1382 4500 1441 4543 ut
1484 4492 1570 4544 isti
1608 4499 1825 4545 vetera-

255 4594 402 4638 tores
434 4582 605 4645 aiunt,
640 4580 980 4634 commiscuit
1039 4595 1097 4634 se
1159 4581 1311 4635 carni
1368 4581 1628 4645 Verbum,
1666 4592 1828 4651 atque

255 4677 312 4730 id
341 4673 484 4744 quod
520 4688 624 4726 non
666 4671 844 4725 fuerat
875 4670 1125 4726 effectum
1174 4682 1282 4735 est,
1321 4675 1593 4741 quomodo
1649 4673 1825 4742 ipsum

253 4780 354 4822 sua
383 4766 644 4835 dignitate
683 4766 948 4818 minutum
979 4766 1102 4833 jure
1126 4774 1405 4832 negarent,
1430 4781 1533 4818 non
1563 4765 1823 4835 intelligo.

250 4859 337 4913 An
394 4872 521 4912 vero
570 4858 696 4911 dum
734 4855 829 4910 Dei
881 4857 1098 4911 affectat
1132 4856 1567 4923 similitudinem,
1597 4857 1825 4911 formam

326 5009 373 5043 ἰ
393 5008 437 5062 ll
462 5010 585 5066 Cor.
618 5026 672 5077 v,
706 4976 793 5065 l6.
873 5009 914 5041 "
938 5009 1095 5064 Rom.
1131 5025 1247 5076 vm,
1279 5009 1331 5063 8.
1413 5010 1455 5039 ¹⁶
1477 5008 1633 5064 Joan.
1668 5025 1731 5073 ll,
1761 5011 1847 5065 l9.

326 5172 403 5241 (Ι)
426 5170 750 5241 Sequentem
777 5165 963 5241 Cyrilli
994 5173 1426 5241 partem-quam
1460 5164 1612 5241 uncis
1652 5164 1825 5218 inclu-

252 5232 453 5308 dimus,
495 5232 627 5294 mire
649 5232 1203 5308 conservavit’Grtece
1229 5232 1821 5308 Iustinianusgimpera-

255 5304 771 5380 tnriddogmatica
808 5304 873 5380 ad
920 5308 1213 5380 monachos
1261 5304 1661 5380 liltmophysitas
1707 5306 1821 5380 epi-

255 5378 418 5445 stola,
455 5372 614 5445 quint
655 5394 750 5430 nos
782 5376 940 5445 primi
962 5375 1259 5445 edidimus
1280 5372 1472 5445 Sc‘ript.
1506 5384 1604 5426 vel.
1632 5383 1681 5445 Al.
1708 5373 1824 5445 AVII.

253 5448 333 5504 lbi
356 5442 494 5519 ergo
517 5465 567 5516 ιι.
601 5447 704 5519 “.295
752 5442 824 5498 ita
868 5444 1105 5519 legitur;
1149 5443 1208 5494 Ὀ
1246 5442 1527 5519 ὲγλὰγίοιέ.
1563 5443 1829 5519 Ιξύριλλρς

255 5517 401 5572 κατὰ
422 5512 536 5570 ἷτῶὖ
589 5513 999 5568 Συνουσιαστῶν
1044 5512 1187 5579 λέγει
1234 5512 1382 5564 τάδε’
1414 5532 1430 5562 t
1469 5514 1530 5565 ΕΞ
1566 5514 1622 5564 δὲ
1652 5512 1726 5576 ὡς
1768 5516 1825 5566 ἐν

254 5585 409 5649 τάξει
443 5587 621 5657 ὑγρῶν
657 5584 1042 5657 ἀναμεμίχθαι-
1070 5584 1231 5657 φασξν
1264 5583 1522 5657 ,ᾁᾈλῂλοις
1545 5584 1731 5657 λσὰρκα
1764 5601 1822 5657 τε

259 5657 351 5711 καὶ⁵
382 5651 558 5726 Mysi},
584 5656 697 5719 πῶς
730 5651 1000 5724 meum
1029 5653 1107 5706 ὅτι
1138 5651 1205 5706 τὰ
1253 5653 1498 5725 ἀλλήλοις
1533 5651 1821 5723 away/a-

1924 466 2292 536 tequalitatem
2356 473 2601 538 retinuit,
2645 474 2738 530 sed
2780 475 3073 532 humiliore
3109 476 3229 532 loco
3279 478 3507 548 depres-

1923 569 2069 624 sum,
2101 566 2306 613 naturae
2334 558 2629 631 gloriaeque
2671 578 2783 618 sua:
2813 564 3240 621 deminutionem
3284 581 3507 637 passum

1922 649 2047 707 est?

2210 744 2299 799 ll.
2335 742 2487 800 Idem
2508 743 2737 815 Cyrillus
2770 748 2825 801 in
2850 748 3038 802 eodem
3064 748 3220 805 libro.

1994 855 2439 913 Molestissimum
2464 868 2547 914 est
2590 860 2821 916 tolerare
2851 860 3055 931 aliquid
3086 876 3118 916 e
3156 862 3343 917 multis
3388 879 3509 932 qua:

1925 945 2015 1001 isti
2045 945 2233 1001 dicunt
2271 948 2522 1016 pessimis
2558 966 2572 1003 :
2617 948 2976 1017 quamobrem
3020 949 3234 1004 videtur
3280 950 3412 1004 mihi
3441 952 3507 1005 ab

1925 1039 2012 1094 bis
2038 1039 2292 1095 absurdis
2320 1040 2665 1111 opinionibus
2694 1040 3079 1097 recedendum.
3109 1040 3322 1112 Ergone
3353 1057 3506 1097 com-

1926 1130 2235 1187 mistionent
2284 1130 2560 1203 fugimus?
2584 1133 2783 1202 Utique
2828 1134 3085 1188 damnum
3117 1136 3320 1203 pariter
3352 1135 3420 1188 ab
3443 1150 3504 1189 ea

1925 1231 2140 1277 scatens
2188 1223 2441 1278 vitamus.
2480 1223 2639 1277 Aliud
2683 1237 2901 1294 quoque
2956 1233 3333 1294 argumentum
3384 1240 3510 1294 pro-

1927 1311 2124 1380 ferent,
2152 1313 2333 1368 divum
2365 1314 2575 1370 scilicet
2615 1314 2840 1369 Paulum
2868 1317 2940 1369 ita
2962 1317 3289 1371 scribentem
3313 1334 3326 1371 :
3349 1334 3368 1367 ι
3393 1315 3504 1371 Etsi

1926 1404 2204 1462 Christum
2241 1407 2294 1462 in
2336 1423 2501 1463 carne
2532 1408 2799 1475 novimus,
2823 1424 2967 1464 nunc
2999 1423 3103 1464 non
3139 1409 3269 1464 item
3301 1409 3364 1462 ".
3390 1428 3410 1463 ι
3450 1409 3504 1464 Si

1927 1512 2058 1568 ergo
2087 1498 2316 1554 dicimus
2343 1500 2621 1556 Christum
2664 1500 2719 1555 in
2771 1516 2936 1557 carne
2972 1502 3084 1570 jam
3121 1518 3225 1557 non
3263 1502 3505 1571 agnosci,

1928 1584 2236 1644 necessario
2265 1605 2484 1645 carnem
2514 1592 2567 1644 in
2600 1590 2764 1647 Verbi
2800 1602 3050 1646 naturam
3086 1602 3347 1646 mutatam
3368 1591 3510 1645 allir-

1928 1693 2161 1745 mamus,
2203 1690 2263 1734 ut
2307 1689 2563 1750 tanquam
2617 1681 2710 1736 Dei
2776 1698 2904 1738 caro
2962 1692 3308 1753 agnoscatur.
3343 1683 3505 1751 Atqui

1926 1769 2121 1839 aliquis
2152 1770 2332 1826 forsan
2351 1772 2418 1826 ad
2441 1772 2556 1827 haec
2579 1772 2725 1827 illico
2749 1776 3099 1842 responderet
3125 1789 3140 1829 :
3166 1791 3290 1828 num
3310 1772 3507 1830 Paulus

1926 1877 2048 1916 cum
2079 1863 2146 1918 de
2175 1865 2330 1919 nobis
2366 1864 2546 1920 aiebat
2583 1883 2597 1919 :
2635 1883 2653 1916 ι
2689 1864 2793 1932 Qui
2832 1865 2885 1919 in
2915 1881 3087 1921 carne
3119 1876 3266 1934 sunt,
3294 1867 3510 1935 placere

1924 1954 2035 2010 Deo
2061 1966 2371 2027 nequeunt;
2409 1972 2506 2012 vos
2540 1968 2721 2013 tamen
2752 1960 2895 2014 haud
2926 1960 2976 2014 in
3005 1973 3170 2013 carne
3188 1959 3508 2024 versamini,

1923 2048 2017 2103 sed
2045 2048 2098 2103 in
2127 2049 2319 2118 spiritu
2342 2050 2405 2114 η,
2428 2068 2447 2100 ι
2474 2066 2564 2114 an,
2595 2052 2837 2119 inquam,
2865 2067 3028 2107 carne
3051 2068 3149 2108 nos
3172 2063 3224 2107 et
3248 2052 3512 2120 sanguine

1923 2153 2113 2192 carere
2163 2140 2532 2207 cognoverat?
2584 2141 2725 2209 Ergo
2761 2142 2865 2195 hoc
2902 2142 2968 2195 de
3008 2141 3349 2210 incorporeis
3398 2142 3510 2210 spi-

1927 2229 2122 2284 ritibus
2165 2231 2322 2283 dixit.
2355 2228 2529 2284 Porro
2584 2232 2773 2300 quidni
2810 2232 3066 2285 stolidum
3099 2231 3511 2285 detestandum-
3576 2280 3580 2285 .
3627 2271 3638 2282 .

1923 2337 2031 2391 que
2057 2322 2152 2386 sit,
2178 2322 2225 2376 si
2255 2323 2376 2389 quis
2400 2336 2642 2388 carnem,
2675 2322 2725 2376 id
2756 2330 2839 2378 est
2876 2323 3056 2377 carnis
3099 2322 3379 2392 passiones
3408 2321 3512 2377 Do—

1923 2415 2074 2469 mino
2124 2416 2418 2470 attribuat?
2468 2416 2729 2469 Servatur
2775 2416 2920 2470 enim
2968 2415 3211 2470 omnium
3261 2414 3511 2468 Christus

1925 2506 2308 2561 immaculatus
2364 2516 2468 2573 est,
2522 2516 2686 2574 atque
2742 2506 2891 2561 omni
2942 2506 3200 2575 peccandi
3256 2505 3512 2559 facultate

1924 2614 2139 2655 carens.
2165 2599 2296 2653 Cum
2322 2609 2503 2653 autem
2532 2600 2575 2653 si
2599 2598 2798 2653 dicitur
2823 2598 2876 2652 in
2914 2613 3078 2653 carne
3108 2613 3211 2652 non
3234 2597 3508 2667 cognosci,

1927 2670 2336 2760 intolligendnm
2382 2699 2466 2745 est
2495 2705 2618 2745 eum
2645 2690 2699 2744 in
2753 2689 3167 2744 inﬁnuitatibus
3195 2689 3377 2743 carnis
3400 2688 3509 2757 jam

1926 2800 2030 2838 non
2055 2784 2331 2853 cognosci.

2195 2874 2282 2927 12.
2323 2871 2474 2927 Idem
2508 2871 2740 2944 Cyrillus
2768 2874 2822 2928 in
2849 2873 3028 2928 eodem
3063 2872 3218 2927 libro.

2001 2986 2274 3056 Jejnnavit
2329 2989 2514 3058 igitur,
2546 2988 2762 3053 esuriit,
2820 2989 2982 3057 longo
3042 2989 3238 3043 itinere
3278 2987 3514 3042 lassatus

1929 3090 2033 3145 est,
2068 3080 2303 3147 itemque
2358 3078 2507 3133 cruci
2567 3076 2707 3132 ﬁxus
2762 3078 3130 3147 obiit:atque
3179 3079 3296 3131 hare
3331 3078 3511 3130 omnia

1927 3185 2215 3241 perpessus
2236 3179 2341 3235 est,
2366 3169 2509 3224 haud
2536 3179 2713 3223 tamen
2742 3169 2794 3222 in
2827 3169 3045 3223 deitatis
3080 3180 3270 3221 natura
3297 3166 3315 3239 (
3338 3183 3515 3236 neque

1928 3265 2072 3320 enim
2102 3263 2388 3334 imaginari
2430 3264 2559 3317 licet
2584 3262 2896 3332 passibilem
2929 3276 3051 3316 esse
3081 3261 3315 3315 divinam
3347 3269 3509 3313 natu-

1929 3354 2107 3425 ram),
2141 3356 2235 3408 sed
2274 3355 2329 3408 in
2376 3369 2541 3415 carne
2567 3370 2663 3408 sua
2696 3353 2898 3425 potius.
2930 3352 3049 3408 Jam
3085 3367 3207 3406 cum
3240 3352 3354 3421 ipse
3402 3352 3513 3404 vita

1928 3443 2001 3496 sit
2035 3450 2375 3509 mortemque
2407 3444 2725 3507 calcaverit,
2754 3444 3044 3497 humanam
3074 3442 3235 3495 nobis
3266 3448 3511 3493 naturam

1929 3532 1995 3585 ad
2024 3531 2589 3598 incorruptibilitatem
2617 3532 2895 3599 vitamque
2923 3529 3363 3600 renovavit.lpse
3381 3546 3511 3584 vero

1929 3636 2073 3676 nunc
2125 3621 2273 3674 omni
2304 3621 2540 3674 humana
2592 3620 2910 3673 inﬁrmitate
2939 3633 3127 3674 carere
3156 3622 3511 3689 conspicitur.

1930 3713 2091 3768 sicuti
2118 3721 2266 3767 recte
2297 3712 2501 3766 dictum
2527 3711 2659 3769 fuit:
2686 3726 2884 3786 nempe
2927 3712 2979 3765 in
3008 3725 3170 3765 carne
3192 3727 3297 3765 non
3321 3727 3514 3781 cogno-

1931 3804 2122 3869 scitur,
2151 3803 2302 3857 idest
2324 3803 2378 3856 in
2399 3801 2581 3857 carnis
2604 3801 2941 3866 inﬁrmitate,
2963 3811 3020 3854 ut
3039 3800 3114 3855 ait
3135 3801 3514 3871 mysteriorum

1930 3896 2048 3966 ejus
2080 3894 2351 3948 minister.

2207 3987 2295 4041 l3.
2332 3984 2483 4039 Idem
2509 3983 2741 4055 Cyrillus
2770 3984 2824 4038 in
2849 3987 3030 4038 eodem
3075 3984 3232 4039 libro.

2002 4101 2138 4155 Cum
2172 4109 2357 4153 autem
2418 4106 2672 4164 mortem,
2697 4099 2870 4150 nostri
2906 4111 3095 4160 causa,
3127 4096 3179 4149 in
3228 4108 3391 4149 carne
3420 4110 3516 4164 gu-

1932 4201 2150 4260 stasset,
2181 4191 2383 4261 pariter
2424 4204 2548 4244 cum
2582 4203 2812 4258 corpore
2845 4188 3111 4243 ascendit.
3153 4187 3397 4256 Cumque
3418 4186 3515 4240 ,ευ-

1932 4287 2172 4341 (Ιςιξοτυιη
2226 4284 2397 4339 turbae
2447 4281 2831 4350 praedixisset:
2864 4298 2883 4331 ι
2932 4277 3208 4333 Destruite
3258 4278 3512 4346 templum

1862 4378 2051 4440 Dltoc,
2101 4386 2154 4431 et
2207 4377 2378 4429 tribus
2431 4374 2623 4427 diebus
2675 4387 2864 4426 rursus
2915 4371 3119 4437 erigant
3156 4370 3230 4435 ’⁶;
3270 4387 3287 4419 ι
3328 4383 3511 4421 revera

1939 4475 2303 4523 restauratum
2354 4476 2441 4518 est
2483 4467 2625 4532 quod
2672 4463 2850 4517 fuerat
2900 4463 3258 4517 destructum.
3291 4461 3513 4514 Destru-

1930 4569 2215 4612 ctamvero
2233 4572 2451 4612 carnem
2480 4556 2731 4618 dicimus,
2761 4570 2864 4609 non
2888 4554 3046 4608 Verbi
3074 4564 3345 4616 naturam,
3371 4554 3513 4622 quod

1932 4651 2045 4705 ﬁeri
2072 4650 2280 4718 nequit.
3124 4718 3132 4724 ν

2216 4741 2302 4794 14.
2342 4739 2491 4792 Idem
2520 4738 2748 4808 Cyrillus
2774 4739 2826 4791 in
2861 4739 3040 4791 eodem
3067 4737 3221 4791 libro.

2001 4854 2119 4908 .Iam
2146 4870 2268 4909 cum
2302 4853 2560 4923 apostolis
2590 4853 2705 4922 ipse
2736 4862 2921 4907 uoster
2960 4852 3215 4907 Salvator
3261 4851 3517 4908 Christus

1982 5181 2074 5217 ενα
2105 5162 2219 5238 τῷν.
2256 5159 2625 5238 ὑγρῶνὶοῖνᾳς
2655 5166 2800 5238 φέρε
2842 5167 3020 5238 εἰπεῖν
3045 5164 3140 5238 ita}.
3178 5164 3320 5238 psic,
3353 5162 3381 5216 ὃ
3414 5166 3511 5238 μὲν

1982 5181 2074 5217 ενα
2105 5181 2212 5215 των
2256 5181 2458 5231 υγρων,
2484 5181 2625 5228 owe;
2666 5181 2800 5238 φερε
2842 5181 3020 5220 autem
3045 5181 3140 5218 και
3178 5181 3320 5234 μελε,
3353 5181 3381 5216 ο
3414 5181 3510 5234 μεν

1930 5181 2091 5303 gmw,
2124 5234 2231 5306 sic}
2257 5233 2514 5306 καθαρῶς
2537 5236 2740 5301 οὐκέτι,
2771 5236 3070 5306 προσλήψει
3094 5235 3153 5306 ξδὲ
3187 5234 3385 5302 μᾶλλον
3411 5236 3510 5303 τῆς

1930 5302 2259 5379 ἐῗεροξιδοῦς
2289 5302 2591 5379 ποιόξηςος,
2624 5308 2705 5369 εἰς
2732 5302 2917 5379 ἓτέρόγ
2940 5302 3362 5379 τίίμεθίσῖεαταις
3385 5306 3509 5379 ορκτ

1936 5374 2030 5425 οὖν
2061 5375 2109 5445 εξ
2159 5374 2566 5445 ᾳυγκεκρᾶσθαί
2588 5392 2719 5442 φασι
2740 5374 3100 5445 style-{(9th
3130 5375 3325 5445 σάρκα,
3359 5376 3509 5428 πᾶσὰ

1937 5458 2053 5515 me;
2087 5429 2297 5515 ἁνὰγὲη
2329 5429 2503 5515 λέγεεν
2532 5429 3347 5515 ἑκᾷτέροκίτῶείὦνοξιασμίένωῖψ
3376 5446 3502 5498 ἀπο-

1936 5512 2129 5584 στῆναι
2163 5509 2262 5584 μὲν
2288 5509 2385 5564 λτοῡ
2422 5509 2561 5565 εἷναι
2601 5514 2629 5566 ὃ
2656 5509 2745 5584 ἦῆ,
2776 5514 2833 5566 ἓν
2876 5516 2932 5569 δέ
2961 5533 3012 5568 τι
3040 5509 3100 5567 fg
3134 5509 3333 5583 ἀμφοῖν
3373 5517 3507 5584 ἀπρ-

1930 5582 2148 5655 γελέσαι
2185 5582 2369 5655 μέσον,
2420 5581 2710 5655 saepesepe;
2738 5602 2857 5654 {nos
2904 5586 3138 5650 πάντως,
3172 5581 3392 5655 ἦὸπερ
3443 5581 3505 5651 ἦν

1930 5652 2188 5723 ἑκάτερον
2244 5652 2346 5708 ἀνὰ
2392 5652 2577 5723 μέρός.
2610 5673 2628 5707 ι
