3942 6128
217 249 246 306 1
271 252 390 310 457

1439 263 1866 325 FRAGMENTA
1903 271 2138 331 DOGMA
2147 275 2324 336 TICA.

3366 287 3504 344 1458

225 371 536 430 derandam
583 372 892 476 Servatori-s
928 379 1098 435 nostri
1141 378 1342 438 Christi
1373 397 1659 476 personam
1679 429 1698 459 ,
1731 391 1816 446 di-
1844 395 1894 454 Α
1920 397 2214 465 potentiam
2236 439 2250 460 .
2283 408 2340 454 et
2371 399 2580 471 reliqua
2613 401 2816 460 omnia.
2845 403 2986 459 Caro
3014 405 3200 476 utique
3228 410 3503 464 crescebat

224 477 455 518 versam
485 477 609 519 esse
635 467 997 535 comperimus
1025 477 1296 538 naturam,
1327 473 1414 530 cui
1442 475 1690 547 imposita
1709 490 1816 538 est.

227 555 466 610 Interim
490 555 608 627 ipse
641 571 868 626 persona
908 559 1246 631 hypostatica
1267 573 1350 620 est
1373 569 1816 640 atqueabsoluta,

225 645 551 702 humanitas
570 648 897 720 etdivinitas
922 668 938 718 ;
962 653 1267 725 diciturque
1285 671 1526 716 summus
1551 663 1816 731 pontifex,

222 733 413 792 factor
437 747 491 792 et
513 737 708 794 factus.

505 844 596 902 22.
643 845 795 904 Idem
830 849 1063 922 Cyrillus
1099 855 1155 910 in
1183 857 1363 915 eodem
1382 859 1540 916 libro.

310 955 419 1012 Sed
447 957 686 1016 fortasse
716 970 771 1016 tu
801 963 976 1021 dicis:
1016 967 1163 1038 :Ergo
1195 985 1304 1025 non
1335 972 1600 1029 habitavit
1633 975 1688 1031 in
1723 976 1816 1034 illo

219 1046 514 1118 plenitudo
537 1051 788 1108 universa
822 1055 1124 1114 divinitatis
1155 1075 1412 1132 corporea
1439 1065 1670 1121 ratione.
1701 1065 1812 1123 Ve-

219 1153 356 1196 rum
393 1140 516 1208 hoc,
558 1142 806 1212 .inquam,
853 1157 974 1214 est;
1009 1165 1274 1222 nemoque
1301 1167 1482 1209 sacrm
1518 1155 1814 1225 Scriptum

220 1232 585 1288 contradicit.
635 1231 746 1290 Nos
795 1244 971 1293 tamen
1015 1241 1246 1298 dicimus
1295 1243 1419 1300 Filii
1471 1248 1810 1304 divinitatem

217 1318 380 1410 liaud
424 1323 696 1380 alieno-in
735 1342 993 1398 corpore,
1039 1333 1133 1388 sed
1175 1333 1230 1392 in
1271 1349 1370 1392 suo
1391 1338 1572 1407 potius
1614 1340 1812 1410 templo

216 1406 533 1476 habitasse,
571 1414 716 1468 velut
735 1415 790 1469 in
825 1416 1046 1474 homine
1069 1423 1272 1490 anima,
1300 1406 1420 1494 quae
1449 1406 1802 1484 licetacarne

213 1497 769 1567 diﬂ'erens,°attamen
805 1523 913 1562 una
944 1525 1066 1566 cum
1107 1527 1269 1570 carne
1293 1525 1542 1572 naturam
1570 1519 1811 1574 hominis

209 1589 468 1656 perficit,
487 1601 544 1647 ut
564 1593 634 1648 sit
659 1593 851 1652 Petrus
875 1599 954 1653 vel
981 1601 1200 1658 Paulus.
1226 1603 1340 1659 lloc
1371 1607 1478 1662 imo
1503 1596 1809 1665 evidentius

211 1677 278 1732 in
329 1679 550 1736 Christo
591 1692 692 1740 est.
758 1687 941 1759 Neque
987 1702 1164 1748 tamen
1210 1695 1410 1753 idcirco
1445 1699 1675 1766 dicimus
1713 1700 1806 1756 Dei

212 1769 470 1826 Verbum
493 1775 688 1832 animae
703 1778 879 1836 ollicio
897 1783 951 1837 in
974 1799 1200 1854 corpore
1221 1785 1488 1855 functum,
1512 1805 1630 1859 qua:
1643 1793 1814 1862 pessi-
1843 1769 1858 1809 ³

217 1873 320 1914 ma
352 1864 731 1922 nonnullorum
761 1872 944 1939 Opinio
961 1882 1066 1939 est,
1090 1877 1182 1929 sed
1205 1887 1450 1932 sanctum
1475 1880 1594 1950 ejus
1616 1897 1812 1952 corpus

217 1950 570 2022 intelligente
589 1958 769 2014 anima
791 1961 1018 2020 dicimus
1043 1979 1162 2022 esse
1189 1969 1508 2028 animatum.

514 2065 606 2124 25.
651 2069 802 2126 Idem
824 2073 1056 2143 Cyrillus
1089 2077 1144 2132 in
1173 2081 1348 2134 eodem
1373 2081 1526 2139 libro.

301 2172 404 2229 Dei
425 2174 658 2234 Verbum
683 2195 811 2239 vere
836 2183 887 2238 in
913 2188 1166 2244 omnibus
1186 2191 1486 2257 perfectum
1507 2203 1612 2258 est,
1635 2212 1810 2268 neque

221 2261 572 2323 incremento
586 2271 808 2339 indiget.
832 2274 1027 2331 Natum
1044 2288 1222 2336 autem
1244 2282 1542 2350 perfectum
1566 2285 1632 2340 de
1649 2261 1811 2344 Patre

223 2359 343 2419 est,
374 2359 632 2426 sapientia
665 2365 729 2418 de
754 2366 1048 2434 sapientia,
1079 2373 1320 2438 potentia
1354 2374 1420 2428 de
1449 2378 1709 2442 potentia.
1746 2379 1812 2437 Et

221 2443 363 2512 quia
385 2458 576 2504 natura
607 2450 944 2512 immutabile
974 2469 1076 2526 est,
1105 2461 1239 2516 nihil
1267 2463 1315 2516 ei
1337 2465 1592 2534 templum
1621 2466 1674 2520 in
1700 2483 1812 2537 quo

223 2535 388 2594 stetit
431 2541 638 2612 nocuit,
698 2545 794 2602 sed
846 2549 1142 2616 perfectam
1191 2553 1416 2610 retinuit
1464 2535 1810 2626 sapientia—nr,

1924 486 2129 552 viribus
2165 488 2420 558 paulatim
2453 500 2631 558 aucta,
2669 501 2830 563 prout
2859 495 3112 550 humanae
3146 506 3350 551 naturae
3375 498 3502 570 jura

1925 574 2126 632 ferunt.
2164 577 2402 634 Verbum
2443 589 2623 634 autem
2674 582 2827 636 carni
2862 583 3070 637 unitum
3115 584 3372 652 paulatim
3403 600 3498 640 sa-

1911 666 2180 737 pientiam
2227 683 2382 724 suam
2427 668 2829 738 manifestahat,
2873 685 2994 740 quas
3037 675 3279 740 corporis
3320 673 3500 728 incre-

1923 765 2164 812 mentum
2187 759 2570 827 comitabatur,
2592 769 2648 847 et
2669 761 2914 832 corporis
2939 777 2995 817 se
3015 771 3236 818 staturas
3252 765 3498 820 adamas-

1921 845 2023 901 sim
2060 852 2520 931 accommodabat.

2183 961 2273 1017 24.
2319 962 2470 1017 Idem
2502 962 2736 1034 Cyrillus
2770 964 2825 1018 in
2854 965 3032 1020 eodem
3065 967 3223 1022 libro.

1991 1067 2132 1140 Ergo
2143 1069 2210 1125 ad
2225 1071 2637 1130 similitudinem
2655 1083 2900 1132 nostram
2920 1077 3186 1146 particeps
3203 1076 3302 1132 fuit
3315 1081 3498 1137 carnis

1901 1167 1973 1217 -et
1997 1163 2296 1233 sanguinis.
2317 1163 2558 1236 Cumque
2581 1175 2806 1222 mortem
2831 1170 2978 1223 carni
3001 1184 3112 1224 sua:
3127 1171 3492 1240 applicuisset,

1918 1251 2201 1323 ipsamque
2241 1264 2470 1310 mortem
2528 1258 2921 1326 destruxisset,
2965 1274 3192 1331 corpora
3246 1265 3492 1318 mortalia

1917 1351 2104 1397 nostra
2132 1344 2197 1400 ad
2231 1345 2792 1417 incorruptibilitatem
2814 1351 3011 1407 direxit
3031 1393 3049 1418 ,
3085 1361 3144 1407 ut
3170 1368 3491 1410 carneorum

1917 1436 2283 1491 membrorum
2309 1438 2562 1493 rebellem
2588 1439 2758 1512 legem
2779 1443 2848 1498 ab
2869 1456 2932 1497 ea
2958 1444 3242 1514 tyrannide
3265 1459 3369 1514 qua
3394 1461 3494 1501 nos

1917 1524 2193 1594 premebat
2215 1525 2488 1594 dejiceret.
2523 1528 2694 1584 Secus
2722 1531 2866 1586 enim
2897 1533 3004 1586 vita
3033 1533 3190 1588 morti
3217 1549 3320 1588 non
3347 1544 3494 1589 esset

1917 1615 2213 1682 dominata,
2237 1618 2348 1674 nisi
2368 1619 2608 1675 Verbum
2635 1621 2874 1677 mortalis
2896 1625 3137 1692 corporis
3156 1623 3344 1679 fuisset
3369 1639 3494 1694 par-

1918 1705 2084 1775 ticeps
2111 1725 2126 1761 :
2164 1722 2338 1777 neque
2367 1709 2493 1765 item
2520 1712 2872 1781 cupiditatum
2891 1713 3213 1768 naturalium
3243 1714 3494 1770 stimulus

1918 1806 2133 1852 retusus
2163 1796 2376 1864 luisset,
2408 1800 2508 1855 nisi
2537 1799 2920 1873 Verbicorpus
2946 1805 3275 1860 ex‘humana
3305 1813 3492 1862 nostra

1918 1897 2110 1944 natura
2141 1899 2415 1959 sumptum
2443 1889 2663 1947 fuisset.

2185 1999 2278 2054 25.
2328 1999 2480 2055 Idem
2503 2001 2740 2073 Cyrillus
2770 2005 2826 2058 in
2855 2005 3035 2059 eodem
3066 2005 3225 2060 libro.

1991 2109 2286 2166 lnanimem
2313 2113 2457 2168 haud
2485 2115 2716 2170 dicimus
2746 2131 2964 2172 carnem
2994 2117 3138 2170 illam
3168 2115 3346 2172 Verbo
3370 2114 3493 2169 nni-

1915 2211 2042 2264 tam,
2080 2217 2200 2270 quae
2228 2205 2294 2256 de
2325 2206 2532 2260 semine
2565 2207 2784 2261 Davidis
2823 2215 2926 2261 est.
2960 2206 3171 2260 Nemini
3210 2207 3336 2260 item
3371 2207 3490 2277 opi-

1915 2293 2032 2346 nari
2067 2292 2192 2348 licet
2225 2295 2458 2352 Verbum
2501 2299 2700 2367 templo
2733 2314 2832 2355 suo
2865 2308 3054 2354 sancto
3093 2299 3267 2353 instar
3295 2298 3490 2352 animas

1912 2383 2330 2456 intellectusque
2352 2388 2540 2444 fuisse.
2573 2387 2760 2458 Neque
2789 2401 3060 2460 posn-emo
3103 2390 3273 2454 illum,
3301 2389 3390 2458 qui
3421 2387 3489 2444 de

1915 2476 2124 2532 semine
2153 2485 2259 2544 est,
2291 2493 2388 2549 per
2414 2493 2475 2536 se
2495 2483 2668 2537 solum
2699 2482 2970 2554 appellare
3005 2483 3198 2538 Filium
3229 2482 3484 2538 solemus.

1835 2685 1924 2745 IV.

842 2825 908 2864 EX
937 2827 1108 2868 LlBRlS
1133 2829 1336 2871 CONTRA
1375 2833 1692 2874 THEODOBUH
1727 2837 2133 2884 MOPSUESTENUM
2158 2847 2227 2886 ET
2258 2847 2522 2889 DlODOBUM
2555 2850 2870 2890 TABSENSE“.

225 2932 282 2990 l.
318 2935 1208 3038 Sancti-memoriter_'(l)mCyrilli
1247 2972 1310 3010 ea:
1339 2959 1510 3038 primo
1539 2959 1674 3016 libro
1708 2978 1797 3017 eo-
1831 2974 1874 3031 α
1921 2969 2141 3022 verbum
2193 2981 2418 3024 vocatur
2467 2973 2649 3038 homo,
2702 2986 2807 3026 non
2839 2980 2924 3024 cst
2959 2969 3131 3024 factus
3175 2969 3335 3022 homo
3369 2979 3484 3018 ma-

457 3024 576 3064 rum
606 3028 734 3082 quos
755 3029 936 3072 contra
961 3019 1284 3078 Theodorum
1309 3019 1540 3097 scripsit.

851 3146 1190 3190 TllEODORUS.

302 3235 371 3291 Si
397 3237 512 3307 quis
546 3241 665 3294 velit
687 3241 896 3298 abusive
919 3252 968 3299 et
1007 3245 1206 3300 Filium
1234 3247 1334 3304 Dei
1366 3249 1536 3307 Deum
1575 3251 1802 3308 Verbum

226 3326 406 3392 ﬁlium
436 3326 604 3382 David
640 3333 936 3398 nominare,
973 3345 1186 3406 propter
1221 3338 1318 3392 Dei
1365 3339 1518 3394 Verbi
1555 3344 1805 3412 temtﬂum

226 3421 372 3486 quod
400 3434 464 3471 ea:
495 3417 666 3474 David
690 3431 764 3475 est
788 3463 804 3484 ,
846 3427 1110 3490 nominet,
1135 3437 1182 3480 et
1213 3428 1365 3483 illum
1401 3433 1590 3498 quiest
1624 3449 1689 3488 ex
1716 3451 1802 3488 se-

228 3507 372 3561 mine
397 3507 587 3574 David,
616 3509 660 3561 F
664 3512 812 3565 ilium
839 3513 954 3579 Dei,
994 3517 1166 3584 gratia
1199 3534 1300 3572 non
1341 3528 1533 3574 natura
1559 3508 1802 3590 appellet,

229 3597 501 3652 naturales
529 3607 706 3668 patres
743 3619 844 3656 non
883 3605 1156 3674 ignorans,
1209 3623 1370 3676 neque
1405 3611 1642 3664 ordinem
1673 3613 1800 3666 sub-

229 3697 472 3742 vertens:
505 3706 666 3760 neque
695 3709 812 3746 eum
851 3695 941 3764 qui
972 3696 1316 3766 incorporalis
1355 3710 1452 3764 est,
1487 3704 1651 3755 etiam
1686 3718 1804 3757 cor-

227 3797 327 3846 pus
363 3780 578 3848 dicens;
623 3794 672 3837 et
706 3794 827 3838 ante
849 3785 1046 3840 stecula
1075 3804 1138 3841 ea:
1173 3789 1300 3853 Deo,
1333 3799 1380 3844 et
1419 3807 1482 3844 ea:
1511 3791 1706 3858 David,
1753 3801 1803 3850 et

227 3887 462 3938 passum,
503 3881 553 3926 et
602 3875 964 3944 impassibile;
1013 3895 1222 3946 corpus,
1271 3897 1374 3934 non
1420 3894 1494 3936 est
1559 3883 1804 3952 incorpo-

231 3963 382 4027 rale;
419 3964 556 4034 quod
603 3976 678 4020 est
721 3969 991 4033 deorsum,
1036 3987 1138 4024 non
1193 3979 1268 4024 est
1319 3972 1635 4038 desursum;
1665 3975 1804 4046 quod

227 4065 308 4112 εει
356 4067 477 4112 ante
523 4059 740 4126 stecula,
795 4077 899 4114 non
948 4071 1022 4115 est
1066 4079 1130 4116 ex
1178 4064 1377 4118 semine
1420 4064 1635 4130 David;
1663 4066 1804 4137 quod

228 4163 447 4216 passum
501 4159 600 4217 est,
637 4166 742 4204 non
785 4161 861 4206 εει
907 4154 1244 4221 impossibile.
1289 4155 1400 4210 Nec
1431 4157 1567 4210 enim
1593 4157 1698 4212 ista
1731 4159 1799 4212 ad

227 4240 471 4294 eumdem
496 4240 810 4295 intellectum
845 4243 1218 4297 obvertuntur:
1251 4261 1369 4314 qum
1389 4257 1510 4300 sunt
1534 4250 1794 4317 corporis,

1908 3057 2123 3114 nifeste.
2161 3059 2217 3114 Si
2249 3061 2474 3116 abusive
2499 3063 2670 3117 Filius
2695 3072 2750 3116 et
2776 3061 2919 3116 Deus
2946 3060 3034 3114 ille
3057 3059 3148 3128 qui
3177 3074 3239 3114 ex
3268 3057 3484 3113 semine

1907 3157 1990 3202 est
2013 3147 2204 3215 David,
2237 3165 2410 3218 neque
2446 3151 2586 3206 Deus
2619 3165 2796 3220 neque
2825 3149 2994 3204 Filius
3015 3157 3204 3202 natura
3237 3153 3292 3199 et
3327 3144 3470 3200 veri-

1903 3251 2022 3298 tate
2051 3251 2155 3299 est.
2191 3243 2344 3298 Falsa
2369 3244 2533 3312 igitur
2573 3246 2624 3300 in
2653 3257 2881 3314 utroque
2913 3245 3027 3298 hazc
3069 3239 3393 3311 appellatio,
3427 3245 3484 3292 et

1905 3333 2020 3401 ipsa
2053 3347 2138 3388 res
2159 3348 2280 3388 esse
2308 3337 2504 3388 merito
2535 3335 2858 3406 intelligitur
2889 3355 2902 3390 ;
2936 3341 3162 3402 uterque
3191 3330 3340 3384 enim
3377 3327 3484 3383 hoc

1907 3425 2237 3490 nominatur,
2267 3427 2410 3494 quod
2437 3441 2541 3478 non
2579 3434 2681 3480 est.

2407 3535 2463 3588 2.
2501 3533 2584 3588 Ex
2611 3536 2789 3588 eodem
2823 3534 2977 3588 libro.

2525 3662 2861 3704 TKEODORUS.

1974 3761 2043 3817 Et
2071 3763 2305 3816 convenit
2346 3777 2436 3816 eos
2489 3761 2578 3831 qui
2627 3760 2752 3814 bene
2781 3759 3019 3828 sapiunt,
3057 3755 3480 3828 quandoquidem

1901 3854 2170 3908 naturales
2208 3862 2384 3923 patres
2435 3853 2738 3924 querimus,
2786 3866 2948 3920 neque
2999 3850 3168 3904 Deum
3234 3845 3480 3914 Verbum,

1903 3945 2072 4000 David
2119 3947 2196 4000 vel
2245 3947 2474 4001 Abrahae
2515 3946 2689 4015 ﬁlium
2713 3945 3010 4009 nominare,
3049 3944 3140 3998 sed
3168 3942 3426 4010 factorem
3455 3954 3476 3994 .'

1905 4053 2065 4107 neque
2111 4053 2299 4108 corpus
2357 4047 2480 4093 ante
2521 4037 2718 4093 stvcula
2777 4052 2842 4091 ea:
2891 4033 3091 4099 Patre,
3151 4035 3240 4088 sed
3305 4049 3478 4088 semen

1902 4129 2128 4183 Abralue
2173 4127 2242 4185 et'
2273 4129 2446 4184 David
2473 4144 2540 4184 ea:
2571 4128 2748 4183 Maria
2781 4138 2988 4182 natum.
3029 4125 3098 4180 Et
3127 4143 3246 4180 cum
3278 4127 3342 4180 de
3375 4142 3476 4180 nn-

1901 4220 2164 4275 turalibus
2223 4221 2586 4276 nativitatibus
2629 4221 2696 4276 sit
2732 4221 2890 4287 ratio,
2923 4235 3086 4288 neque
3114 4217 3304 4271 Maria:
3331 4217 3477 4286 ﬁlius

229 4345 336 4385 non
383 4339 503 4384 wn,
537 4329 634 4384 De,-
683 4329 838 4388 γρηὶ
867 4348 886 4386 ε
926 4341 973 4386 ει
1035 4349 1152 4405 qua,
1184 4310 1307 4389 su,“
1342 4335 1440 4389 De,-
1480 4310 1637 4391 Vcrbi'
1672 4310 1798 4408 pro;
1835 4322 1881 4380 D
1907 4311 2049 4408 Deus
2077 4328 2188 4366 esse
2224 4310 2448 4367 Verbum
2474 4313 2828 4408 existimetur.
2874 4310 3121 4366 Mortalis
3165 4311 3302 4364 enim
3335 4326 3476 4408 mor-2

228 4421 368 4489 pria,
419 4437 524 4476 non
569 4422 758 4476 habent
791 4439 1000 4492 corpus.
1047 4422 1288 4478 Naturas
1327 4426 1694 4496 conﬁteantur,
1753 4440 1802 4485 et

229 4515 649 4584 dispensationes
689 4531 794 4568 non
827 4515 1164 4585 abnegemus.

879 4643 1158 4685 CYRILLUS.

299 4740 402 4806 Qui
445 4739 574 4794 dicit
603 4749 855 4810 oportere
885 4757 993 4796 non
1034 4741 1292 4812 abnegari
1339 4743 1793 4814 dispensationcs,

231 4829 590 4886 humanitatis
625 4832 942 4900 mysterium
973 4835 1192 4887 omnino
1211 4834 1476 4890 eradicat.
1513 4836 1799 4892 Praesumit

231 4922 380 4976 enim
408 4921 609 4988 dicere,
647 4923 788 4992 quod
822 4939 994 4993 neque
1025 4923 1199 4980 factus
1233 4937 1316 4981 est
1345 4929 1508 4984 homo
1547 4929 1800 4998 unigeni-

235 5021 320 5068 tus
353 5013 445 5068 Dei
479 5013 711 5070 Verbum
733 5057 747 5082 ,
803 5031 978 5085 neque
1005 5032 1071 5070 ex
1104 5019 1310 5072 semine
1344 5021 1592 5088 apparuit
1621 5021 1797 5074 sancti

235 5101 402 5158 David
439 5123 454 5160 :
495 5107 592 5160 sed
633 5107 863 5162 filiorum
893 5109 1192 5164 introducit
1217 5121 1404 5178 aperte
1457 5111 1797 5176 dualitatem,

234 5191 550 5262 inmqualem
600 5204 846 5250 naturam
901 5205 956 5252 ct
1007 5197 1195 5253 falsam
1228 5200 1464 5256 nomine.
1511 5201 1626 5256 lloc
1654 5201 1796 5256 enim

233 5286 376 5351 quod
431 5289 648 5342 abusive
700 5288 918 5354 dicitur,
971 5291 1283 5345 omnimodo
1321 5293 1560 5346 ostendit
1611 5293 1797 5362 utique

233 5381 375 5444 quod
422 5393 548 5434 vero
593 5397 696 5435 non
745 5391 828 5436 est
880 5382 984 5436 hoc
1039 5385 1181 5452 quod
1223 5383 1466 5438 dicitur:
1522 5394 1799 5440 tnuluatur

235 5467 377 5522 enim
425 5470 647 5526 alterius
694 5473 1124 5543 appellationem.
1169 5475 1308 5547 Ergo
1351 5478 1396 5532 si
1435 5477 1656 5534 abusive
1702 5476 1797 5533 Dei

309 5641 387 5714 (ι)
423 5643 612 5710 Matini,
637 5634 860 5714 euitat,
907 5659 944 5704 ι.
979 5648 1069 5716 lx,
1107 5663 1158 5718 ι).
1187 5650 1314 5703 250.

1913 4399 2071 4454 talem
2119 4409 2331 4470 generat
2376 4402 2660 4454 secundum
2699 4411 2967 4464 naturam,
3013 4411 3060 4453 et
3101 4414 3310 4466 corpus,
3337 4397 3477 4468 quod

1909 4492 2012 4548 sibi
2039 4491 2210 4546 simile
2245 4498 2342 4546 est.
2385 4491 2530 4546 Duas
2571 4493 2872 4548 nativitates
2904 4490 3048 4546 Deus
3105 4489 3330 4544 Verbum
3371 4505 3476 4542 non

1911 4584 2182 4650 sustinuit,
2210 4601 2370 4638 unam
2397 4585 2607 4653 quidem
2644 4594 2766 4639 ante
2793 4585 3012 4650 stecula,
3045 4583 3266 4636 alteram
3297 4591 3476 4636 autem

1911 4675 1962 4726 in
1991 4674 2192 4728 ultimis
2233 4675 2546 4742 temporibus
2571 4689 2592 4728 :
2619 4675 2711 4730 sed
2746 4691 2810 4728 ea:
2840 4673 3004 4728 Patre
3033 4672 3243 4743 quidem
3280 4683 3475 4726 natura

1903 4767 2106 4836 genitus
2138 4775 2232 4830 est,
2273 4766 2518 4832 templum
2555 4782 2674 4819 vero
2695 4767 2834 4836 quod
2857 4783 2922 4820 ex
2956 4767 3132 4818 Maria
3167 4775 3352 4818 natum
3372 4773 3470 4830 est,

1903 4873 1968 4910 ea:
1991 4857 2104 4927 ipso
2132 4869 2277 4911 utero
2309 4857 2410 4912 sibi
2434 4857 2734 4926 fabricavit.

2543 4982 2820 5023 CYRILI.US.

1977 5077 2030 5132 ’5.
2079 5069 2278 5134 Deii'tdc
2337 5081 2502 5135 breve
2561 5082 2880 5150 procedens,
2922 5092 2975 5136 ct
3004 5083 3327 5153 quibusdam
3375 5097 3472 5150 pcr

1908 5169 2146 5223 medium
2186 5168 2523 5238 interpositis
2560 5172 2752 5226 iterum
2786 5171 2955 5226 dixit:

2528 5297 2864 5337 TBEODORUS.

1977 5391 2107 5445 Cum
2145 5409 2267 5448 vero
2290 5395 2354 5448 de
2382 5395 2608 5450 salutari
2634 5396 3017 5464 dispensatione
3049 5397 3186 5447 ratio
3212 5406 3466 5460 movetur,

1905 5490 1950 5534 ct
1983 5479 2118 5534 Deus
2153 5494 2364 5536 vocetur
2389 5484 2563 5548 homo,
2611 5501 2712 5538 non
2749 5483 2886 5554 quod
2915 5483 3010 5535 hoc
3037 5482 3210 5551 [actus
3240 5491 3339 5549 est,
3381 5485 3469 5538 sed
