3942 6128
455 261 588 318 14⁸59

1429 255 1485 308 S.
1528 249 1801 310 CYRILLI
1842 248 2309 305 ALEXANDRINI
2349 245 2673 304 ARCHIEP.

3557 248 3695 304 ιιιο

450 379 587 448 quod
633 374 725 429 hoc
766 375 1046 441 assumpsit
1079 387 1096 426 :
1135 383 1181 426 et
1233 371 1386 424 homo
1421 369 1583 433 Deus,
1629 384 1731 420 non
1765 375 2016 433 tanquam
2047 381 2093 433 Α
2124 367 2243 419 dem
2288 377 2465 433 neque
2502 362 2699 418 Filium
2727 375 2937 427 verum,
2966 376 3140 432 neque
3171 361 3340 416 Deum
3371 377 3496 417 esse
3524 365 3695 420 dicis:

453 464 1012 534 irwircumscriptibilis
1037 463 1234 531 factus,
1265 476 1356 514 nec
1379 460 1566 528 ubique
1589 458 1881 520 exsistens;
1910 471 2018 508 cor-

451 574 553 619 pus
593 557 729 610 enim
781 565 890 608 erat
929 564 976 607 et
1008 562 1122 621 post
1161 552 1596 606 resurrectionem
1635 547 1921 616 palpabile,
1974 554 2023 599 et

453 644 558 696 tat'e
591 651 850 711 receptant
893 650 966 696 est
1008 641 1062 694 in
1109 639 1319 706 caelum,
1357 648 1406 694 et
1451 638 1527 693 sic
1562 637 1723 691 veniet
1768 637 1901 690 sicut
1934 651 2017 690 re-

452 739 658 800 ceptum
682 739 782 784 est.

1095 855 1370 896 CYMLLUS.

526 951 666 1005 Ecce
711 949 867 1018 plane
899 957 952 1004 et
994 949 1272 1004 evidenter
1301 956 1492 1003 contra
1521 948 1758 1003 divinam
1802 947 2021 1016 quidem

458 1043 627 1098 fertur
665 1042 1042 1112 Scripturam;
1097 1041 1353 1109 reprobat
1404 1055 1534 1095 vero
1574 1039 1774 1094 Christi
1832 1045 2028 1109 myste-

459 1136 621 1202 rium,
662 1144 716 1190 et
756 1135 910 1204 quasi
947 1134 1183 1202 increpat
1227 1131 1394 1185 Deum
1423 1130 1687 1197 Verbum,
1724 1130 1869 1200 quod
1902 1143 2026 1197 pro-

459 1231 578 1294 pter
608 1239 707 1279 nos
735 1223 1161 1279 exinanitionem
1187 1223 1298 1290 pati
1329 1221 1496 1276 voluit
1531 1238 1548 1288 ;
1598 1229 1653 1274 et
1679 1219 1821 1287 quod
1853 1219 2028 1272 factus

458 1326 544 1368 est
577 1314 758 1376 homo,
793 1313 1123 1367 contristare
1162 1312 1391 1365 videtur.
1429 1310 1695 1365 lnterimit
1727 1309 1872 1364 enim
1913 1323 2030 1362 om-

459 1406 593 1460 nino
636 1405 1115 1469 humanationem,
1159 1413 1215 1457 et
1257 1402 1520 1457 adversus
1568 1399 1892 1455 inell‘abilem
1943 1415 2033 1454 sa-

459 1499 719 1567 pientiam
759 1497 970 1552 extollit
1012 1512 1095 1559 se,
1151 1509 1290 1564 pene
1333 1492 1761 1549 dicensJudaiee
1789 1492 2030 1546 omnium

461 1599 708 1643 nostrum
750 1586 1016 1640 Salvatori
1066 1586 1285 1641 Christo
1317 1602 1332 1639 :
1381 1603 1400 1635 ι
1448 1584 1523 1638 De
1554 1583 1694 1637 bono
1732 1595 1896 1652 apere
1928 1597 2030 1634 non

461 1687 514 1732 te
546 1678 868 1748 lapidamus,
899 1677 993 1732 sed
1023 1679 1087 1732 de
1123 1677 1480 1746 blasphemia,
1508 1675 1649 1744 quod
1677 1685 1753 1740 tu,
1793 1689 1918 1728 cum
1957 1672 2034 1727 sis

460 1766 653 1833 homo,
679 1767 812 1820 facis
849 1777 898 1822 te
932 1768 1098 1821 Deum
1137 1767 1224 1818 η’.
1263 1785 1280 1816 ι
1323 1765 1521 1819 Audiat
1559 1765 1724 1833 igitur
1755 1764 2029 1816 dicentem
2063 1761 2106 1815 B

466 1865 650 1925 aperte
681 1870 696 1908 :
723 1873 743 1907 ι
785 1857 841 1910 Si
885 1857 1048 1926 igitur
1091 1871 1196 1909 non
1235 1854 1374 1909 facio
1403 1869 1564 1923 opera
1598 1853 1778 1908 Patris
1810 1855 1934 1917 mei,
1962 1868 2030 1906 ne

463 1948 595 2002 mihi
627 1948 863 2013 credite;
927 1947 970 2001 si
1007 1962 1132 2001 vero
1160 1946 1324 2010 facio,
1377 1945 1502 2000 licet
1542 1946 1672 2000 mihi
1702 1943 2018 1999 noncreda-

466 2037 555 2102 tis,
603 2038 854 2106 operibus
901 2038 1036 2091 meis
1079 2038 1281 2092 credite
1319 2037 1383 2091 ‘°.
1433 2055 1451 2088 ι
1505 2036 1638 2090 Cum
1681 2037 1821 2090 enim
1867 2035 2033 2089 sciret

463 2130 609 2200 quod
649 2129 830 2184 divina
873 2129 1073 2182 virtute
1108 2137 1161 2181 et
1204 2137 1470 2195 potestate
1505 2128 1777 2191 utebatur,
1813 2135 1866 2180 et
1909 2139 2030 2179 cum

464 2222 803 2290 apparuisset
838 2221 998 2274 homo
1027 2220 1116 2272 Dei
1144 2217 1398 2281 Verbum,
1444 2216 1676 2286 abnegat
1704 2218 1876 2286 ipsum
1909 2229 2032 2270 esse

462 2311 656 2377 Deum,
689 2322 742 2364 et
776 2311 827 2365 in
861 2310 1078 2364 homine
1111 2309 1281 2379 magis
1304 2309 1573 2363 habitasse
1607 2308 1738 2364 dicit
1767 2323 1914 2371 eum,
1963 2316 2025 2361 ut

465 2400 563 2457 Dei
595 2402 828 2456 Verbum
863 2401 1020 2456 nobis
1044 2400 1312 2454 hominem
1358 2400 1667 2454 ostenderet
1697 2399 2028 2452 adorandum

465 2503 521 2549 et
557 2508 688 2561 pura
714 2493 930 2548 deitatis
957 2491 1326 2548 nominatione
1357 2493 1701 2548 honoratum.
1735 2470 2041 2545 Convictus‘

468 2582 635 2653 igitur
692 2592 775 2639 est
812 2583 1105 2654 ignorasse
1167 2584 1388 2638 omnino
1455 2584 1711 2638 virtutem
1785 2582 2030 2652 mysterii

470 2673 694 2731 Christi.

969 2789 1025 2844 4.
1057 2789 1141 2854 Ea:
1178 2788 1355 2842 eodem
1386 2786 1548 2842 libro.

1093 2917 1424 2957 THEODORUS.

545 3013 649 3069 Sed
694 3016 740 3068 si
785 3031 931 3076 caro,
974 2997 1124 3078 dicit,
1175 3023 1287 3068 erat
1336 3030 1454 3083 qua:
1495 3015 1751 3082 cruriﬁxa
1783 3023 1880 3076 est,
1907 3028 2040 3082 quo-

471 3105 628 3160 modo
672 3107 751 3159 sol
797 3108 978 3159 radios
1025 3107 1232 3168 avertit,
1281 3115 1328 3159 et
1385 3107 1608 3158 tenebrae
1663 3115 2040 3173 occupaverunt
2068 3111 2110 3168 C

473 3207 634 3248 tutam
681 3199 968 3263 terramf'et
995 3205 1144 3247 terrte
1163 3207 1354 3257 motus,
1396 3204 1444 3247 et
1474 3204 1635 3263 petra:
1675 3195 2042 3261 dirumpeban-

476 3295 585 3349 tur,
614 3295 659 3338 et
699 3288 892 3338 mortui
932 3286 1267 3353 resurgebant
1302 3286 1389 3339 i9?
1420 3286 1558 3350 Quid
1592 3286 1751 3354 igitur
1776 3288 1957 3338 dicunt
1993 3296 2041 3339 et

476 3376 541 3430 de
580 3377 803 3430 tenebris
824 3379 877 3429 in
925 3377 1159 3445 Egypto
1207 3376 1364 3441 factis
1417 3379 1511 3433 sub
1556 3388 1784 3446 tempore
1834 3379 2041 3435 Musis:

476 3483 580 3520 non
629 3468 682 3520 in
725 3467 894 3520 tribus
931 3468 1111 3532 horis,
1141 3471 1230 3520 sed
1264 3470 1316 3521 in
1346 3469 1513 3522 tribus
1553 3469 1735 3523 diebus
1767 3471 1859 3524 ὀἳ
1897 3470 2042 3535 Quid

476 3571 594 3608 vero
623 3555 687 3608 de
719 3556 842 3609 aliis
871 3571 963 3623 per
995 3555 1178 3608 Mosen
1211 3556 1371 3624 factis
1402 3557 1673 3611 miraculis
1699 3599 1712 3623 ,
1755 3568 1801 3610 et
1833 3574 1925 3625 per
1953 3557 2045 3612 Je-

476 3662 592 3698 sum
620 3646 786 3713 Nave,
834 3648 922 3718 qui
960 3649 1122 3701 solem
1163 3659 1303 3702 stare
1333 3648 1458 3717 fecit
1483 3649 1548 3712 ",
1574 3651 1665 3718 qui
1698 3649 1776 3702 sol
1803 3650 1896 3702 sub
1931 3665 2046 3718 rege

479 3733 709 3788 Ezecltia
738 3742 786 3788 et
813 3744 1004 3803 praeter
1034 3745 1283 3788 naturam
1315 3747 1632 3790 retroversus
1657 3746 1728 3790 est
1761 3739 1804 3768 "
1833 3739 1855 3789 ’ἰ
1883 3735 1948 3788 Et
1983 3737 2046 3791 de

479 3825 665 3880 Elisazi
696 3829 968 3898 reliquiis,
1010 3844 1127 3896 qua:
1179 3839 1451 3880 mortuum
1502 3831 1941 3881 resuscitaverunt
1968 3829 2048 3881 "'3

481 3919 542 3973 Si
577 3920 714 3972 enim
761 3919 924 3972 Deum
963 3918 1180 3972 Verbum
1219 3936 1429 3987 passum
1467 3936 1575 3972 esse
1606 3920 1902 3984 ostendunt,
1932 3936 2046 3990 qua?

482 4009 537 4061 in
589 4017 818 4076 tempore
856 4010 1026 4063 crucis
1067 4010 1210 4077 facta
1247 4019 1401 4073 sunt,
1445 4021 1491 4063 et
1543 4020 1750 4078 prapter
1791 4011 2048 4063 hominem

484 4114 590 4152 non
641 4101 923 4153 concedant
971 4116 1032 4154 ea
1079 4101 1223 4170 facta
1273 4116 1427 4155 esse:
1460 4111 1507 4154 et
1540 4118 1655 4170 ante
1683 4103 1775 4155 sub
1825 4111 2050 4171 tempore

485 4190 654 4245 Hosis
694 4202 905 4261 propter
945 4210 1106 4262 genus
1153 4194 1399 4259 Abrahae,
1447 4203 1494 4247 et
1539 4209 1658 4263 qua:
1694 4193 1788 4244 sub
1823 4205 2050 4262 tempore

485 4281 613 4336 Jesu
655 4281 802 4336 Nave
840 4292 886 4337 et
936 4283 1180 4337 Ezechiae
1208 4285 1343 4352 regis
1371 4300 1472 4336 non
1507 4292 1682 4337 erunt.
1723 4281 1782 4336 Si
1811 4299 1927 4336 vero
1953 4284 2051 4335 illa

483 4383 697 4442 propter
729 4374 1039 4429 Judteorum
1097 4374 1347 4444 populum
1391 4377 1659 4427 miracula
1704 4375 1851 4442 facta
1903 4385 2047 4438 sunt,

485 4465 652 4518 multo
693 4467 859 4534 magis
897 4481 1014 4534 qute
1057 4467 1114 4519 in
1156 4481 1307 4519 cruce
1345 4473 1556 4534 propter
1594 4463 1693 4517 Dei
1737 4462 1886 4518 Verbi
1923 4475 2052 4517 tem-

485 4555 649 4623 plum.

1131 4685 1408 4726 CYRILLUS.

563 4815 583 4849 ι
612 4796 982 4867 Stupefactum
1020 4809 1104 4856 est
1141 4803 1336 4858 coelum
1381 4816 1544 4870 super
1591 4800 1712 4867 hoc,
1744 4811 1798 4857 et
1823 4810 2048 4856 contre-

486 4888 626 4943 muit
670 4888 898 4955 amplius
941 4890 1304 4957 vehementer,
1360 4893 1488 4946 dicit
1531 4892 1788 4945 Dominus
1822 4893 1888 4947 ".
1928 4910 1947 4943 ι
2007 4889 2052 4946 O

488 4978 887 5035 intolerabilem
925 4979 1354 5050 malignitatem!
1396 4985 1440 5038 Ο
1465 4984 1699 5051 tinguant
1741 4982 2052 5051 loquentem

490 5067 833 5139 iniquitatem
863 5069 1123 5125 adversus
1149 5070 1336 5135 Deum,
1374 5082 1428 5125 et
1460 5081 1688 5125 mentem
1722 5073 1774 5126 in
1809 5072 2052 5126 altitudi-

493 5176 614 5216 nem
656 5177 825 5216 cornu
873 5163 1256 5218 extollentem!
1309 5163 1504 5216 Parum
1534 5179 1655 5218 esse
1714 5165 1806 5218 tihi
1844 5164 2056 5217 videtur

494 5252 710 5308 allixum
742 5269 864 5309 esse
894 5253 1035 5324 ligno
1070 5255 1353 5309 Dominum
1385 5255 1605 5323 gloriae?
1639 5255 1804 5320 Quem
1838 5265 1889 5308 tu
1927 5255 2050 5323 qui-

569 5408 632 5438 ¹⁷⁶
662 5405 816 5460 Joan.
859 5425 912 5470 χ,
947 5409 1036 5461 55.

1113 5410 1156 5440 η
1183 5411 1311 5463 una.
1346 5410 1432 5477 57,
1464 5410 1552 5462 5.8.

501 5489 596 5535 xx,
633 5475 721 5528 10.

797 5478 933 5530 "lV
961 5477 1093 5548 Reg.
1134 5495 1250 5542 xm,
1288 5480 1376 5532 “2|.
1455 5479 1498 5509 ”
1525 5479 1724 5534 Jcrem.
1762 5495 1818 5544 ll,
1855 5480 1932 5533 l2.

496 5696 503 5701 _
581 5627 661 5695 (l)
694 5629 763 5682 Al
811 5645 944 5697 eam,
973 5633 1091 5687 scil.
1119 5635 1368 5701 gratiam.
1405 5633 1572 5687 limo.

1632 5411 1670 5439 ’θ
1697 5410 1880 5465 Matth.
1904 5424 2070 5474 xxvn,
2100 5407 2288 5463 fil-5‘5.
2369 5411 2386 5438 ²

1632 5496 1724 5533 :m.
1762 5495 1818 5533 ιι.
1855 5480 1932 5533 l2.
2013 5480 2056 5510 ”
2089 5479 2244 5533 Rom.
2290 5493 2326 5533 ι.
2358 5478 2389 5531 5

2137 5492 2244 5533 om.
2290 5493 2326 5544 ι,
2359 5492 2408 5531 o.

2125 469 2223 508 nos
2250 464 2426 507 autem
2461 453 2755 517 credimus,
2796 453 2940 521 quod
2967 463 3046 507 est
3075 467 3203 508 vere
3242 454 3418 508 Filius
3449 464 3502 508 et
3536 453 3695 522 Deus,

2125 553 2338 600 creator
2364 555 2419 599 et
2452 545 2631 613 opifex
2659 545 2922 599 omnium.
2980 544 3164 614 Neque
3215 546 3362 600 enim
3395 556 3516 600 erat
3543 548 3701 602 homo

2126 637 2463 705 simpliciter,
2513 637 2607 690 sed
2642 638 2697 691 in
2729 637 2909 706 specie
2942 635 3200 701 humana,
3239 638 3334 706 qui
3381 647 3466 692 est
3492 653 3560 692 ex
3599 641 3702 693 Deo

2128 727 2287 780 Patre
2316 725 2456 780 Deus
2480 725 2757 781 Verbum:
2801 742 2905 780 non
2946 726 3356 780 translationem
3403 728 3492 779 vel
3534 738 3702 780 muta-

2132 818 2353 884 tionem,
2379 833 2498 886 quae
2529 828 2615 873 est
2635 819 2690 873 in
2723 833 2887 872 carne
2921 828 3134 886 paSSus,
3167 817 3354 872 unitus
3379 833 3512 871 vero
3536 821 3702 888 magis

2129 906 2179 960 ei
2214 909 2508 960 secundum
2558 907 2717 961 (idem
2753 922 3032 961 sacrarum
3075 905 3432 960 Litterarum.
3481 906 3587 961 Iste
3611 910 3696 977 qui

2131 999 2185 1052 in
2216 1013 2386 1053 carne
2416 1013 2626 1066 passus,
2659 1009 2711 1052 et
2740 1013 3036 1067 suspensus
3066 999 3118 1052 in
3146 998 3290 1069 ligno
3312 1007 3420 1063 est,
3444 1000 3696 1052 miracula

2132 1090 2261 1145 fecit
2285 1091 2337 1144 in
2369 1089 2625 1161 Egypto,
2665 1091 2716 1144 in
2763 1091 3019 1145 omttihus
3044 1105 3142 1158 per
3179 1090 3490 1160 sapientem
3527 1089 3697 1145 Mosen

2132 1198 2285 1238 suam
2312 1182 2539 1254 gloriam
2574 1183 2951 1238 manifestans.

2634 1292 2688 1347 5.
2723 1291 2809 1346 Ea:
2836 1293 3016 1347 eodem
3041 1292 3200 1348 libro.

2758 1420 3095 1460 THEODOBUS.

2205 1515 2393 1570 Gratia
2439 1515 2646 1581 Filius,
2689 1517 2781 1582 qui
2818 1532 2883 1570 ea:
2934 1516 3112 1570 Maria
3157 1525 3238 1569 est
3291 1517 3475 1584 homo,
3523 1527 3695 1571 natm

2135 1624 2254 1662 vero
2278 1607 2416 1660 Deus
2452 1605 2695 1661 Verbum.
2726 1606 2878 1671 Quod
2918 1623 3038 1660 vero
3068 1617 3144 1660 est
3175 1607 3492 1675 gratia,non
3517 1619 3694 1660 natura

2136 1709 2210 1753 est
2240 1714 2261 1752 :
2294 1708 2343 1753 et
2373 1699 2511 1770 quod
2541 1707 2618 1753 est
2652 1709 2870 1763 natura,
2925 1715 3028 1752 non
3055 1700 3256 1768 gratia,
3298 1716 3405 1752 non
3442 1702 3548 1753 duo
3587 1701 3696 1768 ﬁlii.

2135 1789 2364 1859 Suﬁiciat
2387 1791 2593 1858 corpori
2638 1791 2776 1860 quod
2811 1805 2876 1842 ea;
2915 1790 3062 1841 nobis
3106 1799 3208 1853 est,
3253 1790 3540 1842 secundum
3584 1807 3700 1858 gra-

2137 1879 2265 1931 tiam
2307 1877 2519 1944 ﬁlialio,
2578 1878 2787 1946 gloria,
2846 1876 3263 1943 immortalitas,
3311 1893 3415 1946 quo
3461 1879 3702 1944 templum

2136 1969 2233 2024 Dei
2274 1967 2425 2023 Verbi
2455 1969 2654 2037 factum
2686 1980 2802 2023 est:
2840 1985 2942 2021 non
2983 1985 3146 2036 supra
3180 1980 3417 2022 naturam
3444 1969 3696 2029 elevetur,

2136 2071 2184 2112 et
2212 2057 2351 2112 Deus
2389 2056 2611 2111 Verbum
2639 2074 2732 2126 pro
2756 2059 2926 2110 debita
2957 2075 2988 2110 a
3030 2060 3179 2110 nobis
3208 2060 3499 2126 gratiarum
3537 2059 3704 2108 actio-

2139 2165 2202 2203 ne
2232 2165 2334 2203 non
2372 2150 2673 2218 injurietur.
2722 2147 2787 2201 Et
2832 2165 2950 2218 qua:
2990 2159 3066 2202 est
3106 2150 3307 2215 injuria
3335 2149 3358 2200 ?
3385 2148 3706 2216 Componere

2138 2239 2312 2307 ipsum
2357 2255 2472 2291 cum
2519 2255 2755 2306 corpore,
2811 2249 2857 2290 et
2920 2249 3105 2305 putare
3159 2253 3276 2289 eum
3323 2239 3394 2288 ad
3431 2237 3707 2304 perfectam

2139 2331 2455 2399 ﬁliationem
2487 2330 2719 2398 corporis
2751 2330 3003 2398 indigere.
3035 2327 3219 2396 Neque
3253 2329 3366 2396 ipse
3396 2328 3540 2380 Deus
3589 2326 3701 2380 Ver-

2141 2421 2263 2472 bum
2297 2419 2402 2472 vult
2433 2420 2656 2487 seipsum
2701 2416 2903 2471 Filium
2935 2419 3101 2471 David
3132 2435 3265 2482 esse,
3291 2419 3384 2471 sed
3411 2418 3708 2471 Dominus:

2141 2527 2328 2578 corpus
2373 2527 2490 2564 vero
2539 2513 2714 2564 vocari
2761 2510 2932 2578 ﬁlium
2973 2510 3181 2574 David,
3238 2527 3346 2564 nor.
3411 2511 3580 2566 solum
3618 2525 3710 2564 non

2141 2605 2361 2668 invidit,
2393 2603 2482 2658 sed
2505 2605 2663 2657 etiam
2693 2613 2903 2671 propter
2930 2603 3028 2656 hoc
3061 2604 3324 2672 pervenit.

2791 2749 3069 2790 CYRILLUS.

2216 2869 2358 2940 Ergo
2404 2871 2661 2940 quoniam
2711 2870 2850 2939 quod
2903 2878 2988 2924 est
3022 2869 3241 2939 ,gratia,
3272 2884 3384 2924 non
3418 2882 3631 2936 natura,
3661 2879 3707 2924 et

2146 2963 2286 3030 quod
2321 2971 2407 3015 est
2446 2970 2662 3025 natura,
2693 2977 2796 3014 non
2825 2962 2994 3030 gratia
3017 3003 3032 3026 ,
3065 2975 3174 3014 non
3206 2971 3342 3015 sunt
3368 2962 3462 3014 lilii
3498 2963 3601 3014 duo
3627 2976 3706 3015 se-

2149 3055 2381 3108 cundum
2411 3062 2556 3106 tuam
2597 3053 2879 3108 rationem.
2915 3051 3016 3116 Qui
3055 3051 3230 3120 gratia
3276 3052 3497 3120 quidem
3524 3060 3582 3104 et
3607 3066 3708 3105 non

2147 3157 2338 3200 natura
2398 3145 2566 3200 Filius
2599 3155 2700 3210 est,
2739 3161 2842 3198 non
2879 3153 2959 3198 est
2994 3157 3119 3196 vere
3145 3143 3314 3207 filius,
3350 3153 3607 3208 superest
3631 3157 3712 3196 au-

2146 3245 2252 3289 tem
2300 3243 2359 3288 ut
2399 3244 2569 3287 staret
2612 3249 2752 3286 vera:
2797 3231 3072 3285 liliationis
3106 3231 3281 3300 gloria
3318 3231 3374 3284 in
3412 3246 3476 3285 eo
3503 3232 3603 3299 qui
3639 3241 3712 3284 est

2146 3333 2336 3378 natura
2363 3333 2416 3378 et
2449 3338 2553 3376 non
2594 3324 2786 3391 gratia,
2824 3321 2875 3374 id
2906 3329 3013 3389 est,
3055 3322 3108 3373 in
3140 3322 3250 3374 Deo
3279 3321 3480 3383 Verbo,
3515 3320 3611 3388 qui
3641 3329 3716 3373 est

2147 3431 2212 3471 ex
2239 3416 2349 3469 Deo
2393 3415 2578 3468 Patre.
2629 3413 2894 3480 Expulsus
2935 3412 3231 3481 estigitur,
3267 3412 3419 3465 sicut
3448 3411 3584 3472 dixi,
3614 3425 3716 3463 esse

2147 3522 2199 3565 et
2221 3511 2323 3564 dici
2346 3509 2514 3564 Filius
2543 3509 2635 3562 Dei
2661 3509 2907 3562 Christus
2927 3504 3104 3570 .lesus,
3139 3520 3236 3574 per
3261 3519 3433 3574 quem
3472 3513 3528 3557 et
3563 3501 3709 3556 salvi-

2148 3600 2292 3655 licati
2325 3615 2531 3666 sumus,
2585 3609 2813 3652 mortem
2856 3597 2971 3664 ejus
3011 3597 3432 3657 annuntiantes,
3469 3605 3526 3648 et
3558 3589 3712 3647 conli-

2150 3702 2325 3748 tentes
2376 3692 2850 3747 resurrectionem.
2898 3688 3133 3743 Verbum
3194 3687 3343 3741 enim
3409 3687 3536 3741 fidei
3583 3683 3706 3754 quod

2149 3784 2522 3853 praedicamus,
2574 3782 2640 3834 ad
2684 3781 2841 3834 istam
2872 3794 2971 3834 nos
3014 3777 3420 3832 confessionem
3457 3777 3710 3846 producit.

2149 3874 2288 3943 Ergo
2335 3874 2386 3927 in
2425 3873 2696 3926 hominem
2743 3872 2876 3925 fides
2919 3877 3025 3936 est,
3057 3879 3111 3923 et
3145 3883 3249 3922 non
3297 3871 3351 3920 in
3394 3881 3525 3921 eum
3558 3866 3718 3936 quiet

2150 3975 2340 4020 natura
2371 3974 2423 4019 et
2452 3979 2579 4018 vere
2613 3963 2707 4018 Dei
2754 3962 2922 4016 Filius
2974 3969 3074 4016 est.
3124 3961 3182 4013 Si
3217 3960 3365 4014 enim
3395 3975 3592 4014 verum
3627 3967 3721 4019 est,

2153 4057 2241 4125 qui
2278 4057 2408 4110 dicit
2454 4056 2629 4124 gratia
2685 4054 3002 4108 liliatinnem
3056 4053 3310 4107 sortitum
3364 4067 3492 4107 esse
3533 4053 3722 4121 ipsum,

2154 4145 2482 4198 multitudini
2521 4145 2751 4198 filiorum
2788 4142 3289 4205 connumerahitur,
3337 4141 3390 4194 id
3441 4151 3527 4195 est
3559 4141 3722 4200 nobis,

2154 4231 2349 4299 quibus
2375 4245 2604 4298 superna
2638 4233 2806 4298 gratia
2840 4229 3150 4284 filiationem
3182 4231 3372 4292 donat,
3415 4247 3436 4280 ‹
3472 4233 3540 4284 ad
3572 4244 3721 4298 quam

2153 4322 2328 4375 vocati
2372 4336 2554 4375 sumus
2586 4336 2680 4390 per
2724 4319 2902 4374 Jesum
2952 4320 3250 4383 Christum,
3288 4320 3380 4387 qui
3417 4335 3484 4374 es
3524 4320 3728 4374 semine

2081 4443 2127 4496 Ι)
2156 4411 2323 4466 David
2367 4421 2451 4466 est
2490 4412 2783 4465 secundum
2829 4425 3052 4465 carnem
3083 4410 3148 4460 ".
3188 4429 3207 4461 ι
3241 4411 3306 4463 Ει
3330 4418 3546 4464 certum
3576 4422 3626 4464 te
3654 4410 3726 4462 fa-

2154 4506 2263 4560 ciat
2301 4505 2485 4559 dicens
2540 4503 2758 4556 divinus
2786 4503 3156 4572 evangelista:
3191 4519 3211 4551 s
3250 4501 3353 4568 Qui
3402 4516 3543 4555 vero
3573 4515 3723 4554 acce-

2154 4605 2348 4664 perunt
2369 4611 2490 4650 eum
2522 4594 2622 4665 (l),
2654 4595 2799 4649 dedit
2826 4595 2904 4648 eis
2929 4602 3250 4663 potestatem
3285 4593 3430 4646 lilios
3460 4592 3563 4647 Dei
3594 4591 3722 4652 ﬁeri,

2155 4685 2503 4742 credentibus
2541 4688 2593 4739 in
2627 4686 2847 4739 nomine
2880 4684 3015 4753 ejus.
3055 4702 3074 4734 ι
3103 4683 3304 4738 Deinde
3334 4683 3613 4750 quomodo
3641 4683 3724 4749 qui

2155 4778 2222 4832 ab
2252 4777 2420 4831 altero
2457 4777 2636 4831 datam
2676 4776 2990 4845 dignitatem
3045 4775 3323 4828 filiationis
3360 4777 3598 4828 sortitus
3627 4783 3723 4835 est,

2156 4877 2210 4922 et
2237 4867 2388 4921 nobis
2430 4865 2562 4935 ipsis
2603 4866 2807 4921 donare
2851 4880 2955 4919 non
2999 4880 3149 4918 suam
3180 4864 3380 4935 magis,
3411 4869 3510 4918 sed
3543 4863 3727 4932 acqui-

2156 4957 2312 5012 sitam
2342 4957 2389 5011 ei
2425 4957 2765 5010 extrinsecus
2787 4957 3058 5025 gratiam?

2230 5068 2297 5120 Et
2323 5077 2437 5135 post
2467 5085 2637 5137 pauca
2665 5083 2682 5122 :
2716 5068 2870 5122 Dedit
2909 5069 3144 5137 seipsum
3183 5069 3236 5121 in
3268 5069 3724 5122 examinationem

2159 5163 2349 5229 Filius,
2395 5173 2449 5217 et
2490 5176 2608 5215 cum
2638 5163 2689 5216 in
2719 5165 2971 5218 clunibus
3017 5173 3162 5216 esset
3209 5161 3519 5230 perfectus,
3571 5159 3726 5213 voluit

2159 5253 2267 5322 pati
2301 5252 2687 5316 humilitatem,
2731 5262 2785 5308 et
2822 5253 3117 5307 secundum
3161 5267 3386 5306 carnem
3417 5267 3487 5306 ex
3513 5250 3728 5304 muliere

2369 5409 2413 5438 ³ο
2436 5407 2603 5465 Exod.
2638 5422 2693 5471 ι,
2731 5407 2819 5460 9.2.
2900 5407 2942 5437 ²¹
2971 5403 3132 5462 Josue
3158 5421 3212 5467 κ,
3251 5404 3342 5459 12.
3422 5407 3470 5438 ³³
3496 5405 3562 5461 IV
3595 5405 3722 5474 Reg.

3857 241 3888 288 ε
