3942 6128
187 248 340 307 ,Ηι
1102 194 1108 215 1
1399 240 1831 299 FRAGMENTA
1868 238 2294 298 DOGMATICA.
3323 247 3464 303 ista

201 368 480 422 sustinere
514 366 880 434 nativitatem,
907 375 962 422 et
1002 365 1301 435 appellatus
1325 371 1411 420 est
1437 364 1579 418 ﬁlius
1605 362 1782 417 Abra-
1811 365 1859 421 A
1885 374 2005 413 rum
2066 359 2434 428 apostolorum
2485 368 2540 416 et
2591 362 3045 434 evangelistarum
3118 365 3462 437 impudenter

210 460 293 511 hae
320 465 373 511 et
407 456 601 512 David.
643 457 759 515 Non
793 459 1022 514 miratus
1046 473 1106 513 es
1133 466 1241 512 tam
1274 458 1470 511 bonum
1498 456 1779 525 dispensa-
1887 449 2249 504 resistentia?
2293 448 2673 508 Recusandum
2720 453 2886 523 igitur
2916 469 3010 512 eos
3035 457 3128 527 qui
3161 466 3270 513 tam
3301 458 3461 516 malis

212 547 372 603 tionis
422 548 739 613 artiﬁcium,
790 550 965 619 magis
1014 563 1144 603 vero
1182 546 1537 616 reprehendis
1577 553 1782 616 mystea
1887 539 2061 609 culpis
2111 541 2329 597 obnoxii
2379 550 2526 608 sunt,
2571 543 2685 599 sive
2711 547 2763 598 in
2801 546 2941 601 vivis
2981 556 3128 616 sunt,
3173 548 3287 604 sive
3328 564 3455 605 non.

212 639 352 691 rium
391 657 405 692 :
448 638 701 706 injuriam
741 654 864 695 esse
899 640 1086 695 dicens
1112 639 1546 694 incarnationem
1576 636 1779 706 Unige-
1885 631 1971 685 Ab
2001 631 2093 686 illo
2116 633 2262 686 enim
2294 633 2437 703 (ἰυοά
2470 644 2649 700 ηοεει,
2681 637 2935 692 recedere
2954 641 3319 695 necessarium
3341 646 3458 704 est:

211 730 335 793 niti,
378 730 631 801 inerepas
686 733 972 787 consilium
1020 730 1117 786 Dei
1159 740 1213 785 et
1248 730 1429 786 Patris
1470 749 1484 785 :
1520 729 1782 784 inclamas
1884 733 1940 777 el
1982 724 2188 779 nonad
2233 719 2524 796 personam
2567 726 2861 797 respicere.
2920 731 3016 785 sed
3067 731 3122 786 id
3169 733 3312 802 (ιυοᾱ
3351 733 3462 789 1)ου

207 834 339 875 vero
368 821 530 875 etiam
566 823 741 890 ipsum
773 822 992 889 Filium,
1025 822 1117 893 qui
1156 823 1265 892 pati
1295 821 1463 875 voluit
1486 827 1704 891 propter
1729 828 1783 874 te
1885 816 2087 887 placet,
2119 827 2333 889 oportet
2362 820 2733 876 considerare.

205 913 658 968 exinanitionem.
705 912 842 969 Cum
890 914 1055 983 igitur
1102 912 1342 967 audieris
1395 913 1681 1006 dicentenr
1706 912 1782 1006 ad
2263 932 2315 987 7.
2342 931 2429 989 Επ
2457 934 2686 990 secundo
2712 933 2846 990 ιεωιο
2869 933 3077 1006 συγξιιξ,

206 1003 485 1058 caelestem
518 1004 735 1059 Patrem
779 1013 834 1059 et
880 1005 1080 1059 Deum:
1110 1022 1129 1056 ‹
1172 1003 1511 1059 Sacriﬁcium
1546 1011 1600 1058 et
1633 1001 1782 1057 obla-

209 1093 411 1148 tionem
460 1094 747 1161 noluisti,-
795 1094 1108 1150 holocausta
1167 1103 1223 1150 et
1266 1109 1364 1163 pro
1413 1093 1610 1148 delicto
1668 1107 1778 1148 non

205 1187 521 1256 postulasti,
551 1202 747 1257 corpus
771 1194 946 1241 autem
973 1187 1247 1255 perfecisti
1278 1186 1409 1240 mihi
1444 1204 1459 1240 :
1490 1194 1601 1240 tum
1630 1184 1780 1241 dixi:
1960 1200 1982 1233 ι
2020 1180 2157 1249 Quid
2189 1189 2274 1237 est
2297 1183 2463 1237 homo
2486 1184 2632 1253 quod
2674 1195 2881 1240 memor
2909 1198 2969 1240 es
2999 1184 3116 1255 ejus
3143 1186 3168 1242 ?
3195 1194 3287 1243 aut
3315 1188 3458 1248 ﬁlius

203 1275 346 1330 Ecce
380 1277 538 1330 venio
572 1295 586 1330 :
619 1275 673 1328 in
724 1276 899 1344 capite
955 1275 1076 1330 libri
1126 1277 1390 1345 scripturn
1440 1284 1525 1328 cst
1555 1275 1620 1329 de
1671 1289 1779 1341 me,
1886 1274 2141 1338 hominis,
2178 1275 2324 1346 quod
2357 1276 2548 1331 visitas
2577 1290 2699 1331 eum
2725 1276 2813 1331 ³⁸⁸1
2852 1295 2871 1328 ι
2907 1276 3315 1336 Consideremus
3349 1284 3456 1353 igi-

206 1374 264 1417 nt
293 1363 490 1418 faciam
532 1363 863 1418 voluntatem
893 1373 1062 1430 tuam,
1114 1365 1276 1429 Deus,
1323 1364 1468 1419 volui
1500 1365 1585 1431 ";
1617 1383 1636 1415 ι
1675 1379 1780 1419 non
1886 1377 1992 1431 tur,
2044 1367 2162 1435 quis
2211 1367 2368 1421 homo
2412 1369 2513 1433 sit,
2560 1368 2643 1422 de
2675 1384 2780 1439 quo
2818 1372 3062 1439 stupescit
3113 1381 3161 1426 et
3208 1374 3457 1440 miratur,

203 1466 359 1511 recta
402 1455 645 1523 cogitare
685 1456 913 1510 forsitan
957 1455 1150 1509 Filium
1184 1456 1252 1511 de
1285 1471 1381 1512 sua
1410 1455 1580 1526 gloria
1613 1456 1779 1511 dices.
1884 1460 2024 1529 quod
2076 1457 2388 1530 Unigenitus
2429 1461 2677 1531 dignatus
2722 1471 2797 1515 εει
2837 1461 2952 1532 ejus
2990 1465 3297 1519 memoriam
3338 1466 3463 1521 uisi-

200 1547 385 1618 Elegit
411 1550 554 1603 enim
580 1548 826 1617 corporis
860 1547 1268 1618 perfectionem,
1310 1558 1369 1603 et
1399 1562 1505 1603 non
1540 1546 1631 1601 alii
1665 1563 1782 1601 ma-
1888 1552 2246 1622 tationemque
2302 1552 2497 1621 facere.
2549 1552 2657 1609 Sed
2693 1553 2833 1621 quod
2881 1554 3087 1626 quidem
3125 1572 3229 1611 non
3260 1558 3460 1611 dictum

198 1642 285 1711 gis
320 1640 543 1703 factam,
572 1641 664 1695 sed
682 1639 793 1695 sibi
830 1639 1125 1694 secundum
1166 1641 1329 1694 verba
1367 1638 1780 1712 ipsius,Corpus
1815 1699 1853 1712 η
1885 1652 1959 1696 εει
2012 1644 2075 1697 de
2118 1645 2294 1709 omni,
2354 1646 2411 1697 in
2463 1645 2821 1711 superioribus
2873 1645 3291 1702 demonstratum
3343 1658 3460 1704 est:

181 1699 660 1797 a‘ittemperfecisti,
687 1730 820 1784 dicit
857 1747 871 1783 :
905 1730 1032 1784 licet
1060 1730 1299 1784 audieris
1336 1707 1564 1783 Paulum
1590 1731 1778 1784 dicen-
1813 1699 1855 1758 Β
1882 1736 2024 1804 quod
2056 1746 2233 1789 autem
2270 1752 2370 1789 non
2400 1738 2464 1791 de
2498 1753 2602 1790 uno
2642 1738 2891 1808 quolibet,
2925 1745 2977 1794 et
3007 1740 3103 1794 hoc
3132 1751 3328 1796 certum
3355 1752 3456 1797 est.

199 1832 315 1876 tem
372 1821 439 1900 de
473 1822 581 1876 Deo
629 1821 809 1875 Verbo
856 1838 927 1876 ε(
972 1821 1112 1892 Ergo
1160 1822 1285 1889 quia
1348 1820 1443 1875 filii
1490 1821 1784 1891 participes
1887 1823 1953 1879 Ut
2000 1837 2173 1879 autem
2223 1828 2400 1880 omnia
2457 1829 2964 1895 praetermittamus,
3019 1832 3157 1900 quod
3218 1832 3463 1886 omnibus

202 1921 333 1968 sunt
363 1888 648 1982 sanguinis
675 1920 731 1967 et
762 1913 968 1976 carnis,
995 1888 1070 1966 etv
1090 1888 1206 1981 ipse
1229 1888 1783 1982 sirniliterparticeps
1883 1913 2186 1969 credibilius
2215 1926 2312 1983 est,
2346 1916 2692 1984 apostolicum
2730 1919 3085 1976 testimonium
3110 1924 3458 1992 excipiamus.

201 2004 386 2058 factus
416 2012 500 2059 est
542 2006 858 2059 eorumdem
892 2006 980 2070 ιτς
1020 2023 1040 2055 ι
1078 2014 1135 2059 et
1178 2005 1259 2059 sic
1303 2006 1519 2074 sapiens
1544 2005 1783 2061 Joannes
1883 2001 2076 2057 Scribit
2132 2006 2296 2073 igitur
2350 2006 2637 2075 Apostolus
2684 2009 2755 2061 ad
2801 2006 3071 2076 Ilebrmos,
3123 2028 3347 2068 narrans
3397 2016 3461 2067 de

199 2097 398 2150 scribit
431 2112 445 2149 :
485 2113 504 2148 t
545 2097 608 2151 Et
639 2097 874 2152 Verbum
917 2112 1045 2154 caro
1069 2098 1269 2151 factum
1299 2106 1404 2161 est,
1433 2107 1488 2153 et
1515 2097 1785 2152 habitavit
1884 2092 2115 2157 Christo,
2148 2111 2538 2167 personamque
2567 2114 2717 2151 suam
2751 2115 2854 2152 non
2899 2102 3270 2168 acceptabilem
3318 2105 3461 2170 apud

199 2191 251 2243 in
285 2188 445 2244 nobis
475 2190 558 2255 ¹⁸;
588 2208 608 2242 ε
644 2205 805 2258 surge
828 2201 1015 2243 contra
1052 2203 1148 2242 eos
1179 2188 1424 2242 clamans
1451 2205 1465 2241 :
1513 2188 1639 2242 Non
1684 2203 1779 2256 pro
1881 2200 1968 2238 eos
2002 2185 2341 2252 conﬁrmans,
2368 2187 2444 2239 ita
2472 2187 2636 2251 dicit;
2665 2188 2981 2256 testiﬁcatus
3010 2200 3084 2244 est
3110 2208 3230 2247 vero
3253 2193 3454 2247 alicubi

195 2281 378 2334 debila
421 2282 720 2348 gratiarum
763 2282 973 2334 actione
1010 2296 1043 2332 a
1087 2279 1236 2332 nobis
1282 2278 1588 2347 injurielur,
1638 2277 1781 2333 Deus
1881 2278 2098 2347 quidam
2131 2274 2351 2329 dicens:
2387 2296 2406 2327 ‹
2443 2277 2581 2344 Quid
2629 2287 2713 2333 est
2762 2279 2924 2334 homo
2953 2282 3093 2349 quod
3137 2297 3347 2339 memor
3398 2300 3460 2342 es

209 2372 439 2427 Verbum
463 2390 566 2427 non
590 2373 767 2442 factus
801 2382 874 2427 est
907 2388 1051 2437 caro,
1079 2371 1217 2424 Deus
1263 2369 1486 2425 Verbum
1519 2387 1622 2424 non
1651 2386 1783 2439 ρατι-
1881 2366 2017 2435 ejus,
2081 2375 2175 2421 aut
2213 2367 2355 2423 ﬁlius
2386 2369 2643 2433 hominis,
2688 2372 2830 2440 quod
2876 2372 3066 2428 visitas
3095 2374 3263 2428 eum?
3294 2375 3462 2432 Mino-

194 2464 362 2531 ticeps
410 2464 507 2531 fuit
555 2479 670 2516 vere
710 2462 981 2532 sanguinis
1019 2472 1067 2514 et
1105 2461 1324 2515 carnis:
1355 2460 1600 2514 similiter
1631 2460 1781 2513 nobis
1882 2460 2010 2513 rasti
2040 2472 2161 2513 eum
2193 2459 2352 2543 paulo
2382 2461 2563 2515 minus
2594 2461 2663 2515 ab
2697 2462 2937 2532 angelis,
2973 2465 3139 2534 gloria
3167 2477 3220 2521 et
3252 2468 3460 2525 honore

194 2570 304 2607 non
334 2562 491 2609 natus
519 2566 593 2608 est
616 2556 902 2609 secundum
940 2570 1148 2607 carnem
1181 2568 1246 2606 ex
1270 2551 1508 2615 muliere,
1550 2567 1654 2605 non
1686 2568 1782 2619 ap-
1880 2551 2153 2605 coronasli
2185 2566 2335 2614 enm,
2363 2560 2416 2605 et
2438 2552 2772 2608 constituisti
2799 2569 2922 2607 eum
2959 2571 3121 2626 supra
3159 2573 3323 2628 opera
3350 2575 3460 2614 tna-

191 2645 426 2714 pellatus
447 2654 522 2699 est
550 2646 694 2713 [ilius
734 2645 926 2699 David.
955 2643 1070 2698 lloc
1104 2645 1262 2709 enim,
1294 2644 1432 2714 quod
1462 2651 1510 2697 et
1536 2642 1780 2696 nomiaa-
1880 2658 2045 2696 unum
2111 2655 2324 2696 tuarum
2363 2659 2376 2696 :
2440 2644 2624 2697 omnia
2697 2644 2976 2713 subjecisti
3046 2649 3148 2703 sub
3227 2651 3457 2719 pedibus

191 2737 238 2789 ri
279 2752 403 2790 eum
469 2736 725 2805 injurium
774 2748 868 2798 εει,
914 2746 960 2790 ει
997 2752 1099 2789 non
1127 2734 1415 2788 secundum
1463 2734 1779 2788 uoluntatem
1880 2734 1994 2800 ejus
2025 2733 2068 2765 ³¹
2096 2750 2111 2798 ;
2143 2753 2160 2785 ι
2189 2744 2237 2787 ει
2266 2750 2383 2787 cum
2413 2736 2771 2789 testimonium
2805 2738 3053 2803 dixisset,
3105 2740 3457 2810 interpretans

191 2825 387 2896 ipsius,
425 2828 685 2895 quomodo
720 2828 833 2895 pati
865 2826 1159 2881 voluisset?
1188 2828 1292 2882 Sed
1326 2841 1447 2894 nos,
1478 2840 1510 2880 ο
1540 2827 1775 2895 sapiens,
1878 2824 2048 2892 ipsum
2095 2825 2274 2879 intulit
2313 2842 2331 2880 :
2371 2844 2389 2877 ι
2425 2825 2778 2895 Suhjiciendo
2829 2838 3009 2885 autem
3062 2832 3268 2898 omnia,
3319 2834 3458 2888 nihil

193 2920 508 2989 gloriﬁcare
541 2918 926 2974 consuevimus
959 2921 1125 2973 Deum
1149 2928 1203 2973 et
1228 2918 1466 2983 Patrem,
1498 2919 1621 2987 quia
1651 2933 1776 2971 cor—
1878 2913 2086 2969 dimisit
2109 2930 2214 2969 non
2251 2916 2572 2984 subjectum.
2624 2917 2782 2973 Modo
2826 2929 3007 2974 autem
3037 2924 3272 2977 nondum
3311 2925 3459 2980 vide-

192 3025 296 3078 Dus
329 3008 624 3079 perfecerit
660 3008 837 3065 Filio:
872 3020 928 3063 et
960 3012 1131 3079 ipsum
1157 3024 1286 3066 vero
1317 3010 1545 3063 dicimus
1578 3008 1771 3063 Filium
1801 3042 1844 3100 ϐ
1880 3018 2000 3057 ntus
2022 3008 2203 3057 omnia
2240 3005 2287 3058 ei
2329 3005 2572 3074 subjecta
2610 3006 2678 3060 ³².
2724 3025 2743 3057 ι
2797 3005 2865 3060 Ει
2893 3009 3005 3078 quis
3033 3010 3188 3064 homo
3223 3021 3318 3075 est,
3359 3014 3456 3067 do-

190 3100 401 3154 factum
446 3114 701 3162 carnem,
748 3100 799 3155 id
838 3109 922 3154 est
967 3100 1259 3166 hominem,
1298 3114 1514 3168 passum
1555 3099 1773 3168 quidem
1813 3097 1843 3100 "
1880 3109 1999 3148 cens
2030 3111 2145 3159 nos,
2182 3097 2429 3165 quoniam
2463 3097 2681 3175 dubium
2716 3107 2831 3152 erat
2872 3116 2905 3154 a
2950 3117 3070 3155 voce
3109 3104 3287 3172 posita
3312 3105 3457 3172 apud

190 3202 324 3243 esse
352 3200 573 3257 propter
608 3204 707 3243 nos
736 3190 1188 3255 exinanitionem,
1225 3198 1281 3243 ει
1311 3199 1512 3244 ηοειτω
1542 3205 1775 3259 pauper...
1879 3183 2085 3237 beatum
2136 3186 2331 3251 David,
2380 3189 2559 3241 intulit
2603 3206 2622 3242 .'
2657 3208 2676 3241 ι
2722 3191 2890 3246 Paulo
2936 3202 3115 3249 autem
3165 3196 3347 3250 minus
3387 3199 3457 3250 ah

191 3279 331 3333 tatis
361 3279 570 3334 subisse
605 3280 991 3345 humilitatem,
1027 3281 1399 3349 permansisse
1431 3295 1560 3334 vero
1605 3290 1660 3334 et
1695 3281 1775 3335 sic
1877 3274 2087 3342 angelis
2126 3275 2454 3331 minoralum
2494 3279 2741 3334 videmus
2784 3279 2992 3346 Jesum.
3048 3295 3271 3354 propter
3329 3302 3456 3356 pas-

188 3371 395 3433 Deum,
435 3381 496 3424 uel,
535 3370 730 3425 Filium
766 3386 954 3423 verum
995 3372 1088 3425 Dei
1130 3380 1185 3425 et,
1237 3371 1439 3426 Patris.
1493 3373 1774 3438 Quomodo
1877 3365 2085 3420 sionem
2138 3370 2330 3423 mortis
2383 3370 2553 3440 gloria
2608 3382 2664 3427 et
2717 3373 2928 3431 honore
2970 3387 3290 3432 coronatum
3326 3380 3393 3435 ³⁸.
3428 3399 3449 3434 ι

191 3463 367 3533 igitur
399 3477 503 3517 non
551 3463 717 3517 voluit
757 3463 928 3517 Filius
962 3464 1232 3517 nominari
1270 3463 1462 3529 David,
1496 3465 1541 3519 si
1578 3466 1772 3520 huma-
1877 3455 1938 3511 Si
1983 3459 2148 3527 igitur
2177 3475 2244 3513 ex
2281 3461 2585 3533 Evangeliis
2632 3468 2843 3536 quidem
2896 3471 3193 3535 erudimur.
3239 3472 3309 3525 ad
3341 3471 3454 3527 Ποία

190 3564 359 3609 "alus
389 3564 490 3620 εει,
524 3563 577 3609 ει
606 3555 708 3609 hoc
734 3570 840 3609 ηοη
874 3555 1123 3609 inuitus?
1874 3547 2076 3601 minum
2109 3549 2307 3603 dixisse
2340 3550 2548 3605 beatum
2587 3554 2760 3609 David
2798 3559 2973 3611 omnia
3012 3575 3132 3627 quoe
3160 3570 3279 3614 sunt
3310 3564 3456 3632 psal-

188 3667 250 3723 6.
278 3667 363 3722 Ea:
392 3669 571 3747 primo
600 3668 982 3747 (ibrohsanctte
1034 3672 1302 3747 memoria;
1349 3668 1560 3747 Cyrilli,
1608 3671 1672 3726 de
1711 3687 1767 3727 eo

1874 3643 1971 3704 nti,
2016 3647 2064 3692 et
2101 3648 2313 3704 ca'tera,
2365 3651 2416 3694 et
2460 3643 2607 3710 quod
2647 3659 2861 3701 memor
2901 3661 2983 3711 es,
3036 3659 3085 3702 et
3140 3651 3354 3716 visitas,
3403 3664 3453 3707 et

264 3739 401 3808 quod
438 3754 573 3791 unus
608 3750 680 3791 est
707 3737 967 3806 Christus,
1012 3750 1191 3793 contra
1231 3735 1577 3795 Theodorum.

1876 3735 2184 3797 tninorasti,
2239 3742 2286 3787 et
2338 3735 2643 3803 ,subjecisti,
2707 3752 2772 3790 ea:
2821 3738 3073 3805 Apostolo
3114 3757 3232 3794 vero
3261 3741 3449 3798 Iesum

1875 3840 1984 3879 esse
2008 3825 2281 3892 discimus,
2315 3827 2378 3879 de
2409 3843 2511 3895 quo
2541 3826 2755 3895 loquens
2784 3828 2955 3884 David
2982 3831 3130 3896 dicit,
3160 3835 3301 3903 quod
3335 3838 3452 3905 ejus

1873 3932 2075 3968 memor
2125 3926 2217 3981 est,
2261 3927 2308 3970 et
2348 3918 2489 3984 quod
2519 3934 2639 3972 eum
2668 3919 2916 3987 uisitauit,
2964 3923 3055 3975 sed
3099 3925 3256 3978 etiam
3305 3930 3446 3996 quod

1878 4003 2055 4057 omnia
2087 4004 2305 4074 subjecit
2345 4008 2411 4073 ei,
2452 4022 2571 4059 cum
2612 4008 2772 4077 paulo
2815 4009 2989 4062 minus
3020 4011 3084 4063 ab
3115 4014 3318 4082 angelis
3348 4019 3451 4071 mi-

1876 4106 2112 4149 norasset
2172 4113 2310 4163 eum,
2362 4109 2558 4152 cessate
2599 4098 2677 4153 vel
2740 4099 2828 4154 vix
2872 4101 3159 4172 aliquando
3200 4123 3233 4158 a
3278 4119 3450 4163 vestra

1873 4184 2221 4253 impudentia,
2262 4199 2629 4256 cognoscentes
2664 4190 2804 4259 quod
2826 4198 3045 4261 oportet.
3088 4191 3285 4248 Videtis
3305 4199 3463 4266 enim,

1873 4276 2142 4331 hominum
2179 4279 2594 4347 sceleratissimi,
2625 4292 2824 4352 quanta
2852 4292 3165 4339 naturarum
3190 4297 3265 4341 est
3296 4290 3449 4360 αἰθε-

1802 4389 1848 4445 D
1875 4367 2065 4431 rentia,
2096 4369 2237 4437 quod
2263 4369 2348 4422 Itic
2373 4371 2579 4436 quidem
2611 4372 2936 4441 stupefactus
2972 4386 3070 4439 est,
3103 4377 3227 4446 quia
3255 4388 3303 4433 ει
3337 4397 3448 4435 me-

1877 4474 1992 4511 mor
2024 4474 2135 4513 csse
2170 4460 2393 4515 hominis
2429 4463 2699 4531 dignatur,
2738 4474 2789 4517 et
2812 4465 3024 4520 visitare
3063 4485 3203 4537 eum,
3227 4483 3446 4528 ecetera-

1874 4565 2093 4619 rumque
2124 4553 2428 4619 participem
2470 4554 2664 4624 facere,
2710 4573 2932 4625 quorum
2975 4573 3093 4613 eum
3137 4564 3447 4631 participem

1870 4642 1992 4710 fecit
2022 4658 2040 4696 :
2082 4643 2171 4697 ille
2196 4660 2313 4699 vero
2344 4663 2371 4698 e
2397 4649 2666 4702 contraria
2707 4650 2955 4720 miratur,
2990 4654 3131 4718 quod
3174 4664 3447 4711 tantorum

1875 4732 2134 4801 particeps
2172 4751 2281 4788 esse
2318 4752 2478 4804 supra
2522 4755 2673 4792 suam
2711 4753 2956 4796 naturant
2997 4747 3190 4799 meruit
3229 4762 3251 4802 :
3279 4756 3330 4803 et
3362 4749 3447 4804 hic

1875 4825 2085 4891 quidem
2145 4835 2392 4898 tanquant
2452 4829 2760 4899 beneﬁcium
2800 4835 2933 4890 dans
2982 4839 3336 4907 miri/icatur,
3394 4850 3446 4897 et

1872 4932 2065 4985 magna
2103 4929 2386 4987 prazstans,
2432 4931 2480 4975 et
2523 4939 2683 4991 supra
2708 4939 2961 4982 naturam
2997 4930 3112 4998 ejus
3137 4933 3228 4994 qui
3256 4950 3446 4987 conse-

1869 5008 2054 5076 quitur
2106 5011 2413 5080 beneﬁcium
2460 5027 2480 5065 :
2530 5015 2620 5070 ille
2660 5033 2780 5072 vero
2829 5029 3080 5090 tanquam
3135 5023 3443 5092 bene/icium

1872 5113 2208 5168 consequens,
2258 5112 2306 5156 et
2352 5104 2587 5174 majora,
2634 5123 2792 5176 quam
2819 5118 2916 5175 est,
2953 5111 3018 5164 ab
3047 5125 3107 5163 eo
3127 5111 3439 5179 suscipiens.

2507 1048 2858 1104 msceonus.‘

266 3852 404 3907 Sunt
441 3854 582 3907 enim
604 3892 619 3919 ,
662 3863 787 3908 sunt
820 3856 910 3923 qui
948 3854 1365 3926 Redemptorem
1399 3869 1454 3914 et
1484 3859 1769 3914 Dominum

186 3961 353 4001 suum
392 3959 611 4017 negant,
662 3956 715 4002 et
748 3947 942 4002 Filium
982 3949 1204 4019 quidem
1236 3967 1424 4006 verum
1452 3952 1544 4007 Dei
1590 3951 1770 4009 Patris

187 4052 300 4092 non
324 4038 508 4092 dicunt
542 4054 663 4092 eum
694 4054 835 4105 esse,
871 4040 962 4108 qui
1000 4042 1050 4094 in
1086 4041 1295 4096 ultimis
1352 4043 1534 4097 saeculi
1562 4052 1772 4113 tempo-

188 4130 347 4185 ribus
397 4146 461 4184 ex
510 4130 740 4185 muliere
801 4134 1095 4186 secundum
1146 4148 1369 4187 carnem
1427 4136 1767 4191 nativitatem

187 4229 417 4289 propter
465 4236 564 4275 nos
619 4221 915 4286 sustinuit,
989 4223 1305 4290 apparuisse
1353 4233 1533 4279 autem
1594 4227 1768 4297 magis

186 4311 311 4365 orbi
369 4321 636 4364 terrarum
694 4312 861 4365 Deum
910 4322 1179 4366 recentem
1213 4324 1267 4368 et
1291 4327 1590 4387 posterum,
1626 4319 1769 4373 ﬁlia-

188 4403 358 4456 tionis
416 4401 644 4471 gloriam
705 4403 1046 4457 extrinsecus
1097 4406 1422 4471 acquisitam
1480 4409 1768 4466 habentem

186 4493 335 4547 sicut
376 4499 431 4545 et
472 4507 592 4559 nos,
638 4502 692 4546 et
734 4494 887 4557 quasi
927 4495 1246 4561 quibusdam
1291 4498 1611 4553 adulterinis
1632 4501 1766 4572 'glo-

185 4585 423 4637 rianlem
470 4584 793 4649 honoribus,
850 4593 907 4638 ut
943 4583 1055 4652 jam
1091 4588 1516 4657 anthropolatria
1545 4599 1599 4645 et
1632 4592 1765 4646 nihil

185 4676 334 4728 aliud
378 4685 544 4739 esset,
589 4684 643 4730 et
693 4676 951 4729 adoretur
996 4676 1158 4731 homo
1197 4677 1393 4746 aliquis
1419 4695 1543 4734 cum
1570 4693 1759 4737 sancta

186 4768 455 4823 Trinitate
475 4776 586 4822 tam
617 4783 646 4821 a
680 4768 856 4829 nobis,
886 4783 1050 4837 quam
1075 4783 1102 4821 a
1128 4772 1334 4825 sanctis
1369 4772 1612 4842 angelis:
1649 4774 1768 4829 haec

185 4861 412 4928 quidam
454 4860 613 4913 valde
642 4860 883 4928 superbi,
917 4868 972 4913 ct
1001 4874 1196 4928 magna
1248 4862 1521 4930 sapientes
1547 4864 1597 4917 in
1622 4864 1763 4919 divi-

185 4964 383 5003 narum
432 4946 839 5018 Scripturarum
885 4951 1145 5018 scientia,
1192 4953 1308 5007 suis
1356 4955 1573 5024 scriptis
1611 4956 1760 5012 inse-

188 5046 417 5091 ruerunt
443 5055 456 5092 :
490 5048 545 5093 et
574 5039 716 5093 sicut
747 5040 880 5093 dicit
919 5040 1161 5093 omnium
1191 5039 1450 5096 Dominus
1479 5058 1576 5113 per
1592 5061 1759 5100 unum

186 5140 505 5185 sanctorum
548 5132 953 5199 prophetarum,
996 5149 1014 5180 t
1059 5131 1305 5199 laqueum
1333 5134 1524 5213 statuit
1553 5134 1619 5188 ad
1644 5151 1765 5191 cor-

186 5220 519 5287 rumpendos
545 5221 790 5274 homines
820 5220 920 5273 ".s
964 5218 1100 5284 Quid
1119 5224 1262 5274 enim
1297 5222 1440 5276 aliud
1474 5224 1567 5287 sit,
1600 5239 1762 5296 quam
2520 5231 2795 5273 CYRll-LUS.

188 5310 420 5378 laqueus
464 5319 522 5366 et
560 5311 897 5375 scandalum,
944 5312 1127 5381 lingua
1171 5313 1674 5385 loquens-distorta,
1710 5329 1767 5373 et
1946 5321 2123 5378 Sobrii
2173 5334 2349 5382 estote
2389 5326 2434 5358 "'
2481 5329 2620 5383 ebrii
2661 5345 2727 5385 ex
2758 5332 2888 5386 vino
2917 5346 3128 5400 eorum,
3175 5333 3444 5393 declamet

190 5416 367 5457 sacris
414 5400 641 5457 Litteris
696 5402 1071 5470 abhorrentia,
1124 5414 1180 5458 ct
1227 5406 1505 5462 traditioni
1541 5418 1762 5464 sancto-
1873 5413 2070 5483 aliquis
2100 5414 2179 5470 sic
2208 5418 2518 5474 errantibus
2546 5440 2557 5474 :
2583 5439 2600 5470 ι
2626 5420 2867 5491 lmpone,
2899 5423 3080 5489 homo,
3117 5433 3220 5480 tuae
3247 5423 3441 5496 linguae

263 5575 696 5675 :l3sal..xxxutx,
726 5580 844 5675 Ἐἰ-ρ.
871 5580 1049 5675 lliellir0
1066 5599 1154 5675 1ςῦ
1184 5583 1300 5675 (ξ-θ.
1377 5586 1699 5675 illl‘ebrztn.

1884 5592 2102 5675 "toan.
2128 5609 2175 5675 ἰ,
2204 5593 2292 5675 μ.
2335 5666 2370 5675 ῃ
2404 5596 2616 5675 f9_Psal.
2649 5613 2757 5675 Lvr,
2783 5598 2846 5669 7;
2883 5617 3066 5667 cxux,
3096 5600 3167 5675 6:;
3198 5601 3422 5669 (καλή.

194 5647 239 5680 ³⁸
266 5646 412 5704 Psal.
455 5661 569 5714 vnt,
597 5649 652 5704 6.
726 5649 764 5681 ³¹
791 5650 921 5707 ibid.
959 5653 1082 5721 6-8;
1111 5653 1277 5711 Hebr.
1308 5672 1366 5725 ιι,
1404 5656 1519 5714 6-8.
1598 5658 1642 5691 ³³
1666 5646 1767 5716 ibid

1873 5701 1882 5714 .
1961 5663 2006 5695 δ’
2030 5646 2175 5720 ibid:
2201 5646 2270 5721 9.‘
2312 5666 2420 5743 et
2450 5646 2765 5734 ueniae:
